{"id": "battle-gen9randombattle-1186", "formatid": "gen9randombattle", "format": "[Gen 9] Random Battle", "players": ["p0x11863941", "p0y1186c8ce"], "log": "|init|battle\n|title|p0x11863941 vs. p0y1186c8ce\n|j|\u2606p0x11863941\n|j|\u2606p0y1186c8ce\n|t:|1783553735\n|gametype|singles\n|player|p1|p0x11863941|2|\n|player|p2|p0y1186c8ce|2|\n|gen|9\n|tier|[Gen 9] Random Battle\n|rule|Species Clause: Limit one of each Pok\u00e9mon\n|rule|HP Percentage Mod: HP is shown in percentages\n|rule|Sleep Clause Mod: Limit one foe put to sleep\n|rule|Illusion Level Mod: Illusion disguises the Pok\u00e9mon's true level\n|\n|t:|1783553735\n|teamsize|p1|6\n|teamsize|p2|6\n|start\n|switch|p1a: Flutter Mane|Flutter Mane, L74|100/100\n|switch|p2a: Houndstone|Houndstone, L86, F|264/264\n|turn|1\n|inactive|Battle timer is ON: inactive players will automatically lose when time's up. (requested by p0y1186c8ce)\n|inactive|p0x11863941 also wants the timer to be on.\n|\n|t:|1783553736\n|-end|p1a: Flutter Mane|Protosynthesis|[silent]\n|switch|p1a: Luxray|Luxray, L88, F|100/100\n|move|p2a: Houndstone|Poltergeist|p1a: Luxray\n|-activate|p1a: Luxray|move: Poltergeist|Flame Orb\n|-damage|p1a: Luxray|52/100\n|\n|-status|p1a: Luxray|brn|[from] item: Flame Orb\n|upkeep\n|turn|2\n|inactive|Time left: 300 sec this turn | 300 sec total\n|\n|t:|1783553737\n|switch|p1a: Oinkologne|Oinkologne-F, L92, F|100/100\n|move|p2a: Houndstone|Poltergeist|p1a: Oinkologne\n|-immune|p1a: Oinkologne\n|\n|upkeep\n|turn|3\n|inactive|Time left: 300 sec this turn | 300 sec total\n|\n|t:|1783553738\n|move|p1a: Oinkologne|Curse|p1a: Oinkologne\n|-unboost|p1a: Oinkologne|spe|1\n|-boost|p1a: Oinkologne|atk|1\n|-boost|p1a: Oinkologne|def|1\n|move|p2a: Houndstone|Poltergeist|p1a: Oinkologne\n|-immune|p1a: Oinkologne\n|\n|upkeep\n|turn|4\n|inactive|Time left: 300 sec this turn | 300 sec total\n|\n|t:|1783553739\n|move|p2a: Houndstone|Poltergeist|p1a: Oinkologne\n|-immune|p1a: Oinkologne\n|move|p1a: Oinkologne|Body Slam|p2a: Houndstone\n|-immune|p2a: Houndstone\n|\n|upkeep\n|turn|5\n|inactive|Time left: 300 sec this turn | 300 sec total\n|\n|t:|1783553740\n|switch|p2a: Pecharunt|Pecharunt, L77|262/262\n|move|p1a: Oinkologne|Body Slam|p2a: Pecharunt\n|-immune|p2a: Pecharunt\n|\n|upkeep\n|turn|6\n|inactive|Time left: 300 sec this turn | 300 sec total\n|\n|t:|1783553741\n|move|p2a: Pecharunt|Nasty Plot|p2a: Pecharunt\n|-boost|p2a: Pecharunt|spa|2\n|move|p1a: Oinkologne|Body Slam|p2a: Pecharunt\n|-immune|p2a: Pecharunt\n|\n|upkeep\n|turn|7\n|inactive|Time left: 300 sec this turn | 300 sec total\n|\n|t:|1783553743\n|move|p2a: Pecharunt|Malignant Chain|p1a: Oinkologne\n|-damage|p1a: Oinkologne|57/100\n|-status|p1a: Oinkologne|tox\n|-start|p1a: Oinkologne|confusion|[from] ability: Poison Puppeteer|[of] p2a: Pecharunt\n|-activate|p1a: Oinkologne|confusion\n|move|p1a: Oinkologne|Body Slam|p2a: Pecharunt\n|-immune|p2a: Pecharunt\n|\n|-heal|p1a: Oinkologne|63/100 tox|[from] item: Leftovers\n|-damage|p1a: Oinkologne|57/100 tox|[from] psn\n|upkeep\n|turn|8\n|inactive|Time left: 300 sec this turn | 300 sec total\n|\n|t:|1783553744\n|move|p2a: Pecharunt|Malignant Chain|p1a: Oinkologne\n|-damage|p1a: Oinkologne|18/100 tox\n|-activate|p1a: Oinkologne|confusion\n|move|p1a: Oinkologne|Rest|p1a: Oinkologne\n|-status|p1a: Oinkologne|slp|[from] move: Rest\n|-heal|p1a: Oinkologne|100/100 slp|[silent]\n|\n|upkeep\n|turn|9\n|inactive|Time left: 300 sec this turn | 300 sec total\n|\n|t:|1783553745\n|switch|p1a: Ampharos|Ampharos, L88, F|100/100\n|move|p2a: Pecharunt|Malignant Chain|p1a: Ampharos\n|-damage|p1a: Ampharos|53/100\n|\n|upkeep\n|turn|10\n|inactive|Time left: 300 sec this turn | 300 sec total\n|\n|t:|1783553745\n|move|p2a: Pecharunt|Malignant Chain|p1a: Ampharos\n|-damage|p1a: Ampharos|4/100\n|move|p1a: Ampharos|Thunderbolt|p2a: Pecharunt\n|-damage|p2a: Pecharunt|85/262\n|-damage|p1a: Ampharos|0 fnt|[from] item: Life Orb\n|faint|p1a: Ampharos\n|\n|-heal|p2a: Pecharunt|101/262|[from] item: Leftovers\n|upkeep\n|\n|t:|1783553746\n|switch|p1a: Floatzel|Floatzel, L86, F|100/100\n|turn|11\n|inactive|Time left: 300 sec this turn | 300 sec total\n|\n|t:|1783553747\n|move|p1a: Floatzel|Wave Crash|p2a: Pecharunt\n|-damage|p2a: Pecharunt|0 fnt\n|faint|p2a: Pecharunt\n|-damage|p1a: Floatzel|89/100|[from] Recoil\n|\n|upkeep\n|inactive|Time left: 300 sec this turn | 300 sec total | 5 sec grace\n|\n|t:|1783553748\n|switch|p2a: Regidrago|Regidrago, L77|435/435\n|turn|12\n|inactive|Time left: 300 sec this turn | 300 sec total\n|\n|t:|1783553749\n|switch|p1a: Flutter Mane|Flutter Mane, L74|100/100\n|move|p2a: Regidrago|Dragon Dance|p2a: Regidrago\n|-boost|p2a: Regidrago|atk|1\n|-boost|p2a: Regidrago|spe|1\n|\n|upkeep\n|turn|13\n|inactive|Time left: 300 sec this turn | 300 sec total\n|\n|t:|1783553749\n|-terastallize|p2a: Regidrago|Steel\n|move|p2a: Regidrago|Tera Blast|p1a: Flutter Mane|[anim] Tera Blast Steel\n|-supereffective|p1a: Flutter Mane\n|-damage|p1a: Flutter Mane|0 fnt\n|faint|p1a: Flutter Mane\n|-end|p1a: Flutter Mane|Protosynthesis|[silent]\n|-damage|p2a: Regidrago|392/435|[from] item: Life Orb\n|\n|upkeep\n|\n|t:|1783553750\n|switch|p1a: Heracross|Heracross, L80, M|100/100\n|turn|14\n|inactive|Time left: 300 sec this turn | 300 sec total\n|\n|t:|1783553751\n|move|p2a: Regidrago|Dragon Claw|p1a: Heracross\n|-damage|p1a: Heracross|12/100\n|-damage|p2a: Regidrago|349/435|[from] item: Life Orb\n|move|p1a: Heracross|Close Combat|p2a: Regidrago\n|-supereffective|p2a: Regidrago\n|-damage|p2a: Regidrago|0 fnt\n|-unboost|p1a: Heracross|def|1\n|-unboost|p1a: Heracross|spd|1\n|faint|p2a: Regidrago\n|-ability|p1a: Heracross|Moxie|boost\n|-boost|p1a: Heracross|atk|1\n|\n|upkeep\n|inactive|Time left: 300 sec this turn | 300 sec total | 5 sec grace\n|\n|t:|1783553752\n|switch|p2a: Ninetales|Ninetales, L85, M|263/263\n|-weather|SunnyDay|[from] ability: Drought|[of] p2a: Ninetales\n|turn|15\n|inactive|Time left: 300 sec this turn | 300 sec total\n|\n|t:|1783553753\n|move|p2a: Ninetales|Solar Beam||[still]\n|-prepare|p2a: Ninetales|Solar Beam\n|-anim|p2a: Ninetales|Solar Beam|p1a: Heracross\n|-resisted|p1a: Heracross\n|-damage|p1a: Heracross|0 fnt\n|faint|p1a: Heracross\n|\n|-weather|SunnyDay|[upkeep]\n|upkeep\n|\n|t:|1783553754\n|switch|p1a: Floatzel|Floatzel, L86, F|89/100\n|turn|16\n|inactive|Time left: 300 sec this turn | 300 sec total\n|\n|t:|1783553755\n|-terastallize|p1a: Floatzel|Water\n|move|p1a: Floatzel|Wave Crash|p2a: Ninetales\n|-supereffective|p2a: Ninetales\n|-damage|p2a: Ninetales|0 fnt\n|faint|p2a: Ninetales\n|-damage|p1a: Floatzel|59/100|[from] Recoil\n|\n|-weather|SunnyDay|[upkeep]\n|upkeep\n|inactive|Time left: 300 sec this turn | 300 sec total | 5 sec grace\n|\n|t:|1783553756\n|switch|p2a: Bisharp|Bisharp, L79, M|232/232\n|turn|17\n|inactive|Time left: 300 sec this turn | 300 sec total\n|\n|t:|1783553757\n|move|p1a: Floatzel|Wave Crash|p2a: Bisharp\n|-damage|p2a: Bisharp|142/232\n|-damage|p1a: Floatzel|48/100|[from] Recoil\n|move|p2a: Bisharp|Throat Chop|p1a: Floatzel\n|-damage|p1a: Floatzel|4/100\n|-start|p1a: Floatzel|Throat Chop|[silent]\n|\n|-weather|SunnyDay|[upkeep]\n|upkeep\n|turn|18\n|inactive|Time left: 300 sec this turn | 300 sec total\n|\n|t:|1783553758\n|move|p1a: Floatzel|Wave Crash|p2a: Bisharp\n|-damage|p2a: Bisharp|48/232\n|-damage|p1a: Floatzel|0 fnt|[from] Recoil\n|faint|p1a: Floatzel\n|move|p2a: Bisharp|Stealth Rock|p1: Floatzel\n|-sidestart|p1: p0x11863941|move: Stealth Rock\n|\n|-weather|SunnyDay|[upkeep]\n|upkeep\n|\n|t:|1783553759\n|switch|p1a: Oinkologne|Oinkologne-F, L92, F|100/100 slp\n|-damage|p1a: Oinkologne|88/100 slp|[from] Stealth Rock\n|turn|19\n|inactive|Time left: 300 sec this turn | 300 sec total\n|\n|t:|1783553760\n|cant|p1a: Oinkologne|slp\n|move|p1a: Oinkologne|Sleep Talk|p1a: Oinkologne\n|move|p1a: Oinkologne|Rest||[from] move: Sleep Talk|[still]\n|-fail|p1a: Oinkologne\n|move|p2a: Bisharp|Throat Chop|p1a: Oinkologne\n|-damage|p1a: Oinkologne|61/100 slp\n|-start|p1a: Oinkologne|Throat Chop|[silent]\n|\n|-weather|none\n|-heal|p1a: Oinkologne|67/100 slp|[from] item: Leftovers\n|upkeep\n|turn|20\n|inactive|Time left: 300 sec this turn | 300 sec total\n|\n|t:|1783553761\n|cant|p1a: Oinkologne|slp\n|move|p1a: Oinkologne|Sleep Talk|p1a: Oinkologne\n|move|p1a: Oinkologne|Curse|p1a: Oinkologne|[from] move: Sleep Talk\n|-unboost|p1a: Oinkologne|spe|1\n|-boost|p1a: Oinkologne|atk|1\n|-boost|p1a: Oinkologne|def|1\n|move|p2a: Bisharp|Throat Chop|p1a: Oinkologne\n|-damage|p1a: Oinkologne|48/100 slp\n|\n|-heal|p1a: Oinkologne|55/100 slp|[from] item: Leftovers\n|-end|p1a: Oinkologne|Throat Chop|[silent]\n|upkeep\n|turn|21\n|inactive|Time left: 300 sec this turn | 300 sec total\n|\n|t:|1783553762\n|switch|p2a: Houndstone|Houndstone, L86, F|264/264\n|-curestatus|p1a: Oinkologne|slp|[msg]\n|move|p1a: Oinkologne|Body Slam|p2a: Houndstone\n|-immune|p2a: Houndstone\n|\n|-heal|p1a: Oinkologne|61/100|[from] item: Leftovers\n|upkeep\n|turn|22\n|inactive|Time left: 300 sec this turn | 300 sec total\n|\n|t:|1783553763\n|move|p2a: Houndstone|Body Press|p1a: Oinkologne\n|-supereffective|p1a: Oinkologne\n|-damage|p1a: Oinkologne|37/100\n|move|p1a: Oinkologne|Curse|p1a: Oinkologne\n|-unboost|p1a: Oinkologne|spe|1\n|-boost|p1a: Oinkologne|atk|1\n|-boost|p1a: Oinkologne|def|1\n|\n|-heal|p1a: Oinkologne|43/100|[from] item: Leftovers\n|upkeep\n|turn|23\n|inactive|Time left: 300 sec this turn | 300 sec total\n|\n|t:|1783553764\n|move|p2a: Houndstone|Body Press|p1a: Oinkologne\n|-supereffective|p1a: Oinkologne\n|-damage|p1a: Oinkologne|25/100\n|move|p1a: Oinkologne|Rest|p1a: Oinkologne\n|-status|p1a: Oinkologne|slp|[from] move: Rest\n|-heal|p1a: Oinkologne|100/100 slp|[silent]\n|\n|upkeep\n|turn|24\n|inactive|Time left: 300 sec this turn | 300 sec total\n|\n|t:|1783553765\n|move|p2a: Houndstone|Body Press|p1a: Oinkologne\n|-supereffective|p1a: Oinkologne\n|-damage|p1a: Oinkologne|82/100 slp\n|cant|p1a: Oinkologne|slp\n|move|p1a: Oinkologne|Sleep Talk|p1a: Oinkologne\n|move|p1a: Oinkologne|Body Slam|p2a: Houndstone|[from] move: Sleep Talk\n|-immune|p2a: Houndstone\n|\n|-heal|p1a: Oinkologne|88/100 slp|[from] item: Leftovers\n|upkeep\n|turn|25\n|inactive|Time left: 300 sec this turn | 300 sec total\n|\n|t:|1783553766\n|move|p2a: Houndstone|Body Press|p1a: Oinkologne\n|-supereffective|p1a: Oinkologne\n|-damage|p1a: Oinkologne|68/100 slp\n|cant|p1a: Oinkologne|slp\n|move|p1a: Oinkologne|Sleep Talk|p1a: Oinkologne\n|move|p1a: Oinkologne|Rest||[from] move: Sleep Talk|[still]\n|-fail|p1a: Oinkologne\n|\n|-heal|p1a: Oinkologne|74/100 slp|[from] item: Leftovers\n|upkeep\n|turn|26\n|inactive|Time left: 300 sec this turn | 300 sec total\n|\n|t:|1783553767\n|move|p2a: Houndstone|Body Press|p1a: Oinkologne\n|-supereffective|p1a: Oinkologne\n|-damage|p1a: Oinkologne|56/100 slp\n|-curestatus|p1a: Oinkologne|slp|[msg]\n|move|p1a: Oinkologne|Curse|p1a: Oinkologne\n|-unboost|p1a: Oinkologne|spe|1\n|-boost|p1a: Oinkologne|atk|1\n|-boost|p1a: Oinkologne|def|1\n|\n|-heal|p1a: Oinkologne|62/100|[from] item: Leftovers\n|upkeep\n|turn|27\n|inactive|Time left: 300 sec this turn | 300 sec total\n|\n|t:|1783553768\n|move|p2a: Houndstone|Body Press|p1a: Oinkologne\n|-supereffective|p1a: Oinkologne\n|-damage|p1a: Oinkologne|46/100\n|move|p1a: Oinkologne|Body Slam|p2a: Houndstone\n|-immune|p2a: Houndstone\n|\n|-heal|p1a: Oinkologne|52/100|[from] item: Leftovers\n|upkeep\n|turn|28\n|inactive|Time left: 300 sec this turn | 300 sec total\n|\n|t:|1783553769\n|move|p2a: Houndstone|Body Press|p1a: Oinkologne\n|-supereffective|p1a: Oinkologne\n|-damage|p1a: Oinkologne|37/100\n|move|p1a: Oinkologne|Curse|p1a: Oinkologne\n|-unboost|p1a: Oinkologne|spe|1\n|-boost|p1a: Oinkologne|atk|1\n|-boost|p1a: Oinkologne|def|1\n|\n|-heal|p1a: Oinkologne|43/100|[from] item: Leftovers\n|upkeep\n|turn|29\n|inactive|Time left: 300 sec this turn | 300 sec total\n|\n|t:|1783553771\n|move|p2a: Houndstone|Body Press|p1a: Oinkologne\n|-supereffective|p1a: Oinkologne\n|-damage|p1a: Oinkologne|31/100\n|move|p1a: Oinkologne|Rest|p1a: Oinkologne\n|-status|p1a: Oinkologne|slp|[from] move: Rest\n|-heal|p1a: Oinkologne|100/100 slp|[silent]\n|\n|upkeep\n|turn|30\n|inactive|Time left: 300 sec this turn | 300 sec total\n|\n|t:|1783553772\n|move|p2a: Houndstone|Sleep Talk||[still]\n|-fail|p2a: Houndstone\n|cant|p1a: Oinkologne|slp\n|move|p1a: Oinkologne|Sleep Talk|p1a: Oinkologne\n|move|p1a: Oinkologne|Rest||[from] move: Sleep Talk|[still]\n|-fail|p1a: Oinkologne\n|\n|upkeep\n|turn|31\n|inactive|Time left: 300 sec this turn | 300 sec total\n|\n|t:|1783553773\n|move|p2a: Houndstone|Poltergeist|p1a: Oinkologne\n|-immune|p1a: Oinkologne\n|cant|p1a: Oinkologne|slp\n|move|p1a: Oinkologne|Sleep Talk|p1a: Oinkologne\n|move|p1a: Oinkologne|Rest||[from] move: Sleep Talk|[still]\n|-fail|p1a: Oinkologne\n|\n|upkeep\n|turn|32\n|inactive|Time left: 300 sec this turn | 300 sec total\n|\n|t:|1783553774\n|move|p2a: Houndstone|Poltergeist|p1a: Oinkologne\n|-immune|p1a: Oinkologne\n|-curestatus|p1a: Oinkologne|slp|[msg]\n|move|p1a: Oinkologne|Body Slam|p2a: Houndstone\n|-immune|p2a: Houndstone\n|\n|upkeep\n|turn|33\n|inactive|Time left: 300 sec this turn | 300 sec total\n|\n|t:|1783553775\n|move|p2a: Houndstone|Sleep Talk||[still]\n|-fail|p2a: Houndstone\n|move|p1a: Oinkologne|Body Slam|p2a: Houndstone\n|-immune|p2a: Houndstone\n|\n|upkeep\n|turn|34\n|inactive|Time left: 300 sec this turn | 300 sec total\n|\n|t:|1783553776\n|move|p2a: Houndstone|Body Press|p1a: Oinkologne\n|-supereffective|p1a: Oinkologne\n|-damage|p1a: Oinkologne|88/100\n|move|p1a: Oinkologne|Curse|p1a: Oinkologne\n|-unboost|p1a: Oinkologne|spe|1\n|-boost|p1a: Oinkologne|atk|1\n|-boost|p1a: Oinkologne|def|1\n|\n|-heal|p1a: Oinkologne|94/100|[from] item: Leftovers\n|upkeep\n|turn|35\n|inactive|Time left: 300 sec this turn | 300 sec total\n|\n|t:|1783553777\n|move|p2a: Houndstone|Body Press|p1a: Oinkologne\n|-supereffective|p1a: Oinkologne\n|-damage|p1a: Oinkologne|83/100\n|move|p1a: Oinkologne|Body Slam|p2a: Houndstone\n|-immune|p2a: Houndstone\n|\n|-heal|p1a: Oinkologne|89/100|[from] item: Leftovers\n|upkeep\n|turn|36\n|inactive|Time left: 300 sec this turn | 300 sec total\n|\n|t:|1783553778\n|move|p2a: Houndstone|Body Press|p1a: Oinkologne\n|-supereffective|p1a: Oinkologne\n|-damage|p1a: Oinkologne|78/100\n|move|p1a: Oinkologne|Body Slam|p2a: Houndstone\n|-immune|p2a: Houndstone\n|\n|-heal|p1a: Oinkologne|84/100|[from] item: Leftovers\n|upkeep\n|turn|37\n|inactive|Time left: 300 sec this turn | 300 sec total\n|\n|t:|1783553779\n|move|p2a: Houndstone|Body Press|p1a: Oinkologne\n|-supereffective|p1a: Oinkologne\n|-damage|p1a: Oinkologne|73/100\n|move|p1a: Oinkologne|Body Slam|p2a: Houndstone\n|-immune|p2a: Houndstone\n|\n|-heal|p1a: Oinkologne|79/100|[from] item: Leftovers\n|upkeep\n|turn|38\n|inactive|Time left: 300 sec this turn | 300 sec total\n|\n|t:|1783553780\n|move|p2a: Houndstone|Body Press|p1a: Oinkologne\n|-supereffective|p1a: Oinkologne\n|-damage|p1a: Oinkologne|68/100\n|move|p1a: Oinkologne|Body Slam|p2a: Houndstone\n|-immune|p2a: Houndstone\n|\n|-heal|p1a: Oinkologne|74/100|[from] item: Leftovers\n|upkeep\n|turn|39\n|inactive|Time left: 300 sec this turn | 300 sec total\n|\n|t:|1783553781\n|move|p2a: Houndstone|Body Press|p1a: Oinkologne\n|-supereffective|p1a: Oinkologne\n|-damage|p1a: Oinkologne|63/100\n|move|p1a: Oinkologne|Body Slam|p2a: Houndstone\n|-immune|p2a: Houndstone\n|\n|-heal|p1a: Oinkologne|69/100|[from] item: Leftovers\n|upkeep\n|turn|40\n|inactive|Time left: 300 sec this turn | 300 sec total\n|\n|t:|1783553781\n|move|p2a: Houndstone|Body Press|p1a: Oinkologne\n|-supereffective|p1a: Oinkologne\n|-damage|p1a: Oinkologne|58/100\n|move|p1a: Oinkologne|Body Slam|p2a: Houndstone\n|-immune|p2a: Houndstone\n|\n|-heal|p1a: Oinkologne|64/100|[from] item: Leftovers\n|upkeep\n|turn|41\n|inactive|Time left: 300 sec this turn | 300 sec total\n|\n|t:|1783553782\n|move|p2a: Houndstone|Poltergeist|p1a: Oinkologne\n|-immune|p1a: Oinkologne\n|move|p1a: Oinkologne|Body Slam|p2a: Houndstone\n|-immune|p2a: Houndstone\n|\n|-heal|p1a: Oinkologne|71/100|[from] item: Leftovers\n|upkeep\n|turn|42\n|inactive|Time left: 300 sec this turn | 300 sec total\n|\n|t:|1783553783\n|move|p2a: Houndstone|Body Press|p1a: Oinkologne\n|-supereffective|p1a: Oinkologne\n|-damage|p1a: Oinkologne|59/100\n|move|p1a: Oinkologne|Body Slam|p2a: Houndstone\n|-immune|p2a: Houndstone\n|\n|-heal|p1a: Oinkologne|65/100|[from] item: Leftovers\n|upkeep\n|turn|43\n|inactive|Time left: 300 sec this turn | 300 sec total\n|\n|t:|1783553784\n|move|p2a: Houndstone|Sleep Talk||[still]\n|-fail|p2a: Houndstone\n|move|p1a: Oinkologne|Body Slam|p2a: Houndstone\n|-immune|p2a: Houndstone\n|\n|-heal|p1a: Oinkologne|71/100|[from] item: Leftovers\n|upkeep\n|turn|44\n|inactive|Time left: 300 sec this turn | 300 sec total\n|\n|t:|1783553785\n|move|p2a: Houndstone|Sleep Talk||[still]\n|-fail|p2a: Houndstone\n|move|p1a: Oinkologne|Body Slam|p2a: Houndstone\n|-immune|p2a: Houndstone\n|\n|-heal|p1a: Oinkologne|77/100|[from] item: Leftovers\n|upkeep\n|turn|45\n|inactive|Time left: 300 sec this turn | 300 sec total\n|\n|t:|1783553786\n|move|p2a: Houndstone|Sleep Talk||[still]\n|-fail|p2a: Houndstone\n|move|p1a: Oinkologne|Body Slam|p2a: Houndstone\n|-immune|p2a: Houndstone\n|\n|-heal|p1a: Oinkologne|83/100|[from] item: Leftovers\n|upkeep\n|turn|46\n|inactive|Time left: 300 sec this turn | 300 sec total\n|\n|t:|1783553787\n|move|p2a: Houndstone|Sleep Talk||[still]\n|-fail|p2a: Houndstone\n|move|p1a: Oinkologne|Body Slam|p2a: Houndstone\n|-immune|p2a: Houndstone\n|\n|-heal|p1a: Oinkologne|89/100|[from] item: Leftovers\n|upkeep\n|turn|47\n|inactive|Time left: 300 sec this turn | 300 sec total\n|\n|t:|1783553788\n|move|p2a: Houndstone|Sleep Talk||[still]\n|-fail|p2a: Houndstone\n|move|p1a: Oinkologne|Body Slam|p2a: Houndstone\n|-immune|p2a: Houndstone\n|\n|-heal|p1a: Oinkologne|96/100|[from] item: Leftovers\n|upkeep\n|turn|48\n|inactive|Time left: 300 sec this turn | 300 sec total\n|\n|t:|1783553789\n|move|p2a: Houndstone|Sleep Talk||[still]\n|-fail|p2a: Houndstone\n|move|p1a: Oinkologne|Body Slam|p2a: Houndstone\n|-immune|p2a: Houndstone\n|\n|-heal|p1a: Oinkologne|100/100|[from] item: Leftovers\n|upkeep\n|turn|49\n|inactive|Time left: 300 sec this turn | 300 sec total\n|\n|t:|1783553790\n|move|p2a: Houndstone|Sleep Talk||[still]\n|-fail|p2a: Houndstone\n|move|p1a: Oinkologne|Body Slam|p2a: Houndstone\n|-immune|p2a: Houndstone\n|\n|upkeep\n|turn|50\n|inactive|Time left: 300 sec this turn | 300 sec total\n|\n|t:|1783553791\n|move|p2a: Houndstone|Sleep Talk||[still]\n|-fail|p2a: Houndstone\n|move|p1a: Oinkologne|Curse|p1a: Oinkologne\n|-unboost|p1a: Oinkologne|spe|1\n|-boost|p1a: Oinkologne|atk|1\n|-boost|p1a: Oinkologne|def|1\n|\n|upkeep\n|turn|51\n|inactive|Time left: 300 sec this turn | 300 sec total\n|\n|t:|1783553792\n|move|p2a: Houndstone|Sleep Talk||[still]\n|-fail|p2a: Houndstone\n|move|p1a: Oinkologne|Curse|p1a: Oinkologne\n|\n|upkeep\n|turn|52\n|inactive|Time left: 300 sec this turn | 300 sec total\n|\n|t:|1783553793\n|move|p2a: Houndstone|Sleep Talk||[still]\n|-fail|p2a: Houndstone\n|move|p1a: Oinkologne|Sleep Talk||[still]\n|-fail|p1a: Oinkologne\n|\n|upkeep\n|turn|53\n|inactive|Time left: 300 sec this turn | 300 sec total\n|\n|t:|1783553794\n|move|p2a: Houndstone|Sleep Talk||[still]\n|-fail|p2a: Houndstone\n|move|p1a: Oinkologne|Sleep Talk||[still]\n|-fail|p1a: Oinkologne\n|\n|upkeep\n|turn|54\n|inactive|Time left: 300 sec this turn | 300 sec total\n|\n|t:|1783553795\n|move|p2a: Houndstone|Sleep Talk||[still]\n|-fail|p2a: Houndstone\n|move|p1a: Oinkologne|Sleep Talk||[still]\n|-fail|p1a: Oinkologne\n|\n|upkeep\n|turn|55\n|inactive|Time left: 300 sec this turn | 300 sec total\n|\n|t:|1783553796\n|move|p2a: Houndstone|Poltergeist|p1a: Oinkologne\n|-immune|p1a: Oinkologne\n|move|p1a: Oinkologne|Curse|p1a: Oinkologne\n|\n|upkeep\n|turn|56\n|inactive|Time left: 300 sec this turn | 300 sec total\n|\n|t:|1783553797\n|move|p2a: Houndstone|Sleep Talk||[still]\n|-fail|p2a: Houndstone\n|move|p1a: Oinkologne|Sleep Talk||[still]\n|-fail|p1a: Oinkologne\n|\n|upkeep\n|turn|57\n|inactive|Time left: 300 sec this turn | 300 sec total\n|\n|t:|1783553798\n|move|p2a: Houndstone|Sleep Talk||[still]\n|-fail|p2a: Houndstone\n|move|p1a: Oinkologne|Curse|p1a: Oinkologne\n|\n|upkeep\n|turn|58\n|inactive|Time left: 300 sec this turn | 300 sec total\n|\n|t:|1783553799\n|switch|p2a: Bisharp|Bisharp, L79, M|48/232\n|move|p1a: Oinkologne|Curse|p1a: Oinkologne\n|\n|upkeep\n|turn|59\n|inactive|Time left: 300 sec this turn | 300 sec total\n|\n|t:|1783553800\n|switch|p2a: Houndstone|Houndstone, L86, F|264/264\n|move|p1a: Oinkologne|Curse|p1a: Oinkologne\n|\n|upkeep\n|turn|60\n|inactive|Time left: 300 sec this turn | 300 sec total\n|\n|t:|1783553801\n|switch|p2a: Bisharp|Bisharp, L79, M|48/232\n|move|p1a: Oinkologne|Curse|p1a: Oinkologne\n|\n|upkeep\n|turn|61\n|inactive|Time left: 300 sec this turn | 300 sec total\n|\n|t:|1783553802\n|switch|p2a: Houndstone|Houndstone, L86, F|264/264\n|move|p1a: Oinkologne|Sleep Talk||[still]\n|-fail|p1a: Oinkologne\n|\n|upkeep\n|turn|62\n|inactive|Time left: 300 sec this turn | 300 sec total\n|\n|t:|1783553803\n|switch|p2a: Bisharp|Bisharp, L79, M|48/232\n|move|p1a: Oinkologne|Curse|p1a: Oinkologne\n|\n|upkeep\n|turn|63\n|inactive|Time left: 300 sec this turn | 300 sec total\n|\n|t:|1783553804\n|switch|p2a: Houndstone|Houndstone, L86, F|264/264\n|move|p1a: Oinkologne|Curse|p1a: Oinkologne\n|\n|upkeep\n|turn|64\n|inactive|Time left: 300 sec this turn | 300 sec total\n|\n|t:|1783553806\n|switch|p2a: Bisharp|Bisharp, L79, M|48/232\n|move|p1a: Oinkologne|Sleep Talk||[still]\n|-fail|p1a: Oinkologne\n|\n|upkeep\n|turn|65\n|inactive|Time left: 300 sec this turn | 300 sec total\n|\n|t:|1783553807\n|switch|p2a: Houndstone|Houndstone, L86, F|264/264\n|move|p1a: Oinkologne|Sleep Talk||[still]\n|-fail|p1a: Oinkologne\n|\n|upkeep\n|turn|66\n|inactive|Time left: 300 sec this turn | 300 sec total\n|\n|t:|1783553808\n|switch|p2a: Bisharp|Bisharp, L79, M|48/232\n|move|p1a: Oinkologne|Sleep Talk||[still]\n|-fail|p1a: Oinkologne\n|\n|upkeep\n|turn|67\n|inactive|Time left: 300 sec this turn | 300 sec total\n|\n|t:|1783553809\n|switch|p2a: Houndstone|Houndstone, L86, F|264/264\n|move|p1a: Oinkologne|Body Slam|p2a: Houndstone\n|-immune|p2a: Houndstone\n|\n|upkeep\n|turn|68\n|inactive|Time left: 300 sec this turn | 300 sec total\n|\n|t:|1783553810\n|switch|p2a: Cryogonal|Cryogonal, L89|287/287\n|move|p1a: Oinkologne|Rest|p1a: Oinkologne\n|-fail|p1a: Oinkologne|heal\n|\n|upkeep\n|turn|69\n|inactive|Time left: 300 sec this turn | 300 sec total\n|\n|t:|1783553811\n|move|p2a: Cryogonal|Haze|p2a: Cryogonal\n|-clearallboost\n|move|p1a: Oinkologne|Rest|p1a: Oinkologne\n|-fail|p1a: Oinkologne|heal\n|\n|upkeep\n|turn|70\n|inactive|Time left: 300 sec this turn | 300 sec total\n|\n|t:|1783553812\n|move|p2a: Cryogonal|Rapid Spin|p1a: Oinkologne\n|-damage|p1a: Oinkologne|93/100\n|-boost|p2a: Cryogonal|spe|1\n|move|p1a: Oinkologne|Curse|p1a: Oinkologne\n|-unboost|p1a: Oinkologne|spe|1\n|-boost|p1a: Oinkologne|atk|1\n|-boost|p1a: Oinkologne|def|1\n|\n|-heal|p1a: Oinkologne|99/100|[from] item: Leftovers\n|upkeep\n|turn|71\n|inactive|Time left: 300 sec this turn | 300 sec total\n|\n|t:|1783553813\n|move|p2a: Cryogonal|Freeze-Dry|p1a: Oinkologne\n|-damage|p1a: Oinkologne|78/100\n|move|p1a: Oinkologne|Sleep Talk||[still]\n|-fail|p1a: Oinkologne\n|\n|-heal|p1a: Oinkologne|84/100|[from] item: Leftovers\n|upkeep\n|turn|72\n|inactive|Time left: 300 sec this turn | 300 sec total\n|\n|t:|1783553814\n|move|p2a: Cryogonal|Freeze-Dry|p1a: Oinkologne\n|-damage|p1a: Oinkologne|64/100\n|move|p1a: Oinkologne|Rest|p1a: Oinkologne\n|-status|p1a: Oinkologne|slp|[from] move: Rest\n|-heal|p1a: Oinkologne|100/100 slp|[silent]\n|\n|upkeep\n|turn|73\n|inactive|Time left: 300 sec this turn | 300 sec total\n|\n|t:|1783553815\n|move|p2a: Cryogonal|Rapid Spin|p1a: Oinkologne\n|-damage|p1a: Oinkologne|95/100 slp\n|-boost|p2a: Cryogonal|spe|1\n|cant|p1a: Oinkologne|slp\n|\n|-heal|p1a: Oinkologne|100/100 slp|[from] item: Leftovers\n|upkeep\n|turn|74\n|inactive|Time left: 300 sec this turn | 300 sec total\n|\n|t:|1783553816\n|move|p2a: Cryogonal|Freeze-Dry|p1a: Oinkologne\n|-damage|p1a: Oinkologne|80/100 slp\n|cant|p1a: Oinkologne|slp\n|\n|-heal|p1a: Oinkologne|86/100 slp|[from] item: Leftovers\n|upkeep\n|turn|75\n|inactive|Time left: 300 sec this turn | 300 sec total\n|\n|t:|1783553817\n|move|p2a: Cryogonal|Freeze-Dry|p1a: Oinkologne\n|-damage|p1a: Oinkologne|66/100 slp\n|-curestatus|p1a: Oinkologne|slp|[msg]\n|move|p1a: Oinkologne|Rest|p1a: Oinkologne\n|-status|p1a: Oinkologne|slp|[from] move: Rest\n|-heal|p1a: Oinkologne|100/100 slp|[silent]\n|\n|upkeep\n|turn|76\n|inactive|Time left: 300 sec this turn | 300 sec total\n|\n|t:|1783553818\n|move|p2a: Cryogonal|Freeze-Dry|p1a: Oinkologne\n|-damage|p1a: Oinkologne|81/100 slp\n|cant|p1a: Oinkologne|slp\n|\n|-heal|p1a: Oinkologne|87/100 slp|[from] item: Leftovers\n|upkeep\n|turn|77\n|inactive|Time left: 300 sec this turn | 300 sec total\n|\n|t:|1783553818\n|move|p2a: Cryogonal|Freeze-Dry|p1a: Oinkologne\n|-damage|p1a: Oinkologne|66/100 slp\n|cant|p1a: Oinkologne|slp\n|move|p1a: Oinkologne|Sleep Talk|p1a: Oinkologne\n|move|p1a: Oinkologne|Body Slam|p2a: Cryogonal|[from] move: Sleep Talk\n|-damage|p2a: Cryogonal|94/287\n|\n|-heal|p1a: Oinkologne|72/100 slp|[from] item: Leftovers\n|upkeep\n|turn|78\n|inactive|Time left: 300 sec this turn | 300 sec total\n|\n|t:|1783553819\n|move|p2a: Cryogonal|Freeze-Dry|p1a: Oinkologne\n|-damage|p1a: Oinkologne|50/100 slp\n|-curestatus|p1a: Oinkologne|slp|[msg]\n|move|p1a: Oinkologne|Rest|p1a: Oinkologne\n|-status|p1a: Oinkologne|slp|[from] move: Rest\n|-heal|p1a: Oinkologne|100/100 slp|[silent]\n|\n|upkeep\n|turn|79\n|inactive|Time left: 300 sec this turn | 300 sec total\n|\n|t:|1783553821\n|move|p2a: Cryogonal|Freeze-Dry|p1a: Oinkologne\n|-damage|p1a: Oinkologne|80/100 slp\n|cant|p1a: Oinkologne|slp\n|\n|-heal|p1a: Oinkologne|86/100 slp|[from] item: Leftovers\n|upkeep\n|turn|80\n|inactive|Time left: 300 sec this turn | 300 sec total\n|\n|t:|1783553822\n|move|p2a: Cryogonal|Freeze-Dry|p1a: Oinkologne\n|-damage|p1a: Oinkologne|67/100 slp\n|cant|p1a: Oinkologne|slp\n|\n|-heal|p1a: Oinkologne|73/100 slp|[from] item: Leftovers\n|upkeep\n|turn|81\n|inactive|Time left: 300 sec this turn | 300 sec total\n|\n|t:|1783553823\n|switch|p1a: Luxray|Luxray, L88, F|52/100 brn\n|-damage|p1a: Luxray|39/100 brn|[from] Stealth Rock\n|move|p2a: Cryogonal|Freeze-Dry|p1a: Luxray\n|-damage|p1a: Luxray|9/100 brn\n|\n|-damage|p1a: Luxray|3/100 brn|[from] brn\n|upkeep\n|turn|82\n|inactive|Time left: 300 sec this turn | 300 sec total\n|\n|t:|1783553824\n|move|p2a: Cryogonal|Rapid Spin|p1a: Luxray\n|-damage|p1a: Luxray|0 fnt\n|-boost|p2a: Cryogonal|spe|1\n|faint|p1a: Luxray\n|\n|upkeep\n|\n|t:|1783553825\n|switch|p1a: Oinkologne|Oinkologne-F, L92, F|73/100 slp\n|-damage|p1a: Oinkologne|61/100 slp|[from] Stealth Rock\n|turn|83\n|inactive|Time left: 300 sec this turn | 300 sec total\n|\n|t:|1783553826\n|move|p2a: Cryogonal|Freeze-Dry|p1a: Oinkologne\n|-damage|p1a: Oinkologne|41/100 slp\n|-curestatus|p1a: Oinkologne|slp|[msg]\n|move|p1a: Oinkologne|Curse|p1a: Oinkologne\n|-unboost|p1a: Oinkologne|spe|1\n|-boost|p1a: Oinkologne|atk|1\n|-boost|p1a: Oinkologne|def|1\n|\n|-heal|p1a: Oinkologne|47/100|[from] item: Leftovers\n|upkeep\n|turn|84\n|inactive|Time left: 300 sec this turn | 300 sec total\n|\n|t:|1783553827\n|move|p2a: Cryogonal|Freeze-Dry|p1a: Oinkologne\n|-damage|p1a: Oinkologne|27/100\n|-activate|p1a: Oinkologne|move: Struggle\n|move|p1a: Oinkologne|Struggle|p2a: Cryogonal\n|-damage|p2a: Cryogonal|4/287\n|-damage|p1a: Oinkologne|2/100|[from] recoil\n|\n|-heal|p1a: Oinkologne|9/100|[from] item: Leftovers\n|upkeep\n|turn|85\n|inactive|Time left: 300 sec this turn | 300 sec total\n|\n|t:|1783553828\n|move|p2a: Cryogonal|Freeze-Dry|p1a: Oinkologne\n|-damage|p1a: Oinkologne|0 fnt\n|faint|p1a: Oinkologne\n|\n|win|p0y1186c8ce", "uploadtime": 1783553828, "views": 0, "rating": 0, "private": 0, "password": null, "_winner": "p0y1186c8ce", "_our_name": "p0y1186c8ce"}