{"id": "battle-gen9randombattle-92", "formatid": "gen9randombattle", "format": "[Gen 9] Random Battle", "players": ["p0x092914a", "p0y092e237"], "log": "|init|battle\n|title|p0x092914a vs. p0y092e237\n|j|\u2606p0x092914a\n|j|\u2606p0y092e237\n|t:|1783540542\n|gametype|singles\n|player|p1|p0x092914a|2|\n|player|p2|p0y092e237|1|\n|gen|9\n|tier|[Gen 9] Random Battle\n|rule|Species Clause: Limit one of each Pok\u00e9mon\n|rule|HP Percentage Mod: HP is shown in percentages\n|rule|Sleep Clause Mod: Limit one foe put to sleep\n|rule|Illusion Level Mod: Illusion disguises the Pok\u00e9mon's true level\n|\n|t:|1783540542\n|teamsize|p1|6\n|teamsize|p2|6\n|start\n|switch|p1a: Baxcalibur|Baxcalibur, L75, M|100/100\n|switch|p2a: Landorus|Landorus, L75, M|257/257\n|turn|1\n|inactive|Battle timer is ON: inactive players will automatically lose when time's up. (requested by p0y092e237)\n|inactive|p0x092914a also wants the timer to be on.\n|\n|t:|1783540544\n|move|p2a: Landorus|Focus Blast|p1a: Baxcalibur\n|-supereffective|p1a: Baxcalibur\n|-crit|p1a: Baxcalibur\n|-damage|p1a: Baxcalibur|0 fnt\n|faint|p1a: Baxcalibur\n|\n|upkeep\n|\n|t:|1783540545\n|switch|p1a: Cryogonal|Cryogonal, L89|100/100\n|turn|2\n|inactive|Time left: 300 sec this turn | 300 sec total\n|\n|t:|1783540546\n|switch|p2a: Mewtwo|Mewtwo, L72|272/272\n|-ability|p2a: Mewtwo|Unnerve\n|move|p1a: Cryogonal|Freeze-Dry|p2a: Mewtwo\n|-damage|p2a: Mewtwo|178/272\n|\n|upkeep\n|turn|3\n|inactive|Time left: 300 sec this turn | 300 sec total\n|\n|t:|1783540548\n|move|p1a: Cryogonal|Freeze-Dry|p2a: Mewtwo\n|-damage|p2a: Mewtwo|87/272\n|-status|p2a: Mewtwo|frz\n|cant|p2a: Mewtwo|frz\n|\n|upkeep\n|turn|4\n|inactive|Time left: 300 sec this turn | 300 sec total\n|\n|t:|1783540549\n|switch|p2a: Chansey|Chansey, L85, F|564/564\n|move|p1a: Cryogonal|Freeze-Dry|p2a: Chansey\n|-damage|p2a: Chansey|519/564\n|\n|upkeep\n|turn|5\n|inactive|Time left: 300 sec this turn | 300 sec total\n|\n|t:|1783540550\n|switch|p1a: Minior|Minior-Green, L79|100/100\n|-formechange|p1a: Minior|Minior-Meteor||[from] ability: Shields Down\n|move|p2a: Chansey|Thunder Wave|p1a: Minior\n|-immune|p1a: Minior|[from] ability: Shields Down\n|\n|upkeep\n|turn|6\n|inactive|Time left: 300 sec this turn | 300 sec total\n|\n|t:|1783540552\n|switch|p2a: Rillaboom|Rillaboom, L79, F|288/288\n|-fieldstart|move: Grassy Terrain|[from] ability: Grassy Surge|[of] p2a: Rillaboom\n|move|p1a: Minior|Shell Smash|p1a: Minior\n|-unboost|p1a: Minior|def|1\n|-unboost|p1a: Minior|spd|1\n|-boost|p1a: Minior|atk|2\n|-boost|p1a: Minior|spa|2\n|-boost|p1a: Minior|spe|2\n|-enditem|p1a: Minior|White Herb\n|-clearnegativeboost|p1a: Minior|[silent]\n|\n|upkeep\n|turn|7\n|inactive|Time left: 300 sec this turn | 300 sec total\n|\n|t:|1783540553\n|move|p2a: Rillaboom|Grassy Glide|p1a: Minior\n|-damage|p1a: Minior|58/100\n|-damage|p2a: Rillaboom|260/288|[from] item: Life Orb\n|move|p1a: Minior|Acrobatics|p2a: Rillaboom\n|-supereffective|p2a: Rillaboom\n|-damage|p2a: Rillaboom|0 fnt\n|faint|p2a: Rillaboom\n|\n|upkeep\n|inactive|Time left: 300 sec this turn | 300 sec total | 5 sec grace\n|\n|t:|1783540554\n|switch|p2a: Landorus|Landorus, L75, M|257/257\n|turn|8\n|inactive|Time left: 300 sec this turn | 300 sec total\n|\n|t:|1783540554\n|move|p1a: Minior|Acrobatics|p2a: Landorus\n|-damage|p2a: Landorus|85/257\n|move|p2a: Landorus|Rock Slide|p1a: Minior\n|-supereffective|p1a: Minior\n|-crit|p1a: Minior\n|-damage|p1a: Minior|0 fnt\n|faint|p1a: Minior\n|\n|upkeep\n|\n|t:|1783540556\n|switch|p1a: Gogoat|Gogoat, L88, M|100/100\n|turn|9\n|inactive|Time left: 300 sec this turn | 300 sec total\n|\n|t:|1783540557\n|switch|p2a: Venomoth|Venomoth, L84, M|255/255\n|move|p1a: Gogoat|Horn Leech|p2a: Venomoth\n|-resisted|p2a: Venomoth\n|-damage|p2a: Venomoth|215/255\n|\n|-heal|p2a: Venomoth|230/255|[from] Grassy Terrain\n|upkeep\n|turn|10\n|inactive|Time left: 300 sec this turn | 300 sec total\n|\n|t:|1783540558\n|move|p2a: Venomoth|Quiver Dance|p2a: Venomoth\n|-boost|p2a: Venomoth|spa|1\n|-boost|p2a: Venomoth|spd|1\n|-boost|p2a: Venomoth|spe|1\n|move|p1a: Gogoat|Bulk Up|p1a: Gogoat\n|-boost|p1a: Gogoat|atk|1\n|-boost|p1a: Gogoat|def|1\n|\n|-heal|p2a: Venomoth|245/255|[from] Grassy Terrain\n|-fieldend|move: Grassy Terrain\n|upkeep\n|turn|11\n|inactive|Time left: 300 sec this turn | 300 sec total\n|\n|t:|1783540559\n|-terastallize|p2a: Venomoth|Poison\n|-terastallize|p1a: Gogoat|Water\n|move|p2a: Venomoth|Sludge Wave|p1a: Gogoat\n|-damage|p1a: Gogoat|43/100\n|move|p1a: Gogoat|Earthquake|p2a: Venomoth\n|-supereffective|p2a: Venomoth\n|-damage|p2a: Venomoth|0 fnt\n|faint|p2a: Venomoth\n|\n|-heal|p1a: Gogoat|49/100|[from] item: Leftovers\n|upkeep\n|inactive|Time left: 300 sec this turn | 300 sec total | 5 sec grace\n|\n|t:|1783540560\n|switch|p2a: Mewtwo|Mewtwo, L72|87/272 frz\n|-ability|p2a: Mewtwo|Unnerve\n|turn|12\n|inactive|Time left: 300 sec this turn | 300 sec total\n|\n|t:|1783540561\n|cant|p2a: Mewtwo|frz\n|move|p1a: Gogoat|Horn Leech|p2a: Mewtwo\n|-damage|p2a: Mewtwo|0 fnt\n|-heal|p1a: Gogoat|61/100|[from] drain|[of] p2a: Mewtwo\n|faint|p2a: Mewtwo\n|\n|-heal|p1a: Gogoat|67/100|[from] item: Leftovers\n|upkeep\n|inactive|Time left: 300 sec this turn | 300 sec total | 5 sec grace\n|\n|t:|1783540562\n|switch|p2a: Sunflora|Sunflora, M|312/312\n|turn|13\n|inactive|Time left: 300 sec this turn | 300 sec total\n|\n|t:|1783540563\n|move|p1a: Gogoat|Horn Leech|p2a: Sunflora\n|-resisted|p2a: Sunflora\n|-crit|p2a: Sunflora\n|-damage|p2a: Sunflora|184/312\n|-heal|p1a: Gogoat|85/100|[from] drain|[of] p2a: Sunflora\n|move|p2a: Sunflora|Earth Power|p1a: Gogoat\n|-damage|p1a: Gogoat|50/100\n|-unboost|p1a: Gogoat|spd|1\n|-damage|p2a: Sunflora|153/312|[from] item: Life Orb\n|\n|-heal|p1a: Gogoat|56/100|[from] item: Leftovers\n|upkeep\n|turn|14\n|inactive|Time left: 300 sec this turn | 300 sec total\n|\n|t:|1783540564\n|move|p1a: Gogoat|Horn Leech|p2a: Sunflora\n|-resisted|p2a: Sunflora\n|-damage|p2a: Sunflora|70/312\n|-heal|p1a: Gogoat|68/100|[from] drain|[of] p2a: Sunflora\n|move|p2a: Sunflora|Earth Power|p1a: Gogoat\n|-damage|p1a: Gogoat|16/100\n|-damage|p2a: Sunflora|39/312|[from] item: Life Orb\n|\n|-heal|p1a: Gogoat|22/100|[from] item: Leftovers\n|upkeep\n|turn|15\n|inactive|Time left: 300 sec this turn | 300 sec total\n|\n|t:|1783540565\n|move|p1a: Gogoat|Horn Leech|p2a: Sunflora\n|-resisted|p2a: Sunflora\n|-damage|p2a: Sunflora|0 fnt\n|-heal|p1a: Gogoat|27/100|[from] drain|[of] p2a: Sunflora\n|faint|p2a: Sunflora\n|\n|-heal|p1a: Gogoat|34/100|[from] item: Leftovers\n|upkeep\n|inactive|Time left: 300 sec this turn | 300 sec total | 5 sec grace\n|\n|t:|1783540566\n|switch|p2a: Landorus|Landorus, L75, M|85/257\n|turn|16\n|inactive|Time left: 300 sec this turn | 300 sec total\n|\n|t:|1783540567\n|switch|p1a: Chimecho|Chimecho, L93, F|100/100\n|move|p2a: Landorus|Sludge Wave|p1a: Chimecho\n|-damage|p1a: Chimecho|67/100\n|\n|-heal|p1a: Chimecho|73/100|[from] item: Leftovers\n|upkeep\n|turn|17\n|inactive|Time left: 300 sec this turn | 300 sec total\n|\n|t:|1783540568\n|switch|p2a: Chansey|Chansey, L85, F|519/564\n|move|p1a: Chimecho|Calm Mind|p1a: Chimecho\n|-boost|p1a: Chimecho|spa|1\n|-boost|p1a: Chimecho|spd|1\n|\n|-heal|p1a: Chimecho|79/100|[from] item: Leftovers\n|upkeep\n|turn|18\n|inactive|Time left: 300 sec this turn | 300 sec total\n|\n|t:|1783540569\n|move|p1a: Chimecho|Calm Mind|p1a: Chimecho\n|-boost|p1a: Chimecho|spa|1\n|-boost|p1a: Chimecho|spd|1\n|move|p2a: Chansey|Thunder Wave|p1a: Chimecho|[miss]\n|-miss|p2a: Chansey|p1a: Chimecho\n|\n|-heal|p1a: Chimecho|86/100|[from] item: Leftovers\n|upkeep\n|turn|19\n|inactive|Time left: 300 sec this turn | 300 sec total\n|\n|t:|1783540570\n|move|p1a: Chimecho|Calm Mind|p1a: Chimecho\n|-boost|p1a: Chimecho|spa|1\n|-boost|p1a: Chimecho|spd|1\n|move|p2a: Chansey|Thunder Wave|p1a: Chimecho\n|-status|p1a: Chimecho|par\n|\n|-heal|p1a: Chimecho|92/100 par|[from] item: Leftovers\n|upkeep\n|turn|20\n|inactive|Time left: 300 sec this turn | 300 sec total\n|\n|t:|1783540571\n|move|p2a: Chansey|Soft-Boiled|p2a: Chansey\n|-heal|p2a: Chansey|564/564\n|move|p1a: Chimecho|Calm Mind|p1a: Chimecho\n|-boost|p1a: Chimecho|spa|1\n|-boost|p1a: Chimecho|spd|1\n|\n|-heal|p1a: Chimecho|98/100 par|[from] item: Leftovers\n|upkeep\n|turn|21\n|inactive|Time left: 300 sec this turn | 300 sec total\n|\n|t:|1783540572\n|move|p2a: Chansey|Seismic Toss|p1a: Chimecho\n|-damage|p1a: Chimecho|69/100 par\n|move|p1a: Chimecho|Psychic Noise|p2a: Chansey\n|-damage|p2a: Chansey|389/564\n|-start|p2a: Chansey|move: Heal Block\n|\n|-heal|p1a: Chimecho|75/100 par|[from] item: Leftovers\n|upkeep\n|turn|22\n|inactive|Time left: 300 sec this turn | 300 sec total\n|\n|t:|1783540573\n|move|p2a: Chansey|Seismic Toss|p1a: Chimecho\n|-damage|p1a: Chimecho|46/100 par\n|move|p1a: Chimecho|Psychic Noise|p2a: Chansey\n|-damage|p2a: Chansey|223/564\n|\n|-heal|p1a: Chimecho|52/100 par|[from] item: Leftovers\n|-end|p2a: Chansey|move: Heal Block\n|upkeep\n|turn|23\n|inactive|Time left: 300 sec this turn | 300 sec total\n|\n|t:|1783540575\n|move|p2a: Chansey|Seismic Toss|p1a: Chimecho\n|-damage|p1a: Chimecho|23/100 par\n|move|p1a: Chimecho|Recover|p1a: Chimecho\n|-heal|p1a: Chimecho|73/100 par\n|\n|-heal|p1a: Chimecho|79/100 par|[from] item: Leftovers\n|upkeep\n|turn|24\n|inactive|Time left: 300 sec this turn | 300 sec total\n|\n|t:|1783540576\n|move|p2a: Chansey|Soft-Boiled|p2a: Chansey\n|-heal|p2a: Chansey|505/564\n|move|p1a: Chimecho|Psychic Noise|p2a: Chansey\n|-damage|p2a: Chansey|346/564\n|-start|p2a: Chansey|move: Heal Block\n|\n|-heal|p1a: Chimecho|85/100 par|[from] item: Leftovers\n|upkeep\n|turn|25\n|inactive|Time left: 300 sec this turn | 300 sec total\n|\n|t:|1783540577\n|move|p2a: Chansey|Seismic Toss|p1a: Chimecho\n|-damage|p1a: Chimecho|56/100 par\n|move|p1a: Chimecho|Psychic Noise|p2a: Chansey\n|-damage|p2a: Chansey|181/564\n|\n|-heal|p1a: Chimecho|62/100 par|[from] item: Leftovers\n|-end|p2a: Chansey|move: Heal Block\n|upkeep\n|turn|26\n|inactive|Time left: 300 sec this turn | 300 sec total\n|\n|t:|1783540578\n|move|p2a: Chansey|Soft-Boiled|p2a: Chansey\n|-heal|p2a: Chansey|463/564\n|cant|p1a: Chimecho|par\n|\n|-heal|p1a: Chimecho|68/100 par|[from] item: Leftovers\n|upkeep\n|turn|27\n|inactive|Time left: 300 sec this turn | 300 sec total\n|\n|t:|1783540579\n|move|p2a: Chansey|Seismic Toss|p1a: Chimecho\n|-damage|p1a: Chimecho|39/100 par\n|cant|p1a: Chimecho|par\n|\n|-heal|p1a: Chimecho|45/100 par|[from] item: Leftovers\n|upkeep\n|turn|28\n|inactive|Time left: 300 sec this turn | 300 sec total\n|\n|t:|1783540581\n|move|p2a: Chansey|Seismic Toss|p1a: Chimecho\n|-damage|p1a: Chimecho|16/100 par\n|move|p1a: Chimecho|Recover|p1a: Chimecho\n|-heal|p1a: Chimecho|66/100 par\n|\n|-heal|p1a: Chimecho|72/100 par|[from] item: Leftovers\n|upkeep\n|turn|29\n|inactive|Time left: 300 sec this turn | 300 sec total\n|\n|t:|1783540582\n|move|p2a: Chansey|Seismic Toss|p1a: Chimecho\n|-damage|p1a: Chimecho|43/100 par\n|move|p1a: Chimecho|Psychic Noise|p2a: Chansey\n|-damage|p2a: Chansey|295/564\n|-start|p2a: Chansey|move: Heal Block\n|\n|-heal|p1a: Chimecho|49/100 par|[from] item: Leftovers\n|upkeep\n|turn|30\n|inactive|Time left: 300 sec this turn | 300 sec total\n|\n|t:|1783540583\n|move|p2a: Chansey|Seismic Toss|p1a: Chimecho\n|-damage|p1a: Chimecho|19/100 par\n|move|p1a: Chimecho|Recover|p1a: Chimecho\n|-heal|p1a: Chimecho|69/100 par\n|\n|-heal|p1a: Chimecho|76/100 par|[from] item: Leftovers\n|-end|p2a: Chansey|move: Heal Block\n|upkeep\n|turn|31\n|inactive|Time left: 300 sec this turn | 300 sec total\n|\n|t:|1783540585\n|move|p2a: Chansey|Soft-Boiled|p2a: Chansey\n|-heal|p2a: Chansey|564/564\n|move|p1a: Chimecho|Psychic Noise|p2a: Chansey\n|-damage|p2a: Chansey|402/564\n|-start|p2a: Chansey|move: Heal Block\n|\n|-heal|p1a: Chimecho|82/100 par|[from] item: Leftovers\n|upkeep\n|turn|32\n|inactive|Time left: 300 sec this turn | 300 sec total\n|\n|t:|1783540586\n|move|p2a: Chansey|Seismic Toss|p1a: Chimecho\n|-damage|p1a: Chimecho|53/100 par\n|move|p1a: Chimecho|Psychic Noise|p2a: Chansey\n|-damage|p2a: Chansey|227/564\n|\n|-heal|p1a: Chimecho|59/100 par|[from] item: Leftovers\n|-end|p2a: Chansey|move: Heal Block\n|upkeep\n|turn|33\n|inactive|Time left: 300 sec this turn | 300 sec total\n|\n|t:|1783540587\n|move|p2a: Chansey|Soft-Boiled|p2a: Chansey\n|-heal|p2a: Chansey|509/564\n|move|p1a: Chimecho|Psychic Noise|p2a: Chansey\n|-damage|p2a: Chansey|337/564\n|-start|p2a: Chansey|move: Heal Block\n|\n|-heal|p1a: Chimecho|65/100 par|[from] item: Leftovers\n|upkeep\n|turn|34\n|inactive|Time left: 300 sec this turn | 300 sec total\n|\n|t:|1783540588\n|move|p2a: Chansey|Seismic Toss|p1a: Chimecho\n|-damage|p1a: Chimecho|36/100 par\n|move|p1a: Chimecho|Psychic Noise|p2a: Chansey\n|-damage|p2a: Chansey|162/564\n|\n|-heal|p1a: Chimecho|42/100 par|[from] item: Leftovers\n|-end|p2a: Chansey|move: Heal Block\n|upkeep\n|turn|35\n|inactive|Time left: 300 sec this turn | 300 sec total\n|\n|t:|1783540590\n|move|p2a: Chansey|Soft-Boiled|p2a: Chansey\n|-heal|p2a: Chansey|444/564\n|move|p1a: Chimecho|Psychic Noise|p2a: Chansey\n|-damage|p2a: Chansey|276/564\n|-start|p2a: Chansey|move: Heal Block\n|\n|-heal|p1a: Chimecho|48/100 par|[from] item: Leftovers\n|upkeep\n|turn|36\n|inactive|Time left: 300 sec this turn | 300 sec total\n|\n|t:|1783540591\n|move|p2a: Chansey|Seismic Toss|p1a: Chimecho\n|-damage|p1a: Chimecho|19/100 par\n|cant|p1a: Chimecho|par\n|\n|-heal|p1a: Chimecho|25/100 par|[from] item: Leftovers\n|-end|p2a: Chansey|move: Heal Block\n|upkeep\n|turn|37\n|inactive|Time left: 300 sec this turn | 300 sec total\n|\n|t:|1783540592\n|move|p2a: Chansey|Seismic Toss|p1a: Chimecho\n|-damage|p1a: Chimecho|0 fnt\n|faint|p1a: Chimecho\n|\n|upkeep\n|\n|t:|1783540593\n|switch|p1a: Gogoat|Gogoat, L88, M, tera:Water|34/100\n|turn|38\n|inactive|Time left: 300 sec this turn | 300 sec total\n|\n|t:|1783540594\n|move|p1a: Gogoat|Horn Leech|p2a: Chansey\n|-damage|p2a: Chansey|71/564\n|-heal|p1a: Gogoat|62/100|[from] drain|[of] p2a: Chansey\n|move|p2a: Chansey|Soft-Boiled|p2a: Chansey\n|-heal|p2a: Chansey|353/564\n|\n|-heal|p1a: Gogoat|68/100|[from] item: Leftovers\n|upkeep\n|turn|39\n|inactive|Time left: 300 sec this turn | 300 sec total\n|\n|t:|1783540595\n|move|p1a: Gogoat|Horn Leech|p2a: Chansey\n|-damage|p2a: Chansey|152/564\n|-heal|p1a: Gogoat|96/100|[from] drain|[of] p2a: Chansey\n|move|p2a: Chansey|Soft-Boiled|p2a: Chansey\n|-heal|p2a: Chansey|434/564\n|\n|-heal|p1a: Gogoat|100/100|[from] item: Leftovers\n|upkeep\n|turn|40\n|inactive|Time left: 300 sec this turn | 300 sec total\n|\n|t:|1783540596\n|move|p1a: Gogoat|Bulk Up|p1a: Gogoat\n|-boost|p1a: Gogoat|atk|1\n|-boost|p1a: Gogoat|def|1\n|move|p2a: Chansey|Thunder Wave|p1a: Gogoat\n|-status|p1a: Gogoat|par\n|\n|upkeep\n|turn|41\n|inactive|Time left: 300 sec this turn | 300 sec total\n|\n|t:|1783540597\n|move|p2a: Chansey|Seismic Toss|p1a: Gogoat\n|-damage|p1a: Gogoat|77/100 par\n|move|p1a: Gogoat|Horn Leech|p2a: Chansey\n|-damage|p2a: Chansey|127/564\n|-heal|p1a: Gogoat|100/100 par|[from] drain|[of] p2a: Chansey\n|\n|upkeep\n|turn|42\n|inactive|Time left: 300 sec this turn | 300 sec total\n|\n|t:|1783540598\n|move|p2a: Chansey|Heal Bell||[still]\n|-activate|p2a: Chansey|move: Heal Bell\n|-fail|p2a: Chansey\n|move|p1a: Gogoat|Horn Leech|p2a: Chansey\n|-damage|p2a: Chansey|0 fnt\n|faint|p2a: Chansey\n|\n|upkeep\n|inactive|Time left: 300 sec this turn | 300 sec total | 5 sec grace\n|\n|t:|1783540599\n|switch|p2a: Landorus|Landorus, L75, M|85/257\n|turn|43\n|inactive|Time left: 300 sec this turn | 300 sec total\n|\n|t:|1783540600\n|switch|p1a: Goodra|Goodra, L85, F|100/100\n|move|p2a: Landorus|Rock Slide|p1a: Goodra\n|-damage|p1a: Goodra|63/100\n|\n|upkeep\n|turn|44\n|inactive|Time left: 300 sec this turn | 300 sec total\n|\n|t:|1783540602\n|move|p2a: Landorus|Rock Slide|p1a: Goodra\n|-damage|p1a: Goodra|24/100\n|move|p1a: Goodra|Scald|p2a: Landorus\n|-supereffective|p2a: Landorus\n|-damage|p2a: Landorus|0 fnt\n|faint|p2a: Landorus\n|\n|win|p0x092914a", "uploadtime": 1783540602, "views": 0, "rating": 0, "private": 0, "password": null, "_winner": "p0x092914a", "_our_name": "p0y092e237"}