{"id": "battle-gen9randombattle-1198", "formatid": "gen9randombattle", "format": "[Gen 9] Random Battle", "players": ["p0x119874b4", "p0y11983dff"], "log": "|init|battle\n|title|p0x119874b4 vs. p0y11983dff\n|j|\u2606p0x119874b4\n|j|\u2606p0y11983dff\n|t:|1783552993\n|gametype|singles\n|player|p1|p0x119874b4|102|\n|player|p2|p0y11983dff|266|\n|gen|9\n|tier|[Gen 9] Random Battle\n|rule|Species Clause: Limit one of each Pok\u00e9mon\n|rule|HP Percentage Mod: HP is shown in percentages\n|rule|Sleep Clause Mod: Limit one foe put to sleep\n|rule|Illusion Level Mod: Illusion disguises the Pok\u00e9mon's true level\n|\n|t:|1783552993\n|teamsize|p1|6\n|teamsize|p2|6\n|start\n|switch|p1a: Garganacl|Garganacl, L80, M|100/100\n|switch|p2a: Abomasnow|Abomasnow, L84, M|287/287\n|-weather|Snowscape|[from] ability: Snow Warning|[of] p2a: Abomasnow\n|turn|1\n|inactive|Battle timer is ON: inactive players will automatically lose when time's up. (requested by p0x119874b4)\n|inactive|Time left: 300 sec this turn | 300 sec total | 60 sec grace\n|inactive|p0y11983dff also wants the timer to be on.\n|\n|t:|1783552995\n|move|p2a: Abomasnow|Aurora Veil|p2a: Abomasnow\n|-sidestart|p2: p0y11983dff|move: Aurora Veil\n|move|p1a: Garganacl|Salt Cure|p2a: Abomasnow\n|-supereffective|p2a: Abomasnow\n|-damage|p2a: Abomasnow|254/287\n|-start|p2a: Abomasnow|Salt Cure\n|\n|-weather|Snowscape|[upkeep]\n|-damage|p2a: Abomasnow|219/287|[from] Salt Cure\n|upkeep\n|turn|2\n|inactive|Time left: 300 sec this turn | 300 sec total\n|\n|t:|1783552996\n|switch|p2a: Veluza|Veluza, L85, M|292/292\n|move|p1a: Garganacl|Stealth Rock|p2a: Veluza\n|-sidestart|p2: p0y11983dff|move: Stealth Rock\n|\n|-weather|Snowscape|[upkeep]\n|upkeep\n|turn|3\n|inactive|Time left: 300 sec this turn | 300 sec total\n|\n|t:|1783552997\n|move|p2a: Veluza|Fillet Away|p2a: Veluza\n|-boost|p2a: Veluza|atk|2\n|-boost|p2a: Veluza|spa|2\n|-boost|p2a: Veluza|spe|2\n|-damage|p2a: Veluza|146/292\n|-enditem|p2a: Veluza|Sitrus Berry|[eat]\n|-heal|p2a: Veluza|219/292|[from] item: Sitrus Berry\n|move|p1a: Garganacl|Salt Cure|p2a: Veluza\n|-damage|p2a: Veluza|195/292\n|-start|p2a: Veluza|Salt Cure\n|\n|-weather|Snowscape|[upkeep]\n|-damage|p2a: Veluza|122/292|[from] Salt Cure\n|upkeep\n|turn|4\n|inactive|Time left: 300 sec this turn | 300 sec total\n|\n|t:|1783552998\n|-terastallize|p1a: Garganacl|Dragon\n|move|p2a: Veluza|Aqua Cutter|p1a: Garganacl\n|-resisted|p1a: Garganacl\n|-damage|p1a: Garganacl|68/100\n|move|p1a: Garganacl|Body Press|p2a: Veluza\n|-resisted|p2a: Veluza\n|-damage|p2a: Veluza|105/292\n|\n|-weather|Snowscape|[upkeep]\n|-heal|p1a: Garganacl|74/100|[from] item: Leftovers\n|-damage|p2a: Veluza|32/292|[from] Salt Cure\n|upkeep\n|turn|5\n|inactive|Time left: 300 sec this turn | 300 sec total\n|\n|t:|1783552999\n|switch|p1a: Eiscue|Eiscue, L88, M|100/100\n|move|p2a: Veluza|Aqua Cutter|p1a: Eiscue\n|-activate|p1a: Eiscue|ability: Ice Face\n|-damage|p1a: Eiscue|100/100\n|detailschange|p1a: Eiscue|Eiscue-Noice, L88, M\n|\n|-weather|none\n|-damage|p2a: Veluza|0 fnt|[from] Salt Cure\n|faint|p2a: Veluza\n|upkeep\n|inactive|Time left: 300 sec this turn | 300 sec total | 5 sec grace\n|\n|t:|1783553000\n|switch|p2a: Gumshoos|Gumshoos, L95, F|321/321\n|-damage|p2a: Gumshoos|281/321|[from] Stealth Rock\n|turn|6\n|inactive|Time left: 300 sec this turn | 300 sec total\n|\n|t:|1783553002\n|move|p1a: Eiscue|Ice Spinner|p2a: Gumshoos\n|-crit|p2a: Gumshoos\n|-damage|p2a: Gumshoos|145/321\n|move|p2a: Gumshoos|Double-Edge|p1a: Eiscue\n|-damage|p1a: Eiscue|0 fnt\n|faint|p1a: Eiscue\n|-damage|p2a: Gumshoos|55/321|[from] Recoil\n|\n|upkeep\n|\n|t:|1783553002\n|switch|p1a: Lycanroc|Lycanroc-Midnight, L89, M|100/100\n|turn|7\n|inactive|Time left: 300 sec this turn | 300 sec total\n|\n|t:|1783553003\n|move|p1a: Lycanroc|Stone Edge|p2a: Gumshoos\n|-damage|p2a: Gumshoos|0 fnt\n|faint|p2a: Gumshoos\n|-damage|p1a: Lycanroc|91/100|[from] item: Life Orb\n|\n|upkeep\n|inactive|Time left: 300 sec this turn | 300 sec total | 5 sec grace\n|\n|t:|1783553004\n|switch|p2a: Flapple|Flapple, L88, M|266/266\n|-damage|p2a: Flapple|233/266|[from] Stealth Rock\n|turn|8\n|inactive|Time left: 300 sec this turn | 300 sec total\n|\n|t:|1783553005\n|move|p1a: Lycanroc|Stone Edge|p2a: Flapple\n|-damage|p2a: Flapple|150/266\n|-damage|p1a: Lycanroc|81/100|[from] item: Life Orb\n|move|p2a: Flapple|Dragon Dance|p2a: Flapple\n|-boost|p2a: Flapple|atk|1\n|-boost|p2a: Flapple|spe|1\n|\n|-sideend|p2: p0y11983dff|move: Aurora Veil\n|upkeep\n|turn|9\n|inactive|Time left: 300 sec this turn | 300 sec total\n|\n|t:|1783553006\n|switch|p1a: Garganacl|Garganacl, L80, M, tera:Dragon|74/100\n|move|p2a: Flapple|Outrage|p1a: Garganacl\n|-supereffective|p1a: Garganacl\n|-damage|p1a: Garganacl|0 fnt\n|faint|p1a: Garganacl\n|\n|upkeep\n|\n|t:|1783553007\n|switch|p1a: Clodsire|Clodsire, L81, F|100/100\n|turn|10\n|inactive|Time left: 300 sec this turn | 300 sec total\n|\n|t:|1783553008\n|move|p2a: Flapple|Outrage|p1a: Clodsire|[from] lockedmove|[miss]\n|-miss|p2a: Flapple|p1a: Clodsire\n|-start|p2a: Flapple|confusion|[fatigue]\n|-enditem|p2a: Flapple|Lum Berry|[eat]\n|-end|p2a: Flapple|confusion\n|move|p1a: Clodsire|Poison Jab|p2a: Flapple\n|-supereffective|p2a: Flapple\n|-crit|p2a: Flapple\n|-damage|p2a: Flapple|0 fnt\n|faint|p2a: Flapple\n|\n|upkeep\n|inactive|Time left: 300 sec this turn | 300 sec total | 5 sec grace\n|\n|t:|1783553009\n|switch|p2a: Abomasnow|Abomasnow, L84, M|219/287\n|-damage|p2a: Abomasnow|148/287|[from] Stealth Rock\n|-weather|Snowscape|[from] ability: Snow Warning|[of] p2a: Abomasnow\n|turn|11\n|inactive|Time left: 300 sec this turn | 300 sec total\n|\n|t:|1783553010\n|move|p2a: Abomasnow|Aurora Veil|p2a: Abomasnow\n|-sidestart|p2: p0y11983dff|move: Aurora Veil\n|move|p1a: Clodsire|Poison Jab|p2a: Abomasnow\n|-supereffective|p2a: Abomasnow\n|-damage|p2a: Abomasnow|97/287\n|-status|p2a: Abomasnow|psn\n|\n|-weather|Snowscape|[upkeep]\n|-damage|p2a: Abomasnow|62/287 psn|[from] psn\n|upkeep\n|turn|12\n|inactive|Time left: 300 sec this turn | 300 sec total\n|\n|t:|1783553011\n|move|p2a: Abomasnow|Blizzard|p1a: Clodsire\n|-supereffective|p1a: Clodsire\n|-damage|p1a: Clodsire|44/100\n|move|p1a: Clodsire|Recover|p1a: Clodsire\n|-heal|p1a: Clodsire|94/100\n|\n|-weather|Snowscape|[upkeep]\n|-heal|p1a: Clodsire|99/100|[from] item: Leftovers\n|-damage|p2a: Abomasnow|27/287 psn|[from] psn\n|upkeep\n|turn|13\n|inactive|Time left: 300 sec this turn | 300 sec total\n|\n|t:|1783553013\n|move|p2a: Abomasnow|Blizzard|p1a: Clodsire\n|-supereffective|p1a: Clodsire\n|-damage|p1a: Clodsire|44/100\n|move|p1a: Clodsire|Recover|p1a: Clodsire\n|-heal|p1a: Clodsire|94/100\n|\n|-weather|Snowscape|[upkeep]\n|-heal|p1a: Clodsire|99/100|[from] item: Leftovers\n|-damage|p2a: Abomasnow|0 fnt|[from] psn\n|faint|p2a: Abomasnow\n|upkeep\n|inactive|Time left: 300 sec this turn | 300 sec total | 5 sec grace\n|\n|t:|1783553013\n|switch|p2a: Toxicroak|Toxicroak, L84, F|277/277\n|-damage|p2a: Toxicroak|260/277|[from] Stealth Rock\n|turn|14\n|inactive|Time left: 300 sec this turn | 300 sec total\n|\n|t:|1783553014\n|-terastallize|p2a: Toxicroak|Dark\n|move|p2a: Toxicroak|Swords Dance|p2a: Toxicroak\n|-boost|p2a: Toxicroak|atk|2\n|move|p1a: Clodsire|Earthquake|p2a: Toxicroak\n|-damage|p2a: Toxicroak|213/277\n|\n|-weather|Snowscape|[upkeep]\n|-heal|p1a: Clodsire|100/100|[from] item: Leftovers\n|upkeep\n|turn|15\n|inactive|Time left: 300 sec this turn | 300 sec total\n|\n|t:|1783553015\n|move|p2a: Toxicroak|Knock Off|p1a: Clodsire\n|-damage|p1a: Clodsire|46/100\n|-enditem|p1a: Clodsire|Leftovers|[from] move: Knock Off|[of] p2a: Toxicroak\n|-damage|p2a: Toxicroak|186/277|[from] item: Life Orb\n|move|p1a: Clodsire|Toxic|p2a: Toxicroak\n|-status|p2a: Toxicroak|tox\n|\n|-weather|none\n|-damage|p2a: Toxicroak|169/277 tox|[from] psn\n|upkeep\n|turn|16\n|inactive|Time left: 300 sec this turn | 300 sec total\n|\n|t:|1783553016\n|move|p2a: Toxicroak|Knock Off|p1a: Clodsire\n|-damage|p1a: Clodsire|8/100\n|-damage|p2a: Toxicroak|142/277 tox|[from] item: Life Orb\n|move|p1a: Clodsire|Recover|p1a: Clodsire\n|-heal|p1a: Clodsire|58/100\n|\n|-damage|p2a: Toxicroak|108/277 tox|[from] psn\n|upkeep\n|turn|17\n|inactive|Time left: 300 sec this turn | 300 sec total\n|\n|t:|1783553018\n|move|p2a: Toxicroak|Knock Off|p1a: Clodsire\n|-damage|p1a: Clodsire|21/100\n|-damage|p2a: Toxicroak|81/277 tox|[from] item: Life Orb\n|move|p1a: Clodsire|Recover|p1a: Clodsire\n|-heal|p1a: Clodsire|71/100\n|\n|-damage|p2a: Toxicroak|30/277 tox|[from] psn\n|upkeep\n|turn|18\n|inactive|Time left: 300 sec this turn | 300 sec total\n|\n|t:|1783553018\n|move|p2a: Toxicroak|Close Combat|p1a: Clodsire\n|-resisted|p1a: Clodsire\n|-damage|p1a: Clodsire|40/100\n|-unboost|p2a: Toxicroak|def|1\n|-unboost|p2a: Toxicroak|spd|1\n|-damage|p2a: Toxicroak|3/277 tox|[from] item: Life Orb\n|move|p1a: Clodsire|Recover|p1a: Clodsire\n|-heal|p1a: Clodsire|90/100\n|\n|-damage|p2a: Toxicroak|0 fnt|[from] psn\n|faint|p2a: Toxicroak\n|-sideend|p2: p0y11983dff|move: Aurora Veil\n|upkeep\n|inactive|Time left: 300 sec this turn | 300 sec total | 5 sec grace\n|\n|t:|1783553019\n|switch|p2a: Gastrodon|Gastrodon, L86, M|331/331\n|-damage|p2a: Gastrodon|311/331|[from] Stealth Rock\n|turn|19\n|inactive|Time left: 300 sec this turn | 300 sec total\n|\n|t:|1783553020\n|switch|p1a: Articuno|Articuno-Galar, L84|100/100\n|move|p2a: Gastrodon|Earthquake|p1a: Articuno\n|-immune|p1a: Articuno\n|\n|-heal|p2a: Gastrodon|331/331|[from] item: Leftovers\n|upkeep\n|turn|20\n|inactive|Time left: 300 sec this turn | 300 sec total\n|\n|t:|1783553021\n|move|p1a: Articuno|Calm Mind|p1a: Articuno\n|-boost|p1a: Articuno|spa|1\n|-boost|p1a: Articuno|spd|1\n|move|p2a: Gastrodon|Sludge Bomb|p1a: Articuno\n|-damage|p1a: Articuno|87/100\n|\n|upkeep\n|turn|21\n|inactive|Time left: 300 sec this turn | 300 sec total\n|\n|t:|1783553022\n|move|p1a: Articuno|Freezing Glare|p2a: Gastrodon\n|-damage|p2a: Gastrodon|160/331\n|move|p2a: Gastrodon|Recover|p2a: Gastrodon\n|-heal|p2a: Gastrodon|326/331\n|\n|-heal|p2a: Gastrodon|331/331|[from] item: Leftovers\n|upkeep\n|turn|22\n|inactive|Time left: 300 sec this turn | 300 sec total\n|\n|t:|1783553023\n|move|p1a: Articuno|Freezing Glare|p2a: Gastrodon\n|-damage|p2a: Gastrodon|153/331\n|move|p2a: Gastrodon|Recover|p2a: Gastrodon\n|-heal|p2a: Gastrodon|319/331\n|\n|-heal|p2a: Gastrodon|331/331|[from] item: Leftovers\n|upkeep\n|turn|23\n|inactive|Time left: 300 sec this turn | 300 sec total\n|\n|t:|1783553024\n|move|p1a: Articuno|Freezing Glare|p2a: Gastrodon\n|-damage|p2a: Gastrodon|145/331\n|move|p2a: Gastrodon|Recover|p2a: Gastrodon\n|-heal|p2a: Gastrodon|311/331\n|\n|-heal|p2a: Gastrodon|331/331|[from] item: Leftovers\n|upkeep\n|turn|24\n|inactive|Time left: 300 sec this turn | 300 sec total\n|\n|t:|1783553025\n|move|p1a: Articuno|Freezing Glare|p2a: Gastrodon\n|-damage|p2a: Gastrodon|159/331\n|move|p2a: Gastrodon|Recover|p2a: Gastrodon\n|-heal|p2a: Gastrodon|325/331\n|\n|-heal|p2a: Gastrodon|331/331|[from] item: Leftovers\n|upkeep\n|turn|25\n|inactive|Time left: 300 sec this turn | 300 sec total\n|\n|t:|1783553026\n|move|p1a: Articuno|Freezing Glare|p2a: Gastrodon\n|-damage|p2a: Gastrodon|154/331\n|move|p2a: Gastrodon|Recover|p2a: Gastrodon\n|-heal|p2a: Gastrodon|320/331\n|\n|-heal|p2a: Gastrodon|331/331|[from] item: Leftovers\n|upkeep\n|turn|26\n|inactive|Time left: 300 sec this turn | 300 sec total\n|\n|t:|1783553027\n|move|p1a: Articuno|Freezing Glare|p2a: Gastrodon\n|-damage|p2a: Gastrodon|162/331\n|move|p2a: Gastrodon|Recover|p2a: Gastrodon\n|-heal|p2a: Gastrodon|328/331\n|\n|-heal|p2a: Gastrodon|331/331|[from] item: Leftovers\n|upkeep\n|turn|27\n|inactive|Time left: 300 sec this turn | 300 sec total\n|\n|t:|1783553028\n|move|p1a: Articuno|Freezing Glare|p2a: Gastrodon\n|-damage|p2a: Gastrodon|159/331\n|move|p2a: Gastrodon|Recover|p2a: Gastrodon\n|-heal|p2a: Gastrodon|325/331\n|\n|-heal|p2a: Gastrodon|331/331|[from] item: Leftovers\n|upkeep\n|turn|28\n|inactive|Time left: 300 sec this turn | 300 sec total\n|\n|t:|1783553029\n|move|p1a: Articuno|Freezing Glare|p2a: Gastrodon\n|-damage|p2a: Gastrodon|148/331\n|move|p2a: Gastrodon|Recover|p2a: Gastrodon\n|-heal|p2a: Gastrodon|314/331\n|\n|-heal|p2a: Gastrodon|331/331|[from] item: Leftovers\n|upkeep\n|turn|29\n|inactive|Time left: 300 sec this turn | 300 sec total\n|\n|t:|1783553030\n|move|p1a: Articuno|Freezing Glare|p2a: Gastrodon\n|-damage|p2a: Gastrodon|147/331\n|move|p2a: Gastrodon|Sludge Bomb|p1a: Articuno\n|-damage|p1a: Articuno|74/100\n|\n|-heal|p2a: Gastrodon|167/331|[from] item: Leftovers\n|upkeep\n|turn|30\n|inactive|Time left: 300 sec this turn | 300 sec total\n|\n|t:|1783553031\n|move|p1a: Articuno|Freezing Glare|p2a: Gastrodon\n|-damage|p2a: Gastrodon|0 fnt\n|faint|p2a: Gastrodon\n|\n|win|p0x119874b4", "uploadtime": 1783553031, "views": 0, "rating": 0, "private": 0, "password": null, "_winner": "p0x119874b4", "_our_name": "p0y11983dff"}