{"id": "battle-gen9randombattle-2281", "formatid": "gen9randombattle", "format": "[Gen 9] Random Battle", "players": ["p0x228132c0", "p0y2281c5bb"], "log": "|init|battle\n|title|p0x228132c0 vs. p0y2281c5bb\n|j|\u2606p0x228132c0\n|j|\u2606p0y2281c5bb\n|t:|1783565472\n|gametype|singles\n|player|p1|p0x228132c0|266|\n|player|p2|p0y2281c5bb|169|\n|gen|9\n|tier|[Gen 9] Random Battle\n|rule|Species Clause: Limit one of each Pok\u00e9mon\n|rule|HP Percentage Mod: HP is shown in percentages\n|rule|Sleep Clause Mod: Limit one foe put to sleep\n|rule|Illusion Level Mod: Illusion disguises the Pok\u00e9mon's true level\n|\n|t:|1783565472\n|teamsize|p1|6\n|teamsize|p2|6\n|start\n|switch|p1a: Kingdra|Kingdra, L84, M|263/263\n|switch|p2a: Slowbro|Slowbro-Galar, L87, M|100/100\n|turn|1\n|inactive|Battle timer is ON: inactive players will automatically lose when time's up. (requested by p0y2281c5bb)\n|inactive|Time left: 300 sec this turn | 300 sec total | 60 sec grace\n|inactive|p0x228132c0 also wants the timer to be on.\n|\n|t:|1783565474\n|move|p1a: Kingdra|Dragon Dance|p1a: Kingdra\n|-boost|p1a: Kingdra|atk|1\n|-boost|p1a: Kingdra|spe|1\n|move|p2a: Slowbro|Shell Side Arm|p1a: Kingdra|[anim] Shell Side Arm Physical\n|-damage|p1a: Kingdra|127/263\n|-hint|Physical Shell Side Arm\n|-status|p1a: Kingdra|psn\n|-enditem|p1a: Kingdra|Lum Berry|[eat]\n|-curestatus|p1a: Kingdra|psn|[msg]\n|-damage|p2a: Slowbro|91/100|[from] item: Life Orb\n|\n|upkeep\n|turn|2\n|inactive|Time left: 300 sec this turn | 300 sec total\n|\n|t:|1783565475\n|move|p1a: Kingdra|Outrage|p2a: Slowbro\n|-damage|p2a: Slowbro|33/100\n|move|p2a: Slowbro|Shell Side Arm|p1a: Kingdra|[anim] Shell Side Arm Physical\n|-damage|p1a: Kingdra|2/263\n|-hint|Physical Shell Side Arm\n|-damage|p2a: Slowbro|23/100|[from] item: Life Orb\n|\n|upkeep\n|turn|3\n|inactive|Time left: 300 sec this turn | 300 sec total\n|\n|t:|1783565475\n|switch|p2a: Spiritomb|Spiritomb, L89, M|100/100\n|move|p1a: Kingdra|Outrage|p2a: Spiritomb|[from] lockedmove\n|-damage|p2a: Spiritomb|34/100\n|-start|p1a: Kingdra|confusion|[fatigue]\n|\n|-heal|p2a: Spiritomb|40/100|[from] item: Leftovers\n|upkeep\n|turn|4\n|inactive|Time left: 300 sec this turn | 300 sec total\n|\n|t:|1783565477\n|move|p2a: Spiritomb|Shadow Sneak|p1a: Kingdra\n|-damage|p1a: Kingdra|0 fnt\n|faint|p1a: Kingdra\n|\n|-heal|p2a: Spiritomb|46/100|[from] item: Leftovers\n|upkeep\n|inactive|Time left: 300 sec this turn | 300 sec total | 5 sec grace\n|\n|t:|1783565478\n|switch|p1a: Alcremie|Alcremie-Caramel-Swirl, L90, F|263/263\n|turn|5\n|inactive|Time left: 300 sec this turn | 300 sec total\n|\n|t:|1783565479\n|switch|p2a: Incineroar|Incineroar, L82, F|100/100\n|-ability|p2a: Incineroar|Intimidate|boost\n|-unboost|p1a: Alcremie|atk|1\n|move|p1a: Alcremie|Alluring Voice|p2a: Incineroar\n|-damage|p2a: Incineroar|61/100\n|\n|upkeep\n|turn|6\n|inactive|Time left: 300 sec this turn | 300 sec total\n|\n|t:|1783565480\n|move|p1a: Alcremie|Alluring Voice|p2a: Incineroar\n|-damage|p2a: Incineroar|26/100\n|move|p2a: Incineroar|Parting Shot|p1a: Alcremie\n|-unboost|p1a: Alcremie|atk|1\n|-unboost|p1a: Alcremie|spa|1\n|\n|t:|1783565481\n|switch|p2a: Slowbro|Slowbro-Galar, L87, M|57/100|[from] Parting Shot\n|\n|upkeep\n|turn|7\n|inactive|Time left: 300 sec this turn | 300 sec total\n|\n|t:|1783565482\n|switch|p1a: Gliscor|Gliscor, L76, M|239/239\n|move|p2a: Slowbro|Psychic|p1a: Gliscor\n|-damage|p1a: Gliscor|64/239\n|-damage|p2a: Slowbro|47/100|[from] item: Life Orb\n|\n|-status|p1a: Gliscor|tox|[from] item: Toxic Orb\n|upkeep\n|turn|8\n|inactive|Time left: 300 sec this turn | 300 sec total\n|\n|t:|1783565483\n|switch|p2a: Dragonite|Dragonite, L74, M|100/100\n|move|p1a: Gliscor|Earthquake|p2a: Dragonite\n|-immune|p2a: Dragonite\n|\n|-heal|p1a: Gliscor|93/239 tox|[from] ability: Poison Heal\n|upkeep\n|turn|9\n|inactive|Time left: 300 sec this turn | 300 sec total\n|\n|t:|1783565484\n|move|p1a: Gliscor|Toxic|p2a: Dragonite\n|-status|p2a: Dragonite|tox\n|move|p2a: Dragonite|Dragon Dance|p2a: Dragonite\n|-boost|p2a: Dragonite|atk|1\n|-boost|p2a: Dragonite|spe|1\n|\n|-damage|p2a: Dragonite|94/100 tox|[from] psn\n|-heal|p1a: Gliscor|122/239 tox|[from] ability: Poison Heal\n|upkeep\n|turn|10\n|inactive|Time left: 300 sec this turn | 300 sec total\n|\n|t:|1783565485\n|switch|p1a: Alcremie|Alcremie-Caramel-Swirl, L90, F|263/263\n|move|p2a: Dragonite|Outrage|p1a: Alcremie\n|-immune|p1a: Alcremie\n|\n|-damage|p2a: Dragonite|82/100 tox|[from] psn\n|upkeep\n|turn|11\n|inactive|Time left: 300 sec this turn | 300 sec total\n|\n|t:|1783565486\n|-terastallize|p2a: Dragonite|Flying\n|move|p2a: Dragonite|Tera Blast|p1a: Alcremie|[anim] Tera Blast Flying\n|-damage|p1a: Alcremie|83/263\n|move|p1a: Alcremie|Alluring Voice|p2a: Dragonite\n|-damage|p2a: Dragonite|37/100 tox\n|\n|-heal|p1a: Alcremie|99/263|[from] item: Leftovers\n|-damage|p2a: Dragonite|18/100 tox|[from] psn\n|upkeep\n|turn|12\n|inactive|Time left: 300 sec this turn | 300 sec total\n|\n|t:|1783565487\n|switch|p1a: Cresselia|Cresselia, L80, F|323/323\n|move|p2a: Dragonite|Tera Blast|p1a: Cresselia|[anim] Tera Blast Flying\n|-damage|p1a: Cresselia|179/323\n|\n|-heal|p1a: Cresselia|199/323|[from] item: Leftovers\n|-damage|p2a: Dragonite|0 fnt|[from] psn\n|faint|p2a: Dragonite\n|upkeep\n|\n|t:|1783565488\n|switch|p2a: Incineroar|Incineroar, L82, F|26/100\n|-ability|p2a: Incineroar|Intimidate|boost\n|-unboost|p1a: Cresselia|atk|1\n|turn|13\n|inactive|Time left: 300 sec this turn | 300 sec total\n|\n|t:|1783565488\n|switch|p1a: Alcremie|Alcremie-Caramel-Swirl, L90, F|99/263\n|move|p2a: Incineroar|Knock Off|p1a: Alcremie\n|-resisted|p1a: Alcremie\n|-damage|p1a: Alcremie|36/263\n|-enditem|p1a: Alcremie|Leftovers|[from] move: Knock Off|[of] p2a: Incineroar\n|\n|upkeep\n|turn|14\n|inactive|Time left: 300 sec this turn | 300 sec total\n|\n|t:|1783565489\n|move|p1a: Alcremie|Alluring Voice|p2a: Incineroar\n|-damage|p2a: Incineroar|0 fnt\n|faint|p2a: Incineroar\n|\n|upkeep\n|\n|t:|1783565490\n|switch|p2a: Indeedee|Indeedee-F, L90, F|100/100\n|-fieldstart|move: Psychic Terrain|[from] ability: Psychic Surge|[of] p2a: Indeedee\n|turn|15\n|inactive|Time left: 300 sec this turn | 300 sec total\n|\n|t:|1783565491\n|switch|p1a: Wo-Chien|Wo-Chien, L83|277/277\n|-ability|p1a: Wo-Chien|Tablets of Ruin\n|move|p2a: Indeedee|Calm Mind|p2a: Indeedee\n|-boost|p2a: Indeedee|spa|1\n|-boost|p2a: Indeedee|spd|1\n|\n|upkeep\n|turn|16\n|inactive|Time left: 300 sec this turn | 300 sec total\n|\n|t:|1783565492\n|move|p2a: Indeedee|Hyper Voice|p1a: Wo-Chien\n|-damage|p1a: Wo-Chien|129/277\n|-damage|p2a: Indeedee|91/100|[from] item: Life Orb\n|move|p1a: Wo-Chien|Knock Off|p2a: Indeedee\n|-supereffective|p2a: Indeedee\n|-damage|p2a: Indeedee|9/100\n|-enditem|p2a: Indeedee|Life Orb|[from] move: Knock Off|[of] p1a: Wo-Chien\n|\n|-heal|p1a: Wo-Chien|146/277|[from] item: Leftovers\n|upkeep\n|turn|17\n|inactive|Time left: 300 sec this turn | 300 sec total\n|\n|t:|1783565493\n|move|p2a: Indeedee|Hyper Voice|p1a: Wo-Chien\n|-damage|p1a: Wo-Chien|23/277\n|move|p1a: Wo-Chien|Knock Off|p2a: Indeedee\n|-supereffective|p2a: Indeedee\n|-damage|p2a: Indeedee|0 fnt\n|faint|p2a: Indeedee\n|\n|-heal|p1a: Wo-Chien|40/277|[from] item: Leftovers\n|upkeep\n|\n|t:|1783565494\n|switch|p2a: Eelektross|Eelektross, L87, F|100/100\n|turn|18\n|inactive|Time left: 300 sec this turn | 300 sec total\n|\n|t:|1783565495\n|move|p1a: Wo-Chien|Protect|p1a: Wo-Chien\n|-singleturn|p1a: Wo-Chien|Protect\n|move|p2a: Eelektross|Coil|p2a: Eelektross\n|-boost|p2a: Eelektross|atk|1\n|-boost|p2a: Eelektross|def|1\n|-boost|p2a: Eelektross|accuracy|1\n|\n|-heal|p1a: Wo-Chien|57/277|[from] item: Leftovers\n|upkeep\n|turn|19\n|inactive|Time left: 300 sec this turn | 300 sec total\n|\n|t:|1783565496\n|move|p1a: Wo-Chien|Leech Seed|p2a: Eelektross\n|-start|p2a: Eelektross|move: Leech Seed\n|move|p2a: Eelektross|Fire Punch|p1a: Wo-Chien\n|-supereffective|p1a: Wo-Chien\n|-damage|p1a: Wo-Chien|0 fnt\n|faint|p1a: Wo-Chien\n|\n|-fieldend|move: Psychic Terrain\n|upkeep\n|inactive|Time left: 300 sec this turn | 300 sec total | 5 sec grace\n|\n|t:|1783565497\n|switch|p1a: Gliscor|Gliscor, L76, M|122/239 tox\n|turn|20\n|inactive|Time left: 300 sec this turn | 300 sec total\n|\n|t:|1783565498\n|move|p1a: Gliscor|Toxic|p2a: Eelektross\n|-status|p2a: Eelektross|tox\n|move|p2a: Eelektross|Coil|p2a: Eelektross\n|-boost|p2a: Eelektross|atk|1\n|-boost|p2a: Eelektross|def|1\n|-boost|p2a: Eelektross|accuracy|1\n|\n|-damage|p2a: Eelektross|88/100 tox|[from] Leech Seed|[of] p1a: Gliscor\n|-heal|p1a: Gliscor|158/239 tox|[silent]\n|-heal|p1a: Gliscor|187/239 tox|[from] ability: Poison Heal\n|-damage|p2a: Eelektross|82/100 tox|[from] psn\n|upkeep\n|turn|21\n|inactive|Time left: 300 sec this turn | 300 sec total\n|\n|t:|1783565499\n|move|p1a: Gliscor|Substitute|p1a: Gliscor\n|-start|p1a: Gliscor|Substitute\n|-damage|p1a: Gliscor|128/239 tox\n|move|p2a: Eelektross|Coil|p2a: Eelektross\n|-boost|p2a: Eelektross|atk|1\n|-boost|p2a: Eelektross|def|1\n|-boost|p2a: Eelektross|accuracy|1\n|\n|-heal|p2a: Eelektross|88/100 tox|[from] item: Leftovers\n|-damage|p2a: Eelektross|76/100 tox|[from] Leech Seed|[of] p1a: Gliscor\n|-heal|p1a: Gliscor|164/239 tox|[silent]\n|-heal|p1a: Gliscor|193/239 tox|[from] ability: Poison Heal\n|-damage|p2a: Eelektross|63/100 tox|[from] psn\n|upkeep\n|turn|22\n|inactive|Time left: 300 sec this turn | 300 sec total\n|\n|t:|1783565500\n|move|p1a: Gliscor|Earthquake|p2a: Eelektross\n|-immune|p2a: Eelektross|[from] ability: Levitate\n|move|p2a: Eelektross|Drain Punch|p1a: Gliscor\n|-resisted|p1a: Gliscor\n|-end|p1a: Gliscor|Substitute\n|-heal|p2a: Eelektross|74/100 tox|[from] drain|[of] p1a: Gliscor\n|\n|-heal|p2a: Eelektross|80/100 tox|[from] item: Leftovers\n|-damage|p2a: Eelektross|67/100 tox|[from] Leech Seed|[of] p1a: Gliscor\n|-heal|p1a: Gliscor|229/239 tox|[silent]\n|-heal|p1a: Gliscor|239/239 tox|[from] ability: Poison Heal\n|-damage|p2a: Eelektross|49/100 tox|[from] psn\n|upkeep\n|turn|23\n|inactive|Time left: 300 sec this turn | 300 sec total\n|\n|t:|1783565501\n|move|p1a: Gliscor|Earthquake|p2a: Eelektross\n|-immune|p2a: Eelektross|[from] ability: Levitate\n|move|p2a: Eelektross|Drain Punch|p1a: Gliscor\n|-resisted|p1a: Gliscor\n|-damage|p1a: Gliscor|166/239 tox\n|-heal|p2a: Eelektross|62/100 tox|[from] drain|[of] p1a: Gliscor\n|\n|-heal|p2a: Eelektross|68/100 tox|[from] item: Leftovers\n|-damage|p2a: Eelektross|55/100 tox|[from] Leech Seed|[of] p1a: Gliscor\n|-heal|p1a: Gliscor|202/239 tox|[silent]\n|-heal|p1a: Gliscor|231/239 tox|[from] ability: Poison Heal\n|-damage|p2a: Eelektross|30/100 tox|[from] psn\n|upkeep\n|turn|24\n|inactive|Time left: 300 sec this turn | 300 sec total\n|\n|t:|1783565503\n|switch|p2a: Slowbro|Slowbro-Galar, L87, M|80/100\n|move|p1a: Gliscor|Substitute|p1a: Gliscor\n|-start|p1a: Gliscor|Substitute\n|-damage|p1a: Gliscor|172/239 tox\n|\n|-heal|p1a: Gliscor|201/239 tox|[from] ability: Poison Heal\n|upkeep\n|turn|25\n|inactive|Time left: 300 sec this turn | 300 sec total\n|\n|t:|1783565504\n|switch|p2a: Eelektross|Eelektross, L87, F|30/100 tox\n|move|p1a: Gliscor|Earthquake|p2a: Eelektross\n|-immune|p2a: Eelektross|[from] ability: Levitate\n|\n|-heal|p2a: Eelektross|37/100 tox|[from] item: Leftovers\n|-heal|p1a: Gliscor|230/239 tox|[from] ability: Poison Heal\n|-damage|p2a: Eelektross|30/100 tox|[from] psn\n|upkeep\n|turn|26\n|inactive|Time left: 300 sec this turn | 300 sec total\n|\n|t:|1783565505\n|move|p1a: Gliscor|Earthquake|p2a: Eelektross\n|-immune|p2a: Eelektross|[from] ability: Levitate\n|move|p2a: Eelektross|Fire Punch|p1a: Gliscor\n|-activate|p1a: Gliscor|move: Substitute|[damage]\n|\n|-heal|p2a: Eelektross|37/100 tox|[from] item: Leftovers\n|-heal|p1a: Gliscor|239/239 tox|[from] ability: Poison Heal\n|-damage|p2a: Eelektross|24/100 tox|[from] psn\n|upkeep\n|turn|27\n|inactive|Time left: 300 sec this turn | 300 sec total\n|\n|t:|1783565506\n|switch|p2a: Slowbro|Slowbro-Galar, L87, M|100/100\n|move|p1a: Gliscor|Earthquake|p2a: Slowbro\n|-supereffective|p2a: Slowbro\n|-damage|p2a: Slowbro|47/100\n|\n|upkeep\n|turn|28\n|inactive|Time left: 300 sec this turn | 300 sec total\n|\n|t:|1783565507\n|switch|p2a: Eelektross|Eelektross, L87, F|24/100 tox\n|move|p1a: Gliscor|Earthquake|p2a: Eelektross\n|-immune|p2a: Eelektross|[from] ability: Levitate\n|\n|-heal|p2a: Eelektross|30/100 tox|[from] item: Leftovers\n|-damage|p2a: Eelektross|24/100 tox|[from] psn\n|upkeep\n|turn|29\n|inactive|Time left: 300 sec this turn | 300 sec total\n|\n|t:|1783565508\n|move|p1a: Gliscor|Earthquake|p2a: Eelektross\n|-immune|p2a: Eelektross|[from] ability: Levitate\n|move|p2a: Eelektross|Drain Punch|p1a: Gliscor\n|-resisted|p1a: Gliscor\n|-end|p1a: Gliscor|Substitute\n|-heal|p2a: Eelektross|25/100 tox|[from] drain|[of] p1a: Gliscor\n|\n|-heal|p2a: Eelektross|31/100 tox|[from] item: Leftovers\n|-damage|p2a: Eelektross|18/100 tox|[from] psn\n|upkeep\n|turn|30\n|inactive|Time left: 300 sec this turn | 300 sec total\n|\n|t:|1783565509\n|switch|p2a: Spiritomb|Spiritomb, L89, M|46/100\n|move|p1a: Gliscor|Substitute|p1a: Gliscor\n|-start|p1a: Gliscor|Substitute\n|-damage|p1a: Gliscor|180/239 tox\n|\n|-heal|p2a: Spiritomb|52/100|[from] item: Leftovers\n|-heal|p1a: Gliscor|209/239 tox|[from] ability: Poison Heal\n|upkeep\n|turn|31\n|inactive|Time left: 300 sec this turn | 300 sec total\n|\n|t:|1783565510\n|move|p1a: Gliscor|Earthquake|p2a: Spiritomb\n|-damage|p2a: Spiritomb|22/100\n|move|p2a: Spiritomb|Poltergeist|p1a: Gliscor\n|-activate|p1a: Gliscor|move: Poltergeist|Toxic Orb\n|-damage|p1a: Gliscor|95/239 tox\n|\n|-heal|p2a: Spiritomb|28/100|[from] item: Leftovers\n|-heal|p1a: Gliscor|124/239 tox|[from] ability: Poison Heal\n|upkeep\n|turn|32\n|inactive|Time left: 300 sec this turn | 300 sec total\n|\n|t:|1783565511\n|switch|p2a: Eelektross|Eelektross, L87, F|18/100 tox\n|move|p1a: Gliscor|Earthquake|p2a: Eelektross\n|-immune|p2a: Eelektross|[from] ability: Levitate\n|\n|-heal|p2a: Eelektross|25/100 tox|[from] item: Leftovers\n|-heal|p1a: Gliscor|153/239 tox|[from] ability: Poison Heal\n|-damage|p2a: Eelektross|18/100 tox|[from] psn\n|upkeep\n|turn|33\n|inactive|Time left: 300 sec this turn | 300 sec total\n|\n|t:|1783565512\n|switch|p2a: Slowbro|Slowbro-Galar, L87, M|80/100\n|move|p1a: Gliscor|Earthquake|p2a: Slowbro\n|-supereffective|p2a: Slowbro\n|-damage|p2a: Slowbro|31/100\n|\n|-heal|p1a: Gliscor|182/239 tox|[from] ability: Poison Heal\n|upkeep\n|turn|34\n|inactive|Time left: 300 sec this turn | 300 sec total\n|\n|t:|1783565513\n|switch|p2a: Eelektross|Eelektross, L87, F|18/100 tox\n|move|p1a: Gliscor|Earthquake|p2a: Eelektross\n|-immune|p2a: Eelektross|[from] ability: Levitate\n|\n|-heal|p2a: Eelektross|25/100 tox|[from] item: Leftovers\n|-heal|p1a: Gliscor|211/239 tox|[from] ability: Poison Heal\n|-damage|p2a: Eelektross|18/100 tox|[from] psn\n|upkeep\n|turn|35\n|inactive|Time left: 300 sec this turn | 300 sec total\n|\n|t:|1783565514\n|switch|p2a: Slowbro|Slowbro-Galar, L87, M|64/100\n|move|p1a: Gliscor|Earthquake|p2a: Slowbro\n|-supereffective|p2a: Slowbro\n|-damage|p2a: Slowbro|15/100\n|\n|-heal|p1a: Gliscor|239/239 tox|[from] ability: Poison Heal\n|upkeep\n|turn|36\n|inactive|Time left: 300 sec this turn | 300 sec total\n|\n|t:|1783565515\n|switch|p2a: Eelektross|Eelektross, L87, F|18/100 tox\n|move|p1a: Gliscor|Earthquake|p2a: Eelektross\n|-immune|p2a: Eelektross|[from] ability: Levitate\n|\n|-heal|p2a: Eelektross|25/100 tox|[from] item: Leftovers\n|-damage|p2a: Eelektross|18/100 tox|[from] psn\n|upkeep\n|turn|37\n|inactive|Time left: 300 sec this turn | 300 sec total\n|\n|t:|1783565516\n|switch|p2a: Spiritomb|Spiritomb, L89, M|28/100\n|move|p1a: Gliscor|Earthquake|p2a: Spiritomb\n|-damage|p2a: Spiritomb|0 fnt\n|faint|p2a: Spiritomb\n|\n|upkeep\n|\n|t:|1783565517\n|switch|p2a: Slowbro|Slowbro-Galar, L87, M|48/100\n|turn|38\n|inactive|Time left: 300 sec this turn | 300 sec total\n|\n|t:|1783565518\n|switch|p2a: Eelektross|Eelektross, L87, F|18/100 tox\n|move|p1a: Gliscor|Earthquake|p2a: Eelektross\n|-immune|p2a: Eelektross|[from] ability: Levitate\n|\n|-heal|p2a: Eelektross|25/100 tox|[from] item: Leftovers\n|-damage|p2a: Eelektross|18/100 tox|[from] psn\n|upkeep\n|turn|39\n|inactive|Time left: 300 sec this turn | 300 sec total\n|\n|t:|1783565519\n|switch|p1a: Cresselia|Cresselia, L80, F|199/323\n|switch|p2a: Slowbro|Slowbro-Galar, L87, M|82/100\n|\n|-heal|p1a: Cresselia|219/323|[from] item: Leftovers\n|upkeep\n|turn|40\n|inactive|Time left: 300 sec this turn | 300 sec total\n|\n|t:|1783565519\n|move|p1a: Cresselia|Calm Mind|p1a: Cresselia\n|-boost|p1a: Cresselia|spa|1\n|-boost|p1a: Cresselia|spd|1\n|move|p2a: Slowbro|Shell Side Arm|p1a: Cresselia|[anim] Shell Side Arm Physical\n|-damage|p1a: Cresselia|106/323\n|-hint|Physical Shell Side Arm\n|-damage|p2a: Slowbro|72/100|[from] item: Life Orb\n|\n|-heal|p1a: Cresselia|126/323|[from] item: Leftovers\n|upkeep\n|turn|41\n|inactive|Time left: 300 sec this turn | 300 sec total\n|\n|t:|1783565521\n|move|p1a: Cresselia|Moonlight|p1a: Cresselia\n|-heal|p1a: Cresselia|287/323\n|move|p2a: Slowbro|Shell Side Arm|p1a: Cresselia|[anim] Shell Side Arm Physical\n|-damage|p1a: Cresselia|170/323\n|-hint|Physical Shell Side Arm\n|-damage|p2a: Slowbro|62/100|[from] item: Life Orb\n|\n|-heal|p1a: Cresselia|190/323|[from] item: Leftovers\n|upkeep\n|turn|42\n|inactive|Time left: 300 sec this turn | 300 sec total\n|\n|t:|1783565522\n|switch|p2a: Eelektross|Eelektross, L87, F|18/100 tox\n|move|p1a: Cresselia|Calm Mind|p1a: Cresselia\n|-boost|p1a: Cresselia|spa|1\n|-boost|p1a: Cresselia|spd|1\n|\n|-heal|p1a: Cresselia|210/323|[from] item: Leftovers\n|-heal|p2a: Eelektross|25/100 tox|[from] item: Leftovers\n|-damage|p2a: Eelektross|18/100 tox|[from] psn\n|upkeep\n|turn|43\n|inactive|Time left: 300 sec this turn | 300 sec total\n|\n|t:|1783565523\n|switch|p2a: Slowbro|Slowbro-Galar, L87, M|95/100\n|move|p1a: Cresselia|Psyshock|p2a: Slowbro\n|-damage|p2a: Slowbro|57/100\n|\n|-heal|p1a: Cresselia|230/323|[from] item: Leftovers\n|upkeep\n|turn|44\n|inactive|Time left: 300 sec this turn | 300 sec total\n|\n|t:|1783565524\n|switch|p2a: Eelektross|Eelektross, L87, F|18/100 tox\n|-terastallize|p1a: Cresselia|Electric\n|move|p1a: Cresselia|Thunderbolt|p2a: Eelektross\n|-resisted|p2a: Eelektross\n|-crit|p2a: Eelektross\n|-damage|p2a: Eelektross|0 fnt\n|faint|p2a: Eelektross\n|\n|-heal|p1a: Cresselia|250/323|[from] item: Leftovers\n|upkeep\n|\n|t:|1783565525\n|switch|p2a: Slowbro|Slowbro-Galar, L87, M|90/100\n|turn|45\n|inactive|Time left: 300 sec this turn | 300 sec total\n|\n|t:|1783565526\n|move|p1a: Cresselia|Thunderbolt|p2a: Slowbro\n|-damage|p2a: Slowbro|34/100\n|move|p2a: Slowbro|Psychic|p1a: Cresselia\n|-damage|p1a: Cresselia|195/323\n|-damage|p2a: Slowbro|25/100|[from] item: Life Orb\n|\n|-heal|p1a: Cresselia|215/323|[from] item: Leftovers\n|upkeep\n|turn|46\n|inactive|Time left: 300 sec this turn | 300 sec total\n|\n|t:|1783565527\n|move|p1a: Cresselia|Psyshock|p2a: Slowbro\n|-damage|p2a: Slowbro|0 fnt\n|faint|p2a: Slowbro\n|\n|win|p0x228132c0", "uploadtime": 1783565527, "views": 0, "rating": 0, "private": 0, "password": null, "_winner": "p0x228132c0", "_our_name": "p0x228132c0"}