{"id": "battle-gen9randombattle-1372", "formatid": "gen9randombattle", "format": "[Gen 9] Random Battle", "players": ["p0x1372de39", "p0y13725c3e"], "log": "|init|battle\n|title|p0x1372de39 vs. p0y13725c3e\n|j|\u2606p0x1372de39\n|j|\u2606p0y13725c3e\n|t:|1783555027\n|gametype|singles\n|player|p1|p0x1372de39|265|\n|player|p2|p0y13725c3e|101|\n|gen|9\n|tier|[Gen 9] Random Battle\n|rule|Species Clause: Limit one of each Pok\u00e9mon\n|rule|HP Percentage Mod: HP is shown in percentages\n|rule|Sleep Clause Mod: Limit one foe put to sleep\n|rule|Illusion Level Mod: Illusion disguises the Pok\u00e9mon's true level\n|\n|t:|1783555027\n|teamsize|p1|6\n|teamsize|p2|6\n|start\n|switch|p1a: Incineroar|Incineroar, L82, F|100/100\n|switch|p2a: Annihilape|Annihilape, L76, F|292/292\n|-ability|p1a: Incineroar|Intimidate|boost\n|-unboost|p2a: Annihilape|atk|1\n|-ability|p2a: Annihilape|Defiant|boost\n|-boost|p2a: Annihilape|atk|2\n|turn|1\n|inactive|Battle timer is ON: inactive players will automatically lose when time's up. (requested by p0x1372de39)\n|inactive|Time left: 300 sec this turn | 300 sec total | 60 sec grace\n|\n|t:|1783555029\n|switch|p1a: Spidops|Spidops, L96, F|100/100\n|move|p2a: Annihilape|Drain Punch|p1a: Spidops\n|-resisted|p1a: Spidops\n|-damage|p1a: Spidops|83/100\n|\n|upkeep\n|turn|2\n|inactive|Time left: 300 sec this turn | 300 sec total\n|inactive|p0y13725c3e also wants the timer to be on.\n|\n|t:|1783555030\n|move|p2a: Annihilape|Bulk Up|p2a: Annihilape\n|-boost|p2a: Annihilape|atk|1\n|-boost|p2a: Annihilape|def|1\n|move|p1a: Spidops|Sticky Web|p2a: Annihilape\n|-sidestart|p2: p0y13725c3e|move: Sticky Web\n|\n|upkeep\n|turn|3\n|inactive|Time left: 300 sec this turn | 300 sec total\n|\n|t:|1783555032\n|move|p2a: Annihilape|Rage Fist|p1a: Spidops\n|-damage|p1a: Spidops|54/100\n|move|p1a: Spidops|Knock Off|p2a: Annihilape\n|-damage|p2a: Annihilape|230/292\n|-enditem|p2a: Annihilape|Leftovers|[from] move: Knock Off|[of] p1a: Spidops\n|\n|upkeep\n|turn|4\n|inactive|Time left: 300 sec this turn | 300 sec total\n|\n|t:|1783555033\n|move|p2a: Annihilape|Rage Fist|p1a: Spidops\n|-damage|p1a: Spidops|0 fnt\n|faint|p1a: Spidops\n|\n|upkeep\n|\n|t:|1783555033\n|switch|p1a: Oricorio|Oricorio-Pa'u, L87, M|100/100\n|turn|5\n|inactive|Time left: 300 sec this turn | 300 sec total\n|\n|t:|1783555035\n|move|p1a: Oricorio|Hurricane|p2a: Annihilape|[miss]\n|-miss|p1a: Oricorio|p2a: Annihilape\n|move|p2a: Annihilape|Rage Fist|p1a: Oricorio\n|-supereffective|p1a: Oricorio\n|-damage|p1a: Oricorio|0 fnt\n|faint|p1a: Oricorio\n|\n|upkeep\n|\n|t:|1783555036\n|switch|p1a: Pachirisu|Pachirisu, L96, M|100/100\n|turn|6\n|inactive|Time left: 300 sec this turn | 300 sec total\n|\n|t:|1783555037\n|move|p1a: Pachirisu|Nuzzle|p2a: Annihilape\n|-damage|p2a: Annihilape|217/292\n|-status|p2a: Annihilape|par\n|cant|p2a: Annihilape|par\n|\n|upkeep\n|turn|7\n|inactive|Time left: 300 sec this turn | 300 sec total\n|\n|t:|1783555038\n|move|p1a: Pachirisu|Thunderbolt|p2a: Annihilape\n|-damage|p2a: Annihilape|142/292 par\n|cant|p2a: Annihilape|par\n|\n|upkeep\n|turn|8\n|inactive|Time left: 300 sec this turn | 300 sec total\n|\n|t:|1783555039\n|move|p1a: Pachirisu|Thunderbolt|p2a: Annihilape\n|-damage|p2a: Annihilape|60/292 par\n|move|p2a: Annihilape|Drain Punch|p1a: Pachirisu\n|-damage|p1a: Pachirisu|44/100\n|-heal|p2a: Annihilape|137/292 par|[from] drain|[of] p1a: Pachirisu\n|\n|upkeep\n|turn|9\n|inactive|Time left: 300 sec this turn | 300 sec total\n|\n|t:|1783555040\n|move|p1a: Pachirisu|Thunderbolt|p2a: Annihilape\n|-damage|p2a: Annihilape|53/292 par\n|move|p2a: Annihilape|Drain Punch|p1a: Pachirisu\n|-damage|p1a: Pachirisu|0 fnt\n|-heal|p2a: Annihilape|112/292 par|[from] drain|[of] p1a: Pachirisu\n|faint|p1a: Pachirisu\n|\n|upkeep\n|\n|t:|1783555041\n|switch|p1a: Iron Thorns|Iron Thorns, L83|100/100\n|-enditem|p1a: Iron Thorns|Booster Energy\n|-activate|p1a: Iron Thorns|ability: Quark Drive|[fromitem]\n|-start|p1a: Iron Thorns|quarkdriveatk\n|turn|10\n|inactive|Time left: 300 sec this turn | 300 sec total\n|\n|t:|1783555042\n|move|p1a: Iron Thorns|Wild Charge|p2a: Annihilape\n|-damage|p2a: Annihilape|0 fnt\n|faint|p2a: Annihilape\n|-damage|p1a: Iron Thorns|91/100|[from] Recoil\n|\n|upkeep\n|inactive|Time left: 300 sec this turn | 300 sec total | 5 sec grace\n|\n|t:|1783555043\n|switch|p2a: Mandibuzz|Mandibuzz, L85, F|326/326\n|turn|11\n|inactive|Time left: 300 sec this turn | 300 sec total\n|\n|t:|1783555044\n|move|p2a: Mandibuzz|Defog|p1a: Iron Thorns\n|-unboost|p1a: Iron Thorns|evasion|1\n|-sideend|p2: p0y13725c3e|Sticky Web|[from] move: Defog|[of] p2a: Mandibuzz\n|move|p1a: Iron Thorns|Dragon Dance|p1a: Iron Thorns\n|-boost|p1a: Iron Thorns|atk|1\n|-boost|p1a: Iron Thorns|spe|1\n|\n|upkeep\n|turn|12\n|inactive|Time left: 300 sec this turn | 300 sec total\n|\n|t:|1783555045\n|-terastallize|p2a: Mandibuzz|Steel\n|move|p1a: Iron Thorns|Wild Charge|p2a: Mandibuzz\n|-damage|p2a: Mandibuzz|107/326\n|-damage|p1a: Iron Thorns|73/100|[from] Recoil\n|move|p2a: Mandibuzz|Foul Play|p1a: Iron Thorns\n|-damage|p1a: Iron Thorns|12/100\n|\n|upkeep\n|turn|13\n|inactive|Time left: 300 sec this turn | 300 sec total\n|\n|t:|1783555046\n|move|p1a: Iron Thorns|Wild Charge|p2a: Mandibuzz\n|-damage|p2a: Mandibuzz|0 fnt\n|faint|p2a: Mandibuzz\n|-damage|p1a: Iron Thorns|3/100|[from] Recoil\n|\n|upkeep\n|inactive|Time left: 300 sec this turn | 300 sec total | 5 sec grace\n|\n|t:|1783555047\n|switch|p2a: Meowstic|Meowstic-F, L89, F|277/277\n|turn|14\n|inactive|Time left: 300 sec this turn | 300 sec total\n|\n|t:|1783555048\n|move|p1a: Iron Thorns|Stone Edge|p2a: Meowstic\n|-crit|p2a: Meowstic\n|-damage|p2a: Meowstic|0 fnt\n|faint|p2a: Meowstic\n|\n|upkeep\n|inactive|Time left: 300 sec this turn | 300 sec total | 5 sec grace\n|\n|t:|1783555049\n|switch|p2a: Vileplume|Vileplume, L85, F|266/266\n|turn|15\n|inactive|Time left: 300 sec this turn | 300 sec total\n|\n|t:|1783555050\n|move|p1a: Iron Thorns|Ice Punch|p2a: Vileplume\n|-supereffective|p2a: Vileplume\n|-damage|p2a: Vileplume|14/266\n|move|p2a: Vileplume|Strength Sap|p1a: Iron Thorns\n|-unboost|p1a: Iron Thorns|atk|1\n|-heal|p2a: Vileplume|266/266\n|\n|upkeep\n|turn|16\n|inactive|Time left: 300 sec this turn | 300 sec total\n|\n|t:|1783555051\n|move|p1a: Iron Thorns|Stone Edge|p2a: Vileplume\n|-damage|p2a: Vileplume|101/266\n|move|p2a: Vileplume|Strength Sap|p1a: Iron Thorns\n|-unboost|p1a: Iron Thorns|atk|1\n|-heal|p2a: Vileplume|266/266\n|\n|upkeep\n|turn|17\n|inactive|Time left: 300 sec this turn | 300 sec total\n|\n|t:|1783555052\n|move|p1a: Iron Thorns|Stone Edge|p2a: Vileplume\n|-damage|p2a: Vileplume|151/266\n|move|p2a: Vileplume|Strength Sap|p1a: Iron Thorns\n|-unboost|p1a: Iron Thorns|atk|1\n|-heal|p2a: Vileplume|266/266\n|\n|upkeep\n|turn|18\n|inactive|Time left: 300 sec this turn | 300 sec total\n|\n|t:|1783555053\n|move|p1a: Iron Thorns|Ice Punch|p2a: Vileplume\n|-supereffective|p2a: Vileplume\n|-damage|p2a: Vileplume|180/266\n|move|p2a: Vileplume|Strength Sap|p1a: Iron Thorns\n|-unboost|p1a: Iron Thorns|atk|1\n|-heal|p2a: Vileplume|266/266\n|\n|upkeep\n|turn|19\n|inactive|Time left: 300 sec this turn | 300 sec total\n|\n|t:|1783555054\n|move|p1a: Iron Thorns|Wild Charge|p2a: Vileplume\n|-resisted|p2a: Vileplume\n|-damage|p2a: Vileplume|233/266\n|-damage|p1a: Iron Thorns|1/100|[from] Recoil\n|move|p2a: Vileplume|Strength Sap|p1a: Iron Thorns\n|-unboost|p1a: Iron Thorns|atk|1\n|-heal|p2a: Vileplume|266/266\n|\n|upkeep\n|turn|20\n|inactive|Time left: 300 sec this turn | 300 sec total\n|\n|t:|1783555055\n|-end|p1a: Iron Thorns|Quark Drive|[silent]\n|switch|p1a: Incineroar|Incineroar, L82, F|100/100\n|-ability|p1a: Incineroar|Intimidate|boost\n|-unboost|p2a: Vileplume|atk|1\n|move|p2a: Vileplume|Sludge Bomb|p1a: Incineroar\n|-damage|p1a: Incineroar|62/100\n|\n|upkeep\n|turn|21\n|inactive|Time left: 300 sec this turn | 300 sec total\n|\n|t:|1783555057\n|switch|p2a: Cinderace|Cinderace, L77, F|249/249\n|move|p1a: Incineroar|Flare Blitz|p2a: Cinderace\n|-resisted|p2a: Cinderace\n|-damage|p2a: Cinderace|168/249\n|-damage|p1a: Incineroar|53/100|[from] Recoil\n|\n|upkeep\n|turn|22\n|inactive|Time left: 300 sec this turn | 300 sec total\n|\n|t:|1783555058\n|switch|p1a: Iron Thorns|Iron Thorns, L83|1/100\n|move|p2a: Cinderace|High Jump Kick|p1a: Iron Thorns\n|-start|p2a: Cinderace|typechange|Fighting|[from] ability: Libero\n|-supereffective|p1a: Iron Thorns\n|-damage|p1a: Iron Thorns|0 fnt\n|faint|p1a: Iron Thorns\n|-end|p1a: Iron Thorns|Quark Drive|[silent]\n|\n|upkeep\n|\n|t:|1783555059\n|switch|p1a: Snorlax|Snorlax, L82, M|100/100\n|turn|23\n|inactive|Time left: 300 sec this turn | 300 sec total\n|\n|t:|1783555060\n|-terastallize|p1a: Snorlax|Poison\n|move|p2a: Cinderace|High Jump Kick|p1a: Snorlax\n|-resisted|p1a: Snorlax\n|-damage|p1a: Snorlax|66/100\n|move|p1a: Snorlax|Body Slam|p2a: Cinderace\n|-damage|p2a: Cinderace|47/249\n|-status|p2a: Cinderace|par\n|\n|-heal|p1a: Snorlax|72/100|[from] item: Leftovers\n|upkeep\n|turn|24\n|inactive|Time left: 300 sec this turn | 300 sec total\n|\n|t:|1783555061\n|cant|p2a: Cinderace|par\n|move|p1a: Snorlax|Curse|p1a: Snorlax\n|-unboost|p1a: Snorlax|spe|1\n|-boost|p1a: Snorlax|atk|1\n|-boost|p1a: Snorlax|def|1\n|\n|-heal|p1a: Snorlax|78/100|[from] item: Leftovers\n|upkeep\n|turn|25\n|inactive|Time left: 300 sec this turn | 300 sec total\n|\n|t:|1783555062\n|move|p2a: Cinderace|High Jump Kick|p1a: Snorlax\n|-resisted|p1a: Snorlax\n|-damage|p1a: Snorlax|58/100\n|move|p1a: Snorlax|Body Slam|p2a: Cinderace\n|-damage|p2a: Cinderace|0 fnt\n|faint|p2a: Cinderace\n|\n|-heal|p1a: Snorlax|64/100|[from] item: Leftovers\n|upkeep\n|inactive|Time left: 300 sec this turn | 300 sec total | 5 sec grace\n|\n|t:|1783555063\n|switch|p2a: Porygon-Z|Porygon-Z, L83|277/277\n|turn|26\n|inactive|Time left: 300 sec this turn | 300 sec total\n|\n|t:|1783555064\n|move|p2a: Porygon-Z|Nasty Plot|p2a: Porygon-Z\n|-boost|p2a: Porygon-Z|spa|2\n|move|p1a: Snorlax|Body Slam|p2a: Porygon-Z\n|-damage|p2a: Porygon-Z|99/277\n|\n|-heal|p1a: Snorlax|70/100|[from] item: Leftovers\n|upkeep\n|turn|27\n|inactive|Time left: 300 sec this turn | 300 sec total\n|\n|t:|1783555066\n|move|p2a: Porygon-Z|Tera Blast|p1a: Snorlax\n|-damage|p1a: Snorlax|0 fnt\n|faint|p1a: Snorlax\n|-damage|p2a: Porygon-Z|72/277|[from] item: Life Orb\n|\n|upkeep\n|\n|t:|1783555067\n|switch|p1a: Incineroar|Incineroar, L82, F|53/100\n|-ability|p1a: Incineroar|Intimidate|boost\n|-unboost|p2a: Porygon-Z|atk|1\n|turn|28\n|inactive|Time left: 300 sec this turn | 300 sec total\n|\n|t:|1783555067\n|move|p2a: Porygon-Z|Tera Blast|p1a: Incineroar\n|-damage|p1a: Incineroar|0 fnt\n|faint|p1a: Incineroar\n|-damage|p2a: Porygon-Z|45/277|[from] item: Life Orb\n|\n|win|p0y13725c3e", "uploadtime": 1783555067, "views": 0, "rating": 0, "private": 0, "password": null, "_winner": "p0y13725c3e", "_our_name": "p0y13725c3e"}