{"id": "battle-gen9randombattle-2724", "formatid": "gen9randombattle", "format": "[Gen 9] Random Battle", "players": ["p0x2724811b", "p0y272485fc"], "log": "|init|battle\n|title|p0x2724811b vs. p0y272485fc\n|j|\u2606p0x2724811b\n|j|\u2606p0y272485fc\n|t:|1783570397\n|gametype|singles\n|player|p1|p0x2724811b|2|\n|player|p2|p0y272485fc|170|\n|gen|9\n|tier|[Gen 9] Random Battle\n|rule|Species Clause: Limit one of each Pok\u00e9mon\n|rule|HP Percentage Mod: HP is shown in percentages\n|rule|Sleep Clause Mod: Limit one foe put to sleep\n|rule|Illusion Level Mod: Illusion disguises the Pok\u00e9mon's true level\n|\n|t:|1783570397\n|teamsize|p1|6\n|teamsize|p2|6\n|start\n|switch|p1a: Volcarona|Volcarona, L77, M|257/257\n|switch|p2a: Venusaur|Venusaur, L84, M|100/100\n|turn|1\n|inactive|Battle timer is ON: inactive players will automatically lose when time's up. (requested by p0y272485fc)\n|inactive|Time left: 300 sec this turn | 300 sec total | 60 sec grace\n|inactive|p0x2724811b also wants the timer to be on.\n|\n|t:|1783570398\n|switch|p2a: Moltres|Moltres-Galar, L79|100/100\n|move|p1a: Volcarona|Quiver Dance|p1a: Volcarona\n|-boost|p1a: Volcarona|spa|1\n|-boost|p1a: Volcarona|spd|1\n|-boost|p1a: Volcarona|spe|1\n|\n|upkeep\n|turn|2\n|inactive|Time left: 300 sec this turn | 300 sec total\n|\n|t:|1783570399\n|move|p1a: Volcarona|Quiver Dance|p1a: Volcarona\n|-boost|p1a: Volcarona|spa|1\n|-boost|p1a: Volcarona|spd|1\n|-boost|p1a: Volcarona|spe|1\n|move|p2a: Moltres|Nasty Plot|p2a: Moltres\n|-boost|p2a: Moltres|spa|2\n|\n|upkeep\n|turn|3\n|inactive|Time left: 300 sec this turn | 300 sec total\n|\n|t:|1783570400\n|move|p1a: Volcarona|Quiver Dance|p1a: Volcarona\n|-boost|p1a: Volcarona|spa|1\n|-boost|p1a: Volcarona|spd|1\n|-boost|p1a: Volcarona|spe|1\n|move|p2a: Moltres|Hurricane|p1a: Volcarona\n|-supereffective|p1a: Volcarona\n|-damage|p1a: Volcarona|81/257\n|-start|p1a: Volcarona|confusion\n|\n|upkeep\n|turn|4\n|inactive|Time left: 300 sec this turn | 300 sec total\n|\n|t:|1783570401\n|-activate|p1a: Volcarona|confusion\n|move|p1a: Volcarona|Fire Blast|p2a: Moltres|[miss]\n|-miss|p1a: Volcarona|p2a: Moltres\n|move|p2a: Moltres|Fiery Wrath|p1a: Volcarona\n|-damage|p1a: Volcarona|14/257\n|\n|upkeep\n|turn|5\n|inactive|Time left: 300 sec this turn | 300 sec total\n|\n|t:|1783570402\n|-activate|p1a: Volcarona|confusion\n|move|p1a: Volcarona|Fire Blast|p2a: Moltres\n|-damage|p2a: Moltres|8/100\n|-ability|p2a: Moltres|Berserk|boost\n|-boost|p2a: Moltres|spa|1\n|move|p2a: Moltres|Fiery Wrath|p1a: Volcarona\n|-damage|p1a: Volcarona|0 fnt\n|faint|p1a: Volcarona\n|\n|upkeep\n|inactive|Time left: 300 sec this turn | 300 sec total | 5 sec grace\n|\n|t:|1783570404\n|switch|p1a: Espathra|Espathra, L80, F|283/283\n|turn|6\n|inactive|Time left: 300 sec this turn | 300 sec total\n|\n|t:|1783570405\n|switch|p2a: Gardevoir|Gardevoir, L83, M|100/100\n|-ability|p2a: Gardevoir|Speed Boost|Trace|[from] ability: Trace|[of] p1a: Espathra\n|move|p1a: Espathra|Shadow Ball|p2a: Gardevoir\n|-supereffective|p2a: Gardevoir\n|-damage|p2a: Gardevoir|49/100\n|\n|-ability|p1a: Espathra|Speed Boost|boost\n|-boost|p1a: Espathra|spe|1\n|upkeep\n|turn|7\n|inactive|Time left: 300 sec this turn | 300 sec total\n|\n|t:|1783570406\n|-terastallize|p2a: Gardevoir|Fairy\n|move|p1a: Espathra|Shadow Ball|p2a: Gardevoir\n|-crit|p2a: Gardevoir\n|-damage|p2a: Gardevoir|9/100\n|move|p2a: Gardevoir|Moonblast|p1a: Espathra\n|-damage|p1a: Espathra|7/283\n|-damage|p2a: Gardevoir|0 fnt|[from] item: Life Orb\n|faint|p2a: Gardevoir\n|\n|-ability|p1a: Espathra|Speed Boost|boost\n|-boost|p1a: Espathra|spe|1\n|upkeep\n|\n|t:|1783570407\n|switch|p2a: Venusaur|Venusaur, L84, M|100/100\n|turn|8\n|inactive|Time left: 300 sec this turn | 300 sec total\n|\n|t:|1783570408\n|move|p1a: Espathra|Shadow Ball|p2a: Venusaur\n|-damage|p2a: Venusaur|74/100\n|move|p2a: Venusaur|Sludge Bomb|p1a: Espathra\n|-damage|p1a: Espathra|0 fnt\n|faint|p1a: Espathra\n|\n|-heal|p2a: Venusaur|80/100|[from] item: Leftovers\n|upkeep\n|inactive|Time left: 300 sec this turn | 300 sec total | 5 sec grace\n|\n|t:|1783570410\n|switch|p1a: Dodrio|Dodrio, L85, M|241/241\n|turn|9\n|inactive|Time left: 300 sec this turn | 300 sec total\n|\n|t:|1783570411\n|switch|p2a: Arceus|Arceus-Dark, L71|100/100\n|move|p1a: Dodrio|Brave Bird|p2a: Arceus\n|-damage|p2a: Arceus|49/100\n|-damage|p1a: Dodrio|192/241|[from] Recoil\n|\n|upkeep\n|turn|10\n|inactive|Time left: 300 sec this turn | 300 sec total\n|\n|t:|1783570411\n|move|p1a: Dodrio|Brave Bird|p2a: Arceus\n|-damage|p2a: Arceus|4/100\n|-damage|p1a: Dodrio|149/241|[from] Recoil\n|move|p2a: Arceus|Recover|p2a: Arceus\n|-heal|p2a: Arceus|54/100\n|\n|upkeep\n|turn|11\n|inactive|Time left: 300 sec this turn | 300 sec total\n|\n|t:|1783570412\n|-terastallize|p1a: Dodrio|Flying\n|move|p1a: Dodrio|Brave Bird|p2a: Arceus\n|-crit|p2a: Arceus\n|-damage|p2a: Arceus|0 fnt\n|faint|p2a: Arceus\n|-damage|p1a: Dodrio|98/241|[from] Recoil\n|\n|upkeep\n|\n|t:|1783570413\n|switch|p2a: Grumpig|Grumpig, L92, M|100/100\n|turn|12\n|inactive|Time left: 300 sec this turn | 300 sec total\n|\n|t:|1783570414\n|move|p1a: Dodrio|Knock Off|p2a: Grumpig\n|-supereffective|p2a: Grumpig\n|-damage|p2a: Grumpig|43/100\n|-enditem|p2a: Grumpig|Leftovers|[from] move: Knock Off|[of] p1a: Dodrio\n|move|p2a: Grumpig|Psyshock|p1a: Dodrio\n|-damage|p1a: Dodrio|0 fnt\n|faint|p1a: Dodrio\n|\n|upkeep\n|inactive|Time left: 300 sec this turn | 300 sec total | 5 sec grace\n|\n|t:|1783570415\n|switch|p1a: Skarmory|Skarmory, L80, M|235/235\n|turn|13\n|inactive|Time left: 300 sec this turn | 300 sec total\n|\n|t:|1783570416\n|move|p2a: Grumpig|Nasty Plot|p2a: Grumpig\n|-boost|p2a: Grumpig|spa|2\n|move|p1a: Skarmory|Brave Bird|p2a: Grumpig\n|-damage|p2a: Grumpig|6/100\n|-damage|p1a: Skarmory|199/235|[from] Recoil\n|\n|upkeep\n|turn|14\n|inactive|Time left: 300 sec this turn | 300 sec total\n|\n|t:|1783570417\n|move|p2a: Grumpig|Shadow Ball|p1a: Skarmory\n|-damage|p1a: Skarmory|34/235\n|-unboost|p1a: Skarmory|spd|1\n|move|p1a: Skarmory|Brave Bird|p2a: Grumpig\n|-damage|p2a: Grumpig|0 fnt\n|faint|p2a: Grumpig\n|-damage|p1a: Skarmory|28/235|[from] Recoil\n|\n|upkeep\n|\n|t:|1783570418\n|switch|p2a: Serperior|Serperior, L79, M|100/100\n|turn|15\n|inactive|Time left: 300 sec this turn | 300 sec total\n|\n|t:|1783570419\n|switch|p1a: Revavroom|Revavroom, L79, M|256/256\n|move|p2a: Serperior|Leaf Storm|p1a: Revavroom\n|-resisted|p1a: Revavroom\n|-damage|p1a: Revavroom|216/256\n|-boost|p2a: Serperior|spa|2\n|-damage|p2a: Serperior|91/100|[from] item: Life Orb\n|\n|upkeep\n|turn|16\n|inactive|Time left: 300 sec this turn | 300 sec total\n|\n|t:|1783570420\n|move|p2a: Serperior|Glare|p1a: Revavroom\n|-status|p1a: Revavroom|par\n|cant|p1a: Revavroom|par\n|\n|upkeep\n|turn|17\n|inactive|Time left: 300 sec this turn | 300 sec total\n|\n|t:|1783570420\n|move|p2a: Serperior|Leaf Storm|p1a: Revavroom\n|-resisted|p1a: Revavroom\n|-damage|p1a: Revavroom|137/256 par\n|-boost|p2a: Serperior|spa|2\n|-damage|p2a: Serperior|81/100|[from] item: Life Orb\n|move|p1a: Revavroom|Gunk Shot|p2a: Serperior\n|-supereffective|p2a: Serperior\n|-damage|p2a: Serperior|0 fnt\n|faint|p2a: Serperior\n|-damage|p1a: Revavroom|112/256 par|[from] item: Life Orb\n|\n|upkeep\n|\n|t:|1783570421\n|switch|p2a: Moltres|Moltres-Galar, L79|8/100\n|turn|18\n|inactive|Time left: 300 sec this turn | 300 sec total\n|\n|t:|1783570422\n|move|p2a: Moltres|Fiery Wrath|p1a: Revavroom\n|-damage|p1a: Revavroom|4/256 par\n|cant|p1a: Revavroom|flinch\n|\n|upkeep\n|turn|19\n|inactive|Time left: 300 sec this turn | 300 sec total\n|\n|t:|1783570423\n|move|p2a: Moltres|Fiery Wrath|p1a: Revavroom\n|-damage|p1a: Revavroom|0 fnt\n|faint|p1a: Revavroom\n|\n|upkeep\n|inactive|Time left: 300 sec this turn | 300 sec total | 5 sec grace\n|\n|t:|1783570424\n|switch|p1a: Klawf|Klawf, L90, M|272/272\n|turn|20\n|inactive|Time left: 300 sec this turn | 300 sec total\n|\n|t:|1783570425\n|move|p2a: Moltres|Fiery Wrath|p1a: Klawf\n|-damage|p1a: Klawf|163/272\n|move|p1a: Klawf|Swords Dance|p1a: Klawf\n|-boost|p1a: Klawf|atk|2\n|\n|upkeep\n|turn|21\n|inactive|Time left: 300 sec this turn | 300 sec total\n|\n|t:|1783570426\n|move|p2a: Moltres|Fiery Wrath|p1a: Klawf\n|-damage|p1a: Klawf|55/272\n|-ability|p1a: Klawf|Anger Shell|boost\n|-boost|p1a: Klawf|atk|1\n|-boost|p1a: Klawf|spa|1\n|-boost|p1a: Klawf|spe|1\n|-unboost|p1a: Klawf|def|1\n|-unboost|p1a: Klawf|spd|1\n|move|p1a: Klawf|Knock Off|p2a: Moltres\n|-resisted|p2a: Moltres\n|-damage|p2a: Moltres|0 fnt\n|-enditem|p2a: Moltres|Weakness Policy|[from] move: Knock Off|[of] p1a: Klawf\n|faint|p2a: Moltres\n|\n|upkeep\n|\n|t:|1783570428\n|switch|p2a: Venusaur|Venusaur, L84, M|80/100\n|turn|22\n|inactive|Time left: 300 sec this turn | 300 sec total\n|\n|t:|1783570428\n|move|p1a: Klawf|Stone Edge|p2a: Venusaur|[miss]\n|-miss|p1a: Klawf|p2a: Venusaur\n|move|p2a: Venusaur|Giga Drain|p1a: Klawf\n|-supereffective|p1a: Klawf\n|-damage|p1a: Klawf|0 fnt\n|-heal|p2a: Venusaur|91/100|[from] drain|[of] p1a: Klawf\n|faint|p1a: Klawf\n|\n|-heal|p2a: Venusaur|97/100|[from] item: Leftovers\n|upkeep\n|inactive|Time left: 300 sec this turn | 300 sec total | 5 sec grace\n|\n|t:|1783570429\n|switch|p1a: Skarmory|Skarmory, L80, M|28/235\n|turn|23\n|inactive|Time left: 300 sec this turn | 300 sec total\n|\n|t:|1783570430\n|move|p2a: Venusaur|Leech Seed|p1a: Skarmory\n|-start|p1a: Skarmory|move: Leech Seed\n|move|p1a: Skarmory|Roost|p1a: Skarmory\n|-heal|p1a: Skarmory|146/235\n|-singleturn|p1a: Skarmory|move: Roost\n|\n|-heal|p2a: Venusaur|100/100|[from] item: Leftovers\n|-damage|p1a: Skarmory|117/235|[from] Leech Seed|[of] p2a: Venusaur\n|upkeep\n|turn|24\n|inactive|Time left: 300 sec this turn | 300 sec total\n|\n|t:|1783570431\n|move|p2a: Venusaur|Substitute|p2a: Venusaur\n|-start|p2a: Venusaur|Substitute\n|-damage|p2a: Venusaur|75/100\n|move|p1a: Skarmory|Roost|p1a: Skarmory\n|-heal|p1a: Skarmory|235/235\n|-singleturn|p1a: Skarmory|move: Roost\n|\n|-heal|p2a: Venusaur|82/100|[from] item: Leftovers\n|-damage|p1a: Skarmory|206/235|[from] Leech Seed|[of] p2a: Venusaur\n|-heal|p2a: Venusaur|92/100|[silent]\n|upkeep\n|turn|25\n|inactive|Time left: 300 sec this turn | 300 sec total\n|\n|t:|1783570432\n|move|p2a: Venusaur|Giga Drain|p1a: Skarmory\n|-resisted|p1a: Skarmory\n|-damage|p1a: Skarmory|179/235\n|-heal|p2a: Venusaur|98/100|[from] drain|[of] p1a: Skarmory\n|move|p1a: Skarmory|Brave Bird|p2a: Venusaur\n|-supereffective|p2a: Venusaur\n|-end|p2a: Venusaur|Substitute\n|-damage|p1a: Skarmory|157/235|[from] Recoil|[of] p2a: Venusaur\n|\n|-heal|p2a: Venusaur|100/100|[from] item: Leftovers\n|-damage|p1a: Skarmory|128/235|[from] Leech Seed|[of] p2a: Venusaur\n|upkeep\n|turn|26\n|inactive|Time left: 300 sec this turn | 300 sec total\n|\n|t:|1783570433\n|move|p2a: Venusaur|Substitute|p2a: Venusaur\n|-start|p2a: Venusaur|Substitute\n|-damage|p2a: Venusaur|75/100\n|move|p1a: Skarmory|Roost|p1a: Skarmory\n|-heal|p1a: Skarmory|235/235\n|-singleturn|p1a: Skarmory|move: Roost\n|\n|-heal|p2a: Venusaur|82/100|[from] item: Leftovers\n|-damage|p1a: Skarmory|206/235|[from] Leech Seed|[of] p2a: Venusaur\n|-heal|p2a: Venusaur|92/100|[silent]\n|upkeep\n|turn|27\n|inactive|Time left: 300 sec this turn | 300 sec total\n|\n|t:|1783570434\n|move|p2a: Venusaur|Giga Drain|p1a: Skarmory\n|-resisted|p1a: Skarmory\n|-crit|p1a: Skarmory\n|-damage|p1a: Skarmory|171/235\n|-heal|p2a: Venusaur|99/100|[from] drain|[of] p1a: Skarmory\n|move|p1a: Skarmory|Roost|p1a: Skarmory\n|-heal|p1a: Skarmory|235/235\n|-singleturn|p1a: Skarmory|move: Roost\n|\n|-heal|p2a: Venusaur|100/100|[from] item: Leftovers\n|-damage|p1a: Skarmory|206/235|[from] Leech Seed|[of] p2a: Venusaur\n|upkeep\n|turn|28\n|inactive|Time left: 300 sec this turn | 300 sec total\n|\n|t:|1783570436\n|move|p2a: Venusaur|Giga Drain|p1a: Skarmory\n|-resisted|p1a: Skarmory\n|-damage|p1a: Skarmory|183/235\n|move|p1a: Skarmory|Brave Bird|p2a: Venusaur\n|-supereffective|p2a: Venusaur\n|-end|p2a: Venusaur|Substitute\n|-damage|p1a: Skarmory|161/235|[from] Recoil|[of] p2a: Venusaur\n|\n|-damage|p1a: Skarmory|132/235|[from] Leech Seed|[of] p2a: Venusaur\n|upkeep\n|turn|29\n|inactive|Time left: 300 sec this turn | 300 sec total\n|\n|t:|1783570437\n|move|p2a: Venusaur|Substitute|p2a: Venusaur\n|-start|p2a: Venusaur|Substitute\n|-damage|p2a: Venusaur|75/100\n|move|p1a: Skarmory|Roost|p1a: Skarmory\n|-heal|p1a: Skarmory|235/235\n|-singleturn|p1a: Skarmory|move: Roost\n|\n|-heal|p2a: Venusaur|82/100|[from] item: Leftovers\n|-damage|p1a: Skarmory|206/235|[from] Leech Seed|[of] p2a: Venusaur\n|-heal|p2a: Venusaur|92/100|[silent]\n|upkeep\n|turn|30\n|inactive|Time left: 300 sec this turn | 300 sec total\n|\n|t:|1783570438\n|move|p2a: Venusaur|Giga Drain|p1a: Skarmory\n|-resisted|p1a: Skarmory\n|-damage|p1a: Skarmory|183/235\n|-heal|p2a: Venusaur|97/100|[from] drain|[of] p1a: Skarmory\n|move|p1a: Skarmory|Roost|p1a: Skarmory\n|-heal|p1a: Skarmory|235/235\n|-singleturn|p1a: Skarmory|move: Roost\n|\n|-heal|p2a: Venusaur|100/100|[from] item: Leftovers\n|-damage|p1a: Skarmory|206/235|[from] Leech Seed|[of] p2a: Venusaur\n|upkeep\n|turn|31\n|inactive|Time left: 300 sec this turn | 300 sec total\n|\n|t:|1783570439\n|move|p2a: Venusaur|Giga Drain|p1a: Skarmory\n|-resisted|p1a: Skarmory\n|-damage|p1a: Skarmory|179/235\n|move|p1a: Skarmory|Body Press|p2a: Venusaur\n|-resisted|p2a: Venusaur\n|-activate|p2a: Venusaur|move: Substitute|[damage]\n|\n|-damage|p1a: Skarmory|150/235|[from] Leech Seed|[of] p2a: Venusaur\n|upkeep\n|turn|32\n|inactive|Time left: 300 sec this turn | 300 sec total\n|\n|t:|1783570440\n|move|p2a: Venusaur|Sludge Bomb|p1a: Skarmory\n|-immune|p1a: Skarmory\n|move|p1a: Skarmory|Roost|p1a: Skarmory\n|-heal|p1a: Skarmory|235/235\n|-singleturn|p1a: Skarmory|move: Roost\n|\n|-damage|p1a: Skarmory|206/235|[from] Leech Seed|[of] p2a: Venusaur\n|upkeep\n|turn|33\n|inactive|Time left: 300 sec this turn | 300 sec total\n|\n|t:|1783570441\n|move|p2a: Venusaur|Giga Drain|p1a: Skarmory\n|-resisted|p1a: Skarmory\n|-damage|p1a: Skarmory|183/235\n|move|p1a: Skarmory|Spikes|p2a: Venusaur\n|-sidestart|p2: p0y272485fc|Spikes\n|\n|-damage|p1a: Skarmory|154/235|[from] Leech Seed|[of] p2a: Venusaur\n|upkeep\n|turn|34\n|inactive|Time left: 300 sec this turn | 300 sec total\n|\n|t:|1783570442\n|move|p2a: Venusaur|Giga Drain|p1a: Skarmory\n|-resisted|p1a: Skarmory\n|-damage|p1a: Skarmory|130/235\n|move|p1a: Skarmory|Roost|p1a: Skarmory\n|-heal|p1a: Skarmory|235/235\n|-singleturn|p1a: Skarmory|move: Roost\n|\n|-damage|p1a: Skarmory|206/235|[from] Leech Seed|[of] p2a: Venusaur\n|upkeep\n|turn|35\n|inactive|Time left: 300 sec this turn | 300 sec total\n|\n|t:|1783570443\n|move|p2a: Venusaur|Giga Drain|p1a: Skarmory\n|-resisted|p1a: Skarmory\n|-damage|p1a: Skarmory|179/235\n|move|p1a: Skarmory|Spikes|p2a: Venusaur\n|-sidestart|p2: p0y272485fc|Spikes\n|\n|-damage|p1a: Skarmory|150/235|[from] Leech Seed|[of] p2a: Venusaur\n|upkeep\n|turn|36\n|inactive|Time left: 300 sec this turn | 300 sec total\n|\n|t:|1783570444\n|move|p2a: Venusaur|Giga Drain|p1a: Skarmory\n|-resisted|p1a: Skarmory\n|-damage|p1a: Skarmory|124/235\n|move|p1a: Skarmory|Body Press|p2a: Venusaur\n|-resisted|p2a: Venusaur\n|-end|p2a: Venusaur|Substitute\n|\n|-damage|p1a: Skarmory|95/235|[from] Leech Seed|[of] p2a: Venusaur\n|upkeep\n|turn|37\n|inactive|Time left: 300 sec this turn | 300 sec total\n|\n|t:|1783570445\n|move|p2a: Venusaur|Substitute|p2a: Venusaur\n|-start|p2a: Venusaur|Substitute\n|-damage|p2a: Venusaur|75/100\n|move|p1a: Skarmory|Body Press|p2a: Venusaur\n|-resisted|p2a: Venusaur\n|-activate|p2a: Venusaur|move: Substitute|[damage]\n|\n|-heal|p2a: Venusaur|82/100|[from] item: Leftovers\n|-damage|p1a: Skarmory|66/235|[from] Leech Seed|[of] p2a: Venusaur\n|-heal|p2a: Venusaur|92/100|[silent]\n|upkeep\n|turn|38\n|inactive|Time left: 300 sec this turn | 300 sec total\n|\n|t:|1783570446\n|move|p2a: Venusaur|Substitute|p2a: Venusaur\n|-fail|p2a: Venusaur|move: Substitute\n|move|p1a: Skarmory|Spikes|p2a: Venusaur\n|-sidestart|p2: p0y272485fc|Spikes\n|\n|-heal|p2a: Venusaur|99/100|[from] item: Leftovers\n|-damage|p1a: Skarmory|37/235|[from] Leech Seed|[of] p2a: Venusaur\n|-heal|p2a: Venusaur|100/100|[silent]\n|upkeep\n|turn|39\n|inactive|Time left: 300 sec this turn | 300 sec total\n|\n|t:|1783570447\n|move|p2a: Venusaur|Substitute|p2a: Venusaur\n|-fail|p2a: Venusaur|move: Substitute\n|move|p1a: Skarmory|Brave Bird|p2a: Venusaur\n|-supereffective|p2a: Venusaur\n|-end|p2a: Venusaur|Substitute\n|-damage|p1a: Skarmory|26/235|[from] Recoil|[of] p2a: Venusaur\n|\n|-damage|p1a: Skarmory|0 fnt|[from] Leech Seed|[of] p2a: Venusaur\n|faint|p1a: Skarmory\n|\n|win|p0y272485fc", "uploadtime": 1783570447, "views": 0, "rating": 0, "private": 0, "password": null, "_winner": "p0y272485fc", "_our_name": "p0x2724811b"}