{"id": "battle-gen9randombattle-102", "formatid": "gen9randombattle", "format": "[Gen 9] Random Battle", "players": ["p0x1023185", "p0y102db49"], "log": "|init|battle\n|title|p0x1023185 vs. p0y102db49\n|j|\u2606p0x1023185\n|j|\u2606p0y102db49\n|t:|1783540678\n|gametype|singles\n|player|p1|p0x1023185|2|\n|player|p2|p0y102db49|266|\n|gen|9\n|tier|[Gen 9] Random Battle\n|rule|Species Clause: Limit one of each Pok\u00e9mon\n|rule|HP Percentage Mod: HP is shown in percentages\n|rule|Sleep Clause Mod: Limit one foe put to sleep\n|rule|Illusion Level Mod: Illusion disguises the Pok\u00e9mon's true level\n|\n|t:|1783540678\n|teamsize|p1|6\n|teamsize|p2|6\n|start\n|switch|p1a: Ogerpon|Ogerpon-Cornerstone, L76, F|247/247\n|switch|p2a: Meowstic|Meowstic, L89, M|100/100\n|turn|1\n|inactive|Battle timer is ON: inactive players will automatically lose when time's up. (requested by p0y102db49)\n|inactive|Time left: 300 sec this turn | 300 sec total | 60 sec grace\n|inactive|p0x1023185 also wants the timer to be on.\n|\n|t:|1783540679\n|switch|p1a: Luxray|Luxray, L88, M|283/283\n|move|p2a: Meowstic|Thunder Wave|p1a: Luxray|[miss]\n|-miss|p2a: Meowstic|p1a: Luxray\n|\n|-status|p1a: Luxray|brn|[from] item: Flame Orb\n|upkeep\n|turn|2\n|inactive|Time left: 300 sec this turn | 300 sec total\n|\n|t:|1783540681\n|switch|p2a: Excadrill|Excadrill, L79, F|100/100\n|-ability|p2a: Excadrill|Mold Breaker\n|move|p1a: Luxray|Supercell Slam|p2a: Excadrill\n|-immune|p2a: Excadrill\n|-damage|p1a: Luxray|142/283 brn|[from] supercellslam\n|\n|-damage|p1a: Luxray|125/283 brn|[from] brn\n|upkeep\n|turn|3\n|inactive|Time left: 300 sec this turn | 300 sec total\n|\n|t:|1783540682\n|switch|p1a: Drifblim|Drifblim, L86, M|398/398\n|move|p2a: Excadrill|Earthquake|p1a: Drifblim\n|-immune|p1a: Drifblim\n|\n|upkeep\n|turn|4\n|inactive|Time left: 300 sec this turn | 300 sec total\n|\n|t:|1783540683\n|move|p1a: Drifblim|Shadow Ball|p2a: Excadrill\n|-damage|p2a: Excadrill|74/100\n|move|p2a: Excadrill|Iron Head|p1a: Drifblim\n|-crit|p1a: Drifblim\n|-damage|p1a: Drifblim|179/398\n|\n|upkeep\n|turn|5\n|inactive|Time left: 300 sec this turn | 300 sec total\n|\n|t:|1783540684\n|move|p1a: Drifblim|Strength Sap|p2a: Excadrill\n|-unboost|p2a: Excadrill|atk|1\n|-heal|p1a: Drifblim|398/398\n|move|p2a: Excadrill|Rock Slide|p1a: Drifblim\n|-supereffective|p1a: Drifblim\n|-damage|p1a: Drifblim|278/398\n|\n|upkeep\n|turn|6\n|inactive|Time left: 300 sec this turn | 300 sec total\n|\n|t:|1783540685\n|switch|p2a: Gardevoir|Gardevoir, L83, F|100/100\n|-ability|p2a: Gardevoir|Aftermath|Trace|[from] ability: Trace|[of] p1a: Drifblim\n|move|p1a: Drifblim|Strength Sap|p2a: Gardevoir\n|-unboost|p2a: Gardevoir|atk|1\n|-heal|p1a: Drifblim|390/398\n|\n|upkeep\n|turn|7\n|inactive|Time left: 300 sec this turn | 300 sec total\n|\n|t:|1783540686\n|move|p1a: Drifblim|Shadow Ball|p2a: Gardevoir\n|-supereffective|p2a: Gardevoir\n|-damage|p2a: Gardevoir|47/100\n|move|p2a: Gardevoir|Moonblast|p1a: Drifblim\n|-damage|p1a: Drifblim|176/398\n|-damage|p2a: Gardevoir|38/100|[from] item: Life Orb\n|\n|upkeep\n|turn|8\n|inactive|Time left: 300 sec this turn | 300 sec total\n|\n|t:|1783540687\n|switch|p2a: Excadrill|Excadrill, L79, F|74/100\n|-ability|p2a: Excadrill|Mold Breaker\n|move|p1a: Drifblim|Shadow Ball|p2a: Excadrill\n|-damage|p2a: Excadrill|49/100\n|-unboost|p2a: Excadrill|spd|1\n|\n|upkeep\n|turn|9\n|inactive|Time left: 300 sec this turn | 300 sec total\n|\n|t:|1783540688\n|move|p1a: Drifblim|Strength Sap|p2a: Excadrill\n|-unboost|p2a: Excadrill|atk|1\n|-heal|p1a: Drifblim|398/398\n|move|p2a: Excadrill|Rock Slide|p1a: Drifblim\n|-supereffective|p1a: Drifblim\n|-damage|p1a: Drifblim|264/398\n|\n|upkeep\n|turn|10\n|inactive|Time left: 300 sec this turn | 300 sec total\n|\n|t:|1783540689\n|switch|p2a: Enamorus|Enamorus, L79, F|100/100\n|move|p1a: Drifblim|Strength Sap|p2a: Enamorus\n|-unboost|p2a: Enamorus|atk|1\n|-heal|p1a: Drifblim|398/398\n|\n|upkeep\n|turn|11\n|inactive|Time left: 300 sec this turn | 300 sec total\n|\n|t:|1783540690\n|move|p2a: Enamorus|Mystical Fire|p1a: Drifblim\n|-damage|p1a: Drifblim|319/398\n|-unboost|p1a: Drifblim|spa|1\n|move|p1a: Drifblim|Shadow Ball|p2a: Enamorus\n|-damage|p2a: Enamorus|77/100\n|\n|upkeep\n|turn|12\n|inactive|Time left: 300 sec this turn | 300 sec total\n|\n|t:|1783540690\n|move|p2a: Enamorus|Calm Mind|p2a: Enamorus\n|-boost|p2a: Enamorus|spa|1\n|-boost|p2a: Enamorus|spd|1\n|move|p1a: Drifblim|Strength Sap|p2a: Enamorus\n|-unboost|p2a: Enamorus|atk|1\n|-heal|p1a: Drifblim|398/398\n|\n|upkeep\n|turn|13\n|inactive|Time left: 300 sec this turn | 300 sec total\n|\n|t:|1783540691\n|switch|p1a: Vileplume|Vileplume, L85, F|266/266\n|move|p2a: Enamorus|Moonblast|p1a: Vileplume\n|-resisted|p1a: Vileplume\n|-damage|p1a: Vileplume|185/266\n|\n|-heal|p1a: Vileplume|201/266|[from] item: Leftovers\n|upkeep\n|turn|14\n|inactive|Time left: 300 sec this turn | 300 sec total\n|\n|t:|1783540692\n|move|p2a: Enamorus|Mystical Fire|p1a: Vileplume\n|-supereffective|p1a: Vileplume\n|-damage|p1a: Vileplume|17/266\n|-unboost|p1a: Vileplume|spa|1\n|move|p1a: Vileplume|Sludge Bomb|p2a: Enamorus\n|-supereffective|p2a: Enamorus\n|-damage|p2a: Enamorus|28/100\n|-status|p2a: Enamorus|psn\n|\n|-heal|p1a: Vileplume|33/266|[from] item: Leftovers\n|-damage|p2a: Enamorus|15/100 psn|[from] psn\n|upkeep\n|turn|15\n|inactive|Time left: 300 sec this turn | 300 sec total\n|\n|t:|1783540693\n|move|p2a: Enamorus|Moonblast|p1a: Vileplume\n|-resisted|p1a: Vileplume\n|-damage|p1a: Vileplume|0 fnt\n|faint|p1a: Vileplume\n|\n|-damage|p2a: Enamorus|3/100 psn|[from] psn\n|upkeep\n|inactive|Time left: 300 sec this turn | 300 sec total | 5 sec grace\n|\n|t:|1783540695\n|switch|p1a: Darkrai|Darkrai, L77|234/234\n|turn|16\n|inactive|Time left: 300 sec this turn | 300 sec total\n|\n|t:|1783540696\n|move|p1a: Darkrai|Sludge Bomb|p2a: Enamorus\n|-supereffective|p2a: Enamorus\n|-crit|p2a: Enamorus\n|-damage|p2a: Enamorus|0 fnt\n|faint|p2a: Enamorus\n|\n|upkeep\n|\n|t:|1783540697\n|switch|p2a: Excadrill|Excadrill, L79, F|49/100\n|-ability|p2a: Excadrill|Mold Breaker\n|turn|17\n|inactive|Time left: 300 sec this turn | 300 sec total\n|\n|t:|1783540698\n|move|p1a: Darkrai|Nasty Plot|p1a: Darkrai\n|-boost|p1a: Darkrai|spa|2\n|move|p2a: Excadrill|Rapid Spin|p1a: Darkrai\n|-damage|p1a: Darkrai|190/234\n|-boost|p2a: Excadrill|spe|1\n|\n|-heal|p1a: Darkrai|204/234|[from] item: Leftovers\n|upkeep\n|turn|18\n|inactive|Time left: 300 sec this turn | 300 sec total\n|\n|t:|1783540699\n|move|p2a: Excadrill|Iron Head|p1a: Darkrai\n|-damage|p1a: Darkrai|96/234\n|cant|p1a: Darkrai|flinch\n|\n|-heal|p1a: Darkrai|110/234|[from] item: Leftovers\n|upkeep\n|turn|19\n|inactive|Time left: 300 sec this turn | 300 sec total\n|\n|t:|1783540700\n|move|p2a: Excadrill|Earthquake|p1a: Darkrai\n|-damage|p1a: Darkrai|0 fnt\n|faint|p1a: Darkrai\n|\n|upkeep\n|inactive|Time left: 300 sec this turn | 300 sec total | 5 sec grace\n|\n|t:|1783540701\n|switch|p1a: Drifblim|Drifblim, L86, M|398/398\n|turn|20\n|inactive|Time left: 300 sec this turn | 300 sec total\n|\n|t:|1783540702\n|move|p2a: Excadrill|Iron Head|p1a: Drifblim\n|-damage|p1a: Drifblim|244/398\n|move|p1a: Drifblim|Strength Sap|p2a: Excadrill\n|-unboost|p2a: Excadrill|atk|1\n|-heal|p1a: Drifblim|398/398\n|\n|upkeep\n|turn|21\n|inactive|Time left: 300 sec this turn | 300 sec total\n|\n|t:|1783540704\n|move|p2a: Excadrill|Rock Slide|p1a: Drifblim\n|-supereffective|p1a: Drifblim\n|-damage|p1a: Drifblim|264/398\n|move|p1a: Drifblim|Shadow Ball|p2a: Excadrill\n|-damage|p2a: Excadrill|24/100\n|\n|upkeep\n|turn|22\n|inactive|Time left: 300 sec this turn | 300 sec total\n|\n|t:|1783540705\n|move|p2a: Excadrill|Iron Head|p1a: Drifblim\n|-damage|p1a: Drifblim|167/398\n|cant|p1a: Drifblim|flinch\n|\n|upkeep\n|turn|23\n|inactive|Time left: 300 sec this turn | 300 sec total\n|\n|t:|1783540706\n|move|p2a: Excadrill|Rock Slide|p1a: Drifblim\n|-supereffective|p1a: Drifblim\n|-damage|p1a: Drifblim|41/398\n|move|p1a: Drifblim|Strength Sap|p2a: Excadrill\n|-unboost|p2a: Excadrill|atk|1\n|-heal|p1a: Drifblim|213/398\n|\n|upkeep\n|turn|24\n|inactive|Time left: 300 sec this turn | 300 sec total\n|\n|t:|1783540707\n|move|p2a: Excadrill|Rock Slide|p1a: Drifblim\n|-supereffective|p1a: Drifblim\n|-damage|p1a: Drifblim|121/398\n|move|p1a: Drifblim|Shadow Ball|p2a: Excadrill\n|-damage|p2a: Excadrill|0 fnt\n|faint|p2a: Excadrill\n|\n|upkeep\n|\n|t:|1783540708\n|switch|p2a: Meowstic|Meowstic, L89, M|100/100\n|turn|25\n|inactive|Time left: 300 sec this turn | 300 sec total\n|\n|t:|1783540709\n|move|p2a: Meowstic|Psychic Noise|p1a: Drifblim\n|-damage|p1a: Drifblim|6/398\n|-start|p1a: Drifblim|move: Heal Block\n|move|p1a: Drifblim|Shadow Ball|p2a: Meowstic\n|-supereffective|p2a: Meowstic\n|-damage|p2a: Meowstic|39/100\n|\n|-heal|p2a: Meowstic|45/100|[from] item: Leftovers\n|upkeep\n|turn|26\n|inactive|Time left: 300 sec this turn | 300 sec total\n|\n|t:|1783540711\n|switch|p1a: Revavroom|Revavroom, L79, F|256/256\n|move|p2a: Meowstic|Alluring Voice|p1a: Revavroom\n|-resisted|p1a: Revavroom\n|-damage|p1a: Revavroom|239/256\n|\n|-heal|p2a: Meowstic|51/100|[from] item: Leftovers\n|upkeep\n|turn|27\n|inactive|Time left: 300 sec this turn | 300 sec total\n|\n|t:|1783540712\n|switch|p2a: Swampert|Swampert, L83, M|100/100\n|move|p1a: Revavroom|Shift Gear|p1a: Revavroom\n|-boost|p1a: Revavroom|spe|2\n|-boost|p1a: Revavroom|atk|1\n|\n|upkeep\n|turn|28\n|inactive|Time left: 300 sec this turn | 300 sec total\n|\n|t:|1783540713\n|-terastallize|p1a: Revavroom|Ground\n|move|p1a: Revavroom|High Horsepower|p2a: Swampert\n|-damage|p2a: Swampert|29/100\n|-damage|p1a: Revavroom|214/256|[from] item: Life Orb\n|move|p2a: Swampert|Earthquake|p1a: Revavroom\n|-damage|p1a: Revavroom|94/256\n|\n|-heal|p2a: Swampert|35/100|[from] item: Leftovers\n|upkeep\n|turn|29\n|inactive|Time left: 300 sec this turn | 300 sec total\n|\n|t:|1783540714\n|switch|p2a: Iron Thorns|Iron Thorns, L83|100/100\n|-item|p2a: Iron Thorns|Air Balloon\n|move|p1a: Revavroom|High Horsepower|p2a: Iron Thorns\n|-immune|p2a: Iron Thorns\n|\n|upkeep\n|turn|30\n|inactive|Time left: 300 sec this turn | 300 sec total\n|\n|t:|1783540715\n|move|p1a: Revavroom|Iron Head|p2a: Iron Thorns\n|-damage|p2a: Iron Thorns|55/100\n|-enditem|p2a: Iron Thorns|Air Balloon\n|-damage|p1a: Revavroom|69/256|[from] item: Life Orb\n|move|p2a: Iron Thorns|Earthquake|p1a: Revavroom\n|-damage|p1a: Revavroom|0 fnt\n|faint|p1a: Revavroom\n|\n|upkeep\n|inactive|Time left: 300 sec this turn | 300 sec total | 5 sec grace\n|\n|t:|1783540716\n|switch|p1a: Drifblim|Drifblim, L86, M|6/398\n|turn|31\n|inactive|Time left: 300 sec this turn | 300 sec total\n|\n|t:|1783540717\n|move|p1a: Drifblim|Shadow Ball|p2a: Iron Thorns\n|-damage|p2a: Iron Thorns|25/100\n|move|p2a: Iron Thorns|Stone Edge|p1a: Drifblim|[miss]\n|-miss|p2a: Iron Thorns|p1a: Drifblim\n|\n|upkeep\n|turn|32\n|inactive|Time left: 300 sec this turn | 300 sec total\n|\n|t:|1783540718\n|move|p1a: Drifblim|Shadow Ball|p2a: Iron Thorns\n|-damage|p2a: Iron Thorns|0 fnt\n|faint|p2a: Iron Thorns\n|-end|p2a: Iron Thorns|Quark Drive|[silent]\n|\n|upkeep\n|\n|t:|1783540719\n|switch|p2a: Meowstic|Meowstic, L89, M|51/100\n|turn|33\n|inactive|Time left: 300 sec this turn | 300 sec total\n|\n|t:|1783540720\n|move|p2a: Meowstic|Alluring Voice|p1a: Drifblim\n|-damage|p1a: Drifblim|0 fnt\n|faint|p1a: Drifblim\n|\n|-heal|p2a: Meowstic|58/100|[from] item: Leftovers\n|upkeep\n|inactive|Time left: 300 sec this turn | 300 sec total | 5 sec grace\n|\n|t:|1783540721\n|switch|p1a: Luxray|Luxray, L88, M|125/283 brn\n|turn|34\n|inactive|Time left: 300 sec this turn | 300 sec total\n|\n|t:|1783540722\n|move|p2a: Meowstic|Psychic Noise|p1a: Luxray\n|-damage|p1a: Luxray|44/283 brn\n|-start|p1a: Luxray|move: Heal Block\n|move|p1a: Luxray|Trailblaze|p2a: Meowstic\n|-damage|p2a: Meowstic|33/100\n|-boost|p1a: Luxray|spe|1\n|\n|-heal|p2a: Meowstic|39/100|[from] item: Leftovers\n|-damage|p1a: Luxray|27/283 brn|[from] brn\n|upkeep\n|turn|35\n|inactive|Time left: 300 sec this turn | 300 sec total\n|\n|t:|1783540723\n|move|p2a: Meowstic|Thunder Wave||[still]\n|-fail|p2a: Meowstic\n|move|p1a: Luxray|Facade|p2a: Meowstic\n|-damage|p2a: Meowstic|0 fnt\n|faint|p2a: Meowstic\n|\n|-damage|p1a: Luxray|10/283 brn|[from] brn\n|-end|p1a: Luxray|move: Heal Block\n|upkeep\n|\n|t:|1783540724\n|switch|p2a: Gardevoir|Gardevoir, L83, F|38/100\n|-ability|p2a: Gardevoir|Guts|Trace|[from] ability: Trace|[of] p1a: Luxray\n|turn|36\n|inactive|Time left: 300 sec this turn | 300 sec total\n|\n|t:|1783540726\n|-terastallize|p2a: Gardevoir|Fairy\n|move|p1a: Luxray|Facade|p2a: Gardevoir\n|-damage|p2a: Gardevoir|0 fnt\n|faint|p2a: Gardevoir\n|\n|-damage|p1a: Luxray|0 fnt|[from] brn\n|faint|p1a: Luxray\n|upkeep\n|inactive|Time left: 300 sec this turn | 300 sec total | 5 sec grace\n|\n|t:|1783540727\n|switch|p2a: Swampert|Swampert, L83, M|35/100\n|switch|p1a: Ogerpon|Ogerpon-Cornerstone, L76, F|247/247\n|turn|37\n|inactive|Time left: 300 sec this turn | 300 sec total\n|\n|t:|1783540728\n|move|p1a: Ogerpon|Power Whip|p2a: Swampert\n|-supereffective|p2a: Swampert\n|-damage|p2a: Swampert|0 fnt\n|faint|p2a: Swampert\n|\n|win|p0x1023185", "uploadtime": 1783540728, "views": 0, "rating": 0, "private": 0, "password": null, "_winner": "p0x1023185", "_our_name": "p0x1023185"}