{"id": "battle-gen9randombattle-1316", "formatid": "gen9randombattle", "format": "[Gen 9] Random Battle", "players": ["p0x13160b08", "p0y13167d8d"], "log": "|init|battle\n|title|p0x13160b08 vs. p0y13167d8d\n|j|\u2606p0x13160b08\n|j|\u2606p0y13167d8d\n|t:|1783555274\n|gametype|singles\n|player|p1|p0x13160b08|101|\n|player|p2|p0y13167d8d|169|\n|gen|9\n|tier|[Gen 9] Random Battle\n|rule|Species Clause: Limit one of each Pok\u00e9mon\n|rule|HP Percentage Mod: HP is shown in percentages\n|rule|Sleep Clause Mod: Limit one foe put to sleep\n|rule|Illusion Level Mod: Illusion disguises the Pok\u00e9mon's true level\n|\n|t:|1783555274\n|teamsize|p1|6\n|teamsize|p2|6\n|start\n|switch|p1a: Deoxys|Deoxys-Speed, L82|100/100\n|switch|p2a: Haxorus|Haxorus, L77, M|244/244\n|-ability|p1a: Deoxys|Pressure\n|-ability|p2a: Haxorus|Mold Breaker\n|turn|1\n|inactive|Battle timer is ON: inactive players will automatically lose when time's up. (requested by p0y13167d8d)\n|inactive|p0x13160b08 also wants the timer to be on.\n|\n|t:|1783555276\n|move|p1a: Deoxys|Spikes|p2a: Haxorus\n|-sidestart|p2: p0y13167d8d|Spikes\n|move|p2a: Haxorus|Scale Shot|p1a: Deoxys\n|-damage|p1a: Deoxys|85/100\n|-damage|p1a: Deoxys|71/100\n|-damage|p1a: Deoxys|56/100\n|-damage|p1a: Deoxys|40/100\n|-damage|p1a: Deoxys|25/100\n|-hitcount|p1a: Deoxys|5\n|-unboost|p2a: Haxorus|def|1\n|-boost|p2a: Haxorus|spe|1\n|\n|upkeep\n|turn|2\n|inactive|Time left: 300 sec this turn | 300 sec total\n|\n|t:|1783555277\n|switch|p1a: Golurk|Golurk, L87|100/100\n|move|p2a: Haxorus|Scale Shot|p1a: Golurk\n|-damage|p1a: Golurk|90/100\n|-damage|p1a: Golurk|79/100\n|-damage|p1a: Golurk|68/100\n|-damage|p1a: Golurk|57/100\n|-crit|p1a: Golurk\n|-damage|p1a: Golurk|42/100\n|-hitcount|p1a: Golurk|5\n|-unboost|p2a: Haxorus|def|1\n|-boost|p2a: Haxorus|spe|1\n|\n|upkeep\n|turn|3\n|inactive|Time left: 300 sec this turn | 300 sec total\n|\n|t:|1783555278\n|switch|p1a: Perrserker|Perrserker, L89, F|100/100\n|move|p2a: Haxorus|Scale Shot|p1a: Perrserker\n|-resisted|p1a: Perrserker\n|-damage|p1a: Perrserker|96/100\n|-resisted|p1a: Perrserker\n|-damage|p1a: Perrserker|91/100\n|-resisted|p1a: Perrserker\n|-damage|p1a: Perrserker|86/100\n|-resisted|p1a: Perrserker\n|-damage|p1a: Perrserker|82/100\n|-hitcount|p1a: Perrserker|4\n|-unboost|p2a: Haxorus|def|1\n|-boost|p2a: Haxorus|spe|1\n|\n|upkeep\n|turn|4\n|inactive|Time left: 300 sec this turn | 300 sec total\n|\n|t:|1783555279\n|move|p2a: Haxorus|Close Combat|p1a: Perrserker\n|-supereffective|p1a: Perrserker\n|-damage|p1a: Perrserker|24/100\n|-unboost|p2a: Haxorus|def|1\n|-unboost|p2a: Haxorus|spd|1\n|move|p1a: Perrserker|Knock Off|p2a: Haxorus\n|-damage|p2a: Haxorus|0 fnt\n|-enditem|p2a: Haxorus|Loaded Dice|[from] move: Knock Off|[of] p1a: Perrserker\n|faint|p2a: Haxorus\n|\n|upkeep\n|inactive|Time left: 300 sec this turn | 300 sec total | 5 sec grace\n|\n|t:|1783555280\n|switch|p2a: Hoopa|Hoopa-Unbound, L80|259/259\n|-damage|p2a: Hoopa|227/259|[from] Spikes\n|turn|5\n|inactive|Time left: 300 sec this turn | 300 sec total\n|\n|t:|1783555281\n|switch|p1a: Magnezone|Magnezone, L85|100/100\n|move|p2a: Hoopa|Hyperspace Fury|p1a: Magnezone\n|-damage|p1a: Magnezone|31/100\n|-unboost|p2a: Hoopa|def|1\n|\n|-heal|p1a: Magnezone|37/100|[from] item: Leftovers\n|upkeep\n|turn|6\n|inactive|Time left: 300 sec this turn | 300 sec total\n|\n|t:|1783555282\n|switch|p1a: Koraidon|Koraidon, L64|100/100\n|-weather|SunnyDay|[from] ability: Orichalcum Pulse|[of] p1a: Koraidon\n|-activate|p1a: Koraidon|Orichalcum Pulse|[source]\n|move|p2a: Hoopa|Hyperspace Fury|p1a: Koraidon\n|-resisted|p1a: Koraidon\n|-damage|p1a: Koraidon|49/100\n|-unboost|p2a: Hoopa|def|1\n|\n|-weather|SunnyDay|[upkeep]\n|upkeep\n|turn|7\n|inactive|Time left: 300 sec this turn | 300 sec total\n|\n|t:|1783555283\n|move|p1a: Koraidon|Outrage|p2a: Hoopa\n|-damage|p2a: Hoopa|0 fnt\n|faint|p2a: Hoopa\n|\n|-weather|SunnyDay|[upkeep]\n|upkeep\n|inactive|Time left: 300 sec this turn | 300 sec total | 5 sec grace\n|\n|t:|1783555284\n|switch|p2a: Espeon|Espeon, L84, M|246/246\n|-damage|p2a: Espeon|216/246|[from] Spikes\n|turn|8\n|inactive|Time left: 300 sec this turn | 300 sec total\n|\n|t:|1783555285\n|move|p2a: Espeon|Psyshock|p1a: Koraidon\n|-supereffective|p1a: Koraidon\n|-damage|p1a: Koraidon|0 fnt\n|faint|p1a: Koraidon\n|-damage|p2a: Espeon|192/246|[from] item: Life Orb\n|\n|-weather|SunnyDay|[upkeep]\n|upkeep\n|\n|t:|1783555286\n|switch|p1a: Magnezone|Magnezone, L85|37/100\n|turn|9\n|inactive|Time left: 300 sec this turn | 300 sec total\n|\n|t:|1783555286\n|move|p2a: Espeon|Shadow Ball|p1a: Magnezone\n|-damage|p1a: Magnezone|2/100\n|-damage|p2a: Espeon|168/246|[from] item: Life Orb\n|move|p1a: Magnezone|Discharge|p2a: Espeon\n|-damage|p2a: Espeon|41/246\n|-status|p2a: Espeon|par\n|\n|-weather|SunnyDay|[upkeep]\n|-heal|p1a: Magnezone|8/100|[from] item: Leftovers\n|upkeep\n|turn|10\n|inactive|Time left: 300 sec this turn | 300 sec total\n|\n|t:|1783555288\n|move|p1a: Magnezone|Flash Cannon|p2a: Espeon\n|-damage|p2a: Espeon|0 fnt\n|faint|p2a: Espeon\n|\n|-weather|none\n|-heal|p1a: Magnezone|14/100|[from] item: Leftovers\n|upkeep\n|inactive|Time left: 300 sec this turn | 300 sec total | 5 sec grace\n|\n|t:|1783555289\n|switch|p2a: Glalie|Glalie, L96, F|309/309\n|turn|11\n|inactive|Time left: 300 sec this turn | 300 sec total\n|\n|t:|1783555289\n|move|p2a: Glalie|Earthquake|p1a: Magnezone\n|-supereffective|p1a: Magnezone\n|-damage|p1a: Magnezone|0 fnt\n|faint|p1a: Magnezone\n|\n|upkeep\n|\n|t:|1783555290\n|switch|p1a: Skeledirge|Skeledirge, L79, F|100/100\n|turn|12\n|inactive|Time left: 300 sec this turn | 300 sec total\n|\n|t:|1783555291\n|move|p2a: Glalie|Earthquake|p1a: Skeledirge\n|-supereffective|p1a: Skeledirge\n|-damage|p1a: Skeledirge|49/100\n|move|p1a: Skeledirge|Torch Song|p2a: Glalie\n|-supereffective|p2a: Glalie\n|-damage|p2a: Glalie|147/309\n|-boost|p1a: Skeledirge|spa|1\n|\n|upkeep\n|turn|13\n|inactive|Time left: 300 sec this turn | 300 sec total\n|\n|t:|1783555292\n|-terastallize|p1a: Skeledirge|Fairy\n|move|p2a: Glalie|Earthquake|p1a: Skeledirge\n|-damage|p1a: Skeledirge|21/100\n|move|p1a: Skeledirge|Slack Off|p1a: Skeledirge\n|-heal|p1a: Skeledirge|71/100\n|\n|upkeep\n|turn|14\n|inactive|Time left: 300 sec this turn | 300 sec total\n|\n|t:|1783555293\n|switch|p2a: Squawkabilly|Squawkabilly, L85, M|278/278\n|move|p1a: Skeledirge|Torch Song|p2a: Squawkabilly\n|-damage|p2a: Squawkabilly|107/278\n|-boost|p1a: Skeledirge|spa|1\n|\n|-status|p2a: Squawkabilly|brn|[from] item: Flame Orb\n|upkeep\n|turn|15\n|inactive|Time left: 300 sec this turn | 300 sec total\n|\n|t:|1783555294\n|switch|p1a: Golurk|Golurk, L87|42/100\n|move|p2a: Squawkabilly|Facade|p1a: Golurk\n|-immune|p1a: Golurk\n|\n|-damage|p2a: Squawkabilly|90/278 brn|[from] brn\n|upkeep\n|turn|16\n|inactive|Time left: 300 sec this turn | 300 sec total\n|\n|t:|1783555295\n|move|p2a: Squawkabilly|Brave Bird|p1a: Golurk\n|-damage|p1a: Golurk|0 fnt\n|faint|p1a: Golurk\n|-damage|p2a: Squawkabilly|49/278 brn|[from] Recoil\n|\n|-damage|p2a: Squawkabilly|32/278 brn|[from] brn\n|upkeep\n|\n|t:|1783555296\n|switch|p1a: Deoxys|Deoxys-Speed, L82|25/100\n|-ability|p1a: Deoxys|Pressure\n|turn|17\n|inactive|Time left: 300 sec this turn | 300 sec total\n|\n|t:|1783555297\n|move|p2a: Squawkabilly|Quick Attack|p1a: Deoxys\n|-damage|p1a: Deoxys|0 fnt\n|faint|p1a: Deoxys\n|\n|-damage|p2a: Squawkabilly|15/278 brn|[from] brn\n|upkeep\n|\n|t:|1783555298\n|switch|p1a: Perrserker|Perrserker, L89, F|24/100\n|turn|18\n|inactive|Time left: 300 sec this turn | 300 sec total\n|\n|t:|1783555299\n|move|p2a: Squawkabilly|Facade|p1a: Perrserker\n|-resisted|p1a: Perrserker\n|-damage|p1a: Perrserker|0 fnt\n|faint|p1a: Perrserker\n|\n|-damage|p2a: Squawkabilly|0 fnt|[from] brn\n|faint|p2a: Squawkabilly\n|upkeep\n|inactive|Time left: 300 sec this turn | 300 sec total | 5 sec grace\n|\n|t:|1783555300\n|switch|p2a: Tsareena|Tsareena, L87, F|267/267\n|switch|p1a: Skeledirge|Skeledirge, L79, F, tera:Fairy|71/100\n|-damage|p2a: Tsareena|234/267|[from] Spikes\n|turn|19\n|inactive|Time left: 300 sec this turn | 300 sec total\n|\n|t:|1783555301\n|move|p2a: Tsareena|Power Whip|p1a: Skeledirge\n|-damage|p1a: Skeledirge|23/100\n|move|p1a: Skeledirge|Slack Off|p1a: Skeledirge\n|-heal|p1a: Skeledirge|73/100\n|\n|upkeep\n|turn|20\n|inactive|Time left: 300 sec this turn | 300 sec total\n|\n|t:|1783555302\n|move|p2a: Tsareena|Power Whip|p1a: Skeledirge|[miss]\n|-miss|p2a: Tsareena|p1a: Skeledirge\n|move|p1a: Skeledirge|Slack Off|p1a: Skeledirge\n|-heal|p1a: Skeledirge|100/100\n|\n|upkeep\n|turn|21\n|inactive|Time left: 300 sec this turn | 300 sec total\n|\n|t:|1783555303\n|move|p2a: Tsareena|Power Whip|p1a: Skeledirge\n|-damage|p1a: Skeledirge|49/100\n|move|p1a: Skeledirge|Will-O-Wisp|p2a: Tsareena\n|-status|p2a: Tsareena|brn\n|\n|-damage|p2a: Tsareena|218/267 brn|[from] brn\n|upkeep\n|turn|22\n|inactive|Time left: 300 sec this turn | 300 sec total\n|\n|t:|1783555304\n|move|p2a: Tsareena|Power Whip|p1a: Skeledirge|[miss]\n|-miss|p2a: Tsareena|p1a: Skeledirge\n|move|p1a: Skeledirge|Slack Off|p1a: Skeledirge\n|-heal|p1a: Skeledirge|99/100\n|\n|-damage|p2a: Tsareena|202/267 brn|[from] brn\n|upkeep\n|turn|23\n|inactive|Time left: 300 sec this turn | 300 sec total\n|\n|t:|1783555305\n|move|p2a: Tsareena|Triple Axel|p1a: Skeledirge|[miss]\n|-miss|p2a: Tsareena|p1a: Skeledirge\n|move|p1a: Skeledirge|Torch Song|p2a: Tsareena\n|-supereffective|p2a: Tsareena\n|-damage|p2a: Tsareena|98/267 brn\n|-boost|p1a: Skeledirge|spa|1\n|\n|-damage|p2a: Tsareena|82/267 brn|[from] brn\n|upkeep\n|turn|24\n|inactive|Time left: 300 sec this turn | 300 sec total\n|\n|t:|1783555307\n|move|p2a: Tsareena|Triple Axel|p1a: Skeledirge|[miss]\n|-miss|p2a: Tsareena|p1a: Skeledirge\n|move|p1a: Skeledirge|Torch Song|p2a: Tsareena\n|-supereffective|p2a: Tsareena\n|-damage|p2a: Tsareena|0 fnt\n|-boost|p1a: Skeledirge|spa|1\n|faint|p2a: Tsareena\n|\n|upkeep\n|inactive|Time left: 300 sec this turn | 300 sec total | 5 sec grace\n|\n|t:|1783555308\n|switch|p2a: Glalie|Glalie, L96, F|147/309\n|turn|25\n|inactive|Time left: 300 sec this turn | 300 sec total\n|\n|t:|1783555309\n|move|p2a: Glalie|Freeze-Dry|p1a: Skeledirge\n|-damage|p1a: Skeledirge|68/100\n|move|p1a: Skeledirge|Torch Song|p2a: Glalie\n|-supereffective|p2a: Glalie\n|-damage|p2a: Glalie|0 fnt\n|-boost|p1a: Skeledirge|spa|1\n|faint|p2a: Glalie\n|\n|win|p0x13160b08", "uploadtime": 1783555309, "views": 0, "rating": 0, "private": 0, "password": null, "_winner": "p0x13160b08", "_our_name": "p0y13167d8d"}