{"id": "battle-gen9randombattle-571", "formatid": "gen9randombattle", "format": "[Gen 9] Random Battle", "players": ["p0x5725e1e", "p0y572c6de"], "log": "|init|battle\n|title|p0x5725e1e vs. p0y572c6de\n|j|\u2606p0x5725e1e\n|j|\u2606p0y572c6de\n|t:|1783546410\n|gametype|singles\n|player|p1|p0x5725e1e|1|\n|player|p2|p0y572c6de|2|\n|gen|9\n|tier|[Gen 9] Random Battle\n|rule|Species Clause: Limit one of each Pok\u00e9mon\n|rule|HP Percentage Mod: HP is shown in percentages\n|rule|Sleep Clause Mod: Limit one foe put to sleep\n|rule|Illusion Level Mod: Illusion disguises the Pok\u00e9mon's true level\n|\n|t:|1783546410\n|teamsize|p1|6\n|teamsize|p2|6\n|start\n|switch|p1a: Keldeo|Keldeo-Resolute, L79|273/273\n|switch|p2a: Diancie|Diancie, L82|100/100\n|turn|1\n|inactive|Battle timer is ON: inactive players will automatically lose when time's up. (requested by p0x5725e1e)\n|inactive|p0y572c6de also wants the timer to be on.\n|\n|t:|1783546412\n|move|p1a: Keldeo|Hydro Pump|p2a: Diancie\n|-supereffective|p2a: Diancie\n|-damage|p2a: Diancie|0 fnt\n|faint|p2a: Diancie\n|-damage|p1a: Keldeo|246/273|[from] item: Life Orb\n|\n|upkeep\n|\n|t:|1783546413\n|switch|p2a: Iron Leaves|Iron Leaves, L80|100/100\n|turn|2\n|inactive|Time left: 300 sec this turn | 300 sec total\n|\n|t:|1783546414\n|move|p1a: Keldeo|Air Slash|p2a: Iron Leaves\n|-supereffective|p2a: Iron Leaves\n|-damage|p2a: Iron Leaves|47/100\n|-damage|p1a: Keldeo|219/273|[from] item: Life Orb\n|cant|p2a: Iron Leaves|flinch\n|\n|upkeep\n|turn|3\n|inactive|Time left: 300 sec this turn | 300 sec total\n|\n|t:|1783546415\n|move|p1a: Keldeo|Air Slash|p2a: Iron Leaves\n|-supereffective|p2a: Iron Leaves\n|-crit|p2a: Iron Leaves\n|-damage|p2a: Iron Leaves|0 fnt\n|faint|p2a: Iron Leaves\n|-end|p2a: Iron Leaves|Quark Drive|[silent]\n|-damage|p1a: Keldeo|192/273|[from] item: Life Orb\n|\n|upkeep\n|\n|t:|1783546416\n|switch|p2a: Cinderace|Cinderace, L77, M|100/100\n|turn|4\n|inactive|Time left: 300 sec this turn | 300 sec total\n|\n|t:|1783546417\n|move|p2a: Cinderace|High Jump Kick|p1a: Keldeo\n|-start|p2a: Cinderace|typechange|Fighting|[from] ability: Libero\n|-damage|p1a: Keldeo|0 fnt\n|faint|p1a: Keldeo\n|\n|upkeep\n|inactive|Time left: 300 sec this turn | 300 sec total | 5 sec grace\n|\n|t:|1783546418\n|switch|p1a: Farigiraf|Farigiraf, L90, F|362/362\n|turn|5\n|inactive|Time left: 300 sec this turn | 300 sec total\n|\n|t:|1783546419\n|switch|p2a: Scrafty|Scrafty, L83, M|100/100\n|-ability|p2a: Scrafty|Intimidate|boost\n|-unboost|p1a: Farigiraf|atk|1\n|move|p1a: Farigiraf|Psychic Noise|p2a: Scrafty\n|-immune|p2a: Scrafty\n|\n|upkeep\n|turn|6\n|inactive|Time left: 300 sec this turn | 300 sec total\n|\n|t:|1783546421\n|move|p1a: Farigiraf|Body Slam|p2a: Scrafty\n|-damage|p2a: Scrafty|77/100\n|-status|p2a: Scrafty|par\n|move|p2a: Scrafty|Dragon Dance|p2a: Scrafty\n|-boost|p2a: Scrafty|atk|1\n|-boost|p2a: Scrafty|spe|1\n|\n|-heal|p2a: Scrafty|83/100 par|[from] item: Leftovers\n|upkeep\n|turn|7\n|inactive|Time left: 300 sec this turn | 300 sec total\n|\n|t:|1783546422\n|switch|p1a: Inteleon|Inteleon, L81, F|246/246\n|cant|p2a: Scrafty|par\n|\n|-heal|p2a: Scrafty|89/100 par|[from] item: Leftovers\n|upkeep\n|turn|8\n|inactive|Time left: 300 sec this turn | 300 sec total\n|\n|t:|1783546422\n|move|p1a: Inteleon|Hydro Pump|p2a: Scrafty\n|-damage|p2a: Scrafty|27/100 par\n|move|p2a: Scrafty|Drain Punch|p1a: Inteleon\n|-damage|p1a: Inteleon|110/246\n|-heal|p2a: Scrafty|55/100 par|[from] drain|[of] p1a: Inteleon\n|\n|-heal|p2a: Scrafty|61/100 par|[from] item: Leftovers\n|upkeep\n|turn|9\n|inactive|Time left: 300 sec this turn | 300 sec total\n|\n|t:|1783546424\n|move|p1a: Inteleon|Hydro Pump|p2a: Scrafty|[miss]\n|-miss|p1a: Inteleon|p2a: Scrafty\n|move|p2a: Scrafty|Drain Punch|p1a: Inteleon\n|-damage|p1a: Inteleon|0 fnt\n|-heal|p2a: Scrafty|83/100 par|[from] drain|[of] p1a: Inteleon\n|faint|p1a: Inteleon\n|\n|-heal|p2a: Scrafty|89/100 par|[from] item: Leftovers\n|upkeep\n|inactive|Time left: 300 sec this turn | 300 sec total | 5 sec grace\n|\n|t:|1783546425\n|switch|p1a: Dialga|Dialga-Origin, L73|266/266\n|-ability|p1a: Dialga|Pressure\n|turn|10\n|inactive|Time left: 300 sec this turn | 300 sec total\n|\n|t:|1783546426\n|move|p1a: Dialga|Heavy Slam|p2a: Scrafty\n|-damage|p2a: Scrafty|49/100 par\n|cant|p2a: Scrafty|par\n|\n|-heal|p2a: Scrafty|55/100 par|[from] item: Leftovers\n|upkeep\n|turn|11\n|inactive|Time left: 300 sec this turn | 300 sec total\n|\n|t:|1783546427\n|move|p1a: Dialga|Draco Meteor|p2a: Scrafty|[miss]\n|-miss|p1a: Dialga|p2a: Scrafty\n|cant|p2a: Scrafty|par\n|\n|-heal|p2a: Scrafty|61/100 par|[from] item: Leftovers\n|upkeep\n|turn|12\n|inactive|Time left: 300 sec this turn | 300 sec total\n|\n|t:|1783546428\n|-terastallize|p1a: Dialga|Dragon\n|move|p1a: Dialga|Draco Meteor|p2a: Scrafty\n|-damage|p2a: Scrafty|0 fnt\n|-unboost|p1a: Dialga|spa|2\n|faint|p2a: Scrafty\n|\n|upkeep\n|\n|t:|1783546429\n|switch|p2a: Cinderace|Cinderace, L77, M|100/100\n|turn|13\n|inactive|Time left: 300 sec this turn | 300 sec total\n|\n|t:|1783546430\n|move|p2a: Cinderace|U-turn|p1a: Dialga\n|-start|p2a: Cinderace|typechange|Bug|[from] ability: Libero\n|-damage|p1a: Dialga|172/266\n|\n|t:|1783546431\n|switch|p2a: Probopass|Probopass, L91, F|100/100|[from] U-turn\n|move|p1a: Dialga|Heavy Slam|p2a: Probopass\n|-damage|p2a: Probopass|84/100\n|\n|-heal|p2a: Probopass|90/100|[from] item: Leftovers\n|upkeep\n|turn|14\n|inactive|Time left: 300 sec this turn | 300 sec total\n|\n|t:|1783546432\n|switch|p1a: Farigiraf|Farigiraf, L90, F|362/362\n|move|p2a: Probopass|Iron Defense|p2a: Probopass\n|-boost|p2a: Probopass|def|2\n|\n|-heal|p2a: Probopass|97/100|[from] item: Leftovers\n|upkeep\n|turn|15\n|inactive|Time left: 300 sec this turn | 300 sec total\n|\n|t:|1783546433\n|move|p1a: Farigiraf|Wish|p1a: Farigiraf\n|move|p2a: Probopass|Body Press|p1a: Farigiraf\n|-damage|p1a: Farigiraf|154/362\n|\n|-heal|p1a: Farigiraf|176/362|[from] item: Leftovers\n|-heal|p2a: Probopass|100/100|[from] item: Leftovers\n|upkeep\n|turn|16\n|inactive|Time left: 300 sec this turn | 300 sec total\n|\n|t:|1783546435\n|move|p1a: Farigiraf|Protect|p1a: Farigiraf\n|-singleturn|p1a: Farigiraf|Protect\n|move|p2a: Probopass|Body Press|p1a: Farigiraf\n|-activate|p1a: Farigiraf|move: Protect\n|\n|-heal|p1a: Farigiraf|357/362|[from] move: Wish|[wisher] Farigiraf\n|-heal|p1a: Farigiraf|362/362|[from] item: Leftovers\n|upkeep\n|turn|17\n|inactive|Time left: 300 sec this turn | 300 sec total\n|\n|t:|1783546436\n|move|p1a: Farigiraf|Wish|p1a: Farigiraf\n|move|p2a: Probopass|Body Press|p1a: Farigiraf\n|-damage|p1a: Farigiraf|161/362\n|\n|-heal|p1a: Farigiraf|183/362|[from] item: Leftovers\n|upkeep\n|turn|18\n|inactive|Time left: 300 sec this turn | 300 sec total\n|\n|t:|1783546437\n|move|p1a: Farigiraf|Protect|p1a: Farigiraf\n|-singleturn|p1a: Farigiraf|Protect\n|move|p2a: Probopass|Body Press|p1a: Farigiraf\n|-activate|p1a: Farigiraf|move: Protect\n|\n|-heal|p1a: Farigiraf|362/362|[from] move: Wish|[wisher] Farigiraf\n|upkeep\n|turn|19\n|inactive|Time left: 300 sec this turn | 300 sec total\n|\n|t:|1783546438\n|move|p1a: Farigiraf|Wish|p1a: Farigiraf\n|move|p2a: Probopass|Body Press|p1a: Farigiraf\n|-damage|p1a: Farigiraf|143/362\n|\n|-heal|p1a: Farigiraf|165/362|[from] item: Leftovers\n|upkeep\n|turn|20\n|inactive|Time left: 300 sec this turn | 300 sec total\n|\n|t:|1783546439\n|move|p1a: Farigiraf|Protect|p1a: Farigiraf\n|-singleturn|p1a: Farigiraf|Protect\n|move|p2a: Probopass|Body Press|p1a: Farigiraf\n|-activate|p1a: Farigiraf|move: Protect\n|\n|-heal|p1a: Farigiraf|346/362|[from] move: Wish|[wisher] Farigiraf\n|-heal|p1a: Farigiraf|362/362|[from] item: Leftovers\n|upkeep\n|turn|21\n|inactive|Time left: 300 sec this turn | 300 sec total\n|\n|t:|1783546440\n|move|p1a: Farigiraf|Wish|p1a: Farigiraf\n|move|p2a: Probopass|Body Press|p1a: Farigiraf\n|-damage|p1a: Farigiraf|163/362\n|\n|-heal|p1a: Farigiraf|185/362|[from] item: Leftovers\n|upkeep\n|turn|22\n|inactive|Time left: 300 sec this turn | 300 sec total\n|\n|t:|1783546441\n|move|p1a: Farigiraf|Protect|p1a: Farigiraf\n|-singleturn|p1a: Farigiraf|Protect\n|move|p2a: Probopass|Body Press|p1a: Farigiraf\n|-activate|p1a: Farigiraf|move: Protect\n|\n|-heal|p1a: Farigiraf|362/362|[from] move: Wish|[wisher] Farigiraf\n|upkeep\n|turn|23\n|inactive|Time left: 300 sec this turn | 300 sec total\n|\n|t:|1783546442\n|move|p1a: Farigiraf|Wish|p1a: Farigiraf\n|move|p2a: Probopass|Body Press|p1a: Farigiraf\n|-damage|p1a: Farigiraf|165/362\n|\n|-heal|p1a: Farigiraf|187/362|[from] item: Leftovers\n|upkeep\n|turn|24\n|inactive|Time left: 300 sec this turn | 300 sec total\n|\n|t:|1783546443\n|move|p1a: Farigiraf|Protect|p1a: Farigiraf\n|-singleturn|p1a: Farigiraf|Protect\n|move|p2a: Probopass|Body Press|p1a: Farigiraf\n|-activate|p1a: Farigiraf|move: Protect\n|\n|-heal|p1a: Farigiraf|362/362|[from] move: Wish|[wisher] Farigiraf\n|upkeep\n|turn|25\n|inactive|Time left: 300 sec this turn | 300 sec total\n|\n|t:|1783546444\n|move|p1a: Farigiraf|Wish|p1a: Farigiraf\n|move|p2a: Probopass|Body Press|p1a: Farigiraf\n|-damage|p1a: Farigiraf|172/362\n|\n|-heal|p1a: Farigiraf|194/362|[from] item: Leftovers\n|upkeep\n|turn|26\n|inactive|Time left: 300 sec this turn | 300 sec total\n|\n|t:|1783546445\n|move|p1a: Farigiraf|Protect|p1a: Farigiraf\n|-singleturn|p1a: Farigiraf|Protect\n|move|p2a: Probopass|Body Press|p1a: Farigiraf\n|-activate|p1a: Farigiraf|move: Protect\n|\n|-heal|p1a: Farigiraf|362/362|[from] move: Wish|[wisher] Farigiraf\n|upkeep\n|turn|27\n|inactive|Time left: 300 sec this turn | 300 sec total\n|\n|t:|1783546446\n|move|p1a: Farigiraf|Wish|p1a: Farigiraf\n|move|p2a: Probopass|Body Press|p1a: Farigiraf\n|-damage|p1a: Farigiraf|163/362\n|\n|-heal|p1a: Farigiraf|185/362|[from] item: Leftovers\n|upkeep\n|turn|28\n|inactive|Time left: 300 sec this turn | 300 sec total\n|\n|t:|1783546447\n|move|p1a: Farigiraf|Protect|p1a: Farigiraf\n|-singleturn|p1a: Farigiraf|Protect\n|move|p2a: Probopass|Body Press|p1a: Farigiraf\n|-activate|p1a: Farigiraf|move: Protect\n|\n|-heal|p1a: Farigiraf|362/362|[from] move: Wish|[wisher] Farigiraf\n|upkeep\n|turn|29\n|inactive|Time left: 300 sec this turn | 300 sec total\n|\n|t:|1783546448\n|move|p1a: Farigiraf|Wish|p1a: Farigiraf\n|move|p2a: Probopass|Body Press|p1a: Farigiraf\n|-damage|p1a: Farigiraf|150/362\n|\n|-heal|p1a: Farigiraf|172/362|[from] item: Leftovers\n|upkeep\n|turn|30\n|inactive|Time left: 300 sec this turn | 300 sec total\n|\n|t:|1783546450\n|move|p1a: Farigiraf|Protect|p1a: Farigiraf\n|-singleturn|p1a: Farigiraf|Protect\n|move|p2a: Probopass|Iron Defense|p2a: Probopass\n|-boost|p2a: Probopass|def|2\n|\n|-heal|p1a: Farigiraf|353/362|[from] move: Wish|[wisher] Farigiraf\n|-heal|p1a: Farigiraf|362/362|[from] item: Leftovers\n|upkeep\n|turn|31\n|inactive|Time left: 300 sec this turn | 300 sec total\n|\n|t:|1783546451\n|move|p1a: Farigiraf|Wish|p1a: Farigiraf\n|move|p2a: Probopass|Body Press|p1a: Farigiraf\n|-crit|p1a: Farigiraf\n|-damage|p1a: Farigiraf|0 fnt\n|faint|p1a: Farigiraf\n|\n|upkeep\n|inactive|Time left: 300 sec this turn | 300 sec total | 5 sec grace\n|\n|t:|1783546452\n|switch|p1a: Dialga|Dialga-Origin, L73, tera:Dragon|172/266\n|-ability|p1a: Dialga|Pressure\n|turn|32\n|inactive|Time left: 300 sec this turn | 300 sec total\n|\n|t:|1783546453\n|move|p1a: Dialga|Stealth Rock|p2a: Probopass\n|-sidestart|p2: p0y572c6de|move: Stealth Rock\n|move|p2a: Probopass|Flash Cannon|p1a: Dialga\n|-damage|p1a: Dialga|96/266\n|\n|-heal|p1a: Dialga|266/266|[from] move: Wish|[wisher] Farigiraf\n|upkeep\n|turn|33\n|inactive|Time left: 300 sec this turn | 300 sec total\n|\n|t:|1783546454\n|move|p1a: Dialga|Fire Blast|p2a: Probopass\n|-damage|p2a: Probopass|81/100\n|move|p2a: Probopass|Power Gem|p1a: Dialga\n|-damage|p1a: Dialga|191/266\n|\n|-heal|p2a: Probopass|88/100|[from] item: Leftovers\n|upkeep\n|turn|34\n|inactive|Time left: 300 sec this turn | 300 sec total\n|\n|t:|1783546455\n|move|p1a: Dialga|Fire Blast|p2a: Probopass\n|-damage|p2a: Probopass|67/100\n|move|p2a: Probopass|Flash Cannon|p1a: Dialga\n|-damage|p1a: Dialga|119/266\n|\n|-heal|p2a: Probopass|73/100|[from] item: Leftovers\n|upkeep\n|turn|35\n|inactive|Time left: 300 sec this turn | 300 sec total\n|\n|t:|1783546457\n|move|p1a: Dialga|Draco Meteor|p2a: Probopass\n|-resisted|p2a: Probopass\n|-damage|p2a: Probopass|42/100\n|-unboost|p1a: Dialga|spa|2\n|move|p2a: Probopass|Power Gem|p1a: Dialga\n|-damage|p1a: Dialga|49/266\n|\n|-heal|p2a: Probopass|48/100|[from] item: Leftovers\n|upkeep\n|turn|36\n|inactive|Time left: 300 sec this turn | 300 sec total\n|\n|t:|1783546458\n|switch|p1a: Volbeat|Volbeat, L90, M|263/263\n|move|p2a: Probopass|Flash Cannon|p1a: Volbeat\n|-damage|p1a: Volbeat|179/263\n|\n|-heal|p2a: Probopass|55/100|[from] item: Leftovers\n|upkeep\n|turn|37\n|inactive|Time left: 300 sec this turn | 300 sec total\n|\n|t:|1783546459\n|move|p1a: Volbeat|Encore|p2a: Probopass\n|-start|p2a: Probopass|Encore\n|move|p2a: Probopass|Flash Cannon|p1a: Volbeat\n|-damage|p1a: Volbeat|100/263\n|\n|-heal|p2a: Probopass|61/100|[from] item: Leftovers\n|upkeep\n|turn|38\n|inactive|Time left: 300 sec this turn | 300 sec total\n|\n|t:|1783546460\n|move|p1a: Volbeat|Roost|p1a: Volbeat\n|-heal|p1a: Volbeat|232/263\n|-singleturn|p1a: Volbeat|move: Roost\n|move|p2a: Probopass|Flash Cannon|p1a: Volbeat\n|-damage|p1a: Volbeat|154/263\n|\n|-heal|p2a: Probopass|67/100|[from] item: Leftovers\n|upkeep\n|turn|39\n|inactive|Time left: 300 sec this turn | 300 sec total\n|\n|t:|1783546461\n|move|p1a: Volbeat|Thunder Wave|p2a: Probopass\n|-status|p2a: Probopass|par\n|move|p2a: Probopass|Flash Cannon|p1a: Volbeat\n|-damage|p1a: Volbeat|78/263\n|\n|-heal|p2a: Probopass|73/100 par|[from] item: Leftovers\n|-end|p2a: Probopass|Encore\n|upkeep\n|turn|40\n|inactive|Time left: 300 sec this turn | 300 sec total\n|\n|t:|1783546463\n|move|p1a: Volbeat|Roost|p1a: Volbeat\n|-heal|p1a: Volbeat|210/263\n|-singleturn|p1a: Volbeat|move: Roost\n|cant|p2a: Probopass|par\n|\n|-heal|p2a: Probopass|79/100 par|[from] item: Leftovers\n|upkeep\n|turn|41\n|inactive|Time left: 300 sec this turn | 300 sec total\n|\n|t:|1783546464\n|move|p1a: Volbeat|Encore|p2a: Probopass\n|-start|p2a: Probopass|Encore\n|cant|p2a: Probopass|par\n|\n|-heal|p2a: Probopass|86/100 par|[from] item: Leftovers\n|upkeep\n|turn|42\n|inactive|Time left: 300 sec this turn | 300 sec total\n|\n|t:|1783546465\n|move|p1a: Volbeat|Roost|p1a: Volbeat\n|-heal|p1a: Volbeat|263/263\n|-singleturn|p1a: Volbeat|move: Roost\n|cant|p2a: Probopass|par\n|\n|-heal|p2a: Probopass|92/100 par|[from] item: Leftovers\n|upkeep\n|turn|43\n|inactive|Time left: 300 sec this turn | 300 sec total\n|\n|t:|1783546465\n|move|p1a: Volbeat|Roost||[still]\n|-fail|p1a: Volbeat|heal\n|move|p2a: Probopass|Flash Cannon|p1a: Volbeat\n|-damage|p1a: Volbeat|185/263\n|-unboost|p1a: Volbeat|spd|1\n|\n|-heal|p2a: Probopass|98/100 par|[from] item: Leftovers\n|-end|p2a: Probopass|Encore\n|upkeep\n|turn|44\n|inactive|Time left: 300 sec this turn | 300 sec total\n|\n|t:|1783546466\n|move|p1a: Volbeat|Roost|p1a: Volbeat\n|-heal|p1a: Volbeat|263/263\n|-singleturn|p1a: Volbeat|move: Roost\n|move|p2a: Probopass|Power Gem|p1a: Volbeat\n|-supereffective|p1a: Volbeat\n|-damage|p1a: Volbeat|27/263\n|\n|-heal|p2a: Probopass|100/100 par|[from] item: Leftovers\n|upkeep\n|turn|45\n|inactive|Time left: 300 sec this turn | 300 sec total\n|\n|t:|1783546468\n|move|p1a: Volbeat|Roost|p1a: Volbeat\n|-heal|p1a: Volbeat|159/263\n|-singleturn|p1a: Volbeat|move: Roost\n|move|p2a: Probopass|Power Gem|p1a: Volbeat\n|-supereffective|p1a: Volbeat\n|-damage|p1a: Volbeat|0 fnt\n|faint|p1a: Volbeat\n|\n|upkeep\n|inactive|Time left: 300 sec this turn | 300 sec total | 5 sec grace\n|\n|t:|1783546469\n|switch|p1a: Ditto|Ditto, L87|225/225\n|-transform|p1a: Ditto|p2a: Probopass|[from] ability: Imposter\n|turn|46\n|inactive|Time left: 300 sec this turn | 300 sec total\n|\n|t:|1783546470\n|-terastallize|p2a: Probopass|Fighting\n|move|p1a: Ditto|Body Press|p2a: Probopass\n|-damage|p2a: Probopass|78/100 par\n|cant|p2a: Probopass|par\n|\n|-heal|p2a: Probopass|85/100 par|[from] item: Leftovers\n|upkeep\n|turn|47\n|inactive|Time left: 300 sec this turn | 300 sec total\n|\n|t:|1783546471\n|move|p1a: Ditto|Body Press|p2a: Probopass\n|-damage|p2a: Probopass|64/100 par\n|cant|p2a: Probopass|par\n|\n|-heal|p2a: Probopass|70/100 par|[from] item: Leftovers\n|upkeep\n|turn|48\n|inactive|Time left: 300 sec this turn | 300 sec total\n|\n|t:|1783546472\n|move|p1a: Ditto|Body Press|p2a: Probopass\n|-damage|p2a: Probopass|47/100 par\n|move|p2a: Probopass|Flash Cannon|p1a: Ditto\n|-damage|p1a: Ditto|174/225\n|\n|-heal|p2a: Probopass|53/100 par|[from] item: Leftovers\n|upkeep\n|turn|49\n|inactive|Time left: 300 sec this turn | 300 sec total\n|\n|t:|1783546472\n|move|p1a: Ditto|Body Press|p2a: Probopass\n|-damage|p2a: Probopass|34/100 par\n|move|p2a: Probopass|Flash Cannon|p1a: Ditto\n|-damage|p1a: Ditto|126/225\n|\n|-heal|p2a: Probopass|40/100 par|[from] item: Leftovers\n|upkeep\n|turn|50\n|inactive|Time left: 300 sec this turn | 300 sec total\n|\n|t:|1783546473\n|move|p1a: Ditto|Body Press|p2a: Probopass\n|-damage|p2a: Probopass|18/100 par\n|move|p2a: Probopass|Flash Cannon|p1a: Ditto\n|-damage|p1a: Ditto|74/225\n|\n|-heal|p2a: Probopass|24/100 par|[from] item: Leftovers\n|upkeep\n|turn|51\n|inactive|Time left: 300 sec this turn | 300 sec total\n|\n|t:|1783546474\n|switch|p2a: Garchomp|Garchomp, L74, M|100/100\n|-damage|p2a: Garchomp|94/100|[from] Stealth Rock\n|-activate|p1a: Ditto|move: Struggle\n|move|p1a: Ditto|Struggle|p2a: Garchomp\n|-damage|p2a: Garchomp|87/100\n|-damage|p1a: Ditto|46/225|[from] ability: Rough Skin|[of] p2a: Garchomp\n|-damage|p1a: Ditto|9/225|[from] item: Rocky Helmet|[of] p2a: Garchomp\n|-damage|p1a: Ditto|0 fnt|[from] recoil\n|faint|p1a: Ditto\n|\n|upkeep\n|inactive|Time left: 300 sec this turn | 300 sec total | 5 sec grace\n|\n|t:|1783546475\n|switch|p1a: Dialga|Dialga-Origin, L73, tera:Dragon|49/266\n|-ability|p1a: Dialga|Pressure\n|turn|52\n|inactive|Time left: 300 sec this turn | 300 sec total\n|\n|t:|1783546476\n|move|p2a: Garchomp|Earthquake|p1a: Dialga\n|-damage|p1a: Dialga|0 fnt\n|faint|p1a: Dialga\n|\n|win|p0y572c6de", "uploadtime": 1783546476, "views": 0, "rating": 0, "private": 0, "password": null, "_winner": "p0y572c6de", "_our_name": "p0x5725e1e"}