{"id": "battle-gen9randombattle-2890", "formatid": "gen9randombattle", "format": "[Gen 9] Random Battle", "players": ["p0x28902e42", "p0y289082db"], "log": "|init|battle\n|title|p0x28902e42 vs. p0y289082db\n|j|\u2606p0x28902e42\n|j|\u2606p0y289082db\n|t:|1783573288\n|gametype|singles\n|player|p1|p0x28902e42|1|\n|player|p2|p0y289082db|101|\n|gen|9\n|tier|[Gen 9] Random Battle\n|rule|Species Clause: Limit one of each Pok\u00e9mon\n|rule|HP Percentage Mod: HP is shown in percentages\n|rule|Sleep Clause Mod: Limit one foe put to sleep\n|rule|Illusion Level Mod: Illusion disguises the Pok\u00e9mon's true level\n|\n|t:|1783573288\n|teamsize|p1|6\n|teamsize|p2|6\n|start\n|switch|p1a: Hitmontop|Hitmontop, L88, M|231/231\n|switch|p2a: Sunflora|Sunflora, F|100/100\n|-ability|p1a: Hitmontop|Intimidate|boost\n|-unboost|p2a: Sunflora|atk|1\n|turn|1\n|inactive|Battle timer is ON: inactive players will automatically lose when time's up. (requested by p0x28902e42)\n|inactive|p0y289082db also wants the timer to be on.\n|\n|t:|1783573290\n|switch|p1a: Spidops|Spidops, L96, M|271/271\n|switch|p2a: Giratina|Giratina-Origin, L72|100/100\n|\n|upkeep\n|turn|2\n|inactive|Time left: 300 sec this turn | 300 sec total\n|\n|t:|1783573291\n|move|p2a: Giratina|Will-O-Wisp|p1a: Spidops\n|-status|p1a: Spidops|brn\n|move|p1a: Spidops|Sticky Web|p2a: Giratina\n|-sidestart|p2: p0y289082db|move: Sticky Web\n|\n|-damage|p1a: Spidops|255/271 brn|[from] brn\n|upkeep\n|turn|3\n|inactive|Time left: 300 sec this turn | 300 sec total\n|\n|t:|1783573292\n|switch|p1a: Grimmsnarl|Grimmsnarl, L83, M|293/293\n|move|p2a: Giratina|Defog|p1a: Grimmsnarl\n|-unboost|p1a: Grimmsnarl|evasion|1\n|-sideend|p2: p0y289082db|Sticky Web|[from] move: Defog|[of] p2a: Giratina\n|\n|upkeep\n|turn|4\n|inactive|Time left: 300 sec this turn | 300 sec total\n|\n|t:|1783573294\n|move|p2a: Giratina|Will-O-Wisp|p1a: Grimmsnarl\n|-status|p1a: Grimmsnarl|brn\n|move|p1a: Grimmsnarl|Spirit Break|p2a: Giratina\n|-supereffective|p2a: Giratina\n|-crit|p2a: Giratina\n|-damage|p2a: Giratina|54/100\n|-unboost|p2a: Giratina|spa|1\n|\n|-damage|p1a: Grimmsnarl|275/293 brn|[from] brn\n|upkeep\n|turn|5\n|inactive|Time left: 300 sec this turn | 300 sec total\n|\n|t:|1783573295\n|switch|p2a: Muk|Muk-Alola, L82, M|100/100\n|move|p1a: Grimmsnarl|Light Screen|p1a: Grimmsnarl\n|-sidestart|p1: p0x28902e42|move: Light Screen\n|\n|-damage|p1a: Grimmsnarl|257/293 brn|[from] brn\n|upkeep\n|turn|6\n|inactive|Time left: 300 sec this turn | 300 sec total\n|\n|t:|1783573296\n|move|p1a: Grimmsnarl|Spirit Break|p2a: Muk\n|-damage|p2a: Muk|83/100\n|-unboost|p2a: Muk|spa|1\n|move|p2a: Muk|Poison Jab|p1a: Grimmsnarl\n|-supereffective|p1a: Grimmsnarl\n|-damage|p1a: Grimmsnarl|47/293 brn\n|\n|-damage|p1a: Grimmsnarl|29/293 brn|[from] brn\n|upkeep\n|turn|7\n|inactive|Time left: 300 sec this turn | 300 sec total\n|\n|t:|1783573297\n|move|p1a: Grimmsnarl|Spirit Break|p2a: Muk\n|-damage|p2a: Muk|64/100\n|-unboost|p2a: Muk|spa|1\n|move|p2a: Muk|Drain Punch|p1a: Grimmsnarl\n|-damage|p1a: Grimmsnarl|0 fnt\n|-heal|p2a: Muk|69/100|[from] drain|[of] p1a: Grimmsnarl\n|faint|p1a: Grimmsnarl\n|\n|upkeep\n|inactive|Time left: 300 sec this turn | 300 sec total | 5 sec grace\n|\n|t:|1783573298\n|switch|p1a: Cloyster|Cloyster, L80, M|211/211\n|turn|8\n|inactive|Time left: 300 sec this turn | 300 sec total\n|\n|t:|1783573299\n|move|p1a: Cloyster|Shell Smash|p1a: Cloyster\n|-unboost|p1a: Cloyster|def|1\n|-unboost|p1a: Cloyster|spd|1\n|-boost|p1a: Cloyster|atk|2\n|-boost|p1a: Cloyster|spa|2\n|-boost|p1a: Cloyster|spe|2\n|-enditem|p1a: Cloyster|White Herb\n|-clearnegativeboost|p1a: Cloyster|[silent]\n|move|p2a: Muk|Drain Punch|p1a: Cloyster\n|-supereffective|p1a: Cloyster\n|-damage|p1a: Cloyster|145/211\n|-heal|p2a: Muk|80/100|[from] drain|[of] p1a: Cloyster\n|\n|upkeep\n|turn|9\n|inactive|Time left: 300 sec this turn | 300 sec total\n|\n|t:|1783573300\n|switch|p2a: Giratina|Giratina-Origin, L72|54/100\n|move|p1a: Cloyster|Icicle Spear|p2a: Giratina\n|-supereffective|p2a: Giratina\n|-damage|p2a: Giratina|25/100\n|-supereffective|p2a: Giratina\n|-damage|p2a: Giratina|0 fnt\n|faint|p2a: Giratina\n|-hitcount|p2: Giratina|2\n|\n|upkeep\n|\n|t:|1783573300\n|switch|p2a: Vespiquen|Vespiquen, L99, F|100/100\n|-ability|p2a: Vespiquen|Pressure\n|turn|10\n|inactive|Time left: 300 sec this turn | 300 sec total\n|\n|t:|1783573301\n|-terastallize|p2a: Vespiquen|Steel\n|move|p1a: Cloyster|Hydro Pump|p2a: Vespiquen\n|-damage|p2a: Vespiquen|48/100\n|move|p2a: Vespiquen|Hurricane|p1a: Cloyster|[miss]\n|-miss|p2a: Vespiquen|p1a: Cloyster\n|\n|upkeep\n|turn|11\n|inactive|Time left: 300 sec this turn | 300 sec total\n|\n|t:|1783573302\n|move|p1a: Cloyster|Hydro Pump|p2a: Vespiquen\n|-damage|p2a: Vespiquen|0 fnt\n|faint|p2a: Vespiquen\n|\n|upkeep\n|\n|t:|1783573303\n|switch|p2a: Muk|Muk-Alola, L82, M|80/100\n|turn|12\n|inactive|Time left: 300 sec this turn | 300 sec total\n|\n|t:|1783573304\n|move|p2a: Muk|Shadow Sneak|p1a: Cloyster\n|-damage|p1a: Cloyster|128/211\n|move|p1a: Cloyster|Icicle Spear|p2a: Muk\n|-damage|p2a: Muk|62/100\n|-damage|p2a: Muk|44/100\n|-damage|p2a: Muk|27/100\n|-damage|p2a: Muk|8/100\n|-damage|p2a: Muk|0 fnt\n|faint|p2a: Muk\n|-hitcount|p2: Muk|5\n|\n|-sideend|p1: p0x28902e42|move: Light Screen\n|upkeep\n|\n|t:|1783573305\n|switch|p2a: Porygon-Z|Porygon-Z, L83|100/100\n|turn|13\n|inactive|Time left: 300 sec this turn | 300 sec total\n|\n|t:|1783573306\n|switch|p2a: Ditto|Ditto, L87|100/100\n|-transform|p2a: Ditto|p1a: Cloyster|[from] ability: Imposter\n|move|p1a: Cloyster|Icicle Spear|p2a: Ditto\n|-resisted|p2a: Ditto\n|-damage|p2a: Ditto|97/100\n|-resisted|p2a: Ditto\n|-damage|p2a: Ditto|94/100\n|-resisted|p2a: Ditto\n|-damage|p2a: Ditto|91/100\n|-resisted|p2a: Ditto\n|-damage|p2a: Ditto|88/100\n|-resisted|p2a: Ditto\n|-damage|p2a: Ditto|84/100\n|-hitcount|p2a: Ditto|5\n|\n|upkeep\n|turn|14\n|inactive|Time left: 300 sec this turn | 300 sec total\n|\n|t:|1783573306\n|move|p2a: Ditto|Rock Blast|p1a: Cloyster\n|-supereffective|p1a: Cloyster\n|-damage|p1a: Cloyster|88/211\n|-supereffective|p1a: Cloyster\n|-damage|p1a: Cloyster|46/211\n|-supereffective|p1a: Cloyster\n|-damage|p1a: Cloyster|4/211\n|-supereffective|p1a: Cloyster\n|-damage|p1a: Cloyster|0 fnt\n|faint|p1a: Cloyster\n|-hitcount|p1: Cloyster|4\n|\n|upkeep\n|inactive|Time left: 300 sec this turn | 300 sec total | 5 sec grace\n|\n|t:|1783573307\n|switch|p1a: Flapple|Flapple, L88, F|266/266\n|turn|15\n|inactive|Time left: 300 sec this turn | 300 sec total\n|\n|t:|1783573308\n|-terastallize|p1a: Flapple|Steel\n|move|p2a: Ditto|Rock Blast|p1a: Flapple\n|-resisted|p1a: Flapple\n|-damage|p1a: Flapple|248/266\n|-resisted|p1a: Flapple\n|-damage|p1a: Flapple|232/266\n|-resisted|p1a: Flapple\n|-damage|p1a: Flapple|213/266\n|-resisted|p1a: Flapple\n|-damage|p1a: Flapple|194/266\n|-resisted|p1a: Flapple\n|-damage|p1a: Flapple|175/266\n|-hitcount|p1a: Flapple|5\n|move|p1a: Flapple|Outrage|p2a: Ditto\n|-damage|p2a: Ditto|0 fnt\n|faint|p2a: Ditto\n|\n|upkeep\n|\n|t:|1783573309\n|switch|p2a: Porygon-Z|Porygon-Z, L83|100/100\n|turn|16\n|inactive|Time left: 300 sec this turn | 300 sec total\n|\n|t:|1783573310\n|move|p2a: Porygon-Z|Tri Attack|p1a: Flapple\n|-resisted|p1a: Flapple\n|-damage|p1a: Flapple|81/266\n|move|p1a: Flapple|Outrage|p2a: Porygon-Z|[from] lockedmove\n|-damage|p2a: Porygon-Z|0 fnt\n|faint|p2a: Porygon-Z\n|\n|upkeep\n|\n|t:|1783573311\n|switch|p2a: Sunflora|Sunflora, F|100/100\n|turn|17\n|inactive|Time left: 300 sec this turn | 300 sec total\n|\n|t:|1783573312\n|move|p1a: Flapple|Outrage|p2a: Sunflora|[from] lockedmove\n|-damage|p2a: Sunflora|0 fnt\n|faint|p2a: Sunflora\n|-start|p1a: Flapple|confusion|[fatigue]\n|\n|win|p0x28902e42", "uploadtime": 1783573312, "views": 0, "rating": 0, "private": 0, "password": null, "_winner": "p0x28902e42", "_our_name": "p0x28902e42"}