{"id": "battle-gen9randombattle-1454", "formatid": "gen9randombattle", "format": "[Gen 9] Random Battle", "players": ["p0x14544a10", "p0y145446b7"], "log": "|init|battle\n|title|p0x14544a10 vs. p0y145446b7\n|j|\u2606p0x14544a10\n|j|\u2606p0y145446b7\n|t:|1783556930\n|gametype|singles\n|player|p1|p0x14544a10|170|\n|player|p2|p0y145446b7|266|\n|gen|9\n|tier|[Gen 9] Random Battle\n|rule|Species Clause: Limit one of each Pok\u00e9mon\n|rule|HP Percentage Mod: HP is shown in percentages\n|rule|Sleep Clause Mod: Limit one foe put to sleep\n|rule|Illusion Level Mod: Illusion disguises the Pok\u00e9mon's true level\n|\n|t:|1783556930\n|teamsize|p1|6\n|teamsize|p2|6\n|start\n|switch|p1a: Arbok|Arbok, L87, M|100/100\n|switch|p2a: Oinkologne|Oinkologne, L92, M|352/352\n|-ability|p1a: Arbok|Intimidate|boost\n|-unboost|p2a: Oinkologne|atk|1\n|turn|1\n|inactive|Battle timer is ON: inactive players will automatically lose when time's up. (requested by p0x14544a10)\n|inactive|Time left: 300 sec this turn | 300 sec total | 60 sec grace\n|\n|t:|1783556932\n|switch|p2a: Avalugg|Avalugg, L88, M|310/310\n|move|p1a: Arbok|Gunk Shot|p2a: Avalugg\n|-damage|p2a: Avalugg|219/310\n|-status|p2a: Avalugg|psn\n|-damage|p1a: Arbok|91/100|[from] item: Life Orb\n|\n|-damage|p2a: Avalugg|181/310 psn|[from] psn\n|upkeep\n|turn|2\n|inactive|Time left: 300 sec this turn | 300 sec total\n|inactive|p0y145446b7 also wants the timer to be on.\n|\n|t:|1783556934\n|switch|p1a: Volcanion|Volcanion, L79|100/100\n|move|p2a: Avalugg|Avalanche|p1a: Volcanion\n|-resisted|p1a: Volcanion\n|-damage|p1a: Volcanion|94/100\n|\n|-damage|p2a: Avalugg|143/310 psn|[from] psn\n|upkeep\n|turn|3\n|inactive|Time left: 300 sec this turn | 300 sec total\n|\n|t:|1783556935\n|switch|p2a: Fezandipiti|Fezandipiti, L82, M|278/278\n|move|p1a: Volcanion|Steam Eruption|p2a: Fezandipiti\n|-damage|p2a: Fezandipiti|182/278\n|\n|-heal|p2a: Fezandipiti|199/278|[from] item: Leftovers\n|upkeep\n|turn|4\n|inactive|Time left: 300 sec this turn | 300 sec total\n|\n|t:|1783556936\n|move|p2a: Fezandipiti|Swords Dance|p2a: Fezandipiti\n|-boost|p2a: Fezandipiti|atk|2\n|move|p1a: Volcanion|Flame Charge|p2a: Fezandipiti\n|-damage|p2a: Fezandipiti|141/278\n|-boost|p1a: Volcanion|spe|1\n|\n|-heal|p2a: Fezandipiti|158/278|[from] item: Leftovers\n|upkeep\n|turn|5\n|inactive|Time left: 300 sec this turn | 300 sec total\n|\n|t:|1783556937\n|move|p1a: Volcanion|Steam Eruption|p2a: Fezandipiti\n|-damage|p2a: Fezandipiti|59/278\n|-status|p2a: Fezandipiti|brn\n|move|p2a: Fezandipiti|Gunk Shot|p1a: Volcanion\n|-damage|p1a: Volcanion|57/100\n|\n|-heal|p2a: Fezandipiti|76/278 brn|[from] item: Leftovers\n|-damage|p2a: Fezandipiti|59/278 brn|[from] brn\n|upkeep\n|turn|6\n|inactive|Time left: 300 sec this turn | 300 sec total\n|\n|t:|1783556938\n|move|p1a: Volcanion|Steam Eruption|p2a: Fezandipiti\n|-damage|p2a: Fezandipiti|0 fnt\n|faint|p2a: Fezandipiti\n|\n|upkeep\n|inactive|Time left: 300 sec this turn | 300 sec total | 5 sec grace\n|\n|t:|1783556939\n|switch|p2a: Pincurchin|Pincurchin, M|258/258\n|-fieldstart|move: Electric Terrain|[from] ability: Electric Surge|[of] p2a: Pincurchin\n|turn|7\n|inactive|Time left: 300 sec this turn | 300 sec total\n|\n|t:|1783556940\n|move|p1a: Volcanion|Steam Eruption|p2a: Pincurchin\n|-damage|p2a: Pincurchin|140/258\n|-status|p2a: Pincurchin|brn\n|move|p2a: Pincurchin|Zing Zap|p1a: Volcanion\n|-supereffective|p1a: Volcanion\n|-damage|p1a: Volcanion|8/100\n|\n|-heal|p2a: Pincurchin|156/258 brn|[from] item: Leftovers\n|-damage|p2a: Pincurchin|140/258 brn|[from] brn\n|upkeep\n|turn|8\n|inactive|Time left: 300 sec this turn | 300 sec total\n|\n|t:|1783556941\n|move|p1a: Volcanion|Flamethrower|p2a: Pincurchin\n|-damage|p2a: Pincurchin|55/258 brn\n|move|p2a: Pincurchin|Zing Zap|p1a: Volcanion\n|-supereffective|p1a: Volcanion\n|-damage|p1a: Volcanion|0 fnt\n|faint|p1a: Volcanion\n|\n|-heal|p2a: Pincurchin|71/258 brn|[from] item: Leftovers\n|-damage|p2a: Pincurchin|55/258 brn|[from] brn\n|upkeep\n|\n|t:|1783556942\n|switch|p1a: Golem|Golem-Alola, L93, F|100/100\n|turn|9\n|inactive|Time left: 300 sec this turn | 300 sec total\n|\n|t:|1783556943\n|move|p1a: Golem|Rock Polish|p1a: Golem\n|-boost|p1a: Golem|spe|2\n|move|p2a: Pincurchin|Zing Zap|p1a: Golem\n|-resisted|p1a: Golem\n|-damage|p1a: Golem|91/100\n|\n|-heal|p2a: Pincurchin|71/258 brn|[from] item: Leftovers\n|-damage|p2a: Pincurchin|55/258 brn|[from] brn\n|upkeep\n|turn|10\n|inactive|Time left: 300 sec this turn | 300 sec total\n|\n|t:|1783556944\n|move|p1a: Golem|Double-Edge|p2a: Pincurchin\n|-resisted|p2a: Pincurchin\n|-damage|p2a: Pincurchin|0 fnt\n|faint|p2a: Pincurchin\n|-damage|p1a: Golem|85/100|[from] Recoil\n|-damage|p1a: Golem|75/100|[from] item: Life Orb\n|\n|upkeep\n|inactive|Time left: 300 sec this turn | 300 sec total | 5 sec grace\n|\n|t:|1783556944\n|switch|p2a: Orthworm|Orthworm, L88, F|266/266\n|turn|11\n|inactive|Time left: 300 sec this turn | 300 sec total\n|\n|t:|1783556945\n|move|p1a: Golem|Double-Edge|p2a: Orthworm\n|-damage|p2a: Orthworm|42/266\n|-damage|p1a: Golem|51/100|[from] Recoil\n|-damage|p1a: Golem|41/100|[from] item: Life Orb\n|move|p2a: Orthworm|Body Press|p1a: Golem\n|-supereffective|p1a: Golem\n|-damage|p1a: Golem|3/100\n|\n|-heal|p2a: Orthworm|58/266|[from] item: Leftovers\n|-fieldend|move: Electric Terrain\n|upkeep\n|turn|12\n|inactive|Time left: 300 sec this turn | 300 sec total\n|\n|t:|1783556946\n|move|p1a: Golem|Double-Edge|p2a: Orthworm\n|-damage|p2a: Orthworm|0 fnt\n|faint|p2a: Orthworm\n|-damage|p1a: Golem|0 fnt|[from] Recoil\n|faint|p1a: Golem\n|\n|upkeep\n|inactive|Time left: 300 sec this turn | 300 sec total | 5 sec grace\n|\n|t:|1783556947\n|switch|p2a: Koraidon|Koraidon, L64|235/235\n|switch|p1a: Rotom|Rotom-Mow, L87|100/100\n|-weather|SunnyDay|[from] ability: Orichalcum Pulse|[of] p2a: Koraidon\n|-activate|p2a: Koraidon|Orichalcum Pulse|[source]\n|turn|13\n|inactive|Time left: 300 sec this turn | 300 sec total\n|\n|t:|1783556948\n|switch|p1a: Lugia|Lugia, L73|100/100\n|move|p2a: Koraidon|Swords Dance|p2a: Koraidon\n|-boost|p2a: Koraidon|atk|2\n|\n|-weather|SunnyDay|[upkeep]\n|upkeep\n|turn|14\n|inactive|Time left: 300 sec this turn | 300 sec total\n|\n|t:|1783556949\n|-terastallize|p2a: Koraidon|Fire\n|move|p2a: Koraidon|Scale Shot|p1a: Lugia\n|-damage|p1a: Lugia|93/100\n|-damage|p1a: Lugia|75/100\n|-damage|p1a: Lugia|58/100\n|-damage|p1a: Lugia|42/100\n|-damage|p1a: Lugia|27/100\n|-hitcount|p1a: Lugia|5\n|-unboost|p2a: Koraidon|def|1\n|-boost|p2a: Koraidon|spe|1\n|move|p1a: Lugia|Aeroblast|p2a: Koraidon\n|-damage|p2a: Koraidon|136/235\n|\n|-weather|SunnyDay|[upkeep]\n|upkeep\n|turn|15\n|inactive|Time left: 300 sec this turn | 300 sec total\n|\n|t:|1783556949\n|move|p2a: Koraidon|Flare Blitz|p1a: Lugia\n|-damage|p1a: Lugia|0 fnt\n|faint|p1a: Lugia\n|-damage|p2a: Koraidon|112/235|[from] Recoil\n|\n|-weather|SunnyDay|[upkeep]\n|upkeep\n|\n|t:|1783556950\n|switch|p1a: Feraligatr|Feraligatr, L79, F|100/100\n|turn|16\n|inactive|Time left: 300 sec this turn | 300 sec total\n|\n|t:|1783556951\n|move|p2a: Koraidon|Collision Course|p1a: Feraligatr\n|-damage|p1a: Feraligatr|15/100\n|move|p1a: Feraligatr|Liquidation|p2a: Koraidon\n|-supereffective|p2a: Koraidon\n|-damage|p2a: Koraidon|0 fnt\n|faint|p2a: Koraidon\n|\n|-weather|SunnyDay|[upkeep]\n|upkeep\n|inactive|Time left: 300 sec this turn | 300 sec total | 5 sec grace\n|\n|t:|1783556952\n|switch|p2a: Oinkologne|Oinkologne, L92, M|352/352\n|turn|17\n|inactive|Time left: 300 sec this turn | 300 sec total\n|\n|t:|1783556953\n|switch|p1a: Rotom|Rotom-Mow, L87|100/100\n|move|p2a: Oinkologne|Double-Edge|p1a: Rotom\n|-damage|p1a: Rotom|42/100\n|-damage|p2a: Oinkologne|308/352|[from] Recoil\n|\n|-weather|none\n|-heal|p1a: Rotom|49/100|[from] item: Leftovers\n|-heal|p2a: Oinkologne|330/352|[from] item: Leftovers\n|upkeep\n|turn|18\n|inactive|Time left: 300 sec this turn | 300 sec total\n|\n|t:|1783556954\n|move|p1a: Rotom|Will-O-Wisp|p2a: Oinkologne\n|-status|p2a: Oinkologne|brn\n|move|p2a: Oinkologne|Double-Edge|p1a: Rotom\n|-damage|p1a: Rotom|20/100\n|-damage|p2a: Oinkologne|308/352 brn|[from] Recoil\n|\n|-heal|p1a: Rotom|26/100|[from] item: Leftovers\n|-heal|p2a: Oinkologne|330/352 brn|[from] item: Leftovers\n|-damage|p2a: Oinkologne|308/352 brn|[from] brn\n|upkeep\n|turn|19\n|inactive|Time left: 300 sec this turn | 300 sec total\n|\n|t:|1783556955\n|switch|p1a: Arbok|Arbok, L87, M|91/100\n|-ability|p1a: Arbok|Intimidate|boost\n|-unboost|p2a: Oinkologne|atk|1\n|move|p2a: Oinkologne|Double-Edge|p1a: Arbok\n|-damage|p1a: Arbok|66/100\n|-damage|p2a: Oinkologne|288/352 brn|[from] Recoil\n|\n|-heal|p2a: Oinkologne|310/352 brn|[from] item: Leftovers\n|-damage|p2a: Oinkologne|288/352 brn|[from] brn\n|upkeep\n|turn|20\n|inactive|Time left: 300 sec this turn | 300 sec total\n|\n|t:|1783556956\n|switch|p1a: Rotom|Rotom-Mow, L87|26/100\n|move|p2a: Oinkologne|Double-Edge|p1a: Rotom\n|-damage|p1a: Rotom|6/100\n|-damage|p2a: Oinkologne|273/352 brn|[from] Recoil\n|\n|-heal|p1a: Rotom|12/100|[from] item: Leftovers\n|-heal|p2a: Oinkologne|295/352 brn|[from] item: Leftovers\n|-damage|p2a: Oinkologne|273/352 brn|[from] brn\n|upkeep\n|turn|21\n|inactive|Time left: 300 sec this turn | 300 sec total\n|\n|t:|1783556957\n|switch|p1a: Arbok|Arbok, L87, M|66/100\n|-ability|p1a: Arbok|Intimidate|boost\n|-unboost|p2a: Oinkologne|atk|1\n|move|p2a: Oinkologne|Double-Edge|p1a: Arbok\n|-damage|p1a: Arbok|46/100\n|-damage|p2a: Oinkologne|257/352 brn|[from] Recoil\n|\n|-heal|p2a: Oinkologne|279/352 brn|[from] item: Leftovers\n|-damage|p2a: Oinkologne|257/352 brn|[from] brn\n|upkeep\n|turn|22\n|inactive|Time left: 300 sec this turn | 300 sec total\n|\n|t:|1783556958\n|move|p1a: Arbok|Gunk Shot|p2a: Oinkologne\n|-damage|p2a: Oinkologne|70/352 brn\n|-damage|p1a: Arbok|37/100|[from] item: Life Orb\n|move|p2a: Oinkologne|Double-Edge|p1a: Arbok\n|-damage|p1a: Arbok|19/100\n|-damage|p2a: Oinkologne|56/352 brn|[from] Recoil\n|\n|-heal|p2a: Oinkologne|78/352 brn|[from] item: Leftovers\n|-damage|p2a: Oinkologne|56/352 brn|[from] brn\n|upkeep\n|turn|23\n|inactive|Time left: 300 sec this turn | 300 sec total\n|\n|t:|1783556959\n|move|p1a: Arbok|Earthquake|p2a: Oinkologne\n|-damage|p2a: Oinkologne|0 fnt\n|faint|p2a: Oinkologne\n|-damage|p1a: Arbok|9/100|[from] item: Life Orb\n|\n|upkeep\n|inactive|Time left: 300 sec this turn | 300 sec total | 5 sec grace\n|\n|t:|1783556960\n|switch|p2a: Avalugg|Avalugg, L88, M|143/310 psn\n|turn|24\n|inactive|Time left: 300 sec this turn | 300 sec total\n|\n|t:|1783556962\n|-terastallize|p1a: Arbok|Dark\n|move|p1a: Arbok|Knock Off|p2a: Avalugg\n|-damage|p2a: Avalugg|73/310 psn\n|-enditem|p2a: Avalugg|Heavy-Duty Boots|[from] move: Knock Off|[of] p1a: Arbok\n|-damage|p1a: Arbok|0 fnt|[from] item: Life Orb\n|faint|p1a: Arbok\n|move|p2a: Avalugg|Recover|p2a: Avalugg\n|-heal|p2a: Avalugg|228/310 psn\n|\n|-damage|p2a: Avalugg|190/310 psn|[from] psn\n|upkeep\n|\n|t:|1783556963\n|switch|p1a: Rotom|Rotom-Mow, L87|12/100\n|turn|25\n|inactive|Time left: 300 sec this turn | 300 sec total\n|\n|t:|1783556963\n|move|p1a: Rotom|Thunderbolt|p2a: Avalugg\n|-damage|p2a: Avalugg|24/310 psn\n|move|p2a: Avalugg|Recover|p2a: Avalugg\n|-heal|p2a: Avalugg|179/310 psn\n|\n|-heal|p1a: Rotom|18/100|[from] item: Leftovers\n|-damage|p2a: Avalugg|141/310 psn|[from] psn\n|upkeep\n|turn|26\n|inactive|Time left: 300 sec this turn | 300 sec total\n|\n|t:|1783556964\n|move|p1a: Rotom|Thunderbolt|p2a: Avalugg\n|-damage|p2a: Avalugg|0 fnt\n|faint|p2a: Avalugg\n|\n|win|p0x14544a10", "uploadtime": 1783556964, "views": 0, "rating": 0, "private": 0, "password": null, "_winner": "p0x14544a10", "_our_name": "p0y145446b7"}