{"id": "battle-gen9randombattle-2864", "formatid": "gen9randombattle", "format": "[Gen 9] Random Battle", "players": ["p0x28641347", "p0y28643087"], "log": "|init|battle\n|title|p0x28641347 vs. p0y28643087\n|j|\u2606p0x28641347\n|j|\u2606p0y28643087\n|t:|1783572979\n|gametype|singles\n|player|p1|p0x28641347|2|\n|player|p2|p0y28643087|170|\n|gen|9\n|tier|[Gen 9] Random Battle\n|rule|Species Clause: Limit one of each Pok\u00e9mon\n|rule|HP Percentage Mod: HP is shown in percentages\n|rule|Sleep Clause Mod: Limit one foe put to sleep\n|rule|Illusion Level Mod: Illusion disguises the Pok\u00e9mon's true level\n|\n|t:|1783572979\n|teamsize|p1|6\n|teamsize|p2|6\n|start\n|switch|p1a: Terapagos|Terapagos, L77, F|100/100\n|switch|p2a: Bellossom|Bellossom, L84, M|263/263\n|-activate|p1a: Terapagos|ability: Tera Shift\n|detailschange|p1a: Terapagos|Terapagos-Terastal, L77, F\n|-heal|p1a: Terapagos|100/100|[silent]\n|turn|1\n|inactive|Battle timer is ON: inactive players will automatically lose when time's up. (requested by p0y28643087)\n|\n|t:|1783572981\n|move|p1a: Terapagos|Calm Mind|p1a: Terapagos\n|-boost|p1a: Terapagos|spa|1\n|-boost|p1a: Terapagos|spd|1\n|move|p2a: Bellossom|Quiver Dance|p2a: Bellossom\n|-boost|p2a: Bellossom|spa|1\n|-boost|p2a: Bellossom|spd|1\n|-boost|p2a: Bellossom|spe|1\n|\n|upkeep\n|turn|2\n|inactive|Time left: 300 sec this turn | 300 sec total\n|inactive|p0x28641347 also wants the timer to be on.\n|\n|t:|1783572982\n|move|p2a: Bellossom|Quiver Dance|p2a: Bellossom\n|-boost|p2a: Bellossom|spa|1\n|-boost|p2a: Bellossom|spd|1\n|-boost|p2a: Bellossom|spe|1\n|move|p1a: Terapagos|Calm Mind|p1a: Terapagos\n|-boost|p1a: Terapagos|spa|1\n|-boost|p1a: Terapagos|spd|1\n|\n|upkeep\n|turn|3\n|inactive|Time left: 300 sec this turn | 300 sec total\n|\n|t:|1783572983\n|move|p2a: Bellossom|Quiver Dance|p2a: Bellossom\n|-boost|p2a: Bellossom|spa|1\n|-boost|p2a: Bellossom|spd|1\n|-boost|p2a: Bellossom|spe|1\n|move|p1a: Terapagos|Tera Starstorm|p2a: Bellossom\n|-damage|p2a: Bellossom|179/263\n|\n|-heal|p2a: Bellossom|195/263|[from] item: Leftovers\n|upkeep\n|turn|4\n|inactive|Time left: 300 sec this turn | 300 sec total\n|\n|t:|1783572983\n|move|p2a: Bellossom|Quiver Dance|p2a: Bellossom\n|-boost|p2a: Bellossom|spa|1\n|-boost|p2a: Bellossom|spd|1\n|-boost|p2a: Bellossom|spe|1\n|move|p1a: Terapagos|Calm Mind|p1a: Terapagos\n|-boost|p1a: Terapagos|spa|1\n|-boost|p1a: Terapagos|spd|1\n|\n|-heal|p2a: Bellossom|211/263|[from] item: Leftovers\n|upkeep\n|turn|5\n|inactive|Time left: 300 sec this turn | 300 sec total\n|\n|t:|1783572984\n|move|p2a: Bellossom|Giga Drain|p1a: Terapagos\n|-activate|p1a: Terapagos|ability: Tera Shell\n|-resisted|p1a: Terapagos\n|-damage|p1a: Terapagos|86/100\n|-heal|p2a: Bellossom|231/263|[from] drain|[of] p1a: Terapagos\n|move|p1a: Terapagos|Calm Mind|p1a: Terapagos\n|-boost|p1a: Terapagos|spa|1\n|-boost|p1a: Terapagos|spd|1\n|\n|-heal|p2a: Bellossom|247/263|[from] item: Leftovers\n|upkeep\n|turn|6\n|inactive|Time left: 300 sec this turn | 300 sec total\n|\n|t:|1783572985\n|move|p2a: Bellossom|Strength Sap|p1a: Terapagos\n|-unboost|p1a: Terapagos|atk|1\n|-heal|p2a: Bellossom|263/263\n|move|p1a: Terapagos|Tera Starstorm|p2a: Bellossom\n|-damage|p2a: Bellossom|169/263\n|\n|-heal|p2a: Bellossom|185/263|[from] item: Leftovers\n|upkeep\n|turn|7\n|inactive|Time left: 300 sec this turn | 300 sec total\n|\n|t:|1783572986\n|move|p2a: Bellossom|Strength Sap|p1a: Terapagos\n|-unboost|p1a: Terapagos|atk|1\n|-heal|p2a: Bellossom|263/263\n|move|p1a: Terapagos|Tera Starstorm|p2a: Bellossom\n|-damage|p2a: Bellossom|167/263\n|\n|-heal|p2a: Bellossom|183/263|[from] item: Leftovers\n|upkeep\n|turn|8\n|inactive|Time left: 300 sec this turn | 300 sec total\n|\n|t:|1783572987\n|move|p2a: Bellossom|Giga Drain|p1a: Terapagos\n|-damage|p1a: Terapagos|63/100\n|-heal|p2a: Bellossom|215/263|[from] drain|[of] p1a: Terapagos\n|move|p1a: Terapagos|Tera Starstorm|p2a: Bellossom\n|-damage|p2a: Bellossom|107/263\n|\n|-heal|p2a: Bellossom|123/263|[from] item: Leftovers\n|upkeep\n|turn|9\n|inactive|Time left: 300 sec this turn | 300 sec total\n|\n|t:|1783572988\n|move|p2a: Bellossom|Strength Sap|p1a: Terapagos\n|-unboost|p1a: Terapagos|atk|1\n|-heal|p2a: Bellossom|198/263\n|move|p1a: Terapagos|Tera Starstorm|p2a: Bellossom\n|-damage|p2a: Bellossom|95/263\n|\n|-heal|p2a: Bellossom|111/263|[from] item: Leftovers\n|upkeep\n|turn|10\n|inactive|Time left: 300 sec this turn | 300 sec total\n|\n|t:|1783572989\n|move|p2a: Bellossom|Strength Sap|p1a: Terapagos\n|-unboost|p1a: Terapagos|atk|1\n|-heal|p2a: Bellossom|171/263\n|move|p1a: Terapagos|Tera Starstorm|p2a: Bellossom\n|-damage|p2a: Bellossom|63/263\n|\n|-heal|p2a: Bellossom|79/263|[from] item: Leftovers\n|upkeep\n|turn|11\n|inactive|Time left: 300 sec this turn | 300 sec total\n|\n|t:|1783572990\n|move|p2a: Bellossom|Strength Sap|p1a: Terapagos\n|-unboost|p1a: Terapagos|atk|1\n|-heal|p2a: Bellossom|129/263\n|move|p1a: Terapagos|Tera Starstorm|p2a: Bellossom\n|-damage|p2a: Bellossom|30/263\n|\n|-heal|p2a: Bellossom|46/263|[from] item: Leftovers\n|upkeep\n|turn|12\n|inactive|Time left: 300 sec this turn | 300 sec total\n|\n|t:|1783572991\n|move|p2a: Bellossom|Strength Sap|p1a: Terapagos\n|-unboost|p1a: Terapagos|atk|1\n|-heal|p2a: Bellossom|89/263\n|move|p1a: Terapagos|Tera Starstorm|p2a: Bellossom\n|-damage|p2a: Bellossom|0 fnt\n|faint|p2a: Bellossom\n|\n|upkeep\n|inactive|Time left: 300 sec this turn | 300 sec total | 5 sec grace\n|\n|t:|1783572992\n|switch|p2a: Stantler|Stantler, L92, F|284/284\n|-ability|p2a: Stantler|Intimidate|boost\n|-unboost|p1a: Terapagos|atk|0\n|turn|13\n|inactive|Time left: 300 sec this turn | 300 sec total\n|\n|t:|1783572994\n|move|p2a: Stantler|Body Slam|p1a: Terapagos\n|-damage|p1a: Terapagos|27/100\n|move|p1a: Terapagos|Dark Pulse|p2a: Stantler\n|-damage|p2a: Stantler|160/284\n|\n|upkeep\n|turn|14\n|inactive|Time left: 300 sec this turn | 300 sec total\n|\n|t:|1783572995\n|switch|p1a: Stonjourner|Stonjourner, L91, F|100/100\n|move|p2a: Stantler|Body Slam|p1a: Stonjourner\n|-resisted|p1a: Stonjourner\n|-damage|p1a: Stonjourner|90/100\n|\n|upkeep\n|turn|15\n|inactive|Time left: 300 sec this turn | 300 sec total\n|\n|t:|1783572996\n|move|p2a: Stantler|Thunder Wave|p1a: Stonjourner\n|-status|p1a: Stonjourner|par\n|move|p1a: Stonjourner|Stone Edge|p2a: Stantler|[miss]\n|-miss|p1a: Stonjourner|p2a: Stantler\n|\n|upkeep\n|turn|16\n|inactive|Time left: 300 sec this turn | 300 sec total\n|\n|t:|1783572996\n|move|p2a: Stantler|Earthquake|p1a: Stonjourner\n|-supereffective|p1a: Stonjourner\n|-damage|p1a: Stonjourner|57/100 par\n|move|p1a: Stonjourner|Stone Edge|p2a: Stantler|[miss]\n|-miss|p1a: Stonjourner|p2a: Stantler\n|\n|upkeep\n|turn|17\n|inactive|Time left: 300 sec this turn | 300 sec total\n|\n|t:|1783572997\n|move|p2a: Stantler|Earthquake|p1a: Stonjourner\n|-supereffective|p1a: Stonjourner\n|-damage|p1a: Stonjourner|25/100 par\n|move|p1a: Stonjourner|Heat Crash|p2a: Stantler\n|-damage|p2a: Stantler|38/284\n|-damage|p1a: Stonjourner|15/100 par|[from] item: Life Orb\n|\n|upkeep\n|turn|18\n|inactive|Time left: 300 sec this turn | 300 sec total\n|\n|t:|1783572998\n|move|p2a: Stantler|Earthquake|p1a: Stonjourner\n|-supereffective|p1a: Stonjourner\n|-damage|p1a: Stonjourner|0 fnt\n|faint|p1a: Stonjourner\n|\n|upkeep\n|\n|t:|1783572999\n|switch|p1a: Rillaboom|Rillaboom, L79, M|100/100\n|-fieldstart|move: Grassy Terrain|[from] ability: Grassy Surge|[of] p1a: Rillaboom\n|turn|19\n|inactive|Time left: 300 sec this turn | 300 sec total\n|\n|t:|1783573001\n|move|p2a: Stantler|Body Slam|p1a: Rillaboom\n|-damage|p1a: Rillaboom|62/100\n|move|p1a: Rillaboom|Knock Off|p2a: Stantler\n|-damage|p2a: Stantler|0 fnt\n|-enditem|p2a: Stantler|Eviolite|[from] move: Knock Off|[of] p1a: Rillaboom\n|faint|p2a: Stantler\n|\n|-heal|p1a: Rillaboom|68/100|[from] Grassy Terrain\n|upkeep\n|inactive|Time left: 300 sec this turn | 300 sec total | 5 sec grace\n|\n|t:|1783573002\n|switch|p2a: Seviper|Seviper, L93, F|287/287\n|turn|20\n|inactive|Time left: 300 sec this turn | 300 sec total\n|\n|t:|1783573003\n|switch|p1a: Overqwil|Overqwil, L82, M|100/100\n|-ability|p1a: Overqwil|Intimidate|boost\n|-unboost|p2a: Seviper|atk|1\n|move|p2a: Seviper|Gunk Shot|p1a: Overqwil|[miss]\n|-miss|p2a: Seviper|p1a: Overqwil\n|\n|upkeep\n|turn|21\n|inactive|Time left: 300 sec this turn | 300 sec total\n|\n|t:|1783573004\n|switch|p2a: Empoleon|Empoleon, L84, M|278/278\n|move|p1a: Overqwil|Swords Dance|p1a: Overqwil\n|-boost|p1a: Overqwil|atk|2\n|\n|upkeep\n|turn|22\n|inactive|Time left: 300 sec this turn | 300 sec total\n|\n|t:|1783573005\n|move|p1a: Overqwil|Crunch|p2a: Empoleon\n|-damage|p2a: Empoleon|106/278\n|move|p2a: Empoleon|Surf|p1a: Overqwil\n|-damage|p1a: Overqwil|47/100\n|\n|-heal|p1a: Overqwil|53/100|[from] Grassy Terrain\n|-heal|p2a: Empoleon|123/278|[from] Grassy Terrain\n|-heal|p2a: Empoleon|140/278|[from] item: Leftovers\n|upkeep\n|turn|23\n|inactive|Time left: 300 sec this turn | 300 sec total\n|\n|t:|1783573006\n|switch|p2a: Sylveon|Sylveon, L85, M|300/300\n|move|p1a: Overqwil|Crunch|p2a: Sylveon\n|-resisted|p2a: Sylveon\n|-damage|p2a: Sylveon|178/300\n|\n|-heal|p1a: Overqwil|59/100|[from] Grassy Terrain\n|-heal|p2a: Sylveon|196/300|[from] Grassy Terrain\n|-heal|p2a: Sylveon|214/300|[from] item: Leftovers\n|-fieldend|move: Grassy Terrain\n|upkeep\n|turn|24\n|inactive|Time left: 300 sec this turn | 300 sec total\n|\n|t:|1783573007\n|move|p1a: Overqwil|Gunk Shot|p2a: Sylveon\n|-supereffective|p2a: Sylveon\n|-damage|p2a: Sylveon|0 fnt\n|faint|p2a: Sylveon\n|\n|upkeep\n|inactive|Time left: 300 sec this turn | 300 sec total | 5 sec grace\n|\n|t:|1783573008\n|switch|p2a: Kilowattrel|Kilowattrel, L83, F|252/252\n|turn|25\n|inactive|Time left: 300 sec this turn | 300 sec total\n|\n|t:|1783573009\n|move|p2a: Kilowattrel|Hurricane|p1a: Overqwil|[miss]\n|-miss|p2a: Kilowattrel|p1a: Overqwil\n|move|p1a: Overqwil|Crunch|p2a: Kilowattrel\n|-damage|p2a: Kilowattrel|0 fnt\n|faint|p2a: Kilowattrel\n|\n|upkeep\n|inactive|Time left: 300 sec this turn | 300 sec total | 5 sec grace\n|\n|t:|1783573010\n|switch|p2a: Seviper|Seviper, L93, F|287/287\n|turn|26\n|inactive|Time left: 300 sec this turn | 300 sec total\n|\n|t:|1783573011\n|move|p2a: Seviper|Gunk Shot|p1a: Overqwil|[miss]\n|-miss|p2a: Seviper|p1a: Overqwil\n|move|p1a: Overqwil|Crunch|p2a: Seviper\n|-damage|p2a: Seviper|58/287\n|\n|upkeep\n|turn|27\n|inactive|Time left: 300 sec this turn | 300 sec total\n|\n|t:|1783573012\n|-terastallize|p2a: Seviper|Grass\n|move|p2a: Seviper|Gunk Shot|p1a: Overqwil\n|-resisted|p1a: Overqwil\n|-damage|p1a: Overqwil|29/100\n|move|p1a: Overqwil|Crunch|p2a: Seviper\n|-damage|p2a: Seviper|0 fnt\n|faint|p2a: Seviper\n|\n|upkeep\n|inactive|Time left: 300 sec this turn | 300 sec total | 5 sec grace\n|\n|t:|1783573013\n|switch|p2a: Empoleon|Empoleon, L84, M|140/278\n|turn|28\n|inactive|Time left: 300 sec this turn | 300 sec total\n|\n|t:|1783573013\n|move|p1a: Overqwil|Crunch|p2a: Empoleon\n|-damage|p2a: Empoleon|0 fnt\n|faint|p2a: Empoleon\n|\n|win|p0x28641347", "uploadtime": 1783573013, "views": 0, "rating": 0, "private": 0, "password": null, "_winner": "p0x28641347", "_our_name": "p0y28643087"}