{"id": "battle-gen9randombattle-268", "formatid": "gen9randombattle", "format": "[Gen 9] Random Battle", "players": ["p0x26827a6", "p0y2682a02"], "log": "|init|battle\n|title|p0x26827a6 vs. p0y2682a02\n|j|\u2606p0x26827a6\n|j|\u2606p0y2682a02\n|t:|1783542696\n|gametype|singles\n|player|p1|p0x26827a6|102|\n|player|p2|p0y2682a02|1|\n|gen|9\n|tier|[Gen 9] Random Battle\n|rule|Species Clause: Limit one of each Pok\u00e9mon\n|rule|HP Percentage Mod: HP is shown in percentages\n|rule|Sleep Clause Mod: Limit one foe put to sleep\n|rule|Illusion Level Mod: Illusion disguises the Pok\u00e9mon's true level\n|\n|t:|1783542696\n|teamsize|p1|6\n|teamsize|p2|6\n|start\n|switch|p1a: Slaking|Slaking, L84, F|389/389\n|switch|p2a: Wyrdeer|Wyrdeer, L87, M|100/100\n|-ability|p2a: Wyrdeer|Intimidate|boost\n|-unboost|p1a: Slaking|atk|1\n|turn|1\n|inactive|Battle timer is ON: inactive players will automatically lose when time's up. (requested by p0x26827a6)\n|inactive|p0y2682a02 also wants the timer to be on.\n|\n|t:|1783542698\n|move|p1a: Slaking|Giga Impact|p2a: Wyrdeer\n|-damage|p2a: Wyrdeer|24/100\n|-mustrecharge|p1a: Slaking\n|move|p2a: Wyrdeer|Psychic Noise|p1a: Slaking\n|-damage|p1a: Slaking|286/389\n|-start|p1a: Slaking|move: Heal Block\n|\n|-heal|p2a: Wyrdeer|30/100|[from] item: Leftovers\n|upkeep\n|turn|2\n|inactive|Time left: 300 sec this turn | 300 sec total\n|\n|t:|1783542699\n|cant|p1a: Slaking|recharge\n|move|p2a: Wyrdeer|Thunder Wave|p1a: Slaking\n|-status|p1a: Slaking|par\n|\n|-heal|p2a: Wyrdeer|36/100|[from] item: Leftovers\n|-end|p1a: Slaking|move: Heal Block\n|upkeep\n|turn|3\n|inactive|Time left: 300 sec this turn | 300 sec total\n|\n|t:|1783542700\n|move|p2a: Wyrdeer|Earthquake|p1a: Slaking\n|-damage|p1a: Slaking|217/389 par\n|move|p1a: Slaking|Giga Impact|p2a: Wyrdeer\n|-damage|p2a: Wyrdeer|0 fnt\n|-mustrecharge|p1a: Slaking\n|faint|p2a: Wyrdeer\n|\n|upkeep\n|\n|t:|1783542701\n|switch|p2a: Minior|Minior-Green, L79|100/100\n|-formechange|p2a: Minior|Minior-Meteor||[from] ability: Shields Down\n|turn|4\n|inactive|Time left: 300 sec this turn | 300 sec total\n|\n|t:|1783542702\n|move|p2a: Minior|Shell Smash|p2a: Minior\n|-unboost|p2a: Minior|def|1\n|-unboost|p2a: Minior|spd|1\n|-boost|p2a: Minior|atk|2\n|-boost|p2a: Minior|spa|2\n|-boost|p2a: Minior|spe|2\n|-enditem|p2a: Minior|White Herb\n|-clearnegativeboost|p2a: Minior|[silent]\n|cant|p1a: Slaking|recharge\n|\n|upkeep\n|turn|5\n|inactive|Time left: 300 sec this turn | 300 sec total\n|\n|t:|1783542703\n|move|p2a: Minior|Acrobatics|p1a: Slaking\n|-damage|p1a: Slaking|87/389 par\n|move|p1a: Slaking|Giga Impact|p2a: Minior\n|-resisted|p2a: Minior\n|-damage|p2a: Minior|47/100\n|-mustrecharge|p1a: Slaking\n|\n|-formechange|p2a: Minior|Minior-Green||[from] ability: Shields Down\n|upkeep\n|turn|6\n|inactive|Time left: 300 sec this turn | 300 sec total\n|\n|t:|1783542704\n|move|p2a: Minior|Shell Smash|p2a: Minior\n|-unboost|p2a: Minior|def|1\n|-unboost|p2a: Minior|spd|1\n|-boost|p2a: Minior|atk|2\n|-boost|p2a: Minior|spa|2\n|-boost|p2a: Minior|spe|2\n|cant|p1a: Slaking|recharge\n|\n|upkeep\n|turn|7\n|inactive|Time left: 300 sec this turn | 300 sec total\n|\n|t:|1783542705\n|move|p2a: Minior|Earthquake|p1a: Slaking\n|-damage|p1a: Slaking|0 fnt\n|faint|p1a: Slaking\n|\n|upkeep\n|inactive|Time left: 300 sec this turn | 300 sec total | 5 sec grace\n|\n|t:|1783542706\n|switch|p1a: Weezing|Weezing-Galar, L86, M|252/252\n|turn|8\n|inactive|Time left: 300 sec this turn | 300 sec total\n|\n|t:|1783542707\n|-terastallize|p1a: Weezing|Steel\n|move|p2a: Minior|Power Gem|p1a: Weezing\n|-resisted|p1a: Weezing\n|-damage|p1a: Weezing|108/252\n|move|p1a: Weezing|Strange Steam|p2a: Minior\n|-damage|p2a: Minior|0 fnt\n|faint|p2a: Minior\n|\n|-heal|p1a: Weezing|123/252|[from] item: Leftovers\n|upkeep\n|\n|t:|1783542708\n|switch|p2a: Masquerain|Masquerain, L87, M|100/100\n|-ability|p2a: Masquerain|Intimidate|boost\n|-unboost|p1a: Weezing|atk|1\n|turn|9\n|inactive|Time left: 300 sec this turn | 300 sec total\n|\n|t:|1783542710\n|move|p2a: Masquerain|Quiver Dance|p2a: Masquerain\n|-boost|p2a: Masquerain|spa|1\n|-boost|p2a: Masquerain|spd|1\n|-boost|p2a: Masquerain|spe|1\n|move|p1a: Weezing|Fire Blast|p2a: Masquerain\n|-supereffective|p2a: Masquerain\n|-damage|p2a: Masquerain|59/100\n|\n|-heal|p1a: Weezing|138/252|[from] item: Leftovers\n|upkeep\n|turn|10\n|inactive|Time left: 300 sec this turn | 300 sec total\n|\n|t:|1783542711\n|move|p2a: Masquerain|Hydro Pump|p1a: Weezing\n|-damage|p1a: Weezing|0 fnt\n|faint|p1a: Weezing\n|\n|upkeep\n|inactive|Time left: 300 sec this turn | 300 sec total | 5 sec grace\n|\n|t:|1783542712\n|switch|p1a: Electivire|Electivire, L84, M|263/263\n|turn|11\n|inactive|Time left: 300 sec this turn | 300 sec total\n|\n|t:|1783542713\n|move|p2a: Masquerain|Bug Buzz|p1a: Electivire\n|-damage|p1a: Electivire|109/263\n|move|p1a: Electivire|Supercell Slam|p2a: Masquerain\n|-supereffective|p2a: Masquerain\n|-damage|p2a: Masquerain|0 fnt\n|faint|p2a: Masquerain\n|-damage|p1a: Electivire|83/263|[from] item: Life Orb\n|\n|upkeep\n|\n|t:|1783542714\n|switch|p2a: Eelektross|Eelektross, L87, F|100/100\n|turn|12\n|inactive|Time left: 300 sec this turn | 300 sec total\n|\n|t:|1783542715\n|move|p1a: Electivire|Bulk Up|p1a: Electivire\n|-boost|p1a: Electivire|atk|1\n|-boost|p1a: Electivire|def|1\n|move|p2a: Eelektross|Coil|p2a: Eelektross\n|-boost|p2a: Eelektross|atk|1\n|-boost|p2a: Eelektross|def|1\n|-boost|p2a: Eelektross|accuracy|1\n|\n|upkeep\n|turn|13\n|inactive|Time left: 300 sec this turn | 300 sec total\n|\n|t:|1783542716\n|move|p1a: Electivire|Bulk Up|p1a: Electivire\n|-boost|p1a: Electivire|atk|1\n|-boost|p1a: Electivire|def|1\n|move|p2a: Eelektross|Coil|p2a: Eelektross\n|-boost|p2a: Eelektross|atk|1\n|-boost|p2a: Eelektross|def|1\n|-boost|p2a: Eelektross|accuracy|1\n|\n|upkeep\n|turn|14\n|inactive|Time left: 300 sec this turn | 300 sec total\n|\n|t:|1783542717\n|move|p1a: Electivire|Ice Punch|p2a: Eelektross\n|-damage|p2a: Eelektross|69/100\n|-damage|p1a: Electivire|57/263|[from] item: Life Orb\n|move|p2a: Eelektross|Drain Punch|p1a: Electivire\n|-damage|p1a: Electivire|0 fnt\n|-heal|p2a: Eelektross|79/100|[from] drain|[of] p1a: Electivire\n|faint|p1a: Electivire\n|\n|-heal|p2a: Eelektross|85/100|[from] item: Leftovers\n|upkeep\n|inactive|Time left: 300 sec this turn | 300 sec total | 5 sec grace\n|\n|t:|1783542719\n|switch|p1a: Skuntank|Skuntank, L84, F|310/310\n|turn|15\n|inactive|Time left: 300 sec this turn | 300 sec total\n|\n|t:|1783542720\n|move|p1a: Skuntank|Gunk Shot|p2a: Eelektross\n|-damage|p2a: Eelektross|54/100\n|-damage|p1a: Skuntank|279/310|[from] item: Life Orb\n|move|p2a: Eelektross|Drain Punch|p1a: Skuntank\n|-damage|p1a: Skuntank|121/310\n|-heal|p2a: Eelektross|82/100|[from] drain|[of] p1a: Skuntank\n|\n|-heal|p2a: Eelektross|88/100|[from] item: Leftovers\n|upkeep\n|turn|16\n|inactive|Time left: 300 sec this turn | 300 sec total\n|\n|t:|1783542721\n|move|p1a: Skuntank|Knock Off|p2a: Eelektross\n|-damage|p2a: Eelektross|64/100\n|-enditem|p2a: Eelektross|Leftovers|[from] move: Knock Off|[of] p1a: Skuntank\n|-damage|p1a: Skuntank|90/310|[from] item: Life Orb\n|move|p2a: Eelektross|Drain Punch|p1a: Skuntank\n|-damage|p1a: Skuntank|0 fnt\n|-heal|p2a: Eelektross|79/100|[from] drain|[of] p1a: Skuntank\n|-damage|p2a: Eelektross|54/100|[from] ability: Aftermath|[of] p1a: Skuntank\n|faint|p1a: Skuntank\n|\n|upkeep\n|inactive|Time left: 300 sec this turn | 300 sec total | 5 sec grace\n|\n|t:|1783542722\n|switch|p1a: Cloyster|Cloyster, L80, M|211/211\n|turn|17\n|inactive|Time left: 300 sec this turn | 300 sec total\n|\n|t:|1783542722\n|-terastallize|p2a: Eelektross|Fighting\n|move|p1a: Cloyster|Icicle Spear|p2a: Eelektross\n|-damage|p2a: Eelektross|50/100\n|-damage|p2a: Eelektross|46/100\n|-damage|p2a: Eelektross|40/100\n|-damage|p2a: Eelektross|36/100\n|-crit|p2a: Eelektross\n|-damage|p2a: Eelektross|23/100\n|-hitcount|p2a: Eelektross|5\n|move|p2a: Eelektross|Drain Punch|p1a: Cloyster\n|-supereffective|p1a: Cloyster\n|-damage|p1a: Cloyster|0 fnt\n|-heal|p2a: Eelektross|59/100|[from] drain|[of] p1a: Cloyster\n|faint|p1a: Cloyster\n|\n|upkeep\n|inactive|Time left: 300 sec this turn | 300 sec total | 5 sec grace\n|\n|t:|1783542723\n|switch|p1a: Cacturne|Cacturne, L92, M|278/278\n|turn|18\n|inactive|Time left: 300 sec this turn | 300 sec total\n|\n|t:|1783542724\n|move|p1a: Cacturne|Seed Bomb|p2a: Eelektross\n|-damage|p2a: Eelektross|31/100\n|-damage|p1a: Cacturne|251/278|[from] item: Life Orb\n|move|p2a: Eelektross|Fire Punch|p1a: Cacturne\n|-supereffective|p1a: Cacturne\n|-damage|p1a: Cacturne|0 fnt\n|faint|p1a: Cacturne\n|\n|win|p0y2682a02", "uploadtime": 1783542724, "views": 0, "rating": 0, "private": 0, "password": null, "_winner": "p0y2682a02", "_our_name": "p0x26827a6"}