{"id": "battle-gen9randombattle-2397", "formatid": "gen9randombattle", "format": "[Gen 9] Random Battle", "players": ["p0x2397d9a1", "p0y239759e4"], "log": "|init|battle\n|title|p0x2397d9a1 vs. p0y239759e4\n|j|\u2606p0x2397d9a1\n|j|\u2606p0y239759e4\n|t:|1783567800\n|gametype|singles\n|player|p1|p0x2397d9a1|265|\n|player|p2|p0y239759e4|169|\n|gen|9\n|tier|[Gen 9] Random Battle\n|rule|Species Clause: Limit one of each Pok\u00e9mon\n|rule|HP Percentage Mod: HP is shown in percentages\n|rule|Sleep Clause Mod: Limit one foe put to sleep\n|rule|Illusion Level Mod: Illusion disguises the Pok\u00e9mon's true level\n|\n|t:|1783567800\n|teamsize|p1|6\n|teamsize|p2|6\n|start\n|switch|p1a: Brute Bonnet|Brute Bonnet, L80|100/100\n|switch|p2a: Dialga|Dialga, L73|266/266\n|-ability|p2a: Dialga|Pressure\n|turn|1\n|inactive|Battle timer is ON: inactive players will automatically lose when time's up. (requested by p0y239759e4)\n|inactive|p0x2397d9a1 also wants the timer to be on.\n|\n|t:|1783567802\n|move|p2a: Dialga|Fire Blast|p1a: Brute Bonnet\n|-supereffective|p1a: Brute Bonnet\n|-damage|p1a: Brute Bonnet|47/100\n|move|p1a: Brute Bonnet|Spore|p2a: Dialga\n|-status|p2a: Dialga|slp|[from] move: Spore\n|\n|-heal|p1a: Brute Bonnet|54/100|[from] item: Leftovers\n|upkeep\n|turn|2\n|inactive|Time left: 300 sec this turn | 300 sec total\n|\n|t:|1783567803\n|switch|p2a: Mudsdale|Mudsdale, L83, F|302/302\n|move|p1a: Brute Bonnet|Crunch|p2a: Mudsdale\n|-damage|p2a: Mudsdale|206/302\n|-ability|p2a: Mudsdale|Stamina|boost\n|-boost|p2a: Mudsdale|def|1\n|\n|-heal|p1a: Brute Bonnet|60/100|[from] item: Leftovers\n|-heal|p2a: Mudsdale|224/302|[from] item: Leftovers\n|upkeep\n|turn|3\n|inactive|Time left: 300 sec this turn | 300 sec total\n|\n|t:|1783567804\n|move|p1a: Brute Bonnet|Crunch|p2a: Mudsdale\n|-damage|p2a: Mudsdale|169/302\n|-ability|p2a: Mudsdale|Stamina|boost\n|-boost|p2a: Mudsdale|def|1\n|move|p2a: Mudsdale|Stealth Rock|p1a: Brute Bonnet\n|-sidestart|p1: p0x2397d9a1|move: Stealth Rock\n|\n|-heal|p1a: Brute Bonnet|66/100|[from] item: Leftovers\n|-heal|p2a: Mudsdale|187/302|[from] item: Leftovers\n|upkeep\n|turn|4\n|inactive|Time left: 300 sec this turn | 300 sec total\n|\n|t:|1783567805\n|move|p1a: Brute Bonnet|Crunch|p2a: Mudsdale\n|-damage|p2a: Mudsdale|139/302\n|-ability|p2a: Mudsdale|Stamina|boost\n|-boost|p2a: Mudsdale|def|1\n|move|p2a: Mudsdale|Earthquake|p1a: Brute Bonnet\n|-resisted|p1a: Brute Bonnet\n|-damage|p1a: Brute Bonnet|46/100\n|\n|-heal|p1a: Brute Bonnet|52/100|[from] item: Leftovers\n|-heal|p2a: Mudsdale|157/302|[from] item: Leftovers\n|upkeep\n|turn|5\n|inactive|Time left: 300 sec this turn | 300 sec total\n|\n|t:|1783567806\n|move|p1a: Brute Bonnet|Crunch|p2a: Mudsdale\n|-damage|p2a: Mudsdale|120/302\n|-ability|p2a: Mudsdale|Stamina|boost\n|-boost|p2a: Mudsdale|def|1\n|move|p2a: Mudsdale|Heavy Slam|p1a: Brute Bonnet\n|-crit|p1a: Brute Bonnet\n|-damage|p1a: Brute Bonnet|8/100\n|\n|-heal|p1a: Brute Bonnet|14/100|[from] item: Leftovers\n|-heal|p2a: Mudsdale|138/302|[from] item: Leftovers\n|upkeep\n|turn|6\n|inactive|Time left: 300 sec this turn | 300 sec total\n|\n|t:|1783567807\n|move|p1a: Brute Bonnet|Close Combat|p2a: Mudsdale\n|-damage|p2a: Mudsdale|110/302\n|-unboost|p1a: Brute Bonnet|def|1\n|-unboost|p1a: Brute Bonnet|spd|1\n|-ability|p2a: Mudsdale|Stamina|boost\n|-boost|p2a: Mudsdale|def|1\n|move|p2a: Mudsdale|Heavy Slam|p1a: Brute Bonnet\n|-damage|p1a: Brute Bonnet|0 fnt\n|faint|p1a: Brute Bonnet\n|-end|p1a: Brute Bonnet|Protosynthesis|[silent]\n|\n|-heal|p2a: Mudsdale|128/302|[from] item: Leftovers\n|upkeep\n|\n|t:|1783567808\n|switch|p1a: Raging Bolt|Raging Bolt, L78|100/100\n|-damage|p1a: Raging Bolt|88/100|[from] Stealth Rock\n|turn|7\n|inactive|Time left: 300 sec this turn | 300 sec total\n|\n|t:|1783567809\n|move|p1a: Raging Bolt|Draco Meteor|p2a: Mudsdale\n|-damage|p2a: Mudsdale|0 fnt\n|-unboost|p1a: Raging Bolt|spa|2\n|faint|p2a: Mudsdale\n|\n|upkeep\n|inactive|Time left: 300 sec this turn | 300 sec total | 5 sec grace\n|\n|t:|1783567810\n|switch|p2a: Sunflora|Sunflora, F|312/312\n|turn|8\n|inactive|Time left: 300 sec this turn | 300 sec total\n|\n|t:|1783567812\n|-end|p1a: Raging Bolt|Protosynthesis|[silent]\n|switch|p1a: Jirachi|Jirachi, L80|100/100\n|-damage|p1a: Jirachi|94/100|[from] Stealth Rock\n|move|p2a: Sunflora|Earth Power|p1a: Jirachi\n|-supereffective|p1a: Jirachi\n|-damage|p1a: Jirachi|34/100\n|\n|upkeep\n|turn|9\n|inactive|Time left: 300 sec this turn | 300 sec total\n|\n|t:|1783567813\n|move|p1a: Jirachi|Iron Head|p2a: Sunflora\n|-damage|p2a: Sunflora|215/312\n|move|p2a: Sunflora|Earth Power|p1a: Jirachi\n|-supereffective|p1a: Jirachi\n|-damage|p1a: Jirachi|0 fnt\n|faint|p1a: Jirachi\n|\n|upkeep\n|\n|t:|1783567814\n|switch|p1a: Emboar|Emboar, L84, M|100/100\n|-damage|p1a: Emboar|88/100|[from] Stealth Rock\n|turn|10\n|inactive|Time left: 300 sec this turn | 300 sec total\n|\n|t:|1783567815\n|-terastallize|p2a: Sunflora|Poison\n|move|p1a: Emboar|Flare Blitz|p2a: Sunflora\n|-damage|p2a: Sunflora|0 fnt\n|faint|p2a: Sunflora\n|-damage|p1a: Emboar|66/100|[from] Recoil\n|\n|upkeep\n|inactive|Time left: 300 sec this turn | 300 sec total | 5 sec grace\n|\n|t:|1783567816\n|switch|p2a: Maushold|Maushold, L76|238/238\n|turn|11\n|inactive|Time left: 300 sec this turn | 300 sec total\n|\n|t:|1783567817\n|switch|p1a: Mimikyu|Mimikyu, L79, F|100/100\n|-damage|p1a: Mimikyu|88/100|[from] Stealth Rock\n|move|p2a: Maushold|Population Bomb|p1a: Mimikyu\n|-immune|p1a: Mimikyu\n|\n|upkeep\n|turn|12\n|inactive|Time left: 300 sec this turn | 300 sec total\n|\n|t:|1783567818\n|switch|p2a: Victreebel|Victreebel, L90, F|290/290\n|move|p1a: Mimikyu|Drain Punch|p2a: Victreebel\n|-resisted|p2a: Victreebel\n|-damage|p2a: Victreebel|254/290\n|-heal|p1a: Mimikyu|96/100|[from] drain|[of] p2a: Victreebel\n|-damage|p1a: Mimikyu|87/100|[from] item: Life Orb\n|\n|upkeep\n|turn|13\n|inactive|Time left: 300 sec this turn | 300 sec total\n|\n|t:|1783567819\n|move|p1a: Mimikyu|Swords Dance|p1a: Mimikyu\n|-boost|p1a: Mimikyu|atk|2\n|move|p2a: Victreebel|Sludge Wave|p1a: Mimikyu\n|-activate|p1a: Mimikyu|ability: Disguise\n|-damage|p1a: Mimikyu|87/100\n|detailschange|p1a: Mimikyu|Mimikyu-Busted, L79, F\n|-damage|p1a: Mimikyu|74/100|[from] pokemon: Mimikyu-Busted\n|-damage|p2a: Victreebel|225/290|[from] item: Life Orb\n|\n|upkeep\n|turn|14\n|inactive|Time left: 300 sec this turn | 300 sec total\n|\n|t:|1783567820\n|move|p1a: Mimikyu|Play Rough|p2a: Victreebel\n|-resisted|p2a: Victreebel\n|-damage|p2a: Victreebel|108/290\n|-damage|p1a: Mimikyu|64/100|[from] item: Life Orb\n|move|p2a: Victreebel|Power Whip|p1a: Mimikyu\n|-damage|p1a: Mimikyu|0 fnt\n|faint|p1a: Mimikyu\n|-damage|p2a: Victreebel|79/290|[from] item: Life Orb\n|\n|upkeep\n|\n|t:|1783567821\n|switch|p1a: Lokix|Lokix, L82, M|100/100\n|-damage|p1a: Lokix|76/100|[from] Stealth Rock\n|turn|15\n|inactive|Time left: 300 sec this turn | 300 sec total\n|\n|t:|1783567822\n|switch|p2a: Empoleon|Empoleon, L84, F|278/278\n|move|p1a: Lokix|Knock Off|p2a: Empoleon\n|-damage|p2a: Empoleon|179/278\n|-enditem|p2a: Empoleon|Leftovers|[from] move: Knock Off|[of] p1a: Lokix\n|\n|upkeep\n|turn|16\n|inactive|Time left: 300 sec this turn | 300 sec total\n|\n|t:|1783567823\n|move|p1a: Lokix|U-turn|p2a: Empoleon\n|-resisted|p2a: Empoleon\n|-damage|p2a: Empoleon|97/278\n|\n|t:|1783567823\n|switch|p1a: Raging Bolt|Raging Bolt, L78|88/100|[from] U-turn\n|-damage|p1a: Raging Bolt|76/100|[from] Stealth Rock\n|move|p2a: Empoleon|Flip Turn|p1a: Raging Bolt\n|-resisted|p1a: Raging Bolt\n|-damage|p1a: Raging Bolt|66/100\n|inactive|Time left: 300 sec this turn | 300 sec total | 10 sec grace\n|\n|t:|1783567824\n|switch|p2a: Maushold|Maushold, L76|238/238|[from] Flip Turn\n|\n|upkeep\n|turn|17\n|inactive|Time left: 300 sec this turn | 300 sec total\n|\n|t:|1783567825\n|move|p1a: Raging Bolt|Thunderclap|p2a: Maushold\n|-damage|p2a: Maushold|132/238\n|move|p2a: Maushold|Population Bomb|p1a: Raging Bolt\n|-damage|p1a: Raging Bolt|59/100\n|-crit|p1a: Raging Bolt\n|-damage|p1a: Raging Bolt|48/100\n|-damage|p1a: Raging Bolt|41/100\n|-damage|p1a: Raging Bolt|34/100\n|-damage|p1a: Raging Bolt|27/100\n|-damage|p1a: Raging Bolt|19/100\n|-damage|p1a: Raging Bolt|11/100\n|-damage|p1a: Raging Bolt|3/100\n|-damage|p1a: Raging Bolt|0 fnt\n|faint|p1a: Raging Bolt\n|-end|p1a: Raging Bolt|Protosynthesis|[silent]\n|-hitcount|p1: Raging Bolt|9\n|\n|upkeep\n|\n|t:|1783567826\n|switch|p1a: Lokix|Lokix, L82, M|76/100\n|-damage|p1a: Lokix|51/100|[from] Stealth Rock\n|turn|18\n|inactive|Time left: 300 sec this turn | 300 sec total\n|\n|t:|1783567827\n|move|p1a: Lokix|First Impression|p2a: Maushold\n|-damage|p2a: Maushold|0 fnt\n|faint|p2a: Maushold\n|\n|upkeep\n|inactive|Time left: 300 sec this turn | 300 sec total | 5 sec grace\n|\n|t:|1783567827\n|switch|p2a: Empoleon|Empoleon, L84, F|97/278\n|turn|19\n|inactive|Time left: 300 sec this turn | 300 sec total\n|\n|t:|1783567828\n|-terastallize|p1a: Lokix|Bug\n|move|p1a: Lokix|U-turn|p2a: Empoleon\n|-resisted|p2a: Empoleon\n|-damage|p2a: Empoleon|0 fnt\n|faint|p2a: Empoleon\n|\n|t:|1783567830\n|switch|p1a: Emboar|Emboar, L84, M|66/100|[from] U-turn\n|-damage|p1a: Emboar|54/100|[from] Stealth Rock\n|\n|upkeep\n|inactive|Time left: 300 sec this turn | 300 sec total | 10 sec grace\n|\n|t:|1783567830\n|switch|p2a: Victreebel|Victreebel, L90, F|79/290\n|turn|20\n|inactive|Time left: 300 sec this turn | 300 sec total\n|\n|t:|1783567831\n|move|p2a: Victreebel|Sleep Powder|p1a: Emboar|[miss]\n|-miss|p2a: Victreebel|p1a: Emboar\n|move|p1a: Emboar|Close Combat|p2a: Victreebel\n|-resisted|p2a: Victreebel\n|-damage|p2a: Victreebel|0 fnt\n|-unboost|p1a: Emboar|def|1\n|-unboost|p1a: Emboar|spd|1\n|faint|p2a: Victreebel\n|\n|upkeep\n|inactive|Time left: 300 sec this turn | 300 sec total | 5 sec grace\n|\n|t:|1783567832\n|switch|p2a: Dialga|Dialga, L73|266/266 slp\n|-ability|p2a: Dialga|Pressure\n|turn|21\n|inactive|Time left: 300 sec this turn | 300 sec total\n|\n|t:|1783567833\n|cant|p2a: Dialga|slp\n|move|p1a: Emboar|Close Combat|p2a: Dialga\n|-supereffective|p2a: Dialga\n|-damage|p2a: Dialga|0 fnt\n|-unboost|p1a: Emboar|def|1\n|-unboost|p1a: Emboar|spd|1\n|faint|p2a: Dialga\n|\n|win|p0x2397d9a1", "uploadtime": 1783567833, "views": 0, "rating": 0, "private": 0, "password": null, "_winner": "p0x2397d9a1", "_our_name": "p0y239759e4"}