{"id": "battle-gen9randombattle-921", "formatid": "gen9randombattle", "format": "[Gen 9] Random Battle", "players": ["p0x921cbe4", "p0y92191bc"], "log": "|init|battle\n|title|p0x921cbe4 vs. p0y92191bc\n|j|\u2606p0x921cbe4\n|j|\u2606p0y92191bc\n|t:|1783549825\n|gametype|singles\n|player|p1|p0x921cbe4|2|\n|player|p2|p0y92191bc|265|\n|gen|9\n|tier|[Gen 9] Random Battle\n|rule|Species Clause: Limit one of each Pok\u00e9mon\n|rule|HP Percentage Mod: HP is shown in percentages\n|rule|Sleep Clause Mod: Limit one foe put to sleep\n|rule|Illusion Level Mod: Illusion disguises the Pok\u00e9mon's true level\n|\n|t:|1783549825\n|teamsize|p1|6\n|teamsize|p2|6\n|start\n|switch|p1a: Gallade|Gallade, L80, M|240/240\n|switch|p2a: Slowking|Slowking-Galar, L85, M|100/100\n|turn|1\n|inactive|Battle timer is ON: inactive players will automatically lose when time's up. (requested by p0x921cbe4)\n|inactive|p0y92191bc also wants the timer to be on.\n|\n|t:|1783549827\n|move|p1a: Gallade|Psycho Cut|p2a: Slowking\n|-damage|p2a: Slowking|55/100\n|move|p2a: Slowking|Psyshock|p1a: Gallade\n|-damage|p1a: Gallade|102/240\n|\n|-heal|p2a: Slowking|61/100|[from] item: Leftovers\n|upkeep\n|turn|2\n|inactive|Time left: 300 sec this turn | 300 sec total\n|\n|t:|1783549828\n|switch|p2a: Archaludon|Archaludon, L78, M|100/100\n|move|p1a: Gallade|Psycho Cut|p2a: Archaludon\n|-resisted|p2a: Archaludon\n|-damage|p2a: Archaludon|82/100\n|-ability|p2a: Archaludon|Stamina|boost\n|-boost|p2a: Archaludon|def|1\n|\n|-heal|p2a: Archaludon|88/100|[from] item: Leftovers\n|upkeep\n|turn|3\n|inactive|Time left: 300 sec this turn | 300 sec total\n|\n|t:|1783549829\n|switch|p1a: Hariyama|Hariyama, L87, F|392/392\n|move|p2a: Archaludon|Stealth Rock|p1a: Hariyama\n|-sidestart|p1: p0x921cbe4|move: Stealth Rock\n|\n|-heal|p2a: Archaludon|94/100|[from] item: Leftovers\n|-status|p1a: Hariyama|brn|[from] item: Flame Orb\n|upkeep\n|turn|4\n|inactive|Time left: 300 sec this turn | 300 sec total\n|\n|t:|1783549830\n|move|p2a: Archaludon|Flash Cannon|p1a: Hariyama\n|-damage|p1a: Hariyama|268/392 brn\n|move|p1a: Hariyama|Close Combat|p2a: Archaludon\n|-supereffective|p2a: Archaludon\n|-damage|p2a: Archaludon|0 fnt\n|-unboost|p1a: Hariyama|def|1\n|-unboost|p1a: Hariyama|spd|1\n|faint|p2a: Archaludon\n|\n|-damage|p1a: Hariyama|244/392 brn|[from] brn\n|upkeep\n|\n|t:|1783549831\n|switch|p2a: Chandelure|Chandelure, L83, M|100/100\n|turn|5\n|inactive|Time left: 300 sec this turn | 300 sec total\n|\n|t:|1783549832\n|switch|p1a: Overqwil|Overqwil, L82, M|274/274\n|-damage|p1a: Overqwil|240/274|[from] Stealth Rock\n|-ability|p1a: Overqwil|Intimidate|boost\n|-unboost|p2a: Chandelure|atk|1\n|move|p2a: Chandelure|Fire Blast|p1a: Overqwil\n|-damage|p1a: Overqwil|48/274\n|-status|p1a: Overqwil|brn\n|\n|-damage|p1a: Overqwil|31/274 brn|[from] brn\n|upkeep\n|turn|6\n|inactive|Time left: 300 sec this turn | 300 sec total\n|\n|t:|1783549833\n|move|p1a: Overqwil|Crunch|p2a: Chandelure\n|-supereffective|p2a: Chandelure\n|-damage|p2a: Chandelure|59/100\n|move|p2a: Chandelure|Calm Mind|p2a: Chandelure\n|-boost|p2a: Chandelure|spa|1\n|-boost|p2a: Chandelure|spd|1\n|\n|-damage|p1a: Overqwil|14/274 brn|[from] brn\n|upkeep\n|turn|7\n|inactive|Time left: 300 sec this turn | 300 sec total\n|\n|t:|1783549834\n|move|p1a: Overqwil|Crunch|p2a: Chandelure\n|-supereffective|p2a: Chandelure\n|-damage|p2a: Chandelure|18/100\n|move|p2a: Chandelure|Calm Mind|p2a: Chandelure\n|-boost|p2a: Chandelure|spa|1\n|-boost|p2a: Chandelure|spd|1\n|\n|-damage|p1a: Overqwil|0 fnt|[from] brn\n|faint|p1a: Overqwil\n|upkeep\n|inactive|Time left: 300 sec this turn | 300 sec total | 5 sec grace\n|\n|t:|1783549835\n|switch|p1a: Gallade|Gallade, L80, M|102/240\n|-damage|p1a: Gallade|87/240|[from] Stealth Rock\n|turn|8\n|inactive|Time left: 300 sec this turn | 300 sec total\n|\n|t:|1783549836\n|move|p1a: Gallade|Night Slash|p2a: Chandelure\n|-supereffective|p2a: Chandelure\n|-damage|p2a: Chandelure|0 fnt\n|faint|p2a: Chandelure\n|\n|upkeep\n|\n|t:|1783549837\n|switch|p2a: Slowking|Slowking-Galar, L85, M|94/100\n|turn|9\n|inactive|Time left: 300 sec this turn | 300 sec total\n|\n|t:|1783549838\n|move|p1a: Gallade|Night Slash|p2a: Slowking\n|-supereffective|p2a: Slowking\n|-damage|p2a: Slowking|34/100\n|move|p2a: Slowking|Psyshock|p1a: Gallade\n|-damage|p1a: Gallade|0 fnt\n|faint|p1a: Gallade\n|\n|-heal|p2a: Slowking|40/100|[from] item: Leftovers\n|upkeep\n|inactive|Time left: 300 sec this turn | 300 sec total | 5 sec grace\n|\n|t:|1783549840\n|switch|p1a: Oricorio|Oricorio-Pom-Pom, L82, F|257/257\n|turn|10\n|inactive|Time left: 300 sec this turn | 300 sec total\n|\n|t:|1783549841\n|move|p1a: Oricorio|Quiver Dance|p1a: Oricorio\n|-boost|p1a: Oricorio|spa|1\n|-boost|p1a: Oricorio|spd|1\n|-boost|p1a: Oricorio|spe|1\n|move|p2a: Slowking|Psyshock|p1a: Oricorio\n|-damage|p1a: Oricorio|139/257\n|\n|-heal|p2a: Slowking|46/100|[from] item: Leftovers\n|upkeep\n|turn|11\n|inactive|Time left: 300 sec this turn | 300 sec total\n|\n|t:|1783549842\n|move|p1a: Oricorio|Hurricane|p2a: Slowking|[miss]\n|-miss|p1a: Oricorio|p2a: Slowking\n|move|p2a: Slowking|Sludge Bomb|p1a: Oricorio\n|-damage|p1a: Oricorio|49/257\n|\n|-heal|p2a: Slowking|52/100|[from] item: Leftovers\n|upkeep\n|turn|12\n|inactive|Time left: 300 sec this turn | 300 sec total\n|\n|t:|1783549843\n|move|p1a: Oricorio|Roost|p1a: Oricorio\n|-heal|p1a: Oricorio|178/257\n|-singleturn|p1a: Oricorio|move: Roost\n|move|p2a: Slowking|Psyshock|p1a: Oricorio\n|-damage|p1a: Oricorio|61/257\n|\n|-heal|p2a: Slowking|58/100|[from] item: Leftovers\n|upkeep\n|turn|13\n|inactive|Time left: 300 sec this turn | 300 sec total\n|\n|t:|1783549844\n|-terastallize|p2a: Slowking|Fairy\n|move|p1a: Oricorio|Roost|p1a: Oricorio\n|-heal|p1a: Oricorio|190/257\n|-singleturn|p1a: Oricorio|move: Roost\n|move|p2a: Slowking|Psyshock|p1a: Oricorio\n|-damage|p1a: Oricorio|78/257\n|\n|-heal|p2a: Slowking|64/100|[from] item: Leftovers\n|upkeep\n|turn|14\n|inactive|Time left: 300 sec this turn | 300 sec total\n|\n|t:|1783549845\n|move|p1a: Oricorio|Roost|p1a: Oricorio\n|-heal|p1a: Oricorio|207/257\n|-singleturn|p1a: Oricorio|move: Roost\n|move|p2a: Slowking|Psyshock|p1a: Oricorio\n|-damage|p1a: Oricorio|81/257\n|\n|-heal|p2a: Slowking|70/100|[from] item: Leftovers\n|upkeep\n|turn|15\n|inactive|Time left: 300 sec this turn | 300 sec total\n|\n|t:|1783549847\n|move|p1a: Oricorio|Roost|p1a: Oricorio\n|-heal|p1a: Oricorio|210/257\n|-singleturn|p1a: Oricorio|move: Roost\n|move|p2a: Slowking|Psyshock|p1a: Oricorio\n|-damage|p1a: Oricorio|83/257\n|\n|-heal|p2a: Slowking|76/100|[from] item: Leftovers\n|upkeep\n|turn|16\n|inactive|Time left: 300 sec this turn | 300 sec total\n|\n|t:|1783549848\n|move|p1a: Oricorio|Roost|p1a: Oricorio\n|-heal|p1a: Oricorio|212/257\n|-singleturn|p1a: Oricorio|move: Roost\n|move|p2a: Slowking|Psyshock|p1a: Oricorio\n|-damage|p1a: Oricorio|91/257\n|\n|-heal|p2a: Slowking|82/100|[from] item: Leftovers\n|upkeep\n|turn|17\n|inactive|Time left: 300 sec this turn | 300 sec total\n|\n|t:|1783549849\n|move|p1a: Oricorio|Roost|p1a: Oricorio\n|-heal|p1a: Oricorio|220/257\n|-singleturn|p1a: Oricorio|move: Roost\n|move|p2a: Slowking|Psyshock|p1a: Oricorio\n|-crit|p1a: Oricorio\n|-damage|p1a: Oricorio|43/257\n|\n|-heal|p2a: Slowking|88/100|[from] item: Leftovers\n|upkeep\n|turn|18\n|inactive|Time left: 300 sec this turn | 300 sec total\n|\n|t:|1783549850\n|move|p1a: Oricorio|Roost|p1a: Oricorio\n|-heal|p1a: Oricorio|172/257\n|-singleturn|p1a: Oricorio|move: Roost\n|move|p2a: Slowking|Psyshock|p1a: Oricorio\n|-damage|p1a: Oricorio|58/257\n|\n|-heal|p2a: Slowking|94/100|[from] item: Leftovers\n|upkeep\n|turn|19\n|inactive|Time left: 300 sec this turn | 300 sec total\n|\n|t:|1783549851\n|move|p1a: Oricorio|Roost|p1a: Oricorio\n|-heal|p1a: Oricorio|187/257\n|-singleturn|p1a: Oricorio|move: Roost\n|move|p2a: Slowking|Psyshock|p1a: Oricorio\n|-damage|p1a: Oricorio|79/257\n|\n|-heal|p2a: Slowking|99/100|[from] item: Leftovers\n|upkeep\n|turn|20\n|inactive|Time left: 300 sec this turn | 300 sec total\n|\n|t:|1783549852\n|move|p1a: Oricorio|Hurricane|p2a: Slowking\n|-damage|p2a: Slowking|50/100\n|move|p2a: Slowking|Psyshock|p1a: Oricorio\n|-damage|p1a: Oricorio|0 fnt\n|faint|p1a: Oricorio\n|\n|-heal|p2a: Slowking|56/100|[from] item: Leftovers\n|upkeep\n|inactive|Time left: 300 sec this turn | 300 sec total | 5 sec grace\n|\n|t:|1783549853\n|switch|p1a: Hariyama|Hariyama, L87, F|244/392 brn\n|-damage|p1a: Hariyama|220/392 brn|[from] Stealth Rock\n|turn|21\n|inactive|Time left: 300 sec this turn | 300 sec total\n|\n|t:|1783549855\n|switch|p2a: Regice|Regice, L88|100/100\n|move|p1a: Hariyama|Facade|p2a: Regice\n|-damage|p2a: Regice|48/100\n|\n|-damage|p1a: Hariyama|196/392 brn|[from] brn\n|upkeep\n|turn|22\n|inactive|Time left: 300 sec this turn | 300 sec total\n|\n|t:|1783549856\n|move|p2a: Regice|Ice Beam|p1a: Hariyama\n|-damage|p1a: Hariyama|48/392 brn\n|move|p1a: Hariyama|Facade|p2a: Regice\n|-damage|p2a: Regice|0 fnt\n|faint|p2a: Regice\n|\n|-damage|p1a: Hariyama|24/392 brn|[from] brn\n|upkeep\n|\n|t:|1783549857\n|switch|p2a: Floatzel|Floatzel, L86, M|100/100\n|turn|23\n|inactive|Time left: 300 sec this turn | 300 sec total\n|\n|t:|1783549858\n|move|p2a: Floatzel|Wave Crash|p1a: Hariyama\n|-crit|p1a: Hariyama\n|-damage|p1a: Hariyama|0 fnt\n|faint|p1a: Hariyama\n|-damage|p2a: Floatzel|98/100|[from] Recoil\n|\n|-heal|p2a: Floatzel|100/100|[from] item: Leftovers\n|upkeep\n|inactive|Time left: 300 sec this turn | 300 sec total | 5 sec grace\n|\n|t:|1783549859\n|switch|p1a: Ditto|Ditto, L87|225/225\n|-damage|p1a: Ditto|197/225|[from] Stealth Rock\n|-transform|p1a: Ditto|p2a: Floatzel|[from] ability: Imposter\n|turn|24\n|inactive|Time left: 300 sec this turn | 300 sec total\n|\n|t:|1783549860\n|move|p1a: Ditto|Bulk Up|p1a: Ditto\n|-boost|p1a: Ditto|atk|1\n|-boost|p1a: Ditto|def|1\n|move|p2a: Floatzel|Wave Crash|p1a: Ditto\n|-resisted|p1a: Ditto\n|-damage|p1a: Ditto|137/225\n|-damage|p2a: Floatzel|94/100|[from] Recoil\n|\n|-heal|p2a: Floatzel|99/100|[from] item: Leftovers\n|upkeep\n|turn|25\n|inactive|Time left: 300 sec this turn | 300 sec total\n|\n|t:|1783549861\n|move|p1a: Ditto|Bulk Up|p1a: Ditto\n|-boost|p1a: Ditto|atk|1\n|-boost|p1a: Ditto|def|1\n|move|p2a: Floatzel|Bulk Up|p2a: Floatzel\n|-boost|p2a: Floatzel|atk|1\n|-boost|p2a: Floatzel|def|1\n|\n|-heal|p2a: Floatzel|100/100|[from] item: Leftovers\n|upkeep\n|turn|26\n|inactive|Time left: 300 sec this turn | 300 sec total\n|\n|t:|1783549862\n|move|p1a: Ditto|Bulk Up|p1a: Ditto\n|-boost|p1a: Ditto|atk|1\n|-boost|p1a: Ditto|def|1\n|move|p2a: Floatzel|Wave Crash|p1a: Ditto\n|-resisted|p1a: Ditto\n|-damage|p1a: Ditto|83/225\n|-damage|p2a: Floatzel|94/100|[from] Recoil\n|\n|-heal|p2a: Floatzel|99/100|[from] item: Leftovers\n|upkeep\n|turn|27\n|inactive|Time left: 300 sec this turn | 300 sec total\n|\n|t:|1783549863\n|move|p1a: Ditto|Bulk Up|p1a: Ditto\n|-boost|p1a: Ditto|atk|1\n|-boost|p1a: Ditto|def|1\n|move|p2a: Floatzel|Wave Crash|p1a: Ditto\n|-resisted|p1a: Ditto\n|-damage|p1a: Ditto|33/225\n|-damage|p2a: Floatzel|94/100|[from] Recoil\n|\n|-heal|p2a: Floatzel|99/100|[from] item: Leftovers\n|upkeep\n|turn|28\n|inactive|Time left: 300 sec this turn | 300 sec total\n|\n|t:|1783549864\n|move|p1a: Ditto|Bulk Up|p1a: Ditto\n|-boost|p1a: Ditto|atk|1\n|-boost|p1a: Ditto|def|1\n|move|p2a: Floatzel|Wave Crash|p1a: Ditto\n|-resisted|p1a: Ditto\n|-damage|p1a: Ditto|0 fnt\n|faint|p1a: Ditto\n|-damage|p2a: Floatzel|96/100|[from] Recoil\n|\n|-heal|p2a: Floatzel|100/100|[from] item: Leftovers\n|upkeep\n|inactive|Time left: 300 sec this turn | 300 sec total | 5 sec grace\n|\n|t:|1783549865\n|switch|p1a: Zoroark|Zoroark-Hisui, L80, M|219/219\n|-damage|p1a: Zoroark|192/219|[from] Stealth Rock\n|turn|29\n|inactive|Time left: 300 sec this turn | 300 sec total\n|\n|t:|1783549866\n|move|p2a: Floatzel|Wave Crash|p1a: Zoroark\n|-damage|p1a: Zoroark|0 fnt\n|faint|p1a: Zoroark\n|-damage|p2a: Floatzel|78/100|[from] Recoil\n|\n|win|p0y92191bc", "uploadtime": 1783549866, "views": 0, "rating": 0, "private": 0, "password": null, "_winner": "p0y92191bc", "_our_name": "p0x921cbe4"}