{"id": "battle-gen9randombattle-187", "formatid": "gen9randombattle", "format": "[Gen 9] Random Battle", "players": ["p0x1872a1f", "p0y1871246"], "log": "|init|battle\n|title|p0x1872a1f vs. p0y1871246\n|j|\u2606p0x1872a1f\n|j|\u2606p0y1871246\n|t:|1783541272\n|gametype|singles\n|player|p1|p0x1872a1f|2|\n|player|p2|p0y1871246|265|\n|gen|9\n|tier|[Gen 9] Random Battle\n|rule|Species Clause: Limit one of each Pok\u00e9mon\n|rule|HP Percentage Mod: HP is shown in percentages\n|rule|Sleep Clause Mod: Limit one foe put to sleep\n|rule|Illusion Level Mod: Illusion disguises the Pok\u00e9mon's true level\n|\n|t:|1783541272\n|teamsize|p1|6\n|teamsize|p2|6\n|start\n|switch|p1a: Great Tusk|Great Tusk, L77|100/100\n|switch|p2a: Bruxish|Bruxish, L85, M|254/254\n|turn|1\n|inactive|Battle timer is ON: inactive players will automatically lose when time's up. (requested by p0y1871246)\n|inactive|p0x1872a1f also wants the timer to be on.\n|\n|t:|1783541274\n|-end|p1a: Great Tusk|Protosynthesis|[silent]\n|switch|p1a: Duraludon|Duraludon, L82, F|100/100\n|move|p2a: Bruxish|Psychic Fangs|p1a: Duraludon\n|-resisted|p1a: Duraludon\n|-damage|p1a: Duraludon|79/100\n|-damage|p2a: Bruxish|229/254|[from] item: Life Orb\n|\n|upkeep\n|turn|2\n|inactive|Time left: 300 sec this turn | 300 sec total\n|\n|t:|1783541275\n|move|p2a: Bruxish|Swords Dance|p2a: Bruxish\n|-boost|p2a: Bruxish|atk|2\n|move|p1a: Duraludon|Flash Cannon|p2a: Bruxish\n|-resisted|p2a: Bruxish\n|-damage|p2a: Bruxish|172/254\n|\n|upkeep\n|turn|3\n|inactive|Time left: 300 sec this turn | 300 sec total\n|\n|t:|1783541276\n|move|p2a: Bruxish|Psychic Fangs|p1a: Duraludon\n|-resisted|p1a: Duraludon\n|-damage|p1a: Duraludon|36/100\n|-damage|p2a: Bruxish|147/254|[from] item: Life Orb\n|move|p1a: Duraludon|Draco Meteor|p2a: Bruxish\n|-damage|p2a: Bruxish|0 fnt\n|-unboost|p1a: Duraludon|spa|2\n|faint|p2a: Bruxish\n|\n|upkeep\n|inactive|Time left: 300 sec this turn | 300 sec total | 5 sec grace\n|\n|t:|1783541277\n|switch|p2a: Rhydon|Rhydon, L85, M|317/317\n|turn|4\n|inactive|Time left: 300 sec this turn | 300 sec total\n|\n|t:|1783541278\n|switch|p1a: Porygon-Z|Porygon-Z, L83|100/100\n|-ability|p1a: Porygon-Z|Download|boost\n|-boost|p1a: Porygon-Z|spa|1\n|move|p2a: Rhydon|Swords Dance|p2a: Rhydon\n|-boost|p2a: Rhydon|atk|2\n|\n|upkeep\n|turn|5\n|inactive|Time left: 300 sec this turn | 300 sec total\n|\n|t:|1783541279\n|-terastallize|p2a: Rhydon|Fairy\n|move|p1a: Porygon-Z|Ice Beam|p2a: Rhydon\n|-damage|p2a: Rhydon|148/317\n|-damage|p1a: Porygon-Z|91/100|[from] item: Life Orb\n|move|p2a: Rhydon|Earthquake|p1a: Porygon-Z\n|-crit|p1a: Porygon-Z\n|-damage|p1a: Porygon-Z|0 fnt\n|faint|p1a: Porygon-Z\n|\n|upkeep\n|\n|t:|1783541280\n|switch|p1a: Gengar|Gengar, L81, F|100/100\n|turn|6\n|inactive|Time left: 300 sec this turn | 300 sec total\n|\n|t:|1783541281\n|switch|p2a: Dewgong|Dewgong, L94, M|322/322\n|move|p1a: Gengar|Sludge Wave|p2a: Dewgong\n|-damage|p2a: Dewgong|217/322\n|\n|upkeep\n|turn|7\n|inactive|Time left: 300 sec this turn | 300 sec total\n|\n|t:|1783541282\n|move|p1a: Gengar|Sludge Wave|p2a: Dewgong\n|-damage|p2a: Dewgong|121/322\n|move|p2a: Dewgong|Knock Off|p1a: Gengar\n|-supereffective|p1a: Gengar\n|-damage|p1a: Gengar|25/100\n|-start|p2a: Dewgong|Disable|Knock Off|[from] ability: Cursed Body|[of] p1a: Gengar\n|-enditem|p1a: Gengar|Choice Specs|[from] move: Knock Off|[of] p2a: Dewgong\n|\n|upkeep\n|turn|8\n|inactive|Time left: 300 sec this turn | 300 sec total\n|\n|t:|1783541284\n|move|p1a: Gengar|Focus Blast|p2a: Dewgong\n|-supereffective|p2a: Dewgong\n|-damage|p2a: Dewgong|15/322\n|move|p2a: Dewgong|Ice Beam|p1a: Gengar\n|-damage|p1a: Gengar|0 fnt\n|faint|p1a: Gengar\n|\n|upkeep\n|\n|t:|1783541285\n|switch|p1a: Duraludon|Duraludon, L82, F|36/100\n|turn|9\n|inactive|Time left: 300 sec this turn | 300 sec total\n|\n|t:|1783541286\n|move|p1a: Duraludon|Flash Cannon|p2a: Dewgong\n|-damage|p2a: Dewgong|0 fnt\n|faint|p2a: Dewgong\n|\n|upkeep\n|inactive|Time left: 300 sec this turn | 300 sec total | 5 sec grace\n|\n|t:|1783541287\n|switch|p2a: Ninetales|Ninetales, L85, M|263/263\n|-weather|SunnyDay|[from] ability: Drought|[of] p2a: Ninetales\n|turn|10\n|inactive|Time left: 300 sec this turn | 300 sec total\n|\n|t:|1783541288\n|move|p2a: Ninetales|Nasty Plot|p2a: Ninetales\n|-boost|p2a: Ninetales|spa|2\n|move|p1a: Duraludon|Dragon Tail|p2a: Ninetales\n|-damage|p2a: Ninetales|190/263\n|drag|p2a: Grumpig|Grumpig, L92, M|297/297\n|\n|-weather|SunnyDay|[upkeep]\n|upkeep\n|turn|11\n|inactive|Time left: 300 sec this turn | 300 sec total\n|\n|t:|1783541289\n|switch|p1a: Golurk|Golurk, L87|100/100\n|move|p2a: Grumpig|Earth Power|p1a: Golurk\n|-damage|p1a: Golurk|75/100\n|\n|-weather|SunnyDay|[upkeep]\n|upkeep\n|turn|12\n|inactive|Time left: 300 sec this turn | 300 sec total\n|\n|t:|1783541290\n|switch|p2a: Rhydon|Rhydon, L85, M, tera:Fairy|148/317\n|move|p1a: Golurk|Poltergeist|p2a: Rhydon\n|-activate|p2a: Rhydon|move: Poltergeist|Eviolite\n|-damage|p2a: Rhydon|24/317\n|\n|-weather|SunnyDay|[upkeep]\n|upkeep\n|turn|13\n|inactive|Time left: 300 sec this turn | 300 sec total\n|\n|t:|1783541292\n|move|p1a: Golurk|Poltergeist|p2a: Rhydon\n|-activate|p2a: Rhydon|move: Poltergeist|Eviolite\n|-damage|p2a: Rhydon|0 fnt\n|faint|p2a: Rhydon\n|\n|-weather|SunnyDay|[upkeep]\n|upkeep\n|inactive|Time left: 300 sec this turn | 300 sec total | 5 sec grace\n|\n|t:|1783541293\n|switch|p2a: Ninetales|Ninetales, L85, M|190/263\n|turn|14\n|inactive|Time left: 300 sec this turn | 300 sec total\n|\n|t:|1783541294\n|move|p2a: Ninetales|Fire Blast|p1a: Golurk\n|-damage|p1a: Golurk|18/100\n|move|p1a: Golurk|Poltergeist|p2a: Ninetales\n|-activate|p2a: Ninetales|move: Poltergeist|Heavy-Duty Boots\n|-damage|p2a: Ninetales|0 fnt\n|faint|p2a: Ninetales\n|\n|-weather|none\n|upkeep\n|inactive|Time left: 300 sec this turn | 300 sec total | 5 sec grace\n|\n|t:|1783541295\n|switch|p2a: Pikachu|Pikachu-Sinnoh, L93, M|216/216\n|turn|15\n|inactive|Time left: 300 sec this turn | 300 sec total\n|\n|t:|1783541296\n|move|p2a: Pikachu|Play Rough|p1a: Golurk\n|-damage|p1a: Golurk|0 fnt\n|faint|p1a: Golurk\n|\n|upkeep\n|\n|t:|1783541296\n|switch|p1a: Sudowoodo|Sudowoodo, L94, F|100/100\n|turn|16\n|inactive|Time left: 300 sec this turn | 300 sec total\n|\n|t:|1783541298\n|-terastallize|p1a: Sudowoodo|Grass\n|move|p2a: Pikachu|Surf|p1a: Sudowoodo\n|-resisted|p1a: Sudowoodo\n|-damage|p1a: Sudowoodo|83/100\n|move|p1a: Sudowoodo|Wood Hammer|p2a: Pikachu\n|-damage|p2a: Pikachu|0 fnt\n|faint|p2a: Pikachu\n|\n|-heal|p1a: Sudowoodo|89/100|[from] item: Leftovers\n|upkeep\n|inactive|Time left: 300 sec this turn | 300 sec total | 5 sec grace\n|\n|t:|1783541299\n|switch|p2a: Grumpig|Grumpig, L92, M|297/297\n|turn|17\n|inactive|Time left: 300 sec this turn | 300 sec total\n|\n|t:|1783541299\n|move|p2a: Grumpig|Focus Blast|p1a: Sudowoodo\n|-damage|p1a: Sudowoodo|55/100\n|move|p1a: Sudowoodo|Wood Hammer|p2a: Grumpig\n|-damage|p2a: Grumpig|119/297\n|\n|-heal|p1a: Sudowoodo|61/100|[from] item: Leftovers\n|upkeep\n|turn|18\n|inactive|Time left: 300 sec this turn | 300 sec total\n|\n|t:|1783541300\n|move|p2a: Grumpig|Focus Blast|p1a: Sudowoodo\n|-damage|p1a: Sudowoodo|22/100\n|-unboost|p1a: Sudowoodo|spd|1\n|move|p1a: Sudowoodo|Wood Hammer|p2a: Grumpig\n|-damage|p2a: Grumpig|0 fnt\n|faint|p2a: Grumpig\n|\n|win|p0x1872a1f", "uploadtime": 1783541300, "views": 0, "rating": 0, "private": 0, "password": null, "_winner": "p0x1872a1f", "_our_name": "p0y1871246"}