{"id": "battle-gen9randombattle-1522", "formatid": "gen9randombattle", "format": "[Gen 9] Random Battle", "players": ["p0x15227928", "p0y15227b78"], "log": "|init|battle\n|title|p0x15227928 vs. p0y15227b78\n|j|\u2606p0x15227928\n|j|\u2606p0y15227b78\n|t:|1783556779\n|gametype|singles\n|player|p1|p0x15227928|101|\n|player|p2|p0y15227b78|265|\n|gen|9\n|tier|[Gen 9] Random Battle\n|rule|Species Clause: Limit one of each Pok\u00e9mon\n|rule|HP Percentage Mod: HP is shown in percentages\n|rule|Sleep Clause Mod: Limit one foe put to sleep\n|rule|Illusion Level Mod: Illusion disguises the Pok\u00e9mon's true level\n|\n|t:|1783556779\n|teamsize|p1|6\n|teamsize|p2|6\n|start\n|switch|p1a: Meowscarada|Meowscarada, L78, F|100/100\n|switch|p2a: Lapras|Lapras, L87, M|368/368\n|turn|1\n|inactive|Battle timer is ON: inactive players will automatically lose when time's up. (requested by p0x15227928)\n|inactive|Time left: 300 sec this turn | 300 sec total | 60 sec grace\n|inactive|p0y15227b78 also wants the timer to be on.\n|\n|t:|1783556780\n|move|p1a: Meowscarada|Knock Off|p2a: Lapras\n|-start|p1a: Meowscarada|typechange|Dark|[from] ability: Protean\n|-crit|p2a: Lapras\n|-damage|p2a: Lapras|200/368\n|-enditem|p2a: Lapras|Heavy-Duty Boots|[from] move: Knock Off|[of] p1a: Meowscarada\n|move|p2a: Lapras|Freeze-Dry|p1a: Meowscarada\n|-crit|p1a: Meowscarada\n|-damage|p1a: Meowscarada|45/100\n|\n|upkeep\n|turn|2\n|inactive|Time left: 300 sec this turn | 300 sec total\n|\n|t:|1783556782\n|move|p1a: Meowscarada|Knock Off|p2a: Lapras\n|-crit|p2a: Lapras\n|-damage|p2a: Lapras|101/368\n|move|p2a: Lapras|Sparkling Aria|p1a: Meowscarada\n|-damage|p1a: Meowscarada|1/100\n|\n|upkeep\n|turn|3\n|inactive|Time left: 300 sec this turn | 300 sec total\n|\n|t:|1783556783\n|move|p1a: Meowscarada|Flower Trick|p2a: Lapras\n|-supereffective|p2a: Lapras\n|-crit|p2a: Lapras\n|-damage|p2a: Lapras|0 fnt\n|faint|p2a: Lapras\n|\n|upkeep\n|inactive|Time left: 300 sec this turn | 300 sec total | 5 sec grace\n|\n|t:|1783556784\n|switch|p2a: Regirock|Regirock, L83|268/268\n|turn|4\n|inactive|Time left: 300 sec this turn | 300 sec total\n|\n|t:|1783556785\n|move|p1a: Meowscarada|Knock Off|p2a: Regirock\n|-damage|p2a: Regirock|219/268\n|-enditem|p2a: Regirock|Leftovers|[from] move: Knock Off|[of] p1a: Meowscarada\n|move|p2a: Regirock|Body Press|p1a: Meowscarada\n|-supereffective|p1a: Meowscarada\n|-damage|p1a: Meowscarada|0 fnt\n|faint|p1a: Meowscarada\n|\n|upkeep\n|\n|t:|1783556786\n|switch|p1a: Keldeo|Keldeo-Resolute, L79|100/100\n|turn|5\n|inactive|Time left: 300 sec this turn | 300 sec total\n|\n|t:|1783556787\n|move|p1a: Keldeo|Hydro Pump|p2a: Regirock\n|-supereffective|p2a: Regirock\n|-damage|p2a: Regirock|0 fnt\n|faint|p2a: Regirock\n|\n|upkeep\n|inactive|Time left: 300 sec this turn | 300 sec total | 5 sec grace\n|\n|t:|1783556788\n|switch|p2a: Iron Valiant|Iron Valiant, L78|244/244\n|turn|6\n|inactive|Time left: 300 sec this turn | 300 sec total\n|\n|t:|1783556790\n|move|p1a: Keldeo|Hydro Pump|p2a: Iron Valiant|[miss]\n|-miss|p1a: Keldeo|p2a: Iron Valiant\n|move|p2a: Iron Valiant|Moonblast|p1a: Keldeo\n|-supereffective|p1a: Keldeo\n|-damage|p1a: Keldeo|0 fnt\n|faint|p1a: Keldeo\n|-damage|p2a: Iron Valiant|220/244|[from] item: Life Orb\n|\n|upkeep\n|\n|t:|1783556791\n|switch|p1a: Mismagius|Mismagius, L86, M|100/100\n|turn|7\n|inactive|Time left: 300 sec this turn | 300 sec total\n|\n|t:|1783556792\n|-end|p2a: Iron Valiant|Quark Drive|[silent]\n|switch|p2a: Skuntank|Skuntank, L84, M|310/310\n|move|p1a: Mismagius|Nasty Plot|p1a: Mismagius\n|-boost|p1a: Mismagius|spa|2\n|\n|upkeep\n|turn|8\n|inactive|Time left: 300 sec this turn | 300 sec total\n|\n|t:|1783556793\n|-terastallize|p1a: Mismagius|Fighting\n|move|p1a: Mismagius|Tera Blast|p2a: Skuntank|[anim] Tera Blast Fighting\n|-damage|p2a: Skuntank|58/310\n|move|p2a: Skuntank|Knock Off|p1a: Mismagius\n|-resisted|p1a: Mismagius\n|-damage|p1a: Mismagius|65/100\n|-enditem|p1a: Mismagius|Leftovers|[from] move: Knock Off|[of] p2a: Skuntank\n|-damage|p2a: Skuntank|27/310|[from] item: Life Orb\n|\n|upkeep\n|turn|9\n|inactive|Time left: 300 sec this turn | 300 sec total\n|\n|t:|1783556794\n|move|p2a: Skuntank|Sucker Punch|p1a: Mismagius\n|-resisted|p1a: Mismagius\n|-damage|p1a: Mismagius|40/100\n|-damage|p2a: Skuntank|0 fnt|[from] item: Life Orb\n|faint|p2a: Skuntank\n|move|p1a: Mismagius|Shadow Ball|p2: Skuntank|[notarget]\n|-fail|p1a: Mismagius\n|\n|upkeep\n|inactive|Time left: 300 sec this turn | 300 sec total | 5 sec grace\n|\n|t:|1783556795\n|switch|p2a: Scovillain|Scovillain, L91, F|266/266\n|turn|10\n|inactive|Time left: 300 sec this turn | 300 sec total\n|\n|t:|1783556796\n|move|p1a: Mismagius|Shadow Ball|p2a: Scovillain\n|-damage|p2a: Scovillain|37/266\n|move|p2a: Scovillain|Fire Blast|p1a: Mismagius\n|-damage|p1a: Mismagius|0 fnt\n|faint|p1a: Mismagius\n|\n|upkeep\n|\n|t:|1783556797\n|switch|p1a: Cinccino|Cinccino, L83, F|100/100\n|turn|11\n|inactive|Time left: 300 sec this turn | 300 sec total\n|\n|t:|1783556798\n|move|p1a: Cinccino|Triple Axel|p2a: Scovillain|[miss]\n|-miss|p1a: Cinccino|p2a: Scovillain\n|move|p2a: Scovillain|Energy Ball|p1a: Cinccino\n|-damage|p1a: Cinccino|40/100\n|\n|upkeep\n|turn|12\n|inactive|Time left: 300 sec this turn | 300 sec total\n|\n|t:|1783556800\n|move|p1a: Cinccino|Triple Axel|p2a: Scovillain\n|-damage|p2a: Scovillain|11/266\n|-damage|p2a: Scovillain|0 fnt\n|faint|p2a: Scovillain\n|-hitcount|p2: Scovillain|2\n|\n|upkeep\n|inactive|Time left: 300 sec this turn | 300 sec total | 5 sec grace\n|\n|t:|1783556800\n|switch|p2a: Iron Valiant|Iron Valiant, L78|220/244\n|turn|13\n|inactive|Time left: 300 sec this turn | 300 sec total\n|\n|t:|1783556801\n|move|p1a: Cinccino|Tail Slap|p2a: Iron Valiant\n|-damage|p2a: Iron Valiant|180/244\n|-damage|p2a: Iron Valiant|141/244\n|-damage|p2a: Iron Valiant|101/244\n|-damage|p2a: Iron Valiant|61/244\n|-damage|p2a: Iron Valiant|22/244\n|-hitcount|p2a: Iron Valiant|5\n|move|p2a: Iron Valiant|Psychic|p1a: Cinccino\n|-damage|p1a: Cinccino|0 fnt\n|faint|p1a: Cinccino\n|-damage|p2a: Iron Valiant|0 fnt|[from] item: Life Orb\n|faint|p2a: Iron Valiant\n|-end|p2a: Iron Valiant|Quark Drive|[silent]\n|\n|upkeep\n|inactive|Time left: 300 sec this turn | 300 sec total | 5 sec grace\n|\n|t:|1783556802\n|switch|p1a: Gurdurr|Gurdurr, L85, F|100/100\n|switch|p2a: Brambleghast|Brambleghast, L88, M|240/240\n|turn|14\n|inactive|Time left: 300 sec this turn | 300 sec total\n|\n|t:|1783556803\n|move|p2a: Brambleghast|Leech Seed|p1a: Gurdurr\n|-start|p1a: Gurdurr|move: Leech Seed\n|move|p1a: Gurdurr|Bulk Up|p1a: Gurdurr\n|-boost|p1a: Gurdurr|atk|1\n|-boost|p1a: Gurdurr|def|1\n|\n|-damage|p1a: Gurdurr|88/100|[from] Leech Seed|[of] p2a: Brambleghast\n|upkeep\n|turn|15\n|inactive|Time left: 300 sec this turn | 300 sec total\n|\n|t:|1783556804\n|move|p2a: Brambleghast|Substitute|p2a: Brambleghast\n|-start|p2a: Brambleghast|Substitute\n|-damage|p2a: Brambleghast|180/240\n|move|p1a: Gurdurr|Knock Off|p2a: Brambleghast\n|-supereffective|p2a: Brambleghast\n|-end|p2a: Brambleghast|Substitute\n|\n|-heal|p2a: Brambleghast|195/240|[from] item: Leftovers\n|-damage|p1a: Gurdurr|76/100|[from] Leech Seed|[of] p2a: Brambleghast\n|-heal|p2a: Brambleghast|230/240|[silent]\n|upkeep\n|turn|16\n|inactive|Time left: 300 sec this turn | 300 sec total\n|\n|t:|1783556805\n|move|p2a: Brambleghast|Substitute|p2a: Brambleghast\n|-start|p2a: Brambleghast|Substitute\n|-damage|p2a: Brambleghast|170/240\n|move|p1a: Gurdurr|Knock Off|p2a: Brambleghast\n|-supereffective|p2a: Brambleghast\n|-end|p2a: Brambleghast|Substitute\n|\n|-heal|p2a: Brambleghast|185/240|[from] item: Leftovers\n|-damage|p1a: Gurdurr|63/100|[from] Leech Seed|[of] p2a: Brambleghast\n|-heal|p2a: Brambleghast|220/240|[silent]\n|upkeep\n|turn|17\n|inactive|Time left: 300 sec this turn | 300 sec total\n|\n|t:|1783556806\n|move|p2a: Brambleghast|Substitute|p2a: Brambleghast\n|-start|p2a: Brambleghast|Substitute\n|-damage|p2a: Brambleghast|160/240\n|move|p1a: Gurdurr|Knock Off|p2a: Brambleghast\n|-supereffective|p2a: Brambleghast\n|-end|p2a: Brambleghast|Substitute\n|\n|-heal|p2a: Brambleghast|175/240|[from] item: Leftovers\n|-damage|p1a: Gurdurr|51/100|[from] Leech Seed|[of] p2a: Brambleghast\n|-heal|p2a: Brambleghast|210/240|[silent]\n|upkeep\n|turn|18\n|inactive|Time left: 300 sec this turn | 300 sec total\n|\n|t:|1783556807\n|move|p2a: Brambleghast|Substitute|p2a: Brambleghast\n|-start|p2a: Brambleghast|Substitute\n|-damage|p2a: Brambleghast|150/240\n|move|p1a: Gurdurr|Knock Off|p2a: Brambleghast\n|-supereffective|p2a: Brambleghast\n|-end|p2a: Brambleghast|Substitute\n|\n|-heal|p2a: Brambleghast|165/240|[from] item: Leftovers\n|-damage|p1a: Gurdurr|39/100|[from] Leech Seed|[of] p2a: Brambleghast\n|-heal|p2a: Brambleghast|200/240|[silent]\n|upkeep\n|turn|19\n|inactive|Time left: 300 sec this turn | 300 sec total\n|\n|t:|1783556807\n|move|p2a: Brambleghast|Substitute|p2a: Brambleghast\n|-start|p2a: Brambleghast|Substitute\n|-damage|p2a: Brambleghast|140/240\n|move|p1a: Gurdurr|Knock Off|p2a: Brambleghast\n|-supereffective|p2a: Brambleghast\n|-end|p2a: Brambleghast|Substitute\n|\n|-heal|p2a: Brambleghast|155/240|[from] item: Leftovers\n|-damage|p1a: Gurdurr|26/100|[from] Leech Seed|[of] p2a: Brambleghast\n|-heal|p2a: Brambleghast|190/240|[silent]\n|upkeep\n|turn|20\n|inactive|Time left: 300 sec this turn | 300 sec total\n|\n|t:|1783556808\n|move|p2a: Brambleghast|Substitute|p2a: Brambleghast\n|-start|p2a: Brambleghast|Substitute\n|-damage|p2a: Brambleghast|130/240\n|move|p1a: Gurdurr|Knock Off|p2a: Brambleghast\n|-supereffective|p2a: Brambleghast\n|-end|p2a: Brambleghast|Substitute\n|\n|-heal|p2a: Brambleghast|145/240|[from] item: Leftovers\n|-damage|p1a: Gurdurr|14/100|[from] Leech Seed|[of] p2a: Brambleghast\n|-heal|p2a: Brambleghast|180/240|[silent]\n|upkeep\n|turn|21\n|inactive|Time left: 300 sec this turn | 300 sec total\n|\n|t:|1783556809\n|move|p2a: Brambleghast|Poltergeist|p1a: Gurdurr\n|-activate|p1a: Gurdurr|move: Poltergeist|Eviolite\n|-damage|p1a: Gurdurr|0 fnt\n|faint|p1a: Gurdurr\n|\n|-heal|p2a: Brambleghast|195/240|[from] item: Leftovers\n|upkeep\n|\n|t:|1783556810\n|switch|p1a: Snorlax|Snorlax, L82, M|100/100\n|turn|22\n|inactive|Time left: 300 sec this turn | 300 sec total\n|\n|t:|1783556811\n|move|p2a: Brambleghast|Leech Seed|p1a: Snorlax\n|-start|p1a: Snorlax|move: Leech Seed\n|move|p1a: Snorlax|Curse|p1a: Snorlax\n|-unboost|p1a: Snorlax|spe|1\n|-boost|p1a: Snorlax|atk|1\n|-boost|p1a: Snorlax|def|1\n|\n|-heal|p2a: Brambleghast|210/240|[from] item: Leftovers\n|-damage|p1a: Snorlax|88/100|[from] Leech Seed|[of] p2a: Brambleghast\n|-heal|p2a: Brambleghast|240/240|[silent]\n|upkeep\n|turn|23\n|inactive|Time left: 300 sec this turn | 300 sec total\n|\n|t:|1783556812\n|move|p2a: Brambleghast|Power Whip|p1a: Snorlax\n|-damage|p1a: Snorlax|53/100\n|move|p1a: Snorlax|Curse|p1a: Snorlax\n|-unboost|p1a: Snorlax|spe|1\n|-boost|p1a: Snorlax|atk|1\n|-boost|p1a: Snorlax|def|1\n|\n|-heal|p1a: Snorlax|59/100|[from] item: Leftovers\n|-damage|p1a: Snorlax|47/100|[from] Leech Seed|[of] p2a: Brambleghast\n|upkeep\n|turn|24\n|inactive|Time left: 300 sec this turn | 300 sec total\n|\n|t:|1783556813\n|move|p2a: Brambleghast|Power Whip|p1a: Snorlax\n|-damage|p1a: Snorlax|20/100\n|move|p1a: Snorlax|Rest|p1a: Snorlax\n|-status|p1a: Snorlax|slp|[from] move: Rest\n|-heal|p1a: Snorlax|100/100 slp|[silent]\n|\n|-damage|p1a: Snorlax|88/100 slp|[from] Leech Seed|[of] p2a: Brambleghast\n|upkeep\n|turn|25\n|inactive|Time left: 300 sec this turn | 300 sec total\n|\n|t:|1783556814\n|move|p2a: Brambleghast|Power Whip|p1a: Snorlax\n|-damage|p1a: Snorlax|64/100 slp\n|cant|p1a: Snorlax|slp\n|\n|-heal|p1a: Snorlax|70/100 slp|[from] item: Leftovers\n|-damage|p1a: Snorlax|57/100 slp|[from] Leech Seed|[of] p2a: Brambleghast\n|upkeep\n|turn|26\n|inactive|Time left: 300 sec this turn | 300 sec total\n|\n|t:|1783556815\n|move|p2a: Brambleghast|Power Whip|p1a: Snorlax\n|-damage|p1a: Snorlax|30/100 slp\n|cant|p1a: Snorlax|slp\n|move|p1a: Snorlax|Sleep Talk|p1a: Snorlax\n|move|p1a: Snorlax|Rest||[from] move: Sleep Talk|[still]\n|-fail|p1a: Snorlax\n|\n|-heal|p1a: Snorlax|36/100 slp|[from] item: Leftovers\n|-damage|p1a: Snorlax|24/100 slp|[from] Leech Seed|[of] p2a: Brambleghast\n|upkeep\n|turn|27\n|inactive|Time left: 300 sec this turn | 300 sec total\n|\n|t:|1783556815\n|move|p2a: Brambleghast|Power Whip|p1a: Snorlax\n|-damage|p1a: Snorlax|0 fnt\n|faint|p1a: Snorlax\n|\n|win|p0y15227b78", "uploadtime": 1783556815, "views": 0, "rating": 0, "private": 0, "password": null, "_winner": "p0y15227b78", "_our_name": "p0y15227b78"}