{"id": "battle-gen9randombattle-200", "formatid": "gen9randombattle", "format": "[Gen 9] Random Battle", "players": ["p0x2000a5c", "p0y2001390"], "log": "|init|battle\n|title|p0x2000a5c vs. p0y2001390\n|j|\u2606p0x2000a5c\n|j|\u2606p0y2001390\n|t:|1783541422\n|gametype|singles\n|player|p1|p0x2000a5c|169|\n|player|p2|p0y2001390|266|\n|gen|9\n|tier|[Gen 9] Random Battle\n|rule|Species Clause: Limit one of each Pok\u00e9mon\n|rule|HP Percentage Mod: HP is shown in percentages\n|rule|Sleep Clause Mod: Limit one foe put to sleep\n|rule|Illusion Level Mod: Illusion disguises the Pok\u00e9mon's true level\n|\n|t:|1783541422\n|teamsize|p1|6\n|teamsize|p2|6\n|start\n|switch|p1a: Magearna|Magearna-Original, L77|100/100\n|switch|p2a: Blastoise|Blastoise, L80, F|258/258\n|turn|1\n|inactive|Battle timer is ON: inactive players will automatically lose when time's up. (requested by p0y2001390)\n|inactive|p0x2000a5c also wants the timer to be on.\n|\n|t:|1783541424\n|switch|p1a: Gumshoos|Gumshoos, L95, F|100/100\n|move|p2a: Blastoise|Shell Smash|p2a: Blastoise\n|-unboost|p2a: Blastoise|def|1\n|-unboost|p2a: Blastoise|spd|1\n|-boost|p2a: Blastoise|atk|2\n|-boost|p2a: Blastoise|spa|2\n|-boost|p2a: Blastoise|spe|2\n|-enditem|p2a: Blastoise|White Herb\n|-clearnegativeboost|p2a: Blastoise|[silent]\n|\n|upkeep\n|turn|2\n|inactive|Time left: 300 sec this turn | 300 sec total\n|\n|t:|1783541426\n|move|p2a: Blastoise|Ice Beam|p1a: Gumshoos\n|-damage|p1a: Gumshoos|63/100\n|move|p1a: Gumshoos|Double-Edge|p2a: Blastoise\n|-damage|p2a: Blastoise|0 fnt\n|faint|p2a: Blastoise\n|-damage|p1a: Gumshoos|37/100|[from] Recoil\n|\n|upkeep\n|inactive|Time left: 300 sec this turn | 300 sec total | 5 sec grace\n|\n|t:|1783541427\n|switch|p2a: Iron Moth|Iron Moth, L78|253/253\n|turn|3\n|inactive|Time left: 300 sec this turn | 300 sec total\n|\n|t:|1783541428\n|move|p2a: Iron Moth|Fiery Dance|p1a: Gumshoos\n|-damage|p1a: Gumshoos|0 fnt\n|faint|p1a: Gumshoos\n|\n|upkeep\n|\n|t:|1783541429\n|switch|p1a: Iron Thorns|Iron Thorns, L83|100/100\n|-item|p1a: Iron Thorns|Air Balloon\n|turn|4\n|inactive|Time left: 300 sec this turn | 300 sec total\n|\n|t:|1783541430\n|move|p2a: Iron Moth|Fiery Dance|p1a: Iron Thorns\n|-resisted|p1a: Iron Thorns\n|-damage|p1a: Iron Thorns|76/100\n|-boost|p2a: Iron Moth|spa|1\n|-enditem|p1a: Iron Thorns|Air Balloon\n|move|p1a: Iron Thorns|Stone Edge|p2a: Iron Moth\n|-supereffective|p2a: Iron Moth\n|-damage|p2a: Iron Moth|0 fnt\n|faint|p2a: Iron Moth\n|-end|p2a: Iron Moth|Quark Drive|[silent]\n|\n|upkeep\n|inactive|Time left: 300 sec this turn | 300 sec total | 5 sec grace\n|\n|t:|1783541432\n|switch|p2a: Brute Bonnet|Brute Bonnet, L80|309/309\n|turn|5\n|inactive|Time left: 300 sec this turn | 300 sec total\n|\n|t:|1783541433\n|move|p1a: Iron Thorns|Stone Edge|p2a: Brute Bonnet|[miss]\n|-miss|p1a: Iron Thorns|p2a: Brute Bonnet\n|move|p2a: Brute Bonnet|Spore|p1a: Iron Thorns\n|-status|p1a: Iron Thorns|slp|[from] move: Spore\n|\n|upkeep\n|turn|6\n|inactive|Time left: 300 sec this turn | 300 sec total\n|\n|t:|1783541434\n|-end|p1a: Iron Thorns|Quark Drive|[silent]\n|switch|p1a: Hydrapple|Hydrapple, L83, M|100/100\n|move|p2a: Brute Bonnet|Crunch|p1a: Hydrapple\n|-damage|p1a: Hydrapple|75/100\n|\n|upkeep\n|turn|7\n|inactive|Time left: 300 sec this turn | 300 sec total\n|\n|t:|1783541435\n|move|p2a: Brute Bonnet|Crunch|p1a: Hydrapple\n|-damage|p1a: Hydrapple|47/100\n|move|p1a: Hydrapple|Fickle Beam|p2a: Brute Bonnet|[anim] Fickle Beam All Out\n|-activate|p1a: Hydrapple|move: Fickle Beam\n|-damage|p2a: Brute Bonnet|125/309\n|\n|-heal|p2a: Brute Bonnet|144/309|[from] item: Leftovers\n|upkeep\n|turn|8\n|inactive|Time left: 300 sec this turn | 300 sec total\n|\n|t:|1783541436\n|-end|p2a: Brute Bonnet|Protosynthesis|[silent]\n|switch|p2a: Flutter Mane|Flutter Mane, L74|203/203\n|switch|p1a: Lilligant|Lilligant, L86, F|100/100\n|\n|upkeep\n|turn|9\n|inactive|Time left: 300 sec this turn | 300 sec total\n|\n|t:|1783541437\n|move|p2a: Flutter Mane|Mystical Fire|p1a: Lilligant\n|-supereffective|p1a: Lilligant\n|-crit|p1a: Lilligant\n|-damage|p1a: Lilligant|0 fnt\n|faint|p1a: Lilligant\n|\n|upkeep\n|\n|t:|1783541438\n|switch|p1a: Raging Bolt|Raging Bolt, L78|100/100\n|turn|10\n|inactive|Time left: 300 sec this turn | 300 sec total\n|\n|t:|1783541439\n|move|p2a: Flutter Mane|Mystical Fire|p1a: Raging Bolt\n|-resisted|p1a: Raging Bolt\n|-damage|p1a: Raging Bolt|87/100\n|-unboost|p1a: Raging Bolt|spa|1\n|move|p1a: Raging Bolt|Calm Mind|p1a: Raging Bolt\n|-boost|p1a: Raging Bolt|spa|1\n|-boost|p1a: Raging Bolt|spd|1\n|\n|-heal|p1a: Raging Bolt|94/100|[from] item: Leftovers\n|upkeep\n|turn|11\n|inactive|Time left: 300 sec this turn | 300 sec total\n|\n|t:|1783541440\n|move|p2a: Flutter Mane|Mystical Fire|p1a: Raging Bolt\n|-resisted|p1a: Raging Bolt\n|-damage|p1a: Raging Bolt|85/100\n|-unboost|p1a: Raging Bolt|spa|1\n|move|p1a: Raging Bolt|Calm Mind|p1a: Raging Bolt\n|-boost|p1a: Raging Bolt|spa|1\n|-boost|p1a: Raging Bolt|spd|1\n|\n|-heal|p1a: Raging Bolt|91/100|[from] item: Leftovers\n|upkeep\n|turn|12\n|inactive|Time left: 300 sec this turn | 300 sec total\n|\n|t:|1783541441\n|move|p2a: Flutter Mane|Mystical Fire|p1a: Raging Bolt\n|-resisted|p1a: Raging Bolt\n|-damage|p1a: Raging Bolt|84/100\n|-unboost|p1a: Raging Bolt|spa|1\n|move|p1a: Raging Bolt|Thunderbolt|p2a: Flutter Mane\n|-damage|p2a: Flutter Mane|139/203\n|\n|-heal|p1a: Raging Bolt|90/100|[from] item: Leftovers\n|upkeep\n|turn|13\n|inactive|Time left: 300 sec this turn | 300 sec total\n|\n|t:|1783541442\n|move|p2a: Flutter Mane|Mystical Fire|p1a: Raging Bolt\n|-resisted|p1a: Raging Bolt\n|-damage|p1a: Raging Bolt|83/100\n|-unboost|p1a: Raging Bolt|spa|1\n|move|p1a: Raging Bolt|Thunderbolt|p2a: Flutter Mane\n|-damage|p2a: Flutter Mane|96/203\n|\n|-heal|p1a: Raging Bolt|90/100|[from] item: Leftovers\n|upkeep\n|turn|14\n|inactive|Time left: 300 sec this turn | 300 sec total\n|\n|t:|1783541443\n|move|p2a: Flutter Mane|Mystical Fire|p1a: Raging Bolt\n|-resisted|p1a: Raging Bolt\n|-damage|p1a: Raging Bolt|83/100\n|-unboost|p1a: Raging Bolt|spa|1\n|move|p1a: Raging Bolt|Calm Mind|p1a: Raging Bolt\n|-boost|p1a: Raging Bolt|spa|1\n|-boost|p1a: Raging Bolt|spd|1\n|\n|-heal|p1a: Raging Bolt|90/100|[from] item: Leftovers\n|upkeep\n|turn|15\n|inactive|Time left: 300 sec this turn | 300 sec total\n|\n|t:|1783541444\n|move|p2a: Flutter Mane|Mystical Fire|p1a: Raging Bolt\n|-resisted|p1a: Raging Bolt\n|-damage|p1a: Raging Bolt|85/100\n|-unboost|p1a: Raging Bolt|spa|1\n|move|p1a: Raging Bolt|Calm Mind|p1a: Raging Bolt\n|-boost|p1a: Raging Bolt|spa|1\n|-boost|p1a: Raging Bolt|spd|1\n|\n|-heal|p1a: Raging Bolt|91/100|[from] item: Leftovers\n|upkeep\n|turn|16\n|inactive|Time left: 300 sec this turn | 300 sec total\n|\n|t:|1783541445\n|move|p2a: Flutter Mane|Mystical Fire|p1a: Raging Bolt\n|-resisted|p1a: Raging Bolt\n|-damage|p1a: Raging Bolt|86/100\n|-unboost|p1a: Raging Bolt|spa|1\n|move|p1a: Raging Bolt|Thunderbolt|p2a: Flutter Mane\n|-damage|p2a: Flutter Mane|60/203\n|\n|-heal|p1a: Raging Bolt|92/100|[from] item: Leftovers\n|upkeep\n|turn|17\n|inactive|Time left: 300 sec this turn | 300 sec total\n|\n|t:|1783541446\n|move|p2a: Flutter Mane|Mystical Fire|p1a: Raging Bolt\n|-resisted|p1a: Raging Bolt\n|-crit|p1a: Raging Bolt\n|-damage|p1a: Raging Bolt|72/100\n|-unboost|p1a: Raging Bolt|spa|1\n|move|p1a: Raging Bolt|Thunderbolt|p2a: Flutter Mane\n|-damage|p2a: Flutter Mane|30/203\n|\n|-heal|p1a: Raging Bolt|78/100|[from] item: Leftovers\n|upkeep\n|turn|18\n|inactive|Time left: 300 sec this turn | 300 sec total\n|\n|t:|1783541446\n|move|p2a: Flutter Mane|Mystical Fire|p1a: Raging Bolt\n|-resisted|p1a: Raging Bolt\n|-crit|p1a: Raging Bolt\n|-damage|p1a: Raging Bolt|58/100\n|-unboost|p1a: Raging Bolt|spa|1\n|move|p1a: Raging Bolt|Thunderbolt|p2a: Flutter Mane\n|-damage|p2a: Flutter Mane|0 fnt\n|faint|p2a: Flutter Mane\n|-end|p2a: Flutter Mane|Protosynthesis|[silent]\n|\n|-heal|p1a: Raging Bolt|64/100|[from] item: Leftovers\n|upkeep\n|inactive|Time left: 300 sec this turn | 300 sec total | 5 sec grace\n|\n|t:|1783541447\n|switch|p2a: Brute Bonnet|Brute Bonnet, L80|144/309\n|turn|19\n|inactive|Time left: 300 sec this turn | 300 sec total\n|\n|t:|1783541448\n|-end|p1a: Raging Bolt|Protosynthesis|[silent]\n|switch|p1a: Hydrapple|Hydrapple, L83, M|81/100\n|move|p2a: Brute Bonnet|Crunch|p1a: Hydrapple\n|-damage|p1a: Hydrapple|56/100\n|\n|-heal|p2a: Brute Bonnet|163/309|[from] item: Leftovers\n|upkeep\n|turn|20\n|inactive|Time left: 300 sec this turn | 300 sec total\n|\n|t:|1783541449\n|move|p2a: Brute Bonnet|Crunch|p1a: Hydrapple\n|-damage|p1a: Hydrapple|31/100\n|move|p1a: Hydrapple|Fickle Beam|p2a: Brute Bonnet|[anim] Fickle Beam All Out\n|-activate|p1a: Hydrapple|move: Fickle Beam\n|-damage|p2a: Brute Bonnet|0 fnt\n|faint|p2a: Brute Bonnet\n|-end|p2a: Brute Bonnet|Protosynthesis|[silent]\n|\n|upkeep\n|inactive|Time left: 300 sec this turn | 300 sec total | 5 sec grace\n|\n|t:|1783541450\n|switch|p2a: Scyther|Scyther, L82, M|249/249\n|turn|21\n|inactive|Time left: 300 sec this turn | 300 sec total\n|\n|t:|1783541450\n|switch|p1a: Raging Bolt|Raging Bolt, L78|64/100\n|move|p2a: Scyther|U-turn|p1a: Raging Bolt\n|-damage|p1a: Raging Bolt|41/100\n|inactive|Time left: 300 sec this turn | 300 sec total | 5 sec grace\n|\n|t:|1783541451\n|switch|p2a: Honchkrow|Honchkrow, L86, F|312/312|[from] U-turn\n|\n|-heal|p1a: Raging Bolt|47/100|[from] item: Leftovers\n|upkeep\n|turn|22\n|inactive|Time left: 300 sec this turn | 300 sec total\n|\n|t:|1783541452\n|-terastallize|p1a: Raging Bolt|Electric\n|move|p2a: Honchkrow|Sucker Punch|p1a: Raging Bolt\n|-damage|p1a: Raging Bolt|14/100\n|move|p1a: Raging Bolt|Thunderbolt|p2a: Honchkrow\n|-supereffective|p2a: Honchkrow\n|-damage|p2a: Honchkrow|0 fnt\n|faint|p2a: Honchkrow\n|\n|-heal|p1a: Raging Bolt|21/100|[from] item: Leftovers\n|upkeep\n|inactive|Time left: 300 sec this turn | 300 sec total | 5 sec grace\n|\n|t:|1783541453\n|switch|p2a: Scyther|Scyther, L82, M|249/249\n|turn|23\n|inactive|Time left: 300 sec this turn | 300 sec total\n|\n|t:|1783541454\n|move|p1a: Raging Bolt|Thunderclap||[still]\n|-fail|p1a: Raging Bolt\n|move|p2a: Scyther|Defog|p1a: Raging Bolt\n|-unboost|p1a: Raging Bolt|evasion|1\n|\n|-heal|p1a: Raging Bolt|27/100|[from] item: Leftovers\n|upkeep\n|turn|24\n|inactive|Time left: 300 sec this turn | 300 sec total\n|\n|t:|1783541455\n|-terastallize|p2a: Scyther|Fighting\n|move|p2a: Scyther|U-turn|p1a: Raging Bolt\n|-damage|p1a: Raging Bolt|0 fnt\n|faint|p1a: Raging Bolt\n|-end|p1a: Raging Bolt|Protosynthesis|[silent]\n|\n|upkeep\n|\n|t:|1783541456\n|switch|p1a: Magearna|Magearna-Original, L77|100/100\n|turn|25\n|inactive|Time left: 300 sec this turn | 300 sec total\n|\n|t:|1783541457\n|move|p2a: Scyther|Close Combat|p1a: Magearna\n|-damage|p1a: Magearna|53/100\n|-unboost|p2a: Scyther|def|1\n|-unboost|p2a: Scyther|spd|1\n|move|p1a: Magearna|Fleur Cannon|p2a: Scyther\n|-supereffective|p2a: Scyther\n|-damage|p2a: Scyther|0 fnt\n|-unboost|p1a: Magearna|spa|2\n|faint|p2a: Scyther\n|\n|win|p0x2000a5c", "uploadtime": 1783541457, "views": 0, "rating": 0, "private": 0, "password": null, "_winner": "p0x2000a5c", "_our_name": "p0y2001390"}