{"id": "battle-gen9randombattle-2239", "formatid": "gen9randombattle", "format": "[Gen 9] Random Battle", "players": ["p0x22397d28", "p0y2239e2e4"], "log": "|init|battle\n|title|p0x22397d28 vs. p0y2239e2e4\n|j|\u2606p0x22397d28\n|j|\u2606p0y2239e2e4\n|t:|1783565036\n|gametype|singles\n|player|p1|p0x22397d28|265|\n|player|p2|p0y2239e2e4|169|\n|gen|9\n|tier|[Gen 9] Random Battle\n|rule|Species Clause: Limit one of each Pok\u00e9mon\n|rule|HP Percentage Mod: HP is shown in percentages\n|rule|Sleep Clause Mod: Limit one foe put to sleep\n|rule|Illusion Level Mod: Illusion disguises the Pok\u00e9mon's true level\n|\n|t:|1783565036\n|teamsize|p1|6\n|teamsize|p2|6\n|start\n|switch|p1a: Stonjourner|Stonjourner, L91, M|330/330\n|switch|p2a: Gastrodon|Gastrodon-East, L86, M|100/100\n|turn|1\n|inactive|Battle timer is ON: inactive players will automatically lose when time's up. (requested by p0x22397d28)\n|inactive|p0y2239e2e4 also wants the timer to be on.\n|\n|t:|1783565037\n|move|p1a: Stonjourner|Rock Polish|p1a: Stonjourner\n|-boost|p1a: Stonjourner|spe|2\n|move|p2a: Gastrodon|Ice Beam|p1a: Stonjourner\n|-damage|p1a: Stonjourner|197/330\n|\n|upkeep\n|turn|2\n|inactive|Time left: 300 sec this turn | 300 sec total\n|\n|t:|1783565038\n|move|p1a: Stonjourner|Rock Polish|p1a: Stonjourner\n|-boost|p1a: Stonjourner|spe|2\n|move|p2a: Gastrodon|Earthquake|p1a: Stonjourner\n|-supereffective|p1a: Stonjourner\n|-damage|p1a: Stonjourner|77/330\n|\n|upkeep\n|turn|3\n|inactive|Time left: 300 sec this turn | 300 sec total\n|\n|t:|1783565039\n|move|p1a: Stonjourner|Earthquake|p2a: Gastrodon\n|-damage|p2a: Gastrodon|50/100\n|-damage|p1a: Stonjourner|44/330|[from] item: Life Orb\n|move|p2a: Gastrodon|Ice Beam|p1a: Stonjourner\n|-damage|p1a: Stonjourner|0 fnt\n|faint|p1a: Stonjourner\n|\n|-heal|p2a: Gastrodon|56/100|[from] item: Leftovers\n|upkeep\n|inactive|Time left: 300 sec this turn | 300 sec total | 5 sec grace\n|\n|t:|1783565040\n|switch|p1a: Groudon|Groudon, L72|263/263\n|-weather|SunnyDay|[from] ability: Drought|[of] p1a: Groudon\n|turn|4\n|inactive|Time left: 300 sec this turn | 300 sec total\n|\n|t:|1783565041\n|move|p1a: Groudon|Swords Dance|p1a: Groudon\n|-boost|p1a: Groudon|atk|2\n|move|p2a: Gastrodon|Recover|p2a: Gastrodon\n|-heal|p2a: Gastrodon|100/100\n|\n|-weather|SunnyDay|[upkeep]\n|upkeep\n|turn|5\n|inactive|Time left: 300 sec this turn | 300 sec total\n|\n|t:|1783565042\n|move|p1a: Groudon|Precipice Blades|p2a: Gastrodon\n|-damage|p2a: Gastrodon|3/100\n|move|p2a: Gastrodon|Ice Beam|p1a: Groudon\n|-supereffective|p1a: Groudon\n|-damage|p1a: Groudon|107/263\n|\n|-weather|SunnyDay|[upkeep]\n|-heal|p1a: Groudon|123/263|[from] item: Leftovers\n|-heal|p2a: Gastrodon|9/100|[from] item: Leftovers\n|upkeep\n|turn|6\n|inactive|Time left: 300 sec this turn | 300 sec total\n|\n|t:|1783565043\n|move|p1a: Groudon|Heat Crash|p2a: Gastrodon\n|-resisted|p2a: Gastrodon\n|-damage|p2a: Gastrodon|0 fnt\n|faint|p2a: Gastrodon\n|\n|-weather|SunnyDay|[upkeep]\n|-heal|p1a: Groudon|139/263|[from] item: Leftovers\n|upkeep\n|\n|t:|1783565044\n|switch|p2a: Porygon2|Porygon2, L81|100/100\n|-ability|p2a: Porygon2|Download|boost\n|-boost|p2a: Porygon2|spa|1\n|turn|7\n|inactive|Time left: 300 sec this turn | 300 sec total\n|\n|t:|1783565045\n|-terastallize|p1a: Groudon|Fire\n|move|p1a: Groudon|Heat Crash|p2a: Porygon2\n|-damage|p2a: Porygon2|3/100\n|move|p2a: Porygon2|Tri Attack|p1a: Groudon\n|-damage|p1a: Groudon|6/263\n|\n|-weather|SunnyDay|[upkeep]\n|-heal|p1a: Groudon|22/263|[from] item: Leftovers\n|upkeep\n|turn|8\n|inactive|Time left: 300 sec this turn | 300 sec total\n|\n|t:|1783565046\n|move|p1a: Groudon|Heat Crash|p2a: Porygon2\n|-damage|p2a: Porygon2|0 fnt\n|faint|p2a: Porygon2\n|\n|-weather|none\n|-heal|p1a: Groudon|38/263|[from] item: Leftovers\n|upkeep\n|\n|t:|1783565047\n|switch|p2a: Vivillon|Vivillon-Ocean, L83, F|100/100\n|turn|9\n|inactive|Time left: 300 sec this turn | 300 sec total\n|\n|t:|1783565048\n|move|p2a: Vivillon|Hurricane|p1a: Groudon\n|-damage|p1a: Groudon|0 fnt\n|faint|p1a: Groudon\n|\n|upkeep\n|inactive|Time left: 300 sec this turn | 300 sec total | 5 sec grace\n|\n|t:|1783565049\n|switch|p1a: Salamence|Salamence, L77, M|273/273\n|turn|10\n|inactive|Time left: 300 sec this turn | 300 sec total\n|\n|t:|1783565051\n|move|p1a: Salamence|Outrage|p2a: Vivillon\n|-damage|p2a: Vivillon|25/100\n|move|p2a: Vivillon|Sleep Powder|p1a: Salamence\n|-status|p1a: Salamence|slp|[from] move: Sleep Powder\n|\n|upkeep\n|turn|11\n|inactive|Time left: 300 sec this turn | 300 sec total\n|\n|t:|1783565052\n|cant|p1a: Salamence|slp\n|move|p2a: Vivillon|Hurricane|p1a: Salamence\n|-damage|p1a: Salamence|135/273 slp\n|\n|upkeep\n|turn|12\n|inactive|Time left: 300 sec this turn | 300 sec total\n|\n|t:|1783565053\n|cant|p1a: Salamence|slp\n|move|p2a: Vivillon|Quiver Dance|p2a: Vivillon\n|-boost|p2a: Vivillon|spa|1\n|-boost|p2a: Vivillon|spd|1\n|-boost|p2a: Vivillon|spe|1\n|\n|upkeep\n|turn|13\n|inactive|Time left: 300 sec this turn | 300 sec total\n|\n|t:|1783565054\n|move|p2a: Vivillon|Hurricane|p1a: Salamence\n|-damage|p1a: Salamence|0 fnt\n|faint|p1a: Salamence\n|\n|upkeep\n|inactive|Time left: 300 sec this turn | 300 sec total | 5 sec grace\n|\n|t:|1783565054\n|switch|p1a: Orthworm|Orthworm, L88, M|266/266\n|turn|14\n|inactive|Time left: 300 sec this turn | 300 sec total\n|\n|t:|1783565055\n|move|p2a: Vivillon|Hurricane|p1a: Orthworm\n|-resisted|p1a: Orthworm\n|-damage|p1a: Orthworm|151/266\n|move|p1a: Orthworm|Iron Tail|p2a: Vivillon|[miss]\n|-miss|p1a: Orthworm|p2a: Vivillon\n|\n|upkeep\n|turn|15\n|inactive|Time left: 300 sec this turn | 300 sec total\n|\n|t:|1783565056\n|move|p2a: Vivillon|Hurricane|p1a: Orthworm\n|-resisted|p1a: Orthworm\n|-damage|p1a: Orthworm|48/266\n|move|p1a: Orthworm|Iron Tail|p2a: Vivillon\n|-damage|p2a: Vivillon|0 fnt\n|faint|p2a: Vivillon\n|\n|upkeep\n|\n|t:|1783565057\n|switch|p2a: Brambleghast|Brambleghast, L88, M|100/100\n|turn|16\n|inactive|Time left: 300 sec this turn | 300 sec total\n|\n|t:|1783565058\n|move|p2a: Brambleghast|Poltergeist|p1a: Orthworm\n|-activate|p1a: Orthworm|move: Poltergeist|Chesto Berry\n|-damage|p1a: Orthworm|0 fnt\n|faint|p1a: Orthworm\n|\n|upkeep\n|inactive|Time left: 300 sec this turn | 300 sec total | 5 sec grace\n|\n|t:|1783565059\n|switch|p1a: Arbok|Arbok, L87, M|246/246\n|-ability|p1a: Arbok|Intimidate|boost\n|-unboost|p2a: Brambleghast|atk|1\n|turn|17\n|inactive|Time left: 300 sec this turn | 300 sec total\n|\n|t:|1783565060\n|move|p2a: Brambleghast|Poltergeist|p1a: Arbok\n|-activate|p1a: Arbok|move: Poltergeist|Leftovers\n|-damage|p1a: Arbok|140/246\n|move|p1a: Arbok|Coil|p1a: Arbok\n|-boost|p1a: Arbok|atk|1\n|-boost|p1a: Arbok|def|1\n|-boost|p1a: Arbok|accuracy|1\n|\n|-heal|p1a: Arbok|155/246|[from] item: Leftovers\n|upkeep\n|turn|18\n|inactive|Time left: 300 sec this turn | 300 sec total\n|\n|t:|1783565061\n|move|p2a: Brambleghast|Leech Seed|p1a: Arbok|[miss]\n|-miss|p2a: Brambleghast|p1a: Arbok\n|move|p1a: Arbok|Coil|p1a: Arbok\n|-boost|p1a: Arbok|atk|1\n|-boost|p1a: Arbok|def|1\n|-boost|p1a: Arbok|accuracy|1\n|\n|-heal|p1a: Arbok|170/246|[from] item: Leftovers\n|upkeep\n|turn|19\n|inactive|Time left: 300 sec this turn | 300 sec total\n|\n|t:|1783565062\n|move|p2a: Brambleghast|Leech Seed|p1a: Arbok\n|-start|p1a: Arbok|move: Leech Seed\n|move|p1a: Arbok|Gunk Shot|p2a: Brambleghast\n|-damage|p2a: Brambleghast|0 fnt\n|faint|p2a: Brambleghast\n|\n|-heal|p1a: Arbok|185/246|[from] item: Leftovers\n|upkeep\n|\n|t:|1783565063\n|switch|p2a: Dipplin|Dipplin, L88, M|100/100\n|turn|20\n|inactive|Time left: 300 sec this turn | 300 sec total\n|\n|t:|1783565064\n|-terastallize|p2a: Dipplin|Steel\n|move|p1a: Arbok|Earthquake|p2a: Dipplin\n|-supereffective|p2a: Dipplin\n|-damage|p2a: Dipplin|46/100\n|move|p2a: Dipplin|Dragon Pulse|p1a: Arbok\n|-damage|p1a: Arbok|79/246\n|\n|-heal|p1a: Arbok|94/246|[from] item: Leftovers\n|-damage|p1a: Arbok|64/246|[from] Leech Seed|[of] p2a: Dipplin\n|-heal|p2a: Dipplin|56/100|[silent]\n|upkeep\n|turn|21\n|inactive|Time left: 300 sec this turn | 300 sec total\n|\n|t:|1783565065\n|switch|p2a: Umbreon|Umbreon, L84, F|100/100\n|move|p1a: Arbok|Earthquake|p2a: Umbreon\n|-damage|p2a: Umbreon|59/100\n|\n|-heal|p1a: Arbok|79/246|[from] item: Leftovers\n|-heal|p2a: Umbreon|65/100|[from] item: Leftovers\n|-damage|p1a: Arbok|49/246|[from] Leech Seed|[of] p2a: Umbreon\n|-heal|p2a: Umbreon|75/100|[silent]\n|upkeep\n|turn|22\n|inactive|Time left: 300 sec this turn | 300 sec total\n|\n|t:|1783565066\n|move|p2a: Umbreon|Protect|p2a: Umbreon\n|-singleturn|p2a: Umbreon|Protect\n|move|p1a: Arbok|Gunk Shot|p2a: Umbreon\n|-activate|p2a: Umbreon|move: Protect\n|\n|-heal|p1a: Arbok|64/246|[from] item: Leftovers\n|-heal|p2a: Umbreon|81/100|[from] item: Leftovers\n|-damage|p1a: Arbok|34/246|[from] Leech Seed|[of] p2a: Umbreon\n|-heal|p2a: Umbreon|91/100|[silent]\n|upkeep\n|turn|23\n|inactive|Time left: 300 sec this turn | 300 sec total\n|\n|t:|1783565066\n|move|p1a: Arbok|Gunk Shot|p2a: Umbreon\n|-damage|p2a: Umbreon|18/100\n|move|p2a: Umbreon|Foul Play|p1a: Arbok\n|-damage|p1a: Arbok|0 fnt\n|faint|p1a: Arbok\n|\n|-heal|p2a: Umbreon|24/100|[from] item: Leftovers\n|upkeep\n|inactive|Time left: 300 sec this turn | 300 sec total | 5 sec grace\n|\n|t:|1783565067\n|switch|p1a: Lumineon|Lumineon, L93, M|279/279\n|turn|24\n|inactive|Time left: 300 sec this turn | 300 sec total\n|\n|t:|1783565068\n|move|p1a: Lumineon|Hydro Pump|p2a: Umbreon\n|-damage|p2a: Umbreon|0 fnt\n|faint|p2a: Umbreon\n|\n|upkeep\n|\n|t:|1783565069\n|switch|p2a: Dipplin|Dipplin, L88, M, tera:Steel|56/100\n|turn|25\n|inactive|Time left: 300 sec this turn | 300 sec total\n|\n|t:|1783565070\n|move|p1a: Lumineon|Ice Beam|p2a: Dipplin\n|-resisted|p2a: Dipplin\n|-damage|p2a: Dipplin|49/100\n|-status|p2a: Dipplin|frz\n|-curestatus|p2a: Dipplin|frz|[msg]\n|move|p2a: Dipplin|Giga Drain|p1a: Lumineon\n|-supereffective|p1a: Lumineon\n|-damage|p1a: Lumineon|123/279\n|-heal|p2a: Dipplin|76/100|[from] drain|[of] p1a: Lumineon\n|\n|upkeep\n|turn|26\n|inactive|Time left: 300 sec this turn | 300 sec total\n|\n|t:|1783565071\n|move|p1a: Lumineon|Ice Beam|p2a: Dipplin\n|-resisted|p2a: Dipplin\n|-damage|p2a: Dipplin|69/100\n|-status|p2a: Dipplin|frz\n|cant|p2a: Dipplin|frz\n|\n|upkeep\n|turn|27\n|inactive|Time left: 300 sec this turn | 300 sec total\n|\n|t:|1783565072\n|move|p1a: Lumineon|Hydro Pump|p2a: Dipplin\n|-damage|p2a: Dipplin|40/100 frz\n|cant|p2a: Dipplin|frz\n|\n|upkeep\n|turn|28\n|inactive|Time left: 300 sec this turn | 300 sec total\n|\n|t:|1783565073\n|move|p1a: Lumineon|Hydro Pump|p2a: Dipplin\n|-damage|p2a: Dipplin|12/100 frz\n|cant|p2a: Dipplin|frz\n|\n|upkeep\n|turn|29\n|inactive|Time left: 300 sec this turn | 300 sec total\n|\n|t:|1783565074\n|move|p1a: Lumineon|Hydro Pump|p2a: Dipplin\n|-damage|p2a: Dipplin|0 fnt\n|faint|p2a: Dipplin\n|\n|win|p0x22397d28", "uploadtime": 1783565074, "views": 0, "rating": 0, "private": 0, "password": null, "_winner": "p0x22397d28", "_our_name": "p0x22397d28"}