{"id": "battle-gen9randombattle-866", "formatid": "gen9randombattle", "format": "[Gen 9] Random Battle", "players": ["p0x8662aa7", "p0y866e2f1"], "log": "|init|battle\n|title|p0x8662aa7 vs. p0y866e2f1\n|j|\u2606p0x8662aa7\n|j|\u2606p0y866e2f1\n|t:|1783549157\n|gametype|singles\n|player|p1|p0x8662aa7|102|\n|player|p2|p0y866e2f1|1|\n|gen|9\n|tier|[Gen 9] Random Battle\n|rule|Species Clause: Limit one of each Pok\u00e9mon\n|rule|HP Percentage Mod: HP is shown in percentages\n|rule|Sleep Clause Mod: Limit one foe put to sleep\n|rule|Illusion Level Mod: Illusion disguises the Pok\u00e9mon's true level\n|\n|t:|1783549157\n|teamsize|p1|6\n|teamsize|p2|6\n|start\n|switch|p1a: Bronzong|Bronzong, L88|100/100\n|switch|p2a: Cresselia|Cresselia, L80, F|323/323\n|turn|1\n|inactive|Battle timer is ON: inactive players will automatically lose when time's up. (requested by p0x8662aa7)\n|inactive|Time left: 300 sec this turn | 300 sec total | 60 sec grace\n|inactive|p0y866e2f1 also wants the timer to be on.\n|\n|t:|1783549159\n|move|p2a: Cresselia|Calm Mind|p2a: Cresselia\n|-boost|p2a: Cresselia|spa|1\n|-boost|p2a: Cresselia|spd|1\n|move|p1a: Bronzong|Stealth Rock|p2a: Cresselia\n|-sidestart|p2: p0y866e2f1|move: Stealth Rock\n|\n|upkeep\n|turn|2\n|inactive|Time left: 300 sec this turn | 300 sec total\n|\n|t:|1783549161\n|switch|p1a: Espathra|Espathra, L80, F|100/100\n|move|p2a: Cresselia|Calm Mind|p2a: Cresselia\n|-boost|p2a: Cresselia|spa|1\n|-boost|p2a: Cresselia|spd|1\n|\n|upkeep\n|turn|3\n|inactive|Time left: 300 sec this turn | 300 sec total\n|\n|t:|1783549162\n|move|p1a: Espathra|Lumina Crash|p2a: Cresselia\n|-resisted|p2a: Cresselia\n|-damage|p2a: Cresselia|299/323\n|-unboost|p2a: Cresselia|spd|2\n|move|p2a: Cresselia|Psyshock|p1a: Espathra\n|-resisted|p1a: Espathra\n|-damage|p1a: Espathra|70/100\n|\n|-heal|p2a: Cresselia|319/323|[from] item: Leftovers\n|-ability|p1a: Espathra|Speed Boost|boost\n|-boost|p1a: Espathra|spe|1\n|upkeep\n|turn|4\n|inactive|Time left: 300 sec this turn | 300 sec total\n|\n|t:|1783549163\n|move|p1a: Espathra|Lumina Crash|p2a: Cresselia\n|-resisted|p2a: Cresselia\n|-damage|p2a: Cresselia|267/323\n|-unboost|p2a: Cresselia|spd|2\n|move|p2a: Cresselia|Thunderbolt|p1a: Espathra\n|-damage|p1a: Espathra|21/100\n|\n|-heal|p2a: Cresselia|287/323|[from] item: Leftovers\n|-ability|p1a: Espathra|Speed Boost|boost\n|-boost|p1a: Espathra|spe|1\n|upkeep\n|turn|5\n|inactive|Time left: 300 sec this turn | 300 sec total\n|\n|t:|1783549164\n|move|p1a: Espathra|Lumina Crash|p2a: Cresselia\n|-resisted|p2a: Cresselia\n|-damage|p2a: Cresselia|186/323\n|-unboost|p2a: Cresselia|spd|2\n|move|p2a: Cresselia|Psyshock|p1a: Espathra\n|-resisted|p1a: Espathra\n|-damage|p1a: Espathra|0 fnt\n|faint|p1a: Espathra\n|\n|-heal|p2a: Cresselia|206/323|[from] item: Leftovers\n|upkeep\n|\n|t:|1783549165\n|switch|p1a: Ninetales|Ninetales, L85, F|100/100\n|-weather|SunnyDay|[from] ability: Drought|[of] p1a: Ninetales\n|turn|6\n|inactive|Time left: 300 sec this turn | 300 sec total\n|\n|t:|1783549166\n|switch|p2a: Charizard|Charizard, L85, M|271/271\n|move|p1a: Ninetales|Fire Blast|p2a: Charizard\n|-resisted|p2a: Charizard\n|-damage|p2a: Charizard|192/271\n|\n|-weather|SunnyDay|[upkeep]\n|upkeep\n|turn|7\n|inactive|Time left: 300 sec this turn | 300 sec total\n|\n|t:|1783549168\n|move|p2a: Charizard|Flamethrower|p1a: Ninetales\n|-resisted|p1a: Ninetales\n|-damage|p1a: Ninetales|71/100\n|move|p1a: Ninetales|Nasty Plot|p1a: Ninetales\n|-boost|p1a: Ninetales|spa|2\n|\n|-weather|SunnyDay|[upkeep]\n|upkeep\n|turn|8\n|inactive|Time left: 300 sec this turn | 300 sec total\n|\n|t:|1783549169\n|-terastallize|p1a: Ninetales|Fire\n|move|p1a: Ninetales|Fire Blast|p2a: Charizard\n|-resisted|p2a: Charizard\n|-damage|p2a: Charizard|0 fnt\n|faint|p2a: Charizard\n|\n|-weather|SunnyDay|[upkeep]\n|upkeep\n|inactive|Time left: 300 sec this turn | 300 sec total | 5 sec grace\n|\n|t:|1783549169\n|switch|p2a: Lugia|Lugia, L73|275/275\n|turn|9\n|inactive|Time left: 300 sec this turn | 300 sec total\n|\n|t:|1783549171\n|move|p1a: Ninetales|Fire Blast|p2a: Lugia\n|-damage|p2a: Lugia|113/275\n|move|p2a: Lugia|Earth Power|p1a: Ninetales\n|-supereffective|p1a: Ninetales\n|-crit|p1a: Ninetales\n|-damage|p1a: Ninetales|23/100\n|\n|-weather|SunnyDay|[upkeep]\n|upkeep\n|turn|10\n|inactive|Time left: 300 sec this turn | 300 sec total\n|\n|t:|1783549172\n|move|p1a: Ninetales|Fire Blast|p2a: Lugia\n|-damage|p2a: Lugia|0 fnt\n|faint|p2a: Lugia\n|\n|-weather|none\n|upkeep\n|inactive|Time left: 300 sec this turn | 300 sec total | 5 sec grace\n|\n|t:|1783549173\n|switch|p2a: Dunsparce|Dunsparce, L86, F|312/312\n|-damage|p2a: Dunsparce|273/312|[from] Stealth Rock\n|turn|11\n|inactive|Time left: 300 sec this turn | 300 sec total\n|\n|t:|1783549174\n|move|p1a: Ninetales|Fire Blast|p2a: Dunsparce\n|-damage|p2a: Dunsparce|63/312\n|move|p2a: Dunsparce|Earthquake|p1a: Ninetales\n|-supereffective|p1a: Ninetales\n|-damage|p1a: Ninetales|0 fnt\n|faint|p1a: Ninetales\n|\n|upkeep\n|\n|t:|1783549175\n|switch|p1a: Poliwrath|Poliwrath, L88, F|100/100\n|turn|12\n|inactive|Time left: 300 sec this turn | 300 sec total\n|\n|t:|1783549176\n|switch|p2a: Cresselia|Cresselia, L80, F|206/323\n|-damage|p2a: Cresselia|166/323|[from] Stealth Rock\n|move|p1a: Poliwrath|Knock Off|p2a: Cresselia\n|-supereffective|p2a: Cresselia\n|-damage|p2a: Cresselia|2/323\n|-enditem|p2a: Cresselia|Leftovers|[from] move: Knock Off|[of] p1a: Poliwrath\n|-damage|p1a: Poliwrath|91/100|[from] item: Life Orb\n|\n|upkeep\n|turn|13\n|inactive|Time left: 300 sec this turn | 300 sec total\n|\n|t:|1783549177\n|move|p2a: Cresselia|Moonlight|p2a: Cresselia\n|-heal|p2a: Cresselia|163/323\n|move|p1a: Poliwrath|Knock Off|p2a: Cresselia\n|-supereffective|p2a: Cresselia\n|-damage|p2a: Cresselia|51/323\n|-damage|p1a: Poliwrath|81/100|[from] item: Life Orb\n|\n|upkeep\n|turn|14\n|inactive|Time left: 300 sec this turn | 300 sec total\n|\n|t:|1783549178\n|move|p2a: Cresselia|Moonlight|p2a: Cresselia\n|-heal|p2a: Cresselia|212/323\n|move|p1a: Poliwrath|Liquidation|p2a: Cresselia\n|-damage|p2a: Cresselia|94/323\n|-damage|p1a: Poliwrath|71/100|[from] item: Life Orb\n|\n|upkeep\n|turn|15\n|inactive|Time left: 300 sec this turn | 300 sec total\n|\n|t:|1783549179\n|move|p2a: Cresselia|Moonlight|p2a: Cresselia\n|-heal|p2a: Cresselia|255/323\n|move|p1a: Poliwrath|Liquidation|p2a: Cresselia\n|-damage|p2a: Cresselia|137/323\n|-damage|p1a: Poliwrath|61/100|[from] item: Life Orb\n|\n|upkeep\n|turn|16\n|inactive|Time left: 300 sec this turn | 300 sec total\n|\n|t:|1783549180\n|move|p2a: Cresselia|Moonlight|p2a: Cresselia\n|-heal|p2a: Cresselia|298/323\n|move|p1a: Poliwrath|Rain Dance|p1a: Poliwrath\n|-weather|RainDance\n|\n|-weather|RainDance|[upkeep]\n|upkeep\n|turn|17\n|inactive|Time left: 300 sec this turn | 300 sec total\n|\n|t:|1783549181\n|move|p1a: Poliwrath|Liquidation|p2a: Cresselia\n|-damage|p2a: Cresselia|137/323\n|-unboost|p2a: Cresselia|def|1\n|-damage|p1a: Poliwrath|51/100|[from] item: Life Orb\n|move|p2a: Cresselia|Psyshock|p1a: Poliwrath\n|-supereffective|p1a: Poliwrath\n|-damage|p1a: Poliwrath|14/100\n|\n|-weather|RainDance|[upkeep]\n|upkeep\n|turn|18\n|inactive|Time left: 300 sec this turn | 300 sec total\n|\n|t:|1783549182\n|move|p1a: Poliwrath|Liquidation|p2a: Cresselia\n|-crit|p2a: Cresselia\n|-damage|p2a: Cresselia|0 fnt\n|faint|p2a: Cresselia\n|-damage|p1a: Poliwrath|4/100|[from] item: Life Orb\n|\n|-weather|RainDance|[upkeep]\n|upkeep\n|inactive|Time left: 300 sec this turn | 300 sec total | 5 sec grace\n|\n|t:|1783549183\n|switch|p2a: Dunsparce|Dunsparce, L86, F|63/312\n|-damage|p2a: Dunsparce|24/312|[from] Stealth Rock\n|turn|19\n|inactive|Time left: 300 sec this turn | 300 sec total\n|\n|t:|1783549184\n|move|p1a: Poliwrath|Close Combat|p2a: Dunsparce\n|-supereffective|p2a: Dunsparce\n|-damage|p2a: Dunsparce|0 fnt\n|-unboost|p1a: Poliwrath|def|1\n|-unboost|p1a: Poliwrath|spd|1\n|faint|p2a: Dunsparce\n|-damage|p1a: Poliwrath|0 fnt|[from] item: Life Orb\n|faint|p1a: Poliwrath\n|\n|-weather|RainDance|[upkeep]\n|upkeep\n|inactive|Time left: 300 sec this turn | 300 sec total | 5 sec grace\n|\n|t:|1783549185\n|switch|p1a: Houndstone|Houndstone, L86, M|100/100\n|switch|p2a: Fezandipiti|Fezandipiti, L82, M|278/278\n|-damage|p2a: Fezandipiti|244/278|[from] Stealth Rock\n|turn|20\n|inactive|Time left: 300 sec this turn | 300 sec total\n|\n|t:|1783549186\n|move|p2a: Fezandipiti|Moonblast|p1a: Houndstone\n|-damage|p1a: Houndstone|75/100\n|-status|p1a: Houndstone|tox|[from] ability: Toxic Chain|[of] p2a: Fezandipiti\n|move|p1a: Houndstone|Poltergeist|p2a: Fezandipiti\n|-activate|p2a: Fezandipiti|move: Poltergeist|Leftovers\n|-damage|p2a: Fezandipiti|102/278\n|\n|-weather|none\n|-heal|p2a: Fezandipiti|119/278|[from] item: Leftovers\n|-heal|p1a: Houndstone|82/100 tox|[from] item: Leftovers\n|-damage|p1a: Houndstone|75/100 tox|[from] psn\n|upkeep\n|turn|21\n|inactive|Time left: 300 sec this turn | 300 sec total\n|\n|t:|1783549187\n|move|p2a: Fezandipiti|Roost|p2a: Fezandipiti\n|-heal|p2a: Fezandipiti|258/278\n|-singleturn|p2a: Fezandipiti|move: Roost\n|move|p1a: Houndstone|Poltergeist|p2a: Fezandipiti\n|-activate|p2a: Fezandipiti|move: Poltergeist|Leftovers\n|-damage|p2a: Fezandipiti|132/278\n|\n|-heal|p2a: Fezandipiti|149/278|[from] item: Leftovers\n|-heal|p1a: Houndstone|82/100 tox|[from] item: Leftovers\n|-damage|p1a: Houndstone|69/100 tox|[from] psn\n|upkeep\n|turn|22\n|inactive|Time left: 300 sec this turn | 300 sec total\n|\n|t:|1783549188\n|move|p2a: Fezandipiti|Roost|p2a: Fezandipiti\n|-heal|p2a: Fezandipiti|278/278\n|-singleturn|p2a: Fezandipiti|move: Roost\n|move|p1a: Houndstone|Rest|p1a: Houndstone\n|-status|p1a: Houndstone|slp|[from] move: Rest\n|-heal|p1a: Houndstone|100/100 slp|[silent]\n|\n|upkeep\n|turn|23\n|inactive|Time left: 300 sec this turn | 300 sec total\n|\n|t:|1783549189\n|switch|p1a: Bronzong|Bronzong, L88|100/100\n|move|p2a: Fezandipiti|Moonblast|p1a: Bronzong\n|-resisted|p1a: Bronzong\n|-damage|p1a: Bronzong|89/100\n|\n|-heal|p1a: Bronzong|95/100|[from] item: Leftovers\n|upkeep\n|turn|24\n|inactive|Time left: 300 sec this turn | 300 sec total\n|\n|t:|1783549190\n|-terastallize|p2a: Fezandipiti|Water\n|move|p2a: Fezandipiti|Moonblast|p1a: Bronzong\n|-resisted|p1a: Bronzong\n|-damage|p1a: Bronzong|84/100\n|move|p1a: Bronzong|Earthquake|p2a: Fezandipiti\n|-damage|p2a: Fezandipiti|194/278\n|\n|-heal|p2a: Fezandipiti|211/278|[from] item: Leftovers\n|-heal|p1a: Bronzong|90/100|[from] item: Leftovers\n|upkeep\n|turn|25\n|inactive|Time left: 300 sec this turn | 300 sec total\n|\n|t:|1783549191\n|move|p2a: Fezandipiti|Moonblast|p1a: Bronzong\n|-resisted|p1a: Bronzong\n|-damage|p1a: Bronzong|78/100\n|move|p1a: Bronzong|Psychic Noise|p2a: Fezandipiti\n|-damage|p2a: Fezandipiti|153/278\n|-start|p2a: Fezandipiti|move: Heal Block\n|\n|-heal|p1a: Bronzong|84/100|[from] item: Leftovers\n|upkeep\n|turn|26\n|inactive|Time left: 300 sec this turn | 300 sec total\n|\n|t:|1783549191\n|move|p2a: Fezandipiti|Moonblast|p1a: Bronzong\n|-resisted|p1a: Bronzong\n|-damage|p1a: Bronzong|74/100\n|-unboost|p1a: Bronzong|spa|1\n|move|p1a: Bronzong|Earthquake|p2a: Fezandipiti\n|-damage|p2a: Fezandipiti|67/278\n|\n|-heal|p1a: Bronzong|80/100|[from] item: Leftovers\n|-end|p2a: Fezandipiti|move: Heal Block\n|upkeep\n|turn|27\n|inactive|Time left: 300 sec this turn | 300 sec total\n|\n|t:|1783549192\n|move|p2a: Fezandipiti|Roost|p2a: Fezandipiti\n|-heal|p2a: Fezandipiti|206/278\n|move|p1a: Bronzong|Psychic Noise|p2a: Fezandipiti\n|-damage|p2a: Fezandipiti|169/278\n|-start|p2a: Fezandipiti|move: Heal Block\n|\n|-heal|p1a: Bronzong|86/100|[from] item: Leftovers\n|upkeep\n|turn|28\n|inactive|Time left: 300 sec this turn | 300 sec total\n|\n|t:|1783549193\n|move|p2a: Fezandipiti|Moonblast|p1a: Bronzong\n|-resisted|p1a: Bronzong\n|-damage|p1a: Bronzong|74/100\n|move|p1a: Bronzong|Earthquake|p2a: Fezandipiti\n|-damage|p2a: Fezandipiti|92/278\n|\n|-heal|p1a: Bronzong|81/100|[from] item: Leftovers\n|-end|p2a: Fezandipiti|move: Heal Block\n|upkeep\n|turn|29\n|inactive|Time left: 300 sec this turn | 300 sec total\n|\n|t:|1783549194\n|move|p2a: Fezandipiti|Roost|p2a: Fezandipiti\n|-heal|p2a: Fezandipiti|231/278\n|move|p1a: Bronzong|Psychic Noise|p2a: Fezandipiti\n|-damage|p2a: Fezandipiti|191/278\n|-start|p2a: Fezandipiti|move: Heal Block\n|\n|-heal|p1a: Bronzong|87/100|[from] item: Leftovers\n|upkeep\n|turn|30\n|inactive|Time left: 300 sec this turn | 300 sec total\n|\n|t:|1783549195\n|move|p2a: Fezandipiti|Moonblast|p1a: Bronzong\n|-resisted|p1a: Bronzong\n|-damage|p1a: Bronzong|75/100\n|move|p1a: Bronzong|Earthquake|p2a: Fezandipiti\n|-damage|p2a: Fezandipiti|111/278\n|\n|-heal|p1a: Bronzong|81/100|[from] item: Leftovers\n|-end|p2a: Fezandipiti|move: Heal Block\n|upkeep\n|turn|31\n|inactive|Time left: 300 sec this turn | 300 sec total\n|\n|t:|1783549196\n|move|p2a: Fezandipiti|Roost|p2a: Fezandipiti\n|-heal|p2a: Fezandipiti|250/278\n|move|p1a: Bronzong|Psychic Noise|p2a: Fezandipiti\n|-damage|p2a: Fezandipiti|213/278\n|-start|p2a: Fezandipiti|move: Heal Block\n|\n|-heal|p1a: Bronzong|87/100|[from] item: Leftovers\n|upkeep\n|turn|32\n|inactive|Time left: 300 sec this turn | 300 sec total\n|\n|t:|1783549197\n|move|p2a: Fezandipiti|Moonblast|p1a: Bronzong\n|-resisted|p1a: Bronzong\n|-damage|p1a: Bronzong|76/100\n|move|p1a: Bronzong|Earthquake|p2a: Fezandipiti\n|-damage|p2a: Fezandipiti|139/278\n|\n|-heal|p1a: Bronzong|82/100|[from] item: Leftovers\n|-end|p2a: Fezandipiti|move: Heal Block\n|upkeep\n|turn|33\n|inactive|Time left: 300 sec this turn | 300 sec total\n|\n|t:|1783549198\n|move|p2a: Fezandipiti|Roost|p2a: Fezandipiti\n|-heal|p2a: Fezandipiti|278/278\n|move|p1a: Bronzong|Earthquake|p2a: Fezandipiti\n|-damage|p2a: Fezandipiti|204/278\n|\n|-heal|p2a: Fezandipiti|221/278|[from] item: Leftovers\n|-heal|p1a: Bronzong|88/100|[from] item: Leftovers\n|upkeep\n|turn|34\n|inactive|Time left: 300 sec this turn | 300 sec total\n|\n|t:|1783549199\n|move|p2a: Fezandipiti|Moonblast|p1a: Bronzong\n|-resisted|p1a: Bronzong\n|-damage|p1a: Bronzong|76/100\n|move|p1a: Bronzong|Earthquake|p2a: Fezandipiti\n|-damage|p2a: Fezandipiti|140/278\n|\n|-heal|p2a: Fezandipiti|157/278|[from] item: Leftovers\n|-heal|p1a: Bronzong|82/100|[from] item: Leftovers\n|upkeep\n|turn|35\n|inactive|Time left: 300 sec this turn | 300 sec total\n|\n|t:|1783549200\n|move|p2a: Fezandipiti|Roost|p2a: Fezandipiti\n|-heal|p2a: Fezandipiti|278/278\n|move|p1a: Bronzong|Earthquake|p2a: Fezandipiti\n|-damage|p2a: Fezandipiti|195/278\n|\n|-heal|p2a: Fezandipiti|212/278|[from] item: Leftovers\n|-heal|p1a: Bronzong|88/100|[from] item: Leftovers\n|upkeep\n|turn|36\n|inactive|Time left: 300 sec this turn | 300 sec total\n|\n|t:|1783549202\n|move|p2a: Fezandipiti|Moonblast|p1a: Bronzong\n|-resisted|p1a: Bronzong\n|-damage|p1a: Bronzong|77/100\n|move|p1a: Bronzong|Psychic Noise|p2a: Fezandipiti\n|-damage|p2a: Fezandipiti|170/278\n|-start|p2a: Fezandipiti|move: Heal Block\n|\n|-heal|p1a: Bronzong|83/100|[from] item: Leftovers\n|upkeep\n|turn|37\n|inactive|Time left: 300 sec this turn | 300 sec total\n|\n|t:|1783549203\n|move|p2a: Fezandipiti|Moonblast|p1a: Bronzong\n|-resisted|p1a: Bronzong\n|-damage|p1a: Bronzong|73/100\n|move|p1a: Bronzong|Earthquake|p2a: Fezandipiti\n|-damage|p2a: Fezandipiti|93/278\n|\n|-heal|p1a: Bronzong|79/100|[from] item: Leftovers\n|-end|p2a: Fezandipiti|move: Heal Block\n|upkeep\n|turn|38\n|inactive|Time left: 300 sec this turn | 300 sec total\n|\n|t:|1783549204\n|move|p2a: Fezandipiti|Roost|p2a: Fezandipiti\n|-heal|p2a: Fezandipiti|232/278\n|move|p1a: Bronzong|Earthquake|p2a: Fezandipiti\n|-damage|p2a: Fezandipiti|149/278\n|\n|-heal|p2a: Fezandipiti|166/278|[from] item: Leftovers\n|-heal|p1a: Bronzong|85/100|[from] item: Leftovers\n|upkeep\n|turn|39\n|inactive|Time left: 300 sec this turn | 300 sec total\n|\n|t:|1783549205\n|move|p2a: Fezandipiti|Moonblast|p1a: Bronzong\n|-resisted|p1a: Bronzong\n|-damage|p1a: Bronzong|74/100\n|move|p1a: Bronzong|Earthquake|p2a: Fezandipiti\n|-damage|p2a: Fezandipiti|82/278\n|\n|-heal|p2a: Fezandipiti|99/278|[from] item: Leftovers\n|-heal|p1a: Bronzong|80/100|[from] item: Leftovers\n|upkeep\n|turn|40\n|inactive|Time left: 300 sec this turn | 300 sec total\n|\n|t:|1783549206\n|move|p2a: Fezandipiti|Moonblast|p1a: Bronzong\n|-resisted|p1a: Bronzong\n|-crit|p1a: Bronzong\n|-damage|p1a: Bronzong|64/100\n|-unboost|p1a: Bronzong|spa|1\n|move|p1a: Bronzong|Earthquake|p2a: Fezandipiti\n|-damage|p2a: Fezandipiti|20/278\n|\n|-heal|p2a: Fezandipiti|37/278|[from] item: Leftovers\n|-heal|p1a: Bronzong|70/100|[from] item: Leftovers\n|upkeep\n|turn|41\n|inactive|Time left: 300 sec this turn | 300 sec total\n|\n|t:|1783549208\n|switch|p1a: Corviknight|Corviknight, L80, F|100/100\n|move|p2a: Fezandipiti|Moonblast|p1a: Corviknight\n|-resisted|p1a: Corviknight\n|-damage|p1a: Corviknight|86/100\n|\n|-heal|p2a: Fezandipiti|54/278|[from] item: Leftovers\n|upkeep\n|turn|42\n|inactive|Time left: 300 sec this turn | 300 sec total\n|\n|t:|1783549209\n|move|p2a: Fezandipiti|Moonblast|p1a: Corviknight\n|-resisted|p1a: Corviknight\n|-damage|p1a: Corviknight|71/100\n|-ability|p1a: Corviknight|Mirror Armor\n|-unboost|p2a: Fezandipiti|spa|1\n|move|p1a: Corviknight|Brave Bird|p2a: Fezandipiti\n|-damage|p2a: Fezandipiti|0 fnt\n|faint|p2a: Fezandipiti\n|-damage|p1a: Corviknight|65/100|[from] Recoil\n|\n|upkeep\n|inactive|Time left: 300 sec this turn | 300 sec total | 5 sec grace\n|\n|t:|1783549210\n|switch|p2a: Glalie|Glalie, L96, M|309/309\n|turn|43\n|inactive|Time left: 300 sec this turn | 300 sec total\n|\n|t:|1783549211\n|switch|p1a: Bronzong|Bronzong, L88|70/100\n|move|p2a: Glalie|Freeze-Dry|p1a: Bronzong\n|-resisted|p1a: Bronzong\n|-damage|p1a: Bronzong|57/100\n|\n|-heal|p1a: Bronzong|63/100|[from] item: Leftovers\n|upkeep\n|turn|44\n|inactive|Time left: 300 sec this turn | 300 sec total\n|\n|t:|1783549212\n|move|p2a: Glalie|Freeze-Dry|p1a: Bronzong\n|-resisted|p1a: Bronzong\n|-damage|p1a: Bronzong|50/100\n|move|p1a: Bronzong|Iron Head|p2a: Glalie\n|-supereffective|p2a: Glalie\n|-damage|p2a: Glalie|153/309\n|\n|-heal|p1a: Bronzong|56/100|[from] item: Leftovers\n|upkeep\n|turn|45\n|inactive|Time left: 300 sec this turn | 300 sec total\n|\n|t:|1783549213\n|move|p2a: Glalie|Freeze-Dry|p1a: Bronzong\n|-resisted|p1a: Bronzong\n|-damage|p1a: Bronzong|44/100\n|move|p1a: Bronzong|Iron Head|p2a: Glalie\n|-supereffective|p2a: Glalie\n|-damage|p2a: Glalie|0 fnt\n|faint|p2a: Glalie\n|\n|win|p0x8662aa7", "uploadtime": 1783549213, "views": 0, "rating": 0, "private": 0, "password": null, "_winner": "p0x8662aa7", "_our_name": "p0y866e2f1"}