{"id": "battle-gen9randombattle-2271", "formatid": "gen9randombattle", "format": "[Gen 9] Random Battle", "players": ["p0x2271217a", "p0y2271bdc7"], "log": "|init|battle\n|title|p0x2271217a vs. p0y2271bdc7\n|j|\u2606p0x2271217a\n|j|\u2606p0y2271bdc7\n|t:|1783566314\n|gametype|singles\n|player|p1|p0x2271217a|1|\n|player|p2|p0y2271bdc7|170|\n|gen|9\n|tier|[Gen 9] Random Battle\n|rule|Species Clause: Limit one of each Pok\u00e9mon\n|rule|HP Percentage Mod: HP is shown in percentages\n|rule|Sleep Clause Mod: Limit one foe put to sleep\n|rule|Illusion Level Mod: Illusion disguises the Pok\u00e9mon's true level\n|\n|t:|1783566314\n|teamsize|p1|6\n|teamsize|p2|6\n|start\n|switch|p1a: Amoonguss|Amoonguss, L82, F|100/100\n|switch|p2a: Ting-Lu|Ting-Lu, L78|370/370\n|-ability|p2a: Ting-Lu|Vessel of Ruin\n|turn|1\n|inactive|Battle timer is ON: inactive players will automatically lose when time's up. (requested by p0y2271bdc7)\n|inactive|p0x2271217a also wants the timer to be on.\n|\n|t:|1783566315\n|move|p2a: Ting-Lu|Stealth Rock|p1a: Amoonguss\n|-sidestart|p1: p0x2271217a|move: Stealth Rock\n|move|p1a: Amoonguss|Spore|p2a: Ting-Lu\n|-status|p2a: Ting-Lu|slp|[from] move: Spore\n|\n|upkeep\n|turn|2\n|inactive|Time left: 300 sec this turn | 300 sec total\n|\n|t:|1783566317\n|switch|p2a: Tsareena|Tsareena, L87, F|267/267\n|move|p1a: Amoonguss|Sludge Bomb|p2a: Tsareena\n|-supereffective|p2a: Tsareena\n|-damage|p2a: Tsareena|117/267\n|\n|upkeep\n|turn|3\n|inactive|Time left: 300 sec this turn | 300 sec total\n|\n|t:|1783566318\n|move|p2a: Tsareena|Triple Axel|p1a: Amoonguss\n|-supereffective|p1a: Amoonguss\n|-damage|p1a: Amoonguss|87/100\n|-damage|p2a: Tsareena|73/267|[from] item: Rocky Helmet|[of] p1a: Amoonguss\n|-supereffective|p1a: Amoonguss\n|-damage|p1a: Amoonguss|57/100\n|-damage|p2a: Tsareena|29/267|[from] item: Rocky Helmet|[of] p1a: Amoonguss\n|-hitcount|p1a: Amoonguss|2\n|move|p1a: Amoonguss|Sludge Bomb|p2a: Tsareena\n|-supereffective|p2a: Tsareena\n|-damage|p2a: Tsareena|0 fnt\n|faint|p2a: Tsareena\n|\n|upkeep\n|inactive|Time left: 300 sec this turn | 300 sec total | 5 sec grace\n|\n|t:|1783566319\n|switch|p2a: Pelipper|Pelipper, L86, M|243/243\n|-weather|RainDance|[from] ability: Drizzle|[of] p2a: Pelipper\n|turn|4\n|inactive|Time left: 300 sec this turn | 300 sec total\n|\n|t:|1783566320\n|switch|p1a: Lapras|Lapras, L87, F|100/100\n|-damage|p1a: Lapras|76/100|[from] Stealth Rock\n|move|p2a: Pelipper|Hurricane|p1a: Lapras\n|-damage|p1a: Lapras|47/100\n|\n|-weather|RainDance|[upkeep]\n|upkeep\n|turn|5\n|inactive|Time left: 300 sec this turn | 300 sec total\n|\n|t:|1783566322\n|move|p2a: Pelipper|Hurricane|p1a: Lapras\n|-damage|p1a: Lapras|17/100\n|move|p1a: Lapras|Freeze-Dry|p2a: Pelipper\n|-supereffective|p2a: Pelipper\n|-damage|p2a: Pelipper|0 fnt\n|faint|p2a: Pelipper\n|\n|-weather|RainDance|[upkeep]\n|upkeep\n|inactive|Time left: 300 sec this turn | 300 sec total | 5 sec grace\n|\n|t:|1783566323\n|switch|p2a: Zarude|Zarude, L77|288/288\n|turn|6\n|inactive|Time left: 300 sec this turn | 300 sec total\n|\n|t:|1783566324\n|switch|p1a: Blaziken|Blaziken, L76, M|100/100\n|-damage|p1a: Blaziken|88/100|[from] Stealth Rock\n|move|p2a: Zarude|Knock Off|p1a: Blaziken\n|-resisted|p1a: Blaziken\n|-damage|p1a: Blaziken|52/100\n|-enditem|p1a: Blaziken|Life Orb|[from] move: Knock Off|[of] p2a: Zarude\n|-damage|p2a: Zarude|260/288|[from] item: Life Orb\n|\n|-weather|RainDance|[upkeep]\n|upkeep\n|turn|7\n|inactive|Time left: 300 sec this turn | 300 sec total\n|\n|t:|1783566325\n|switch|p1a: Amoonguss|Amoonguss, L82, F|90/100\n|-damage|p1a: Amoonguss|78/100|[from] Stealth Rock\n|move|p2a: Zarude|Close Combat|p1a: Amoonguss\n|-resisted|p1a: Amoonguss\n|-damage|p1a: Amoonguss|58/100\n|-unboost|p2a: Zarude|def|1\n|-unboost|p2a: Zarude|spd|1\n|-damage|p2a: Zarude|212/288|[from] item: Rocky Helmet|[of] p1a: Amoonguss\n|-damage|p2a: Zarude|184/288|[from] item: Life Orb\n|\n|-weather|RainDance|[upkeep]\n|upkeep\n|turn|8\n|inactive|Time left: 300 sec this turn | 300 sec total\n|\n|t:|1783566326\n|switch|p2a: Mimikyu|Mimikyu, L79, M|216/216\n|move|p1a: Amoonguss|Sludge Bomb|p2a: Mimikyu\n|-activate|p2a: Mimikyu|ability: Disguise\n|-damage|p2a: Mimikyu|216/216\n|detailschange|p2a: Mimikyu|Mimikyu-Busted, L79, M\n|-damage|p2a: Mimikyu|189/216|[from] pokemon: Mimikyu-Busted\n|\n|-weather|none\n|upkeep\n|turn|9\n|inactive|Time left: 300 sec this turn | 300 sec total\n|\n|t:|1783566327\n|move|p2a: Mimikyu|Swords Dance|p2a: Mimikyu\n|-boost|p2a: Mimikyu|atk|2\n|move|p1a: Amoonguss|Sludge Bomb|p2a: Mimikyu\n|-damage|p2a: Mimikyu|110/216\n|-status|p2a: Mimikyu|psn\n|\n|-damage|p2a: Mimikyu|83/216 psn|[from] psn\n|upkeep\n|turn|10\n|inactive|Time left: 300 sec this turn | 300 sec total\n|\n|t:|1783566328\n|move|p2a: Mimikyu|Play Rough|p1a: Amoonguss|[miss]\n|-miss|p2a: Mimikyu|p1a: Amoonguss\n|move|p1a: Amoonguss|Sludge Bomb|p2a: Mimikyu\n|-damage|p2a: Mimikyu|8/216 psn\n|\n|-damage|p2a: Mimikyu|0 fnt|[from] psn\n|faint|p2a: Mimikyu\n|upkeep\n|inactive|Time left: 300 sec this turn | 300 sec total | 5 sec grace\n|\n|t:|1783566329\n|switch|p2a: Zarude|Zarude, L77|184/288\n|turn|11\n|inactive|Time left: 300 sec this turn | 300 sec total\n|\n|t:|1783566330\n|-terastallize|p2a: Zarude|Dark\n|move|p2a: Zarude|Knock Off|p1a: Amoonguss\n|-damage|p1a: Amoonguss|0 fnt\n|-damage|p2a: Zarude|136/288|[from] item: Rocky Helmet|[of] p1a: Amoonguss\n|-enditem|p1a: Amoonguss|Rocky Helmet|[from] move: Knock Off|[of] p2a: Zarude\n|faint|p1a: Amoonguss\n|-damage|p2a: Zarude|108/288|[from] item: Life Orb\n|\n|upkeep\n|\n|t:|1783566332\n|switch|p1a: Grimmsnarl|Grimmsnarl, L83, M|100/100\n|-damage|p1a: Grimmsnarl|88/100|[from] Stealth Rock\n|turn|12\n|inactive|Time left: 300 sec this turn | 300 sec total\n|\n|t:|1783566332\n|move|p2a: Zarude|Power Whip|p1a: Grimmsnarl\n|-damage|p1a: Grimmsnarl|20/100\n|-damage|p2a: Zarude|80/288|[from] item: Life Orb\n|move|p1a: Grimmsnarl|Spirit Break|p2a: Zarude\n|-supereffective|p2a: Zarude\n|-damage|p2a: Zarude|0 fnt\n|faint|p2a: Zarude\n|\n|-heal|p1a: Grimmsnarl|26/100|[from] item: Leftovers\n|upkeep\n|inactive|Time left: 300 sec this turn | 300 sec total | 5 sec grace\n|\n|t:|1783566333\n|switch|p2a: Volbeat|Volbeat, L90, M|263/263\n|turn|13\n|inactive|Time left: 300 sec this turn | 300 sec total\n|\n|t:|1783566334\n|move|p2a: Volbeat|U-turn|p1a: Grimmsnarl\n|-damage|p1a: Grimmsnarl|0 fnt\n|faint|p1a: Grimmsnarl\n|inactive|Time left: 300 sec this turn | 300 sec total | 5 sec grace\n|\n|t:|1783566335\n|switch|p2a: Ting-Lu|Ting-Lu, L78|370/370 slp|[from] U-turn\n|-ability|p2a: Ting-Lu|Vessel of Ruin\n|\n|upkeep\n|\n|t:|1783566336\n|switch|p1a: Politoed|Politoed, L88, M|100/100\n|-damage|p1a: Politoed|88/100|[from] Stealth Rock\n|-weather|RainDance|[from] ability: Drizzle|[of] p1a: Politoed\n|turn|14\n|inactive|Time left: 300 sec this turn | 300 sec total\n|\n|t:|1783566337\n|switch|p2a: Volbeat|Volbeat, L90, M|263/263\n|-terastallize|p1a: Politoed|Water\n|move|p1a: Politoed|Weather Ball|p2a: Volbeat\n|-crit|p2a: Volbeat\n|-damage|p2a: Volbeat|0 fnt\n|faint|p2a: Volbeat\n|\n|-weather|RainDance|[upkeep]\n|upkeep\n|inactive|Time left: 300 sec this turn | 300 sec total | 5 sec grace\n|\n|t:|1783566337\n|switch|p2a: Ting-Lu|Ting-Lu, L78|370/370 slp\n|-ability|p2a: Ting-Lu|Vessel of Ruin\n|turn|15\n|inactive|Time left: 300 sec this turn | 300 sec total\n|\n|t:|1783566338\n|move|p1a: Politoed|Weather Ball|p2a: Ting-Lu\n|-supereffective|p2a: Ting-Lu\n|-damage|p2a: Ting-Lu|0 fnt\n|faint|p2a: Ting-Lu\n|\n|win|p0x2271217a", "uploadtime": 1783566338, "views": 0, "rating": 0, "private": 0, "password": null, "_winner": "p0x2271217a", "_our_name": "p0y2271bdc7"}