{"id": "battle-gen9randombattle-1537", "formatid": "gen9randombattle", "format": "[Gen 9] Random Battle", "players": ["p0x153785b2", "p0y1537470b"], "log": "|init|battle\n|title|p0x153785b2 vs. p0y1537470b\n|j|\u2606p0x153785b2\n|j|\u2606p0y1537470b\n|t:|1783556969\n|gametype|singles\n|player|p1|p0x153785b2|169|\n|player|p2|p0y1537470b|265|\n|gen|9\n|tier|[Gen 9] Random Battle\n|rule|Species Clause: Limit one of each Pok\u00e9mon\n|rule|HP Percentage Mod: HP is shown in percentages\n|rule|Sleep Clause Mod: Limit one foe put to sleep\n|rule|Illusion Level Mod: Illusion disguises the Pok\u00e9mon's true level\n|\n|t:|1783556969\n|teamsize|p1|6\n|teamsize|p2|6\n|start\n|switch|p1a: Pyroar|Pyroar, L88, F|100/100\n|switch|p2a: Lycanroc|Lycanroc, L86, M|269/269\n|-ability|p1a: Pyroar|Unnerve\n|turn|1\n|inactive|Battle timer is ON: inactive players will automatically lose when time's up. (requested by p0y1537470b)\n|inactive|p0x153785b2 also wants the timer to be on.\n|\n|t:|1783556971\n|switch|p1a: Klawf|Klawf, L90, M|100/100\n|move|p2a: Lycanroc|Stone Edge|p1a: Klawf\n|-damage|p1a: Klawf|54/100\n|-damage|p2a: Lycanroc|243/269|[from] item: Life Orb\n|\n|upkeep\n|turn|2\n|inactive|Time left: 300 sec this turn | 300 sec total\n|\n|t:|1783556972\n|move|p2a: Lycanroc|Close Combat|p1a: Klawf\n|-supereffective|p1a: Klawf\n|-damage|p1a: Klawf|0 fnt\n|-unboost|p2a: Lycanroc|def|1\n|-unboost|p2a: Lycanroc|spd|1\n|faint|p1a: Klawf\n|-damage|p2a: Lycanroc|217/269|[from] item: Life Orb\n|\n|upkeep\n|\n|t:|1783556973\n|switch|p1a: Raging Bolt|Raging Bolt, L78|100/100\n|turn|3\n|inactive|Time left: 300 sec this turn | 300 sec total\n|\n|t:|1783556974\n|switch|p2a: Sandslash|Sandslash, L89, F|278/278\n|move|p1a: Raging Bolt|Thunderbolt|p2a: Sandslash\n|-immune|p2a: Sandslash\n|\n|upkeep\n|turn|4\n|inactive|Time left: 300 sec this turn | 300 sec total\n|\n|t:|1783556976\n|-end|p1a: Raging Bolt|Protosynthesis|[silent]\n|switch|p1a: Drifblim|Drifblim, L86, M|100/100\n|move|p2a: Sandslash|Earthquake|p1a: Drifblim\n|-immune|p1a: Drifblim\n|\n|upkeep\n|turn|5\n|inactive|Time left: 300 sec this turn | 300 sec total\n|\n|t:|1783556977\n|move|p1a: Drifblim|Calm Mind|p1a: Drifblim\n|-boost|p1a: Drifblim|spa|1\n|-boost|p1a: Drifblim|spd|1\n|move|p2a: Sandslash|Swords Dance|p2a: Sandslash\n|-boost|p2a: Sandslash|atk|2\n|\n|upkeep\n|turn|6\n|inactive|Time left: 300 sec this turn | 300 sec total\n|\n|t:|1783556978\n|-terastallize|p1a: Drifblim|Dark\n|move|p1a: Drifblim|Shadow Ball|p2a: Sandslash\n|-damage|p2a: Sandslash|103/278\n|move|p2a: Sandslash|Stone Edge|p1a: Drifblim\n|-damage|p1a: Drifblim|33/100\n|-enditem|p1a: Drifblim|Sitrus Berry|[eat]\n|-heal|p1a: Drifblim|58/100|[from] item: Sitrus Berry\n|\n|-heal|p2a: Sandslash|120/278|[from] item: Leftovers\n|upkeep\n|turn|7\n|inactive|Time left: 300 sec this turn | 300 sec total\n|\n|t:|1783556979\n|switch|p2a: Iron Hands|Iron Hands, L79|373/373\n|move|p1a: Drifblim|Shadow Ball|p2a: Iron Hands\n|-damage|p2a: Iron Hands|217/373\n|\n|-heal|p2a: Iron Hands|240/373|[from] item: Leftovers\n|upkeep\n|turn|8\n|inactive|Time left: 300 sec this turn | 300 sec total\n|\n|t:|1783556980\n|move|p1a: Drifblim|Strength Sap|p2a: Iron Hands\n|-unboost|p2a: Iron Hands|atk|1\n|-heal|p1a: Drifblim|100/100\n|move|p2a: Iron Hands|Drain Punch|p1a: Drifblim\n|-supereffective|p1a: Drifblim\n|-damage|p1a: Drifblim|53/100\n|-heal|p2a: Iron Hands|334/373|[from] drain|[of] p1a: Drifblim\n|\n|-heal|p2a: Iron Hands|357/373|[from] item: Leftovers\n|upkeep\n|turn|9\n|inactive|Time left: 300 sec this turn | 300 sec total\n|\n|t:|1783556981\n|move|p1a: Drifblim|Strength Sap|p2a: Iron Hands\n|-unboost|p2a: Iron Hands|atk|1\n|-heal|p1a: Drifblim|98/100\n|move|p2a: Iron Hands|Swords Dance|p2a: Iron Hands\n|-boost|p2a: Iron Hands|atk|2\n|\n|-heal|p2a: Iron Hands|373/373|[from] item: Leftovers\n|upkeep\n|turn|10\n|inactive|Time left: 300 sec this turn | 300 sec total\n|\n|t:|1783556982\n|move|p1a: Drifblim|Air Slash|p2a: Iron Hands\n|-damage|p2a: Iron Hands|214/373\n|move|p2a: Iron Hands|Swords Dance|p2a: Iron Hands\n|-boost|p2a: Iron Hands|atk|2\n|\n|-heal|p2a: Iron Hands|237/373|[from] item: Leftovers\n|upkeep\n|turn|11\n|inactive|Time left: 300 sec this turn | 300 sec total\n|\n|t:|1783556983\n|move|p1a: Drifblim|Air Slash|p2a: Iron Hands\n|-damage|p2a: Iron Hands|78/373\n|move|p2a: Iron Hands|Drain Punch|p1a: Drifblim\n|-supereffective|p1a: Drifblim\n|-damage|p1a: Drifblim|0 fnt\n|-heal|p2a: Iron Hands|271/373|[from] drain|[of] p1a: Drifblim\n|faint|p1a: Drifblim\n|\n|-heal|p2a: Iron Hands|294/373|[from] item: Leftovers\n|upkeep\n|\n|t:|1783556984\n|switch|p1a: Deoxys|Deoxys, L74|100/100\n|-ability|p1a: Deoxys|Pressure\n|turn|12\n|inactive|Time left: 300 sec this turn | 300 sec total\n|\n|t:|1783556985\n|-terastallize|p2a: Iron Hands|Steel\n|move|p1a: Deoxys|Psycho Boost|p2a: Iron Hands\n|-resisted|p2a: Iron Hands\n|-damage|p2a: Iron Hands|158/373\n|-unboost|p1a: Deoxys|spa|2\n|-damage|p1a: Deoxys|91/100|[from] item: Life Orb\n|move|p2a: Iron Hands|Drain Punch|p1a: Deoxys\n|-resisted|p1a: Deoxys\n|-damage|p1a: Deoxys|8/100\n|-heal|p2a: Iron Hands|239/373|[from] drain|[of] p1a: Deoxys\n|\n|-heal|p2a: Iron Hands|262/373|[from] item: Leftovers\n|upkeep\n|turn|13\n|inactive|Time left: 300 sec this turn | 300 sec total\n|\n|t:|1783556986\n|move|p1a: Deoxys|Superpower|p2a: Iron Hands\n|-supereffective|p2a: Iron Hands\n|-damage|p2a: Iron Hands|57/373\n|-unboost|p1a: Deoxys|atk|1\n|-unboost|p1a: Deoxys|def|1\n|-damage|p1a: Deoxys|0 fnt|[from] item: Life Orb\n|faint|p1a: Deoxys\n|move|p2a: Iron Hands|Drain Punch|p1: Deoxys|[notarget]\n|-fail|p2a: Iron Hands\n|\n|-heal|p2a: Iron Hands|80/373|[from] item: Leftovers\n|upkeep\n|\n|t:|1783556987\n|switch|p1a: Cetitan|Cetitan, L82, M|100/100\n|turn|14\n|inactive|Time left: 300 sec this turn | 300 sec total\n|\n|t:|1783556988\n|move|p1a: Cetitan|Earthquake|p2a: Iron Hands\n|-supereffective|p2a: Iron Hands\n|-damage|p2a: Iron Hands|0 fnt\n|faint|p2a: Iron Hands\n|-end|p2a: Iron Hands|Quark Drive|[silent]\n|-damage|p1a: Cetitan|91/100|[from] item: Life Orb\n|\n|upkeep\n|inactive|Time left: 300 sec this turn | 300 sec total | 5 sec grace\n|\n|t:|1783556989\n|switch|p2a: Lycanroc|Lycanroc, L86, M|217/269\n|turn|15\n|inactive|Time left: 300 sec this turn | 300 sec total\n|\n|t:|1783556990\n|switch|p1a: Raging Bolt|Raging Bolt, L78|100/100\n|move|p2a: Lycanroc|Stone Edge|p1a: Raging Bolt\n|-damage|p1a: Raging Bolt|46/100\n|-damage|p2a: Lycanroc|191/269|[from] item: Life Orb\n|\n|upkeep\n|turn|16\n|inactive|Time left: 300 sec this turn | 300 sec total\n|\n|t:|1783556991\n|move|p2a: Lycanroc|Stone Edge|p1a: Raging Bolt\n|-damage|p1a: Raging Bolt|0 fnt\n|faint|p1a: Raging Bolt\n|-end|p1a: Raging Bolt|Protosynthesis|[silent]\n|-damage|p2a: Lycanroc|165/269|[from] item: Life Orb\n|\n|upkeep\n|\n|t:|1783556992\n|switch|p1a: Cetitan|Cetitan, L82, M|91/100\n|turn|17\n|inactive|Time left: 300 sec this turn | 300 sec total\n|\n|t:|1783556993\n|move|p2a: Lycanroc|Stone Edge|p1a: Cetitan\n|-supereffective|p1a: Cetitan\n|-damage|p1a: Cetitan|0 fnt\n|faint|p1a: Cetitan\n|-damage|p2a: Lycanroc|139/269|[from] item: Life Orb\n|\n|upkeep\n|\n|t:|1783556994\n|switch|p1a: Pyroar|Pyroar, L88, F|100/100\n|-ability|p1a: Pyroar|Unnerve\n|turn|18\n|inactive|Time left: 300 sec this turn | 300 sec total\n|\n|t:|1783556995\n|move|p2a: Lycanroc|Stone Edge|p1a: Pyroar\n|-supereffective|p1a: Pyroar\n|-damage|p1a: Pyroar|0 fnt\n|faint|p1a: Pyroar\n|-damage|p2a: Lycanroc|113/269|[from] item: Life Orb\n|\n|win|p0y1537470b", "uploadtime": 1783556995, "views": 0, "rating": 0, "private": 0, "password": null, "_winner": "p0y1537470b", "_our_name": "p0y1537470b"}