{"id": "battle-gen9randombattle-2984", "formatid": "gen9randombattle", "format": "[Gen 9] Random Battle", "players": ["p0x29848259", "p0y2984ecdc"], "log": "|init|battle\n|title|p0x29848259 vs. p0y2984ecdc\n|j|\u2606p0x29848259\n|j|\u2606p0y2984ecdc\n|t:|1783574369\n|gametype|singles\n|player|p1|p0x29848259|2|\n|player|p2|p0y2984ecdc|170|\n|gen|9\n|tier|[Gen 9] Random Battle\n|rule|Species Clause: Limit one of each Pok\u00e9mon\n|rule|HP Percentage Mod: HP is shown in percentages\n|rule|Sleep Clause Mod: Limit one foe put to sleep\n|rule|Illusion Level Mod: Illusion disguises the Pok\u00e9mon's true level\n|\n|t:|1783574369\n|teamsize|p1|6\n|teamsize|p2|6\n|start\n|switch|p1a: Walking Wake|Walking Wake, L79|100/100\n|switch|p2a: Pyroar|Pyroar, L88, M|295/295\n|-ability|p2a: Pyroar|Unnerve\n|turn|1\n|inactive|Battle timer is ON: inactive players will automatically lose when time's up. (requested by p0y2984ecdc)\n|\n|t:|1783574370\n|move|p2a: Pyroar|Hyper Voice|p1a: Walking Wake\n|-damage|p1a: Walking Wake|57/100\n|move|p1a: Walking Wake|Hydro Pump|p2a: Pyroar\n|-supereffective|p2a: Pyroar\n|-damage|p2a: Pyroar|0 fnt\n|faint|p2a: Pyroar\n|\n|upkeep\n|inactive|Time left: 300 sec this turn | 300 sec total | 65 sec grace\n|inactive|p0x29848259 also wants the timer to be on.\n|\n|t:|1783574371\n|switch|p2a: Leavanny|Leavanny, L86, F|269/269\n|turn|2\n|inactive|Time left: 300 sec this turn | 300 sec total\n|\n|t:|1783574372\n|move|p1a: Walking Wake|Hydro Pump|p2a: Leavanny|[miss]\n|-miss|p1a: Walking Wake|p2a: Leavanny\n|move|p2a: Leavanny|Sticky Web|p1a: Walking Wake\n|-sidestart|p1: p0x29848259|move: Sticky Web\n|\n|upkeep\n|turn|3\n|inactive|Time left: 300 sec this turn | 300 sec total\n|\n|t:|1783574373\n|move|p1a: Walking Wake|Hydro Pump|p2a: Leavanny\n|-resisted|p2a: Leavanny\n|-damage|p2a: Leavanny|170/269\n|move|p2a: Leavanny|Knock Off|p1a: Walking Wake\n|-damage|p1a: Walking Wake|32/100\n|-enditem|p1a: Walking Wake|Choice Specs|[from] move: Knock Off|[of] p2a: Leavanny\n|\n|upkeep\n|turn|4\n|inactive|Time left: 300 sec this turn | 300 sec total\n|\n|t:|1783574374\n|switch|p2a: Dragonite|Dragonite, L74, F|257/257\n|move|p1a: Walking Wake|Flamethrower|p2a: Dragonite\n|-resisted|p2a: Dragonite\n|-damage|p2a: Dragonite|241/257\n|-status|p2a: Dragonite|brn\n|\n|-damage|p2a: Dragonite|225/257 brn|[from] brn\n|upkeep\n|turn|5\n|inactive|Time left: 300 sec this turn | 300 sec total\n|\n|t:|1783574375\n|move|p1a: Walking Wake|Draco Meteor|p2a: Dragonite\n|-supereffective|p2a: Dragonite\n|-damage|p2a: Dragonite|0 fnt\n|-unboost|p1a: Walking Wake|spa|2\n|faint|p2a: Dragonite\n|\n|upkeep\n|inactive|Time left: 300 sec this turn | 300 sec total | 5 sec grace\n|\n|t:|1783574376\n|switch|p2a: Koraidon|Koraidon, L64|235/235\n|-weather|SunnyDay|[from] ability: Orichalcum Pulse|[of] p2a: Koraidon\n|-activate|p1a: Walking Wake|ability: Protosynthesis\n|-start|p1a: Walking Wake|protosynthesisspe\n|-activate|p2a: Koraidon|Orichalcum Pulse|[source]\n|turn|6\n|inactive|Time left: 300 sec this turn | 300 sec total\n|\n|t:|1783574377\n|move|p1a: Walking Wake|Draco Meteor|p2a: Koraidon\n|-supereffective|p2a: Koraidon\n|-crit|p2a: Koraidon\n|-damage|p2a: Koraidon|0 fnt\n|-unboost|p1a: Walking Wake|spa|2\n|faint|p2a: Koraidon\n|\n|-weather|SunnyDay|[upkeep]\n|upkeep\n|inactive|Time left: 300 sec this turn | 300 sec total | 5 sec grace\n|\n|t:|1783574378\n|switch|p2a: Tyranitar|Tyranitar, L78, F|284/284\n|-weather|Sandstorm|[from] ability: Sand Stream|[of] p2a: Tyranitar\n|-end|p1a: Walking Wake|Protosynthesis\n|turn|7\n|inactive|Time left: 300 sec this turn | 300 sec total\n|\n|t:|1783574379\n|-end|p1a: Walking Wake|Protosynthesis|[silent]\n|switch|p1a: Magnezone|Magnezone, L85|100/100\n|-activate|p1a: Magnezone|move: Sticky Web\n|-unboost|p1a: Magnezone|spe|1\n|move|p2a: Tyranitar|Knock Off|p1a: Magnezone\n|-damage|p1a: Magnezone|65/100\n|-enditem|p1a: Magnezone|Assault Vest|[from] move: Knock Off|[of] p2a: Tyranitar\n|\n|-weather|Sandstorm|[upkeep]\n|upkeep\n|turn|8\n|inactive|Time left: 300 sec this turn | 300 sec total\n|\n|t:|1783574380\n|move|p2a: Tyranitar|Knock Off|p1a: Magnezone\n|-damage|p1a: Magnezone|41/100\n|move|p1a: Magnezone|Body Press|p2a: Tyranitar\n|-supereffective|p2a: Tyranitar\n|-damage|p2a: Tyranitar|0 fnt\n|faint|p2a: Tyranitar\n|\n|-weather|Sandstorm|[upkeep]\n|upkeep\n|inactive|Time left: 300 sec this turn | 300 sec total | 5 sec grace\n|\n|t:|1783574380\n|switch|p2a: Tinkaton|Tinkaton, L82, F|274/274\n|-ability|p2a: Tinkaton|Mold Breaker\n|turn|9\n|inactive|Time left: 300 sec this turn | 300 sec total\n|\n|t:|1783574381\n|move|p2a: Tinkaton|Stealth Rock|p1a: Magnezone\n|-sidestart|p1: p0x29848259|move: Stealth Rock\n|move|p1a: Magnezone|Discharge|p2a: Tinkaton\n|-crit|p2a: Tinkaton\n|-damage|p2a: Tinkaton|72/274\n|-status|p2a: Tinkaton|par\n|\n|-weather|Sandstorm|[upkeep]\n|-heal|p2a: Tinkaton|89/274 par|[from] item: Leftovers\n|upkeep\n|turn|10\n|inactive|Time left: 300 sec this turn | 300 sec total\n|\n|t:|1783574382\n|move|p2a: Tinkaton|Gigaton Hammer|p1a: Magnezone\n|-resisted|p1a: Magnezone\n|-damage|p1a: Magnezone|31/100\n|move|p1a: Magnezone|Discharge|p2a: Tinkaton\n|-damage|p2a: Tinkaton|0 fnt\n|faint|p2a: Tinkaton\n|\n|-weather|Sandstorm|[upkeep]\n|upkeep\n|inactive|Time left: 300 sec this turn | 300 sec total | 5 sec grace\n|\n|t:|1783574383\n|switch|p2a: Leavanny|Leavanny, L86, F|170/269\n|turn|11\n|inactive|Time left: 300 sec this turn | 300 sec total\n|\n|t:|1783574383\n|move|p2a: Leavanny|Bullet Seed|p1a: Magnezone\n|-resisted|p1a: Magnezone\n|-damage|p1a: Magnezone|26/100\n|-resisted|p1a: Magnezone\n|-damage|p1a: Magnezone|22/100\n|-resisted|p1a: Magnezone\n|-damage|p1a: Magnezone|17/100\n|-resisted|p1a: Magnezone\n|-damage|p1a: Magnezone|13/100\n|-resisted|p1a: Magnezone\n|-damage|p1a: Magnezone|8/100\n|-hitcount|p1a: Magnezone|5\n|move|p1a: Magnezone|Flash Cannon|p2a: Leavanny\n|-damage|p2a: Leavanny|19/269\n|\n|-weather|none\n|upkeep\n|turn|12\n|inactive|Time left: 300 sec this turn | 300 sec total\n|\n|t:|1783574384\n|switch|p1a: Bisharp|Bisharp, L79, M|100/100\n|-activate|p1a: Bisharp|move: Sticky Web\n|-unboost|p1a: Bisharp|spe|1\n|-ability|p1a: Bisharp|Defiant|boost\n|-boost|p1a: Bisharp|atk|2\n|-damage|p1a: Bisharp|94/100|[from] Stealth Rock\n|move|p2a: Leavanny|Bullet Seed|p1a: Bisharp\n|-resisted|p1a: Bisharp\n|-damage|p1a: Bisharp|91/100\n|-resisted|p1a: Bisharp\n|-damage|p1a: Bisharp|86/100\n|-resisted|p1a: Bisharp\n|-damage|p1a: Bisharp|82/100\n|-resisted|p1a: Bisharp\n|-damage|p1a: Bisharp|77/100\n|-hitcount|p1a: Bisharp|4\n|\n|upkeep\n|turn|13\n|inactive|Time left: 300 sec this turn | 300 sec total\n|\n|t:|1783574385\n|-terastallize|p2a: Leavanny|Rock\n|-terastallize|p1a: Bisharp|Ghost\n|move|p2a: Leavanny|Sticky Web||[still]\n|-fail|p2a: Leavanny\n|move|p1a: Bisharp|Throat Chop|p2a: Leavanny\n|-crit|p2a: Leavanny\n|-damage|p2a: Leavanny|0 fnt\n|faint|p2a: Leavanny\n|\n|win|p0x29848259", "uploadtime": 1783574385, "views": 0, "rating": 0, "private": 0, "password": null, "_winner": "p0x29848259", "_our_name": "p0y2984ecdc"}