{"id": "battle-gen9randombattle-335", "formatid": "gen9randombattle", "format": "[Gen 9] Random Battle", "players": ["p0x33590d0", "p0y3351bd7"], "log": "|init|battle\n|title|p0x33590d0 vs. p0y3351bd7\n|j|\u2606p0x33590d0\n|j|\u2606p0y3351bd7\n|t:|1783543507\n|gametype|singles\n|player|p1|p0x33590d0|102|\n|player|p2|p0y3351bd7|2|\n|gen|9\n|tier|[Gen 9] Random Battle\n|rule|Species Clause: Limit one of each Pok\u00e9mon\n|rule|HP Percentage Mod: HP is shown in percentages\n|rule|Sleep Clause Mod: Limit one foe put to sleep\n|rule|Illusion Level Mod: Illusion disguises the Pok\u00e9mon's true level\n|\n|t:|1783543507\n|teamsize|p1|6\n|teamsize|p2|6\n|start\n|switch|p1a: Zapdos|Zapdos-Galar, L77|265/265\n|switch|p2a: Slowbro|Slowbro-Galar, L87, M|100/100\n|turn|1\n|inactive|Battle timer is ON: inactive players will automatically lose when time's up. (requested by p0y3351bd7)\n|inactive|Time left: 300 sec this turn | 300 sec total | 60 sec grace\n|\n|t:|1783543509\n|move|p1a: Zapdos|Knock Off|p2a: Slowbro\n|-supereffective|p2a: Slowbro\n|-damage|p2a: Slowbro|41/100\n|-damage|p1a: Zapdos|221/265|[from] item: Rocky Helmet|[of] p2a: Slowbro\n|-enditem|p2a: Slowbro|Rocky Helmet|[from] move: Knock Off|[of] p1a: Zapdos\n|move|p2a: Slowbro|Psychic|p1a: Zapdos\n|-supereffective|p1a: Zapdos\n|-damage|p1a: Zapdos|0 fnt\n|faint|p1a: Zapdos\n|\n|upkeep\n|inactive|Time left: 300 sec this turn | 300 sec total | 65 sec grace\n|inactive|p0x33590d0 also wants the timer to be on.\n|\n|t:|1783543510\n|switch|p1a: Baxcalibur|Baxcalibur, L75, F|296/296\n|turn|2\n|inactive|Time left: 300 sec this turn | 300 sec total\n|\n|t:|1783543512\n|switch|p2a: Snorlax|Snorlax, L82, F|100/100\n|move|p1a: Baxcalibur|Glaive Rush|p2a: Snorlax\n|-damage|p2a: Snorlax|57/100\n|-singlemove|p1a: Baxcalibur|Glaive Rush|[silent]\n|\n|-heal|p2a: Snorlax|63/100|[from] item: Leftovers\n|upkeep\n|turn|3\n|inactive|Time left: 300 sec this turn | 300 sec total\n|\n|t:|1783543513\n|switch|p2a: Iron Treads|Iron Treads, L77|100/100\n|move|p1a: Baxcalibur|Glaive Rush|p2a: Iron Treads\n|-resisted|p2a: Iron Treads\n|-damage|p2a: Iron Treads|76/100\n|-singlemove|p1a: Baxcalibur|Glaive Rush|[silent]\n|\n|upkeep\n|turn|4\n|inactive|Time left: 300 sec this turn | 300 sec total\n|\n|t:|1783543515\n|switch|p1a: Latias|Latias, L79, F|256/256\n|move|p2a: Iron Treads|Iron Head|p1a: Latias\n|-damage|p1a: Latias|168/256\n|\n|upkeep\n|turn|5\n|inactive|Time left: 300 sec this turn | 300 sec total\n|\n|t:|1783543516\n|move|p1a: Latias|Calm Mind|p1a: Latias\n|-boost|p1a: Latias|spa|1\n|-boost|p1a: Latias|spd|1\n|move|p2a: Iron Treads|Rapid Spin|p1a: Latias\n|-damage|p1a: Latias|133/256\n|-boost|p2a: Iron Treads|spe|1\n|\n|upkeep\n|turn|6\n|inactive|Time left: 300 sec this turn | 300 sec total\n|\n|t:|1783543517\n|move|p2a: Iron Treads|Iron Head|p1a: Latias\n|-damage|p1a: Latias|49/256\n|cant|p1a: Latias|flinch\n|\n|upkeep\n|turn|7\n|inactive|Time left: 300 sec this turn | 300 sec total\n|\n|t:|1783543518\n|-terastallize|p1a: Latias|Steel\n|move|p2a: Iron Treads|Iron Head|p1a: Latias\n|-resisted|p1a: Latias\n|-damage|p1a: Latias|9/256\n|move|p1a: Latias|Recover|p1a: Latias\n|-heal|p1a: Latias|137/256\n|\n|upkeep\n|turn|8\n|inactive|Time left: 300 sec this turn | 300 sec total\n|\n|t:|1783543519\n|move|p2a: Iron Treads|Iron Head|p1a: Latias\n|-resisted|p1a: Latias\n|-damage|p1a: Latias|95/256\n|move|p1a: Latias|Recover|p1a: Latias\n|-heal|p1a: Latias|223/256\n|\n|upkeep\n|turn|9\n|inactive|Time left: 300 sec this turn | 300 sec total\n|\n|t:|1783543520\n|move|p2a: Iron Treads|Rapid Spin|p1a: Latias\n|-resisted|p1a: Latias\n|-damage|p1a: Latias|205/256\n|-boost|p2a: Iron Treads|spe|1\n|move|p1a: Latias|Psyshock|p2a: Iron Treads\n|-resisted|p2a: Iron Treads\n|-damage|p2a: Iron Treads|51/100\n|\n|upkeep\n|turn|10\n|inactive|Time left: 300 sec this turn | 300 sec total\n|\n|t:|1783543522\n|move|p2a: Iron Treads|Iron Head|p1a: Latias\n|-resisted|p1a: Latias\n|-damage|p1a: Latias|161/256\n|move|p1a: Latias|Psyshock|p2a: Iron Treads\n|-resisted|p2a: Iron Treads\n|-damage|p2a: Iron Treads|26/100\n|\n|upkeep\n|turn|11\n|inactive|Time left: 300 sec this turn | 300 sec total\n|\n|t:|1783543523\n|move|p2a: Iron Treads|Iron Head|p1a: Latias\n|-resisted|p1a: Latias\n|-damage|p1a: Latias|117/256\n|move|p1a: Latias|Psyshock|p2a: Iron Treads\n|-resisted|p2a: Iron Treads\n|-damage|p2a: Iron Treads|1/100\n|\n|upkeep\n|turn|12\n|inactive|Time left: 300 sec this turn | 300 sec total\n|\n|t:|1783543524\n|move|p2a: Iron Treads|Iron Head|p1a: Latias\n|-resisted|p1a: Latias\n|-damage|p1a: Latias|75/256\n|move|p1a: Latias|Psyshock|p2a: Iron Treads\n|-resisted|p2a: Iron Treads\n|-damage|p2a: Iron Treads|0 fnt\n|faint|p2a: Iron Treads\n|-end|p2a: Iron Treads|Quark Drive|[silent]\n|\n|upkeep\n|\n|t:|1783543525\n|switch|p2a: Roaring Moon|Roaring Moon, L72|100/100\n|-enditem|p2a: Roaring Moon|Booster Energy\n|-activate|p2a: Roaring Moon|ability: Protosynthesis|[fromitem]\n|-start|p2a: Roaring Moon|protosynthesisatk\n|turn|13\n|inactive|Time left: 300 sec this turn | 300 sec total\n|\n|t:|1783543527\n|-terastallize|p2a: Roaring Moon|Flying\n|move|p1a: Latias|Draco Meteor|p2a: Roaring Moon|[miss]\n|-miss|p1a: Latias|p2a: Roaring Moon\n|move|p2a: Roaring Moon|Dragon Dance|p2a: Roaring Moon\n|-boost|p2a: Roaring Moon|atk|1\n|-boost|p2a: Roaring Moon|spe|1\n|\n|upkeep\n|turn|14\n|inactive|Time left: 300 sec this turn | 300 sec total\n|\n|t:|1783543528\n|move|p2a: Roaring Moon|Outrage|p1a: Latias\n|-resisted|p1a: Latias\n|-damage|p1a: Latias|0 fnt\n|faint|p1a: Latias\n|\n|upkeep\n|inactive|Time left: 300 sec this turn | 300 sec total | 5 sec grace\n|\n|t:|1783543529\n|switch|p1a: Flutter Mane|Flutter Mane, L74|203/203\n|turn|15\n|inactive|Time left: 300 sec this turn | 300 sec total\n|\n|t:|1783543530\n|move|p2a: Roaring Moon|Outrage|p1a: Flutter Mane|[from] lockedmove\n|-immune|p1a: Flutter Mane\n|-start|p2a: Roaring Moon|confusion|[fatigue]\n|move|p1a: Flutter Mane|Moonblast|p2a: Roaring Moon\n|-damage|p2a: Roaring Moon|38/100\n|\n|upkeep\n|turn|16\n|inactive|Time left: 300 sec this turn | 300 sec total\n|\n|t:|1783543531\n|-activate|p2a: Roaring Moon|confusion\n|move|p2a: Roaring Moon|Knock Off|p1a: Flutter Mane\n|-damage|p1a: Flutter Mane|0 fnt\n|-enditem|p1a: Flutter Mane|Choice Specs|[from] move: Knock Off|[of] p2a: Roaring Moon\n|faint|p1a: Flutter Mane\n|-end|p1a: Flutter Mane|Protosynthesis|[silent]\n|\n|upkeep\n|inactive|Time left: 300 sec this turn | 300 sec total | 5 sec grace\n|\n|t:|1783543532\n|switch|p1a: Seviper|Seviper, L93, M|287/287\n|turn|17\n|inactive|Time left: 300 sec this turn | 300 sec total\n|\n|t:|1783543533\n|-activate|p2a: Roaring Moon|confusion\n|-damage|p2a: Roaring Moon|19/100|[from] confusion\n|move|p1a: Seviper|Gunk Shot|p2a: Roaring Moon\n|-crit|p2a: Roaring Moon\n|-damage|p2a: Roaring Moon|0 fnt\n|faint|p2a: Roaring Moon\n|-end|p2a: Roaring Moon|Protosynthesis|[silent]\n|-damage|p1a: Seviper|259/287|[from] item: Life Orb\n|\n|upkeep\n|\n|t:|1783543534\n|switch|p2a: Slowbro|Slowbro-Galar, L87, M|74/100\n|turn|18\n|inactive|Time left: 300 sec this turn | 300 sec total\n|\n|t:|1783543535\n|switch|p1a: Baxcalibur|Baxcalibur, L75, F|296/296\n|move|p2a: Slowbro|Psychic|p1a: Baxcalibur\n|-damage|p1a: Baxcalibur|169/296\n|\n|upkeep\n|turn|19\n|inactive|Time left: 300 sec this turn | 300 sec total\n|\n|t:|1783543537\n|move|p1a: Baxcalibur|Dragon Dance|p1a: Baxcalibur\n|-boost|p1a: Baxcalibur|atk|1\n|-boost|p1a: Baxcalibur|spe|1\n|move|p2a: Slowbro|Shell Side Arm|p1a: Baxcalibur|[anim] Shell Side Arm Special\n|-crit|p1a: Baxcalibur\n|-damage|p1a: Baxcalibur|0 fnt\n|-hint|Special Shell Side Arm\n|faint|p1a: Baxcalibur\n|\n|upkeep\n|inactive|Time left: 300 sec this turn | 300 sec total | 5 sec grace\n|\n|t:|1783543537\n|switch|p1a: Zebstrika|Zebstrika, L87, F|272/272\n|turn|20\n|inactive|Time left: 300 sec this turn | 300 sec total\n|\n|t:|1783543538\n|move|p1a: Zebstrika|High Horsepower|p2a: Slowbro\n|-supereffective|p2a: Slowbro\n|-damage|p2a: Slowbro|21/100\n|-damage|p1a: Zebstrika|245/272|[from] item: Life Orb\n|move|p2a: Slowbro|Earthquake|p1a: Zebstrika\n|-supereffective|p1a: Zebstrika\n|-damage|p1a: Zebstrika|45/272\n|\n|upkeep\n|turn|21\n|inactive|Time left: 300 sec this turn | 300 sec total\n|\n|t:|1783543539\n|switch|p2a: Snorlax|Snorlax, L82, F|63/100\n|move|p1a: Zebstrika|Volt Switch|p2a: Snorlax\n|-damage|p2a: Snorlax|42/100\n|-damage|p1a: Zebstrika|18/272|[from] item: Life Orb\n|inactive|Time left: 300 sec this turn | 300 sec total | 5 sec grace\n|\n|t:|1783543540\n|switch|p1a: Seviper|Seviper, L93, M|259/287|[from] Volt Switch\n|\n|-heal|p2a: Snorlax|48/100|[from] item: Leftovers\n|upkeep\n|turn|22\n|inactive|Time left: 300 sec this turn | 300 sec total\n|\n|t:|1783543541\n|move|p1a: Seviper|Knock Off|p2a: Snorlax\n|-damage|p2a: Snorlax|12/100\n|-enditem|p2a: Snorlax|Leftovers|[from] move: Knock Off|[of] p1a: Seviper\n|-damage|p1a: Seviper|231/287|[from] item: Life Orb\n|move|p2a: Snorlax|Body Slam|p1a: Seviper\n|-damage|p1a: Seviper|125/287\n|-status|p1a: Seviper|par\n|\n|upkeep\n|turn|23\n|inactive|Time left: 300 sec this turn | 300 sec total\n|\n|t:|1783543542\n|switch|p1a: Zebstrika|Zebstrika, L87, F|18/272\n|move|p2a: Snorlax|Body Slam|p1a: Zebstrika\n|-damage|p1a: Zebstrika|0 fnt\n|faint|p1a: Zebstrika\n|\n|upkeep\n|inactive|Time left: 300 sec this turn | 300 sec total | 5 sec grace\n|\n|t:|1783543543\n|switch|p1a: Seviper|Seviper, L93, M|125/287 par\n|turn|24\n|inactive|Time left: 300 sec this turn | 300 sec total\n|\n|t:|1783543544\n|move|p2a: Snorlax|Body Slam|p1a: Seviper\n|-damage|p1a: Seviper|11/287 par\n|move|p1a: Seviper|Gunk Shot|p2a: Snorlax\n|-damage|p2a: Snorlax|0 fnt\n|faint|p2a: Snorlax\n|-damage|p1a: Seviper|0 fnt|[from] item: Life Orb\n|faint|p1a: Seviper\n|\n|win|p0y3351bd7", "uploadtime": 1783543544, "views": 0, "rating": 0, "private": 0, "password": null, "_winner": "p0y3351bd7", "_our_name": "p0x33590d0"}