{"id": "battle-gen9randombattle-2499", "formatid": "gen9randombattle", "format": "[Gen 9] Random Battle", "players": ["p0x2499af95", "p0y2499bbb8"], "log": "|init|battle\n|title|p0x2499af95 vs. p0y2499bbb8\n|j|\u2606p0x2499af95\n|j|\u2606p0y2499bbb8\n|t:|1783568959\n|gametype|singles\n|player|p1|p0x2499af95|102|\n|player|p2|p0y2499bbb8|170|\n|gen|9\n|tier|[Gen 9] Random Battle\n|rule|Species Clause: Limit one of each Pok\u00e9mon\n|rule|HP Percentage Mod: HP is shown in percentages\n|rule|Sleep Clause Mod: Limit one foe put to sleep\n|rule|Illusion Level Mod: Illusion disguises the Pok\u00e9mon's true level\n|\n|t:|1783568959\n|teamsize|p1|6\n|teamsize|p2|6\n|start\n|switch|p1a: Regidrago|Regidrago, L77|100/100\n|switch|p2a: Armarouge|Armarouge, L80, M|267/267\n|turn|1\n|inactive|Battle timer is ON: inactive players will automatically lose when time's up. (requested by p0x2499af95)\n|inactive|Time left: 300 sec this turn | 300 sec total | 60 sec grace\n|\n|t:|1783568960\n|-terastallize|p1a: Regidrago|Dragon\n|move|p1a: Regidrago|Dragon Energy|p2a: Armarouge\n|-damage|p2a: Armarouge|0 fnt\n|faint|p2a: Armarouge\n|\n|upkeep\n|inactive|Time left: 300 sec this turn | 300 sec total | 65 sec grace\n|inactive|p0y2499bbb8 also wants the timer to be on.\n|\n|t:|1783568961\n|switch|p2a: Girafarig|Girafarig, L89, M|269/269\n|turn|2\n|inactive|Time left: 300 sec this turn | 300 sec total\n|\n|t:|1783568962\n|move|p1a: Regidrago|Dragon Energy|p2a: Girafarig\n|-damage|p2a: Girafarig|59/269\n|move|p2a: Girafarig|Hyper Voice|p1a: Regidrago\n|-damage|p1a: Regidrago|65/100\n|\n|upkeep\n|turn|3\n|inactive|Time left: 300 sec this turn | 300 sec total\n|\n|t:|1783568963\n|move|p1a: Regidrago|Dragon Energy|p2a: Girafarig\n|-damage|p2a: Girafarig|0 fnt\n|faint|p2a: Girafarig\n|\n|upkeep\n|inactive|Time left: 300 sec this turn | 300 sec total | 5 sec grace\n|\n|t:|1783568964\n|switch|p2a: Vigoroth|Vigoroth, L85, F|275/275\n|turn|4\n|inactive|Time left: 300 sec this turn | 300 sec total\n|\n|t:|1783568965\n|move|p1a: Regidrago|Dragon Energy|p2a: Vigoroth\n|-damage|p2a: Vigoroth|103/275\n|move|p2a: Vigoroth|Body Slam|p1a: Regidrago\n|-damage|p1a: Regidrago|34/100\n|\n|upkeep\n|turn|5\n|inactive|Time left: 300 sec this turn | 300 sec total\n|\n|t:|1783568966\n|move|p1a: Regidrago|Dragon Energy|p2a: Vigoroth\n|-damage|p2a: Vigoroth|23/275\n|move|p2a: Vigoroth|Slack Off|p2a: Vigoroth\n|-heal|p2a: Vigoroth|161/275\n|\n|upkeep\n|turn|6\n|inactive|Time left: 300 sec this turn | 300 sec total\n|\n|t:|1783568967\n|move|p1a: Regidrago|Dragon Energy|p2a: Vigoroth\n|-damage|p2a: Vigoroth|73/275\n|move|p2a: Vigoroth|Slack Off|p2a: Vigoroth\n|-heal|p2a: Vigoroth|211/275\n|\n|upkeep\n|turn|7\n|inactive|Time left: 300 sec this turn | 300 sec total\n|\n|t:|1783568968\n|move|p1a: Regidrago|Dragon Energy|p2a: Vigoroth\n|-damage|p2a: Vigoroth|133/275\n|move|p2a: Vigoroth|Bulk Up|p2a: Vigoroth\n|-boost|p2a: Vigoroth|atk|1\n|-boost|p2a: Vigoroth|def|1\n|\n|upkeep\n|turn|8\n|inactive|Time left: 300 sec this turn | 300 sec total\n|\n|t:|1783568969\n|move|p1a: Regidrago|Dragon Energy|p2a: Vigoroth\n|-damage|p2a: Vigoroth|47/275\n|move|p2a: Vigoroth|Slack Off|p2a: Vigoroth\n|-heal|p2a: Vigoroth|185/275\n|\n|upkeep\n|turn|9\n|inactive|Time left: 300 sec this turn | 300 sec total\n|\n|t:|1783568970\n|switch|p1a: Banette|Banette, L93, F|100/100\n|move|p2a: Vigoroth|Bulk Up|p2a: Vigoroth\n|-boost|p2a: Vigoroth|atk|1\n|-boost|p2a: Vigoroth|def|1\n|\n|upkeep\n|turn|10\n|inactive|Time left: 300 sec this turn | 300 sec total\n|\n|t:|1783568971\n|switch|p1a: Inteleon|Inteleon, L81, F|100/100\n|move|p2a: Vigoroth|Knock Off|p1a: Inteleon\n|-damage|p1a: Inteleon|32/100\n|-enditem|p1a: Inteleon|Choice Specs|[from] move: Knock Off|[of] p2a: Vigoroth\n|\n|upkeep\n|turn|11\n|inactive|Time left: 300 sec this turn | 300 sec total\n|\n|t:|1783568972\n|move|p1a: Inteleon|Hydro Pump|p2a: Vigoroth\n|-damage|p2a: Vigoroth|16/275\n|move|p2a: Vigoroth|Knock Off|p1a: Inteleon\n|-damage|p1a: Inteleon|0 fnt\n|faint|p1a: Inteleon\n|\n|upkeep\n|\n|t:|1783568973\n|switch|p1a: Regidrago|Regidrago, L77, tera:Dragon|34/100\n|turn|12\n|inactive|Time left: 300 sec this turn | 300 sec total\n|\n|t:|1783568974\n|move|p1a: Regidrago|Outrage|p2a: Vigoroth\n|-damage|p2a: Vigoroth|0 fnt\n|faint|p2a: Vigoroth\n|\n|upkeep\n|inactive|Time left: 300 sec this turn | 300 sec total | 5 sec grace\n|\n|t:|1783568975\n|switch|p2a: Great Tusk|Great Tusk, L77|304/304\n|turn|13\n|inactive|Time left: 300 sec this turn | 300 sec total\n|\n|t:|1783568976\n|-terastallize|p2a: Great Tusk|Steel\n|move|p1a: Regidrago|Outrage|p2a: Great Tusk|[from] lockedmove\n|-resisted|p2a: Great Tusk\n|-damage|p2a: Great Tusk|211/304\n|move|p2a: Great Tusk|Bulk Up|p2a: Great Tusk\n|-boost|p2a: Great Tusk|atk|1\n|-boost|p2a: Great Tusk|def|1\n|\n|-heal|p2a: Great Tusk|230/304|[from] item: Leftovers\n|upkeep\n|turn|14\n|inactive|Time left: 300 sec this turn | 300 sec total\n|\n|t:|1783568977\n|move|p1a: Regidrago|Outrage|p2a: Great Tusk|[from] lockedmove\n|-resisted|p2a: Great Tusk\n|-damage|p2a: Great Tusk|168/304\n|-start|p1a: Regidrago|confusion|[fatigue]\n|move|p2a: Great Tusk|Bulk Up|p2a: Great Tusk\n|-boost|p2a: Great Tusk|atk|1\n|-boost|p2a: Great Tusk|def|1\n|\n|-heal|p2a: Great Tusk|187/304|[from] item: Leftovers\n|upkeep\n|turn|15\n|inactive|Time left: 300 sec this turn | 300 sec total\n|\n|t:|1783568978\n|-activate|p1a: Regidrago|confusion\n|-damage|p1a: Regidrago|24/100|[from] confusion\n|move|p2a: Great Tusk|Earthquake|p1a: Regidrago\n|-damage|p1a: Regidrago|0 fnt\n|faint|p1a: Regidrago\n|\n|-heal|p2a: Great Tusk|206/304|[from] item: Leftovers\n|upkeep\n|\n|t:|1783568979\n|switch|p1a: Espeon|Espeon, L84, M|100/100\n|turn|16\n|inactive|Time left: 300 sec this turn | 300 sec total\n|\n|t:|1783568980\n|move|p1a: Espeon|Shadow Ball|p2a: Great Tusk\n|-damage|p2a: Great Tusk|44/304\n|-unboost|p2a: Great Tusk|spd|1\n|move|p2a: Great Tusk|Earthquake|p1a: Espeon\n|-damage|p1a: Espeon|0 fnt\n|faint|p1a: Espeon\n|\n|-heal|p2a: Great Tusk|63/304|[from] item: Leftovers\n|upkeep\n|\n|t:|1783568981\n|switch|p1a: Altaria|Altaria, L89, M|100/100\n|turn|17\n|inactive|Time left: 300 sec this turn | 300 sec total\n|\n|t:|1783568982\n|move|p1a: Altaria|Earthquake|p2a: Great Tusk\n|-supereffective|p2a: Great Tusk\n|-damage|p2a: Great Tusk|13/304\n|move|p2a: Great Tusk|Stone Edge|p1a: Altaria\n|-supereffective|p1a: Altaria\n|-damage|p1a: Altaria|8/100\n|\n|-heal|p2a: Great Tusk|32/304|[from] item: Leftovers\n|upkeep\n|turn|18\n|inactive|Time left: 300 sec this turn | 300 sec total\n|\n|t:|1783568983\n|move|p1a: Altaria|Earthquake|p2a: Great Tusk\n|-supereffective|p2a: Great Tusk\n|-damage|p2a: Great Tusk|0 fnt\n|faint|p2a: Great Tusk\n|-end|p2a: Great Tusk|Protosynthesis|[silent]\n|\n|upkeep\n|inactive|Time left: 300 sec this turn | 300 sec total | 5 sec grace\n|\n|t:|1783568984\n|switch|p2a: Weavile|Weavile, L79, F|240/240\n|turn|19\n|inactive|Time left: 300 sec this turn | 300 sec total\n|\n|t:|1783568985\n|move|p2a: Weavile|Swords Dance|p2a: Weavile\n|-boost|p2a: Weavile|atk|2\n|move|p1a: Altaria|Brave Bird|p2a: Weavile\n|-damage|p2a: Weavile|80/240\n|-damage|p1a: Altaria|0 fnt|[from] Recoil\n|faint|p1a: Altaria\n|\n|upkeep\n|\n|t:|1783568986\n|switch|p1a: Shiftry|Shiftry, L89, M|100/100\n|turn|20\n|inactive|Time left: 300 sec this turn | 300 sec total\n|\n|t:|1783568986\n|move|p1a: Shiftry|Sucker Punch|p2a: Weavile\n|-resisted|p2a: Weavile\n|-damage|p2a: Weavile|1/240\n|-damage|p1a: Shiftry|91/100|[from] item: Life Orb\n|move|p2a: Weavile|Triple Axel|p1a: Shiftry\n|-supereffective|p1a: Shiftry\n|-damage|p1a: Shiftry|55/100\n|-supereffective|p1a: Shiftry\n|-damage|p1a: Shiftry|0 fnt\n|faint|p1a: Shiftry\n|-hitcount|p1: Shiftry|2\n|\n|upkeep\n|\n|t:|1783568987\n|switch|p1a: Banette|Banette, L93, F|100/100\n|turn|21\n|inactive|Time left: 300 sec this turn | 300 sec total\n|\n|t:|1783568988\n|move|p1a: Banette|Shadow Sneak|p2a: Weavile\n|-resisted|p2a: Weavile\n|-crit|p2a: Weavile\n|-damage|p2a: Weavile|0 fnt\n|faint|p2a: Weavile\n|-damage|p1a: Banette|90/100|[from] item: Life Orb\n|\n|upkeep\n|inactive|Time left: 300 sec this turn | 300 sec total | 5 sec grace\n|\n|t:|1783568989\n|switch|p2a: Walking Wake|Walking Wake, L79|286/286\n|turn|22\n|inactive|Time left: 300 sec this turn | 300 sec total\n|\n|t:|1783568990\n|move|p2a: Walking Wake|Draco Meteor|p1a: Banette|[miss]\n|-miss|p2a: Walking Wake|p1a: Banette\n|move|p1a: Banette|Poltergeist|p2a: Walking Wake\n|-activate|p2a: Walking Wake|move: Poltergeist|Life Orb\n|-damage|p2a: Walking Wake|62/286\n|-damage|p1a: Banette|80/100|[from] item: Life Orb\n|\n|upkeep\n|turn|23\n|inactive|Time left: 300 sec this turn | 300 sec total\n|\n|t:|1783568991\n|move|p1a: Banette|Shadow Sneak|p2a: Walking Wake\n|-damage|p2a: Walking Wake|0 fnt\n|faint|p2a: Walking Wake\n|-end|p2a: Walking Wake|Protosynthesis|[silent]\n|-damage|p1a: Banette|70/100|[from] item: Life Orb\n|\n|win|p0x2499af95", "uploadtime": 1783568991, "views": 0, "rating": 0, "private": 0, "password": null, "_winner": "p0x2499af95", "_our_name": "p0y2499bbb8"}