{"id": "battle-gen9randombattle-1044", "formatid": "gen9randombattle", "format": "[Gen 9] Random Battle", "players": ["p0x10440adc", "p0y10443993"], "log": "|init|battle\n|title|p0x10440adc vs. p0y10443993\n|j|\u2606p0x10440adc\n|j|\u2606p0y10443993\n|t:|1783551999\n|gametype|singles\n|player|p1|p0x10440adc|102|\n|player|p2|p0y10443993|266|\n|gen|9\n|tier|[Gen 9] Random Battle\n|rule|Species Clause: Limit one of each Pok\u00e9mon\n|rule|HP Percentage Mod: HP is shown in percentages\n|rule|Sleep Clause Mod: Limit one foe put to sleep\n|rule|Illusion Level Mod: Illusion disguises the Pok\u00e9mon's true level\n|\n|t:|1783551999\n|teamsize|p1|6\n|teamsize|p2|6\n|start\n|switch|p1a: Chimecho|Chimecho, L93, M|100/100\n|switch|p2a: Gyarados|Gyarados, L79, M|280/280\n|turn|1\n|inactive|Battle timer is ON: inactive players will automatically lose when time's up. (requested by p0x10440adc)\n|inactive|Time left: 300 sec this turn | 300 sec total | 60 sec grace\n|inactive|p0y10443993 also wants the timer to be on.\n|\n|t:|1783552000\n|move|p1a: Chimecho|Calm Mind|p1a: Chimecho\n|-boost|p1a: Chimecho|spa|1\n|-boost|p1a: Chimecho|spd|1\n|move|p2a: Gyarados|Dragon Dance|p2a: Gyarados\n|-boost|p2a: Gyarados|atk|1\n|-boost|p2a: Gyarados|spe|1\n|\n|upkeep\n|turn|2\n|inactive|Time left: 300 sec this turn | 300 sec total\n|\n|t:|1783552001\n|move|p2a: Gyarados|Waterfall|p1a: Chimecho\n|-damage|p1a: Chimecho|58/100\n|move|p1a: Chimecho|Psychic Noise|p2a: Gyarados\n|-damage|p2a: Gyarados|145/280\n|-start|p2a: Gyarados|move: Heal Block\n|\n|-heal|p1a: Chimecho|64/100|[from] item: Leftovers\n|upkeep\n|turn|3\n|inactive|Time left: 300 sec this turn | 300 sec total\n|\n|t:|1783552003\n|move|p2a: Gyarados|Waterfall|p1a: Chimecho\n|-damage|p1a: Chimecho|15/100\n|cant|p1a: Chimecho|flinch\n|\n|-heal|p1a: Chimecho|21/100|[from] item: Leftovers\n|-end|p2a: Gyarados|move: Heal Block\n|upkeep\n|turn|4\n|inactive|Time left: 300 sec this turn | 300 sec total\n|\n|t:|1783552004\n|switch|p1a: Qwilfish|Qwilfish-Hisui, L83, M|100/100\n|-ability|p1a: Qwilfish|Intimidate|boost\n|-unboost|p2a: Gyarados|atk|1\n|move|p2a: Gyarados|Waterfall|p1a: Qwilfish\n|-damage|p1a: Qwilfish|73/100\n|\n|upkeep\n|turn|5\n|inactive|Time left: 300 sec this turn | 300 sec total\n|\n|t:|1783552005\n|move|p2a: Gyarados|Waterfall|p1a: Qwilfish\n|-damage|p1a: Qwilfish|46/100\n|move|p1a: Qwilfish|Gunk Shot|p2a: Gyarados\n|-damage|p2a: Gyarados|10/280\n|\n|upkeep\n|turn|6\n|inactive|Time left: 300 sec this turn | 300 sec total\n|\n|t:|1783552006\n|move|p2a: Gyarados|Waterfall|p1a: Qwilfish\n|-damage|p1a: Qwilfish|22/100\n|cant|p1a: Qwilfish|flinch\n|\n|upkeep\n|turn|7\n|inactive|Time left: 300 sec this turn | 300 sec total\n|\n|t:|1783552007\n|switch|p1a: Okidogi|Okidogi, L77, M|100/100\n|move|p2a: Gyarados|Waterfall|p1a: Okidogi\n|-damage|p1a: Okidogi|71/100\n|\n|-heal|p1a: Okidogi|78/100|[from] item: Leftovers\n|upkeep\n|turn|8\n|inactive|Time left: 300 sec this turn | 300 sec total\n|\n|t:|1783552008\n|move|p2a: Gyarados|Earthquake|p1a: Okidogi\n|-supereffective|p1a: Okidogi\n|-damage|p1a: Okidogi|23/100\n|move|p1a: Okidogi|Gunk Shot|p2a: Gyarados\n|-damage|p2a: Gyarados|0 fnt\n|faint|p2a: Gyarados\n|\n|-heal|p1a: Okidogi|30/100|[from] item: Leftovers\n|upkeep\n|inactive|Time left: 300 sec this turn | 300 sec total | 5 sec grace\n|\n|t:|1783552009\n|switch|p2a: Dodrio|Dodrio, L85, M|241/241\n|turn|9\n|inactive|Time left: 300 sec this turn | 300 sec total\n|\n|t:|1783552011\n|switch|p1a: Iron Thorns|Iron Thorns, L83|100/100\n|-item|p1a: Iron Thorns|Air Balloon\n|move|p2a: Dodrio|Brave Bird|p1a: Iron Thorns\n|-resisted|p1a: Iron Thorns\n|-damage|p1a: Iron Thorns|86/100\n|-enditem|p1a: Iron Thorns|Air Balloon\n|-damage|p2a: Dodrio|227/241|[from] Recoil\n|\n|upkeep\n|turn|10\n|inactive|Time left: 300 sec this turn | 300 sec total\n|\n|t:|1783552012\n|switch|p2a: Archaludon|Archaludon, L78, M|268/268\n|move|p1a: Iron Thorns|Wild Charge|p2a: Archaludon\n|-resisted|p2a: Archaludon\n|-damage|p2a: Archaludon|223/268\n|-ability|p2a: Archaludon|Stamina|boost\n|-boost|p2a: Archaludon|def|1\n|-damage|p1a: Iron Thorns|83/100|[from] Recoil\n|\n|-heal|p2a: Archaludon|239/268|[from] item: Leftovers\n|upkeep\n|turn|11\n|inactive|Time left: 300 sec this turn | 300 sec total\n|\n|t:|1783552013\n|move|p2a: Archaludon|Stealth Rock|p1a: Iron Thorns\n|-sidestart|p1: p0x10440adc|move: Stealth Rock\n|move|p1a: Iron Thorns|Stealth Rock|p2a: Archaludon\n|-sidestart|p2: p0y10443993|move: Stealth Rock\n|\n|-heal|p2a: Archaludon|255/268|[from] item: Leftovers\n|upkeep\n|turn|12\n|inactive|Time left: 300 sec this turn | 300 sec total\n|\n|t:|1783552014\n|-end|p1a: Iron Thorns|Quark Drive|[silent]\n|switch|p1a: Landorus|Landorus, L75, M|100/100\n|-damage|p1a: Landorus|88/100|[from] Stealth Rock\n|move|p2a: Archaludon|Body Press|p1a: Landorus\n|-resisted|p1a: Landorus\n|-damage|p1a: Landorus|70/100\n|\n|-heal|p2a: Archaludon|268/268|[from] item: Leftovers\n|upkeep\n|turn|13\n|inactive|Time left: 300 sec this turn | 300 sec total\n|\n|t:|1783552015\n|switch|p2a: Leafeon|Leafeon, L88, F|258/258\n|-damage|p2a: Leafeon|226/258|[from] Stealth Rock\n|move|p1a: Landorus|Earth Power|p2a: Leafeon\n|-resisted|p2a: Leafeon\n|-crit|p2a: Leafeon\n|-damage|p2a: Leafeon|92/258\n|\n|upkeep\n|turn|14\n|inactive|Time left: 300 sec this turn | 300 sec total\n|\n|t:|1783552016\n|move|p2a: Leafeon|Leaf Blade|p1a: Landorus\n|-damage|p1a: Landorus|6/100\n|-damage|p2a: Leafeon|67/258|[from] item: Life Orb\n|move|p1a: Landorus|Earth Power|p2a: Leafeon\n|-resisted|p2a: Leafeon\n|-damage|p2a: Leafeon|0 fnt\n|faint|p2a: Leafeon\n|\n|upkeep\n|inactive|Time left: 300 sec this turn | 300 sec total | 5 sec grace\n|\n|t:|1783552017\n|switch|p2a: Polteageist|Polteageist, L78|222/222\n|-damage|p2a: Polteageist|195/222|[from] Stealth Rock\n|turn|15\n|inactive|Time left: 300 sec this turn | 300 sec total\n|\n|t:|1783552019\n|move|p1a: Landorus|Earth Power|p2a: Polteageist\n|-damage|p2a: Polteageist|57/222\n|-start|p1a: Landorus|Disable|Earth Power|[from] ability: Cursed Body|[of] p2a: Polteageist\n|move|p2a: Polteageist|Shell Smash|p2a: Polteageist\n|-unboost|p2a: Polteageist|def|1\n|-unboost|p2a: Polteageist|spd|1\n|-boost|p2a: Polteageist|atk|2\n|-boost|p2a: Polteageist|spa|2\n|-boost|p2a: Polteageist|spe|2\n|-enditem|p2a: Polteageist|White Herb\n|-clearnegativeboost|p2a: Polteageist|[silent]\n|\n|upkeep\n|turn|16\n|inactive|Time left: 300 sec this turn | 300 sec total\n|\n|t:|1783552020\n|move|p2a: Polteageist|Strength Sap|p1a: Landorus\n|-unboost|p1a: Landorus|atk|1\n|-heal|p2a: Polteageist|222/222\n|move|p1a: Landorus|Sludge Wave|p2a: Polteageist\n|-resisted|p2a: Polteageist\n|-damage|p2a: Polteageist|177/222\n|\n|upkeep\n|turn|17\n|inactive|Time left: 300 sec this turn | 300 sec total\n|\n|t:|1783552021\n|switch|p1a: Qwilfish|Qwilfish-Hisui, L83, M|22/100\n|-damage|p1a: Qwilfish|10/100|[from] Stealth Rock\n|-ability|p1a: Qwilfish|Intimidate|boost\n|-unboost|p2a: Polteageist|atk|1\n|move|p2a: Polteageist|Shadow Ball|p1a: Qwilfish\n|-resisted|p1a: Qwilfish\n|-damage|p1a: Qwilfish|0 fnt\n|faint|p1a: Qwilfish\n|\n|upkeep\n|\n|t:|1783552022\n|switch|p1a: Iron Thorns|Iron Thorns, L83|83/100\n|-damage|p1a: Iron Thorns|70/100|[from] Stealth Rock\n|turn|18\n|inactive|Time left: 300 sec this turn | 300 sec total\n|\n|t:|1783552023\n|-terastallize|p2a: Polteageist|Psychic\n|move|p2a: Polteageist|Stored Power|p1a: Iron Thorns\n|-damage|p1a: Iron Thorns|0 fnt\n|faint|p1a: Iron Thorns\n|-end|p1a: Iron Thorns|Quark Drive|[silent]\n|\n|upkeep\n|\n|t:|1783552024\n|switch|p1a: Landorus|Landorus, L75, M|6/100\n|-damage|p1a: Landorus|0 fnt|[from] Stealth Rock\n|faint|p1a: Landorus\n|\n|t:|1783552025\n|switch|p1a: Chimecho|Chimecho, L93, M|21/100\n|-damage|p1a: Chimecho|9/100|[from] Stealth Rock\n|turn|19\n|inactive|Time left: 300 sec this turn | 300 sec total\n|\n|t:|1783552026\n|move|p2a: Polteageist|Shadow Ball|p1a: Chimecho\n|-supereffective|p1a: Chimecho\n|-damage|p1a: Chimecho|0 fnt\n|faint|p1a: Chimecho\n|\n|upkeep\n|\n|t:|1783552026\n|switch|p1a: Okidogi|Okidogi, L77, M|30/100\n|-damage|p1a: Okidogi|23/100|[from] Stealth Rock\n|turn|20\n|inactive|Time left: 300 sec this turn | 300 sec total\n|\n|t:|1783552027\n|move|p2a: Polteageist|Shadow Ball|p1a: Okidogi\n|-damage|p1a: Okidogi|0 fnt\n|faint|p1a: Okidogi\n|\n|upkeep\n|\n|t:|1783552028\n|switch|p1a: Spectrier|Spectrier, L75|100/100\n|-damage|p1a: Spectrier|88/100|[from] Stealth Rock\n|turn|21\n|inactive|Time left: 300 sec this turn | 300 sec total\n|\n|t:|1783552029\n|-terastallize|p1a: Spectrier|Fighting\n|move|p2a: Polteageist|Stored Power|p1a: Spectrier\n|-supereffective|p1a: Spectrier\n|-damage|p1a: Spectrier|0 fnt\n|faint|p1a: Spectrier\n|\n|win|p0y10443993", "uploadtime": 1783552029, "views": 0, "rating": 0, "private": 0, "password": null, "_winner": "p0y10443993", "_our_name": "p0y10443993"}