{"id": "battle-gen9randombattle-1712", "formatid": "gen9randombattle", "format": "[Gen 9] Random Battle", "players": ["p0x17125132", "p0y171236f9"], "log": "|init|battle\n|title|p0x17125132 vs. p0y171236f9\n|j|\u2606p0x17125132\n|j|\u2606p0y171236f9\n|t:|1783559029\n|gametype|singles\n|player|p1|p0x17125132|2|\n|player|p2|p0y171236f9|2|\n|gen|9\n|tier|[Gen 9] Random Battle\n|rule|Species Clause: Limit one of each Pok\u00e9mon\n|rule|HP Percentage Mod: HP is shown in percentages\n|rule|Sleep Clause Mod: Limit one foe put to sleep\n|rule|Illusion Level Mod: Illusion disguises the Pok\u00e9mon's true level\n|\n|t:|1783559029\n|teamsize|p1|6\n|teamsize|p2|6\n|start\n|switch|p1a: Toedscruel|Toedscruel, L87, M|281/281\n|switch|p2a: Ampharos|Ampharos, L88, M|100/100\n|turn|1\n|inactive|Battle timer is ON: inactive players will automatically lose when time's up. (requested by p0x17125132)\n|inactive|p0y171236f9 also wants the timer to be on.\n|\n|t:|1783559031\n|move|p1a: Toedscruel|Earth Power|p2a: Ampharos\n|-supereffective|p2a: Ampharos\n|-damage|p2a: Ampharos|49/100\n|move|p2a: Ampharos|Agility|p2a: Ampharos\n|-boost|p2a: Ampharos|spe|2\n|\n|upkeep\n|turn|2\n|inactive|Time left: 300 sec this turn | 300 sec total\n|\n|t:|1783559032\n|switch|p2a: Vileplume|Vileplume, L85, F|100/100\n|move|p1a: Toedscruel|Earth Power|p2a: Vileplume\n|-damage|p2a: Vileplume|69/100\n|\n|-heal|p2a: Vileplume|75/100|[from] item: Leftovers\n|upkeep\n|turn|3\n|inactive|Time left: 300 sec this turn | 300 sec total\n|\n|t:|1783559033\n|switch|p1a: Bisharp|Bisharp, L79, M|232/232\n|move|p2a: Vileplume|Strength Sap|p1a: Bisharp\n|-unboost|p1a: Bisharp|atk|1\n|-ability|p1a: Bisharp|Defiant|boost\n|-boost|p1a: Bisharp|atk|2\n|-heal|p2a: Vileplume|100/100\n|\n|upkeep\n|turn|4\n|inactive|Time left: 300 sec this turn | 300 sec total\n|\n|t:|1783559035\n|move|p1a: Bisharp|Swords Dance|p1a: Bisharp\n|-boost|p1a: Bisharp|atk|2\n|move|p2a: Vileplume|Sleep Powder|p1a: Bisharp|[miss]\n|-miss|p2a: Vileplume|p1a: Bisharp\n|\n|upkeep\n|turn|5\n|inactive|Time left: 300 sec this turn | 300 sec total\n|\n|t:|1783559036\n|move|p1a: Bisharp|Throat Chop|p2a: Vileplume\n|-damage|p2a: Vileplume|16/100\n|-start|p2a: Vileplume|Throat Chop|[silent]\n|move|p2a: Vileplume|Sleep Powder|p1a: Bisharp|[miss]\n|-miss|p2a: Vileplume|p1a: Bisharp\n|\n|-heal|p2a: Vileplume|22/100|[from] item: Leftovers\n|upkeep\n|turn|6\n|inactive|Time left: 300 sec this turn | 300 sec total\n|\n|t:|1783559037\n|move|p1a: Bisharp|Throat Chop|p2a: Vileplume\n|-damage|p2a: Vileplume|0 fnt\n|faint|p2a: Vileplume\n|\n|upkeep\n|\n|t:|1783559038\n|switch|p2a: Gardevoir|Gardevoir, L83, M|100/100\n|-ability|p2a: Gardevoir|Defiant|Trace|[from] ability: Trace|[of] p1a: Bisharp\n|turn|7\n|inactive|Time left: 300 sec this turn | 300 sec total\n|\n|t:|1783559039\n|move|p2a: Gardevoir|Focus Blast|p1a: Bisharp|[miss]\n|-miss|p2a: Gardevoir|p1a: Bisharp\n|move|p1a: Bisharp|Iron Head|p2a: Gardevoir\n|-supereffective|p2a: Gardevoir\n|-damage|p2a: Gardevoir|0 fnt\n|faint|p2a: Gardevoir\n|\n|upkeep\n|\n|t:|1783559040\n|switch|p2a: Amoonguss|Amoonguss, L82, M|100/100\n|turn|8\n|inactive|Time left: 300 sec this turn | 300 sec total\n|\n|t:|1783559041\n|move|p1a: Bisharp|Iron Head|p2a: Amoonguss\n|-damage|p2a: Amoonguss|20/100\n|move|p2a: Amoonguss|Spore|p1a: Bisharp\n|-status|p1a: Bisharp|slp|[from] move: Spore\n|\n|-heal|p2a: Amoonguss|26/100|[from] item: Leftovers\n|upkeep\n|turn|9\n|inactive|Time left: 300 sec this turn | 300 sec total\n|\n|t:|1783559042\n|switch|p2a: Floatzel|Floatzel, L86, M|100/100\n|cant|p1a: Bisharp|slp\n|\n|upkeep\n|turn|10\n|inactive|Time left: 300 sec this turn | 300 sec total\n|\n|t:|1783559043\n|move|p2a: Floatzel|Wave Crash|p1a: Bisharp\n|-damage|p1a: Bisharp|105/232 slp\n|-damage|p2a: Floatzel|86/100|[from] Recoil\n|cant|p1a: Bisharp|slp\n|\n|upkeep\n|turn|11\n|inactive|Time left: 300 sec this turn | 300 sec total\n|\n|t:|1783559044\n|-curestatus|p1a: Bisharp|slp|[msg]\n|move|p1a: Bisharp|Sucker Punch|p2a: Floatzel\n|-damage|p2a: Floatzel|0 fnt\n|faint|p2a: Floatzel\n|\n|upkeep\n|\n|t:|1783559045\n|switch|p2a: Ribombee|Ribombee, L83, F|100/100\n|turn|12\n|inactive|Time left: 300 sec this turn | 300 sec total\n|\n|t:|1783559046\n|switch|p2a: Ampharos|Ampharos, L88, M|49/100\n|move|p1a: Bisharp|Iron Head|p2a: Ampharos\n|-resisted|p2a: Ampharos\n|-damage|p2a: Ampharos|14/100\n|-status|p1a: Bisharp|par|[from] ability: Static|[of] p2a: Ampharos\n|\n|upkeep\n|turn|13\n|inactive|Time left: 300 sec this turn | 300 sec total\n|\n|t:|1783559047\n|move|p1a: Bisharp|Sucker Punch|p2a: Ampharos\n|-damage|p2a: Ampharos|0 fnt\n|faint|p2a: Ampharos\n|\n|upkeep\n|\n|t:|1783559048\n|switch|p2a: Ribombee|Ribombee, L83, F|100/100\n|turn|14\n|inactive|Time left: 300 sec this turn | 300 sec total\n|\n|t:|1783559049\n|-terastallize|p2a: Ribombee|Ground\n|move|p2a: Ribombee|Tera Blast|p1a: Bisharp|[anim] Tera Blast Ground\n|-supereffective|p1a: Bisharp\n|-damage|p1a: Bisharp|0 fnt\n|faint|p1a: Bisharp\n|\n|upkeep\n|inactive|Time left: 300 sec this turn | 300 sec total | 5 sec grace\n|\n|t:|1783559050\n|switch|p1a: Crabominable|Crabominable, L90, M|321/321\n|turn|15\n|inactive|Time left: 300 sec this turn | 300 sec total\n|\n|t:|1783559051\n|move|p2a: Ribombee|Moonblast|p1a: Crabominable\n|-supereffective|p1a: Crabominable\n|-damage|p1a: Crabominable|183/321\n|-unboost|p1a: Crabominable|spa|1\n|move|p1a: Crabominable|Drain Punch|p2a: Ribombee\n|-damage|p2a: Ribombee|18/100\n|-heal|p1a: Crabominable|281/321|[from] drain|[of] p2a: Ribombee\n|\n|upkeep\n|turn|16\n|inactive|Time left: 300 sec this turn | 300 sec total\n|\n|t:|1783559052\n|move|p2a: Ribombee|Moonblast|p1a: Crabominable\n|-supereffective|p1a: Crabominable\n|-damage|p1a: Crabominable|141/321\n|move|p1a: Crabominable|Knock Off|p2a: Ribombee\n|-damage|p2a: Ribombee|0 fnt\n|-enditem|p2a: Ribombee|Heavy-Duty Boots|[from] move: Knock Off|[of] p1a: Crabominable\n|faint|p2a: Ribombee\n|\n|upkeep\n|\n|t:|1783559054\n|switch|p2a: Amoonguss|Amoonguss, L82, M|59/100\n|turn|17\n|inactive|Time left: 300 sec this turn | 300 sec total\n|\n|t:|1783559055\n|-terastallize|p1a: Crabominable|Ground\n|move|p1a: Crabominable|Ice Hammer|p2a: Amoonguss\n|-supereffective|p2a: Amoonguss\n|-damage|p2a: Amoonguss|0 fnt\n|-unboost|p1a: Crabominable|spe|1\n|faint|p2a: Amoonguss\n|\n|win|p0x17125132", "uploadtime": 1783559055, "views": 0, "rating": 0, "private": 0, "password": null, "_winner": "p0x17125132", "_our_name": "p0x17125132"}