{"id": "battle-gen9randombattle-535", "formatid": "gen9randombattle", "format": "[Gen 9] Random Battle", "players": ["p0x5354ce4", "p0y5357ad8"], "log": "|init|battle\n|title|p0x5354ce4 vs. p0y5357ad8\n|j|\u2606p0x5354ce4\n|j|\u2606p0y5357ad8\n|t:|1783545249\n|gametype|singles\n|player|p1|p0x5354ce4|101|\n|player|p2|p0y5357ad8|101|\n|gen|9\n|tier|[Gen 9] Random Battle\n|rule|Species Clause: Limit one of each Pok\u00e9mon\n|rule|HP Percentage Mod: HP is shown in percentages\n|rule|Sleep Clause Mod: Limit one foe put to sleep\n|rule|Illusion Level Mod: Illusion disguises the Pok\u00e9mon's true level\n|\n|t:|1783545250\n|teamsize|p1|6\n|teamsize|p2|6\n|start\n|switch|p1a: Stantler|Stantler, L92, F|284/284\n|switch|p2a: Calyrex|Calyrex-Ice, L72|100/100\n|-ability|p2a: Calyrex|As One\n|-ability|p2a: Calyrex|Unnerve\n|-ability|p1a: Stantler|Intimidate|boost\n|-unboost|p2a: Calyrex|atk|1\n|turn|1\n|inactive|Battle timer is ON: inactive players will automatically lose when time's up. (requested by p0x5354ce4)\n|inactive|p0y5357ad8 also wants the timer to be on.\n|\n|t:|1783545251\n|move|p1a: Stantler|Body Slam|p2a: Calyrex\n|-damage|p2a: Calyrex|69/100\n|move|p2a: Calyrex|Glacial Lance|p1a: Stantler\n|-damage|p1a: Stantler|211/284\n|\n|upkeep\n|turn|2\n|inactive|Time left: 300 sec this turn | 300 sec total\n|\n|t:|1783545252\n|switch|p2a: Misdreavus|Misdreavus, L90, F|100/100\n|move|p1a: Stantler|Body Slam|p2a: Misdreavus\n|-immune|p2a: Misdreavus\n|\n|upkeep\n|turn|3\n|inactive|Time left: 300 sec this turn | 300 sec total\n|\n|t:|1783545254\n|move|p1a: Stantler|Thunder Wave|p2a: Misdreavus|[miss]\n|-miss|p1a: Stantler|p2a: Misdreavus\n|move|p2a: Misdreavus|Calm Mind|p2a: Misdreavus\n|-boost|p2a: Misdreavus|spa|1\n|-boost|p2a: Misdreavus|spd|1\n|\n|upkeep\n|turn|4\n|inactive|Time left: 300 sec this turn | 300 sec total\n|\n|t:|1783545255\n|move|p1a: Stantler|Thunder Wave|p2a: Misdreavus\n|-status|p2a: Misdreavus|par\n|move|p2a: Misdreavus|Calm Mind|p2a: Misdreavus\n|-boost|p2a: Misdreavus|spa|1\n|-boost|p2a: Misdreavus|spd|1\n|\n|upkeep\n|turn|5\n|inactive|Time left: 300 sec this turn | 300 sec total\n|\n|t:|1783545256\n|move|p1a: Stantler|Throat Chop|p2a: Misdreavus\n|-supereffective|p2a: Misdreavus\n|-damage|p2a: Misdreavus|59/100 par\n|-start|p2a: Misdreavus|Throat Chop|[silent]\n|move|p2a: Misdreavus|Shadow Ball|p1a: Stantler\n|-immune|p1a: Stantler\n|\n|upkeep\n|turn|6\n|inactive|Time left: 300 sec this turn | 300 sec total\n|\n|t:|1783545257\n|move|p1a: Stantler|Throat Chop|p2a: Misdreavus\n|-supereffective|p2a: Misdreavus\n|-damage|p2a: Misdreavus|16/100 par\n|move|p2a: Misdreavus|Draining Kiss|p1a: Stantler\n|-damage|p1a: Stantler|157/284\n|-heal|p2a: Misdreavus|32/100 par|[from] drain|[of] p1a: Stantler\n|\n|-end|p2a: Misdreavus|Throat Chop|[silent]\n|upkeep\n|turn|7\n|inactive|Time left: 300 sec this turn | 300 sec total\n|\n|t:|1783545258\n|-terastallize|p2a: Misdreavus|Fairy\n|move|p1a: Stantler|Throat Chop|p2a: Misdreavus\n|-resisted|p2a: Misdreavus\n|-damage|p2a: Misdreavus|21/100 par\n|-start|p2a: Misdreavus|Throat Chop|[silent]\n|move|p2a: Misdreavus|Draining Kiss|p1a: Stantler\n|-damage|p1a: Stantler|55/284\n|-heal|p2a: Misdreavus|51/100 par|[from] drain|[of] p1a: Stantler\n|\n|upkeep\n|turn|8\n|inactive|Time left: 300 sec this turn | 300 sec total\n|\n|t:|1783545259\n|move|p1a: Stantler|Body Slam|p2a: Misdreavus\n|-damage|p2a: Misdreavus|14/100 par\n|move|p2a: Misdreavus|Draining Kiss|p1a: Stantler\n|-damage|p1a: Stantler|0 fnt\n|-heal|p2a: Misdreavus|30/100 par|[from] drain|[of] p1a: Stantler\n|faint|p1a: Stantler\n|\n|-end|p2a: Misdreavus|Throat Chop|[silent]\n|upkeep\n|inactive|Time left: 300 sec this turn | 300 sec total | 5 sec grace\n|\n|t:|1783545260\n|switch|p1a: Sudowoodo|Sudowoodo, L94, F|284/284\n|turn|9\n|inactive|Time left: 300 sec this turn | 300 sec total\n|\n|t:|1783545262\n|move|p1a: Sudowoodo|Wood Hammer|p2a: Misdreavus\n|-damage|p2a: Misdreavus|0 fnt\n|faint|p2a: Misdreavus\n|\n|upkeep\n|\n|t:|1783545263\n|switch|p2a: Inteleon|Inteleon, L81, M|100/100\n|turn|10\n|inactive|Time left: 300 sec this turn | 300 sec total\n|\n|t:|1783545264\n|switch|p1a: Lilligant|Lilligant, L86, F|261/261\n|move|p2a: Inteleon|Scald|p1a: Lilligant\n|-resisted|p1a: Lilligant\n|-damage|p1a: Lilligant|175/261\n|-status|p1a: Lilligant|brn\n|\n|-damage|p1a: Lilligant|159/261 brn|[from] brn\n|upkeep\n|turn|11\n|inactive|Time left: 300 sec this turn | 300 sec total\n|\n|t:|1783545265\n|switch|p2a: Scizor|Scizor, L79, F|100/100\n|move|p1a: Lilligant|Quiver Dance|p1a: Lilligant\n|-boost|p1a: Lilligant|spa|1\n|-boost|p1a: Lilligant|spd|1\n|-boost|p1a: Lilligant|spe|1\n|\n|-damage|p1a: Lilligant|143/261 brn|[from] brn\n|upkeep\n|turn|12\n|inactive|Time left: 300 sec this turn | 300 sec total\n|\n|t:|1783545266\n|move|p2a: Scizor|Bullet Punch|p1a: Lilligant\n|-damage|p1a: Lilligant|26/261 brn\n|move|p1a: Lilligant|Sleep Powder|p2a: Scizor|[miss]\n|-miss|p1a: Lilligant|p2a: Scizor\n|\n|-damage|p1a: Lilligant|10/261 brn|[from] brn\n|upkeep\n|turn|13\n|inactive|Time left: 300 sec this turn | 300 sec total\n|\n|t:|1783545267\n|move|p2a: Scizor|Bullet Punch|p1a: Lilligant\n|-damage|p1a: Lilligant|0 fnt\n|faint|p1a: Lilligant\n|\n|upkeep\n|inactive|Time left: 300 sec this turn | 300 sec total | 5 sec grace\n|\n|t:|1783545268\n|switch|p1a: Sudowoodo|Sudowoodo, L94, F|284/284\n|turn|14\n|inactive|Time left: 300 sec this turn | 300 sec total\n|\n|t:|1783545269\n|move|p2a: Scizor|Bullet Punch|p1a: Sudowoodo\n|-supereffective|p1a: Sudowoodo\n|-damage|p1a: Sudowoodo|116/284\n|move|p1a: Sudowoodo|Head Smash|p2a: Scizor|[miss]\n|-miss|p1a: Sudowoodo|p2a: Scizor\n|\n|upkeep\n|turn|15\n|inactive|Time left: 300 sec this turn | 300 sec total\n|\n|t:|1783545270\n|switch|p1a: Orthworm|Orthworm, L88, F|266/266\n|move|p2a: Scizor|Bullet Punch|p1a: Orthworm\n|-resisted|p1a: Orthworm\n|-damage|p1a: Orthworm|232/266\n|\n|-heal|p1a: Orthworm|248/266|[from] item: Leftovers\n|upkeep\n|turn|16\n|inactive|Time left: 300 sec this turn | 300 sec total\n|\n|t:|1783545271\n|switch|p2a: Inteleon|Inteleon, L81, M|100/100\n|move|p1a: Orthworm|Stealth Rock|p2a: Inteleon\n|-sidestart|p2: p0y5357ad8|move: Stealth Rock\n|\n|-heal|p1a: Orthworm|264/266|[from] item: Leftovers\n|upkeep\n|turn|17\n|inactive|Time left: 300 sec this turn | 300 sec total\n|\n|t:|1783545272\n|switch|p1a: Hatterene|Hatterene, L85, F|236/236\n|move|p2a: Inteleon|Scald|p1a: Hatterene\n|-damage|p1a: Hatterene|151/236\n|\n|upkeep\n|turn|18\n|inactive|Time left: 300 sec this turn | 300 sec total\n|\n|t:|1783545273\n|move|p2a: Inteleon|Scald|p1a: Hatterene\n|-damage|p1a: Hatterene|66/236\n|move|p1a: Hatterene|Draining Kiss|p2a: Inteleon\n|-damage|p2a: Inteleon|60/100\n|-heal|p1a: Hatterene|140/236|[from] drain|[of] p2a: Inteleon\n|\n|upkeep\n|turn|19\n|inactive|Time left: 300 sec this turn | 300 sec total\n|\n|t:|1783545274\n|move|p2a: Inteleon|Scald|p1a: Hatterene\n|-damage|p1a: Hatterene|55/236\n|move|p1a: Hatterene|Psychic|p2a: Inteleon\n|-damage|p2a: Inteleon|0 fnt\n|faint|p2a: Inteleon\n|\n|upkeep\n|\n|t:|1783545274\n|switch|p2a: Scizor|Scizor, L79, F|100/100\n|-damage|p2a: Scizor|88/100|[from] Stealth Rock\n|turn|20\n|inactive|Time left: 300 sec this turn | 300 sec total\n|\n|t:|1783545275\n|switch|p1a: Clefable|Clefable, L83, F|293/293\n|move|p2a: Scizor|Bullet Punch|p1a: Clefable\n|-supereffective|p1a: Clefable\n|-damage|p1a: Clefable|53/293\n|\n|upkeep\n|turn|21\n|inactive|Time left: 300 sec this turn | 300 sec total\n|\n|t:|1783545276\n|switch|p1a: Orthworm|Orthworm, L88, F|264/266\n|move|p2a: Scizor|Bullet Punch|p1a: Orthworm\n|-resisted|p1a: Orthworm\n|-damage|p1a: Orthworm|228/266\n|\n|-heal|p1a: Orthworm|244/266|[from] item: Leftovers\n|upkeep\n|turn|22\n|inactive|Time left: 300 sec this turn | 300 sec total\n|\n|t:|1783545277\n|move|p2a: Scizor|Bullet Punch|p1a: Orthworm\n|-resisted|p1a: Orthworm\n|-damage|p1a: Orthworm|208/266\n|move|p1a: Orthworm|Body Press|p2a: Scizor\n|-damage|p2a: Scizor|51/100\n|\n|-heal|p1a: Orthworm|224/266|[from] item: Leftovers\n|upkeep\n|turn|23\n|inactive|Time left: 300 sec this turn | 300 sec total\n|\n|t:|1783545278\n|move|p2a: Scizor|Bullet Punch|p1a: Orthworm\n|-resisted|p1a: Orthworm\n|-damage|p1a: Orthworm|190/266\n|move|p1a: Orthworm|Body Press|p2a: Scizor\n|-damage|p2a: Scizor|19/100\n|\n|-heal|p1a: Orthworm|206/266|[from] item: Leftovers\n|upkeep\n|turn|24\n|inactive|Time left: 300 sec this turn | 300 sec total\n|\n|t:|1783545279\n|move|p2a: Scizor|Bullet Punch|p1a: Orthworm\n|-resisted|p1a: Orthworm\n|-damage|p1a: Orthworm|173/266\n|move|p1a: Orthworm|Body Press|p2a: Scizor\n|-damage|p2a: Scizor|0 fnt\n|faint|p2a: Scizor\n|\n|-heal|p1a: Orthworm|189/266|[from] item: Leftovers\n|upkeep\n|\n|t:|1783545280\n|switch|p2a: Meowstic|Meowstic-F, L89, F|100/100\n|-damage|p2a: Meowstic|88/100|[from] Stealth Rock\n|turn|25\n|inactive|Time left: 300 sec this turn | 300 sec total\n|\n|t:|1783545281\n|move|p2a: Meowstic|Nasty Plot|p2a: Meowstic\n|-boost|p2a: Meowstic|spa|2\n|move|p1a: Orthworm|Heavy Slam|p2a: Meowstic\n|-crit|p2a: Meowstic\n|-damage|p2a: Meowstic|15/100\n|\n|-heal|p1a: Orthworm|205/266|[from] item: Leftovers\n|upkeep\n|turn|26\n|inactive|Time left: 300 sec this turn | 300 sec total\n|\n|t:|1783545282\n|switch|p1a: Clefable|Clefable, L83, F|53/293\n|move|p2a: Meowstic|Thunderbolt|p1a: Clefable\n|-damage|p1a: Clefable|0 fnt\n|faint|p1a: Clefable\n|-damage|p2a: Meowstic|5/100|[from] item: Life Orb\n|\n|upkeep\n|inactive|Time left: 300 sec this turn | 300 sec total | 5 sec grace\n|\n|t:|1783545283\n|switch|p1a: Sudowoodo|Sudowoodo, L94, F|116/284\n|turn|27\n|inactive|Time left: 300 sec this turn | 300 sec total\n|\n|t:|1783545284\n|move|p1a: Sudowoodo|Sucker Punch|p2a: Meowstic\n|-supereffective|p2a: Meowstic\n|-damage|p2a: Meowstic|0 fnt\n|faint|p2a: Meowstic\n|\n|upkeep\n|\n|t:|1783545285\n|switch|p2a: Illumise|Illumise, L91, F|100/100\n|turn|28\n|inactive|Time left: 300 sec this turn | 300 sec total\n|\n|t:|1783545286\n|switch|p1a: Hatterene|Hatterene, L85, F|55/236\n|move|p2a: Illumise|Bug Buzz|p1a: Hatterene\n|-damage|p1a: Hatterene|6/236\n|\n|upkeep\n|turn|29\n|inactive|Time left: 300 sec this turn | 300 sec total\n|\n|t:|1783545287\n|move|p2a: Illumise|Bug Buzz|p1a: Hatterene\n|-damage|p1a: Hatterene|0 fnt\n|faint|p1a: Hatterene\n|\n|upkeep\n|inactive|Time left: 300 sec this turn | 300 sec total | 5 sec grace\n|\n|t:|1783545288\n|switch|p1a: Sudowoodo|Sudowoodo, L94, F|116/284\n|turn|30\n|inactive|Time left: 300 sec this turn | 300 sec total\n|\n|t:|1783545289\n|move|p2a: Illumise|Thunder Wave|p1a: Sudowoodo\n|-status|p1a: Sudowoodo|par\n|move|p1a: Sudowoodo|Head Smash|p2a: Illumise|[miss]\n|-miss|p1a: Sudowoodo|p2a: Illumise\n|\n|upkeep\n|turn|31\n|inactive|Time left: 300 sec this turn | 300 sec total\n|\n|t:|1783545290\n|move|p2a: Illumise|Bug Buzz|p1a: Sudowoodo\n|-crit|p1a: Sudowoodo\n|-damage|p1a: Sudowoodo|0 fnt\n|faint|p1a: Sudowoodo\n|\n|upkeep\n|inactive|Time left: 300 sec this turn | 300 sec total | 5 sec grace\n|\n|t:|1783545291\n|switch|p1a: Orthworm|Orthworm, L88, F|205/266\n|turn|32\n|inactive|Time left: 300 sec this turn | 300 sec total\n|\n|t:|1783545292\n|move|p2a: Illumise|Thunder Wave|p1a: Orthworm\n|-status|p1a: Orthworm|par\n|move|p1a: Orthworm|Heavy Slam|p2a: Illumise\n|-damage|p2a: Illumise|48/100\n|\n|-heal|p1a: Orthworm|221/266 par|[from] item: Leftovers\n|upkeep\n|turn|33\n|inactive|Time left: 300 sec this turn | 300 sec total\n|\n|t:|1783545294\n|move|p2a: Illumise|Roost|p2a: Illumise\n|-heal|p2a: Illumise|98/100\n|-singleturn|p2a: Illumise|move: Roost\n|move|p1a: Orthworm|Heavy Slam|p2a: Illumise\n|-damage|p2a: Illumise|48/100\n|\n|-heal|p1a: Orthworm|237/266 par|[from] item: Leftovers\n|upkeep\n|turn|34\n|inactive|Time left: 300 sec this turn | 300 sec total\n|\n|t:|1783545295\n|move|p2a: Illumise|Roost|p2a: Illumise\n|-heal|p2a: Illumise|98/100\n|-singleturn|p2a: Illumise|move: Roost\n|move|p1a: Orthworm|Heavy Slam|p2a: Illumise\n|-damage|p2a: Illumise|46/100\n|\n|-heal|p1a: Orthworm|253/266 par|[from] item: Leftovers\n|upkeep\n|turn|35\n|inactive|Time left: 300 sec this turn | 300 sec total\n|\n|t:|1783545296\n|move|p2a: Illumise|Roost|p2a: Illumise\n|-heal|p2a: Illumise|96/100\n|-singleturn|p2a: Illumise|move: Roost\n|move|p1a: Orthworm|Heavy Slam|p2a: Illumise\n|-damage|p2a: Illumise|49/100\n|\n|-heal|p1a: Orthworm|266/266 par|[from] item: Leftovers\n|upkeep\n|turn|36\n|inactive|Time left: 300 sec this turn | 300 sec total\n|\n|t:|1783545297\n|move|p2a: Illumise|Roost|p2a: Illumise\n|-heal|p2a: Illumise|99/100\n|-singleturn|p2a: Illumise|move: Roost\n|move|p1a: Orthworm|Heavy Slam|p2a: Illumise\n|-damage|p2a: Illumise|50/100\n|\n|upkeep\n|turn|37\n|inactive|Time left: 300 sec this turn | 300 sec total\n|\n|t:|1783545298\n|move|p2a: Illumise|Roost|p2a: Illumise\n|-heal|p2a: Illumise|99/100\n|-singleturn|p2a: Illumise|move: Roost\n|move|p1a: Orthworm|Heavy Slam|p2a: Illumise\n|-damage|p2a: Illumise|49/100\n|\n|upkeep\n|turn|38\n|inactive|Time left: 300 sec this turn | 300 sec total\n|\n|t:|1783545300\n|move|p2a: Illumise|Roost|p2a: Illumise\n|-heal|p2a: Illumise|99/100\n|-singleturn|p2a: Illumise|move: Roost\n|move|p1a: Orthworm|Heavy Slam|p2a: Illumise\n|-damage|p2a: Illumise|49/100\n|\n|upkeep\n|turn|39\n|inactive|Time left: 300 sec this turn | 300 sec total\n|\n|t:|1783545301\n|move|p2a: Illumise|Roost|p2a: Illumise\n|-heal|p2a: Illumise|99/100\n|-singleturn|p2a: Illumise|move: Roost\n|move|p1a: Orthworm|Heavy Slam|p2a: Illumise\n|-damage|p2a: Illumise|52/100\n|\n|upkeep\n|turn|40\n|inactive|Time left: 300 sec this turn | 300 sec total\n|\n|t:|1783545302\n|move|p2a: Illumise|Roost|p2a: Illumise\n|-heal|p2a: Illumise|100/100\n|-singleturn|p2a: Illumise|move: Roost\n|move|p1a: Orthworm|Heavy Slam|p2a: Illumise\n|-damage|p2a: Illumise|50/100\n|\n|upkeep\n|turn|41\n|inactive|Time left: 300 sec this turn | 300 sec total\n|\n|t:|1783545303\n|move|p2a: Illumise|Bug Buzz|p1a: Orthworm\n|-resisted|p1a: Orthworm\n|-damage|p1a: Orthworm|200/266 par\n|-unboost|p1a: Orthworm|spd|1\n|move|p1a: Orthworm|Heavy Slam|p2a: Illumise\n|-damage|p2a: Illumise|1/100\n|\n|-heal|p1a: Orthworm|216/266 par|[from] item: Leftovers\n|upkeep\n|turn|42\n|inactive|Time left: 300 sec this turn | 300 sec total\n|\n|t:|1783545304\n|move|p2a: Illumise|Bug Buzz|p1a: Orthworm\n|-resisted|p1a: Orthworm\n|-damage|p1a: Orthworm|127/266 par\n|-unboost|p1a: Orthworm|spd|1\n|move|p1a: Orthworm|Heavy Slam|p2a: Illumise\n|-damage|p2a: Illumise|0 fnt\n|faint|p2a: Illumise\n|\n|-heal|p1a: Orthworm|143/266 par|[from] item: Leftovers\n|upkeep\n|\n|t:|1783545305\n|switch|p2a: Calyrex|Calyrex-Ice, L72|69/100\n|-ability|p2a: Calyrex|As One\n|-ability|p2a: Calyrex|Unnerve\n|turn|43\n|inactive|Time left: 300 sec this turn | 300 sec total\n|\n|t:|1783545306\n|cant|p1a: Orthworm|par\n|move|p2a: Calyrex|Glacial Lance|p1a: Orthworm\n|-resisted|p1a: Orthworm\n|-damage|p1a: Orthworm|95/266 par\n|\n|-heal|p1a: Orthworm|111/266 par|[from] item: Leftovers\n|upkeep\n|turn|44\n|inactive|Time left: 300 sec this turn | 300 sec total\n|\n|t:|1783545307\n|move|p1a: Orthworm|Heavy Slam|p2a: Calyrex\n|-supereffective|p2a: Calyrex\n|-damage|p2a: Calyrex|43/100\n|move|p2a: Calyrex|Glacial Lance|p1a: Orthworm\n|-resisted|p1a: Orthworm\n|-damage|p1a: Orthworm|66/266 par\n|\n|-heal|p1a: Orthworm|82/266 par|[from] item: Leftovers\n|upkeep\n|turn|45\n|inactive|Time left: 300 sec this turn | 300 sec total\n|\n|t:|1783545308\n|cant|p1a: Orthworm|par\n|move|p2a: Calyrex|Glacial Lance|p1a: Orthworm\n|-resisted|p1a: Orthworm\n|-damage|p1a: Orthworm|35/266 par\n|\n|-heal|p1a: Orthworm|51/266 par|[from] item: Leftovers\n|upkeep\n|turn|46\n|inactive|Time left: 300 sec this turn | 300 sec total\n|\n|t:|1783545309\n|-terastallize|p1a: Orthworm|Ghost\n|move|p1a: Orthworm|Heavy Slam|p2a: Calyrex\n|-supereffective|p2a: Calyrex\n|-crit|p2a: Calyrex\n|-damage|p2a: Calyrex|5/100\n|move|p2a: Calyrex|Close Combat|p1a: Orthworm\n|-immune|p1a: Orthworm\n|\n|-heal|p1a: Orthworm|67/266 par|[from] item: Leftovers\n|upkeep\n|turn|47\n|inactive|Time left: 300 sec this turn | 300 sec total\n|\n|t:|1783545311\n|move|p1a: Orthworm|Shed Tail|p1a: Orthworm\n|-fail|p1a: Orthworm\n|move|p2a: Calyrex|Trick Room|p2a: Calyrex\n|-fieldstart|move: Trick Room|[of] p2a: Calyrex\n|\n|-heal|p1a: Orthworm|83/266 par|[from] item: Leftovers\n|upkeep\n|turn|48\n|inactive|Time left: 300 sec this turn | 300 sec total\n|\n|t:|1783545312\n|move|p2a: Calyrex|Glacial Lance|p1a: Orthworm\n|-damage|p1a: Orthworm|0 fnt\n|faint|p1a: Orthworm\n|\n|win|p0y5357ad8", "uploadtime": 1783545312, "views": 0, "rating": 0, "private": 0, "password": null, "_winner": "p0y5357ad8", "_our_name": "p0x5354ce4"}