{"id": "battle-gen9randombattle-2279", "formatid": "gen9randombattle", "format": "[Gen 9] Random Battle", "players": ["p0x22796d1d", "p0y22793b1b"], "log": "|init|battle\n|title|p0x22796d1d vs. p0y22793b1b\n|j|\u2606p0x22796d1d\n|j|\u2606p0y22793b1b\n|t:|1783566402\n|gametype|singles\n|player|p1|p0x22796d1d|265|\n|player|p2|p0y22793b1b|169|\n|gen|9\n|tier|[Gen 9] Random Battle\n|rule|Species Clause: Limit one of each Pok\u00e9mon\n|rule|HP Percentage Mod: HP is shown in percentages\n|rule|Sleep Clause Mod: Limit one foe put to sleep\n|rule|Illusion Level Mod: Illusion disguises the Pok\u00e9mon's true level\n|\n|t:|1783566402\n|teamsize|p1|6\n|teamsize|p2|6\n|start\n|switch|p1a: Iron Jugulis|Iron Jugulis, L77|100/100\n|switch|p2a: Skuntank|Skuntank, L84, F|310/310\n|turn|1\n|inactive|Battle timer is ON: inactive players will automatically lose when time's up. (requested by p0x22796d1d)\n|inactive|Time left: 300 sec this turn | 300 sec total | 60 sec grace\n|inactive|p0y22793b1b also wants the timer to be on.\n|\n|t:|1783566404\n|move|p1a: Iron Jugulis|Meteor Beam||[still]\n|-prepare|p1a: Iron Jugulis|Meteor Beam\n|-boost|p1a: Iron Jugulis|spa|1\n|-enditem|p1a: Iron Jugulis|Power Herb\n|-anim|p1a: Iron Jugulis|Meteor Beam|p2a: Skuntank|[miss]\n|-miss|p1a: Iron Jugulis|p2a: Skuntank\n|move|p2a: Skuntank|Gunk Shot|p1a: Iron Jugulis\n|-damage|p1a: Iron Jugulis|53/100\n|-status|p1a: Iron Jugulis|psn\n|\n|-damage|p1a: Iron Jugulis|40/100 psn|[from] psn\n|upkeep\n|turn|2\n|inactive|Time left: 300 sec this turn | 300 sec total\n|\n|t:|1783566405\n|move|p1a: Iron Jugulis|Earth Power|p2a: Skuntank\n|-supereffective|p2a: Skuntank\n|-damage|p2a: Skuntank|70/310\n|move|p2a: Skuntank|Gunk Shot|p1a: Iron Jugulis\n|-crit|p1a: Iron Jugulis\n|-damage|p1a: Iron Jugulis|0 fnt\n|faint|p1a: Iron Jugulis\n|-end|p1a: Iron Jugulis|Quark Drive|[silent]\n|\n|upkeep\n|\n|t:|1783566406\n|switch|p1a: Basculin|Basculin-Blue-Striped, L86, F|100/100\n|turn|3\n|inactive|Time left: 300 sec this turn | 300 sec total\n|\n|t:|1783566407\n|move|p1a: Basculin|Flip Turn|p2a: Skuntank\n|-damage|p2a: Skuntank|0 fnt\n|-damage|p1a: Basculin|76/100|[from] ability: Aftermath|[of] p2a: Skuntank\n|faint|p2a: Skuntank\n|\n|t:|1783566408\n|switch|p1a: Luxray|Luxray, L88, M|100/100|[from] Flip Turn\n|\n|-status|p1a: Luxray|brn|[from] item: Flame Orb\n|upkeep\n|inactive|Time left: 300 sec this turn | 300 sec total | 10 sec grace\n|\n|t:|1783566409\n|switch|p2a: Golurk|Golurk, L87|297/297\n|turn|4\n|inactive|Time left: 300 sec this turn | 300 sec total\n|\n|t:|1783566410\n|move|p1a: Luxray|Throat Chop|p2a: Golurk\n|-supereffective|p2a: Golurk\n|-damage|p2a: Golurk|75/297\n|-start|p2a: Golurk|Throat Chop|[silent]\n|move|p2a: Golurk|Earthquake|p1a: Luxray\n|-supereffective|p1a: Luxray\n|-damage|p1a: Luxray|0 fnt\n|faint|p1a: Luxray\n|-damage|p2a: Golurk|46/297|[from] item: Life Orb\n|\n|upkeep\n|\n|t:|1783566411\n|switch|p1a: Gardevoir|Gardevoir, L83, F|100/100\n|-ability|p1a: Gardevoir|No Guard|Trace|[from] ability: Trace|[of] p2a: Golurk\n|turn|5\n|inactive|Time left: 300 sec this turn | 300 sec total\n|\n|t:|1783566413\n|switch|p2a: Grumpig|Grumpig, L92, F|297/297\n|move|p1a: Gardevoir|Moonblast|p2a: Grumpig\n|-damage|p2a: Grumpig|200/297\n|\n|-heal|p2a: Grumpig|218/297|[from] item: Leftovers\n|upkeep\n|turn|6\n|inactive|Time left: 300 sec this turn | 300 sec total\n|\n|t:|1783566414\n|move|p1a: Gardevoir|Moonblast|p2a: Grumpig\n|-damage|p2a: Grumpig|121/297\n|-unboost|p2a: Grumpig|spa|1\n|move|p2a: Grumpig|Nasty Plot|p2a: Grumpig\n|-boost|p2a: Grumpig|spa|2\n|\n|-heal|p2a: Grumpig|139/297|[from] item: Leftovers\n|upkeep\n|turn|7\n|inactive|Time left: 300 sec this turn | 300 sec total\n|\n|t:|1783566415\n|move|p1a: Gardevoir|Moonblast|p2a: Grumpig\n|-damage|p2a: Grumpig|52/297\n|-unboost|p2a: Grumpig|spa|1\n|move|p2a: Grumpig|Shadow Ball|p1a: Gardevoir\n|-supereffective|p1a: Gardevoir\n|-damage|p1a: Gardevoir|56/100\n|\n|-heal|p2a: Grumpig|70/297|[from] item: Leftovers\n|upkeep\n|turn|8\n|inactive|Time left: 300 sec this turn | 300 sec total\n|\n|t:|1783566417\n|move|p1a: Gardevoir|Moonblast|p2a: Grumpig\n|-damage|p2a: Grumpig|0 fnt\n|faint|p2a: Grumpig\n|\n|upkeep\n|inactive|Time left: 300 sec this turn | 300 sec total | 5 sec grace\n|\n|t:|1783566418\n|switch|p2a: Furret|Furret, L94, F|312/312\n|-item|p1a: Gardevoir|Choice Scarf|[from] ability: Frisk|[of] p2a: Furret\n|turn|9\n|inactive|Time left: 300 sec this turn | 300 sec total\n|\n|t:|1783566419\n|move|p1a: Gardevoir|Moonblast|p2a: Furret\n|-damage|p2a: Furret|171/312\n|move|p2a: Furret|Double-Edge|p1a: Gardevoir\n|-damage|p1a: Gardevoir|0 fnt\n|faint|p1a: Gardevoir\n|-damage|p2a: Furret|125/312|[from] Recoil\n|-damage|p2a: Furret|94/312|[from] item: Life Orb\n|\n|upkeep\n|\n|t:|1783566420\n|switch|p1a: Barraskewda|Barraskewda, L81, M|100/100\n|turn|10\n|inactive|Time left: 300 sec this turn | 300 sec total\n|\n|t:|1783566421\n|switch|p2a: Golurk|Golurk, L87|46/297\n|move|p1a: Barraskewda|Waterfall|p2a: Golurk\n|-supereffective|p2a: Golurk\n|-damage|p2a: Golurk|0 fnt\n|faint|p2a: Golurk\n|\n|upkeep\n|inactive|Time left: 300 sec this turn | 300 sec total | 5 sec grace\n|\n|t:|1783566422\n|switch|p2a: Espathra|Espathra, L80, M|283/283\n|turn|11\n|inactive|Time left: 300 sec this turn | 300 sec total\n|\n|t:|1783566423\n|move|p1a: Barraskewda|Waterfall|p2a: Espathra\n|-damage|p2a: Espathra|96/283\n|move|p2a: Espathra|Lumina Crash|p1a: Barraskewda\n|-damage|p1a: Barraskewda|16/100\n|-unboost|p1a: Barraskewda|spd|2\n|\n|-ability|p2a: Espathra|Speed Boost|boost\n|-boost|p2a: Espathra|spe|1\n|upkeep\n|turn|12\n|inactive|Time left: 300 sec this turn | 300 sec total\n|\n|t:|1783566424\n|move|p2a: Espathra|Lumina Crash|p1a: Barraskewda\n|-damage|p1a: Barraskewda|0 fnt\n|faint|p1a: Barraskewda\n|\n|-ability|p2a: Espathra|Speed Boost|boost\n|-boost|p2a: Espathra|spe|1\n|upkeep\n|\n|t:|1783566425\n|switch|p1a: Basculin|Basculin-Blue-Striped, L86, F|76/100\n|turn|13\n|inactive|Time left: 300 sec this turn | 300 sec total\n|\n|t:|1783566426\n|move|p1a: Basculin|Aqua Jet|p2a: Espathra\n|-damage|p2a: Espathra|0 fnt\n|faint|p2a: Espathra\n|\n|upkeep\n|inactive|Time left: 300 sec this turn | 300 sec total | 5 sec grace\n|\n|t:|1783566426\n|switch|p2a: Illumise|Illumise, L91, F|266/266\n|turn|14\n|inactive|Time left: 300 sec this turn | 300 sec total\n|\n|t:|1783566427\n|move|p1a: Basculin|Aqua Jet|p2a: Illumise\n|-crit|p2a: Illumise\n|-damage|p2a: Illumise|132/266\n|move|p2a: Illumise|Bug Buzz|p1a: Basculin\n|-damage|p1a: Basculin|28/100\n|\n|upkeep\n|turn|15\n|inactive|Time left: 300 sec this turn | 300 sec total\n|\n|t:|1783566428\n|move|p1a: Basculin|Aqua Jet|p2a: Illumise\n|-damage|p2a: Illumise|44/266\n|move|p2a: Illumise|Roost|p2a: Illumise\n|-heal|p2a: Illumise|177/266\n|-singleturn|p2a: Illumise|move: Roost\n|\n|upkeep\n|turn|16\n|inactive|Time left: 300 sec this turn | 300 sec total\n|\n|t:|1783566429\n|move|p1a: Basculin|Aqua Jet|p2a: Illumise\n|-damage|p2a: Illumise|81/266\n|move|p2a: Illumise|Roost|p2a: Illumise\n|-heal|p2a: Illumise|214/266\n|-singleturn|p2a: Illumise|move: Roost\n|\n|upkeep\n|turn|17\n|inactive|Time left: 300 sec this turn | 300 sec total\n|\n|t:|1783566430\n|move|p1a: Basculin|Aqua Jet|p2a: Illumise\n|-damage|p2a: Illumise|116/266\n|move|p2a: Illumise|Bug Buzz|p1a: Basculin\n|-damage|p1a: Basculin|0 fnt\n|faint|p1a: Basculin\n|\n|upkeep\n|\n|t:|1783566431\n|switch|p1a: Grumpig|Grumpig, L92, M|100/100\n|turn|18\n|inactive|Time left: 300 sec this turn | 300 sec total\n|\n|t:|1783566431\n|-terastallize|p1a: Grumpig|Fighting\n|move|p2a: Illumise|Thunder Wave|p1a: Grumpig\n|-status|p1a: Grumpig|par\n|move|p1a: Grumpig|Psychic|p2a: Illumise\n|-damage|p2a: Illumise|22/266\n|\n|upkeep\n|turn|19\n|inactive|Time left: 300 sec this turn | 300 sec total\n|\n|t:|1783566433\n|move|p2a: Illumise|Roost|p2a: Illumise\n|-heal|p2a: Illumise|155/266\n|-singleturn|p2a: Illumise|move: Roost\n|move|p1a: Grumpig|Psychic|p2a: Illumise\n|-damage|p2a: Illumise|52/266\n|\n|upkeep\n|turn|20\n|inactive|Time left: 300 sec this turn | 300 sec total\n|\n|t:|1783566434\n|move|p2a: Illumise|Roost|p2a: Illumise\n|-heal|p2a: Illumise|185/266\n|-singleturn|p2a: Illumise|move: Roost\n|cant|p1a: Grumpig|par\n|\n|upkeep\n|turn|21\n|inactive|Time left: 300 sec this turn | 300 sec total\n|\n|t:|1783566435\n|move|p2a: Illumise|Roost|p2a: Illumise\n|-heal|p2a: Illumise|266/266\n|-singleturn|p2a: Illumise|move: Roost\n|move|p1a: Grumpig|Psychic|p2a: Illumise\n|-damage|p2a: Illumise|161/266\n|\n|upkeep\n|turn|22\n|inactive|Time left: 300 sec this turn | 300 sec total\n|\n|t:|1783566436\n|move|p2a: Illumise|Roost|p2a: Illumise\n|-heal|p2a: Illumise|266/266\n|-singleturn|p2a: Illumise|move: Roost\n|move|p1a: Grumpig|Psychic|p2a: Illumise\n|-crit|p2a: Illumise\n|-damage|p2a: Illumise|125/266\n|\n|upkeep\n|turn|23\n|inactive|Time left: 300 sec this turn | 300 sec total\n|\n|t:|1783566437\n|move|p2a: Illumise|Roost|p2a: Illumise\n|-heal|p2a: Illumise|258/266\n|-singleturn|p2a: Illumise|move: Roost\n|move|p1a: Grumpig|Psychic|p2a: Illumise\n|-damage|p2a: Illumise|149/266\n|\n|upkeep\n|turn|24\n|inactive|Time left: 300 sec this turn | 300 sec total\n|\n|t:|1783566438\n|move|p2a: Illumise|Roost|p2a: Illumise\n|-heal|p2a: Illumise|266/266\n|-singleturn|p2a: Illumise|move: Roost\n|cant|p1a: Grumpig|par\n|\n|upkeep\n|turn|25\n|inactive|Time left: 300 sec this turn | 300 sec total\n|\n|t:|1783566439\n|switch|p2a: Furret|Furret, L94, F|94/312\n|-item|p1a: Grumpig|Choice Scarf|[from] ability: Frisk|[of] p2a: Furret\n|move|p1a: Grumpig|Psychic|p2a: Furret\n|-damage|p2a: Furret|0 fnt\n|faint|p2a: Furret\n|\n|upkeep\n|inactive|Time left: 300 sec this turn | 300 sec total | 5 sec grace\n|\n|t:|1783566440\n|switch|p2a: Illumise|Illumise, L91, F|266/266\n|turn|26\n|inactive|Time left: 300 sec this turn | 300 sec total\n|\n|t:|1783566440\n|move|p2a: Illumise|Bug Buzz|p1a: Grumpig\n|-resisted|p1a: Grumpig\n|-damage|p1a: Grumpig|89/100 par\n|cant|p1a: Grumpig|par\n|\n|upkeep\n|turn|27\n|inactive|Time left: 300 sec this turn | 300 sec total\n|\n|t:|1783566441\n|move|p2a: Illumise|Bug Buzz|p1a: Grumpig\n|-resisted|p1a: Grumpig\n|-damage|p1a: Grumpig|78/100 par\n|move|p1a: Grumpig|Psychic|p2a: Illumise\n|-damage|p2a: Illumise|169/266\n|\n|upkeep\n|turn|28\n|inactive|Time left: 300 sec this turn | 300 sec total\n|\n|t:|1783566442\n|-terastallize|p2a: Illumise|Water\n|move|p2a: Illumise|Bug Buzz|p1a: Grumpig\n|-resisted|p1a: Grumpig\n|-damage|p1a: Grumpig|65/100 par\n|move|p1a: Grumpig|Psychic|p2a: Illumise\n|-damage|p2a: Illumise|73/266\n|\n|upkeep\n|turn|29\n|inactive|Time left: 300 sec this turn | 300 sec total\n|\n|t:|1783566443\n|move|p2a: Illumise|Bug Buzz|p1a: Grumpig\n|-resisted|p1a: Grumpig\n|-damage|p1a: Grumpig|54/100 par\n|-unboost|p1a: Grumpig|spd|1\n|move|p1a: Grumpig|Psychic|p2a: Illumise\n|-damage|p2a: Illumise|0 fnt\n|faint|p2a: Illumise\n|\n|win|p0x22796d1d", "uploadtime": 1783566443, "views": 0, "rating": 0, "private": 0, "password": null, "_winner": "p0x22796d1d", "_our_name": "p0y22793b1b"}