{"id": "battle-gen9randombattle-48", "formatid": "gen9randombattle", "format": "[Gen 9] Random Battle", "players": ["p0x048094a", "p0y048306f"], "log": "|init|battle\n|title|p0x048094a vs. p0y048306f\n|j|\u2606p0x048094a\n|j|\u2606p0y048306f\n|t:|1783534350\n|gametype|singles\n|player|p1|p0x048094a|169|\n|player|p2|p0y048306f|266|\n|gen|9\n|tier|[Gen 9] Random Battle\n|rule|Species Clause: Limit one of each Pok\u00e9mon\n|rule|HP Percentage Mod: HP is shown in percentages\n|rule|Sleep Clause Mod: Limit one foe put to sleep\n|rule|Illusion Level Mod: Illusion disguises the Pok\u00e9mon's true level\n|\n|t:|1783534350\n|teamsize|p1|6\n|teamsize|p2|6\n|start\n|switch|p1a: Haxorus|Haxorus, L77, F|100/100\n|switch|p2a: Yanmega|Yanmega, L82, F|275/275\n|-ability|p1a: Haxorus|Mold Breaker\n|turn|1\n|inactive|Battle timer is ON: inactive players will automatically lose when time's up. (requested by p0y048306f)\n|inactive|p0x048094a also wants the timer to be on.\n|\n|t:|1783534351\n|move|p2a: Yanmega|Bug Buzz|p1a: Haxorus\n|-damage|p1a: Haxorus|16/100\n|move|p1a: Haxorus|Outrage|p2a: Yanmega\n|-damage|p2a: Yanmega|112/275\n|\n|upkeep\n|turn|2\n|inactive|Time left: 300 sec this turn | 300 sec total\n|\n|t:|1783534352\n|move|p2a: Yanmega|Bug Buzz|p1a: Haxorus\n|-damage|p1a: Haxorus|0 fnt\n|faint|p1a: Haxorus\n|\n|upkeep\n|\n|t:|1783534353\n|switch|p1a: Iron Boulder|Iron Boulder, L77|100/100\n|turn|3\n|inactive|Time left: 300 sec this turn | 300 sec total\n|\n|t:|1783534354\n|move|p1a: Iron Boulder|Mighty Cleave|p2a: Yanmega\n|-supereffective|p2a: Yanmega\n|-damage|p2a: Yanmega|0 fnt\n|faint|p2a: Yanmega\n|-damage|p1a: Iron Boulder|91/100|[from] item: Life Orb\n|\n|upkeep\n|inactive|Time left: 300 sec this turn | 300 sec total | 5 sec grace\n|\n|t:|1783534355\n|switch|p2a: Lurantis|Lurantis, L87, M|264/264\n|turn|4\n|inactive|Time left: 300 sec this turn | 300 sec total\n|\n|t:|1783534356\n|-end|p1a: Iron Boulder|Quark Drive|[silent]\n|switch|p1a: Vespiquen|Vespiquen, L99, F|100/100\n|-ability|p1a: Vespiquen|Pressure\n|move|p2a: Lurantis|Superpower|p1a: Vespiquen\n|-resisted|p1a: Vespiquen\n|-damage|p1a: Vespiquen|94/100\n|-boost|p2a: Lurantis|atk|1\n|-boost|p2a: Lurantis|def|1\n|\n|upkeep\n|turn|5\n|inactive|Time left: 300 sec this turn | 300 sec total\n|\n|t:|1783534357\n|move|p1a: Vespiquen|Hurricane|p2a: Lurantis\n|-supereffective|p2a: Lurantis\n|-damage|p2a: Lurantis|72/264\n|move|p2a: Lurantis|Superpower|p1a: Vespiquen\n|-resisted|p1a: Vespiquen\n|-damage|p1a: Vespiquen|85/100\n|-boost|p2a: Lurantis|atk|1\n|-boost|p2a: Lurantis|def|1\n|\n|upkeep\n|turn|6\n|inactive|Time left: 300 sec this turn | 300 sec total\n|\n|t:|1783534358\n|move|p1a: Vespiquen|Hurricane|p2a: Lurantis\n|-supereffective|p2a: Lurantis\n|-damage|p2a: Lurantis|0 fnt\n|faint|p2a: Lurantis\n|\n|upkeep\n|inactive|Time left: 300 sec this turn | 300 sec total | 5 sec grace\n|\n|t:|1783534359\n|switch|p2a: Flareon|Flareon, L90, M|263/263\n|turn|7\n|inactive|Time left: 300 sec this turn | 300 sec total\n|\n|t:|1783534360\n|switch|p1a: Regirock|Regirock, L83|100/100\n|move|p2a: Flareon|Flare Blitz|p1a: Regirock\n|-resisted|p1a: Regirock\n|-damage|p1a: Regirock|83/100\n|-damage|p2a: Flareon|247/263|[from] Recoil\n|\n|-heal|p1a: Regirock|89/100|[from] item: Leftovers\n|-status|p2a: Flareon|tox|[from] item: Toxic Orb\n|upkeep\n|turn|8\n|inactive|Time left: 300 sec this turn | 300 sec total\n|\n|t:|1783534361\n|switch|p2a: Lapras|Lapras, L87, M|367/367\n|move|p1a: Regirock|Stone Edge|p2a: Lapras|[miss]\n|-miss|p1a: Regirock|p2a: Lapras\n|\n|-heal|p1a: Regirock|95/100|[from] item: Leftovers\n|upkeep\n|turn|9\n|inactive|Time left: 300 sec this turn | 300 sec total\n|\n|t:|1783534362\n|move|p2a: Lapras|Hydro Pump|p1a: Regirock\n|-supereffective|p1a: Regirock\n|-damage|p1a: Regirock|0 fnt\n|faint|p1a: Regirock\n|\n|upkeep\n|\n|t:|1783534363\n|switch|p1a: Smeargle|Smeargle, L95, F|100/100\n|turn|10\n|inactive|Time left: 300 sec this turn | 300 sec total\n|\n|t:|1783534364\n|move|p1a: Smeargle|Sticky Web|p2a: Lapras\n|-sidestart|p2: p0y048306f|move: Sticky Web\n|move|p2a: Lapras|Hydro Pump|p1a: Smeargle\n|-crit|p1a: Smeargle\n|-enditem|p1a: Smeargle|Focus Sash\n|-damage|p1a: Smeargle|1/100\n|\n|upkeep\n|turn|11\n|inactive|Time left: 300 sec this turn | 300 sec total\n|\n|t:|1783534365\n|move|p1a: Smeargle|Ceaseless Edge|p2a: Lapras\n|-damage|p2a: Lapras|343/367\n|-sidestart|p2: p0y048306f|Spikes\n|move|p2a: Lapras|Hydro Pump|p1a: Smeargle|[miss]\n|-miss|p2a: Lapras|p1a: Smeargle\n|\n|upkeep\n|turn|12\n|inactive|Time left: 300 sec this turn | 300 sec total\n|\n|t:|1783534366\n|move|p1a: Smeargle|Ceaseless Edge|p2a: Lapras|[miss]\n|-miss|p1a: Smeargle|p2a: Lapras\n|move|p2a: Lapras|Hydro Pump|p1a: Smeargle\n|-crit|p1a: Smeargle\n|-damage|p1a: Smeargle|0 fnt\n|faint|p1a: Smeargle\n|\n|upkeep\n|\n|t:|1783534367\n|switch|p1a: Venusaur|Venusaur, L84, F|100/100\n|turn|13\n|inactive|Time left: 300 sec this turn | 300 sec total\n|\n|t:|1783534368\n|move|p1a: Venusaur|Sludge Bomb|p2a: Lapras\n|-damage|p2a: Lapras|252/367\n|move|p2a: Lapras|Hydro Pump|p1a: Venusaur|[miss]\n|-miss|p2a: Lapras|p1a: Venusaur\n|\n|upkeep\n|turn|14\n|inactive|Time left: 300 sec this turn | 300 sec total\n|\n|t:|1783534369\n|move|p1a: Venusaur|Knock Off|p2a: Lapras\n|-damage|p2a: Lapras|192/367\n|-enditem|p2a: Lapras|Choice Specs|[from] move: Knock Off|[of] p1a: Venusaur\n|move|p2a: Lapras|Hydro Pump|p1a: Venusaur|[miss]\n|-miss|p2a: Lapras|p1a: Venusaur\n|\n|upkeep\n|turn|15\n|inactive|Time left: 300 sec this turn | 300 sec total\n|\n|t:|1783534370\n|move|p1a: Venusaur|Energy Ball|p2a: Lapras\n|-supereffective|p2a: Lapras\n|-damage|p2a: Lapras|16/367\n|-unboost|p2a: Lapras|spd|1\n|move|p2a: Lapras|Ice Beam|p1a: Venusaur\n|-supereffective|p1a: Venusaur\n|-damage|p1a: Venusaur|43/100\n|\n|-heal|p1a: Venusaur|49/100|[from] item: Leftovers\n|upkeep\n|turn|16\n|inactive|Time left: 300 sec this turn | 300 sec total\n|\n|t:|1783534371\n|move|p1a: Venusaur|Knock Off|p2a: Lapras\n|-damage|p2a: Lapras|0 fnt\n|faint|p2a: Lapras\n|\n|-heal|p1a: Venusaur|56/100|[from] item: Leftovers\n|upkeep\n|inactive|Time left: 300 sec this turn | 300 sec total | 5 sec grace\n|\n|t:|1783534372\n|switch|p2a: Flareon|Flareon, L90, M|247/263 tox\n|-activate|p2a: Flareon|move: Sticky Web\n|-unboost|p2a: Flareon|spe|1\n|-damage|p2a: Flareon|215/263 tox|[from] Spikes\n|turn|17\n|inactive|Time left: 300 sec this turn | 300 sec total\n|\n|t:|1783534373\n|move|p1a: Venusaur|Synthesis|p1a: Venusaur\n|-heal|p1a: Venusaur|100/100\n|move|p2a: Flareon|Facade|p1a: Venusaur\n|-damage|p1a: Venusaur|13/100\n|\n|-heal|p1a: Venusaur|19/100|[from] item: Leftovers\n|-damage|p2a: Flareon|199/263 tox|[from] psn\n|upkeep\n|turn|18\n|inactive|Time left: 300 sec this turn | 300 sec total\n|\n|t:|1783534374\n|move|p1a: Venusaur|Sludge Bomb|p2a: Flareon\n|-damage|p2a: Flareon|117/263 tox\n|move|p2a: Flareon|Flare Blitz|p1a: Venusaur\n|-supereffective|p1a: Venusaur\n|-damage|p1a: Venusaur|0 fnt\n|faint|p1a: Venusaur\n|-damage|p2a: Flareon|100/263 tox|[from] Recoil\n|\n|-damage|p2a: Flareon|68/263 tox|[from] psn\n|upkeep\n|\n|t:|1783534375\n|switch|p1a: Iron Boulder|Iron Boulder, L77|91/100\n|turn|19\n|inactive|Time left: 300 sec this turn | 300 sec total\n|\n|t:|1783534376\n|move|p1a: Iron Boulder|Mighty Cleave|p2a: Flareon\n|-supereffective|p2a: Flareon\n|-damage|p2a: Flareon|0 fnt\n|faint|p2a: Flareon\n|-damage|p1a: Iron Boulder|81/100|[from] item: Life Orb\n|\n|upkeep\n|inactive|Time left: 300 sec this turn | 300 sec total | 5 sec grace\n|\n|t:|1783534377\n|switch|p2a: Phione|Phione, L91|293/293\n|-activate|p2a: Phione|move: Sticky Web\n|-unboost|p2a: Phione|spe|1\n|-damage|p2a: Phione|257/293|[from] Spikes\n|turn|20\n|inactive|Time left: 300 sec this turn | 300 sec total\n|\n|t:|1783534378\n|-terastallize|p1a: Iron Boulder|Fighting\n|move|p1a: Iron Boulder|Swords Dance|p1a: Iron Boulder\n|-boost|p1a: Iron Boulder|atk|2\n|move|p2a: Phione|Scald|p1a: Iron Boulder\n|-damage|p1a: Iron Boulder|51/100\n|\n|-heal|p2a: Phione|275/293|[from] item: Leftovers\n|upkeep\n|turn|21\n|inactive|Time left: 300 sec this turn | 300 sec total\n|\n|t:|1783534379\n|move|p1a: Iron Boulder|Close Combat|p2a: Phione\n|-damage|p2a: Phione|0 fnt\n|-unboost|p1a: Iron Boulder|def|1\n|-unboost|p1a: Iron Boulder|spd|1\n|faint|p2a: Phione\n|-damage|p1a: Iron Boulder|41/100|[from] item: Life Orb\n|\n|upkeep\n|inactive|Time left: 300 sec this turn | 300 sec total | 5 sec grace\n|\n|t:|1783534380\n|switch|p2a: Tauros|Tauros, L82, M|257/257\n|-activate|p2a: Tauros|move: Sticky Web\n|-unboost|p2a: Tauros|spe|1\n|-damage|p2a: Tauros|225/257|[from] Spikes\n|turn|22\n|inactive|Time left: 300 sec this turn | 300 sec total\n|\n|t:|1783534380\n|-terastallize|p2a: Tauros|Fighting\n|move|p1a: Iron Boulder|Mighty Cleave|p2a: Tauros\n|-resisted|p2a: Tauros\n|-crit|p2a: Tauros\n|-damage|p2a: Tauros|22/257\n|-damage|p1a: Iron Boulder|31/100|[from] item: Life Orb\n|move|p2a: Tauros|Body Slam|p1a: Iron Boulder\n|-damage|p1a: Iron Boulder|0 fnt\n|faint|p1a: Iron Boulder\n|-end|p1a: Iron Boulder|Quark Drive|[silent]\n|\n|upkeep\n|\n|t:|1783534381\n|switch|p1a: Vespiquen|Vespiquen, L99, F|85/100\n|-ability|p1a: Vespiquen|Pressure\n|turn|23\n|inactive|Time left: 300 sec this turn | 300 sec total\n|\n|t:|1783534382\n|move|p2a: Tauros|Earthquake|p1a: Vespiquen\n|-immune|p1a: Vespiquen\n|move|p1a: Vespiquen|Roost|p1a: Vespiquen\n|-heal|p1a: Vespiquen|100/100\n|-singleturn|p1a: Vespiquen|move: Roost\n|\n|upkeep\n|turn|24\n|inactive|Time left: 300 sec this turn | 300 sec total\n|\n|t:|1783534383\n|move|p2a: Tauros|Earthquake|p1a: Vespiquen\n|-immune|p1a: Vespiquen\n|move|p1a: Vespiquen|Roost||[still]\n|-fail|p1a: Vespiquen|heal\n|\n|upkeep\n|turn|25\n|inactive|Time left: 300 sec this turn | 300 sec total\n|\n|t:|1783534384\n|move|p2a: Tauros|Earthquake|p1a: Vespiquen\n|-immune|p1a: Vespiquen\n|move|p1a: Vespiquen|Roost||[still]\n|-fail|p1a: Vespiquen|heal\n|\n|upkeep\n|turn|26\n|inactive|Time left: 300 sec this turn | 300 sec total\n|\n|t:|1783534385\n|move|p2a: Tauros|Body Slam|p1a: Vespiquen\n|-damage|p1a: Vespiquen|63/100\n|move|p1a: Vespiquen|Toxic Spikes|p2a: Tauros\n|-sidestart|p2: p0y048306f|move: Toxic Spikes\n|\n|upkeep\n|turn|27\n|inactive|Time left: 300 sec this turn | 300 sec total\n|\n|t:|1783534386\n|move|p2a: Tauros|Body Slam|p1a: Vespiquen\n|-damage|p1a: Vespiquen|22/100\n|move|p1a: Vespiquen|Roost|p1a: Vespiquen\n|-heal|p1a: Vespiquen|72/100\n|-singleturn|p1a: Vespiquen|move: Roost\n|\n|upkeep\n|turn|28\n|inactive|Time left: 300 sec this turn | 300 sec total\n|\n|t:|1783534387\n|move|p2a: Tauros|Earthquake|p1a: Vespiquen\n|-immune|p1a: Vespiquen\n|move|p1a: Vespiquen|Hurricane|p2a: Tauros\n|-supereffective|p2a: Tauros\n|-damage|p2a: Tauros|0 fnt\n|faint|p2a: Tauros\n|\n|win|p0x048094a", "uploadtime": 1783534387, "views": 0, "rating": 0, "private": 0, "password": null, "_winner": "p0x048094a", "_our_name": "p0y048306f"}