{"id": "battle-gen9randombattle-1102", "formatid": "gen9randombattle", "format": "[Gen 9] Random Battle", "players": ["p0x11024661", "p0y1102591d"], "log": "|init|battle\n|title|p0x11024661 vs. p0y1102591d\n|j|\u2606p0x11024661\n|j|\u2606p0y1102591d\n|t:|1783552746\n|gametype|singles\n|player|p1|p0x11024661|1|\n|player|p2|p0y1102591d|169|\n|gen|9\n|tier|[Gen 9] Random Battle\n|rule|Species Clause: Limit one of each Pok\u00e9mon\n|rule|HP Percentage Mod: HP is shown in percentages\n|rule|Sleep Clause Mod: Limit one foe put to sleep\n|rule|Illusion Level Mod: Illusion disguises the Pok\u00e9mon's true level\n|\n|t:|1783552746\n|teamsize|p1|6\n|teamsize|p2|6\n|start\n|switch|p1a: Whimsicott|Whimsicott, L84, F|238/238\n|switch|p2a: Scizor|Scizor, L79, M|100/100\n|turn|1\n|inactive|Battle timer is ON: inactive players will automatically lose when time's up. (requested by p0y1102591d)\n|inactive|Time left: 300 sec this turn | 300 sec total | 60 sec grace\n|inactive|p0x11024661 also wants the timer to be on.\n|\n|t:|1783552748\n|switch|p1a: Porygon2|Porygon2, L81|270/270\n|-ability|p1a: Porygon2|Download|boost\n|-boost|p1a: Porygon2|spa|1\n|move|p2a: Scizor|Bullet Punch|p1a: Porygon2\n|-damage|p1a: Porygon2|198/270\n|\n|upkeep\n|turn|2\n|inactive|Time left: 300 sec this turn | 300 sec total\n|\n|t:|1783552749\n|move|p2a: Scizor|Bullet Punch|p1a: Porygon2\n|-damage|p1a: Porygon2|126/270\n|move|p1a: Porygon2|Tera Blast|p2a: Scizor\n|-resisted|p2a: Scizor\n|-damage|p2a: Scizor|72/100\n|\n|upkeep\n|turn|3\n|inactive|Time left: 300 sec this turn | 300 sec total\n|\n|t:|1783552750\n|move|p2a: Scizor|Bullet Punch|p1a: Porygon2\n|-damage|p1a: Porygon2|51/270\n|move|p1a: Porygon2|Recover|p1a: Porygon2\n|-heal|p1a: Porygon2|186/270\n|\n|upkeep\n|turn|4\n|inactive|Time left: 300 sec this turn | 300 sec total\n|\n|t:|1783552751\n|move|p2a: Scizor|Bullet Punch|p1a: Porygon2\n|-damage|p1a: Porygon2|113/270\n|move|p1a: Porygon2|Shadow Ball|p2a: Scizor\n|-damage|p2a: Scizor|30/100\n|\n|upkeep\n|turn|5\n|inactive|Time left: 300 sec this turn | 300 sec total\n|\n|t:|1783552752\n|move|p2a: Scizor|Bullet Punch|p1a: Porygon2\n|-damage|p1a: Porygon2|46/270\n|move|p1a: Porygon2|Recover|p1a: Porygon2\n|-heal|p1a: Porygon2|181/270\n|\n|upkeep\n|turn|6\n|inactive|Time left: 300 sec this turn | 300 sec total\n|\n|t:|1783552753\n|move|p2a: Scizor|Bullet Punch|p1a: Porygon2\n|-damage|p1a: Porygon2|109/270\n|move|p1a: Porygon2|Recover|p1a: Porygon2\n|-heal|p1a: Porygon2|244/270\n|\n|upkeep\n|turn|7\n|inactive|Time left: 300 sec this turn | 300 sec total\n|\n|t:|1783552754\n|move|p2a: Scizor|Bullet Punch|p1a: Porygon2\n|-damage|p1a: Porygon2|168/270\n|move|p1a: Porygon2|Tera Blast|p2a: Scizor\n|-resisted|p2a: Scizor\n|-damage|p2a: Scizor|0 fnt\n|faint|p2a: Scizor\n|\n|upkeep\n|\n|t:|1783552755\n|switch|p2a: Urshifu|Urshifu-Rapid-Strike, L75, F|100/100\n|turn|8\n|inactive|Time left: 300 sec this turn | 300 sec total\n|\n|t:|1783552757\n|-terastallize|p2a: Urshifu|Water\n|move|p2a: Urshifu|Surging Strikes|p1a: Porygon2\n|-crit|p1a: Porygon2\n|-damage|p1a: Porygon2|114/270\n|-crit|p1a: Porygon2\n|-damage|p1a: Porygon2|60/270\n|-crit|p1a: Porygon2\n|-damage|p1a: Porygon2|0 fnt\n|faint|p1a: Porygon2\n|-hitcount|p1: Porygon2|3\n|\n|upkeep\n|inactive|Time left: 300 sec this turn | 300 sec total | 5 sec grace\n|\n|t:|1783552757\n|switch|p1a: Haxorus|Haxorus, L77, F|244/244\n|-ability|p1a: Haxorus|Mold Breaker\n|turn|9\n|inactive|Time left: 300 sec this turn | 300 sec total\n|\n|t:|1783552759\n|move|p1a: Haxorus|Outrage|p2a: Urshifu\n|-damage|p2a: Urshifu|49/100\n|move|p2a: Urshifu|Surging Strikes|p1a: Haxorus\n|-resisted|p1a: Haxorus\n|-crit|p1a: Haxorus\n|-damage|p1a: Haxorus|200/244\n|-resisted|p1a: Haxorus\n|-crit|p1a: Haxorus\n|-damage|p1a: Haxorus|155/244\n|-resisted|p1a: Haxorus\n|-crit|p1a: Haxorus\n|-damage|p1a: Haxorus|114/244\n|-hitcount|p1a: Haxorus|3\n|\n|upkeep\n|turn|10\n|inactive|Time left: 300 sec this turn | 300 sec total\n|\n|t:|1783552760\n|switch|p2a: Iron Bundle|Iron Bundle, L78|100/100\n|move|p1a: Haxorus|Outrage|p2a: Iron Bundle|[from] lockedmove\n|-damage|p2a: Iron Bundle|43/100\n|-start|p1a: Haxorus|confusion|[fatigue]\n|-enditem|p1a: Haxorus|Lum Berry|[eat]\n|-end|p1a: Haxorus|confusion\n|\n|upkeep\n|turn|11\n|inactive|Time left: 300 sec this turn | 300 sec total\n|\n|t:|1783552761\n|-terastallize|p1a: Haxorus|Steel\n|move|p2a: Iron Bundle|Ice Beam|p1a: Haxorus\n|-resisted|p1a: Haxorus\n|-damage|p1a: Haxorus|47/244\n|move|p1a: Haxorus|Outrage|p2a: Iron Bundle\n|-damage|p2a: Iron Bundle|0 fnt\n|faint|p2a: Iron Bundle\n|-end|p2a: Iron Bundle|Quark Drive|[silent]\n|\n|upkeep\n|\n|t:|1783552762\n|switch|p2a: Roaring Moon|Roaring Moon, L72|100/100\n|turn|12\n|inactive|Time left: 300 sec this turn | 300 sec total\n|\n|t:|1783552763\n|move|p2a: Roaring Moon|Knock Off|p1a: Haxorus\n|-damage|p1a: Haxorus|0 fnt\n|faint|p1a: Haxorus\n|\n|upkeep\n|inactive|Time left: 300 sec this turn | 300 sec total | 5 sec grace\n|\n|t:|1783552764\n|switch|p1a: Whimsicott|Whimsicott, L84, F|238/238\n|turn|13\n|inactive|Time left: 300 sec this turn | 300 sec total\n|\n|t:|1783552766\n|-end|p2a: Roaring Moon|Protosynthesis|[silent]\n|switch|p2a: Uxie|Uxie, L83|100/100\n|move|p1a: Whimsicott|Moonblast|p2a: Uxie\n|-damage|p2a: Uxie|77/100\n|\n|-heal|p2a: Uxie|84/100|[from] item: Leftovers\n|upkeep\n|turn|14\n|inactive|Time left: 300 sec this turn | 300 sec total\n|\n|t:|1783552767\n|move|p1a: Whimsicott|Moonblast|p2a: Uxie\n|-damage|p2a: Uxie|58/100\n|move|p2a: Uxie|Stealth Rock|p1a: Whimsicott\n|-sidestart|p1: p0x11024661|move: Stealth Rock\n|\n|-heal|p2a: Uxie|64/100|[from] item: Leftovers\n|upkeep\n|turn|15\n|inactive|Time left: 300 sec this turn | 300 sec total\n|\n|t:|1783552768\n|move|p1a: Whimsicott|Moonblast|p2a: Uxie\n|-damage|p2a: Uxie|42/100\n|move|p2a: Uxie|Psychic Noise|p1a: Whimsicott\n|-damage|p1a: Whimsicott|166/238\n|-start|p1a: Whimsicott|move: Heal Block\n|\n|-heal|p2a: Uxie|48/100|[from] item: Leftovers\n|upkeep\n|turn|16\n|inactive|Time left: 300 sec this turn | 300 sec total\n|\n|t:|1783552769\n|move|p1a: Whimsicott|Moonblast|p2a: Uxie\n|-damage|p2a: Uxie|24/100\n|move|p2a: Uxie|U-turn|p1a: Whimsicott\n|-damage|p1a: Whimsicott|125/238\n|\n|t:|1783552770\n|switch|p2a: Urshifu|Urshifu-Rapid-Strike, L75, F, tera:Water|49/100|[from] U-turn\n|\n|-end|p1a: Whimsicott|move: Heal Block\n|upkeep\n|turn|17\n|inactive|Time left: 300 sec this turn | 300 sec total\n|\n|t:|1783552771\n|move|p1a: Whimsicott|Giga Drain|p2a: Urshifu\n|-supereffective|p2a: Urshifu\n|-damage|p2a: Urshifu|0 fnt\n|-heal|p1a: Whimsicott|191/238|[from] drain|[of] p2a: Urshifu\n|faint|p2a: Urshifu\n|\n|-heal|p1a: Whimsicott|205/238|[from] item: Leftovers\n|upkeep\n|\n|t:|1783552772\n|switch|p2a: Uxie|Uxie, L83|24/100\n|turn|18\n|inactive|Time left: 300 sec this turn | 300 sec total\n|\n|t:|1783552773\n|move|p1a: Whimsicott|Moonblast|p2a: Uxie\n|-damage|p2a: Uxie|0 fnt\n|faint|p2a: Uxie\n|\n|-heal|p1a: Whimsicott|219/238|[from] item: Leftovers\n|upkeep\n|\n|t:|1783552774\n|switch|p2a: Lilligant|Lilligant-Hisui, L79, F|100/100\n|turn|19\n|inactive|Time left: 300 sec this turn | 300 sec total\n|\n|t:|1783552775\n|move|p1a: Whimsicott|Moonblast|p2a: Lilligant\n|-supereffective|p2a: Lilligant\n|-damage|p2a: Lilligant|12/100\n|-unboost|p2a: Lilligant|spa|1\n|move|p2a: Lilligant|Victory Dance|p2a: Lilligant\n|-boost|p2a: Lilligant|atk|1\n|-boost|p2a: Lilligant|def|1\n|-boost|p2a: Lilligant|spe|1\n|\n|-heal|p1a: Whimsicott|233/238|[from] item: Leftovers\n|upkeep\n|turn|20\n|inactive|Time left: 300 sec this turn | 300 sec total\n|\n|t:|1783552777\n|move|p2a: Lilligant|Ice Spinner|p1a: Whimsicott\n|-supereffective|p1a: Whimsicott\n|-damage|p1a: Whimsicott|0 fnt\n|faint|p1a: Whimsicott\n|\n|upkeep\n|inactive|Time left: 300 sec this turn | 300 sec total | 5 sec grace\n|\n|t:|1783552778\n|switch|p1a: Lokix|Lokix, L82, F|251/251\n|-damage|p1a: Lokix|189/251|[from] Stealth Rock\n|turn|21\n|inactive|Time left: 300 sec this turn | 300 sec total\n|\n|t:|1783552779\n|move|p1a: Lokix|First Impression|p2a: Lilligant\n|-damage|p2a: Lilligant|0 fnt\n|faint|p2a: Lilligant\n|-damage|p1a: Lokix|164/251|[from] item: Life Orb\n|\n|upkeep\n|\n|t:|1783552780\n|switch|p2a: Roaring Moon|Roaring Moon, L72|100/100\n|turn|22\n|inactive|Time left: 300 sec this turn | 300 sec total\n|\n|t:|1783552780\n|move|p2a: Roaring Moon|Iron Head|p1a: Lokix\n|-damage|p1a: Lokix|68/251\n|move|p1a: Lokix|Leech Life|p2a: Roaring Moon\n|-supereffective|p2a: Roaring Moon\n|-damage|p2a: Roaring Moon|0 fnt\n|-heal|p1a: Lokix|203/251|[from] drain|[of] p2a: Roaring Moon\n|faint|p2a: Roaring Moon\n|-end|p2a: Roaring Moon|Protosynthesis|[silent]\n|-damage|p1a: Lokix|178/251|[from] item: Life Orb\n|\n|win|p0x11024661", "uploadtime": 1783552780, "views": 0, "rating": 0, "private": 0, "password": null, "_winner": "p0x11024661", "_our_name": "p0x11024661"}