{"id": "battle-gen9randombattle-2047", "formatid": "gen9randombattle", "format": "[Gen 9] Random Battle", "players": ["p0x2047b352", "p0y2047691b"], "log": "|init|battle\n|title|p0x2047b352 vs. p0y2047691b\n|j|\u2606p0x2047b352\n|j|\u2606p0y2047691b\n|t:|1783562939\n|gametype|singles\n|player|p1|p0x2047b352|1|\n|player|p2|p0y2047691b|1|\n|gen|9\n|tier|[Gen 9] Random Battle\n|rule|Species Clause: Limit one of each Pok\u00e9mon\n|rule|HP Percentage Mod: HP is shown in percentages\n|rule|Sleep Clause Mod: Limit one foe put to sleep\n|rule|Illusion Level Mod: Illusion disguises the Pok\u00e9mon's true level\n|\n|t:|1783562939\n|teamsize|p1|6\n|teamsize|p2|6\n|start\n|switch|p1a: Gyarados|Gyarados, L79, F|280/280\n|switch|p2a: Pachirisu|Pachirisu, L96, F|100/100\n|turn|1\n|inactive|Battle timer is ON: inactive players will automatically lose when time's up. (requested by p0x2047b352)\n|\n|t:|1783562941\n|switch|p1a: Salamence|Salamence, L77, F|273/273\n|-ability|p1a: Salamence|Intimidate|boost\n|-unboost|p2a: Pachirisu|atk|1\n|move|p2a: Pachirisu|Discharge|p1a: Salamence\n|-damage|p1a: Salamence|197/273\n|\n|upkeep\n|turn|2\n|inactive|Time left: 300 sec this turn | 300 sec total\n|inactive|p0y2047691b also wants the timer to be on.\n|\n|t:|1783562942\n|move|p2a: Pachirisu|U-turn|p1a: Salamence\n|-resisted|p1a: Salamence\n|-damage|p1a: Salamence|181/273\n|\n|t:|1783562943\n|switch|p2a: Abomasnow|Abomasnow, L84, F|100/100|[from] U-turn\n|-weather|Snowscape|[from] ability: Snow Warning|[of] p2a: Abomasnow\n|move|p1a: Salamence|Outrage|p2a: Abomasnow\n|-damage|p2a: Abomasnow|64/100\n|\n|-weather|Snowscape|[upkeep]\n|upkeep\n|turn|3\n|inactive|Time left: 300 sec this turn | 300 sec total\n|\n|t:|1783562944\n|move|p1a: Salamence|Outrage|p2a: Abomasnow|[from] lockedmove\n|-damage|p2a: Abomasnow|28/100\n|move|p2a: Abomasnow|Aurora Veil|p2a: Abomasnow\n|-sidestart|p2: p0y2047691b|move: Aurora Veil\n|\n|-weather|Snowscape|[upkeep]\n|upkeep\n|turn|4\n|inactive|Time left: 300 sec this turn | 300 sec total\n|\n|t:|1783562945\n|move|p2a: Abomasnow|Ice Shard|p1a: Salamence\n|-supereffective|p1a: Salamence\n|-damage|p1a: Salamence|1/273\n|move|p1a: Salamence|Outrage|p2a: Abomasnow|[from] lockedmove\n|-damage|p2a: Abomasnow|10/100\n|-start|p1a: Salamence|confusion|[fatigue]\n|\n|-weather|Snowscape|[upkeep]\n|upkeep\n|turn|5\n|inactive|Time left: 300 sec this turn | 300 sec total\n|\n|t:|1783562946\n|switch|p1a: Espathra|Espathra, L80, M|283/283\n|move|p2a: Abomasnow|Blizzard|p1a: Espathra\n|-damage|p1a: Espathra|136/283\n|\n|-weather|Snowscape|[upkeep]\n|-heal|p1a: Espathra|153/283|[from] item: Leftovers\n|upkeep\n|turn|6\n|inactive|Time left: 300 sec this turn | 300 sec total\n|\n|t:|1783562947\n|move|p1a: Espathra|Protect|p1a: Espathra\n|-singleturn|p1a: Espathra|Protect\n|move|p2a: Abomasnow|Wood Hammer|p1a: Espathra\n|-activate|p1a: Espathra|move: Protect\n|\n|-weather|none\n|-heal|p1a: Espathra|170/283|[from] item: Leftovers\n|-ability|p1a: Espathra|Speed Boost|boost\n|-boost|p1a: Espathra|spe|1\n|upkeep\n|turn|7\n|inactive|Time left: 300 sec this turn | 300 sec total\n|\n|t:|1783562948\n|move|p1a: Espathra|Calm Mind|p1a: Espathra\n|-boost|p1a: Espathra|spa|1\n|-boost|p1a: Espathra|spd|1\n|move|p2a: Abomasnow|Wood Hammer|p1a: Espathra\n|-damage|p1a: Espathra|14/283\n|-damage|p2a: Abomasnow|0 fnt|[from] Recoil\n|faint|p2a: Abomasnow\n|\n|-heal|p1a: Espathra|31/283|[from] item: Leftovers\n|-ability|p1a: Espathra|Speed Boost|boost\n|-boost|p1a: Espathra|spe|1\n|upkeep\n|\n|t:|1783562949\n|switch|p2a: Flutter Mane|Flutter Mane, L74|100/100\n|turn|8\n|inactive|Time left: 300 sec this turn | 300 sec total\n|\n|t:|1783562950\n|move|p1a: Espathra|Protect|p1a: Espathra\n|-singleturn|p1a: Espathra|Protect\n|move|p2a: Flutter Mane|Shadow Ball|p1a: Espathra\n|-activate|p1a: Espathra|move: Protect\n|\n|-heal|p1a: Espathra|48/283|[from] item: Leftovers\n|-ability|p1a: Espathra|Speed Boost|boost\n|-boost|p1a: Espathra|spe|1\n|upkeep\n|turn|9\n|inactive|Time left: 300 sec this turn | 300 sec total\n|\n|t:|1783562951\n|move|p1a: Espathra|Stored Power|p2a: Flutter Mane\n|-damage|p2a: Flutter Mane|67/100\n|move|p2a: Flutter Mane|Thunderbolt|p1a: Espathra\n|-damage|p1a: Espathra|0 fnt\n|faint|p1a: Espathra\n|-damage|p2a: Flutter Mane|57/100|[from] item: Life Orb\n|\n|upkeep\n|inactive|Time left: 300 sec this turn | 300 sec total | 5 sec grace\n|\n|t:|1783562952\n|switch|p1a: Seviper|Seviper, L93, F|287/287\n|turn|10\n|inactive|Time left: 300 sec this turn | 300 sec total\n|\n|t:|1783562953\n|move|p1a: Seviper|Gunk Shot|p2a: Flutter Mane|[miss]\n|-miss|p1a: Seviper|p2a: Flutter Mane\n|move|p2a: Flutter Mane|Shadow Ball|p1a: Seviper\n|-damage|p1a: Seviper|162/287\n|-unboost|p1a: Seviper|spd|1\n|-damage|p2a: Flutter Mane|47/100|[from] item: Life Orb\n|\n|-sideend|p2: p0y2047691b|move: Aurora Veil\n|upkeep\n|turn|11\n|inactive|Time left: 300 sec this turn | 300 sec total\n|\n|t:|1783562954\n|-end|p2a: Flutter Mane|Protosynthesis|[silent]\n|switch|p2a: Persian|Persian-Alola, L86, F|100/100\n|move|p1a: Seviper|Gunk Shot|p2a: Persian\n|-damage|p2a: Persian|60/100\n|\n|-heal|p2a: Persian|66/100|[from] item: Leftovers\n|upkeep\n|turn|12\n|inactive|Time left: 300 sec this turn | 300 sec total\n|\n|t:|1783562955\n|move|p1a: Seviper|Gunk Shot|p2a: Persian\n|-damage|p2a: Persian|25/100\n|-status|p2a: Persian|psn\n|move|p2a: Persian|Thunderbolt|p1a: Seviper\n|-damage|p1a: Seviper|63/287\n|\n|-heal|p2a: Persian|31/100 psn|[from] item: Leftovers\n|-damage|p2a: Persian|18/100 psn|[from] psn\n|upkeep\n|turn|13\n|inactive|Time left: 300 sec this turn | 300 sec total\n|\n|t:|1783562956\n|move|p1a: Seviper|Gunk Shot|p2a: Persian\n|-damage|p2a: Persian|0 fnt\n|faint|p2a: Persian\n|\n|upkeep\n|\n|t:|1783562957\n|switch|p2a: Passimian|Passimian, L83, M|100/100\n|turn|14\n|inactive|Time left: 300 sec this turn | 300 sec total\n|\n|t:|1783562958\n|move|p1a: Seviper|Gunk Shot|p2a: Passimian\n|-damage|p2a: Passimian|46/100\n|move|p2a: Passimian|Bulk Up|p2a: Passimian\n|-boost|p2a: Passimian|atk|1\n|-boost|p2a: Passimian|def|1\n|\n|-heal|p2a: Passimian|52/100|[from] item: Leftovers\n|upkeep\n|turn|15\n|inactive|Time left: 300 sec this turn | 300 sec total\n|\n|t:|1783562959\n|move|p1a: Seviper|Gunk Shot|p2a: Passimian|[miss]\n|-miss|p1a: Seviper|p2a: Passimian\n|move|p2a: Passimian|Drain Punch|p1a: Seviper\n|-resisted|p1a: Seviper\n|-damage|p1a: Seviper|0 fnt\n|-heal|p2a: Passimian|62/100|[from] drain|[of] p1a: Seviper\n|faint|p1a: Seviper\n|\n|-heal|p2a: Passimian|68/100|[from] item: Leftovers\n|upkeep\n|inactive|Time left: 300 sec this turn | 300 sec total | 5 sec grace\n|\n|t:|1783562960\n|switch|p1a: Alcremie|Alcremie-Matcha-Cream, L90, F|263/263\n|turn|16\n|inactive|Time left: 300 sec this turn | 300 sec total\n|\n|t:|1783562961\n|move|p2a: Passimian|Gunk Shot|p1a: Alcremie|[miss]\n|-miss|p2a: Passimian|p1a: Alcremie\n|move|p1a: Alcremie|Alluring Voice|p2a: Passimian\n|-supereffective|p2a: Passimian\n|-damage|p2a: Passimian|0 fnt\n|faint|p2a: Passimian\n|\n|upkeep\n|\n|t:|1783562961\n|switch|p2a: Sneasler|Sneasler, L74, M|100/100\n|turn|17\n|inactive|Time left: 300 sec this turn | 300 sec total\n|\n|t:|1783562963\n|move|p2a: Sneasler|Dire Claw|p1a: Alcremie\n|-supereffective|p1a: Alcremie\n|-damage|p1a: Alcremie|0 fnt\n|faint|p1a: Alcremie\n|\n|upkeep\n|inactive|Time left: 300 sec this turn | 300 sec total | 5 sec grace\n|\n|t:|1783562964\n|switch|p1a: Salamence|Salamence, L77, F|1/273\n|-ability|p1a: Salamence|Intimidate|boost\n|-unboost|p2a: Sneasler|atk|1\n|turn|18\n|inactive|Time left: 300 sec this turn | 300 sec total\n|\n|t:|1783562964\n|-terastallize|p1a: Salamence|Steel\n|move|p2a: Sneasler|Dire Claw|p1a: Salamence\n|-immune|p1a: Salamence\n|move|p1a: Salamence|Dragon Dance|p1a: Salamence\n|-boost|p1a: Salamence|atk|1\n|-boost|p1a: Salamence|spe|1\n|\n|upkeep\n|turn|19\n|inactive|Time left: 300 sec this turn | 300 sec total\n|\n|t:|1783562965\n|switch|p2a: Flutter Mane|Flutter Mane, L74|47/100\n|move|p1a: Salamence|Dual Wingbeat|p2a: Flutter Mane\n|-damage|p2a: Flutter Mane|0 fnt\n|faint|p2a: Flutter Mane\n|-end|p2a: Flutter Mane|Protosynthesis|[silent]\n|-hitcount|p2: Flutter Mane|1\n|\n|upkeep\n|\n|t:|1783562966\n|switch|p2a: Pachirisu|Pachirisu, L96, F|100/100\n|turn|20\n|inactive|Time left: 300 sec this turn | 300 sec total\n|\n|t:|1783562967\n|move|p1a: Salamence|Roost|p1a: Salamence\n|-heal|p1a: Salamence|138/273\n|move|p2a: Pachirisu|Discharge|p1a: Salamence\n|-damage|p1a: Salamence|56/273\n|\n|upkeep\n|turn|21\n|inactive|Time left: 300 sec this turn | 300 sec total\n|\n|t:|1783562968\n|move|p1a: Salamence|Roost|p1a: Salamence\n|-heal|p1a: Salamence|193/273\n|move|p2a: Pachirisu|Discharge|p1a: Salamence\n|-damage|p1a: Salamence|114/273\n|-status|p1a: Salamence|par\n|\n|upkeep\n|turn|22\n|inactive|Time left: 300 sec this turn | 300 sec total\n|\n|t:|1783562969\n|move|p2a: Pachirisu|Discharge|p1a: Salamence\n|-damage|p1a: Salamence|44/273 par\n|move|p1a: Salamence|Outrage|p2a: Pachirisu\n|-damage|p2a: Pachirisu|25/100\n|\n|upkeep\n|turn|23\n|inactive|Time left: 300 sec this turn | 300 sec total\n|\n|t:|1783562970\n|move|p2a: Pachirisu|Discharge|p1a: Salamence\n|-damage|p1a: Salamence|0 fnt\n|faint|p1a: Salamence\n|\n|upkeep\n|inactive|Time left: 300 sec this turn | 300 sec total | 5 sec grace\n|\n|t:|1783562971\n|switch|p1a: Dachsbun|Dachsbun, L92, M|254/254\n|turn|24\n|inactive|Time left: 300 sec this turn | 300 sec total\n|\n|t:|1783562972\n|move|p2a: Pachirisu|Super Fang|p1a: Dachsbun\n|-damage|p1a: Dachsbun|127/254\n|move|p1a: Dachsbun|Play Rough|p2a: Pachirisu|[miss]\n|-miss|p1a: Dachsbun|p2a: Pachirisu\n|\n|-heal|p1a: Dachsbun|142/254|[from] item: Leftovers\n|upkeep\n|turn|25\n|inactive|Time left: 300 sec this turn | 300 sec total\n|\n|t:|1783562973\n|move|p2a: Pachirisu|Discharge|p1a: Dachsbun\n|-damage|p1a: Dachsbun|79/254\n|move|p1a: Dachsbun|Play Rough|p2a: Pachirisu\n|-damage|p2a: Pachirisu|0 fnt\n|faint|p2a: Pachirisu\n|\n|-heal|p1a: Dachsbun|94/254|[from] item: Leftovers\n|upkeep\n|\n|t:|1783562974\n|switch|p2a: Sneasler|Sneasler, L74, M|100/100\n|turn|26\n|inactive|Time left: 300 sec this turn | 300 sec total\n|\n|t:|1783562975\n|move|p1a: Dachsbun|Play Rough|p2a: Sneasler|[miss]\n|-miss|p1a: Dachsbun|p2a: Sneasler\n|move|p2a: Sneasler|Dire Claw|p1a: Dachsbun\n|-supereffective|p1a: Dachsbun\n|-damage|p1a: Dachsbun|0 fnt\n|faint|p1a: Dachsbun\n|\n|upkeep\n|inactive|Time left: 300 sec this turn | 300 sec total | 5 sec grace\n|\n|t:|1783562976\n|switch|p1a: Gyarados|Gyarados, L79, F|280/280\n|turn|27\n|inactive|Time left: 300 sec this turn | 300 sec total\n|\n|t:|1783562977\n|-terastallize|p2a: Sneasler|Fighting\n|move|p2a: Sneasler|Dire Claw|p1a: Gyarados\n|-damage|p1a: Gyarados|132/280\n|move|p1a: Gyarados|Dragon Dance|p1a: Gyarados\n|-boost|p1a: Gyarados|atk|1\n|-boost|p1a: Gyarados|spe|1\n|\n|upkeep\n|turn|28\n|inactive|Time left: 300 sec this turn | 300 sec total\n|\n|t:|1783562978\n|move|p1a: Gyarados|Waterfall|p2a: Sneasler\n|-damage|p2a: Sneasler|15/100\n|move|p2a: Sneasler|Dire Claw|p1a: Gyarados\n|-damage|p1a: Gyarados|0 fnt\n|faint|p1a: Gyarados\n|\n|win|p0y2047691b", "uploadtime": 1783562978, "views": 0, "rating": 0, "private": 0, "password": null, "_winner": "p0y2047691b", "_our_name": "p0x2047b352"}