{"id": "battle-gen9randombattle-2792", "formatid": "gen9randombattle", "format": "[Gen 9] Random Battle", "players": ["p0x279273ae", "p0y2792f7cf"], "log": "|init|battle\n|title|p0x279273ae vs. p0y2792f7cf\n|j|\u2606p0x279273ae\n|j|\u2606p0y2792f7cf\n|t:|1783572168\n|gametype|singles\n|player|p1|p0x279273ae|170|\n|player|p2|p0y2792f7cf|266|\n|gen|9\n|tier|[Gen 9] Random Battle\n|rule|Species Clause: Limit one of each Pok\u00e9mon\n|rule|HP Percentage Mod: HP is shown in percentages\n|rule|Sleep Clause Mod: Limit one foe put to sleep\n|rule|Illusion Level Mod: Illusion disguises the Pok\u00e9mon's true level\n|\n|t:|1783572168\n|teamsize|p1|6\n|teamsize|p2|6\n|start\n|switch|p1a: Arceus|Arceus-Ice, L72|100/100\n|switch|p2a: Victreebel|Victreebel, L90, M|290/290\n|turn|1\n|inactive|Battle timer is ON: inactive players will automatically lose when time's up. (requested by p0x279273ae)\n|inactive|Time left: 300 sec this turn | 300 sec total | 60 sec grace\n|inactive|p0y2792f7cf also wants the timer to be on.\n|\n|t:|1783572169\n|switch|p2a: Primarina|Primarina, L83, F|268/268\n|move|p1a: Arceus|Judgment|p2a: Primarina\n|-resisted|p2a: Primarina\n|-damage|p2a: Primarina|224/268\n|\n|upkeep\n|turn|2\n|inactive|Time left: 300 sec this turn | 300 sec total\n|\n|t:|1783572171\n|move|p1a: Arceus|Calm Mind|p1a: Arceus\n|-boost|p1a: Arceus|spa|1\n|-boost|p1a: Arceus|spd|1\n|move|p2a: Primarina|Moonblast|p1a: Arceus\n|-damage|p1a: Arceus|61/100\n|\n|upkeep\n|turn|3\n|inactive|Time left: 300 sec this turn | 300 sec total\n|\n|t:|1783572172\n|move|p1a: Arceus|Calm Mind|p1a: Arceus\n|-boost|p1a: Arceus|spa|1\n|-boost|p1a: Arceus|spd|1\n|move|p2a: Primarina|Moonblast|p1a: Arceus\n|-damage|p1a: Arceus|33/100\n|\n|upkeep\n|turn|4\n|inactive|Time left: 300 sec this turn | 300 sec total\n|\n|t:|1783572173\n|move|p1a: Arceus|Recover|p1a: Arceus\n|-heal|p1a: Arceus|83/100\n|move|p2a: Primarina|Moonblast|p1a: Arceus\n|-damage|p1a: Arceus|53/100\n|\n|upkeep\n|turn|5\n|inactive|Time left: 300 sec this turn | 300 sec total\n|\n|t:|1783572174\n|move|p1a: Arceus|Judgment|p2a: Primarina\n|-resisted|p2a: Primarina\n|-damage|p2a: Primarina|131/268\n|move|p2a: Primarina|Moonblast|p1a: Arceus\n|-damage|p1a: Arceus|25/100\n|\n|upkeep\n|turn|6\n|inactive|Time left: 300 sec this turn | 300 sec total\n|\n|t:|1783572174\n|move|p1a: Arceus|Recover|p1a: Arceus\n|-heal|p1a: Arceus|75/100\n|move|p2a: Primarina|Moonblast|p1a: Arceus\n|-damage|p1a: Arceus|44/100\n|-unboost|p1a: Arceus|spa|1\n|\n|upkeep\n|turn|7\n|inactive|Time left: 300 sec this turn | 300 sec total\n|\n|t:|1783572175\n|move|p1a: Arceus|Recover|p1a: Arceus\n|-heal|p1a: Arceus|94/100\n|move|p2a: Primarina|Moonblast|p1a: Arceus\n|-damage|p1a: Arceus|65/100\n|-unboost|p1a: Arceus|spa|1\n|\n|upkeep\n|turn|8\n|inactive|Time left: 300 sec this turn | 300 sec total\n|\n|t:|1783572176\n|move|p1a: Arceus|Calm Mind|p1a: Arceus\n|-boost|p1a: Arceus|spa|1\n|-boost|p1a: Arceus|spd|1\n|move|p2a: Primarina|Moonblast|p1a: Arceus\n|-damage|p1a: Arceus|40/100\n|\n|upkeep\n|turn|9\n|inactive|Time left: 300 sec this turn | 300 sec total\n|\n|t:|1783572177\n|move|p1a: Arceus|Thunderbolt|p2a: Primarina\n|-supereffective|p2a: Primarina\n|-damage|p2a: Primarina|1/268\n|move|p2a: Primarina|Moonblast|p1a: Arceus\n|-damage|p1a: Arceus|17/100\n|-unboost|p1a: Arceus|spa|1\n|\n|upkeep\n|turn|10\n|inactive|Time left: 300 sec this turn | 300 sec total\n|\n|t:|1783572178\n|switch|p2a: Entei|Entei, L78|307/307\n|move|p1a: Arceus|Recover|p1a: Arceus\n|-heal|p1a: Arceus|67/100\n|\n|upkeep\n|turn|11\n|inactive|Time left: 300 sec this turn | 300 sec total\n|\n|t:|1783572179\n|move|p1a: Arceus|Calm Mind|p1a: Arceus\n|-boost|p1a: Arceus|spa|1\n|-boost|p1a: Arceus|spd|1\n|move|p2a: Entei|Sacred Fire|p1a: Arceus\n|-supereffective|p1a: Arceus\n|-damage|p1a: Arceus|0 fnt\n|faint|p1a: Arceus\n|\n|upkeep\n|\n|t:|1783572179\n|switch|p1a: Dusknoir|Dusknoir, L89, F|100/100\n|-item|p2a: Entei|Choice Band|[from] ability: Frisk|[of] p1a: Dusknoir\n|turn|12\n|inactive|Time left: 300 sec this turn | 300 sec total\n|\n|t:|1783572180\n|move|p2a: Entei|Sacred Fire|p1a: Dusknoir\n|-damage|p1a: Dusknoir|53/100\n|-status|p1a: Dusknoir|brn\n|move|p1a: Dusknoir|Earthquake|p2a: Entei\n|-supereffective|p2a: Entei\n|-damage|p2a: Entei|181/307\n|\n|-damage|p1a: Dusknoir|47/100 brn|[from] brn\n|upkeep\n|turn|13\n|inactive|Time left: 300 sec this turn | 300 sec total\n|\n|t:|1783572181\n|move|p2a: Entei|Sacred Fire|p1a: Dusknoir\n|-damage|p1a: Dusknoir|0 fnt\n|faint|p1a: Dusknoir\n|\n|upkeep\n|\n|t:|1783572182\n|switch|p1a: Qwilfish|Qwilfish, L86, F|100/100\n|-ability|p1a: Qwilfish|Intimidate|boost\n|-fail|p2a: Entei|unboost|Attack|[from] ability: Inner Focus|[of] p2a: Entei\n|turn|14\n|inactive|Time left: 300 sec this turn | 300 sec total\n|\n|t:|1783572183\n|move|p2a: Entei|Sacred Fire|p1a: Qwilfish\n|-resisted|p1a: Qwilfish\n|-damage|p1a: Qwilfish|71/100\n|-status|p1a: Qwilfish|brn\n|move|p1a: Qwilfish|Waterfall|p2a: Entei\n|-supereffective|p2a: Entei\n|-damage|p2a: Entei|90/307\n|\n|-heal|p1a: Qwilfish|77/100 brn|[from] item: Leftovers\n|-damage|p1a: Qwilfish|71/100 brn|[from] brn\n|upkeep\n|turn|15\n|inactive|Time left: 300 sec this turn | 300 sec total\n|\n|t:|1783572184\n|move|p2a: Entei|Sacred Fire|p1a: Qwilfish\n|-resisted|p1a: Qwilfish\n|-damage|p1a: Qwilfish|42/100 brn\n|move|p1a: Qwilfish|Waterfall|p2a: Entei\n|-supereffective|p2a: Entei\n|-damage|p2a: Entei|0 fnt\n|faint|p2a: Entei\n|\n|-heal|p1a: Qwilfish|48/100 brn|[from] item: Leftovers\n|-damage|p1a: Qwilfish|42/100 brn|[from] brn\n|upkeep\n|inactive|Time left: 300 sec this turn | 300 sec total | 5 sec grace\n|\n|t:|1783572185\n|switch|p2a: Morpeko|Morpeko, L88, F|245/245\n|turn|16\n|inactive|Time left: 300 sec this turn | 300 sec total\n|\n|t:|1783572186\n|switch|p1a: Orthworm|Orthworm, L88, F|100/100\n|move|p2a: Morpeko|Aura Wheel|p1a: Orthworm\n|-damage|p1a: Orthworm|70/100\n|-boost|p2a: Morpeko|spe|1\n|\n|-heal|p1a: Orthworm|76/100|[from] item: Leftovers\n|-formechange|p2a: Morpeko|Morpeko-Hangry||[from] ability: Hunger Switch\n|upkeep\n|turn|17\n|inactive|Time left: 300 sec this turn | 300 sec total\n|\n|t:|1783572187\n|move|p2a: Morpeko|Protect|p2a: Morpeko\n|-singleturn|p2a: Morpeko|Protect\n|move|p1a: Orthworm|Body Press|p2a: Morpeko\n|-activate|p2a: Morpeko|move: Protect\n|\n|-heal|p1a: Orthworm|82/100|[from] item: Leftovers\n|-formechange|p2a: Morpeko|Morpeko||[from] ability: Hunger Switch\n|upkeep\n|turn|18\n|inactive|Time left: 300 sec this turn | 300 sec total\n|\n|t:|1783572188\n|move|p2a: Morpeko|Knock Off|p1a: Orthworm\n|-damage|p1a: Orthworm|52/100\n|-enditem|p1a: Orthworm|Leftovers|[from] move: Knock Off|[of] p2a: Morpeko\n|move|p1a: Orthworm|Body Press|p2a: Morpeko\n|-supereffective|p2a: Morpeko\n|-damage|p2a: Morpeko|41/245\n|\n|-heal|p2a: Morpeko|56/245|[from] item: Leftovers\n|-formechange|p2a: Morpeko|Morpeko-Hangry||[from] ability: Hunger Switch\n|upkeep\n|turn|19\n|inactive|Time left: 300 sec this turn | 300 sec total\n|\n|t:|1783572189\n|move|p2a: Morpeko|Aura Wheel|p1a: Orthworm\n|-damage|p1a: Orthworm|20/100\n|-boost|p2a: Morpeko|spe|1\n|move|p1a: Orthworm|Heavy Slam|p2a: Morpeko\n|-resisted|p2a: Morpeko\n|-damage|p2a: Morpeko|0 fnt\n|faint|p2a: Morpeko\n|\n|upkeep\n|inactive|Time left: 300 sec this turn | 300 sec total | 5 sec grace\n|\n|t:|1783572190\n|switch|p2a: Phione|Phione, L91|293/293\n|turn|20\n|inactive|Time left: 300 sec this turn | 300 sec total\n|\n|t:|1783572191\n|switch|p1a: Qwilfish|Qwilfish, L86, F|42/100 brn\n|-ability|p1a: Qwilfish|Intimidate|boost\n|-unboost|p2a: Phione|atk|1\n|move|p2a: Phione|Scald|p1a: Qwilfish\n|-resisted|p1a: Qwilfish\n|-damage|p1a: Qwilfish|17/100 brn\n|\n|-heal|p1a: Qwilfish|23/100 brn|[from] item: Leftovers\n|-damage|p1a: Qwilfish|17/100 brn|[from] brn\n|upkeep\n|turn|21\n|inactive|Time left: 300 sec this turn | 300 sec total\n|\n|t:|1783572192\n|switch|p1a: Noctowl|Noctowl, L95, F|100/100\n|move|p2a: Phione|Ice Beam|p1a: Noctowl\n|-supereffective|p1a: Noctowl\n|-damage|p1a: Noctowl|71/100\n|\n|upkeep\n|turn|22\n|inactive|Time left: 300 sec this turn | 300 sec total\n|\n|t:|1783572193\n|move|p2a: Phione|Ice Beam|p1a: Noctowl\n|-supereffective|p1a: Noctowl\n|-damage|p1a: Noctowl|40/100\n|move|p1a: Noctowl|Nasty Plot|p1a: Noctowl\n|-boost|p1a: Noctowl|spa|2\n|\n|upkeep\n|turn|23\n|inactive|Time left: 300 sec this turn | 300 sec total\n|\n|t:|1783572194\n|move|p2a: Phione|Ice Beam|p1a: Noctowl\n|-supereffective|p1a: Noctowl\n|-damage|p1a: Noctowl|7/100\n|move|p1a: Noctowl|Roost|p1a: Noctowl\n|-heal|p1a: Noctowl|57/100\n|-singleturn|p1a: Noctowl|move: Roost\n|\n|upkeep\n|turn|24\n|inactive|Time left: 300 sec this turn | 300 sec total\n|\n|t:|1783572195\n|move|p2a: Phione|Ice Beam|p1a: Noctowl\n|-supereffective|p1a: Noctowl\n|-damage|p1a: Noctowl|24/100\n|move|p1a: Noctowl|Hyper Voice|p2a: Phione\n|-damage|p2a: Phione|80/293\n|\n|-heal|p2a: Phione|98/293|[from] item: Leftovers\n|upkeep\n|turn|25\n|inactive|Time left: 300 sec this turn | 300 sec total\n|\n|t:|1783572196\n|-terastallize|p1a: Noctowl|Steel\n|move|p2a: Phione|Ice Beam|p1a: Noctowl\n|-resisted|p1a: Noctowl\n|-damage|p1a: Noctowl|16/100\n|move|p1a: Noctowl|Roost|p1a: Noctowl\n|-heal|p1a: Noctowl|66/100\n|\n|-heal|p2a: Phione|116/293|[from] item: Leftovers\n|upkeep\n|turn|26\n|inactive|Time left: 300 sec this turn | 300 sec total\n|\n|t:|1783572197\n|switch|p2a: Primarina|Primarina, L83, F|1/268\n|move|p1a: Noctowl|Hyper Voice|p2a: Primarina\n|-damage|p2a: Primarina|0 fnt\n|faint|p2a: Primarina\n|\n|upkeep\n|inactive|Time left: 300 sec this turn | 300 sec total | 5 sec grace\n|\n|t:|1783572198\n|switch|p2a: Landorus|Landorus, L75, M|257/257\n|turn|27\n|inactive|Time left: 300 sec this turn | 300 sec total\n|\n|t:|1783572199\n|switch|p1a: Orthworm|Orthworm, L88, F|20/100\n|move|p2a: Landorus|Earth Power|p1a: Orthworm\n|-heal|p1a: Orthworm|45/100|[from] ability: Earth Eater|[of] p2a: Landorus\n|\n|upkeep\n|turn|28\n|inactive|Time left: 300 sec this turn | 300 sec total\n|\n|t:|1783572200\n|move|p2a: Landorus|Focus Blast|p1a: Orthworm|[miss]\n|-miss|p2a: Landorus|p1a: Orthworm\n|move|p1a: Orthworm|Heavy Slam|p2a: Landorus\n|-damage|p2a: Landorus|131/257\n|\n|upkeep\n|turn|29\n|inactive|Time left: 300 sec this turn | 300 sec total\n|\n|t:|1783572201\n|move|p2a: Landorus|Focus Blast|p1a: Orthworm|[miss]\n|-miss|p2a: Landorus|p1a: Orthworm\n|move|p1a: Orthworm|Heavy Slam|p2a: Landorus\n|-damage|p2a: Landorus|25/257\n|\n|upkeep\n|turn|30\n|inactive|Time left: 300 sec this turn | 300 sec total\n|\n|t:|1783572203\n|move|p2a: Landorus|Focus Blast|p1a: Orthworm\n|-supereffective|p1a: Orthworm\n|-damage|p1a: Orthworm|0 fnt\n|faint|p1a: Orthworm\n|\n|upkeep\n|\n|t:|1783572204\n|switch|p1a: Regice|Regice, L88|100/100\n|turn|31\n|inactive|Time left: 300 sec this turn | 300 sec total\n|\n|t:|1783572205\n|move|p2a: Landorus|Focus Blast|p1a: Regice\n|-supereffective|p1a: Regice\n|-damage|p1a: Regice|56/100\n|move|p1a: Regice|Ice Beam|p2a: Landorus\n|-supereffective|p2a: Landorus\n|-damage|p2a: Landorus|0 fnt\n|faint|p2a: Landorus\n|\n|upkeep\n|inactive|Time left: 300 sec this turn | 300 sec total | 5 sec grace\n|\n|t:|1783572206\n|switch|p2a: Victreebel|Victreebel, L90, M|290/290\n|turn|32\n|inactive|Time left: 300 sec this turn | 300 sec total\n|\n|t:|1783572207\n|switch|p1a: Qwilfish|Qwilfish, L86, F|17/100 brn\n|-ability|p1a: Qwilfish|Intimidate|boost\n|-unboost|p2a: Victreebel|atk|1\n|move|p2a: Victreebel|Sunny Day|p2a: Victreebel\n|-weather|SunnyDay\n|\n|-weather|SunnyDay|[upkeep]\n|-heal|p1a: Qwilfish|23/100 brn|[from] item: Leftovers\n|-damage|p1a: Qwilfish|17/100 brn|[from] brn\n|upkeep\n|turn|33\n|inactive|Time left: 300 sec this turn | 300 sec total\n|\n|t:|1783572208\n|move|p2a: Victreebel|Weather Ball|p1a: Qwilfish\n|-resisted|p1a: Qwilfish\n|-damage|p1a: Qwilfish|0 fnt\n|faint|p1a: Qwilfish\n|-damage|p2a: Victreebel|261/290|[from] item: Life Orb\n|\n|-weather|SunnyDay|[upkeep]\n|upkeep\n|\n|t:|1783572209\n|switch|p1a: Noctowl|Noctowl, L95, F, tera:Steel|66/100\n|turn|34\n|inactive|Time left: 300 sec this turn | 300 sec total\n|\n|t:|1783572210\n|-terastallize|p2a: Victreebel|Fire\n|move|p2a: Victreebel|Weather Ball|p1a: Noctowl\n|-supereffective|p1a: Noctowl\n|-damage|p1a: Noctowl|0 fnt\n|faint|p1a: Noctowl\n|-damage|p2a: Victreebel|232/290|[from] item: Life Orb\n|\n|-weather|SunnyDay|[upkeep]\n|upkeep\n|\n|t:|1783572211\n|switch|p1a: Regice|Regice, L88|56/100\n|turn|35\n|inactive|Time left: 300 sec this turn | 300 sec total\n|\n|t:|1783572212\n|move|p2a: Victreebel|Weather Ball|p1a: Regice\n|-supereffective|p1a: Regice\n|-damage|p1a: Regice|0 fnt\n|faint|p1a: Regice\n|-damage|p2a: Victreebel|203/290|[from] item: Life Orb\n|\n|win|p0y2792f7cf", "uploadtime": 1783572212, "views": 0, "rating": 0, "private": 0, "password": null, "_winner": "p0y2792f7cf", "_our_name": "p0y2792f7cf"}