{"id": "battle-gen9randombattle-817", "formatid": "gen9randombattle", "format": "[Gen 9] Random Battle", "players": ["p0x817fb6d", "p0y817ac7b"], "log": "|init|battle\n|title|p0x817fb6d vs. p0y817ac7b\n|j|\u2606p0x817fb6d\n|j|\u2606p0y817ac7b\n|t:|1783548628\n|gametype|singles\n|player|p1|p0x817fb6d|265|\n|player|p2|p0y817ac7b|169|\n|gen|9\n|tier|[Gen 9] Random Battle\n|rule|Species Clause: Limit one of each Pok\u00e9mon\n|rule|HP Percentage Mod: HP is shown in percentages\n|rule|Sleep Clause Mod: Limit one foe put to sleep\n|rule|Illusion Level Mod: Illusion disguises the Pok\u00e9mon's true level\n|\n|t:|1783548628\n|teamsize|p1|6\n|teamsize|p2|6\n|start\n|switch|p1a: Glalie|Glalie, L96, F|309/309\n|switch|p2a: Toxicroak|Toxicroak, L84, M|100/100\n|turn|1\n|inactive|Battle timer is ON: inactive players will automatically lose when time's up. (requested by p0y817ac7b)\n|inactive|Time left: 300 sec this turn | 300 sec total | 60 sec grace\n|inactive|p0x817fb6d also wants the timer to be on.\n|\n|t:|1783548630\n|move|p1a: Glalie|Freeze-Dry|p2a: Toxicroak\n|-crit|p2a: Toxicroak\n|-damage|p2a: Toxicroak|43/100\n|move|p2a: Toxicroak|Close Combat|p1a: Glalie\n|-supereffective|p1a: Glalie\n|-damage|p1a: Glalie|0 fnt\n|-unboost|p2a: Toxicroak|def|1\n|-unboost|p2a: Toxicroak|spd|1\n|faint|p1a: Glalie\n|-damage|p2a: Toxicroak|33/100|[from] item: Life Orb\n|\n|upkeep\n|inactive|Time left: 300 sec this turn | 300 sec total | 65 sec grace\n|\n|t:|1783548631\n|switch|p1a: Koraidon|Koraidon, L64|235/235\n|-weather|SunnyDay|[from] ability: Orichalcum Pulse|[of] p1a: Koraidon\n|-activate|p1a: Koraidon|Orichalcum Pulse|[source]\n|turn|2\n|inactive|Time left: 300 sec this turn | 300 sec total\n|\n|t:|1783548632\n|switch|p2a: Avalugg|Avalugg, L88, M|100/100\n|move|p1a: Koraidon|Scale Shot|p2a: Avalugg\n|-crit|p2a: Avalugg\n|-damage|p2a: Avalugg|93/100\n|-damage|p2a: Avalugg|88/100\n|-damage|p2a: Avalugg|83/100\n|-damage|p2a: Avalugg|78/100\n|-hitcount|p2a: Avalugg|4\n|-unboost|p1a: Koraidon|def|1\n|-boost|p1a: Koraidon|spe|1\n|\n|-weather|SunnyDay|[upkeep]\n|upkeep\n|turn|3\n|inactive|Time left: 300 sec this turn | 300 sec total\n|\n|t:|1783548633\n|switch|p1a: Clawitzer|Clawitzer, L87, F|265/265\n|move|p2a: Avalugg|Avalanche|p1a: Clawitzer\n|-resisted|p1a: Clawitzer\n|-damage|p1a: Clawitzer|223/265\n|\n|-weather|SunnyDay|[upkeep]\n|upkeep\n|turn|4\n|inactive|Time left: 300 sec this turn | 300 sec total\n|\n|t:|1783548635\n|switch|p2a: Emboar|Emboar, L84, F|100/100\n|move|p1a: Clawitzer|Aura Sphere|p2a: Emboar\n|-damage|p2a: Emboar|56/100\n|\n|-weather|SunnyDay|[upkeep]\n|-heal|p2a: Emboar|62/100|[from] item: Leftovers\n|upkeep\n|turn|5\n|inactive|Time left: 300 sec this turn | 300 sec total\n|\n|t:|1783548636\n|move|p2a: Emboar|Drain Punch|p1a: Clawitzer\n|-damage|p1a: Clawitzer|138/265\n|-heal|p2a: Emboar|75/100|[from] drain|[of] p1a: Clawitzer\n|move|p1a: Clawitzer|Dragon Pulse|p2a: Emboar\n|-damage|p2a: Emboar|33/100\n|\n|-weather|SunnyDay|[upkeep]\n|-heal|p2a: Emboar|40/100|[from] item: Leftovers\n|upkeep\n|turn|6\n|inactive|Time left: 300 sec this turn | 300 sec total\n|\n|t:|1783548638\n|move|p2a: Emboar|Drain Punch|p1a: Clawitzer\n|-damage|p1a: Clawitzer|50/265\n|-heal|p2a: Emboar|53/100|[from] drain|[of] p1a: Clawitzer\n|move|p1a: Clawitzer|Aura Sphere|p2a: Emboar\n|-damage|p2a: Emboar|11/100\n|\n|-weather|none\n|-heal|p2a: Emboar|18/100|[from] item: Leftovers\n|upkeep\n|turn|7\n|inactive|Time left: 300 sec this turn | 300 sec total\n|\n|t:|1783548639\n|switch|p1a: Oricorio|Oricorio-Pa'u, L87, F|272/272\n|move|p2a: Emboar|Drain Punch|p1a: Oricorio\n|-resisted|p1a: Oricorio\n|-damage|p1a: Oricorio|247/272\n|-heal|p2a: Emboar|22/100|[from] drain|[of] p1a: Oricorio\n|\n|-heal|p2a: Emboar|28/100|[from] item: Leftovers\n|upkeep\n|turn|8\n|inactive|Time left: 300 sec this turn | 300 sec total\n|\n|t:|1783548640\n|move|p1a: Oricorio|Revelation Dance|p2a: Emboar\n|-supereffective|p2a: Emboar\n|-damage|p2a: Emboar|0 fnt\n|faint|p2a: Emboar\n|\n|upkeep\n|\n|t:|1783548641\n|switch|p2a: Donphan|Donphan, L84, F|100/100\n|turn|9\n|inactive|Time left: 300 sec this turn | 300 sec total\n|\n|t:|1783548641\n|move|p1a: Oricorio|Quiver Dance|p1a: Oricorio\n|-boost|p1a: Oricorio|spa|1\n|-boost|p1a: Oricorio|spd|1\n|-boost|p1a: Oricorio|spe|1\n|move|p2a: Donphan|Knock Off|p1a: Oricorio\n|-supereffective|p1a: Oricorio\n|-damage|p1a: Oricorio|75/272\n|-enditem|p1a: Oricorio|Heavy-Duty Boots|[from] move: Knock Off|[of] p2a: Donphan\n|\n|upkeep\n|turn|10\n|inactive|Time left: 300 sec this turn | 300 sec total\n|\n|t:|1783548642\n|move|p1a: Oricorio|Roost|p1a: Oricorio\n|-heal|p1a: Oricorio|211/272\n|-singleturn|p1a: Oricorio|move: Roost\n|move|p2a: Donphan|Knock Off|p1a: Oricorio\n|-supereffective|p1a: Oricorio\n|-damage|p1a: Oricorio|81/272\n|\n|upkeep\n|turn|11\n|inactive|Time left: 300 sec this turn | 300 sec total\n|\n|t:|1783548644\n|move|p1a: Oricorio|Roost|p1a: Oricorio\n|-heal|p1a: Oricorio|217/272\n|-singleturn|p1a: Oricorio|move: Roost\n|move|p2a: Donphan|Ice Spinner|p1a: Oricorio\n|-damage|p1a: Oricorio|143/272\n|\n|upkeep\n|turn|12\n|inactive|Time left: 300 sec this turn | 300 sec total\n|\n|t:|1783548645\n|move|p1a: Oricorio|Roost|p1a: Oricorio\n|-heal|p1a: Oricorio|272/272\n|-singleturn|p1a: Oricorio|move: Roost\n|move|p2a: Donphan|Ice Spinner|p1a: Oricorio\n|-damage|p1a: Oricorio|199/272\n|\n|upkeep\n|turn|13\n|inactive|Time left: 300 sec this turn | 300 sec total\n|\n|t:|1783548645\n|move|p1a: Oricorio|Hurricane|p2a: Donphan\n|-damage|p2a: Donphan|22/100\n|-start|p2a: Donphan|confusion\n|-activate|p2a: Donphan|confusion\n|-damage|p2a: Donphan|12/100|[from] confusion\n|\n|-heal|p2a: Donphan|19/100|[from] item: Leftovers\n|upkeep\n|turn|14\n|inactive|Time left: 300 sec this turn | 300 sec total\n|\n|t:|1783548646\n|move|p1a: Oricorio|Revelation Dance|p2a: Donphan\n|-damage|p2a: Donphan|0 fnt\n|faint|p2a: Donphan\n|\n|upkeep\n|\n|t:|1783548647\n|switch|p2a: Alomomola|Alomomola, L87, M|100/100\n|turn|15\n|inactive|Time left: 300 sec this turn | 300 sec total\n|\n|t:|1783548648\n|move|p1a: Oricorio|Quiver Dance|p1a: Oricorio\n|-boost|p1a: Oricorio|spa|1\n|-boost|p1a: Oricorio|spd|1\n|-boost|p1a: Oricorio|spe|1\n|move|p2a: Alomomola|Flip Turn|p1a: Oricorio\n|-damage|p1a: Oricorio|130/272\n|\n|t:|1783548649\n|switch|p2a: Toxicroak|Toxicroak, L84, M|33/100|[from] Flip Turn\n|\n|upkeep\n|turn|16\n|inactive|Time left: 300 sec this turn | 300 sec total\n|\n|t:|1783548650\n|-terastallize|p1a: Oricorio|Fighting\n|move|p1a: Oricorio|Revelation Dance|p2a: Toxicroak\n|-resisted|p2a: Toxicroak\n|-damage|p2a: Toxicroak|0 fnt\n|faint|p2a: Toxicroak\n|\n|upkeep\n|\n|t:|1783548651\n|switch|p2a: Lilligant|Lilligant, L86, F|100/100\n|turn|17\n|inactive|Time left: 300 sec this turn | 300 sec total\n|\n|t:|1783548652\n|-terastallize|p2a: Lilligant|Grass\n|move|p1a: Oricorio|Hurricane|p2a: Lilligant\n|-supereffective|p2a: Lilligant\n|-damage|p2a: Lilligant|0 fnt\n|faint|p2a: Lilligant\n|\n|upkeep\n|\n|t:|1783548653\n|switch|p2a: Alomomola|Alomomola, L87, M|100/100\n|turn|18\n|inactive|Time left: 300 sec this turn | 300 sec total\n|\n|t:|1783548654\n|move|p2a: Alomomola|Protect|p2a: Alomomola\n|-singleturn|p2a: Alomomola|Protect\n|move|p1a: Oricorio|Revelation Dance|p2a: Alomomola\n|-activate|p2a: Alomomola|move: Protect\n|\n|upkeep\n|turn|19\n|inactive|Time left: 300 sec this turn | 300 sec total\n|\n|t:|1783548655\n|move|p1a: Oricorio|Revelation Dance|p2a: Alomomola\n|-damage|p2a: Alomomola|30/100\n|move|p2a: Alomomola|Flip Turn|p1a: Oricorio\n|-crit|p1a: Oricorio\n|-damage|p1a: Oricorio|42/272\n|\n|t:|1783548656\n|switch|p2a: Avalugg|Avalugg, L88, M|78/100|[from] Flip Turn\n|\n|upkeep\n|turn|20\n|inactive|Time left: 300 sec this turn | 300 sec total\n|\n|t:|1783548657\n|move|p1a: Oricorio|Revelation Dance|p2a: Avalugg\n|-supereffective|p2a: Avalugg\n|-damage|p2a: Avalugg|0 fnt\n|faint|p2a: Avalugg\n|\n|upkeep\n|\n|t:|1783548658\n|switch|p2a: Alomomola|Alomomola, L87, M|64/100\n|turn|21\n|inactive|Time left: 300 sec this turn | 300 sec total\n|\n|t:|1783548658\n|move|p2a: Alomomola|Protect|p2a: Alomomola\n|-singleturn|p2a: Alomomola|Protect\n|move|p1a: Oricorio|Revelation Dance|p2a: Alomomola\n|-activate|p2a: Alomomola|move: Protect\n|\n|upkeep\n|turn|22\n|inactive|Time left: 300 sec this turn | 300 sec total\n|\n|t:|1783548659\n|move|p2a: Alomomola|Protect|p2a: Alomomola\n|-singleturn|p2a: Alomomola|Protect\n|move|p1a: Oricorio|Revelation Dance|p2a: Alomomola\n|-activate|p2a: Alomomola|move: Protect\n|\n|upkeep\n|turn|23\n|inactive|Time left: 300 sec this turn | 300 sec total\n|\n|t:|1783548660\n|move|p2a: Alomomola|Protect|p2a: Alomomola\n|-singleturn|p2a: Alomomola|Protect\n|move|p1a: Oricorio|Revelation Dance|p2a: Alomomola\n|-activate|p2a: Alomomola|move: Protect\n|\n|upkeep\n|turn|24\n|inactive|Time left: 300 sec this turn | 300 sec total\n|\n|t:|1783548661\n|move|p1a: Oricorio|Revelation Dance|p2a: Alomomola\n|-damage|p2a: Alomomola|0 fnt\n|faint|p2a: Alomomola\n|\n|win|p0x817fb6d", "uploadtime": 1783548661, "views": 0, "rating": 0, "private": 0, "password": null, "_winner": "p0x817fb6d", "_our_name": "p0x817fb6d"}