{"id": "battle-gen9randombattle-2212", "formatid": "gen9randombattle", "format": "[Gen 9] Random Battle", "players": ["p0x2212072b", "p0y22129e9e"], "log": "|init|battle\n|title|p0x2212072b vs. p0y22129e9e\n|j|\u2606p0x2212072b\n|j|\u2606p0y22129e9e\n|t:|1783564687\n|gametype|singles\n|player|p1|p0x2212072b|170|\n|player|p2|p0y22129e9e|2|\n|gen|9\n|tier|[Gen 9] Random Battle\n|rule|Species Clause: Limit one of each Pok\u00e9mon\n|rule|HP Percentage Mod: HP is shown in percentages\n|rule|Sleep Clause Mod: Limit one foe put to sleep\n|rule|Illusion Level Mod: Illusion disguises the Pok\u00e9mon's true level\n|\n|t:|1783564687\n|teamsize|p1|6\n|teamsize|p2|6\n|start\n|switch|p1a: Toxapex|Toxapex, L82, F|216/216\n|switch|p2a: Dragalge|Dragalge, L88, F|100/100\n|turn|1\n|inactive|Battle timer is ON: inactive players will automatically lose when time's up. (requested by p0y22129e9e)\n|inactive|Time left: 300 sec this turn | 300 sec total | 60 sec grace\n|inactive|p0x2212072b also wants the timer to be on.\n|\n|t:|1783564689\n|move|p2a: Dragalge|Draco Meteor|p1a: Toxapex\n|-damage|p1a: Toxapex|0 fnt\n|-unboost|p2a: Dragalge|spa|2\n|faint|p1a: Toxapex\n|\n|upkeep\n|inactive|Time left: 300 sec this turn | 300 sec total | 65 sec grace\n|\n|t:|1783564690\n|switch|p1a: Crabominable|Crabominable, L90, F|321/321\n|turn|2\n|inactive|Time left: 300 sec this turn | 300 sec total\n|\n|t:|1783564691\n|switch|p2a: Lunala|Lunala, L70|100/100\n|move|p1a: Crabominable|Ice Hammer|p2a: Lunala\n|-damage|p2a: Lunala|46/100\n|-unboost|p1a: Crabominable|spe|1\n|\n|-heal|p2a: Lunala|52/100|[from] item: Leftovers\n|upkeep\n|turn|3\n|inactive|Time left: 300 sec this turn | 300 sec total\n|\n|t:|1783564692\n|move|p2a: Lunala|Moonlight|p2a: Lunala\n|-heal|p2a: Lunala|100/100\n|move|p1a: Crabominable|Ice Hammer|p2a: Lunala\n|-damage|p2a: Lunala|48/100\n|-unboost|p1a: Crabominable|spe|1\n|\n|-heal|p2a: Lunala|54/100|[from] item: Leftovers\n|upkeep\n|turn|4\n|inactive|Time left: 300 sec this turn | 300 sec total\n|\n|t:|1783564693\n|move|p2a: Lunala|Moonlight|p2a: Lunala\n|-heal|p2a: Lunala|100/100\n|move|p1a: Crabominable|Ice Hammer|p2a: Lunala\n|-damage|p2a: Lunala|46/100\n|-unboost|p1a: Crabominable|spe|1\n|\n|-heal|p2a: Lunala|52/100|[from] item: Leftovers\n|upkeep\n|turn|5\n|inactive|Time left: 300 sec this turn | 300 sec total\n|\n|t:|1783564694\n|move|p2a: Lunala|Moonlight|p2a: Lunala\n|-heal|p2a: Lunala|100/100\n|move|p1a: Crabominable|Ice Hammer|p2a: Lunala\n|-damage|p2a: Lunala|42/100\n|-unboost|p1a: Crabominable|spe|1\n|\n|-heal|p2a: Lunala|49/100|[from] item: Leftovers\n|upkeep\n|turn|6\n|inactive|Time left: 300 sec this turn | 300 sec total\n|\n|t:|1783564696\n|move|p2a: Lunala|Psyshock|p1a: Crabominable\n|-supereffective|p1a: Crabominable\n|-damage|p1a: Crabominable|169/321\n|move|p1a: Crabominable|Ice Hammer|p2a: Lunala\n|-damage|p2a: Lunala|0 fnt\n|-unboost|p1a: Crabominable|spe|1\n|faint|p2a: Lunala\n|\n|upkeep\n|\n|t:|1783564696\n|switch|p2a: Dragalge|Dragalge, L88, F|100/100\n|turn|7\n|inactive|Time left: 300 sec this turn | 300 sec total\n|\n|t:|1783564697\n|switch|p1a: Garganacl|Garganacl, L80, F|291/291\n|move|p2a: Dragalge|Draco Meteor|p1a: Garganacl\n|-damage|p1a: Garganacl|0 fnt\n|-unboost|p2a: Dragalge|spa|2\n|faint|p1a: Garganacl\n|\n|upkeep\n|inactive|Time left: 300 sec this turn | 300 sec total | 5 sec grace\n|\n|t:|1783564698\n|switch|p1a: Crabominable|Crabominable, L90, F|169/321\n|turn|8\n|inactive|Time left: 300 sec this turn | 300 sec total\n|\n|t:|1783564699\n|switch|p2a: Dondozo|Dondozo, L78, M|100/100\n|move|p1a: Crabominable|Ice Hammer|p2a: Dondozo|[miss]\n|-miss|p1a: Crabominable|p2a: Dondozo\n|\n|upkeep\n|turn|9\n|inactive|Time left: 300 sec this turn | 300 sec total\n|\n|t:|1783564700\n|move|p1a: Crabominable|Ice Hammer|p2a: Dondozo\n|-resisted|p2a: Dondozo\n|-damage|p2a: Dondozo|66/100\n|-unboost|p1a: Crabominable|spe|1\n|move|p2a: Dondozo|Wave Crash|p1a: Crabominable\n|-damage|p1a: Crabominable|43/321\n|-damage|p2a: Dondozo|54/100|[from] Recoil\n|\n|-heal|p2a: Dondozo|60/100|[from] item: Leftovers\n|upkeep\n|turn|10\n|inactive|Time left: 300 sec this turn | 300 sec total\n|\n|t:|1783564701\n|switch|p1a: Exeggutor|Exeggutor, L89, M|312/312\n|move|p2a: Dondozo|Wave Crash|p1a: Exeggutor\n|-resisted|p1a: Exeggutor\n|-damage|p1a: Exeggutor|255/312\n|-damage|p2a: Dondozo|55/100|[from] Recoil\n|\n|-heal|p2a: Dondozo|61/100|[from] item: Leftovers\n|upkeep\n|turn|11\n|inactive|Time left: 300 sec this turn | 300 sec total\n|\n|t:|1783564702\n|switch|p2a: Pyroar|Pyroar, L88, M|100/100\n|-ability|p2a: Pyroar|Unnerve\n|move|p1a: Exeggutor|Psychic Noise|p2a: Pyroar\n|-damage|p2a: Pyroar|57/100\n|-start|p2a: Pyroar|move: Heal Block\n|\n|upkeep\n|turn|12\n|inactive|Time left: 300 sec this turn | 300 sec total\n|\n|t:|1783564703\n|switch|p1a: Gallade|Gallade, L80, M|240/240\n|move|p2a: Pyroar|Fire Blast|p1a: Gallade\n|-damage|p1a: Gallade|129/240\n|\n|-end|p2a: Pyroar|move: Heal Block\n|upkeep\n|turn|13\n|inactive|Time left: 300 sec this turn | 300 sec total\n|\n|t:|1783564704\n|-terastallize|p2a: Pyroar|Fire\n|move|p1a: Gallade|Sacred Sword|p2a: Pyroar\n|-damage|p2a: Pyroar|0 fnt\n|faint|p2a: Pyroar\n|\n|upkeep\n|\n|t:|1783564704\n|switch|p2a: Dragalge|Dragalge, L88, F|100/100\n|turn|14\n|inactive|Time left: 300 sec this turn | 300 sec total\n|\n|t:|1783564705\n|move|p1a: Gallade|Sacred Sword|p2a: Dragalge\n|-resisted|p2a: Dragalge\n|-damage|p2a: Dragalge|70/100\n|move|p2a: Dragalge|Sludge Wave|p1a: Gallade\n|-damage|p1a: Gallade|0 fnt\n|faint|p1a: Gallade\n|\n|upkeep\n|inactive|Time left: 300 sec this turn | 300 sec total | 5 sec grace\n|\n|t:|1783564706\n|switch|p1a: Crabominable|Crabominable, L90, F|43/321\n|turn|15\n|inactive|Time left: 300 sec this turn | 300 sec total\n|\n|t:|1783564707\n|switch|p2a: Sableye|Sableye, L88, M|100/100\n|move|p1a: Crabominable|Earthquake|p2a: Sableye\n|-damage|p2a: Sableye|23/100\n|\n|-heal|p2a: Sableye|30/100|[from] item: Leftovers\n|upkeep\n|turn|16\n|inactive|Time left: 300 sec this turn | 300 sec total\n|\n|t:|1783564708\n|switch|p1a: Eelektross|Eelektross, L87, M|290/290\n|move|p2a: Sableye|Knock Off|p1a: Eelektross\n|-damage|p1a: Eelektross|190/290\n|-enditem|p1a: Eelektross|Assault Vest|[from] move: Knock Off|[of] p2a: Sableye\n|\n|-heal|p2a: Sableye|36/100|[from] item: Leftovers\n|upkeep\n|turn|17\n|inactive|Time left: 300 sec this turn | 300 sec total\n|\n|t:|1783564709\n|move|p2a: Sableye|Recover|p2a: Sableye\n|-heal|p2a: Sableye|86/100\n|move|p1a: Eelektross|Discharge|p2a: Sableye\n|-damage|p2a: Sableye|39/100\n|\n|-heal|p2a: Sableye|45/100|[from] item: Leftovers\n|upkeep\n|turn|18\n|inactive|Time left: 300 sec this turn | 300 sec total\n|\n|t:|1783564711\n|move|p2a: Sableye|Recover|p2a: Sableye\n|-heal|p2a: Sableye|95/100\n|move|p1a: Eelektross|Discharge|p2a: Sableye\n|-damage|p2a: Sableye|46/100\n|-status|p2a: Sableye|par\n|\n|-heal|p2a: Sableye|52/100 par|[from] item: Leftovers\n|upkeep\n|turn|19\n|inactive|Time left: 300 sec this turn | 300 sec total\n|\n|t:|1783564712\n|move|p2a: Sableye|Will-O-Wisp|p1a: Eelektross\n|-status|p1a: Eelektross|brn\n|move|p1a: Eelektross|Giga Drain|p2a: Sableye\n|-damage|p2a: Sableye|23/100 par\n|-heal|p1a: Eelektross|223/290 brn|[from] drain|[of] p2a: Sableye\n|\n|-heal|p2a: Sableye|30/100 par|[from] item: Leftovers\n|-damage|p1a: Eelektross|205/290 brn|[from] brn\n|upkeep\n|turn|20\n|inactive|Time left: 300 sec this turn | 300 sec total\n|\n|t:|1783564713\n|move|p2a: Sableye|Recover|p2a: Sableye\n|-heal|p2a: Sableye|80/100 par\n|move|p1a: Eelektross|Discharge|p2a: Sableye\n|-damage|p2a: Sableye|34/100 par\n|\n|-heal|p2a: Sableye|40/100 par|[from] item: Leftovers\n|-damage|p1a: Eelektross|187/290 brn|[from] brn\n|upkeep\n|turn|21\n|inactive|Time left: 300 sec this turn | 300 sec total\n|\n|t:|1783564714\n|move|p2a: Sableye|Recover|p2a: Sableye\n|-heal|p2a: Sableye|91/100 par\n|move|p1a: Eelektross|Discharge|p2a: Sableye\n|-damage|p2a: Sableye|39/100 par\n|\n|-heal|p2a: Sableye|45/100 par|[from] item: Leftovers\n|-damage|p1a: Eelektross|169/290 brn|[from] brn\n|upkeep\n|turn|22\n|inactive|Time left: 300 sec this turn | 300 sec total\n|\n|t:|1783564715\n|move|p2a: Sableye|Recover|p2a: Sableye\n|-heal|p2a: Sableye|95/100 par\n|move|p1a: Eelektross|Discharge|p2a: Sableye\n|-damage|p2a: Sableye|48/100 par\n|\n|-heal|p2a: Sableye|54/100 par|[from] item: Leftovers\n|-damage|p1a: Eelektross|151/290 brn|[from] brn\n|upkeep\n|turn|23\n|inactive|Time left: 300 sec this turn | 300 sec total\n|\n|t:|1783564716\n|move|p2a: Sableye|Recover|p2a: Sableye\n|-heal|p2a: Sableye|100/100 par\n|move|p1a: Eelektross|Discharge|p2a: Sableye\n|-crit|p2a: Sableye\n|-damage|p2a: Sableye|29/100 par\n|\n|-heal|p2a: Sableye|35/100 par|[from] item: Leftovers\n|-damage|p1a: Eelektross|133/290 brn|[from] brn\n|upkeep\n|turn|24\n|inactive|Time left: 300 sec this turn | 300 sec total\n|\n|t:|1783564717\n|cant|p2a: Sableye|par\n|move|p1a: Eelektross|Discharge|p2a: Sableye\n|-damage|p2a: Sableye|0 fnt\n|faint|p2a: Sableye\n|\n|-damage|p1a: Eelektross|115/290 brn|[from] brn\n|upkeep\n|\n|t:|1783564718\n|switch|p2a: Tatsugiri|Tatsugiri, L87, F|100/100\n|turn|25\n|inactive|Time left: 300 sec this turn | 300 sec total\n|\n|t:|1783564719\n|move|p2a: Tatsugiri|Nasty Plot|p2a: Tatsugiri\n|-boost|p2a: Tatsugiri|spa|2\n|move|p1a: Eelektross|Dragon Tail|p2a: Tatsugiri|[miss]\n|-miss|p1a: Eelektross|p2a: Tatsugiri\n|\n|-damage|p1a: Eelektross|97/290 brn|[from] brn\n|upkeep\n|turn|26\n|inactive|Time left: 300 sec this turn | 300 sec total\n|\n|t:|1783564720\n|move|p2a: Tatsugiri|Hydro Pump|p1a: Eelektross\n|-damage|p1a: Eelektross|0 fnt\n|faint|p1a: Eelektross\n|\n|upkeep\n|inactive|Time left: 300 sec this turn | 300 sec total | 5 sec grace\n|\n|t:|1783564721\n|switch|p1a: Crabominable|Crabominable, L90, F|43/321\n|turn|27\n|inactive|Time left: 300 sec this turn | 300 sec total\n|\n|t:|1783564722\n|move|p2a: Tatsugiri|Hydro Pump|p1a: Crabominable\n|-damage|p1a: Crabominable|0 fnt\n|faint|p1a: Crabominable\n|\n|upkeep\n|inactive|Time left: 300 sec this turn | 300 sec total | 5 sec grace\n|\n|t:|1783564723\n|switch|p1a: Exeggutor|Exeggutor, L89, M|255/312\n|turn|28\n|inactive|Time left: 300 sec this turn | 300 sec total\n|\n|t:|1783564724\n|-terastallize|p1a: Exeggutor|Steel\n|move|p2a: Tatsugiri|Draco Meteor|p1a: Exeggutor\n|-resisted|p1a: Exeggutor\n|-damage|p1a: Exeggutor|71/312\n|-unboost|p2a: Tatsugiri|spa|2\n|-enditem|p1a: Exeggutor|Sitrus Berry|[eat]\n|-heal|p1a: Exeggutor|149/312|[from] item: Sitrus Berry\n|move|p1a: Exeggutor|Leech Seed|p2a: Tatsugiri\n|-start|p2a: Tatsugiri|move: Leech Seed\n|\n|-damage|p2a: Tatsugiri|88/100|[from] Leech Seed|[of] p1a: Exeggutor\n|-heal|p1a: Exeggutor|181/312|[silent]\n|-item|p1a: Exeggutor|Sitrus Berry|[from] ability: Harvest\n|upkeep\n|turn|29\n|inactive|Time left: 300 sec this turn | 300 sec total\n|\n|t:|1783564725\n|move|p2a: Tatsugiri|Hydro Pump|p1a: Exeggutor\n|-damage|p1a: Exeggutor|12/312\n|-enditem|p1a: Exeggutor|Sitrus Berry|[eat]\n|-heal|p1a: Exeggutor|90/312|[from] item: Sitrus Berry\n|move|p1a: Exeggutor|Substitute|p1a: Exeggutor\n|-start|p1a: Exeggutor|Substitute\n|-damage|p1a: Exeggutor|12/312\n|\n|-damage|p2a: Tatsugiri|76/100|[from] Leech Seed|[of] p1a: Exeggutor\n|-heal|p1a: Exeggutor|44/312|[silent]\n|upkeep\n|turn|30\n|inactive|Time left: 300 sec this turn | 300 sec total\n|\n|t:|1783564726\n|move|p1a: Exeggutor|Protect|p1a: Exeggutor\n|-singleturn|p1a: Exeggutor|Protect\n|move|p2a: Tatsugiri|Hydro Pump|p1a: Exeggutor\n|-activate|p1a: Exeggutor|move: Protect\n|\n|-damage|p2a: Tatsugiri|64/100|[from] Leech Seed|[of] p1a: Exeggutor\n|-heal|p1a: Exeggutor|76/312|[silent]\n|-item|p1a: Exeggutor|Sitrus Berry|[from] ability: Harvest\n|upkeep\n|-enditem|p1a: Exeggutor|Sitrus Berry|[eat]\n|-heal|p1a: Exeggutor|154/312|[from] item: Sitrus Berry\n|turn|31\n|inactive|Time left: 300 sec this turn | 300 sec total\n|\n|t:|1783564727\n|move|p2a: Tatsugiri|Hydro Pump|p1a: Exeggutor|[miss]\n|-miss|p2a: Tatsugiri|p1a: Exeggutor\n|move|p1a: Exeggutor|Psychic Noise|p2a: Tatsugiri\n|-damage|p2a: Tatsugiri|22/100\n|-start|p2a: Tatsugiri|move: Heal Block\n|\n|-damage|p2a: Tatsugiri|10/100|[from] Leech Seed|[of] p1a: Exeggutor\n|-heal|p1a: Exeggutor|186/312|[silent]\n|upkeep\n|turn|32\n|inactive|Time left: 300 sec this turn | 300 sec total\n|\n|t:|1783564728\n|switch|p2a: Dondozo|Dondozo, L78, M|61/100\n|move|p1a: Exeggutor|Protect||[still]\n|-fail|p1a: Exeggutor\n|\n|-heal|p2a: Dondozo|67/100|[from] item: Leftovers\n|-item|p1a: Exeggutor|Sitrus Berry|[from] ability: Harvest\n|upkeep\n|turn|33\n|inactive|Time left: 300 sec this turn | 300 sec total\n|\n|t:|1783564729\n|move|p1a: Exeggutor|Psychic Noise|p2a: Dondozo\n|-damage|p2a: Dondozo|29/100\n|-start|p2a: Dondozo|move: Heal Block\n|move|p2a: Dondozo|Wave Crash|p1a: Exeggutor\n|-end|p1a: Exeggutor|Substitute\n|-damage|p2a: Dondozo|22/100|[from] Recoil|[of] p1a: Exeggutor\n|\n|upkeep\n|turn|34\n|inactive|Time left: 300 sec this turn | 300 sec total\n|\n|t:|1783564730\n|move|p1a: Exeggutor|Leech Seed|p2a: Dondozo|[miss]\n|-miss|p1a: Exeggutor|p2a: Dondozo\n|move|p2a: Dondozo|Wave Crash|p1a: Exeggutor\n|-damage|p1a: Exeggutor|78/312\n|-enditem|p1a: Exeggutor|Sitrus Berry|[eat]\n|-heal|p1a: Exeggutor|156/312|[from] item: Sitrus Berry\n|-damage|p2a: Dondozo|12/100|[from] Recoil\n|\n|-end|p2a: Dondozo|move: Heal Block\n|-item|p1a: Exeggutor|Sitrus Berry|[from] ability: Harvest\n|upkeep\n|-enditem|p1a: Exeggutor|Sitrus Berry|[eat]\n|-heal|p1a: Exeggutor|234/312|[from] item: Sitrus Berry\n|turn|35\n|inactive|Time left: 300 sec this turn | 300 sec total\n|\n|t:|1783564731\n|move|p1a: Exeggutor|Psychic Noise|p2a: Dondozo\n|-damage|p2a: Dondozo|0 fnt\n|faint|p2a: Dondozo\n|\n|-item|p1a: Exeggutor|Sitrus Berry|[from] ability: Harvest\n|upkeep\n|\n|t:|1783564732\n|switch|p2a: Dragalge|Dragalge, L88, F|70/100\n|turn|36\n|inactive|Time left: 300 sec this turn | 300 sec total\n|\n|t:|1783564733\n|move|p1a: Exeggutor|Substitute|p1a: Exeggutor\n|-start|p1a: Exeggutor|Substitute\n|-damage|p1a: Exeggutor|156/312\n|-enditem|p1a: Exeggutor|Sitrus Berry|[eat]\n|-heal|p1a: Exeggutor|234/312|[from] item: Sitrus Berry\n|move|p2a: Dragalge|Focus Blast|p1a: Exeggutor\n|-supereffective|p1a: Exeggutor\n|-end|p1a: Exeggutor|Substitute\n|\n|upkeep\n|turn|37\n|inactive|Time left: 300 sec this turn | 300 sec total\n|\n|t:|1783564734\n|move|p1a: Exeggutor|Substitute|p1a: Exeggutor\n|-start|p1a: Exeggutor|Substitute\n|-damage|p1a: Exeggutor|156/312\n|move|p2a: Dragalge|Focus Blast|p1a: Exeggutor\n|-supereffective|p1a: Exeggutor\n|-end|p1a: Exeggutor|Substitute\n|\n|upkeep\n|turn|38\n|inactive|Time left: 300 sec this turn | 300 sec total\n|\n|t:|1783564734\n|move|p1a: Exeggutor|Protect|p1a: Exeggutor\n|-singleturn|p1a: Exeggutor|Protect\n|move|p2a: Dragalge|Focus Blast|p1a: Exeggutor\n|-activate|p1a: Exeggutor|move: Protect\n|\n|-item|p1a: Exeggutor|Sitrus Berry|[from] ability: Harvest\n|upkeep\n|-enditem|p1a: Exeggutor|Sitrus Berry|[eat]\n|-heal|p1a: Exeggutor|234/312|[from] item: Sitrus Berry\n|turn|39\n|inactive|Time left: 300 sec this turn | 300 sec total\n|\n|t:|1783564735\n|move|p1a: Exeggutor|Substitute|p1a: Exeggutor\n|-start|p1a: Exeggutor|Substitute\n|-damage|p1a: Exeggutor|156/312\n|move|p2a: Dragalge|Focus Blast|p1a: Exeggutor\n|-supereffective|p1a: Exeggutor\n|-end|p1a: Exeggutor|Substitute\n|\n|upkeep\n|turn|40\n|inactive|Time left: 300 sec this turn | 300 sec total\n|\n|t:|1783564736\n|move|p1a: Exeggutor|Protect|p1a: Exeggutor\n|-singleturn|p1a: Exeggutor|Protect\n|move|p2a: Dragalge|Focus Blast|p1a: Exeggutor\n|-activate|p1a: Exeggutor|move: Protect\n|\n|upkeep\n|turn|41\n|inactive|Time left: 300 sec this turn | 300 sec total\n|\n|t:|1783564737\n|move|p1a: Exeggutor|Substitute|p1a: Exeggutor\n|-start|p1a: Exeggutor|Substitute\n|-damage|p1a: Exeggutor|78/312\n|move|p2a: Dragalge|Focus Blast|p1a: Exeggutor\n|-supereffective|p1a: Exeggutor\n|-end|p1a: Exeggutor|Substitute\n|\n|-item|p1a: Exeggutor|Sitrus Berry|[from] ability: Harvest\n|upkeep\n|-enditem|p1a: Exeggutor|Sitrus Berry|[eat]\n|-heal|p1a: Exeggutor|156/312|[from] item: Sitrus Berry\n|turn|42\n|inactive|Time left: 300 sec this turn | 300 sec total\n|\n|t:|1783564737\n|move|p1a: Exeggutor|Substitute|p1a: Exeggutor\n|-start|p1a: Exeggutor|Substitute\n|-damage|p1a: Exeggutor|78/312\n|move|p2a: Dragalge|Focus Blast|p1a: Exeggutor|[miss]\n|-miss|p2a: Dragalge|p1a: Exeggutor\n|\n|upkeep\n|turn|43\n|inactive|Time left: 300 sec this turn | 300 sec total\n|\n|t:|1783564738\n|switch|p2a: Tatsugiri|Tatsugiri, L87, F|10/100\n|move|p1a: Exeggutor|Psychic Noise|p2a: Tatsugiri\n|-crit|p2a: Tatsugiri\n|-damage|p2a: Tatsugiri|0 fnt\n|faint|p2a: Tatsugiri\n|\n|upkeep\n|\n|t:|1783564739\n|switch|p2a: Dragalge|Dragalge, L88, F|70/100\n|turn|44\n|inactive|Time left: 300 sec this turn | 300 sec total\n|\n|t:|1783564740\n|move|p1a: Exeggutor|Psychic Noise|p2a: Dragalge\n|-supereffective|p2a: Dragalge\n|-damage|p2a: Dragalge|9/100\n|-start|p2a: Dragalge|move: Heal Block\n|move|p2a: Dragalge|Flip Turn|p1a: Exeggutor\n|-activate|p1a: Exeggutor|move: Substitute|[damage]\n|\n|upkeep\n|turn|45\n|inactive|Time left: 300 sec this turn | 300 sec total\n|\n|t:|1783564741\n|move|p1a: Exeggutor|Psychic Noise|p2a: Dragalge\n|-supereffective|p2a: Dragalge\n|-damage|p2a: Dragalge|0 fnt\n|faint|p2a: Dragalge\n|\n|win|p0x2212072b", "uploadtime": 1783564741, "views": 0, "rating": 0, "private": 0, "password": null, "_winner": "p0x2212072b", "_our_name": "p0x2212072b"}