{"id": "battle-gen9randombattle-2613", "formatid": "gen9randombattle", "format": "[Gen 9] Random Battle", "players": ["p0x2613e068", "p0y26132cc7"], "log": "|init|battle\n|title|p0x2613e068 vs. p0y26132cc7\n|j|\u2606p0x2613e068\n|j|\u2606p0y26132cc7\n|t:|1783569190\n|gametype|singles\n|player|p1|p0x2613e068|102|\n|player|p2|p0y26132cc7|265|\n|gen|9\n|tier|[Gen 9] Random Battle\n|rule|Species Clause: Limit one of each Pok\u00e9mon\n|rule|HP Percentage Mod: HP is shown in percentages\n|rule|Sleep Clause Mod: Limit one foe put to sleep\n|rule|Illusion Level Mod: Illusion disguises the Pok\u00e9mon's true level\n|\n|t:|1783569190\n|teamsize|p1|6\n|teamsize|p2|6\n|start\n|switch|p1a: Ho-Oh|Ho-Oh, L71|100/100\n|switch|p2a: Jumpluff|Jumpluff, L87, F|271/271\n|turn|1\n|inactive|Battle timer is ON: inactive players will automatically lose when time's up. (requested by p0x2613e068)\n|inactive|Time left: 300 sec this turn | 300 sec total | 60 sec grace\n|inactive|p0y26132cc7 also wants the timer to be on.\n|\n|t:|1783569192\n|switch|p2a: Rhydon|Rhydon, L85, M|317/317\n|move|p1a: Ho-Oh|Sacred Fire|p2a: Rhydon\n|-resisted|p2a: Rhydon\n|-damage|p2a: Rhydon|290/317\n|-status|p2a: Rhydon|brn\n|\n|-damage|p2a: Rhydon|271/317 brn|[from] brn\n|upkeep\n|turn|2\n|inactive|Time left: 300 sec this turn | 300 sec total\n|\n|t:|1783569193\n|switch|p1a: Whiscash|Whiscash, L88, M|100/100\n|move|p2a: Rhydon|Swords Dance|p2a: Rhydon\n|-boost|p2a: Rhydon|atk|2\n|\n|-damage|p2a: Rhydon|252/317 brn|[from] brn\n|upkeep\n|turn|3\n|inactive|Time left: 300 sec this turn | 300 sec total\n|\n|t:|1783569194\n|move|p1a: Whiscash|Hydro Pump|p2a: Rhydon\n|-supereffective|p2a: Rhydon\n|-damage|p2a: Rhydon|0 fnt\n|faint|p2a: Rhydon\n|\n|upkeep\n|inactive|Time left: 300 sec this turn | 300 sec total | 5 sec grace\n|\n|t:|1783569195\n|switch|p2a: Mesprit|Mesprit, L85|275/275\n|turn|4\n|inactive|Time left: 300 sec this turn | 300 sec total\n|\n|t:|1783569196\n|move|p2a: Mesprit|Nasty Plot|p2a: Mesprit\n|-boost|p2a: Mesprit|spa|2\n|move|p1a: Whiscash|Stealth Rock|p2a: Mesprit\n|-sidestart|p2: p0y26132cc7|move: Stealth Rock\n|\n|upkeep\n|turn|5\n|inactive|Time left: 300 sec this turn | 300 sec total\n|\n|t:|1783569197\n|switch|p1a: Chansey|Chansey, L85, F|100/100\n|move|p2a: Mesprit|Psychic|p1a: Chansey\n|-damage|p1a: Chansey|70/100\n|-damage|p2a: Mesprit|248/275|[from] item: Life Orb\n|\n|upkeep\n|turn|6\n|inactive|Time left: 300 sec this turn | 300 sec total\n|\n|t:|1783569198\n|move|p2a: Mesprit|Nasty Plot|p2a: Mesprit\n|-boost|p2a: Mesprit|spa|2\n|move|p1a: Chansey|Soft-Boiled|p1a: Chansey\n|-heal|p1a: Chansey|100/100\n|\n|upkeep\n|turn|7\n|inactive|Time left: 300 sec this turn | 300 sec total\n|\n|t:|1783569199\n|move|p2a: Mesprit|Psychic|p1a: Chansey\n|-damage|p1a: Chansey|60/100\n|-damage|p2a: Mesprit|221/275|[from] item: Life Orb\n|move|p1a: Chansey|Seismic Toss|p2a: Mesprit\n|-damage|p2a: Mesprit|136/275\n|\n|upkeep\n|turn|8\n|inactive|Time left: 300 sec this turn | 300 sec total\n|\n|t:|1783569201\n|move|p2a: Mesprit|Psychic|p1a: Chansey\n|-damage|p1a: Chansey|17/100\n|-damage|p2a: Mesprit|109/275|[from] item: Life Orb\n|move|p1a: Chansey|Seismic Toss|p2a: Mesprit\n|-damage|p2a: Mesprit|24/275\n|\n|upkeep\n|turn|9\n|inactive|Time left: 300 sec this turn | 300 sec total\n|\n|t:|1783569203\n|move|p2a: Mesprit|Psychic|p1a: Chansey\n|-damage|p1a: Chansey|0 fnt\n|faint|p1a: Chansey\n|-damage|p2a: Mesprit|0 fnt|[from] item: Life Orb\n|faint|p2a: Mesprit\n|\n|upkeep\n|inactive|Time left: 300 sec this turn | 300 sec total | 5 sec grace\n|\n|t:|1783569204\n|switch|p2a: Hippowdon|Hippowdon, L82, M|311/311\n|switch|p1a: Hoopa|Hoopa-Unbound, L80|100/100\n|-damage|p2a: Hippowdon|292/311|[from] Stealth Rock\n|-weather|Sandstorm|[from] ability: Sand Stream|[of] p2a: Hippowdon\n|turn|10\n|inactive|Time left: 300 sec this turn | 300 sec total\n|\n|t:|1783569205\n|move|p1a: Hoopa|Hyperspace Fury|p2a: Hippowdon\n|-damage|p2a: Hippowdon|108/311\n|-unboost|p1a: Hoopa|def|1\n|move|p2a: Hippowdon|Earthquake|p1a: Hoopa\n|-damage|p1a: Hoopa|4/100\n|\n|-weather|Sandstorm|[upkeep]\n|-damage|p1a: Hoopa|0 fnt|[from] Sandstorm\n|faint|p1a: Hoopa\n|-heal|p2a: Hippowdon|127/311|[from] item: Leftovers\n|upkeep\n|\n|t:|1783569206\n|switch|p1a: Whiscash|Whiscash, L88, M|100/100\n|turn|11\n|inactive|Time left: 300 sec this turn | 300 sec total\n|\n|t:|1783569207\n|-terastallize|p2a: Hippowdon|Dragon\n|move|p1a: Whiscash|Hydro Pump|p2a: Hippowdon\n|-resisted|p2a: Hippowdon\n|-damage|p2a: Hippowdon|58/311\n|move|p2a: Hippowdon|Slack Off|p2a: Hippowdon\n|-heal|p2a: Hippowdon|214/311\n|\n|-weather|Sandstorm|[upkeep]\n|-damage|p2a: Hippowdon|195/311|[from] Sandstorm\n|-heal|p2a: Hippowdon|214/311|[from] item: Leftovers\n|upkeep\n|turn|12\n|inactive|Time left: 300 sec this turn | 300 sec total\n|\n|t:|1783569208\n|move|p1a: Whiscash|Spikes|p2a: Hippowdon\n|-sidestart|p2: p0y26132cc7|Spikes\n|move|p2a: Hippowdon|Slack Off|p2a: Hippowdon\n|-heal|p2a: Hippowdon|311/311\n|\n|-weather|Sandstorm|[upkeep]\n|-damage|p2a: Hippowdon|292/311|[from] Sandstorm\n|-heal|p2a: Hippowdon|311/311|[from] item: Leftovers\n|upkeep\n|turn|13\n|inactive|Time left: 300 sec this turn | 300 sec total\n|\n|t:|1783569208\n|move|p1a: Whiscash|Spikes|p2a: Hippowdon\n|-sidestart|p2: p0y26132cc7|Spikes\n|move|p2a: Hippowdon|Earthquake|p1a: Whiscash\n|-damage|p1a: Whiscash|62/100\n|\n|-weather|Sandstorm|[upkeep]\n|-damage|p2a: Hippowdon|292/311|[from] Sandstorm\n|-heal|p1a: Whiscash|68/100|[from] item: Leftovers\n|-heal|p2a: Hippowdon|311/311|[from] item: Leftovers\n|upkeep\n|turn|14\n|inactive|Time left: 300 sec this turn | 300 sec total\n|\n|t:|1783569209\n|move|p1a: Whiscash|Earthquake|p2a: Hippowdon\n|-damage|p2a: Hippowdon|235/311\n|move|p2a: Hippowdon|Earthquake|p1a: Whiscash\n|-damage|p1a: Whiscash|30/100\n|\n|-weather|none\n|-heal|p1a: Whiscash|36/100|[from] item: Leftovers\n|-heal|p2a: Hippowdon|254/311|[from] item: Leftovers\n|upkeep\n|turn|15\n|inactive|Time left: 300 sec this turn | 300 sec total\n|\n|t:|1783569210\n|move|p1a: Whiscash|Earthquake|p2a: Hippowdon\n|-damage|p2a: Hippowdon|166/311\n|move|p2a: Hippowdon|Earthquake|p1a: Whiscash\n|-damage|p1a: Whiscash|0 fnt\n|faint|p1a: Whiscash\n|\n|-heal|p2a: Hippowdon|185/311|[from] item: Leftovers\n|upkeep\n|\n|t:|1783569211\n|switch|p1a: Furret|Furret, L94, M|100/100\n|-item|p2a: Hippowdon|Leftovers|[from] ability: Frisk|[of] p1a: Furret\n|turn|16\n|inactive|Time left: 300 sec this turn | 300 sec total\n|\n|t:|1783569212\n|-terastallize|p1a: Furret|Normal\n|move|p1a: Furret|Double-Edge|p2a: Hippowdon\n|-damage|p2a: Hippowdon|0 fnt\n|faint|p2a: Hippowdon\n|-damage|p1a: Furret|81/100|[from] Recoil\n|\n|upkeep\n|inactive|Time left: 300 sec this turn | 300 sec total | 5 sec grace\n|\n|t:|1783569213\n|switch|p2a: Tauros|Tauros-Paldea-Combat, L82, M|257/257\n|-damage|p2a: Tauros|241/257|[from] Stealth Rock\n|-damage|p2a: Tauros|199/257|[from] Spikes\n|-ability|p2a: Tauros|Intimidate|boost\n|-unboost|p1a: Furret|atk|1\n|turn|17\n|inactive|Time left: 300 sec this turn | 300 sec total\n|\n|t:|1783569214\n|move|p1a: Furret|Double-Edge|p2a: Tauros\n|-damage|p2a: Tauros|43/257\n|-damage|p1a: Furret|65/100|[from] Recoil\n|move|p2a: Tauros|Close Combat|p1a: Furret\n|-supereffective|p1a: Furret\n|-damage|p1a: Furret|0 fnt\n|-unboost|p2a: Tauros|def|1\n|-unboost|p2a: Tauros|spd|1\n|faint|p1a: Furret\n|\n|upkeep\n|\n|t:|1783569215\n|switch|p1a: Ho-Oh|Ho-Oh, L71|100/100\n|turn|18\n|inactive|Time left: 300 sec this turn | 300 sec total\n|\n|t:|1783569216\n|move|p2a: Tauros|Close Combat|p1a: Ho-Oh\n|-resisted|p1a: Ho-Oh\n|-damage|p1a: Ho-Oh|58/100\n|-unboost|p2a: Tauros|def|1\n|-unboost|p2a: Tauros|spd|1\n|move|p1a: Ho-Oh|Recover|p1a: Ho-Oh\n|-heal|p1a: Ho-Oh|100/100\n|\n|upkeep\n|turn|19\n|inactive|Time left: 300 sec this turn | 300 sec total\n|\n|t:|1783569217\n|move|p2a: Tauros|Close Combat|p1a: Ho-Oh\n|-resisted|p1a: Ho-Oh\n|-damage|p1a: Ho-Oh|57/100\n|-unboost|p2a: Tauros|def|1\n|-unboost|p2a: Tauros|spd|1\n|move|p1a: Ho-Oh|Recover|p1a: Ho-Oh\n|-heal|p1a: Ho-Oh|100/100\n|\n|upkeep\n|turn|20\n|inactive|Time left: 300 sec this turn | 300 sec total\n|\n|t:|1783569218\n|move|p2a: Tauros|Close Combat|p1a: Ho-Oh\n|-resisted|p1a: Ho-Oh\n|-damage|p1a: Ho-Oh|61/100\n|-unboost|p2a: Tauros|def|1\n|-unboost|p2a: Tauros|spd|1\n|move|p1a: Ho-Oh|Recover|p1a: Ho-Oh\n|-heal|p1a: Ho-Oh|100/100\n|\n|upkeep\n|turn|21\n|inactive|Time left: 300 sec this turn | 300 sec total\n|\n|t:|1783569219\n|move|p2a: Tauros|Close Combat|p1a: Ho-Oh\n|-resisted|p1a: Ho-Oh\n|-damage|p1a: Ho-Oh|60/100\n|-unboost|p2a: Tauros|def|1\n|-unboost|p2a: Tauros|spd|1\n|move|p1a: Ho-Oh|Brave Bird|p2a: Tauros\n|-supereffective|p2a: Tauros\n|-damage|p2a: Tauros|0 fnt\n|faint|p2a: Tauros\n|-damage|p1a: Ho-Oh|55/100|[from] Recoil\n|\n|upkeep\n|inactive|Time left: 300 sec this turn | 300 sec total | 5 sec grace\n|\n|t:|1783569220\n|switch|p2a: Maushold|Maushold, L76|238/238\n|-damage|p2a: Maushold|209/238|[from] Stealth Rock\n|-damage|p2a: Maushold|170/238|[from] Spikes\n|turn|22\n|inactive|Time left: 300 sec this turn | 300 sec total\n|\n|t:|1783569221\n|switch|p1a: Toxicroak|Toxicroak, L84, M|100/100\n|move|p2a: Maushold|Population Bomb|p1a: Toxicroak\n|-damage|p1a: Toxicroak|89/100\n|-damage|p1a: Toxicroak|80/100\n|-damage|p1a: Toxicroak|71/100\n|-damage|p1a: Toxicroak|60/100\n|-damage|p1a: Toxicroak|50/100\n|-damage|p1a: Toxicroak|39/100\n|-damage|p1a: Toxicroak|29/100\n|-damage|p1a: Toxicroak|19/100\n|-damage|p1a: Toxicroak|8/100\n|-damage|p1a: Toxicroak|0 fnt\n|faint|p1a: Toxicroak\n|-hitcount|p1: Toxicroak|10\n|\n|upkeep\n|\n|t:|1783569222\n|switch|p1a: Ho-Oh|Ho-Oh, L71|88/100\n|turn|23\n|inactive|Time left: 300 sec this turn | 300 sec total\n|\n|t:|1783569222\n|move|p2a: Maushold|Population Bomb|p1a: Ho-Oh\n|-damage|p1a: Ho-Oh|78/100\n|-damage|p1a: Ho-Oh|68/100\n|-damage|p1a: Ho-Oh|59/100\n|-damage|p1a: Ho-Oh|49/100\n|-damage|p1a: Ho-Oh|40/100\n|-damage|p1a: Ho-Oh|30/100\n|-damage|p1a: Ho-Oh|20/100\n|-damage|p1a: Ho-Oh|11/100\n|-damage|p1a: Ho-Oh|1/100\n|-damage|p1a: Ho-Oh|0 fnt\n|faint|p1a: Ho-Oh\n|-hitcount|p1: Ho-Oh|10\n|\n|win|p0y26132cc7", "uploadtime": 1783569222, "views": 0, "rating": 0, "private": 0, "password": null, "_winner": "p0y26132cc7", "_our_name": "p0y26132cc7"}