{"id": "battle-gen9randombattle-2581", "formatid": "gen9randombattle", "format": "[Gen 9] Random Battle", "players": ["p0x2581955b", "p0y2581de78"], "log": "|init|battle\n|title|p0x2581955b vs. p0y2581de78\n|j|\u2606p0x2581955b\n|j|\u2606p0y2581de78\n|t:|1783569813\n|gametype|singles\n|player|p1|p0x2581955b|1|\n|player|p2|p0y2581de78|170|\n|gen|9\n|tier|[Gen 9] Random Battle\n|rule|Species Clause: Limit one of each Pok\u00e9mon\n|rule|HP Percentage Mod: HP is shown in percentages\n|rule|Sleep Clause Mod: Limit one foe put to sleep\n|rule|Illusion Level Mod: Illusion disguises the Pok\u00e9mon's true level\n|\n|t:|1783569813\n|teamsize|p1|6\n|teamsize|p2|6\n|start\n|switch|p1a: Porygon-Z|Porygon-Z, L83|277/277\n|switch|p2a: Rampardos|Rampardos, L90, M|100/100\n|turn|1\n|inactive|Battle timer is ON: inactive players will automatically lose when time's up. (requested by p0x2581955b)\n|\n|t:|1783569814\n|move|p1a: Porygon-Z|Tri Attack|p2a: Rampardos\n|-resisted|p2a: Rampardos\n|-crit|p2a: Rampardos\n|-damage|p2a: Rampardos|57/100\n|move|p2a: Rampardos|Rock Slide|p1a: Porygon-Z\n|-damage|p1a: Porygon-Z|69/277\n|\n|upkeep\n|turn|2\n|inactive|Time left: 300 sec this turn | 300 sec total\n|inactive|p0y2581de78 also wants the timer to be on.\n|\n|t:|1783569815\n|move|p1a: Porygon-Z|Tri Attack|p2a: Rampardos\n|-resisted|p2a: Rampardos\n|-damage|p2a: Rampardos|27/100\n|move|p2a: Rampardos|Rock Slide|p1a: Porygon-Z\n|-damage|p1a: Porygon-Z|0 fnt\n|faint|p1a: Porygon-Z\n|\n|upkeep\n|inactive|Time left: 300 sec this turn | 300 sec total | 5 sec grace\n|\n|t:|1783569816\n|switch|p1a: Chandelure|Chandelure, L83, F|235/235\n|turn|3\n|inactive|Time left: 300 sec this turn | 300 sec total\n|\n|t:|1783569817\n|move|p1a: Chandelure|Fire Blast|p2a: Rampardos\n|-resisted|p2a: Rampardos\n|-damage|p2a: Rampardos|0 fnt\n|faint|p2a: Rampardos\n|\n|upkeep\n|\n|t:|1783569818\n|switch|p2a: Baxcalibur|Baxcalibur, L75, F|100/100\n|turn|4\n|inactive|Time left: 300 sec this turn | 300 sec total\n|\n|t:|1783569819\n|move|p1a: Chandelure|Fire Blast|p2a: Baxcalibur\n|-damage|p2a: Baxcalibur|40/100\n|-ability|p2a: Baxcalibur|Thermal Exchange|boost\n|-boost|p2a: Baxcalibur|atk|1\n|move|p2a: Baxcalibur|Glaive Rush|p1a: Chandelure\n|-damage|p1a: Chandelure|0 fnt\n|-singlemove|p2a: Baxcalibur|Glaive Rush|[silent]\n|faint|p1a: Chandelure\n|\n|upkeep\n|inactive|Time left: 300 sec this turn | 300 sec total | 5 sec grace\n|\n|t:|1783569820\n|switch|p1a: Kommo-o|Kommo-o, L77, M|242/242\n|turn|5\n|inactive|Time left: 300 sec this turn | 300 sec total\n|\n|t:|1783569821\n|switch|p2a: Samurott|Samurott, L88, M|100/100\n|move|p1a: Kommo-o|Scale Shot|p2a: Samurott\n|-damage|p2a: Samurott|93/100\n|-damage|p2a: Samurott|84/100\n|-crit|p2a: Samurott\n|-damage|p2a: Samurott|71/100\n|-damage|p2a: Samurott|63/100\n|-damage|p2a: Samurott|54/100\n|-hitcount|p2a: Samurott|5\n|-unboost|p1a: Kommo-o|def|1\n|-boost|p1a: Kommo-o|spe|1\n|\n|upkeep\n|turn|6\n|inactive|Time left: 300 sec this turn | 300 sec total\n|\n|t:|1783569823\n|move|p1a: Kommo-o|Swords Dance|p1a: Kommo-o\n|-boost|p1a: Kommo-o|atk|2\n|move|p2a: Samurott|Knock Off|p1a: Kommo-o\n|-resisted|p1a: Kommo-o\n|-damage|p1a: Kommo-o|195/242\n|-enditem|p1a: Kommo-o|Loaded Dice|[from] move: Knock Off|[of] p2a: Samurott\n|\n|upkeep\n|turn|7\n|inactive|Time left: 300 sec this turn | 300 sec total\n|\n|t:|1783569824\n|move|p1a: Kommo-o|Close Combat|p2a: Samurott\n|-damage|p2a: Samurott|0 fnt\n|-unboost|p1a: Kommo-o|def|1\n|-unboost|p1a: Kommo-o|spd|1\n|faint|p2a: Samurott\n|\n|upkeep\n|\n|t:|1783569825\n|switch|p2a: Baxcalibur|Baxcalibur, L75, F|40/100\n|turn|8\n|inactive|Time left: 300 sec this turn | 300 sec total\n|\n|t:|1783569826\n|move|p2a: Baxcalibur|Ice Shard|p1a: Kommo-o\n|-supereffective|p1a: Kommo-o\n|-crit|p1a: Kommo-o\n|-damage|p1a: Kommo-o|0 fnt\n|faint|p1a: Kommo-o\n|\n|upkeep\n|inactive|Time left: 300 sec this turn | 300 sec total | 5 sec grace\n|\n|t:|1783569827\n|switch|p1a: Beartic|Beartic, L91, F|321/321\n|turn|9\n|inactive|Time left: 300 sec this turn | 300 sec total\n|\n|t:|1783569828\n|move|p2a: Baxcalibur|Ice Shard|p1a: Beartic\n|-resisted|p1a: Beartic\n|-damage|p1a: Beartic|288/321\n|move|p1a: Beartic|Icicle Crash|p2a: Baxcalibur\n|-damage|p2a: Baxcalibur|0 fnt\n|faint|p2a: Baxcalibur\n|\n|upkeep\n|\n|t:|1783569828\n|switch|p2a: Staraptor|Staraptor, L79, F|100/100\n|turn|10\n|inactive|Time left: 300 sec this turn | 300 sec total\n|\n|t:|1783569829\n|-terastallize|p2a: Staraptor|Flying\n|move|p2a: Staraptor|Brave Bird|p1a: Beartic\n|-damage|p1a: Beartic|0 fnt\n|faint|p1a: Beartic\n|-damage|p2a: Staraptor|64/100|[from] Recoil\n|\n|upkeep\n|inactive|Time left: 300 sec this turn | 300 sec total | 5 sec grace\n|\n|t:|1783569830\n|switch|p1a: Virizion|Virizion, L82|283/283\n|turn|11\n|inactive|Time left: 300 sec this turn | 300 sec total\n|\n|t:|1783569831\n|-terastallize|p1a: Virizion|Rock\n|move|p1a: Virizion|Swords Dance|p1a: Virizion\n|-boost|p1a: Virizion|atk|2\n|move|p2a: Staraptor|Brave Bird|p1a: Virizion\n|-resisted|p1a: Virizion\n|-damage|p1a: Virizion|110/283\n|-damage|p2a: Staraptor|43/100|[from] Recoil\n|\n|upkeep\n|turn|12\n|inactive|Time left: 300 sec this turn | 300 sec total\n|\n|t:|1783569832\n|move|p1a: Virizion|Leaf Blade|p2a: Staraptor\n|-resisted|p2a: Staraptor\n|-damage|p2a: Staraptor|0 fnt\n|faint|p2a: Staraptor\n|-damage|p1a: Virizion|82/283|[from] item: Life Orb\n|\n|upkeep\n|\n|t:|1783569833\n|switch|p2a: Sudowoodo|Sudowoodo, L94, M|100/100\n|turn|13\n|inactive|Time left: 300 sec this turn | 300 sec total\n|\n|t:|1783569833\n|switch|p1a: Chimecho|Chimecho, L93, M|290/290\n|switch|p2a: Rayquaza|Rayquaza, L72|100/100\n|-ability|p2a: Rayquaza|Air Lock\n|\n|upkeep\n|turn|14\n|inactive|Time left: 300 sec this turn | 300 sec total\n|\n|t:|1783569834\n|move|p2a: Rayquaza|Swords Dance|p2a: Rayquaza\n|-boost|p2a: Rayquaza|atk|2\n|move|p1a: Chimecho|Psychic Noise|p2a: Rayquaza\n|-damage|p2a: Rayquaza|56/100\n|-start|p2a: Rayquaza|move: Heal Block\n|\n|upkeep\n|turn|15\n|inactive|Time left: 300 sec this turn | 300 sec total\n|\n|t:|1783569835\n|switch|p1a: Virizion|Virizion, L82, tera:Rock|82/283\n|move|p2a: Rayquaza|Swords Dance|p2a: Rayquaza\n|-boost|p2a: Rayquaza|atk|2\n|\n|-end|p2a: Rayquaza|move: Heal Block\n|upkeep\n|turn|16\n|inactive|Time left: 300 sec this turn | 300 sec total\n|\n|t:|1783569836\n|move|p2a: Rayquaza|Extreme Speed|p1a: Virizion\n|-resisted|p1a: Virizion\n|-damage|p1a: Virizion|0 fnt\n|faint|p1a: Virizion\n|\n|upkeep\n|inactive|Time left: 300 sec this turn | 300 sec total | 5 sec grace\n|\n|t:|1783569837\n|switch|p1a: Chimecho|Chimecho, L93, M|290/290\n|turn|17\n|inactive|Time left: 300 sec this turn | 300 sec total\n|\n|t:|1783569838\n|move|p2a: Rayquaza|Dragon Ascent|p1a: Chimecho\n|-damage|p1a: Chimecho|0 fnt\n|-unboost|p2a: Rayquaza|def|1\n|-unboost|p2a: Rayquaza|spd|1\n|faint|p1a: Chimecho\n|\n|win|p0y2581de78", "uploadtime": 1783569838, "views": 0, "rating": 0, "private": 0, "password": null, "_winner": "p0y2581de78", "_our_name": "p0x2581955b"}