{"id": "battle-gen9randombattle-587", "formatid": "gen9randombattle", "format": "[Gen 9] Random Battle", "players": ["p0x5873073", "p0y587d207"], "log": "|init|battle\n|title|p0x5873073 vs. p0y587d207\n|j|\u2606p0x5873073\n|j|\u2606p0y587d207\n|t:|1783546625\n|gametype|singles\n|player|p1|p0x5873073|1|\n|player|p2|p0y587d207|170|\n|gen|9\n|tier|[Gen 9] Random Battle\n|rule|Species Clause: Limit one of each Pok\u00e9mon\n|rule|HP Percentage Mod: HP is shown in percentages\n|rule|Sleep Clause Mod: Limit one foe put to sleep\n|rule|Illusion Level Mod: Illusion disguises the Pok\u00e9mon's true level\n|\n|t:|1783546625\n|teamsize|p1|6\n|teamsize|p2|6\n|start\n|switch|p1a: Perrserker|Perrserker, L89, M|269/269\n|switch|p2a: Samurott|Samurott, L88, F|100/100\n|turn|1\n|inactive|Battle timer is ON: inactive players will automatically lose when time's up. (requested by p0x5873073)\n|inactive|p0y587d207 also wants the timer to be on.\n|\n|t:|1783546626\n|move|p2a: Samurott|Swords Dance|p2a: Samurott\n|-boost|p2a: Samurott|atk|2\n|move|p1a: Perrserker|Stealth Rock|p2a: Samurott\n|-sidestart|p2: p0y587d207|move: Stealth Rock\n|\n|upkeep\n|turn|2\n|inactive|Time left: 300 sec this turn | 300 sec total\n|\n|t:|1783546627\n|switch|p1a: Alomomola|Alomomola, L87, F|429/429\n|move|p2a: Samurott|Sacred Sword|p1a: Alomomola\n|-damage|p1a: Alomomola|250/429\n|-damage|p2a: Samurott|84/100|[from] item: Rocky Helmet|[of] p1a: Alomomola\n|-damage|p2a: Samurott|74/100|[from] item: Life Orb\n|\n|upkeep\n|turn|3\n|inactive|Time left: 300 sec this turn | 300 sec total\n|\n|t:|1783546629\n|move|p2a: Samurott|Sacred Sword|p1a: Alomomola\n|-damage|p1a: Alomomola|63/429\n|-damage|p2a: Samurott|58/100|[from] item: Rocky Helmet|[of] p1a: Alomomola\n|-damage|p2a: Samurott|48/100|[from] item: Life Orb\n|move|p1a: Alomomola|Flip Turn|p2a: Samurott\n|-resisted|p2a: Samurott\n|-damage|p2a: Samurott|38/100\n|inactive|Time left: 300 sec this turn | 300 sec total | 5 sec grace\n|\n|t:|1783546630\n|switch|p1a: Toedscruel|Toedscruel, L87, M|281/281|[from] Flip Turn\n|\n|upkeep\n|turn|4\n|inactive|Time left: 300 sec this turn | 300 sec total\n|\n|t:|1783546632\n|move|p1a: Toedscruel|Giga Drain|p2a: Samurott\n|-supereffective|p2a: Samurott\n|-damage|p2a: Samurott|0 fnt\n|faint|p2a: Samurott\n|\n|upkeep\n|\n|t:|1783546633\n|switch|p2a: Squawkabilly|Squawkabilly-White, L89, F|100/100\n|-damage|p2a: Squawkabilly|76/100|[from] Stealth Rock\n|turn|5\n|inactive|Time left: 300 sec this turn | 300 sec total\n|\n|t:|1783546634\n|switch|p1a: Garganacl|Garganacl, L80, F|291/291\n|move|p2a: Squawkabilly|Brave Bird|p1a: Garganacl\n|-resisted|p1a: Garganacl\n|-damage|p1a: Garganacl|173/291\n|-damage|p2a: Squawkabilly|62/100|[from] Recoil\n|\n|-heal|p1a: Garganacl|191/291|[from] item: Leftovers\n|upkeep\n|turn|6\n|inactive|Time left: 300 sec this turn | 300 sec total\n|\n|t:|1783546635\n|switch|p2a: Sandaconda|Sandaconda, L84, F|100/100\n|-damage|p2a: Sandaconda|94/100|[from] Stealth Rock\n|move|p1a: Garganacl|Salt Cure|p2a: Sandaconda\n|-resisted|p2a: Sandaconda\n|-damage|p2a: Sandaconda|88/100\n|-start|p2a: Sandaconda|Salt Cure\n|\n|-heal|p2a: Sandaconda|94/100|[from] item: Leftovers\n|-heal|p1a: Garganacl|209/291|[from] item: Leftovers\n|-damage|p2a: Sandaconda|82/100|[from] Salt Cure\n|upkeep\n|turn|7\n|inactive|Time left: 300 sec this turn | 300 sec total\n|\n|t:|1783546636\n|switch|p1a: Krookodile|Krookodile, L79, F|280/280\n|-ability|p1a: Krookodile|Intimidate|boost\n|-unboost|p2a: Sandaconda|atk|1\n|move|p2a: Sandaconda|Stealth Rock|p1a: Krookodile\n|-sidestart|p1: p0x5873073|move: Stealth Rock\n|\n|-heal|p2a: Sandaconda|88/100|[from] item: Leftovers\n|-damage|p2a: Sandaconda|75/100|[from] Salt Cure\n|upkeep\n|turn|8\n|inactive|Time left: 300 sec this turn | 300 sec total\n|\n|t:|1783546637\n|switch|p2a: Dunsparce|Dunsparce, L86, F|100/100\n|-damage|p2a: Dunsparce|88/100|[from] Stealth Rock\n|move|p1a: Krookodile|Knock Off|p2a: Dunsparce\n|-damage|p2a: Dunsparce|64/100\n|-enditem|p2a: Dunsparce|Eviolite|[from] move: Knock Off|[of] p1a: Krookodile\n|\n|upkeep\n|turn|9\n|inactive|Time left: 300 sec this turn | 300 sec total\n|\n|t:|1783546638\n|move|p1a: Krookodile|Knock Off|p2a: Dunsparce\n|-damage|p2a: Dunsparce|36/100\n|move|p2a: Dunsparce|Body Slam|p1a: Krookodile\n|-damage|p1a: Krookodile|201/280\n|-status|p1a: Krookodile|par\n|\n|upkeep\n|turn|10\n|inactive|Time left: 300 sec this turn | 300 sec total\n|\n|t:|1783546639\n|move|p1a: Krookodile|Knock Off|p2a: Dunsparce\n|-damage|p2a: Dunsparce|11/100\n|move|p2a: Dunsparce|Roost|p2a: Dunsparce\n|-heal|p2a: Dunsparce|61/100\n|-singleturn|p2a: Dunsparce|move: Roost\n|\n|upkeep\n|turn|11\n|inactive|Time left: 300 sec this turn | 300 sec total\n|\n|t:|1783546640\n|switch|p1a: Toedscruel|Toedscruel, L87, M|281/281\n|-damage|p1a: Toedscruel|264/281|[from] Stealth Rock\n|move|p2a: Dunsparce|Coil|p2a: Dunsparce\n|-boost|p2a: Dunsparce|atk|1\n|-boost|p2a: Dunsparce|def|1\n|-boost|p2a: Dunsparce|accuracy|1\n|\n|-heal|p1a: Toedscruel|281/281|[from] item: Leftovers\n|upkeep\n|turn|12\n|inactive|Time left: 300 sec this turn | 300 sec total\n|\n|t:|1783546642\n|move|p1a: Toedscruel|Rapid Spin|p2a: Dunsparce\n|-damage|p2a: Dunsparce|54/100\n|-boost|p1a: Toedscruel|spe|1\n|-sideend|p1: p0x5873073|Stealth Rock|[from] move: Rapid Spin|[of] p1a: Toedscruel\n|move|p2a: Dunsparce|Body Slam|p1a: Toedscruel\n|-damage|p1a: Toedscruel|149/281\n|-status|p1a: Toedscruel|par\n|\n|-heal|p1a: Toedscruel|166/281 par|[from] item: Leftovers\n|upkeep\n|turn|13\n|inactive|Time left: 300 sec this turn | 300 sec total\n|\n|t:|1783546643\n|move|p1a: Toedscruel|Giga Drain|p2a: Dunsparce\n|-damage|p2a: Dunsparce|24/100\n|-heal|p1a: Toedscruel|213/281 par|[from] drain|[of] p2a: Dunsparce\n|move|p2a: Dunsparce|Body Slam|p1a: Toedscruel\n|-damage|p1a: Toedscruel|83/281 par\n|\n|-heal|p1a: Toedscruel|100/281 par|[from] item: Leftovers\n|upkeep\n|turn|14\n|inactive|Time left: 300 sec this turn | 300 sec total\n|\n|t:|1783546644\n|move|p1a: Toedscruel|Giga Drain|p2a: Dunsparce\n|-damage|p2a: Dunsparce|0 fnt\n|-heal|p1a: Toedscruel|137/281 par|[from] drain|[of] p2a: Dunsparce\n|faint|p2a: Dunsparce\n|\n|-heal|p1a: Toedscruel|154/281 par|[from] item: Leftovers\n|upkeep\n|\n|t:|1783546644\n|switch|p2a: Kyogre|Kyogre, L71|100/100\n|-damage|p2a: Kyogre|88/100|[from] Stealth Rock\n|-weather|RainDance|[from] ability: Drizzle|[of] p2a: Kyogre\n|turn|15\n|inactive|Time left: 300 sec this turn | 300 sec total\n|\n|t:|1783546645\n|-terastallize|p1a: Toedscruel|Water\n|move|p2a: Kyogre|Water Spout|p1a: Toedscruel\n|-resisted|p1a: Toedscruel\n|-damage|p1a: Toedscruel|76/281 par\n|move|p1a: Toedscruel|Giga Drain|p2a: Kyogre\n|-supereffective|p2a: Kyogre\n|-damage|p2a: Kyogre|42/100\n|-heal|p1a: Toedscruel|136/281 par|[from] drain|[of] p2a: Kyogre\n|\n|-weather|RainDance|[upkeep]\n|-heal|p1a: Toedscruel|153/281 par|[from] item: Leftovers\n|upkeep\n|turn|16\n|inactive|Time left: 300 sec this turn | 300 sec total\n|\n|t:|1783546646\n|switch|p2a: Squawkabilly|Squawkabilly-White, L89, F|62/100\n|-damage|p2a: Squawkabilly|38/100|[from] Stealth Rock\n|cant|p1a: Toedscruel|par\n|\n|-weather|RainDance|[upkeep]\n|-heal|p1a: Toedscruel|170/281 par|[from] item: Leftovers\n|upkeep\n|turn|17\n|inactive|Time left: 300 sec this turn | 300 sec total\n|\n|t:|1783546647\n|switch|p1a: Alomomola|Alomomola, L87, F|206/429\n|move|p2a: Squawkabilly|Brave Bird|p1a: Alomomola\n|-damage|p1a: Alomomola|0 fnt\n|-damage|p2a: Squawkabilly|21/100|[from] item: Rocky Helmet|[of] p1a: Alomomola\n|faint|p1a: Alomomola\n|-damage|p2a: Squawkabilly|0 fnt|[from] Recoil\n|faint|p2a: Squawkabilly\n|\n|-weather|RainDance|[upkeep]\n|upkeep\n|inactive|Time left: 300 sec this turn | 300 sec total | 5 sec grace\n|\n|t:|1783546647\n|switch|p2a: Sandaconda|Sandaconda, L84, F|75/100\n|switch|p1a: Toedscruel|Toedscruel, L87, M, tera:Water|170/281 par\n|-damage|p2a: Sandaconda|69/100|[from] Stealth Rock\n|turn|18\n|inactive|Time left: 300 sec this turn | 300 sec total\n|\n|t:|1783546648\n|move|p2a: Sandaconda|Earthquake|p1a: Toedscruel\n|-damage|p1a: Toedscruel|34/281 par\n|move|p1a: Toedscruel|Giga Drain|p2a: Sandaconda\n|-supereffective|p2a: Sandaconda\n|-damage|p2a: Sandaconda|0 fnt\n|-heal|p1a: Toedscruel|123/281 par|[from] drain|[of] p2a: Sandaconda\n|faint|p2a: Sandaconda\n|\n|-weather|RainDance|[upkeep]\n|-heal|p1a: Toedscruel|140/281 par|[from] item: Leftovers\n|upkeep\n|\n|t:|1783546649\n|switch|p2a: Umbreon|Umbreon, L84, F|100/100\n|-damage|p2a: Umbreon|88/100|[from] Stealth Rock\n|turn|19\n|inactive|Time left: 300 sec this turn | 300 sec total\n|\n|t:|1783546649\n|switch|p1a: Krookodile|Krookodile, L79, F|201/280 par\n|-ability|p1a: Krookodile|Intimidate|boost\n|-unboost|p2a: Umbreon|atk|1\n|move|p2a: Umbreon|Foul Play|p1a: Krookodile\n|-resisted|p1a: Krookodile\n|-damage|p1a: Krookodile|135/280 par\n|\n|-weather|none\n|-heal|p2a: Umbreon|94/100|[from] item: Leftovers\n|upkeep\n|turn|20\n|inactive|Time left: 300 sec this turn | 300 sec total\n|\n|t:|1783546650\n|move|p2a: Umbreon|Foul Play|p1a: Krookodile\n|-resisted|p1a: Krookodile\n|-damage|p1a: Krookodile|76/280 par\n|cant|p1a: Krookodile|par\n|\n|-heal|p2a: Umbreon|99/100|[from] item: Leftovers\n|upkeep\n|turn|21\n|inactive|Time left: 300 sec this turn | 300 sec total\n|\n|t:|1783546651\n|move|p2a: Umbreon|Foul Play|p1a: Krookodile\n|-resisted|p1a: Krookodile\n|-damage|p1a: Krookodile|18/280 par\n|move|p1a: Krookodile|Earthquake|p2a: Umbreon\n|-damage|p2a: Umbreon|70/100\n|\n|-heal|p2a: Umbreon|76/100|[from] item: Leftovers\n|upkeep\n|turn|22\n|inactive|Time left: 300 sec this turn | 300 sec total\n|\n|t:|1783546651\n|switch|p1a: Garganacl|Garganacl, L80, F|209/291\n|move|p2a: Umbreon|Foul Play|p1a: Garganacl\n|-crit|p1a: Garganacl\n|-damage|p1a: Garganacl|94/291\n|\n|-heal|p2a: Umbreon|82/100|[from] item: Leftovers\n|-heal|p1a: Garganacl|112/291|[from] item: Leftovers\n|upkeep\n|turn|23\n|inactive|Time left: 300 sec this turn | 300 sec total\n|\n|t:|1783546652\n|move|p2a: Umbreon|Foul Play|p1a: Garganacl\n|-damage|p1a: Garganacl|33/291\n|move|p1a: Garganacl|Recover|p1a: Garganacl\n|-heal|p1a: Garganacl|179/291\n|\n|-heal|p2a: Umbreon|88/100|[from] item: Leftovers\n|-heal|p1a: Garganacl|197/291|[from] item: Leftovers\n|upkeep\n|turn|24\n|inactive|Time left: 300 sec this turn | 300 sec total\n|\n|t:|1783546653\n|move|p2a: Umbreon|Wish|p2a: Umbreon\n|move|p1a: Garganacl|Salt Cure|p2a: Umbreon\n|-damage|p2a: Umbreon|77/100\n|-start|p2a: Umbreon|Salt Cure\n|\n|-heal|p2a: Umbreon|83/100|[from] item: Leftovers\n|-heal|p1a: Garganacl|215/291|[from] item: Leftovers\n|-damage|p2a: Umbreon|70/100|[from] Salt Cure\n|upkeep\n|turn|25\n|inactive|Time left: 300 sec this turn | 300 sec total\n|\n|t:|1783546654\n|switch|p2a: Kyogre|Kyogre, L71|42/100\n|-damage|p2a: Kyogre|29/100|[from] Stealth Rock\n|-weather|RainDance|[from] ability: Drizzle|[of] p2a: Kyogre\n|move|p1a: Garganacl|Body Press|p2a: Kyogre\n|-damage|p2a: Kyogre|0 fnt\n|faint|p2a: Kyogre\n|\n|-weather|RainDance|[upkeep]\n|-heal|p1a: Garganacl|233/291|[from] item: Leftovers\n|upkeep\n|\n|t:|1783546655\n|switch|p2a: Umbreon|Umbreon, L84, F|70/100\n|-damage|p2a: Umbreon|58/100|[from] Stealth Rock\n|turn|26\n|inactive|Time left: 300 sec this turn | 300 sec total\n|\n|t:|1783546656\n|move|p2a: Umbreon|Wish|p2a: Umbreon\n|move|p1a: Garganacl|Salt Cure|p2a: Umbreon\n|-damage|p2a: Umbreon|45/100\n|-start|p2a: Umbreon|Salt Cure\n|\n|-weather|RainDance|[upkeep]\n|-heal|p2a: Umbreon|51/100|[from] item: Leftovers\n|-heal|p1a: Garganacl|251/291|[from] item: Leftovers\n|-damage|p2a: Umbreon|38/100|[from] Salt Cure\n|upkeep\n|turn|27\n|inactive|Time left: 300 sec this turn | 300 sec total\n|\n|t:|1783546657\n|move|p2a: Umbreon|Protect|p2a: Umbreon\n|-singleturn|p2a: Umbreon|Protect\n|move|p1a: Garganacl|Body Press|p2a: Umbreon\n|-activate|p2a: Umbreon|move: Protect\n|\n|-weather|RainDance|[upkeep]\n|-heal|p2a: Umbreon|88/100|[from] move: Wish|[wisher] Umbreon\n|-heal|p2a: Umbreon|94/100|[from] item: Leftovers\n|-heal|p1a: Garganacl|269/291|[from] item: Leftovers\n|-damage|p2a: Umbreon|82/100|[from] Salt Cure\n|upkeep\n|turn|28\n|inactive|Time left: 300 sec this turn | 300 sec total\n|\n|t:|1783546658\n|move|p2a: Umbreon|Wish|p2a: Umbreon\n|move|p1a: Garganacl|Body Press|p2a: Umbreon\n|-supereffective|p2a: Umbreon\n|-damage|p2a: Umbreon|45/100\n|\n|-weather|RainDance|[upkeep]\n|-heal|p2a: Umbreon|51/100|[from] item: Leftovers\n|-heal|p1a: Garganacl|287/291|[from] item: Leftovers\n|-damage|p2a: Umbreon|39/100|[from] Salt Cure\n|upkeep\n|turn|29\n|inactive|Time left: 300 sec this turn | 300 sec total\n|\n|t:|1783546659\n|switch|p1a: Flareon|Flareon, L90, M|263/263\n|move|p2a: Umbreon|Protect||[still]\n|-fail|p2a: Umbreon\n|\n|-weather|none\n|-heal|p2a: Umbreon|89/100|[from] move: Wish|[wisher] Umbreon\n|-heal|p2a: Umbreon|95/100|[from] item: Leftovers\n|-damage|p2a: Umbreon|82/100|[from] Salt Cure\n|-status|p1a: Flareon|tox|[from] item: Toxic Orb\n|upkeep\n|turn|30\n|inactive|Time left: 300 sec this turn | 300 sec total\n|\n|t:|1783546660\n|-terastallize|p2a: Umbreon|Poison\n|move|p2a: Umbreon|Protect|p2a: Umbreon\n|-singleturn|p2a: Umbreon|Protect\n|move|p1a: Flareon|Flare Blitz|p2a: Umbreon\n|-activate|p2a: Umbreon|move: Protect\n|\n|-heal|p2a: Umbreon|88/100|[from] item: Leftovers\n|-damage|p1a: Flareon|247/263 tox|[from] psn\n|-damage|p2a: Umbreon|76/100|[from] Salt Cure\n|upkeep\n|turn|31\n|inactive|Time left: 300 sec this turn | 300 sec total\n|\n|t:|1783546661\n|move|p2a: Umbreon|Protect|p2a: Umbreon\n|-singleturn|p2a: Umbreon|Protect\n|move|p1a: Flareon|Flare Blitz|p2a: Umbreon\n|-activate|p2a: Umbreon|move: Protect\n|\n|-heal|p2a: Umbreon|82/100|[from] item: Leftovers\n|-damage|p1a: Flareon|215/263 tox|[from] psn\n|-damage|p2a: Umbreon|70/100|[from] Salt Cure\n|upkeep\n|turn|32\n|inactive|Time left: 300 sec this turn | 300 sec total\n|\n|t:|1783546662\n|move|p1a: Flareon|Flare Blitz|p2a: Umbreon\n|-damage|p2a: Umbreon|0 fnt\n|faint|p2a: Umbreon\n|-damage|p1a: Flareon|147/263 tox|[from] Recoil\n|\n|win|p0x5873073", "uploadtime": 1783546662, "views": 0, "rating": 0, "private": 0, "password": null, "_winner": "p0x5873073", "_our_name": "p0x5873073"}