{"id": "battle-gen9randombattle-2016", "formatid": "gen9randombattle", "format": "[Gen 9] Random Battle", "players": ["p0x2016b6bd", "p0y2016c0e2"], "log": "|init|battle\n|title|p0x2016b6bd vs. p0y2016c0e2\n|j|\u2606p0x2016b6bd\n|j|\u2606p0y2016c0e2\n|t:|1783563349\n|gametype|singles\n|player|p1|p0x2016b6bd|102|\n|player|p2|p0y2016c0e2|169|\n|gen|9\n|tier|[Gen 9] Random Battle\n|rule|Species Clause: Limit one of each Pok\u00e9mon\n|rule|HP Percentage Mod: HP is shown in percentages\n|rule|Sleep Clause Mod: Limit one foe put to sleep\n|rule|Illusion Level Mod: Illusion disguises the Pok\u00e9mon's true level\n|\n|t:|1783563349\n|teamsize|p1|6\n|teamsize|p2|6\n|start\n|switch|p1a: Arceus|Arceus-Electric, L70|284/284\n|switch|p2a: Gengar|Gengar, L81, M|100/100\n|turn|1\n|inactive|Battle timer is ON: inactive players will automatically lose when time's up. (requested by p0y2016c0e2)\n|inactive|Time left: 300 sec this turn | 300 sec total | 60 sec grace\n|inactive|p0x2016b6bd also wants the timer to be on.\n|\n|t:|1783563351\n|move|p2a: Gengar|Sludge Wave|p1a: Arceus\n|-damage|p1a: Arceus|142/284\n|-status|p1a: Arceus|psn\n|-damage|p2a: Gengar|90/100|[from] item: Life Orb\n|move|p1a: Arceus|Calm Mind|p1a: Arceus\n|-boost|p1a: Arceus|spa|1\n|-boost|p1a: Arceus|spd|1\n|\n|-damage|p1a: Arceus|107/284 psn|[from] psn\n|upkeep\n|turn|2\n|inactive|Time left: 300 sec this turn | 300 sec total\n|\n|t:|1783563352\n|move|p2a: Gengar|Shadow Ball|p1a: Arceus\n|-damage|p1a: Arceus|29/284 psn\n|-damage|p2a: Gengar|80/100|[from] item: Life Orb\n|move|p1a: Arceus|Judgment|p2a: Gengar\n|-damage|p2a: Gengar|6/100\n|-start|p1a: Arceus|Disable|Judgment|[from] ability: Cursed Body|[of] p2a: Gengar\n|\n|-damage|p1a: Arceus|0 fnt|[from] psn\n|faint|p1a: Arceus\n|upkeep\n|inactive|Time left: 300 sec this turn | 300 sec total | 5 sec grace\n|\n|t:|1783563353\n|switch|p1a: Piloswine|Piloswine, L85, F|309/309\n|turn|3\n|inactive|Time left: 300 sec this turn | 300 sec total\n|\n|t:|1783563354\n|move|p2a: Gengar|Focus Blast|p1a: Piloswine\n|-supereffective|p1a: Piloswine\n|-damage|p1a: Piloswine|67/309\n|-damage|p2a: Gengar|0 fnt|[from] item: Life Orb\n|faint|p2a: Gengar\n|move|p1a: Piloswine|Stealth Rock|p2: Gengar\n|-sidestart|p2: p0y2016c0e2|move: Stealth Rock\n|\n|upkeep\n|\n|t:|1783563355\n|switch|p2a: Vespiquen|Vespiquen, L99, F|100/100\n|-ability|p2a: Vespiquen|Pressure\n|turn|4\n|inactive|Time left: 300 sec this turn | 300 sec total\n|\n|t:|1783563356\n|move|p2a: Vespiquen|Hurricane|p1a: Piloswine\n|-damage|p1a: Piloswine|0 fnt\n|faint|p1a: Piloswine\n|\n|upkeep\n|inactive|Time left: 300 sec this turn | 300 sec total | 5 sec grace\n|\n|t:|1783563356\n|switch|p1a: Gliscor|Gliscor, L76, F|239/239\n|turn|5\n|inactive|Time left: 300 sec this turn | 300 sec total\n|\n|t:|1783563357\n|move|p1a: Gliscor|Toxic|p2a: Vespiquen|[miss]\n|-miss|p1a: Gliscor|p2a: Vespiquen\n|move|p2a: Vespiquen|Hurricane|p1a: Gliscor\n|-damage|p1a: Gliscor|56/239\n|\n|-status|p1a: Gliscor|tox|[from] item: Toxic Orb\n|upkeep\n|turn|6\n|inactive|Time left: 300 sec this turn | 300 sec total\n|\n|t:|1783563358\n|move|p1a: Gliscor|Knock Off|p2a: Vespiquen\n|-damage|p2a: Vespiquen|86/100\n|-enditem|p2a: Vespiquen|Heavy-Duty Boots|[from] move: Knock Off|[of] p1a: Gliscor\n|move|p2a: Vespiquen|Hurricane|p1a: Gliscor\n|-damage|p1a: Gliscor|0 fnt\n|faint|p1a: Gliscor\n|\n|upkeep\n|inactive|Time left: 300 sec this turn | 300 sec total | 5 sec grace\n|\n|t:|1783563359\n|switch|p1a: Quaquaval|Quaquaval, L79, F|264/264\n|turn|7\n|inactive|Time left: 300 sec this turn | 300 sec total\n|\n|t:|1783563360\n|-terastallize|p1a: Quaquaval|Water\n|move|p1a: Quaquaval|Aqua Step|p2a: Vespiquen\n|-damage|p2a: Vespiquen|36/100\n|-boost|p1a: Quaquaval|spe|1\n|move|p2a: Vespiquen|Hurricane|p1a: Quaquaval\n|-damage|p1a: Quaquaval|104/264\n|-start|p1a: Quaquaval|confusion\n|\n|upkeep\n|turn|8\n|inactive|Time left: 300 sec this turn | 300 sec total\n|\n|t:|1783563361\n|switch|p2a: Bellossom|Bellossom, L84, F|100/100\n|-damage|p2a: Bellossom|88/100|[from] Stealth Rock\n|-activate|p1a: Quaquaval|confusion\n|move|p1a: Quaquaval|Aqua Step|p2a: Bellossom\n|-resisted|p2a: Bellossom\n|-damage|p2a: Bellossom|55/100\n|-boost|p1a: Quaquaval|spe|1\n|\n|-heal|p2a: Bellossom|61/100|[from] item: Leftovers\n|upkeep\n|turn|9\n|inactive|Time left: 300 sec this turn | 300 sec total\n|\n|t:|1783563362\n|switch|p1a: Okidogi|Okidogi, L77, M|262/262\n|move|p2a: Bellossom|Quiver Dance|p2a: Bellossom\n|-boost|p2a: Bellossom|spa|1\n|-boost|p2a: Bellossom|spd|1\n|-boost|p2a: Bellossom|spe|1\n|\n|-heal|p2a: Bellossom|67/100|[from] item: Leftovers\n|upkeep\n|turn|10\n|inactive|Time left: 300 sec this turn | 300 sec total\n|\n|t:|1783563363\n|move|p2a: Bellossom|Strength Sap|p1a: Okidogi\n|-unboost|p1a: Okidogi|atk|1\n|-heal|p2a: Bellossom|100/100\n|move|p1a: Okidogi|Gunk Shot|p2a: Bellossom\n|-supereffective|p2a: Bellossom\n|-damage|p2a: Bellossom|32/100\n|-status|p2a: Bellossom|psn\n|\n|-heal|p2a: Bellossom|38/100 psn|[from] item: Leftovers\n|-damage|p2a: Bellossom|26/100 psn|[from] psn\n|upkeep\n|turn|11\n|inactive|Time left: 300 sec this turn | 300 sec total\n|\n|t:|1783563364\n|move|p2a: Bellossom|Strength Sap|p1a: Okidogi\n|-unboost|p1a: Okidogi|atk|1\n|-heal|p2a: Bellossom|87/100 psn\n|move|p1a: Okidogi|Gunk Shot|p2a: Bellossom|[miss]\n|-miss|p1a: Okidogi|p2a: Bellossom\n|\n|-heal|p2a: Bellossom|93/100 psn|[from] item: Leftovers\n|-damage|p2a: Bellossom|81/100 psn|[from] psn\n|upkeep\n|turn|12\n|inactive|Time left: 300 sec this turn | 300 sec total\n|\n|t:|1783563365\n|move|p2a: Bellossom|Quiver Dance|p2a: Bellossom\n|-boost|p2a: Bellossom|spa|1\n|-boost|p2a: Bellossom|spd|1\n|-boost|p2a: Bellossom|spe|1\n|move|p1a: Okidogi|Gunk Shot|p2a: Bellossom\n|-supereffective|p2a: Bellossom\n|-damage|p2a: Bellossom|33/100 psn\n|\n|-heal|p2a: Bellossom|39/100 psn|[from] item: Leftovers\n|-damage|p2a: Bellossom|27/100 psn|[from] psn\n|upkeep\n|turn|13\n|inactive|Time left: 300 sec this turn | 300 sec total\n|\n|t:|1783563366\n|move|p2a: Bellossom|Strength Sap|p1a: Okidogi\n|-unboost|p1a: Okidogi|atk|1\n|-heal|p2a: Bellossom|73/100 psn\n|move|p1a: Okidogi|Gunk Shot|p2a: Bellossom\n|-supereffective|p2a: Bellossom\n|-damage|p2a: Bellossom|32/100 psn\n|\n|-heal|p2a: Bellossom|38/100 psn|[from] item: Leftovers\n|-damage|p2a: Bellossom|26/100 psn|[from] psn\n|upkeep\n|turn|14\n|inactive|Time left: 300 sec this turn | 300 sec total\n|\n|t:|1783563367\n|move|p2a: Bellossom|Strength Sap|p1a: Okidogi\n|-unboost|p1a: Okidogi|atk|1\n|-heal|p2a: Bellossom|62/100 psn\n|move|p1a: Okidogi|Gunk Shot|p2a: Bellossom|[miss]\n|-miss|p1a: Okidogi|p2a: Bellossom\n|\n|-heal|p2a: Bellossom|69/100 psn|[from] item: Leftovers\n|-damage|p2a: Bellossom|56/100 psn|[from] psn\n|upkeep\n|turn|15\n|inactive|Time left: 300 sec this turn | 300 sec total\n|\n|t:|1783563368\n|move|p2a: Bellossom|Quiver Dance|p2a: Bellossom\n|-boost|p2a: Bellossom|spa|1\n|-boost|p2a: Bellossom|spd|1\n|-boost|p2a: Bellossom|spe|1\n|move|p1a: Okidogi|Knock Off|p2a: Bellossom\n|-damage|p2a: Bellossom|47/100 psn\n|-enditem|p2a: Bellossom|Leftovers|[from] move: Knock Off|[of] p1a: Okidogi\n|\n|-damage|p2a: Bellossom|35/100 psn|[from] psn\n|upkeep\n|turn|16\n|inactive|Time left: 300 sec this turn | 300 sec total\n|\n|t:|1783563369\n|move|p2a: Bellossom|Strength Sap|p1a: Okidogi\n|-unboost|p1a: Okidogi|atk|1\n|-heal|p2a: Bellossom|66/100 psn\n|move|p1a: Okidogi|Gunk Shot|p2a: Bellossom\n|-supereffective|p2a: Bellossom\n|-damage|p2a: Bellossom|37/100 psn\n|\n|-damage|p2a: Bellossom|25/100 psn|[from] psn\n|upkeep\n|turn|17\n|inactive|Time left: 300 sec this turn | 300 sec total\n|\n|t:|1783563370\n|move|p2a: Bellossom|Strength Sap|p1a: Okidogi\n|-unboost|p1a: Okidogi|atk|1\n|-heal|p2a: Bellossom|51/100 psn\n|move|p1a: Okidogi|Gunk Shot|p2a: Bellossom\n|-supereffective|p2a: Bellossom\n|-damage|p2a: Bellossom|29/100 psn\n|\n|-damage|p2a: Bellossom|16/100 psn|[from] psn\n|upkeep\n|turn|18\n|inactive|Time left: 300 sec this turn | 300 sec total\n|\n|t:|1783563371\n|move|p2a: Bellossom|Giga Drain|p1a: Okidogi\n|-resisted|p1a: Okidogi\n|-damage|p1a: Okidogi|193/262\n|-heal|p2a: Bellossom|30/100 psn|[from] drain|[of] p1a: Okidogi\n|move|p1a: Okidogi|Gunk Shot|p2a: Bellossom\n|-supereffective|p2a: Bellossom\n|-damage|p2a: Bellossom|2/100 psn\n|\n|-damage|p2a: Bellossom|0 fnt|[from] psn\n|faint|p2a: Bellossom\n|upkeep\n|\n|t:|1783563372\n|switch|p2a: Slowking|Slowking, L88, F|100/100\n|turn|19\n|inactive|Time left: 300 sec this turn | 300 sec total\n|\n|t:|1783563373\n|switch|p1a: Quaquaval|Quaquaval, L79, F, tera:Water|104/264\n|move|p2a: Slowking|Scald|p1a: Quaquaval\n|-resisted|p1a: Quaquaval\n|-damage|p1a: Quaquaval|50/264\n|-status|p1a: Quaquaval|brn\n|\n|-damage|p1a: Quaquaval|34/264 brn|[from] brn\n|upkeep\n|turn|20\n|inactive|Time left: 300 sec this turn | 300 sec total\n|\n|t:|1783563374\n|move|p1a: Quaquaval|Knock Off|p2a: Slowking\n|-supereffective|p2a: Slowking\n|-damage|p2a: Slowking|65/100\n|-enditem|p2a: Slowking|Heavy-Duty Boots|[from] move: Knock Off|[of] p1a: Quaquaval\n|move|p2a: Slowking|Psychic Noise|p1a: Quaquaval\n|-damage|p1a: Quaquaval|0 fnt\n|faint|p1a: Quaquaval\n|\n|upkeep\n|inactive|Time left: 300 sec this turn | 300 sec total | 5 sec grace\n|\n|t:|1783563375\n|switch|p1a: Luvdisc|Luvdisc, F|247/247\n|turn|21\n|inactive|Time left: 300 sec this turn | 300 sec total\n|\n|t:|1783563376\n|move|p1a: Luvdisc|Surf|p2a: Slowking\n|-resisted|p2a: Slowking\n|-damage|p2a: Slowking|55/100\n|move|p2a: Slowking|Psychic Noise|p1a: Luvdisc\n|-crit|p1a: Luvdisc\n|-damage|p1a: Luvdisc|109/247\n|-start|p1a: Luvdisc|move: Heal Block\n|\n|upkeep\n|turn|22\n|inactive|Time left: 300 sec this turn | 300 sec total\n|\n|t:|1783563378\n|move|p1a: Luvdisc|Endeavor|p2a: Slowking\n|-damage|p2a: Slowking|36/100\n|move|p2a: Slowking|Psychic Noise|p1a: Luvdisc\n|-damage|p1a: Luvdisc|16/247\n|\n|-end|p1a: Luvdisc|move: Heal Block\n|upkeep\n|turn|23\n|inactive|Time left: 300 sec this turn | 300 sec total\n|\n|t:|1783563379\n|move|p1a: Luvdisc|Endeavor|p2a: Slowking\n|-damage|p2a: Slowking|6/100\n|move|p2a: Slowking|Slack Off|p2a: Slowking\n|-heal|p2a: Slowking|56/100\n|\n|upkeep\n|turn|24\n|inactive|Time left: 300 sec this turn | 300 sec total\n|\n|t:|1783563380\n|move|p1a: Luvdisc|Endeavor|p2a: Slowking\n|-damage|p2a: Slowking|6/100\n|move|p2a: Slowking|Slack Off|p2a: Slowking\n|-heal|p2a: Slowking|56/100\n|\n|upkeep\n|turn|25\n|inactive|Time left: 300 sec this turn | 300 sec total\n|\n|t:|1783563381\n|switch|p2a: Lunala|Lunala, L70|100/100\n|-damage|p2a: Lunala|88/100|[from] Stealth Rock\n|move|p1a: Luvdisc|Endeavor|p2a: Lunala\n|-immune|p2a: Lunala\n|\n|-heal|p2a: Lunala|94/100|[from] item: Leftovers\n|upkeep\n|turn|26\n|inactive|Time left: 300 sec this turn | 300 sec total\n|\n|t:|1783563382\n|move|p1a: Luvdisc|Endeavor|p2a: Lunala\n|-immune|p2a: Lunala\n|move|p2a: Lunala|Calm Mind|p2a: Lunala\n|-boost|p2a: Lunala|spa|1\n|-boost|p2a: Lunala|spd|1\n|\n|-heal|p2a: Lunala|100/100|[from] item: Leftovers\n|upkeep\n|turn|27\n|inactive|Time left: 300 sec this turn | 300 sec total\n|\n|t:|1783563383\n|move|p1a: Luvdisc|Endeavor|p2a: Lunala\n|-immune|p2a: Lunala\n|move|p2a: Lunala|Calm Mind|p2a: Lunala\n|-boost|p2a: Lunala|spa|1\n|-boost|p2a: Lunala|spd|1\n|\n|upkeep\n|turn|28\n|inactive|Time left: 300 sec this turn | 300 sec total\n|\n|t:|1783563385\n|move|p1a: Luvdisc|Surf|p2a: Lunala\n|-damage|p2a: Lunala|94/100\n|move|p2a: Lunala|Moongeist Beam|p1a: Luvdisc\n|-damage|p1a: Luvdisc|0 fnt\n|faint|p1a: Luvdisc\n|\n|-heal|p2a: Lunala|100/100|[from] item: Leftovers\n|upkeep\n|inactive|Time left: 300 sec this turn | 300 sec total | 5 sec grace\n|\n|t:|1783563385\n|switch|p1a: Okidogi|Okidogi, L77, M|193/262\n|turn|29\n|inactive|Time left: 300 sec this turn | 300 sec total\n|\n|t:|1783563386\n|move|p2a: Lunala|Moongeist Beam|p1a: Okidogi\n|-damage|p1a: Okidogi|46/262\n|move|p1a: Okidogi|Knock Off|p2a: Lunala\n|-supereffective|p2a: Lunala\n|-damage|p2a: Lunala|49/100\n|-status|p2a: Lunala|tox|[from] ability: Toxic Chain|[of] p1a: Okidogi\n|-enditem|p2a: Lunala|Leftovers|[from] move: Knock Off|[of] p1a: Okidogi\n|\n|-damage|p2a: Lunala|43/100 tox|[from] psn\n|upkeep\n|turn|30\n|inactive|Time left: 300 sec this turn | 300 sec total\n|\n|t:|1783563387\n|move|p2a: Lunala|Moongeist Beam|p1a: Okidogi\n|-damage|p1a: Okidogi|0 fnt\n|faint|p1a: Okidogi\n|\n|win|p0y2016c0e2", "uploadtime": 1783563387, "views": 0, "rating": 0, "private": 0, "password": null, "_winner": "p0y2016c0e2", "_our_name": "p0x2016b6bd"}