{"id": "battle-gen9randombattle-1470", "formatid": "gen9randombattle", "format": "[Gen 9] Random Battle", "players": ["p0x1470d6d0", "p0y14701139"], "log": "|init|battle\n|title|p0x1470d6d0 vs. p0y14701139\n|j|\u2606p0x1470d6d0\n|j|\u2606p0y14701139\n|t:|1783556213\n|gametype|singles\n|player|p1|p0x1470d6d0|170|\n|player|p2|p0y14701139|265|\n|gen|9\n|tier|[Gen 9] Random Battle\n|rule|Species Clause: Limit one of each Pok\u00e9mon\n|rule|HP Percentage Mod: HP is shown in percentages\n|rule|Sleep Clause Mod: Limit one foe put to sleep\n|rule|Illusion Level Mod: Illusion disguises the Pok\u00e9mon's true level\n|\n|t:|1783556213\n|teamsize|p1|6\n|teamsize|p2|6\n|start\n|switch|p1a: Avalugg|Avalugg, L88, F|310/310\n|switch|p2a: Slowking|Slowking-Galar, L85, M|100/100\n|turn|1\n|inactive|Battle timer is ON: inactive players will automatically lose when time's up. (requested by p0x1470d6d0)\n|inactive|p0y14701139 also wants the timer to be on.\n|\n|t:|1783556214\n|move|p2a: Slowking|Sludge Bomb|p1a: Avalugg\n|-damage|p1a: Avalugg|148/310\n|move|p1a: Avalugg|Avalanche|p2a: Slowking\n|-damage|p2a: Slowking|47/100\n|\n|upkeep\n|turn|2\n|inactive|Time left: 300 sec this turn | 300 sec total\n|\n|t:|1783556215\n|move|p2a: Slowking|Sludge Bomb|p1a: Avalugg\n|-damage|p1a: Avalugg|0 fnt\n|faint|p1a: Avalugg\n|\n|upkeep\n|inactive|Time left: 300 sec this turn | 300 sec total | 5 sec grace\n|\n|t:|1783556216\n|switch|p1a: Roaring Moon|Roaring Moon, L72|270/270\n|turn|3\n|inactive|Time left: 300 sec this turn | 300 sec total\n|\n|t:|1783556217\n|switch|p2a: Ribombee|Ribombee, L83, F|100/100\n|move|p1a: Roaring Moon|Knock Off|p2a: Ribombee\n|-resisted|p2a: Ribombee\n|-damage|p2a: Ribombee|70/100\n|-enditem|p2a: Ribombee|Heavy-Duty Boots|[from] move: Knock Off|[of] p1a: Roaring Moon\n|\n|upkeep\n|turn|4\n|inactive|Time left: 300 sec this turn | 300 sec total\n|\n|t:|1783556218\n|-end|p1a: Roaring Moon|Protosynthesis|[silent]\n|switch|p1a: Bellibolt|Bellibolt, L84, F|320/320\n|move|p2a: Ribombee|Sticky Web|p1a: Bellibolt\n|-sidestart|p1: p0x1470d6d0|move: Sticky Web\n|\n|upkeep\n|turn|5\n|inactive|Time left: 300 sec this turn | 300 sec total\n|\n|t:|1783556219\n|switch|p2a: Ampharos|Ampharos, L88, F|100/100\n|move|p1a: Bellibolt|Thunderbolt|p2a: Ampharos\n|-resisted|p2a: Ampharos\n|-damage|p2a: Ampharos|89/100\n|\n|upkeep\n|turn|6\n|inactive|Time left: 300 sec this turn | 300 sec total\n|\n|t:|1783556220\n|move|p1a: Bellibolt|Toxic|p2a: Ampharos\n|-status|p2a: Ampharos|tox\n|move|p2a: Ampharos|Dragon Tail|p1a: Bellibolt|[miss]\n|-miss|p2a: Ampharos|p1a: Bellibolt\n|\n|-damage|p2a: Ampharos|83/100 tox|[from] psn\n|upkeep\n|turn|7\n|inactive|Time left: 300 sec this turn | 300 sec total\n|\n|t:|1783556221\n|switch|p2a: Slowking|Slowking-Galar, L85, M|81/100\n|move|p1a: Bellibolt|Thunderbolt|p2a: Slowking\n|-damage|p2a: Slowking|63/100\n|\n|upkeep\n|turn|8\n|inactive|Time left: 300 sec this turn | 300 sec total\n|\n|t:|1783556222\n|move|p1a: Bellibolt|Thunderbolt|p2a: Slowking\n|-damage|p2a: Slowking|43/100\n|move|p2a: Slowking|Sludge Bomb|p1a: Bellibolt\n|-damage|p1a: Bellibolt|206/320\n|-status|p1a: Bellibolt|psn\n|-start|p1a: Bellibolt|Charge|Sludge Bomb|[from] ability: Electromorphosis\n|\n|-heal|p1a: Bellibolt|226/320 psn|[from] item: Leftovers\n|-damage|p1a: Bellibolt|186/320 psn|[from] psn\n|upkeep\n|turn|9\n|inactive|Time left: 300 sec this turn | 300 sec total\n|\n|t:|1783556223\n|switch|p2a: Ampharos|Ampharos, L88, F|83/100 tox\n|move|p1a: Bellibolt|Thunderbolt|p2a: Ampharos\n|-resisted|p2a: Ampharos\n|-damage|p2a: Ampharos|62/100 tox\n|-end|p1a: Bellibolt|Charge|[silent]\n|\n|-heal|p1a: Bellibolt|206/320 psn|[from] item: Leftovers\n|-damage|p2a: Ampharos|56/100 tox|[from] psn\n|-damage|p1a: Bellibolt|166/320 psn|[from] psn\n|upkeep\n|turn|10\n|inactive|Time left: 300 sec this turn | 300 sec total\n|\n|t:|1783556224\n|switch|p2a: Slowking|Slowking-Galar, L85, M|77/100\n|move|p1a: Bellibolt|Slack Off|p1a: Bellibolt\n|-heal|p1a: Bellibolt|320/320 psn\n|\n|-damage|p1a: Bellibolt|280/320 psn|[from] psn\n|upkeep\n|turn|11\n|inactive|Time left: 300 sec this turn | 300 sec total\n|\n|t:|1783556225\n|move|p1a: Bellibolt|Thunderbolt|p2a: Slowking\n|-damage|p2a: Slowking|58/100\n|move|p2a: Slowking|Psychic Noise|p1a: Bellibolt\n|-damage|p1a: Bellibolt|177/320 psn\n|-start|p1a: Bellibolt|move: Heal Block\n|-start|p1a: Bellibolt|Charge|Psychic Noise|[from] ability: Electromorphosis\n|\n|-damage|p1a: Bellibolt|137/320 psn|[from] psn\n|upkeep\n|turn|12\n|inactive|Time left: 300 sec this turn | 300 sec total\n|\n|t:|1783556226\n|move|p1a: Bellibolt|Thunderbolt|p2a: Slowking\n|-damage|p2a: Slowking|19/100\n|-end|p1a: Bellibolt|Charge|[silent]\n|move|p2a: Slowking|Sludge Bomb|p1a: Bellibolt\n|-damage|p1a: Bellibolt|31/320 psn\n|-start|p1a: Bellibolt|Charge|Sludge Bomb|[from] ability: Electromorphosis\n|\n|-damage|p1a: Bellibolt|0 fnt|[from] psn\n|faint|p1a: Bellibolt\n|upkeep\n|inactive|Time left: 300 sec this turn | 300 sec total | 5 sec grace\n|\n|t:|1783556227\n|switch|p1a: Mesprit|Mesprit, L85|275/275\n|turn|13\n|inactive|Time left: 300 sec this turn | 300 sec total\n|\n|t:|1783556228\n|switch|p2a: Ampharos|Ampharos, L88, F|56/100 tox\n|move|p1a: Mesprit|Psychic|p2a: Ampharos\n|-damage|p2a: Ampharos|25/100 tox\n|\n|-damage|p2a: Ampharos|19/100 tox|[from] psn\n|upkeep\n|turn|14\n|inactive|Time left: 300 sec this turn | 300 sec total\n|\n|t:|1783556229\n|switch|p2a: Slowking|Slowking-Galar, L85, M|52/100\n|move|p1a: Mesprit|Psychic|p2a: Slowking\n|-damage|p2a: Slowking|22/100\n|\n|upkeep\n|turn|15\n|inactive|Time left: 300 sec this turn | 300 sec total\n|\n|t:|1783556230\n|-terastallize|p2a: Slowking|Dark\n|move|p1a: Mesprit|Psychic|p2a: Slowking\n|-immune|p2a: Slowking\n|move|p2a: Slowking|Sludge Bomb|p1a: Mesprit\n|-damage|p1a: Mesprit|181/275\n|\n|upkeep\n|turn|16\n|inactive|Time left: 300 sec this turn | 300 sec total\n|\n|t:|1783556231\n|move|p1a: Mesprit|Psychic|p2a: Slowking\n|-immune|p2a: Slowking\n|move|p2a: Slowking|Sludge Bomb|p1a: Mesprit\n|-damage|p1a: Mesprit|94/275\n|-status|p1a: Mesprit|psn\n|\n|-damage|p1a: Mesprit|60/275 psn|[from] psn\n|upkeep\n|turn|17\n|inactive|Time left: 300 sec this turn | 300 sec total\n|\n|t:|1783556233\n|switch|p1a: Roaring Moon|Roaring Moon, L72|270/270\n|-activate|p1a: Roaring Moon|move: Sticky Web\n|-unboost|p1a: Roaring Moon|spe|1\n|move|p2a: Slowking|Sludge Bomb|p1a: Roaring Moon\n|-damage|p1a: Roaring Moon|161/270\n|\n|upkeep\n|turn|18\n|inactive|Time left: 300 sec this turn | 300 sec total\n|\n|t:|1783556233\n|switch|p2a: Ribombee|Ribombee, L83, F|70/100\n|move|p1a: Roaring Moon|Dragon Dance|p1a: Roaring Moon\n|-boost|p1a: Roaring Moon|atk|1\n|-boost|p1a: Roaring Moon|spe|1\n|\n|upkeep\n|turn|19\n|inactive|Time left: 300 sec this turn | 300 sec total\n|\n|t:|1783556234\n|-end|p1a: Roaring Moon|Protosynthesis|[silent]\n|switch|p1a: Klefki|Klefki, L84, M|233/233\n|-activate|p1a: Klefki|move: Sticky Web\n|-unboost|p1a: Klefki|spe|1\n|move|p2a: Ribombee|Moonblast|p1a: Klefki\n|-resisted|p1a: Klefki\n|-damage|p1a: Klefki|188/233\n|\n|-heal|p1a: Klefki|202/233|[from] item: Leftovers\n|upkeep\n|turn|20\n|inactive|Time left: 300 sec this turn | 300 sec total\n|\n|t:|1783556235\n|move|p2a: Ribombee|Moonblast|p1a: Klefki\n|-resisted|p1a: Klefki\n|-damage|p1a: Klefki|156/233\n|move|p1a: Klefki|Dazzling Gleam|p2a: Ribombee\n|-damage|p2a: Ribombee|34/100\n|\n|-heal|p1a: Klefki|170/233|[from] item: Leftovers\n|upkeep\n|turn|21\n|inactive|Time left: 300 sec this turn | 300 sec total\n|\n|t:|1783556236\n|switch|p2a: Slowking|Slowking-Galar, L85, M, tera:Dark|56/100\n|move|p1a: Klefki|Dazzling Gleam|p2a: Slowking\n|-supereffective|p2a: Slowking\n|-damage|p2a: Slowking|30/100\n|\n|-heal|p1a: Klefki|184/233|[from] item: Leftovers\n|upkeep\n|turn|22\n|inactive|Time left: 300 sec this turn | 300 sec total\n|\n|t:|1783556238\n|move|p1a: Klefki|Dazzling Gleam|p2a: Slowking\n|-supereffective|p2a: Slowking\n|-damage|p2a: Slowking|4/100\n|move|p2a: Slowking|Fire Blast|p1a: Klefki\n|-supereffective|p1a: Klefki\n|-damage|p1a: Klefki|12/233\n|\n|-heal|p1a: Klefki|26/233|[from] item: Leftovers\n|upkeep\n|turn|23\n|inactive|Time left: 300 sec this turn | 300 sec total\n|\n|t:|1783556239\n|switch|p2a: Weezing|Weezing, L88, M|100/100\n|move|p1a: Klefki|Dazzling Gleam|p2a: Weezing\n|-resisted|p2a: Weezing\n|-damage|p2a: Weezing|85/100\n|\n|-heal|p2a: Weezing|91/100|[from] item: Leftovers\n|-heal|p1a: Klefki|40/233|[from] item: Leftovers\n|upkeep\n|turn|24\n|inactive|Time left: 300 sec this turn | 300 sec total\n|\n|t:|1783556240\n|move|p1a: Klefki|Spikes|p2a: Weezing\n|-sidestart|p2: p0y14701139|Spikes\n|move|p2a: Weezing|Fire Blast|p1a: Klefki\n|-supereffective|p1a: Klefki\n|-damage|p1a: Klefki|0 fnt\n|faint|p1a: Klefki\n|\n|-heal|p2a: Weezing|97/100|[from] item: Leftovers\n|upkeep\n|inactive|Time left: 300 sec this turn | 300 sec total | 5 sec grace\n|\n|t:|1783556241\n|switch|p1a: Roaring Moon|Roaring Moon, L72|161/270\n|-activate|p1a: Roaring Moon|move: Sticky Web\n|-unboost|p1a: Roaring Moon|spe|1\n|turn|25\n|inactive|Time left: 300 sec this turn | 300 sec total\n|\n|t:|1783556242\n|move|p2a: Weezing|Sludge Bomb|p1a: Roaring Moon\n|-damage|p1a: Roaring Moon|59/270\n|move|p1a: Roaring Moon|Dragon Dance|p1a: Roaring Moon\n|-boost|p1a: Roaring Moon|atk|1\n|-boost|p1a: Roaring Moon|spe|1\n|\n|-heal|p2a: Weezing|100/100|[from] item: Leftovers\n|upkeep\n|turn|26\n|inactive|Time left: 300 sec this turn | 300 sec total\n|\n|t:|1783556243\n|move|p1a: Roaring Moon|Knock Off|p2a: Weezing\n|-damage|p2a: Weezing|55/100\n|-enditem|p2a: Weezing|Leftovers|[from] move: Knock Off|[of] p1a: Roaring Moon\n|move|p2a: Weezing|Sludge Bomb|p1a: Roaring Moon\n|-damage|p1a: Roaring Moon|0 fnt\n|faint|p1a: Roaring Moon\n|-end|p1a: Roaring Moon|Protosynthesis|[silent]\n|\n|upkeep\n|inactive|Time left: 300 sec this turn | 300 sec total | 5 sec grace\n|\n|t:|1783556244\n|switch|p1a: Mesprit|Mesprit, L85|60/275 psn\n|turn|27\n|inactive|Time left: 300 sec this turn | 300 sec total\n|\n|t:|1783556245\n|switch|p2a: Slowking|Slowking-Galar, L85, M, tera:Dark|37/100\n|-damage|p2a: Slowking|25/100|[from] Spikes\n|move|p1a: Mesprit|Psychic|p2a: Slowking\n|-immune|p2a: Slowking\n|\n|-damage|p1a: Mesprit|26/275 psn|[from] psn\n|upkeep\n|turn|28\n|inactive|Time left: 300 sec this turn | 300 sec total\n|\n|t:|1783556247\n|move|p1a: Mesprit|Psychic|p2a: Slowking\n|-immune|p2a: Slowking\n|move|p2a: Slowking|Future Sight|p1a: Mesprit\n|-start|p2a: Slowking|move: Future Sight\n|\n|-damage|p1a: Mesprit|0 fnt|[from] psn\n|faint|p1a: Mesprit\n|upkeep\n|inactive|Time left: 300 sec this turn | 300 sec total | 5 sec grace\n|\n|t:|1783556247\n|switch|p1a: Flapple|Flapple, L88, F|266/266\n|-activate|p1a: Flapple|move: Sticky Web\n|-unboost|p1a: Flapple|spe|1\n|turn|29\n|inactive|Time left: 300 sec this turn | 300 sec total\n|\n|t:|1783556248\n|switch|p2a: Ribombee|Ribombee, L83, F|34/100\n|-damage|p2a: Ribombee|21/100|[from] Spikes\n|move|p1a: Flapple|Outrage|p2a: Ribombee\n|-immune|p2a: Ribombee\n|\n|upkeep\n|turn|30\n|inactive|Time left: 300 sec this turn | 300 sec total\n|\n|t:|1783556250\n|-terastallize|p1a: Flapple|Fire\n|move|p2a: Ribombee|Moonblast|p1a: Flapple\n|-resisted|p1a: Flapple\n|-damage|p1a: Flapple|206/266\n|move|p1a: Flapple|Dragon Dance|p1a: Flapple\n|-boost|p1a: Flapple|atk|1\n|-boost|p1a: Flapple|spe|1\n|\n|-end|p1a: Flapple|move: Future Sight\n|-damage|p1a: Flapple|20/266\n|upkeep\n|turn|31\n|inactive|Time left: 300 sec this turn | 300 sec total\n|\n|t:|1783556251\n|move|p2a: Ribombee|Bug Buzz|p1a: Flapple\n|-resisted|p1a: Flapple\n|-damage|p1a: Flapple|0 fnt\n|faint|p1a: Flapple\n|\n|win|p0y14701139", "uploadtime": 1783556251, "views": 0, "rating": 0, "private": 0, "password": null, "_winner": "p0y14701139", "_our_name": "p0x1470d6d0"}