{"id": "battle-gen9randombattle-423", "formatid": "gen9randombattle", "format": "[Gen 9] Random Battle", "players": ["p0x4230f78", "p0y42315b0"], "log": "|init|battle\n|title|p0x4230f78 vs. p0y42315b0\n|j|\u2606p0x4230f78\n|j|\u2606p0y42315b0\n|t:|1783543963\n|gametype|singles\n|player|p1|p0x4230f78|266|\n|player|p2|p0y42315b0|2|\n|gen|9\n|tier|[Gen 9] Random Battle\n|rule|Species Clause: Limit one of each Pok\u00e9mon\n|rule|HP Percentage Mod: HP is shown in percentages\n|rule|Sleep Clause Mod: Limit one foe put to sleep\n|rule|Illusion Level Mod: Illusion disguises the Pok\u00e9mon's true level\n|\n|t:|1783543963\n|teamsize|p1|6\n|teamsize|p2|6\n|start\n|switch|p1a: Crabominable|Crabominable, L90, F|321/321\n|switch|p2a: Tatsugiri|Tatsugiri, L87, M|100/100\n|turn|1\n|inactive|Battle timer is ON: inactive players will automatically lose when time's up. (requested by p0y42315b0)\n|inactive|Time left: 300 sec this turn | 300 sec total | 60 sec grace\n|inactive|p0x4230f78 also wants the timer to be on.\n|\n|t:|1783543964\n|switch|p2a: Scream Tail|Scream Tail, L84|100/100\n|move|p1a: Crabominable|Drain Punch|p2a: Scream Tail\n|-resisted|p2a: Scream Tail\n|-damage|p2a: Scream Tail|90/100\n|\n|-heal|p2a: Scream Tail|96/100|[from] item: Leftovers\n|upkeep\n|turn|2\n|inactive|Time left: 300 sec this turn | 300 sec total\n|\n|t:|1783543965\n|move|p2a: Scream Tail|Dazzling Gleam|p1a: Crabominable\n|-supereffective|p1a: Crabominable\n|-damage|p1a: Crabominable|223/321\n|move|p1a: Crabominable|Knock Off|p2a: Scream Tail\n|-damage|p2a: Scream Tail|69/100\n|-enditem|p2a: Scream Tail|Leftovers|[from] move: Knock Off|[of] p1a: Crabominable\n|\n|upkeep\n|turn|3\n|inactive|Time left: 300 sec this turn | 300 sec total\n|\n|t:|1783543966\n|move|p2a: Scream Tail|Dazzling Gleam|p1a: Crabominable\n|-supereffective|p1a: Crabominable\n|-damage|p1a: Crabominable|131/321\n|move|p1a: Crabominable|Ice Hammer|p2a: Scream Tail\n|-damage|p2a: Scream Tail|17/100\n|-unboost|p1a: Crabominable|spe|1\n|\n|upkeep\n|turn|4\n|inactive|Time left: 300 sec this turn | 300 sec total\n|\n|t:|1783543967\n|move|p2a: Scream Tail|Thunder Wave|p1a: Crabominable|[miss]\n|-miss|p2a: Scream Tail|p1a: Crabominable\n|move|p1a: Crabominable|Ice Hammer|p2a: Scream Tail\n|-damage|p2a: Scream Tail|0 fnt\n|-unboost|p1a: Crabominable|spe|1\n|faint|p2a: Scream Tail\n|-end|p2a: Scream Tail|Protosynthesis|[silent]\n|\n|upkeep\n|\n|t:|1783543968\n|switch|p2a: Magmortar|Magmortar, L88, M|100/100\n|turn|5\n|inactive|Time left: 300 sec this turn | 300 sec total\n|\n|t:|1783543969\n|-terastallize|p1a: Crabominable|Ground\n|move|p2a: Magmortar|Fire Blast|p1a: Crabominable|[miss]\n|-miss|p2a: Magmortar|p1a: Crabominable\n|move|p1a: Crabominable|Earthquake|p2a: Magmortar\n|-supereffective|p2a: Magmortar\n|-damage|p2a: Magmortar|0 fnt\n|faint|p2a: Magmortar\n|\n|upkeep\n|\n|t:|1783543970\n|switch|p2a: Arboliva|Arboliva, L91, M|100/100\n|turn|6\n|inactive|Time left: 300 sec this turn | 300 sec total\n|\n|t:|1783543971\n|move|p2a: Arboliva|Energy Ball|p1a: Crabominable\n|-supereffective|p1a: Crabominable\n|-damage|p1a: Crabominable|0 fnt\n|faint|p1a: Crabominable\n|\n|upkeep\n|inactive|Time left: 300 sec this turn | 300 sec total | 5 sec grace\n|\n|t:|1783543972\n|switch|p1a: Hariyama|Hariyama, L87, M|392/392\n|turn|7\n|inactive|Time left: 300 sec this turn | 300 sec total\n|\n|t:|1783543973\n|-terastallize|p2a: Arboliva|Grass\n|move|p1a: Hariyama|Close Combat|p2a: Arboliva\n|-damage|p2a: Arboliva|48/100\n|-unboost|p1a: Hariyama|def|1\n|-unboost|p1a: Hariyama|spd|1\n|-fieldstart|move: Grassy Terrain|[from] ability: Seed Sower|[of] p2a: Arboliva\n|move|p2a: Arboliva|Energy Ball|p1a: Hariyama\n|-damage|p1a: Hariyama|64/392\n|\n|-heal|p1a: Hariyama|88/392|[from] Grassy Terrain\n|-heal|p2a: Arboliva|54/100|[from] Grassy Terrain\n|-heal|p2a: Arboliva|60/100|[from] item: Leftovers\n|upkeep\n|turn|8\n|inactive|Time left: 300 sec this turn | 300 sec total\n|\n|t:|1783543975\n|move|p1a: Hariyama|Close Combat|p2a: Arboliva\n|-damage|p2a: Arboliva|12/100\n|-unboost|p1a: Hariyama|def|1\n|-unboost|p1a: Hariyama|spd|1\n|move|p2a: Arboliva|Strength Sap|p1a: Hariyama\n|-unboost|p1a: Hariyama|atk|1\n|-heal|p2a: Arboliva|100/100\n|\n|-heal|p1a: Hariyama|112/392|[from] Grassy Terrain\n|upkeep\n|turn|9\n|inactive|Time left: 300 sec this turn | 300 sec total\n|\n|t:|1783543976\n|switch|p1a: Pecharunt|Pecharunt, L77|262/262\n|move|p2a: Arboliva|Energy Ball|p1a: Pecharunt\n|-resisted|p1a: Pecharunt\n|-damage|p1a: Pecharunt|140/262\n|\n|-heal|p1a: Pecharunt|156/262|[from] Grassy Terrain\n|-heal|p1a: Pecharunt|172/262|[from] item: Leftovers\n|upkeep\n|turn|10\n|inactive|Time left: 300 sec this turn | 300 sec total\n|\n|t:|1783543977\n|move|p1a: Pecharunt|Parting Shot|p2a: Arboliva\n|-unboost|p2a: Arboliva|atk|1\n|-unboost|p2a: Arboliva|spa|1\n|inactive|Time left: 300 sec this turn | 300 sec total | 5 sec grace\n|\n|t:|1783543978\n|switch|p1a: Snorlax|Snorlax, L82, M|397/397|[from] Parting Shot\n|move|p2a: Arboliva|Earth Power|p1a: Snorlax\n|-damage|p1a: Snorlax|346/397\n|\n|-heal|p1a: Snorlax|370/397|[from] Grassy Terrain\n|-heal|p1a: Snorlax|394/397|[from] item: Leftovers\n|upkeep\n|turn|11\n|inactive|Time left: 300 sec this turn | 300 sec total\n|\n|t:|1783543979\n|switch|p2a: Wyrdeer|Wyrdeer, L87, F|100/100\n|-ability|p2a: Wyrdeer|Intimidate|boost\n|-unboost|p1a: Snorlax|atk|1\n|move|p1a: Snorlax|Body Slam|p2a: Wyrdeer\n|-damage|p2a: Wyrdeer|78/100\n|\n|-heal|p2a: Wyrdeer|84/100|[from] Grassy Terrain\n|-heal|p2a: Wyrdeer|90/100|[from] item: Leftovers\n|-heal|p1a: Snorlax|397/397|[from] Grassy Terrain\n|-fieldend|move: Grassy Terrain\n|upkeep\n|turn|12\n|inactive|Time left: 300 sec this turn | 300 sec total\n|\n|t:|1783543980\n|move|p2a: Wyrdeer|Psychic Noise|p1a: Snorlax\n|-damage|p1a: Snorlax|324/397\n|-start|p1a: Snorlax|move: Heal Block\n|move|p1a: Snorlax|Body Slam|p2a: Wyrdeer\n|-damage|p2a: Wyrdeer|68/100\n|-status|p2a: Wyrdeer|par\n|\n|-heal|p2a: Wyrdeer|74/100 par|[from] item: Leftovers\n|upkeep\n|turn|13\n|inactive|Time left: 300 sec this turn | 300 sec total\n|\n|t:|1783543981\n|move|p1a: Snorlax|Body Slam|p2a: Wyrdeer\n|-damage|p2a: Wyrdeer|52/100 par\n|cant|p2a: Wyrdeer|par\n|\n|-heal|p2a: Wyrdeer|58/100 par|[from] item: Leftovers\n|-end|p1a: Snorlax|move: Heal Block\n|upkeep\n|turn|14\n|inactive|Time left: 300 sec this turn | 300 sec total\n|\n|t:|1783543982\n|move|p1a: Snorlax|Body Slam|p2a: Wyrdeer\n|-crit|p2a: Wyrdeer\n|-damage|p2a: Wyrdeer|7/100 par\n|move|p2a: Wyrdeer|Psychic Noise|p1a: Snorlax\n|-damage|p1a: Snorlax|246/397\n|-start|p1a: Snorlax|move: Heal Block\n|\n|-heal|p2a: Wyrdeer|13/100 par|[from] item: Leftovers\n|upkeep\n|turn|15\n|inactive|Time left: 300 sec this turn | 300 sec total\n|\n|t:|1783543984\n|move|p1a: Snorlax|Body Slam|p2a: Wyrdeer\n|-damage|p2a: Wyrdeer|0 fnt\n|faint|p2a: Wyrdeer\n|\n|-end|p1a: Snorlax|move: Heal Block\n|upkeep\n|\n|t:|1783543985\n|switch|p2a: Tatsugiri|Tatsugiri, L87, M|100/100\n|turn|16\n|inactive|Time left: 300 sec this turn | 300 sec total\n|\n|t:|1783543986\n|move|p2a: Tatsugiri|Nasty Plot|p2a: Tatsugiri\n|-boost|p2a: Tatsugiri|spa|2\n|move|p1a: Snorlax|Body Slam|p2a: Tatsugiri\n|-damage|p2a: Tatsugiri|67/100\n|\n|-heal|p1a: Snorlax|270/397|[from] item: Leftovers\n|upkeep\n|turn|17\n|inactive|Time left: 300 sec this turn | 300 sec total\n|\n|t:|1783543987\n|move|p2a: Tatsugiri|Surf|p1a: Snorlax\n|-damage|p1a: Snorlax|50/397\n|move|p1a: Snorlax|Body Slam|p2a: Tatsugiri\n|-damage|p2a: Tatsugiri|35/100\n|-status|p2a: Tatsugiri|par\n|\n|-heal|p1a: Snorlax|74/397|[from] item: Leftovers\n|upkeep\n|turn|18\n|inactive|Time left: 300 sec this turn | 300 sec total\n|\n|t:|1783543988\n|move|p2a: Tatsugiri|Surf|p1a: Snorlax\n|-damage|p1a: Snorlax|0 fnt\n|faint|p1a: Snorlax\n|\n|upkeep\n|inactive|Time left: 300 sec this turn | 300 sec total | 5 sec grace\n|\n|t:|1783543989\n|switch|p1a: Hariyama|Hariyama, L87, M|112/392\n|turn|19\n|inactive|Time left: 300 sec this turn | 300 sec total\n|\n|t:|1783543990\n|move|p1a: Hariyama|Knock Off|p2a: Tatsugiri\n|-damage|p2a: Tatsugiri|0 fnt\n|-enditem|p2a: Tatsugiri|Heavy-Duty Boots|[from] move: Knock Off|[of] p1a: Hariyama\n|faint|p2a: Tatsugiri\n|\n|upkeep\n|\n|t:|1783543991\n|switch|p2a: Arboliva|Arboliva, L91, M, tera:Grass|100/100\n|turn|20\n|inactive|Time left: 300 sec this turn | 300 sec total\n|\n|t:|1783543992\n|move|p1a: Hariyama|Close Combat|p2a: Arboliva\n|-damage|p2a: Arboliva|50/100\n|-unboost|p1a: Hariyama|def|1\n|-unboost|p1a: Hariyama|spd|1\n|-fieldstart|move: Grassy Terrain|[from] ability: Seed Sower|[of] p2a: Arboliva\n|move|p2a: Arboliva|Energy Ball|p1a: Hariyama\n|-damage|p1a: Hariyama|0 fnt\n|faint|p1a: Hariyama\n|\n|-heal|p2a: Arboliva|57/100|[from] Grassy Terrain\n|-heal|p2a: Arboliva|63/100|[from] item: Leftovers\n|upkeep\n|inactive|Time left: 300 sec this turn | 300 sec total | 5 sec grace\n|\n|t:|1783543993\n|switch|p1a: Indeedee|Indeedee, L84, M|238/238\n|-fieldstart|move: Psychic Terrain|[from] ability: Psychic Surge|[of] p1a: Indeedee\n|turn|21\n|inactive|Time left: 300 sec this turn | 300 sec total\n|\n|t:|1783543994\n|move|p1a: Indeedee|Expanding Force|p2a: Arboliva\n|-damage|p2a: Arboliva|0 fnt\n|-fieldstart|move: Grassy Terrain|[from] ability: Seed Sower|[of] p2a: Arboliva\n|faint|p2a: Arboliva\n|\n|upkeep\n|\n|t:|1783543996\n|switch|p2a: Arcanine|Arcanine-Hisui, L79, M|100/100\n|turn|22\n|inactive|Time left: 300 sec this turn | 300 sec total\n|\n|t:|1783543997\n|move|p1a: Indeedee|Expanding Force|p2a: Arcanine\n|-damage|p2a: Arcanine|46/100\n|move|p2a: Arcanine|Head Smash|p1a: Indeedee\n|-damage|p1a: Indeedee|0 fnt\n|faint|p1a: Indeedee\n|\n|-heal|p2a: Arcanine|52/100|[from] Grassy Terrain\n|upkeep\n|inactive|Time left: 300 sec this turn | 300 sec total | 5 sec grace\n|\n|t:|1783543997\n|switch|p1a: Clawitzer|Clawitzer, L87, F|265/265\n|turn|23\n|inactive|Time left: 300 sec this turn | 300 sec total\n|\n|t:|1783543998\n|move|p2a: Arcanine|Morning Sun|p2a: Arcanine\n|-heal|p2a: Arcanine|100/100\n|move|p1a: Clawitzer|Water Pulse|p2a: Arcanine\n|-supereffective|p2a: Arcanine\n|-damage|p2a: Arcanine|0 fnt\n|faint|p2a: Arcanine\n|\n|win|p0x4230f78", "uploadtime": 1783543998, "views": 0, "rating": 0, "private": 0, "password": null, "_winner": "p0x4230f78", "_our_name": "p0x4230f78"}