{"id": "battle-gen9randombattle-1592", "formatid": "gen9randombattle", "format": "[Gen 9] Random Battle", "players": ["p0x1592d32d", "p0y1592b4e6"], "log": "|init|battle\n|title|p0x1592d32d vs. p0y1592b4e6\n|j|\u2606p0x1592d32d\n|j|\u2606p0y1592b4e6\n|t:|1783558442\n|gametype|singles\n|player|p1|p0x1592d32d|170|\n|player|p2|p0y1592b4e6|102|\n|gen|9\n|tier|[Gen 9] Random Battle\n|rule|Species Clause: Limit one of each Pok\u00e9mon\n|rule|HP Percentage Mod: HP is shown in percentages\n|rule|Sleep Clause Mod: Limit one foe put to sleep\n|rule|Illusion Level Mod: Illusion disguises the Pok\u00e9mon's true level\n|\n|t:|1783558442\n|teamsize|p1|6\n|teamsize|p2|6\n|start\n|switch|p1a: Ampharos|Ampharos, L88, F|302/302\n|switch|p2a: Blaziken|Blaziken, L76, F|100/100\n|turn|1\n|inactive|Battle timer is ON: inactive players will automatically lose when time's up. (requested by p0y1592b4e6)\n|inactive|Time left: 300 sec this turn | 300 sec total | 60 sec grace\n|\n|t:|1783558444\n|switch|p2a: Sandy Shocks|Sandy Shocks, L80|100/100\n|move|p1a: Ampharos|Thunderbolt|p2a: Sandy Shocks\n|-immune|p2a: Sandy Shocks\n|\n|upkeep\n|turn|2\n|inactive|Time left: 300 sec this turn | 300 sec total\n|inactive|p0x1592d32d also wants the timer to be on.\n|\n|t:|1783558445\n|switch|p1a: Thundurus|Thundurus-Therian, L80, M|258/258\n|move|p2a: Sandy Shocks|Stealth Rock|p1a: Thundurus\n|-sidestart|p1: p0x1592d32d|move: Stealth Rock\n|\n|upkeep\n|turn|3\n|inactive|Time left: 300 sec this turn | 300 sec total\n|\n|t:|1783558446\n|move|p2a: Sandy Shocks|Spikes|p1a: Thundurus\n|-sidestart|p1: p0x1592d32d|Spikes\n|move|p1a: Thundurus|Nasty Plot|p1a: Thundurus\n|-boost|p1a: Thundurus|spa|2\n|\n|upkeep\n|turn|4\n|inactive|Time left: 300 sec this turn | 300 sec total\n|\n|t:|1783558447\n|move|p1a: Thundurus|Grass Knot|p2a: Sandy Shocks\n|-supereffective|p2a: Sandy Shocks\n|-damage|p2a: Sandy Shocks|0 fnt\n|faint|p2a: Sandy Shocks\n|-end|p2a: Sandy Shocks|Protosynthesis|[silent]\n|\n|upkeep\n|\n|t:|1783558448\n|switch|p2a: Hypno|Hypno, L95, M|100/100\n|turn|5\n|inactive|Time left: 300 sec this turn | 300 sec total\n|\n|t:|1783558449\n|move|p1a: Thundurus|Thunderbolt|p2a: Hypno\n|-damage|p2a: Hypno|48/100\n|-status|p2a: Hypno|par\n|cant|p2a: Hypno|par\n|\n|-heal|p2a: Hypno|54/100 par|[from] item: Leftovers\n|upkeep\n|turn|6\n|inactive|Time left: 300 sec this turn | 300 sec total\n|\n|t:|1783558450\n|cant|p2a: Hypno|par\n|move|p1a: Thundurus|Thunderbolt|p2a: Hypno\n|-damage|p2a: Hypno|0 fnt\n|faint|p2a: Hypno\n|\n|upkeep\n|\n|t:|1783558451\n|switch|p2a: Mesprit|Mesprit, L85|100/100\n|turn|7\n|inactive|Time left: 300 sec this turn | 300 sec total\n|\n|t:|1783558452\n|move|p1a: Thundurus|Thunderbolt|p2a: Mesprit\n|-damage|p2a: Mesprit|24/100\n|move|p2a: Mesprit|Knock Off|p1a: Thundurus\n|-damage|p1a: Thundurus|162/258\n|-enditem|p1a: Thundurus|Heavy-Duty Boots|[from] move: Knock Off|[of] p2a: Mesprit\n|\n|-heal|p2a: Mesprit|30/100|[from] item: Leftovers\n|upkeep\n|turn|8\n|inactive|Time left: 300 sec this turn | 300 sec total\n|\n|t:|1783558454\n|move|p1a: Thundurus|Thunderbolt|p2a: Mesprit\n|-damage|p2a: Mesprit|0 fnt\n|faint|p2a: Mesprit\n|\n|upkeep\n|\n|t:|1783558455\n|switch|p2a: Ho-Oh|Ho-Oh, L71|100/100\n|turn|9\n|inactive|Time left: 300 sec this turn | 300 sec total\n|\n|t:|1783558456\n|-terastallize|p2a: Ho-Oh|Steel\n|move|p1a: Thundurus|Thunderbolt|p2a: Ho-Oh\n|-damage|p2a: Ho-Oh|35/100\n|move|p2a: Ho-Oh|Sacred Fire|p1a: Thundurus\n|-damage|p1a: Thundurus|33/258\n|-status|p1a: Thundurus|brn\n|\n|-damage|p1a: Thundurus|17/258 brn|[from] brn\n|upkeep\n|turn|10\n|inactive|Time left: 300 sec this turn | 300 sec total\n|\n|t:|1783558457\n|move|p1a: Thundurus|Thunderbolt|p2a: Ho-Oh\n|-damage|p2a: Ho-Oh|0 fnt\n|faint|p2a: Ho-Oh\n|\n|-damage|p1a: Thundurus|1/258 brn|[from] brn\n|upkeep\n|\n|t:|1783558457\n|switch|p2a: Tauros|Tauros-Paldea-Aqua, L81, M|100/100\n|turn|11\n|inactive|Time left: 300 sec this turn | 300 sec total\n|\n|t:|1783558458\n|move|p2a: Tauros|Liquidation|p1a: Thundurus\n|-damage|p1a: Thundurus|0 fnt\n|faint|p1a: Thundurus\n|\n|upkeep\n|inactive|Time left: 300 sec this turn | 300 sec total | 5 sec grace\n|\n|t:|1783558459\n|switch|p1a: Quaquaval|Quaquaval, L79, M|264/264\n|-damage|p1a: Quaquaval|248/264|[from] Stealth Rock\n|-damage|p1a: Quaquaval|215/264|[from] Spikes\n|turn|12\n|inactive|Time left: 300 sec this turn | 300 sec total\n|\n|t:|1783558460\n|move|p2a: Tauros|Bulk Up|p2a: Tauros\n|-boost|p2a: Tauros|atk|1\n|-boost|p2a: Tauros|def|1\n|move|p1a: Quaquaval|Rapid Spin|p2a: Tauros\n|-damage|p2a: Tauros|91/100\n|-boost|p1a: Quaquaval|spe|1\n|-sideend|p1: p0x1592d32d|Spikes|[from] move: Rapid Spin|[of] p1a: Quaquaval\n|-sideend|p1: p0x1592d32d|Stealth Rock|[from] move: Rapid Spin|[of] p1a: Quaquaval\n|\n|-heal|p1a: Quaquaval|231/264|[from] item: Leftovers\n|upkeep\n|turn|13\n|inactive|Time left: 300 sec this turn | 300 sec total\n|\n|t:|1783558461\n|switch|p1a: Ampharos|Ampharos, L88, F|302/302\n|move|p2a: Tauros|Close Combat|p1a: Ampharos\n|-damage|p1a: Ampharos|107/302\n|-unboost|p2a: Tauros|def|1\n|-unboost|p2a: Tauros|spd|1\n|\n|upkeep\n|turn|14\n|inactive|Time left: 300 sec this turn | 300 sec total\n|\n|t:|1783558462\n|move|p2a: Tauros|Liquidation|p1a: Ampharos\n|-crit|p1a: Ampharos\n|-damage|p1a: Ampharos|0 fnt\n|faint|p1a: Ampharos\n|\n|upkeep\n|inactive|Time left: 300 sec this turn | 300 sec total | 5 sec grace\n|\n|t:|1783558463\n|switch|p1a: Spectrier|Spectrier, L75|274/274\n|turn|15\n|inactive|Time left: 300 sec this turn | 300 sec total\n|\n|t:|1783558464\n|switch|p2a: Blaziken|Blaziken, L76, F|100/100\n|move|p1a: Spectrier|Shadow Ball|p2a: Blaziken\n|-damage|p2a: Blaziken|29/100\n|-damage|p1a: Spectrier|247/274|[from] item: Life Orb\n|\n|upkeep\n|turn|16\n|inactive|Time left: 300 sec this turn | 300 sec total\n|\n|t:|1783558465\n|move|p1a: Spectrier|Shadow Ball|p2a: Blaziken\n|-damage|p2a: Blaziken|0 fnt\n|faint|p2a: Blaziken\n|-ability|p1a: Spectrier|Grim Neigh|boost\n|-boost|p1a: Spectrier|spa|1\n|-damage|p1a: Spectrier|220/274|[from] item: Life Orb\n|\n|upkeep\n|\n|t:|1783558466\n|switch|p2a: Tauros|Tauros-Paldea-Aqua, L81, M|91/100\n|turn|17\n|inactive|Time left: 300 sec this turn | 300 sec total\n|\n|t:|1783558467\n|move|p1a: Spectrier|Shadow Ball|p2a: Tauros\n|-damage|p2a: Tauros|3/100\n|-unboost|p2a: Tauros|spd|1\n|-enditem|p2a: Tauros|Sitrus Berry|[eat]\n|-heal|p2a: Tauros|28/100|[from] item: Sitrus Berry\n|-damage|p1a: Spectrier|193/274|[from] item: Life Orb\n|move|p2a: Tauros|Substitute|p2a: Tauros\n|-start|p2a: Tauros|Substitute\n|-damage|p2a: Tauros|3/100\n|\n|upkeep\n|turn|18\n|inactive|Time left: 300 sec this turn | 300 sec total\n|\n|t:|1783558468\n|move|p1a: Spectrier|Draining Kiss|p2a: Tauros\n|-supereffective|p2a: Tauros\n|-end|p2a: Tauros|Substitute\n|-heal|p1a: Spectrier|241/274|[from] drain|[of] p2a: Tauros\n|-damage|p1a: Spectrier|214/274|[from] item: Life Orb\n|move|p2a: Tauros|Liquidation|p1a: Spectrier\n|-damage|p1a: Spectrier|88/274\n|\n|-activate|p2a: Tauros|ability: Cud Chew\n|-enditem|p2a: Tauros|Sitrus Berry|[eat]\n|-heal|p2a: Tauros|28/100|[from] item: Sitrus Berry\n|upkeep\n|turn|19\n|inactive|Time left: 300 sec this turn | 300 sec total\n|\n|t:|1783558469\n|move|p1a: Spectrier|Shadow Ball|p2a: Tauros\n|-damage|p2a: Tauros|0 fnt\n|faint|p2a: Tauros\n|-damage|p1a: Spectrier|61/274|[from] item: Life Orb\n|\n|win|p0x1592d32d", "uploadtime": 1783558469, "views": 0, "rating": 0, "private": 0, "password": null, "_winner": "p0x1592d32d", "_our_name": "p0x1592d32d"}