{"id": "battle-gen9randombattle-85", "formatid": "gen9randombattle", "format": "[Gen 9] Random Battle", "players": ["p0x085753a", "p0y08588ee"], "log": "|init|battle\n|title|p0x085753a vs. p0y08588ee\n|j|\u2606p0x085753a\n|j|\u2606p0y08588ee\n|t:|1783540174\n|gametype|singles\n|player|p1|p0x085753a|2|\n|player|p2|p0y08588ee|102|\n|gen|9\n|tier|[Gen 9] Random Battle\n|rule|Species Clause: Limit one of each Pok\u00e9mon\n|rule|HP Percentage Mod: HP is shown in percentages\n|rule|Sleep Clause Mod: Limit one foe put to sleep\n|rule|Illusion Level Mod: Illusion disguises the Pok\u00e9mon's true level\n|\n|t:|1783540174\n|teamsize|p1|6\n|teamsize|p2|6\n|start\n|switch|p1a: Arcanine|Arcanine, L84, F|100/100\n|switch|p2a: Gurdurr|Gurdurr, L85, F|283/283\n|-ability|p1a: Arcanine|Intimidate|boost\n|-unboost|p2a: Gurdurr|atk|1\n|turn|1\n|inactive|Battle timer is ON: inactive players will automatically lose when time's up. (requested by p0y08588ee)\n|\n|t:|1783540176\n|switch|p2a: Noivern|Noivern, L82, M|274/274\n|move|p1a: Arcanine|Flare Blitz|p2a: Noivern\n|-resisted|p2a: Noivern\n|-damage|p2a: Noivern|198/274\n|-damage|p1a: Arcanine|92/100|[from] Recoil\n|\n|upkeep\n|turn|2\n|inactive|Time left: 300 sec this turn | 300 sec total\n|inactive|p0x085753a also wants the timer to be on.\n|\n|t:|1783540177\n|move|p2a: Noivern|Hurricane|p1a: Arcanine\n|-damage|p1a: Arcanine|33/100\n|move|p1a: Arcanine|Flare Blitz|p2a: Noivern\n|-resisted|p2a: Noivern\n|-damage|p2a: Noivern|118/274\n|-damage|p1a: Arcanine|24/100|[from] Recoil\n|\n|upkeep\n|turn|3\n|inactive|Time left: 300 sec this turn | 300 sec total\n|\n|t:|1783540178\n|move|p2a: Noivern|Hurricane|p1a: Arcanine\n|-damage|p1a: Arcanine|0 fnt\n|faint|p1a: Arcanine\n|\n|upkeep\n|\n|t:|1783540179\n|switch|p1a: Arceus|Arceus-Fairy, L69|100/100\n|turn|4\n|inactive|Time left: 300 sec this turn | 300 sec total\n|\n|t:|1783540180\n|move|p2a: Noivern|Hurricane|p1a: Arceus|[miss]\n|-miss|p2a: Noivern|p1a: Arceus\n|move|p1a: Arceus|Calm Mind|p1a: Arceus\n|-boost|p1a: Arceus|spa|1\n|-boost|p1a: Arceus|spd|1\n|\n|upkeep\n|turn|5\n|inactive|Time left: 300 sec this turn | 300 sec total\n|\n|t:|1783540181\n|switch|p2a: Toxapex|Toxapex, L82, F|216/216\n|move|p1a: Arceus|Judgment|p2a: Toxapex\n|-resisted|p2a: Toxapex\n|-damage|p2a: Toxapex|165/216\n|\n|-heal|p2a: Toxapex|178/216|[from] item: Leftovers\n|upkeep\n|turn|6\n|inactive|Time left: 300 sec this turn | 300 sec total\n|\n|t:|1783540182\n|move|p1a: Arceus|Judgment|p2a: Toxapex\n|-resisted|p2a: Toxapex\n|-damage|p2a: Toxapex|126/216\n|move|p2a: Toxapex|Haze|p2a: Toxapex\n|-clearallboost\n|\n|-heal|p2a: Toxapex|139/216|[from] item: Leftovers\n|upkeep\n|turn|7\n|inactive|Time left: 300 sec this turn | 300 sec total\n|\n|t:|1783540183\n|move|p1a: Arceus|Calm Mind|p1a: Arceus\n|-boost|p1a: Arceus|spa|1\n|-boost|p1a: Arceus|spd|1\n|move|p2a: Toxapex|Toxic Spikes|p1a: Arceus\n|-sidestart|p1: p0x085753a|move: Toxic Spikes\n|\n|-heal|p2a: Toxapex|152/216|[from] item: Leftovers\n|upkeep\n|turn|8\n|inactive|Time left: 300 sec this turn | 300 sec total\n|\n|t:|1783540183\n|move|p1a: Arceus|Earth Power|p2a: Toxapex\n|-supereffective|p2a: Toxapex\n|-damage|p2a: Toxapex|38/216\n|move|p2a: Toxapex|Haze|p2a: Toxapex\n|-clearallboost\n|\n|-heal|p2a: Toxapex|51/216|[from] item: Leftovers\n|upkeep\n|turn|9\n|inactive|Time left: 300 sec this turn | 300 sec total\n|\n|t:|1783540184\n|switch|p2a: Pelipper|Pelipper, L86, M|243/243\n|-weather|RainDance|[from] ability: Drizzle|[of] p2a: Pelipper\n|move|p1a: Arceus|Earth Power|p2a: Pelipper\n|-immune|p2a: Pelipper\n|\n|-weather|RainDance|[upkeep]\n|upkeep\n|turn|10\n|inactive|Time left: 300 sec this turn | 300 sec total\n|\n|t:|1783540185\n|move|p1a: Arceus|Calm Mind|p1a: Arceus\n|-boost|p1a: Arceus|spa|1\n|-boost|p1a: Arceus|spd|1\n|move|p2a: Pelipper|Surf|p1a: Arceus\n|-damage|p1a: Arceus|68/100\n|\n|-weather|RainDance|[upkeep]\n|upkeep\n|turn|11\n|inactive|Time left: 300 sec this turn | 300 sec total\n|\n|t:|1783540186\n|switch|p2a: Toxapex|Toxapex, L82, F|123/216\n|move|p1a: Arceus|Judgment|p2a: Toxapex\n|-resisted|p2a: Toxapex\n|-damage|p2a: Toxapex|68/216\n|\n|-weather|RainDance|[upkeep]\n|-heal|p2a: Toxapex|81/216|[from] item: Leftovers\n|upkeep\n|turn|12\n|inactive|Time left: 300 sec this turn | 300 sec total\n|\n|t:|1783540187\n|switch|p2a: Scovillain|Scovillain, L91, F|266/266\n|move|p1a: Arceus|Earth Power|p2a: Scovillain\n|-damage|p2a: Scovillain|176/266\n|\n|-weather|RainDance|[upkeep]\n|-heal|p2a: Scovillain|192/266|[from] item: Leftovers\n|upkeep\n|turn|13\n|inactive|Time left: 300 sec this turn | 300 sec total\n|\n|t:|1783540188\n|move|p1a: Arceus|Calm Mind|p1a: Arceus\n|-boost|p1a: Arceus|spa|1\n|-boost|p1a: Arceus|spd|1\n|move|p2a: Scovillain|Leech Seed|p1a: Arceus\n|-start|p1a: Arceus|move: Leech Seed\n|\n|-weather|none\n|-heal|p2a: Scovillain|208/266|[from] item: Leftovers\n|-damage|p1a: Arceus|55/100|[from] Leech Seed|[of] p2a: Scovillain\n|-heal|p2a: Scovillain|243/266|[silent]\n|upkeep\n|turn|14\n|inactive|Time left: 300 sec this turn | 300 sec total\n|\n|t:|1783540188\n|move|p1a: Arceus|Recover|p1a: Arceus\n|-heal|p1a: Arceus|100/100\n|move|p2a: Scovillain|Flamethrower|p1a: Arceus\n|-damage|p1a: Arceus|80/100\n|\n|-heal|p2a: Scovillain|259/266|[from] item: Leftovers\n|-damage|p1a: Arceus|67/100|[from] Leech Seed|[of] p2a: Scovillain\n|-heal|p2a: Scovillain|266/266|[silent]\n|upkeep\n|turn|15\n|inactive|Time left: 300 sec this turn | 300 sec total\n|\n|t:|1783540189\n|move|p1a: Arceus|Judgment|p2a: Scovillain\n|-resisted|p2a: Scovillain\n|-damage|p2a: Scovillain|152/266\n|move|p2a: Scovillain|Flamethrower|p1a: Arceus\n|-damage|p1a: Arceus|48/100\n|\n|-heal|p2a: Scovillain|168/266|[from] item: Leftovers\n|-damage|p1a: Arceus|35/100|[from] Leech Seed|[of] p2a: Scovillain\n|-heal|p2a: Scovillain|203/266|[silent]\n|upkeep\n|turn|16\n|inactive|Time left: 300 sec this turn | 300 sec total\n|\n|t:|1783540190\n|move|p1a: Arceus|Recover|p1a: Arceus\n|-heal|p1a: Arceus|85/100\n|move|p2a: Scovillain|Flamethrower|p1a: Arceus\n|-crit|p1a: Arceus\n|-damage|p1a: Arceus|28/100\n|\n|-heal|p2a: Scovillain|219/266|[from] item: Leftovers\n|-damage|p1a: Arceus|15/100|[from] Leech Seed|[of] p2a: Scovillain\n|-heal|p2a: Scovillain|254/266|[silent]\n|upkeep\n|turn|17\n|inactive|Time left: 300 sec this turn | 300 sec total\n|\n|t:|1783540191\n|move|p1a: Arceus|Recover|p1a: Arceus\n|-heal|p1a: Arceus|65/100\n|move|p2a: Scovillain|Flamethrower|p1a: Arceus\n|-damage|p1a: Arceus|45/100\n|\n|-heal|p2a: Scovillain|266/266|[from] item: Leftovers\n|-damage|p1a: Arceus|32/100|[from] Leech Seed|[of] p2a: Scovillain\n|upkeep\n|turn|18\n|inactive|Time left: 300 sec this turn | 300 sec total\n|\n|t:|1783540192\n|move|p1a: Arceus|Recover|p1a: Arceus\n|-heal|p1a: Arceus|82/100\n|move|p2a: Scovillain|Flamethrower|p1a: Arceus\n|-damage|p1a: Arceus|62/100\n|\n|-damage|p1a: Arceus|49/100|[from] Leech Seed|[of] p2a: Scovillain\n|upkeep\n|turn|19\n|inactive|Time left: 300 sec this turn | 300 sec total\n|\n|t:|1783540194\n|move|p1a: Arceus|Recover|p1a: Arceus\n|-heal|p1a: Arceus|99/100\n|move|p2a: Scovillain|Flamethrower|p1a: Arceus\n|-damage|p1a: Arceus|78/100\n|\n|-damage|p1a: Arceus|65/100|[from] Leech Seed|[of] p2a: Scovillain\n|upkeep\n|turn|20\n|inactive|Time left: 300 sec this turn | 300 sec total\n|\n|t:|1783540195\n|move|p1a: Arceus|Earth Power|p2a: Scovillain\n|-damage|p2a: Scovillain|140/266\n|move|p2a: Scovillain|Flamethrower|p1a: Arceus\n|-damage|p1a: Arceus|46/100\n|\n|-heal|p2a: Scovillain|156/266|[from] item: Leftovers\n|-damage|p1a: Arceus|33/100|[from] Leech Seed|[of] p2a: Scovillain\n|-heal|p2a: Scovillain|191/266|[silent]\n|upkeep\n|turn|21\n|inactive|Time left: 300 sec this turn | 300 sec total\n|\n|t:|1783540195\n|move|p1a: Arceus|Recover|p1a: Arceus\n|-heal|p1a: Arceus|83/100\n|move|p2a: Scovillain|Flamethrower|p1a: Arceus\n|-damage|p1a: Arceus|64/100\n|\n|-heal|p2a: Scovillain|207/266|[from] item: Leftovers\n|-damage|p1a: Arceus|52/100|[from] Leech Seed|[of] p2a: Scovillain\n|-heal|p2a: Scovillain|242/266|[silent]\n|upkeep\n|turn|22\n|inactive|Time left: 300 sec this turn | 300 sec total\n|\n|t:|1783540197\n|move|p1a: Arceus|Recover|p1a: Arceus\n|-heal|p1a: Arceus|100/100\n|move|p2a: Scovillain|Flamethrower|p1a: Arceus\n|-damage|p1a: Arceus|81/100\n|-status|p1a: Arceus|brn\n|\n|-heal|p2a: Scovillain|258/266|[from] item: Leftovers\n|-damage|p1a: Arceus|69/100 brn|[from] Leech Seed|[of] p2a: Scovillain\n|-heal|p2a: Scovillain|266/266|[silent]\n|-damage|p1a: Arceus|63/100 brn|[from] brn\n|upkeep\n|turn|23\n|inactive|Time left: 300 sec this turn | 300 sec total\n|\n|t:|1783540198\n|move|p1a: Arceus|Earth Power|p2a: Scovillain\n|-damage|p2a: Scovillain|155/266\n|move|p2a: Scovillain|Flamethrower|p1a: Arceus\n|-damage|p1a: Arceus|43/100 brn\n|\n|-heal|p2a: Scovillain|171/266|[from] item: Leftovers\n|-damage|p1a: Arceus|31/100 brn|[from] Leech Seed|[of] p2a: Scovillain\n|-heal|p2a: Scovillain|206/266|[silent]\n|-damage|p1a: Arceus|25/100 brn|[from] brn\n|upkeep\n|turn|24\n|inactive|Time left: 300 sec this turn | 300 sec total\n|\n|t:|1783540199\n|move|p1a: Arceus|Recover|p1a: Arceus\n|-heal|p1a: Arceus|75/100 brn\n|move|p2a: Scovillain|Flamethrower|p1a: Arceus\n|-damage|p1a: Arceus|52/100 brn\n|\n|-heal|p2a: Scovillain|222/266|[from] item: Leftovers\n|-damage|p1a: Arceus|39/100 brn|[from] Leech Seed|[of] p2a: Scovillain\n|-heal|p2a: Scovillain|257/266|[silent]\n|-damage|p1a: Arceus|33/100 brn|[from] brn\n|upkeep\n|turn|25\n|inactive|Time left: 300 sec this turn | 300 sec total\n|\n|t:|1783540200\n|switch|p1a: Okidogi|Okidogi, L77, M|100/100\n|-sideend|p1: p0x085753a|move: Toxic Spikes|[of] p1a: Okidogi\n|move|p2a: Scovillain|Flamethrower|p1a: Okidogi\n|-crit|p1a: Okidogi\n|-damage|p1a: Okidogi|27/100\n|\n|-heal|p2a: Scovillain|266/266|[from] item: Leftovers\n|-heal|p1a: Okidogi|33/100|[from] item: Leftovers\n|upkeep\n|turn|26\n|inactive|Time left: 300 sec this turn | 300 sec total\n|\n|t:|1783540201\n|switch|p1a: Salazzle|Salazzle, L83, F|100/100\n|move|p2a: Scovillain|Flamethrower|p1a: Salazzle\n|-resisted|p1a: Salazzle\n|-damage|p1a: Salazzle|68/100\n|\n|upkeep\n|turn|27\n|inactive|Time left: 300 sec this turn | 300 sec total\n|\n|t:|1783540202\n|switch|p2a: Toxapex|Toxapex, L82, F|153/216\n|move|p1a: Salazzle|Nasty Plot|p1a: Salazzle\n|-boost|p1a: Salazzle|spa|2\n|\n|-heal|p2a: Toxapex|166/216|[from] item: Leftovers\n|upkeep\n|turn|28\n|inactive|Time left: 300 sec this turn | 300 sec total\n|\n|t:|1783540203\n|move|p1a: Salazzle|Fire Blast|p2a: Toxapex\n|-resisted|p2a: Toxapex\n|-damage|p2a: Toxapex|78/216\n|move|p2a: Toxapex|Liquidation|p1a: Salazzle\n|-supereffective|p1a: Salazzle\n|-damage|p1a: Salazzle|5/100\n|\n|-heal|p2a: Toxapex|91/216|[from] item: Leftovers\n|upkeep\n|turn|29\n|inactive|Time left: 300 sec this turn | 300 sec total\n|\n|t:|1783540204\n|move|p1a: Salazzle|Fire Blast|p2a: Toxapex\n|-resisted|p2a: Toxapex\n|-damage|p2a: Toxapex|0 fnt\n|faint|p2a: Toxapex\n|\n|upkeep\n|inactive|Time left: 300 sec this turn | 300 sec total | 5 sec grace\n|\n|t:|1783540205\n|switch|p2a: Noivern|Noivern, L82, M|118/274\n|turn|30\n|inactive|Time left: 300 sec this turn | 300 sec total\n|\n|t:|1783540206\n|move|p2a: Noivern|Boomburst|p1a: Salazzle\n|-damage|p1a: Salazzle|0 fnt\n|faint|p1a: Salazzle\n|\n|upkeep\n|\n|t:|1783540207\n|switch|p1a: Urshifu|Urshifu, L74, M|100/100\n|turn|31\n|inactive|Time left: 300 sec this turn | 300 sec total\n|\n|t:|1783540208\n|move|p1a: Urshifu|Sucker Punch|p2a: Noivern\n|-damage|p2a: Noivern|3/274\n|move|p2a: Noivern|Boomburst|p1a: Urshifu\n|-damage|p1a: Urshifu|24/100\n|\n|upkeep\n|turn|32\n|inactive|Time left: 300 sec this turn | 300 sec total\n|\n|t:|1783540209\n|switch|p2a: Pelipper|Pelipper, L86, M|243/243\n|-weather|RainDance|[from] ability: Drizzle|[of] p2a: Pelipper\n|move|p1a: Urshifu|Sucker Punch||[still]\n|-fail|p1a: Urshifu\n|\n|-weather|RainDance|[upkeep]\n|upkeep\n|turn|33\n|inactive|Time left: 300 sec this turn | 300 sec total\n|\n|t:|1783540210\n|move|p1a: Urshifu|Sucker Punch|p2a: Pelipper\n|-damage|p2a: Pelipper|144/243\n|move|p2a: Pelipper|Surf|p1a: Urshifu\n|-damage|p1a: Urshifu|0 fnt\n|faint|p1a: Urshifu\n|\n|-weather|RainDance|[upkeep]\n|upkeep\n|\n|t:|1783540211\n|switch|p1a: Crawdaunt|Crawdaunt, L84, F|100/100\n|turn|34\n|inactive|Time left: 300 sec this turn | 300 sec total\n|\n|t:|1783540212\n|move|p2a: Pelipper|Hurricane|p1a: Crawdaunt\n|-damage|p1a: Crawdaunt|26/100\n|move|p1a: Crawdaunt|Dragon Dance|p1a: Crawdaunt\n|-boost|p1a: Crawdaunt|atk|1\n|-boost|p1a: Crawdaunt|spe|1\n|\n|-weather|RainDance|[upkeep]\n|upkeep\n|turn|35\n|inactive|Time left: 300 sec this turn | 300 sec total\n|\n|t:|1783540214\n|switch|p2a: Noivern|Noivern, L82, M|3/274\n|move|p1a: Crawdaunt|Knock Off|p2a: Noivern\n|-damage|p2a: Noivern|0 fnt\n|-enditem|p2a: Noivern|Choice Specs|[from] move: Knock Off|[of] p1a: Crawdaunt\n|faint|p2a: Noivern\n|-damage|p1a: Crawdaunt|16/100|[from] item: Life Orb\n|\n|-weather|RainDance|[upkeep]\n|upkeep\n|inactive|Time left: 300 sec this turn | 300 sec total | 5 sec grace\n|\n|t:|1783540215\n|switch|p2a: Gurdurr|Gurdurr, L85, F|283/283\n|turn|36\n|inactive|Time left: 300 sec this turn | 300 sec total\n|\n|t:|1783540216\n|move|p2a: Gurdurr|Mach Punch|p1a: Crawdaunt\n|-supereffective|p1a: Crawdaunt\n|-damage|p1a: Crawdaunt|0 fnt\n|faint|p1a: Crawdaunt\n|\n|-weather|none\n|upkeep\n|\n|t:|1783540217\n|switch|p1a: Okidogi|Okidogi, L77, M|33/100\n|turn|37\n|inactive|Time left: 300 sec this turn | 300 sec total\n|\n|t:|1783540218\n|switch|p2a: Pelipper|Pelipper, L86, M|144/243\n|-weather|RainDance|[from] ability: Drizzle|[of] p2a: Pelipper\n|move|p1a: Okidogi|Bulk Up|p1a: Okidogi\n|-boost|p1a: Okidogi|atk|1\n|-boost|p1a: Okidogi|def|1\n|\n|-weather|RainDance|[upkeep]\n|-heal|p1a: Okidogi|39/100|[from] item: Leftovers\n|upkeep\n|turn|38\n|inactive|Time left: 300 sec this turn | 300 sec total\n|\n|t:|1783540219\n|move|p1a: Okidogi|Gunk Shot|p2a: Pelipper\n|-damage|p2a: Pelipper|0 fnt\n|faint|p2a: Pelipper\n|\n|-weather|RainDance|[upkeep]\n|-heal|p1a: Okidogi|45/100|[from] item: Leftovers\n|upkeep\n|inactive|Time left: 300 sec this turn | 300 sec total | 5 sec grace\n|\n|t:|1783540220\n|switch|p2a: Annihilape|Annihilape, L76, F|292/292\n|turn|39\n|inactive|Time left: 300 sec this turn | 300 sec total\n|\n|t:|1783540221\n|move|p2a: Annihilape|Bulk Up|p2a: Annihilape\n|-boost|p2a: Annihilape|atk|1\n|-boost|p2a: Annihilape|def|1\n|move|p1a: Okidogi|Bulk Up|p1a: Okidogi\n|-boost|p1a: Okidogi|atk|1\n|-boost|p1a: Okidogi|def|1\n|\n|-weather|RainDance|[upkeep]\n|-heal|p1a: Okidogi|51/100|[from] item: Leftovers\n|upkeep\n|turn|40\n|inactive|Time left: 300 sec this turn | 300 sec total\n|\n|t:|1783540222\n|move|p2a: Annihilape|Bulk Up|p2a: Annihilape\n|-boost|p2a: Annihilape|atk|1\n|-boost|p2a: Annihilape|def|1\n|move|p1a: Okidogi|Knock Off|p2a: Annihilape\n|-damage|p2a: Annihilape|212/292\n|-enditem|p2a: Annihilape|Leftovers|[from] move: Knock Off|[of] p1a: Okidogi\n|\n|-weather|RainDance|[upkeep]\n|-heal|p1a: Okidogi|57/100|[from] item: Leftovers\n|upkeep\n|turn|41\n|inactive|Time left: 300 sec this turn | 300 sec total\n|\n|t:|1783540223\n|move|p2a: Annihilape|Bulk Up|p2a: Annihilape\n|-boost|p2a: Annihilape|atk|1\n|-boost|p2a: Annihilape|def|1\n|move|p1a: Okidogi|Bulk Up|p1a: Okidogi\n|-boost|p1a: Okidogi|atk|1\n|-boost|p1a: Okidogi|def|1\n|\n|-weather|none\n|-heal|p1a: Okidogi|63/100|[from] item: Leftovers\n|upkeep\n|turn|42\n|inactive|Time left: 300 sec this turn | 300 sec total\n|\n|t:|1783540224\n|move|p2a: Annihilape|Rage Fist|p1a: Okidogi\n|-damage|p1a: Okidogi|30/100\n|move|p1a: Okidogi|Gunk Shot|p2a: Annihilape\n|-resisted|p2a: Annihilape\n|-damage|p2a: Annihilape|131/292\n|\n|-heal|p1a: Okidogi|36/100|[from] item: Leftovers\n|upkeep\n|turn|43\n|inactive|Time left: 300 sec this turn | 300 sec total\n|\n|t:|1783540225\n|move|p2a: Annihilape|Drain Punch|p1a: Okidogi\n|-resisted|p1a: Okidogi\n|-damage|p1a: Okidogi|25/100\n|-heal|p2a: Annihilape|146/292|[from] drain|[of] p1a: Okidogi\n|move|p1a: Okidogi|Gunk Shot|p2a: Annihilape\n|-resisted|p2a: Annihilape\n|-damage|p2a: Annihilape|70/292\n|-status|p2a: Annihilape|tox|[from] ability: Toxic Chain|[of] p1a: Okidogi\n|\n|-heal|p1a: Okidogi|31/100|[from] item: Leftovers\n|-damage|p2a: Annihilape|52/292 tox|[from] psn\n|upkeep\n|turn|44\n|inactive|Time left: 300 sec this turn | 300 sec total\n|\n|t:|1783540226\n|move|p2a: Annihilape|Drain Punch|p1a: Okidogi\n|-resisted|p1a: Okidogi\n|-crit|p1a: Okidogi\n|-damage|p1a: Okidogi|0 fnt\n|-heal|p2a: Annihilape|92/292 tox|[from] drain|[of] p1a: Okidogi\n|faint|p1a: Okidogi\n|\n|-damage|p2a: Annihilape|56/292 tox|[from] psn\n|upkeep\n|\n|t:|1783540227\n|switch|p1a: Arceus|Arceus-Fairy, L69|33/100 brn\n|turn|45\n|inactive|Time left: 300 sec this turn | 300 sec total\n|\n|t:|1783540228\n|-terastallize|p2a: Annihilape|Steel\n|move|p1a: Arceus|Earth Power|p2a: Annihilape\n|-supereffective|p2a: Annihilape\n|-damage|p2a: Annihilape|0 fnt\n|faint|p2a: Annihilape\n|\n|-damage|p1a: Arceus|27/100 brn|[from] brn\n|upkeep\n|inactive|Time left: 300 sec this turn | 300 sec total | 5 sec grace\n|\n|t:|1783540229\n|switch|p2a: Scovillain|Scovillain, L91, F|266/266\n|turn|46\n|inactive|Time left: 300 sec this turn | 300 sec total\n|\n|t:|1783540230\n|move|p1a: Arceus|Calm Mind|p1a: Arceus\n|-boost|p1a: Arceus|spa|1\n|-boost|p1a: Arceus|spd|1\n|move|p2a: Scovillain|Flamethrower|p1a: Arceus\n|-damage|p1a: Arceus|2/100 brn\n|\n|-damage|p1a: Arceus|0 fnt|[from] brn\n|faint|p1a: Arceus\n|\n|win|p0y08588ee", "uploadtime": 1783540230, "views": 0, "rating": 0, "private": 0, "password": null, "_winner": "p0y08588ee", "_our_name": "p0y08588ee"}