{"id": "battle-gen9randombattle-72", "formatid": "gen9randombattle", "format": "[Gen 9] Random Battle", "players": ["p0x0726c90", "p0y0721ff3"], "log": "|init|battle\n|title|p0x0726c90 vs. p0y0721ff3\n|j|\u2606p0x0726c90\n|j|\u2606p0y0721ff3\n|t:|1783540023\n|gametype|singles\n|player|p1|p0x0726c90|102|\n|player|p2|p0y0721ff3|101|\n|gen|9\n|tier|[Gen 9] Random Battle\n|rule|Species Clause: Limit one of each Pok\u00e9mon\n|rule|HP Percentage Mod: HP is shown in percentages\n|rule|Sleep Clause Mod: Limit one foe put to sleep\n|rule|Illusion Level Mod: Illusion disguises the Pok\u00e9mon's true level\n|\n|t:|1783540023\n|teamsize|p1|6\n|teamsize|p2|6\n|start\n|switch|p1a: Stantler|Stantler, L92, F|100/100\n|switch|p2a: Klawf|Klawf, L90, M|272/272\n|-ability|p1a: Stantler|Intimidate|boost\n|-unboost|p2a: Klawf|atk|1\n|turn|1\n|inactive|Battle timer is ON: inactive players will automatically lose when time's up. (requested by p0y0721ff3)\n|inactive|p0x0726c90 also wants the timer to be on.\n|\n|t:|1783540025\n|move|p1a: Stantler|Earth Power|p2a: Klawf\n|-supereffective|p2a: Klawf\n|-damage|p2a: Klawf|106/272\n|-ability|p2a: Klawf|Anger Shell|boost\n|-boost|p2a: Klawf|atk|1\n|-boost|p2a: Klawf|spa|1\n|-boost|p2a: Klawf|spe|1\n|-unboost|p2a: Klawf|def|1\n|-unboost|p2a: Klawf|spd|1\n|move|p2a: Klawf|Swords Dance|p2a: Klawf\n|-boost|p2a: Klawf|atk|2\n|\n|upkeep\n|turn|2\n|inactive|Time left: 300 sec this turn | 300 sec total\n|\n|t:|1783540026\n|move|p2a: Klawf|Stone Edge|p1a: Stantler\n|-damage|p1a: Stantler|30/100\n|move|p1a: Stantler|Earth Power|p2a: Klawf\n|-supereffective|p2a: Klawf\n|-damage|p2a: Klawf|0 fnt\n|faint|p2a: Klawf\n|\n|upkeep\n|inactive|Time left: 300 sec this turn | 300 sec total | 5 sec grace\n|\n|t:|1783540027\n|switch|p2a: Mabosstiff|Mabosstiff, L86, M|278/278\n|turn|3\n|inactive|Time left: 300 sec this turn | 300 sec total\n|\n|t:|1783540028\n|move|p1a: Stantler|Earth Power|p2a: Mabosstiff\n|-damage|p2a: Mabosstiff|196/278\n|move|p2a: Mabosstiff|Crunch|p1a: Stantler\n|-damage|p1a: Stantler|0 fnt\n|faint|p1a: Stantler\n|\n|upkeep\n|\n|t:|1783540029\n|switch|p1a: Quaquaval|Quaquaval, L79, M|100/100\n|turn|4\n|inactive|Time left: 300 sec this turn | 300 sec total\n|\n|t:|1783540030\n|move|p2a: Mabosstiff|Crunch|p1a: Quaquaval\n|-resisted|p1a: Quaquaval\n|-damage|p1a: Quaquaval|67/100\n|-unboost|p1a: Quaquaval|def|1\n|move|p1a: Quaquaval|Close Combat|p2a: Mabosstiff\n|-supereffective|p2a: Mabosstiff\n|-damage|p2a: Mabosstiff|0 fnt\n|-unboost|p1a: Quaquaval|def|1\n|-unboost|p1a: Quaquaval|spd|1\n|faint|p2a: Mabosstiff\n|-ability|p1a: Quaquaval|Moxie|boost\n|-boost|p1a: Quaquaval|atk|1\n|\n|upkeep\n|inactive|Time left: 300 sec this turn | 300 sec total | 5 sec grace\n|\n|t:|1783540031\n|switch|p2a: Azelf|Azelf, L82|257/257\n|turn|5\n|inactive|Time left: 300 sec this turn | 300 sec total\n|\n|t:|1783540032\n|switch|p1a: Phione|Phione, L91|100/100\n|move|p2a: Azelf|Psychic|p1a: Phione\n|-damage|p1a: Phione|62/100\n|\n|-heal|p1a: Phione|68/100|[from] item: Leftovers\n|upkeep\n|turn|6\n|inactive|Time left: 300 sec this turn | 300 sec total\n|\n|t:|1783540034\n|switch|p1a: Cacturne|Cacturne, L92, M|100/100\n|move|p2a: Azelf|Psychic|p1a: Cacturne\n|-immune|p1a: Cacturne\n|\n|upkeep\n|turn|7\n|inactive|Time left: 300 sec this turn | 300 sec total\n|\n|t:|1783540035\n|-terastallize|p2a: Azelf|Dark\n|move|p2a: Azelf|Fire Blast|p1a: Cacturne\n|-supereffective|p1a: Cacturne\n|-damage|p1a: Cacturne|28/100\n|move|p1a: Cacturne|Knock Off|p2a: Azelf\n|-resisted|p2a: Azelf\n|-damage|p2a: Azelf|147/257\n|-enditem|p2a: Azelf|Assault Vest|[from] move: Knock Off|[of] p1a: Cacturne\n|-damage|p1a: Cacturne|18/100|[from] item: Life Orb\n|\n|upkeep\n|turn|8\n|inactive|Time left: 300 sec this turn | 300 sec total\n|\n|t:|1783540036\n|move|p1a: Cacturne|Sucker Punch|p2a: Azelf\n|-resisted|p2a: Azelf\n|-damage|p2a: Azelf|69/257\n|-damage|p1a: Cacturne|8/100|[from] item: Life Orb\n|move|p2a: Azelf|Knock Off|p1a: Cacturne\n|-resisted|p1a: Cacturne\n|-damage|p1a: Cacturne|0 fnt\n|-enditem|p1a: Cacturne|Life Orb|[from] move: Knock Off|[of] p2a: Azelf\n|faint|p1a: Cacturne\n|\n|upkeep\n|\n|t:|1783540037\n|switch|p1a: Revavroom|Revavroom, L79, F|100/100\n|turn|9\n|inactive|Time left: 300 sec this turn | 300 sec total\n|\n|t:|1783540039\n|move|p2a: Azelf|Psychic|p1a: Revavroom\n|-damage|p1a: Revavroom|44/100\n|move|p1a: Revavroom|Shift Gear|p1a: Revavroom\n|-boost|p1a: Revavroom|spe|2\n|-boost|p1a: Revavroom|atk|1\n|\n|upkeep\n|turn|10\n|inactive|Time left: 300 sec this turn | 300 sec total\n|\n|t:|1783540040\n|switch|p2a: Corviknight|Corviknight, L80, F|288/288\n|-ability|p2a: Corviknight|Pressure\n|move|p1a: Revavroom|Iron Head|p2a: Corviknight\n|-resisted|p2a: Corviknight\n|-damage|p2a: Corviknight|210/288\n|-damage|p1a: Revavroom|34/100|[from] item: Life Orb\n|\n|-heal|p2a: Corviknight|228/288|[from] item: Leftovers\n|upkeep\n|turn|11\n|inactive|Time left: 300 sec this turn | 300 sec total\n|\n|t:|1783540041\n|move|p1a: Revavroom|Shift Gear|p1a: Revavroom\n|-boost|p1a: Revavroom|spe|2\n|-boost|p1a: Revavroom|atk|1\n|move|p2a: Corviknight|Brave Bird|p1a: Revavroom\n|-resisted|p1a: Revavroom\n|-damage|p1a: Revavroom|11/100\n|-damage|p2a: Corviknight|208/288|[from] Recoil\n|\n|-heal|p2a: Corviknight|226/288|[from] item: Leftovers\n|upkeep\n|turn|12\n|inactive|Time left: 300 sec this turn | 300 sec total\n|\n|t:|1783540042\n|move|p1a: Revavroom|Iron Head|p2a: Corviknight\n|-resisted|p2a: Corviknight\n|-damage|p2a: Corviknight|113/288\n|-damage|p1a: Revavroom|1/100|[from] item: Life Orb\n|move|p2a: Corviknight|Brave Bird|p1a: Revavroom\n|-resisted|p1a: Revavroom\n|-damage|p1a: Revavroom|0 fnt\n|faint|p1a: Revavroom\n|-damage|p2a: Corviknight|112/288|[from] Recoil\n|\n|-heal|p2a: Corviknight|130/288|[from] item: Leftovers\n|upkeep\n|\n|t:|1783540043\n|switch|p1a: Quaquaval|Quaquaval, L79, M|67/100\n|turn|13\n|inactive|Time left: 300 sec this turn | 300 sec total\n|\n|t:|1783540044\n|move|p1a: Quaquaval|Close Combat|p2a: Corviknight\n|-damage|p2a: Corviknight|0 fnt\n|-unboost|p1a: Quaquaval|def|1\n|-unboost|p1a: Quaquaval|spd|1\n|faint|p2a: Corviknight\n|-ability|p1a: Quaquaval|Moxie|boost\n|-boost|p1a: Quaquaval|atk|1\n|\n|upkeep\n|inactive|Time left: 300 sec this turn | 300 sec total | 5 sec grace\n|\n|t:|1783540045\n|switch|p2a: Azelf|Azelf, L82, tera:Dark|69/257\n|turn|14\n|inactive|Time left: 300 sec this turn | 300 sec total\n|\n|t:|1783540046\n|switch|p1a: Phione|Phione, L91|68/100\n|move|p2a: Azelf|Psychic|p1a: Phione\n|-damage|p1a: Phione|30/100\n|\n|-heal|p1a: Phione|36/100|[from] item: Leftovers\n|upkeep\n|turn|15\n|inactive|Time left: 300 sec this turn | 300 sec total\n|\n|t:|1783540047\n|switch|p1a: Quaquaval|Quaquaval, L79, M|67/100\n|move|p2a: Azelf|Knock Off|p1a: Quaquaval\n|-resisted|p1a: Quaquaval\n|-damage|p1a: Quaquaval|43/100\n|-enditem|p1a: Quaquaval|Choice Band|[from] move: Knock Off|[of] p2a: Azelf\n|\n|upkeep\n|turn|16\n|inactive|Time left: 300 sec this turn | 300 sec total\n|\n|t:|1783540048\n|switch|p1a: Phione|Phione, L91|36/100\n|move|p2a: Azelf|Psychic|p1a: Phione\n|-damage|p1a: Phione|0 fnt\n|faint|p1a: Phione\n|\n|upkeep\n|\n|t:|1783540049\n|switch|p1a: Terrakion|Terrakion, L79|100/100\n|turn|17\n|inactive|Time left: 300 sec this turn | 300 sec total\n|\n|t:|1783540050\n|move|p2a: Azelf|Psychic|p1a: Terrakion\n|-supereffective|p1a: Terrakion\n|-damage|p1a: Terrakion|8/100\n|move|p1a: Terrakion|Stone Edge|p2a: Azelf\n|-damage|p2a: Azelf|0 fnt\n|faint|p2a: Azelf\n|-damage|p1a: Terrakion|0 fnt|[from] item: Life Orb\n|faint|p1a: Terrakion\n|\n|upkeep\n|inactive|Time left: 300 sec this turn | 300 sec total | 5 sec grace\n|\n|t:|1783540051\n|switch|p2a: Excadrill|Excadrill, L79, F|303/303\n|switch|p1a: Quaquaval|Quaquaval, L79, M|43/100\n|-ability|p2a: Excadrill|Mold Breaker\n|turn|18\n|inactive|Time left: 300 sec this turn | 300 sec total\n|\n|t:|1783540052\n|move|p2a: Excadrill|Earthquake|p1a: Quaquaval\n|-damage|p1a: Quaquaval|0 fnt\n|faint|p1a: Quaquaval\n|\n|win|p0y0721ff3", "uploadtime": 1783540052, "views": 0, "rating": 0, "private": 0, "password": null, "_winner": "p0y0721ff3", "_our_name": "p0y0721ff3"}