{"id": "battle-gen9randombattle-95", "formatid": "gen9randombattle", "format": "[Gen 9] Random Battle", "players": ["p0x095dc42", "p0y095a9fa"], "log": "|init|battle\n|title|p0x095dc42 vs. p0y095a9fa\n|j|\u2606p0x095dc42\n|j|\u2606p0y095a9fa\n|t:|1783540577\n|gametype|singles\n|player|p1|p0x095dc42|266|\n|player|p2|p0y095a9fa|2|\n|gen|9\n|tier|[Gen 9] Random Battle\n|rule|Species Clause: Limit one of each Pok\u00e9mon\n|rule|HP Percentage Mod: HP is shown in percentages\n|rule|Sleep Clause Mod: Limit one foe put to sleep\n|rule|Illusion Level Mod: Illusion disguises the Pok\u00e9mon's true level\n|\n|t:|1783540577\n|teamsize|p1|6\n|teamsize|p2|6\n|start\n|switch|p1a: Mudsdale|Mudsdale, L83, F|100/100\n|switch|p2a: Ambipom|Ambipom, L84, M|263/263\n|turn|1\n|inactive|Battle timer is ON: inactive players will automatically lose when time's up. (requested by p0y095a9fa)\n|inactive|p0x095dc42 also wants the timer to be on.\n|\n|t:|1783540579\n|move|p2a: Ambipom|Triple Axel|p1a: Mudsdale\n|-supereffective|p1a: Mudsdale\n|-damage|p1a: Mudsdale|81/100\n|-ability|p1a: Mudsdale|Stamina|boost\n|-boost|p1a: Mudsdale|def|1\n|-supereffective|p1a: Mudsdale\n|-damage|p1a: Mudsdale|53/100\n|-ability|p1a: Mudsdale|Stamina|boost\n|-boost|p1a: Mudsdale|def|1\n|-hitcount|p1a: Mudsdale|2\n|move|p1a: Mudsdale|Heavy Slam|p2a: Ambipom\n|-damage|p2a: Ambipom|142/263\n|\n|-heal|p1a: Mudsdale|59/100|[from] item: Leftovers\n|upkeep\n|turn|2\n|inactive|Time left: 300 sec this turn | 300 sec total\n|\n|t:|1783540580\n|-terastallize|p1a: Mudsdale|Steel\n|move|p2a: Ambipom|Triple Axel|p1a: Mudsdale\n|-resisted|p1a: Mudsdale\n|-damage|p1a: Mudsdale|57/100\n|-ability|p1a: Mudsdale|Stamina|boost\n|-boost|p1a: Mudsdale|def|1\n|-resisted|p1a: Mudsdale\n|-damage|p1a: Mudsdale|53/100\n|-ability|p1a: Mudsdale|Stamina|boost\n|-boost|p1a: Mudsdale|def|1\n|-resisted|p1a: Mudsdale\n|-damage|p1a: Mudsdale|48/100\n|-ability|p1a: Mudsdale|Stamina|boost\n|-boost|p1a: Mudsdale|def|1\n|-hitcount|p1a: Mudsdale|3\n|move|p1a: Mudsdale|Earthquake|p2a: Ambipom\n|-crit|p2a: Ambipom\n|-damage|p2a: Ambipom|0 fnt\n|faint|p2a: Ambipom\n|\n|-heal|p1a: Mudsdale|54/100|[from] item: Leftovers\n|upkeep\n|inactive|Time left: 300 sec this turn | 300 sec total | 5 sec grace\n|\n|t:|1783540581\n|switch|p2a: Palkia|Palkia-Origin, L72|249/249\n|-ability|p2a: Palkia|Pressure\n|turn|3\n|inactive|Time left: 300 sec this turn | 300 sec total\n|\n|t:|1783540583\n|move|p2a: Palkia|Fire Blast|p1a: Mudsdale\n|-supereffective|p1a: Mudsdale\n|-damage|p1a: Mudsdale|0 fnt\n|faint|p1a: Mudsdale\n|\n|upkeep\n|\n|t:|1783540584\n|switch|p1a: Ariados|Ariados, L95, M|100/100\n|turn|4\n|inactive|Time left: 300 sec this turn | 300 sec total\n|\n|t:|1783540585\n|move|p2a: Palkia|Hydro Pump|p1a: Ariados\n|-damage|p1a: Ariados|47/100\n|move|p1a: Ariados|Sticky Web|p2a: Palkia\n|-sidestart|p2: p0y095a9fa|move: Sticky Web\n|\n|upkeep\n|turn|5\n|inactive|Time left: 300 sec this turn | 300 sec total\n|\n|t:|1783540586\n|switch|p1a: Slowking|Slowking, L88, M|100/100\n|move|p2a: Palkia|Hydro Pump|p1a: Slowking\n|-resisted|p1a: Slowking\n|-damage|p1a: Slowking|83/100\n|\n|-heal|p1a: Slowking|89/100|[from] item: Leftovers\n|upkeep\n|turn|6\n|inactive|Time left: 300 sec this turn | 300 sec total\n|\n|t:|1783540587\n|move|p2a: Palkia|Thunder Wave|p1a: Slowking\n|-status|p1a: Slowking|par\n|move|p1a: Slowking|Psychic Noise|p2a: Palkia\n|-damage|p2a: Palkia|170/249\n|-start|p2a: Palkia|move: Heal Block\n|\n|-heal|p1a: Slowking|95/100 par|[from] item: Leftovers\n|upkeep\n|turn|7\n|inactive|Time left: 300 sec this turn | 300 sec total\n|\n|t:|1783540588\n|move|p2a: Palkia|Hydro Pump|p1a: Slowking\n|-resisted|p1a: Slowking\n|-damage|p1a: Slowking|75/100 par\n|move|p1a: Slowking|Psychic Noise|p2a: Palkia\n|-damage|p2a: Palkia|88/249\n|\n|-heal|p1a: Slowking|81/100 par|[from] item: Leftovers\n|-end|p2a: Palkia|move: Heal Block\n|upkeep\n|turn|8\n|inactive|Time left: 300 sec this turn | 300 sec total\n|\n|t:|1783540589\n|move|p2a: Palkia|Hydro Pump|p1a: Slowking\n|-resisted|p1a: Slowking\n|-damage|p1a: Slowking|63/100 par\n|cant|p1a: Slowking|par\n|\n|-heal|p1a: Slowking|69/100 par|[from] item: Leftovers\n|upkeep\n|turn|9\n|inactive|Time left: 300 sec this turn | 300 sec total\n|\n|t:|1783540590\n|move|p2a: Palkia|Hydro Pump|p1a: Slowking\n|-resisted|p1a: Slowking\n|-damage|p1a: Slowking|51/100 par\n|move|p1a: Slowking|Scald|p2a: Palkia\n|-resisted|p2a: Palkia\n|-damage|p2a: Palkia|66/249\n|\n|-heal|p1a: Slowking|57/100 par|[from] item: Leftovers\n|upkeep\n|turn|10\n|inactive|Time left: 300 sec this turn | 300 sec total\n|\n|t:|1783540591\n|move|p2a: Palkia|Hydro Pump|p1a: Slowking\n|-resisted|p1a: Slowking\n|-damage|p1a: Slowking|38/100 par\n|move|p1a: Slowking|Slack Off|p1a: Slowking\n|-heal|p1a: Slowking|88/100 par\n|\n|-heal|p1a: Slowking|94/100 par|[from] item: Leftovers\n|upkeep\n|turn|11\n|inactive|Time left: 300 sec this turn | 300 sec total\n|\n|t:|1783540593\n|move|p2a: Palkia|Hydro Pump|p1a: Slowking\n|-resisted|p1a: Slowking\n|-damage|p1a: Slowking|76/100 par\n|move|p1a: Slowking|Scald|p2a: Palkia\n|-resisted|p2a: Palkia\n|-damage|p2a: Palkia|45/249\n|\n|-heal|p1a: Slowking|82/100 par|[from] item: Leftovers\n|upkeep\n|turn|12\n|inactive|Time left: 300 sec this turn | 300 sec total\n|\n|t:|1783540594\n|move|p2a: Palkia|Hydro Pump|p1a: Slowking\n|-resisted|p1a: Slowking\n|-damage|p1a: Slowking|62/100 par\n|cant|p1a: Slowking|par\n|\n|-heal|p1a: Slowking|69/100 par|[from] item: Leftovers\n|upkeep\n|turn|13\n|inactive|Time left: 300 sec this turn | 300 sec total\n|\n|t:|1783540595\n|move|p2a: Palkia|Fire Blast|p1a: Slowking\n|-resisted|p1a: Slowking\n|-damage|p1a: Slowking|58/100 par\n|move|p1a: Slowking|Psychic Noise|p2a: Palkia\n|-damage|p2a: Palkia|0 fnt\n|faint|p2a: Palkia\n|\n|-heal|p1a: Slowking|64/100 par|[from] item: Leftovers\n|upkeep\n|inactive|Time left: 300 sec this turn | 300 sec total | 5 sec grace\n|\n|t:|1783540596\n|switch|p2a: Lilligant|Lilligant, L86, F|261/261\n|-activate|p2a: Lilligant|move: Sticky Web\n|-unboost|p2a: Lilligant|spe|1\n|turn|14\n|inactive|Time left: 300 sec this turn | 300 sec total\n|\n|t:|1783540597\n|switch|p1a: Ariados|Ariados, L95, M|47/100\n|move|p2a: Lilligant|Quiver Dance|p2a: Lilligant\n|-boost|p2a: Lilligant|spa|1\n|-boost|p2a: Lilligant|spd|1\n|-boost|p2a: Lilligant|spe|1\n|\n|upkeep\n|turn|15\n|inactive|Time left: 300 sec this turn | 300 sec total\n|\n|t:|1783540598\n|move|p2a: Lilligant|Tera Blast|p1a: Ariados\n|-damage|p1a: Ariados|0 fnt\n|faint|p1a: Ariados\n|-damage|p2a: Lilligant|235/261|[from] item: Life Orb\n|\n|upkeep\n|\n|t:|1783540600\n|switch|p1a: Porygon-Z|Porygon-Z, L83|100/100\n|turn|16\n|inactive|Time left: 300 sec this turn | 300 sec total\n|\n|t:|1783540601\n|move|p1a: Porygon-Z|Trick|p2a: Lilligant\n|-activate|p1a: Porygon-Z|move: Trick|[of] p2a: Lilligant\n|-item|p2a: Lilligant|Choice Scarf|[from] move: Trick\n|-item|p1a: Porygon-Z|Life Orb|[from] move: Trick\n|move|p2a: Lilligant|Quiver Dance|p2a: Lilligant\n|-boost|p2a: Lilligant|spa|1\n|-boost|p2a: Lilligant|spd|1\n|-boost|p2a: Lilligant|spe|1\n|\n|upkeep\n|turn|17\n|inactive|Time left: 300 sec this turn | 300 sec total\n|\n|t:|1783540602\n|switch|p1a: Abomasnow|Abomasnow, L84, F|100/100\n|-weather|Snowscape|[from] ability: Snow Warning|[of] p1a: Abomasnow\n|move|p2a: Lilligant|Quiver Dance|p2a: Lilligant\n|-boost|p2a: Lilligant|spa|1\n|-boost|p2a: Lilligant|spd|1\n|-boost|p2a: Lilligant|spe|1\n|\n|-weather|Snowscape|[upkeep]\n|upkeep\n|turn|18\n|inactive|Time left: 300 sec this turn | 300 sec total\n|\n|t:|1783540603\n|move|p2a: Lilligant|Quiver Dance|p2a: Lilligant\n|-boost|p2a: Lilligant|spa|1\n|-boost|p2a: Lilligant|spd|1\n|-boost|p2a: Lilligant|spe|1\n|move|p1a: Abomasnow|Aurora Veil|p1a: Abomasnow\n|-sidestart|p1: p0x095dc42|move: Aurora Veil\n|\n|-weather|Snowscape|[upkeep]\n|upkeep\n|turn|19\n|inactive|Time left: 300 sec this turn | 300 sec total\n|\n|t:|1783540604\n|move|p2a: Lilligant|Quiver Dance|p2a: Lilligant\n|-boost|p2a: Lilligant|spa|1\n|-boost|p2a: Lilligant|spd|1\n|-boost|p2a: Lilligant|spe|1\n|move|p1a: Abomasnow|Wood Hammer|p2a: Lilligant\n|-resisted|p2a: Lilligant\n|-damage|p2a: Lilligant|173/261\n|-damage|p1a: Abomasnow|94/100|[from] Recoil\n|\n|-weather|Snowscape|[upkeep]\n|upkeep\n|turn|20\n|inactive|Time left: 300 sec this turn | 300 sec total\n|\n|t:|1783540605\n|move|p2a: Lilligant|Quiver Dance|p2a: Lilligant\n|-boost|p2a: Lilligant|spa|1\n|-boost|p2a: Lilligant|spd|1\n|-boost|p2a: Lilligant|spe|1\n|move|p1a: Abomasnow|Wood Hammer|p2a: Lilligant\n|-resisted|p2a: Lilligant\n|-damage|p2a: Lilligant|104/261\n|-damage|p1a: Abomasnow|86/100|[from] Recoil\n|\n|-weather|Snowscape|[upkeep]\n|upkeep\n|turn|21\n|inactive|Time left: 300 sec this turn | 300 sec total\n|\n|t:|1783540606\n|move|p2a: Lilligant|Quiver Dance|p2a: Lilligant\n|-boost|p2a: Lilligant|spa|0\n|-boost|p2a: Lilligant|spd|0\n|-boost|p2a: Lilligant|spe|1\n|move|p1a: Abomasnow|Wood Hammer|p2a: Lilligant\n|-resisted|p2a: Lilligant\n|-damage|p2a: Lilligant|38/261\n|-damage|p1a: Abomasnow|78/100|[from] Recoil\n|\n|-weather|none\n|upkeep\n|turn|22\n|inactive|Time left: 300 sec this turn | 300 sec total\n|\n|t:|1783540607\n|move|p2a: Lilligant|Quiver Dance|p2a: Lilligant\n|-boost|p2a: Lilligant|spa|0\n|-boost|p2a: Lilligant|spd|0\n|-boost|p2a: Lilligant|spe|0\n|move|p1a: Abomasnow|Blizzard|p2a: Lilligant\n|-supereffective|p2a: Lilligant\n|-damage|p2a: Lilligant|0 fnt\n|faint|p2a: Lilligant\n|\n|upkeep\n|inactive|Time left: 300 sec this turn | 300 sec total | 5 sec grace\n|\n|t:|1783540608\n|switch|p2a: Entei|Entei, L78|307/307\n|-activate|p2a: Entei|move: Sticky Web\n|-unboost|p2a: Entei|spe|1\n|turn|23\n|inactive|Time left: 300 sec this turn | 300 sec total\n|\n|t:|1783540609\n|switch|p1a: Slowking|Slowking, L88, M|98/100 par\n|move|p2a: Entei|Sacred Fire|p1a: Slowking\n|-resisted|p1a: Slowking\n|-damage|p1a: Slowking|85/100 par\n|\n|-heal|p1a: Slowking|91/100 par|[from] item: Leftovers\n|upkeep\n|turn|24\n|inactive|Time left: 300 sec this turn | 300 sec total\n|\n|t:|1783540610\n|switch|p2a: Meganium|Meganium, L90, M|290/290\n|-activate|p2a: Meganium|move: Sticky Web\n|-unboost|p2a: Meganium|spe|1\n|move|p1a: Slowking|Scald|p2a: Meganium\n|-resisted|p2a: Meganium\n|-damage|p2a: Meganium|248/290\n|\n|-heal|p2a: Meganium|266/290|[from] item: Leftovers\n|-heal|p1a: Slowking|98/100 par|[from] item: Leftovers\n|upkeep\n|turn|25\n|inactive|Time left: 300 sec this turn | 300 sec total\n|\n|t:|1783540611\n|switch|p1a: Abomasnow|Abomasnow, L84, F|78/100\n|-weather|Snowscape|[from] ability: Snow Warning|[of] p1a: Abomasnow\n|move|p2a: Meganium|Knock Off|p1a: Abomasnow\n|-damage|p1a: Abomasnow|69/100\n|-enditem|p1a: Abomasnow|Light Clay|[from] move: Knock Off|[of] p2a: Meganium\n|\n|-weather|Snowscape|[upkeep]\n|-heal|p2a: Meganium|284/290|[from] item: Leftovers\n|-sideend|p1: p0x095dc42|move: Aurora Veil\n|upkeep\n|turn|26\n|inactive|Time left: 300 sec this turn | 300 sec total\n|\n|t:|1783540612\n|switch|p2a: Entei|Entei, L78|307/307\n|-activate|p2a: Entei|move: Sticky Web\n|-unboost|p2a: Entei|spe|1\n|move|p1a: Abomasnow|Aurora Veil|p1a: Abomasnow\n|-sidestart|p1: p0x095dc42|move: Aurora Veil\n|\n|-weather|Snowscape|[upkeep]\n|upkeep\n|turn|27\n|inactive|Time left: 300 sec this turn | 300 sec total\n|\n|t:|1783540614\n|move|p1a: Abomasnow|Earthquake|p2a: Entei\n|-supereffective|p2a: Entei\n|-damage|p2a: Entei|149/307\n|move|p2a: Entei|Sacred Fire|p1a: Abomasnow\n|-supereffective|p1a: Abomasnow\n|-damage|p1a: Abomasnow|0 fnt\n|faint|p1a: Abomasnow\n|\n|-weather|Snowscape|[upkeep]\n|upkeep\n|\n|t:|1783540615\n|switch|p1a: Porygon-Z|Porygon-Z, L83|100/100\n|turn|28\n|inactive|Time left: 300 sec this turn | 300 sec total\n|\n|t:|1783540616\n|switch|p2a: Meganium|Meganium, L90, M|284/290\n|-activate|p2a: Meganium|move: Sticky Web\n|-unboost|p2a: Meganium|spe|1\n|move|p1a: Porygon-Z|Tri Attack|p2a: Meganium\n|-damage|p2a: Meganium|133/290\n|-damage|p1a: Porygon-Z|91/100|[from] item: Life Orb\n|\n|-weather|Snowscape|[upkeep]\n|-heal|p2a: Meganium|151/290|[from] item: Leftovers\n|upkeep\n|turn|29\n|inactive|Time left: 300 sec this turn | 300 sec total\n|\n|t:|1783540617\n|move|p1a: Porygon-Z|Tri Attack|p2a: Meganium\n|-damage|p2a: Meganium|0 fnt\n|faint|p2a: Meganium\n|-damage|p1a: Porygon-Z|81/100|[from] item: Life Orb\n|\n|-weather|none\n|upkeep\n|inactive|Time left: 300 sec this turn | 300 sec total | 5 sec grace\n|\n|t:|1783540618\n|switch|p2a: Bruxish|Bruxish, L85, M|254/254\n|-activate|p2a: Bruxish|move: Sticky Web\n|-unboost|p2a: Bruxish|spe|1\n|turn|30\n|inactive|Time left: 300 sec this turn | 300 sec total\n|\n|t:|1783540619\n|move|p2a: Bruxish|Flip Turn|p1a: Porygon-Z\n|-damage|p1a: Porygon-Z|66/100\n|inactive|Time left: 300 sec this turn | 300 sec total | 5 sec grace\n|\n|t:|1783540620\n|switch|p2a: Entei|Entei, L78|149/307|[from] Flip Turn\n|-activate|p2a: Entei|move: Sticky Web\n|-unboost|p2a: Entei|spe|1\n|move|p1a: Porygon-Z|Tri Attack|p2a: Entei\n|-crit|p2a: Entei\n|-damage|p2a: Entei|0 fnt\n|faint|p2a: Entei\n|-damage|p1a: Porygon-Z|56/100|[from] item: Life Orb\n|\n|-sideend|p1: p0x095dc42|move: Aurora Veil\n|upkeep\n|inactive|Time left: 300 sec this turn | 300 sec total | 10 sec grace\n|\n|t:|1783540621\n|switch|p2a: Bruxish|Bruxish, L85, M|254/254\n|-activate|p2a: Bruxish|move: Sticky Web\n|-unboost|p2a: Bruxish|spe|1\n|turn|31\n|inactive|Time left: 300 sec this turn | 300 sec total\n|\n|t:|1783540622\n|-terastallize|p2a: Bruxish|Dark\n|move|p2a: Bruxish|Crunch|p1a: Porygon-Z\n|-damage|p1a: Porygon-Z|0 fnt\n|faint|p1a: Porygon-Z\n|\n|upkeep\n|\n|t:|1783540623\n|switch|p1a: Gothitelle|Gothitelle, L90, M|100/100\n|turn|32\n|inactive|Time left: 300 sec this turn | 300 sec total\n|\n|t:|1783540624\n|move|p1a: Gothitelle|Focus Blast|p2a: Bruxish\n|-supereffective|p2a: Bruxish\n|-damage|p2a: Bruxish|28/254\n|move|p2a: Bruxish|Crunch|p1a: Gothitelle\n|-supereffective|p1a: Gothitelle\n|-damage|p1a: Gothitelle|3/100\n|-unboost|p1a: Gothitelle|def|1\n|\n|upkeep\n|turn|33\n|inactive|Time left: 300 sec this turn | 300 sec total\n|\n|t:|1783540625\n|move|p1a: Gothitelle|Focus Blast|p2a: Bruxish\n|-supereffective|p2a: Bruxish\n|-damage|p2a: Bruxish|0 fnt\n|faint|p2a: Bruxish\n|\n|win|p0x095dc42", "uploadtime": 1783540625, "views": 0, "rating": 0, "private": 0, "password": null, "_winner": "p0x095dc42", "_our_name": "p0y095a9fa"}