{"id": "battle-gen9randombattle-1047", "formatid": "gen9randombattle", "format": "[Gen 9] Random Battle", "players": ["p0x1047f6a3", "p0y104785f8"], "log": "|init|battle\n|title|p0x1047f6a3 vs. p0y104785f8\n|j|\u2606p0x1047f6a3\n|j|\u2606p0y104785f8\n|t:|1783552037\n|gametype|singles\n|player|p1|p0x1047f6a3|170|\n|player|p2|p0y104785f8|101|\n|gen|9\n|tier|[Gen 9] Random Battle\n|rule|Species Clause: Limit one of each Pok\u00e9mon\n|rule|HP Percentage Mod: HP is shown in percentages\n|rule|Sleep Clause Mod: Limit one foe put to sleep\n|rule|Illusion Level Mod: Illusion disguises the Pok\u00e9mon's true level\n|\n|t:|1783552037\n|teamsize|p1|6\n|teamsize|p2|6\n|start\n|switch|p1a: Palafin|Palafin, L77, F|100/100\n|switch|p2a: Rampardos|Rampardos, L90, F|321/321\n|turn|1\n|inactive|Battle timer is ON: inactive players will automatically lose when time's up. (requested by p0y104785f8)\n|\n|t:|1783552039\n|move|p1a: Palafin|Bulk Up|p1a: Palafin\n|-boost|p1a: Palafin|atk|1\n|-boost|p1a: Palafin|def|1\n|move|p2a: Rampardos|Rock Slide|p1a: Palafin\n|-damage|p1a: Palafin|30/100\n|\n|-heal|p1a: Palafin|36/100|[from] item: Leftovers\n|upkeep\n|turn|2\n|inactive|Time left: 300 sec this turn | 300 sec total\n|inactive|p0x1047f6a3 also wants the timer to be on.\n|\n|t:|1783552040\n|switch|p2a: Iron Jugulis|Iron Jugulis, L77|271/271\n|move|p1a: Palafin|Drain Punch|p2a: Iron Jugulis\n|-damage|p2a: Iron Jugulis|216/271\n|-heal|p1a: Palafin|46/100|[from] drain|[of] p2a: Iron Jugulis\n|\n|-heal|p1a: Palafin|52/100|[from] item: Leftovers\n|upkeep\n|turn|3\n|inactive|Time left: 300 sec this turn | 300 sec total\n|\n|t:|1783552041\n|move|p1a: Palafin|Jet Punch|p2a: Iron Jugulis\n|-damage|p2a: Iron Jugulis|141/271\n|move|p2a: Iron Jugulis|Dark Pulse|p1a: Palafin\n|-damage|p1a: Palafin|0 fnt\n|faint|p1a: Palafin\n|\n|upkeep\n|\n|t:|1783552042\n|switch|p1a: Ursaluna|Ursaluna-Bloodmoon, L79, M|100/100\n|turn|4\n|inactive|Time left: 300 sec this turn | 300 sec total\n|\n|t:|1783552044\n|move|p2a: Iron Jugulis|Dark Pulse|p1a: Ursaluna\n|-damage|p1a: Ursaluna|43/100\n|move|p1a: Ursaluna|Blood Moon|p2a: Iron Jugulis\n|-damage|p2a: Iron Jugulis|0 fnt\n|faint|p2a: Iron Jugulis\n|-end|p2a: Iron Jugulis|Quark Drive|[silent]\n|\n|-heal|p1a: Ursaluna|49/100|[from] item: Leftovers\n|upkeep\n|inactive|Time left: 300 sec this turn | 300 sec total | 5 sec grace\n|\n|t:|1783552045\n|switch|p2a: Kingdra|Kingdra, L84, M|263/263\n|turn|5\n|inactive|Time left: 300 sec this turn | 300 sec total\n|\n|t:|1783552046\n|move|p2a: Kingdra|Wave Crash|p1a: Ursaluna\n|-supereffective|p1a: Ursaluna\n|-damage|p1a: Ursaluna|0 fnt\n|faint|p1a: Ursaluna\n|-damage|p2a: Kingdra|214/263|[from] Recoil\n|-damage|p2a: Kingdra|188/263|[from] item: Life Orb\n|\n|upkeep\n|\n|t:|1783552047\n|switch|p1a: Kricketune|Kricketune, L99, F|100/100\n|turn|6\n|inactive|Time left: 300 sec this turn | 300 sec total\n|\n|t:|1783552048\n|move|p2a: Kingdra|Hurricane|p1a: Kricketune\n|-supereffective|p1a: Kricketune\n|-damage|p1a: Kricketune|19/100\n|-damage|p2a: Kingdra|162/263|[from] item: Life Orb\n|move|p1a: Kricketune|Sticky Web|p2a: Kingdra\n|-sidestart|p2: p0y104785f8|move: Sticky Web\n|\n|upkeep\n|turn|7\n|inactive|Time left: 300 sec this turn | 300 sec total\n|\n|t:|1783552049\n|move|p2a: Kingdra|Hurricane|p1a: Kricketune|[miss]\n|-miss|p2a: Kingdra|p1a: Kricketune\n|move|p1a: Kricketune|Pounce|p2a: Kingdra\n|-damage|p2a: Kingdra|66/263\n|-unboost|p2a: Kingdra|spe|1\n|\n|upkeep\n|turn|8\n|inactive|Time left: 300 sec this turn | 300 sec total\n|\n|t:|1783552050\n|switch|p2a: Eternatus|Eternatus, L69|308/308\n|-activate|p2a: Eternatus|move: Sticky Web\n|-unboost|p2a: Eternatus|spe|1\n|-ability|p2a: Eternatus|Pressure\n|move|p1a: Kricketune|Pounce|p2a: Eternatus\n|-resisted|p2a: Eternatus\n|-damage|p2a: Eternatus|254/308\n|-unboost|p2a: Eternatus|spe|1\n|-damage|p1a: Kricketune|2/100|[from] item: Rocky Helmet|[of] p2a: Eternatus\n|\n|upkeep\n|turn|9\n|inactive|Time left: 300 sec this turn | 300 sec total\n|\n|t:|1783552052\n|move|p1a: Kricketune|Pounce|p2a: Eternatus\n|-resisted|p2a: Eternatus\n|-damage|p2a: Eternatus|200/308\n|-unboost|p2a: Eternatus|spe|1\n|-damage|p1a: Kricketune|0 fnt|[from] item: Rocky Helmet|[of] p2a: Eternatus\n|faint|p1a: Kricketune\n|move|p2a: Eternatus|Recover|p2a: Eternatus\n|-heal|p2a: Eternatus|308/308\n|\n|upkeep\n|\n|t:|1783552053\n|switch|p1a: Seviper|Seviper, L93, F|100/100\n|turn|10\n|inactive|Time left: 300 sec this turn | 300 sec total\n|\n|t:|1783552054\n|switch|p2a: Kingdra|Kingdra, L84, M|66/263\n|-activate|p2a: Kingdra|move: Sticky Web\n|-unboost|p2a: Kingdra|spe|1\n|move|p1a: Seviper|Swords Dance|p1a: Seviper\n|-boost|p1a: Seviper|atk|2\n|\n|upkeep\n|turn|11\n|inactive|Time left: 300 sec this turn | 300 sec total\n|\n|t:|1783552055\n|move|p1a: Seviper|Trailblaze|p2a: Kingdra\n|-damage|p2a: Kingdra|0 fnt\n|-boost|p1a: Seviper|spe|1\n|faint|p2a: Kingdra\n|\n|upkeep\n|inactive|Time left: 300 sec this turn | 300 sec total | 5 sec grace\n|\n|t:|1783552056\n|switch|p2a: Salazzle|Salazzle, L83, F|249/249\n|-activate|p2a: Salazzle|move: Sticky Web\n|-unboost|p2a: Salazzle|spe|1\n|turn|12\n|inactive|Time left: 300 sec this turn | 300 sec total\n|\n|t:|1783552057\n|move|p2a: Salazzle|Protect|p2a: Salazzle\n|-singleturn|p2a: Salazzle|Protect\n|move|p1a: Seviper|Earthquake|p2a: Salazzle\n|-activate|p2a: Salazzle|move: Protect\n|\n|upkeep\n|turn|13\n|inactive|Time left: 300 sec this turn | 300 sec total\n|\n|t:|1783552058\n|move|p1a: Seviper|Earthquake|p2a: Salazzle\n|-supereffective|p2a: Salazzle\n|-damage|p2a: Salazzle|0 fnt\n|faint|p2a: Salazzle\n|\n|upkeep\n|inactive|Time left: 300 sec this turn | 300 sec total | 5 sec grace\n|\n|t:|1783552059\n|switch|p2a: Eternatus|Eternatus, L69|308/308\n|-activate|p2a: Eternatus|move: Sticky Web\n|-unboost|p2a: Eternatus|spe|1\n|-ability|p2a: Eternatus|Pressure\n|turn|14\n|inactive|Time left: 300 sec this turn | 300 sec total\n|\n|t:|1783552060\n|move|p1a: Seviper|Earthquake|p2a: Eternatus\n|-supereffective|p2a: Eternatus\n|-damage|p2a: Eternatus|0 fnt\n|faint|p2a: Eternatus\n|\n|upkeep\n|inactive|Time left: 300 sec this turn | 300 sec total | 5 sec grace\n|\n|t:|1783552061\n|switch|p2a: Deoxys|Deoxys-Attack, L72|191/191\n|-activate|p2a: Deoxys|move: Sticky Web\n|-unboost|p2a: Deoxys|spe|1\n|-ability|p2a: Deoxys|Pressure\n|turn|15\n|inactive|Time left: 300 sec this turn | 300 sec total\n|\n|t:|1783552062\n|-terastallize|p1a: Seviper|Ground\n|move|p2a: Deoxys|Extreme Speed|p1a: Seviper\n|-damage|p1a: Seviper|63/100\n|-damage|p2a: Deoxys|172/191|[from] item: Life Orb\n|move|p1a: Seviper|Earthquake|p2a: Deoxys\n|-damage|p2a: Deoxys|0 fnt\n|faint|p2a: Deoxys\n|\n|-heal|p1a: Seviper|68/100|[from] item: Leftovers\n|upkeep\n|inactive|Time left: 300 sec this turn | 300 sec total | 5 sec grace\n|\n|t:|1783552063\n|switch|p2a: Rampardos|Rampardos, L90, F|321/321\n|-activate|p2a: Rampardos|move: Sticky Web\n|-unboost|p2a: Rampardos|spe|1\n|turn|16\n|inactive|Time left: 300 sec this turn | 300 sec total\n|\n|t:|1783552064\n|-terastallize|p2a: Rampardos|Rock\n|move|p1a: Seviper|Earthquake|p2a: Rampardos\n|-supereffective|p2a: Rampardos\n|-damage|p2a: Rampardos|0 fnt\n|faint|p2a: Rampardos\n|\n|win|p0x1047f6a3", "uploadtime": 1783552064, "views": 0, "rating": 0, "private": 0, "password": null, "_winner": "p0x1047f6a3", "_our_name": "p0y104785f8"}