{"id": "battle-gen9randombattle-1443", "formatid": "gen9randombattle", "format": "[Gen 9] Random Battle", "players": ["p0x14439d60", "p0y14436760"], "log": "|init|battle\n|title|p0x14439d60 vs. p0y14436760\n|j|\u2606p0x14439d60\n|j|\u2606p0y14436760\n|t:|1783556814\n|gametype|singles\n|player|p1|p0x14439d60|101|\n|player|p2|p0y14436760|265|\n|gen|9\n|tier|[Gen 9] Random Battle\n|rule|Species Clause: Limit one of each Pok\u00e9mon\n|rule|HP Percentage Mod: HP is shown in percentages\n|rule|Sleep Clause Mod: Limit one foe put to sleep\n|rule|Illusion Level Mod: Illusion disguises the Pok\u00e9mon's true level\n|\n|t:|1783556814\n|teamsize|p1|6\n|teamsize|p2|6\n|start\n|switch|p1a: Weavile|Weavile, L79, M|240/240\n|switch|p2a: Crabominable|Crabominable, L90, F|100/100\n|turn|1\n|inactive|Battle timer is ON: inactive players will automatically lose when time's up. (requested by p0x14439d60)\n|inactive|p0y14436760 also wants the timer to be on.\n|\n|t:|1783556815\n|switch|p1a: Dragapult|Dragapult, L77, M|262/262\n|move|p2a: Crabominable|Close Combat|p1a: Dragapult\n|-immune|p1a: Dragapult\n|\n|upkeep\n|turn|2\n|inactive|Time left: 300 sec this turn | 300 sec total\n|\n|t:|1783556816\n|switch|p2a: Gogoat|Gogoat, L88, F|100/100\n|move|p1a: Dragapult|Fire Blast|p2a: Gogoat\n|-supereffective|p2a: Gogoat\n|-damage|p2a: Gogoat|47/100\n|\n|-heal|p2a: Gogoat|53/100|[from] item: Leftovers\n|upkeep\n|turn|3\n|inactive|Time left: 300 sec this turn | 300 sec total\n|\n|t:|1783556817\n|switch|p2a: Slowking|Slowking-Galar, L85, M|100/100\n|move|p1a: Dragapult|Fire Blast|p2a: Slowking|[miss]\n|-miss|p1a: Dragapult|p2a: Slowking\n|\n|upkeep\n|turn|4\n|inactive|Time left: 300 sec this turn | 300 sec total\n|\n|t:|1783556819\n|move|p1a: Dragapult|Fire Blast|p2a: Slowking\n|-damage|p2a: Slowking|81/100\n|move|p2a: Slowking|Sludge Bomb|p1a: Dragapult\n|-resisted|p1a: Dragapult\n|-damage|p1a: Dragapult|199/262\n|\n|upkeep\n|turn|5\n|inactive|Time left: 300 sec this turn | 300 sec total\n|\n|t:|1783556820\n|move|p1a: Dragapult|Fire Blast|p2a: Slowking\n|-damage|p2a: Slowking|62/100\n|move|p2a: Slowking|Psychic Noise|p1a: Dragapult\n|-damage|p1a: Dragapult|90/262\n|-start|p1a: Dragapult|move: Heal Block\n|\n|upkeep\n|turn|6\n|inactive|Time left: 300 sec this turn | 300 sec total\n|\n|t:|1783556821\n|move|p1a: Dragapult|Fire Blast|p2a: Slowking\n|-damage|p2a: Slowking|43/100\n|move|p2a: Slowking|Sludge Bomb|p1a: Dragapult\n|-resisted|p1a: Dragapult\n|-damage|p1a: Dragapult|18/262\n|\n|-end|p1a: Dragapult|move: Heal Block\n|upkeep\n|turn|7\n|inactive|Time left: 300 sec this turn | 300 sec total\n|\n|t:|1783556822\n|move|p1a: Dragapult|Fire Blast|p2a: Slowking\n|-damage|p2a: Slowking|23/100\n|-status|p2a: Slowking|brn\n|move|p2a: Slowking|Fire Blast|p1a: Dragapult\n|-resisted|p1a: Dragapult\n|-damage|p1a: Dragapult|0 fnt\n|faint|p1a: Dragapult\n|\n|-damage|p2a: Slowking|17/100 brn|[from] brn\n|upkeep\n|inactive|Time left: 300 sec this turn | 300 sec total | 5 sec grace\n|\n|t:|1783556823\n|switch|p1a: Weavile|Weavile, L79, M|240/240\n|turn|8\n|inactive|Time left: 300 sec this turn | 300 sec total\n|\n|t:|1783556824\n|switch|p2a: Crabominable|Crabominable, L90, F|100/100\n|move|p1a: Weavile|Knock Off|p2a: Crabominable\n|-resisted|p2a: Crabominable\n|-damage|p2a: Crabominable|84/100\n|-enditem|p2a: Crabominable|Choice Band|[from] move: Knock Off|[of] p1a: Weavile\n|\n|upkeep\n|turn|9\n|inactive|Time left: 300 sec this turn | 300 sec total\n|\n|t:|1783556825\n|switch|p1a: Dachsbun|Dachsbun, L92, M|254/254\n|move|p2a: Crabominable|Ice Hammer|p1a: Dachsbun\n|-damage|p1a: Dachsbun|110/254\n|-unboost|p2a: Crabominable|spe|1\n|\n|-heal|p1a: Dachsbun|125/254|[from] item: Leftovers\n|upkeep\n|turn|10\n|inactive|Time left: 300 sec this turn | 300 sec total\n|\n|t:|1783556826\n|move|p1a: Dachsbun|Play Rough|p2a: Crabominable\n|-supereffective|p2a: Crabominable\n|-damage|p2a: Crabominable|25/100\n|move|p2a: Crabominable|Ice Hammer|p1a: Dachsbun\n|-damage|p1a: Dachsbun|0 fnt\n|-unboost|p2a: Crabominable|spe|1\n|faint|p1a: Dachsbun\n|\n|upkeep\n|inactive|Time left: 300 sec this turn | 300 sec total | 5 sec grace\n|\n|t:|1783556827\n|switch|p1a: Weavile|Weavile, L79, M|240/240\n|turn|11\n|inactive|Time left: 300 sec this turn | 300 sec total\n|\n|t:|1783556828\n|move|p1a: Weavile|Low Kick|p2a: Crabominable\n|-supereffective|p2a: Crabominable\n|-damage|p2a: Crabominable|0 fnt\n|faint|p2a: Crabominable\n|\n|upkeep\n|\n|t:|1783556829\n|switch|p2a: Iron Bundle|Iron Bundle, L78|100/100\n|turn|12\n|inactive|Time left: 300 sec this turn | 300 sec total\n|\n|t:|1783556830\n|move|p2a: Iron Bundle|Hydro Pump|p1a: Weavile\n|-damage|p1a: Weavile|38/240\n|move|p1a: Weavile|Swords Dance|p1a: Weavile\n|-boost|p1a: Weavile|atk|2\n|\n|upkeep\n|turn|13\n|inactive|Time left: 300 sec this turn | 300 sec total\n|\n|t:|1783556831\n|move|p2a: Iron Bundle|Hydro Pump|p1a: Weavile\n|-damage|p1a: Weavile|0 fnt\n|faint|p1a: Weavile\n|\n|upkeep\n|inactive|Time left: 300 sec this turn | 300 sec total | 5 sec grace\n|\n|t:|1783556832\n|switch|p1a: Wo-Chien|Wo-Chien, L83|277/277\n|-ability|p1a: Wo-Chien|Tablets of Ruin\n|turn|14\n|inactive|Time left: 300 sec this turn | 300 sec total\n|\n|t:|1783556833\n|-end|p2a: Iron Bundle|Quark Drive|[silent]\n|switch|p2a: Gogoat|Gogoat, L88, F|53/100\n|move|p1a: Wo-Chien|Knock Off|p2a: Gogoat\n|-damage|p2a: Gogoat|19/100\n|-enditem|p2a: Gogoat|Leftovers|[from] move: Knock Off|[of] p1a: Wo-Chien\n|\n|upkeep\n|turn|15\n|inactive|Time left: 300 sec this turn | 300 sec total\n|\n|t:|1783556834\n|move|p2a: Gogoat|Milk Drink|p2a: Gogoat\n|-heal|p2a: Gogoat|69/100\n|move|p1a: Wo-Chien|Knock Off|p2a: Gogoat\n|-damage|p2a: Gogoat|49/100\n|\n|upkeep\n|turn|16\n|inactive|Time left: 300 sec this turn | 300 sec total\n|\n|t:|1783556835\n|move|p2a: Gogoat|Bulk Up|p2a: Gogoat\n|-boost|p2a: Gogoat|atk|1\n|-boost|p2a: Gogoat|def|1\n|move|p1a: Wo-Chien|Ruination|p2a: Gogoat\n|-damage|p2a: Gogoat|25/100\n|\n|upkeep\n|turn|17\n|inactive|Time left: 300 sec this turn | 300 sec total\n|\n|t:|1783556836\n|move|p2a: Gogoat|Milk Drink|p2a: Gogoat\n|-heal|p2a: Gogoat|75/100\n|move|p1a: Wo-Chien|Knock Off|p2a: Gogoat\n|-damage|p2a: Gogoat|59/100\n|\n|upkeep\n|turn|18\n|inactive|Time left: 300 sec this turn | 300 sec total\n|\n|t:|1783556837\n|move|p2a: Gogoat|Bulk Up|p2a: Gogoat\n|-boost|p2a: Gogoat|atk|1\n|-boost|p2a: Gogoat|def|1\n|move|p1a: Wo-Chien|Ruination|p2a: Gogoat\n|-damage|p2a: Gogoat|30/100\n|\n|upkeep\n|turn|19\n|inactive|Time left: 300 sec this turn | 300 sec total\n|\n|t:|1783556838\n|move|p2a: Gogoat|Milk Drink|p2a: Gogoat\n|-heal|p2a: Gogoat|80/100\n|move|p1a: Wo-Chien|Ruination|p2a: Gogoat\n|-damage|p2a: Gogoat|40/100\n|\n|upkeep\n|turn|20\n|inactive|Time left: 300 sec this turn | 300 sec total\n|\n|t:|1783556839\n|move|p2a: Gogoat|Milk Drink|p2a: Gogoat\n|-heal|p2a: Gogoat|90/100\n|move|p1a: Wo-Chien|Ruination|p2a: Gogoat\n|-damage|p2a: Gogoat|45/100\n|\n|upkeep\n|turn|21\n|inactive|Time left: 300 sec this turn | 300 sec total\n|\n|t:|1783556840\n|move|p2a: Gogoat|Milk Drink|p2a: Gogoat\n|-heal|p2a: Gogoat|95/100\n|move|p1a: Wo-Chien|Ruination|p2a: Gogoat\n|-damage|p2a: Gogoat|48/100\n|\n|upkeep\n|turn|22\n|inactive|Time left: 300 sec this turn | 300 sec total\n|\n|t:|1783556841\n|move|p2a: Gogoat|Rock Slide|p1a: Wo-Chien|[miss]\n|-miss|p2a: Gogoat|p1a: Wo-Chien\n|move|p1a: Wo-Chien|Ruination|p2a: Gogoat\n|-damage|p2a: Gogoat|24/100\n|\n|upkeep\n|turn|23\n|inactive|Time left: 300 sec this turn | 300 sec total\n|\n|t:|1783556842\n|move|p2a: Gogoat|Milk Drink|p2a: Gogoat\n|-heal|p2a: Gogoat|74/100\n|move|p1a: Wo-Chien|Ruination|p2a: Gogoat\n|-damage|p2a: Gogoat|37/100\n|\n|upkeep\n|turn|24\n|inactive|Time left: 300 sec this turn | 300 sec total\n|\n|t:|1783556843\n|move|p2a: Gogoat|Horn Leech|p1a: Wo-Chien\n|-resisted|p1a: Wo-Chien\n|-damage|p1a: Wo-Chien|217/277\n|-heal|p2a: Gogoat|46/100|[from] drain|[of] p1a: Wo-Chien\n|move|p1a: Wo-Chien|Ruination|p2a: Gogoat\n|-damage|p2a: Gogoat|23/100\n|\n|-heal|p1a: Wo-Chien|234/277|[from] item: Leftovers\n|upkeep\n|turn|25\n|inactive|Time left: 300 sec this turn | 300 sec total\n|\n|t:|1783556844\n|move|p2a: Gogoat|Milk Drink|p2a: Gogoat\n|-heal|p2a: Gogoat|73/100\n|move|p1a: Wo-Chien|Knock Off|p2a: Gogoat\n|-damage|p2a: Gogoat|62/100\n|\n|-heal|p1a: Wo-Chien|251/277|[from] item: Leftovers\n|upkeep\n|turn|26\n|inactive|Time left: 300 sec this turn | 300 sec total\n|\n|t:|1783556845\n|move|p2a: Gogoat|Rock Slide|p1a: Wo-Chien\n|-damage|p1a: Wo-Chien|170/277\n|cant|p1a: Wo-Chien|flinch\n|\n|-heal|p1a: Wo-Chien|187/277|[from] item: Leftovers\n|upkeep\n|turn|27\n|inactive|Time left: 300 sec this turn | 300 sec total\n|\n|t:|1783556846\n|move|p2a: Gogoat|Horn Leech|p1a: Wo-Chien\n|-resisted|p1a: Wo-Chien\n|-damage|p1a: Wo-Chien|125/277\n|-heal|p2a: Gogoat|71/100|[from] drain|[of] p1a: Wo-Chien\n|move|p1a: Wo-Chien|Ruination|p2a: Gogoat\n|-damage|p2a: Gogoat|36/100\n|\n|-heal|p1a: Wo-Chien|142/277|[from] item: Leftovers\n|upkeep\n|turn|28\n|inactive|Time left: 300 sec this turn | 300 sec total\n|\n|t:|1783556847\n|move|p2a: Gogoat|Rock Slide|p1a: Wo-Chien\n|-damage|p1a: Wo-Chien|67/277\n|move|p1a: Wo-Chien|Ruination|p2a: Gogoat\n|-damage|p2a: Gogoat|18/100\n|\n|-heal|p1a: Wo-Chien|84/277|[from] item: Leftovers\n|upkeep\n|turn|29\n|inactive|Time left: 300 sec this turn | 300 sec total\n|\n|t:|1783556848\n|move|p2a: Gogoat|Milk Drink|p2a: Gogoat\n|-heal|p2a: Gogoat|68/100\n|move|p1a: Wo-Chien|Ruination|p2a: Gogoat\n|-damage|p2a: Gogoat|34/100\n|\n|-heal|p1a: Wo-Chien|101/277|[from] item: Leftovers\n|upkeep\n|turn|30\n|inactive|Time left: 300 sec this turn | 300 sec total\n|\n|t:|1783556849\n|move|p2a: Gogoat|Horn Leech|p1a: Wo-Chien\n|-resisted|p1a: Wo-Chien\n|-damage|p1a: Wo-Chien|35/277\n|-heal|p2a: Gogoat|44/100|[from] drain|[of] p1a: Wo-Chien\n|move|p1a: Wo-Chien|Ruination|p2a: Gogoat\n|-damage|p2a: Gogoat|22/100\n|\n|-heal|p1a: Wo-Chien|52/277|[from] item: Leftovers\n|upkeep\n|turn|31\n|inactive|Time left: 300 sec this turn | 300 sec total\n|\n|t:|1783556850\n|move|p2a: Gogoat|Horn Leech|p1a: Wo-Chien\n|-resisted|p1a: Wo-Chien\n|-crit|p1a: Wo-Chien\n|-damage|p1a: Wo-Chien|0 fnt\n|-heal|p2a: Gogoat|29/100|[from] drain|[of] p1a: Wo-Chien\n|faint|p1a: Wo-Chien\n|\n|upkeep\n|inactive|Time left: 300 sec this turn | 300 sec total | 5 sec grace\n|\n|t:|1783556851\n|switch|p1a: Maushold|Maushold-Four, L76|238/238\n|turn|32\n|inactive|Time left: 300 sec this turn | 300 sec total\n|\n|t:|1783556852\n|move|p1a: Maushold|Population Bomb|p2a: Gogoat\n|-damage|p2a: Gogoat|25/100\n|-crit|p2a: Gogoat\n|-damage|p2a: Gogoat|14/100\n|-damage|p2a: Gogoat|10/100\n|-damage|p2a: Gogoat|7/100\n|-damage|p2a: Gogoat|3/100\n|-damage|p2a: Gogoat|0 fnt\n|faint|p2a: Gogoat\n|-hitcount|p2: Gogoat|6\n|\n|upkeep\n|\n|t:|1783556853\n|switch|p2a: Iron Bundle|Iron Bundle, L78|100/100\n|turn|33\n|inactive|Time left: 300 sec this turn | 300 sec total\n|\n|t:|1783556854\n|-terastallize|p2a: Iron Bundle|Ice\n|move|p2a: Iron Bundle|Ice Beam|p1a: Maushold\n|-damage|p1a: Maushold|0 fnt\n|faint|p1a: Maushold\n|\n|upkeep\n|inactive|Time left: 300 sec this turn | 300 sec total | 5 sec grace\n|\n|t:|1783556855\n|switch|p1a: Milotic|Milotic, L83, F|293/293\n|turn|34\n|inactive|Time left: 300 sec this turn | 300 sec total\n|\n|t:|1783556856\n|-end|p2a: Iron Bundle|Quark Drive|[silent]\n|switch|p2a: Slowking|Slowking-Galar, L85, M|50/100 brn\n|move|p1a: Milotic|Scald|p2a: Slowking\n|-damage|p2a: Slowking|36/100 brn\n|\n|-damage|p2a: Slowking|30/100 brn|[from] brn\n|upkeep\n|turn|35\n|inactive|Time left: 300 sec this turn | 300 sec total\n|\n|t:|1783556857\n|switch|p2a: Iron Bundle|Iron Bundle, L78, tera:Ice|100/100\n|move|p1a: Milotic|Scald|p2a: Iron Bundle\n|-damage|p2a: Iron Bundle|46/100\n|-status|p2a: Iron Bundle|brn\n|\n|-damage|p2a: Iron Bundle|40/100 brn|[from] brn\n|upkeep\n|turn|36\n|inactive|Time left: 300 sec this turn | 300 sec total\n|\n|t:|1783556858\n|move|p2a: Iron Bundle|Freeze-Dry|p1a: Milotic\n|-supereffective|p1a: Milotic\n|-damage|p1a: Milotic|45/293\n|-status|p1a: Milotic|frz\n|-curestatus|p1a: Milotic|frz|[from] move: Scald\n|move|p1a: Milotic|Scald|p2a: Iron Bundle\n|-damage|p2a: Iron Bundle|0 fnt\n|faint|p2a: Iron Bundle\n|-end|p2a: Iron Bundle|Quark Drive|[silent]\n|\n|-heal|p1a: Milotic|63/293|[from] item: Leftovers\n|upkeep\n|\n|t:|1783556859\n|switch|p2a: Deoxys|Deoxys, L74|100/100\n|-ability|p2a: Deoxys|Pressure\n|turn|37\n|inactive|Time left: 300 sec this turn | 300 sec total\n|\n|t:|1783556859\n|move|p2a: Deoxys|Superpower|p1a: Milotic\n|-damage|p1a: Milotic|0 fnt\n|-unboost|p2a: Deoxys|atk|1\n|-unboost|p2a: Deoxys|def|1\n|faint|p1a: Milotic\n|-damage|p2a: Deoxys|91/100|[from] item: Life Orb\n|\n|win|p0y14436760", "uploadtime": 1783556859, "views": 0, "rating": 0, "private": 0, "password": null, "_winner": "p0y14436760", "_our_name": "p0x14439d60"}