{"id": "battle-gen9randombattle-2135", "formatid": "gen9randombattle", "format": "[Gen 9] Random Battle", "players": ["p0x2135fcc0", "p0y2135b354"], "log": "|init|battle\n|title|p0x2135fcc0 vs. p0y2135b354\n|j|\u2606p0x2135fcc0\n|j|\u2606p0y2135b354\n|t:|1783563920\n|gametype|singles\n|player|p1|p0x2135fcc0|2|\n|player|p2|p0y2135b354|169|\n|gen|9\n|tier|[Gen 9] Random Battle\n|rule|Species Clause: Limit one of each Pok\u00e9mon\n|rule|HP Percentage Mod: HP is shown in percentages\n|rule|Sleep Clause Mod: Limit one foe put to sleep\n|rule|Illusion Level Mod: Illusion disguises the Pok\u00e9mon's true level\n|\n|t:|1783563920\n|teamsize|p1|6\n|teamsize|p2|6\n|start\n|switch|p1a: Cloyster|Cloyster, L80, M|211/211\n|switch|p2a: Lurantis|Lurantis, L87, M|100/100\n|turn|1\n|inactive|Battle timer is ON: inactive players will automatically lose when time's up. (requested by p0x2135fcc0)\n|\n|t:|1783563921\n|move|p1a: Cloyster|Icicle Spear|p2a: Lurantis\n|-supereffective|p2a: Lurantis\n|-damage|p2a: Lurantis|82/100\n|-supereffective|p2a: Lurantis\n|-damage|p2a: Lurantis|63/100\n|-supereffective|p2a: Lurantis\n|-damage|p2a: Lurantis|44/100\n|-supereffective|p2a: Lurantis\n|-damage|p2a: Lurantis|25/100\n|-supereffective|p2a: Lurantis\n|-damage|p2a: Lurantis|7/100\n|-hitcount|p2a: Lurantis|5\n|move|p2a: Lurantis|Leaf Storm|p1a: Cloyster\n|-supereffective|p1a: Cloyster\n|-damage|p1a: Cloyster|0 fnt\n|-boost|p2a: Lurantis|spa|2\n|faint|p1a: Cloyster\n|\n|-heal|p2a: Lurantis|13/100|[from] item: Leftovers\n|upkeep\n|inactive|Time left: 300 sec this turn | 300 sec total | 65 sec grace\n|inactive|p0y2135b354 also wants the timer to be on.\n|\n|t:|1783563922\n|switch|p1a: Emboar|Emboar, L84, F|322/322\n|turn|2\n|inactive|Time left: 300 sec this turn | 300 sec total\n|\n|t:|1783563923\n|move|p1a: Emboar|Knock Off|p2a: Lurantis\n|-damage|p2a: Lurantis|0 fnt\n|-enditem|p2a: Lurantis|Leftovers|[from] move: Knock Off|[of] p1a: Emboar\n|faint|p2a: Lurantis\n|\n|upkeep\n|\n|t:|1783563924\n|switch|p2a: Stonjourner|Stonjourner, L91, M|100/100\n|turn|3\n|inactive|Time left: 300 sec this turn | 300 sec total\n|\n|t:|1783563925\n|move|p1a: Emboar|Knock Off|p2a: Stonjourner\n|-damage|p2a: Stonjourner|84/100\n|-enditem|p2a: Stonjourner|Life Orb|[from] move: Knock Off|[of] p1a: Emboar\n|move|p2a: Stonjourner|Stone Edge|p1a: Emboar\n|-damage|p1a: Emboar|142/322\n|\n|upkeep\n|turn|4\n|inactive|Time left: 300 sec this turn | 300 sec total\n|\n|t:|1783563926\n|switch|p1a: Mewtwo|Mewtwo, L72|272/272\n|-ability|p1a: Mewtwo|Unnerve\n|move|p2a: Stonjourner|Stone Edge|p1a: Mewtwo|[miss]\n|-miss|p2a: Stonjourner|p1a: Mewtwo\n|\n|upkeep\n|turn|5\n|inactive|Time left: 300 sec this turn | 300 sec total\n|\n|t:|1783563927\n|move|p1a: Mewtwo|Nasty Plot|p1a: Mewtwo\n|-boost|p1a: Mewtwo|spa|2\n|move|p2a: Stonjourner|Stone Edge|p1a: Mewtwo\n|-crit|p1a: Mewtwo\n|-damage|p1a: Mewtwo|7/272\n|\n|upkeep\n|turn|6\n|inactive|Time left: 300 sec this turn | 300 sec total\n|\n|t:|1783563929\n|move|p1a: Mewtwo|Aura Sphere|p2a: Stonjourner\n|-supereffective|p2a: Stonjourner\n|-damage|p2a: Stonjourner|0 fnt\n|faint|p2a: Stonjourner\n|-damage|p1a: Mewtwo|0 fnt|[from] item: Life Orb\n|faint|p1a: Mewtwo\n|\n|upkeep\n|inactive|Time left: 300 sec this turn | 300 sec total | 5 sec grace\n|\n|t:|1783563930\n|switch|p1a: Frosmoth|Frosmoth, L82, F|249/249\n|switch|p2a: Thundurus|Thundurus, L80, M|100/100\n|turn|7\n|inactive|Time left: 300 sec this turn | 300 sec total\n|\n|t:|1783563931\n|switch|p2a: Poliwrath|Poliwrath, L88, M|100/100\n|move|p1a: Frosmoth|Quiver Dance|p1a: Frosmoth\n|-boost|p1a: Frosmoth|spa|1\n|-boost|p1a: Frosmoth|spd|1\n|-boost|p1a: Frosmoth|spe|1\n|\n|upkeep\n|turn|8\n|inactive|Time left: 300 sec this turn | 300 sec total\n|\n|t:|1783563932\n|move|p1a: Frosmoth|Ice Beam|p2a: Poliwrath\n|-resisted|p2a: Poliwrath\n|-damage|p2a: Poliwrath|74/100\n|move|p2a: Poliwrath|Liquidation|p1a: Frosmoth\n|-damage|p1a: Frosmoth|88/249\n|-damage|p2a: Poliwrath|64/100|[from] item: Life Orb\n|\n|upkeep\n|turn|9\n|inactive|Time left: 300 sec this turn | 300 sec total\n|\n|t:|1783563932\n|move|p1a: Frosmoth|Ice Beam|p2a: Poliwrath\n|-resisted|p2a: Poliwrath\n|-damage|p2a: Poliwrath|36/100\n|move|p2a: Poliwrath|Close Combat|p1a: Frosmoth\n|-damage|p1a: Frosmoth|0 fnt\n|-unboost|p2a: Poliwrath|def|1\n|-unboost|p2a: Poliwrath|spd|1\n|faint|p1a: Frosmoth\n|-damage|p2a: Poliwrath|26/100|[from] item: Life Orb\n|\n|upkeep\n|inactive|Time left: 300 sec this turn | 300 sec total | 5 sec grace\n|\n|t:|1783563933\n|switch|p1a: Emboar|Emboar, L84, F|142/322\n|turn|10\n|inactive|Time left: 300 sec this turn | 300 sec total\n|\n|t:|1783563934\n|switch|p2a: Alomomola|Alomomola, L87, F|100/100\n|move|p1a: Emboar|Flare Blitz|p2a: Alomomola\n|-resisted|p2a: Alomomola\n|-damage|p2a: Alomomola|77/100\n|-damage|p1a: Emboar|89/322|[from] item: Rocky Helmet|[of] p2a: Alomomola\n|-damage|p1a: Emboar|56/322|[from] Recoil\n|\n|upkeep\n|turn|11\n|inactive|Time left: 300 sec this turn | 300 sec total\n|\n|t:|1783563935\n|switch|p1a: Electrode|Electrode-Hisui, L87|246/246\n|move|p2a: Alomomola|Flip Turn|p1a: Electrode\n|-resisted|p1a: Electrode\n|-damage|p1a: Electrode|217/246\n|-status|p2a: Alomomola|par|[from] ability: Static|[of] p1a: Electrode\n|\n|t:|1783563936\n|switch|p2a: Thundurus|Thundurus, L80, M|100/100|[from] Flip Turn\n|\n|upkeep\n|turn|12\n|inactive|Time left: 300 sec this turn | 300 sec total\n|\n|t:|1783563937\n|move|p1a: Electrode|Thunderbolt|p2a: Thundurus\n|-damage|p2a: Thundurus|49/100\n|-damage|p1a: Electrode|193/246|[from] item: Life Orb\n|move|p2a: Thundurus|Sludge Wave|p1a: Electrode\n|-supereffective|p1a: Electrode\n|-damage|p1a: Electrode|0 fnt\n|faint|p1a: Electrode\n|\n|upkeep\n|inactive|Time left: 300 sec this turn | 300 sec total | 5 sec grace\n|\n|t:|1783563938\n|switch|p1a: Emboar|Emboar, L84, F|56/322\n|turn|13\n|inactive|Time left: 300 sec this turn | 300 sec total\n|\n|t:|1783563939\n|switch|p2a: Alomomola|Alomomola, L87, F|100/100 par\n|move|p1a: Emboar|Close Combat|p2a: Alomomola\n|-damage|p2a: Alomomola|63/100 par\n|-unboost|p1a: Emboar|def|1\n|-unboost|p1a: Emboar|spd|1\n|-damage|p1a: Emboar|3/322|[from] item: Rocky Helmet|[of] p2a: Alomomola\n|\n|upkeep\n|turn|14\n|inactive|Time left: 300 sec this turn | 300 sec total\n|\n|t:|1783563940\n|move|p1a: Emboar|Close Combat|p2a: Alomomola\n|-damage|p2a: Alomomola|25/100 par\n|-unboost|p1a: Emboar|def|1\n|-unboost|p1a: Emboar|spd|1\n|-damage|p1a: Emboar|0 fnt|[from] item: Rocky Helmet|[of] p2a: Alomomola\n|faint|p1a: Emboar\n|move|p2a: Alomomola|Wish|p2a: Alomomola\n|\n|upkeep\n|inactive|Time left: 300 sec this turn | 300 sec total | 5 sec grace\n|\n|t:|1783563941\n|switch|p1a: Empoleon|Empoleon, L84, M|278/278\n|turn|15\n|inactive|Time left: 300 sec this turn | 300 sec total\n|\n|t:|1783563942\n|switch|p2a: Poliwrath|Poliwrath, L88, M|26/100\n|move|p1a: Empoleon|Surf|p2a: Poliwrath\n|-resisted|p2a: Poliwrath\n|-damage|p2a: Poliwrath|11/100\n|\n|-heal|p2a: Poliwrath|82/100|[from] move: Wish|[wisher] Alomomola\n|upkeep\n|turn|16\n|inactive|Time left: 300 sec this turn | 300 sec total\n|\n|t:|1783563943\n|-terastallize|p1a: Empoleon|Flying\n|move|p2a: Poliwrath|Close Combat|p1a: Empoleon\n|-resisted|p1a: Empoleon\n|-damage|p1a: Empoleon|182/278\n|-unboost|p2a: Poliwrath|def|1\n|-unboost|p2a: Poliwrath|spd|1\n|-damage|p2a: Poliwrath|72/100|[from] item: Life Orb\n|move|p1a: Empoleon|Roost|p1a: Empoleon\n|-heal|p1a: Empoleon|278/278\n|-hint|If a Terastallized Pokemon uses Roost, it remains Flying-type.\n|\n|upkeep\n|turn|17\n|inactive|Time left: 300 sec this turn | 300 sec total\n|\n|t:|1783563944\n|switch|p2a: Thundurus|Thundurus, L80, M|49/100\n|move|p1a: Empoleon|Roost||[still]\n|-fail|p1a: Empoleon|heal\n|\n|upkeep\n|turn|18\n|inactive|Time left: 300 sec this turn | 300 sec total\n|\n|t:|1783563945\n|-terastallize|p2a: Thundurus|Grass\n|move|p2a: Thundurus|Thunderbolt|p1a: Empoleon\n|-supereffective|p1a: Empoleon\n|-damage|p1a: Empoleon|6/278\n|move|p1a: Empoleon|Roost|p1a: Empoleon\n|-heal|p1a: Empoleon|145/278\n|-hint|If a Terastallized Pokemon uses Roost, it remains Flying-type.\n|\n|-heal|p1a: Empoleon|162/278|[from] item: Leftovers\n|upkeep\n|turn|19\n|inactive|Time left: 300 sec this turn | 300 sec total\n|\n|t:|1783563946\n|move|p2a: Thundurus|Thunderbolt|p1a: Empoleon\n|-supereffective|p1a: Empoleon\n|-damage|p1a: Empoleon|0 fnt\n|faint|p1a: Empoleon\n|\n|win|p0y2135b354", "uploadtime": 1783563946, "views": 0, "rating": 0, "private": 0, "password": null, "_winner": "p0y2135b354", "_our_name": "p0x2135fcc0"}