{"id": "battle-gen9randombattle-1114", "formatid": "gen9randombattle", "format": "[Gen 9] Random Battle", "players": ["p0x1115349b", "p0y11150f9e"], "log": "|init|battle\n|title|p0x1115349b vs. p0y11150f9e\n|j|\u2606p0x1115349b\n|j|\u2606p0y11150f9e\n|t:|1783552878\n|gametype|singles\n|player|p1|p0x1115349b|169|\n|player|p2|p0y11150f9e|266|\n|gen|9\n|tier|[Gen 9] Random Battle\n|rule|Species Clause: Limit one of each Pok\u00e9mon\n|rule|HP Percentage Mod: HP is shown in percentages\n|rule|Sleep Clause Mod: Limit one foe put to sleep\n|rule|Illusion Level Mod: Illusion disguises the Pok\u00e9mon's true level\n|\n|t:|1783552879\n|teamsize|p1|6\n|teamsize|p2|6\n|start\n|switch|p1a: Victreebel|Victreebel, L90, M|290/290\n|switch|p2a: Sinistcha|Sinistcha-Masterpiece, L83|100/100\n|turn|1\n|inactive|Battle timer is ON: inactive players will automatically lose when time's up. (requested by p0x1115349b)\n|\n|t:|1783552880\n|move|p1a: Victreebel|Sludge Wave|p2a: Sinistcha\n|-damage|p2a: Sinistcha|37/100\n|-damage|p1a: Victreebel|261/290|[from] item: Life Orb\n|move|p2a: Sinistcha|Matcha Gotcha|p1a: Victreebel\n|-resisted|p1a: Victreebel\n|-damage|p1a: Victreebel|236/290\n|-heal|p2a: Sinistcha|42/100|[from] drain|[of] p1a: Victreebel\n|\n|-heal|p2a: Sinistcha|48/100|[from] item: Leftovers\n|upkeep\n|turn|2\n|inactive|Time left: 300 sec this turn | 300 sec total\n|inactive|p0y11150f9e also wants the timer to be on.\n|\n|t:|1783552881\n|-terastallize|p2a: Sinistcha|Steel\n|move|p1a: Victreebel|Sludge Wave|p2a: Sinistcha\n|-immune|p2a: Sinistcha\n|move|p2a: Sinistcha|Strength Sap|p1a: Victreebel\n|-unboost|p1a: Victreebel|atk|1\n|-heal|p2a: Sinistcha|100/100\n|\n|upkeep\n|turn|3\n|inactive|Time left: 300 sec this turn | 300 sec total\n|\n|t:|1783552882\n|switch|p1a: Dodrio|Dodrio, L85, F|241/241\n|move|p2a: Sinistcha|Shadow Ball|p1a: Dodrio\n|-immune|p1a: Dodrio\n|\n|upkeep\n|turn|4\n|inactive|Time left: 300 sec this turn | 300 sec total\n|\n|t:|1783552883\n|move|p1a: Dodrio|Drill Run|p2a: Sinistcha\n|-supereffective|p2a: Sinistcha\n|-damage|p2a: Sinistcha|37/100\n|move|p2a: Sinistcha|Matcha Gotcha|p1a: Dodrio\n|-resisted|p1a: Dodrio\n|-damage|p1a: Dodrio|180/241\n|-heal|p2a: Sinistcha|49/100|[from] drain|[of] p1a: Dodrio\n|\n|-heal|p2a: Sinistcha|55/100|[from] item: Leftovers\n|upkeep\n|turn|5\n|inactive|Time left: 300 sec this turn | 300 sec total\n|\n|t:|1783552884\n|switch|p2a: Arboliva|Arboliva, L91, M|100/100\n|move|p1a: Dodrio|Drill Run|p2a: Arboliva\n|-resisted|p2a: Arboliva\n|-crit|p2a: Arboliva\n|-damage|p2a: Arboliva|79/100\n|-fieldstart|move: Grassy Terrain|[from] ability: Seed Sower|[of] p2a: Arboliva\n|\n|-heal|p2a: Arboliva|86/100|[from] Grassy Terrain\n|-heal|p2a: Arboliva|92/100|[from] item: Leftovers\n|upkeep\n|turn|6\n|inactive|Time left: 300 sec this turn | 300 sec total\n|\n|t:|1783552885\n|switch|p1a: Braviary|Braviary-Hisui, L85, M|326/326\n|move|p2a: Arboliva|Hyper Voice|p1a: Braviary\n|-damage|p1a: Braviary|163/326\n|\n|-heal|p2a: Arboliva|98/100|[from] Grassy Terrain\n|-heal|p2a: Arboliva|100/100|[from] item: Leftovers\n|upkeep\n|turn|7\n|inactive|Time left: 300 sec this turn | 300 sec total\n|\n|t:|1783552886\n|move|p1a: Braviary|Hurricane|p2a: Arboliva\n|-supereffective|p2a: Arboliva\n|-damage|p2a: Arboliva|0 fnt\n|faint|p2a: Arboliva\n|\n|upkeep\n|\n|t:|1783552887\n|switch|p2a: Sinistcha|Sinistcha-Masterpiece, L83, tera:Steel|55/100\n|turn|8\n|inactive|Time left: 300 sec this turn | 300 sec total\n|\n|t:|1783552888\n|move|p2a: Sinistcha|Shadow Ball|p1a: Braviary\n|-supereffective|p1a: Braviary\n|-damage|p1a: Braviary|0 fnt\n|faint|p1a: Braviary\n|\n|-heal|p2a: Sinistcha|61/100|[from] Grassy Terrain\n|-heal|p2a: Sinistcha|67/100|[from] item: Leftovers\n|upkeep\n|inactive|Time left: 300 sec this turn | 300 sec total | 5 sec grace\n|\n|t:|1783552890\n|switch|p1a: Dodrio|Dodrio, L85, F|180/241\n|turn|9\n|inactive|Time left: 300 sec this turn | 300 sec total\n|\n|t:|1783552891\n|move|p1a: Dodrio|Drill Run|p2a: Sinistcha\n|-supereffective|p2a: Sinistcha\n|-damage|p2a: Sinistcha|0 fnt\n|faint|p2a: Sinistcha\n|\n|-fieldend|move: Grassy Terrain\n|upkeep\n|\n|t:|1783552892\n|switch|p2a: Piloswine|Piloswine, L85, M|100/100\n|turn|10\n|inactive|Time left: 300 sec this turn | 300 sec total\n|\n|t:|1783552893\n|switch|p1a: Azelf|Azelf, L82|257/257\n|move|p2a: Piloswine|Icicle Crash|p1a: Azelf\n|-damage|p1a: Azelf|131/257\n|\n|upkeep\n|turn|11\n|inactive|Time left: 300 sec this turn | 300 sec total\n|\n|t:|1783552895\n|move|p1a: Azelf|Psyshock|p2a: Piloswine\n|-damage|p2a: Piloswine|66/100\n|move|p2a: Piloswine|Icicle Crash|p1a: Azelf\n|-damage|p1a: Azelf|20/257\n|\n|upkeep\n|turn|12\n|inactive|Time left: 300 sec this turn | 300 sec total\n|\n|t:|1783552896\n|move|p2a: Piloswine|Ice Shard|p1a: Azelf\n|-damage|p1a: Azelf|0 fnt\n|faint|p1a: Azelf\n|\n|upkeep\n|inactive|Time left: 300 sec this turn | 300 sec total | 5 sec grace\n|\n|t:|1783552897\n|switch|p1a: Victreebel|Victreebel, L90, M|236/290\n|turn|13\n|inactive|Time left: 300 sec this turn | 300 sec total\n|\n|t:|1783552898\n|switch|p2a: Zebstrika|Zebstrika, L87, F|100/100\n|move|p1a: Victreebel|Power Whip|p2a: Zebstrika\n|-ability|p2a: Zebstrika|Sap Sipper|boost\n|-boost|p2a: Zebstrika|atk|1\n|\n|upkeep\n|turn|14\n|inactive|Time left: 300 sec this turn | 300 sec total\n|\n|t:|1783552899\n|move|p2a: Zebstrika|Overheat|p1a: Victreebel\n|-supereffective|p1a: Victreebel\n|-damage|p1a: Victreebel|15/290\n|-unboost|p2a: Zebstrika|spa|2\n|-damage|p2a: Zebstrika|91/100|[from] item: Life Orb\n|move|p1a: Victreebel|Sludge Wave|p2a: Zebstrika\n|-damage|p2a: Zebstrika|25/100\n|-damage|p1a: Victreebel|0 fnt|[from] item: Life Orb\n|faint|p1a: Victreebel\n|\n|upkeep\n|inactive|Time left: 300 sec this turn | 300 sec total | 5 sec grace\n|\n|t:|1783552900\n|switch|p1a: Dodrio|Dodrio, L85, F|180/241\n|turn|15\n|inactive|Time left: 300 sec this turn | 300 sec total\n|\n|t:|1783552901\n|move|p1a: Dodrio|Quick Attack|p2a: Zebstrika\n|-damage|p2a: Zebstrika|0 fnt\n|faint|p2a: Zebstrika\n|\n|upkeep\n|\n|t:|1783552903\n|switch|p2a: Piloswine|Piloswine, L85, M|66/100\n|turn|16\n|inactive|Time left: 300 sec this turn | 300 sec total\n|\n|t:|1783552903\n|switch|p1a: Archaludon|Archaludon, L78, M|268/268\n|move|p2a: Piloswine|Earthquake|p1a: Archaludon\n|-supereffective|p1a: Archaludon\n|-damage|p1a: Archaludon|104/268\n|-ability|p1a: Archaludon|Stamina|boost\n|-boost|p1a: Archaludon|def|1\n|\n|-heal|p1a: Archaludon|120/268|[from] item: Leftovers\n|upkeep\n|turn|17\n|inactive|Time left: 300 sec this turn | 300 sec total\n|\n|t:|1783552905\n|move|p1a: Archaludon|Flash Cannon|p2a: Piloswine\n|-supereffective|p2a: Piloswine\n|-damage|p2a: Piloswine|19/100\n|move|p2a: Piloswine|Earthquake|p1a: Archaludon\n|-supereffective|p1a: Archaludon\n|-damage|p1a: Archaludon|0 fnt\n|faint|p1a: Archaludon\n|\n|upkeep\n|inactive|Time left: 300 sec this turn | 300 sec total | 5 sec grace\n|\n|t:|1783552906\n|switch|p1a: Dodrio|Dodrio, L85, F|180/241\n|turn|18\n|inactive|Time left: 300 sec this turn | 300 sec total\n|\n|t:|1783552907\n|move|p2a: Piloswine|Ice Shard|p1a: Dodrio\n|-supereffective|p1a: Dodrio\n|-damage|p1a: Dodrio|82/241\n|move|p1a: Dodrio|Brave Bird|p2a: Piloswine\n|-damage|p2a: Piloswine|0 fnt\n|faint|p2a: Piloswine\n|-damage|p1a: Dodrio|63/241|[from] Recoil\n|\n|upkeep\n|\n|t:|1783552908\n|switch|p2a: Mandibuzz|Mandibuzz, L85, F|100/100\n|turn|19\n|inactive|Time left: 300 sec this turn | 300 sec total\n|\n|t:|1783552909\n|move|p1a: Dodrio|Brave Bird|p2a: Mandibuzz\n|-damage|p2a: Mandibuzz|39/100\n|-damage|p1a: Dodrio|0 fnt|[from] Recoil\n|faint|p1a: Dodrio\n|move|p2a: Mandibuzz|Roost|p2a: Mandibuzz\n|-heal|p2a: Mandibuzz|89/100\n|-singleturn|p2a: Mandibuzz|move: Roost\n|\n|upkeep\n|inactive|Time left: 300 sec this turn | 300 sec total | 5 sec grace\n|\n|t:|1783552910\n|switch|p1a: Arceus|Arceus-Poison, L70|284/284\n|turn|20\n|inactive|Time left: 300 sec this turn | 300 sec total\n|\n|t:|1783552911\n|move|p1a: Arceus|Swords Dance|p1a: Arceus\n|-boost|p1a: Arceus|atk|2\n|move|p2a: Mandibuzz|Foul Play|p1a: Arceus\n|-damage|p1a: Arceus|92/284\n|\n|upkeep\n|turn|21\n|inactive|Time left: 300 sec this turn | 300 sec total\n|\n|t:|1783552912\n|-terastallize|p1a: Arceus|Ground\n|move|p1a: Arceus|Recover|p1a: Arceus\n|-heal|p1a: Arceus|234/284\n|move|p2a: Mandibuzz|Foul Play|p1a: Arceus\n|-damage|p1a: Arceus|45/284\n|\n|upkeep\n|turn|22\n|inactive|Time left: 300 sec this turn | 300 sec total\n|\n|t:|1783552913\n|move|p1a: Arceus|Gunk Shot|p2a: Mandibuzz\n|-damage|p2a: Mandibuzz|18/100\n|-status|p2a: Mandibuzz|psn\n|move|p2a: Mandibuzz|Foul Play|p1a: Arceus\n|-damage|p1a: Arceus|0 fnt\n|faint|p1a: Arceus\n|\n|win|p0y11150f9e", "uploadtime": 1783552913, "views": 0, "rating": 0, "private": 0, "password": null, "_winner": "p0y11150f9e", "_our_name": "p0x1115349b"}