{"id": "battle-gen9randombattle-2078", "formatid": "gen9randombattle", "format": "[Gen 9] Random Battle", "players": ["p0x207812ed", "p0y2078e203"], "log": "|init|battle\n|title|p0x207812ed vs. p0y2078e203\n|j|\u2606p0x207812ed\n|j|\u2606p0y2078e203\n|t:|1783564092\n|gametype|singles\n|player|p1|p0x207812ed|169|\n|player|p2|p0y2078e203|2|\n|gen|9\n|tier|[Gen 9] Random Battle\n|rule|Species Clause: Limit one of each Pok\u00e9mon\n|rule|HP Percentage Mod: HP is shown in percentages\n|rule|Sleep Clause Mod: Limit one foe put to sleep\n|rule|Illusion Level Mod: Illusion disguises the Pok\u00e9mon's true level\n|\n|t:|1783564092\n|teamsize|p1|6\n|teamsize|p2|6\n|start\n|switch|p1a: Probopass|Probopass, L91, F|257/257\n|switch|p2a: Kricketune|Kricketune, L99, F|100/100\n|turn|1\n|inactive|Battle timer is ON: inactive players will automatically lose when time's up. (requested by p0y2078e203)\n|inactive|Time left: 300 sec this turn | 300 sec total | 60 sec grace\n|inactive|p0x207812ed also wants the timer to be on.\n|\n|t:|1783564093\n|move|p2a: Kricketune|Sticky Web|p1a: Probopass\n|-sidestart|p1: p0x207812ed|move: Sticky Web\n|move|p1a: Probopass|Power Gem|p2a: Kricketune\n|-supereffective|p2a: Kricketune\n|-damage|p2a: Kricketune|34/100\n|\n|upkeep\n|turn|2\n|inactive|Time left: 300 sec this turn | 300 sec total\n|\n|t:|1783564094\n|move|p2a: Kricketune|Knock Off|p1a: Probopass\n|-damage|p1a: Probopass|202/257\n|-enditem|p1a: Probopass|Leftovers|[from] move: Knock Off|[of] p2a: Kricketune\n|move|p1a: Probopass|Power Gem|p2a: Kricketune\n|-supereffective|p2a: Kricketune\n|-crit|p2a: Kricketune\n|-damage|p2a: Kricketune|0 fnt\n|faint|p2a: Kricketune\n|\n|upkeep\n|\n|t:|1783564095\n|switch|p2a: Sandy Shocks|Sandy Shocks, L80|100/100\n|turn|3\n|inactive|Time left: 300 sec this turn | 300 sec total\n|\n|t:|1783564096\n|move|p2a: Sandy Shocks|Earth Power|p1a: Probopass\n|-supereffective|p1a: Probopass\n|-damage|p1a: Probopass|0 fnt\n|faint|p1a: Probopass\n|\n|upkeep\n|inactive|Time left: 300 sec this turn | 300 sec total | 5 sec grace\n|\n|t:|1783564097\n|switch|p1a: Camerupt|Camerupt, L91, M|275/275\n|-activate|p1a: Camerupt|move: Sticky Web\n|-unboost|p1a: Camerupt|spe|1\n|turn|4\n|inactive|Time left: 300 sec this turn | 300 sec total\n|\n|t:|1783564098\n|move|p2a: Sandy Shocks|Earth Power|p1a: Camerupt\n|-supereffective|p1a: Camerupt\n|-damage|p1a: Camerupt|113/275\n|move|p1a: Camerupt|Earthquake|p2a: Sandy Shocks\n|-supereffective|p2a: Sandy Shocks\n|-damage|p2a: Sandy Shocks|13/100\n|\n|-heal|p1a: Camerupt|130/275|[from] item: Leftovers\n|upkeep\n|turn|5\n|inactive|Time left: 300 sec this turn | 300 sec total\n|\n|t:|1783564099\n|switch|p1a: Volbeat|Volbeat, L90, M|263/263\n|move|p2a: Sandy Shocks|Earth Power|p1a: Volbeat\n|-resisted|p1a: Volbeat\n|-damage|p1a: Volbeat|210/263\n|-unboost|p1a: Volbeat|spd|1\n|\n|upkeep\n|turn|6\n|inactive|Time left: 300 sec this turn | 300 sec total\n|\n|t:|1783564100\n|move|p2a: Sandy Shocks|Earth Power|p1a: Volbeat\n|-resisted|p1a: Volbeat\n|-damage|p1a: Volbeat|138/263\n|move|p1a: Volbeat|Lunge|p2a: Sandy Shocks\n|-damage|p2a: Sandy Shocks|0 fnt\n|faint|p2a: Sandy Shocks\n|-end|p2a: Sandy Shocks|Protosynthesis|[silent]\n|\n|upkeep\n|\n|t:|1783564101\n|switch|p2a: Espeon|Espeon, L84, M|100/100\n|turn|7\n|inactive|Time left: 300 sec this turn | 300 sec total\n|\n|t:|1783564102\n|switch|p1a: Darkrai|Darkrai, L77|234/234\n|-activate|p1a: Darkrai|move: Sticky Web\n|-unboost|p1a: Darkrai|spe|1\n|move|p2a: Espeon|Psyshock|p1a: Darkrai\n|-immune|p1a: Darkrai\n|\n|upkeep\n|turn|8\n|inactive|Time left: 300 sec this turn | 300 sec total\n|\n|t:|1783564103\n|move|p2a: Espeon|Psyshock|p1a: Darkrai\n|-immune|p1a: Darkrai\n|move|p1a: Darkrai|Dark Pulse|p2a: Espeon\n|-supereffective|p2a: Espeon\n|-damage|p2a: Espeon|2/100\n|-damage|p1a: Darkrai|211/234|[from] item: Life Orb\n|\n|upkeep\n|turn|9\n|inactive|Time left: 300 sec this turn | 300 sec total\n|\n|t:|1783564104\n|move|p2a: Espeon|Psyshock|p1a: Darkrai\n|-immune|p1a: Darkrai\n|move|p1a: Darkrai|Nasty Plot|p1a: Darkrai\n|-boost|p1a: Darkrai|spa|2\n|\n|upkeep\n|turn|10\n|inactive|Time left: 300 sec this turn | 300 sec total\n|\n|t:|1783564105\n|switch|p2a: Klefki|Klefki, L84, M|100/100\n|move|p1a: Darkrai|Dark Pulse|p2a: Klefki\n|-resisted|p2a: Klefki\n|-damage|p2a: Klefki|52/100\n|-damage|p1a: Darkrai|188/234|[from] item: Life Orb\n|\n|-heal|p2a: Klefki|58/100|[from] item: Leftovers\n|upkeep\n|turn|11\n|inactive|Time left: 300 sec this turn | 300 sec total\n|\n|t:|1783564105\n|move|p2a: Klefki|Dazzling Gleam|p1a: Darkrai\n|-supereffective|p1a: Darkrai\n|-damage|p1a: Darkrai|42/234\n|move|p1a: Darkrai|Dark Pulse|p2a: Klefki\n|-resisted|p2a: Klefki\n|-damage|p2a: Klefki|6/100\n|-damage|p1a: Darkrai|19/234|[from] item: Life Orb\n|\n|-heal|p2a: Klefki|12/100|[from] item: Leftovers\n|upkeep\n|turn|12\n|inactive|Time left: 300 sec this turn | 300 sec total\n|\n|t:|1783564106\n|move|p2a: Klefki|Dazzling Gleam|p1a: Darkrai\n|-supereffective|p1a: Darkrai\n|-damage|p1a: Darkrai|0 fnt\n|faint|p1a: Darkrai\n|\n|-heal|p2a: Klefki|18/100|[from] item: Leftovers\n|upkeep\n|inactive|Time left: 300 sec this turn | 300 sec total | 5 sec grace\n|\n|t:|1783564107\n|switch|p1a: Skeledirge|Skeledirge, L79, M|294/294\n|turn|13\n|inactive|Time left: 300 sec this turn | 300 sec total\n|\n|t:|1783564108\n|switch|p2a: Spiritomb|Spiritomb, L89, M|100/100\n|move|p1a: Skeledirge|Torch Song|p2a: Spiritomb\n|-damage|p2a: Spiritomb|70/100\n|-boost|p1a: Skeledirge|spa|1\n|\n|-heal|p2a: Spiritomb|76/100|[from] item: Leftovers\n|upkeep\n|turn|14\n|inactive|Time left: 300 sec this turn | 300 sec total\n|\n|t:|1783564109\n|move|p1a: Skeledirge|Torch Song|p2a: Spiritomb\n|-damage|p2a: Spiritomb|30/100\n|-boost|p1a: Skeledirge|spa|1\n|move|p2a: Spiritomb|Poltergeist|p1a: Skeledirge\n|-activate|p1a: Skeledirge|move: Poltergeist|Heavy-Duty Boots\n|-supereffective|p1a: Skeledirge\n|-damage|p1a: Skeledirge|42/294\n|\n|-heal|p2a: Spiritomb|36/100|[from] item: Leftovers\n|upkeep\n|turn|15\n|inactive|Time left: 300 sec this turn | 300 sec total\n|\n|t:|1783564110\n|move|p1a: Skeledirge|Torch Song|p2a: Spiritomb\n|-damage|p2a: Spiritomb|0 fnt\n|-boost|p1a: Skeledirge|spa|1\n|faint|p2a: Spiritomb\n|\n|upkeep\n|\n|t:|1783564111\n|switch|p2a: Espeon|Espeon, L84, M|2/100\n|turn|16\n|inactive|Time left: 300 sec this turn | 300 sec total\n|\n|t:|1783564112\n|switch|p1a: Camerupt|Camerupt, L91, M|130/275\n|-activate|p1a: Camerupt|move: Sticky Web\n|-unboost|p1a: Camerupt|spe|1\n|move|p2a: Espeon|Psyshock|p1a: Camerupt\n|-damage|p1a: Camerupt|0 fnt\n|faint|p1a: Camerupt\n|\n|upkeep\n|inactive|Time left: 300 sec this turn | 300 sec total | 5 sec grace\n|\n|t:|1783564113\n|switch|p1a: Eiscue|Eiscue, L88, M|274/274\n|-activate|p1a: Eiscue|move: Sticky Web\n|-unboost|p1a: Eiscue|spe|1\n|turn|17\n|inactive|Time left: 300 sec this turn | 300 sec total\n|\n|t:|1783564114\n|move|p2a: Espeon|Psyshock|p1a: Eiscue\n|-damage|p1a: Eiscue|138/274\n|move|p1a: Eiscue|Liquidation|p2a: Espeon\n|-damage|p2a: Espeon|0 fnt\n|faint|p2a: Espeon\n|\n|upkeep\n|\n|t:|1783564115\n|switch|p2a: Scovillain|Scovillain, L91, F|100/100\n|turn|18\n|inactive|Time left: 300 sec this turn | 300 sec total\n|\n|t:|1783564116\n|move|p2a: Scovillain|Flamethrower|p1a: Eiscue\n|-supereffective|p1a: Eiscue\n|-damage|p1a: Eiscue|0 fnt\n|faint|p1a: Eiscue\n|\n|upkeep\n|inactive|Time left: 300 sec this turn | 300 sec total | 5 sec grace\n|\n|t:|1783564117\n|switch|p1a: Volbeat|Volbeat, L90, M|138/263\n|turn|19\n|inactive|Time left: 300 sec this turn | 300 sec total\n|\n|t:|1783564118\n|-terastallize|p1a: Volbeat|Water\n|move|p1a: Volbeat|Roost|p1a: Volbeat\n|-heal|p1a: Volbeat|263/263\n|move|p2a: Scovillain|Flamethrower|p1a: Volbeat\n|-resisted|p1a: Volbeat\n|-damage|p1a: Volbeat|207/263\n|\n|upkeep\n|turn|20\n|inactive|Time left: 300 sec this turn | 300 sec total\n|\n|t:|1783564119\n|move|p1a: Volbeat|Lunge|p2a: Scovillain\n|-damage|p2a: Scovillain|65/100\n|-unboost|p2a: Scovillain|atk|1\n|move|p2a: Scovillain|Leech Seed|p1a: Volbeat\n|-start|p1a: Volbeat|move: Leech Seed\n|\n|-heal|p2a: Scovillain|71/100|[from] item: Leftovers\n|-damage|p1a: Volbeat|175/263|[from] Leech Seed|[of] p2a: Scovillain\n|-heal|p2a: Scovillain|83/100|[silent]\n|upkeep\n|turn|21\n|inactive|Time left: 300 sec this turn | 300 sec total\n|\n|t:|1783564120\n|switch|p1a: Skeledirge|Skeledirge, L79, M|42/294\n|switch|p2a: Klefki|Klefki, L84, M|18/100\n|\n|-heal|p2a: Klefki|24/100|[from] item: Leftovers\n|upkeep\n|turn|22\n|inactive|Time left: 300 sec this turn | 300 sec total\n|\n|t:|1783564121\n|move|p2a: Klefki|Foul Play|p1a: Skeledirge\n|-supereffective|p1a: Skeledirge\n|-damage|p1a: Skeledirge|0 fnt\n|faint|p1a: Skeledirge\n|\n|-heal|p2a: Klefki|30/100|[from] item: Leftovers\n|upkeep\n|inactive|Time left: 300 sec this turn | 300 sec total | 5 sec grace\n|\n|t:|1783564122\n|switch|p1a: Volbeat|Volbeat, L90, M, tera:Water|175/263\n|turn|23\n|inactive|Time left: 300 sec this turn | 300 sec total\n|\n|t:|1783564123\n|move|p1a: Volbeat|Roost|p1a: Volbeat\n|-heal|p1a: Volbeat|263/263\n|move|p2a: Klefki|Dazzling Gleam|p1a: Volbeat\n|-damage|p1a: Volbeat|197/263\n|\n|-heal|p2a: Klefki|36/100|[from] item: Leftovers\n|upkeep\n|turn|24\n|inactive|Time left: 300 sec this turn | 300 sec total\n|\n|t:|1783564124\n|move|p1a: Volbeat|Lunge|p2a: Klefki\n|-resisted|p2a: Klefki\n|-damage|p2a: Klefki|27/100\n|-unboost|p2a: Klefki|atk|1\n|move|p2a: Klefki|Dazzling Gleam|p1a: Volbeat\n|-damage|p1a: Volbeat|127/263\n|\n|-heal|p2a: Klefki|33/100|[from] item: Leftovers\n|upkeep\n|turn|25\n|inactive|Time left: 300 sec this turn | 300 sec total\n|\n|t:|1783564125\n|move|p1a: Volbeat|Roost|p1a: Volbeat\n|-heal|p1a: Volbeat|259/263\n|move|p2a: Klefki|Dazzling Gleam|p1a: Volbeat\n|-damage|p1a: Volbeat|184/263\n|\n|-heal|p2a: Klefki|39/100|[from] item: Leftovers\n|upkeep\n|turn|26\n|inactive|Time left: 300 sec this turn | 300 sec total\n|\n|t:|1783564126\n|move|p1a: Volbeat|Lunge|p2a: Klefki\n|-resisted|p2a: Klefki\n|-damage|p2a: Klefki|31/100\n|-unboost|p2a: Klefki|atk|1\n|move|p2a: Klefki|Dazzling Gleam|p1a: Volbeat\n|-damage|p1a: Volbeat|106/263\n|\n|-heal|p2a: Klefki|37/100|[from] item: Leftovers\n|upkeep\n|turn|27\n|inactive|Time left: 300 sec this turn | 300 sec total\n|\n|t:|1783564127\n|move|p1a: Volbeat|Roost|p1a: Volbeat\n|-heal|p1a: Volbeat|238/263\n|move|p2a: Klefki|Thunder Wave|p1a: Volbeat\n|-status|p1a: Volbeat|par\n|\n|-heal|p2a: Klefki|43/100|[from] item: Leftovers\n|upkeep\n|turn|28\n|inactive|Time left: 300 sec this turn | 300 sec total\n|\n|t:|1783564128\n|switch|p2a: Scovillain|Scovillain, L91, F|83/100\n|move|p1a: Volbeat|Lunge|p2a: Scovillain\n|-damage|p2a: Scovillain|49/100\n|-unboost|p2a: Scovillain|atk|1\n|\n|-heal|p2a: Scovillain|55/100|[from] item: Leftovers\n|upkeep\n|turn|29\n|inactive|Time left: 300 sec this turn | 300 sec total\n|\n|t:|1783564129\n|move|p1a: Volbeat|Thunder Wave|p2a: Scovillain\n|-status|p2a: Scovillain|par\n|move|p2a: Scovillain|Leech Seed|p1a: Volbeat\n|-start|p1a: Volbeat|move: Leech Seed\n|\n|-heal|p2a: Scovillain|61/100 par|[from] item: Leftovers\n|-damage|p1a: Volbeat|206/263 par|[from] Leech Seed|[of] p2a: Scovillain\n|-heal|p2a: Scovillain|73/100 par|[silent]\n|upkeep\n|turn|30\n|inactive|Time left: 300 sec this turn | 300 sec total\n|\n|t:|1783564130\n|switch|p2a: Klefki|Klefki, L84, M|43/100\n|move|p1a: Volbeat|Lunge|p2a: Klefki\n|-resisted|p2a: Klefki\n|-damage|p2a: Klefki|35/100\n|-unboost|p2a: Klefki|atk|1\n|\n|-heal|p2a: Klefki|41/100|[from] item: Leftovers\n|-damage|p1a: Volbeat|174/263 par|[from] Leech Seed|[of] p2a: Klefki\n|-heal|p2a: Klefki|55/100|[silent]\n|upkeep\n|turn|31\n|inactive|Time left: 300 sec this turn | 300 sec total\n|\n|t:|1783564131\n|move|p1a: Volbeat|Roost|p1a: Volbeat\n|-heal|p1a: Volbeat|263/263 par\n|move|p2a: Klefki|Dazzling Gleam|p1a: Volbeat\n|-damage|p1a: Volbeat|190/263 par\n|\n|-heal|p2a: Klefki|61/100|[from] item: Leftovers\n|-damage|p1a: Volbeat|158/263 par|[from] Leech Seed|[of] p2a: Klefki\n|-heal|p2a: Klefki|74/100|[silent]\n|upkeep\n|turn|32\n|inactive|Time left: 300 sec this turn | 300 sec total\n|\n|t:|1783564132\n|move|p1a: Volbeat|Roost|p1a: Volbeat\n|-heal|p1a: Volbeat|263/263 par\n|move|p2a: Klefki|Dazzling Gleam|p1a: Volbeat\n|-damage|p1a: Volbeat|194/263 par\n|\n|-heal|p2a: Klefki|80/100|[from] item: Leftovers\n|-damage|p1a: Volbeat|162/263 par|[from] Leech Seed|[of] p2a: Klefki\n|-heal|p2a: Klefki|94/100|[silent]\n|upkeep\n|turn|33\n|inactive|Time left: 300 sec this turn | 300 sec total\n|\n|t:|1783564133\n|move|p1a: Volbeat|Roost|p1a: Volbeat\n|-heal|p1a: Volbeat|263/263 par\n|move|p2a: Klefki|Dazzling Gleam|p1a: Volbeat\n|-damage|p1a: Volbeat|185/263 par\n|\n|-heal|p2a: Klefki|99/100|[from] item: Leftovers\n|-damage|p1a: Volbeat|153/263 par|[from] Leech Seed|[of] p2a: Klefki\n|-heal|p2a: Klefki|100/100|[silent]\n|upkeep\n|turn|34\n|inactive|Time left: 300 sec this turn | 300 sec total\n|\n|t:|1783564134\n|-terastallize|p2a: Klefki|Flying\n|move|p1a: Volbeat|Roost|p1a: Volbeat\n|-heal|p1a: Volbeat|263/263 par\n|move|p2a: Klefki|Dazzling Gleam|p1a: Volbeat\n|-damage|p1a: Volbeat|190/263 par\n|\n|-damage|p1a: Volbeat|158/263 par|[from] Leech Seed|[of] p2a: Klefki\n|upkeep\n|turn|35\n|inactive|Time left: 300 sec this turn | 300 sec total\n|\n|t:|1783564135\n|cant|p1a: Volbeat|par\n|move|p2a: Klefki|Dazzling Gleam|p1a: Volbeat\n|-damage|p1a: Volbeat|85/263 par\n|\n|-damage|p1a: Volbeat|53/263 par|[from] Leech Seed|[of] p2a: Klefki\n|upkeep\n|turn|36\n|inactive|Time left: 300 sec this turn | 300 sec total\n|\n|t:|1783564136\n|move|p2a: Klefki|Thunder Wave|p1a: Volbeat\n|-fail|p1a: Volbeat|par\n|move|p1a: Volbeat|Lunge|p2a: Klefki\n|-resisted|p2a: Klefki\n|-crit|p2a: Klefki\n|-damage|p2a: Klefki|77/100\n|-unboost|p2a: Klefki|atk|1\n|\n|-heal|p2a: Klefki|83/100|[from] item: Leftovers\n|-damage|p1a: Volbeat|21/263 par|[from] Leech Seed|[of] p2a: Klefki\n|-heal|p2a: Klefki|97/100|[silent]\n|upkeep\n|turn|37\n|inactive|Time left: 300 sec this turn | 300 sec total\n|\n|t:|1783564137\n|move|p2a: Klefki|Spikes|p1a: Volbeat\n|-sidestart|p1: p0x207812ed|Spikes\n|move|p1a: Volbeat|Thunder Wave|p2a: Klefki\n|-status|p2a: Klefki|par\n|\n|-heal|p2a: Klefki|100/100 par|[from] item: Leftovers\n|-damage|p1a: Volbeat|0 fnt|[from] Leech Seed|[of] p2a: Klefki\n|faint|p1a: Volbeat\n|\n|win|p0y2078e203", "uploadtime": 1783564137, "views": 0, "rating": 0, "private": 0, "password": null, "_winner": "p0y2078e203", "_our_name": "p0x207812ed"}