{"id": "battle-gen9randombattle-2262", "formatid": "gen9randombattle", "format": "[Gen 9] Random Battle", "players": ["p0x22621f38", "p0y226201cc"], "log": "|init|battle\n|title|p0x22621f38 vs. p0y226201cc\n|j|\u2606p0x22621f38\n|j|\u2606p0y226201cc\n|t:|1783565278\n|gametype|singles\n|player|p1|p0x22621f38|266|\n|player|p2|p0y226201cc|265|\n|gen|9\n|tier|[Gen 9] Random Battle\n|rule|Species Clause: Limit one of each Pok\u00e9mon\n|rule|HP Percentage Mod: HP is shown in percentages\n|rule|Sleep Clause Mod: Limit one foe put to sleep\n|rule|Illusion Level Mod: Illusion disguises the Pok\u00e9mon's true level\n|\n|t:|1783565278\n|teamsize|p1|6\n|teamsize|p2|6\n|start\n|switch|p1a: Meowstic|Meowstic-F, L89, F|277/277\n|switch|p2a: Floatzel|Floatzel, L86, M|100/100\n|turn|1\n|inactive|Battle timer is ON: inactive players will automatically lose when time's up. (requested by p0y226201cc)\n|inactive|Time left: 300 sec this turn | 300 sec total | 60 sec grace\n|\n|t:|1783565279\n|move|p2a: Floatzel|Wave Crash|p1a: Meowstic\n|-damage|p1a: Meowstic|130/277\n|-damage|p2a: Floatzel|83/100|[from] Recoil\n|move|p1a: Meowstic|Thunderbolt|p2a: Floatzel\n|-supereffective|p2a: Floatzel\n|-damage|p2a: Floatzel|0 fnt\n|faint|p2a: Floatzel\n|-damage|p1a: Meowstic|103/277|[from] item: Life Orb\n|\n|upkeep\n|inactive|p0x22621f38 also wants the timer to be on.\n|\n|t:|1783565279\n|switch|p2a: Wugtrio|Wugtrio, L91, M|100/100\n|turn|2\n|inactive|Time left: 300 sec this turn | 300 sec total\n|\n|t:|1783565280\n|switch|p1a: Vaporeon|Vaporeon, L86, M|364/364\n|move|p2a: Wugtrio|Liquidation|p1a: Vaporeon\n|-immune|p1a: Vaporeon|[from] ability: Water Absorb\n|\n|upkeep\n|turn|3\n|inactive|Time left: 300 sec this turn | 300 sec total\n|\n|t:|1783565282\n|switch|p2a: Hydrapple|Hydrapple, L83, M|100/100\n|move|p1a: Vaporeon|Scald|p2a: Hydrapple\n|-resisted|p2a: Hydrapple\n|-damage|p2a: Hydrapple|92/100\n|\n|upkeep\n|turn|4\n|inactive|Time left: 300 sec this turn | 300 sec total\n|\n|t:|1783565283\n|switch|p1a: Ninetales|Ninetales-Alola, L78, M|242/242\n|-weather|Snowscape|[from] ability: Snow Warning|[of] p1a: Ninetales\n|move|p2a: Hydrapple|Nasty Plot|p2a: Hydrapple\n|-boost|p2a: Hydrapple|spa|2\n|\n|-weather|Snowscape|[upkeep]\n|upkeep\n|turn|5\n|inactive|Time left: 300 sec this turn | 300 sec total\n|\n|t:|1783565284\n|move|p1a: Ninetales|Encore|p2a: Hydrapple\n|-start|p2a: Hydrapple|Encore\n|move|p2a: Hydrapple|Nasty Plot|p2a: Hydrapple\n|-boost|p2a: Hydrapple|spa|2\n|\n|-weather|Snowscape|[upkeep]\n|upkeep\n|turn|6\n|inactive|Time left: 300 sec this turn | 300 sec total\n|\n|t:|1783565285\n|switch|p2a: Porygon2|Porygon2, L81|100/100\n|-ability|p2a: Porygon2|Download|boost\n|-boost|p2a: Porygon2|atk|1\n|move|p1a: Ninetales|Aurora Veil|p1a: Ninetales\n|-sidestart|p1: p0x22621f38|move: Aurora Veil\n|\n|-weather|Snowscape|[upkeep]\n|upkeep\n|turn|7\n|inactive|Time left: 300 sec this turn | 300 sec total\n|\n|t:|1783565286\n|switch|p1a: Venomoth|Venomoth, L84, F|255/255\n|move|p2a: Porygon2|Discharge|p1a: Venomoth\n|-damage|p1a: Venomoth|221/255\n|\n|-weather|Snowscape|[upkeep]\n|upkeep\n|turn|8\n|inactive|Time left: 300 sec this turn | 300 sec total\n|\n|t:|1783565287\n|move|p1a: Venomoth|Quiver Dance|p1a: Venomoth\n|-boost|p1a: Venomoth|spa|1\n|-boost|p1a: Venomoth|spd|1\n|-boost|p1a: Venomoth|spe|1\n|move|p2a: Porygon2|Tri Attack|p1a: Venomoth\n|-damage|p1a: Venomoth|188/255\n|-status|p1a: Venomoth|par\n|\n|-weather|none\n|upkeep\n|turn|9\n|inactive|Time left: 300 sec this turn | 300 sec total\n|\n|t:|1783565288\n|move|p1a: Venomoth|Quiver Dance|p1a: Venomoth\n|-boost|p1a: Venomoth|spa|1\n|-boost|p1a: Venomoth|spd|1\n|-boost|p1a: Venomoth|spe|1\n|move|p2a: Porygon2|Ice Beam|p1a: Venomoth\n|-damage|p1a: Venomoth|170/255 par\n|\n|upkeep\n|turn|10\n|inactive|Time left: 300 sec this turn | 300 sec total\n|\n|t:|1783565289\n|move|p1a: Venomoth|Sludge Wave|p2a: Porygon2\n|-damage|p2a: Porygon2|53/100\n|move|p2a: Porygon2|Recover|p2a: Porygon2\n|-heal|p2a: Porygon2|100/100\n|\n|upkeep\n|turn|11\n|inactive|Time left: 300 sec this turn | 300 sec total\n|\n|t:|1783565291\n|move|p1a: Venomoth|Bug Buzz|p2a: Porygon2\n|-damage|p2a: Porygon2|60/100\n|move|p2a: Porygon2|Recover|p2a: Porygon2\n|-heal|p2a: Porygon2|100/100\n|\n|upkeep\n|turn|12\n|inactive|Time left: 300 sec this turn | 300 sec total\n|\n|t:|1783565292\n|move|p1a: Venomoth|Bug Buzz|p2a: Porygon2\n|-damage|p2a: Porygon2|60/100\n|move|p2a: Porygon2|Tri Attack|p1a: Venomoth\n|-damage|p1a: Venomoth|147/255 par\n|\n|upkeep\n|turn|13\n|inactive|Time left: 300 sec this turn | 300 sec total\n|\n|t:|1783565293\n|move|p1a: Venomoth|Sludge Wave|p2a: Porygon2\n|-damage|p2a: Porygon2|19/100\n|move|p2a: Porygon2|Recover|p2a: Porygon2\n|-heal|p2a: Porygon2|69/100\n|\n|-sideend|p1: p0x22621f38|move: Aurora Veil\n|upkeep\n|turn|14\n|inactive|Time left: 300 sec this turn | 300 sec total\n|\n|t:|1783565294\n|cant|p1a: Venomoth|par\n|move|p2a: Porygon2|Recover|p2a: Porygon2\n|-heal|p2a: Porygon2|100/100\n|\n|upkeep\n|turn|15\n|inactive|Time left: 300 sec this turn | 300 sec total\n|\n|t:|1783565295\n|move|p1a: Venomoth|Sludge Wave|p2a: Porygon2\n|-damage|p2a: Porygon2|56/100\n|move|p2a: Porygon2|Recover|p2a: Porygon2\n|-heal|p2a: Porygon2|100/100\n|\n|upkeep\n|turn|16\n|inactive|Time left: 300 sec this turn | 300 sec total\n|\n|t:|1783565296\n|move|p1a: Venomoth|Bug Buzz|p2a: Porygon2\n|-damage|p2a: Porygon2|59/100\n|move|p2a: Porygon2|Ice Beam|p1a: Venomoth\n|-damage|p1a: Venomoth|112/255 par\n|\n|upkeep\n|turn|17\n|inactive|Time left: 300 sec this turn | 300 sec total\n|\n|t:|1783565297\n|cant|p1a: Venomoth|par\n|move|p2a: Porygon2|Recover|p2a: Porygon2\n|-heal|p2a: Porygon2|100/100\n|\n|upkeep\n|turn|18\n|inactive|Time left: 300 sec this turn | 300 sec total\n|\n|t:|1783565298\n|move|p1a: Venomoth|Sludge Wave|p2a: Porygon2\n|-damage|p2a: Porygon2|56/100\n|move|p2a: Porygon2|Recover|p2a: Porygon2\n|-heal|p2a: Porygon2|100/100\n|\n|upkeep\n|turn|19\n|inactive|Time left: 300 sec this turn | 300 sec total\n|\n|t:|1783565299\n|switch|p2a: Wugtrio|Wugtrio, L91, M|100/100\n|cant|p1a: Venomoth|par\n|\n|upkeep\n|turn|20\n|inactive|Time left: 300 sec this turn | 300 sec total\n|\n|t:|1783565300\n|move|p2a: Wugtrio|Throat Chop|p1a: Venomoth\n|-damage|p1a: Venomoth|0 fnt\n|faint|p1a: Venomoth\n|\n|upkeep\n|inactive|Time left: 300 sec this turn | 300 sec total | 5 sec grace\n|\n|t:|1783565301\n|switch|p1a: Ninetales|Ninetales-Alola, L78, M|242/242\n|-weather|Snowscape|[from] ability: Snow Warning|[of] p1a: Ninetales\n|turn|21\n|inactive|Time left: 300 sec this turn | 300 sec total\n|\n|t:|1783565302\n|move|p2a: Wugtrio|Throat Chop|p1a: Ninetales\n|-resisted|p1a: Ninetales\n|-damage|p1a: Ninetales|205/242\n|-start|p1a: Ninetales|Throat Chop|[silent]\n|move|p1a: Ninetales|Aurora Veil|p1a: Ninetales\n|-sidestart|p1: p0x22621f38|move: Aurora Veil\n|\n|-weather|Snowscape|[upkeep]\n|upkeep\n|turn|22\n|inactive|Time left: 300 sec this turn | 300 sec total\n|\n|t:|1783565303\n|switch|p2a: Porygon2|Porygon2, L81|100/100\n|-ability|p2a: Porygon2|Download|boost\n|-boost|p2a: Porygon2|atk|1\n|move|p1a: Ninetales|Moonblast|p2a: Porygon2\n|-damage|p2a: Porygon2|82/100\n|\n|-weather|Snowscape|[upkeep]\n|-end|p1a: Ninetales|Throat Chop|[silent]\n|upkeep\n|turn|23\n|inactive|Time left: 300 sec this turn | 300 sec total\n|\n|t:|1783565305\n|move|p1a: Ninetales|Moonblast|p2a: Porygon2\n|-damage|p2a: Porygon2|65/100\n|-unboost|p2a: Porygon2|spa|1\n|move|p2a: Porygon2|Tri Attack|p1a: Ninetales\n|-damage|p1a: Ninetales|177/242\n|\n|-weather|Snowscape|[upkeep]\n|upkeep\n|turn|24\n|inactive|Time left: 300 sec this turn | 300 sec total\n|\n|t:|1783565306\n|switch|p1a: Meowstic|Meowstic-F, L89, F|103/277\n|move|p2a: Porygon2|Discharge|p1a: Meowstic\n|-damage|p1a: Meowstic|84/277\n|\n|-weather|Snowscape|[upkeep]\n|upkeep\n|turn|25\n|inactive|Time left: 300 sec this turn | 300 sec total\n|\n|t:|1783565307\n|move|p1a: Meowstic|Nasty Plot|p1a: Meowstic\n|-boost|p1a: Meowstic|spa|2\n|move|p2a: Porygon2|Recover|p2a: Porygon2\n|-heal|p2a: Porygon2|100/100\n|\n|-weather|none\n|upkeep\n|turn|26\n|inactive|Time left: 300 sec this turn | 300 sec total\n|\n|t:|1783565308\n|move|p1a: Meowstic|Psychic|p2a: Porygon2\n|-damage|p2a: Porygon2|42/100\n|-damage|p1a: Meowstic|57/277|[from] item: Life Orb\n|move|p2a: Porygon2|Discharge|p1a: Meowstic\n|-damage|p1a: Meowstic|39/277\n|\n|upkeep\n|turn|27\n|inactive|Time left: 300 sec this turn | 300 sec total\n|\n|t:|1783565309\n|move|p1a: Meowstic|Psychic|p2a: Porygon2\n|-damage|p2a: Porygon2|0 fnt\n|faint|p2a: Porygon2\n|-damage|p1a: Meowstic|12/277|[from] item: Life Orb\n|\n|upkeep\n|\n|t:|1783565310\n|switch|p2a: Wugtrio|Wugtrio, L91, M|100/100\n|turn|28\n|inactive|Time left: 300 sec this turn | 300 sec total\n|\n|t:|1783565311\n|switch|p1a: Ninetales|Ninetales-Alola, L78, M|177/242\n|-weather|Snowscape|[from] ability: Snow Warning|[of] p1a: Ninetales\n|move|p2a: Wugtrio|Liquidation|p1a: Ninetales\n|-damage|p1a: Ninetales|106/242\n|\n|-weather|Snowscape|[upkeep]\n|-sideend|p1: p0x22621f38|move: Aurora Veil\n|upkeep\n|turn|29\n|inactive|Time left: 300 sec this turn | 300 sec total\n|\n|t:|1783565312\n|switch|p1a: Vaporeon|Vaporeon, L86, M|364/364\n|move|p2a: Wugtrio|Liquidation|p1a: Vaporeon\n|-immune|p1a: Vaporeon|[from] ability: Water Absorb\n|\n|-weather|Snowscape|[upkeep]\n|upkeep\n|turn|30\n|inactive|Time left: 300 sec this turn | 300 sec total\n|\n|t:|1783565313\n|move|p2a: Wugtrio|Liquidation|p1a: Vaporeon\n|-immune|p1a: Vaporeon|[from] ability: Water Absorb\n|move|p1a: Vaporeon|Scald|p2a: Wugtrio\n|-resisted|p2a: Wugtrio\n|-crit|p2a: Wugtrio\n|-damage|p2a: Wugtrio|62/100\n|-status|p2a: Wugtrio|brn\n|\n|-weather|Snowscape|[upkeep]\n|-damage|p2a: Wugtrio|56/100 brn|[from] brn\n|upkeep\n|turn|31\n|inactive|Time left: 300 sec this turn | 300 sec total\n|\n|t:|1783565314\n|move|p2a: Wugtrio|Liquidation|p1a: Vaporeon\n|-immune|p1a: Vaporeon|[from] ability: Water Absorb\n|move|p1a: Vaporeon|Wish|p1a: Vaporeon\n|\n|-weather|Snowscape|[upkeep]\n|-damage|p2a: Wugtrio|50/100 brn|[from] brn\n|upkeep\n|turn|32\n|inactive|Time left: 300 sec this turn | 300 sec total\n|\n|t:|1783565315\n|move|p2a: Wugtrio|Liquidation|p1a: Vaporeon\n|-immune|p1a: Vaporeon|[from] ability: Water Absorb\n|move|p1a: Vaporeon|Flip Turn|p2a: Wugtrio\n|-resisted|p2a: Wugtrio\n|-damage|p2a: Wugtrio|34/100 brn\n|-ability|p2a: Wugtrio|Gooey\n|-unboost|p1a: Vaporeon|spe|1\n|inactive|Time left: 300 sec this turn | 300 sec total | 5 sec grace\n|\n|t:|1783565315\n|switch|p1a: Meowstic|Meowstic-F, L89, F|12/277|[from] Flip Turn\n|\n|-weather|none\n|-heal|p1a: Meowstic|194/277|[from] move: Wish|[wisher] Vaporeon\n|-damage|p2a: Wugtrio|28/100 brn|[from] brn\n|upkeep\n|turn|33\n|inactive|Time left: 300 sec this turn | 300 sec total\n|\n|t:|1783565316\n|switch|p1a: Milotic|Milotic, L83, M|293/293\n|move|p2a: Wugtrio|Liquidation|p1a: Milotic\n|-resisted|p1a: Milotic\n|-damage|p1a: Milotic|248/293\n|-unboost|p1a: Milotic|def|1\n|-ability|p1a: Milotic|Competitive|boost\n|-boost|p1a: Milotic|spa|2\n|\n|-heal|p1a: Milotic|266/293|[from] item: Leftovers\n|-damage|p2a: Wugtrio|22/100 brn|[from] brn\n|upkeep\n|turn|34\n|inactive|Time left: 300 sec this turn | 300 sec total\n|\n|t:|1783565317\n|move|p2a: Wugtrio|Liquidation|p1a: Milotic\n|-resisted|p1a: Milotic\n|-damage|p1a: Milotic|202/293\n|-unboost|p1a: Milotic|def|1\n|-ability|p1a: Milotic|Competitive|boost\n|-boost|p1a: Milotic|spa|2\n|move|p1a: Milotic|Ice Beam|p2a: Wugtrio\n|-resisted|p2a: Wugtrio\n|-damage|p2a: Wugtrio|0 fnt\n|faint|p2a: Wugtrio\n|\n|-heal|p1a: Milotic|220/293|[from] item: Leftovers\n|upkeep\n|\n|t:|1783565318\n|switch|p2a: Hydrapple|Hydrapple, L83, M|100/100\n|turn|35\n|inactive|Time left: 300 sec this turn | 300 sec total\n|\n|t:|1783565319\n|-terastallize|p2a: Hydrapple|Steel\n|move|p1a: Milotic|Ice Beam|p2a: Hydrapple\n|-resisted|p2a: Hydrapple\n|-damage|p2a: Hydrapple|69/100\n|move|p2a: Hydrapple|Giga Drain|p1a: Milotic\n|-supereffective|p1a: Milotic\n|-damage|p1a: Milotic|46/293\n|-heal|p2a: Hydrapple|97/100|[from] drain|[of] p1a: Milotic\n|-damage|p2a: Hydrapple|87/100|[from] item: Life Orb\n|\n|-heal|p1a: Milotic|64/293|[from] item: Leftovers\n|upkeep\n|turn|36\n|inactive|Time left: 300 sec this turn | 300 sec total\n|\n|t:|1783565320\n|move|p1a: Milotic|Scald|p2a: Hydrapple\n|-damage|p2a: Hydrapple|0 fnt\n|faint|p2a: Hydrapple\n|\n|-heal|p1a: Milotic|82/293|[from] item: Leftovers\n|upkeep\n|\n|t:|1783565321\n|switch|p2a: Gholdengo|Gholdengo, L77|100/100\n|turn|37\n|inactive|Time left: 300 sec this turn | 300 sec total\n|\n|t:|1783565322\n|move|p1a: Milotic|Scald|p2a: Gholdengo\n|-damage|p2a: Gholdengo|4/100\n|move|p2a: Gholdengo|Nasty Plot|p2a: Gholdengo\n|-boost|p2a: Gholdengo|spa|2\n|\n|-heal|p1a: Milotic|100/293|[from] item: Leftovers\n|-heal|p2a: Gholdengo|10/100|[from] item: Leftovers\n|upkeep\n|turn|38\n|inactive|Time left: 300 sec this turn | 300 sec total\n|\n|t:|1783565323\n|move|p1a: Milotic|Scald|p2a: Gholdengo\n|-damage|p2a: Gholdengo|0 fnt\n|faint|p2a: Gholdengo\n|\n|-heal|p1a: Milotic|118/293|[from] item: Leftovers\n|upkeep\n|\n|t:|1783565323\n|switch|p2a: Terapagos|Terapagos, L77, F|100/100\n|-activate|p2a: Terapagos|ability: Tera Shift\n|detailschange|p2a: Terapagos|Terapagos-Terastal, L77, F\n|-heal|p2a: Terapagos|100/100|[silent]\n|turn|39\n|inactive|Time left: 300 sec this turn | 300 sec total\n|\n|t:|1783565324\n|move|p1a: Milotic|Ice Beam|p2a: Terapagos\n|-activate|p2a: Terapagos|ability: Tera Shell\n|-resisted|p2a: Terapagos\n|-damage|p2a: Terapagos|66/100\n|move|p2a: Terapagos|Rest|p2a: Terapagos\n|-status|p2a: Terapagos|slp|[from] move: Rest\n|-heal|p2a: Terapagos|100/100 slp|[silent]\n|-enditem|p2a: Terapagos|Chesto Berry|[eat]\n|-curestatus|p2a: Terapagos|slp|[msg]\n|\n|-heal|p1a: Milotic|136/293|[from] item: Leftovers\n|upkeep\n|turn|40\n|inactive|Time left: 300 sec this turn | 300 sec total\n|\n|t:|1783565325\n|move|p1a: Milotic|Ice Beam|p2a: Terapagos\n|-activate|p2a: Terapagos|ability: Tera Shell\n|-resisted|p2a: Terapagos\n|-damage|p2a: Terapagos|66/100\n|move|p2a: Terapagos|Rest|p2a: Terapagos\n|-status|p2a: Terapagos|slp|[from] move: Rest\n|-heal|p2a: Terapagos|100/100 slp|[silent]\n|\n|-heal|p1a: Milotic|154/293|[from] item: Leftovers\n|upkeep\n|turn|41\n|inactive|Time left: 300 sec this turn | 300 sec total\n|\n|t:|1783565326\n|move|p1a: Milotic|Scald|p2a: Terapagos\n|-activate|p2a: Terapagos|ability: Tera Shell\n|-resisted|p2a: Terapagos\n|-damage|p2a: Terapagos|54/100 slp\n|cant|p2a: Terapagos|slp\n|\n|-heal|p1a: Milotic|172/293|[from] item: Leftovers\n|upkeep\n|turn|42\n|inactive|Time left: 300 sec this turn | 300 sec total\n|\n|t:|1783565327\n|-terastallize|p1a: Milotic|Steel\n|move|p1a: Milotic|Ice Beam|p2a: Terapagos\n|-damage|p2a: Terapagos|0 fnt\n|faint|p2a: Terapagos\n|\n|win|p0x22621f38", "uploadtime": 1783565327, "views": 0, "rating": 0, "private": 0, "password": null, "_winner": "p0x22621f38", "_our_name": "p0x22621f38"}