{"id": "battle-gen9randombattle-1121", "formatid": "gen9randombattle", "format": "[Gen 9] Random Battle", "players": ["p0x112141ec", "p0y1121623e"], "log": "|init|battle\n|title|p0x112141ec vs. p0y1121623e\n|j|\u2606p0x112141ec\n|j|\u2606p0y1121623e\n|t:|1783552956\n|gametype|singles\n|player|p1|p0x112141ec|102|\n|player|p2|p0y1121623e|170|\n|gen|9\n|tier|[Gen 9] Random Battle\n|rule|Species Clause: Limit one of each Pok\u00e9mon\n|rule|HP Percentage Mod: HP is shown in percentages\n|rule|Sleep Clause Mod: Limit one foe put to sleep\n|rule|Illusion Level Mod: Illusion disguises the Pok\u00e9mon's true level\n|\n|t:|1783552956\n|teamsize|p1|6\n|teamsize|p2|6\n|start\n|switch|p1a: Hippowdon|Hippowdon, L82, M|100/100\n|switch|p2a: Kyogre|Kyogre, L71|259/259\n|-weather|RainDance|[from] ability: Drizzle|[of] p2a: Kyogre\n|-weather|Sandstorm|[from] ability: Sand Stream|[of] p1a: Hippowdon\n|turn|1\n|inactive|Battle timer is ON: inactive players will automatically lose when time's up. (requested by p0x112141ec)\n|inactive|Time left: 300 sec this turn | 300 sec total | 60 sec grace\n|\n|t:|1783552957\n|switch|p1a: Oinkologne|Oinkologne-F, L92, F|100/100\n|move|p2a: Kyogre|Origin Pulse|p1a: Oinkologne\n|-damage|p1a: Oinkologne|71/100\n|\n|-weather|Sandstorm|[upkeep]\n|-damage|p1a: Oinkologne|64/100|[from] Sandstorm\n|-damage|p2a: Kyogre|243/259|[from] Sandstorm\n|-heal|p1a: Oinkologne|71/100|[from] item: Leftovers\n|-heal|p2a: Kyogre|259/259|[from] item: Leftovers\n|upkeep\n|turn|2\n|inactive|Time left: 300 sec this turn | 300 sec total\n|inactive|p0y1121623e also wants the timer to be on.\n|\n|t:|1783552958\n|move|p1a: Oinkologne|Body Slam|p2a: Kyogre\n|-damage|p2a: Kyogre|132/259\n|move|p2a: Kyogre|Calm Mind|p2a: Kyogre\n|-boost|p2a: Kyogre|spa|1\n|-boost|p2a: Kyogre|spd|1\n|\n|-weather|Sandstorm|[upkeep]\n|-damage|p1a: Oinkologne|64/100|[from] Sandstorm\n|-damage|p2a: Kyogre|116/259|[from] Sandstorm\n|-heal|p1a: Oinkologne|71/100|[from] item: Leftovers\n|-heal|p2a: Kyogre|132/259|[from] item: Leftovers\n|upkeep\n|turn|3\n|inactive|Time left: 300 sec this turn | 300 sec total\n|\n|t:|1783552959\n|-terastallize|p2a: Kyogre|Steel\n|move|p1a: Oinkologne|Body Slam|p2a: Kyogre\n|-resisted|p2a: Kyogre\n|-damage|p2a: Kyogre|74/259\n|move|p2a: Kyogre|Origin Pulse|p1a: Oinkologne\n|-damage|p1a: Oinkologne|30/100\n|\n|-weather|Sandstorm|[upkeep]\n|-damage|p1a: Oinkologne|23/100|[from] Sandstorm\n|-heal|p1a: Oinkologne|30/100|[from] item: Leftovers\n|-heal|p2a: Kyogre|90/259|[from] item: Leftovers\n|upkeep\n|turn|4\n|inactive|Time left: 300 sec this turn | 300 sec total\n|\n|t:|1783552961\n|move|p1a: Oinkologne|High Horsepower|p2a: Kyogre|[miss]\n|-miss|p1a: Oinkologne|p2a: Kyogre\n|move|p2a: Kyogre|Origin Pulse|p1a: Oinkologne|[miss]\n|-miss|p2a: Kyogre|p1a: Oinkologne\n|\n|-weather|Sandstorm|[upkeep]\n|-damage|p1a: Oinkologne|23/100|[from] Sandstorm\n|-heal|p1a: Oinkologne|30/100|[from] item: Leftovers\n|-heal|p2a: Kyogre|106/259|[from] item: Leftovers\n|upkeep\n|turn|5\n|inactive|Time left: 300 sec this turn | 300 sec total\n|\n|t:|1783552962\n|move|p1a: Oinkologne|High Horsepower|p2a: Kyogre\n|-supereffective|p2a: Kyogre\n|-damage|p2a: Kyogre|0 fnt\n|faint|p2a: Kyogre\n|\n|-weather|none\n|-heal|p1a: Oinkologne|36/100|[from] item: Leftovers\n|upkeep\n|inactive|Time left: 300 sec this turn | 300 sec total | 5 sec grace\n|\n|t:|1783552963\n|switch|p2a: Araquanid|Araquanid, L82, M|246/246\n|turn|6\n|inactive|Time left: 300 sec this turn | 300 sec total\n|\n|t:|1783552964\n|move|p1a: Oinkologne|Body Slam|p2a: Araquanid\n|-damage|p2a: Araquanid|146/246\n|move|p2a: Araquanid|Sticky Web|p1a: Oinkologne\n|-sidestart|p1: p0x112141ec|move: Sticky Web\n|\n|-heal|p1a: Oinkologne|42/100|[from] item: Leftovers\n|upkeep\n|turn|7\n|inactive|Time left: 300 sec this turn | 300 sec total\n|\n|t:|1783552965\n|move|p1a: Oinkologne|Body Slam|p2a: Araquanid\n|-damage|p2a: Araquanid|46/246\n|-status|p2a: Araquanid|par\n|move|p2a: Araquanid|Liquidation|p1a: Oinkologne\n|-damage|p1a: Oinkologne|2/100\n|\n|-heal|p1a: Oinkologne|8/100|[from] item: Leftovers\n|upkeep\n|turn|8\n|inactive|Time left: 300 sec this turn | 300 sec total\n|\n|t:|1783552966\n|switch|p2a: Stantler|Stantler, L92, M|284/284\n|-ability|p2a: Stantler|Intimidate|boost\n|-unboost|p1a: Oinkologne|atk|1\n|move|p1a: Oinkologne|Body Slam|p2a: Stantler\n|-damage|p2a: Stantler|229/284\n|\n|-heal|p1a: Oinkologne|14/100|[from] item: Leftovers\n|upkeep\n|turn|9\n|inactive|Time left: 300 sec this turn | 300 sec total\n|\n|t:|1783552967\n|move|p2a: Stantler|Earth Power|p1a: Oinkologne\n|-damage|p1a: Oinkologne|0 fnt\n|faint|p1a: Oinkologne\n|\n|upkeep\n|\n|t:|1783552968\n|switch|p1a: Venomoth|Venomoth, L84, F|100/100\n|turn|10\n|inactive|Time left: 300 sec this turn | 300 sec total\n|\n|t:|1783552969\n|move|p2a: Stantler|Tera Blast|p1a: Venomoth\n|-damage|p1a: Venomoth|60/100\n|move|p1a: Venomoth|Quiver Dance|p1a: Venomoth\n|-boost|p1a: Venomoth|spa|1\n|-boost|p1a: Venomoth|spd|1\n|-boost|p1a: Venomoth|spe|1\n|\n|upkeep\n|turn|11\n|inactive|Time left: 300 sec this turn | 300 sec total\n|\n|t:|1783552970\n|move|p1a: Venomoth|Quiver Dance|p1a: Venomoth\n|-boost|p1a: Venomoth|spa|1\n|-boost|p1a: Venomoth|spd|1\n|-boost|p1a: Venomoth|spe|1\n|move|p2a: Stantler|Calm Mind|p2a: Stantler\n|-boost|p2a: Stantler|spa|1\n|-boost|p2a: Stantler|spd|1\n|\n|upkeep\n|turn|12\n|inactive|Time left: 300 sec this turn | 300 sec total\n|\n|t:|1783552971\n|move|p1a: Venomoth|Sludge Wave|p2a: Stantler\n|-damage|p2a: Stantler|138/284\n|move|p2a: Stantler|Tera Blast|p1a: Venomoth\n|-damage|p1a: Venomoth|31/100\n|\n|upkeep\n|turn|13\n|inactive|Time left: 300 sec this turn | 300 sec total\n|\n|t:|1783552972\n|move|p1a: Venomoth|Bug Buzz|p2a: Stantler\n|-damage|p2a: Stantler|54/284\n|move|p2a: Stantler|Tera Blast|p1a: Venomoth\n|-damage|p1a: Venomoth|0 fnt\n|faint|p1a: Venomoth\n|\n|upkeep\n|\n|t:|1783552974\n|switch|p1a: Regidrago|Regidrago, L77|100/100\n|-activate|p1a: Regidrago|move: Sticky Web\n|-unboost|p1a: Regidrago|spe|1\n|turn|14\n|inactive|Time left: 300 sec this turn | 300 sec total\n|\n|t:|1783552975\n|move|p2a: Stantler|Tera Blast|p1a: Regidrago\n|-damage|p1a: Regidrago|54/100\n|move|p1a: Regidrago|Dragon Energy|p2a: Stantler\n|-damage|p2a: Stantler|0 fnt\n|faint|p2a: Stantler\n|\n|upkeep\n|inactive|Time left: 300 sec this turn | 300 sec total | 5 sec grace\n|\n|t:|1783552976\n|switch|p2a: Hawlucha|Hawlucha, L80, F|256/256\n|turn|15\n|inactive|Time left: 300 sec this turn | 300 sec total\n|\n|t:|1783552977\n|switch|p1a: Hippowdon|Hippowdon, L82, M|100/100\n|-activate|p1a: Hippowdon|move: Sticky Web\n|-unboost|p1a: Hippowdon|spe|1\n|-weather|Sandstorm|[from] ability: Sand Stream|[of] p1a: Hippowdon\n|move|p2a: Hawlucha|Swords Dance|p2a: Hawlucha\n|-boost|p2a: Hawlucha|atk|2\n|\n|-weather|Sandstorm|[upkeep]\n|-damage|p2a: Hawlucha|240/256|[from] Sandstorm\n|upkeep\n|turn|16\n|inactive|Time left: 300 sec this turn | 300 sec total\n|\n|t:|1783552978\n|move|p2a: Hawlucha|Close Combat|p1a: Hippowdon\n|-damage|p1a: Hippowdon|46/100\n|-unboost|p2a: Hawlucha|def|1\n|-unboost|p2a: Hawlucha|spd|1\n|-enditem|p2a: Hawlucha|White Herb\n|-clearnegativeboost|p2a: Hawlucha|[silent]\n|move|p1a: Hippowdon|Curse|p1a: Hippowdon\n|-unboost|p1a: Hippowdon|spe|1\n|-boost|p1a: Hippowdon|atk|1\n|-boost|p1a: Hippowdon|def|1\n|\n|-weather|Sandstorm|[upkeep]\n|-damage|p2a: Hawlucha|224/256|[from] Sandstorm\n|-heal|p1a: Hippowdon|53/100|[from] item: Leftovers\n|upkeep\n|turn|17\n|inactive|Time left: 300 sec this turn | 300 sec total\n|\n|t:|1783552979\n|move|p2a: Hawlucha|Acrobatics|p1a: Hippowdon\n|-damage|p1a: Hippowdon|14/100\n|move|p1a: Hippowdon|Stone Edge|p2a: Hawlucha\n|-damage|p2a: Hawlucha|99/256\n|\n|-weather|Sandstorm|[upkeep]\n|-damage|p2a: Hawlucha|83/256|[from] Sandstorm\n|-heal|p1a: Hippowdon|20/100|[from] item: Leftovers\n|upkeep\n|turn|18\n|inactive|Time left: 300 sec this turn | 300 sec total\n|\n|t:|1783552980\n|move|p2a: Hawlucha|Close Combat|p1a: Hippowdon\n|-damage|p1a: Hippowdon|0 fnt\n|-unboost|p2a: Hawlucha|def|1\n|-unboost|p2a: Hawlucha|spd|1\n|faint|p1a: Hippowdon\n|\n|-weather|Sandstorm|[upkeep]\n|-damage|p2a: Hawlucha|67/256|[from] Sandstorm\n|upkeep\n|\n|t:|1783552981\n|switch|p1a: Slither Wing|Slither Wing, L81|100/100\n|-activate|p1a: Slither Wing|move: Sticky Web\n|-unboost|p1a: Slither Wing|spe|1\n|turn|19\n|inactive|Time left: 300 sec this turn | 300 sec total\n|\n|t:|1783552982\n|move|p1a: Slither Wing|First Impression|p2a: Hawlucha\n|-resisted|p2a: Hawlucha\n|-damage|p2a: Hawlucha|0 fnt\n|faint|p2a: Hawlucha\n|-damage|p1a: Slither Wing|90/100|[from] item: Life Orb\n|\n|-weather|none\n|upkeep\n|inactive|Time left: 300 sec this turn | 300 sec total | 5 sec grace\n|\n|t:|1783552982\n|switch|p2a: Annihilape|Annihilape, L76, F|292/292\n|turn|20\n|inactive|Time left: 300 sec this turn | 300 sec total\n|\n|t:|1783552983\n|-end|p1a: Slither Wing|Protosynthesis|[silent]\n|switch|p1a: Magnezone|Magnezone, L85|100/100\n|-activate|p1a: Magnezone|move: Sticky Web\n|-unboost|p1a: Magnezone|spe|1\n|move|p2a: Annihilape|Bulk Up|p2a: Annihilape\n|-boost|p2a: Annihilape|atk|1\n|-boost|p2a: Annihilape|def|1\n|\n|upkeep\n|turn|21\n|inactive|Time left: 300 sec this turn | 300 sec total\n|\n|t:|1783552984\n|-terastallize|p1a: Magnezone|Fighting\n|move|p2a: Annihilape|Drain Punch|p1a: Magnezone\n|-damage|p1a: Magnezone|66/100\n|move|p1a: Magnezone|Thunderbolt|p2a: Annihilape\n|-damage|p2a: Annihilape|148/292\n|\n|upkeep\n|turn|22\n|inactive|Time left: 300 sec this turn | 300 sec total\n|\n|t:|1783552985\n|move|p2a: Annihilape|Drain Punch|p1a: Magnezone\n|-damage|p1a: Magnezone|30/100\n|-heal|p2a: Annihilape|194/292|[from] drain|[of] p1a: Magnezone\n|move|p1a: Magnezone|Thunderbolt|p2a: Annihilape\n|-damage|p2a: Annihilape|56/292\n|\n|upkeep\n|turn|23\n|inactive|Time left: 300 sec this turn | 300 sec total\n|\n|t:|1783552986\n|move|p2a: Annihilape|Drain Punch|p1a: Magnezone\n|-damage|p1a: Magnezone|0 fnt\n|-heal|p2a: Annihilape|95/292|[from] drain|[of] p1a: Magnezone\n|faint|p1a: Magnezone\n|\n|upkeep\n|\n|t:|1783552987\n|switch|p1a: Regidrago|Regidrago, L77|54/100\n|-activate|p1a: Regidrago|move: Sticky Web\n|-unboost|p1a: Regidrago|spe|1\n|turn|24\n|inactive|Time left: 300 sec this turn | 300 sec total\n|\n|t:|1783552988\n|move|p2a: Annihilape|Rest|p2a: Annihilape\n|-status|p2a: Annihilape|slp|[from] move: Rest\n|-heal|p2a: Annihilape|292/292 slp|[silent]\n|-enditem|p2a: Annihilape|Chesto Berry|[eat]\n|-curestatus|p2a: Annihilape|slp|[msg]\n|move|p1a: Regidrago|Outrage|p2a: Annihilape\n|-damage|p2a: Annihilape|154/292\n|\n|upkeep\n|turn|25\n|inactive|Time left: 300 sec this turn | 300 sec total\n|\n|t:|1783552990\n|move|p2a: Annihilape|Bulk Up|p2a: Annihilape\n|-boost|p2a: Annihilape|atk|1\n|-boost|p2a: Annihilape|def|1\n|move|p1a: Regidrago|Outrage|p2a: Annihilape|[from] lockedmove\n|-damage|p2a: Annihilape|64/292\n|\n|upkeep\n|turn|26\n|inactive|Time left: 300 sec this turn | 300 sec total\n|\n|t:|1783552991\n|move|p2a: Annihilape|Drain Punch|p1a: Regidrago\n|-damage|p1a: Regidrago|0 fnt\n|-heal|p2a: Annihilape|181/292|[from] drain|[of] p1a: Regidrago\n|faint|p1a: Regidrago\n|\n|upkeep\n|\n|t:|1783552992\n|switch|p1a: Slither Wing|Slither Wing, L81|90/100\n|-activate|p1a: Slither Wing|move: Sticky Web\n|-unboost|p1a: Slither Wing|spe|1\n|turn|27\n|inactive|Time left: 300 sec this turn | 300 sec total\n|\n|t:|1783552992\n|move|p1a: Slither Wing|First Impression|p2a: Annihilape\n|-resisted|p2a: Annihilape\n|-damage|p2a: Annihilape|159/292\n|-damage|p1a: Slither Wing|80/100|[from] item: Life Orb\n|move|p2a: Annihilape|Rage Fist|p1a: Slither Wing\n|-damage|p1a: Slither Wing|0 fnt\n|faint|p1a: Slither Wing\n|-end|p1a: Slither Wing|Protosynthesis|[silent]\n|\n|win|p0y1121623e", "uploadtime": 1783552992, "views": 0, "rating": 0, "private": 0, "password": null, "_winner": "p0y1121623e", "_our_name": "p0y1121623e"}