{"id": "battle-gen9randombattle-245", "formatid": "gen9randombattle", "format": "[Gen 9] Random Battle", "players": ["p0x2458ca7", "p0y245d338"], "log": "|init|battle\n|title|p0x2458ca7 vs. p0y245d338\n|j|\u2606p0x2458ca7\n|j|\u2606p0y245d338\n|t:|1783542419\n|gametype|singles\n|player|p1|p0x2458ca7|265|\n|player|p2|p0y245d338|101|\n|gen|9\n|tier|[Gen 9] Random Battle\n|rule|Species Clause: Limit one of each Pok\u00e9mon\n|rule|HP Percentage Mod: HP is shown in percentages\n|rule|Sleep Clause Mod: Limit one foe put to sleep\n|rule|Illusion Level Mod: Illusion disguises the Pok\u00e9mon's true level\n|\n|t:|1783542419\n|teamsize|p1|6\n|teamsize|p2|6\n|start\n|switch|p1a: Dewgong|Dewgong, L94, M|100/100\n|switch|p2a: Ogerpon|Ogerpon-Cornerstone, L76, F|247/247\n|turn|1\n|inactive|Battle timer is ON: inactive players will automatically lose when time's up. (requested by p0y245d338)\n|\n|t:|1783542420\n|move|p2a: Ogerpon|Ivy Cudgel|p1a: Dewgong|[anim] Ivy Cudgel Rock\n|-supereffective|p1a: Dewgong\n|-damage|p1a: Dewgong|22/100\n|move|p1a: Dewgong|Ice Beam|p2a: Ogerpon\n|-supereffective|p2a: Ogerpon\n|-damage|p2a: Ogerpon|59/247\n|\n|upkeep\n|turn|2\n|inactive|Time left: 300 sec this turn | 300 sec total\n|inactive|p0x2458ca7 also wants the timer to be on.\n|\n|t:|1783542422\n|move|p2a: Ogerpon|Ivy Cudgel|p1a: Dewgong|[anim] Ivy Cudgel Rock\n|-supereffective|p1a: Dewgong\n|-damage|p1a: Dewgong|0 fnt\n|faint|p1a: Dewgong\n|\n|upkeep\n|\n|t:|1783542423\n|switch|p1a: Iron Valiant|Iron Valiant, L78|100/100\n|turn|3\n|inactive|Time left: 300 sec this turn | 300 sec total\n|\n|t:|1783542424\n|switch|p2a: Hydrapple|Hydrapple, L83, F|312/312\n|move|p1a: Iron Valiant|Spirit Break|p2a: Hydrapple\n|-supereffective|p2a: Hydrapple\n|-damage|p2a: Hydrapple|130/312\n|-unboost|p2a: Hydrapple|spa|1\n|-damage|p1a: Iron Valiant|91/100|[from] item: Life Orb\n|\n|-heal|p2a: Hydrapple|149/312|[from] item: Leftovers\n|upkeep\n|turn|4\n|inactive|Time left: 300 sec this turn | 300 sec total\n|\n|t:|1783542425\n|switch|p2a: Rotom|Rotom, L88|231/231\n|move|p1a: Iron Valiant|Swords Dance|p1a: Iron Valiant\n|-boost|p1a: Iron Valiant|atk|2\n|\n|upkeep\n|turn|5\n|inactive|Time left: 300 sec this turn | 300 sec total\n|\n|t:|1783542426\n|switch|p2a: Ogerpon|Ogerpon-Cornerstone, L76, F|59/247\n|move|p1a: Iron Valiant|Spirit Break|p2a: Ogerpon\n|-damage|p2a: Ogerpon|0 fnt\n|faint|p2a: Ogerpon\n|-damage|p1a: Iron Valiant|81/100|[from] item: Life Orb\n|\n|upkeep\n|inactive|Time left: 300 sec this turn | 300 sec total | 5 sec grace\n|\n|t:|1783542427\n|switch|p2a: Rampardos|Rampardos, L90, M|321/321\n|turn|6\n|inactive|Time left: 300 sec this turn | 300 sec total\n|\n|t:|1783542428\n|switch|p2a: Rotom|Rotom, L88|231/231\n|move|p1a: Iron Valiant|Close Combat|p2a: Rotom\n|-immune|p2a: Rotom\n|\n|upkeep\n|turn|7\n|inactive|Time left: 300 sec this turn | 300 sec total\n|\n|t:|1783542429\n|switch|p2a: Rampardos|Rampardos, L90, M|321/321\n|move|p1a: Iron Valiant|Spirit Break|p2a: Rampardos\n|-damage|p2a: Rampardos|52/321\n|-unboost|p2a: Rampardos|spa|1\n|-damage|p1a: Iron Valiant|71/100|[from] item: Life Orb\n|\n|upkeep\n|turn|8\n|inactive|Time left: 300 sec this turn | 300 sec total\n|\n|t:|1783542430\n|move|p1a: Iron Valiant|Knock Off|p2a: Rampardos\n|-damage|p2a: Rampardos|0 fnt\n|-enditem|p2a: Rampardos|Life Orb|[from] move: Knock Off|[of] p1a: Iron Valiant\n|faint|p2a: Rampardos\n|-damage|p1a: Iron Valiant|61/100|[from] item: Life Orb\n|\n|upkeep\n|inactive|Time left: 300 sec this turn | 300 sec total | 5 sec grace\n|\n|t:|1783542431\n|switch|p2a: Hydrapple|Hydrapple, L83, F|253/312\n|turn|9\n|inactive|Time left: 300 sec this turn | 300 sec total\n|\n|t:|1783542432\n|switch|p2a: Rotom|Rotom, L88|231/231\n|move|p1a: Iron Valiant|Spirit Break|p2a: Rotom\n|-damage|p2a: Rotom|0 fnt\n|faint|p2a: Rotom\n|-damage|p1a: Iron Valiant|51/100|[from] item: Life Orb\n|\n|upkeep\n|inactive|Time left: 300 sec this turn | 300 sec total | 5 sec grace\n|\n|t:|1783542433\n|switch|p2a: Hydrapple|Hydrapple, L83, F|312/312\n|turn|10\n|inactive|Time left: 300 sec this turn | 300 sec total\n|\n|t:|1783542434\n|-terastallize|p2a: Hydrapple|Steel\n|move|p1a: Iron Valiant|Spirit Break|p2a: Hydrapple\n|-resisted|p2a: Hydrapple\n|-damage|p2a: Hydrapple|215/312\n|-unboost|p2a: Hydrapple|spa|1\n|-damage|p1a: Iron Valiant|41/100|[from] item: Life Orb\n|move|p2a: Hydrapple|Earth Power|p1a: Iron Valiant\n|-damage|p1a: Iron Valiant|12/100\n|\n|-heal|p2a: Hydrapple|234/312|[from] item: Leftovers\n|upkeep\n|turn|11\n|inactive|Time left: 300 sec this turn | 300 sec total\n|\n|t:|1783542435\n|switch|p2a: Terapagos|Terapagos, L77, M|265/265\n|-activate|p2a: Terapagos|ability: Tera Shift\n|detailschange|p2a: Terapagos|Terapagos-Terastal, L77, M\n|-heal|p2a: Terapagos|273/273|[silent]\n|move|p1a: Iron Valiant|Close Combat|p2a: Terapagos\n|-activate|p2a: Terapagos|ability: Tera Shell\n|-resisted|p2a: Terapagos\n|-damage|p2a: Terapagos|116/273\n|-unboost|p1a: Iron Valiant|def|1\n|-unboost|p1a: Iron Valiant|spd|1\n|-damage|p1a: Iron Valiant|2/100|[from] item: Life Orb\n|\n|upkeep\n|turn|12\n|inactive|Time left: 300 sec this turn | 300 sec total\n|\n|t:|1783542436\n|move|p1a: Iron Valiant|Knock Off|p2a: Terapagos\n|-damage|p2a: Terapagos|0 fnt\n|-enditem|p2a: Terapagos|Chesto Berry|[from] move: Knock Off|[of] p1a: Iron Valiant\n|faint|p2a: Terapagos\n|-damage|p1a: Iron Valiant|0 fnt|[from] item: Life Orb\n|faint|p1a: Iron Valiant\n|-end|p1a: Iron Valiant|Quark Drive|[silent]\n|\n|upkeep\n|inactive|Time left: 300 sec this turn | 300 sec total | 5 sec grace\n|\n|t:|1783542437\n|switch|p1a: Houndstone|Houndstone, L86, M|100/100\n|switch|p2a: Hydrapple|Hydrapple, L83, F, tera:Steel|312/312\n|turn|13\n|inactive|Time left: 300 sec this turn | 300 sec total\n|\n|t:|1783542439\n|move|p1a: Houndstone|Body Press|p2a: Hydrapple\n|-supereffective|p2a: Hydrapple\n|-damage|p2a: Hydrapple|170/312\n|move|p2a: Hydrapple|Nasty Plot|p2a: Hydrapple\n|-boost|p2a: Hydrapple|spa|2\n|\n|-heal|p2a: Hydrapple|189/312|[from] item: Leftovers\n|upkeep\n|turn|14\n|inactive|Time left: 300 sec this turn | 300 sec total\n|\n|t:|1783542440\n|-terastallize|p1a: Houndstone|Fighting\n|move|p1a: Houndstone|Body Press|p2a: Hydrapple\n|-supereffective|p2a: Hydrapple\n|-damage|p2a: Hydrapple|0 fnt\n|faint|p2a: Hydrapple\n|\n|upkeep\n|inactive|Time left: 300 sec this turn | 300 sec total | 5 sec grace\n|\n|t:|1783542441\n|switch|p2a: Sneasler|Sneasler, L74, M|240/240\n|turn|15\n|inactive|Time left: 300 sec this turn | 300 sec total\n|\n|t:|1783542441\n|move|p2a: Sneasler|Dire Claw|p1a: Houndstone\n|-damage|p1a: Houndstone|86/100\n|move|p1a: Houndstone|Body Press|p2a: Sneasler\n|-resisted|p2a: Sneasler\n|-damage|p2a: Sneasler|144/240\n|\n|upkeep\n|turn|16\n|inactive|Time left: 300 sec this turn | 300 sec total\n|\n|t:|1783542442\n|switch|p1a: Forretress|Forretress, L84, F|100/100\n|move|p2a: Sneasler|Dire Claw|p1a: Forretress\n|-immune|p1a: Forretress\n|\n|upkeep\n|turn|17\n|inactive|Time left: 300 sec this turn | 300 sec total\n|\n|t:|1783542443\n|move|p2a: Sneasler|Acrobatics|p1a: Forretress\n|-damage|p1a: Forretress|90/100\n|move|p1a: Forretress|Iron Head|p2a: Sneasler\n|-damage|p2a: Sneasler|23/240\n|\n|-heal|p1a: Forretress|96/100|[from] item: Leftovers\n|upkeep\n|turn|18\n|inactive|Time left: 300 sec this turn | 300 sec total\n|\n|t:|1783542444\n|move|p2a: Sneasler|Close Combat|p1a: Forretress\n|-damage|p1a: Forretress|60/100\n|-unboost|p2a: Sneasler|def|1\n|-unboost|p2a: Sneasler|spd|1\n|-enditem|p2a: Sneasler|White Herb\n|-clearnegativeboost|p2a: Sneasler|[silent]\n|move|p1a: Forretress|Volt Switch|p2a: Sneasler\n|-damage|p2a: Sneasler|0 fnt\n|faint|p2a: Sneasler\n|\n|win|p0x2458ca7", "uploadtime": 1783542444, "views": 0, "rating": 0, "private": 0, "password": null, "_winner": "p0x2458ca7", "_our_name": "p0y245d338"}