{"id": "battle-gen9randombattle-1983", "formatid": "gen9randombattle", "format": "[Gen 9] Random Battle", "players": ["p0x1983358f", "p0y1983da01"], "log": "|init|battle\n|title|p0x1983358f vs. p0y1983da01\n|j|\u2606p0x1983358f\n|j|\u2606p0y1983da01\n|t:|1783562953\n|gametype|singles\n|player|p1|p0x1983358f|1|\n|player|p2|p0y1983da01|169|\n|gen|9\n|tier|[Gen 9] Random Battle\n|rule|Species Clause: Limit one of each Pok\u00e9mon\n|rule|HP Percentage Mod: HP is shown in percentages\n|rule|Sleep Clause Mod: Limit one foe put to sleep\n|rule|Illusion Level Mod: Illusion disguises the Pok\u00e9mon's true level\n|\n|t:|1783562953\n|teamsize|p1|6\n|teamsize|p2|6\n|start\n|switch|p1a: Zebstrika|Zebstrika, L87, F|272/272\n|switch|p2a: Scrafty|Scrafty, L83, M|100/100\n|turn|1\n|inactive|Battle timer is ON: inactive players will automatically lose when time's up. (requested by p0x1983358f)\n|inactive|p0y1983da01 also wants the timer to be on.\n|\n|t:|1783562955\n|switch|p1a: Torkoal|Torkoal, L88, F|266/266\n|-weather|SunnyDay|[from] ability: Drought|[of] p1a: Torkoal\n|move|p2a: Scrafty|Bulk Up|p2a: Scrafty\n|-boost|p2a: Scrafty|atk|1\n|-boost|p2a: Scrafty|def|1\n|\n|-weather|SunnyDay|[upkeep]\n|upkeep\n|turn|2\n|inactive|Time left: 300 sec this turn | 300 sec total\n|\n|t:|1783562956\n|move|p2a: Scrafty|Knock Off|p1a: Torkoal\n|-damage|p1a: Torkoal|167/266\n|-enditem|p1a: Torkoal|Heavy-Duty Boots|[from] move: Knock Off|[of] p2a: Scrafty\n|move|p1a: Torkoal|Stealth Rock|p2a: Scrafty\n|-sidestart|p2: p0y1983da01|move: Stealth Rock\n|\n|-weather|SunnyDay|[upkeep]\n|upkeep\n|turn|3\n|inactive|Time left: 300 sec this turn | 300 sec total\n|\n|t:|1783562957\n|move|p2a: Scrafty|Bulk Up|p2a: Scrafty\n|-boost|p2a: Scrafty|atk|1\n|-boost|p2a: Scrafty|def|1\n|move|p1a: Torkoal|Lava Plume|p2a: Scrafty\n|-damage|p2a: Scrafty|59/100\n|-status|p2a: Scrafty|brn\n|\n|-weather|SunnyDay|[upkeep]\n|-heal|p2a: Scrafty|65/100 brn|[from] item: Leftovers\n|-damage|p2a: Scrafty|59/100 brn|[from] brn\n|upkeep\n|turn|4\n|inactive|Time left: 300 sec this turn | 300 sec total\n|\n|t:|1783562958\n|move|p2a: Scrafty|Rest|p2a: Scrafty\n|-status|p2a: Scrafty|slp|[from] move: Rest\n|-heal|p2a: Scrafty|100/100 slp|[silent]\n|move|p1a: Torkoal|Lava Plume|p2a: Scrafty\n|-damage|p2a: Scrafty|60/100 slp\n|\n|-weather|SunnyDay|[upkeep]\n|-heal|p2a: Scrafty|66/100 slp|[from] item: Leftovers\n|upkeep\n|turn|5\n|inactive|Time left: 300 sec this turn | 300 sec total\n|\n|t:|1783562959\n|cant|p2a: Scrafty|slp\n|move|p1a: Torkoal|Lava Plume|p2a: Scrafty\n|-damage|p2a: Scrafty|22/100 slp\n|\n|-weather|none\n|-heal|p2a: Scrafty|28/100 slp|[from] item: Leftovers\n|upkeep\n|turn|6\n|inactive|Time left: 300 sec this turn | 300 sec total\n|\n|t:|1783562960\n|cant|p2a: Scrafty|slp\n|move|p1a: Torkoal|Lava Plume|p2a: Scrafty\n|-damage|p2a: Scrafty|0 fnt\n|faint|p2a: Scrafty\n|\n|upkeep\n|\n|t:|1783562961\n|switch|p2a: Vikavolt|Vikavolt, L83, F|100/100\n|turn|7\n|inactive|Time left: 300 sec this turn | 300 sec total\n|\n|t:|1783562962\n|move|p2a: Vikavolt|Sticky Web|p1a: Torkoal\n|-sidestart|p1: p0x1983358f|move: Sticky Web\n|move|p1a: Torkoal|Rapid Spin|p2a: Vikavolt\n|-damage|p2a: Vikavolt|86/100\n|-boost|p1a: Torkoal|spe|1\n|-sideend|p1: p0x1983358f|Sticky Web|[from] move: Rapid Spin|[of] p1a: Torkoal\n|\n|upkeep\n|turn|8\n|inactive|Time left: 300 sec this turn | 300 sec total\n|\n|t:|1783562962\n|-terastallize|p2a: Vikavolt|Electric\n|move|p1a: Torkoal|Lava Plume|p2a: Vikavolt\n|-damage|p2a: Vikavolt|47/100\n|-status|p2a: Vikavolt|brn\n|move|p2a: Vikavolt|Sticky Web|p1a: Torkoal\n|-sidestart|p1: p0x1983358f|move: Sticky Web\n|\n|-damage|p2a: Vikavolt|41/100 brn|[from] brn\n|upkeep\n|turn|9\n|inactive|Time left: 300 sec this turn | 300 sec total\n|\n|t:|1783562963\n|switch|p2a: Annihilape|Annihilape, L76, M|100/100\n|-damage|p2a: Annihilape|94/100|[from] Stealth Rock\n|move|p1a: Torkoal|Rapid Spin|p2a: Annihilape\n|-immune|p2a: Annihilape\n|\n|-heal|p2a: Annihilape|100/100|[from] item: Leftovers\n|upkeep\n|turn|10\n|inactive|Time left: 300 sec this turn | 300 sec total\n|\n|t:|1783562964\n|move|p2a: Annihilape|Bulk Up|p2a: Annihilape\n|-boost|p2a: Annihilape|atk|1\n|-boost|p2a: Annihilape|def|1\n|move|p1a: Torkoal|Lava Plume|p2a: Annihilape\n|-damage|p2a: Annihilape|66/100\n|\n|-heal|p2a: Annihilape|72/100|[from] item: Leftovers\n|upkeep\n|turn|11\n|inactive|Time left: 300 sec this turn | 300 sec total\n|\n|t:|1783562965\n|move|p2a: Annihilape|Drain Punch|p1a: Torkoal\n|-damage|p1a: Torkoal|92/266\n|-heal|p2a: Annihilape|85/100|[from] drain|[of] p1a: Torkoal\n|move|p1a: Torkoal|Lava Plume|p2a: Annihilape\n|-damage|p2a: Annihilape|52/100\n|\n|-heal|p2a: Annihilape|58/100|[from] item: Leftovers\n|upkeep\n|turn|12\n|inactive|Time left: 300 sec this turn | 300 sec total\n|\n|t:|1783562965\n|move|p2a: Annihilape|Drain Punch|p1a: Torkoal\n|-damage|p1a: Torkoal|10/266\n|-heal|p2a: Annihilape|72/100|[from] drain|[of] p1a: Torkoal\n|move|p1a: Torkoal|Lava Plume|p2a: Annihilape\n|-damage|p2a: Annihilape|40/100\n|\n|-heal|p2a: Annihilape|46/100|[from] item: Leftovers\n|upkeep\n|turn|13\n|inactive|Time left: 300 sec this turn | 300 sec total\n|\n|t:|1783562966\n|move|p2a: Annihilape|Drain Punch|p1a: Torkoal\n|-damage|p1a: Torkoal|0 fnt\n|-heal|p2a: Annihilape|47/100|[from] drain|[of] p1a: Torkoal\n|faint|p1a: Torkoal\n|\n|-heal|p2a: Annihilape|54/100|[from] item: Leftovers\n|upkeep\n|inactive|Time left: 300 sec this turn | 300 sec total | 5 sec grace\n|\n|t:|1783562967\n|switch|p1a: Farigiraf|Farigiraf, L90, F|362/362\n|-activate|p1a: Farigiraf|move: Sticky Web\n|-unboost|p1a: Farigiraf|spe|1\n|turn|14\n|inactive|Time left: 300 sec this turn | 300 sec total\n|\n|t:|1783562968\n|move|p2a: Annihilape|Drain Punch|p1a: Farigiraf\n|-damage|p1a: Farigiraf|238/362\n|-heal|p2a: Annihilape|75/100|[from] drain|[of] p1a: Farigiraf\n|move|p1a: Farigiraf|Psychic Noise|p2a: Annihilape\n|-supereffective|p2a: Annihilape\n|-damage|p2a: Annihilape|4/100\n|-start|p2a: Annihilape|move: Heal Block\n|\n|-heal|p1a: Farigiraf|260/362|[from] item: Leftovers\n|upkeep\n|turn|15\n|inactive|Time left: 300 sec this turn | 300 sec total\n|\n|t:|1783562969\n|move|p2a: Annihilape|Bulk Up|p2a: Annihilape\n|-boost|p2a: Annihilape|atk|1\n|-boost|p2a: Annihilape|def|1\n|move|p1a: Farigiraf|Psychic Noise|p2a: Annihilape\n|-supereffective|p2a: Annihilape\n|-damage|p2a: Annihilape|0 fnt\n|faint|p2a: Annihilape\n|\n|-heal|p1a: Farigiraf|282/362|[from] item: Leftovers\n|upkeep\n|\n|t:|1783562970\n|switch|p2a: Wyrdeer|Wyrdeer, L87, M|100/100\n|-damage|p2a: Wyrdeer|88/100|[from] Stealth Rock\n|-ability|p2a: Wyrdeer|Intimidate|boost\n|-unboost|p1a: Farigiraf|atk|1\n|turn|16\n|inactive|Time left: 300 sec this turn | 300 sec total\n|\n|t:|1783562970\n|switch|p1a: Sableye|Sableye, L88, F|231/231\n|-activate|p1a: Sableye|move: Sticky Web\n|-unboost|p1a: Sableye|spe|1\n|move|p2a: Wyrdeer|Megahorn|p1a: Sableye\n|-damage|p1a: Sableye|131/231\n|\n|-heal|p2a: Wyrdeer|94/100|[from] item: Leftovers\n|-heal|p1a: Sableye|145/231|[from] item: Leftovers\n|upkeep\n|turn|17\n|inactive|Time left: 300 sec this turn | 300 sec total\n|\n|t:|1783562971\n|move|p2a: Wyrdeer|Thunder Wave|p1a: Sableye\n|-status|p1a: Sableye|par\n|move|p1a: Sableye|Knock Off|p2a: Wyrdeer\n|-supereffective|p2a: Wyrdeer\n|-damage|p2a: Wyrdeer|27/100\n|-enditem|p2a: Wyrdeer|Leftovers|[from] move: Knock Off|[of] p1a: Sableye\n|\n|-heal|p1a: Sableye|159/231 par|[from] item: Leftovers\n|upkeep\n|turn|18\n|inactive|Time left: 300 sec this turn | 300 sec total\n|\n|t:|1783562972\n|move|p2a: Wyrdeer|Megahorn|p1a: Sableye\n|-damage|p1a: Sableye|59/231 par\n|move|p1a: Sableye|Knock Off|p2a: Wyrdeer\n|-supereffective|p2a: Wyrdeer\n|-damage|p2a: Wyrdeer|0 fnt\n|faint|p2a: Wyrdeer\n|\n|-heal|p1a: Sableye|73/231 par|[from] item: Leftovers\n|upkeep\n|\n|t:|1783562973\n|switch|p2a: Vikavolt|Vikavolt, L83, F, tera:Electric|41/100 brn\n|turn|19\n|inactive|Time left: 300 sec this turn | 300 sec total\n|\n|t:|1783562974\n|move|p1a: Sableye|Encore||[still]\n|-fail|p1a: Sableye\n|move|p2a: Vikavolt|Thunderbolt|p1a: Sableye\n|-damage|p1a: Sableye|0 fnt\n|faint|p1a: Sableye\n|\n|-damage|p2a: Vikavolt|35/100 brn|[from] brn\n|upkeep\n|inactive|Time left: 300 sec this turn | 300 sec total | 5 sec grace\n|\n|t:|1783562975\n|switch|p1a: Mabosstiff|Mabosstiff, L86, M|278/278\n|-activate|p1a: Mabosstiff|move: Sticky Web\n|-unboost|p1a: Mabosstiff|spe|1\n|turn|20\n|inactive|Time left: 300 sec this turn | 300 sec total\n|\n|t:|1783562976\n|move|p1a: Mabosstiff|Crunch|p2a: Vikavolt\n|-damage|p2a: Vikavolt|0 fnt\n|faint|p2a: Vikavolt\n|\n|upkeep\n|\n|t:|1783562977\n|switch|p2a: Toucannon|Toucannon, L88, F|100/100\n|turn|21\n|inactive|Time left: 300 sec this turn | 300 sec total\n|\n|t:|1783562978\n|move|p1a: Mabosstiff|Crunch|p2a: Toucannon\n|-damage|p2a: Toucannon|62/100\n|move|p2a: Toucannon|Boomburst|p1a: Mabosstiff\n|-damage|p1a: Mabosstiff|131/278\n|\n|upkeep\n|turn|22\n|inactive|Time left: 300 sec this turn | 300 sec total\n|\n|t:|1783562979\n|switch|p1a: Zebstrika|Zebstrika, L87, F|272/272\n|-activate|p1a: Zebstrika|move: Sticky Web\n|-unboost|p1a: Zebstrika|spe|1\n|move|p2a: Toucannon|Boomburst|p1a: Zebstrika\n|-damage|p1a: Zebstrika|107/272\n|\n|upkeep\n|turn|23\n|inactive|Time left: 300 sec this turn | 300 sec total\n|\n|t:|1783562980\n|switch|p2a: Solgaleo|Solgaleo, L74|100/100\n|-damage|p2a: Solgaleo|94/100|[from] Stealth Rock\n|move|p1a: Zebstrika|Volt Switch|p2a: Solgaleo\n|-damage|p2a: Solgaleo|65/100\n|-damage|p1a: Zebstrika|80/272|[from] item: Life Orb\n|inactive|Time left: 300 sec this turn | 300 sec total | 5 sec grace\n|\n|t:|1783562981\n|switch|p1a: Mabosstiff|Mabosstiff, L86, M|131/278|[from] Volt Switch\n|-activate|p1a: Mabosstiff|move: Sticky Web\n|-unboost|p1a: Mabosstiff|spe|1\n|\n|upkeep\n|turn|24\n|inactive|Time left: 300 sec this turn | 300 sec total\n|\n|t:|1783562983\n|move|p1a: Mabosstiff|Crunch|p2a: Solgaleo\n|-supereffective|p2a: Solgaleo\n|-damage|p2a: Solgaleo|4/100\n|-enditem|p2a: Solgaleo|Weakness Policy\n|-boost|p2a: Solgaleo|atk|2|[from] item: Weakness Policy\n|-boost|p2a: Solgaleo|spa|2|[from] item: Weakness Policy\n|move|p2a: Solgaleo|Sunsteel Strike|p1a: Mabosstiff\n|-damage|p1a: Mabosstiff|0 fnt\n|faint|p1a: Mabosstiff\n|\n|upkeep\n|inactive|Time left: 300 sec this turn | 300 sec total | 5 sec grace\n|\n|t:|1783562984\n|switch|p1a: Iron Leaves|Iron Leaves, L80|275/275\n|-activate|p1a: Iron Leaves|move: Sticky Web\n|-unboost|p1a: Iron Leaves|spe|1\n|turn|25\n|inactive|Time left: 300 sec this turn | 300 sec total\n|\n|t:|1783562985\n|move|p2a: Solgaleo|Sunsteel Strike|p1a: Iron Leaves\n|-damage|p1a: Iron Leaves|61/275\n|move|p1a: Iron Leaves|Leaf Blade|p2a: Solgaleo\n|-resisted|p2a: Solgaleo\n|-crit|p2a: Solgaleo\n|-damage|p2a: Solgaleo|0 fnt\n|faint|p2a: Solgaleo\n|-damage|p1a: Iron Leaves|34/275|[from] item: Life Orb\n|\n|upkeep\n|\n|t:|1783562986\n|switch|p2a: Toucannon|Toucannon, L88, F|62/100\n|turn|26\n|inactive|Time left: 300 sec this turn | 300 sec total\n|\n|t:|1783562986\n|-terastallize|p1a: Iron Leaves|Fighting\n|move|p2a: Toucannon|Boomburst|p1a: Iron Leaves\n|-damage|p1a: Iron Leaves|0 fnt\n|faint|p1a: Iron Leaves\n|-end|p1a: Iron Leaves|Quark Drive|[silent]\n|\n|upkeep\n|inactive|Time left: 300 sec this turn | 300 sec total | 5 sec grace\n|\n|t:|1783562987\n|switch|p1a: Zebstrika|Zebstrika, L87, F|80/272\n|-activate|p1a: Zebstrika|move: Sticky Web\n|-unboost|p1a: Zebstrika|spe|1\n|turn|27\n|inactive|Time left: 300 sec this turn | 300 sec total\n|\n|t:|1783562988\n|move|p1a: Zebstrika|Volt Switch|p2a: Toucannon\n|-supereffective|p2a: Toucannon\n|-damage|p2a: Toucannon|0 fnt\n|faint|p2a: Toucannon\n|-damage|p1a: Zebstrika|53/272|[from] item: Life Orb\n|\n|win|p0x1983358f", "uploadtime": 1783562988, "views": 0, "rating": 0, "private": 0, "password": null, "_winner": "p0x1983358f", "_our_name": "p0x1983358f"}