{"id": "battle-gen9randombattle-372", "formatid": "gen9randombattle", "format": "[Gen 9] Random Battle", "players": ["p0x371bebd", "p0y3718076"], "log": "|init|battle\n|title|p0x371bebd vs. p0y3718076\n|j|\u2606p0x371bebd\n|j|\u2606p0y3718076\n|t:|1783543419\n|gametype|singles\n|player|p1|p0x371bebd|265|\n|player|p2|p0y3718076|169|\n|gen|9\n|tier|[Gen 9] Random Battle\n|rule|Species Clause: Limit one of each Pok\u00e9mon\n|rule|HP Percentage Mod: HP is shown in percentages\n|rule|Sleep Clause Mod: Limit one foe put to sleep\n|rule|Illusion Level Mod: Illusion disguises the Pok\u00e9mon's true level\n|\n|t:|1783543419\n|teamsize|p1|6\n|teamsize|p2|6\n|start\n|switch|p1a: Stantler|Stantler, L92, F|284/284\n|switch|p2a: Arbok|Arbok, L87, M|100/100\n|-ability|p1a: Stantler|Intimidate|boost\n|-unboost|p2a: Arbok|atk|1\n|-ability|p2a: Arbok|Intimidate|boost\n|-unboost|p1a: Stantler|atk|1\n|turn|1\n|inactive|Battle timer is ON: inactive players will automatically lose when time's up. (requested by p0y3718076)\n|inactive|Time left: 300 sec this turn | 300 sec total | 60 sec grace\n|inactive|p0x371bebd also wants the timer to be on.\n|\n|t:|1783543421\n|switch|p1a: Espathra|Espathra, L80, F|283/283\n|switch|p2a: Clawitzer|Clawitzer, L87, F|100/100\n|\n|upkeep\n|turn|2\n|inactive|Time left: 300 sec this turn | 300 sec total\n|\n|t:|1783543422\n|move|p1a: Espathra|Lumina Crash|p2a: Clawitzer\n|-damage|p2a: Clawitzer|53/100\n|-unboost|p2a: Clawitzer|spd|2\n|move|p2a: Clawitzer|Water Pulse|p1a: Espathra\n|-damage|p1a: Espathra|21/283\n|\n|-ability|p1a: Espathra|Speed Boost|boost\n|-boost|p1a: Espathra|spe|1\n|upkeep\n|turn|3\n|inactive|Time left: 300 sec this turn | 300 sec total\n|\n|t:|1783543423\n|switch|p2a: Goodra|Goodra, L85, F|100/100\n|move|p1a: Espathra|Lumina Crash|p2a: Goodra\n|-damage|p2a: Goodra|82/100\n|-unboost|p2a: Goodra|spd|2\n|\n|-ability|p1a: Espathra|Speed Boost|boost\n|-boost|p1a: Espathra|spe|1\n|upkeep\n|turn|4\n|inactive|Time left: 300 sec this turn | 300 sec total\n|\n|t:|1783543424\n|move|p1a: Espathra|Lumina Crash|p2a: Goodra\n|-damage|p2a: Goodra|48/100\n|-unboost|p2a: Goodra|spd|2\n|move|p2a: Goodra|Knock Off|p1a: Espathra\n|-supereffective|p1a: Espathra\n|-damage|p1a: Espathra|0 fnt\n|-enditem|p1a: Espathra|Choice Specs|[from] move: Knock Off|[of] p2a: Goodra\n|faint|p1a: Espathra\n|\n|upkeep\n|inactive|Time left: 300 sec this turn | 300 sec total | 5 sec grace\n|\n|t:|1783543426\n|switch|p1a: Minior|Minior-Orange, L79|224/224\n|-formechange|p1a: Minior|Minior-Meteor||[from] ability: Shields Down\n|turn|5\n|inactive|Time left: 300 sec this turn | 300 sec total\n|\n|t:|1783543427\n|move|p1a: Minior|Shell Smash|p1a: Minior\n|-unboost|p1a: Minior|def|1\n|-unboost|p1a: Minior|spd|1\n|-boost|p1a: Minior|atk|2\n|-boost|p1a: Minior|spa|2\n|-boost|p1a: Minior|spe|2\n|-enditem|p1a: Minior|White Herb\n|-clearnegativeboost|p1a: Minior|[silent]\n|move|p2a: Goodra|Dragon Tail|p1a: Minior\n|-damage|p1a: Minior|155/224\n|drag|p1a: Volbeat|Volbeat, L90, M|263/263\n|\n|upkeep\n|turn|6\n|inactive|Time left: 300 sec this turn | 300 sec total\n|\n|t:|1783543429\n|switch|p2a: Arbok|Arbok, L87, M|100/100\n|-ability|p2a: Arbok|Intimidate|boost\n|-unboost|p1a: Volbeat|atk|1\n|move|p1a: Volbeat|Lunge|p2a: Arbok\n|-resisted|p2a: Arbok\n|-damage|p2a: Arbok|88/100\n|-unboost|p2a: Arbok|atk|1\n|\n|upkeep\n|turn|7\n|inactive|Time left: 300 sec this turn | 300 sec total\n|\n|t:|1783543430\n|switch|p1a: Minior|Minior-Orange, L79|155/224\n|-formechange|p1a: Minior|Minior-Meteor||[from] ability: Shields Down\n|switch|p2a: Clawitzer|Clawitzer, L87, F|53/100\n|\n|upkeep\n|turn|8\n|inactive|Time left: 300 sec this turn | 300 sec total\n|\n|t:|1783543430\n|switch|p1a: Stantler|Stantler, L92, F|284/284\n|-ability|p1a: Stantler|Intimidate|boost\n|-unboost|p2a: Clawitzer|atk|1\n|move|p2a: Clawitzer|Water Pulse|p1a: Stantler\n|-damage|p1a: Stantler|145/284\n|\n|upkeep\n|turn|9\n|inactive|Time left: 300 sec this turn | 300 sec total\n|\n|t:|1783543431\n|move|p1a: Stantler|Calm Mind|p1a: Stantler\n|-boost|p1a: Stantler|spa|1\n|-boost|p1a: Stantler|spd|1\n|move|p2a: Clawitzer|Water Pulse|p1a: Stantler\n|-damage|p1a: Stantler|48/284\n|\n|upkeep\n|turn|10\n|inactive|Time left: 300 sec this turn | 300 sec total\n|\n|t:|1783543432\n|move|p1a: Stantler|Tera Blast|p2a: Clawitzer\n|-damage|p2a: Clawitzer|0 fnt\n|faint|p2a: Clawitzer\n|\n|upkeep\n|\n|t:|1783543433\n|switch|p2a: Ambipom|Ambipom, L84, M|100/100\n|turn|11\n|inactive|Time left: 300 sec this turn | 300 sec total\n|\n|t:|1783543434\n|switch|p1a: Persian|Persian-Alola, L86, F|252/252\n|move|p2a: Ambipom|Triple Axel|p1a: Persian\n|-damage|p1a: Persian|229/252\n|-damage|p1a: Persian|188/252\n|-damage|p1a: Persian|121/252\n|-hitcount|p1a: Persian|3\n|\n|upkeep\n|turn|12\n|inactive|Time left: 300 sec this turn | 300 sec total\n|\n|t:|1783543435\n|move|p1a: Persian|Dark Pulse|p2a: Ambipom\n|-damage|p2a: Ambipom|51/100\n|-damage|p1a: Persian|96/252|[from] item: Life Orb\n|move|p2a: Ambipom|Triple Axel|p1a: Persian\n|-crit|p1a: Persian\n|-damage|p1a: Persian|66/252\n|-damage|p1a: Persian|25/252\n|-damage|p1a: Persian|0 fnt\n|faint|p1a: Persian\n|-hitcount|p1: Persian|3\n|\n|upkeep\n|inactive|Time left: 300 sec this turn | 300 sec total | 5 sec grace\n|\n|t:|1783543436\n|switch|p1a: Iron Treads|Iron Treads, L77|265/265\n|turn|13\n|inactive|Time left: 300 sec this turn | 300 sec total\n|\n|t:|1783543438\n|move|p2a: Ambipom|Triple Axel|p1a: Iron Treads\n|-damage|p1a: Iron Treads|236/265\n|-damage|p1a: Iron Treads|183/265\n|-hitcount|p1a: Iron Treads|2\n|move|p1a: Iron Treads|Rapid Spin|p2a: Ambipom\n|-crit|p2a: Ambipom\n|-damage|p2a: Ambipom|29/100\n|-boost|p1a: Iron Treads|spe|1\n|\n|upkeep\n|turn|14\n|inactive|Time left: 300 sec this turn | 300 sec total\n|\n|t:|1783543439\n|switch|p2a: Arbok|Arbok, L87, M|88/100\n|-ability|p2a: Arbok|Intimidate|boost\n|-unboost|p1a: Iron Treads|atk|1\n|move|p1a: Iron Treads|Earthquake|p2a: Arbok\n|-supereffective|p2a: Arbok\n|-damage|p2a: Arbok|24/100\n|\n|upkeep\n|turn|15\n|inactive|Time left: 300 sec this turn | 300 sec total\n|\n|t:|1783543440\n|switch|p2a: Goodra|Goodra, L85, F|48/100\n|move|p1a: Iron Treads|Earthquake|p2a: Goodra\n|-damage|p2a: Goodra|21/100\n|\n|upkeep\n|turn|16\n|inactive|Time left: 300 sec this turn | 300 sec total\n|\n|t:|1783543441\n|switch|p2a: Arbok|Arbok, L87, M|24/100\n|-ability|p2a: Arbok|Intimidate|boost\n|-unboost|p1a: Iron Treads|atk|1\n|move|p1a: Iron Treads|Earthquake|p2a: Arbok\n|-supereffective|p2a: Arbok\n|-damage|p2a: Arbok|0 fnt\n|faint|p2a: Arbok\n|\n|upkeep\n|\n|t:|1783543442\n|switch|p2a: Smeargle|Smeargle, L95, F|100/100\n|turn|17\n|inactive|Time left: 300 sec this turn | 300 sec total\n|\n|t:|1783543443\n|move|p1a: Iron Treads|Volt Switch|p2a: Smeargle\n|-damage|p2a: Smeargle|82/100\n|inactive|Time left: 300 sec this turn | 300 sec total | 5 sec grace\n|\n|t:|1783543444\n|-end|p1a: Iron Treads|Quark Drive|[silent]\n|switch|p1a: Minior|Minior-Orange, L79|155/224|[from] Volt Switch\n|-formechange|p1a: Minior|Minior-Meteor||[from] ability: Shields Down\n|move|p2a: Smeargle|Shell Smash|p2a: Smeargle\n|-unboost|p2a: Smeargle|def|1\n|-unboost|p2a: Smeargle|spd|1\n|-boost|p2a: Smeargle|atk|2\n|-boost|p2a: Smeargle|spa|2\n|-boost|p2a: Smeargle|spe|2\n|\n|upkeep\n|turn|18\n|inactive|Time left: 300 sec this turn | 300 sec total\n|\n|t:|1783543445\n|move|p2a: Smeargle|Population Bomb|p1a: Minior\n|-resisted|p1a: Minior\n|-damage|p1a: Minior|139/224\n|-resisted|p1a: Minior\n|-damage|p1a: Minior|122/224\n|-resisted|p1a: Minior\n|-damage|p1a: Minior|107/224\n|-resisted|p1a: Minior\n|-damage|p1a: Minior|92/224\n|-resisted|p1a: Minior\n|-damage|p1a: Minior|77/224\n|-resisted|p1a: Minior\n|-crit|p1a: Minior\n|-damage|p1a: Minior|53/224\n|-resisted|p1a: Minior\n|-damage|p1a: Minior|38/224\n|-resisted|p1a: Minior\n|-damage|p1a: Minior|22/224\n|-resisted|p1a: Minior\n|-damage|p1a: Minior|7/224\n|-resisted|p1a: Minior\n|-damage|p1a: Minior|0 fnt\n|faint|p1a: Minior\n|-hitcount|p1: Minior|10\n|\n|upkeep\n|inactive|Time left: 300 sec this turn | 300 sec total | 5 sec grace\n|\n|t:|1783543446\n|switch|p1a: Stantler|Stantler, L92, F|48/284\n|-ability|p1a: Stantler|Intimidate|boost\n|-unboost|p2a: Smeargle|atk|1\n|turn|19\n|inactive|Time left: 300 sec this turn | 300 sec total\n|\n|t:|1783543447\n|-terastallize|p1a: Stantler|Fairy\n|move|p2a: Smeargle|Spore|p1a: Stantler\n|-status|p1a: Stantler|slp|[from] move: Spore\n|cant|p1a: Stantler|slp\n|\n|upkeep\n|turn|20\n|inactive|Time left: 300 sec this turn | 300 sec total\n|\n|t:|1783543448\n|move|p2a: Smeargle|Population Bomb|p1a: Stantler\n|-damage|p1a: Stantler|30/284 slp\n|-damage|p1a: Stantler|8/284 slp\n|-damage|p1a: Stantler|0 fnt\n|faint|p1a: Stantler\n|-hitcount|p1: Stantler|3\n|\n|upkeep\n|inactive|Time left: 300 sec this turn | 300 sec total | 5 sec grace\n|\n|t:|1783543449\n|switch|p1a: Iron Treads|Iron Treads, L77|183/265\n|turn|21\n|inactive|Time left: 300 sec this turn | 300 sec total\n|\n|t:|1783543450\n|move|p2a: Smeargle|Spore|p1a: Iron Treads\n|-status|p1a: Iron Treads|slp|[from] move: Spore\n|cant|p1a: Iron Treads|slp\n|\n|upkeep\n|turn|22\n|inactive|Time left: 300 sec this turn | 300 sec total\n|\n|t:|1783543451\n|move|p2a: Smeargle|Population Bomb|p1a: Iron Treads\n|-resisted|p1a: Iron Treads\n|-damage|p1a: Iron Treads|172/265 slp\n|-resisted|p1a: Iron Treads\n|-damage|p1a: Iron Treads|163/265 slp\n|-resisted|p1a: Iron Treads\n|-damage|p1a: Iron Treads|153/265 slp\n|-resisted|p1a: Iron Treads\n|-damage|p1a: Iron Treads|144/265 slp\n|-resisted|p1a: Iron Treads\n|-damage|p1a: Iron Treads|133/265 slp\n|-resisted|p1a: Iron Treads\n|-damage|p1a: Iron Treads|122/265 slp\n|-resisted|p1a: Iron Treads\n|-damage|p1a: Iron Treads|113/265 slp\n|-resisted|p1a: Iron Treads\n|-damage|p1a: Iron Treads|102/265 slp\n|-resisted|p1a: Iron Treads\n|-damage|p1a: Iron Treads|92/265 slp\n|-resisted|p1a: Iron Treads\n|-damage|p1a: Iron Treads|80/265 slp\n|-hitcount|p1a: Iron Treads|10\n|cant|p1a: Iron Treads|slp\n|\n|upkeep\n|turn|23\n|inactive|Time left: 300 sec this turn | 300 sec total\n|\n|t:|1783543452\n|move|p2a: Smeargle|Population Bomb|p1a: Iron Treads\n|-resisted|p1a: Iron Treads\n|-damage|p1a: Iron Treads|70/265 slp\n|-resisted|p1a: Iron Treads\n|-damage|p1a: Iron Treads|60/265 slp\n|-resisted|p1a: Iron Treads\n|-damage|p1a: Iron Treads|49/265 slp\n|-resisted|p1a: Iron Treads\n|-damage|p1a: Iron Treads|39/265 slp\n|-resisted|p1a: Iron Treads\n|-damage|p1a: Iron Treads|29/265 slp\n|-resisted|p1a: Iron Treads\n|-damage|p1a: Iron Treads|20/265 slp\n|-resisted|p1a: Iron Treads\n|-damage|p1a: Iron Treads|10/265 slp\n|-resisted|p1a: Iron Treads\n|-damage|p1a: Iron Treads|0 fnt\n|faint|p1a: Iron Treads\n|-end|p1a: Iron Treads|Quark Drive|[silent]\n|-hitcount|p1: Iron Treads|8\n|\n|upkeep\n|inactive|Time left: 300 sec this turn | 300 sec total | 5 sec grace\n|\n|t:|1783543453\n|switch|p1a: Volbeat|Volbeat, L90, M|263/263\n|turn|24\n|inactive|Time left: 300 sec this turn | 300 sec total\n|\n|t:|1783543453\n|move|p1a: Volbeat|Thunder Wave|p2a: Smeargle\n|-status|p2a: Smeargle|par\n|move|p2a: Smeargle|Population Bomb|p1a: Volbeat\n|-damage|p1a: Volbeat|236/263\n|-damage|p1a: Volbeat|211/263\n|-damage|p1a: Volbeat|186/263\n|-damage|p1a: Volbeat|159/263\n|-damage|p1a: Volbeat|132/263\n|-damage|p1a: Volbeat|107/263\n|-damage|p1a: Volbeat|83/263\n|-damage|p1a: Volbeat|58/263\n|-damage|p1a: Volbeat|33/263\n|-damage|p1a: Volbeat|9/263\n|-hitcount|p1a: Volbeat|10\n|\n|upkeep\n|turn|25\n|inactive|Time left: 300 sec this turn | 300 sec total\n|\n|t:|1783543454\n|-terastallize|p2a: Smeargle|Ghost\n|move|p1a: Volbeat|Roost|p1a: Volbeat\n|-heal|p1a: Volbeat|141/263\n|-singleturn|p1a: Volbeat|move: Roost\n|move|p2a: Smeargle|Population Bomb|p1a: Volbeat\n|-damage|p1a: Volbeat|114/263\n|-damage|p1a: Volbeat|87/263\n|-damage|p1a: Volbeat|63/263\n|-damage|p1a: Volbeat|36/263\n|-damage|p1a: Volbeat|9/263\n|-damage|p1a: Volbeat|0 fnt\n|faint|p1a: Volbeat\n|-hitcount|p1: Volbeat|6\n|\n|win|p0y3718076", "uploadtime": 1783543454, "views": 0, "rating": 0, "private": 0, "password": null, "_winner": "p0y3718076", "_our_name": "p0x371bebd"}