{"id": "battle-gen9randombattle-950", "formatid": "gen9randombattle", "format": "[Gen 9] Random Battle", "players": ["p0x9502585", "p0y950e545"], "log": "|init|battle\n|title|p0x9502585 vs. p0y950e545\n|j|\u2606p0x9502585\n|j|\u2606p0y950e545\n|t:|1783550874\n|gametype|singles\n|player|p1|p0x9502585|170|\n|player|p2|p0y950e545|170|\n|gen|9\n|tier|[Gen 9] Random Battle\n|rule|Species Clause: Limit one of each Pok\u00e9mon\n|rule|HP Percentage Mod: HP is shown in percentages\n|rule|Sleep Clause Mod: Limit one foe put to sleep\n|rule|Illusion Level Mod: Illusion disguises the Pok\u00e9mon's true level\n|\n|t:|1783550874\n|teamsize|p1|6\n|teamsize|p2|6\n|start\n|switch|p1a: Rabsca|Rabsca, L91, F|284/284\n|switch|p2a: Scizor|Scizor, L79, M|100/100\n|turn|1\n|inactive|Battle timer is ON: inactive players will automatically lose when time's up. (requested by p0y950e545)\n|inactive|Time left: 300 sec this turn | 300 sec total | 60 sec grace\n|inactive|p0x9502585 also wants the timer to be on.\n|\n|t:|1783550876\n|switch|p1a: Moltres|Moltres, L81|278/278\n|move|p2a: Scizor|Knock Off|p1a: Moltres\n|-damage|p1a: Moltres|151/278\n|-status|p2a: Scizor|brn|[from] ability: Flame Body|[of] p1a: Moltres\n|-enditem|p1a: Moltres|Heavy-Duty Boots|[from] move: Knock Off|[of] p2a: Scizor\n|\n|-damage|p2a: Scizor|94/100 brn|[from] brn\n|upkeep\n|turn|2\n|inactive|Time left: 300 sec this turn | 300 sec total\n|\n|t:|1783550877\n|move|p1a: Moltres|Fire Blast|p2a: Scizor\n|-supereffective|p2a: Scizor\n|-damage|p2a: Scizor|0 fnt\n|faint|p2a: Scizor\n|\n|upkeep\n|\n|t:|1783550878\n|switch|p2a: Munkidori|Munkidori, L79, M|100/100\n|turn|3\n|inactive|Time left: 300 sec this turn | 300 sec total\n|\n|t:|1783550880\n|switch|p1a: Copperajah|Copperajah, L86, M|350/350\n|move|p2a: Munkidori|Sludge Wave|p1a: Copperajah\n|-immune|p1a: Copperajah\n|\n|upkeep\n|turn|4\n|inactive|Time left: 300 sec this turn | 300 sec total\n|\n|t:|1783550881\n|move|p2a: Munkidori|Focus Blast|p1a: Copperajah\n|-supereffective|p1a: Copperajah\n|-damage|p1a: Copperajah|82/350\n|-damage|p2a: Munkidori|91/100|[from] item: Life Orb\n|move|p1a: Copperajah|Iron Head|p2a: Munkidori\n|-damage|p2a: Munkidori|0 fnt\n|faint|p2a: Munkidori\n|\n|upkeep\n|\n|t:|1783550882\n|switch|p2a: Komala|Komala, L87, F|100/100\n|-ability|p2a: Komala|Comatose\n|turn|5\n|inactive|Time left: 300 sec this turn | 300 sec total\n|\n|t:|1783550883\n|move|p2a: Komala|Knock Off|p1a: Copperajah\n|-damage|p1a: Copperajah|0 fnt\n|-enditem|p1a: Copperajah|Life Orb|[from] move: Knock Off|[of] p2a: Komala\n|faint|p1a: Copperajah\n|\n|upkeep\n|inactive|Time left: 300 sec this turn | 300 sec total | 5 sec grace\n|\n|t:|1783550884\n|switch|p1a: Kyurem|Kyurem, L77|319/319\n|-ability|p1a: Kyurem|Pressure\n|turn|6\n|inactive|Time left: 300 sec this turn | 300 sec total\n|\n|t:|1783550885\n|switch|p2a: Zacian|Zacian-Crowned, L64|100/100\n|-ability|p2a: Zacian|Intrepid Sword|boost\n|-boost|p2a: Zacian|atk|1\n|move|p1a: Kyurem|Icicle Spear|p2a: Zacian\n|-resisted|p2a: Zacian\n|-damage|p2a: Zacian|94/100\n|-resisted|p2a: Zacian\n|-damage|p2a: Zacian|87/100\n|-resisted|p2a: Zacian\n|-damage|p2a: Zacian|80/100\n|-resisted|p2a: Zacian\n|-damage|p2a: Zacian|73/100\n|-resisted|p2a: Zacian\n|-damage|p2a: Zacian|66/100\n|-hitcount|p2a: Zacian|5\n|\n|upkeep\n|turn|7\n|inactive|Time left: 300 sec this turn | 300 sec total\n|\n|t:|1783550886\n|switch|p1a: Moltres|Moltres, L81|151/278\n|move|p2a: Zacian|Behemoth Blade|p1a: Moltres\n|-resisted|p1a: Moltres\n|-damage|p1a: Moltres|79/278\n|\n|upkeep\n|turn|8\n|inactive|Time left: 300 sec this turn | 300 sec total\n|\n|t:|1783550887\n|move|p2a: Zacian|Swords Dance|p2a: Zacian\n|-boost|p2a: Zacian|atk|2\n|move|p1a: Moltres|Fire Blast|p2a: Zacian|[miss]\n|-miss|p1a: Moltres|p2a: Zacian\n|\n|upkeep\n|turn|9\n|inactive|Time left: 300 sec this turn | 300 sec total\n|\n|t:|1783550888\n|move|p2a: Zacian|Behemoth Blade|p1a: Moltres\n|-resisted|p1a: Moltres\n|-damage|p1a: Moltres|0 fnt\n|-status|p2a: Zacian|brn|[from] ability: Flame Body|[of] p1a: Moltres\n|faint|p1a: Moltres\n|\n|-damage|p2a: Zacian|60/100 brn|[from] brn\n|upkeep\n|inactive|Time left: 300 sec this turn | 300 sec total | 5 sec grace\n|\n|t:|1783550889\n|switch|p1a: Bronzong|Bronzong, L88|261/261\n|turn|10\n|inactive|Time left: 300 sec this turn | 300 sec total\n|\n|t:|1783550890\n|move|p2a: Zacian|Swords Dance|p2a: Zacian\n|-boost|p2a: Zacian|atk|2\n|move|p1a: Bronzong|Iron Defense|p1a: Bronzong\n|-boost|p1a: Bronzong|def|2\n|\n|-damage|p2a: Zacian|53/100 brn|[from] brn\n|upkeep\n|turn|11\n|inactive|Time left: 300 sec this turn | 300 sec total\n|\n|t:|1783550891\n|move|p2a: Zacian|Play Rough|p1a: Bronzong\n|-resisted|p1a: Bronzong\n|-damage|p1a: Bronzong|236/261\n|move|p1a: Bronzong|Body Press|p2a: Zacian\n|-damage|p2a: Zacian|0 fnt\n|faint|p2a: Zacian\n|\n|upkeep\n|\n|t:|1783550893\n|switch|p2a: Landorus|Landorus, L75, M|100/100\n|turn|12\n|inactive|Time left: 300 sec this turn | 300 sec total\n|\n|t:|1783550894\n|move|p2a: Landorus|Nasty Plot|p2a: Landorus\n|-boost|p2a: Landorus|spa|2\n|move|p1a: Bronzong|Iron Head|p2a: Landorus\n|-damage|p2a: Landorus|62/100\n|\n|upkeep\n|turn|13\n|inactive|Time left: 300 sec this turn | 300 sec total\n|\n|t:|1783550895\n|move|p2a: Landorus|Earth Power|p1a: Bronzong\n|-immune|p1a: Bronzong|[from] ability: Levitate\n|move|p1a: Bronzong|Iron Head|p2a: Landorus\n|-damage|p2a: Landorus|26/100\n|\n|upkeep\n|turn|14\n|inactive|Time left: 300 sec this turn | 300 sec total\n|\n|t:|1783550896\n|move|p2a: Landorus|Psychic|p1a: Bronzong\n|-resisted|p1a: Bronzong\n|-damage|p1a: Bronzong|196/261\n|move|p1a: Bronzong|Iron Head|p2a: Landorus\n|-damage|p2a: Landorus|0 fnt\n|faint|p2a: Landorus\n|\n|upkeep\n|\n|t:|1783550897\n|switch|p2a: Komala|Komala, L87, F|100/100\n|-ability|p2a: Komala|Comatose\n|turn|15\n|inactive|Time left: 300 sec this turn | 300 sec total\n|\n|t:|1783550898\n|-terastallize|p2a: Komala|Ghost\n|move|p2a: Komala|Rapid Spin|p1a: Bronzong\n|-resisted|p1a: Bronzong\n|-damage|p1a: Bronzong|184/261\n|-boost|p2a: Komala|spe|1\n|move|p1a: Bronzong|Iron Head|p2a: Komala\n|-damage|p2a: Komala|59/100\n|\n|upkeep\n|turn|16\n|inactive|Time left: 300 sec this turn | 300 sec total\n|\n|t:|1783550899\n|move|p2a: Komala|Knock Off|p1a: Bronzong\n|-supereffective|p1a: Bronzong\n|-damage|p1a: Bronzong|122/261\n|-enditem|p1a: Bronzong|Chesto Berry|[from] move: Knock Off|[of] p2a: Komala\n|move|p1a: Bronzong|Iron Head|p2a: Komala\n|-damage|p2a: Komala|15/100\n|\n|upkeep\n|turn|17\n|inactive|Time left: 300 sec this turn | 300 sec total\n|\n|t:|1783550900\n|move|p2a: Komala|U-turn|p1a: Bronzong\n|-damage|p1a: Bronzong|99/261\n|\n|t:|1783550901\n|switch|p2a: Ursaring|Ursaring, L84, M|100/100|[from] U-turn\n|move|p1a: Bronzong|Iron Head|p2a: Ursaring\n|-damage|p2a: Ursaring|67/100\n|\n|-status|p2a: Ursaring|tox|[from] item: Toxic Orb\n|upkeep\n|turn|18\n|inactive|Time left: 300 sec this turn | 300 sec total\n|\n|t:|1783550902\n|switch|p2a: Komala|Komala, L87, F, tera:Ghost|15/100\n|-ability|p2a: Komala|Comatose\n|move|p1a: Bronzong|Body Press|p2a: Komala\n|-immune|p2a: Komala\n|\n|upkeep\n|turn|19\n|inactive|Time left: 300 sec this turn | 300 sec total\n|\n|t:|1783550903\n|move|p2a: Komala|U-turn|p1a: Bronzong\n|-damage|p1a: Bronzong|76/261\n|\n|t:|1783550903\n|switch|p2a: Ursaring|Ursaring, L84, M|67/100 tox|[from] U-turn\n|move|p1a: Bronzong|Iron Head|p2a: Ursaring\n|-damage|p2a: Ursaring|31/100 tox\n|\n|-damage|p2a: Ursaring|25/100 tox|[from] psn\n|upkeep\n|turn|20\n|inactive|Time left: 300 sec this turn | 300 sec total\n|\n|t:|1783550904\n|move|p2a: Ursaring|Throat Chop|p1a: Bronzong\n|-supereffective|p1a: Bronzong\n|-damage|p1a: Bronzong|24/261\n|-start|p1a: Bronzong|Throat Chop|[silent]\n|move|p1a: Bronzong|Iron Head|p2a: Ursaring\n|-damage|p2a: Ursaring|0 fnt\n|faint|p2a: Ursaring\n|\n|upkeep\n|\n|t:|1783550905\n|switch|p2a: Komala|Komala, L87, F, tera:Ghost|15/100\n|-ability|p2a: Komala|Comatose\n|turn|21\n|inactive|Time left: 300 sec this turn | 300 sec total\n|\n|t:|1783550905\n|-terastallize|p1a: Bronzong|Fighting\n|move|p2a: Komala|Body Slam|p1a: Bronzong\n|-damage|p1a: Bronzong|0 fnt\n|faint|p1a: Bronzong\n|\n|upkeep\n|inactive|Time left: 300 sec this turn | 300 sec total | 5 sec grace\n|\n|t:|1783550906\n|switch|p1a: Kyurem|Kyurem, L77|319/319\n|-ability|p1a: Kyurem|Pressure\n|turn|22\n|inactive|Time left: 300 sec this turn | 300 sec total\n|\n|t:|1783550907\n|move|p1a: Kyurem|Icicle Spear|p2a: Komala\n|-damage|p2a: Komala|1/100\n|-damage|p2a: Komala|0 fnt\n|faint|p2a: Komala\n|-hitcount|p2: Komala|2\n|\n|win|p0x9502585", "uploadtime": 1783550907, "views": 0, "rating": 0, "private": 0, "password": null, "_winner": "p0x9502585", "_our_name": "p0x9502585"}