{"id": "battle-gen9randombattle-1990", "formatid": "gen9randombattle", "format": "[Gen 9] Random Battle", "players": ["p0x1990f283", "p0y1990b4f3"], "log": "|init|battle\n|title|p0x1990f283 vs. p0y1990b4f3\n|j|\u2606p0x1990f283\n|j|\u2606p0y1990b4f3\n|t:|1783563037\n|gametype|singles\n|player|p1|p0x1990f283|2|\n|player|p2|p0y1990b4f3|101|\n|gen|9\n|tier|[Gen 9] Random Battle\n|rule|Species Clause: Limit one of each Pok\u00e9mon\n|rule|HP Percentage Mod: HP is shown in percentages\n|rule|Sleep Clause Mod: Limit one foe put to sleep\n|rule|Illusion Level Mod: Illusion disguises the Pok\u00e9mon's true level\n|\n|t:|1783563037\n|teamsize|p1|6\n|teamsize|p2|6\n|start\n|switch|p1a: Pecharunt|Pecharunt, L77|262/262\n|switch|p2a: Krookodile|Krookodile, L79, M|100/100\n|-ability|p2a: Krookodile|Intimidate|boost\n|-unboost|p1a: Pecharunt|atk|1\n|turn|1\n|inactive|Battle timer is ON: inactive players will automatically lose when time's up. (requested by p0y1990b4f3)\n|inactive|Time left: 300 sec this turn | 300 sec total | 60 sec grace\n|inactive|p0x1990f283 also wants the timer to be on.\n|\n|t:|1783563038\n|move|p2a: Krookodile|Knock Off|p1a: Pecharunt\n|-supereffective|p1a: Pecharunt\n|-damage|p1a: Pecharunt|106/262\n|-damage|p2a: Krookodile|84/100|[from] item: Rocky Helmet|[of] p1a: Pecharunt\n|-enditem|p1a: Pecharunt|Rocky Helmet|[from] move: Knock Off|[of] p2a: Krookodile\n|move|p1a: Pecharunt|Parting Shot|p2a: Krookodile\n|-unboost|p2a: Krookodile|atk|1\n|-unboost|p2a: Krookodile|spa|1\n|inactive|Time left: 300 sec this turn | 300 sec total | 65 sec grace\n|\n|t:|1783563039\n|switch|p1a: Salamence|Salamence, L77, F|273/273|[from] Parting Shot\n|\n|-heal|p2a: Krookodile|90/100|[from] item: Leftovers\n|upkeep\n|turn|2\n|inactive|Time left: 300 sec this turn | 300 sec total\n|\n|t:|1783563040\n|switch|p2a: Stantler|Stantler, L92, F|100/100\n|-ability|p2a: Stantler|Intimidate|boost\n|-unboost|p1a: Salamence|atk|1\n|move|p1a: Salamence|Outrage|p2a: Stantler\n|-damage|p2a: Stantler|75/100\n|\n|upkeep\n|turn|3\n|inactive|Time left: 300 sec this turn | 300 sec total\n|\n|t:|1783563041\n|move|p2a: Stantler|Body Slam|p1a: Salamence\n|-crit|p1a: Salamence\n|-damage|p1a: Salamence|90/273\n|-status|p1a: Salamence|par\n|cant|p1a: Salamence|par\n|\n|upkeep\n|turn|4\n|inactive|Time left: 300 sec this turn | 300 sec total\n|\n|t:|1783563041\n|move|p2a: Stantler|Body Slam|p1a: Salamence\n|-damage|p1a: Salamence|0 fnt\n|faint|p1a: Salamence\n|\n|upkeep\n|inactive|Time left: 300 sec this turn | 300 sec total | 5 sec grace\n|\n|t:|1783563042\n|switch|p1a: Pecharunt|Pecharunt, L77|106/262\n|turn|5\n|inactive|Time left: 300 sec this turn | 300 sec total\n|\n|t:|1783563043\n|move|p2a: Stantler|Earthquake|p1a: Pecharunt\n|-supereffective|p1a: Pecharunt\n|-damage|p1a: Pecharunt|0 fnt\n|faint|p1a: Pecharunt\n|\n|upkeep\n|inactive|Time left: 300 sec this turn | 300 sec total | 5 sec grace\n|\n|t:|1783563044\n|switch|p1a: Grimmsnarl|Grimmsnarl, L83, M|293/293\n|turn|6\n|inactive|Time left: 300 sec this turn | 300 sec total\n|\n|t:|1783563045\n|switch|p2a: Krookodile|Krookodile, L79, M|90/100\n|-ability|p2a: Krookodile|Intimidate|boost\n|-unboost|p1a: Grimmsnarl|atk|1\n|move|p1a: Grimmsnarl|Spirit Break|p2a: Krookodile\n|-supereffective|p2a: Krookodile\n|-damage|p2a: Krookodile|36/100\n|-unboost|p2a: Krookodile|spa|1\n|\n|-heal|p2a: Krookodile|42/100|[from] item: Leftovers\n|upkeep\n|turn|7\n|inactive|Time left: 300 sec this turn | 300 sec total\n|\n|t:|1783563046\n|move|p2a: Krookodile|Earthquake|p1a: Grimmsnarl\n|-damage|p1a: Grimmsnarl|157/293\n|move|p1a: Grimmsnarl|Spirit Break|p2a: Krookodile\n|-supereffective|p2a: Krookodile\n|-damage|p2a: Krookodile|0 fnt\n|faint|p2a: Krookodile\n|\n|upkeep\n|\n|t:|1783563046\n|switch|p2a: Houndoom|Houndoom, L87, M|100/100\n|turn|8\n|inactive|Time left: 300 sec this turn | 300 sec total\n|\n|t:|1783563048\n|move|p2a: Houndoom|Nasty Plot|p2a: Houndoom\n|-boost|p2a: Houndoom|spa|2\n|move|p1a: Grimmsnarl|Spirit Break|p2a: Houndoom\n|-damage|p2a: Houndoom|65/100\n|-unboost|p2a: Houndoom|spa|1\n|\n|upkeep\n|turn|9\n|inactive|Time left: 300 sec this turn | 300 sec total\n|\n|t:|1783563049\n|switch|p1a: Dragalge|Dragalge, L88, F|258/258\n|move|p2a: Houndoom|Fire Blast|p1a: Dragalge|[miss]\n|-miss|p2a: Houndoom|p1a: Dragalge\n|\n|upkeep\n|turn|10\n|inactive|Time left: 300 sec this turn | 300 sec total\n|\n|t:|1783563050\n|move|p2a: Houndoom|Dark Pulse|p1a: Dragalge\n|-damage|p1a: Dragalge|146/258\n|move|p1a: Dragalge|Focus Blast|p2a: Houndoom\n|-supereffective|p2a: Houndoom\n|-damage|p2a: Houndoom|0 fnt\n|faint|p2a: Houndoom\n|\n|-heal|p1a: Dragalge|162/258|[from] item: Leftovers\n|upkeep\n|\n|t:|1783563051\n|switch|p2a: Stantler|Stantler, L92, F|75/100\n|-ability|p2a: Stantler|Intimidate|boost\n|-unboost|p1a: Dragalge|atk|1\n|turn|11\n|inactive|Time left: 300 sec this turn | 300 sec total\n|\n|t:|1783563052\n|move|p2a: Stantler|Earthquake|p1a: Dragalge\n|-supereffective|p1a: Dragalge\n|-damage|p1a: Dragalge|18/258\n|move|p1a: Dragalge|Sludge Wave|p2a: Stantler\n|-damage|p2a: Stantler|33/100\n|\n|-heal|p1a: Dragalge|34/258|[from] item: Leftovers\n|upkeep\n|turn|12\n|inactive|Time left: 300 sec this turn | 300 sec total\n|\n|t:|1783563053\n|switch|p1a: Lugia|Lugia, L73|275/275\n|move|p2a: Stantler|Body Slam|p1a: Lugia\n|-damage|p1a: Lugia|230/275\n|\n|upkeep\n|turn|13\n|inactive|Time left: 300 sec this turn | 300 sec total\n|\n|t:|1783563054\n|move|p2a: Stantler|Body Slam|p1a: Lugia\n|-damage|p1a: Lugia|148/275\n|move|p1a: Lugia|Calm Mind|p1a: Lugia\n|-boost|p1a: Lugia|spa|1\n|-boost|p1a: Lugia|spd|1\n|\n|upkeep\n|turn|14\n|inactive|Time left: 300 sec this turn | 300 sec total\n|\n|t:|1783563055\n|move|p2a: Stantler|Body Slam|p1a: Lugia\n|-damage|p1a: Lugia|52/275\n|move|p1a: Lugia|Aeroblast|p2a: Stantler\n|-damage|p2a: Stantler|1/100\n|\n|upkeep\n|turn|15\n|inactive|Time left: 300 sec this turn | 300 sec total\n|\n|t:|1783563056\n|-terastallize|p1a: Lugia|Steel\n|move|p2a: Stantler|Body Slam|p1a: Lugia\n|-resisted|p1a: Lugia\n|-damage|p1a: Lugia|4/275\n|move|p1a: Lugia|Recover|p1a: Lugia\n|-heal|p1a: Lugia|142/275\n|\n|upkeep\n|turn|16\n|inactive|Time left: 300 sec this turn | 300 sec total\n|\n|t:|1783563057\n|move|p2a: Stantler|Earthquake|p1a: Lugia\n|-supereffective|p1a: Lugia\n|-damage|p1a: Lugia|0 fnt\n|faint|p1a: Lugia\n|\n|upkeep\n|inactive|Time left: 300 sec this turn | 300 sec total | 5 sec grace\n|\n|t:|1783563058\n|switch|p1a: Grimmsnarl|Grimmsnarl, L83, M|157/293\n|turn|17\n|inactive|Time left: 300 sec this turn | 300 sec total\n|\n|t:|1783563059\n|move|p1a: Grimmsnarl|Reflect|p1a: Grimmsnarl\n|-sidestart|p1: p0x1990f283|Reflect\n|move|p2a: Stantler|Body Slam|p1a: Grimmsnarl\n|-damage|p1a: Grimmsnarl|88/293\n|\n|upkeep\n|turn|18\n|inactive|Time left: 300 sec this turn | 300 sec total\n|\n|t:|1783563061\n|move|p2a: Stantler|Body Slam|p1a: Grimmsnarl\n|-damage|p1a: Grimmsnarl|28/293\n|move|p1a: Grimmsnarl|Spirit Break|p2a: Stantler\n|-damage|p2a: Stantler|0 fnt\n|faint|p2a: Stantler\n|\n|upkeep\n|\n|t:|1783563062\n|switch|p2a: Ogerpon|Ogerpon, L80, F|100/100\n|turn|19\n|inactive|Time left: 300 sec this turn | 300 sec total\n|\n|t:|1783563063\n|move|p1a: Grimmsnarl|Light Screen|p1a: Grimmsnarl\n|-sidestart|p1: p0x1990f283|move: Light Screen\n|move|p2a: Ogerpon|Swords Dance|p2a: Ogerpon\n|-boost|p2a: Ogerpon|atk|2\n|\n|upkeep\n|turn|20\n|inactive|Time left: 300 sec this turn | 300 sec total\n|\n|t:|1783563064\n|move|p1a: Grimmsnarl|Reflect||[still]\n|-fail|p1a: Grimmsnarl\n|move|p2a: Ogerpon|Ivy Cudgel|p1a: Grimmsnarl\n|-damage|p1a: Grimmsnarl|0 fnt\n|faint|p1a: Grimmsnarl\n|-damage|p2a: Ogerpon|91/100|[from] item: Life Orb\n|\n|upkeep\n|inactive|Time left: 300 sec this turn | 300 sec total | 5 sec grace\n|\n|t:|1783563065\n|switch|p1a: Dragalge|Dragalge, L88, F|34/258\n|turn|21\n|inactive|Time left: 300 sec this turn | 300 sec total\n|\n|t:|1783563066\n|-terastallize|p2a: Ogerpon|Grass\n|detailschange|p2a: Ogerpon|Ogerpon-Teal-Tera, L80, F, tera:Grass\n|-ability|p2a: Ogerpon|Embody Aspect (Teal)|boost\n|-boost|p2a: Ogerpon|spe|1\n|move|p2a: Ogerpon|Ivy Cudgel|p1a: Dragalge\n|-resisted|p1a: Dragalge\n|-damage|p1a: Dragalge|0 fnt\n|faint|p1a: Dragalge\n|-damage|p2a: Ogerpon|81/100|[from] item: Life Orb\n|\n|upkeep\n|inactive|Time left: 300 sec this turn | 300 sec total | 5 sec grace\n|\n|t:|1783563067\n|switch|p1a: Suicune|Suicune, L82|298/298\n|-ability|p1a: Suicune|Pressure\n|turn|22\n|inactive|Time left: 300 sec this turn | 300 sec total\n|\n|t:|1783563068\n|move|p2a: Ogerpon|Ivy Cudgel|p1a: Suicune\n|-supereffective|p1a: Suicune\n|-damage|p1a: Suicune|0 fnt\n|faint|p1a: Suicune\n|-damage|p2a: Ogerpon|72/100|[from] item: Life Orb\n|\n|win|p0y1990b4f3", "uploadtime": 1783563068, "views": 0, "rating": 0, "private": 0, "password": null, "_winner": "p0y1990b4f3", "_our_name": "p0x1990f283"}