{"id": "battle-gen9randombattle-2622", "formatid": "gen9randombattle", "format": "[Gen 9] Random Battle", "players": ["p0x26224c5e", "p0y2622c971"], "log": "|init|battle\n|title|p0x26224c5e vs. p0y2622c971\n|j|\u2606p0x26224c5e\n|j|\u2606p0y2622c971\n|t:|1783569277\n|gametype|singles\n|player|p1|p0x26224c5e|170|\n|player|p2|p0y2622c971|266|\n|gen|9\n|tier|[Gen 9] Random Battle\n|rule|Species Clause: Limit one of each Pok\u00e9mon\n|rule|HP Percentage Mod: HP is shown in percentages\n|rule|Sleep Clause Mod: Limit one foe put to sleep\n|rule|Illusion Level Mod: Illusion disguises the Pok\u00e9mon's true level\n|\n|t:|1783569277\n|teamsize|p1|6\n|teamsize|p2|6\n|start\n|switch|p1a: Dudunsparce|Dudunsparce-Three-Segment, L83, F|100/100\n|switch|p2a: Cacturne|Cacturne, L92, M|278/278\n|turn|1\n|inactive|Battle timer is ON: inactive players will automatically lose when time's up. (requested by p0x26224c5e)\n|inactive|Time left: 300 sec this turn | 300 sec total | 60 sec grace\n|inactive|p0y2622c971 also wants the timer to be on.\n|\n|t:|1783569278\n|switch|p1a: Hitmontop|Hitmontop, L88, M|100/100\n|-ability|p1a: Hitmontop|Intimidate|boost\n|-unboost|p2a: Cacturne|atk|1\n|move|p2a: Cacturne|Knock Off|p1a: Hitmontop\n|-resisted|p1a: Hitmontop\n|-damage|p1a: Hitmontop|77/100\n|-enditem|p1a: Hitmontop|Assault Vest|[from] move: Knock Off|[of] p2a: Cacturne\n|-damage|p2a: Cacturne|251/278|[from] item: Life Orb\n|\n|upkeep\n|turn|2\n|inactive|Time left: 300 sec this turn | 300 sec total\n|\n|t:|1783569280\n|switch|p2a: Passimian|Passimian, L83, M|302/302\n|move|p1a: Hitmontop|Close Combat|p2a: Passimian\n|-damage|p2a: Passimian|169/302\n|-unboost|p1a: Hitmontop|def|1\n|-unboost|p1a: Hitmontop|spd|1\n|\n|-heal|p2a: Passimian|187/302|[from] item: Leftovers\n|upkeep\n|turn|3\n|inactive|Time left: 300 sec this turn | 300 sec total\n|\n|t:|1783569281\n|switch|p1a: Sableye|Sableye, L88, M|100/100\n|move|p2a: Passimian|Drain Punch|p1a: Sableye\n|-immune|p1a: Sableye\n|\n|-heal|p2a: Passimian|205/302|[from] item: Leftovers\n|upkeep\n|turn|4\n|inactive|Time left: 300 sec this turn | 300 sec total\n|\n|t:|1783569282\n|move|p1a: Sableye|Will-O-Wisp|p2a: Passimian\n|-status|p2a: Passimian|brn\n|move|p2a: Passimian|Bulk Up|p2a: Passimian\n|-boost|p2a: Passimian|atk|1\n|-boost|p2a: Passimian|def|1\n|\n|-heal|p2a: Passimian|223/302 brn|[from] item: Leftovers\n|-damage|p2a: Passimian|205/302 brn|[from] brn\n|upkeep\n|turn|5\n|inactive|Time left: 300 sec this turn | 300 sec total\n|\n|t:|1783569283\n|move|p1a: Sableye|Encore|p2a: Passimian\n|-start|p2a: Passimian|Encore\n|move|p2a: Passimian|Bulk Up|p2a: Passimian\n|-boost|p2a: Passimian|atk|1\n|-boost|p2a: Passimian|def|1\n|\n|-heal|p2a: Passimian|223/302 brn|[from] item: Leftovers\n|-damage|p2a: Passimian|205/302 brn|[from] brn\n|upkeep\n|turn|6\n|inactive|Time left: 300 sec this turn | 300 sec total\n|\n|t:|1783569284\n|switch|p1a: Alcremie|Alcremie-Ruby-Swirl, L90, F|100/100\n|move|p2a: Passimian|Bulk Up|p2a: Passimian\n|-boost|p2a: Passimian|atk|1\n|-boost|p2a: Passimian|def|1\n|\n|-heal|p2a: Passimian|223/302 brn|[from] item: Leftovers\n|-damage|p2a: Passimian|205/302 brn|[from] brn\n|upkeep\n|turn|7\n|inactive|Time left: 300 sec this turn | 300 sec total\n|\n|t:|1783569285\n|move|p2a: Passimian|Bulk Up|p2a: Passimian\n|-boost|p2a: Passimian|atk|1\n|-boost|p2a: Passimian|def|1\n|move|p1a: Alcremie|Alluring Voice|p2a: Passimian\n|-supereffective|p2a: Passimian\n|-damage|p2a: Passimian|0 fnt\n|faint|p2a: Passimian\n|\n|upkeep\n|inactive|Time left: 300 sec this turn | 300 sec total | 5 sec grace\n|\n|t:|1783569286\n|switch|p2a: Komala|Komala, L87, F|255/255\n|-ability|p2a: Komala|Comatose\n|turn|8\n|inactive|Time left: 300 sec this turn | 300 sec total\n|\n|t:|1783569287\n|move|p1a: Alcremie|Psyshock|p2a: Komala\n|-damage|p2a: Komala|165/255\n|move|p2a: Komala|Rapid Spin|p1a: Alcremie\n|-damage|p1a: Alcremie|75/100\n|-boost|p2a: Komala|spe|1\n|\n|-heal|p1a: Alcremie|81/100|[from] item: Leftovers\n|upkeep\n|turn|9\n|inactive|Time left: 300 sec this turn | 300 sec total\n|\n|t:|1783569288\n|move|p2a: Komala|Body Slam|p1a: Alcremie\n|-damage|p1a: Alcremie|36/100\n|move|p1a: Alcremie|Recover|p1a: Alcremie\n|-heal|p1a: Alcremie|86/100\n|\n|-heal|p1a: Alcremie|92/100|[from] item: Leftovers\n|upkeep\n|turn|10\n|inactive|Time left: 300 sec this turn | 300 sec total\n|\n|t:|1783569289\n|move|p2a: Komala|Body Slam|p1a: Alcremie\n|-damage|p1a: Alcremie|44/100\n|move|p1a: Alcremie|Alluring Voice|p2a: Komala\n|-damage|p2a: Komala|102/255\n|\n|-heal|p1a: Alcremie|50/100|[from] item: Leftovers\n|upkeep\n|turn|11\n|inactive|Time left: 300 sec this turn | 300 sec total\n|\n|t:|1783569290\n|move|p2a: Komala|Body Slam|p1a: Alcremie\n|-crit|p1a: Alcremie\n|-damage|p1a: Alcremie|0 fnt\n|faint|p1a: Alcremie\n|\n|upkeep\n|\n|t:|1783569291\n|switch|p1a: Overqwil|Overqwil, L82, M|100/100\n|-ability|p1a: Overqwil|Intimidate|boost\n|-unboost|p2a: Komala|atk|1\n|turn|12\n|inactive|Time left: 300 sec this turn | 300 sec total\n|\n|t:|1783569292\n|move|p2a: Komala|Body Slam|p1a: Overqwil\n|-damage|p1a: Overqwil|75/100\n|move|p1a: Overqwil|Swords Dance|p1a: Overqwil\n|-boost|p1a: Overqwil|atk|2\n|\n|upkeep\n|turn|13\n|inactive|Time left: 300 sec this turn | 300 sec total\n|\n|t:|1783569293\n|move|p2a: Komala|Body Slam|p1a: Overqwil\n|-damage|p1a: Overqwil|50/100\n|move|p1a: Overqwil|Crunch|p2a: Komala\n|-damage|p2a: Komala|0 fnt\n|faint|p2a: Komala\n|-damage|p1a: Overqwil|41/100|[from] item: Life Orb\n|\n|upkeep\n|inactive|Time left: 300 sec this turn | 300 sec total | 5 sec grace\n|\n|t:|1783569294\n|switch|p2a: Iron Jugulis|Iron Jugulis, L77|271/271\n|turn|14\n|inactive|Time left: 300 sec this turn | 300 sec total\n|\n|t:|1783569295\n|move|p2a: Iron Jugulis|Meteor Beam||[still]\n|-prepare|p2a: Iron Jugulis|Meteor Beam\n|-boost|p2a: Iron Jugulis|spa|1\n|-enditem|p2a: Iron Jugulis|Power Herb\n|-anim|p2a: Iron Jugulis|Meteor Beam|p1a: Overqwil\n|-damage|p1a: Overqwil|0 fnt\n|faint|p1a: Overqwil\n|\n|upkeep\n|\n|t:|1783569296\n|switch|p1a: Perrserker|Perrserker, L89, F|100/100\n|turn|15\n|inactive|Time left: 300 sec this turn | 300 sec total\n|\n|t:|1783569297\n|-terastallize|p1a: Perrserker|Fighting\n|move|p2a: Iron Jugulis|Hurricane|p1a: Perrserker|[miss]\n|-miss|p2a: Iron Jugulis|p1a: Perrserker\n|move|p1a: Perrserker|Close Combat|p2a: Iron Jugulis\n|-damage|p2a: Iron Jugulis|0 fnt\n|-unboost|p1a: Perrserker|def|1\n|-unboost|p1a: Perrserker|spd|1\n|faint|p2a: Iron Jugulis\n|-end|p2a: Iron Jugulis|Quark Drive|[silent]\n|-damage|p1a: Perrserker|91/100|[from] item: Life Orb\n|\n|upkeep\n|inactive|Time left: 300 sec this turn | 300 sec total | 5 sec grace\n|\n|t:|1783569298\n|switch|p2a: Staraptor|Staraptor, L79, M|263/263\n|turn|16\n|inactive|Time left: 300 sec this turn | 300 sec total\n|\n|t:|1783569299\n|switch|p1a: Hitmontop|Hitmontop, L88, M|77/100\n|-ability|p1a: Hitmontop|Intimidate|boost\n|-unboost|p2a: Staraptor|atk|1\n|move|p2a: Staraptor|Brave Bird|p1a: Hitmontop\n|-supereffective|p1a: Hitmontop\n|-crit|p1a: Hitmontop\n|-damage|p1a: Hitmontop|0 fnt\n|faint|p1a: Hitmontop\n|-damage|p2a: Staraptor|205/263|[from] Recoil\n|\n|upkeep\n|\n|t:|1783569300\n|switch|p1a: Dudunsparce|Dudunsparce-Three-Segment, L83, F|100/100\n|turn|17\n|inactive|Time left: 300 sec this turn | 300 sec total\n|\n|t:|1783569301\n|switch|p2a: Cacturne|Cacturne, L92, M|251/278\n|move|p1a: Dudunsparce|Glare|p2a: Cacturne\n|-status|p2a: Cacturne|par\n|\n|upkeep\n|turn|18\n|inactive|Time left: 300 sec this turn | 300 sec total\n|\n|t:|1783569301\n|move|p1a: Dudunsparce|Headbutt|p2a: Cacturne\n|-damage|p2a: Cacturne|158/278 par\n|move|p2a: Cacturne|Knock Off|p1a: Dudunsparce\n|-damage|p1a: Dudunsparce|46/100\n|-enditem|p1a: Dudunsparce|Leftovers|[from] move: Knock Off|[of] p2a: Cacturne\n|-damage|p2a: Cacturne|131/278 par|[from] item: Life Orb\n|\n|upkeep\n|turn|19\n|inactive|Time left: 300 sec this turn | 300 sec total\n|\n|t:|1783569302\n|move|p1a: Dudunsparce|Roost|p1a: Dudunsparce\n|-heal|p1a: Dudunsparce|96/100\n|-singleturn|p1a: Dudunsparce|move: Roost\n|move|p2a: Cacturne|Leaf Storm|p1a: Dudunsparce\n|-damage|p1a: Dudunsparce|14/100\n|-unboost|p2a: Cacturne|spa|2\n|-damage|p2a: Cacturne|104/278 par|[from] item: Life Orb\n|\n|upkeep\n|turn|20\n|inactive|Time left: 300 sec this turn | 300 sec total\n|\n|t:|1783569303\n|switch|p2a: Staraptor|Staraptor, L79, M|205/263\n|move|p1a: Dudunsparce|Glare|p2a: Staraptor\n|-status|p2a: Staraptor|par\n|\n|upkeep\n|turn|21\n|inactive|Time left: 300 sec this turn | 300 sec total\n|\n|t:|1783569304\n|move|p2a: Staraptor|Brave Bird|p1a: Dudunsparce\n|-damage|p1a: Dudunsparce|0 fnt\n|faint|p1a: Dudunsparce\n|-damage|p2a: Staraptor|190/263 par|[from] Recoil\n|\n|upkeep\n|\n|t:|1783569304\n|switch|p1a: Sableye|Sableye, L88, M|100/100\n|turn|22\n|inactive|Time left: 300 sec this turn | 300 sec total\n|\n|t:|1783569305\n|-terastallize|p2a: Staraptor|Flying\n|move|p2a: Staraptor|Brave Bird|p1a: Sableye\n|-crit|p1a: Sableye\n|-damage|p1a: Sableye|0 fnt\n|faint|p1a: Sableye\n|-damage|p2a: Staraptor|114/263 par|[from] Recoil\n|\n|upkeep\n|\n|t:|1783569306\n|switch|p1a: Perrserker|Perrserker, L89, F, tera:Fighting|91/100\n|turn|23\n|inactive|Time left: 300 sec this turn | 300 sec total\n|\n|t:|1783569306\n|move|p2a: Staraptor|Brave Bird|p1a: Perrserker\n|-supereffective|p1a: Perrserker\n|-damage|p1a: Perrserker|0 fnt\n|faint|p1a: Perrserker\n|-damage|p2a: Staraptor|34/263 par|[from] Recoil\n|\n|win|p0y2622c971", "uploadtime": 1783569306, "views": 0, "rating": 0, "private": 0, "password": null, "_winner": "p0y2622c971", "_our_name": "p0y2622c971"}