{"id": "battle-gen9randombattle-1314", "formatid": "gen9randombattle", "format": "[Gen 9] Random Battle", "players": ["p0x1314b3bb", "p0y131436ca"], "log": "|init|battle\n|title|p0x1314b3bb vs. p0y131436ca\n|j|\u2606p0x1314b3bb\n|j|\u2606p0y131436ca\n|t:|1783555257\n|gametype|singles\n|player|p1|p0x1314b3bb|2|\n|player|p2|p0y131436ca|266|\n|gen|9\n|tier|[Gen 9] Random Battle\n|rule|Species Clause: Limit one of each Pok\u00e9mon\n|rule|HP Percentage Mod: HP is shown in percentages\n|rule|Sleep Clause Mod: Limit one foe put to sleep\n|rule|Illusion Level Mod: Illusion disguises the Pok\u00e9mon's true level\n|\n|t:|1783555257\n|teamsize|p1|6\n|teamsize|p2|6\n|start\n|switch|p1a: Milotic|Milotic, L83, F|293/293\n|switch|p2a: Shaymin|Shaymin-Sky, L73|100/100\n|turn|1\n|inactive|Battle timer is ON: inactive players will automatically lose when time's up. (requested by p0y131436ca)\n|inactive|Time left: 300 sec this turn | 300 sec total | 60 sec grace\n|inactive|p0x1314b3bb also wants the timer to be on.\n|\n|t:|1783555258\n|move|p2a: Shaymin|Leech Seed|p1a: Milotic\n|-start|p1a: Milotic|move: Leech Seed\n|move|p1a: Milotic|Ice Beam|p2a: Shaymin\n|-supereffective|p2a: Shaymin\n|-crit|p2a: Shaymin\n|-damage|p2a: Shaymin|0 fnt\n|faint|p2a: Shaymin\n|\n|upkeep\n|\n|t:|1783555259\n|switch|p2a: Cloyster|Cloyster, L80, M|100/100\n|turn|2\n|inactive|Time left: 300 sec this turn | 300 sec total\n|\n|t:|1783555260\n|switch|p1a: Duraludon|Duraludon, L82, M|249/249\n|move|p2a: Cloyster|Shell Smash|p2a: Cloyster\n|-unboost|p2a: Cloyster|def|1\n|-unboost|p2a: Cloyster|spd|1\n|-boost|p2a: Cloyster|atk|2\n|-boost|p2a: Cloyster|spa|2\n|-boost|p2a: Cloyster|spe|2\n|-enditem|p2a: Cloyster|White Herb\n|-clearnegativeboost|p2a: Cloyster|[silent]\n|\n|upkeep\n|turn|3\n|inactive|Time left: 300 sec this turn | 300 sec total\n|\n|t:|1783555261\n|move|p2a: Cloyster|Icicle Spear|p1a: Duraludon\n|-damage|p1a: Duraludon|222/249\n|-damage|p1a: Duraludon|192/249\n|-damage|p1a: Duraludon|162/249\n|-damage|p1a: Duraludon|134/249\n|-damage|p1a: Duraludon|109/249\n|-hitcount|p1a: Duraludon|5\n|move|p1a: Duraludon|Draco Meteor|p2a: Cloyster\n|-damage|p2a: Cloyster|0 fnt\n|-unboost|p1a: Duraludon|spa|2\n|faint|p2a: Cloyster\n|\n|upkeep\n|\n|t:|1783555262\n|switch|p2a: Passimian|Passimian, L83, M|100/100\n|turn|4\n|inactive|Time left: 300 sec this turn | 300 sec total\n|\n|t:|1783555264\n|switch|p1a: Gliscor|Gliscor, L76, M|239/239\n|move|p2a: Passimian|Bulk Up|p2a: Passimian\n|-boost|p2a: Passimian|atk|1\n|-boost|p2a: Passimian|def|1\n|\n|-status|p1a: Gliscor|tox|[from] item: Toxic Orb\n|upkeep\n|turn|5\n|inactive|Time left: 300 sec this turn | 300 sec total\n|\n|t:|1783555265\n|move|p1a: Gliscor|Toxic|p2a: Passimian\n|-status|p2a: Passimian|tox\n|move|p2a: Passimian|Knock Off|p1a: Gliscor\n|-damage|p1a: Gliscor|147/239 tox\n|-enditem|p1a: Gliscor|Toxic Orb|[from] move: Knock Off|[of] p2a: Passimian\n|\n|-heal|p1a: Gliscor|176/239 tox|[from] ability: Poison Heal\n|-damage|p2a: Passimian|95/100 tox|[from] psn\n|upkeep\n|turn|6\n|inactive|Time left: 300 sec this turn | 300 sec total\n|\n|t:|1783555266\n|move|p1a: Gliscor|Earthquake|p2a: Passimian\n|-damage|p2a: Passimian|76/100 tox\n|move|p2a: Passimian|Bulk Up|p2a: Passimian\n|-boost|p2a: Passimian|atk|1\n|-boost|p2a: Passimian|def|1\n|\n|-heal|p2a: Passimian|82/100 tox|[from] item: Leftovers\n|-heal|p1a: Gliscor|205/239 tox|[from] ability: Poison Heal\n|-damage|p2a: Passimian|70/100 tox|[from] psn\n|upkeep\n|turn|7\n|inactive|Time left: 300 sec this turn | 300 sec total\n|\n|t:|1783555267\n|move|p1a: Gliscor|Earthquake|p2a: Passimian\n|-damage|p2a: Passimian|56/100 tox\n|move|p2a: Passimian|Drain Punch|p1a: Gliscor\n|-resisted|p1a: Gliscor\n|-damage|p1a: Gliscor|133/239 tox\n|-heal|p2a: Passimian|68/100 tox|[from] drain|[of] p1a: Gliscor\n|\n|-heal|p2a: Passimian|74/100 tox|[from] item: Leftovers\n|-heal|p1a: Gliscor|162/239 tox|[from] ability: Poison Heal\n|-damage|p2a: Passimian|56/100 tox|[from] psn\n|upkeep\n|turn|8\n|inactive|Time left: 300 sec this turn | 300 sec total\n|\n|t:|1783555268\n|move|p1a: Gliscor|Protect|p1a: Gliscor\n|-singleturn|p1a: Gliscor|Protect\n|move|p2a: Passimian|Drain Punch|p1a: Gliscor\n|-activate|p1a: Gliscor|move: Protect\n|\n|-heal|p2a: Passimian|62/100 tox|[from] item: Leftovers\n|-heal|p1a: Gliscor|191/239 tox|[from] ability: Poison Heal\n|-damage|p2a: Passimian|39/100 tox|[from] psn\n|upkeep\n|turn|9\n|inactive|Time left: 300 sec this turn | 300 sec total\n|\n|t:|1783555269\n|move|p1a: Gliscor|Earthquake|p2a: Passimian\n|-damage|p2a: Passimian|25/100 tox\n|move|p2a: Passimian|Drain Punch|p1a: Gliscor\n|-resisted|p1a: Gliscor\n|-damage|p1a: Gliscor|109/239 tox\n|-heal|p2a: Passimian|39/100 tox|[from] drain|[of] p1a: Gliscor\n|\n|-heal|p2a: Passimian|45/100 tox|[from] item: Leftovers\n|-heal|p1a: Gliscor|138/239 tox|[from] ability: Poison Heal\n|-damage|p2a: Passimian|15/100 tox|[from] psn\n|upkeep\n|turn|10\n|inactive|Time left: 300 sec this turn | 300 sec total\n|\n|t:|1783555270\n|move|p1a: Gliscor|Earthquake|p2a: Passimian\n|-damage|p2a: Passimian|0 fnt\n|faint|p2a: Passimian\n|\n|-heal|p1a: Gliscor|167/239 tox|[from] ability: Poison Heal\n|upkeep\n|\n|t:|1783555271\n|switch|p2a: Hydreigon|Hydreigon, L79, F|100/100\n|turn|11\n|inactive|Time left: 300 sec this turn | 300 sec total\n|\n|t:|1783555272\n|switch|p1a: Zamazenta|Zamazenta, L71|248/248\n|-ability|p1a: Zamazenta|Dauntless Shield|boost\n|-boost|p1a: Zamazenta|def|1\n|move|p2a: Hydreigon|Nasty Plot|p2a: Hydreigon\n|-boost|p2a: Hydreigon|spa|2\n|\n|upkeep\n|turn|12\n|inactive|Time left: 300 sec this turn | 300 sec total\n|\n|t:|1783555273\n|-terastallize|p1a: Zamazenta|Fighting\n|move|p1a: Zamazenta|Body Press|p2a: Hydreigon\n|-supereffective|p2a: Hydreigon\n|-damage|p2a: Hydreigon|0 fnt\n|faint|p2a: Hydreigon\n|\n|upkeep\n|\n|t:|1783555274\n|switch|p2a: Palafin|Palafin, L77, M|100/100\n|turn|13\n|inactive|Time left: 300 sec this turn | 300 sec total\n|\n|t:|1783555275\n|move|p1a: Zamazenta|Body Press|p2a: Palafin\n|-damage|p2a: Palafin|38/100\n|move|p2a: Palafin|Flip Turn|p1a: Zamazenta\n|-damage|p1a: Zamazenta|208/248\n|\n|t:|1783555276\n|detailschange|p2a: Palafin|Palafin-Hero, L77, M\n|switch|p2a: Heatran|Heatran, L79, M|100/100|[from] Flip Turn\n|-item|p2a: Heatran|Air Balloon\n|\n|-heal|p1a: Zamazenta|223/248|[from] item: Leftovers\n|upkeep\n|turn|14\n|inactive|Time left: 300 sec this turn | 300 sec total\n|\n|t:|1783555277\n|-terastallize|p2a: Heatran|Grass\n|move|p1a: Zamazenta|Body Press|p2a: Heatran\n|-damage|p2a: Heatran|56/100\n|-enditem|p2a: Heatran|Air Balloon\n|move|p2a: Heatran|Magma Storm|p1a: Zamazenta\n|-damage|p1a: Zamazenta|115/248\n|-activate|p1a: Zamazenta|move: Magma Storm|[of] p2a: Heatran\n|\n|-heal|p1a: Zamazenta|130/248|[from] item: Leftovers\n|-damage|p1a: Zamazenta|99/248|[from] move: Magma Storm|[partiallytrapped]\n|upkeep\n|turn|15\n|inactive|Time left: 300 sec this turn | 300 sec total\n|\n|t:|1783555278\n|move|p1a: Zamazenta|Body Press|p2a: Heatran\n|-damage|p2a: Heatran|6/100\n|move|p2a: Heatran|Earth Power|p1a: Zamazenta\n|-damage|p1a: Zamazenta|34/248\n|\n|-heal|p1a: Zamazenta|49/248|[from] item: Leftovers\n|-damage|p1a: Zamazenta|18/248|[from] move: Magma Storm|[partiallytrapped]\n|upkeep\n|turn|16\n|inactive|Time left: 300 sec this turn | 300 sec total\n|\n|t:|1783555280\n|move|p1a: Zamazenta|Body Press|p2a: Heatran\n|-damage|p2a: Heatran|0 fnt\n|faint|p2a: Heatran\n|\n|-heal|p1a: Zamazenta|33/248|[from] item: Leftovers\n|-end|p1a: Zamazenta|Magma Storm|[partiallytrapped]|[silent]\n|upkeep\n|\n|t:|1783555280\n|switch|p2a: Palafin|Palafin-Hero, L77, M|38/100\n|-activate|p2a: Palafin|ability: Zero to Hero\n|turn|17\n|inactive|Time left: 300 sec this turn | 300 sec total\n|\n|t:|1783555281\n|move|p2a: Palafin|Jet Punch|p1a: Zamazenta\n|-damage|p1a: Zamazenta|0 fnt\n|faint|p1a: Zamazenta\n|\n|upkeep\n|inactive|Time left: 300 sec this turn | 300 sec total | 5 sec grace\n|\n|t:|1783555282\n|switch|p1a: Delibird|Delibird, M|252/252\n|turn|18\n|inactive|Time left: 300 sec this turn | 300 sec total\n|\n|t:|1783555283\n|move|p2a: Palafin|Jet Punch|p1a: Delibird\n|-damage|p1a: Delibird|105/252\n|move|p1a: Delibird|Freeze-Dry|p2a: Palafin\n|-supereffective|p2a: Palafin\n|-damage|p2a: Palafin|0 fnt\n|faint|p2a: Palafin\n|\n|win|p0x1314b3bb", "uploadtime": 1783555283, "views": 0, "rating": 0, "private": 0, "password": null, "_winner": "p0x1314b3bb", "_our_name": "p0x1314b3bb"}