{"id": "battle-gen9randombattle-2485", "formatid": "gen9randombattle", "format": "[Gen 9] Random Battle", "players": ["p0x2485c039", "p0y248552f9"], "log": "|init|battle\n|title|p0x2485c039 vs. p0y248552f9\n|j|\u2606p0x2485c039\n|j|\u2606p0y248552f9\n|t:|1783568805\n|gametype|singles\n|player|p1|p0x2485c039|266|\n|player|p2|p0y248552f9|265|\n|gen|9\n|tier|[Gen 9] Random Battle\n|rule|Species Clause: Limit one of each Pok\u00e9mon\n|rule|HP Percentage Mod: HP is shown in percentages\n|rule|Sleep Clause Mod: Limit one foe put to sleep\n|rule|Illusion Level Mod: Illusion disguises the Pok\u00e9mon's true level\n|\n|t:|1783568805\n|teamsize|p1|6\n|teamsize|p2|6\n|start\n|switch|p1a: Noivern|Noivern, L82, M|274/274\n|switch|p2a: Darkrai|Darkrai, L77|100/100\n|turn|1\n|inactive|Battle timer is ON: inactive players will automatically lose when time's up. (requested by p0x2485c039)\n|inactive|p0y248552f9 also wants the timer to be on.\n|\n|t:|1783568807\n|move|p1a: Noivern|Hurricane|p2a: Darkrai\n|-damage|p2a: Darkrai|30/100\n|move|p2a: Darkrai|Hypnosis|p1a: Noivern\n|-status|p1a: Noivern|slp|[from] move: Hypnosis\n|\n|-damage|p1a: Noivern|240/274 slp|[from] ability: Bad Dreams|[of] p2a: Darkrai\n|upkeep\n|turn|2\n|inactive|Time left: 300 sec this turn | 300 sec total\n|\n|t:|1783568808\n|switch|p1a: Yanmega|Yanmega, L82, F|275/275\n|move|p2a: Darkrai|Dark Pulse|p1a: Yanmega\n|-damage|p1a: Yanmega|111/275\n|-damage|p2a: Darkrai|20/100|[from] item: Life Orb\n|\n|upkeep\n|turn|3\n|inactive|Time left: 300 sec this turn | 300 sec total\n|\n|t:|1783568809\n|move|p1a: Yanmega|Protect|p1a: Yanmega\n|-singleturn|p1a: Yanmega|Protect\n|move|p2a: Darkrai|Dark Pulse|p1a: Yanmega\n|-activate|p1a: Yanmega|move: Protect\n|\n|-ability|p1a: Yanmega|Speed Boost|boost\n|-boost|p1a: Yanmega|spe|1\n|upkeep\n|turn|4\n|inactive|Time left: 300 sec this turn | 300 sec total\n|\n|t:|1783568810\n|switch|p2a: Granbull|Granbull, L88, M|100/100\n|-ability|p2a: Granbull|Intimidate|boost\n|-unboost|p1a: Yanmega|atk|1\n|move|p1a: Yanmega|Bug Buzz|p2a: Granbull\n|-resisted|p2a: Granbull\n|-crit|p2a: Granbull\n|-damage|p2a: Granbull|71/100\n|\n|-heal|p2a: Granbull|77/100|[from] item: Leftovers\n|-ability|p1a: Yanmega|Speed Boost|boost\n|-boost|p1a: Yanmega|spe|1\n|upkeep\n|turn|5\n|inactive|Time left: 300 sec this turn | 300 sec total\n|\n|t:|1783568811\n|move|p1a: Yanmega|Air Slash|p2a: Granbull|[miss]\n|-miss|p1a: Yanmega|p2a: Granbull\n|move|p2a: Granbull|Play Rough|p1a: Yanmega\n|-damage|p1a: Yanmega|0 fnt\n|faint|p1a: Yanmega\n|\n|-heal|p2a: Granbull|83/100|[from] item: Leftovers\n|upkeep\n|inactive|Time left: 300 sec this turn | 300 sec total | 5 sec grace\n|\n|t:|1783568812\n|switch|p1a: Excadrill|Excadrill, L79, F|303/303\n|-ability|p1a: Excadrill|Mold Breaker\n|turn|6\n|inactive|Time left: 300 sec this turn | 300 sec total\n|\n|t:|1783568813\n|-terastallize|p2a: Granbull|Ground\n|move|p1a: Excadrill|Iron Head|p2a: Granbull\n|-damage|p2a: Granbull|49/100\n|move|p2a: Granbull|Earthquake|p1a: Excadrill\n|-supereffective|p1a: Excadrill\n|-damage|p1a: Excadrill|0 fnt\n|faint|p1a: Excadrill\n|\n|-heal|p2a: Granbull|55/100|[from] item: Leftovers\n|upkeep\n|inactive|Time left: 300 sec this turn | 300 sec total | 5 sec grace\n|\n|t:|1783568814\n|switch|p1a: Pawmot|Pawmot, L80, M|243/243\n|turn|7\n|inactive|Time left: 300 sec this turn | 300 sec total\n|\n|t:|1783568815\n|move|p1a: Pawmot|Ice Punch|p2a: Granbull\n|-supereffective|p2a: Granbull\n|-damage|p2a: Granbull|0 fnt\n|faint|p2a: Granbull\n|-damage|p1a: Pawmot|219/243|[from] item: Life Orb\n|\n|upkeep\n|\n|t:|1783568816\n|switch|p2a: Mew|Mew, L82|100/100\n|turn|8\n|inactive|Time left: 300 sec this turn | 300 sec total\n|\n|t:|1783568817\n|switch|p1a: Ampharos|Ampharos, L88, F|302/302\n|move|p2a: Mew|Psychic|p1a: Ampharos\n|-damage|p1a: Ampharos|192/302\n|-damage|p2a: Mew|91/100|[from] item: Life Orb\n|\n|upkeep\n|turn|9\n|inactive|Time left: 300 sec this turn | 300 sec total\n|\n|t:|1783568819\n|move|p2a: Mew|Nasty Plot|p2a: Mew\n|-boost|p2a: Mew|spa|2\n|move|p1a: Ampharos|Thunderbolt|p2a: Mew\n|-damage|p2a: Mew|41/100\n|-damage|p1a: Ampharos|162/302|[from] item: Life Orb\n|\n|upkeep\n|turn|10\n|inactive|Time left: 300 sec this turn | 300 sec total\n|\n|t:|1783568821\n|switch|p1a: Goodra|Goodra, L85, M|292/292\n|move|p2a: Mew|Psychic|p1a: Goodra\n|-damage|p1a: Goodra|189/292\n|-damage|p2a: Mew|31/100|[from] item: Life Orb\n|\n|upkeep\n|turn|11\n|inactive|Time left: 300 sec this turn | 300 sec total\n|\n|t:|1783568822\n|switch|p2a: Forretress|Forretress, L84, M|100/100\n|move|p1a: Goodra|Fire Blast|p2a: Forretress\n|-supereffective|p2a: Forretress\n|-ability|p2a: Forretress|Sturdy\n|-damage|p2a: Forretress|1/100\n|\n|-heal|p2a: Forretress|7/100|[from] item: Leftovers\n|upkeep\n|turn|12\n|inactive|Time left: 300 sec this turn | 300 sec total\n|\n|t:|1783568823\n|move|p1a: Goodra|Fire Blast|p2a: Forretress\n|-supereffective|p2a: Forretress\n|-damage|p2a: Forretress|0 fnt\n|faint|p2a: Forretress\n|\n|upkeep\n|\n|t:|1783568825\n|switch|p2a: Jolteon|Jolteon, L84, M|100/100\n|turn|13\n|inactive|Time left: 300 sec this turn | 300 sec total\n|\n|t:|1783568826\n|move|p2a: Jolteon|Calm Mind|p2a: Jolteon\n|-boost|p2a: Jolteon|spa|1\n|-boost|p2a: Jolteon|spd|1\n|move|p1a: Goodra|Earthquake|p2a: Jolteon\n|-supereffective|p2a: Jolteon\n|-damage|p2a: Jolteon|17/100\n|\n|upkeep\n|turn|14\n|inactive|Time left: 300 sec this turn | 300 sec total\n|\n|t:|1783568827\n|move|p2a: Jolteon|Alluring Voice|p1a: Goodra\n|-supereffective|p1a: Goodra\n|-damage|p1a: Goodra|109/292\n|move|p1a: Goodra|Earthquake|p2a: Jolteon\n|-supereffective|p2a: Jolteon\n|-damage|p2a: Jolteon|0 fnt\n|faint|p2a: Jolteon\n|\n|upkeep\n|\n|t:|1783568829\n|switch|p2a: Deoxys|Deoxys-Attack, L72|100/100\n|-ability|p2a: Deoxys|Pressure\n|turn|15\n|inactive|Time left: 300 sec this turn | 300 sec total\n|\n|t:|1783568830\n|switch|p1a: Ampharos|Ampharos, L88, F|162/302\n|move|p2a: Deoxys|Knock Off|p1a: Ampharos\n|-damage|p1a: Ampharos|54/302\n|-status|p2a: Deoxys|par|[from] ability: Static|[of] p1a: Ampharos\n|-enditem|p1a: Ampharos|Life Orb|[from] move: Knock Off|[of] p2a: Deoxys\n|-damage|p2a: Deoxys|91/100 par|[from] item: Life Orb\n|\n|upkeep\n|turn|16\n|inactive|Time left: 300 sec this turn | 300 sec total\n|\n|t:|1783568831\n|move|p2a: Deoxys|Extreme Speed|p1a: Ampharos\n|-damage|p1a: Ampharos|0 fnt\n|faint|p1a: Ampharos\n|-damage|p2a: Deoxys|81/100 par|[from] item: Life Orb\n|\n|upkeep\n|inactive|Time left: 300 sec this turn | 300 sec total | 5 sec grace\n|\n|t:|1783568832\n|switch|p1a: Goodra|Goodra, L85, M|109/292\n|turn|17\n|inactive|Time left: 300 sec this turn | 300 sec total\n|\n|t:|1783568833\n|move|p2a: Deoxys|Extreme Speed|p1a: Goodra\n|-damage|p1a: Goodra|8/292\n|-damage|p2a: Deoxys|71/100 par|[from] item: Life Orb\n|move|p1a: Goodra|Earthquake|p2a: Deoxys\n|-damage|p2a: Deoxys|0 fnt\n|faint|p2a: Deoxys\n|\n|upkeep\n|\n|t:|1783568834\n|switch|p2a: Darkrai|Darkrai, L77|20/100\n|turn|18\n|inactive|Time left: 300 sec this turn | 300 sec total\n|\n|t:|1783568835\n|move|p2a: Darkrai|Sludge Bomb|p1a: Goodra\n|-damage|p1a: Goodra|0 fnt\n|faint|p1a: Goodra\n|-damage|p2a: Darkrai|10/100|[from] item: Life Orb\n|\n|upkeep\n|inactive|Time left: 300 sec this turn | 300 sec total | 5 sec grace\n|\n|t:|1783568836\n|switch|p1a: Pawmot|Pawmot, L80, M|219/243\n|turn|19\n|inactive|Time left: 300 sec this turn | 300 sec total\n|\n|t:|1783568837\n|-terastallize|p1a: Pawmot|Electric\n|move|p2a: Darkrai|Sludge Bomb|p1a: Pawmot\n|-damage|p1a: Pawmot|86/243\n|-status|p1a: Pawmot|psn\n|-damage|p2a: Darkrai|0 fnt|[from] item: Life Orb\n|faint|p2a: Darkrai\n|move|p1a: Pawmot|Double Shock|p2: Darkrai|[notarget]\n|-fail|p1a: Pawmot\n|\n|-damage|p1a: Pawmot|56/243 psn|[from] psn\n|upkeep\n|\n|t:|1783568838\n|switch|p2a: Mew|Mew, L82|31/100\n|turn|20\n|inactive|Time left: 300 sec this turn | 300 sec total\n|\n|t:|1783568839\n|move|p1a: Pawmot|Double Shock|p2a: Mew\n|-damage|p2a: Mew|0 fnt\n|-start|p1a: Pawmot|typechange|Electric|[from] move: Double Shock\n|faint|p2a: Mew\n|-damage|p1a: Pawmot|32/243 psn|[from] item: Life Orb\n|\n|win|p0x2485c039", "uploadtime": 1783568839, "views": 0, "rating": 0, "private": 0, "password": null, "_winner": "p0x2485c039", "_our_name": "p0x2485c039"}