{"id": "battle-gen9randombattle-2293", "formatid": "gen9randombattle", "format": "[Gen 9] Random Battle", "players": ["p0x2293eaa2", "p0y22930cc9"], "log": "|init|battle\n|title|p0x2293eaa2 vs. p0y22930cc9\n|j|\u2606p0x2293eaa2\n|j|\u2606p0y22930cc9\n|t:|1783566583\n|gametype|singles\n|player|p1|p0x2293eaa2|102|\n|player|p2|p0y22930cc9|2|\n|gen|9\n|tier|[Gen 9] Random Battle\n|rule|Species Clause: Limit one of each Pok\u00e9mon\n|rule|HP Percentage Mod: HP is shown in percentages\n|rule|Sleep Clause Mod: Limit one foe put to sleep\n|rule|Illusion Level Mod: Illusion disguises the Pok\u00e9mon's true level\n|\n|t:|1783566583\n|teamsize|p1|6\n|teamsize|p2|6\n|start\n|switch|p1a: Golurk|Golurk, L87|100/100\n|switch|p2a: Goodra|Goodra, L85, F|292/292\n|turn|1\n|inactive|Battle timer is ON: inactive players will automatically lose when time's up. (requested by p0x2293eaa2)\n|inactive|Time left: 300 sec this turn | 300 sec total | 60 sec grace\n|inactive|p0y22930cc9 also wants the timer to be on.\n|\n|t:|1783566585\n|move|p2a: Goodra|Power Whip|p1a: Golurk\n|-supereffective|p1a: Golurk\n|-damage|p1a: Golurk|37/100\n|move|p1a: Golurk|Poltergeist|p2a: Goodra\n|-activate|p2a: Goodra|move: Poltergeist|Assault Vest\n|-damage|p2a: Goodra|45/292\n|-damage|p1a: Golurk|27/100|[from] item: Life Orb\n|\n|upkeep\n|turn|2\n|inactive|Time left: 300 sec this turn | 300 sec total\n|\n|t:|1783566587\n|switch|p1a: Rotom|Rotom-Fan, L86|100/100\n|move|p2a: Goodra|Power Whip|p1a: Rotom\n|-resisted|p1a: Rotom\n|-damage|p1a: Rotom|85/100\n|\n|upkeep\n|turn|3\n|inactive|Time left: 300 sec this turn | 300 sec total\n|\n|t:|1783566589\n|move|p1a: Rotom|Air Slash|p2a: Goodra\n|-damage|p2a: Goodra|6/292\n|move|p2a: Goodra|Draco Meteor|p1a: Rotom\n|-damage|p1a: Rotom|31/100\n|-unboost|p2a: Goodra|spa|2\n|\n|upkeep\n|turn|4\n|inactive|Time left: 300 sec this turn | 300 sec total\n|\n|t:|1783566590\n|switch|p2a: Arceus|Arceus-Ground, L70|284/284\n|move|p1a: Rotom|Volt Switch|p2a: Arceus\n|-immune|p2a: Arceus\n|\n|upkeep\n|turn|5\n|inactive|Time left: 300 sec this turn | 300 sec total\n|\n|t:|1783566591\n|move|p2a: Arceus|Ice Beam|p1a: Rotom\n|-supereffective|p1a: Rotom\n|-damage|p1a: Rotom|0 fnt\n|faint|p1a: Rotom\n|\n|upkeep\n|\n|t:|1783566592\n|switch|p1a: Vileplume|Vileplume, L85, F|100/100\n|turn|6\n|inactive|Time left: 300 sec this turn | 300 sec total\n|\n|t:|1783566593\n|move|p2a: Arceus|Calm Mind|p2a: Arceus\n|-boost|p2a: Arceus|spa|1\n|-boost|p2a: Arceus|spd|1\n|move|p1a: Vileplume|Giga Drain|p2a: Arceus\n|-supereffective|p2a: Arceus\n|-damage|p2a: Arceus|158/284\n|\n|upkeep\n|turn|7\n|inactive|Time left: 300 sec this turn | 300 sec total\n|\n|t:|1783566594\n|move|p2a: Arceus|Judgment|p1a: Vileplume\n|-damage|p1a: Vileplume|45/100\n|move|p1a: Vileplume|Sleep Powder|p2a: Arceus|[miss]\n|-miss|p1a: Vileplume|p2a: Arceus\n|\n|-heal|p1a: Vileplume|51/100|[from] item: Leftovers\n|upkeep\n|turn|8\n|inactive|Time left: 300 sec this turn | 300 sec total\n|\n|t:|1783566596\n|switch|p1a: Lokix|Lokix, L82, F|100/100\n|move|p2a: Arceus|Judgment|p1a: Lokix\n|-resisted|p1a: Lokix\n|-damage|p1a: Lokix|59/100\n|\n|upkeep\n|turn|9\n|inactive|Time left: 300 sec this turn | 300 sec total\n|\n|t:|1783566597\n|move|p1a: Lokix|First Impression|p2a: Arceus\n|-damage|p2a: Arceus|47/284\n|move|p2a: Arceus|Ice Beam|p1a: Lokix\n|-damage|p1a: Lokix|16/100\n|\n|upkeep\n|turn|10\n|inactive|Time left: 300 sec this turn | 300 sec total\n|\n|t:|1783566598\n|move|p2a: Arceus|Recover|p2a: Arceus\n|-heal|p2a: Arceus|189/284\n|move|p1a: Lokix|U-turn|p2a: Arceus\n|-damage|p2a: Arceus|110/284\n|\n|t:|1783566599\n|switch|p1a: Vileplume|Vileplume, L85, F|51/100|[from] U-turn\n|\n|-heal|p1a: Vileplume|57/100|[from] item: Leftovers\n|upkeep\n|turn|11\n|inactive|Time left: 300 sec this turn | 300 sec total\n|\n|t:|1783566600\n|move|p2a: Arceus|Judgment|p1a: Vileplume\n|-damage|p1a: Vileplume|0 fnt\n|faint|p1a: Vileplume\n|\n|upkeep\n|\n|t:|1783566601\n|switch|p1a: Lokix|Lokix, L82, F|16/100\n|turn|12\n|inactive|Time left: 300 sec this turn | 300 sec total\n|\n|t:|1783566602\n|-terastallize|p1a: Lokix|Bug\n|move|p1a: Lokix|First Impression|p2a: Arceus\n|-damage|p2a: Arceus|0 fnt\n|faint|p2a: Arceus\n|\n|upkeep\n|inactive|Time left: 300 sec this turn | 300 sec total | 5 sec grace\n|\n|t:|1783566603\n|switch|p2a: Indeedee|Indeedee-F, L90, F|272/272\n|-fieldstart|move: Psychic Terrain|[from] ability: Psychic Surge|[of] p2a: Indeedee\n|turn|13\n|inactive|Time left: 300 sec this turn | 300 sec total\n|\n|t:|1783566604\n|switch|p1a: Magnezone|Magnezone, L85|100/100\n|move|p2a: Indeedee|Psychic|p1a: Magnezone\n|-resisted|p1a: Magnezone\n|-damage|p1a: Magnezone|76/100\n|\n|upkeep\n|turn|14\n|inactive|Time left: 300 sec this turn | 300 sec total\n|\n|t:|1783566605\n|move|p2a: Indeedee|Psychic|p1a: Magnezone\n|-resisted|p1a: Magnezone\n|-damage|p1a: Magnezone|49/100\n|move|p1a: Magnezone|Thunderbolt|p2a: Indeedee\n|-damage|p2a: Indeedee|148/272\n|\n|upkeep\n|turn|15\n|inactive|Time left: 300 sec this turn | 300 sec total\n|\n|t:|1783566607\n|move|p2a: Indeedee|Psychic|p1a: Magnezone\n|-resisted|p1a: Magnezone\n|-damage|p1a: Magnezone|22/100\n|move|p1a: Magnezone|Thunderbolt|p2a: Indeedee\n|-damage|p2a: Indeedee|12/272\n|\n|upkeep\n|turn|16\n|inactive|Time left: 300 sec this turn | 300 sec total\n|\n|t:|1783566608\n|switch|p1a: Lokix|Lokix, L82, F, tera:Bug|16/100\n|move|p2a: Indeedee|Psychic|p1a: Lokix\n|-damage|p1a: Lokix|0 fnt\n|faint|p1a: Lokix\n|\n|upkeep\n|\n|t:|1783566608\n|switch|p1a: Torkoal|Torkoal, L88, M|100/100\n|-weather|SunnyDay|[from] ability: Drought|[of] p1a: Torkoal\n|turn|17\n|inactive|Time left: 300 sec this turn | 300 sec total\n|\n|t:|1783566609\n|move|p2a: Indeedee|Psychic|p1a: Torkoal\n|-crit|p1a: Torkoal\n|-damage|p1a: Torkoal|10/100\n|move|p1a: Torkoal|Rapid Spin|p2a: Indeedee\n|-damage|p2a: Indeedee|0 fnt\n|-boost|p1a: Torkoal|spe|1\n|faint|p2a: Indeedee\n|\n|-weather|SunnyDay|[upkeep]\n|-fieldend|move: Psychic Terrain\n|upkeep\n|inactive|Time left: 300 sec this turn | 300 sec total | 5 sec grace\n|\n|t:|1783566610\n|switch|p2a: Seviper|Seviper, L93, M|287/287\n|turn|18\n|inactive|Time left: 300 sec this turn | 300 sec total\n|\n|t:|1783566611\n|move|p2a: Seviper|Earthquake|p1a: Torkoal\n|-supereffective|p1a: Torkoal\n|-damage|p1a: Torkoal|0 fnt\n|faint|p1a: Torkoal\n|\n|-weather|SunnyDay|[upkeep]\n|upkeep\n|\n|t:|1783566612\n|switch|p1a: Magnezone|Magnezone, L85|22/100\n|turn|19\n|inactive|Time left: 300 sec this turn | 300 sec total\n|\n|t:|1783566613\n|move|p1a: Magnezone|Flash Cannon|p2a: Seviper\n|-damage|p2a: Seviper|158/287\n|move|p2a: Seviper|Earthquake|p1a: Magnezone\n|-supereffective|p1a: Magnezone\n|-damage|p1a: Magnezone|0 fnt\n|faint|p1a: Magnezone\n|\n|-weather|SunnyDay|[upkeep]\n|-heal|p2a: Seviper|175/287|[from] item: Leftovers\n|upkeep\n|\n|t:|1783566614\n|switch|p1a: Golurk|Golurk, L87|27/100\n|turn|20\n|inactive|Time left: 300 sec this turn | 300 sec total\n|\n|t:|1783566615\n|move|p2a: Seviper|Earthquake|p1a: Golurk\n|-damage|p1a: Golurk|0 fnt\n|faint|p1a: Golurk\n|\n|win|p0y22930cc9", "uploadtime": 1783566615, "views": 0, "rating": 0, "private": 0, "password": null, "_winner": "p0y22930cc9", "_our_name": "p0y22930cc9"}