{"id": "battle-gen9randombattle-1334", "formatid": "gen9randombattle", "format": "[Gen 9] Random Battle", "players": ["p0x1334a898", "p0y13346cdd"], "log": "|init|battle\n|title|p0x1334a898 vs. p0y13346cdd\n|j|\u2606p0x1334a898\n|j|\u2606p0y13346cdd\n|t:|1783554617\n|gametype|singles\n|player|p1|p0x1334a898|2|\n|player|p2|p0y13346cdd|102|\n|gen|9\n|tier|[Gen 9] Random Battle\n|rule|Species Clause: Limit one of each Pok\u00e9mon\n|rule|HP Percentage Mod: HP is shown in percentages\n|rule|Sleep Clause Mod: Limit one foe put to sleep\n|rule|Illusion Level Mod: Illusion disguises the Pok\u00e9mon's true level\n|\n|t:|1783554617\n|teamsize|p1|6\n|teamsize|p2|6\n|start\n|switch|p1a: Umbreon|Umbreon, L84, F|100/100\n|switch|p2a: Landorus|Landorus, L75, M|257/257\n|turn|1\n|inactive|Battle timer is ON: inactive players will automatically lose when time's up. (requested by p0y13346cdd)\n|inactive|p0x1334a898 also wants the timer to be on.\n|\n|t:|1783554619\n|move|p2a: Landorus|Stealth Rock|p1a: Umbreon\n|-sidestart|p1: p0x1334a898|move: Stealth Rock\n|move|p1a: Umbreon|Foul Play|p2a: Landorus\n|-damage|p2a: Landorus|160/257\n|\n|upkeep\n|turn|2\n|inactive|Time left: 300 sec this turn | 300 sec total\n|\n|t:|1783554620\n|switch|p2a: Ribombee|Ribombee, L83, F|235/235\n|move|p1a: Umbreon|Foul Play|p2a: Ribombee\n|-resisted|p2a: Ribombee\n|-damage|p2a: Ribombee|191/235\n|\n|upkeep\n|turn|3\n|inactive|Time left: 300 sec this turn | 300 sec total\n|\n|t:|1783554621\n|move|p2a: Ribombee|Sticky Web|p1a: Umbreon\n|-sidestart|p1: p0x1334a898|move: Sticky Web\n|move|p1a: Umbreon|Toxic|p2a: Ribombee\n|-status|p2a: Ribombee|tox\n|\n|-damage|p2a: Ribombee|177/235 tox|[from] psn\n|upkeep\n|turn|4\n|inactive|Time left: 300 sec this turn | 300 sec total\n|\n|t:|1783554622\n|move|p2a: Ribombee|U-turn|p1a: Umbreon\n|-supereffective|p1a: Umbreon\n|-damage|p1a: Umbreon|72/100\n|inactive|Time left: 300 sec this turn | 300 sec total | 5 sec grace\n|\n|t:|1783554623\n|switch|p2a: Krookodile|Krookodile, L79, F|280/280|[from] U-turn\n|-ability|p2a: Krookodile|Intimidate|boost\n|-unboost|p1a: Umbreon|atk|1\n|move|p1a: Umbreon|Foul Play|p2a: Krookodile\n|-resisted|p2a: Krookodile\n|-damage|p2a: Krookodile|213/280\n|\n|-heal|p2a: Krookodile|230/280|[from] item: Leftovers\n|-heal|p1a: Umbreon|78/100|[from] item: Leftovers\n|upkeep\n|turn|5\n|inactive|Time left: 300 sec this turn | 300 sec total\n|\n|t:|1783554624\n|move|p2a: Krookodile|Bulk Up|p2a: Krookodile\n|-boost|p2a: Krookodile|atk|1\n|-boost|p2a: Krookodile|def|1\n|move|p1a: Umbreon|Wish|p1a: Umbreon\n|\n|-heal|p2a: Krookodile|247/280|[from] item: Leftovers\n|-heal|p1a: Umbreon|84/100|[from] item: Leftovers\n|upkeep\n|turn|6\n|inactive|Time left: 300 sec this turn | 300 sec total\n|\n|t:|1783554624\n|move|p2a: Krookodile|Bulk Up|p2a: Krookodile\n|-boost|p2a: Krookodile|atk|1\n|-boost|p2a: Krookodile|def|1\n|move|p1a: Umbreon|Toxic|p2a: Krookodile\n|-status|p2a: Krookodile|tox\n|\n|-heal|p1a: Umbreon|100/100|[from] move: Wish|[wisher] Umbreon\n|-heal|p2a: Krookodile|264/280 tox|[from] item: Leftovers\n|-damage|p2a: Krookodile|247/280 tox|[from] psn\n|upkeep\n|turn|7\n|inactive|Time left: 300 sec this turn | 300 sec total\n|\n|t:|1783554625\n|move|p1a: Umbreon|Protect|p1a: Umbreon\n|-singleturn|p1a: Umbreon|Protect\n|move|p2a: Krookodile|Knock Off|p1a: Umbreon\n|-activate|p1a: Umbreon|move: Protect\n|\n|-heal|p2a: Krookodile|264/280 tox|[from] item: Leftovers\n|-damage|p2a: Krookodile|230/280 tox|[from] psn\n|upkeep\n|turn|8\n|inactive|Time left: 300 sec this turn | 300 sec total\n|\n|t:|1783554626\n|move|p2a: Krookodile|Earthquake|p1a: Umbreon\n|-damage|p1a: Umbreon|44/100\n|move|p1a: Umbreon|Foul Play|p2a: Krookodile\n|-resisted|p2a: Krookodile\n|-damage|p2a: Krookodile|170/280 tox\n|\n|-heal|p2a: Krookodile|187/280 tox|[from] item: Leftovers\n|-heal|p1a: Umbreon|50/100|[from] item: Leftovers\n|-damage|p2a: Krookodile|136/280 tox|[from] psn\n|upkeep\n|turn|9\n|inactive|Time left: 300 sec this turn | 300 sec total\n|\n|t:|1783554627\n|move|p1a: Umbreon|Protect|p1a: Umbreon\n|-singleturn|p1a: Umbreon|Protect\n|move|p2a: Krookodile|Earthquake|p1a: Umbreon\n|-activate|p1a: Umbreon|move: Protect\n|\n|-heal|p2a: Krookodile|153/280 tox|[from] item: Leftovers\n|-heal|p1a: Umbreon|56/100|[from] item: Leftovers\n|-damage|p2a: Krookodile|85/280 tox|[from] psn\n|upkeep\n|turn|10\n|inactive|Time left: 300 sec this turn | 300 sec total\n|\n|t:|1783554628\n|switch|p1a: Vespiquen|Vespiquen, L99, F|100/100\n|-ability|p1a: Vespiquen|Pressure\n|move|p2a: Krookodile|Earthquake|p1a: Vespiquen\n|-immune|p1a: Vespiquen\n|\n|-heal|p2a: Krookodile|102/280 tox|[from] item: Leftovers\n|-damage|p2a: Krookodile|17/280 tox|[from] psn\n|upkeep\n|turn|11\n|inactive|Time left: 300 sec this turn | 300 sec total\n|\n|t:|1783554630\n|move|p2a: Krookodile|Knock Off|p1a: Vespiquen\n|-damage|p1a: Vespiquen|50/100\n|-enditem|p1a: Vespiquen|Heavy-Duty Boots|[from] move: Knock Off|[of] p2a: Krookodile\n|move|p1a: Vespiquen|Roost|p1a: Vespiquen\n|-heal|p1a: Vespiquen|100/100\n|-singleturn|p1a: Vespiquen|move: Roost\n|\n|-heal|p2a: Krookodile|34/280 tox|[from] item: Leftovers\n|-damage|p2a: Krookodile|0 fnt|[from] psn\n|faint|p2a: Krookodile\n|upkeep\n|inactive|Time left: 300 sec this turn | 300 sec total | 5 sec grace\n|\n|t:|1783554631\n|switch|p2a: Bisharp|Bisharp, L79, M|232/232\n|turn|12\n|inactive|Time left: 300 sec this turn | 300 sec total\n|\n|t:|1783554632\n|move|p2a: Bisharp|Swords Dance|p2a: Bisharp\n|-boost|p2a: Bisharp|atk|2\n|move|p1a: Vespiquen|Hurricane|p2a: Bisharp\n|-resisted|p2a: Bisharp\n|-damage|p2a: Bisharp|171/232\n|-start|p2a: Bisharp|confusion\n|\n|upkeep\n|turn|13\n|inactive|Time left: 300 sec this turn | 300 sec total\n|\n|t:|1783554633\n|-activate|p2a: Bisharp|confusion\n|move|p2a: Bisharp|Throat Chop|p1a: Vespiquen\n|-damage|p1a: Vespiquen|51/100\n|-start|p1a: Vespiquen|Throat Chop|[silent]\n|move|p1a: Vespiquen|Hurricane|p2a: Bisharp|[miss]\n|-miss|p1a: Vespiquen|p2a: Bisharp\n|\n|upkeep\n|turn|14\n|inactive|Time left: 300 sec this turn | 300 sec total\n|\n|t:|1783554634\n|-end|p2a: Bisharp|confusion\n|move|p2a: Bisharp|Iron Head|p1a: Vespiquen\n|-damage|p1a: Vespiquen|0 fnt\n|faint|p1a: Vespiquen\n|\n|upkeep\n|\n|t:|1783554635\n|switch|p1a: Azelf|Azelf, L82|100/100\n|-damage|p1a: Azelf|88/100|[from] Stealth Rock\n|turn|15\n|inactive|Time left: 300 sec this turn | 300 sec total\n|\n|t:|1783554636\n|-terastallize|p1a: Azelf|Fire\n|move|p2a: Bisharp|Sucker Punch|p1a: Azelf\n|-damage|p1a: Azelf|12/100\n|move|p1a: Azelf|Fire Blast|p2a: Bisharp\n|-supereffective|p2a: Bisharp\n|-damage|p2a: Bisharp|0 fnt\n|faint|p2a: Bisharp\n|\n|upkeep\n|inactive|Time left: 300 sec this turn | 300 sec total | 5 sec grace\n|\n|t:|1783554637\n|switch|p2a: Ribombee|Ribombee, L83, F|177/235 tox\n|turn|16\n|inactive|Time left: 300 sec this turn | 300 sec total\n|\n|t:|1783554638\n|move|p2a: Ribombee|Moonblast|p1a: Azelf\n|-resisted|p1a: Azelf\n|-damage|p1a: Azelf|0 fnt\n|faint|p1a: Azelf\n|\n|-damage|p2a: Ribombee|163/235 tox|[from] psn\n|upkeep\n|\n|t:|1783554639\n|switch|p1a: Munkidori|Munkidori, L79, M|100/100\n|-damage|p1a: Munkidori|88/100|[from] Stealth Rock\n|-activate|p1a: Munkidori|move: Sticky Web\n|-unboost|p1a: Munkidori|spe|1\n|turn|17\n|inactive|Time left: 300 sec this turn | 300 sec total\n|\n|t:|1783554640\n|move|p2a: Ribombee|U-turn|p1a: Munkidori\n|-damage|p1a: Munkidori|66/100\n|inactive|Time left: 300 sec this turn | 300 sec total | 5 sec grace\n|\n|t:|1783554641\n|switch|p2a: Slowking|Slowking, L88, M|310/310|[from] U-turn\n|move|p1a: Munkidori|Psychic Noise|p2a: Slowking\n|-resisted|p2a: Slowking\n|-damage|p2a: Slowking|274/310\n|-start|p2a: Slowking|move: Heal Block\n|\n|upkeep\n|turn|18\n|inactive|Time left: 300 sec this turn | 300 sec total\n|\n|t:|1783554642\n|move|p1a: Munkidori|Sludge Wave|p2a: Slowking\n|-damage|p2a: Slowking|189/310\n|-status|p2a: Slowking|tox|[from] ability: Toxic Chain|[of] p1a: Munkidori\n|move|p2a: Slowking|Scald|p1a: Munkidori\n|-damage|p1a: Munkidori|41/100\n|\n|-damage|p2a: Slowking|170/310 tox|[from] psn\n|-end|p2a: Slowking|move: Heal Block\n|upkeep\n|turn|19\n|inactive|Time left: 300 sec this turn | 300 sec total\n|\n|t:|1783554643\n|move|p1a: Munkidori|Sludge Wave|p2a: Slowking\n|-damage|p2a: Slowking|79/310 tox\n|-prepare|p2a: Slowking|Chilly Reception|[premajor]\n|move|p2a: Slowking|Chilly Reception|p2a: Slowking\n|-weather|Snowscape\n|inactive|Time left: 300 sec this turn | 300 sec total | 5 sec grace\n|\n|t:|1783554644\n|switch|p2a: Leafeon|Leafeon, L88, M|258/258|[from] Chilly Reception\n|\n|-weather|Snowscape|[upkeep]\n|upkeep\n|turn|20\n|inactive|Time left: 300 sec this turn | 300 sec total\n|\n|t:|1783554645\n|move|p2a: Leafeon|Knock Off|p1a: Munkidori\n|-supereffective|p1a: Munkidori\n|-damage|p1a: Munkidori|0 fnt\n|-enditem|p1a: Munkidori|Assault Vest|[from] move: Knock Off|[of] p2a: Leafeon\n|faint|p1a: Munkidori\n|-damage|p2a: Leafeon|233/258|[from] item: Life Orb\n|\n|-weather|Snowscape|[upkeep]\n|upkeep\n|\n|t:|1783554646\n|switch|p1a: Roaring Moon|Roaring Moon, L72|100/100\n|-damage|p1a: Roaring Moon|88/100|[from] Stealth Rock\n|-activate|p1a: Roaring Moon|move: Sticky Web\n|-unboost|p1a: Roaring Moon|spe|1\n|turn|21\n|inactive|Time left: 300 sec this turn | 300 sec total\n|\n|t:|1783554647\n|move|p2a: Leafeon|Knock Off|p1a: Roaring Moon\n|-resisted|p1a: Roaring Moon\n|-damage|p1a: Roaring Moon|63/100\n|-enditem|p1a: Roaring Moon|Choice Band|[from] move: Knock Off|[of] p2a: Leafeon\n|-damage|p2a: Leafeon|208/258|[from] item: Life Orb\n|move|p1a: Roaring Moon|Outrage|p2a: Leafeon\n|-damage|p2a: Leafeon|123/258\n|\n|-weather|Snowscape|[upkeep]\n|upkeep\n|turn|22\n|inactive|Time left: 300 sec this turn | 300 sec total\n|\n|t:|1783554648\n|move|p2a: Leafeon|Double-Edge|p1a: Roaring Moon\n|-damage|p1a: Roaring Moon|0 fnt\n|faint|p1a: Roaring Moon\n|-end|p1a: Roaring Moon|Protosynthesis|[silent]\n|-damage|p2a: Leafeon|67/258|[from] Recoil\n|-damage|p2a: Leafeon|42/258|[from] item: Life Orb\n|\n|-weather|Snowscape|[upkeep]\n|upkeep\n|\n|t:|1783554649\n|switch|p1a: Umbreon|Umbreon, L84, F|56/100\n|-damage|p1a: Umbreon|44/100|[from] Stealth Rock\n|-activate|p1a: Umbreon|move: Sticky Web\n|-unboost|p1a: Umbreon|spe|1\n|turn|23\n|inactive|Time left: 300 sec this turn | 300 sec total\n|\n|t:|1783554651\n|move|p2a: Leafeon|Leaf Blade|p1a: Umbreon\n|-damage|p1a: Umbreon|3/100\n|-damage|p2a: Leafeon|17/258|[from] item: Life Orb\n|move|p1a: Umbreon|Foul Play|p2a: Leafeon\n|-damage|p2a: Leafeon|0 fnt\n|faint|p2a: Leafeon\n|\n|-weather|none\n|-heal|p1a: Umbreon|9/100|[from] item: Leftovers\n|upkeep\n|inactive|Time left: 300 sec this turn | 300 sec total | 5 sec grace\n|\n|t:|1783554652\n|switch|p2a: Landorus|Landorus, L75, M|160/257\n|turn|24\n|inactive|Time left: 300 sec this turn | 300 sec total\n|\n|t:|1783554653\n|move|p1a: Umbreon|Protect|p1a: Umbreon\n|-singleturn|p1a: Umbreon|Protect\n|move|p2a: Landorus|Earth Power|p1a: Umbreon\n|-activate|p1a: Umbreon|move: Protect\n|\n|-heal|p1a: Umbreon|15/100|[from] item: Leftovers\n|upkeep\n|turn|25\n|inactive|Time left: 300 sec this turn | 300 sec total\n|\n|t:|1783554654\n|move|p1a: Umbreon|Protect||[still]\n|-fail|p1a: Umbreon\n|move|p2a: Landorus|Earth Power|p1a: Umbreon\n|-damage|p1a: Umbreon|0 fnt\n|faint|p1a: Umbreon\n|\n|upkeep\n|\n|t:|1783554655\n|switch|p1a: Dugtrio|Dugtrio, L84, F|100/100\n|-damage|p1a: Dugtrio|94/100|[from] Stealth Rock\n|-activate|p1a: Dugtrio|move: Sticky Web\n|-unboost|p1a: Dugtrio|spe|1\n|turn|26\n|inactive|Time left: 300 sec this turn | 300 sec total\n|\n|t:|1783554656\n|-terastallize|p2a: Landorus|Ground\n|move|p1a: Dugtrio|Sucker Punch|p2a: Landorus\n|-damage|p2a: Landorus|82/257\n|move|p2a: Landorus|Earth Power|p1a: Dugtrio\n|-damage|p1a: Dugtrio|0 fnt\n|faint|p1a: Dugtrio\n|\n|win|p0y13346cdd", "uploadtime": 1783554656, "views": 0, "rating": 0, "private": 0, "password": null, "_winner": "p0y13346cdd", "_our_name": "p0y13346cdd"}