{"id": "battle-gen9randombattle-1265", "formatid": "gen9randombattle", "format": "[Gen 9] Random Battle", "players": ["p0x12657eb8", "p0y12657bca"], "log": "|init|battle\n|title|p0x12657eb8 vs. p0y12657bca\n|j|\u2606p0x12657eb8\n|j|\u2606p0y12657bca\n|t:|1783554687\n|gametype|singles\n|player|p1|p0x12657eb8|102|\n|player|p2|p0y12657bca|169|\n|gen|9\n|tier|[Gen 9] Random Battle\n|rule|Species Clause: Limit one of each Pok\u00e9mon\n|rule|HP Percentage Mod: HP is shown in percentages\n|rule|Sleep Clause Mod: Limit one foe put to sleep\n|rule|Illusion Level Mod: Illusion disguises the Pok\u00e9mon's true level\n|\n|t:|1783554687\n|teamsize|p1|6\n|teamsize|p2|6\n|start\n|switch|p1a: Espeon|Espeon, L84, F|246/246\n|switch|p2a: Pincurchin|Pincurchin, M|100/100\n|-fieldstart|move: Electric Terrain|[from] ability: Electric Surge|[of] p2a: Pincurchin\n|turn|1\n|inactive|Battle timer is ON: inactive players will automatically lose when time's up. (requested by p0y12657bca)\n|inactive|Time left: 300 sec this turn | 300 sec total | 60 sec grace\n|\n|t:|1783554689\n|move|p1a: Espeon|Calm Mind|p1a: Espeon\n|-boost|p1a: Espeon|spa|1\n|-boost|p1a: Espeon|spd|1\n|move|p2a: Pincurchin|Discharge|p1a: Espeon\n|-damage|p1a: Espeon|156/246\n|-status|p1a: Espeon|par\n|\n|upkeep\n|turn|2\n|inactive|Time left: 300 sec this turn | 300 sec total\n|inactive|p0x12657eb8 also wants the timer to be on.\n|\n|t:|1783554690\n|cant|p1a: Espeon|par\n|move|p2a: Pincurchin|Discharge|p1a: Espeon\n|-damage|p1a: Espeon|62/246 par\n|\n|upkeep\n|turn|3\n|inactive|Time left: 300 sec this turn | 300 sec total\n|\n|t:|1783554691\n|cant|p1a: Espeon|par\n|move|p2a: Pincurchin|Discharge|p1a: Espeon\n|-damage|p1a: Espeon|0 fnt\n|faint|p1a: Espeon\n|\n|upkeep\n|inactive|Time left: 300 sec this turn | 300 sec total | 5 sec grace\n|\n|t:|1783554692\n|switch|p1a: Hitmonlee|Hitmonlee, L85, M|223/223\n|turn|4\n|inactive|Time left: 300 sec this turn | 300 sec total\n|\n|t:|1783554693\n|move|p1a: Hitmonlee|High Jump Kick|p2a: Pincurchin\n|-damage|p2a: Pincurchin|3/100\n|move|p2a: Pincurchin|Discharge|p1a: Hitmonlee\n|-damage|p1a: Hitmonlee|90/223\n|\n|-heal|p2a: Pincurchin|9/100|[from] item: Leftovers\n|upkeep\n|turn|5\n|inactive|Time left: 300 sec this turn | 300 sec total\n|\n|t:|1783554694\n|switch|p2a: Trevenant|Trevenant, L89, M|100/100\n|move|p1a: Hitmonlee|High Jump Kick|p2a: Trevenant\n|-immune|p2a: Trevenant\n|-damage|p1a: Hitmonlee|0 fnt|[from] highjumpkick\n|faint|p1a: Hitmonlee\n|\n|-fieldend|move: Electric Terrain\n|upkeep\n|inactive|Time left: 300 sec this turn | 300 sec total | 5 sec grace\n|\n|t:|1783554695\n|switch|p1a: Vespiquen|Vespiquen, L99, F|299/299\n|-ability|p1a: Vespiquen|Pressure\n|turn|6\n|inactive|Time left: 300 sec this turn | 300 sec total\n|\n|t:|1783554696\n|move|p2a: Trevenant|Poltergeist|p1a: Vespiquen\n|-activate|p1a: Vespiquen|move: Poltergeist|Heavy-Duty Boots\n|-damage|p1a: Vespiquen|150/299\n|-damage|p2a: Trevenant|91/100|[from] item: Life Orb\n|move|p1a: Vespiquen|Spikes|p2a: Trevenant\n|-sidestart|p2: p0y12657bca|Spikes\n|\n|upkeep\n|turn|7\n|inactive|Time left: 300 sec this turn | 300 sec total\n|\n|t:|1783554697\n|move|p2a: Trevenant|Poltergeist|p1a: Vespiquen\n|-activate|p1a: Vespiquen|move: Poltergeist|Heavy-Duty Boots\n|-damage|p1a: Vespiquen|8/299\n|-damage|p2a: Trevenant|81/100|[from] item: Life Orb\n|move|p1a: Vespiquen|Roost|p1a: Vespiquen\n|-heal|p1a: Vespiquen|158/299\n|-singleturn|p1a: Vespiquen|move: Roost\n|\n|upkeep\n|turn|8\n|inactive|Time left: 300 sec this turn | 300 sec total\n|\n|t:|1783554698\n|move|p2a: Trevenant|Poltergeist|p1a: Vespiquen\n|-activate|p1a: Vespiquen|move: Poltergeist|Heavy-Duty Boots\n|-damage|p1a: Vespiquen|12/299\n|-damage|p2a: Trevenant|71/100|[from] item: Life Orb\n|move|p1a: Vespiquen|Hurricane|p2a: Trevenant\n|-supereffective|p2a: Trevenant\n|-damage|p2a: Trevenant|0 fnt\n|faint|p2a: Trevenant\n|\n|upkeep\n|\n|t:|1783554699\n|switch|p2a: Great Tusk|Great Tusk, L77|100/100\n|-damage|p2a: Great Tusk|88/100|[from] Spikes\n|turn|9\n|inactive|Time left: 300 sec this turn | 300 sec total\n|\n|t:|1783554700\n|switch|p1a: Mesprit|Mesprit, L85|275/275\n|move|p2a: Great Tusk|Rapid Spin|p1a: Mesprit\n|-damage|p1a: Mesprit|241/275\n|-boost|p2a: Great Tusk|spe|1\n|-sideend|p2: p0y12657bca|Spikes|[from] move: Rapid Spin|[of] p2a: Great Tusk\n|\n|-heal|p2a: Great Tusk|94/100|[from] item: Leftovers\n|upkeep\n|turn|10\n|inactive|Time left: 300 sec this turn | 300 sec total\n|\n|t:|1783554701\n|move|p2a: Great Tusk|Rapid Spin|p1a: Mesprit\n|-damage|p1a: Mesprit|207/275\n|-boost|p2a: Great Tusk|spe|1\n|move|p1a: Mesprit|Ice Beam|p2a: Great Tusk\n|-supereffective|p2a: Great Tusk\n|-damage|p2a: Great Tusk|28/100\n|\n|-heal|p2a: Great Tusk|35/100|[from] item: Leftovers\n|upkeep\n|turn|11\n|inactive|Time left: 300 sec this turn | 300 sec total\n|\n|t:|1783554702\n|move|p2a: Great Tusk|Close Combat|p1a: Mesprit\n|-resisted|p1a: Mesprit\n|-damage|p1a: Mesprit|148/275\n|-unboost|p2a: Great Tusk|def|1\n|-unboost|p2a: Great Tusk|spd|1\n|move|p1a: Mesprit|Psychic Noise|p2a: Great Tusk\n|-supereffective|p2a: Great Tusk\n|-damage|p2a: Great Tusk|0 fnt\n|faint|p2a: Great Tusk\n|-end|p2a: Great Tusk|Protosynthesis|[silent]\n|\n|upkeep\n|\n|t:|1783554703\n|switch|p2a: Dunsparce|Dunsparce, L86, F|100/100\n|turn|12\n|inactive|Time left: 300 sec this turn | 300 sec total\n|\n|t:|1783554704\n|move|p1a: Mesprit|Drain Punch|p2a: Dunsparce\n|-supereffective|p2a: Dunsparce\n|-damage|p2a: Dunsparce|73/100\n|-heal|p1a: Mesprit|191/275|[from] drain|[of] p2a: Dunsparce\n|move|p2a: Dunsparce|Coil|p2a: Dunsparce\n|-boost|p2a: Dunsparce|atk|1\n|-boost|p2a: Dunsparce|def|1\n|-boost|p2a: Dunsparce|accuracy|1\n|\n|upkeep\n|turn|13\n|inactive|Time left: 300 sec this turn | 300 sec total\n|\n|t:|1783554705\n|move|p1a: Mesprit|Psychic Noise|p2a: Dunsparce\n|-damage|p2a: Dunsparce|50/100\n|-start|p2a: Dunsparce|move: Heal Block\n|move|p2a: Dunsparce|Body Slam|p1a: Mesprit\n|-damage|p1a: Mesprit|92/275\n|-status|p1a: Mesprit|par\n|\n|upkeep\n|turn|14\n|inactive|Time left: 300 sec this turn | 300 sec total\n|\n|t:|1783554706\n|switch|p1a: Skarmory|Skarmory, L80, M|235/235\n|move|p2a: Dunsparce|Body Slam|p1a: Skarmory\n|-resisted|p1a: Skarmory\n|-damage|p1a: Skarmory|197/235\n|\n|-heal|p1a: Skarmory|211/235|[from] item: Leftovers\n|-end|p2a: Dunsparce|move: Heal Block\n|upkeep\n|turn|15\n|inactive|Time left: 300 sec this turn | 300 sec total\n|\n|t:|1783554707\n|move|p1a: Skarmory|Iron Defense|p1a: Skarmory\n|-boost|p1a: Skarmory|def|2\n|move|p2a: Dunsparce|Roost|p2a: Dunsparce\n|-heal|p2a: Dunsparce|99/100\n|-singleturn|p2a: Dunsparce|move: Roost\n|\n|-heal|p1a: Skarmory|225/235|[from] item: Leftovers\n|upkeep\n|turn|16\n|inactive|Time left: 300 sec this turn | 300 sec total\n|\n|t:|1783554708\n|move|p1a: Skarmory|Body Press|p2a: Dunsparce\n|-supereffective|p2a: Dunsparce\n|-damage|p2a: Dunsparce|58/100\n|move|p2a: Dunsparce|Coil|p2a: Dunsparce\n|-boost|p2a: Dunsparce|atk|1\n|-boost|p2a: Dunsparce|def|1\n|-boost|p2a: Dunsparce|accuracy|1\n|\n|-heal|p1a: Skarmory|235/235|[from] item: Leftovers\n|upkeep\n|turn|17\n|inactive|Time left: 300 sec this turn | 300 sec total\n|\n|t:|1783554709\n|move|p1a: Skarmory|Body Press|p2a: Dunsparce\n|-supereffective|p2a: Dunsparce\n|-damage|p2a: Dunsparce|22/100\n|move|p2a: Dunsparce|Roost|p2a: Dunsparce\n|-heal|p2a: Dunsparce|72/100\n|-singleturn|p2a: Dunsparce|move: Roost\n|\n|upkeep\n|turn|18\n|inactive|Time left: 300 sec this turn | 300 sec total\n|\n|t:|1783554710\n|move|p1a: Skarmory|Body Press|p2a: Dunsparce\n|-supereffective|p2a: Dunsparce\n|-crit|p2a: Dunsparce\n|-damage|p2a: Dunsparce|0 fnt\n|faint|p2a: Dunsparce\n|\n|upkeep\n|\n|t:|1783554711\n|switch|p2a: Toxapex|Toxapex, L82, M|100/100\n|turn|19\n|inactive|Time left: 300 sec this turn | 300 sec total\n|\n|t:|1783554712\n|move|p1a: Skarmory|Body Press|p2a: Toxapex\n|-resisted|p2a: Toxapex\n|-damage|p2a: Toxapex|81/100\n|move|p2a: Toxapex|Haze|p2a: Toxapex\n|-clearallboost\n|\n|-heal|p2a: Toxapex|87/100|[from] item: Leftovers\n|upkeep\n|turn|20\n|inactive|Time left: 300 sec this turn | 300 sec total\n|\n|t:|1783554713\n|move|p1a: Skarmory|Brave Bird|p2a: Toxapex\n|-damage|p2a: Toxapex|53/100\n|-damage|p1a: Skarmory|211/235|[from] Recoil\n|move|p2a: Toxapex|Liquidation|p1a: Skarmory\n|-crit|p1a: Skarmory\n|-damage|p1a: Skarmory|138/235\n|\n|-heal|p1a: Skarmory|152/235|[from] item: Leftovers\n|-heal|p2a: Toxapex|59/100|[from] item: Leftovers\n|upkeep\n|turn|21\n|inactive|Time left: 300 sec this turn | 300 sec total\n|\n|t:|1783554715\n|move|p1a: Skarmory|Roost|p1a: Skarmory\n|-heal|p1a: Skarmory|235/235\n|-singleturn|p1a: Skarmory|move: Roost\n|move|p2a: Toxapex|Recover|p2a: Toxapex\n|-heal|p2a: Toxapex|100/100\n|\n|upkeep\n|turn|22\n|inactive|Time left: 300 sec this turn | 300 sec total\n|\n|t:|1783554716\n|move|p1a: Skarmory|Brave Bird|p2a: Toxapex\n|-damage|p2a: Toxapex|72/100\n|-damage|p1a: Skarmory|215/235|[from] Recoil\n|move|p2a: Toxapex|Liquidation|p1a: Skarmory\n|-damage|p1a: Skarmory|170/235\n|\n|-heal|p1a: Skarmory|184/235|[from] item: Leftovers\n|-heal|p2a: Toxapex|78/100|[from] item: Leftovers\n|upkeep\n|turn|23\n|inactive|Time left: 300 sec this turn | 300 sec total\n|\n|t:|1783554717\n|move|p1a: Skarmory|Brave Bird|p2a: Toxapex\n|-damage|p2a: Toxapex|48/100\n|-damage|p1a: Skarmory|162/235|[from] Recoil\n|move|p2a: Toxapex|Recover|p2a: Toxapex\n|-heal|p2a: Toxapex|98/100\n|\n|-heal|p1a: Skarmory|176/235|[from] item: Leftovers\n|-heal|p2a: Toxapex|100/100|[from] item: Leftovers\n|upkeep\n|turn|24\n|inactive|Time left: 300 sec this turn | 300 sec total\n|\n|t:|1783554719\n|move|p1a: Skarmory|Body Press|p2a: Toxapex\n|-resisted|p2a: Toxapex\n|-damage|p2a: Toxapex|90/100\n|move|p2a: Toxapex|Liquidation|p1a: Skarmory\n|-damage|p1a: Skarmory|130/235\n|-unboost|p1a: Skarmory|def|1\n|\n|-heal|p1a: Skarmory|144/235|[from] item: Leftovers\n|-heal|p2a: Toxapex|96/100|[from] item: Leftovers\n|upkeep\n|turn|25\n|inactive|Time left: 300 sec this turn | 300 sec total\n|\n|t:|1783554720\n|move|p1a: Skarmory|Iron Defense|p1a: Skarmory\n|-boost|p1a: Skarmory|def|2\n|move|p2a: Toxapex|Liquidation|p1a: Skarmory\n|-damage|p1a: Skarmory|111/235\n|\n|-heal|p1a: Skarmory|125/235|[from] item: Leftovers\n|-heal|p2a: Toxapex|100/100|[from] item: Leftovers\n|upkeep\n|turn|26\n|inactive|Time left: 300 sec this turn | 300 sec total\n|\n|t:|1783554721\n|move|p1a: Skarmory|Roost|p1a: Skarmory\n|-heal|p1a: Skarmory|235/235\n|-singleturn|p1a: Skarmory|move: Roost\n|move|p2a: Toxapex|Liquidation|p1a: Skarmory\n|-damage|p1a: Skarmory|202/235\n|-unboost|p1a: Skarmory|def|1\n|\n|-heal|p1a: Skarmory|216/235|[from] item: Leftovers\n|upkeep\n|turn|27\n|inactive|Time left: 300 sec this turn | 300 sec total\n|\n|t:|1783554722\n|move|p1a: Skarmory|Iron Defense|p1a: Skarmory\n|-boost|p1a: Skarmory|def|2\n|move|p2a: Toxapex|Liquidation|p1a: Skarmory\n|-damage|p1a: Skarmory|194/235\n|\n|-heal|p1a: Skarmory|208/235|[from] item: Leftovers\n|upkeep\n|turn|28\n|inactive|Time left: 300 sec this turn | 300 sec total\n|\n|t:|1783554723\n|move|p1a: Skarmory|Body Press|p2a: Toxapex\n|-resisted|p2a: Toxapex\n|-damage|p2a: Toxapex|79/100\n|move|p2a: Toxapex|Haze|p2a: Toxapex\n|-clearallboost\n|\n|-heal|p1a: Skarmory|222/235|[from] item: Leftovers\n|-heal|p2a: Toxapex|85/100|[from] item: Leftovers\n|upkeep\n|turn|29\n|inactive|Time left: 300 sec this turn | 300 sec total\n|\n|t:|1783554724\n|move|p1a: Skarmory|Brave Bird|p2a: Toxapex\n|-damage|p2a: Toxapex|52/100\n|-damage|p1a: Skarmory|198/235|[from] Recoil\n|move|p2a: Toxapex|Liquidation|p1a: Skarmory\n|-damage|p1a: Skarmory|153/235\n|\n|-heal|p1a: Skarmory|167/235|[from] item: Leftovers\n|-heal|p2a: Toxapex|58/100|[from] item: Leftovers\n|upkeep\n|turn|30\n|inactive|Time left: 300 sec this turn | 300 sec total\n|\n|t:|1783554726\n|move|p1a: Skarmory|Iron Defense|p1a: Skarmory\n|-boost|p1a: Skarmory|def|2\n|move|p2a: Toxapex|Recover|p2a: Toxapex\n|-heal|p2a: Toxapex|100/100\n|\n|-heal|p1a: Skarmory|181/235|[from] item: Leftovers\n|upkeep\n|turn|31\n|inactive|Time left: 300 sec this turn | 300 sec total\n|\n|t:|1783554727\n|move|p1a: Skarmory|Body Press|p2a: Toxapex\n|-resisted|p2a: Toxapex\n|-damage|p2a: Toxapex|80/100\n|move|p2a: Toxapex|Haze|p2a: Toxapex\n|-clearallboost\n|\n|-heal|p1a: Skarmory|195/235|[from] item: Leftovers\n|-heal|p2a: Toxapex|86/100|[from] item: Leftovers\n|upkeep\n|turn|32\n|inactive|Time left: 300 sec this turn | 300 sec total\n|\n|t:|1783554728\n|move|p1a: Skarmory|Iron Defense|p1a: Skarmory\n|-boost|p1a: Skarmory|def|2\n|move|p2a: Toxapex|Liquidation|p1a: Skarmory\n|-damage|p1a: Skarmory|171/235\n|-unboost|p1a: Skarmory|def|1\n|\n|-heal|p1a: Skarmory|185/235|[from] item: Leftovers\n|-heal|p2a: Toxapex|92/100|[from] item: Leftovers\n|upkeep\n|turn|33\n|inactive|Time left: 300 sec this turn | 300 sec total\n|\n|t:|1783554729\n|move|p1a: Skarmory|Brave Bird|p2a: Toxapex\n|-damage|p2a: Toxapex|60/100\n|-damage|p1a: Skarmory|162/235|[from] Recoil\n|move|p2a: Toxapex|Haze|p2a: Toxapex\n|-clearallboost\n|\n|-heal|p1a: Skarmory|176/235|[from] item: Leftovers\n|-heal|p2a: Toxapex|66/100|[from] item: Leftovers\n|upkeep\n|turn|34\n|inactive|Time left: 300 sec this turn | 300 sec total\n|\n|t:|1783554730\n|move|p1a: Skarmory|Body Press|p2a: Toxapex\n|-resisted|p2a: Toxapex\n|-damage|p2a: Toxapex|56/100\n|move|p2a: Toxapex|Recover|p2a: Toxapex\n|-heal|p2a: Toxapex|100/100\n|\n|-heal|p1a: Skarmory|190/235|[from] item: Leftovers\n|upkeep\n|turn|35\n|inactive|Time left: 300 sec this turn | 300 sec total\n|\n|t:|1783554732\n|move|p1a: Skarmory|Roost|p1a: Skarmory\n|-heal|p1a: Skarmory|235/235\n|-singleturn|p1a: Skarmory|move: Roost\n|move|p2a: Toxapex|Liquidation|p1a: Skarmory\n|-damage|p1a: Skarmory|193/235\n|\n|-heal|p1a: Skarmory|207/235|[from] item: Leftovers\n|upkeep\n|turn|36\n|inactive|Time left: 300 sec this turn | 300 sec total\n|\n|t:|1783554733\n|move|p1a: Skarmory|Iron Defense|p1a: Skarmory\n|-boost|p1a: Skarmory|def|2\n|move|p2a: Toxapex|Liquidation|p1a: Skarmory\n|-damage|p1a: Skarmory|183/235\n|\n|-heal|p1a: Skarmory|197/235|[from] item: Leftovers\n|upkeep\n|turn|37\n|inactive|Time left: 300 sec this turn | 300 sec total\n|\n|t:|1783554734\n|move|p1a: Skarmory|Body Press|p2a: Toxapex\n|-resisted|p2a: Toxapex\n|-damage|p2a: Toxapex|80/100\n|move|p2a: Toxapex|Haze|p2a: Toxapex\n|-clearallboost\n|\n|-heal|p1a: Skarmory|211/235|[from] item: Leftovers\n|-heal|p2a: Toxapex|86/100|[from] item: Leftovers\n|upkeep\n|turn|38\n|inactive|Time left: 300 sec this turn | 300 sec total\n|\n|t:|1783554735\n|move|p1a: Skarmory|Brave Bird|p2a: Toxapex\n|-damage|p2a: Toxapex|57/100\n|-damage|p1a: Skarmory|190/235|[from] Recoil\n|move|p2a: Toxapex|Liquidation|p1a: Skarmory\n|-damage|p1a: Skarmory|144/235\n|\n|-heal|p1a: Skarmory|158/235|[from] item: Leftovers\n|-heal|p2a: Toxapex|63/100|[from] item: Leftovers\n|upkeep\n|turn|39\n|inactive|Time left: 300 sec this turn | 300 sec total\n|\n|t:|1783554737\n|move|p1a: Skarmory|Iron Defense|p1a: Skarmory\n|-boost|p1a: Skarmory|def|2\n|move|p2a: Toxapex|Liquidation|p1a: Skarmory\n|-damage|p1a: Skarmory|134/235\n|\n|-heal|p1a: Skarmory|148/235|[from] item: Leftovers\n|-heal|p2a: Toxapex|69/100|[from] item: Leftovers\n|upkeep\n|turn|40\n|inactive|Time left: 300 sec this turn | 300 sec total\n|\n|t:|1783554738\n|move|p1a: Skarmory|Body Press|p2a: Toxapex\n|-resisted|p2a: Toxapex\n|-damage|p2a: Toxapex|46/100\n|move|p2a: Toxapex|Recover|p2a: Toxapex\n|-heal|p2a: Toxapex|96/100\n|\n|-heal|p1a: Skarmory|162/235|[from] item: Leftovers\n|-heal|p2a: Toxapex|100/100|[from] item: Leftovers\n|upkeep\n|turn|41\n|inactive|Time left: 300 sec this turn | 300 sec total\n|\n|t:|1783554739\n|move|p1a: Skarmory|Roost|p1a: Skarmory\n|-heal|p1a: Skarmory|235/235\n|-singleturn|p1a: Skarmory|move: Roost\n|move|p2a: Toxapex|Haze|p2a: Toxapex\n|-clearallboost\n|\n|upkeep\n|turn|42\n|inactive|Time left: 300 sec this turn | 300 sec total\n|\n|t:|1783554740\n|move|p1a: Skarmory|Body Press|p2a: Toxapex\n|-resisted|p2a: Toxapex\n|-damage|p2a: Toxapex|90/100\n|move|p2a: Toxapex|Liquidation|p1a: Skarmory\n|-damage|p1a: Skarmory|187/235\n|\n|-heal|p1a: Skarmory|201/235|[from] item: Leftovers\n|-heal|p2a: Toxapex|96/100|[from] item: Leftovers\n|upkeep\n|turn|43\n|inactive|Time left: 300 sec this turn | 300 sec total\n|\n|t:|1783554741\n|move|p1a: Skarmory|Brave Bird|p2a: Toxapex\n|-damage|p2a: Toxapex|67/100\n|-damage|p1a: Skarmory|180/235|[from] Recoil\n|move|p2a: Toxapex|Liquidation|p1a: Skarmory\n|-damage|p1a: Skarmory|134/235\n|\n|-heal|p1a: Skarmory|148/235|[from] item: Leftovers\n|-heal|p2a: Toxapex|73/100|[from] item: Leftovers\n|upkeep\n|turn|44\n|inactive|Time left: 300 sec this turn | 300 sec total\n|\n|t:|1783554743\n|move|p1a: Skarmory|Roost|p1a: Skarmory\n|-heal|p1a: Skarmory|235/235\n|-singleturn|p1a: Skarmory|move: Roost\n|move|p2a: Toxapex|Recover|p2a: Toxapex\n|-heal|p2a: Toxapex|100/100\n|\n|upkeep\n|turn|45\n|inactive|Time left: 300 sec this turn | 300 sec total\n|\n|t:|1783554744\n|move|p1a: Skarmory|Brave Bird|p2a: Toxapex\n|-damage|p2a: Toxapex|70/100\n|-damage|p1a: Skarmory|213/235|[from] Recoil\n|move|p2a: Toxapex|Liquidation|p1a: Skarmory\n|-damage|p1a: Skarmory|170/235\n|\n|-heal|p1a: Skarmory|184/235|[from] item: Leftovers\n|-heal|p2a: Toxapex|76/100|[from] item: Leftovers\n|upkeep\n|turn|46\n|inactive|Time left: 300 sec this turn | 300 sec total\n|\n|t:|1783554745\n|move|p1a: Skarmory|Iron Defense|p1a: Skarmory\n|-boost|p1a: Skarmory|def|2\n|move|p2a: Toxapex|Liquidation|p1a: Skarmory\n|-damage|p1a: Skarmory|162/235\n|\n|-heal|p1a: Skarmory|176/235|[from] item: Leftovers\n|-heal|p2a: Toxapex|82/100|[from] item: Leftovers\n|upkeep\n|turn|47\n|inactive|Time left: 300 sec this turn | 300 sec total\n|\n|t:|1783554746\n|move|p1a: Skarmory|Roost|p1a: Skarmory\n|-heal|p1a: Skarmory|235/235\n|-singleturn|p1a: Skarmory|move: Roost\n|move|p2a: Toxapex|Haze|p2a: Toxapex\n|-clearallboost\n|\n|-heal|p2a: Toxapex|88/100|[from] item: Leftovers\n|upkeep\n|turn|48\n|inactive|Time left: 300 sec this turn | 300 sec total\n|\n|t:|1783554747\n|switch|p1a: Sandslash|Sandslash-Alola, L88, M|275/275\n|move|p2a: Toxapex|Haze|p2a: Toxapex\n|-clearallboost\n|\n|-heal|p2a: Toxapex|94/100|[from] item: Leftovers\n|upkeep\n|turn|49\n|inactive|Time left: 300 sec this turn | 300 sec total\n|\n|t:|1783554748\n|move|p1a: Sandslash|Swords Dance|p1a: Sandslash\n|-boost|p1a: Sandslash|atk|2\n|move|p2a: Toxapex|Recover|p2a: Toxapex\n|-heal|p2a: Toxapex|100/100\n|\n|upkeep\n|turn|50\n|inactive|Time left: 300 sec this turn | 300 sec total\n|\n|t:|1783554749\n|move|p1a: Sandslash|Earthquake|p2a: Toxapex\n|-supereffective|p2a: Toxapex\n|-crit|p2a: Toxapex\n|-damage|p2a: Toxapex|0 fnt\n|faint|p2a: Toxapex\n|-damage|p1a: Sandslash|248/275|[from] item: Life Orb\n|\n|upkeep\n|\n|t:|1783554750\n|switch|p2a: Klefki|Klefki, L84, M|100/100\n|turn|51\n|inactive|Time left: 300 sec this turn | 300 sec total\n|\n|t:|1783554751\n|-terastallize|p1a: Sandslash|Ground\n|move|p2a: Klefki|Magnet Rise|p2a: Klefki\n|-start|p2a: Klefki|Magnet Rise\n|move|p1a: Sandslash|Earthquake|p2a: Klefki\n|-immune|p2a: Klefki\n|\n|upkeep\n|turn|52\n|inactive|Time left: 300 sec this turn | 300 sec total\n|\n|t:|1783554752\n|move|p2a: Klefki|Play Rough|p1a: Sandslash\n|-damage|p1a: Sandslash|182/275\n|-unboost|p1a: Sandslash|atk|1\n|move|p1a: Sandslash|Triple Axel|p2a: Klefki\n|-resisted|p2a: Klefki\n|-damage|p2a: Klefki|91/100\n|-resisted|p2a: Klefki\n|-damage|p2a: Klefki|72/100\n|-resisted|p2a: Klefki\n|-damage|p2a: Klefki|42/100\n|-hitcount|p2a: Klefki|3\n|-damage|p1a: Sandslash|155/275|[from] item: Life Orb\n|\n|-heal|p2a: Klefki|48/100|[from] item: Leftovers\n|upkeep\n|turn|53\n|inactive|Time left: 300 sec this turn | 300 sec total\n|\n|t:|1783554753\n|move|p2a: Klefki|Play Rough|p1a: Sandslash\n|-damage|p1a: Sandslash|94/275\n|move|p1a: Sandslash|Triple Axel|p2a: Klefki\n|-resisted|p2a: Klefki\n|-damage|p2a: Klefki|37/100\n|-resisted|p2a: Klefki\n|-damage|p2a: Klefki|17/100\n|-resisted|p2a: Klefki\n|-damage|p2a: Klefki|0 fnt\n|faint|p2a: Klefki\n|-hitcount|p2: Klefki|3\n|-damage|p1a: Sandslash|67/275|[from] item: Life Orb\n|\n|upkeep\n|\n|t:|1783554753\n|switch|p2a: Pincurchin|Pincurchin, M|9/100\n|-fieldstart|move: Electric Terrain|[from] ability: Electric Surge|[of] p2a: Pincurchin\n|turn|54\n|inactive|Time left: 300 sec this turn | 300 sec total\n|\n|t:|1783554754\n|move|p1a: Sandslash|Earthquake|p2a: Pincurchin\n|-supereffective|p2a: Pincurchin\n|-damage|p2a: Pincurchin|0 fnt\n|faint|p2a: Pincurchin\n|-damage|p1a: Sandslash|40/275|[from] item: Life Orb\n|\n|win|p0x12657eb8", "uploadtime": 1783554754, "views": 0, "rating": 0, "private": 0, "password": null, "_winner": "p0x12657eb8", "_our_name": "p0x12657eb8"}