{"id": "battle-gen9randombattle-413", "formatid": "gen9randombattle", "format": "[Gen 9] Random Battle", "players": ["p0x413e90a", "p0y413dda8"], "log": "|init|battle\n|title|p0x413e90a vs. p0y413dda8\n|j|\u2606p0x413e90a\n|j|\u2606p0y413dda8\n|t:|1783543850\n|gametype|singles\n|player|p1|p0x413e90a|1|\n|player|p2|p0y413dda8|266|\n|gen|9\n|tier|[Gen 9] Random Battle\n|rule|Species Clause: Limit one of each Pok\u00e9mon\n|rule|HP Percentage Mod: HP is shown in percentages\n|rule|Sleep Clause Mod: Limit one foe put to sleep\n|rule|Illusion Level Mod: Illusion disguises the Pok\u00e9mon's true level\n|\n|t:|1783543850\n|teamsize|p1|6\n|teamsize|p2|6\n|start\n|switch|p1a: Gouging Fire|Gouging Fire, L74|277/277\n|switch|p2a: Duraludon|Duraludon, L82, F|100/100\n|turn|1\n|inactive|Battle timer is ON: inactive players will automatically lose when time's up. (requested by p0y413dda8)\n|inactive|Time left: 300 sec this turn | 300 sec total | 60 sec grace\n|inactive|p0x413e90a also wants the timer to be on.\n|\n|t:|1783543852\n|-end|p1a: Gouging Fire|Protosynthesis|[silent]\n|switch|p1a: Arboliva|Arboliva, L91, M|288/288\n|move|p2a: Duraludon|Draco Meteor|p1a: Arboliva\n|-damage|p1a: Arboliva|158/288\n|-unboost|p2a: Duraludon|spa|2\n|\n|upkeep\n|turn|2\n|inactive|Time left: 300 sec this turn | 300 sec total\n|\n|t:|1783543853\n|switch|p2a: Scizor|Scizor, L79, F|100/100\n|move|p1a: Arboliva|Leech Seed|p2a: Scizor\n|-start|p2a: Scizor|move: Leech Seed\n|\n|-damage|p2a: Scizor|88/100|[from] Leech Seed|[of] p1a: Arboliva\n|-heal|p1a: Arboliva|188/288|[silent]\n|upkeep\n|turn|3\n|inactive|Time left: 300 sec this turn | 300 sec total\n|\n|t:|1783543854\n|move|p1a: Arboliva|Protect|p1a: Arboliva\n|-singleturn|p1a: Arboliva|Protect\n|move|p2a: Scizor|U-turn|p1a: Arboliva\n|-activate|p1a: Arboliva|move: Protect\n|\n|-damage|p2a: Scizor|75/100|[from] Leech Seed|[of] p1a: Arboliva\n|-heal|p1a: Arboliva|218/288|[silent]\n|upkeep\n|turn|4\n|inactive|Time left: 300 sec this turn | 300 sec total\n|\n|t:|1783543855\n|switch|p1a: Gouging Fire|Gouging Fire, L74|277/277\n|move|p2a: Scizor|U-turn|p1a: Gouging Fire\n|-resisted|p1a: Gouging Fire\n|-damage|p1a: Gouging Fire|226/277\n|\n|t:|1783543856\n|switch|p2a: Torterra|Torterra, L78, F|100/100|[from] U-turn\n|\n|upkeep\n|turn|5\n|inactive|Time left: 300 sec this turn | 300 sec total\n|\n|t:|1783543857\n|move|p1a: Gouging Fire|Outrage|p2a: Torterra\n|-damage|p2a: Torterra|63/100\n|move|p2a: Torterra|Shell Smash|p2a: Torterra\n|-unboost|p2a: Torterra|def|1\n|-unboost|p2a: Torterra|spd|1\n|-boost|p2a: Torterra|atk|2\n|-boost|p2a: Torterra|spa|2\n|-boost|p2a: Torterra|spe|2\n|\n|upkeep\n|turn|6\n|inactive|Time left: 300 sec this turn | 300 sec total\n|\n|t:|1783543858\n|move|p2a: Torterra|Rock Blast|p1a: Gouging Fire\n|-supereffective|p1a: Gouging Fire\n|-damage|p1a: Gouging Fire|160/277\n|-supereffective|p1a: Gouging Fire\n|-crit|p1a: Gouging Fire\n|-damage|p1a: Gouging Fire|64/277\n|-supereffective|p1a: Gouging Fire\n|-damage|p1a: Gouging Fire|0 fnt\n|faint|p1a: Gouging Fire\n|-end|p1a: Gouging Fire|Protosynthesis|[silent]\n|-hitcount|p1: Gouging Fire|3\n|\n|upkeep\n|inactive|Time left: 300 sec this turn | 300 sec total | 5 sec grace\n|\n|t:|1783543860\n|switch|p1a: Arboliva|Arboliva, L91, M|218/288\n|turn|7\n|inactive|Time left: 300 sec this turn | 300 sec total\n|\n|t:|1783543861\n|move|p2a: Torterra|Bullet Seed|p1a: Arboliva\n|-resisted|p1a: Arboliva\n|-damage|p1a: Arboliva|194/288\n|-resisted|p1a: Arboliva\n|-damage|p1a: Arboliva|171/288\n|-resisted|p1a: Arboliva\n|-damage|p1a: Arboliva|149/288\n|-resisted|p1a: Arboliva\n|-damage|p1a: Arboliva|125/288\n|-enditem|p1a: Arboliva|Sitrus Berry|[eat]\n|-heal|p1a: Arboliva|197/288|[from] item: Sitrus Berry\n|-resisted|p1a: Arboliva\n|-damage|p1a: Arboliva|173/288\n|-hitcount|p1a: Arboliva|5\n|move|p1a: Arboliva|Hyper Voice|p2a: Torterra\n|-damage|p2a: Torterra|0 fnt\n|faint|p2a: Torterra\n|\n|-item|p1a: Arboliva|Sitrus Berry|[from] ability: Harvest\n|upkeep\n|\n|t:|1783543861\n|switch|p2a: Scizor|Scizor, L79, F|75/100\n|turn|8\n|inactive|Time left: 300 sec this turn | 300 sec total\n|\n|t:|1783543862\n|move|p1a: Arboliva|Protect|p1a: Arboliva\n|-singleturn|p1a: Arboliva|Protect\n|move|p2a: Scizor|Knock Off|p1a: Arboliva\n|-activate|p1a: Arboliva|move: Protect\n|\n|upkeep\n|turn|9\n|inactive|Time left: 300 sec this turn | 300 sec total\n|\n|t:|1783543863\n|switch|p1a: Urshifu|Urshifu-Rapid-Strike, L75, F|274/274\n|move|p2a: Scizor|Knock Off|p1a: Urshifu\n|-resisted|p1a: Urshifu\n|-damage|p1a: Urshifu|219/274\n|-enditem|p1a: Urshifu|Life Orb|[from] move: Knock Off|[of] p2a: Scizor\n|\n|upkeep\n|turn|10\n|inactive|Time left: 300 sec this turn | 300 sec total\n|\n|t:|1783543864\n|switch|p2a: Duraludon|Duraludon, L82, F|100/100\n|move|p1a: Urshifu|Swords Dance|p1a: Urshifu\n|-boost|p1a: Urshifu|atk|2\n|\n|upkeep\n|turn|11\n|inactive|Time left: 300 sec this turn | 300 sec total\n|\n|t:|1783543865\n|-terastallize|p2a: Duraludon|Fighting\n|move|p1a: Urshifu|Close Combat|p2a: Duraludon\n|-damage|p2a: Duraludon|40/100\n|-unboost|p1a: Urshifu|def|1\n|-unboost|p1a: Urshifu|spd|1\n|move|p2a: Duraludon|Draco Meteor|p1a: Urshifu\n|-damage|p1a: Urshifu|0 fnt\n|-unboost|p2a: Duraludon|spa|2\n|faint|p1a: Urshifu\n|\n|upkeep\n|inactive|Time left: 300 sec this turn | 300 sec total | 5 sec grace\n|\n|t:|1783543866\n|switch|p1a: Hitmonlee|Hitmonlee, L85, M|223/223\n|turn|12\n|inactive|Time left: 300 sec this turn | 300 sec total\n|\n|t:|1783543867\n|move|p1a: Hitmonlee|High Jump Kick|p2a: Duraludon\n|-damage|p2a: Duraludon|0 fnt\n|faint|p2a: Duraludon\n|\n|upkeep\n|\n|t:|1783543868\n|switch|p2a: Chien-Pao|Chien-Pao, L72|100/100\n|-ability|p2a: Chien-Pao|Sword of Ruin\n|turn|13\n|inactive|Time left: 300 sec this turn | 300 sec total\n|\n|t:|1783543869\n|move|p2a: Chien-Pao|Icicle Crash|p1a: Hitmonlee\n|-damage|p1a: Hitmonlee|3/223\n|move|p1a: Hitmonlee|High Jump Kick|p2a: Chien-Pao\n|-supereffective|p2a: Chien-Pao\n|-damage|p2a: Chien-Pao|0 fnt\n|faint|p2a: Chien-Pao\n|\n|upkeep\n|\n|t:|1783543869\n|switch|p2a: Pyroar|Pyroar, L88, M|100/100\n|-ability|p2a: Pyroar|Unnerve\n|turn|14\n|inactive|Time left: 300 sec this turn | 300 sec total\n|\n|t:|1783543871\n|move|p2a: Pyroar|Fire Blast|p1a: Hitmonlee\n|-damage|p1a: Hitmonlee|0 fnt\n|faint|p1a: Hitmonlee\n|\n|upkeep\n|inactive|Time left: 300 sec this turn | 300 sec total | 5 sec grace\n|\n|t:|1783543872\n|switch|p1a: Arboliva|Arboliva, L91, M|173/288\n|turn|15\n|inactive|Time left: 300 sec this turn | 300 sec total\n|\n|t:|1783543872\n|-terastallize|p1a: Arboliva|Water\n|move|p2a: Pyroar|Fire Blast|p1a: Arboliva\n|-resisted|p1a: Arboliva\n|-damage|p1a: Arboliva|122/288\n|move|p1a: Arboliva|Hyper Voice|p2a: Pyroar\n|-damage|p2a: Pyroar|49/100\n|\n|upkeep\n|turn|16\n|inactive|Time left: 300 sec this turn | 300 sec total\n|\n|t:|1783543873\n|move|p2a: Pyroar|Hyper Voice|p1a: Arboliva\n|-damage|p1a: Arboliva|35/288\n|move|p1a: Arboliva|Hyper Voice|p2a: Pyroar\n|-damage|p2a: Pyroar|0 fnt\n|-enditem|p1a: Arboliva|Sitrus Berry|[eat]\n|-heal|p1a: Arboliva|107/288|[from] item: Sitrus Berry\n|faint|p2a: Pyroar\n|\n|-item|p1a: Arboliva|Sitrus Berry|[from] ability: Harvest\n|upkeep\n|-enditem|p1a: Arboliva|Sitrus Berry|[eat]\n|-heal|p1a: Arboliva|179/288|[from] item: Sitrus Berry\n|\n|t:|1783543874\n|switch|p2a: Scizor|Scizor, L79, F|75/100\n|turn|17\n|inactive|Time left: 300 sec this turn | 300 sec total\n|\n|t:|1783543875\n|move|p2a: Scizor|U-turn|p1a: Arboliva\n|-damage|p1a: Arboliva|56/288\n|\n|t:|1783543876\n|switch|p2a: Sandaconda|Sandaconda, L84, M|100/100|[from] U-turn\n|move|p1a: Arboliva|Hyper Voice|p2a: Sandaconda\n|-damage|p2a: Sandaconda|41/100\n|\n|-heal|p2a: Sandaconda|47/100|[from] item: Leftovers\n|upkeep\n|turn|18\n|inactive|Time left: 300 sec this turn | 300 sec total\n|\n|t:|1783543877\n|move|p2a: Sandaconda|Rest|p2a: Sandaconda\n|-status|p2a: Sandaconda|slp|[from] move: Rest\n|-heal|p2a: Sandaconda|100/100 slp|[silent]\n|move|p1a: Arboliva|Hyper Voice|p2a: Sandaconda\n|-damage|p2a: Sandaconda|35/100 slp\n|\n|-heal|p2a: Sandaconda|41/100 slp|[from] item: Leftovers\n|-item|p1a: Arboliva|Sitrus Berry|[from] ability: Harvest\n|upkeep\n|-enditem|p1a: Arboliva|Sitrus Berry|[eat]\n|-heal|p1a: Arboliva|128/288|[from] item: Sitrus Berry\n|turn|19\n|inactive|Time left: 300 sec this turn | 300 sec total\n|\n|t:|1783543879\n|switch|p2a: Scizor|Scizor, L79, F|75/100\n|move|p1a: Arboliva|Hyper Voice|p2a: Scizor\n|-resisted|p2a: Scizor\n|-damage|p2a: Scizor|40/100\n|\n|upkeep\n|turn|20\n|inactive|Time left: 300 sec this turn | 300 sec total\n|\n|t:|1783543880\n|move|p2a: Scizor|U-turn|p1a: Arboliva\n|-damage|p1a: Arboliva|16/288\n|\n|t:|1783543881\n|switch|p2a: Sandaconda|Sandaconda, L84, M|41/100 slp|[from] U-turn\n|move|p1a: Arboliva|Hyper Voice|p2a: Sandaconda\n|-damage|p2a: Sandaconda|0 fnt\n|faint|p2a: Sandaconda\n|\n|-item|p1a: Arboliva|Sitrus Berry|[from] ability: Harvest\n|upkeep\n|-enditem|p1a: Arboliva|Sitrus Berry|[eat]\n|-heal|p1a: Arboliva|88/288|[from] item: Sitrus Berry\n|\n|t:|1783543882\n|switch|p2a: Scizor|Scizor, L79, F|40/100\n|turn|21\n|inactive|Time left: 300 sec this turn | 300 sec total\n|\n|t:|1783543883\n|move|p2a: Scizor|Knock Off|p1a: Arboliva\n|-damage|p1a: Arboliva|14/288\n|move|p1a: Arboliva|Leech Seed|p2a: Scizor|[miss]\n|-miss|p1a: Arboliva|p2a: Scizor\n|\n|upkeep\n|turn|22\n|inactive|Time left: 300 sec this turn | 300 sec total\n|\n|t:|1783543884\n|move|p2a: Scizor|Knock Off|p1a: Arboliva\n|-damage|p1a: Arboliva|0 fnt\n|faint|p1a: Arboliva\n|\n|upkeep\n|inactive|Time left: 300 sec this turn | 300 sec total | 5 sec grace\n|\n|t:|1783543885\n|switch|p1a: Ambipom|Ambipom, L84, M|263/263\n|turn|23\n|inactive|Time left: 300 sec this turn | 300 sec total\n|\n|t:|1783543886\n|move|p1a: Ambipom|Double-Edge|p2a: Scizor\n|-resisted|p2a: Scizor\n|-damage|p2a: Scizor|10/100\n|-damage|p1a: Ambipom|239/263|[from] Recoil\n|move|p2a: Scizor|Knock Off|p1a: Ambipom\n|-damage|p1a: Ambipom|108/263\n|-enditem|p1a: Ambipom|Silk Scarf|[from] move: Knock Off|[of] p2a: Scizor\n|\n|upkeep\n|turn|24\n|inactive|Time left: 300 sec this turn | 300 sec total\n|\n|t:|1783543887\n|move|p1a: Ambipom|Double-Edge|p2a: Scizor\n|-resisted|p2a: Scizor\n|-damage|p2a: Scizor|0 fnt\n|faint|p2a: Scizor\n|-damage|p1a: Ambipom|100/263|[from] Recoil\n|\n|win|p0x413e90a", "uploadtime": 1783543887, "views": 0, "rating": 0, "private": 0, "password": null, "_winner": "p0x413e90a", "_our_name": "p0x413e90a"}