{"id": "battle-gen9randombattle-2761", "formatid": "gen9randombattle", "format": "[Gen 9] Random Battle", "players": ["p0x276198cd", "p0y276185ee"], "log": "|init|battle\n|title|p0x276198cd vs. p0y276185ee\n|j|\u2606p0x276198cd\n|j|\u2606p0y276185ee\n|t:|1783570811\n|gametype|singles\n|player|p1|p0x276198cd|2|\n|player|p2|p0y276185ee|101|\n|gen|9\n|tier|[Gen 9] Random Battle\n|rule|Species Clause: Limit one of each Pok\u00e9mon\n|rule|HP Percentage Mod: HP is shown in percentages\n|rule|Sleep Clause Mod: Limit one foe put to sleep\n|rule|Illusion Level Mod: Illusion disguises the Pok\u00e9mon's true level\n|\n|t:|1783570811\n|teamsize|p1|6\n|teamsize|p2|6\n|start\n|switch|p1a: Pincurchin|Pincurchin, F|100/100\n|switch|p2a: Klefki|Klefki, L84, F|233/233\n|-fieldstart|move: Electric Terrain|[from] ability: Electric Surge|[of] p1a: Pincurchin\n|turn|1\n|inactive|Battle timer is ON: inactive players will automatically lose when time's up. (requested by p0x276198cd)\n|inactive|Time left: 300 sec this turn | 300 sec total | 60 sec grace\n|inactive|p0y276185ee also wants the timer to be on.\n|\n|t:|1783570812\n|switch|p2a: Minun|Minun, L95, F|268/268\n|move|p1a: Pincurchin|Zing Zap|p2a: Minun\n|-immune|p2a: Minun|[from] ability: Volt Absorb\n|\n|upkeep\n|turn|2\n|inactive|Time left: 300 sec this turn | 300 sec total\n|\n|t:|1783570814\n|move|p2a: Minun|Nasty Plot|p2a: Minun\n|-boost|p2a: Minun|spa|2\n|move|p1a: Pincurchin|Liquidation|p2a: Minun\n|-damage|p2a: Minun|156/268\n|\n|upkeep\n|turn|3\n|inactive|Time left: 300 sec this turn | 300 sec total\n|\n|t:|1783570815\n|move|p2a: Minun|Thunderbolt|p1a: Pincurchin\n|-resisted|p1a: Pincurchin\n|-damage|p1a: Pincurchin|41/100\n|-damage|p2a: Minun|130/268|[from] item: Life Orb\n|move|p1a: Pincurchin|Liquidation|p2a: Minun\n|-damage|p2a: Minun|23/268\n|\n|-heal|p1a: Pincurchin|47/100|[from] item: Leftovers\n|upkeep\n|turn|4\n|inactive|Time left: 300 sec this turn | 300 sec total\n|\n|t:|1783570816\n|switch|p1a: Regice|Regice, L88|100/100\n|move|p2a: Minun|Thunderbolt|p1a: Regice\n|-damage|p1a: Regice|44/100\n|-damage|p2a: Minun|0 fnt|[from] item: Life Orb\n|faint|p2a: Minun\n|\n|upkeep\n|inactive|Time left: 300 sec this turn | 300 sec total | 5 sec grace\n|\n|t:|1783570817\n|switch|p2a: Decidueye|Decidueye-Hisui, L87, M|295/295\n|turn|5\n|inactive|Time left: 300 sec this turn | 300 sec total\n|\n|t:|1783570818\n|switch|p1a: Slaking|Slaking, L84, F|100/100\n|move|p2a: Decidueye|Triple Arrows|p1a: Slaking\n|-supereffective|p1a: Slaking\n|-damage|p1a: Slaking|48/100\n|-unboost|p1a: Slaking|def|1\n|\n|-fieldend|move: Electric Terrain\n|upkeep\n|turn|6\n|inactive|Time left: 300 sec this turn | 300 sec total\n|\n|t:|1783570819\n|move|p1a: Slaking|Giga Impact|p2a: Decidueye\n|-damage|p2a: Decidueye|0 fnt\n|-mustrecharge|p1a: Slaking\n|faint|p2a: Decidueye\n|\n|upkeep\n|inactive|Time left: 300 sec this turn | 300 sec total | 5 sec grace\n|\n|t:|1783570819\n|switch|p2a: Smeargle|Smeargle, L95, F|258/258\n|turn|7\n|inactive|Time left: 300 sec this turn | 300 sec total\n|\n|t:|1783570820\n|cant|p1a: Slaking|recharge\n|move|p2a: Smeargle|Sticky Web|p1a: Slaking\n|-sidestart|p1: p0x276198cd|move: Sticky Web\n|\n|upkeep\n|turn|8\n|inactive|Time left: 300 sec this turn | 300 sec total\n|\n|t:|1783570821\n|-terastallize|p2a: Smeargle|Ghost\n|move|p1a: Slaking|Giga Impact|p2a: Smeargle\n|-immune|p2a: Smeargle\n|move|p2a: Smeargle|Ceaseless Edge|p1a: Slaking\n|-damage|p1a: Slaking|40/100\n|-sidestart|p1: p0x276198cd|Spikes\n|\n|upkeep\n|turn|9\n|inactive|Time left: 300 sec this turn | 300 sec total\n|\n|t:|1783570822\n|switch|p1a: Pincurchin|Pincurchin, F|47/100\n|-activate|p1a: Pincurchin|move: Sticky Web\n|-unboost|p1a: Pincurchin|spe|1\n|-damage|p1a: Pincurchin|35/100|[from] Spikes\n|-fieldstart|move: Electric Terrain|[from] ability: Electric Surge|[of] p1a: Pincurchin\n|move|p2a: Smeargle|Ceaseless Edge|p1a: Pincurchin\n|-damage|p1a: Pincurchin|28/100\n|-sidestart|p1: p0x276198cd|Spikes\n|\n|-heal|p1a: Pincurchin|34/100|[from] item: Leftovers\n|upkeep\n|turn|10\n|inactive|Time left: 300 sec this turn | 300 sec total\n|\n|t:|1783570823\n|switch|p2a: Pyroar|Pyroar, L88, F|295/295\n|-ability|p2a: Pyroar|Unnerve\n|move|p1a: Pincurchin|Zing Zap|p2a: Pyroar\n|-damage|p2a: Pyroar|118/295\n|\n|-heal|p1a: Pincurchin|40/100|[from] item: Leftovers\n|upkeep\n|turn|11\n|inactive|Time left: 300 sec this turn | 300 sec total\n|\n|t:|1783570823\n|move|p2a: Pyroar|Fire Blast|p1a: Pincurchin\n|-damage|p1a: Pincurchin|0 fnt\n|faint|p1a: Pincurchin\n|\n|upkeep\n|\n|t:|1783570824\n|switch|p1a: Tentacruel|Tentacruel, L84, M|100/100\n|-activate|p1a: Tentacruel|move: Sticky Web\n|-unboost|p1a: Tentacruel|spe|1\n|-damage|p1a: Tentacruel|84/100|[from] Spikes\n|turn|12\n|inactive|Time left: 300 sec this turn | 300 sec total\n|\n|t:|1783570825\n|switch|p2a: Smeargle|Smeargle, L95, F, tera:Ghost|258/258\n|move|p1a: Tentacruel|Rapid Spin|p2a: Smeargle\n|-immune|p2a: Smeargle\n|\n|-heal|p1a: Tentacruel|90/100|[from] item: Leftovers\n|upkeep\n|turn|13\n|inactive|Time left: 300 sec this turn | 300 sec total\n|\n|t:|1783570826\n|move|p2a: Smeargle|Ceaseless Edge|p1a: Tentacruel\n|-damage|p1a: Tentacruel|80/100\n|-sidestart|p1: p0x276198cd|Spikes\n|move|p1a: Tentacruel|Surf|p2a: Smeargle\n|-damage|p2a: Smeargle|140/258\n|\n|-heal|p1a: Tentacruel|86/100|[from] item: Leftovers\n|-fieldend|move: Electric Terrain\n|upkeep\n|turn|14\n|inactive|Time left: 300 sec this turn | 300 sec total\n|\n|t:|1783570827\n|move|p2a: Smeargle|Spore|p1a: Tentacruel\n|-status|p1a: Tentacruel|slp|[from] move: Spore\n|cant|p1a: Tentacruel|slp\n|\n|-heal|p1a: Tentacruel|92/100 slp|[from] item: Leftovers\n|upkeep\n|turn|15\n|inactive|Time left: 300 sec this turn | 300 sec total\n|\n|t:|1783570828\n|cant|p1a: Tentacruel|slp\n|move|p2a: Smeargle|Whirlwind|p1a: Tentacruel\n|drag|p1a: Swalot|Swalot, L90, M|100/100\n|-activate|p1a: Swalot|move: Sticky Web\n|-unboost|p1a: Swalot|spe|1\n|-damage|p1a: Swalot|76/100|[from] Spikes\n|\n|-heal|p1a: Swalot|82/100|[from] item: Leftovers\n|upkeep\n|turn|16\n|inactive|Time left: 300 sec this turn | 300 sec total\n|\n|t:|1783570829\n|switch|p2a: Feraligatr|Feraligatr, L79, M|264/264\n|move|p1a: Swalot|Earthquake|p2a: Feraligatr\n|-damage|p2a: Feraligatr|204/264\n|\n|-heal|p1a: Swalot|88/100|[from] item: Leftovers\n|upkeep\n|turn|17\n|inactive|Time left: 300 sec this turn | 300 sec total\n|\n|t:|1783570830\n|move|p2a: Feraligatr|Dragon Dance|p2a: Feraligatr\n|-boost|p2a: Feraligatr|atk|1\n|-boost|p2a: Feraligatr|spe|1\n|move|p1a: Swalot|Swords Dance|p1a: Swalot\n|-boost|p1a: Swalot|atk|2\n|\n|-heal|p1a: Swalot|94/100|[from] item: Leftovers\n|upkeep\n|turn|18\n|inactive|Time left: 300 sec this turn | 300 sec total\n|\n|t:|1783570831\n|move|p2a: Feraligatr|Liquidation|p1a: Swalot\n|-damage|p1a: Swalot|35/100\n|move|p1a: Swalot|Gunk Shot|p2a: Feraligatr|[miss]\n|-miss|p1a: Swalot|p2a: Feraligatr\n|\n|-heal|p1a: Swalot|41/100|[from] item: Leftovers\n|upkeep\n|turn|19\n|inactive|Time left: 300 sec this turn | 300 sec total\n|\n|t:|1783570833\n|move|p2a: Feraligatr|Liquidation|p1a: Swalot\n|-damage|p1a: Swalot|0 fnt\n|faint|p1a: Swalot\n|\n|upkeep\n|\n|t:|1783570834\n|switch|p1a: Tentacruel|Tentacruel, L84, M|92/100 slp\n|-activate|p1a: Tentacruel|move: Sticky Web\n|-unboost|p1a: Tentacruel|spe|1\n|-damage|p1a: Tentacruel|67/100 slp|[from] Spikes\n|turn|20\n|inactive|Time left: 300 sec this turn | 300 sec total\n|\n|t:|1783570835\n|move|p2a: Feraligatr|Liquidation|p1a: Tentacruel\n|-resisted|p1a: Tentacruel\n|-damage|p1a: Tentacruel|20/100 slp\n|cant|p1a: Tentacruel|slp\n|\n|-heal|p1a: Tentacruel|26/100 slp|[from] item: Leftovers\n|upkeep\n|turn|21\n|inactive|Time left: 300 sec this turn | 300 sec total\n|\n|t:|1783570836\n|move|p2a: Feraligatr|Liquidation|p1a: Tentacruel\n|-resisted|p1a: Tentacruel\n|-damage|p1a: Tentacruel|0 fnt\n|faint|p1a: Tentacruel\n|\n|upkeep\n|\n|t:|1783570837\n|switch|p1a: Toucannon|Toucannon, L88, M|100/100\n|turn|22\n|inactive|Time left: 300 sec this turn | 300 sec total\n|\n|t:|1783570838\n|-singleturn|p1a: Toucannon|move: Beak Blast\n|move|p2a: Feraligatr|Liquidation|p1a: Toucannon\n|-damage|p1a: Toucannon|14/100\n|-status|p2a: Feraligatr|brn\n|move|p1a: Toucannon|Beak Blast|p2a: Feraligatr\n|-damage|p2a: Feraligatr|72/264 brn\n|\n|-damage|p2a: Feraligatr|56/264 brn|[from] brn\n|upkeep\n|turn|23\n|inactive|Time left: 300 sec this turn | 300 sec total\n|\n|t:|1783570839\n|switch|p1a: Slaking|Slaking, L84, F|40/100\n|-activate|p1a: Slaking|move: Sticky Web\n|-unboost|p1a: Slaking|spe|1\n|-damage|p1a: Slaking|15/100|[from] Spikes\n|move|p2a: Feraligatr|Liquidation|p1a: Slaking\n|-damage|p1a: Slaking|0 fnt\n|faint|p1a: Slaking\n|\n|-damage|p2a: Feraligatr|40/264 brn|[from] brn\n|upkeep\n|\n|t:|1783570840\n|switch|p1a: Regice|Regice, L88|44/100\n|turn|24\n|inactive|Time left: 300 sec this turn | 300 sec total\n|\n|t:|1783570841\n|move|p2a: Feraligatr|Liquidation|p1a: Regice\n|-damage|p1a: Regice|14/100\n|move|p1a: Regice|Rest|p1a: Regice\n|-status|p1a: Regice|slp|[from] move: Rest\n|-heal|p1a: Regice|100/100 slp|[silent]\n|\n|-damage|p2a: Feraligatr|24/264 brn|[from] brn\n|upkeep\n|turn|25\n|inactive|Time left: 300 sec this turn | 300 sec total\n|\n|t:|1783570842\n|move|p2a: Feraligatr|Liquidation|p1a: Regice\n|-damage|p1a: Regice|66/100 slp\n|cant|p1a: Regice|slp\n|move|p1a: Regice|Sleep Talk|p1a: Regice\n|move|p1a: Regice|Rest||[from] move: Sleep Talk|[still]\n|-fail|p1a: Regice\n|\n|-damage|p2a: Feraligatr|8/264 brn|[from] brn\n|upkeep\n|turn|26\n|inactive|Time left: 300 sec this turn | 300 sec total\n|\n|t:|1783570843\n|move|p2a: Feraligatr|Liquidation|p1a: Regice\n|-damage|p1a: Regice|32/100 slp\n|cant|p1a: Regice|slp\n|move|p1a: Regice|Sleep Talk|p1a: Regice\n|move|p1a: Regice|Ice Beam|p2a: Feraligatr|[from] move: Sleep Talk\n|-resisted|p2a: Feraligatr\n|-damage|p2a: Feraligatr|0 fnt\n|faint|p2a: Feraligatr\n|\n|upkeep\n|inactive|Time left: 300 sec this turn | 300 sec total | 5 sec grace\n|\n|t:|1783570844\n|switch|p2a: Pyroar|Pyroar, L88, F|118/295\n|-ability|p2a: Pyroar|Unnerve\n|turn|27\n|inactive|Time left: 300 sec this turn | 300 sec total\n|\n|t:|1783570845\n|-terastallize|p1a: Regice|Electric\n|move|p2a: Pyroar|Fire Blast|p1a: Regice|[miss]\n|-miss|p2a: Pyroar|p1a: Regice\n|-curestatus|p1a: Regice|slp|[msg]\n|move|p1a: Regice|Rest|p1a: Regice\n|-status|p1a: Regice|slp|[from] move: Rest\n|-heal|p1a: Regice|100/100 slp|[silent]\n|\n|upkeep\n|turn|28\n|inactive|Time left: 300 sec this turn | 300 sec total\n|\n|t:|1783570845\n|move|p2a: Pyroar|Taunt|p1a: Regice\n|-start|p1a: Regice|move: Taunt\n|cant|p1a: Regice|slp\n|cant|p1a: Regice|move: Taunt|Sleep Talk\n|\n|upkeep\n|turn|29\n|inactive|Time left: 300 sec this turn | 300 sec total\n|\n|t:|1783570846\n|move|p2a: Pyroar|Fire Blast|p1a: Regice\n|-damage|p1a: Regice|74/100 slp\n|cant|p1a: Regice|slp\n|\n|upkeep\n|turn|30\n|inactive|Time left: 300 sec this turn | 300 sec total\n|\n|t:|1783570847\n|move|p2a: Pyroar|Fire Blast|p1a: Regice|[miss]\n|-miss|p2a: Pyroar|p1a: Regice\n|-curestatus|p1a: Regice|slp|[msg]\n|move|p1a: Regice|Thunderbolt|p2a: Pyroar\n|-damage|p2a: Pyroar|0 fnt\n|faint|p2a: Pyroar\n|\n|-end|p1a: Regice|move: Taunt\n|upkeep\n|inactive|Time left: 300 sec this turn | 300 sec total | 5 sec grace\n|\n|t:|1783570848\n|switch|p2a: Smeargle|Smeargle, L95, F, tera:Ghost|140/258\n|turn|31\n|inactive|Time left: 300 sec this turn | 300 sec total\n|\n|t:|1783570849\n|move|p2a: Smeargle|Spore|p1a: Regice\n|-status|p1a: Regice|slp|[from] move: Spore\n|cant|p1a: Regice|slp\n|\n|upkeep\n|turn|32\n|inactive|Time left: 300 sec this turn | 300 sec total\n|\n|t:|1783570850\n|switch|p2a: Klefki|Klefki, L84, F|233/233\n|cant|p1a: Regice|slp\n|\n|upkeep\n|turn|33\n|inactive|Time left: 300 sec this turn | 300 sec total\n|\n|t:|1783570851\n|move|p2a: Klefki|Play Rough|p1a: Regice\n|-damage|p1a: Regice|48/100 slp\n|-curestatus|p1a: Regice|slp|[msg]\n|move|p1a: Regice|Thunderbolt|p2a: Klefki\n|-damage|p2a: Klefki|115/233\n|\n|-heal|p2a: Klefki|129/233|[from] item: Leftovers\n|upkeep\n|turn|34\n|inactive|Time left: 300 sec this turn | 300 sec total\n|\n|t:|1783570852\n|move|p2a: Klefki|Play Rough|p1a: Regice\n|-damage|p1a: Regice|22/100\n|move|p1a: Regice|Rest|p1a: Regice\n|-status|p1a: Regice|slp|[from] move: Rest\n|-heal|p1a: Regice|100/100 slp|[silent]\n|\n|-heal|p2a: Klefki|143/233|[from] item: Leftovers\n|upkeep\n|turn|35\n|inactive|Time left: 300 sec this turn | 300 sec total\n|\n|t:|1783570853\n|move|p2a: Klefki|Play Rough|p1a: Regice\n|-damage|p1a: Regice|76/100 slp\n|cant|p1a: Regice|slp\n|move|p1a: Regice|Sleep Talk|p1a: Regice\n|move|p1a: Regice|Rest||[from] move: Sleep Talk|[still]\n|-fail|p1a: Regice\n|\n|-heal|p2a: Klefki|157/233|[from] item: Leftovers\n|upkeep\n|turn|36\n|inactive|Time left: 300 sec this turn | 300 sec total\n|\n|t:|1783570854\n|move|p2a: Klefki|Play Rough|p1a: Regice\n|-damage|p1a: Regice|48/100 slp\n|cant|p1a: Regice|slp\n|move|p1a: Regice|Sleep Talk|p1a: Regice\n|move|p1a: Regice|Ice Beam|p2a: Klefki|[from] move: Sleep Talk\n|-resisted|p2a: Klefki\n|-damage|p2a: Klefki|104/233\n|\n|-heal|p2a: Klefki|118/233|[from] item: Leftovers\n|upkeep\n|turn|37\n|inactive|Time left: 300 sec this turn | 300 sec total\n|\n|t:|1783570856\n|move|p2a: Klefki|Play Rough|p1a: Regice\n|-damage|p1a: Regice|24/100 slp\n|-curestatus|p1a: Regice|slp|[msg]\n|move|p1a: Regice|Rest|p1a: Regice\n|-status|p1a: Regice|slp|[from] move: Rest\n|-heal|p1a: Regice|100/100 slp|[silent]\n|\n|-heal|p2a: Klefki|132/233|[from] item: Leftovers\n|upkeep\n|turn|38\n|inactive|Time left: 300 sec this turn | 300 sec total\n|\n|t:|1783570857\n|move|p2a: Klefki|Play Rough|p1a: Regice\n|-damage|p1a: Regice|77/100 slp\n|cant|p1a: Regice|slp\n|move|p1a: Regice|Sleep Talk|p1a: Regice\n|move|p1a: Regice|Thunderbolt|p2a: Klefki|[from] move: Sleep Talk\n|-damage|p2a: Klefki|17/233\n|\n|-heal|p2a: Klefki|31/233|[from] item: Leftovers\n|upkeep\n|turn|39\n|inactive|Time left: 300 sec this turn | 300 sec total\n|\n|t:|1783570858\n|move|p2a: Klefki|Play Rough|p1a: Regice\n|-damage|p1a: Regice|50/100 slp\n|cant|p1a: Regice|slp\n|move|p1a: Regice|Sleep Talk|p1a: Regice\n|move|p1a: Regice|Ice Beam|p2a: Klefki|[from] move: Sleep Talk\n|-resisted|p2a: Klefki\n|-damage|p2a: Klefki|0 fnt\n|faint|p2a: Klefki\n|\n|upkeep\n|inactive|Time left: 300 sec this turn | 300 sec total | 5 sec grace\n|\n|t:|1783570858\n|switch|p2a: Smeargle|Smeargle, L95, F, tera:Ghost|140/258\n|turn|40\n|inactive|Time left: 300 sec this turn | 300 sec total\n|\n|t:|1783570859\n|move|p2a: Smeargle|Ceaseless Edge|p1a: Regice\n|-crit|p1a: Regice\n|-damage|p1a: Regice|40/100 slp\n|-curestatus|p1a: Regice|slp|[msg]\n|move|p1a: Regice|Ice Beam|p2a: Smeargle\n|-damage|p2a: Smeargle|0 fnt\n|faint|p2a: Smeargle\n|\n|win|p0x276198cd", "uploadtime": 1783570859, "views": 0, "rating": 0, "private": 0, "password": null, "_winner": "p0x276198cd", "_our_name": "p0y276185ee"}