{"id": "battle-gen9randombattle-2988", "formatid": "gen9randombattle", "format": "[Gen 9] Random Battle", "players": ["p0x29883f29", "p0y2988e054"], "log": "|init|battle\n|title|p0x29883f29 vs. p0y2988e054\n|j|\u2606p0x29883f29\n|j|\u2606p0y2988e054\n|t:|1783573404\n|gametype|singles\n|player|p1|p0x29883f29|265|\n|player|p2|p0y2988e054|169|\n|gen|9\n|tier|[Gen 9] Random Battle\n|rule|Species Clause: Limit one of each Pok\u00e9mon\n|rule|HP Percentage Mod: HP is shown in percentages\n|rule|Sleep Clause Mod: Limit one foe put to sleep\n|rule|Illusion Level Mod: Illusion disguises the Pok\u00e9mon's true level\n|\n|t:|1783573404\n|teamsize|p1|6\n|teamsize|p2|6\n|start\n|switch|p1a: Zebstrika|Zebstrika, L87, M|272/272\n|switch|p2a: Kyogre|Kyogre, L71|100/100\n|-weather|RainDance|[from] ability: Drizzle|[of] p2a: Kyogre\n|turn|1\n|inactive|Battle timer is ON: inactive players will automatically lose when time's up. (requested by p0x29883f29)\n|inactive|p0y2988e054 also wants the timer to be on.\n|\n|t:|1783573405\n|-terastallize|p2a: Kyogre|Dragon\n|move|p1a: Zebstrika|Supercell Slam|p2a: Kyogre\n|-resisted|p2a: Kyogre\n|-damage|p2a: Kyogre|64/100\n|-damage|p1a: Zebstrika|245/272|[from] item: Life Orb\n|move|p2a: Kyogre|Origin Pulse|p1a: Zebstrika|[miss]\n|-miss|p2a: Kyogre|p1a: Zebstrika\n|\n|-weather|RainDance|[upkeep]\n|-heal|p2a: Kyogre|70/100|[from] item: Leftovers\n|upkeep\n|turn|2\n|inactive|Time left: 300 sec this turn | 300 sec total\n|\n|t:|1783573406\n|switch|p1a: Primarina|Primarina, L83, M|268/268\n|move|p2a: Kyogre|Origin Pulse|p1a: Primarina\n|-resisted|p1a: Primarina\n|-damage|p1a: Primarina|190/268\n|\n|-weather|RainDance|[upkeep]\n|-heal|p2a: Kyogre|77/100|[from] item: Leftovers\n|upkeep\n|turn|3\n|inactive|Time left: 300 sec this turn | 300 sec total\n|\n|t:|1783573407\n|move|p2a: Kyogre|Thunder|p1a: Primarina\n|-supereffective|p1a: Primarina\n|-damage|p1a: Primarina|66/268\n|-status|p1a: Primarina|par\n|move|p1a: Primarina|Moonblast|p2a: Kyogre\n|-supereffective|p2a: Kyogre\n|-damage|p2a: Kyogre|0 fnt\n|faint|p2a: Kyogre\n|\n|-weather|RainDance|[upkeep]\n|upkeep\n|\n|t:|1783573408\n|switch|p2a: Kricketune|Kricketune, L99, M|100/100\n|turn|4\n|inactive|Time left: 300 sec this turn | 300 sec total\n|\n|t:|1783573409\n|move|p2a: Kricketune|Sticky Web|p1a: Primarina\n|-sidestart|p1: p0x29883f29|move: Sticky Web\n|move|p1a: Primarina|Moonblast|p2a: Kricketune\n|-damage|p2a: Kricketune|28/100\n|\n|-weather|RainDance|[upkeep]\n|upkeep\n|turn|5\n|inactive|Time left: 300 sec this turn | 300 sec total\n|\n|t:|1783573409\n|move|p2a: Kricketune|Pounce|p1a: Primarina\n|-resisted|p1a: Primarina\n|-damage|p1a: Primarina|12/268 par\n|-unboost|p1a: Primarina|spe|1\n|cant|p1a: Primarina|par\n|\n|-weather|none\n|upkeep\n|turn|6\n|inactive|Time left: 300 sec this turn | 300 sec total\n|\n|t:|1783573410\n|move|p2a: Kricketune|Knock Off|p1a: Primarina\n|-resisted|p1a: Primarina\n|-damage|p1a: Primarina|0 fnt\n|-enditem|p1a: Primarina|Choice Specs|[from] move: Knock Off|[of] p2a: Kricketune\n|faint|p1a: Primarina\n|\n|upkeep\n|inactive|Time left: 300 sec this turn | 300 sec total | 5 sec grace\n|\n|t:|1783573411\n|switch|p1a: Lugia|Lugia, L73|275/275\n|turn|7\n|inactive|Time left: 300 sec this turn | 300 sec total\n|\n|t:|1783573412\n|move|p1a: Lugia|Aeroblast|p2a: Kricketune\n|-supereffective|p2a: Kricketune\n|-damage|p2a: Kricketune|0 fnt\n|faint|p2a: Kricketune\n|\n|upkeep\n|\n|t:|1783573413\n|switch|p2a: Hydreigon|Hydreigon, L79, F|100/100\n|turn|8\n|inactive|Time left: 300 sec this turn | 300 sec total\n|\n|t:|1783573414\n|move|p1a: Lugia|Calm Mind|p1a: Lugia\n|-boost|p1a: Lugia|spa|1\n|-boost|p1a: Lugia|spd|1\n|move|p2a: Hydreigon|Nasty Plot|p2a: Hydreigon\n|-boost|p2a: Hydreigon|spa|2\n|\n|upkeep\n|turn|9\n|inactive|Time left: 300 sec this turn | 300 sec total\n|\n|t:|1783573415\n|move|p1a: Lugia|Aeroblast|p2a: Hydreigon\n|-damage|p2a: Hydreigon|57/100\n|move|p2a: Hydreigon|Dark Pulse|p1a: Lugia\n|-supereffective|p1a: Lugia\n|-damage|p1a: Lugia|161/275\n|-damage|p2a: Hydreigon|47/100|[from] item: Life Orb\n|\n|upkeep\n|turn|10\n|inactive|Time left: 300 sec this turn | 300 sec total\n|\n|t:|1783573416\n|move|p1a: Lugia|Recover|p1a: Lugia\n|-heal|p1a: Lugia|275/275\n|move|p2a: Hydreigon|Dark Pulse|p1a: Lugia\n|-supereffective|p1a: Lugia\n|-damage|p1a: Lugia|165/275\n|-damage|p2a: Hydreigon|37/100|[from] item: Life Orb\n|\n|upkeep\n|turn|11\n|inactive|Time left: 300 sec this turn | 300 sec total\n|\n|t:|1783573417\n|move|p1a: Lugia|Aeroblast|p2a: Hydreigon\n|-damage|p2a: Hydreigon|0 fnt\n|faint|p2a: Hydreigon\n|\n|upkeep\n|\n|t:|1783573418\n|switch|p2a: Tsareena|Tsareena, L87, F|100/100\n|turn|12\n|inactive|Time left: 300 sec this turn | 300 sec total\n|\n|t:|1783573418\n|move|p2a: Tsareena|Knock Off|p1a: Lugia\n|-supereffective|p1a: Lugia\n|-damage|p1a: Lugia|15/275\n|-enditem|p1a: Lugia|Heavy-Duty Boots|[from] move: Knock Off|[of] p2a: Tsareena\n|move|p1a: Lugia|Recover|p1a: Lugia\n|-heal|p1a: Lugia|153/275\n|\n|upkeep\n|turn|13\n|inactive|Time left: 300 sec this turn | 300 sec total\n|\n|t:|1783573419\n|move|p2a: Tsareena|Knock Off|p1a: Lugia\n|-supereffective|p1a: Lugia\n|-crit|p1a: Lugia\n|-damage|p1a: Lugia|3/275\n|move|p1a: Lugia|Recover|p1a: Lugia\n|-heal|p1a: Lugia|141/275\n|\n|upkeep\n|turn|14\n|inactive|Time left: 300 sec this turn | 300 sec total\n|\n|t:|1783573420\n|move|p2a: Tsareena|Knock Off|p1a: Lugia\n|-supereffective|p1a: Lugia\n|-damage|p1a: Lugia|39/275\n|move|p1a: Lugia|Recover|p1a: Lugia\n|-heal|p1a: Lugia|177/275\n|\n|upkeep\n|turn|15\n|inactive|Time left: 300 sec this turn | 300 sec total\n|\n|t:|1783573421\n|move|p2a: Tsareena|Knock Off|p1a: Lugia\n|-supereffective|p1a: Lugia\n|-damage|p1a: Lugia|81/275\n|move|p1a: Lugia|Recover|p1a: Lugia\n|-heal|p1a: Lugia|219/275\n|\n|upkeep\n|turn|16\n|inactive|Time left: 300 sec this turn | 300 sec total\n|\n|t:|1783573422\n|move|p2a: Tsareena|Knock Off|p1a: Lugia\n|-supereffective|p1a: Lugia\n|-damage|p1a: Lugia|127/275\n|move|p1a: Lugia|Aeroblast|p2a: Tsareena\n|-supereffective|p2a: Tsareena\n|-damage|p2a: Tsareena|19/100\n|\n|upkeep\n|turn|17\n|inactive|Time left: 300 sec this turn | 300 sec total\n|\n|t:|1783573424\n|move|p2a: Tsareena|Knock Off|p1a: Lugia\n|-supereffective|p1a: Lugia\n|-damage|p1a: Lugia|27/275\n|move|p1a: Lugia|Recover|p1a: Lugia\n|-heal|p1a: Lugia|165/275\n|\n|upkeep\n|turn|18\n|inactive|Time left: 300 sec this turn | 300 sec total\n|\n|t:|1783573425\n|move|p2a: Tsareena|Knock Off|p1a: Lugia\n|-supereffective|p1a: Lugia\n|-damage|p1a: Lugia|69/275\n|move|p1a: Lugia|Recover|p1a: Lugia\n|-heal|p1a: Lugia|207/275\n|\n|upkeep\n|turn|19\n|inactive|Time left: 300 sec this turn | 300 sec total\n|\n|t:|1783573426\n|move|p2a: Tsareena|Knock Off|p1a: Lugia\n|-supereffective|p1a: Lugia\n|-damage|p1a: Lugia|113/275\n|move|p1a: Lugia|Recover|p1a: Lugia\n|-heal|p1a: Lugia|251/275\n|\n|upkeep\n|turn|20\n|inactive|Time left: 300 sec this turn | 300 sec total\n|\n|t:|1783573427\n|move|p2a: Tsareena|Knock Off|p1a: Lugia\n|-supereffective|p1a: Lugia\n|-damage|p1a: Lugia|143/275\n|move|p1a: Lugia|Aeroblast|p2a: Tsareena\n|-supereffective|p2a: Tsareena\n|-damage|p2a: Tsareena|0 fnt\n|faint|p2a: Tsareena\n|\n|upkeep\n|\n|t:|1783573428\n|switch|p2a: Cetitan|Cetitan, L82, F|100/100\n|turn|21\n|inactive|Time left: 300 sec this turn | 300 sec total\n|\n|t:|1783573429\n|move|p1a: Lugia|Aeroblast|p2a: Cetitan\n|-damage|p2a: Cetitan|63/100\n|move|p2a: Cetitan|Icicle Crash|p1a: Lugia\n|-supereffective|p1a: Lugia\n|-damage|p1a: Lugia|0 fnt\n|faint|p1a: Lugia\n|\n|upkeep\n|inactive|Time left: 300 sec this turn | 300 sec total | 5 sec grace\n|\n|t:|1783573430\n|switch|p1a: Chandelure|Chandelure, L83, M|235/235\n|-activate|p1a: Chandelure|move: Sticky Web\n|-unboost|p1a: Chandelure|spe|1\n|turn|22\n|inactive|Time left: 300 sec this turn | 300 sec total\n|\n|t:|1783573431\n|move|p1a: Chandelure|Fire Blast|p2a: Cetitan\n|-supereffective|p2a: Cetitan\n|-damage|p2a: Cetitan|0 fnt\n|faint|p2a: Cetitan\n|\n|upkeep\n|\n|t:|1783573432\n|switch|p2a: Kilowattrel|Kilowattrel, L83, F|100/100\n|turn|23\n|inactive|Time left: 300 sec this turn | 300 sec total\n|\n|t:|1783573432\n|-terastallize|p1a: Chandelure|Fire\n|move|p2a: Kilowattrel|Hurricane|p1a: Chandelure\n|-damage|p1a: Chandelure|111/235\n|move|p1a: Chandelure|Fire Blast|p2a: Kilowattrel\n|-damage|p2a: Kilowattrel|0 fnt\n|faint|p2a: Kilowattrel\n|\n|win|p0x29883f29", "uploadtime": 1783573432, "views": 0, "rating": 0, "private": 0, "password": null, "_winner": "p0x29883f29", "_our_name": "p0x29883f29"}