{"id": "battle-gen9randombattle-482", "formatid": "gen9randombattle", "format": "[Gen 9] Random Battle", "players": ["p0x482071e", "p0y482318b"], "log": "|init|battle\n|title|p0x482071e vs. p0y482318b\n|j|\u2606p0x482071e\n|j|\u2606p0y482318b\n|t:|1783545380\n|gametype|singles\n|player|p1|p0x482071e|1|\n|player|p2|p0y482318b|101|\n|gen|9\n|tier|[Gen 9] Random Battle\n|rule|Species Clause: Limit one of each Pok\u00e9mon\n|rule|HP Percentage Mod: HP is shown in percentages\n|rule|Sleep Clause Mod: Limit one foe put to sleep\n|rule|Illusion Level Mod: Illusion disguises the Pok\u00e9mon's true level\n|\n|t:|1783545380\n|teamsize|p1|6\n|teamsize|p2|6\n|start\n|switch|p1a: Hypno|Hypno, L95, M|315/315\n|switch|p2a: Galvantula|Galvantula, L82, M|100/100\n|turn|1\n|inactive|Battle timer is ON: inactive players will automatically lose when time's up. (requested by p0y482318b)\n|inactive|Time left: 300 sec this turn | 300 sec total | 60 sec grace\n|inactive|p0x482071e also wants the timer to be on.\n|\n|t:|1783545381\n|move|p2a: Galvantula|Sticky Web|p1a: Hypno\n|-sidestart|p1: p0x482071e|move: Sticky Web\n|move|p1a: Hypno|Knock Off|p2a: Galvantula\n|-damage|p2a: Galvantula|65/100\n|-enditem|p2a: Galvantula|Focus Sash|[from] move: Knock Off|[of] p1a: Hypno\n|\n|upkeep\n|turn|2\n|inactive|Time left: 300 sec this turn | 300 sec total\n|\n|t:|1783545382\n|switch|p2a: Conkeldurr|Conkeldurr, L80, M|100/100\n|move|p1a: Hypno|Psychic Noise|p2a: Conkeldurr\n|-supereffective|p2a: Conkeldurr\n|-damage|p2a: Conkeldurr|34/100\n|-start|p2a: Conkeldurr|move: Heal Block\n|\n|-status|p2a: Conkeldurr|brn|[from] item: Flame Orb\n|upkeep\n|turn|3\n|inactive|Time left: 300 sec this turn | 300 sec total\n|\n|t:|1783545383\n|switch|p2a: Groudon|Groudon, L72|100/100\n|-weather|SunnyDay|[from] ability: Drought|[of] p2a: Groudon\n|move|p1a: Hypno|Psychic Noise|p2a: Groudon\n|-damage|p2a: Groudon|63/100\n|-start|p2a: Groudon|move: Heal Block\n|\n|-weather|SunnyDay|[upkeep]\n|upkeep\n|turn|4\n|inactive|Time left: 300 sec this turn | 300 sec total\n|\n|t:|1783545385\n|move|p1a: Hypno|Psychic Noise|p2a: Groudon\n|-damage|p2a: Groudon|27/100\n|move|p2a: Groudon|Heat Crash|p1a: Hypno\n|-crit|p1a: Hypno\n|-damage|p1a: Hypno|123/315\n|\n|-weather|SunnyDay|[upkeep]\n|-heal|p1a: Hypno|142/315|[from] item: Leftovers\n|-end|p2a: Groudon|move: Heal Block\n|upkeep\n|turn|5\n|inactive|Time left: 300 sec this turn | 300 sec total\n|\n|t:|1783545386\n|switch|p2a: Vivillon|Vivillon-Ocean, L83, M|100/100\n|move|p1a: Hypno|Psychic Noise|p2a: Vivillon\n|-damage|p2a: Vivillon|56/100\n|-start|p2a: Vivillon|move: Heal Block\n|\n|-weather|SunnyDay|[upkeep]\n|-heal|p1a: Hypno|161/315|[from] item: Leftovers\n|upkeep\n|turn|6\n|inactive|Time left: 300 sec this turn | 300 sec total\n|\n|t:|1783545387\n|move|p2a: Vivillon|Quiver Dance|p2a: Vivillon\n|-boost|p2a: Vivillon|spa|1\n|-boost|p2a: Vivillon|spd|1\n|-boost|p2a: Vivillon|spe|1\n|move|p1a: Hypno|Knock Off|p2a: Vivillon\n|-damage|p2a: Vivillon|17/100\n|-enditem|p2a: Vivillon|Heavy-Duty Boots|[from] move: Knock Off|[of] p1a: Hypno\n|\n|-weather|SunnyDay|[upkeep]\n|-heal|p1a: Hypno|180/315|[from] item: Leftovers\n|-end|p2a: Vivillon|move: Heal Block\n|upkeep\n|turn|7\n|inactive|Time left: 300 sec this turn | 300 sec total\n|\n|t:|1783545388\n|move|p2a: Vivillon|Bug Buzz|p1a: Hypno\n|-supereffective|p1a: Hypno\n|-damage|p1a: Hypno|4/315\n|move|p1a: Hypno|Psychic Noise|p2a: Vivillon\n|-damage|p2a: Vivillon|0 fnt\n|faint|p2a: Vivillon\n|\n|-weather|none\n|-heal|p1a: Hypno|23/315|[from] item: Leftovers\n|upkeep\n|\n|t:|1783545389\n|switch|p2a: Galvantula|Galvantula, L82, M|65/100\n|turn|8\n|inactive|Time left: 300 sec this turn | 300 sec total\n|\n|t:|1783545391\n|move|p2a: Galvantula|Volt Switch|p1a: Hypno\n|-damage|p1a: Hypno|0 fnt\n|faint|p1a: Hypno\n|\n|t:|1783545392\n|switch|p2a: Beartic|Beartic, L91, M|100/100|[from] Volt Switch\n|\n|upkeep\n|inactive|Time left: 300 sec this turn | 300 sec total | 10 sec grace\n|\n|t:|1783545393\n|switch|p1a: Araquanid|Araquanid, L82, F|246/246\n|turn|9\n|inactive|Time left: 300 sec this turn | 300 sec total\n|\n|t:|1783545394\n|move|p2a: Beartic|Icicle Crash|p1a: Araquanid\n|-resisted|p1a: Araquanid\n|-damage|p1a: Araquanid|182/246\n|cant|p1a: Araquanid|flinch\n|\n|upkeep\n|turn|10\n|inactive|Time left: 300 sec this turn | 300 sec total\n|\n|t:|1783545395\n|move|p2a: Beartic|Icicle Crash|p1a: Araquanid\n|-resisted|p1a: Araquanid\n|-crit|p1a: Araquanid\n|-damage|p1a: Araquanid|89/246\n|move|p1a: Araquanid|Sticky Web|p2a: Beartic\n|-sidestart|p2: p0y482318b|move: Sticky Web\n|\n|upkeep\n|turn|11\n|inactive|Time left: 300 sec this turn | 300 sec total\n|\n|t:|1783545396\n|move|p2a: Beartic|Icicle Crash|p1a: Araquanid\n|-resisted|p1a: Araquanid\n|-damage|p1a: Araquanid|21/246\n|move|p1a: Araquanid|Liquidation|p2a: Beartic\n|-damage|p2a: Beartic|60/100\n|\n|upkeep\n|turn|12\n|inactive|Time left: 300 sec this turn | 300 sec total\n|\n|t:|1783545397\n|switch|p1a: Gurdurr|Gurdurr, L85, F|283/283\n|-activate|p1a: Gurdurr|move: Sticky Web\n|-unboost|p1a: Gurdurr|spe|1\n|move|p2a: Beartic|Icicle Crash|p1a: Gurdurr\n|-damage|p1a: Gurdurr|195/283\n|\n|upkeep\n|turn|13\n|inactive|Time left: 300 sec this turn | 300 sec total\n|\n|t:|1783545398\n|move|p2a: Beartic|Icicle Crash|p1a: Gurdurr\n|-damage|p1a: Gurdurr|111/283\n|move|p1a: Gurdurr|Drain Punch|p2a: Beartic\n|-supereffective|p2a: Beartic\n|-damage|p2a: Beartic|6/100\n|-heal|p1a: Gurdurr|198/283|[from] drain|[of] p2a: Beartic\n|\n|upkeep\n|turn|14\n|inactive|Time left: 300 sec this turn | 300 sec total\n|\n|t:|1783545399\n|switch|p2a: Groudon|Groudon, L72|27/100\n|-activate|p2a: Groudon|move: Sticky Web\n|-unboost|p2a: Groudon|spe|1\n|-weather|SunnyDay|[from] ability: Drought|[of] p2a: Groudon\n|move|p1a: Gurdurr|Drain Punch|p2a: Groudon\n|-damage|p2a: Groudon|0 fnt\n|-heal|p1a: Gurdurr|233/283|[from] drain|[of] p2a: Groudon\n|faint|p2a: Groudon\n|\n|-weather|SunnyDay|[upkeep]\n|upkeep\n|\n|t:|1783545400\n|switch|p2a: Beartic|Beartic, L91, M|6/100\n|turn|15\n|inactive|Time left: 300 sec this turn | 300 sec total\n|\n|t:|1783545401\n|move|p1a: Gurdurr|Mach Punch|p2a: Beartic\n|-supereffective|p2a: Beartic\n|-damage|p2a: Beartic|0 fnt\n|faint|p2a: Beartic\n|\n|-weather|SunnyDay|[upkeep]\n|upkeep\n|\n|t:|1783545402\n|switch|p2a: Conkeldurr|Conkeldurr, L80, M|34/100 brn\n|-activate|p2a: Conkeldurr|move: Sticky Web\n|-unboost|p2a: Conkeldurr|spe|1\n|turn|16\n|inactive|Time left: 300 sec this turn | 300 sec total\n|\n|t:|1783545404\n|move|p2a: Conkeldurr|Close Combat|p1a: Gurdurr\n|-damage|p1a: Gurdurr|65/283\n|-unboost|p2a: Conkeldurr|def|1\n|-unboost|p2a: Conkeldurr|spd|1\n|move|p1a: Gurdurr|Drain Punch|p2a: Conkeldurr\n|-damage|p2a: Conkeldurr|0 fnt\n|-heal|p1a: Gurdurr|115/283|[from] drain|[of] p2a: Conkeldurr\n|faint|p2a: Conkeldurr\n|\n|-weather|SunnyDay|[upkeep]\n|upkeep\n|\n|t:|1783545405\n|switch|p2a: Galvantula|Galvantula, L82, M|65/100\n|-activate|p2a: Galvantula|move: Sticky Web\n|-unboost|p2a: Galvantula|spe|1\n|turn|17\n|inactive|Time left: 300 sec this turn | 300 sec total\n|\n|t:|1783545406\n|move|p2a: Galvantula|Thunder|p1a: Gurdurr|[miss]\n|-miss|p2a: Galvantula|p1a: Gurdurr\n|move|p1a: Gurdurr|Drain Punch|p2a: Galvantula\n|-resisted|p2a: Galvantula\n|-damage|p2a: Galvantula|41/100\n|-heal|p1a: Gurdurr|145/283|[from] drain|[of] p2a: Galvantula\n|\n|-weather|SunnyDay|[upkeep]\n|upkeep\n|turn|18\n|inactive|Time left: 300 sec this turn | 300 sec total\n|\n|t:|1783545407\n|move|p2a: Galvantula|Thunder|p1a: Gurdurr\n|-damage|p1a: Gurdurr|45/283\n|move|p1a: Gurdurr|Defog|p2a: Galvantula\n|-unboost|p2a: Galvantula|evasion|1\n|-sideend|p2: p0y482318b|Sticky Web|[from] move: Defog|[of] p1a: Gurdurr\n|-sideend|p1: p0x482071e|Sticky Web|[from] move: Defog|[of] p1a: Gurdurr\n|\n|-weather|none\n|upkeep\n|turn|19\n|inactive|Time left: 300 sec this turn | 300 sec total\n|\n|t:|1783545408\n|switch|p1a: Baxcalibur|Baxcalibur, L75, F|295/295\n|move|p2a: Galvantula|Volt Switch|p1a: Baxcalibur\n|-resisted|p1a: Baxcalibur\n|-damage|p1a: Baxcalibur|256/295\n|\n|t:|1783545409\n|switch|p2a: Maushold|Maushold, L76|100/100|[from] Volt Switch\n|\n|upkeep\n|turn|20\n|inactive|Time left: 300 sec this turn | 300 sec total\n|\n|t:|1783545411\n|-terastallize|p2a: Maushold|Normal\n|move|p2a: Maushold|Population Bomb|p1a: Baxcalibur\n|-damage|p1a: Baxcalibur|224/295\n|-damage|p1a: Baxcalibur|190/295\n|-crit|p1a: Baxcalibur\n|-damage|p1a: Baxcalibur|136/295\n|-damage|p1a: Baxcalibur|104/295\n|-damage|p1a: Baxcalibur|72/295\n|-damage|p1a: Baxcalibur|40/295\n|-damage|p1a: Baxcalibur|8/295\n|-damage|p1a: Baxcalibur|0 fnt\n|faint|p1a: Baxcalibur\n|-hitcount|p1: Baxcalibur|8\n|\n|upkeep\n|inactive|Time left: 300 sec this turn | 300 sec total | 5 sec grace\n|\n|t:|1783545412\n|switch|p1a: Gurdurr|Gurdurr, L85, F|45/283\n|turn|21\n|inactive|Time left: 300 sec this turn | 300 sec total\n|\n|t:|1783545413\n|move|p1a: Gurdurr|Mach Punch|p2a: Maushold\n|-supereffective|p2a: Maushold\n|-damage|p2a: Maushold|52/100\n|move|p2a: Maushold|Population Bomb|p1a: Gurdurr\n|-damage|p1a: Gurdurr|23/283\n|-damage|p1a: Gurdurr|3/283\n|-damage|p1a: Gurdurr|0 fnt\n|faint|p1a: Gurdurr\n|-hitcount|p1: Gurdurr|3\n|\n|upkeep\n|inactive|Time left: 300 sec this turn | 300 sec total | 5 sec grace\n|\n|t:|1783545414\n|switch|p1a: Minun|Minun, L95, F|268/268\n|turn|22\n|inactive|Time left: 300 sec this turn | 300 sec total\n|\n|t:|1783545415\n|switch|p2a: Galvantula|Galvantula, L82, M|41/100\n|-terastallize|p1a: Minun|Electric\n|move|p1a: Minun|Thunderbolt|p2a: Galvantula\n|-resisted|p2a: Galvantula\n|-crit|p2a: Galvantula\n|-damage|p2a: Galvantula|0 fnt\n|faint|p2a: Galvantula\n|-damage|p1a: Minun|242/268|[from] item: Life Orb\n|\n|upkeep\n|\n|t:|1783545416\n|switch|p2a: Maushold|Maushold, L76, tera:Normal|52/100\n|turn|23\n|inactive|Time left: 300 sec this turn | 300 sec total\n|\n|t:|1783545417\n|move|p1a: Minun|Thunderbolt|p2a: Maushold\n|-damage|p2a: Maushold|0 fnt\n|faint|p2a: Maushold\n|-damage|p1a: Minun|216/268|[from] item: Life Orb\n|\n|win|p0x482071e", "uploadtime": 1783545417, "views": 0, "rating": 0, "private": 0, "password": null, "_winner": "p0x482071e", "_our_name": "p0x482071e"}