{"id": "battle-gen9randombattle-1485", "formatid": "gen9randombattle", "format": "[Gen 9] Random Battle", "players": ["p0x14851839", "p0y1485d225"], "log": "|init|battle\n|title|p0x14851839 vs. p0y1485d225\n|j|\u2606p0x14851839\n|j|\u2606p0y1485d225\n|t:|1783557262\n|gametype|singles\n|player|p1|p0x14851839|170|\n|player|p2|p0y1485d225|170|\n|gen|9\n|tier|[Gen 9] Random Battle\n|rule|Species Clause: Limit one of each Pok\u00e9mon\n|rule|HP Percentage Mod: HP is shown in percentages\n|rule|Sleep Clause Mod: Limit one foe put to sleep\n|rule|Illusion Level Mod: Illusion disguises the Pok\u00e9mon's true level\n|\n|t:|1783557262\n|teamsize|p1|6\n|teamsize|p2|6\n|start\n|switch|p1a: Volcarona|Volcarona, L77, F|100/100\n|switch|p2a: Granbull|Granbull, L88, M|302/302\n|-ability|p2a: Granbull|Intimidate|boost\n|-unboost|p1a: Volcarona|atk|1\n|turn|1\n|inactive|Battle timer is ON: inactive players will automatically lose when time's up. (requested by p0x14851839)\n|inactive|Time left: 300 sec this turn | 300 sec total | 60 sec grace\n|inactive|p0y1485d225 also wants the timer to be on.\n|\n|t:|1783557263\n|move|p1a: Volcarona|Fiery Dance|p2a: Granbull\n|-damage|p2a: Granbull|188/302\n|-boost|p1a: Volcarona|spa|1\n|move|p2a: Granbull|Earthquake|p1a: Volcarona\n|-damage|p1a: Volcarona|49/100\n|\n|-heal|p2a: Granbull|206/302|[from] item: Leftovers\n|upkeep\n|turn|2\n|inactive|Time left: 300 sec this turn | 300 sec total\n|\n|t:|1783557265\n|move|p1a: Volcarona|Fiery Dance|p2a: Granbull\n|-damage|p2a: Granbull|26/302\n|move|p2a: Granbull|Earthquake|p1a: Volcarona\n|-damage|p1a: Volcarona|2/100\n|\n|-heal|p2a: Granbull|44/302|[from] item: Leftovers\n|upkeep\n|turn|3\n|inactive|Time left: 300 sec this turn | 300 sec total\n|\n|t:|1783557266\n|switch|p2a: Gumshoos|Gumshoos, L95, F|321/321\n|move|p1a: Volcarona|Fiery Dance|p2a: Gumshoos\n|-damage|p2a: Gumshoos|155/321\n|-boost|p1a: Volcarona|spa|1\n|\n|upkeep\n|turn|4\n|inactive|Time left: 300 sec this turn | 300 sec total\n|\n|t:|1783557267\n|switch|p2a: Granbull|Granbull, L88, M|44/302\n|-ability|p2a: Granbull|Intimidate|boost\n|-unboost|p1a: Volcarona|atk|1\n|move|p1a: Volcarona|Bug Buzz|p2a: Granbull\n|-resisted|p2a: Granbull\n|-damage|p2a: Granbull|0 fnt\n|faint|p2a: Granbull\n|\n|upkeep\n|inactive|Time left: 300 sec this turn | 300 sec total | 5 sec grace\n|\n|t:|1783557268\n|switch|p2a: Floatzel|Floatzel, L86, F|286/286\n|turn|5\n|inactive|Time left: 300 sec this turn | 300 sec total\n|\n|t:|1783557269\n|move|p2a: Floatzel|Wave Crash|p1a: Volcarona\n|-supereffective|p1a: Volcarona\n|-damage|p1a: Volcarona|0 fnt\n|faint|p1a: Volcarona\n|-damage|p2a: Floatzel|285/286|[from] Recoil\n|\n|upkeep\n|\n|t:|1783557270\n|switch|p1a: Shiftry|Shiftry, L89, F|100/100\n|turn|6\n|inactive|Time left: 300 sec this turn | 300 sec total\n|\n|t:|1783557272\n|move|p2a: Floatzel|Wave Crash|p1a: Shiftry\n|-resisted|p1a: Shiftry\n|-damage|p1a: Shiftry|60/100\n|-damage|p2a: Floatzel|244/286|[from] Recoil\n|move|p1a: Shiftry|Knock Off|p2a: Floatzel\n|-damage|p2a: Floatzel|45/286\n|-enditem|p2a: Floatzel|Choice Band|[from] move: Knock Off|[of] p1a: Shiftry\n|-damage|p1a: Shiftry|50/100|[from] item: Life Orb\n|\n|upkeep\n|turn|7\n|inactive|Time left: 300 sec this turn | 300 sec total\n|\n|t:|1783557273\n|move|p1a: Shiftry|Sucker Punch|p2a: Floatzel\n|-damage|p2a: Floatzel|0 fnt\n|faint|p2a: Floatzel\n|-damage|p1a: Shiftry|40/100|[from] item: Life Orb\n|\n|upkeep\n|inactive|Time left: 300 sec this turn | 300 sec total | 5 sec grace\n|\n|t:|1783557274\n|switch|p2a: Glalie|Glalie, L96, M|309/309\n|turn|8\n|inactive|Time left: 300 sec this turn | 300 sec total\n|\n|t:|1783557275\n|switch|p1a: Hypno|Hypno, L95, M|100/100\n|move|p2a: Glalie|Freeze-Dry|p1a: Hypno\n|-damage|p1a: Hypno|81/100\n|\n|-heal|p1a: Hypno|87/100|[from] item: Leftovers\n|upkeep\n|turn|9\n|inactive|Time left: 300 sec this turn | 300 sec total\n|\n|t:|1783557276\n|move|p2a: Glalie|Spikes|p1a: Hypno\n|-sidestart|p1: p0x14851839|Spikes\n|move|p1a: Hypno|Toxic|p2a: Glalie\n|-status|p2a: Glalie|tox\n|\n|-heal|p1a: Hypno|93/100|[from] item: Leftovers\n|-damage|p2a: Glalie|290/309 tox|[from] psn\n|upkeep\n|turn|10\n|inactive|Time left: 300 sec this turn | 300 sec total\n|\n|t:|1783557277\n|move|p2a: Glalie|Freeze-Dry|p1a: Hypno\n|-damage|p1a: Hypno|73/100\n|move|p1a: Hypno|Focus Blast|p2a: Glalie\n|-supereffective|p2a: Glalie\n|-damage|p2a: Glalie|132/309 tox\n|\n|-heal|p1a: Hypno|79/100|[from] item: Leftovers\n|-damage|p2a: Glalie|94/309 tox|[from] psn\n|upkeep\n|turn|11\n|inactive|Time left: 300 sec this turn | 300 sec total\n|\n|t:|1783557278\n|move|p2a: Glalie|Spikes|p1a: Hypno\n|-sidestart|p1: p0x14851839|Spikes\n|move|p1a: Hypno|Focus Blast|p2a: Glalie|[miss]\n|-miss|p1a: Hypno|p2a: Glalie\n|\n|-heal|p1a: Hypno|85/100|[from] item: Leftovers\n|-damage|p2a: Glalie|37/309 tox|[from] psn\n|upkeep\n|turn|12\n|inactive|Time left: 300 sec this turn | 300 sec total\n|\n|t:|1783557279\n|move|p2a: Glalie|Earthquake|p1a: Hypno\n|-damage|p1a: Hypno|59/100\n|move|p1a: Hypno|Psychic Noise|p2a: Glalie\n|-crit|p2a: Glalie\n|-damage|p2a: Glalie|0 fnt\n|faint|p2a: Glalie\n|\n|-heal|p1a: Hypno|65/100|[from] item: Leftovers\n|upkeep\n|inactive|Time left: 300 sec this turn | 300 sec total | 5 sec grace\n|\n|t:|1783557280\n|switch|p2a: Golurk|Golurk, L87|297/297\n|turn|13\n|inactive|Time left: 300 sec this turn | 300 sec total\n|\n|t:|1783557280\n|move|p1a: Hypno|Protect|p1a: Hypno\n|-singleturn|p1a: Hypno|Protect\n|move|p2a: Golurk|Poltergeist|p1a: Hypno\n|-activate|p1a: Hypno|move: Protect\n|\n|-heal|p1a: Hypno|71/100|[from] item: Leftovers\n|upkeep\n|turn|14\n|inactive|Time left: 300 sec this turn | 300 sec total\n|\n|t:|1783557281\n|move|p1a: Hypno|Toxic|p2a: Golurk\n|-status|p2a: Golurk|tox\n|move|p2a: Golurk|Poltergeist|p1a: Hypno\n|-activate|p1a: Hypno|move: Poltergeist|Leftovers\n|-supereffective|p1a: Hypno\n|-crit|p1a: Hypno\n|-damage|p1a: Hypno|0 fnt\n|faint|p1a: Hypno\n|-damage|p2a: Golurk|268/297 tox|[from] item: Life Orb\n|\n|-damage|p2a: Golurk|250/297 tox|[from] psn\n|upkeep\n|\n|t:|1783557282\n|switch|p1a: Shiftry|Shiftry, L89, F|40/100\n|-damage|p1a: Shiftry|24/100|[from] Spikes\n|turn|15\n|inactive|Time left: 300 sec this turn | 300 sec total\n|\n|t:|1783557283\n|-terastallize|p2a: Golurk|Fighting\n|move|p1a: Shiftry|Knock Off|p2a: Golurk\n|-resisted|p2a: Golurk\n|-damage|p2a: Golurk|164/297 tox\n|-enditem|p2a: Golurk|Life Orb|[from] move: Knock Off|[of] p1a: Shiftry\n|-damage|p1a: Shiftry|14/100|[from] item: Life Orb\n|move|p2a: Golurk|Poltergeist|p1a: Shiftry\n|-activate|p1a: Shiftry|move: Poltergeist|Life Orb\n|-resisted|p1a: Shiftry\n|-damage|p1a: Shiftry|0 fnt\n|faint|p1a: Shiftry\n|\n|-damage|p2a: Golurk|128/297 tox|[from] psn\n|upkeep\n|\n|t:|1783557284\n|switch|p1a: Galvantula|Galvantula, L82, F|100/100\n|turn|16\n|inactive|Time left: 300 sec this turn | 300 sec total\n|\n|t:|1783557285\n|move|p1a: Galvantula|Sticky Web|p2a: Golurk\n|-sidestart|p2: p0y1485d225|move: Sticky Web\n|move|p2a: Golurk|Poltergeist|p1a: Galvantula\n|-activate|p1a: Galvantula|move: Poltergeist|Heavy-Duty Boots\n|-damage|p1a: Galvantula|13/100\n|\n|-damage|p2a: Golurk|74/297 tox|[from] psn\n|upkeep\n|turn|17\n|inactive|Time left: 300 sec this turn | 300 sec total\n|\n|t:|1783557286\n|move|p1a: Galvantula|Thunder|p2a: Golurk\n|-damage|p2a: Golurk|0 fnt\n|faint|p2a: Golurk\n|\n|upkeep\n|inactive|Time left: 300 sec this turn | 300 sec total | 5 sec grace\n|\n|t:|1783557287\n|switch|p2a: Gumshoos|Gumshoos, L95, F|155/321\n|-activate|p2a: Gumshoos|move: Sticky Web\n|-unboost|p2a: Gumshoos|spe|1\n|turn|18\n|inactive|Time left: 300 sec this turn | 300 sec total\n|\n|t:|1783557288\n|switch|p2a: Quagsire|Quagsire, L84, M|297/297\n|-activate|p2a: Quagsire|move: Sticky Web\n|-unboost|p2a: Quagsire|spe|1\n|-terastallize|p1a: Galvantula|Electric\n|move|p1a: Galvantula|Thunder|p2a: Quagsire\n|-immune|p2a: Quagsire\n|\n|upkeep\n|turn|19\n|inactive|Time left: 300 sec this turn | 300 sec total\n|\n|t:|1783557289\n|move|p1a: Galvantula|Bug Buzz|p2a: Quagsire\n|-damage|p2a: Quagsire|185/297\n|move|p2a: Quagsire|Toxic|p1a: Galvantula\n|-status|p1a: Galvantula|tox\n|\n|-heal|p2a: Quagsire|203/297|[from] item: Leftovers\n|-damage|p1a: Galvantula|7/100 tox|[from] psn\n|upkeep\n|turn|20\n|inactive|Time left: 300 sec this turn | 300 sec total\n|\n|t:|1783557290\n|switch|p2a: Gumshoos|Gumshoos, L95, F|155/321\n|-activate|p2a: Gumshoos|move: Sticky Web\n|-unboost|p2a: Gumshoos|spe|1\n|move|p1a: Galvantula|Bug Buzz|p2a: Gumshoos\n|-damage|p2a: Gumshoos|44/321\n|\n|-damage|p1a: Galvantula|0 fnt|[from] psn\n|faint|p1a: Galvantula\n|upkeep\n|\n|t:|1783557291\n|switch|p1a: Klawf|Klawf, L90, F|100/100\n|-damage|p1a: Klawf|84/100|[from] Spikes\n|turn|21\n|inactive|Time left: 300 sec this turn | 300 sec total\n|\n|t:|1783557292\n|move|p1a: Klawf|Knock Off|p2a: Gumshoos\n|-damage|p2a: Gumshoos|0 fnt\n|-enditem|p2a: Gumshoos|Choice Band|[from] move: Knock Off|[of] p1a: Klawf\n|faint|p2a: Gumshoos\n|-damage|p1a: Klawf|74/100|[from] item: Life Orb\n|\n|upkeep\n|inactive|Time left: 300 sec this turn | 300 sec total | 5 sec grace\n|\n|t:|1783557293\n|switch|p2a: Quagsire|Quagsire, L84, M|203/297\n|-activate|p2a: Quagsire|move: Sticky Web\n|-unboost|p2a: Quagsire|spe|1\n|turn|22\n|inactive|Time left: 300 sec this turn | 300 sec total\n|\n|t:|1783557294\n|move|p1a: Klawf|Knock Off|p2a: Quagsire\n|-damage|p2a: Quagsire|95/297\n|-enditem|p2a: Quagsire|Leftovers|[from] move: Knock Off|[of] p1a: Klawf\n|-damage|p1a: Klawf|64/100|[from] item: Life Orb\n|move|p2a: Quagsire|Recover|p2a: Quagsire\n|-heal|p2a: Quagsire|244/297\n|\n|upkeep\n|turn|23\n|inactive|Time left: 300 sec this turn | 300 sec total\n|\n|t:|1783557295\n|move|p1a: Klawf|Stone Edge|p2a: Quagsire\n|-resisted|p2a: Quagsire\n|-damage|p2a: Quagsire|160/297\n|-damage|p1a: Klawf|54/100|[from] item: Life Orb\n|move|p2a: Quagsire|Toxic|p1a: Klawf\n|-status|p1a: Klawf|tox\n|\n|-damage|p1a: Klawf|48/100 tox|[from] psn\n|upkeep\n|turn|24\n|inactive|Time left: 300 sec this turn | 300 sec total\n|\n|t:|1783557296\n|move|p1a: Klawf|High Horsepower|p2a: Quagsire\n|-damage|p2a: Quagsire|57/297\n|-damage|p1a: Klawf|38/100 tox|[from] item: Life Orb\n|move|p2a: Quagsire|Recover|p2a: Quagsire\n|-heal|p2a: Quagsire|206/297\n|\n|-damage|p1a: Klawf|25/100 tox|[from] psn\n|upkeep\n|turn|25\n|inactive|Time left: 300 sec this turn | 300 sec total\n|\n|t:|1783557297\n|move|p1a: Klawf|Stone Edge|p2a: Quagsire|[miss]\n|-miss|p1a: Klawf|p2a: Quagsire\n|move|p2a: Quagsire|Recover|p2a: Quagsire\n|-heal|p2a: Quagsire|297/297\n|\n|-damage|p1a: Klawf|7/100 tox|[from] psn\n|upkeep\n|turn|26\n|inactive|Time left: 300 sec this turn | 300 sec total\n|\n|t:|1783557298\n|move|p1a: Klawf|Stone Edge|p2a: Quagsire\n|-resisted|p2a: Quagsire\n|-damage|p2a: Quagsire|220/297\n|-damage|p1a: Klawf|0 fnt|[from] item: Life Orb\n|faint|p1a: Klawf\n|move|p2a: Quagsire|Recover|p2a: Quagsire\n|-heal|p2a: Quagsire|297/297\n|\n|upkeep\n|\n|t:|1783557299\n|switch|p1a: Bastiodon|Bastiodon, L89, F|100/100\n|-damage|p1a: Bastiodon|84/100|[from] Spikes\n|turn|27\n|inactive|Time left: 300 sec this turn | 300 sec total\n|\n|t:|1783557300\n|move|p1a: Bastiodon|Body Press|p2a: Quagsire\n|-damage|p2a: Quagsire|204/297\n|move|p2a: Quagsire|Earthquake|p1a: Bastiodon\n|-supereffective|p1a: Bastiodon\n|-damage|p1a: Bastiodon|0 fnt\n|faint|p1a: Bastiodon\n|\n|win|p0y1485d225", "uploadtime": 1783557300, "views": 0, "rating": 0, "private": 0, "password": null, "_winner": "p0y1485d225", "_our_name": "p0y1485d225"}