{"id": "battle-gen9randombattle-103", "formatid": "gen9randombattle", "format": "[Gen 9] Random Battle", "players": ["p0x103f7ea", "p0y1034103"], "log": "|init|battle\n|title|p0x103f7ea vs. p0y1034103\n|j|\u2606p0x103f7ea\n|j|\u2606p0y1034103\n|t:|1783540370\n|gametype|singles\n|player|p1|p0x103f7ea|2|\n|player|p2|p0y1034103|170|\n|gen|9\n|tier|[Gen 9] Random Battle\n|rule|Species Clause: Limit one of each Pok\u00e9mon\n|rule|HP Percentage Mod: HP is shown in percentages\n|rule|Sleep Clause Mod: Limit one foe put to sleep\n|rule|Illusion Level Mod: Illusion disguises the Pok\u00e9mon's true level\n|\n|t:|1783540370\n|teamsize|p1|6\n|teamsize|p2|6\n|start\n|switch|p1a: Azelf|Azelf, L82|257/257\n|switch|p2a: Dragapult|Dragapult, L77, F|100/100\n|turn|1\n|inactive|Battle timer is ON: inactive players will automatically lose when time's up. (requested by p0x103f7ea)\n|inactive|p0y1034103 also wants the timer to be on.\n|\n|t:|1783540372\n|move|p2a: Dragapult|U-turn|p1a: Azelf\n|-supereffective|p1a: Azelf\n|-damage|p1a: Azelf|135/257\n|\n|t:|1783540373\n|switch|p2a: Dachsbun|Dachsbun, L92, M|100/100|[from] U-turn\n|move|p1a: Azelf|Knock Off|p2a: Dachsbun\n|-resisted|p2a: Dachsbun\n|-damage|p2a: Dachsbun|88/100\n|-enditem|p2a: Dachsbun|Leftovers|[from] move: Knock Off|[of] p1a: Azelf\n|\n|upkeep\n|turn|2\n|inactive|Time left: 300 sec this turn | 300 sec total\n|\n|t:|1783540375\n|move|p1a: Azelf|Stealth Rock|p2a: Dachsbun\n|-sidestart|p2: p0y1034103|move: Stealth Rock\n|move|p2a: Dachsbun|Play Rough|p1a: Azelf\n|-damage|p1a: Azelf|8/257\n|\n|upkeep\n|turn|3\n|inactive|Time left: 300 sec this turn | 300 sec total\n|\n|t:|1783540376\n|move|p1a: Azelf|Psychic|p2a: Dachsbun\n|-damage|p2a: Dachsbun|45/100\n|move|p2a: Dachsbun|Play Rough|p1a: Azelf\n|-damage|p1a: Azelf|0 fnt\n|faint|p1a: Azelf\n|\n|upkeep\n|inactive|Time left: 300 sec this turn | 300 sec total | 5 sec grace\n|\n|t:|1783540377\n|switch|p1a: Golurk|Golurk, L87|297/297\n|turn|4\n|inactive|Time left: 300 sec this turn | 300 sec total\n|\n|t:|1783540378\n|move|p2a: Dachsbun|Play Rough|p1a: Golurk\n|-damage|p1a: Golurk|200/297\n|move|p1a: Golurk|Earthquake|p2a: Dachsbun\n|-damage|p2a: Dachsbun|0 fnt\n|faint|p2a: Dachsbun\n|\n|upkeep\n|\n|t:|1783540379\n|switch|p2a: Cresselia|Cresselia, L80, F|100/100\n|-damage|p2a: Cresselia|88/100|[from] Stealth Rock\n|turn|5\n|inactive|Time left: 300 sec this turn | 300 sec total\n|\n|t:|1783540380\n|switch|p1a: Bisharp|Bisharp, L79, M|232/232\n|move|p2a: Cresselia|Calm Mind|p2a: Cresselia\n|-boost|p2a: Cresselia|spa|1\n|-boost|p2a: Cresselia|spd|1\n|\n|-heal|p2a: Cresselia|94/100|[from] item: Leftovers\n|upkeep\n|turn|6\n|inactive|Time left: 300 sec this turn | 300 sec total\n|\n|t:|1783540381\n|move|p2a: Cresselia|Calm Mind|p2a: Cresselia\n|-boost|p2a: Cresselia|spa|1\n|-boost|p2a: Cresselia|spd|1\n|move|p1a: Bisharp|Swords Dance|p1a: Bisharp\n|-boost|p1a: Bisharp|atk|2\n|\n|-heal|p2a: Cresselia|100/100|[from] item: Leftovers\n|upkeep\n|turn|7\n|inactive|Time left: 300 sec this turn | 300 sec total\n|\n|t:|1783540382\n|-terastallize|p2a: Cresselia|Steel\n|move|p2a: Cresselia|Calm Mind|p2a: Cresselia\n|-boost|p2a: Cresselia|spa|1\n|-boost|p2a: Cresselia|spd|1\n|move|p1a: Bisharp|Throat Chop|p2a: Cresselia\n|-damage|p2a: Cresselia|47/100\n|-start|p2a: Cresselia|Throat Chop|[silent]\n|\n|-heal|p2a: Cresselia|53/100|[from] item: Leftovers\n|upkeep\n|turn|8\n|inactive|Time left: 300 sec this turn | 300 sec total\n|\n|t:|1783540383\n|move|p2a: Cresselia|Moonlight|p2a: Cresselia\n|-heal|p2a: Cresselia|100/100\n|move|p1a: Bisharp|Swords Dance|p1a: Bisharp\n|-boost|p1a: Bisharp|atk|2\n|\n|-end|p2a: Cresselia|Throat Chop|[silent]\n|upkeep\n|turn|9\n|inactive|Time left: 300 sec this turn | 300 sec total\n|\n|t:|1783540384\n|move|p2a: Cresselia|Moonblast|p1a: Bisharp\n|-damage|p1a: Bisharp|126/232\n|move|p1a: Bisharp|Throat Chop|p2a: Cresselia\n|-damage|p2a: Cresselia|31/100\n|-start|p2a: Cresselia|Throat Chop|[silent]\n|\n|-heal|p2a: Cresselia|37/100|[from] item: Leftovers\n|upkeep\n|turn|10\n|inactive|Time left: 300 sec this turn | 300 sec total\n|\n|t:|1783540385\n|move|p2a: Cresselia|Moonlight|p2a: Cresselia\n|-heal|p2a: Cresselia|87/100\n|move|p1a: Bisharp|Throat Chop|p2a: Cresselia\n|-damage|p2a: Cresselia|7/100\n|\n|-heal|p2a: Cresselia|13/100|[from] item: Leftovers\n|-end|p2a: Cresselia|Throat Chop|[silent]\n|upkeep\n|turn|11\n|inactive|Time left: 300 sec this turn | 300 sec total\n|\n|t:|1783540386\n|move|p2a: Cresselia|Moonblast|p1a: Bisharp\n|-crit|p1a: Bisharp\n|-damage|p1a: Bisharp|0 fnt\n|faint|p1a: Bisharp\n|\n|-heal|p2a: Cresselia|19/100|[from] item: Leftovers\n|upkeep\n|inactive|Time left: 300 sec this turn | 300 sec total | 5 sec grace\n|\n|t:|1783540387\n|switch|p1a: Golurk|Golurk, L87|200/297\n|turn|12\n|inactive|Time left: 300 sec this turn | 300 sec total\n|\n|t:|1783540388\n|move|p2a: Cresselia|Psyshock|p1a: Golurk\n|-damage|p1a: Golurk|32/297\n|move|p1a: Golurk|Dynamic Punch|p2a: Cresselia\n|-supereffective|p2a: Cresselia\n|-damage|p2a: Cresselia|0 fnt\n|faint|p2a: Cresselia\n|\n|upkeep\n|\n|t:|1783540390\n|switch|p2a: Dragapult|Dragapult, L77, F|100/100\n|turn|13\n|inactive|Time left: 300 sec this turn | 300 sec total\n|\n|t:|1783540391\n|switch|p1a: Clawitzer|Clawitzer, L87, F|265/265\n|move|p2a: Dragapult|Dragon Darts|p1a: Clawitzer\n|-crit|p1a: Clawitzer\n|-damage|p1a: Clawitzer|183/265\n|-anim|p2a: Dragapult|Dragon Darts|p1a: Clawitzer\n|-damage|p1a: Clawitzer|129/265\n|\n|upkeep\n|turn|14\n|inactive|Time left: 300 sec this turn | 300 sec total\n|\n|t:|1783540392\n|move|p2a: Dragapult|U-turn|p1a: Clawitzer\n|-damage|p1a: Clawitzer|80/265\n|\n|t:|1783540392\n|switch|p2a: Infernape|Infernape, L82, M|100/100|[from] U-turn\n|-damage|p2a: Infernape|88/100|[from] Stealth Rock\n|move|p1a: Clawitzer|Dragon Pulse|p2a: Infernape\n|-crit|p2a: Infernape\n|-damage|p2a: Infernape|0 fnt\n|faint|p2a: Infernape\n|\n|upkeep\n|\n|t:|1783540393\n|switch|p2a: Iron Crown|Iron Crown, L78|100/100\n|-damage|p2a: Iron Crown|95/100|[from] Stealth Rock\n|turn|15\n|inactive|Time left: 300 sec this turn | 300 sec total\n|\n|t:|1783540394\n|move|p2a: Iron Crown|Calm Mind|p2a: Iron Crown\n|-boost|p2a: Iron Crown|spa|1\n|-boost|p2a: Iron Crown|spd|1\n|move|p1a: Clawitzer|Dragon Pulse|p2a: Iron Crown\n|-resisted|p2a: Iron Crown\n|-damage|p2a: Iron Crown|75/100\n|\n|-heal|p2a: Iron Crown|81/100|[from] item: Leftovers\n|upkeep\n|turn|16\n|inactive|Time left: 300 sec this turn | 300 sec total\n|\n|t:|1783540395\n|move|p2a: Iron Crown|Psyshock|p1a: Clawitzer\n|-damage|p1a: Clawitzer|0 fnt\n|faint|p1a: Clawitzer\n|\n|-heal|p2a: Iron Crown|87/100|[from] item: Leftovers\n|upkeep\n|inactive|Time left: 300 sec this turn | 300 sec total | 5 sec grace\n|\n|t:|1783540396\n|switch|p1a: Flapple|Flapple, L88, M|266/266\n|turn|17\n|inactive|Time left: 300 sec this turn | 300 sec total\n|\n|t:|1783540397\n|-terastallize|p1a: Flapple|Fire\n|move|p2a: Iron Crown|Calm Mind|p2a: Iron Crown\n|-boost|p2a: Iron Crown|spa|1\n|-boost|p2a: Iron Crown|spd|1\n|move|p1a: Flapple|Tera Blast|p2a: Iron Crown|[anim] Tera Blast Fire\n|-supereffective|p2a: Iron Crown\n|-damage|p2a: Iron Crown|0 fnt\n|faint|p2a: Iron Crown\n|-end|p2a: Iron Crown|Quark Drive|[silent]\n|\n|upkeep\n|\n|t:|1783540397\n|switch|p2a: Dragalge|Dragalge, L88, F|100/100\n|-damage|p2a: Dragalge|88/100|[from] Stealth Rock\n|turn|18\n|inactive|Time left: 300 sec this turn | 300 sec total\n|\n|t:|1783540398\n|move|p1a: Flapple|Outrage|p2a: Dragalge\n|-supereffective|p2a: Dragalge\n|-damage|p2a: Dragalge|0 fnt\n|faint|p2a: Dragalge\n|\n|upkeep\n|\n|t:|1783540399\n|switch|p2a: Dragapult|Dragapult, L77, F|100/100\n|turn|19\n|inactive|Time left: 300 sec this turn | 300 sec total\n|\n|t:|1783540400\n|move|p2a: Dragapult|Dragon Darts|p1a: Flapple\n|-damage|p1a: Flapple|212/266\n|-anim|p2a: Dragapult|Dragon Darts|p1a: Flapple\n|-damage|p1a: Flapple|154/266\n|move|p1a: Flapple|Outrage|p2a: Dragapult|[from] lockedmove\n|-supereffective|p2a: Dragapult\n|-damage|p2a: Dragapult|0 fnt\n|faint|p2a: Dragapult\n|\n|win|p0x103f7ea", "uploadtime": 1783540400, "views": 0, "rating": 0, "private": 0, "password": null, "_winner": "p0x103f7ea", "_our_name": "p0x103f7ea"}