{"id": "battle-gen9randombattle-1541", "formatid": "gen9randombattle", "format": "[Gen 9] Random Battle", "players": ["p0x1541d968", "p0y1541d492"], "log": "|init|battle\n|title|p0x1541d968 vs. p0y1541d492\n|j|\u2606p0x1541d968\n|j|\u2606p0y1541d492\n|t:|1783557916\n|gametype|singles\n|player|p1|p0x1541d968|101|\n|player|p2|p0y1541d492|2|\n|gen|9\n|tier|[Gen 9] Random Battle\n|rule|Species Clause: Limit one of each Pok\u00e9mon\n|rule|HP Percentage Mod: HP is shown in percentages\n|rule|Sleep Clause Mod: Limit one foe put to sleep\n|rule|Illusion Level Mod: Illusion disguises the Pok\u00e9mon's true level\n|\n|t:|1783557916\n|teamsize|p1|6\n|teamsize|p2|6\n|start\n|switch|p1a: Coalossal|Coalossal, L89, M|341/341\n|switch|p2a: Staraptor|Staraptor, L79, F|100/100\n|turn|1\n|inactive|Battle timer is ON: inactive players will automatically lose when time's up. (requested by p0x1541d968)\n|inactive|p0y1541d492 also wants the timer to be on.\n|\n|t:|1783557917\n|switch|p2a: Stantler|Stantler, L92, F|100/100\n|-ability|p2a: Stantler|Intimidate|boost\n|-unboost|p1a: Coalossal|atk|1\n|move|p1a: Coalossal|Flamethrower|p2a: Stantler\n|-damage|p2a: Stantler|75/100\n|-status|p2a: Stantler|brn\n|\n|-damage|p2a: Stantler|69/100 brn|[from] brn\n|upkeep\n|turn|2\n|inactive|Time left: 300 sec this turn | 300 sec total\n|\n|t:|1783557918\n|switch|p1a: Palkia|Palkia, L75|259/259\n|-ability|p1a: Palkia|Pressure\n|move|p2a: Stantler|Calm Mind|p2a: Stantler\n|-boost|p2a: Stantler|spa|1\n|-boost|p2a: Stantler|spd|1\n|\n|-damage|p2a: Stantler|63/100 brn|[from] brn\n|upkeep\n|turn|3\n|inactive|Time left: 300 sec this turn | 300 sec total\n|\n|t:|1783557919\n|move|p2a: Stantler|Earth Power|p1a: Palkia\n|-damage|p1a: Palkia|174/259\n|move|p1a: Palkia|Spacial Rend|p2a: Stantler\n|-damage|p2a: Stantler|37/100 brn\n|\n|-damage|p2a: Stantler|31/100 brn|[from] brn\n|upkeep\n|turn|4\n|inactive|Time left: 300 sec this turn | 300 sec total\n|\n|t:|1783557920\n|move|p2a: Stantler|Tera Blast|p1a: Palkia\n|-damage|p1a: Palkia|54/259\n|move|p1a: Palkia|Hydro Pump|p2a: Stantler\n|-damage|p2a: Stantler|2/100 brn\n|\n|-damage|p2a: Stantler|0 fnt|[from] brn\n|faint|p2a: Stantler\n|upkeep\n|\n|t:|1783557920\n|switch|p2a: Bruxish|Bruxish, L85, M|100/100\n|turn|5\n|inactive|Time left: 300 sec this turn | 300 sec total\n|\n|t:|1783557921\n|switch|p1a: Coalossal|Coalossal, L89, M|341/341\n|move|p2a: Bruxish|Psychic Fangs|p1a: Coalossal\n|-damage|p1a: Coalossal|163/341\n|-status|p2a: Bruxish|brn|[from] ability: Flame Body|[of] p1a: Coalossal\n|\n|-damage|p2a: Bruxish|95/100 brn|[from] brn\n|upkeep\n|turn|6\n|inactive|Time left: 300 sec this turn | 300 sec total\n|\n|t:|1783557922\n|switch|p1a: Hatterene|Hatterene, L85, F|236/236\n|move|p2a: Bruxish|Psychic Fangs|p1a: Hatterene\n|-resisted|p1a: Hatterene\n|-damage|p1a: Hatterene|183/236\n|\n|-heal|p1a: Hatterene|197/236|[from] item: Leftovers\n|-damage|p2a: Bruxish|89/100 brn|[from] brn\n|upkeep\n|turn|7\n|inactive|Time left: 300 sec this turn | 300 sec total\n|\n|t:|1783557923\n|move|p2a: Bruxish|Psychic Fangs|p1a: Hatterene\n|-resisted|p1a: Hatterene\n|-damage|p1a: Hatterene|148/236\n|move|p1a: Hatterene|Draining Kiss|p2a: Bruxish\n|-damage|p2a: Bruxish|53/100 brn\n|-heal|p1a: Hatterene|216/236|[from] drain|[of] p2a: Bruxish\n|\n|-heal|p1a: Hatterene|230/236|[from] item: Leftovers\n|-damage|p2a: Bruxish|47/100 brn|[from] brn\n|upkeep\n|turn|8\n|inactive|Time left: 300 sec this turn | 300 sec total\n|\n|t:|1783557923\n|move|p2a: Bruxish|Psychic Fangs|p1a: Hatterene\n|-resisted|p1a: Hatterene\n|-damage|p1a: Hatterene|179/236\n|move|p1a: Hatterene|Calm Mind|p1a: Hatterene\n|-boost|p1a: Hatterene|spa|1\n|-boost|p1a: Hatterene|spd|1\n|\n|-heal|p1a: Hatterene|193/236|[from] item: Leftovers\n|-damage|p2a: Bruxish|41/100 brn|[from] brn\n|upkeep\n|turn|9\n|inactive|Time left: 300 sec this turn | 300 sec total\n|\n|t:|1783557924\n|move|p2a: Bruxish|Psychic Fangs|p1a: Hatterene\n|-resisted|p1a: Hatterene\n|-damage|p1a: Hatterene|139/236\n|move|p1a: Hatterene|Draining Kiss|p2a: Bruxish\n|-damage|p2a: Bruxish|0 fnt\n|-heal|p1a: Hatterene|216/236|[from] drain|[of] p2a: Bruxish\n|faint|p2a: Bruxish\n|\n|-heal|p1a: Hatterene|230/236|[from] item: Leftovers\n|upkeep\n|\n|t:|1783557925\n|switch|p2a: Seviper|Seviper, L93, F|100/100\n|turn|10\n|inactive|Time left: 300 sec this turn | 300 sec total\n|\n|t:|1783557926\n|switch|p1a: Lucario|Lucario, L84, M|255/255\n|move|p2a: Seviper|Gunk Shot|p1a: Lucario\n|-immune|p1a: Lucario\n|\n|upkeep\n|turn|11\n|inactive|Time left: 300 sec this turn | 300 sec total\n|\n|t:|1783557927\n|move|p1a: Lucario|Nasty Plot|p1a: Lucario\n|-boost|p1a: Lucario|spa|2\n|move|p2a: Seviper|Earthquake|p1a: Lucario\n|-supereffective|p1a: Lucario\n|-damage|p1a: Lucario|0 fnt\n|faint|p1a: Lucario\n|-damage|p2a: Seviper|91/100|[from] item: Life Orb\n|\n|upkeep\n|inactive|Time left: 300 sec this turn | 300 sec total | 5 sec grace\n|\n|t:|1783557928\n|switch|p1a: Palkia|Palkia, L75|54/259\n|-ability|p1a: Palkia|Pressure\n|turn|12\n|inactive|Time left: 300 sec this turn | 300 sec total\n|\n|t:|1783557929\n|move|p1a: Palkia|Spacial Rend|p2a: Seviper\n|-damage|p2a: Seviper|28/100\n|move|p2a: Seviper|Earthquake|p1a: Palkia\n|-damage|p1a: Palkia|0 fnt\n|faint|p1a: Palkia\n|-damage|p2a: Seviper|18/100|[from] item: Life Orb\n|\n|upkeep\n|inactive|Time left: 300 sec this turn | 300 sec total | 5 sec grace\n|\n|t:|1783557930\n|switch|p1a: Kleavor|Kleavor, L78, F|237/237\n|turn|13\n|inactive|Time left: 300 sec this turn | 300 sec total\n|\n|t:|1783557931\n|move|p1a: Kleavor|Stone Axe|p2a: Seviper\n|-damage|p2a: Seviper|0 fnt\n|-sidestart|p2: p0y1541d492|move: Stealth Rock\n|faint|p2a: Seviper\n|\n|upkeep\n|\n|t:|1783557932\n|switch|p2a: Staraptor|Staraptor, L79, F|100/100\n|-damage|p2a: Staraptor|76/100|[from] Stealth Rock\n|turn|14\n|inactive|Time left: 300 sec this turn | 300 sec total\n|\n|t:|1783557933\n|switch|p1a: Coalossal|Coalossal, L89, M|163/341\n|move|p2a: Staraptor|Brave Bird|p1a: Coalossal\n|-resisted|p1a: Coalossal\n|-damage|p1a: Coalossal|70/341\n|-damage|p2a: Staraptor|64/100|[from] Recoil\n|\n|upkeep\n|turn|15\n|inactive|Time left: 300 sec this turn | 300 sec total\n|\n|t:|1783557935\n|move|p2a: Staraptor|Brave Bird|p1a: Coalossal\n|-resisted|p1a: Coalossal\n|-damage|p1a: Coalossal|0 fnt\n|faint|p1a: Coalossal\n|-damage|p2a: Staraptor|55/100|[from] Recoil\n|\n|upkeep\n|inactive|Time left: 300 sec this turn | 300 sec total | 5 sec grace\n|\n|t:|1783557936\n|switch|p1a: Glaceon|Glaceon, L94, F|275/275\n|turn|16\n|inactive|Time left: 300 sec this turn | 300 sec total\n|\n|t:|1783557936\n|move|p2a: Staraptor|Brave Bird|p1a: Glaceon\n|-damage|p1a: Glaceon|110/275\n|-damage|p2a: Staraptor|35/100|[from] Recoil\n|move|p1a: Glaceon|Freeze-Dry|p2a: Staraptor\n|-supereffective|p2a: Staraptor\n|-damage|p2a: Staraptor|0 fnt\n|faint|p2a: Staraptor\n|\n|upkeep\n|\n|t:|1783557937\n|switch|p2a: Chi-Yu|Chi-Yu, L77|100/100\n|-ability|p2a: Chi-Yu|Beads of Ruin\n|turn|17\n|inactive|Time left: 300 sec this turn | 300 sec total\n|\n|t:|1783557938\n|move|p2a: Chi-Yu|Nasty Plot|p2a: Chi-Yu\n|-boost|p2a: Chi-Yu|spa|2\n|move|p1a: Glaceon|Wish|p1a: Glaceon\n|\n|upkeep\n|turn|18\n|inactive|Time left: 300 sec this turn | 300 sec total\n|\n|t:|1783557939\n|-terastallize|p2a: Chi-Yu|Dark\n|move|p1a: Glaceon|Protect|p1a: Glaceon\n|-singleturn|p1a: Glaceon|Protect\n|move|p2a: Chi-Yu|Dark Pulse|p1a: Glaceon\n|-activate|p1a: Glaceon|move: Protect\n|\n|-heal|p1a: Glaceon|247/275|[from] move: Wish|[wisher] Glaceon\n|upkeep\n|turn|19\n|inactive|Time left: 300 sec this turn | 300 sec total\n|\n|t:|1783557940\n|move|p2a: Chi-Yu|Dark Pulse|p1a: Glaceon\n|-crit|p1a: Glaceon\n|-damage|p1a: Glaceon|0 fnt\n|faint|p1a: Glaceon\n|\n|upkeep\n|inactive|Time left: 300 sec this turn | 300 sec total | 5 sec grace\n|\n|t:|1783557941\n|switch|p1a: Hatterene|Hatterene, L85, F|230/236\n|turn|20\n|inactive|Time left: 300 sec this turn | 300 sec total\n|\n|t:|1783557942\n|-terastallize|p1a: Hatterene|Fairy\n|move|p2a: Chi-Yu|Fire Blast|p1a: Hatterene\n|-damage|p1a: Hatterene|0 fnt\n|faint|p1a: Hatterene\n|\n|upkeep\n|inactive|Time left: 300 sec this turn | 300 sec total | 5 sec grace\n|\n|t:|1783557943\n|switch|p1a: Kleavor|Kleavor, L78, F|237/237\n|turn|21\n|inactive|Time left: 300 sec this turn | 300 sec total\n|\n|t:|1783557944\n|move|p2a: Chi-Yu|Dark Pulse|p1a: Kleavor\n|-damage|p1a: Kleavor|0 fnt\n|faint|p1a: Kleavor\n|\n|win|p0y1541d492", "uploadtime": 1783557944, "views": 0, "rating": 0, "private": 0, "password": null, "_winner": "p0y1541d492", "_our_name": "p0x1541d968"}