{"id": "battle-gen9randombattle-2649", "formatid": "gen9randombattle", "format": "[Gen 9] Random Battle", "players": ["p0x2649fbcf", "p0y2649c366"], "log": "|init|battle\n|title|p0x2649fbcf vs. p0y2649c366\n|j|\u2606p0x2649fbcf\n|j|\u2606p0y2649c366\n|t:|1783569554\n|gametype|singles\n|player|p1|p0x2649fbcf|170|\n|player|p2|p0y2649c366|266|\n|gen|9\n|tier|[Gen 9] Random Battle\n|rule|Species Clause: Limit one of each Pok\u00e9mon\n|rule|HP Percentage Mod: HP is shown in percentages\n|rule|Sleep Clause Mod: Limit one foe put to sleep\n|rule|Illusion Level Mod: Illusion disguises the Pok\u00e9mon's true level\n|\n|t:|1783569554\n|teamsize|p1|6\n|teamsize|p2|6\n|start\n|switch|p1a: Hydreigon|Hydreigon, L79, M|100/100\n|switch|p2a: Stonjourner|Stonjourner, L91, F|330/330\n|turn|1\n|inactive|Battle timer is ON: inactive players will automatically lose when time's up. (requested by p0y2649c366)\n|inactive|p0x2649fbcf also wants the timer to be on.\n|\n|t:|1783569556\n|switch|p2a: Azumarill|Azumarill, L82, F|298/298\n|move|p1a: Hydreigon|Dark Pulse|p2a: Azumarill\n|-resisted|p2a: Azumarill\n|-damage|p2a: Azumarill|223/298\n|\n|upkeep\n|turn|2\n|inactive|Time left: 300 sec this turn | 300 sec total\n|\n|t:|1783569557\n|move|p1a: Hydreigon|Dark Pulse|p2a: Azumarill\n|-resisted|p2a: Azumarill\n|-damage|p2a: Azumarill|146/298\n|move|p2a: Azumarill|Play Rough|p1a: Hydreigon\n|-supereffective|p1a: Hydreigon\n|-damage|p1a: Hydreigon|0 fnt\n|faint|p1a: Hydreigon\n|\n|upkeep\n|\n|t:|1783569558\n|switch|p1a: Rillaboom|Rillaboom, L79, F|100/100\n|-fieldstart|move: Grassy Terrain|[from] ability: Grassy Surge|[of] p1a: Rillaboom\n|turn|3\n|inactive|Time left: 300 sec this turn | 300 sec total\n|\n|t:|1783569559\n|switch|p2a: Amoonguss|Amoonguss, L82, M|321/321\n|move|p1a: Rillaboom|Wood Hammer|p2a: Amoonguss\n|-resisted|p2a: Amoonguss\n|-damage|p2a: Amoonguss|247/321\n|-damage|p1a: Rillaboom|84/100|[from] item: Rocky Helmet|[of] p2a: Amoonguss\n|-damage|p1a: Rillaboom|75/100|[from] Recoil\n|\n|-heal|p1a: Rillaboom|82/100|[from] Grassy Terrain\n|-heal|p2a: Amoonguss|267/321|[from] Grassy Terrain\n|upkeep\n|turn|4\n|inactive|Time left: 300 sec this turn | 300 sec total\n|\n|t:|1783569561\n|switch|p1a: Grumpig|Grumpig, L92, F|100/100\n|move|p2a: Amoonguss|Sludge Bomb|p1a: Grumpig\n|-damage|p1a: Grumpig|79/100\n|-status|p1a: Grumpig|psn\n|\n|-heal|p1a: Grumpig|85/100 psn|[from] Grassy Terrain\n|-heal|p1a: Grumpig|91/100 psn|[from] item: Leftovers\n|-heal|p2a: Amoonguss|287/321|[from] Grassy Terrain\n|-damage|p1a: Grumpig|79/100 psn|[from] psn\n|upkeep\n|turn|5\n|inactive|Time left: 300 sec this turn | 300 sec total\n|\n|t:|1783569562\n|switch|p2a: Vikavolt|Vikavolt, L83, F|263/263\n|move|p1a: Grumpig|Nasty Plot|p1a: Grumpig\n|-boost|p1a: Grumpig|spa|2\n|\n|-heal|p1a: Grumpig|85/100 psn|[from] Grassy Terrain\n|-heal|p1a: Grumpig|91/100 psn|[from] item: Leftovers\n|-damage|p1a: Grumpig|79/100 psn|[from] psn\n|upkeep\n|turn|6\n|inactive|Time left: 300 sec this turn | 300 sec total\n|\n|t:|1783569563\n|move|p1a: Grumpig|Psychic|p2a: Vikavolt\n|-damage|p2a: Vikavolt|17/263\n|move|p2a: Vikavolt|Sticky Web|p1a: Grumpig\n|-sidestart|p1: p0x2649fbcf|move: Sticky Web\n|\n|-heal|p1a: Grumpig|85/100 psn|[from] Grassy Terrain\n|-heal|p1a: Grumpig|91/100 psn|[from] item: Leftovers\n|-damage|p1a: Grumpig|78/100 psn|[from] psn\n|upkeep\n|turn|7\n|inactive|Time left: 300 sec this turn | 300 sec total\n|\n|t:|1783569564\n|move|p1a: Grumpig|Psychic|p2a: Vikavolt\n|-damage|p2a: Vikavolt|0 fnt\n|faint|p2a: Vikavolt\n|\n|-heal|p1a: Grumpig|84/100 psn|[from] Grassy Terrain\n|-heal|p1a: Grumpig|90/100 psn|[from] item: Leftovers\n|-damage|p1a: Grumpig|78/100 psn|[from] psn\n|-fieldend|move: Grassy Terrain\n|upkeep\n|inactive|Time left: 300 sec this turn | 300 sec total | 5 sec grace\n|\n|t:|1783569565\n|switch|p2a: Iron Boulder|Iron Boulder, L77|265/265\n|-enditem|p2a: Iron Boulder|Booster Energy\n|-activate|p2a: Iron Boulder|ability: Quark Drive|[fromitem]\n|-start|p2a: Iron Boulder|quarkdrivespe\n|turn|8\n|inactive|Time left: 300 sec this turn | 300 sec total\n|\n|t:|1783569566\n|move|p2a: Iron Boulder|Mighty Cleave|p1a: Grumpig\n|-damage|p1a: Grumpig|42/100 psn\n|move|p1a: Grumpig|Shadow Ball|p2a: Iron Boulder\n|-supereffective|p2a: Iron Boulder\n|-damage|p2a: Iron Boulder|35/265\n|\n|-heal|p1a: Grumpig|48/100 psn|[from] item: Leftovers\n|-damage|p1a: Grumpig|35/100 psn|[from] psn\n|upkeep\n|turn|9\n|inactive|Time left: 300 sec this turn | 300 sec total\n|\n|t:|1783569567\n|move|p2a: Iron Boulder|Mighty Cleave|p1a: Grumpig\n|-damage|p1a: Grumpig|0 fnt\n|faint|p1a: Grumpig\n|\n|upkeep\n|\n|t:|1783569568\n|switch|p1a: Rillaboom|Rillaboom, L79, F|82/100\n|-activate|p1a: Rillaboom|move: Sticky Web\n|-unboost|p1a: Rillaboom|spe|1\n|-fieldstart|move: Grassy Terrain|[from] ability: Grassy Surge|[of] p1a: Rillaboom\n|turn|10\n|inactive|Time left: 300 sec this turn | 300 sec total\n|\n|t:|1783569569\n|-end|p2a: Iron Boulder|Quark Drive|[silent]\n|switch|p2a: Amoonguss|Amoonguss, L82, M|321/321\n|move|p1a: Rillaboom|Grassy Glide|p2a: Amoonguss\n|-resisted|p2a: Amoonguss\n|-damage|p2a: Amoonguss|284/321\n|-damage|p1a: Rillaboom|65/100|[from] item: Rocky Helmet|[of] p2a: Amoonguss\n|\n|-heal|p1a: Rillaboom|71/100|[from] Grassy Terrain\n|-heal|p2a: Amoonguss|304/321|[from] Grassy Terrain\n|upkeep\n|turn|11\n|inactive|Time left: 300 sec this turn | 300 sec total\n|\n|t:|1783569570\n|switch|p1a: Altaria|Altaria, L89, F, shiny|100/100\n|move|p2a: Amoonguss|Toxic|p1a: Altaria\n|-status|p1a: Altaria|tox\n|\n|-heal|p2a: Amoonguss|321/321|[from] Grassy Terrain\n|-damage|p1a: Altaria|94/100 tox|[from] psn\n|upkeep\n|turn|12\n|inactive|Time left: 300 sec this turn | 300 sec total\n|\n|t:|1783569570\n|move|p1a: Altaria|Dragon Dance|p1a: Altaria\n|-boost|p1a: Altaria|atk|1\n|-boost|p1a: Altaria|spe|1\n|move|p2a: Amoonguss|Sludge Bomb|p1a: Altaria\n|-damage|p1a: Altaria|70/100 tox\n|\n|-damage|p1a: Altaria|57/100 tox|[from] psn\n|upkeep\n|turn|13\n|inactive|Time left: 300 sec this turn | 300 sec total\n|\n|t:|1783569571\n|switch|p2a: Stonjourner|Stonjourner, L91, F|330/330\n|move|p1a: Altaria|Roost|p1a: Altaria\n|-heal|p1a: Altaria|100/100 tox\n|-singleturn|p1a: Altaria|move: Roost\n|\n|-damage|p1a: Altaria|82/100 tox|[from] psn\n|upkeep\n|turn|14\n|inactive|Time left: 300 sec this turn | 300 sec total\n|\n|t:|1783569572\n|-curestatus|p1a: Altaria|tox|[from] ability: Natural Cure|[silent]\n|switch|p1a: Quagsire|Quagsire, L84, M|100/100\n|-activate|p1a: Quagsire|move: Sticky Web\n|-unboost|p1a: Quagsire|spe|1\n|move|p2a: Stonjourner|Stone Edge|p1a: Quagsire|[miss]\n|-miss|p2a: Stonjourner|p1a: Quagsire\n|\n|-fieldend|move: Grassy Terrain\n|upkeep\n|turn|15\n|inactive|Time left: 300 sec this turn | 300 sec total\n|\n|t:|1783569573\n|move|p2a: Stonjourner|Stealth Rock|p1a: Quagsire\n|-sidestart|p1: p0x2649fbcf|move: Stealth Rock\n|move|p1a: Quagsire|Spikes|p2a: Stonjourner\n|-sidestart|p2: p0y2649c366|Spikes\n|\n|upkeep\n|turn|16\n|inactive|Time left: 300 sec this turn | 300 sec total\n|\n|t:|1783569574\n|move|p2a: Stonjourner|Stone Edge|p1a: Quagsire\n|-resisted|p1a: Quagsire\n|-damage|p1a: Quagsire|67/100\n|-damage|p2a: Stonjourner|297/330|[from] item: Life Orb\n|move|p1a: Quagsire|Earthquake|p2a: Stonjourner\n|-supereffective|p2a: Stonjourner\n|-damage|p2a: Stonjourner|181/330\n|\n|-heal|p1a: Quagsire|73/100|[from] item: Leftovers\n|upkeep\n|turn|17\n|inactive|Time left: 300 sec this turn | 300 sec total\n|\n|t:|1783569575\n|move|p2a: Stonjourner|Stone Edge|p1a: Quagsire\n|-resisted|p1a: Quagsire\n|-crit|p1a: Quagsire\n|-damage|p1a: Quagsire|21/100\n|-damage|p2a: Stonjourner|148/330|[from] item: Life Orb\n|move|p1a: Quagsire|Earthquake|p2a: Stonjourner\n|-supereffective|p2a: Stonjourner\n|-damage|p2a: Stonjourner|28/330\n|\n|-heal|p1a: Quagsire|27/100|[from] item: Leftovers\n|upkeep\n|turn|18\n|inactive|Time left: 300 sec this turn | 300 sec total\n|\n|t:|1783569576\n|move|p2a: Stonjourner|Earthquake|p1a: Quagsire\n|-damage|p1a: Quagsire|0 fnt\n|faint|p1a: Quagsire\n|-damage|p2a: Stonjourner|0 fnt|[from] item: Life Orb\n|faint|p2a: Stonjourner\n|\n|upkeep\n|inactive|Time left: 300 sec this turn | 300 sec total | 5 sec grace\n|\n|t:|1783569577\n|switch|p2a: Glaceon|Glaceon, L94, M|275/275\n|switch|p1a: Altaria|Altaria, L89, F, shiny|82/100\n|turn|19\n|inactive|Time left: 300 sec this turn | 300 sec total\n|\n|t:|1783569578\n|move|p1a: Altaria|Roost|p1a: Altaria\n|-heal|p1a: Altaria|100/100\n|-singleturn|p1a: Altaria|move: Roost\n|move|p2a: Glaceon|Freeze-Dry|p1a: Altaria\n|-supereffective|p1a: Altaria\n|-damage|p1a: Altaria|35/100\n|-status|p1a: Altaria|frz\n|\n|upkeep\n|turn|20\n|inactive|Time left: 300 sec this turn | 300 sec total\n|\n|t:|1783569579\n|cant|p1a: Altaria|frz\n|move|p2a: Glaceon|Freeze-Dry|p1a: Altaria\n|-supereffective|p1a: Altaria\n|-damage|p1a: Altaria|0 fnt\n|faint|p1a: Altaria\n|\n|upkeep\n|\n|t:|1783569579\n|switch|p1a: Flutter Mane|Flutter Mane, L74|100/100\n|-activate|p1a: Flutter Mane|move: Sticky Web\n|-unboost|p1a: Flutter Mane|spe|1\n|-damage|p1a: Flutter Mane|88/100|[from] Stealth Rock\n|turn|21\n|inactive|Time left: 300 sec this turn | 300 sec total\n|\n|t:|1783569580\n|move|p2a: Glaceon|Freeze-Dry|p1a: Flutter Mane\n|-damage|p1a: Flutter Mane|44/100\n|move|p1a: Flutter Mane|Calm Mind|p1a: Flutter Mane\n|-boost|p1a: Flutter Mane|spa|1\n|-boost|p1a: Flutter Mane|spd|1\n|\n|upkeep\n|turn|22\n|inactive|Time left: 300 sec this turn | 300 sec total\n|\n|t:|1783569581\n|move|p2a: Glaceon|Freeze-Dry|p1a: Flutter Mane\n|-damage|p1a: Flutter Mane|11/100\n|move|p1a: Flutter Mane|Moonblast|p2a: Glaceon\n|-damage|p2a: Glaceon|102/275\n|-unboost|p2a: Glaceon|spa|1\n|-damage|p1a: Flutter Mane|1/100|[from] item: Life Orb\n|\n|upkeep\n|turn|23\n|inactive|Time left: 300 sec this turn | 300 sec total\n|\n|t:|1783569582\n|move|p2a: Glaceon|Freeze-Dry|p1a: Flutter Mane\n|-damage|p1a: Flutter Mane|0 fnt\n|faint|p1a: Flutter Mane\n|-end|p1a: Flutter Mane|Protosynthesis|[silent]\n|\n|upkeep\n|\n|t:|1783569583\n|switch|p1a: Rillaboom|Rillaboom, L79, F|71/100\n|-activate|p1a: Rillaboom|move: Sticky Web\n|-unboost|p1a: Rillaboom|spe|1\n|-damage|p1a: Rillaboom|59/100|[from] Stealth Rock\n|-fieldstart|move: Grassy Terrain|[from] ability: Grassy Surge|[of] p1a: Rillaboom\n|turn|24\n|inactive|Time left: 300 sec this turn | 300 sec total\n|\n|t:|1783569584\n|-terastallize|p1a: Rillaboom|Grass\n|move|p1a: Rillaboom|Grassy Glide|p2a: Glaceon\n|-damage|p2a: Glaceon|0 fnt\n|faint|p2a: Glaceon\n|\n|-heal|p1a: Rillaboom|65/100|[from] Grassy Terrain\n|upkeep\n|inactive|Time left: 300 sec this turn | 300 sec total | 5 sec grace\n|\n|t:|1783569585\n|switch|p2a: Amoonguss|Amoonguss, L82, M|321/321\n|-damage|p2a: Amoonguss|281/321|[from] Spikes\n|turn|25\n|inactive|Time left: 300 sec this turn | 300 sec total\n|\n|t:|1783569585\n|move|p1a: Rillaboom|Grassy Glide|p2a: Amoonguss\n|-resisted|p2a: Amoonguss\n|-damage|p2a: Amoonguss|230/321\n|-damage|p1a: Rillaboom|48/100|[from] item: Rocky Helmet|[of] p2a: Amoonguss\n|move|p2a: Amoonguss|Sludge Bomb|p1a: Rillaboom\n|-supereffective|p1a: Rillaboom\n|-damage|p1a: Rillaboom|0 fnt\n|faint|p1a: Rillaboom\n|\n|win|p0y2649c366", "uploadtime": 1783569585, "views": 0, "rating": 0, "private": 0, "password": null, "_winner": "p0y2649c366", "_our_name": "p0y2649c366"}