{"id": "battle-gen9randombattle-865", "formatid": "gen9randombattle", "format": "[Gen 9] Random Battle", "players": ["p0x8655e59", "p0y8656391"], "log": "|init|battle\n|title|p0x8655e59 vs. p0y8656391\n|j|\u2606p0x8655e59\n|j|\u2606p0y8656391\n|t:|1783549157\n|gametype|singles\n|player|p1|p0x8655e59|2|\n|player|p2|p0y8656391|170|\n|gen|9\n|tier|[Gen 9] Random Battle\n|rule|Species Clause: Limit one of each Pok\u00e9mon\n|rule|HP Percentage Mod: HP is shown in percentages\n|rule|Sleep Clause Mod: Limit one foe put to sleep\n|rule|Illusion Level Mod: Illusion disguises the Pok\u00e9mon's true level\n|\n|t:|1783549157\n|teamsize|p1|6\n|teamsize|p2|6\n|start\n|switch|p1a: Forretress|Forretress, L84, M|263/263\n|switch|p2a: Cresselia|Cresselia, L80, F|100/100\n|turn|1\n|inactive|Battle timer is ON: inactive players will automatically lose when time's up. (requested by p0y8656391)\n|inactive|Time left: 300 sec this turn | 300 sec total | 60 sec grace\n|inactive|p0x8655e59 also wants the timer to be on.\n|\n|t:|1783549158\n|move|p2a: Cresselia|Calm Mind|p2a: Cresselia\n|-boost|p2a: Cresselia|spa|1\n|-boost|p2a: Cresselia|spd|1\n|move|p1a: Forretress|Stealth Rock|p2a: Cresselia\n|-sidestart|p2: p0y8656391|move: Stealth Rock\n|\n|upkeep\n|turn|2\n|inactive|Time left: 300 sec this turn | 300 sec total\n|\n|t:|1783549160\n|move|p2a: Cresselia|Calm Mind|p2a: Cresselia\n|-boost|p2a: Cresselia|spa|1\n|-boost|p2a: Cresselia|spd|1\n|move|p1a: Forretress|Rapid Spin|p2a: Cresselia\n|-damage|p2a: Cresselia|92/100\n|-boost|p1a: Forretress|spe|1\n|\n|-heal|p2a: Cresselia|98/100|[from] item: Leftovers\n|upkeep\n|turn|3\n|inactive|Time left: 300 sec this turn | 300 sec total\n|\n|t:|1783549161\n|switch|p1a: Roaring Moon|Roaring Moon, L72|270/270\n|-enditem|p1a: Roaring Moon|Booster Energy\n|-activate|p1a: Roaring Moon|ability: Protosynthesis|[fromitem]\n|-start|p1a: Roaring Moon|protosynthesisatk\n|move|p2a: Cresselia|Thunderbolt|p1a: Roaring Moon\n|-resisted|p1a: Roaring Moon\n|-damage|p1a: Roaring Moon|220/270\n|\n|-heal|p2a: Cresselia|100/100|[from] item: Leftovers\n|upkeep\n|turn|4\n|inactive|Time left: 300 sec this turn | 300 sec total\n|\n|t:|1783549162\n|move|p1a: Roaring Moon|Knock Off|p2a: Cresselia\n|-supereffective|p2a: Cresselia\n|-damage|p2a: Cresselia|24/100\n|-enditem|p2a: Cresselia|Leftovers|[from] move: Knock Off|[of] p1a: Roaring Moon\n|move|p2a: Cresselia|Thunderbolt|p1a: Roaring Moon\n|-resisted|p1a: Roaring Moon\n|-damage|p1a: Roaring Moon|167/270\n|\n|upkeep\n|turn|5\n|inactive|Time left: 300 sec this turn | 300 sec total\n|\n|t:|1783549163\n|move|p1a: Roaring Moon|Knock Off|p2a: Cresselia\n|-supereffective|p2a: Cresselia\n|-damage|p2a: Cresselia|0 fnt\n|faint|p2a: Cresselia\n|\n|upkeep\n|\n|t:|1783549164\n|switch|p2a: Cinccino|Cinccino, L83, F|100/100\n|-damage|p2a: Cinccino|88/100|[from] Stealth Rock\n|turn|6\n|inactive|Time left: 300 sec this turn | 300 sec total\n|\n|t:|1783549166\n|-terastallize|p1a: Roaring Moon|Steel\n|move|p2a: Cinccino|Tail Slap|p1a: Roaring Moon\n|-resisted|p1a: Roaring Moon\n|-damage|p1a: Roaring Moon|140/270\n|-resisted|p1a: Roaring Moon\n|-damage|p1a: Roaring Moon|116/270\n|-resisted|p1a: Roaring Moon\n|-damage|p1a: Roaring Moon|89/270\n|-resisted|p1a: Roaring Moon\n|-damage|p1a: Roaring Moon|64/270\n|-resisted|p1a: Roaring Moon\n|-damage|p1a: Roaring Moon|38/270\n|-hitcount|p1a: Roaring Moon|5\n|move|p1a: Roaring Moon|Outrage|p2a: Cinccino\n|-damage|p2a: Cinccino|0 fnt\n|faint|p2a: Cinccino\n|\n|upkeep\n|\n|t:|1783549167\n|switch|p2a: Electrode|Electrode-Hisui, L87|100/100\n|-damage|p2a: Electrode|88/100|[from] Stealth Rock\n|turn|7\n|inactive|Time left: 300 sec this turn | 300 sec total\n|\n|t:|1783549168\n|move|p2a: Electrode|Giga Drain|p1a: Roaring Moon\n|-resisted|p1a: Roaring Moon\n|-damage|p1a: Roaring Moon|0 fnt\n|-heal|p2a: Electrode|96/100|[from] drain|[of] p1a: Roaring Moon\n|faint|p1a: Roaring Moon\n|-end|p1a: Roaring Moon|Protosynthesis|[silent]\n|-damage|p2a: Electrode|86/100|[from] item: Life Orb\n|\n|upkeep\n|inactive|Time left: 300 sec this turn | 300 sec total | 5 sec grace\n|\n|t:|1783549169\n|switch|p1a: Ninetales|Ninetales, L85, F|263/263\n|-weather|SunnyDay|[from] ability: Drought|[of] p1a: Ninetales\n|turn|8\n|inactive|Time left: 300 sec this turn | 300 sec total\n|\n|t:|1783549170\n|move|p2a: Electrode|Thunder Wave|p1a: Ninetales\n|-status|p1a: Ninetales|par\n|move|p1a: Ninetales|Fire Blast|p2a: Electrode\n|-supereffective|p2a: Electrode\n|-damage|p2a: Electrode|0 fnt\n|faint|p2a: Electrode\n|\n|-weather|SunnyDay|[upkeep]\n|upkeep\n|\n|t:|1783549171\n|switch|p2a: Arceus|Arceus-Dragon, L71|100/100\n|-damage|p2a: Arceus|88/100|[from] Stealth Rock\n|turn|9\n|inactive|Time left: 300 sec this turn | 300 sec total\n|\n|t:|1783549172\n|move|p2a: Arceus|Dragon Dance|p2a: Arceus\n|-boost|p2a: Arceus|atk|1\n|-boost|p2a: Arceus|spe|1\n|move|p1a: Ninetales|Scorching Sands|p2a: Arceus\n|-damage|p2a: Arceus|74/100\n|\n|-weather|SunnyDay|[upkeep]\n|upkeep\n|turn|10\n|inactive|Time left: 300 sec this turn | 300 sec total\n|\n|t:|1783549173\n|switch|p1a: Forretress|Forretress, L84, M|263/263\n|move|p2a: Arceus|Dragon Dance|p2a: Arceus\n|-boost|p2a: Arceus|atk|1\n|-boost|p2a: Arceus|spe|1\n|\n|-weather|SunnyDay|[upkeep]\n|upkeep\n|turn|11\n|inactive|Time left: 300 sec this turn | 300 sec total\n|\n|t:|1783549174\n|move|p2a: Arceus|Flare Blitz|p1a: Forretress\n|-supereffective|p1a: Forretress\n|-ability|p1a: Forretress|Sturdy\n|-damage|p1a: Forretress|1/263\n|-damage|p2a: Arceus|44/100|[from] Recoil\n|move|p1a: Forretress|Body Press|p2a: Arceus\n|-damage|p2a: Arceus|21/100\n|\n|-weather|SunnyDay|[upkeep]\n|-heal|p1a: Forretress|17/263|[from] item: Leftovers\n|upkeep\n|turn|12\n|inactive|Time left: 300 sec this turn | 300 sec total\n|\n|t:|1783549175\n|move|p2a: Arceus|Heavy Slam|p1a: Forretress\n|-resisted|p1a: Forretress\n|-damage|p1a: Forretress|0 fnt\n|faint|p1a: Forretress\n|\n|-weather|none\n|upkeep\n|inactive|Time left: 300 sec this turn | 300 sec total | 5 sec grace\n|\n|t:|1783549176\n|switch|p1a: Ninetales|Ninetales, L85, F|263/263 par\n|-weather|SunnyDay|[from] ability: Drought|[of] p1a: Ninetales\n|turn|13\n|inactive|Time left: 300 sec this turn | 300 sec total\n|\n|t:|1783549177\n|move|p2a: Arceus|Outrage|p1a: Ninetales\n|-damage|p1a: Ninetales|0 fnt\n|faint|p1a: Ninetales\n|\n|-weather|SunnyDay|[upkeep]\n|upkeep\n|inactive|Time left: 300 sec this turn | 300 sec total | 5 sec grace\n|\n|t:|1783549178\n|switch|p1a: Darkrai|Darkrai, L77|234/234\n|turn|14\n|inactive|Time left: 300 sec this turn | 300 sec total\n|\n|t:|1783549180\n|move|p2a: Arceus|Outrage|p1a: Darkrai|[from] lockedmove\n|-damage|p1a: Darkrai|0 fnt\n|faint|p1a: Darkrai\n|-start|p2a: Arceus|confusion|[fatigue]\n|\n|-weather|SunnyDay|[upkeep]\n|upkeep\n|inactive|Time left: 300 sec this turn | 300 sec total | 5 sec grace\n|\n|t:|1783549181\n|switch|p1a: Quaquaval|Quaquaval, L79, M|264/264\n|turn|15\n|inactive|Time left: 300 sec this turn | 300 sec total\n|\n|t:|1783549182\n|-activate|p2a: Arceus|confusion\n|move|p2a: Arceus|Outrage|p1a: Quaquaval\n|-damage|p1a: Quaquaval|0 fnt\n|faint|p1a: Quaquaval\n|\n|-weather|SunnyDay|[upkeep]\n|upkeep\n|inactive|Time left: 300 sec this turn | 300 sec total | 5 sec grace\n|\n|t:|1783549182\n|switch|p1a: Inteleon|Inteleon, L81, M|246/246\n|turn|16\n|inactive|Time left: 300 sec this turn | 300 sec total\n|\n|t:|1783549183\n|-end|p2a: Arceus|confusion\n|move|p2a: Arceus|Outrage|p1a: Inteleon|[from] lockedmove\n|-damage|p1a: Inteleon|0 fnt\n|faint|p1a: Inteleon\n|-start|p2a: Arceus|confusion|[fatigue]\n|\n|win|p0y8656391", "uploadtime": 1783549183, "views": 0, "rating": 0, "private": 0, "password": null, "_winner": "p0y8656391", "_our_name": "p0x8655e59"}