{"id": "battle-gen9randombattle-1658", "formatid": "gen9randombattle", "format": "[Gen 9] Random Battle", "players": ["p0x1658ceae", "p0y1658bfdc"], "log": "|init|battle\n|title|p0x1658ceae vs. p0y1658bfdc\n|j|\u2606p0x1658ceae\n|j|\u2606p0y1658bfdc\n|t:|1783559175\n|gametype|singles\n|player|p1|p0x1658ceae|266|\n|player|p2|p0y1658bfdc|101|\n|gen|9\n|tier|[Gen 9] Random Battle\n|rule|Species Clause: Limit one of each Pok\u00e9mon\n|rule|HP Percentage Mod: HP is shown in percentages\n|rule|Sleep Clause Mod: Limit one foe put to sleep\n|rule|Illusion Level Mod: Illusion disguises the Pok\u00e9mon's true level\n|\n|t:|1783559175\n|teamsize|p1|6\n|teamsize|p2|6\n|start\n|switch|p1a: Gouging Fire|Gouging Fire, L74|100/100\n|switch|p2a: Staraptor|Staraptor, L79, F|263/263\n|turn|1\n|inactive|Battle timer is ON: inactive players will automatically lose when time's up. (requested by p0x1658ceae)\n|inactive|Time left: 300 sec this turn | 300 sec total | 60 sec grace\n|inactive|p0y1658bfdc also wants the timer to be on.\n|\n|t:|1783559176\n|move|p2a: Staraptor|Double-Edge|p1a: Gouging Fire\n|-damage|p1a: Gouging Fire|51/100\n|-damage|p2a: Staraptor|218/263|[from] Recoil\n|move|p1a: Gouging Fire|Dragon Dance|p1a: Gouging Fire\n|-boost|p1a: Gouging Fire|atk|1\n|-boost|p1a: Gouging Fire|spe|1\n|\n|upkeep\n|turn|2\n|inactive|Time left: 300 sec this turn | 300 sec total\n|\n|t:|1783559178\n|move|p2a: Staraptor|Double-Edge|p1a: Gouging Fire\n|-damage|p1a: Gouging Fire|0 fnt\n|faint|p1a: Gouging Fire\n|-end|p1a: Gouging Fire|Protosynthesis|[silent]\n|-damage|p2a: Staraptor|171/263|[from] Recoil\n|\n|upkeep\n|\n|t:|1783559179\n|switch|p1a: Scrafty|Scrafty, L83, F|100/100\n|-ability|p1a: Scrafty|Intimidate|boost\n|-unboost|p2a: Staraptor|atk|1\n|turn|3\n|inactive|Time left: 300 sec this turn | 300 sec total\n|\n|t:|1783559180\n|switch|p2a: Persian|Persian-Alola, L86, F|252/252\n|move|p1a: Scrafty|Dragon Dance|p1a: Scrafty\n|-boost|p1a: Scrafty|atk|1\n|-boost|p1a: Scrafty|spe|1\n|\n|upkeep\n|turn|4\n|inactive|Time left: 300 sec this turn | 300 sec total\n|\n|t:|1783559181\n|move|p2a: Persian|Parting Shot|p1a: Scrafty\n|-unboost|p1a: Scrafty|atk|1\n|-unboost|p1a: Scrafty|spa|1\n|inactive|Time left: 300 sec this turn | 300 sec total | 5 sec grace\n|\n|t:|1783559182\n|switch|p2a: Kommo-o|Kommo-o, L77, M|242/242|[from] Parting Shot\n|move|p1a: Scrafty|Knock Off|p2a: Kommo-o\n|-resisted|p2a: Kommo-o\n|-damage|p2a: Kommo-o|202/242\n|-enditem|p2a: Kommo-o|Throat Spray|[from] move: Knock Off|[of] p1a: Scrafty\n|\n|upkeep\n|turn|5\n|inactive|Time left: 300 sec this turn | 300 sec total\n|\n|t:|1783559183\n|move|p1a: Scrafty|Dragon Dance|p1a: Scrafty\n|-boost|p1a: Scrafty|atk|1\n|-boost|p1a: Scrafty|spe|1\n|move|p2a: Kommo-o|Clangorous Soul|p2a: Kommo-o\n|-boost|p2a: Kommo-o|atk|1\n|-boost|p2a: Kommo-o|def|1\n|-boost|p2a: Kommo-o|spa|1\n|-boost|p2a: Kommo-o|spd|1\n|-boost|p2a: Kommo-o|spe|1\n|-damage|p2a: Kommo-o|123/242\n|\n|upkeep\n|turn|6\n|inactive|Time left: 300 sec this turn | 300 sec total\n|\n|t:|1783559184\n|-terastallize|p1a: Scrafty|Poison\n|move|p1a: Scrafty|Drain Punch|p2a: Kommo-o\n|-damage|p2a: Kommo-o|66/242\n|move|p2a: Kommo-o|Drain Punch|p1a: Scrafty\n|-resisted|p1a: Scrafty\n|-damage|p1a: Scrafty|83/100\n|-heal|p2a: Kommo-o|87/242|[from] drain|[of] p1a: Scrafty\n|\n|-heal|p1a: Scrafty|89/100|[from] item: Leftovers\n|upkeep\n|turn|7\n|inactive|Time left: 300 sec this turn | 300 sec total\n|\n|t:|1783559185\n|move|p1a: Scrafty|Drain Punch|p2a: Kommo-o\n|-damage|p2a: Kommo-o|27/242\n|-heal|p1a: Scrafty|100/100|[from] drain|[of] p2a: Kommo-o\n|move|p2a: Kommo-o|Drain Punch|p1a: Scrafty\n|-resisted|p1a: Scrafty\n|-damage|p1a: Scrafty|82/100\n|-heal|p2a: Kommo-o|49/242|[from] drain|[of] p1a: Scrafty\n|\n|-heal|p1a: Scrafty|89/100|[from] item: Leftovers\n|upkeep\n|turn|8\n|inactive|Time left: 300 sec this turn | 300 sec total\n|\n|t:|1783559186\n|move|p1a: Scrafty|Drain Punch|p2a: Kommo-o\n|-damage|p2a: Kommo-o|0 fnt\n|-heal|p1a: Scrafty|99/100|[from] drain|[of] p2a: Kommo-o\n|faint|p2a: Kommo-o\n|\n|-heal|p1a: Scrafty|100/100|[from] item: Leftovers\n|upkeep\n|inactive|Time left: 300 sec this turn | 300 sec total | 5 sec grace\n|\n|t:|1783559187\n|switch|p2a: Persian|Persian-Alola, L86, F|252/252\n|turn|9\n|inactive|Time left: 300 sec this turn | 300 sec total\n|\n|t:|1783559188\n|move|p1a: Scrafty|Drain Punch|p2a: Persian\n|-supereffective|p2a: Persian\n|-damage|p2a: Persian|118/252\n|move|p2a: Persian|Parting Shot|p1a: Scrafty\n|-unboost|p1a: Scrafty|atk|1\n|-unboost|p1a: Scrafty|spa|1\n|inactive|Time left: 300 sec this turn | 300 sec total | 5 sec grace\n|\n|t:|1783559189\n|switch|p2a: Primarina|Primarina, L83, F|268/268|[from] Parting Shot\n|\n|upkeep\n|turn|10\n|inactive|Time left: 300 sec this turn | 300 sec total\n|\n|t:|1783559190\n|move|p1a: Scrafty|Poison Jab|p2a: Primarina\n|-supereffective|p2a: Primarina\n|-damage|p2a: Primarina|88/268\n|move|p2a: Primarina|Psychic|p1a: Scrafty\n|-supereffective|p1a: Scrafty\n|-damage|p1a: Scrafty|48/100\n|\n|-heal|p1a: Scrafty|54/100|[from] item: Leftovers\n|-heal|p2a: Primarina|104/268|[from] item: Leftovers\n|upkeep\n|turn|11\n|inactive|Time left: 300 sec this turn | 300 sec total\n|\n|t:|1783559191\n|move|p1a: Scrafty|Poison Jab|p2a: Primarina\n|-supereffective|p2a: Primarina\n|-damage|p2a: Primarina|0 fnt\n|faint|p2a: Primarina\n|\n|-heal|p1a: Scrafty|60/100|[from] item: Leftovers\n|upkeep\n|inactive|Time left: 300 sec this turn | 300 sec total | 5 sec grace\n|\n|t:|1783559192\n|switch|p2a: Iron Crown|Iron Crown, L78|268/268\n|turn|12\n|inactive|Time left: 300 sec this turn | 300 sec total\n|\n|t:|1783559193\n|move|p1a: Scrafty|Knock Off|p2a: Iron Crown\n|-supereffective|p2a: Iron Crown\n|-damage|p2a: Iron Crown|74/268\n|-enditem|p2a: Iron Crown|Choice Specs|[from] move: Knock Off|[of] p1a: Scrafty\n|move|p2a: Iron Crown|Psyshock|p1a: Scrafty\n|-supereffective|p1a: Scrafty\n|-damage|p1a: Scrafty|0 fnt\n|faint|p1a: Scrafty\n|\n|upkeep\n|\n|t:|1783559193\n|switch|p1a: Iron Bundle|Iron Bundle, L78|100/100\n|turn|13\n|inactive|Time left: 300 sec this turn | 300 sec total\n|\n|t:|1783559195\n|move|p1a: Iron Bundle|Hydro Pump|p2a: Iron Crown|[miss]\n|-miss|p1a: Iron Bundle|p2a: Iron Crown\n|move|p2a: Iron Crown|Tachyon Cutter|p1a: Iron Bundle\n|-crit|p1a: Iron Bundle\n|-damage|p1a: Iron Bundle|45/100\n|-damage|p1a: Iron Bundle|11/100\n|-hitcount|p1a: Iron Bundle|2\n|\n|upkeep\n|turn|14\n|inactive|Time left: 300 sec this turn | 300 sec total\n|\n|t:|1783559196\n|move|p1a: Iron Bundle|Hydro Pump|p2a: Iron Crown\n|-damage|p2a: Iron Crown|0 fnt\n|faint|p2a: Iron Crown\n|-end|p2a: Iron Crown|Quark Drive|[silent]\n|\n|upkeep\n|inactive|Time left: 300 sec this turn | 300 sec total | 5 sec grace\n|\n|t:|1783559197\n|switch|p2a: Staraptor|Staraptor, L79, F|171/263\n|turn|15\n|inactive|Time left: 300 sec this turn | 300 sec total\n|\n|t:|1783559198\n|-end|p1a: Iron Bundle|Quark Drive|[silent]\n|switch|p1a: Scream Tail|Scream Tail, L84|100/100\n|move|p2a: Staraptor|Brave Bird|p1a: Scream Tail\n|-damage|p1a: Scream Tail|54/100\n|-damage|p2a: Staraptor|121/263|[from] Recoil\n|\n|-heal|p1a: Scream Tail|60/100|[from] item: Leftovers\n|upkeep\n|turn|16\n|inactive|Time left: 300 sec this turn | 300 sec total\n|\n|t:|1783559199\n|move|p2a: Staraptor|Brave Bird|p1a: Scream Tail\n|-damage|p1a: Scream Tail|14/100\n|-damage|p2a: Staraptor|71/263|[from] Recoil\n|move|p1a: Scream Tail|Dazzling Gleam|p2a: Staraptor\n|-damage|p2a: Staraptor|0 fnt\n|faint|p2a: Staraptor\n|\n|-heal|p1a: Scream Tail|20/100|[from] item: Leftovers\n|upkeep\n|inactive|Time left: 300 sec this turn | 300 sec total | 5 sec grace\n|\n|t:|1783559200\n|switch|p2a: Persian|Persian-Alola, L86, F|118/252\n|turn|17\n|inactive|Time left: 300 sec this turn | 300 sec total\n|\n|t:|1783559201\n|move|p1a: Scream Tail|Protect|p1a: Scream Tail\n|-singleturn|p1a: Scream Tail|Protect\n|move|p2a: Persian|Knock Off|p1a: Scream Tail\n|-activate|p1a: Scream Tail|move: Protect\n|\n|-heal|p1a: Scream Tail|27/100|[from] item: Leftovers\n|upkeep\n|turn|18\n|inactive|Time left: 300 sec this turn | 300 sec total\n|\n|t:|1783559202\n|move|p2a: Persian|Parting Shot|p1a: Scream Tail\n|-unboost|p1a: Scream Tail|atk|1\n|-unboost|p1a: Scream Tail|spa|1\n|inactive|Time left: 300 sec this turn | 300 sec total | 5 sec grace\n|\n|t:|1783559203\n|switch|p2a: Registeel|Registeel, L81|262/262|[from] Parting Shot\n|move|p1a: Scream Tail|Dazzling Gleam|p2a: Registeel\n|-resisted|p2a: Registeel\n|-crit|p2a: Registeel\n|-damage|p2a: Registeel|229/262\n|\n|-heal|p1a: Scream Tail|33/100|[from] item: Leftovers\n|upkeep\n|turn|19\n|inactive|Time left: 300 sec this turn | 300 sec total\n|\n|t:|1783559203\n|-end|p1a: Scream Tail|Protosynthesis|[silent]\n|switch|p1a: Toucannon|Toucannon, L88, M|100/100\n|move|p2a: Registeel|Iron Defense|p2a: Registeel\n|-boost|p2a: Registeel|def|2\n|\n|upkeep\n|turn|20\n|inactive|Time left: 300 sec this turn | 300 sec total\n|\n|t:|1783559204\n|move|p1a: Toucannon|Boomburst|p2a: Registeel\n|-resisted|p2a: Registeel\n|-damage|p2a: Registeel|181/262\n|move|p2a: Registeel|Body Press|p1a: Toucannon\n|-damage|p1a: Toucannon|40/100\n|\n|upkeep\n|turn|21\n|inactive|Time left: 300 sec this turn | 300 sec total\n|\n|t:|1783559205\n|switch|p1a: Scream Tail|Scream Tail, L84|33/100\n|move|p2a: Registeel|Body Press|p1a: Scream Tail\n|-resisted|p1a: Scream Tail\n|-damage|p1a: Scream Tail|23/100\n|\n|-heal|p1a: Scream Tail|29/100|[from] item: Leftovers\n|upkeep\n|turn|22\n|inactive|Time left: 300 sec this turn | 300 sec total\n|\n|t:|1783559206\n|move|p1a: Scream Tail|Encore|p2a: Registeel\n|-start|p2a: Registeel|Encore\n|move|p2a: Registeel|Body Press|p1a: Scream Tail\n|-resisted|p1a: Scream Tail\n|-damage|p1a: Scream Tail|19/100\n|\n|-heal|p1a: Scream Tail|25/100|[from] item: Leftovers\n|upkeep\n|turn|23\n|inactive|Time left: 300 sec this turn | 300 sec total\n|\n|t:|1783559207\n|move|p1a: Scream Tail|Wish|p1a: Scream Tail\n|move|p2a: Registeel|Body Press|p1a: Scream Tail\n|-resisted|p1a: Scream Tail\n|-damage|p1a: Scream Tail|14/100\n|\n|-heal|p1a: Scream Tail|20/100|[from] item: Leftovers\n|upkeep\n|turn|24\n|inactive|Time left: 300 sec this turn | 300 sec total\n|\n|t:|1783559208\n|move|p1a: Scream Tail|Protect|p1a: Scream Tail\n|-singleturn|p1a: Scream Tail|Protect\n|move|p2a: Registeel|Body Press|p1a: Scream Tail\n|-activate|p1a: Scream Tail|move: Protect\n|\n|-heal|p1a: Scream Tail|70/100|[from] move: Wish|[wisher] Scream Tail\n|-heal|p1a: Scream Tail|77/100|[from] item: Leftovers\n|-end|p2a: Registeel|Encore\n|upkeep\n|turn|25\n|inactive|Time left: 300 sec this turn | 300 sec total\n|\n|t:|1783559209\n|move|p1a: Scream Tail|Wish|p1a: Scream Tail\n|move|p2a: Registeel|Iron Head|p1a: Scream Tail\n|-supereffective|p1a: Scream Tail\n|-damage|p1a: Scream Tail|38/100\n|\n|-heal|p1a: Scream Tail|44/100|[from] item: Leftovers\n|upkeep\n|turn|26\n|inactive|Time left: 300 sec this turn | 300 sec total\n|\n|t:|1783559210\n|move|p1a: Scream Tail|Protect|p1a: Scream Tail\n|-singleturn|p1a: Scream Tail|Protect\n|move|p2a: Registeel|Iron Head|p1a: Scream Tail\n|-activate|p1a: Scream Tail|move: Protect\n|\n|-heal|p1a: Scream Tail|94/100|[from] move: Wish|[wisher] Scream Tail\n|-heal|p1a: Scream Tail|100/100|[from] item: Leftovers\n|upkeep\n|turn|27\n|inactive|Time left: 300 sec this turn | 300 sec total\n|\n|t:|1783559211\n|move|p1a: Scream Tail|Wish|p1a: Scream Tail\n|move|p2a: Registeel|Iron Head|p1a: Scream Tail\n|-supereffective|p1a: Scream Tail\n|-damage|p1a: Scream Tail|64/100\n|\n|-heal|p1a: Scream Tail|70/100|[from] item: Leftovers\n|upkeep\n|turn|28\n|inactive|Time left: 300 sec this turn | 300 sec total\n|\n|t:|1783559212\n|move|p1a: Scream Tail|Dazzling Gleam|p2a: Registeel\n|-resisted|p2a: Registeel\n|-damage|p2a: Registeel|160/262\n|move|p2a: Registeel|Body Press|p1a: Scream Tail\n|-resisted|p1a: Scream Tail\n|-crit|p1a: Scream Tail\n|-damage|p1a: Scream Tail|55/100\n|\n|-heal|p1a: Scream Tail|100/100|[from] move: Wish|[wisher] Scream Tail\n|upkeep\n|turn|29\n|inactive|Time left: 300 sec this turn | 300 sec total\n|\n|t:|1783559213\n|move|p1a: Scream Tail|Encore|p2a: Registeel\n|-start|p2a: Registeel|Encore\n|move|p2a: Registeel|Body Press|p1a: Scream Tail\n|-resisted|p1a: Scream Tail\n|-damage|p1a: Scream Tail|90/100\n|\n|-heal|p1a: Scream Tail|96/100|[from] item: Leftovers\n|upkeep\n|turn|30\n|inactive|Time left: 300 sec this turn | 300 sec total\n|\n|t:|1783559214\n|move|p1a: Scream Tail|Dazzling Gleam|p2a: Registeel\n|-resisted|p2a: Registeel\n|-damage|p2a: Registeel|139/262\n|move|p2a: Registeel|Body Press|p1a: Scream Tail\n|-resisted|p1a: Scream Tail\n|-damage|p1a: Scream Tail|87/100\n|\n|-heal|p1a: Scream Tail|93/100|[from] item: Leftovers\n|upkeep\n|turn|31\n|inactive|Time left: 300 sec this turn | 300 sec total\n|\n|t:|1783559216\n|move|p1a: Scream Tail|Wish|p1a: Scream Tail\n|move|p2a: Registeel|Body Press|p1a: Scream Tail\n|-resisted|p1a: Scream Tail\n|-damage|p1a: Scream Tail|83/100\n|\n|-heal|p1a: Scream Tail|89/100|[from] item: Leftovers\n|-end|p2a: Registeel|Encore\n|upkeep\n|turn|32\n|inactive|Time left: 300 sec this turn | 300 sec total\n|\n|t:|1783559217\n|move|p1a: Scream Tail|Encore|p2a: Registeel\n|-start|p2a: Registeel|Encore\n|move|p2a: Registeel|Body Press|p1a: Scream Tail\n|-resisted|p1a: Scream Tail\n|-damage|p1a: Scream Tail|79/100\n|\n|-heal|p1a: Scream Tail|100/100|[from] move: Wish|[wisher] Scream Tail\n|upkeep\n|turn|33\n|inactive|Time left: 300 sec this turn | 300 sec total\n|\n|t:|1783559218\n|move|p1a: Scream Tail|Dazzling Gleam|p2a: Registeel\n|-resisted|p2a: Registeel\n|-damage|p2a: Registeel|118/262\n|move|p2a: Registeel|Body Press|p1a: Scream Tail\n|-resisted|p1a: Scream Tail\n|-damage|p1a: Scream Tail|90/100\n|\n|-heal|p1a: Scream Tail|96/100|[from] item: Leftovers\n|upkeep\n|turn|34\n|inactive|Time left: 300 sec this turn | 300 sec total\n|\n|t:|1783559219\n|move|p1a: Scream Tail|Protect|p1a: Scream Tail\n|-singleturn|p1a: Scream Tail|Protect\n|move|p2a: Registeel|Body Press|p1a: Scream Tail\n|-activate|p1a: Scream Tail|move: Protect\n|\n|-heal|p1a: Scream Tail|100/100|[from] item: Leftovers\n|-end|p2a: Registeel|Encore\n|upkeep\n|turn|35\n|inactive|Time left: 300 sec this turn | 300 sec total\n|\n|t:|1783559220\n|move|p1a: Scream Tail|Encore|p2a: Registeel\n|-start|p2a: Registeel|Encore\n|move|p2a: Registeel|Body Press|p1a: Scream Tail\n|-resisted|p1a: Scream Tail\n|-damage|p1a: Scream Tail|91/100\n|\n|-heal|p1a: Scream Tail|97/100|[from] item: Leftovers\n|upkeep\n|turn|36\n|inactive|Time left: 300 sec this turn | 300 sec total\n|\n|t:|1783559221\n|move|p1a: Scream Tail|Dazzling Gleam|p2a: Registeel\n|-resisted|p2a: Registeel\n|-damage|p2a: Registeel|98/262\n|move|p2a: Registeel|Body Press|p1a: Scream Tail\n|-resisted|p1a: Scream Tail\n|-damage|p1a: Scream Tail|87/100\n|\n|-heal|p1a: Scream Tail|93/100|[from] item: Leftovers\n|upkeep\n|turn|37\n|inactive|Time left: 300 sec this turn | 300 sec total\n|\n|t:|1783559222\n|move|p1a: Scream Tail|Dazzling Gleam|p2a: Registeel\n|-resisted|p2a: Registeel\n|-damage|p2a: Registeel|77/262\n|move|p2a: Registeel|Body Press|p1a: Scream Tail\n|-resisted|p1a: Scream Tail\n|-damage|p1a: Scream Tail|83/100\n|\n|-heal|p1a: Scream Tail|89/100|[from] item: Leftovers\n|-end|p2a: Registeel|Encore\n|upkeep\n|turn|38\n|inactive|Time left: 300 sec this turn | 300 sec total\n|\n|t:|1783559223\n|move|p1a: Scream Tail|Encore|p2a: Registeel\n|-start|p2a: Registeel|Encore\n|move|p2a: Registeel|Body Press|p1a: Scream Tail\n|-resisted|p1a: Scream Tail\n|-damage|p1a: Scream Tail|79/100\n|\n|-heal|p1a: Scream Tail|85/100|[from] item: Leftovers\n|-end|p2a: Registeel|Encore\n|upkeep\n|turn|39\n|inactive|Time left: 300 sec this turn | 300 sec total\n|\n|t:|1783559224\n|move|p1a: Scream Tail|Encore||[still]\n|-fail|p1a: Scream Tail\n|move|p2a: Registeel|Rest|p2a: Registeel\n|-status|p2a: Registeel|slp|[from] move: Rest\n|-heal|p2a: Registeel|262/262 slp|[silent]\n|-enditem|p2a: Registeel|Chesto Berry|[eat]\n|-curestatus|p2a: Registeel|slp|[msg]\n|\n|-heal|p1a: Scream Tail|91/100|[from] item: Leftovers\n|upkeep\n|turn|40\n|inactive|Time left: 300 sec this turn | 300 sec total\n|\n|t:|1783559225\n|move|p1a: Scream Tail|Encore|p2a: Registeel\n|-start|p2a: Registeel|Encore\n|move|p2a: Registeel|Rest|p2a: Registeel\n|-fail|p2a: Registeel|heal\n|\n|-heal|p1a: Scream Tail|97/100|[from] item: Leftovers\n|upkeep\n|turn|41\n|inactive|Time left: 300 sec this turn | 300 sec total\n|\n|t:|1783559226\n|switch|p2a: Persian|Persian-Alola, L86, F|118/252\n|move|p1a: Scream Tail|Dazzling Gleam|p2a: Persian\n|-supereffective|p2a: Persian\n|-damage|p2a: Persian|0 fnt\n|faint|p2a: Persian\n|\n|-heal|p1a: Scream Tail|100/100|[from] item: Leftovers\n|upkeep\n|inactive|Time left: 300 sec this turn | 300 sec total | 5 sec grace\n|\n|t:|1783559228\n|switch|p2a: Registeel|Registeel, L81|262/262\n|turn|42\n|inactive|Time left: 300 sec this turn | 300 sec total\n|\n|t:|1783559229\n|move|p1a: Scream Tail|Wish|p1a: Scream Tail\n|move|p2a: Registeel|Iron Defense|p2a: Registeel\n|-boost|p2a: Registeel|def|2\n|\n|upkeep\n|turn|43\n|inactive|Time left: 300 sec this turn | 300 sec total\n|\n|t:|1783559230\n|-end|p1a: Scream Tail|Protosynthesis|[silent]\n|switch|p1a: Toucannon|Toucannon, L88, M|40/100\n|move|p2a: Registeel|Iron Head|p1a: Toucannon\n|-damage|p1a: Toucannon|13/100\n|\n|-heal|p1a: Toucannon|71/100|[from] move: Wish|[wisher] Scream Tail\n|upkeep\n|turn|44\n|inactive|Time left: 300 sec this turn | 300 sec total\n|\n|t:|1783559231\n|move|p1a: Toucannon|Roost|p1a: Toucannon\n|-heal|p1a: Toucannon|100/100\n|-singleturn|p1a: Toucannon|move: Roost\n|move|p2a: Registeel|Iron Head|p1a: Toucannon\n|-damage|p1a: Toucannon|76/100\n|\n|upkeep\n|turn|45\n|inactive|Time left: 300 sec this turn | 300 sec total\n|\n|t:|1783559232\n|move|p1a: Toucannon|Roost|p1a: Toucannon\n|-heal|p1a: Toucannon|100/100\n|-singleturn|p1a: Toucannon|move: Roost\n|move|p2a: Registeel|Iron Head|p1a: Toucannon\n|-damage|p1a: Toucannon|77/100\n|\n|upkeep\n|turn|46\n|inactive|Time left: 300 sec this turn | 300 sec total\n|\n|t:|1783559233\n|move|p1a: Toucannon|Boomburst|p2a: Registeel\n|-resisted|p2a: Registeel\n|-damage|p2a: Registeel|217/262\n|move|p2a: Registeel|Iron Head|p1a: Toucannon\n|-damage|p1a: Toucannon|53/100\n|\n|upkeep\n|turn|47\n|inactive|Time left: 300 sec this turn | 300 sec total\n|\n|t:|1783559234\n|move|p1a: Toucannon|Roost|p1a: Toucannon\n|-heal|p1a: Toucannon|100/100\n|-singleturn|p1a: Toucannon|move: Roost\n|move|p2a: Registeel|Iron Head|p1a: Toucannon\n|-damage|p1a: Toucannon|76/100\n|\n|upkeep\n|turn|48\n|inactive|Time left: 300 sec this turn | 300 sec total\n|\n|t:|1783559235\n|move|p1a: Toucannon|Boomburst|p2a: Registeel\n|-resisted|p2a: Registeel\n|-damage|p2a: Registeel|172/262\n|move|p2a: Registeel|Iron Head|p1a: Toucannon\n|-damage|p1a: Toucannon|53/100\n|\n|upkeep\n|turn|49\n|inactive|Time left: 300 sec this turn | 300 sec total\n|\n|t:|1783559236\n|move|p1a: Toucannon|Roost|p1a: Toucannon\n|-heal|p1a: Toucannon|100/100\n|-singleturn|p1a: Toucannon|move: Roost\n|move|p2a: Registeel|Iron Head|p1a: Toucannon\n|-damage|p1a: Toucannon|74/100\n|\n|upkeep\n|turn|50\n|inactive|Time left: 300 sec this turn | 300 sec total\n|\n|t:|1783559237\n|move|p1a: Toucannon|Roost|p1a: Toucannon\n|-heal|p1a: Toucannon|100/100\n|-singleturn|p1a: Toucannon|move: Roost\n|move|p2a: Registeel|Iron Head|p1a: Toucannon\n|-damage|p1a: Toucannon|77/100\n|\n|upkeep\n|turn|51\n|inactive|Time left: 300 sec this turn | 300 sec total\n|\n|t:|1783559238\n|move|p1a: Toucannon|Boomburst|p2a: Registeel\n|-resisted|p2a: Registeel\n|-damage|p2a: Registeel|122/262\n|move|p2a: Registeel|Iron Head|p1a: Toucannon\n|-damage|p1a: Toucannon|54/100\n|\n|upkeep\n|turn|52\n|inactive|Time left: 300 sec this turn | 300 sec total\n|\n|t:|1783559239\n|move|p1a: Toucannon|Roost|p1a: Toucannon\n|-heal|p1a: Toucannon|100/100\n|-singleturn|p1a: Toucannon|move: Roost\n|move|p2a: Registeel|Iron Head|p1a: Toucannon\n|-damage|p1a: Toucannon|76/100\n|\n|upkeep\n|turn|53\n|inactive|Time left: 300 sec this turn | 300 sec total\n|\n|t:|1783559240\n|move|p1a: Toucannon|Boomburst|p2a: Registeel\n|-resisted|p2a: Registeel\n|-damage|p2a: Registeel|77/262\n|move|p2a: Registeel|Iron Head|p1a: Toucannon\n|-damage|p1a: Toucannon|53/100\n|\n|upkeep\n|turn|54\n|inactive|Time left: 300 sec this turn | 300 sec total\n|\n|t:|1783559241\n|move|p1a: Toucannon|Roost|p1a: Toucannon\n|-heal|p1a: Toucannon|100/100\n|-singleturn|p1a: Toucannon|move: Roost\n|move|p2a: Registeel|Rest|p2a: Registeel\n|-status|p2a: Registeel|slp|[from] move: Rest\n|-heal|p2a: Registeel|262/262 slp|[silent]\n|\n|upkeep\n|turn|55\n|inactive|Time left: 300 sec this turn | 300 sec total\n|\n|t:|1783559242\n|-singleturn|p1a: Toucannon|move: Beak Blast\n|cant|p2a: Registeel|slp\n|move|p1a: Toucannon|Beak Blast|p2a: Registeel\n|-resisted|p2a: Registeel\n|-damage|p2a: Registeel|240/262 slp\n|\n|upkeep\n|turn|56\n|inactive|Time left: 300 sec this turn | 300 sec total\n|\n|t:|1783559243\n|-singleturn|p1a: Toucannon|move: Beak Blast\n|cant|p2a: Registeel|slp\n|move|p1a: Toucannon|Beak Blast|p2a: Registeel\n|-resisted|p2a: Registeel\n|-damage|p2a: Registeel|216/262 slp\n|\n|upkeep\n|turn|57\n|inactive|Time left: 300 sec this turn | 300 sec total\n|\n|t:|1783559244\n|move|p1a: Toucannon|Boomburst|p2a: Registeel\n|-resisted|p2a: Registeel\n|-damage|p2a: Registeel|170/262 slp\n|-curestatus|p2a: Registeel|slp|[msg]\n|move|p2a: Registeel|Iron Head|p1a: Toucannon\n|-damage|p1a: Toucannon|76/100\n|\n|upkeep\n|turn|58\n|inactive|Time left: 300 sec this turn | 300 sec total\n|\n|t:|1783559245\n|move|p1a: Toucannon|Boomburst|p2a: Registeel\n|-resisted|p2a: Registeel\n|-damage|p2a: Registeel|122/262\n|move|p2a: Registeel|Iron Head|p1a: Toucannon\n|-damage|p1a: Toucannon|53/100\n|\n|upkeep\n|turn|59\n|inactive|Time left: 300 sec this turn | 300 sec total\n|\n|t:|1783559246\n|move|p1a: Toucannon|Roost|p1a: Toucannon\n|-heal|p1a: Toucannon|100/100\n|-singleturn|p1a: Toucannon|move: Roost\n|move|p2a: Registeel|Iron Head|p1a: Toucannon\n|-damage|p1a: Toucannon|77/100\n|\n|upkeep\n|turn|60\n|inactive|Time left: 300 sec this turn | 300 sec total\n|\n|t:|1783559247\n|move|p1a: Toucannon|Boomburst|p2a: Registeel\n|-resisted|p2a: Registeel\n|-damage|p2a: Registeel|74/262\n|move|p2a: Registeel|Iron Head|p1a: Toucannon\n|-crit|p1a: Toucannon\n|-damage|p1a: Toucannon|40/100\n|\n|upkeep\n|turn|61\n|inactive|Time left: 300 sec this turn | 300 sec total\n|\n|t:|1783559248\n|move|p1a: Toucannon|Boomburst|p2a: Registeel\n|-resisted|p2a: Registeel\n|-damage|p2a: Registeel|30/262\n|move|p2a: Registeel|Rest|p2a: Registeel\n|-status|p2a: Registeel|slp|[from] move: Rest\n|-heal|p2a: Registeel|262/262 slp|[silent]\n|\n|upkeep\n|turn|62\n|inactive|Time left: 300 sec this turn | 300 sec total\n|\n|t:|1783559249\n|move|p1a: Toucannon|Boomburst|p2a: Registeel\n|-resisted|p2a: Registeel\n|-damage|p2a: Registeel|215/262 slp\n|cant|p2a: Registeel|slp\n|\n|upkeep\n|turn|63\n|inactive|Time left: 300 sec this turn | 300 sec total\n|\n|t:|1783559250\n|move|p1a: Toucannon|Boomburst|p2a: Registeel\n|-resisted|p2a: Registeel\n|-damage|p2a: Registeel|170/262 slp\n|cant|p2a: Registeel|slp\n|\n|upkeep\n|turn|64\n|inactive|Time left: 300 sec this turn | 300 sec total\n|\n|t:|1783559251\n|move|p1a: Toucannon|Boomburst|p2a: Registeel\n|-resisted|p2a: Registeel\n|-damage|p2a: Registeel|125/262 slp\n|-curestatus|p2a: Registeel|slp|[msg]\n|move|p2a: Registeel|Iron Head|p1a: Toucannon\n|-damage|p1a: Toucannon|16/100\n|\n|upkeep\n|turn|65\n|inactive|Time left: 300 sec this turn | 300 sec total\n|\n|t:|1783559252\n|move|p1a: Toucannon|Boomburst|p2a: Registeel\n|-resisted|p2a: Registeel\n|-damage|p2a: Registeel|79/262\n|move|p2a: Registeel|Rest|p2a: Registeel\n|-status|p2a: Registeel|slp|[from] move: Rest\n|-heal|p2a: Registeel|262/262 slp|[silent]\n|\n|upkeep\n|turn|66\n|inactive|Time left: 300 sec this turn | 300 sec total\n|\n|t:|1783559253\n|move|p1a: Toucannon|Boomburst|p2a: Registeel\n|-resisted|p2a: Registeel\n|-damage|p2a: Registeel|219/262 slp\n|cant|p2a: Registeel|slp\n|\n|upkeep\n|turn|67\n|inactive|Time left: 300 sec this turn | 300 sec total\n|\n|t:|1783559254\n|switch|p1a: Smeargle|Smeargle, L95, M|100/100\n|cant|p2a: Registeel|slp\n|\n|upkeep\n|turn|68\n|inactive|Time left: 300 sec this turn | 300 sec total\n|\n|t:|1783559255\n|move|p1a: Smeargle|Shell Smash|p1a: Smeargle\n|-unboost|p1a: Smeargle|def|1\n|-unboost|p1a: Smeargle|spd|1\n|-boost|p1a: Smeargle|atk|2\n|-boost|p1a: Smeargle|spa|2\n|-boost|p1a: Smeargle|spe|2\n|-curestatus|p2a: Registeel|slp|[msg]\n|move|p2a: Registeel|Iron Head|p1a: Smeargle\n|-damage|p1a: Smeargle|35/100\n|\n|upkeep\n|turn|69\n|inactive|Time left: 300 sec this turn | 300 sec total\n|\n|t:|1783559256\n|move|p1a: Smeargle|Spore|p2a: Registeel\n|-status|p2a: Registeel|slp|[from] move: Spore\n|cant|p2a: Registeel|slp\n|\n|upkeep\n|turn|70\n|inactive|Time left: 300 sec this turn | 300 sec total\n|\n|t:|1783559257\n|move|p1a: Smeargle|Shell Smash|p1a: Smeargle\n|-unboost|p1a: Smeargle|def|1\n|-unboost|p1a: Smeargle|spd|1\n|-boost|p1a: Smeargle|atk|2\n|-boost|p1a: Smeargle|spa|2\n|-boost|p1a: Smeargle|spe|2\n|cant|p2a: Registeel|slp\n|\n|upkeep\n|turn|71\n|inactive|Time left: 300 sec this turn | 300 sec total\n|\n|t:|1783559258\n|move|p1a: Smeargle|Population Bomb|p2a: Registeel\n|-resisted|p2a: Registeel\n|-damage|p2a: Registeel|210/262 slp\n|-resisted|p2a: Registeel\n|-damage|p2a: Registeel|201/262 slp\n|-resisted|p2a: Registeel\n|-damage|p2a: Registeel|193/262 slp\n|-resisted|p2a: Registeel\n|-damage|p2a: Registeel|185/262 slp\n|-resisted|p2a: Registeel\n|-damage|p2a: Registeel|176/262 slp\n|-resisted|p2a: Registeel\n|-damage|p2a: Registeel|168/262 slp\n|-resisted|p2a: Registeel\n|-damage|p2a: Registeel|159/262 slp\n|-resisted|p2a: Registeel\n|-damage|p2a: Registeel|150/262 slp\n|-resisted|p2a: Registeel\n|-damage|p2a: Registeel|141/262 slp\n|-resisted|p2a: Registeel\n|-damage|p2a: Registeel|133/262 slp\n|-hitcount|p2a: Registeel|10\n|cant|p2a: Registeel|slp\n|\n|upkeep\n|turn|72\n|inactive|Time left: 300 sec this turn | 300 sec total\n|\n|t:|1783559259\n|move|p1a: Smeargle|Power Trip|p2a: Registeel\n|-damage|p2a: Registeel|47/262 slp\n|-curestatus|p2a: Registeel|slp|[msg]\n|move|p2a: Registeel|Rest|p2a: Registeel\n|-status|p2a: Registeel|slp|[from] move: Rest\n|-heal|p2a: Registeel|262/262 slp|[silent]\n|\n|upkeep\n|turn|73\n|inactive|Time left: 300 sec this turn | 300 sec total\n|\n|t:|1783559260\n|move|p1a: Smeargle|Shell Smash|p1a: Smeargle\n|-unboost|p1a: Smeargle|def|1\n|-unboost|p1a: Smeargle|spd|1\n|-boost|p1a: Smeargle|atk|2\n|-boost|p1a: Smeargle|spa|2\n|-boost|p1a: Smeargle|spe|2\n|cant|p2a: Registeel|slp\n|\n|upkeep\n|turn|74\n|inactive|Time left: 300 sec this turn | 300 sec total\n|\n|t:|1783559261\n|-terastallize|p2a: Registeel|Fighting\n|move|p1a: Smeargle|Power Trip|p2a: Registeel\n|-resisted|p2a: Registeel\n|-damage|p2a: Registeel|170/262 slp\n|cant|p2a: Registeel|slp\n|\n|upkeep\n|turn|75\n|inactive|Time left: 300 sec this turn | 300 sec total\n|\n|t:|1783559262\n|move|p1a: Smeargle|Population Bomb|p2a: Registeel\n|-damage|p2a: Registeel|148/262 slp\n|-damage|p2a: Registeel|126/262 slp\n|-damage|p2a: Registeel|102/262 slp\n|-damage|p2a: Registeel|81/262 slp\n|-damage|p2a: Registeel|59/262 slp\n|-damage|p2a: Registeel|37/262 slp\n|-damage|p2a: Registeel|16/262 slp\n|-damage|p2a: Registeel|0 fnt\n|faint|p2a: Registeel\n|-hitcount|p2: Registeel|8\n|\n|win|p0x1658ceae", "uploadtime": 1783559262, "views": 0, "rating": 0, "private": 0, "password": null, "_winner": "p0x1658ceae", "_our_name": "p0y1658bfdc"}