{"id": "battle-gen9randombattle-435", "formatid": "gen9randombattle", "format": "[Gen 9] Random Battle", "players": ["p0x435de26", "p0y435cc51"], "log": "|init|battle\n|title|p0x435de26 vs. p0y435cc51\n|j|\u2606p0x435de26\n|j|\u2606p0y435cc51\n|t:|1783544087\n|gametype|singles\n|player|p1|p0x435de26|2|\n|player|p2|p0y435cc51|169|\n|gen|9\n|tier|[Gen 9] Random Battle\n|rule|Species Clause: Limit one of each Pok\u00e9mon\n|rule|HP Percentage Mod: HP is shown in percentages\n|rule|Sleep Clause Mod: Limit one foe put to sleep\n|rule|Illusion Level Mod: Illusion disguises the Pok\u00e9mon's true level\n|\n|t:|1783544087\n|teamsize|p1|6\n|teamsize|p2|6\n|start\n|switch|p1a: Sandslash|Sandslash-Alola, L88, M|100/100\n|switch|p2a: Infernape|Infernape, L82, M|259/259\n|turn|1\n|inactive|Battle timer is ON: inactive players will automatically lose when time's up. (requested by p0x435de26)\n|inactive|Time left: 300 sec this turn | 300 sec total | 60 sec grace\n|\n|t:|1783544089\n|switch|p1a: Okidogi|Okidogi, L77, M|100/100\n|move|p2a: Infernape|Close Combat|p1a: Okidogi\n|-resisted|p1a: Okidogi\n|-damage|p1a: Okidogi|78/100\n|-unboost|p2a: Infernape|def|1\n|-unboost|p2a: Infernape|spd|1\n|\n|upkeep\n|turn|2\n|inactive|Time left: 300 sec this turn | 300 sec total\n|inactive|p0y435cc51 also wants the timer to be on.\n|\n|t:|1783544090\n|switch|p2a: Rhyperior|Rhyperior, L82, M|323/323\n|move|p1a: Okidogi|Gunk Shot|p2a: Rhyperior\n|-resisted|p2a: Rhyperior\n|-damage|p2a: Rhyperior|299/323\n|-status|p2a: Rhyperior|tox|[from] ability: Toxic Chain|[of] p1a: Okidogi\n|\n|-damage|p2a: Rhyperior|279/323 tox|[from] psn\n|upkeep\n|turn|3\n|inactive|Time left: 300 sec this turn | 300 sec total\n|\n|t:|1783544092\n|switch|p1a: Whiscash|Whiscash, L88, M|100/100\n|move|p2a: Rhyperior|Earthquake|p1a: Whiscash\n|-damage|p1a: Whiscash|56/100\n|\n|-heal|p1a: Whiscash|62/100|[from] item: Leftovers\n|-damage|p2a: Rhyperior|239/323 tox|[from] psn\n|upkeep\n|turn|4\n|inactive|Time left: 300 sec this turn | 300 sec total\n|\n|t:|1783544093\n|move|p1a: Whiscash|Hydro Pump|p2a: Rhyperior\n|-supereffective|p2a: Rhyperior\n|-damage|p2a: Rhyperior|0 fnt\n|faint|p2a: Rhyperior\n|\n|-heal|p1a: Whiscash|68/100|[from] item: Leftovers\n|upkeep\n|inactive|Time left: 300 sec this turn | 300 sec total | 5 sec grace\n|\n|t:|1783544094\n|switch|p2a: Floatzel|Floatzel, L86, F|286/286\n|turn|5\n|inactive|Time left: 300 sec this turn | 300 sec total\n|\n|t:|1783544095\n|move|p2a: Floatzel|Bulk Up|p2a: Floatzel\n|-boost|p2a: Floatzel|atk|1\n|-boost|p2a: Floatzel|def|1\n|move|p1a: Whiscash|Earthquake|p2a: Floatzel\n|-damage|p2a: Floatzel|199/286\n|\n|-heal|p2a: Floatzel|216/286|[from] item: Leftovers\n|-heal|p1a: Whiscash|75/100|[from] item: Leftovers\n|upkeep\n|turn|6\n|inactive|Time left: 300 sec this turn | 300 sec total\n|\n|t:|1783544096\n|move|p2a: Floatzel|Wave Crash|p1a: Whiscash\n|-damage|p1a: Whiscash|6/100\n|-damage|p2a: Floatzel|140/286|[from] Recoil\n|move|p1a: Whiscash|Earthquake|p2a: Floatzel\n|-damage|p2a: Floatzel|44/286\n|\n|-heal|p2a: Floatzel|61/286|[from] item: Leftovers\n|-heal|p1a: Whiscash|12/100|[from] item: Leftovers\n|upkeep\n|turn|7\n|inactive|Time left: 300 sec this turn | 300 sec total\n|\n|t:|1783544097\n|switch|p1a: Sandslash|Sandslash-Alola, L88, M|100/100\n|move|p2a: Floatzel|Wave Crash|p1a: Sandslash\n|-damage|p1a: Sandslash|39/100\n|-damage|p2a: Floatzel|6/286|[from] Recoil\n|\n|-heal|p2a: Floatzel|23/286|[from] item: Leftovers\n|upkeep\n|turn|8\n|inactive|Time left: 300 sec this turn | 300 sec total\n|\n|t:|1783544098\n|move|p2a: Floatzel|Wave Crash|p1a: Sandslash\n|-damage|p1a: Sandslash|0 fnt\n|faint|p1a: Sandslash\n|-damage|p2a: Floatzel|0 fnt|[from] Recoil\n|faint|p2a: Floatzel\n|\n|upkeep\n|inactive|Time left: 300 sec this turn | 300 sec total | 5 sec grace\n|\n|t:|1783544099\n|switch|p2a: Granbull|Granbull, L88, M|302/302\n|switch|p1a: Okidogi|Okidogi, L77, M|78/100\n|-ability|p2a: Granbull|Intimidate|boost\n|-unboost|p1a: Okidogi|atk|1\n|turn|9\n|inactive|Time left: 300 sec this turn | 300 sec total\n|\n|t:|1783544100\n|move|p1a: Okidogi|Gunk Shot|p2a: Granbull\n|-supereffective|p2a: Granbull\n|-damage|p2a: Granbull|120/302\n|-status|p2a: Granbull|psn\n|move|p2a: Granbull|Play Rough|p1a: Okidogi\n|-damage|p1a: Okidogi|33/100\n|-unboost|p1a: Okidogi|atk|1\n|\n|-heal|p2a: Granbull|138/302 psn|[from] item: Leftovers\n|-damage|p2a: Granbull|101/302 psn|[from] psn\n|upkeep\n|turn|10\n|inactive|Time left: 300 sec this turn | 300 sec total\n|\n|t:|1783544101\n|switch|p1a: Leafeon|Leafeon, L88, F|100/100\n|move|p2a: Granbull|Earthquake|p1a: Leafeon\n|-resisted|p1a: Leafeon\n|-damage|p1a: Leafeon|89/100\n|\n|-heal|p2a: Granbull|119/302 psn|[from] item: Leftovers\n|-damage|p2a: Granbull|82/302 psn|[from] psn\n|upkeep\n|turn|11\n|inactive|Time left: 300 sec this turn | 300 sec total\n|\n|t:|1783544102\n|switch|p2a: Arcanine|Arcanine, L84, M|288/288\n|-ability|p2a: Arcanine|Intimidate|boost\n|-unboost|p1a: Leafeon|atk|1\n|move|p1a: Leafeon|Leaf Blade|p2a: Arcanine\n|-resisted|p2a: Arcanine\n|-damage|p2a: Arcanine|239/288\n|-damage|p1a: Leafeon|79/100|[from] item: Life Orb\n|\n|upkeep\n|turn|12\n|inactive|Time left: 300 sec this turn | 300 sec total\n|\n|t:|1783544104\n|switch|p1a: Tatsugiri|Tatsugiri, L87, F|100/100\n|move|p2a: Arcanine|Flare Blitz|p1a: Tatsugiri\n|-resisted|p1a: Tatsugiri\n|-damage|p1a: Tatsugiri|84/100\n|-damage|p2a: Arcanine|224/288|[from] Recoil\n|\n|upkeep\n|turn|13\n|inactive|Time left: 300 sec this turn | 300 sec total\n|\n|t:|1783544105\n|switch|p2a: Mightyena|Mightyena, L96, F|290/290\n|-ability|p2a: Mightyena|Intimidate|boost\n|-unboost|p1a: Tatsugiri|atk|1\n|move|p1a: Tatsugiri|Hydro Pump|p2a: Mightyena\n|-damage|p2a: Mightyena|175/290\n|\n|upkeep\n|turn|14\n|inactive|Time left: 300 sec this turn | 300 sec total\n|\n|t:|1783544106\n|switch|p1a: Okidogi|Okidogi, L77, M|33/100\n|move|p2a: Mightyena|Crunch|p1a: Okidogi\n|-resisted|p1a: Okidogi\n|-damage|p1a: Okidogi|15/100\n|\n|upkeep\n|turn|15\n|inactive|Time left: 300 sec this turn | 300 sec total\n|\n|t:|1783544107\n|switch|p1a: Leafeon|Leafeon, L88, F|79/100\n|move|p2a: Mightyena|Crunch|p1a: Leafeon\n|-damage|p1a: Leafeon|50/100\n|\n|upkeep\n|turn|16\n|inactive|Time left: 300 sec this turn | 300 sec total\n|\n|t:|1783544108\n|move|p1a: Leafeon|Synthesis|p1a: Leafeon\n|-heal|p1a: Leafeon|99/100\n|move|p2a: Mightyena|Poison Fang|p1a: Leafeon\n|-supereffective|p1a: Leafeon\n|-damage|p1a: Leafeon|76/100\n|\n|upkeep\n|turn|17\n|inactive|Time left: 300 sec this turn | 300 sec total\n|\n|t:|1783544109\n|move|p1a: Leafeon|Swords Dance|p1a: Leafeon\n|-boost|p1a: Leafeon|atk|2\n|move|p2a: Mightyena|Poison Fang|p1a: Leafeon\n|-supereffective|p1a: Leafeon\n|-damage|p1a: Leafeon|52/100\n|\n|upkeep\n|turn|18\n|inactive|Time left: 300 sec this turn | 300 sec total\n|\n|t:|1783544110\n|switch|p2a: Granbull|Granbull, L88, M|82/302 psn\n|-ability|p2a: Granbull|Intimidate|boost\n|-unboost|p1a: Leafeon|atk|1\n|move|p1a: Leafeon|Synthesis|p1a: Leafeon\n|-heal|p1a: Leafeon|100/100\n|\n|-heal|p2a: Granbull|100/302 psn|[from] item: Leftovers\n|-damage|p2a: Granbull|63/302 psn|[from] psn\n|upkeep\n|turn|19\n|inactive|Time left: 300 sec this turn | 300 sec total\n|\n|t:|1783544111\n|switch|p2a: Arcanine|Arcanine, L84, M|224/288\n|-ability|p2a: Arcanine|Intimidate|boost\n|-unboost|p1a: Leafeon|atk|1\n|move|p1a: Leafeon|Swords Dance|p1a: Leafeon\n|-boost|p1a: Leafeon|atk|2\n|\n|upkeep\n|turn|20\n|inactive|Time left: 300 sec this turn | 300 sec total\n|\n|t:|1783544112\n|switch|p2a: Granbull|Granbull, L88, M|63/302 psn\n|-ability|p2a: Granbull|Intimidate|boost\n|-unboost|p1a: Leafeon|atk|1\n|move|p1a: Leafeon|Double-Edge|p2a: Granbull\n|-damage|p2a: Granbull|0 fnt\n|faint|p2a: Granbull\n|-damage|p1a: Leafeon|92/100|[from] Recoil\n|-damage|p1a: Leafeon|83/100|[from] item: Life Orb\n|\n|upkeep\n|inactive|Time left: 300 sec this turn | 300 sec total | 5 sec grace\n|\n|t:|1783544113\n|switch|p2a: Arcanine|Arcanine, L84, M|224/288\n|-ability|p2a: Arcanine|Intimidate|boost\n|-unboost|p1a: Leafeon|atk|1\n|turn|21\n|inactive|Time left: 300 sec this turn | 300 sec total\n|\n|t:|1783544114\n|switch|p1a: Tatsugiri|Tatsugiri, L87, F|84/100\n|move|p2a: Arcanine|Flare Blitz|p1a: Tatsugiri\n|-resisted|p1a: Tatsugiri\n|-damage|p1a: Tatsugiri|68/100\n|-status|p1a: Tatsugiri|brn\n|-damage|p2a: Arcanine|211/288|[from] Recoil\n|\n|-damage|p1a: Tatsugiri|62/100 brn|[from] brn\n|upkeep\n|turn|22\n|inactive|Time left: 300 sec this turn | 300 sec total\n|\n|t:|1783544115\n|move|p2a: Arcanine|Extreme Speed|p1a: Tatsugiri\n|-damage|p1a: Tatsugiri|32/100 brn\n|move|p1a: Tatsugiri|Hydro Pump|p2a: Arcanine\n|-supereffective|p2a: Arcanine\n|-damage|p2a: Arcanine|0 fnt\n|faint|p2a: Arcanine\n|\n|-damage|p1a: Tatsugiri|26/100 brn|[from] brn\n|upkeep\n|inactive|Time left: 300 sec this turn | 300 sec total | 5 sec grace\n|\n|t:|1783544116\n|switch|p2a: Infernape|Infernape, L82, M|259/259\n|turn|23\n|inactive|Time left: 300 sec this turn | 300 sec total\n|\n|t:|1783544117\n|move|p2a: Infernape|Close Combat|p1a: Tatsugiri\n|-damage|p1a: Tatsugiri|0 fnt\n|-unboost|p2a: Infernape|def|1\n|-unboost|p2a: Infernape|spd|1\n|faint|p1a: Tatsugiri\n|\n|upkeep\n|\n|t:|1783544118\n|switch|p1a: Leafeon|Leafeon, L88, F|83/100\n|turn|24\n|inactive|Time left: 300 sec this turn | 300 sec total\n|\n|t:|1783544119\n|move|p2a: Infernape|Close Combat|p1a: Leafeon\n|-damage|p1a: Leafeon|47/100\n|-unboost|p2a: Infernape|def|1\n|-unboost|p2a: Infernape|spd|1\n|move|p1a: Leafeon|Double-Edge|p2a: Infernape\n|-damage|p2a: Infernape|0 fnt\n|faint|p2a: Infernape\n|-damage|p1a: Leafeon|14/100|[from] Recoil\n|-damage|p1a: Leafeon|5/100|[from] item: Life Orb\n|\n|upkeep\n|inactive|Time left: 300 sec this turn | 300 sec total | 5 sec grace\n|\n|t:|1783544120\n|switch|p2a: Mightyena|Mightyena, L96, F|175/290\n|-ability|p2a: Mightyena|Intimidate|boost\n|-unboost|p1a: Leafeon|atk|1\n|turn|25\n|inactive|Time left: 300 sec this turn | 300 sec total\n|\n|t:|1783544121\n|-terastallize|p1a: Leafeon|Normal\n|move|p1a: Leafeon|Double-Edge|p2a: Mightyena\n|-damage|p2a: Mightyena|42/290\n|-damage|p1a: Leafeon|0 fnt|[from] Recoil\n|faint|p1a: Leafeon\n|move|p2a: Mightyena|Crunch|p1: Leafeon|[notarget]\n|-fail|p2a: Mightyena\n|\n|upkeep\n|\n|t:|1783544122\n|switch|p1a: Sunflora|Sunflora, F|100/100\n|turn|26\n|inactive|Time left: 300 sec this turn | 300 sec total\n|\n|t:|1783544122\n|move|p2a: Mightyena|Sucker Punch|p1a: Sunflora\n|-damage|p1a: Sunflora|65/100\n|move|p1a: Sunflora|Weather Ball|p2a: Mightyena\n|-damage|p2a: Mightyena|0 fnt\n|faint|p2a: Mightyena\n|-damage|p1a: Sunflora|55/100|[from] item: Life Orb\n|\n|win|p0x435de26", "uploadtime": 1783544123, "views": 0, "rating": 0, "private": 0, "password": null, "_winner": "p0x435de26", "_our_name": "p0y435cc51"}