{"id": "battle-gen9randombattle-1227", "formatid": "gen9randombattle", "format": "[Gen 9] Random Battle", "players": ["p0x12272cf1", "p0y1227e562"], "log": "|init|battle\n|title|p0x12272cf1 vs. p0y1227e562\n|j|\u2606p0x12272cf1\n|j|\u2606p0y1227e562\n|t:|1783554194\n|gametype|singles\n|player|p1|p0x12272cf1|265|\n|player|p2|p0y1227e562|102|\n|gen|9\n|tier|[Gen 9] Random Battle\n|rule|Species Clause: Limit one of each Pok\u00e9mon\n|rule|HP Percentage Mod: HP is shown in percentages\n|rule|Sleep Clause Mod: Limit one foe put to sleep\n|rule|Illusion Level Mod: Illusion disguises the Pok\u00e9mon's true level\n|\n|t:|1783554194\n|teamsize|p1|6\n|teamsize|p2|6\n|start\n|switch|p1a: Sylveon|Sylveon, L85, M|300/300\n|switch|p2a: Quaquaval|Quaquaval, L79, M|100/100\n|turn|1\n|inactive|Battle timer is ON: inactive players will automatically lose when time's up. (requested by p0y1227e562)\n|inactive|Time left: 300 sec this turn | 300 sec total | 60 sec grace\n|inactive|p0x12272cf1 also wants the timer to be on.\n|\n|t:|1783554195\n|move|p2a: Quaquaval|U-turn|p1a: Sylveon\n|-resisted|p1a: Sylveon\n|-damage|p1a: Sylveon|249/300\n|\n|t:|1783554196\n|switch|p2a: Heatran|Heatran, L79, F|100/100|[from] U-turn\n|-item|p2a: Heatran|Air Balloon\n|move|p1a: Sylveon|Hyper Voice|p2a: Heatran\n|-resisted|p2a: Heatran\n|-damage|p2a: Heatran|91/100\n|-enditem|p2a: Heatran|Air Balloon\n|\n|-heal|p1a: Sylveon|267/300|[from] item: Leftovers\n|upkeep\n|turn|2\n|inactive|Time left: 300 sec this turn | 300 sec total\n|\n|t:|1783554198\n|move|p1a: Sylveon|Protect|p1a: Sylveon\n|-singleturn|p1a: Sylveon|Protect\n|move|p2a: Heatran|Heavy Slam|p1a: Sylveon\n|-activate|p1a: Sylveon|move: Protect\n|\n|-heal|p1a: Sylveon|285/300|[from] item: Leftovers\n|upkeep\n|turn|3\n|inactive|Time left: 300 sec this turn | 300 sec total\n|\n|t:|1783554199\n|move|p2a: Heatran|Heavy Slam|p1a: Sylveon\n|-supereffective|p1a: Sylveon\n|-damage|p1a: Sylveon|33/300\n|move|p1a: Sylveon|Calm Mind|p1a: Sylveon\n|-boost|p1a: Sylveon|spa|1\n|-boost|p1a: Sylveon|spd|1\n|\n|-heal|p1a: Sylveon|51/300|[from] item: Leftovers\n|upkeep\n|turn|4\n|inactive|Time left: 300 sec this turn | 300 sec total\n|\n|t:|1783554200\n|move|p1a: Sylveon|Protect|p1a: Sylveon\n|-singleturn|p1a: Sylveon|Protect\n|move|p2a: Heatran|Heavy Slam|p1a: Sylveon\n|-activate|p1a: Sylveon|move: Protect\n|\n|-heal|p1a: Sylveon|69/300|[from] item: Leftovers\n|upkeep\n|turn|5\n|inactive|Time left: 300 sec this turn | 300 sec total\n|\n|t:|1783554200\n|move|p1a: Sylveon|Protect||[still]\n|-fail|p1a: Sylveon\n|move|p2a: Heatran|Heavy Slam|p1a: Sylveon\n|-supereffective|p1a: Sylveon\n|-damage|p1a: Sylveon|0 fnt\n|faint|p1a: Sylveon\n|\n|upkeep\n|inactive|Time left: 300 sec this turn | 300 sec total | 5 sec grace\n|\n|t:|1783554201\n|switch|p1a: Hawlucha|Hawlucha, L80, M|256/256\n|turn|6\n|inactive|Time left: 300 sec this turn | 300 sec total\n|\n|t:|1783554202\n|move|p1a: Hawlucha|Close Combat|p2a: Heatran\n|-supereffective|p2a: Heatran\n|-damage|p2a: Heatran|11/100\n|-unboost|p1a: Hawlucha|def|1\n|-unboost|p1a: Hawlucha|spd|1\n|-enditem|p1a: Hawlucha|White Herb\n|-clearnegativeboost|p1a: Hawlucha|[silent]\n|move|p2a: Heatran|Magma Storm|p1a: Hawlucha\n|-damage|p1a: Hawlucha|96/256\n|-activate|p1a: Hawlucha|move: Magma Storm|[of] p2a: Heatran\n|\n|-damage|p1a: Hawlucha|64/256|[from] move: Magma Storm|[partiallytrapped]\n|upkeep\n|turn|7\n|inactive|Time left: 300 sec this turn | 300 sec total\n|\n|t:|1783554204\n|move|p1a: Hawlucha|Brave Bird|p2a: Heatran\n|-resisted|p2a: Heatran\n|-damage|p2a: Heatran|0 fnt\n|faint|p2a: Heatran\n|-damage|p1a: Hawlucha|55/256|[from] Recoil\n|\n|-end|p1a: Hawlucha|Magma Storm|[partiallytrapped]|[silent]\n|upkeep\n|\n|t:|1783554205\n|switch|p2a: Yanmega|Yanmega, L82, F|100/100\n|turn|8\n|inactive|Time left: 300 sec this turn | 300 sec total\n|\n|t:|1783554206\n|move|p2a: Yanmega|Protect|p2a: Yanmega\n|-singleturn|p2a: Yanmega|Protect\n|move|p1a: Hawlucha|Brave Bird|p2a: Yanmega\n|-activate|p2a: Yanmega|move: Protect\n|\n|-ability|p2a: Yanmega|Speed Boost|boost\n|-boost|p2a: Yanmega|spe|1\n|upkeep\n|turn|9\n|inactive|Time left: 300 sec this turn | 300 sec total\n|\n|t:|1783554207\n|move|p1a: Hawlucha|Brave Bird|p2a: Yanmega\n|-supereffective|p2a: Yanmega\n|-damage|p2a: Yanmega|20/100\n|-damage|p1a: Hawlucha|0 fnt|[from] Recoil\n|faint|p1a: Hawlucha\n|move|p2a: Yanmega|Tera Blast|p1: Hawlucha|[notarget]\n|-fail|p2a: Yanmega\n|\n|-ability|p2a: Yanmega|Speed Boost|boost\n|-boost|p2a: Yanmega|spe|1\n|upkeep\n|inactive|Time left: 300 sec this turn | 300 sec total | 5 sec grace\n|\n|t:|1783554208\n|switch|p1a: Dachsbun|Dachsbun, L92, M|254/254\n|turn|10\n|inactive|Time left: 300 sec this turn | 300 sec total\n|\n|t:|1783554210\n|move|p2a: Yanmega|Protect|p2a: Yanmega\n|-singleturn|p2a: Yanmega|Protect\n|move|p1a: Dachsbun|Play Rough|p2a: Yanmega\n|-activate|p2a: Yanmega|move: Protect\n|\n|-ability|p2a: Yanmega|Speed Boost|boost\n|-boost|p2a: Yanmega|spe|1\n|upkeep\n|turn|11\n|inactive|Time left: 300 sec this turn | 300 sec total\n|\n|t:|1783554211\n|move|p2a: Yanmega|Air Slash|p1a: Dachsbun\n|-damage|p1a: Dachsbun|176/254\n|move|p1a: Dachsbun|Play Rough|p2a: Yanmega\n|-damage|p2a: Yanmega|0 fnt\n|faint|p2a: Yanmega\n|\n|-heal|p1a: Dachsbun|191/254|[from] item: Leftovers\n|upkeep\n|\n|t:|1783554212\n|switch|p2a: Duraludon|Duraludon, L82, M|100/100\n|turn|12\n|inactive|Time left: 300 sec this turn | 300 sec total\n|\n|t:|1783554213\n|move|p1a: Dachsbun|Protect|p1a: Dachsbun\n|-singleturn|p1a: Dachsbun|Protect\n|move|p2a: Duraludon|Flash Cannon|p1a: Dachsbun\n|-activate|p1a: Dachsbun|move: Protect\n|\n|-heal|p1a: Dachsbun|206/254|[from] item: Leftovers\n|upkeep\n|turn|13\n|inactive|Time left: 300 sec this turn | 300 sec total\n|\n|t:|1783554214\n|move|p1a: Dachsbun|Body Press|p2a: Duraludon\n|-supereffective|p2a: Duraludon\n|-damage|p2a: Duraludon|69/100\n|move|p2a: Duraludon|Flash Cannon|p1a: Dachsbun\n|-supereffective|p1a: Dachsbun\n|-damage|p1a: Dachsbun|12/254\n|\n|-heal|p1a: Dachsbun|27/254|[from] item: Leftovers\n|upkeep\n|turn|14\n|inactive|Time left: 300 sec this turn | 300 sec total\n|\n|t:|1783554215\n|move|p1a: Dachsbun|Play Rough|p2a: Duraludon\n|-damage|p2a: Duraludon|47/100\n|move|p2a: Duraludon|Flash Cannon|p1a: Dachsbun\n|-supereffective|p1a: Dachsbun\n|-damage|p1a: Dachsbun|0 fnt\n|faint|p1a: Dachsbun\n|\n|upkeep\n|inactive|Time left: 300 sec this turn | 300 sec total | 5 sec grace\n|\n|t:|1783554216\n|switch|p1a: Forretress|Forretress, L84, M|263/263\n|turn|15\n|inactive|Time left: 300 sec this turn | 300 sec total\n|\n|t:|1783554217\n|move|p2a: Duraludon|Flash Cannon|p1a: Forretress\n|-resisted|p1a: Forretress\n|-damage|p1a: Forretress|203/263\n|move|p1a: Forretress|Rapid Spin|p2a: Duraludon\n|-resisted|p2a: Duraludon\n|-damage|p2a: Duraludon|43/100\n|-boost|p1a: Forretress|spe|1\n|\n|-heal|p1a: Forretress|219/263|[from] item: Leftovers\n|upkeep\n|turn|16\n|inactive|Time left: 300 sec this turn | 300 sec total\n|\n|t:|1783554218\n|move|p1a: Forretress|Body Press|p2a: Duraludon\n|-supereffective|p2a: Duraludon\n|-damage|p2a: Duraludon|9/100\n|move|p2a: Duraludon|Dragon Tail|p1a: Forretress\n|-resisted|p1a: Forretress\n|-damage|p1a: Forretress|198/263\n|drag|p1a: Trevenant|Trevenant, L89, M|296/296\n|\n|upkeep\n|turn|17\n|inactive|Time left: 300 sec this turn | 300 sec total\n|\n|t:|1783554219\n|move|p2a: Duraludon|Draco Meteor|p1a: Trevenant\n|-damage|p1a: Trevenant|143/296\n|-unboost|p2a: Duraludon|spa|2\n|move|p1a: Trevenant|Wood Hammer|p2a: Duraludon\n|-resisted|p2a: Duraludon\n|-damage|p2a: Duraludon|0 fnt\n|faint|p2a: Duraludon\n|-damage|p1a: Trevenant|136/296|[from] Recoil\n|-damage|p1a: Trevenant|107/296|[from] item: Life Orb\n|\n|upkeep\n|\n|t:|1783554220\n|switch|p2a: Heracross|Heracross, L80, M|100/100\n|turn|18\n|inactive|Time left: 300 sec this turn | 300 sec total\n|\n|t:|1783554220\n|switch|p1a: Forretress|Forretress, L84, M|198/263\n|move|p2a: Heracross|Megahorn|p1a: Forretress\n|-resisted|p1a: Forretress\n|-damage|p1a: Forretress|126/263\n|\n|-heal|p1a: Forretress|142/263|[from] item: Leftovers\n|upkeep\n|turn|19\n|inactive|Time left: 300 sec this turn | 300 sec total\n|\n|t:|1783554221\n|move|p2a: Heracross|Megahorn|p1a: Forretress\n|-resisted|p1a: Forretress\n|-damage|p1a: Forretress|69/263\n|move|p1a: Forretress|Iron Head|p2a: Heracross\n|-damage|p2a: Heracross|63/100\n|\n|-heal|p1a: Forretress|85/263|[from] item: Leftovers\n|upkeep\n|turn|20\n|inactive|Time left: 300 sec this turn | 300 sec total\n|\n|t:|1783554222\n|move|p2a: Heracross|Megahorn|p1a: Forretress\n|-resisted|p1a: Forretress\n|-damage|p1a: Forretress|9/263\n|move|p1a: Forretress|Iron Head|p2a: Heracross\n|-damage|p2a: Heracross|28/100\n|\n|-heal|p1a: Forretress|25/263|[from] item: Leftovers\n|upkeep\n|turn|21\n|inactive|Time left: 300 sec this turn | 300 sec total\n|\n|t:|1783554223\n|switch|p1a: Kommo-o|Kommo-o, L77, M|242/242\n|move|p2a: Heracross|Megahorn|p1a: Kommo-o\n|-resisted|p1a: Kommo-o\n|-damage|p1a: Kommo-o|157/242\n|\n|upkeep\n|turn|22\n|inactive|Time left: 300 sec this turn | 300 sec total\n|\n|t:|1783554224\n|move|p2a: Heracross|Megahorn|p1a: Kommo-o\n|-resisted|p1a: Kommo-o\n|-damage|p1a: Kommo-o|61/242\n|move|p1a: Kommo-o|Scale Shot|p2a: Heracross\n|-damage|p2a: Heracross|16/100\n|-crit|p2a: Heracross\n|-damage|p2a: Heracross|0 fnt\n|faint|p2a: Heracross\n|-hitcount|p2: Heracross|2\n|-unboost|p1a: Kommo-o|def|1\n|-boost|p1a: Kommo-o|spe|1\n|\n|upkeep\n|\n|t:|1783554225\n|switch|p2a: Quaquaval|Quaquaval, L79, M|100/100\n|turn|23\n|inactive|Time left: 300 sec this turn | 300 sec total\n|\n|t:|1783554226\n|move|p1a: Kommo-o|Iron Head|p2a: Quaquaval\n|-resisted|p2a: Quaquaval\n|-crit|p2a: Quaquaval\n|-damage|p2a: Quaquaval|84/100\n|cant|p2a: Quaquaval|flinch\n|\n|upkeep\n|turn|24\n|inactive|Time left: 300 sec this turn | 300 sec total\n|\n|t:|1783554227\n|move|p1a: Kommo-o|Swords Dance|p1a: Kommo-o\n|-boost|p1a: Kommo-o|atk|2\n|move|p2a: Quaquaval|Triple Axel|p1a: Kommo-o|[miss]\n|-miss|p2a: Quaquaval|p1a: Kommo-o\n|\n|upkeep\n|turn|25\n|inactive|Time left: 300 sec this turn | 300 sec total\n|\n|t:|1783554228\n|switch|p2a: Weezing|Weezing, L88, M|100/100\n|move|p1a: Kommo-o|Close Combat|p2a: Weezing\n|-resisted|p2a: Weezing\n|-damage|p2a: Weezing|64/100\n|-unboost|p1a: Kommo-o|def|1\n|-unboost|p1a: Kommo-o|spd|1\n|\n|-heal|p2a: Weezing|70/100|[from] item: Leftovers\n|upkeep\n|turn|26\n|inactive|Time left: 300 sec this turn | 300 sec total\n|\n|t:|1783554229\n|move|p1a: Kommo-o|Scale Shot|p2a: Weezing\n|-damage|p2a: Weezing|55/100\n|-damage|p2a: Weezing|40/100\n|-damage|p2a: Weezing|25/100\n|-damage|p2a: Weezing|11/100\n|-damage|p2a: Weezing|0 fnt\n|faint|p2a: Weezing\n|-hitcount|p2: Weezing|5\n|-unboost|p1a: Kommo-o|def|1\n|-boost|p1a: Kommo-o|spe|1\n|\n|upkeep\n|\n|t:|1783554230\n|switch|p2a: Quaquaval|Quaquaval, L79, M|84/100\n|turn|27\n|inactive|Time left: 300 sec this turn | 300 sec total\n|\n|t:|1783554231\n|-terastallize|p1a: Kommo-o|Steel\n|move|p1a: Kommo-o|Close Combat|p2a: Quaquaval\n|-damage|p2a: Quaquaval|0 fnt\n|-unboost|p1a: Kommo-o|def|1\n|-unboost|p1a: Kommo-o|spd|1\n|faint|p2a: Quaquaval\n|\n|win|p0x12272cf1", "uploadtime": 1783554231, "views": 0, "rating": 0, "private": 0, "password": null, "_winner": "p0x12272cf1", "_our_name": "p0x12272cf1"}