{"id": "battle-gen9randombattle-1265", "formatid": "gen9randombattle", "format": "[Gen 9] Random Battle", "players": ["p0x1265ce7e", "p0y1265e088"], "log": "|init|battle\n|title|p0x1265ce7e vs. p0y1265e088\n|j|\u2606p0x1265ce7e\n|j|\u2606p0y1265e088\n|t:|1783553784\n|gametype|singles\n|player|p1|p0x1265ce7e|170|\n|player|p2|p0y1265e088|2|\n|gen|9\n|tier|[Gen 9] Random Battle\n|rule|Species Clause: Limit one of each Pok\u00e9mon\n|rule|HP Percentage Mod: HP is shown in percentages\n|rule|Sleep Clause Mod: Limit one foe put to sleep\n|rule|Illusion Level Mod: Illusion disguises the Pok\u00e9mon's true level\n|\n|t:|1783553784\n|teamsize|p1|6\n|teamsize|p2|6\n|start\n|switch|p1a: Conkeldurr|Conkeldurr, L80, M|100/100\n|switch|p2a: Pelipper|Pelipper, L86, M|243/243\n|-weather|RainDance|[from] ability: Drizzle|[of] p2a: Pelipper\n|turn|1\n|inactive|Battle timer is ON: inactive players will automatically lose when time's up. (requested by p0y1265e088)\n|inactive|p0x1265ce7e also wants the timer to be on.\n|\n|t:|1783553785\n|switch|p1a: Slowking|Slowking, L88, F|100/100\n|move|p2a: Pelipper|Weather Ball|p1a: Slowking\n|-resisted|p1a: Slowking\n|-damage|p1a: Slowking|69/100\n|\n|-weather|RainDance|[upkeep]\n|upkeep\n|turn|2\n|inactive|Time left: 300 sec this turn | 300 sec total\n|\n|t:|1783553787\n|move|p2a: Pelipper|Weather Ball|p1a: Slowking\n|-resisted|p1a: Slowking\n|-damage|p1a: Slowking|38/100\n|-prepare|p1a: Slowking|Chilly Reception|[premajor]\n|move|p1a: Slowking|Chilly Reception|p1a: Slowking\n|-weather|Snowscape\n|\n|t:|1783553788\n|switch|p1a: Conkeldurr|Conkeldurr, L80, M|100/100|[from] Chilly Reception\n|\n|-weather|Snowscape|[upkeep]\n|-status|p1a: Conkeldurr|brn|[from] item: Flame Orb\n|upkeep\n|turn|3\n|inactive|Time left: 300 sec this turn | 300 sec total\n|\n|t:|1783553789\n|move|p2a: Pelipper|Weather Ball|p1a: Conkeldurr\n|-damage|p1a: Conkeldurr|50/100 brn\n|move|p1a: Conkeldurr|Knock Off|p2a: Pelipper\n|-damage|p2a: Pelipper|123/243\n|-enditem|p2a: Pelipper|Choice Specs|[from] move: Knock Off|[of] p1a: Conkeldurr\n|\n|-weather|Snowscape|[upkeep]\n|-damage|p1a: Conkeldurr|44/100 brn|[from] brn\n|upkeep\n|turn|4\n|inactive|Time left: 300 sec this turn | 300 sec total\n|\n|t:|1783553790\n|switch|p1a: Chimecho|Chimecho, L93, M|100/100\n|move|p2a: Pelipper|Hurricane|p1a: Chimecho|[miss]\n|-miss|p2a: Pelipper|p1a: Chimecho\n|\n|-weather|Snowscape|[upkeep]\n|upkeep\n|turn|5\n|inactive|Time left: 300 sec this turn | 300 sec total\n|\n|t:|1783553791\n|move|p1a: Chimecho|Calm Mind|p1a: Chimecho\n|-boost|p1a: Chimecho|spa|1\n|-boost|p1a: Chimecho|spd|1\n|move|p2a: Pelipper|Hurricane|p1a: Chimecho|[miss]\n|-miss|p2a: Pelipper|p1a: Chimecho\n|\n|-weather|Snowscape|[upkeep]\n|upkeep\n|turn|6\n|inactive|Time left: 300 sec this turn | 300 sec total\n|\n|t:|1783553792\n|switch|p2a: Jirachi|Jirachi, L80|291/291\n|move|p1a: Chimecho|Psyshock|p2a: Jirachi\n|-resisted|p2a: Jirachi\n|-damage|p2a: Jirachi|254/291\n|\n|-weather|none\n|-heal|p2a: Jirachi|272/291|[from] item: Leftovers\n|upkeep\n|turn|7\n|inactive|Time left: 300 sec this turn | 300 sec total\n|\n|t:|1783553793\n|move|p2a: Jirachi|Body Slam|p1a: Chimecho\n|-damage|p1a: Chimecho|80/100\n|move|p1a: Chimecho|Calm Mind|p1a: Chimecho\n|-boost|p1a: Chimecho|spa|1\n|-boost|p1a: Chimecho|spd|1\n|\n|-heal|p2a: Jirachi|290/291|[from] item: Leftovers\n|-heal|p1a: Chimecho|87/100|[from] item: Leftovers\n|upkeep\n|turn|8\n|inactive|Time left: 300 sec this turn | 300 sec total\n|\n|t:|1783553794\n|move|p2a: Jirachi|Body Slam|p1a: Chimecho\n|-damage|p1a: Chimecho|66/100\n|-status|p1a: Chimecho|par\n|move|p1a: Chimecho|Calm Mind|p1a: Chimecho\n|-boost|p1a: Chimecho|spa|1\n|-boost|p1a: Chimecho|spd|1\n|\n|-heal|p2a: Jirachi|291/291|[from] item: Leftovers\n|-heal|p1a: Chimecho|72/100 par|[from] item: Leftovers\n|upkeep\n|turn|9\n|inactive|Time left: 300 sec this turn | 300 sec total\n|\n|t:|1783553795\n|move|p2a: Jirachi|Iron Head|p1a: Chimecho\n|-damage|p1a: Chimecho|47/100 par\n|cant|p1a: Chimecho|flinch\n|\n|-heal|p1a: Chimecho|53/100 par|[from] item: Leftovers\n|upkeep\n|turn|10\n|inactive|Time left: 300 sec this turn | 300 sec total\n|\n|t:|1783553796\n|move|p2a: Jirachi|Iron Head|p1a: Chimecho\n|-damage|p1a: Chimecho|27/100 par\n|cant|p1a: Chimecho|flinch\n|\n|-heal|p1a: Chimecho|33/100 par|[from] item: Leftovers\n|upkeep\n|turn|11\n|inactive|Time left: 300 sec this turn | 300 sec total\n|\n|t:|1783553797\n|move|p2a: Jirachi|Iron Head|p1a: Chimecho\n|-damage|p1a: Chimecho|7/100 par\n|move|p1a: Chimecho|Recover|p1a: Chimecho\n|-heal|p1a: Chimecho|57/100 par\n|\n|-heal|p1a: Chimecho|64/100 par|[from] item: Leftovers\n|upkeep\n|turn|12\n|inactive|Time left: 300 sec this turn | 300 sec total\n|\n|t:|1783553798\n|move|p2a: Jirachi|Iron Head|p1a: Chimecho\n|-damage|p1a: Chimecho|37/100 par\n|cant|p1a: Chimecho|flinch\n|\n|-heal|p1a: Chimecho|44/100 par|[from] item: Leftovers\n|upkeep\n|turn|13\n|inactive|Time left: 300 sec this turn | 300 sec total\n|\n|t:|1783553799\n|move|p2a: Jirachi|Iron Head|p1a: Chimecho\n|-damage|p1a: Chimecho|16/100 par\n|cant|p1a: Chimecho|flinch\n|\n|-heal|p1a: Chimecho|23/100 par|[from] item: Leftovers\n|upkeep\n|turn|14\n|inactive|Time left: 300 sec this turn | 300 sec total\n|\n|t:|1783553800\n|-terastallize|p1a: Chimecho|Electric\n|move|p2a: Jirachi|Iron Head|p1a: Chimecho\n|-resisted|p1a: Chimecho\n|-damage|p1a: Chimecho|9/100 par\n|cant|p1a: Chimecho|flinch\n|\n|-heal|p1a: Chimecho|15/100 par|[from] item: Leftovers\n|upkeep\n|turn|15\n|inactive|Time left: 300 sec this turn | 300 sec total\n|\n|t:|1783553801\n|move|p2a: Jirachi|Body Slam|p1a: Chimecho\n|-damage|p1a: Chimecho|0 fnt\n|faint|p1a: Chimecho\n|\n|upkeep\n|\n|t:|1783553802\n|switch|p1a: Volcarona|Volcarona, L77, F|100/100\n|turn|16\n|inactive|Time left: 300 sec this turn | 300 sec total\n|\n|t:|1783553803\n|switch|p2a: Pelipper|Pelipper, L86, M|123/243\n|-weather|RainDance|[from] ability: Drizzle|[of] p2a: Pelipper\n|move|p1a: Volcarona|Quiver Dance|p1a: Volcarona\n|-boost|p1a: Volcarona|spa|1\n|-boost|p1a: Volcarona|spd|1\n|-boost|p1a: Volcarona|spe|1\n|\n|-weather|RainDance|[upkeep]\n|upkeep\n|turn|17\n|inactive|Time left: 300 sec this turn | 300 sec total\n|\n|t:|1783553804\n|move|p1a: Volcarona|Quiver Dance|p1a: Volcarona\n|-boost|p1a: Volcarona|spa|1\n|-boost|p1a: Volcarona|spd|1\n|-boost|p1a: Volcarona|spe|1\n|move|p2a: Pelipper|Weather Ball|p1a: Volcarona\n|-supereffective|p1a: Volcarona\n|-damage|p1a: Volcarona|34/100\n|\n|-weather|RainDance|[upkeep]\n|upkeep\n|turn|18\n|inactive|Time left: 300 sec this turn | 300 sec total\n|\n|t:|1783553805\n|switch|p2a: Electivire|Electivire, L84, M|263/263\n|move|p1a: Volcarona|Giga Drain|p2a: Electivire\n|-crit|p2a: Electivire\n|-damage|p2a: Electivire|75/263\n|-heal|p1a: Volcarona|71/100|[from] drain|[of] p2a: Electivire\n|\n|-weather|RainDance|[upkeep]\n|upkeep\n|turn|19\n|inactive|Time left: 300 sec this turn | 300 sec total\n|\n|t:|1783553806\n|-terastallize|p2a: Electivire|Flying\n|move|p1a: Volcarona|Giga Drain|p2a: Electivire\n|-resisted|p2a: Electivire\n|-damage|p2a: Electivire|15/263\n|-heal|p1a: Volcarona|83/100|[from] drain|[of] p2a: Electivire\n|move|p2a: Electivire|Supercell Slam|p1a: Volcarona\n|-damage|p1a: Volcarona|0 fnt\n|faint|p1a: Volcarona\n|-damage|p2a: Electivire|0 fnt|[from] item: Life Orb\n|faint|p2a: Electivire\n|\n|-weather|RainDance|[upkeep]\n|upkeep\n|inactive|Time left: 300 sec this turn | 300 sec total | 5 sec grace\n|\n|t:|1783553807\n|switch|p2a: Pelipper|Pelipper, L86, M|123/243\n|switch|p1a: Slowking|Slowking, L88, F|71/100\n|turn|20\n|inactive|Time left: 300 sec this turn | 300 sec total\n|\n|t:|1783553808\n|move|p2a: Pelipper|Hurricane|p1a: Slowking\n|-damage|p1a: Slowking|38/100\n|move|p1a: Slowking|Scald|p2a: Pelipper\n|-resisted|p2a: Pelipper\n|-damage|p2a: Pelipper|35/243\n|\n|-weather|none\n|upkeep\n|turn|21\n|inactive|Time left: 300 sec this turn | 300 sec total\n|\n|t:|1783553809\n|move|p2a: Pelipper|Hurricane|p1a: Slowking\n|-damage|p1a: Slowking|5/100\n|-start|p1a: Slowking|confusion\n|-activate|p1a: Slowking|confusion\n|move|p1a: Slowking|Slack Off|p1a: Slowking\n|-heal|p1a: Slowking|55/100\n|\n|upkeep\n|turn|22\n|inactive|Time left: 300 sec this turn | 300 sec total\n|\n|t:|1783553810\n|switch|p1a: Granbull|Granbull, L88, F|100/100\n|-ability|p1a: Granbull|Intimidate|boost\n|-unboost|p2a: Pelipper|atk|1\n|move|p2a: Pelipper|Hurricane|p1a: Granbull\n|-damage|p1a: Granbull|52/100\n|\n|-heal|p1a: Granbull|58/100|[from] item: Leftovers\n|upkeep\n|turn|23\n|inactive|Time left: 300 sec this turn | 300 sec total\n|\n|t:|1783553811\n|move|p2a: Pelipper|Hydro Pump|p1a: Granbull\n|-damage|p1a: Granbull|11/100\n|move|p1a: Granbull|Play Rough|p2a: Pelipper\n|-damage|p2a: Pelipper|0 fnt\n|faint|p2a: Pelipper\n|\n|-heal|p1a: Granbull|17/100|[from] item: Leftovers\n|upkeep\n|inactive|Time left: 300 sec this turn | 300 sec total | 5 sec grace\n|\n|t:|1783553812\n|switch|p2a: Rotom|Rotom-Mow, L87|229/229\n|turn|24\n|inactive|Time left: 300 sec this turn | 300 sec total\n|\n|t:|1783553813\n|move|p2a: Rotom|Thunderbolt|p1a: Granbull\n|-damage|p1a: Granbull|0 fnt\n|faint|p1a: Granbull\n|\n|upkeep\n|\n|t:|1783553814\n|switch|p1a: Persian|Persian, L92, F|100/100\n|turn|25\n|inactive|Time left: 300 sec this turn | 300 sec total\n|\n|t:|1783553815\n|move|p1a: Persian|Fake Out|p2a: Rotom\n|-damage|p2a: Rotom|169/229\n|cant|p2a: Rotom|flinch\n|\n|upkeep\n|turn|26\n|inactive|Time left: 300 sec this turn | 300 sec total\n|\n|t:|1783553816\n|move|p2a: Rotom|Thunderbolt|p1a: Persian\n|-damage|p1a: Persian|57/100\n|move|p1a: Persian|Knock Off|p2a: Rotom\n|-damage|p2a: Rotom|117/229\n|-enditem|p2a: Rotom|Choice Scarf|[from] move: Knock Off|[of] p1a: Persian\n|\n|upkeep\n|turn|27\n|inactive|Time left: 300 sec this turn | 300 sec total\n|\n|t:|1783553818\n|move|p1a: Persian|Double-Edge|p2a: Rotom\n|-damage|p2a: Rotom|0 fnt\n|faint|p2a: Rotom\n|-damage|p1a: Persian|43/100|[from] Recoil\n|\n|upkeep\n|inactive|Time left: 300 sec this turn | 300 sec total | 5 sec grace\n|\n|t:|1783553819\n|switch|p2a: Deoxys|Deoxys, L74|196/196\n|-ability|p2a: Deoxys|Pressure\n|turn|28\n|inactive|Time left: 300 sec this turn | 300 sec total\n|\n|t:|1783553820\n|move|p2a: Deoxys|Knock Off|p1a: Persian\n|-damage|p1a: Persian|0 fnt\n|-enditem|p1a: Persian|Silk Scarf|[from] move: Knock Off|[of] p2a: Deoxys\n|faint|p1a: Persian\n|-damage|p2a: Deoxys|177/196|[from] item: Life Orb\n|\n|upkeep\n|\n|t:|1783553821\n|switch|p1a: Slowking|Slowking, L88, F|88/100\n|turn|29\n|inactive|Time left: 300 sec this turn | 300 sec total\n|\n|t:|1783553822\n|move|p2a: Deoxys|Knock Off|p1a: Slowking\n|-supereffective|p1a: Slowking\n|-damage|p1a: Slowking|26/100\n|-enditem|p1a: Slowking|Heavy-Duty Boots|[from] move: Knock Off|[of] p2a: Deoxys\n|-damage|p2a: Deoxys|158/196|[from] item: Life Orb\n|move|p1a: Slowking|Slack Off|p1a: Slowking\n|-heal|p1a: Slowking|76/100\n|\n|upkeep\n|turn|30\n|inactive|Time left: 300 sec this turn | 300 sec total\n|\n|t:|1783553823\n|switch|p2a: Urshifu|Urshifu, L74, F|270/270\n|move|p1a: Slowking|Scald|p2a: Urshifu\n|-damage|p2a: Urshifu|128/270\n|\n|upkeep\n|turn|31\n|inactive|Time left: 300 sec this turn | 300 sec total\n|\n|t:|1783553824\n|switch|p1a: Conkeldurr|Conkeldurr, L80, M|44/100 brn\n|move|p2a: Urshifu|Wicked Blow|p1a: Conkeldurr\n|-resisted|p1a: Conkeldurr\n|-crit|p1a: Conkeldurr\n|-damage|p1a: Conkeldurr|21/100 brn\n|-damage|p2a: Urshifu|101/270|[from] item: Life Orb\n|\n|-damage|p1a: Conkeldurr|15/100 brn|[from] brn\n|upkeep\n|turn|32\n|inactive|Time left: 300 sec this turn | 300 sec total\n|\n|t:|1783553825\n|switch|p2a: Jirachi|Jirachi, L80|291/291\n|move|p1a: Conkeldurr|Mach Punch|p2a: Jirachi\n|-damage|p2a: Jirachi|216/291\n|\n|-heal|p2a: Jirachi|234/291|[from] item: Leftovers\n|-damage|p1a: Conkeldurr|9/100 brn|[from] brn\n|upkeep\n|turn|33\n|inactive|Time left: 300 sec this turn | 300 sec total\n|\n|t:|1783553826\n|switch|p1a: Slowking|Slowking, L88, F|100/100\n|move|p2a: Jirachi|Body Slam|p1a: Slowking\n|-damage|p1a: Slowking|80/100\n|-status|p1a: Slowking|par\n|\n|-heal|p2a: Jirachi|252/291|[from] item: Leftovers\n|upkeep\n|turn|34\n|inactive|Time left: 300 sec this turn | 300 sec total\n|\n|t:|1783553827\n|move|p2a: Jirachi|Iron Head|p1a: Slowking\n|-resisted|p1a: Slowking\n|-damage|p1a: Slowking|65/100 par\n|move|p1a: Slowking|Scald|p2a: Jirachi\n|-damage|p2a: Jirachi|155/291\n|\n|-heal|p2a: Jirachi|173/291|[from] item: Leftovers\n|upkeep\n|turn|35\n|inactive|Time left: 300 sec this turn | 300 sec total\n|\n|t:|1783553828\n|move|p2a: Jirachi|Wish|p2a: Jirachi\n|move|p1a: Slowking|Scald|p2a: Jirachi\n|-damage|p2a: Jirachi|82/291\n|-status|p2a: Jirachi|brn\n|\n|-heal|p2a: Jirachi|100/291 brn|[from] item: Leftovers\n|-damage|p2a: Jirachi|82/291 brn|[from] brn\n|upkeep\n|turn|36\n|inactive|Time left: 300 sec this turn | 300 sec total\n|\n|t:|1783553829\n|move|p2a: Jirachi|Body Slam|p1a: Slowking\n|-damage|p1a: Slowking|57/100 par\n|cant|p1a: Slowking|par\n|\n|-heal|p2a: Jirachi|227/291 brn|[from] move: Wish|[wisher] Jirachi\n|-heal|p2a: Jirachi|245/291 brn|[from] item: Leftovers\n|-damage|p2a: Jirachi|227/291 brn|[from] brn\n|upkeep\n|turn|37\n|inactive|Time left: 300 sec this turn | 300 sec total\n|\n|t:|1783553831\n|move|p2a: Jirachi|Wish|p2a: Jirachi\n|cant|p1a: Slowking|par\n|\n|-heal|p2a: Jirachi|245/291 brn|[from] item: Leftovers\n|-damage|p2a: Jirachi|227/291 brn|[from] brn\n|upkeep\n|turn|38\n|inactive|Time left: 300 sec this turn | 300 sec total\n|\n|t:|1783553832\n|move|p2a: Jirachi|Body Slam|p1a: Slowking\n|-crit|p1a: Slowking\n|-damage|p1a: Slowking|44/100 par\n|cant|p1a: Slowking|par\n|\n|-heal|p2a: Jirachi|291/291 brn|[from] move: Wish|[wisher] Jirachi\n|-damage|p2a: Jirachi|273/291 brn|[from] brn\n|upkeep\n|turn|39\n|inactive|Time left: 300 sec this turn | 300 sec total\n|\n|t:|1783553833\n|switch|p2a: Urshifu|Urshifu, L74, F|101/270\n|move|p1a: Slowking|Scald|p2a: Urshifu\n|-damage|p2a: Urshifu|0 fnt\n|faint|p2a: Urshifu\n|\n|upkeep\n|inactive|Time left: 300 sec this turn | 300 sec total | 5 sec grace\n|\n|t:|1783553834\n|switch|p2a: Deoxys|Deoxys, L74|158/196\n|-ability|p2a: Deoxys|Pressure\n|turn|40\n|inactive|Time left: 300 sec this turn | 300 sec total\n|\n|t:|1783553834\n|switch|p1a: Conkeldurr|Conkeldurr, L80, M|9/100 brn\n|move|p2a: Deoxys|Knock Off|p1a: Conkeldurr\n|-resisted|p1a: Conkeldurr\n|-damage|p1a: Conkeldurr|0 fnt\n|-enditem|p1a: Conkeldurr|Flame Orb|[from] move: Knock Off|[of] p2a: Deoxys\n|faint|p1a: Conkeldurr\n|-damage|p2a: Deoxys|139/196|[from] item: Life Orb\n|\n|upkeep\n|\n|t:|1783553835\n|switch|p1a: Slowking|Slowking, L88, F|77/100 par\n|turn|41\n|inactive|Time left: 300 sec this turn | 300 sec total\n|\n|t:|1783553836\n|move|p2a: Deoxys|Knock Off|p1a: Slowking\n|-supereffective|p1a: Slowking\n|-damage|p1a: Slowking|34/100 par\n|-damage|p2a: Deoxys|120/196|[from] item: Life Orb\n|move|p1a: Slowking|Scald|p2a: Deoxys\n|-damage|p2a: Deoxys|0 fnt\n|faint|p2a: Deoxys\n|\n|upkeep\n|inactive|Time left: 300 sec this turn | 300 sec total | 5 sec grace\n|\n|t:|1783553837\n|switch|p2a: Jirachi|Jirachi, L80|273/291 brn\n|turn|42\n|inactive|Time left: 300 sec this turn | 300 sec total\n|\n|t:|1783553838\n|move|p2a: Jirachi|Iron Head|p1a: Slowking\n|-resisted|p1a: Slowking\n|-damage|p1a: Slowking|28/100 par\n|move|p1a: Slowking|Slack Off|p1a: Slowking\n|-heal|p1a: Slowking|78/100 par\n|\n|-heal|p2a: Jirachi|291/291 brn|[from] item: Leftovers\n|-damage|p2a: Jirachi|273/291 brn|[from] brn\n|upkeep\n|turn|43\n|inactive|Time left: 300 sec this turn | 300 sec total\n|\n|t:|1783553839\n|move|p2a: Jirachi|Iron Head|p1a: Slowking\n|-resisted|p1a: Slowking\n|-damage|p1a: Slowking|71/100 par\n|cant|p1a: Slowking|flinch\n|\n|-heal|p2a: Jirachi|291/291 brn|[from] item: Leftovers\n|-damage|p2a: Jirachi|273/291 brn|[from] brn\n|upkeep\n|turn|44\n|inactive|Time left: 300 sec this turn | 300 sec total\n|\n|t:|1783553840\n|move|p2a: Jirachi|Wish|p2a: Jirachi\n|move|p1a: Slowking|Slack Off|p1a: Slowking\n|-heal|p1a: Slowking|100/100 par\n|\n|-heal|p2a: Jirachi|291/291 brn|[from] item: Leftovers\n|-damage|p2a: Jirachi|273/291 brn|[from] brn\n|upkeep\n|turn|45\n|inactive|Time left: 300 sec this turn | 300 sec total\n|\n|t:|1783553841\n|move|p2a: Jirachi|Iron Head|p1a: Slowking\n|-resisted|p1a: Slowking\n|-damage|p1a: Slowking|94/100 par\n|cant|p1a: Slowking|flinch\n|\n|-heal|p2a: Jirachi|291/291 brn|[from] move: Wish|[wisher] Jirachi\n|-damage|p2a: Jirachi|273/291 brn|[from] brn\n|upkeep\n|turn|46\n|inactive|Time left: 300 sec this turn | 300 sec total\n|\n|t:|1783553842\n|move|p2a: Jirachi|Wish|p2a: Jirachi\n|move|p1a: Slowking|Future Sight|p2a: Jirachi\n|-start|p1a: Slowking|move: Future Sight\n|\n|-heal|p2a: Jirachi|291/291 brn|[from] item: Leftovers\n|-damage|p2a: Jirachi|273/291 brn|[from] brn\n|upkeep\n|turn|47\n|inactive|Time left: 300 sec this turn | 300 sec total\n|\n|t:|1783553843\n|move|p2a: Jirachi|Body Slam|p1a: Slowking\n|-damage|p1a: Slowking|84/100 par\n|move|p1a: Slowking|Slack Off|p1a: Slowking\n|-heal|p1a: Slowking|100/100 par\n|\n|-heal|p2a: Jirachi|291/291 brn|[from] move: Wish|[wisher] Jirachi\n|-damage|p2a: Jirachi|273/291 brn|[from] brn\n|upkeep\n|turn|48\n|inactive|Time left: 300 sec this turn | 300 sec total\n|\n|t:|1783553844\n|move|p2a: Jirachi|Wish|p2a: Jirachi\n|move|p1a: Slowking|Scald|p2a: Jirachi\n|-damage|p2a: Jirachi|185/291 brn\n|\n|-end|p2a: Jirachi|move: Future Sight\n|-resisted|p2a: Jirachi\n|-damage|p2a: Jirachi|149/291 brn\n|-heal|p2a: Jirachi|167/291 brn|[from] item: Leftovers\n|-damage|p2a: Jirachi|149/291 brn|[from] brn\n|upkeep\n|turn|49\n|inactive|Time left: 300 sec this turn | 300 sec total\n|\n|t:|1783553845\n|move|p2a: Jirachi|Protect|p2a: Jirachi\n|-singleturn|p2a: Jirachi|Protect\n|move|p1a: Slowking|Scald|p2a: Jirachi\n|-activate|p2a: Jirachi|move: Protect\n|\n|-heal|p2a: Jirachi|291/291 brn|[from] move: Wish|[wisher] Jirachi\n|-damage|p2a: Jirachi|273/291 brn|[from] brn\n|upkeep\n|turn|50\n|inactive|Time left: 300 sec this turn | 300 sec total\n|\n|t:|1783553846\n|move|p2a: Jirachi|Iron Head|p1a: Slowking\n|-resisted|p1a: Slowking\n|-damage|p1a: Slowking|94/100 par\n|move|p1a: Slowking|Scald|p2a: Jirachi\n|-damage|p2a: Jirachi|182/291 brn\n|\n|-heal|p2a: Jirachi|200/291 brn|[from] item: Leftovers\n|-damage|p2a: Jirachi|182/291 brn|[from] brn\n|upkeep\n|turn|51\n|inactive|Time left: 300 sec this turn | 300 sec total\n|\n|t:|1783553847\n|move|p2a: Jirachi|Wish|p2a: Jirachi\n|move|p1a: Slowking|Scald|p2a: Jirachi\n|-damage|p2a: Jirachi|85/291 brn\n|\n|-heal|p2a: Jirachi|103/291 brn|[from] item: Leftovers\n|-damage|p2a: Jirachi|85/291 brn|[from] brn\n|upkeep\n|turn|52\n|inactive|Time left: 300 sec this turn | 300 sec total\n|\n|t:|1783553848\n|move|p2a: Jirachi|Protect|p2a: Jirachi\n|-singleturn|p2a: Jirachi|Protect\n|move|p1a: Slowking|Scald|p2a: Jirachi\n|-activate|p2a: Jirachi|move: Protect\n|\n|-heal|p2a: Jirachi|230/291 brn|[from] move: Wish|[wisher] Jirachi\n|-heal|p2a: Jirachi|248/291 brn|[from] item: Leftovers\n|-damage|p2a: Jirachi|230/291 brn|[from] brn\n|upkeep\n|turn|53\n|inactive|Time left: 300 sec this turn | 300 sec total\n|\n|t:|1783553849\n|move|p2a: Jirachi|Wish|p2a: Jirachi\n|move|p1a: Slowking|Future Sight|p2a: Jirachi\n|-start|p1a: Slowking|move: Future Sight\n|\n|-heal|p2a: Jirachi|248/291 brn|[from] item: Leftovers\n|-damage|p2a: Jirachi|230/291 brn|[from] brn\n|upkeep\n|turn|54\n|inactive|Time left: 300 sec this turn | 300 sec total\n|\n|t:|1783553850\n|move|p2a: Jirachi|Iron Head|p1a: Slowking\n|-resisted|p1a: Slowking\n|-damage|p1a: Slowking|87/100 par\n|move|p1a: Slowking|Slack Off|p1a: Slowking\n|-heal|p1a: Slowking|100/100 par\n|\n|-heal|p2a: Jirachi|291/291 brn|[from] move: Wish|[wisher] Jirachi\n|-damage|p2a: Jirachi|273/291 brn|[from] brn\n|upkeep\n|turn|55\n|inactive|Time left: 300 sec this turn | 300 sec total\n|\n|t:|1783553851\n|move|p2a: Jirachi|Wish|p2a: Jirachi\n|cant|p1a: Slowking|par\n|\n|-end|p2a: Jirachi|move: Future Sight\n|-resisted|p2a: Jirachi\n|-damage|p2a: Jirachi|241/291 brn\n|-heal|p2a: Jirachi|259/291 brn|[from] item: Leftovers\n|-damage|p2a: Jirachi|241/291 brn|[from] brn\n|upkeep\n|turn|56\n|inactive|Time left: 300 sec this turn | 300 sec total\n|\n|t:|1783553852\n|move|p2a: Jirachi|Body Slam|p1a: Slowking\n|-damage|p1a: Slowking|92/100 par\n|move|p1a: Slowking|Future Sight|p2a: Jirachi\n|-start|p1a: Slowking|move: Future Sight\n|\n|-heal|p2a: Jirachi|291/291 brn|[from] move: Wish|[wisher] Jirachi\n|-damage|p2a: Jirachi|273/291 brn|[from] brn\n|upkeep\n|turn|57\n|inactive|Time left: 300 sec this turn | 300 sec total\n|\n|t:|1783553853\n|move|p2a: Jirachi|Wish|p2a: Jirachi\n|move|p1a: Slowking|Slack Off|p1a: Slowking\n|-heal|p1a: Slowking|100/100 par\n|\n|-heal|p2a: Jirachi|291/291 brn|[from] item: Leftovers\n|-damage|p2a: Jirachi|273/291 brn|[from] brn\n|upkeep\n|turn|58\n|inactive|Time left: 300 sec this turn | 300 sec total\n|\n|t:|1783553854\n|move|p2a: Jirachi|Body Slam|p1a: Slowking\n|-damage|p1a: Slowking|90/100 par\n|cant|p1a: Slowking|par\n|\n|-end|p2a: Jirachi|move: Future Sight\n|-resisted|p2a: Jirachi\n|-damage|p2a: Jirachi|239/291 brn\n|-heal|p2a: Jirachi|291/291 brn|[from] move: Wish|[wisher] Jirachi\n|-damage|p2a: Jirachi|273/291 brn|[from] brn\n|upkeep\n|turn|59\n|inactive|Time left: 300 sec this turn | 300 sec total\n|\n|t:|1783553855\n|move|p2a: Jirachi|Iron Head|p1a: Slowking\n|-resisted|p1a: Slowking\n|-damage|p1a: Slowking|84/100 par\n|cant|p1a: Slowking|flinch\n|\n|-heal|p2a: Jirachi|291/291 brn|[from] item: Leftovers\n|-damage|p2a: Jirachi|273/291 brn|[from] brn\n|upkeep\n|turn|60\n|inactive|Time left: 300 sec this turn | 300 sec total\n|\n|t:|1783553856\n|move|p2a: Jirachi|Body Slam|p1a: Slowking\n|-damage|p1a: Slowking|75/100 par\n|move|p1a: Slowking|Scald|p2a: Jirachi\n|-damage|p2a: Jirachi|188/291 brn\n|\n|-heal|p2a: Jirachi|206/291 brn|[from] item: Leftovers\n|-damage|p2a: Jirachi|188/291 brn|[from] brn\n|upkeep\n|turn|61\n|inactive|Time left: 300 sec this turn | 300 sec total\n|\n|t:|1783553857\n|move|p2a: Jirachi|Wish|p2a: Jirachi\n|cant|p1a: Slowking|par\n|\n|-heal|p2a: Jirachi|206/291 brn|[from] item: Leftovers\n|-damage|p2a: Jirachi|188/291 brn|[from] brn\n|upkeep\n|turn|62\n|inactive|Time left: 300 sec this turn | 300 sec total\n|\n|t:|1783553858\n|move|p2a: Jirachi|Body Slam|p1a: Slowking\n|-damage|p1a: Slowking|66/100 par\n|cant|p1a: Slowking|par\n|\n|-heal|p2a: Jirachi|291/291 brn|[from] move: Wish|[wisher] Jirachi\n|-damage|p2a: Jirachi|273/291 brn|[from] brn\n|upkeep\n|turn|63\n|inactive|Time left: 300 sec this turn | 300 sec total\n|\n|t:|1783553859\n|move|p2a: Jirachi|Body Slam|p1a: Slowking\n|-damage|p1a: Slowking|56/100 par\n|move|p1a: Slowking|Slack Off|p1a: Slowking\n|-heal|p1a: Slowking|100/100 par\n|\n|-heal|p2a: Jirachi|291/291 brn|[from] item: Leftovers\n|-damage|p2a: Jirachi|273/291 brn|[from] brn\n|upkeep\n|turn|64\n|inactive|Time left: 300 sec this turn | 300 sec total\n|\n|t:|1783553860\n|move|p2a: Jirachi|Body Slam|p1a: Slowking\n|-damage|p1a: Slowking|90/100 par\n|move|p1a: Slowking|Future Sight|p2a: Jirachi\n|-start|p1a: Slowking|move: Future Sight\n|\n|-heal|p2a: Jirachi|291/291 brn|[from] item: Leftovers\n|-damage|p2a: Jirachi|273/291 brn|[from] brn\n|upkeep\n|turn|65\n|inactive|Time left: 300 sec this turn | 300 sec total\n|\n|t:|1783553861\n|move|p2a: Jirachi|Wish|p2a: Jirachi\n|move|p1a: Slowking|Scald|p2a: Jirachi\n|-damage|p2a: Jirachi|176/291 brn\n|\n|-heal|p2a: Jirachi|194/291 brn|[from] item: Leftovers\n|-damage|p2a: Jirachi|176/291 brn|[from] brn\n|upkeep\n|turn|66\n|inactive|Time left: 300 sec this turn | 300 sec total\n|\n|t:|1783553862\n|move|p2a: Jirachi|Iron Head|p1a: Slowking\n|-resisted|p1a: Slowking\n|-damage|p1a: Slowking|84/100 par\n|cant|p1a: Slowking|flinch\n|\n|-end|p2a: Jirachi|move: Future Sight\n|-resisted|p2a: Jirachi\n|-damage|p2a: Jirachi|145/291 brn\n|-heal|p2a: Jirachi|290/291 brn|[from] move: Wish|[wisher] Jirachi\n|-heal|p2a: Jirachi|291/291 brn|[from] item: Leftovers\n|-damage|p2a: Jirachi|273/291 brn|[from] brn\n|upkeep\n|turn|67\n|inactive|Time left: 300 sec this turn | 300 sec total\n|\n|t:|1783553863\n|move|p2a: Jirachi|Wish|p2a: Jirachi\n|move|p1a: Slowking|Future Sight|p2a: Jirachi\n|-start|p1a: Slowking|move: Future Sight\n|\n|-heal|p2a: Jirachi|291/291 brn|[from] item: Leftovers\n|-damage|p2a: Jirachi|273/291 brn|[from] brn\n|upkeep\n|turn|68\n|inactive|Time left: 300 sec this turn | 300 sec total\n|\n|t:|1783553864\n|move|p2a: Jirachi|Body Slam|p1a: Slowking\n|-damage|p1a: Slowking|75/100 par\n|move|p1a: Slowking|Scald|p2a: Jirachi\n|-damage|p2a: Jirachi|183/291 brn\n|\n|-heal|p2a: Jirachi|291/291 brn|[from] move: Wish|[wisher] Jirachi\n|-damage|p2a: Jirachi|273/291 brn|[from] brn\n|upkeep\n|turn|69\n|inactive|Time left: 300 sec this turn | 300 sec total\n|\n|t:|1783553865\n|move|p2a: Jirachi|Wish|p2a: Jirachi\n|move|p1a: Slowking|Scald|p2a: Jirachi\n|-damage|p2a: Jirachi|185/291 brn\n|\n|-end|p2a: Jirachi|move: Future Sight\n|-resisted|p2a: Jirachi\n|-damage|p2a: Jirachi|152/291 brn\n|-heal|p2a: Jirachi|170/291 brn|[from] item: Leftovers\n|-damage|p2a: Jirachi|152/291 brn|[from] brn\n|upkeep\n|turn|70\n|inactive|Time left: 300 sec this turn | 300 sec total\n|\n|t:|1783553866\n|move|p2a: Jirachi|Iron Head|p1a: Slowking\n|-resisted|p1a: Slowking\n|-damage|p1a: Slowking|68/100 par\n|cant|p1a: Slowking|flinch\n|\n|-heal|p2a: Jirachi|291/291 brn|[from] move: Wish|[wisher] Jirachi\n|-damage|p2a: Jirachi|273/291 brn|[from] brn\n|upkeep\n|turn|71\n|inactive|Time left: 300 sec this turn | 300 sec total\n|\n|t:|1783553868\n|move|p2a: Jirachi|Iron Head|p1a: Slowking\n|-resisted|p1a: Slowking\n|-damage|p1a: Slowking|62/100 par\n|move|p1a: Slowking|Future Sight|p2a: Jirachi\n|-start|p1a: Slowking|move: Future Sight\n|\n|-heal|p2a: Jirachi|291/291 brn|[from] item: Leftovers\n|-damage|p2a: Jirachi|273/291 brn|[from] brn\n|upkeep\n|turn|72\n|inactive|Time left: 300 sec this turn | 300 sec total\n|\n|t:|1783553869\n|move|p2a: Jirachi|Wish|p2a: Jirachi\n|move|p1a: Slowking|Scald|p2a: Jirachi\n|-damage|p2a: Jirachi|176/291 brn\n|\n|-heal|p2a: Jirachi|194/291 brn|[from] item: Leftovers\n|-damage|p2a: Jirachi|176/291 brn|[from] brn\n|upkeep\n|turn|73\n|inactive|Time left: 300 sec this turn | 300 sec total\n|\n|t:|1783553870\n|move|p2a: Jirachi|Iron Head|p1a: Slowking\n|-resisted|p1a: Slowking\n|-damage|p1a: Slowking|55/100 par\n|cant|p1a: Slowking|flinch\n|\n|-end|p2a: Jirachi|move: Future Sight\n|-resisted|p2a: Jirachi\n|-damage|p2a: Jirachi|140/291 brn\n|-heal|p2a: Jirachi|285/291 brn|[from] move: Wish|[wisher] Jirachi\n|-heal|p2a: Jirachi|291/291 brn|[from] item: Leftovers\n|-damage|p2a: Jirachi|273/291 brn|[from] brn\n|upkeep\n|turn|74\n|inactive|Time left: 300 sec this turn | 300 sec total\n|\n|t:|1783553871\n|move|p2a: Jirachi|Wish|p2a: Jirachi\n|cant|p1a: Slowking|par\n|\n|-heal|p2a: Jirachi|291/291 brn|[from] item: Leftovers\n|-damage|p2a: Jirachi|273/291 brn|[from] brn\n|upkeep\n|turn|75\n|inactive|Time left: 300 sec this turn | 300 sec total\n|\n|t:|1783553872\n|move|p2a: Jirachi|Iron Head|p1a: Slowking\n|-resisted|p1a: Slowking\n|-damage|p1a: Slowking|48/100 par\n|cant|p1a: Slowking|flinch\n|\n|-heal|p2a: Jirachi|291/291 brn|[from] move: Wish|[wisher] Jirachi\n|-damage|p2a: Jirachi|273/291 brn|[from] brn\n|upkeep\n|turn|76\n|inactive|Time left: 300 sec this turn | 300 sec total\n|\n|t:|1783553873\n|move|p2a: Jirachi|Wish|p2a: Jirachi\n|move|p1a: Slowking|Scald|p2a: Jirachi\n|-damage|p2a: Jirachi|188/291 brn\n|\n|-heal|p2a: Jirachi|206/291 brn|[from] item: Leftovers\n|-damage|p2a: Jirachi|188/291 brn|[from] brn\n|upkeep\n|turn|77\n|inactive|Time left: 300 sec this turn | 300 sec total\n|\n|t:|1783553874\n|move|p2a: Jirachi|Body Slam|p1a: Slowking\n|-damage|p1a: Slowking|38/100 par\n|move|p1a: Slowking|Scald|p2a: Jirachi\n|-damage|p2a: Jirachi|101/291 brn\n|\n|-heal|p2a: Jirachi|246/291 brn|[from] move: Wish|[wisher] Jirachi\n|-heal|p2a: Jirachi|264/291 brn|[from] item: Leftovers\n|-damage|p2a: Jirachi|246/291 brn|[from] brn\n|upkeep\n|turn|78\n|inactive|Time left: 300 sec this turn | 300 sec total\n|\n|t:|1783553875\n|move|p2a: Jirachi|Body Slam|p1a: Slowking\n|-damage|p1a: Slowking|29/100 par\n|cant|p1a: Slowking|par\n|\n|-heal|p2a: Jirachi|264/291 brn|[from] item: Leftovers\n|-damage|p2a: Jirachi|246/291 brn|[from] brn\n|upkeep\n|turn|79\n|inactive|Time left: 300 sec this turn | 300 sec total\n|\n|t:|1783553876\n|move|p2a: Jirachi|Body Slam|p1a: Slowking\n|-damage|p1a: Slowking|19/100 par\n|cant|p1a: Slowking|par\n|\n|-heal|p2a: Jirachi|264/291 brn|[from] item: Leftovers\n|-damage|p2a: Jirachi|246/291 brn|[from] brn\n|upkeep\n|turn|80\n|inactive|Time left: 300 sec this turn | 300 sec total\n|\n|t:|1783553877\n|move|p2a: Jirachi|Body Slam|p1a: Slowking\n|-damage|p1a: Slowking|9/100 par\n|-prepare|p1a: Slowking|Chilly Reception|[premajor]\n|move|p1a: Slowking|Chilly Reception|p1a: Slowking\n|-weather|Snowscape\n|\n|-weather|Snowscape|[upkeep]\n|-heal|p2a: Jirachi|264/291 brn|[from] item: Leftovers\n|-damage|p2a: Jirachi|246/291 brn|[from] brn\n|upkeep\n|turn|81\n|inactive|Time left: 300 sec this turn | 300 sec total\n|\n|t:|1783553878\n|move|p2a: Jirachi|Body Slam|p1a: Slowking\n|-damage|p1a: Slowking|0 fnt\n|faint|p1a: Slowking\n|\n|win|p0y1265e088", "uploadtime": 1783553878, "views": 0, "rating": 0, "private": 0, "password": null, "_winner": "p0y1265e088", "_our_name": "p0y1265e088"}