{"id": "battle-gen9randombattle-1507", "formatid": "gen9randombattle", "format": "[Gen 9] Random Battle", "players": ["p0x1507831b", "p0y15071398"], "log": "|init|battle\n|title|p0x1507831b vs. p0y15071398\n|j|\u2606p0x1507831b\n|j|\u2606p0y15071398\n|t:|1783557552\n|gametype|singles\n|player|p1|p0x1507831b|266|\n|player|p2|p0y15071398|170|\n|gen|9\n|tier|[Gen 9] Random Battle\n|rule|Species Clause: Limit one of each Pok\u00e9mon\n|rule|HP Percentage Mod: HP is shown in percentages\n|rule|Sleep Clause Mod: Limit one foe put to sleep\n|rule|Illusion Level Mod: Illusion disguises the Pok\u00e9mon's true level\n|\n|t:|1783557552\n|teamsize|p1|6\n|teamsize|p2|6\n|start\n|switch|p1a: Krookodile|Krookodile, L79, M|100/100\n|switch|p2a: Oinkologne|Oinkologne, L92, M|352/352\n|-ability|p1a: Krookodile|Intimidate|boost\n|-unboost|p2a: Oinkologne|atk|1\n|turn|1\n|inactive|Battle timer is ON: inactive players will automatically lose when time's up. (requested by p0x1507831b)\n|inactive|Time left: 300 sec this turn | 300 sec total | 60 sec grace\n|inactive|p0y15071398 also wants the timer to be on.\n|\n|t:|1783557553\n|move|p1a: Krookodile|Knock Off|p2a: Oinkologne\n|-damage|p2a: Oinkologne|246/352\n|-enditem|p2a: Oinkologne|Leftovers|[from] move: Knock Off|[of] p1a: Krookodile\n|move|p2a: Oinkologne|Body Slam|p1a: Krookodile\n|-damage|p1a: Krookodile|71/100\n|\n|-heal|p1a: Krookodile|77/100|[from] item: Leftovers\n|upkeep\n|turn|2\n|inactive|Time left: 300 sec this turn | 300 sec total\n|\n|t:|1783557554\n|move|p1a: Krookodile|Knock Off|p2a: Oinkologne\n|-damage|p2a: Oinkologne|167/352\n|move|p2a: Oinkologne|Body Slam|p1a: Krookodile\n|-damage|p1a: Krookodile|49/100\n|\n|-heal|p1a: Krookodile|55/100|[from] item: Leftovers\n|upkeep\n|turn|3\n|inactive|Time left: 300 sec this turn | 300 sec total\n|\n|t:|1783557556\n|move|p1a: Krookodile|Knock Off|p2a: Oinkologne\n|-damage|p2a: Oinkologne|94/352\n|move|p2a: Oinkologne|Body Slam|p1a: Krookodile\n|-damage|p1a: Krookodile|26/100\n|-status|p1a: Krookodile|par\n|\n|-heal|p1a: Krookodile|32/100 par|[from] item: Leftovers\n|upkeep\n|turn|4\n|inactive|Time left: 300 sec this turn | 300 sec total\n|\n|t:|1783557557\n|move|p2a: Oinkologne|Body Slam|p1a: Krookodile\n|-damage|p1a: Krookodile|4/100 par\n|cant|p1a: Krookodile|par\n|\n|-heal|p1a: Krookodile|10/100 par|[from] item: Leftovers\n|upkeep\n|turn|5\n|inactive|Time left: 300 sec this turn | 300 sec total\n|\n|t:|1783557558\n|switch|p1a: Glimmora|Glimmora, L75, M|100/100\n|-item|p1a: Glimmora|Air Balloon\n|move|p2a: Oinkologne|Body Slam|p1a: Glimmora\n|-resisted|p1a: Glimmora\n|-damage|p1a: Glimmora|86/100\n|-status|p1a: Glimmora|par\n|-activate|p1a: Glimmora|ability: Toxic Debris\n|-sidestart|p2: p0y15071398|move: Toxic Spikes\n|-enditem|p1a: Glimmora|Air Balloon\n|\n|upkeep\n|turn|6\n|inactive|Time left: 300 sec this turn | 300 sec total\n|\n|t:|1783557559\n|switch|p1a: Calyrex|Calyrex-Ice, L72|100/100\n|-ability|p1a: Calyrex|As One\n|-ability|p1a: Calyrex|Unnerve\n|move|p2a: Oinkologne|High Horsepower|p1a: Calyrex\n|-damage|p1a: Calyrex|85/100\n|\n|upkeep\n|turn|7\n|inactive|Time left: 300 sec this turn | 300 sec total\n|\n|t:|1783557560\n|switch|p2a: Jirachi|Jirachi, L80|291/291\n|move|p1a: Calyrex|Glacial Lance|p2a: Jirachi\n|-resisted|p2a: Jirachi\n|-damage|p2a: Jirachi|217/291\n|\n|-heal|p2a: Jirachi|235/291|[from] item: Leftovers\n|upkeep\n|turn|8\n|inactive|Time left: 300 sec this turn | 300 sec total\n|\n|t:|1783557561\n|move|p2a: Jirachi|Stealth Rock|p1a: Calyrex\n|-sidestart|p1: p0x1507831b|move: Stealth Rock\n|move|p1a: Calyrex|High Horsepower|p2a: Jirachi\n|-supereffective|p2a: Jirachi\n|-damage|p2a: Jirachi|93/291\n|\n|-heal|p2a: Jirachi|111/291|[from] item: Leftovers\n|upkeep\n|turn|9\n|inactive|Time left: 300 sec this turn | 300 sec total\n|\n|t:|1783557562\n|move|p2a: Jirachi|Iron Head|p1a: Calyrex\n|-supereffective|p1a: Calyrex\n|-damage|p1a: Calyrex|39/100\n|-enditem|p1a: Calyrex|Weakness Policy\n|-boost|p1a: Calyrex|atk|2|[from] item: Weakness Policy\n|-boost|p1a: Calyrex|spa|2|[from] item: Weakness Policy\n|move|p1a: Calyrex|High Horsepower|p2a: Jirachi\n|-supereffective|p2a: Jirachi\n|-damage|p2a: Jirachi|0 fnt\n|faint|p2a: Jirachi\n|-ability|p1a: Calyrex|Chilling Neigh|boost\n|-boost|p1a: Calyrex|atk|1\n|\n|upkeep\n|inactive|Time left: 300 sec this turn | 300 sec total | 5 sec grace\n|\n|t:|1783557563\n|switch|p2a: Golurk|Golurk, L87|297/297\n|-status|p2a: Golurk|psn\n|turn|10\n|inactive|Time left: 300 sec this turn | 300 sec total\n|\n|t:|1783557564\n|move|p2a: Golurk|Earthquake|p1a: Calyrex\n|-damage|p1a: Calyrex|0 fnt\n|faint|p1a: Calyrex\n|\n|-damage|p2a: Golurk|260/297 psn|[from] psn\n|upkeep\n|\n|t:|1783557564\n|switch|p1a: Poliwrath|Poliwrath, L88, F|100/100\n|-damage|p1a: Poliwrath|95/100|[from] Stealth Rock\n|turn|11\n|inactive|Time left: 300 sec this turn | 300 sec total\n|\n|t:|1783557565\n|move|p1a: Poliwrath|Bulk Up|p1a: Poliwrath\n|-boost|p1a: Poliwrath|atk|1\n|-boost|p1a: Poliwrath|def|1\n|move|p2a: Golurk|Earthquake|p1a: Poliwrath\n|-damage|p1a: Poliwrath|53/100\n|\n|-heal|p1a: Poliwrath|59/100|[from] item: Leftovers\n|-damage|p2a: Golurk|223/297 psn|[from] psn\n|upkeep\n|turn|12\n|inactive|Time left: 300 sec this turn | 300 sec total\n|\n|t:|1783557566\n|move|p1a: Poliwrath|Liquidation|p2a: Golurk\n|-supereffective|p2a: Golurk\n|-damage|p2a: Golurk|0 fnt\n|faint|p2a: Golurk\n|\n|-heal|p1a: Poliwrath|65/100|[from] item: Leftovers\n|upkeep\n|inactive|Time left: 300 sec this turn | 300 sec total | 5 sec grace\n|\n|t:|1783557567\n|switch|p2a: Glaceon|Glaceon, L94, F|275/275\n|turn|13\n|inactive|Time left: 300 sec this turn | 300 sec total\n|\n|t:|1783557568\n|-terastallize|p1a: Poliwrath|Fighting\n|move|p2a: Glaceon|Freeze-Dry|p1a: Poliwrath\n|-damage|p1a: Poliwrath|32/100\n|move|p1a: Poliwrath|Drain Punch|p2a: Glaceon\n|-supereffective|p2a: Glaceon\n|-damage|p2a: Glaceon|11/275\n|-heal|p1a: Poliwrath|75/100|[from] drain|[of] p2a: Glaceon\n|\n|-heal|p1a: Poliwrath|81/100|[from] item: Leftovers\n|upkeep\n|turn|14\n|inactive|Time left: 300 sec this turn | 300 sec total\n|\n|t:|1783557569\n|move|p2a: Glaceon|Mud Shot|p1a: Poliwrath\n|-damage|p1a: Poliwrath|61/100\n|-unboost|p1a: Poliwrath|spe|1\n|move|p1a: Poliwrath|Drain Punch|p2a: Glaceon\n|-supereffective|p2a: Glaceon\n|-damage|p2a: Glaceon|0 fnt\n|-heal|p1a: Poliwrath|63/100|[from] drain|[of] p2a: Glaceon\n|faint|p2a: Glaceon\n|\n|-heal|p1a: Poliwrath|69/100|[from] item: Leftovers\n|upkeep\n|inactive|Time left: 300 sec this turn | 300 sec total | 5 sec grace\n|\n|t:|1783557570\n|switch|p2a: Lanturn|Lanturn, L89, M|367/367\n|-status|p2a: Lanturn|psn\n|turn|15\n|inactive|Time left: 300 sec this turn | 300 sec total\n|\n|t:|1783557571\n|move|p2a: Lanturn|Thunder Wave|p1a: Poliwrath\n|-status|p1a: Poliwrath|par\n|move|p1a: Poliwrath|Drain Punch|p2a: Lanturn\n|-damage|p2a: Lanturn|129/367 psn\n|-heal|p1a: Poliwrath|100/100 par|[from] drain|[of] p2a: Lanturn\n|\n|-heal|p2a: Lanturn|151/367 psn|[from] item: Leftovers\n|-damage|p2a: Lanturn|106/367 psn|[from] psn\n|upkeep\n|turn|16\n|inactive|Time left: 300 sec this turn | 300 sec total\n|\n|t:|1783557572\n|move|p2a: Lanturn|Ice Beam|p1a: Poliwrath\n|-damage|p1a: Poliwrath|81/100 par\n|move|p1a: Poliwrath|Drain Punch|p2a: Lanturn\n|-damage|p2a: Lanturn|0 fnt\n|-heal|p1a: Poliwrath|99/100 par|[from] drain|[of] p2a: Lanturn\n|faint|p2a: Lanturn\n|\n|-heal|p1a: Poliwrath|100/100 par|[from] item: Leftovers\n|upkeep\n|inactive|Time left: 300 sec this turn | 300 sec total | 5 sec grace\n|\n|t:|1783557573\n|switch|p2a: Luvdisc|Luvdisc, F|247/247\n|turn|17\n|inactive|Time left: 300 sec this turn | 300 sec total\n|\n|t:|1783557574\n|move|p2a: Luvdisc|Substitute|p2a: Luvdisc\n|-start|p2a: Luvdisc|Substitute\n|-damage|p2a: Luvdisc|186/247\n|cant|p1a: Poliwrath|par\n|\n|upkeep\n|turn|18\n|inactive|Time left: 300 sec this turn | 300 sec total\n|\n|t:|1783557575\n|move|p2a: Luvdisc|Endeavor|p1a: Poliwrath\n|-damage|p1a: Poliwrath|62/100 par\n|move|p1a: Poliwrath|Drain Punch|p2a: Luvdisc\n|-end|p2a: Luvdisc|Substitute\n|-heal|p1a: Poliwrath|72/100 par|[from] drain|[of] p2a: Luvdisc\n|\n|-heal|p1a: Poliwrath|78/100 par|[from] item: Leftovers\n|upkeep\n|turn|19\n|inactive|Time left: 300 sec this turn | 300 sec total\n|\n|t:|1783557576\n|move|p2a: Luvdisc|Substitute|p2a: Luvdisc\n|-start|p2a: Luvdisc|Substitute\n|-damage|p2a: Luvdisc|125/247\n|move|p1a: Poliwrath|Drain Punch|p2a: Luvdisc\n|-end|p2a: Luvdisc|Substitute\n|-heal|p1a: Poliwrath|89/100 par|[from] drain|[of] p2a: Luvdisc\n|\n|-heal|p1a: Poliwrath|95/100 par|[from] item: Leftovers\n|upkeep\n|turn|20\n|inactive|Time left: 300 sec this turn | 300 sec total\n|\n|t:|1783557577\n|move|p2a: Luvdisc|Substitute|p2a: Luvdisc\n|-start|p2a: Luvdisc|Substitute\n|-damage|p2a: Luvdisc|64/247\n|cant|p1a: Poliwrath|par\n|\n|-heal|p1a: Poliwrath|100/100 par|[from] item: Leftovers\n|upkeep\n|turn|21\n|inactive|Time left: 300 sec this turn | 300 sec total\n|\n|t:|1783557578\n|move|p2a: Luvdisc|Endeavor|p1a: Poliwrath\n|-damage|p1a: Poliwrath|22/100 par\n|cant|p1a: Poliwrath|par\n|\n|-heal|p1a: Poliwrath|28/100 par|[from] item: Leftovers\n|upkeep\n|turn|22\n|inactive|Time left: 300 sec this turn | 300 sec total\n|\n|t:|1783557579\n|move|p2a: Luvdisc|Endeavor|p1a: Poliwrath\n|-damage|p1a: Poliwrath|22/100 par\n|move|p1a: Poliwrath|Liquidation|p2a: Luvdisc\n|-resisted|p2a: Luvdisc\n|-end|p2a: Luvdisc|Substitute\n|\n|-heal|p1a: Poliwrath|28/100 par|[from] item: Leftovers\n|upkeep\n|turn|23\n|inactive|Time left: 300 sec this turn | 300 sec total\n|\n|t:|1783557580\n|move|p2a: Luvdisc|Substitute|p2a: Luvdisc\n|-start|p2a: Luvdisc|Substitute\n|-damage|p2a: Luvdisc|3/247\n|move|p1a: Poliwrath|Drain Punch|p2a: Luvdisc\n|-end|p2a: Luvdisc|Substitute\n|-heal|p1a: Poliwrath|38/100 par|[from] drain|[of] p2a: Luvdisc\n|\n|-heal|p1a: Poliwrath|44/100 par|[from] item: Leftovers\n|upkeep\n|turn|24\n|inactive|Time left: 300 sec this turn | 300 sec total\n|\n|t:|1783557581\n|move|p2a: Luvdisc|Endeavor|p1a: Poliwrath\n|-damage|p1a: Poliwrath|1/100 par\n|cant|p1a: Poliwrath|par\n|\n|-heal|p1a: Poliwrath|7/100 par|[from] item: Leftovers\n|upkeep\n|turn|25\n|inactive|Time left: 300 sec this turn | 300 sec total\n|\n|t:|1783557582\n|move|p2a: Luvdisc|Substitute|p2a: Luvdisc\n|-fail|p2a: Luvdisc|move: Substitute|[weak]\n|move|p1a: Poliwrath|Liquidation|p2a: Luvdisc\n|-resisted|p2a: Luvdisc\n|-damage|p2a: Luvdisc|0 fnt\n|faint|p2a: Luvdisc\n|\n|-heal|p1a: Poliwrath|13/100 par|[from] item: Leftovers\n|upkeep\n|inactive|Time left: 300 sec this turn | 300 sec total | 5 sec grace\n|\n|t:|1783557583\n|switch|p2a: Oinkologne|Oinkologne, L92, M|94/352\n|-status|p2a: Oinkologne|psn\n|turn|26\n|inactive|Time left: 300 sec this turn | 300 sec total\n|\n|t:|1783557584\n|switch|p1a: Dipplin|Dipplin, L88, F|100/100\n|-damage|p1a: Dipplin|88/100|[from] Stealth Rock\n|move|p2a: Oinkologne|High Horsepower|p1a: Dipplin\n|-resisted|p1a: Dipplin\n|-damage|p1a: Dipplin|80/100\n|\n|-damage|p2a: Oinkologne|50/352 psn|[from] psn\n|upkeep\n|turn|27\n|inactive|Time left: 300 sec this turn | 300 sec total\n|\n|t:|1783557585\n|switch|p1a: Krookodile|Krookodile, L79, M|10/100 par\n|-damage|p1a: Krookodile|4/100 par|[from] Stealth Rock\n|-ability|p1a: Krookodile|Intimidate|boost\n|-unboost|p2a: Oinkologne|atk|1\n|move|p2a: Oinkologne|High Horsepower|p1a: Krookodile\n|-damage|p1a: Krookodile|0 fnt\n|faint|p1a: Krookodile\n|\n|-damage|p2a: Oinkologne|6/352 psn|[from] psn\n|upkeep\n|\n|t:|1783557586\n|switch|p1a: Dipplin|Dipplin, L88, F|80/100\n|-damage|p1a: Dipplin|68/100|[from] Stealth Rock\n|turn|28\n|inactive|Time left: 300 sec this turn | 300 sec total\n|\n|t:|1783557587\n|switch|p1a: Glimmora|Glimmora, L75, M|86/100 par\n|-damage|p1a: Glimmora|73/100 par|[from] Stealth Rock\n|-terastallize|p2a: Oinkologne|Ground\n|move|p2a: Oinkologne|Curse|p2a: Oinkologne\n|-unboost|p2a: Oinkologne|spe|1\n|-boost|p2a: Oinkologne|atk|1\n|-boost|p2a: Oinkologne|def|1\n|\n|-damage|p2a: Oinkologne|0 fnt|[from] psn\n|faint|p2a: Oinkologne\n|\n|win|p0x1507831b", "uploadtime": 1783557587, "views": 0, "rating": 0, "private": 0, "password": null, "_winner": "p0x1507831b", "_our_name": "p0y15071398"}