{"id": "battle-gen9randombattle-2370", "formatid": "gen9randombattle", "format": "[Gen 9] Random Battle", "players": ["p0x2370432a", "p0y2370179e"], "log": "|init|battle\n|title|p0x2370432a vs. p0y2370179e\n|j|\u2606p0x2370432a\n|j|\u2606p0y2370179e\n|t:|1783566493\n|gametype|singles\n|player|p1|p0x2370432a|1|\n|player|p2|p0y2370179e|102|\n|gen|9\n|tier|[Gen 9] Random Battle\n|rule|Species Clause: Limit one of each Pok\u00e9mon\n|rule|HP Percentage Mod: HP is shown in percentages\n|rule|Sleep Clause Mod: Limit one foe put to sleep\n|rule|Illusion Level Mod: Illusion disguises the Pok\u00e9mon's true level\n|\n|t:|1783566493\n|teamsize|p1|6\n|teamsize|p2|6\n|start\n|switch|p1a: Glaceon|Glaceon, L94, F|100/100\n|switch|p2a: Pelipper|Pelipper, L86, F|243/243\n|-weather|RainDance|[from] ability: Drizzle|[of] p2a: Pelipper\n|turn|1\n|inactive|Battle timer is ON: inactive players will automatically lose when time's up. (requested by p0y2370179e)\n|inactive|p0x2370432a also wants the timer to be on.\n|\n|t:|1783566495\n|switch|p2a: Piloswine|Piloswine, L85, M|309/309\n|move|p1a: Glaceon|Freeze-Dry|p2a: Piloswine\n|-damage|p2a: Piloswine|263/309\n|\n|-weather|RainDance|[upkeep]\n|upkeep\n|turn|2\n|inactive|Time left: 300 sec this turn | 300 sec total\n|\n|t:|1783566496\n|move|p1a: Glaceon|Calm Mind|p1a: Glaceon\n|-boost|p1a: Glaceon|spa|1\n|-boost|p1a: Glaceon|spd|1\n|move|p2a: Piloswine|Earthquake|p1a: Glaceon\n|-damage|p1a: Glaceon|72/100\n|\n|-weather|RainDance|[upkeep]\n|upkeep\n|turn|3\n|inactive|Time left: 300 sec this turn | 300 sec total\n|\n|t:|1783566497\n|move|p1a: Glaceon|Freeze-Dry|p2a: Piloswine\n|-damage|p2a: Piloswine|194/309\n|move|p2a: Piloswine|Earthquake|p1a: Glaceon\n|-damage|p1a: Glaceon|39/100\n|\n|-weather|RainDance|[upkeep]\n|upkeep\n|turn|4\n|inactive|Time left: 300 sec this turn | 300 sec total\n|\n|t:|1783566498\n|move|p1a: Glaceon|Freeze-Dry|p2a: Piloswine\n|-damage|p2a: Piloswine|115/309\n|move|p2a: Piloswine|Earthquake|p1a: Glaceon\n|-damage|p1a: Glaceon|6/100\n|\n|-weather|RainDance|[upkeep]\n|upkeep\n|turn|5\n|inactive|Time left: 300 sec this turn | 300 sec total\n|\n|t:|1783566499\n|move|p1a: Glaceon|Freeze-Dry|p2a: Piloswine\n|-damage|p2a: Piloswine|34/309\n|move|p2a: Piloswine|Earthquake|p1a: Glaceon\n|-damage|p1a: Glaceon|0 fnt\n|faint|p1a: Glaceon\n|\n|-weather|none\n|upkeep\n|\n|t:|1783566500\n|switch|p1a: Ribombee|Ribombee, L83, M|100/100\n|turn|6\n|inactive|Time left: 300 sec this turn | 300 sec total\n|\n|t:|1783566501\n|switch|p2a: Pelipper|Pelipper, L86, F|243/243\n|-weather|RainDance|[from] ability: Drizzle|[of] p2a: Pelipper\n|move|p1a: Ribombee|Sticky Web|p2a: Pelipper\n|-sidestart|p2: p0y2370179e|move: Sticky Web\n|\n|-weather|RainDance|[upkeep]\n|upkeep\n|turn|7\n|inactive|Time left: 300 sec this turn | 300 sec total\n|\n|t:|1783566502\n|move|p1a: Ribombee|U-turn|p2a: Pelipper\n|-resisted|p2a: Pelipper\n|-damage|p2a: Pelipper|222/243\n|\n|t:|1783566503\n|switch|p1a: Thundurus|Thundurus, L80, M|100/100|[from] U-turn\n|move|p2a: Pelipper|Weather Ball|p1a: Thundurus\n|-damage|p1a: Thundurus|0 fnt\n|faint|p1a: Thundurus\n|\n|-weather|RainDance|[upkeep]\n|upkeep\n|\n|t:|1783566504\n|switch|p1a: Wugtrio|Wugtrio, L91, F|100/100\n|turn|8\n|inactive|Time left: 300 sec this turn | 300 sec total\n|\n|t:|1783566505\n|move|p1a: Wugtrio|Liquidation|p2a: Pelipper\n|-resisted|p2a: Pelipper\n|-damage|p2a: Pelipper|120/243\n|move|p2a: Pelipper|Weather Ball|p1a: Wugtrio\n|-resisted|p1a: Wugtrio\n|-damage|p1a: Wugtrio|33/100\n|\n|-weather|RainDance|[upkeep]\n|upkeep\n|turn|9\n|inactive|Time left: 300 sec this turn | 300 sec total\n|\n|t:|1783566506\n|-terastallize|p1a: Wugtrio|Water\n|move|p1a: Wugtrio|Liquidation|p2a: Pelipper\n|-resisted|p2a: Pelipper\n|-damage|p2a: Pelipper|0 fnt\n|faint|p2a: Pelipper\n|\n|-weather|RainDance|[upkeep]\n|upkeep\n|inactive|Time left: 300 sec this turn | 300 sec total | 5 sec grace\n|\n|t:|1783566507\n|switch|p2a: Clodsire|Clodsire, L81, M|343/343\n|-activate|p2a: Clodsire|move: Sticky Web\n|-unboost|p2a: Clodsire|spe|1\n|turn|10\n|inactive|Time left: 300 sec this turn | 300 sec total\n|\n|t:|1783566508\n|move|p1a: Wugtrio|Liquidation|p2a: Clodsire\n|-immune|p2a: Clodsire|[from] ability: Water Absorb\n|move|p2a: Clodsire|Gunk Shot|p1a: Wugtrio\n|-damage|p1a: Wugtrio|0 fnt\n|faint|p1a: Wugtrio\n|\n|-weather|none\n|upkeep\n|\n|t:|1783566509\n|switch|p1a: Espathra|Espathra, L80, M|100/100\n|turn|11\n|inactive|Time left: 300 sec this turn | 300 sec total\n|\n|t:|1783566510\n|move|p1a: Espathra|Calm Mind|p1a: Espathra\n|-boost|p1a: Espathra|spa|1\n|-boost|p1a: Espathra|spd|1\n|move|p2a: Clodsire|Gunk Shot|p1a: Espathra\n|-damage|p1a: Espathra|54/100\n|\n|-heal|p1a: Espathra|60/100|[from] item: Leftovers\n|-ability|p1a: Espathra|Speed Boost|boost\n|-boost|p1a: Espathra|spe|1\n|upkeep\n|turn|12\n|inactive|Time left: 300 sec this turn | 300 sec total\n|\n|t:|1783566511\n|move|p1a: Espathra|Roost|p1a: Espathra\n|-heal|p1a: Espathra|100/100\n|-singleturn|p1a: Espathra|move: Roost\n|move|p2a: Clodsire|Gunk Shot|p1a: Espathra\n|-damage|p1a: Espathra|57/100\n|-status|p1a: Espathra|psn\n|\n|-heal|p1a: Espathra|63/100 psn|[from] item: Leftovers\n|-damage|p1a: Espathra|50/100 psn|[from] psn\n|-ability|p1a: Espathra|Speed Boost|boost\n|-boost|p1a: Espathra|spe|1\n|upkeep\n|turn|13\n|inactive|Time left: 300 sec this turn | 300 sec total\n|\n|t:|1783566512\n|move|p1a: Espathra|Roost|p1a: Espathra\n|-heal|p1a: Espathra|100/100 psn\n|-singleturn|p1a: Espathra|move: Roost\n|move|p2a: Clodsire|Earthquake|p1a: Espathra\n|-damage|p1a: Espathra|62/100 psn\n|\n|-heal|p1a: Espathra|68/100 psn|[from] item: Leftovers\n|-damage|p1a: Espathra|56/100 psn|[from] psn\n|-ability|p1a: Espathra|Speed Boost|boost\n|-boost|p1a: Espathra|spe|1\n|upkeep\n|turn|14\n|inactive|Time left: 300 sec this turn | 300 sec total\n|\n|t:|1783566513\n|switch|p2a: Roaring Moon|Roaring Moon, L72|270/270\n|-activate|p2a: Roaring Moon|move: Sticky Web\n|-unboost|p2a: Roaring Moon|spe|1\n|move|p1a: Espathra|Roost|p1a: Espathra\n|-heal|p1a: Espathra|100/100 psn\n|-singleturn|p1a: Espathra|move: Roost\n|\n|-damage|p1a: Espathra|88/100 psn|[from] psn\n|-ability|p1a: Espathra|Speed Boost|boost\n|-boost|p1a: Espathra|spe|1\n|upkeep\n|turn|15\n|inactive|Time left: 300 sec this turn | 300 sec total\n|\n|t:|1783566514\n|-terastallize|p2a: Roaring Moon|Dark\n|move|p1a: Espathra|Dazzling Gleam|p2a: Roaring Moon\n|-supereffective|p2a: Roaring Moon\n|-damage|p2a: Roaring Moon|100/270\n|move|p2a: Roaring Moon|Knock Off|p1a: Espathra\n|-supereffective|p1a: Espathra\n|-damage|p1a: Espathra|0 fnt\n|-enditem|p1a: Espathra|Leftovers|[from] move: Knock Off|[of] p2a: Roaring Moon\n|faint|p1a: Espathra\n|\n|upkeep\n|\n|t:|1783566515\n|switch|p1a: Iron Treads|Iron Treads, L77|100/100\n|turn|16\n|inactive|Time left: 300 sec this turn | 300 sec total\n|\n|t:|1783566516\n|move|p1a: Iron Treads|Earthquake|p2a: Roaring Moon\n|-damage|p2a: Roaring Moon|0 fnt\n|faint|p2a: Roaring Moon\n|-end|p2a: Roaring Moon|Protosynthesis|[silent]\n|\n|upkeep\n|inactive|Time left: 300 sec this turn | 300 sec total | 5 sec grace\n|\n|t:|1783566517\n|switch|p2a: Meowstic|Meowstic, L89, M|277/277\n|-activate|p2a: Meowstic|move: Sticky Web\n|-unboost|p2a: Meowstic|spe|1\n|turn|17\n|inactive|Time left: 300 sec this turn | 300 sec total\n|\n|t:|1783566518\n|move|p2a: Meowstic|Reflect|p2a: Meowstic\n|-sidestart|p2: p0y2370179e|Reflect\n|move|p1a: Iron Treads|Rapid Spin|p2a: Meowstic\n|-damage|p2a: Meowstic|259/277\n|-boost|p1a: Iron Treads|spe|1\n|\n|upkeep\n|turn|18\n|inactive|Time left: 300 sec this turn | 300 sec total\n|\n|t:|1783566519\n|move|p2a: Meowstic|Yawn|p1a: Iron Treads\n|-start|p1a: Iron Treads|move: Yawn|[of] p2a: Meowstic\n|move|p1a: Iron Treads|Rapid Spin|p2a: Meowstic\n|-damage|p2a: Meowstic|240/277\n|-boost|p1a: Iron Treads|spe|1\n|\n|upkeep\n|turn|19\n|inactive|Time left: 300 sec this turn | 300 sec total\n|\n|t:|1783566520\n|move|p2a: Meowstic|Light Screen|p2a: Meowstic\n|-sidestart|p2: p0y2370179e|move: Light Screen\n|move|p1a: Iron Treads|Earthquake|p2a: Meowstic\n|-damage|p2a: Meowstic|184/277\n|\n|-end|p1a: Iron Treads|move: Yawn|[silent]\n|-status|p1a: Iron Treads|slp\n|upkeep\n|turn|20\n|inactive|Time left: 300 sec this turn | 300 sec total\n|\n|t:|1783566521\n|switch|p2a: Dialga|Dialga-Origin, L73|266/266\n|-activate|p2a: Dialga|move: Sticky Web\n|-unboost|p2a: Dialga|spe|1\n|-ability|p2a: Dialga|Pressure\n|cant|p1a: Iron Treads|slp\n|\n|upkeep\n|turn|21\n|inactive|Time left: 300 sec this turn | 300 sec total\n|\n|t:|1783566522\n|cant|p1a: Iron Treads|slp\n|move|p2a: Dialga|Fire Blast|p1a: Iron Treads\n|-supereffective|p1a: Iron Treads\n|-damage|p1a: Iron Treads|45/100 slp\n|\n|upkeep\n|turn|22\n|inactive|Time left: 300 sec this turn | 300 sec total\n|\n|t:|1783566524\n|cant|p1a: Iron Treads|slp\n|move|p2a: Dialga|Fire Blast|p1a: Iron Treads|[miss]\n|-miss|p2a: Dialga|p1a: Iron Treads\n|\n|upkeep\n|turn|23\n|inactive|Time left: 300 sec this turn | 300 sec total\n|\n|t:|1783566525\n|-curestatus|p1a: Iron Treads|slp|[msg]\n|move|p1a: Iron Treads|Volt Switch|p2a: Dialga\n|-resisted|p2a: Dialga\n|-damage|p2a: Dialga|259/266\n|\n|t:|1783566526\n|-end|p1a: Iron Treads|Quark Drive|[silent]\n|switch|p1a: Ribombee|Ribombee, L83, M|100/100|[from] Volt Switch\n|move|p2a: Dialga|Fire Blast|p1a: Ribombee\n|-supereffective|p1a: Ribombee\n|-damage|p1a: Ribombee|15/100\n|\n|upkeep\n|turn|24\n|inactive|Time left: 300 sec this turn | 300 sec total\n|\n|t:|1783566527\n|move|p1a: Ribombee|Moonblast|p2a: Dialga\n|-damage|p2a: Dialga|218/266\n|move|p2a: Dialga|Fire Blast|p1a: Ribombee\n|-supereffective|p1a: Ribombee\n|-damage|p1a: Ribombee|0 fnt\n|faint|p1a: Ribombee\n|\n|-sideend|p2: p0y2370179e|Reflect\n|upkeep\n|\n|t:|1783566528\n|switch|p1a: Iron Treads|Iron Treads, L77|45/100\n|turn|25\n|inactive|Time left: 300 sec this turn | 300 sec total\n|\n|t:|1783566529\n|move|p1a: Iron Treads|Iron Head|p2a: Dialga\n|-resisted|p2a: Dialga\n|-crit|p2a: Dialga\n|-damage|p2a: Dialga|161/266\n|move|p2a: Dialga|Fire Blast|p1a: Iron Treads\n|-supereffective|p1a: Iron Treads\n|-damage|p1a: Iron Treads|0 fnt\n|faint|p1a: Iron Treads\n|-end|p1a: Iron Treads|Quark Drive|[silent]\n|\n|win|p0y2370179e", "uploadtime": 1783566529, "views": 0, "rating": 0, "private": 0, "password": null, "_winner": "p0y2370179e", "_our_name": "p0y2370179e"}