{"id": "battle-gen9randombattle-2434", "formatid": "gen9randombattle", "format": "[Gen 9] Random Battle", "players": ["p0x243493e3", "p0y2434cd17"], "log": "|init|battle\n|title|p0x243493e3 vs. p0y2434cd17\n|j|\u2606p0x243493e3\n|j|\u2606p0y2434cd17\n|t:|1783568235\n|gametype|singles\n|player|p1|p0x243493e3|101|\n|player|p2|p0y2434cd17|266|\n|gen|9\n|tier|[Gen 9] Random Battle\n|rule|Species Clause: Limit one of each Pok\u00e9mon\n|rule|HP Percentage Mod: HP is shown in percentages\n|rule|Sleep Clause Mod: Limit one foe put to sleep\n|rule|Illusion Level Mod: Illusion disguises the Pok\u00e9mon's true level\n|\n|t:|1783568235\n|teamsize|p1|6\n|teamsize|p2|6\n|start\n|switch|p1a: Gardevoir|Gardevoir, L83, M|100/100\n|switch|p2a: Ogerpon|Ogerpon-Cornerstone, L76, F|247/247\n|-ability|p1a: Gardevoir|Sturdy|Trace|[from] ability: Trace|[of] p2a: Ogerpon\n|turn|1\n|inactive|Battle timer is ON: inactive players will automatically lose when time's up. (requested by p0x243493e3)\n|inactive|Time left: 300 sec this turn | 300 sec total | 60 sec grace\n|inactive|p0y2434cd17 also wants the timer to be on.\n|\n|t:|1783568236\n|move|p2a: Ogerpon|Horn Leech|p1a: Gardevoir\n|-damage|p1a: Gardevoir|53/100\n|move|p1a: Gardevoir|Focus Blast|p2a: Ogerpon|[miss]\n|-miss|p1a: Gardevoir|p2a: Ogerpon\n|\n|upkeep\n|turn|2\n|inactive|Time left: 300 sec this turn | 300 sec total\n|\n|t:|1783568237\n|switch|p2a: Hariyama|Hariyama, L87, F|392/392\n|move|p1a: Gardevoir|Moonblast|p2a: Hariyama\n|-supereffective|p2a: Hariyama\n|-damage|p2a: Hariyama|0 fnt\n|faint|p2a: Hariyama\n|-damage|p1a: Gardevoir|43/100|[from] item: Life Orb\n|\n|upkeep\n|inactive|Time left: 300 sec this turn | 300 sec total | 5 sec grace\n|\n|t:|1783568238\n|switch|p2a: Ogerpon|Ogerpon-Cornerstone, L76, F|247/247\n|turn|3\n|inactive|Time left: 300 sec this turn | 300 sec total\n|\n|t:|1783568239\n|switch|p1a: Grimmsnarl|Grimmsnarl, L83, M|100/100\n|move|p2a: Ogerpon|Ivy Cudgel|p1a: Grimmsnarl|[anim] Ivy Cudgel Rock\n|-damage|p1a: Grimmsnarl|44/100\n|\n|upkeep\n|turn|4\n|inactive|Time left: 300 sec this turn | 300 sec total\n|\n|t:|1783568240\n|move|p1a: Grimmsnarl|Reflect|p1a: Grimmsnarl\n|-sidestart|p1: p0x243493e3|Reflect\n|move|p2a: Ogerpon|Ivy Cudgel|p1a: Grimmsnarl|[anim] Ivy Cudgel Rock\n|-damage|p1a: Grimmsnarl|19/100\n|\n|upkeep\n|turn|5\n|inactive|Time left: 300 sec this turn | 300 sec total\n|\n|t:|1783568242\n|move|p1a: Grimmsnarl|Parting Shot|p2a: Ogerpon\n|-unboost|p2a: Ogerpon|atk|1\n|-unboost|p2a: Ogerpon|spa|1\n|\n|t:|1783568242\n|switch|p1a: Urshifu|Urshifu-Rapid-Strike, L75, M|100/100|[from] Parting Shot\n|move|p2a: Ogerpon|Swords Dance|p2a: Ogerpon\n|-boost|p2a: Ogerpon|atk|2\n|\n|upkeep\n|turn|6\n|inactive|Time left: 300 sec this turn | 300 sec total\n|\n|t:|1783568244\n|move|p2a: Ogerpon|Horn Leech|p1a: Urshifu\n|-supereffective|p1a: Urshifu\n|-damage|p1a: Urshifu|47/100\n|move|p1a: Urshifu|Surging Strikes|p2a: Ogerpon\n|-crit|p2a: Ogerpon\n|-damage|p2a: Ogerpon|180/247\n|-crit|p2a: Ogerpon\n|-damage|p2a: Ogerpon|105/247\n|-crit|p2a: Ogerpon\n|-damage|p2a: Ogerpon|32/247\n|-hitcount|p2a: Ogerpon|3\n|\n|upkeep\n|turn|7\n|inactive|Time left: 300 sec this turn | 300 sec total\n|\n|t:|1783568245\n|switch|p1a: Sudowoodo|Sudowoodo, L94, F|100/100\n|move|p2a: Ogerpon|Horn Leech|p1a: Sudowoodo\n|-supereffective|p1a: Sudowoodo\n|-damage|p1a: Sudowoodo|63/100\n|-heal|p2a: Ogerpon|85/247|[from] drain|[of] p1a: Sudowoodo\n|\n|upkeep\n|turn|8\n|inactive|Time left: 300 sec this turn | 300 sec total\n|\n|t:|1783568246\n|switch|p2a: Torterra|Torterra, L78, F|276/276\n|move|p1a: Sudowoodo|Head Smash|p2a: Torterra\n|-resisted|p2a: Torterra\n|-damage|p2a: Torterra|147/276\n|\n|upkeep\n|turn|9\n|inactive|Time left: 300 sec this turn | 300 sec total\n|\n|t:|1783568247\n|move|p2a: Torterra|Bullet Seed|p1a: Sudowoodo\n|-supereffective|p1a: Sudowoodo\n|-damage|p1a: Sudowoodo|56/100\n|-supereffective|p1a: Sudowoodo\n|-damage|p1a: Sudowoodo|50/100\n|-supereffective|p1a: Sudowoodo\n|-damage|p1a: Sudowoodo|43/100\n|-supereffective|p1a: Sudowoodo\n|-damage|p1a: Sudowoodo|36/100\n|-hitcount|p1a: Sudowoodo|4\n|move|p1a: Sudowoodo|Head Smash|p2a: Torterra\n|-resisted|p2a: Torterra\n|-damage|p2a: Torterra|0 fnt\n|faint|p2a: Torterra\n|\n|upkeep\n|inactive|Time left: 300 sec this turn | 300 sec total | 5 sec grace\n|\n|t:|1783568248\n|switch|p2a: Kommo-o|Kommo-o, L77, F|242/242\n|turn|10\n|inactive|Time left: 300 sec this turn | 300 sec total\n|\n|t:|1783568249\n|move|p2a: Kommo-o|Swords Dance|p2a: Kommo-o\n|-boost|p2a: Kommo-o|atk|2\n|move|p1a: Sudowoodo|Head Smash|p2a: Kommo-o\n|-resisted|p2a: Kommo-o\n|-damage|p2a: Kommo-o|112/242\n|\n|upkeep\n|turn|11\n|inactive|Time left: 300 sec this turn | 300 sec total\n|\n|t:|1783568250\n|move|p2a: Kommo-o|Iron Head|p1a: Sudowoodo\n|-supereffective|p1a: Sudowoodo\n|-damage|p1a: Sudowoodo|10/100\n|move|p1a: Sudowoodo|Head Smash|p2a: Kommo-o\n|-resisted|p2a: Kommo-o\n|-damage|p2a: Kommo-o|0 fnt\n|faint|p2a: Kommo-o\n|\n|-sideend|p1: p0x243493e3|Reflect\n|upkeep\n|inactive|Time left: 300 sec this turn | 300 sec total | 5 sec grace\n|\n|t:|1783568251\n|switch|p2a: Scizor|Scizor, L79, M|240/240\n|turn|12\n|inactive|Time left: 300 sec this turn | 300 sec total\n|\n|t:|1783568252\n|switch|p1a: Urshifu|Urshifu-Rapid-Strike, L75, M|47/100\n|move|p2a: Scizor|Knock Off|p1a: Urshifu\n|-resisted|p1a: Urshifu\n|-damage|p1a: Urshifu|25/100\n|-enditem|p1a: Urshifu|Choice Band|[from] move: Knock Off|[of] p2a: Scizor\n|\n|upkeep\n|turn|13\n|inactive|Time left: 300 sec this turn | 300 sec total\n|\n|t:|1783568253\n|move|p1a: Urshifu|Surging Strikes|p2a: Scizor\n|-crit|p2a: Scizor\n|-damage|p2a: Scizor|201/240\n|-crit|p2a: Scizor\n|-damage|p2a: Scizor|156/240\n|-crit|p2a: Scizor\n|-damage|p2a: Scizor|117/240\n|-hitcount|p2a: Scizor|3\n|move|p2a: Scizor|Knock Off|p1a: Urshifu\n|-resisted|p1a: Urshifu\n|-damage|p1a: Urshifu|12/100\n|\n|upkeep\n|turn|14\n|inactive|Time left: 300 sec this turn | 300 sec total\n|\n|t:|1783568254\n|move|p1a: Urshifu|Close Combat|p2a: Scizor\n|-damage|p2a: Scizor|0 fnt\n|-unboost|p1a: Urshifu|def|1\n|-unboost|p1a: Urshifu|spd|1\n|faint|p2a: Scizor\n|\n|upkeep\n|inactive|Time left: 300 sec this turn | 300 sec total | 5 sec grace\n|\n|t:|1783568255\n|switch|p2a: Ogerpon|Ogerpon-Cornerstone, L76, F|85/247\n|turn|15\n|inactive|Time left: 300 sec this turn | 300 sec total\n|\n|t:|1783568256\n|move|p1a: Urshifu|Aqua Jet|p2a: Ogerpon\n|-crit|p2a: Ogerpon\n|-damage|p2a: Ogerpon|7/247\n|move|p2a: Ogerpon|Ivy Cudgel|p1a: Urshifu|[anim] Ivy Cudgel Rock\n|-resisted|p1a: Urshifu\n|-crit|p1a: Urshifu\n|-damage|p1a: Urshifu|0 fnt\n|faint|p1a: Urshifu\n|\n|upkeep\n|\n|t:|1783568256\n|switch|p1a: Floatzel|Floatzel, L86, M|100/100\n|turn|16\n|inactive|Time left: 300 sec this turn | 300 sec total\n|\n|t:|1783568257\n|move|p1a: Floatzel|Wave Crash|p2a: Ogerpon\n|-damage|p2a: Ogerpon|0 fnt\n|faint|p2a: Ogerpon\n|-damage|p1a: Floatzel|99/100|[from] Recoil\n|\n|-heal|p1a: Floatzel|100/100|[from] item: Leftovers\n|upkeep\n|inactive|Time left: 300 sec this turn | 300 sec total | 5 sec grace\n|\n|t:|1783568258\n|switch|p2a: Ho-Oh|Ho-Oh, L71|268/268\n|turn|17\n|inactive|Time left: 300 sec this turn | 300 sec total\n|\n|t:|1783568259\n|-terastallize|p2a: Ho-Oh|Steel\n|move|p1a: Floatzel|Wave Crash|p2a: Ho-Oh\n|-damage|p2a: Ho-Oh|105/268\n|-damage|p1a: Floatzel|82/100|[from] Recoil\n|move|p2a: Ho-Oh|Recover|p2a: Ho-Oh\n|-heal|p2a: Ho-Oh|239/268\n|\n|-heal|p1a: Floatzel|88/100|[from] item: Leftovers\n|upkeep\n|turn|18\n|inactive|Time left: 300 sec this turn | 300 sec total\n|\n|t:|1783568260\n|move|p1a: Floatzel|Bulk Up|p1a: Floatzel\n|-boost|p1a: Floatzel|atk|1\n|-boost|p1a: Floatzel|def|1\n|move|p2a: Ho-Oh|Recover|p2a: Ho-Oh\n|-heal|p2a: Ho-Oh|268/268\n|\n|-heal|p1a: Floatzel|94/100|[from] item: Leftovers\n|upkeep\n|turn|19\n|inactive|Time left: 300 sec this turn | 300 sec total\n|\n|t:|1783568260\n|move|p1a: Floatzel|Wave Crash|p2a: Ho-Oh\n|-damage|p2a: Ho-Oh|34/268\n|-damage|p1a: Floatzel|67/100|[from] Recoil\n|move|p2a: Ho-Oh|Recover|p2a: Ho-Oh\n|-heal|p2a: Ho-Oh|168/268\n|\n|-heal|p1a: Floatzel|73/100|[from] item: Leftovers\n|upkeep\n|turn|20\n|inactive|Time left: 300 sec this turn | 300 sec total\n|\n|t:|1783568261\n|move|p1a: Floatzel|Wave Crash|p2a: Ho-Oh\n|-damage|p2a: Ho-Oh|0 fnt\n|faint|p2a: Ho-Oh\n|-damage|p1a: Floatzel|53/100|[from] Recoil\n|\n|win|p0x243493e3", "uploadtime": 1783568261, "views": 0, "rating": 0, "private": 0, "password": null, "_winner": "p0x243493e3", "_our_name": "p0y2434cd17"}