{"id": "battle-gen9randombattle-600", "formatid": "gen9randombattle", "format": "[Gen 9] Random Battle", "players": ["p0x600ab5e", "p0y600129e"], "log": "|init|battle\n|title|p0x600ab5e vs. p0y600129e\n|j|\u2606p0x600ab5e\n|j|\u2606p0y600129e\n|t:|1783546788\n|gametype|singles\n|player|p1|p0x600ab5e|101|\n|player|p2|p0y600129e|101|\n|gen|9\n|tier|[Gen 9] Random Battle\n|rule|Species Clause: Limit one of each Pok\u00e9mon\n|rule|HP Percentage Mod: HP is shown in percentages\n|rule|Sleep Clause Mod: Limit one foe put to sleep\n|rule|Illusion Level Mod: Illusion disguises the Pok\u00e9mon's true level\n|\n|t:|1783546788\n|teamsize|p1|6\n|teamsize|p2|6\n|start\n|switch|p1a: Primarina|Primarina, L83, F|268/268\n|switch|p2a: Oricorio|Oricorio-Pa'u, L87, M|100/100\n|turn|1\n|inactive|Battle timer is ON: inactive players will automatically lose when time's up. (requested by p0y600129e)\n|inactive|Time left: 300 sec this turn | 300 sec total | 60 sec grace\n|\n|t:|1783546790\n|move|p2a: Oricorio|Quiver Dance|p2a: Oricorio\n|-boost|p2a: Oricorio|spa|1\n|-boost|p2a: Oricorio|spd|1\n|-boost|p2a: Oricorio|spe|1\n|move|p1a: Primarina|Calm Mind|p1a: Primarina\n|-boost|p1a: Primarina|spa|1\n|-boost|p1a: Primarina|spd|1\n|\n|upkeep\n|turn|2\n|inactive|Time left: 300 sec this turn | 300 sec total\n|inactive|p0x600ab5e also wants the timer to be on.\n|\n|t:|1783546791\n|move|p2a: Oricorio|Quiver Dance|p2a: Oricorio\n|-boost|p2a: Oricorio|spa|1\n|-boost|p2a: Oricorio|spd|1\n|-boost|p2a: Oricorio|spe|1\n|move|p1a: Primarina|Sparkling Aria|p2a: Oricorio\n|-damage|p2a: Oricorio|62/100\n|\n|upkeep\n|turn|3\n|inactive|Time left: 300 sec this turn | 300 sec total\n|\n|t:|1783546792\n|move|p2a: Oricorio|Quiver Dance|p2a: Oricorio\n|-boost|p2a: Oricorio|spa|1\n|-boost|p2a: Oricorio|spd|1\n|-boost|p2a: Oricorio|spe|1\n|move|p1a: Primarina|Calm Mind|p1a: Primarina\n|-boost|p1a: Primarina|spa|1\n|-boost|p1a: Primarina|spd|1\n|\n|upkeep\n|turn|4\n|inactive|Time left: 300 sec this turn | 300 sec total\n|\n|t:|1783546793\n|move|p2a: Oricorio|Roost|p2a: Oricorio\n|-heal|p2a: Oricorio|100/100\n|-singleturn|p2a: Oricorio|move: Roost\n|move|p1a: Primarina|Sparkling Aria|p2a: Oricorio\n|-crit|p2a: Oricorio\n|-damage|p2a: Oricorio|0 fnt\n|faint|p2a: Oricorio\n|\n|upkeep\n|\n|t:|1783546794\n|switch|p2a: Lapras|Lapras, L87, M|100/100\n|turn|5\n|inactive|Time left: 300 sec this turn | 300 sec total\n|\n|t:|1783546795\n|move|p2a: Lapras|Freeze-Dry|p1a: Primarina\n|-supereffective|p1a: Primarina\n|-damage|p1a: Primarina|208/268\n|move|p1a: Primarina|Draining Kiss|p2a: Lapras\n|-damage|p2a: Lapras|68/100\n|-heal|p1a: Primarina|268/268|[from] drain|[of] p2a: Lapras\n|\n|upkeep\n|turn|6\n|inactive|Time left: 300 sec this turn | 300 sec total\n|\n|t:|1783546796\n|move|p2a: Lapras|Freeze-Dry|p1a: Primarina\n|-supereffective|p1a: Primarina\n|-damage|p1a: Primarina|212/268\n|move|p1a: Primarina|Draining Kiss|p2a: Lapras\n|-damage|p2a: Lapras|34/100\n|-heal|p1a: Primarina|268/268|[from] drain|[of] p2a: Lapras\n|\n|upkeep\n|turn|7\n|inactive|Time left: 300 sec this turn | 300 sec total\n|\n|t:|1783546797\n|move|p2a: Lapras|Rest|p2a: Lapras\n|-status|p2a: Lapras|slp|[from] move: Rest\n|-heal|p2a: Lapras|100/100 slp|[silent]\n|move|p1a: Primarina|Psychic|p2a: Lapras\n|-damage|p2a: Lapras|61/100 slp\n|\n|upkeep\n|turn|8\n|inactive|Time left: 300 sec this turn | 300 sec total\n|\n|t:|1783546798\n|cant|p2a: Lapras|slp\n|move|p2a: Lapras|Sleep Talk|p2a: Lapras\n|move|p2a: Lapras|Rest||[from] move: Sleep Talk|[still]\n|-fail|p2a: Lapras\n|move|p1a: Primarina|Psychic|p2a: Lapras\n|-damage|p2a: Lapras|23/100 slp\n|\n|upkeep\n|turn|9\n|inactive|Time left: 300 sec this turn | 300 sec total\n|\n|t:|1783546799\n|cant|p2a: Lapras|slp\n|move|p2a: Lapras|Sleep Talk|p2a: Lapras\n|move|p2a: Lapras|Sparkling Aria|p1a: Primarina|[from] move: Sleep Talk\n|-resisted|p1a: Primarina\n|-damage|p1a: Primarina|249/268\n|move|p1a: Primarina|Draining Kiss|p2a: Lapras\n|-crit|p2a: Lapras\n|-damage|p2a: Lapras|0 fnt\n|-heal|p1a: Primarina|268/268|[from] drain|[of] p2a: Lapras\n|faint|p2a: Lapras\n|\n|upkeep\n|\n|t:|1783546800\n|switch|p2a: Kleavor|Kleavor, L78, F|100/100\n|turn|10\n|inactive|Time left: 300 sec this turn | 300 sec total\n|\n|t:|1783546801\n|-terastallize|p2a: Kleavor|Rock\n|move|p2a: Kleavor|Stone Axe|p1a: Primarina\n|-damage|p1a: Primarina|80/268\n|-sidestart|p1: p0x600ab5e|move: Stealth Rock\n|move|p1a: Primarina|Sparkling Aria|p2a: Kleavor\n|-supereffective|p2a: Kleavor\n|-damage|p2a: Kleavor|0 fnt\n|faint|p2a: Kleavor\n|\n|-heal|p1a: Primarina|96/268|[from] item: Leftovers\n|upkeep\n|\n|t:|1783546802\n|switch|p2a: Skarmory|Skarmory, L80, F|100/100\n|turn|11\n|inactive|Time left: 300 sec this turn | 300 sec total\n|\n|t:|1783546803\n|switch|p1a: Porygon-Z|Porygon-Z, L83|277/277\n|-damage|p1a: Porygon-Z|243/277|[from] Stealth Rock\n|-ability|p1a: Porygon-Z|Download|boost\n|-boost|p1a: Porygon-Z|spa|1\n|move|p2a: Skarmory|Brave Bird|p1a: Porygon-Z\n|-damage|p1a: Porygon-Z|132/277\n|-damage|p2a: Skarmory|85/100|[from] Recoil\n|\n|-heal|p2a: Skarmory|91/100|[from] item: Leftovers\n|upkeep\n|turn|12\n|inactive|Time left: 300 sec this turn | 300 sec total\n|\n|t:|1783546805\n|move|p1a: Porygon-Z|Thunderbolt|p2a: Skarmory\n|-supereffective|p2a: Skarmory\n|-damage|p2a: Skarmory|0 fnt\n|faint|p2a: Skarmory\n|-damage|p1a: Porygon-Z|105/277|[from] item: Life Orb\n|\n|upkeep\n|\n|t:|1783546806\n|switch|p2a: Whimsicott|Whimsicott, L84, M|100/100\n|turn|13\n|inactive|Time left: 300 sec this turn | 300 sec total\n|\n|t:|1783546807\n|move|p2a: Whimsicott|Moonblast|p1a: Porygon-Z\n|-damage|p1a: Porygon-Z|5/277\n|move|p1a: Porygon-Z|Tri Attack|p2a: Whimsicott\n|-damage|p2a: Whimsicott|8/100\n|-damage|p1a: Porygon-Z|0 fnt|[from] item: Life Orb\n|faint|p1a: Porygon-Z\n|\n|upkeep\n|inactive|Time left: 300 sec this turn | 300 sec total | 5 sec grace\n|\n|t:|1783546808\n|switch|p1a: Gogoat|Gogoat, L88, M|360/360\n|-damage|p1a: Gogoat|315/360|[from] Stealth Rock\n|turn|14\n|inactive|Time left: 300 sec this turn | 300 sec total\n|\n|t:|1783546809\n|move|p2a: Whimsicott|U-turn|p1a: Gogoat\n|-supereffective|p1a: Gogoat\n|-damage|p1a: Gogoat|223/360\n|\n|t:|1783546810\n|switch|p2a: Malamar|Malamar, L82, F|100/100|[from] U-turn\n|move|p1a: Gogoat|Bulk Up|p1a: Gogoat\n|-boost|p1a: Gogoat|atk|1\n|-boost|p1a: Gogoat|def|1\n|\n|-heal|p1a: Gogoat|245/360|[from] item: Leftovers\n|upkeep\n|turn|15\n|inactive|Time left: 300 sec this turn | 300 sec total\n|\n|t:|1783546811\n|-terastallize|p1a: Gogoat|Ground\n|move|p1a: Gogoat|Earthquake|p2a: Malamar\n|-damage|p2a: Malamar|36/100\n|move|p2a: Malamar|Superpower|p1a: Gogoat\n|-damage|p1a: Gogoat|185/360\n|-boost|p2a: Malamar|atk|1\n|-boost|p2a: Malamar|def|1\n|\n|-heal|p1a: Gogoat|207/360|[from] item: Leftovers\n|-heal|p2a: Malamar|42/100|[from] item: Leftovers\n|upkeep\n|turn|16\n|inactive|Time left: 300 sec this turn | 300 sec total\n|\n|t:|1783546812\n|move|p1a: Gogoat|Earthquake|p2a: Malamar\n|-damage|p2a: Malamar|0 fnt\n|faint|p2a: Malamar\n|\n|-heal|p1a: Gogoat|229/360|[from] item: Leftovers\n|upkeep\n|\n|t:|1783546813\n|switch|p2a: Whimsicott|Whimsicott, L84, M|8/100\n|turn|17\n|inactive|Time left: 300 sec this turn | 300 sec total\n|\n|t:|1783546813\n|move|p2a: Whimsicott|U-turn|p1a: Gogoat\n|-damage|p1a: Gogoat|198/360\n|move|p1a: Gogoat|Earthquake|p2a: Whimsicott\n|-resisted|p2a: Whimsicott\n|-damage|p2a: Whimsicott|0 fnt\n|faint|p2a: Whimsicott\n|\n|win|p0x600ab5e", "uploadtime": 1783546813, "views": 0, "rating": 0, "private": 0, "password": null, "_winner": "p0x600ab5e", "_our_name": "p0x600ab5e"}