{"id": "battle-gen9randombattle-98", "formatid": "gen9randombattle", "format": "[Gen 9] Random Battle", "players": ["p0x09813bc", "p0y098e1a6"], "log": "|init|battle\n|title|p0x09813bc vs. p0y098e1a6\n|j|\u2606p0x09813bc\n|j|\u2606p0y098e1a6\n|t:|1783540635\n|gametype|singles\n|player|p1|p0x09813bc|101|\n|player|p2|p0y098e1a6|265|\n|gen|9\n|tier|[Gen 9] Random Battle\n|rule|Species Clause: Limit one of each Pok\u00e9mon\n|rule|HP Percentage Mod: HP is shown in percentages\n|rule|Sleep Clause Mod: Limit one foe put to sleep\n|rule|Illusion Level Mod: Illusion disguises the Pok\u00e9mon's true level\n|\n|t:|1783540635\n|teamsize|p1|6\n|teamsize|p2|6\n|start\n|switch|p1a: Eiscue|Eiscue, L88, F|100/100\n|switch|p2a: Latios|Latios, L78, M|253/253\n|turn|1\n|inactive|Battle timer is ON: inactive players will automatically lose when time's up. (requested by p0x09813bc)\n|inactive|Time left: 300 sec this turn | 300 sec total | 60 sec grace\n|inactive|p0y098e1a6 also wants the timer to be on.\n|\n|t:|1783540637\n|move|p2a: Latios|Luster Purge|p1a: Eiscue\n|-crit|p1a: Eiscue\n|-damage|p1a: Eiscue|36/100\n|-unboost|p1a: Eiscue|spd|1\n|-enditem|p1a: Eiscue|Sitrus Berry|[eat]\n|-heal|p1a: Eiscue|61/100|[from] item: Sitrus Berry\n|move|p1a: Eiscue|Ice Spinner|p2a: Latios\n|-supereffective|p2a: Latios\n|-damage|p2a: Latios|59/253\n|\n|upkeep\n|turn|2\n|inactive|Time left: 300 sec this turn | 300 sec total\n|\n|t:|1783540638\n|switch|p1a: Dragonite|Dragonite, L74, F|100/100\n|move|p2a: Latios|Luster Purge|p1a: Dragonite\n|-damage|p1a: Dragonite|74/100\n|\n|upkeep\n|turn|3\n|inactive|Time left: 300 sec this turn | 300 sec total\n|\n|t:|1783540639\n|move|p2a: Latios|Draco Meteor|p1a: Dragonite\n|-supereffective|p1a: Dragonite\n|-damage|p1a: Dragonite|0 fnt\n|-unboost|p2a: Latios|spa|2\n|faint|p1a: Dragonite\n|\n|upkeep\n|\n|t:|1783540640\n|switch|p1a: Flamigo|Flamigo, L82, M|100/100\n|turn|4\n|inactive|Time left: 300 sec this turn | 300 sec total\n|\n|t:|1783540641\n|move|p1a: Flamigo|Brave Bird|p2a: Latios\n|-damage|p2a: Latios|0 fnt\n|faint|p2a: Latios\n|-damage|p1a: Flamigo|93/100|[from] Recoil\n|\n|upkeep\n|inactive|Time left: 300 sec this turn | 300 sec total | 5 sec grace\n|\n|t:|1783540642\n|switch|p2a: Dedenne|Dedenne, L88, M|261/261\n|turn|5\n|inactive|Time left: 300 sec this turn | 300 sec total\n|\n|t:|1783540643\n|switch|p1a: Quagsire|Quagsire, L84, M|100/100\n|move|p2a: Dedenne|Thunderbolt|p1a: Quagsire\n|-immune|p1a: Quagsire\n|\n|upkeep\n|turn|6\n|inactive|Time left: 300 sec this turn | 300 sec total\n|\n|t:|1783540644\n|move|p2a: Dedenne|U-turn|p1a: Quagsire\n|-damage|p1a: Quagsire|87/100\n|inactive|Time left: 300 sec this turn | 300 sec total | 5 sec grace\n|\n|t:|1783540645\n|switch|p2a: Arceus|Arceus-Grass, L73|296/296|[from] U-turn\n|move|p1a: Quagsire|Toxic|p2a: Arceus\n|-status|p2a: Arceus|tox\n|\n|-heal|p1a: Quagsire|93/100|[from] item: Leftovers\n|-damage|p2a: Arceus|278/296 tox|[from] psn\n|upkeep\n|turn|7\n|inactive|Time left: 300 sec this turn | 300 sec total\n|\n|t:|1783540646\n|switch|p1a: Salazzle|Salazzle, L83, F|100/100\n|move|p2a: Arceus|Judgment|p1a: Salazzle\n|-resisted|p1a: Salazzle\n|-damage|p1a: Salazzle|84/100\n|\n|-damage|p2a: Arceus|242/296 tox|[from] psn\n|upkeep\n|turn|8\n|inactive|Time left: 300 sec this turn | 300 sec total\n|\n|t:|1783540647\n|switch|p2a: Cinderace|Cinderace, L77, F|249/249\n|move|p1a: Salazzle|Fire Blast|p2a: Cinderace\n|-resisted|p2a: Cinderace\n|-damage|p2a: Cinderace|168/249\n|\n|upkeep\n|turn|9\n|inactive|Time left: 300 sec this turn | 300 sec total\n|\n|t:|1783540648\n|move|p1a: Salazzle|Sludge Wave|p2a: Cinderace\n|-damage|p2a: Cinderace|41/249\n|move|p2a: Cinderace|High Jump Kick|p1a: Salazzle\n|-start|p2a: Cinderace|typechange|Fighting|[from] ability: Libero\n|-resisted|p1a: Salazzle\n|-damage|p1a: Salazzle|35/100\n|\n|upkeep\n|turn|10\n|inactive|Time left: 300 sec this turn | 300 sec total\n|\n|t:|1783540649\n|move|p1a: Salazzle|Sludge Wave|p2a: Cinderace\n|-damage|p2a: Cinderace|0 fnt\n|faint|p2a: Cinderace\n|\n|upkeep\n|inactive|Time left: 300 sec this turn | 300 sec total | 5 sec grace\n|\n|t:|1783540650\n|switch|p2a: Rabsca|Rabsca, L91, M|284/284\n|turn|11\n|inactive|Time left: 300 sec this turn | 300 sec total\n|\n|t:|1783540650\n|move|p1a: Salazzle|Fire Blast|p2a: Rabsca\n|-supereffective|p2a: Rabsca\n|-damage|p2a: Rabsca|66/284\n|move|p2a: Rabsca|Psychic|p1a: Salazzle\n|-supereffective|p1a: Salazzle\n|-damage|p1a: Salazzle|0 fnt\n|faint|p1a: Salazzle\n|\n|upkeep\n|\n|t:|1783540651\n|switch|p1a: Eiscue|Eiscue, L88, F|61/100\n|turn|12\n|inactive|Time left: 300 sec this turn | 300 sec total\n|\n|t:|1783540652\n|switch|p2a: Granbull|Granbull, L88, F|302/302\n|-ability|p2a: Granbull|Intimidate|boost\n|-unboost|p1a: Eiscue|atk|1\n|move|p1a: Eiscue|Ice Spinner|p2a: Granbull\n|-damage|p2a: Granbull|244/302\n|\n|-heal|p2a: Granbull|262/302|[from] item: Leftovers\n|upkeep\n|turn|13\n|inactive|Time left: 300 sec this turn | 300 sec total\n|\n|t:|1783540653\n|move|p1a: Eiscue|Ice Spinner|p2a: Granbull\n|-damage|p2a: Granbull|201/302\n|move|p2a: Granbull|Play Rough|p1a: Eiscue\n|-activate|p1a: Eiscue|ability: Ice Face\n|-damage|p1a: Eiscue|61/100\n|detailschange|p1a: Eiscue|Eiscue-Noice, L88, F\n|\n|-heal|p2a: Granbull|219/302|[from] item: Leftovers\n|upkeep\n|turn|14\n|inactive|Time left: 300 sec this turn | 300 sec total\n|\n|t:|1783540654\n|move|p1a: Eiscue|Iron Head|p2a: Granbull\n|-supereffective|p2a: Granbull\n|-damage|p2a: Granbull|141/302\n|move|p2a: Granbull|Play Rough|p1a: Eiscue\n|-damage|p1a: Eiscue|12/100\n|\n|-heal|p2a: Granbull|159/302|[from] item: Leftovers\n|upkeep\n|turn|15\n|inactive|Time left: 300 sec this turn | 300 sec total\n|\n|t:|1783540655\n|move|p1a: Eiscue|Ice Spinner|p2a: Granbull\n|-damage|p2a: Granbull|101/302\n|move|p2a: Granbull|Play Rough|p1a: Eiscue\n|-damage|p1a: Eiscue|0 fnt\n|faint|p1a: Eiscue\n|\n|-heal|p2a: Granbull|119/302|[from] item: Leftovers\n|upkeep\n|\n|t:|1783540656\n|switch|p1a: Flamigo|Flamigo, L82, M|93/100\n|turn|16\n|inactive|Time left: 300 sec this turn | 300 sec total\n|\n|t:|1783540657\n|switch|p2a: Dedenne|Dedenne, L88, M|261/261\n|move|p1a: Flamigo|Brave Bird|p2a: Dedenne\n|-resisted|p2a: Dedenne\n|-damage|p2a: Dedenne|177/261\n|-damage|p1a: Flamigo|83/100|[from] Recoil\n|\n|upkeep\n|turn|17\n|inactive|Time left: 300 sec this turn | 300 sec total\n|\n|t:|1783540658\n|switch|p1a: Quagsire|Quagsire, L84, M|93/100\n|move|p2a: Dedenne|Dazzling Gleam|p1a: Quagsire\n|-damage|p1a: Quagsire|58/100\n|\n|-heal|p1a: Quagsire|64/100|[from] item: Leftovers\n|upkeep\n|turn|18\n|inactive|Time left: 300 sec this turn | 300 sec total\n|\n|t:|1783540659\n|switch|p2a: Granbull|Granbull, L88, F|119/302\n|-ability|p2a: Granbull|Intimidate|boost\n|-unboost|p1a: Quagsire|atk|1\n|move|p1a: Quagsire|Recover|p1a: Quagsire\n|-heal|p1a: Quagsire|100/100\n|\n|-heal|p2a: Granbull|137/302|[from] item: Leftovers\n|upkeep\n|turn|19\n|inactive|Time left: 300 sec this turn | 300 sec total\n|\n|t:|1783540660\n|move|p2a: Granbull|Play Rough|p1a: Quagsire\n|-damage|p1a: Quagsire|58/100\n|move|p1a: Quagsire|Toxic|p2a: Granbull\n|-status|p2a: Granbull|tox\n|\n|-heal|p2a: Granbull|155/302 tox|[from] item: Leftovers\n|-heal|p1a: Quagsire|64/100|[from] item: Leftovers\n|-damage|p2a: Granbull|137/302 tox|[from] psn\n|upkeep\n|turn|20\n|inactive|Time left: 300 sec this turn | 300 sec total\n|\n|t:|1783540661\n|move|p2a: Granbull|Play Rough|p1a: Quagsire\n|-crit|p1a: Quagsire\n|-damage|p1a: Quagsire|0 fnt\n|faint|p1a: Quagsire\n|\n|-heal|p2a: Granbull|155/302 tox|[from] item: Leftovers\n|-damage|p2a: Granbull|119/302 tox|[from] psn\n|upkeep\n|\n|t:|1783540662\n|switch|p1a: Urshifu|Urshifu-Rapid-Strike, L75, M|100/100\n|turn|21\n|inactive|Time left: 300 sec this turn | 300 sec total\n|\n|t:|1783540663\n|move|p1a: Urshifu|Surging Strikes|p2a: Granbull\n|-crit|p2a: Granbull\n|-damage|p2a: Granbull|59/302 tox\n|-crit|p2a: Granbull\n|-damage|p2a: Granbull|0 fnt\n|faint|p2a: Granbull\n|-hitcount|p2: Granbull|2\n|-damage|p1a: Urshifu|91/100|[from] item: Life Orb\n|\n|upkeep\n|inactive|Time left: 300 sec this turn | 300 sec total | 5 sec grace\n|\n|t:|1783540664\n|switch|p2a: Dedenne|Dedenne, L88, M|177/261\n|turn|22\n|inactive|Time left: 300 sec this turn | 300 sec total\n|\n|t:|1783540665\n|move|p2a: Dedenne|Thunderbolt|p1a: Urshifu\n|-supereffective|p1a: Urshifu\n|-damage|p1a: Urshifu|1/100\n|move|p1a: Urshifu|Surging Strikes|p2a: Dedenne\n|-crit|p2a: Dedenne\n|-damage|p2a: Dedenne|109/261\n|-enditem|p2a: Dedenne|Sitrus Berry|[eat]\n|-heal|p2a: Dedenne|174/261|[from] item: Sitrus Berry\n|-heal|p2a: Dedenne|261/261|[from] ability: Cheek Pouch\n|-crit|p2a: Dedenne\n|-damage|p2a: Dedenne|191/261\n|-crit|p2a: Dedenne\n|-damage|p2a: Dedenne|117/261\n|-hitcount|p2a: Dedenne|3\n|-damage|p1a: Urshifu|0 fnt|[from] item: Life Orb\n|faint|p1a: Urshifu\n|\n|upkeep\n|\n|t:|1783540666\n|switch|p1a: Flamigo|Flamigo, L82, M|83/100\n|turn|23\n|inactive|Time left: 300 sec this turn | 300 sec total\n|\n|t:|1783540667\n|-terastallize|p1a: Flamigo|Fighting\n|move|p1a: Flamigo|Close Combat|p2a: Dedenne\n|-resisted|p2a: Dedenne\n|-damage|p2a: Dedenne|0 fnt\n|-unboost|p1a: Flamigo|def|1\n|-unboost|p1a: Flamigo|spd|1\n|faint|p2a: Dedenne\n|\n|upkeep\n|inactive|Time left: 300 sec this turn | 300 sec total | 5 sec grace\n|\n|t:|1783540668\n|switch|p2a: Arceus|Arceus-Grass, L73|242/296 tox\n|turn|24\n|inactive|Time left: 300 sec this turn | 300 sec total\n|\n|t:|1783540669\n|-terastallize|p2a: Arceus|Fire\n|move|p1a: Flamigo|Close Combat|p2a: Arceus\n|-damage|p2a: Arceus|80/296 tox\n|-unboost|p1a: Flamigo|def|1\n|-unboost|p1a: Flamigo|spd|1\n|move|p2a: Arceus|Judgment|p1a: Flamigo\n|-damage|p1a: Flamigo|0 fnt\n|faint|p1a: Flamigo\n|\n|win|p0y098e1a6", "uploadtime": 1783540669, "views": 0, "rating": 0, "private": 0, "password": null, "_winner": "p0y098e1a6", "_our_name": "p0y098e1a6"}