{"id": "battle-gen9randombattle-2436", "formatid": "gen9randombattle", "format": "[Gen 9] Random Battle", "players": ["p0x2436571e", "p0y24362219"], "log": "|init|battle\n|title|p0x2436571e vs. p0y24362219\n|j|\u2606p0x2436571e\n|j|\u2606p0y24362219\n|t:|1783568240\n|gametype|singles\n|player|p1|p0x2436571e|170|\n|player|p2|p0y24362219|101|\n|gen|9\n|tier|[Gen 9] Random Battle\n|rule|Species Clause: Limit one of each Pok\u00e9mon\n|rule|HP Percentage Mod: HP is shown in percentages\n|rule|Sleep Clause Mod: Limit one foe put to sleep\n|rule|Illusion Level Mod: Illusion disguises the Pok\u00e9mon's true level\n|\n|t:|1783568240\n|teamsize|p1|6\n|teamsize|p2|6\n|start\n|switch|p1a: Gholdengo|Gholdengo, L77|261/261\n|switch|p2a: Chi-Yu|Chi-Yu, L77|100/100\n|-ability|p2a: Chi-Yu|Beads of Ruin\n|turn|1\n|inactive|Battle timer is ON: inactive players will automatically lose when time's up. (requested by p0x2436571e)\n|inactive|p0y24362219 also wants the timer to be on.\n|\n|t:|1783568241\n|-terastallize|p1a: Gholdengo|Fighting\n|move|p1a: Gholdengo|Focus Blast|p2a: Chi-Yu|[miss]\n|-miss|p1a: Gholdengo|p2a: Chi-Yu\n|move|p2a: Chi-Yu|Fire Blast|p1a: Gholdengo\n|-damage|p1a: Gholdengo|77/261\n|\n|upkeep\n|turn|2\n|inactive|Time left: 300 sec this turn | 300 sec total\n|\n|t:|1783568242\n|switch|p2a: Decidueye|Decidueye, L88, F|100/100\n|move|p1a: Gholdengo|Focus Blast|p2a: Decidueye\n|-immune|p2a: Decidueye\n|\n|upkeep\n|turn|3\n|inactive|Time left: 300 sec this turn | 300 sec total\n|\n|t:|1783568244\n|switch|p1a: Amoonguss|Amoonguss, L82, F|321/321\n|move|p2a: Decidueye|Swords Dance|p2a: Decidueye\n|-boost|p2a: Decidueye|atk|2\n|\n|upkeep\n|turn|4\n|inactive|Time left: 300 sec this turn | 300 sec total\n|\n|t:|1783568245\n|switch|p1a: Gholdengo|Gholdengo, L77, tera:Fighting|77/261\n|move|p2a: Decidueye|Poltergeist|p1a: Gholdengo\n|-activate|p1a: Gholdengo|move: Poltergeist|Choice Scarf\n|-damage|p1a: Gholdengo|0 fnt\n|faint|p1a: Gholdengo\n|-damage|p2a: Decidueye|91/100|[from] item: Life Orb\n|\n|upkeep\n|inactive|Time left: 300 sec this turn | 300 sec total | 5 sec grace\n|\n|t:|1783568246\n|switch|p1a: Barraskewda|Barraskewda, L81, M|231/231\n|turn|5\n|inactive|Time left: 300 sec this turn | 300 sec total\n|\n|t:|1783568247\n|move|p1a: Barraskewda|Waterfall|p2a: Decidueye\n|-resisted|p2a: Decidueye\n|-damage|p2a: Decidueye|63/100\n|move|p2a: Decidueye|Poltergeist|p1a: Barraskewda\n|-activate|p1a: Barraskewda|move: Poltergeist|Choice Band\n|-damage|p1a: Barraskewda|0 fnt\n|faint|p1a: Barraskewda\n|-damage|p2a: Decidueye|53/100|[from] item: Life Orb\n|\n|upkeep\n|inactive|Time left: 300 sec this turn | 300 sec total | 5 sec grace\n|\n|t:|1783568248\n|switch|p1a: Milotic|Milotic, L83, M|293/293\n|turn|6\n|inactive|Time left: 300 sec this turn | 300 sec total\n|\n|t:|1783568249\n|move|p1a: Milotic|Ice Beam|p2a: Decidueye\n|-supereffective|p2a: Decidueye\n|-damage|p2a: Decidueye|10/100\n|move|p2a: Decidueye|Poltergeist|p1a: Milotic\n|-activate|p1a: Milotic|move: Poltergeist|Leftovers\n|-damage|p1a: Milotic|0 fnt\n|faint|p1a: Milotic\n|-damage|p2a: Decidueye|0 fnt|[from] item: Life Orb\n|faint|p2a: Decidueye\n|\n|upkeep\n|inactive|Time left: 300 sec this turn | 300 sec total | 5 sec grace\n|\n|t:|1783568250\n|switch|p1a: Regieleki|Regieleki, L79|256/256\n|switch|p2a: Chi-Yu|Chi-Yu, L77|100/100\n|-ability|p2a: Chi-Yu|Beads of Ruin\n|turn|7\n|inactive|Time left: 300 sec this turn | 300 sec total\n|\n|t:|1783568251\n|move|p1a: Regieleki|Thunderbolt|p2a: Chi-Yu\n|-damage|p2a: Chi-Yu|46/100\n|-status|p2a: Chi-Yu|par\n|cant|p2a: Chi-Yu|par\n|\n|upkeep\n|turn|8\n|inactive|Time left: 300 sec this turn | 300 sec total\n|\n|t:|1783568252\n|switch|p2a: Raichu|Raichu, L88, F|100/100\n|move|p1a: Regieleki|Thunderbolt|p2a: Raichu\n|-ability|p2a: Raichu|Lightning Rod|boost\n|-boost|p2a: Raichu|spa|1\n|\n|upkeep\n|turn|9\n|inactive|Time left: 300 sec this turn | 300 sec total\n|\n|t:|1783568254\n|switch|p1a: Amoonguss|Amoonguss, L82, F|321/321\n|move|p2a: Raichu|Nasty Plot|p2a: Raichu\n|-boost|p2a: Raichu|spa|2\n|\n|upkeep\n|turn|10\n|inactive|Time left: 300 sec this turn | 300 sec total\n|\n|t:|1783568255\n|-terastallize|p2a: Raichu|Ice\n|move|p2a: Raichu|Tera Blast|p1a: Amoonguss|[anim] Tera Blast Ice\n|-supereffective|p1a: Amoonguss\n|-damage|p1a: Amoonguss|0 fnt\n|faint|p1a: Amoonguss\n|-damage|p2a: Raichu|91/100|[from] item: Life Orb\n|\n|upkeep\n|inactive|Time left: 300 sec this turn | 300 sec total | 5 sec grace\n|\n|t:|1783568256\n|switch|p1a: Regieleki|Regieleki, L79|256/256\n|turn|11\n|inactive|Time left: 300 sec this turn | 300 sec total\n|\n|t:|1783568257\n|move|p1a: Regieleki|Explosion|p2a: Raichu\n|-damage|p2a: Raichu|12/100\n|faint|p1a: Regieleki\n|move|p2a: Raichu|Tera Blast|p1: Regieleki|[notarget]\n|-fail|p2a: Raichu\n|\n|upkeep\n|inactive|Time left: 300 sec this turn | 300 sec total | 5 sec grace\n|\n|t:|1783568258\n|switch|p1a: Braviary|Braviary-Hisui, L85, M|326/326\n|turn|12\n|inactive|Time left: 300 sec this turn | 300 sec total\n|\n|t:|1783568259\n|move|p1a: Braviary|Vacuum Wave|p2a: Raichu\n|-supereffective|p2a: Raichu\n|-damage|p2a: Raichu|0 fnt\n|faint|p2a: Raichu\n|\n|upkeep\n|\n|t:|1783568259\n|switch|p2a: Kingdra|Kingdra, L84, M|100/100\n|turn|13\n|inactive|Time left: 300 sec this turn | 300 sec total\n|\n|t:|1783568260\n|move|p1a: Braviary|Vacuum Wave|p2a: Kingdra\n|-damage|p2a: Kingdra|84/100\n|move|p2a: Kingdra|Outrage|p1a: Braviary\n|-damage|p1a: Braviary|173/326\n|\n|upkeep\n|turn|14\n|inactive|Time left: 300 sec this turn | 300 sec total\n|\n|t:|1783568261\n|move|p1a: Braviary|Vacuum Wave|p2a: Kingdra\n|-damage|p2a: Kingdra|64/100\n|move|p2a: Kingdra|Outrage|p1a: Braviary|[from] lockedmove\n|-damage|p1a: Braviary|38/326\n|\n|upkeep\n|turn|15\n|inactive|Time left: 300 sec this turn | 300 sec total\n|\n|t:|1783568262\n|move|p1a: Braviary|Vacuum Wave|p2a: Kingdra\n|-damage|p2a: Kingdra|46/100\n|move|p2a: Kingdra|Outrage|p1a: Braviary|[from] lockedmove\n|-damage|p1a: Braviary|0 fnt\n|faint|p1a: Braviary\n|-start|p2a: Kingdra|confusion|[fatigue]\n|\n|win|p0y24362219", "uploadtime": 1783568262, "views": 0, "rating": 0, "private": 0, "password": null, "_winner": "p0y24362219", "_our_name": "p0x2436571e"}