{"id": "battle-gen9randombattle-84", "formatid": "gen9randombattle", "format": "[Gen 9] Random Battle", "players": ["p0x084fa4f", "p0y084d8e9"], "log": "|init|battle\n|title|p0x084fa4f vs. p0y084d8e9\n|j|\u2606p0x084fa4f\n|j|\u2606p0y084d8e9\n|t:|1783534228\n|gametype|singles\n|player|p1|p0x084fa4f|266|\n|player|p2|p0y084d8e9|102|\n|gen|9\n|tier|[Gen 9] Random Battle\n|rule|Species Clause: Limit one of each Pok\u00e9mon\n|rule|HP Percentage Mod: HP is shown in percentages\n|rule|Sleep Clause Mod: Limit one foe put to sleep\n|rule|Illusion Level Mod: Illusion disguises the Pok\u00e9mon's true level\n|\n|t:|1783534228\n|teamsize|p1|6\n|teamsize|p2|6\n|start\n|switch|p1a: Sneasler|Sneasler, L74, M|100/100\n|switch|p2a: Arceus|Arceus-Electric, L70|284/284\n|turn|1\n|inactive|Battle timer is ON: inactive players will automatically lose when time's up. (requested by p0x084fa4f)\n|inactive|Time left: 300 sec this turn | 300 sec total | 60 sec grace\n|inactive|p0y084d8e9 also wants the timer to be on.\n|\n|t:|1783534229\n|move|p1a: Sneasler|Gunk Shot|p2a: Arceus\n|-damage|p2a: Arceus|164/284\n|move|p2a: Arceus|Judgment|p1a: Sneasler\n|-damage|p1a: Sneasler|46/100\n|\n|upkeep\n|turn|2\n|inactive|Time left: 300 sec this turn | 300 sec total\n|\n|t:|1783534230\n|move|p1a: Sneasler|Close Combat|p2a: Arceus\n|-damage|p2a: Arceus|43/284\n|-unboost|p1a: Sneasler|def|1\n|-unboost|p1a: Sneasler|spd|1\n|-enditem|p1a: Sneasler|White Herb\n|-clearnegativeboost|p1a: Sneasler|[silent]\n|move|p2a: Arceus|Judgment|p1a: Sneasler\n|-damage|p1a: Sneasler|0 fnt\n|faint|p1a: Sneasler\n|\n|upkeep\n|\n|t:|1783534231\n|switch|p1a: Ceruledge|Ceruledge, L78, M|100/100\n|turn|3\n|inactive|Time left: 300 sec this turn | 300 sec total\n|\n|t:|1783534232\n|move|p2a: Arceus|Recover|p2a: Arceus\n|-heal|p2a: Arceus|185/284\n|move|p1a: Ceruledge|Swords Dance|p1a: Ceruledge\n|-boost|p1a: Ceruledge|atk|2\n|\n|upkeep\n|turn|4\n|inactive|Time left: 300 sec this turn | 300 sec total\n|\n|t:|1783534233\n|switch|p2a: Overqwil|Overqwil, L82, F|274/274\n|-ability|p2a: Overqwil|Intimidate|boost\n|-unboost|p1a: Ceruledge|atk|1\n|move|p1a: Ceruledge|Bitter Blade|p2a: Overqwil\n|-damage|p2a: Overqwil|136/274\n|\n|upkeep\n|turn|5\n|inactive|Time left: 300 sec this turn | 300 sec total\n|\n|t:|1783534234\n|move|p2a: Overqwil|Crunch|p1a: Ceruledge\n|-supereffective|p1a: Ceruledge\n|-damage|p1a: Ceruledge|0 fnt\n|faint|p1a: Ceruledge\n|-damage|p2a: Overqwil|109/274|[from] item: Life Orb\n|\n|upkeep\n|\n|t:|1783534235\n|switch|p1a: Dudunsparce|Dudunsparce-Three-Segment, L83, F|100/100\n|turn|6\n|inactive|Time left: 300 sec this turn | 300 sec total\n|\n|t:|1783534236\n|switch|p2a: Gardevoir|Gardevoir, L83, F|249/249\n|-ability|p2a: Gardevoir|Rattled|Trace|[from] ability: Trace|[of] p1a: Dudunsparce\n|move|p1a: Dudunsparce|Boomburst|p2a: Gardevoir\n|-crit|p2a: Gardevoir\n|-damage|p2a: Gardevoir|95/249\n|\n|upkeep\n|turn|7\n|inactive|Time left: 300 sec this turn | 300 sec total\n|\n|t:|1783534238\n|move|p2a: Gardevoir|Mystical Fire|p1a: Dudunsparce\n|-damage|p1a: Dudunsparce|75/100\n|-unboost|p1a: Dudunsparce|spa|1\n|-damage|p2a: Gardevoir|71/249|[from] item: Life Orb\n|move|p1a: Dudunsparce|Boomburst|p2a: Gardevoir\n|-damage|p2a: Gardevoir|0 fnt\n|faint|p2a: Gardevoir\n|\n|-heal|p1a: Dudunsparce|81/100|[from] item: Leftovers\n|upkeep\n|inactive|Time left: 300 sec this turn | 300 sec total | 5 sec grace\n|\n|t:|1783534239\n|switch|p2a: Overqwil|Overqwil, L82, F|109/274\n|-ability|p2a: Overqwil|Intimidate|boost\n|-unboost|p1a: Dudunsparce|atk|1\n|-ability|p1a: Dudunsparce|Rattled|boost\n|-boost|p1a: Dudunsparce|spe|1\n|turn|8\n|inactive|Time left: 300 sec this turn | 300 sec total\n|\n|t:|1783534240\n|switch|p2a: Incineroar|Incineroar, L82, F|290/290\n|-ability|p2a: Incineroar|Intimidate|boost\n|-unboost|p1a: Dudunsparce|atk|1\n|-ability|p1a: Dudunsparce|Rattled|boost\n|-boost|p1a: Dudunsparce|spe|1\n|move|p1a: Dudunsparce|Boomburst|p2a: Incineroar\n|-damage|p2a: Incineroar|232/290\n|\n|-heal|p1a: Dudunsparce|87/100|[from] item: Leftovers\n|upkeep\n|turn|9\n|inactive|Time left: 300 sec this turn | 300 sec total\n|\n|t:|1783534241\n|move|p1a: Dudunsparce|Calm Mind|p1a: Dudunsparce\n|-boost|p1a: Dudunsparce|spa|1\n|-boost|p1a: Dudunsparce|spd|1\n|move|p2a: Incineroar|Knock Off|p1a: Dudunsparce\n|-damage|p1a: Dudunsparce|55/100\n|-ability|p1a: Dudunsparce|Rattled|boost\n|-boost|p1a: Dudunsparce|spe|1\n|-enditem|p1a: Dudunsparce|Leftovers|[from] move: Knock Off|[of] p2a: Incineroar\n|\n|upkeep\n|turn|10\n|inactive|Time left: 300 sec this turn | 300 sec total\n|\n|t:|1783534242\n|move|p1a: Dudunsparce|Boomburst|p2a: Incineroar\n|-damage|p2a: Incineroar|145/290\n|move|p2a: Incineroar|Close Combat|p1a: Dudunsparce\n|-supereffective|p1a: Dudunsparce\n|-damage|p1a: Dudunsparce|0 fnt\n|-unboost|p2a: Incineroar|def|1\n|-unboost|p2a: Incineroar|spd|1\n|faint|p1a: Dudunsparce\n|\n|upkeep\n|\n|t:|1783534243\n|switch|p1a: Primarina|Primarina, L83, F|100/100\n|turn|11\n|inactive|Time left: 300 sec this turn | 300 sec total\n|\n|t:|1783534244\n|switch|p2a: Overqwil|Overqwil, L82, F|109/274\n|-ability|p2a: Overqwil|Intimidate|boost\n|-unboost|p1a: Primarina|atk|1\n|move|p1a: Primarina|Moonblast|p2a: Overqwil\n|-damage|p2a: Overqwil|0 fnt\n|faint|p2a: Overqwil\n|\n|upkeep\n|inactive|Time left: 300 sec this turn | 300 sec total | 5 sec grace\n|\n|t:|1783534245\n|switch|p2a: Arceus|Arceus-Electric, L70|185/284\n|turn|12\n|inactive|Time left: 300 sec this turn | 300 sec total\n|\n|t:|1783534247\n|move|p2a: Arceus|Judgment|p1a: Primarina\n|-supereffective|p1a: Primarina\n|-damage|p1a: Primarina|33/100\n|move|p1a: Primarina|Calm Mind|p1a: Primarina\n|-boost|p1a: Primarina|spa|1\n|-boost|p1a: Primarina|spd|1\n|\n|-heal|p1a: Primarina|39/100|[from] item: Leftovers\n|upkeep\n|turn|13\n|inactive|Time left: 300 sec this turn | 300 sec total\n|\n|t:|1783534248\n|-terastallize|p1a: Primarina|Steel\n|move|p2a: Arceus|Judgment|p1a: Primarina\n|-damage|p1a: Primarina|16/100\n|move|p1a: Primarina|Draining Kiss|p2a: Arceus\n|-damage|p2a: Arceus|100/284\n|-heal|p1a: Primarina|40/100|[from] drain|[of] p2a: Arceus\n|\n|-heal|p1a: Primarina|46/100|[from] item: Leftovers\n|upkeep\n|turn|14\n|inactive|Time left: 300 sec this turn | 300 sec total\n|\n|t:|1783534249\n|move|p2a: Arceus|Recover|p2a: Arceus\n|-heal|p2a: Arceus|242/284\n|move|p1a: Primarina|Moonblast|p2a: Arceus\n|-damage|p2a: Arceus|64/284\n|\n|-heal|p1a: Primarina|52/100|[from] item: Leftovers\n|upkeep\n|turn|15\n|inactive|Time left: 300 sec this turn | 300 sec total\n|\n|t:|1783534250\n|move|p2a: Arceus|Recover|p2a: Arceus\n|-heal|p2a: Arceus|206/284\n|move|p1a: Primarina|Draining Kiss|p2a: Arceus\n|-damage|p2a: Arceus|113/284\n|-heal|p1a: Primarina|78/100|[from] drain|[of] p2a: Arceus\n|\n|-heal|p1a: Primarina|84/100|[from] item: Leftovers\n|upkeep\n|turn|16\n|inactive|Time left: 300 sec this turn | 300 sec total\n|\n|t:|1783534251\n|move|p2a: Arceus|Recover|p2a: Arceus\n|-heal|p2a: Arceus|255/284\n|move|p1a: Primarina|Moonblast|p2a: Arceus\n|-damage|p2a: Arceus|95/284\n|-unboost|p2a: Arceus|spa|1\n|\n|-heal|p1a: Primarina|90/100|[from] item: Leftovers\n|upkeep\n|turn|17\n|inactive|Time left: 300 sec this turn | 300 sec total\n|\n|t:|1783534252\n|move|p2a: Arceus|Recover|p2a: Arceus\n|-heal|p2a: Arceus|237/284\n|move|p1a: Primarina|Moonblast|p2a: Arceus\n|-damage|p2a: Arceus|78/284\n|\n|-heal|p1a: Primarina|96/100|[from] item: Leftovers\n|upkeep\n|turn|18\n|inactive|Time left: 300 sec this turn | 300 sec total\n|\n|t:|1783534253\n|move|p2a: Arceus|Recover|p2a: Arceus\n|-heal|p2a: Arceus|220/284\n|move|p1a: Primarina|Moonblast|p2a: Arceus\n|-damage|p2a: Arceus|54/284\n|\n|-heal|p1a: Primarina|100/100|[from] item: Leftovers\n|upkeep\n|turn|19\n|inactive|Time left: 300 sec this turn | 300 sec total\n|\n|t:|1783534255\n|move|p2a: Arceus|Recover|p2a: Arceus\n|-heal|p2a: Arceus|196/284\n|move|p1a: Primarina|Moonblast|p2a: Arceus\n|-damage|p2a: Arceus|10/284\n|\n|upkeep\n|turn|20\n|inactive|Time left: 300 sec this turn | 300 sec total\n|\n|t:|1783534256\n|move|p2a: Arceus|Ice Beam|p1a: Primarina\n|-resisted|p1a: Primarina\n|-damage|p1a: Primarina|97/100\n|move|p1a: Primarina|Moonblast|p2a: Arceus\n|-damage|p2a: Arceus|0 fnt\n|faint|p2a: Arceus\n|\n|-heal|p1a: Primarina|100/100|[from] item: Leftovers\n|upkeep\n|inactive|Time left: 300 sec this turn | 300 sec total | 5 sec grace\n|\n|t:|1783534257\n|switch|p2a: Incineroar|Incineroar, L82, F|145/290\n|-ability|p2a: Incineroar|Intimidate|boost\n|-unboost|p1a: Primarina|atk|1\n|turn|21\n|inactive|Time left: 300 sec this turn | 300 sec total\n|\n|t:|1783534258\n|-terastallize|p2a: Incineroar|Water\n|move|p1a: Primarina|Moonblast|p2a: Incineroar\n|-damage|p2a: Incineroar|16/290\n|move|p2a: Incineroar|Knock Off|p1a: Primarina\n|-damage|p1a: Primarina|50/100\n|-enditem|p1a: Primarina|Leftovers|[from] move: Knock Off|[of] p2a: Incineroar\n|\n|upkeep\n|turn|22\n|inactive|Time left: 300 sec this turn | 300 sec total\n|\n|t:|1783534259\n|move|p1a: Primarina|Draining Kiss|p2a: Incineroar\n|-damage|p2a: Incineroar|0 fnt\n|-heal|p1a: Primarina|54/100|[from] drain|[of] p2a: Incineroar\n|faint|p2a: Incineroar\n|\n|upkeep\n|inactive|Time left: 300 sec this turn | 300 sec total | 5 sec grace\n|\n|t:|1783534260\n|switch|p2a: Swanna|Swanna, L89, F|278/278\n|turn|23\n|inactive|Time left: 300 sec this turn | 300 sec total\n|\n|t:|1783534261\n|move|p2a: Swanna|Hydro Pump|p1a: Primarina\n|-damage|p1a: Primarina|31/100\n|move|p1a: Primarina|Draining Kiss|p2a: Swanna\n|-damage|p2a: Swanna|161/278\n|-heal|p1a: Primarina|64/100|[from] drain|[of] p2a: Swanna\n|\n|upkeep\n|turn|24\n|inactive|Time left: 300 sec this turn | 300 sec total\n|\n|t:|1783534262\n|move|p2a: Swanna|Roost|p2a: Swanna\n|-heal|p2a: Swanna|278/278\n|-singleturn|p2a: Swanna|move: Roost\n|move|p1a: Primarina|Moonblast|p2a: Swanna\n|-damage|p2a: Swanna|47/278\n|-unboost|p2a: Swanna|spa|1\n|\n|upkeep\n|turn|25\n|inactive|Time left: 300 sec this turn | 300 sec total\n|\n|t:|1783534263\n|move|p2a: Swanna|Brave Bird|p1a: Primarina\n|-resisted|p1a: Primarina\n|-damage|p1a: Primarina|38/100\n|-damage|p2a: Swanna|24/278|[from] Recoil\n|move|p1a: Primarina|Moonblast|p2a: Swanna\n|-crit|p2a: Swanna\n|-damage|p2a: Swanna|0 fnt\n|faint|p2a: Swanna\n|\n|upkeep\n|inactive|Time left: 300 sec this turn | 300 sec total | 5 sec grace\n|\n|t:|1783534264\n|switch|p2a: Delibird|Delibird, M|252/252\n|turn|26\n|inactive|Time left: 300 sec this turn | 300 sec total\n|\n|t:|1783534264\n|move|p2a: Delibird|Freeze-Dry|p1a: Primarina\n|-resisted|p1a: Primarina\n|-damage|p1a: Primarina|29/100\n|move|p1a: Primarina|Moonblast|p2a: Delibird\n|-damage|p2a: Delibird|11/252\n|\n|upkeep\n|turn|27\n|inactive|Time left: 300 sec this turn | 300 sec total\n|\n|t:|1783534265\n|move|p2a: Delibird|Freeze-Dry|p1a: Primarina\n|-resisted|p1a: Primarina\n|-damage|p1a: Primarina|21/100\n|-status|p1a: Primarina|frz\n|cant|p1a: Primarina|frz\n|\n|upkeep\n|turn|28\n|inactive|Time left: 300 sec this turn | 300 sec total\n|\n|t:|1783534266\n|switch|p1a: Tatsugiri|Tatsugiri, L87, F|100/100\n|move|p2a: Delibird|Freeze-Dry|p1a: Tatsugiri\n|-supereffective|p1a: Tatsugiri\n|-damage|p1a: Tatsugiri|0 fnt\n|faint|p1a: Tatsugiri\n|\n|upkeep\n|\n|t:|1783534267\n|switch|p1a: Chesnaught|Chesnaught, L84, M|100/100\n|turn|29\n|inactive|Time left: 300 sec this turn | 300 sec total\n|\n|t:|1783534268\n|move|p2a: Delibird|Freeze-Dry|p1a: Chesnaught\n|-supereffective|p1a: Chesnaught\n|-damage|p1a: Chesnaught|32/100\n|move|p1a: Chesnaught|Body Press|p2a: Delibird\n|-damage|p2a: Delibird|0 fnt\n|faint|p2a: Delibird\n|\n|win|p0x084fa4f", "uploadtime": 1783534268, "views": 0, "rating": 0, "private": 0, "password": null, "_winner": "p0x084fa4f", "_our_name": "p0y084d8e9"}