{"id": "battle-gen9randombattle-581", "formatid": "gen9randombattle", "format": "[Gen 9] Random Battle", "players": ["p0x581471d", "p0y5816eb9"], "log": "|init|battle\n|title|p0x581471d vs. p0y5816eb9\n|j|\u2606p0x581471d\n|j|\u2606p0y5816eb9\n|t:|1783546537\n|gametype|singles\n|player|p1|p0x581471d|170|\n|player|p2|p0y5816eb9|1|\n|gen|9\n|tier|[Gen 9] Random Battle\n|rule|Species Clause: Limit one of each Pok\u00e9mon\n|rule|HP Percentage Mod: HP is shown in percentages\n|rule|Sleep Clause Mod: Limit one foe put to sleep\n|rule|Illusion Level Mod: Illusion disguises the Pok\u00e9mon's true level\n|\n|t:|1783546537\n|teamsize|p1|6\n|teamsize|p2|6\n|start\n|switch|p1a: Gyarados|Gyarados, L79, F|100/100\n|switch|p2a: Iron Bundle|Iron Bundle, L78|215/215\n|turn|1\n|inactive|Battle timer is ON: inactive players will automatically lose when time's up. (requested by p0x581471d)\n|inactive|Time left: 300 sec this turn | 300 sec total | 60 sec grace\n|inactive|p0y5816eb9 also wants the timer to be on.\n|\n|t:|1783546539\n|switch|p1a: Slaking|Slaking, L84, M|100/100\n|move|p2a: Iron Bundle|Freeze-Dry|p1a: Slaking\n|-damage|p1a: Slaking|76/100\n|\n|upkeep\n|turn|2\n|inactive|Time left: 300 sec this turn | 300 sec total\n|\n|t:|1783546540\n|move|p2a: Iron Bundle|Freeze-Dry|p1a: Slaking\n|-damage|p1a: Slaking|51/100\n|move|p1a: Slaking|Giga Impact|p2a: Iron Bundle\n|-damage|p2a: Iron Bundle|0 fnt\n|-mustrecharge|p1a: Slaking\n|faint|p2a: Iron Bundle\n|-end|p2a: Iron Bundle|Quark Drive|[silent]\n|\n|upkeep\n|inactive|Time left: 300 sec this turn | 300 sec total | 5 sec grace\n|\n|t:|1783546541\n|switch|p2a: Excadrill|Excadrill, L79, F|303/303\n|-ability|p2a: Excadrill|Mold Breaker\n|turn|3\n|inactive|Time left: 300 sec this turn | 300 sec total\n|\n|t:|1783546542\n|cant|p1a: Slaking|recharge\n|move|p2a: Excadrill|Swords Dance|p2a: Excadrill\n|-boost|p2a: Excadrill|atk|2\n|\n|upkeep\n|turn|4\n|inactive|Time left: 300 sec this turn | 300 sec total\n|\n|t:|1783546543\n|-terastallize|p1a: Slaking|Normal\n|move|p1a: Slaking|Giga Impact|p2a: Excadrill\n|-resisted|p2a: Excadrill\n|-damage|p2a: Excadrill|0 fnt\n|-mustrecharge|p1a: Slaking\n|faint|p2a: Excadrill\n|\n|upkeep\n|inactive|Time left: 300 sec this turn | 300 sec total | 5 sec grace\n|\n|t:|1783546544\n|switch|p2a: Greninja|Greninja, L80, M|246/246\n|turn|5\n|inactive|Time left: 300 sec this turn | 300 sec total\n|\n|t:|1783546546\n|move|p2a: Greninja|Ice Beam|p1a: Slaking\n|-start|p2a: Greninja|typechange|Ice|[from] ability: Protean\n|-damage|p1a: Slaking|12/100\n|-damage|p2a: Greninja|222/246|[from] item: Life Orb\n|cant|p1a: Slaking|recharge\n|\n|upkeep\n|turn|6\n|inactive|Time left: 300 sec this turn | 300 sec total\n|\n|t:|1783546547\n|move|p2a: Greninja|U-turn|p1a: Slaking\n|-damage|p1a: Slaking|0 fnt\n|faint|p1a: Slaking\n|-damage|p2a: Greninja|198/246|[from] item: Life Orb\n|inactive|Time left: 300 sec this turn | 300 sec total | 5 sec grace\n|\n|t:|1783546548\n|switch|p2a: Vivillon|Vivillon, L83, M|268/268|[from] U-turn\n|\n|upkeep\n|\n|t:|1783546548\n|switch|p1a: Houndoom|Houndoom, L87, M|100/100\n|turn|7\n|inactive|Time left: 300 sec this turn | 300 sec total\n|\n|t:|1783546550\n|switch|p2a: Okidogi|Okidogi, L77, M|262/262\n|move|p1a: Houndoom|Fire Blast|p2a: Okidogi|[miss]\n|-miss|p1a: Houndoom|p2a: Okidogi\n|\n|upkeep\n|turn|8\n|inactive|Time left: 300 sec this turn | 300 sec total\n|\n|t:|1783546551\n|switch|p1a: Magearna|Magearna-Original, L77|100/100\n|move|p2a: Okidogi|Drain Punch|p1a: Magearna\n|-damage|p1a: Magearna|74/100\n|\n|-heal|p1a: Magearna|80/100|[from] item: Leftovers\n|upkeep\n|turn|9\n|inactive|Time left: 300 sec this turn | 300 sec total\n|\n|t:|1783546552\n|move|p2a: Okidogi|High Horsepower|p1a: Magearna\n|-supereffective|p1a: Magearna\n|-damage|p1a: Magearna|28/100\n|move|p1a: Magearna|Spikes|p2a: Okidogi\n|-sidestart|p2: p0y5816eb9|Spikes\n|\n|-heal|p1a: Magearna|34/100|[from] item: Leftovers\n|upkeep\n|turn|10\n|inactive|Time left: 300 sec this turn | 300 sec total\n|\n|t:|1783546554\n|move|p2a: Okidogi|High Horsepower|p1a: Magearna\n|-supereffective|p1a: Magearna\n|-damage|p1a: Magearna|0 fnt\n|faint|p1a: Magearna\n|\n|upkeep\n|\n|t:|1783546555\n|switch|p1a: Gyarados|Gyarados, L79, F|100/100\n|turn|11\n|inactive|Time left: 300 sec this turn | 300 sec total\n|\n|t:|1783546556\n|move|p1a: Gyarados|Earthquake|p2a: Okidogi\n|-supereffective|p2a: Okidogi\n|-damage|p2a: Okidogi|114/262\n|move|p2a: Okidogi|Gunk Shot|p1a: Gyarados\n|-damage|p1a: Gyarados|49/100\n|\n|upkeep\n|turn|12\n|inactive|Time left: 300 sec this turn | 300 sec total\n|\n|t:|1783546557\n|switch|p2a: Vivillon|Vivillon, L83, M|268/268\n|move|p1a: Gyarados|Earthquake|p2a: Vivillon\n|-immune|p2a: Vivillon\n|\n|upkeep\n|turn|13\n|inactive|Time left: 300 sec this turn | 300 sec total\n|\n|t:|1783546558\n|move|p2a: Vivillon|Quiver Dance|p2a: Vivillon\n|-boost|p2a: Vivillon|spa|1\n|-boost|p2a: Vivillon|spd|1\n|-boost|p2a: Vivillon|spe|1\n|move|p1a: Gyarados|Stone Edge|p2a: Vivillon\n|-supereffective|p2a: Vivillon\n|-damage|p2a: Vivillon|0 fnt\n|faint|p2a: Vivillon\n|-ability|p1a: Gyarados|Moxie|boost\n|-boost|p1a: Gyarados|atk|1\n|\n|upkeep\n|inactive|Time left: 300 sec this turn | 300 sec total | 5 sec grace\n|\n|t:|1783546559\n|switch|p2a: Greninja|Greninja, L80, M|198/246\n|-damage|p2a: Greninja|168/246|[from] Spikes\n|turn|14\n|inactive|Time left: 300 sec this turn | 300 sec total\n|\n|t:|1783546560\n|move|p2a: Greninja|Gunk Shot|p1a: Gyarados\n|-start|p2a: Greninja|typechange|Poison|[from] ability: Protean\n|-damage|p1a: Gyarados|0 fnt\n|faint|p1a: Gyarados\n|-damage|p2a: Greninja|144/246|[from] item: Life Orb\n|\n|upkeep\n|\n|t:|1783546561\n|switch|p1a: Dunsparce|Dunsparce, L86, M|100/100\n|turn|15\n|inactive|Time left: 300 sec this turn | 300 sec total\n|\n|t:|1783546562\n|move|p2a: Greninja|Gunk Shot|p1a: Dunsparce\n|-damage|p1a: Dunsparce|65/100\n|-status|p1a: Dunsparce|psn\n|-damage|p2a: Greninja|120/246|[from] item: Life Orb\n|move|p1a: Dunsparce|Coil|p1a: Dunsparce\n|-boost|p1a: Dunsparce|atk|1\n|-boost|p1a: Dunsparce|def|1\n|-boost|p1a: Dunsparce|accuracy|1\n|\n|-damage|p1a: Dunsparce|53/100 psn|[from] psn\n|upkeep\n|turn|16\n|inactive|Time left: 300 sec this turn | 300 sec total\n|\n|t:|1783546563\n|move|p2a: Greninja|Gunk Shot|p1a: Dunsparce\n|-damage|p1a: Dunsparce|26/100 psn\n|-damage|p2a: Greninja|96/246|[from] item: Life Orb\n|move|p1a: Dunsparce|Roost|p1a: Dunsparce\n|-heal|p1a: Dunsparce|76/100 psn\n|-singleturn|p1a: Dunsparce|move: Roost\n|\n|-damage|p1a: Dunsparce|64/100 psn|[from] psn\n|upkeep\n|turn|17\n|inactive|Time left: 300 sec this turn | 300 sec total\n|\n|t:|1783546564\n|move|p2a: Greninja|Gunk Shot|p1a: Dunsparce\n|-damage|p1a: Dunsparce|37/100 psn\n|-damage|p2a: Greninja|72/246|[from] item: Life Orb\n|move|p1a: Dunsparce|Roost|p1a: Dunsparce\n|-heal|p1a: Dunsparce|87/100 psn\n|-singleturn|p1a: Dunsparce|move: Roost\n|\n|-damage|p1a: Dunsparce|75/100 psn|[from] psn\n|upkeep\n|turn|18\n|inactive|Time left: 300 sec this turn | 300 sec total\n|\n|t:|1783546566\n|move|p2a: Greninja|Ice Beam|p1a: Dunsparce\n|-damage|p1a: Dunsparce|54/100 psn\n|-damage|p2a: Greninja|48/246|[from] item: Life Orb\n|move|p1a: Dunsparce|Body Slam|p2a: Greninja\n|-damage|p2a: Greninja|0 fnt\n|faint|p2a: Greninja\n|\n|-damage|p1a: Dunsparce|41/100 psn|[from] psn\n|upkeep\n|inactive|Time left: 300 sec this turn | 300 sec total | 5 sec grace\n|\n|t:|1783546567\n|switch|p2a: Okidogi|Okidogi, L77, M|114/262\n|-damage|p2a: Okidogi|82/262|[from] Spikes\n|turn|19\n|inactive|Time left: 300 sec this turn | 300 sec total\n|\n|t:|1783546568\n|move|p2a: Okidogi|Drain Punch|p1a: Dunsparce\n|-supereffective|p1a: Dunsparce\n|-damage|p1a: Dunsparce|16/100 psn\n|-heal|p2a: Okidogi|122/262|[from] drain|[of] p1a: Dunsparce\n|move|p1a: Dunsparce|Roost|p1a: Dunsparce\n|-heal|p1a: Dunsparce|66/100 psn\n|-singleturn|p1a: Dunsparce|move: Roost\n|\n|-damage|p1a: Dunsparce|53/100 psn|[from] psn\n|upkeep\n|turn|20\n|inactive|Time left: 300 sec this turn | 300 sec total\n|\n|t:|1783546569\n|move|p2a: Okidogi|Drain Punch|p1a: Dunsparce\n|-supereffective|p1a: Dunsparce\n|-damage|p1a: Dunsparce|27/100 psn\n|-heal|p2a: Okidogi|162/262|[from] drain|[of] p1a: Dunsparce\n|move|p1a: Dunsparce|Roost|p1a: Dunsparce\n|-heal|p1a: Dunsparce|77/100 psn\n|-singleturn|p1a: Dunsparce|move: Roost\n|\n|-damage|p1a: Dunsparce|65/100 psn|[from] psn\n|upkeep\n|turn|21\n|inactive|Time left: 300 sec this turn | 300 sec total\n|\n|t:|1783546570\n|move|p2a: Okidogi|Drain Punch|p1a: Dunsparce\n|-supereffective|p1a: Dunsparce\n|-damage|p1a: Dunsparce|36/100 psn\n|-heal|p2a: Okidogi|207/262|[from] drain|[of] p1a: Dunsparce\n|move|p1a: Dunsparce|Roost|p1a: Dunsparce\n|-heal|p1a: Dunsparce|86/100 psn\n|-singleturn|p1a: Dunsparce|move: Roost\n|\n|-damage|p1a: Dunsparce|74/100 psn|[from] psn\n|upkeep\n|turn|22\n|inactive|Time left: 300 sec this turn | 300 sec total\n|\n|t:|1783546571\n|move|p2a: Okidogi|Drain Punch|p1a: Dunsparce\n|-supereffective|p1a: Dunsparce\n|-damage|p1a: Dunsparce|46/100 psn\n|-heal|p2a: Okidogi|250/262|[from] drain|[of] p1a: Dunsparce\n|move|p1a: Dunsparce|Roost|p1a: Dunsparce\n|-heal|p1a: Dunsparce|96/100 psn\n|-singleturn|p1a: Dunsparce|move: Roost\n|\n|-damage|p1a: Dunsparce|84/100 psn|[from] psn\n|upkeep\n|turn|23\n|inactive|Time left: 300 sec this turn | 300 sec total\n|\n|t:|1783546572\n|move|p2a: Okidogi|Drain Punch|p1a: Dunsparce\n|-supereffective|p1a: Dunsparce\n|-damage|p1a: Dunsparce|56/100 psn\n|-heal|p2a: Okidogi|262/262|[from] drain|[of] p1a: Dunsparce\n|move|p1a: Dunsparce|Body Slam|p2a: Okidogi\n|-damage|p2a: Okidogi|171/262\n|-status|p2a: Okidogi|par\n|\n|-damage|p1a: Dunsparce|43/100 psn|[from] psn\n|upkeep\n|turn|24\n|inactive|Time left: 300 sec this turn | 300 sec total\n|\n|t:|1783546573\n|move|p1a: Dunsparce|Roost|p1a: Dunsparce\n|-heal|p1a: Dunsparce|93/100 psn\n|-singleturn|p1a: Dunsparce|move: Roost\n|move|p2a: Okidogi|Drain Punch|p1a: Dunsparce\n|-supereffective|p1a: Dunsparce\n|-damage|p1a: Dunsparce|65/100 psn\n|-heal|p2a: Okidogi|216/262 par|[from] drain|[of] p1a: Dunsparce\n|\n|-damage|p1a: Dunsparce|52/100 psn|[from] psn\n|upkeep\n|turn|25\n|inactive|Time left: 300 sec this turn | 300 sec total\n|\n|t:|1783546574\n|move|p1a: Dunsparce|Roost|p1a: Dunsparce\n|-heal|p1a: Dunsparce|100/100 psn\n|-singleturn|p1a: Dunsparce|move: Roost\n|move|p2a: Okidogi|Drain Punch|p1a: Dunsparce\n|-supereffective|p1a: Dunsparce\n|-damage|p1a: Dunsparce|73/100 psn\n|-heal|p2a: Okidogi|259/262 par|[from] drain|[of] p1a: Dunsparce\n|\n|-damage|p1a: Dunsparce|60/100 psn|[from] psn\n|upkeep\n|turn|26\n|inactive|Time left: 300 sec this turn | 300 sec total\n|\n|t:|1783546575\n|move|p1a: Dunsparce|Earthquake|p2a: Okidogi\n|-supereffective|p2a: Okidogi\n|-damage|p2a: Okidogi|113/262 par\n|move|p2a: Okidogi|Drain Punch|p1a: Dunsparce\n|-supereffective|p1a: Dunsparce\n|-damage|p1a: Dunsparce|32/100 psn\n|-heal|p2a: Okidogi|158/262 par|[from] drain|[of] p1a: Dunsparce\n|\n|-damage|p1a: Dunsparce|19/100 psn|[from] psn\n|upkeep\n|turn|27\n|inactive|Time left: 300 sec this turn | 300 sec total\n|\n|t:|1783546577\n|move|p1a: Dunsparce|Earthquake|p2a: Okidogi\n|-supereffective|p2a: Okidogi\n|-damage|p2a: Okidogi|0 fnt\n|faint|p2a: Okidogi\n|\n|-damage|p1a: Dunsparce|7/100 psn|[from] psn\n|upkeep\n|inactive|Time left: 300 sec this turn | 300 sec total | 5 sec grace\n|\n|t:|1783546578\n|switch|p2a: Lokix|Lokix, L82, M|251/251\n|-damage|p2a: Lokix|220/251|[from] Spikes\n|turn|28\n|inactive|Time left: 300 sec this turn | 300 sec total\n|\n|t:|1783546579\n|-terastallize|p2a: Lokix|Bug\n|move|p2a: Lokix|U-turn|p1a: Dunsparce\n|-damage|p1a: Dunsparce|0 fnt\n|faint|p1a: Dunsparce\n|\n|upkeep\n|\n|t:|1783546579\n|switch|p1a: Houndoom|Houndoom, L87, M|100/100\n|turn|29\n|inactive|Time left: 300 sec this turn | 300 sec total\n|\n|t:|1783546580\n|move|p1a: Houndoom|Dark Pulse|p2a: Lokix\n|-damage|p2a: Lokix|78/251\n|cant|p2a: Lokix|flinch\n|\n|upkeep\n|turn|30\n|inactive|Time left: 300 sec this turn | 300 sec total\n|\n|t:|1783546581\n|move|p1a: Houndoom|Sludge Bomb|p2a: Lokix\n|-damage|p2a: Lokix|0 fnt\n|faint|p2a: Lokix\n|\n|win|p0x581471d", "uploadtime": 1783546581, "views": 0, "rating": 0, "private": 0, "password": null, "_winner": "p0x581471d", "_our_name": "p0y5816eb9"}