{"id": "battle-gen9randombattle-2170", "formatid": "gen9randombattle", "format": "[Gen 9] Random Battle", "players": ["p0x2170c63a", "p0y2170f8bc"], "log": "|init|battle\n|title|p0x2170c63a vs. p0y2170f8bc\n|j|\u2606p0x2170c63a\n|j|\u2606p0y2170f8bc\n|t:|1783564279\n|gametype|singles\n|player|p1|p0x2170c63a|266|\n|player|p2|p0y2170f8bc|101|\n|gen|9\n|tier|[Gen 9] Random Battle\n|rule|Species Clause: Limit one of each Pok\u00e9mon\n|rule|HP Percentage Mod: HP is shown in percentages\n|rule|Sleep Clause Mod: Limit one foe put to sleep\n|rule|Illusion Level Mod: Illusion disguises the Pok\u00e9mon's true level\n|\n|t:|1783564279\n|teamsize|p1|6\n|teamsize|p2|6\n|start\n|switch|p1a: Glimmora|Glimmora, L75, F|248/248\n|switch|p2a: Shiftry|Shiftry, L89, F|100/100\n|turn|1\n|inactive|Battle timer is ON: inactive players will automatically lose when time's up. (requested by p0x2170c63a)\n|inactive|p0y2170f8bc also wants the timer to be on.\n|\n|t:|1783564281\n|move|p2a: Shiftry|Swords Dance|p2a: Shiftry\n|-boost|p2a: Shiftry|atk|2\n|move|p1a: Glimmora|Meteor Beam||[still]\n|-prepare|p1a: Glimmora|Meteor Beam\n|-boost|p1a: Glimmora|spa|1\n|-enditem|p1a: Glimmora|Power Herb\n|-anim|p1a: Glimmora|Meteor Beam|p2a: Shiftry\n|-damage|p2a: Shiftry|14/100\n|\n|upkeep\n|turn|2\n|inactive|Time left: 300 sec this turn | 300 sec total\n|\n|t:|1783564282\n|-terastallize|p1a: Glimmora|Grass\n|move|p2a: Shiftry|Leaf Blade|p1a: Glimmora\n|-resisted|p1a: Glimmora\n|-damage|p1a: Glimmora|88/248\n|-activate|p1a: Glimmora|ability: Toxic Debris\n|-sidestart|p2: p0y2170f8bc|move: Toxic Spikes\n|-damage|p2a: Shiftry|4/100|[from] item: Life Orb\n|move|p1a: Glimmora|Meteor Beam||[still]\n|-prepare|p1a: Glimmora|Meteor Beam\n|-boost|p1a: Glimmora|spa|1\n|\n|upkeep\n|turn|3\n|inactive|Time left: 300 sec this turn | 300 sec total\n|\n|t:|1783564283\n|move|p2a: Shiftry|Sucker Punch|p1a: Glimmora\n|-damage|p1a: Glimmora|0 fnt\n|-activate|p1a: Glimmora|ability: Toxic Debris\n|-sidestart|p2: p0y2170f8bc|move: Toxic Spikes\n|faint|p1a: Glimmora\n|-damage|p2a: Shiftry|0 fnt|[from] item: Life Orb\n|faint|p2a: Shiftry\n|\n|upkeep\n|inactive|Time left: 300 sec this turn | 300 sec total | 5 sec grace\n|\n|t:|1783564283\n|switch|p2a: Spidops|Spidops, L96, F|100/100\n|switch|p1a: Minior|Minior-Orange, L79|224/224\n|-formechange|p1a: Minior|Minior-Meteor||[from] ability: Shields Down\n|turn|4\n|inactive|Time left: 300 sec this turn | 300 sec total\n|\n|t:|1783564285\n|move|p1a: Minior|Shell Smash|p1a: Minior\n|-unboost|p1a: Minior|def|1\n|-unboost|p1a: Minior|spd|1\n|-boost|p1a: Minior|atk|2\n|-boost|p1a: Minior|spa|2\n|-boost|p1a: Minior|spe|2\n|-enditem|p1a: Minior|White Herb\n|-clearnegativeboost|p1a: Minior|[silent]\n|move|p2a: Spidops|Sticky Web|p1a: Minior\n|-sidestart|p1: p0x2170c63a|move: Sticky Web\n|\n|upkeep\n|turn|5\n|inactive|Time left: 300 sec this turn | 300 sec total\n|\n|t:|1783564286\n|-terastallize|p2a: Spidops|Ghost\n|move|p1a: Minior|Acrobatics|p2a: Spidops\n|-damage|p2a: Spidops|57/100\n|move|p2a: Spidops|Circle Throw|p1a: Minior\n|-damage|p1a: Minior|182/224\n|drag|p1a: Scrafty|Scrafty, L83, M|244/244\n|-activate|p1a: Scrafty|move: Sticky Web\n|-unboost|p1a: Scrafty|spe|1\n|\n|upkeep\n|turn|6\n|inactive|Time left: 300 sec this turn | 300 sec total\n|\n|t:|1783564287\n|move|p1a: Scrafty|Knock Off|p2a: Spidops\n|-supereffective|p2a: Spidops\n|-damage|p2a: Spidops|0 fnt\n|-enditem|p2a: Spidops|Heavy-Duty Boots|[from] move: Knock Off|[of] p1a: Scrafty\n|faint|p2a: Spidops\n|\n|upkeep\n|\n|t:|1783564288\n|switch|p2a: Slaking|Slaking, L84, M|100/100\n|-status|p2a: Slaking|tox\n|turn|7\n|inactive|Time left: 300 sec this turn | 300 sec total\n|\n|t:|1783564289\n|switch|p1a: Sableye|Sableye, L88, F|231/231\n|-activate|p1a: Sableye|move: Sticky Web\n|-unboost|p1a: Sableye|spe|1\n|move|p2a: Slaking|Giga Impact|p1a: Sableye\n|-immune|p1a: Sableye\n|\n|-damage|p2a: Slaking|94/100 tox|[from] psn\n|upkeep\n|turn|8\n|inactive|Time left: 300 sec this turn | 300 sec total\n|\n|t:|1783564290\n|switch|p2a: Appletun|Appletun, L92, M|100/100\n|-status|p2a: Appletun|tox\n|move|p1a: Sableye|Knock Off|p2a: Appletun\n|-damage|p2a: Appletun|77/100 tox\n|-enditem|p2a: Appletun|Leftovers|[from] move: Knock Off|[of] p1a: Sableye\n|\n|-damage|p2a: Appletun|70/100 tox|[from] psn\n|upkeep\n|turn|9\n|inactive|Time left: 300 sec this turn | 300 sec total\n|\n|t:|1783564291\n|switch|p1a: Scrafty|Scrafty, L83, M|244/244\n|-activate|p1a: Scrafty|move: Sticky Web\n|-unboost|p1a: Scrafty|spe|1\n|move|p2a: Appletun|Apple Acid|p1a: Scrafty\n|-damage|p1a: Scrafty|157/244\n|-unboost|p1a: Scrafty|spd|1\n|\n|-heal|p1a: Scrafty|172/244|[from] item: Leftovers\n|-damage|p2a: Appletun|58/100 tox|[from] psn\n|upkeep\n|turn|10\n|inactive|Time left: 300 sec this turn | 300 sec total\n|\n|t:|1783564292\n|move|p2a: Appletun|Draco Meteor|p1a: Scrafty\n|-damage|p1a: Scrafty|0 fnt\n|-unboost|p2a: Appletun|spa|2\n|faint|p1a: Scrafty\n|\n|-damage|p2a: Appletun|39/100 tox|[from] psn\n|upkeep\n|inactive|Time left: 300 sec this turn | 300 sec total | 5 sec grace\n|\n|t:|1783564293\n|switch|p1a: Minior|Minior-Orange, L79|182/224\n|-formechange|p1a: Minior|Minior-Meteor||[from] ability: Shields Down\n|turn|11\n|inactive|Time left: 300 sec this turn | 300 sec total\n|\n|t:|1783564294\n|switch|p2a: Slaking|Slaking, L84, M|94/100 tox\n|move|p1a: Minior|Acrobatics|p2a: Slaking\n|-damage|p2a: Slaking|77/100 tox\n|\n|-damage|p2a: Slaking|71/100 tox|[from] psn\n|upkeep\n|turn|12\n|inactive|Time left: 300 sec this turn | 300 sec total\n|\n|t:|1783564295\n|switch|p2a: Appletun|Appletun, L92, M|39/100 tox\n|move|p1a: Minior|Shell Smash|p1a: Minior\n|-unboost|p1a: Minior|def|1\n|-unboost|p1a: Minior|spd|1\n|-boost|p1a: Minior|atk|2\n|-boost|p1a: Minior|spa|2\n|-boost|p1a: Minior|spe|2\n|\n|-damage|p2a: Appletun|33/100 tox|[from] psn\n|upkeep\n|turn|13\n|inactive|Time left: 300 sec this turn | 300 sec total\n|\n|t:|1783564296\n|move|p1a: Minior|Acrobatics|p2a: Appletun\n|-supereffective|p2a: Appletun\n|-damage|p2a: Appletun|0 fnt\n|faint|p2a: Appletun\n|\n|upkeep\n|\n|t:|1783564296\n|switch|p2a: Slaking|Slaking, L84, M|71/100 tox\n|turn|14\n|inactive|Time left: 300 sec this turn | 300 sec total\n|\n|t:|1783564297\n|switch|p1a: Sableye|Sableye, L88, F|231/231\n|-activate|p1a: Sableye|move: Sticky Web\n|-unboost|p1a: Sableye|spe|1\n|move|p2a: Slaking|Double-Edge|p1a: Sableye\n|-immune|p1a: Sableye\n|\n|-damage|p2a: Slaking|65/100 tox|[from] psn\n|upkeep\n|turn|15\n|inactive|Time left: 300 sec this turn | 300 sec total\n|\n|t:|1783564298\n|switch|p2a: Whiscash|Whiscash, L88, F|100/100\n|-status|p2a: Whiscash|tox\n|move|p1a: Sableye|Knock Off|p2a: Whiscash\n|-damage|p2a: Whiscash|70/100 tox\n|-enditem|p2a: Whiscash|Life Orb|[from] move: Knock Off|[of] p1a: Sableye\n|\n|-damage|p2a: Whiscash|64/100 tox|[from] psn\n|upkeep\n|turn|16\n|inactive|Time left: 300 sec this turn | 300 sec total\n|\n|t:|1783564299\n|switch|p1a: Appletun|Appletun, L92, F|352/352\n|-activate|p1a: Appletun|move: Sticky Web\n|-unboost|p1a: Appletun|spe|1\n|move|p2a: Whiscash|Liquidation|p1a: Appletun\n|-resisted|p1a: Appletun\n|-damage|p1a: Appletun|332/352\n|\n|-heal|p1a: Appletun|352/352|[from] item: Leftovers\n|-damage|p2a: Whiscash|52/100 tox|[from] psn\n|upkeep\n|turn|17\n|inactive|Time left: 300 sec this turn | 300 sec total\n|\n|t:|1783564300\n|move|p2a: Whiscash|Earthquake|p1a: Appletun\n|-resisted|p1a: Appletun\n|-damage|p1a: Appletun|302/352\n|move|p1a: Appletun|Apple Acid|p2a: Whiscash\n|-supereffective|p2a: Whiscash\n|-damage|p2a: Whiscash|0 fnt\n|faint|p2a: Whiscash\n|\n|-heal|p1a: Appletun|324/352|[from] item: Leftovers\n|upkeep\n|\n|t:|1783564301\n|switch|p2a: Slaking|Slaking, L84, M|65/100 tox\n|turn|18\n|inactive|Time left: 300 sec this turn | 300 sec total\n|\n|t:|1783564302\n|switch|p1a: Sableye|Sableye, L88, F|231/231\n|-activate|p1a: Sableye|move: Sticky Web\n|-unboost|p1a: Sableye|spe|1\n|move|p2a: Slaking|Giga Impact|p1a: Sableye\n|-immune|p1a: Sableye\n|\n|-damage|p2a: Slaking|59/100 tox|[from] psn\n|upkeep\n|turn|19\n|inactive|Time left: 300 sec this turn | 300 sec total\n|\n|t:|1783564303\n|cant|p2a: Slaking|ability: Truant\n|move|p1a: Sableye|Knock Off|p2a: Slaking\n|-damage|p2a: Slaking|37/100 tox\n|-enditem|p2a: Slaking|Choice Band|[from] move: Knock Off|[of] p1a: Sableye\n|\n|-damage|p2a: Slaking|25/100 tox|[from] psn\n|upkeep\n|turn|20\n|inactive|Time left: 300 sec this turn | 300 sec total\n|\n|t:|1783564304\n|switch|p1a: Appletun|Appletun, L92, F|324/352\n|-activate|p1a: Appletun|move: Sticky Web\n|-unboost|p1a: Appletun|spe|1\n|move|p2a: Slaking|Knock Off|p1a: Appletun\n|-damage|p1a: Appletun|225/352\n|-enditem|p1a: Appletun|Leftovers|[from] move: Knock Off|[of] p2a: Slaking\n|\n|-damage|p2a: Slaking|6/100 tox|[from] psn\n|upkeep\n|turn|21\n|inactive|Time left: 300 sec this turn | 300 sec total\n|\n|t:|1783564305\n|switch|p1a: Zangoose|Zangoose, L85, M|263/263\n|-activate|p1a: Zangoose|move: Sticky Web\n|-unboost|p1a: Zangoose|spe|1\n|cant|p2a: Slaking|ability: Truant\n|\n|-damage|p2a: Slaking|0 fnt|[from] psn\n|faint|p2a: Slaking\n|-status|p1a: Zangoose|tox|[from] item: Toxic Orb\n|upkeep\n|\n|t:|1783564306\n|switch|p2a: Lycanroc|Lycanroc, L86, F|100/100\n|-status|p2a: Lycanroc|tox\n|turn|22\n|inactive|Time left: 300 sec this turn | 300 sec total\n|\n|t:|1783564307\n|move|p2a: Lycanroc|Close Combat|p1a: Zangoose\n|-supereffective|p1a: Zangoose\n|-damage|p1a: Zangoose|0 fnt\n|-unboost|p2a: Lycanroc|def|1\n|-unboost|p2a: Lycanroc|spd|1\n|faint|p1a: Zangoose\n|-damage|p2a: Lycanroc|91/100 tox|[from] item: Life Orb\n|\n|-damage|p2a: Lycanroc|85/100 tox|[from] psn\n|upkeep\n|inactive|Time left: 300 sec this turn | 300 sec total | 5 sec grace\n|\n|t:|1783564308\n|switch|p1a: Sableye|Sableye, L88, F|231/231\n|-activate|p1a: Sableye|move: Sticky Web\n|-unboost|p1a: Sableye|spe|1\n|turn|23\n|inactive|Time left: 300 sec this turn | 300 sec total\n|\n|t:|1783564309\n|move|p2a: Lycanroc|Swords Dance|p2a: Lycanroc\n|-boost|p2a: Lycanroc|atk|2\n|move|p1a: Sableye|Knock Off|p2a: Lycanroc\n|-crit|p2a: Lycanroc\n|-damage|p2a: Lycanroc|0 fnt\n|-enditem|p2a: Lycanroc|Life Orb|[from] move: Knock Off|[of] p1a: Sableye\n|faint|p2a: Lycanroc\n|\n|win|p0x2170c63a", "uploadtime": 1783564309, "views": 0, "rating": 0, "private": 0, "password": null, "_winner": "p0x2170c63a", "_our_name": "p0x2170c63a"}