{"id": "battle-gen9randombattle-1790", "formatid": "gen9randombattle", "format": "[Gen 9] Random Battle", "players": ["p0x1790d700", "p0y17901900"], "log": "|init|battle\n|title|p0x1790d700 vs. p0y17901900\n|j|\u2606p0x1790d700\n|j|\u2606p0y17901900\n|t:|1783559968\n|gametype|singles\n|player|p1|p0x1790d700|265|\n|player|p2|p0y17901900|102|\n|gen|9\n|tier|[Gen 9] Random Battle\n|rule|Species Clause: Limit one of each Pok\u00e9mon\n|rule|HP Percentage Mod: HP is shown in percentages\n|rule|Sleep Clause Mod: Limit one foe put to sleep\n|rule|Illusion Level Mod: Illusion disguises the Pok\u00e9mon's true level\n|\n|t:|1783559968\n|teamsize|p1|6\n|teamsize|p2|6\n|start\n|switch|p1a: Arbok|Arbok, L87, F|246/246\n|switch|p2a: Kingambit|Kingambit, L74, F|100/100\n|-ability|p1a: Arbok|Intimidate|boost\n|-unboost|p2a: Kingambit|atk|1\n|turn|1\n|inactive|Battle timer is ON: inactive players will automatically lose when time's up. (requested by p0x1790d700)\n|inactive|p0y17901900 also wants the timer to be on.\n|\n|t:|1783559969\n|move|p1a: Arbok|Coil|p1a: Arbok\n|-boost|p1a: Arbok|atk|1\n|-boost|p1a: Arbok|def|1\n|-boost|p1a: Arbok|accuracy|1\n|move|p2a: Kingambit|Swords Dance|p2a: Kingambit\n|-boost|p2a: Kingambit|atk|2\n|\n|upkeep\n|turn|2\n|inactive|Time left: 300 sec this turn | 300 sec total\n|\n|t:|1783559971\n|move|p1a: Arbok|Coil|p1a: Arbok\n|-boost|p1a: Arbok|atk|1\n|-boost|p1a: Arbok|def|1\n|-boost|p1a: Arbok|accuracy|1\n|move|p2a: Kingambit|Swords Dance|p2a: Kingambit\n|-boost|p2a: Kingambit|atk|2\n|\n|upkeep\n|turn|3\n|inactive|Time left: 300 sec this turn | 300 sec total\n|\n|t:|1783559972\n|-terastallize|p2a: Kingambit|Dark\n|move|p1a: Arbok|Coil|p1a: Arbok\n|-boost|p1a: Arbok|atk|1\n|-boost|p1a: Arbok|def|1\n|-boost|p1a: Arbok|accuracy|1\n|move|p2a: Kingambit|Kowtow Cleave|p1a: Arbok\n|-damage|p1a: Arbok|92/246\n|\n|-heal|p1a: Arbok|107/246|[from] item: Leftovers\n|upkeep\n|turn|4\n|inactive|Time left: 300 sec this turn | 300 sec total\n|\n|t:|1783559973\n|move|p2a: Kingambit|Sucker Punch||[still]\n|-fail|p2a: Kingambit\n|move|p1a: Arbok|Coil|p1a: Arbok\n|-boost|p1a: Arbok|atk|1\n|-boost|p1a: Arbok|def|1\n|-boost|p1a: Arbok|accuracy|1\n|\n|-heal|p1a: Arbok|122/246|[from] item: Leftovers\n|upkeep\n|turn|5\n|inactive|Time left: 300 sec this turn | 300 sec total\n|\n|t:|1783559974\n|move|p2a: Kingambit|Sucker Punch|p1a: Arbok\n|-damage|p1a: Arbok|26/246\n|move|p1a: Arbok|Gunk Shot|p2a: Kingambit\n|-damage|p2a: Kingambit|0 fnt\n|faint|p2a: Kingambit\n|-end|p2a: Kingambit|fallenundefined|[silent]\n|\n|-heal|p1a: Arbok|41/246|[from] item: Leftovers\n|upkeep\n|\n|t:|1783559975\n|switch|p2a: Galvantula|Galvantula, L82, M|100/100\n|turn|6\n|inactive|Time left: 300 sec this turn | 300 sec total\n|\n|t:|1783559976\n|move|p2a: Galvantula|Bug Buzz|p1a: Arbok\n|-resisted|p1a: Arbok\n|-damage|p1a: Arbok|0 fnt\n|faint|p1a: Arbok\n|\n|upkeep\n|inactive|Time left: 300 sec this turn | 300 sec total | 5 sec grace\n|\n|t:|1783559977\n|switch|p1a: Mudsdale|Mudsdale, L83, F|302/302\n|turn|7\n|inactive|Time left: 300 sec this turn | 300 sec total\n|\n|t:|1783559979\n|move|p2a: Galvantula|Sticky Web|p1a: Mudsdale\n|-sidestart|p1: p0x1790d700|move: Sticky Web\n|move|p1a: Mudsdale|Earthquake|p2a: Galvantula\n|-damage|p2a: Galvantula|31/100\n|\n|upkeep\n|turn|8\n|inactive|Time left: 300 sec this turn | 300 sec total\n|\n|t:|1783559980\n|switch|p2a: Cresselia|Cresselia, L80, F|100/100\n|move|p1a: Mudsdale|Stealth Rock|p2a: Cresselia\n|-sidestart|p2: p0y17901900|move: Stealth Rock\n|\n|upkeep\n|turn|9\n|inactive|Time left: 300 sec this turn | 300 sec total\n|\n|t:|1783559981\n|move|p2a: Cresselia|Calm Mind|p2a: Cresselia\n|-boost|p2a: Cresselia|spa|1\n|-boost|p2a: Cresselia|spd|1\n|move|p1a: Mudsdale|Heavy Slam|p2a: Cresselia\n|-damage|p2a: Cresselia|70/100\n|\n|-heal|p2a: Cresselia|77/100|[from] item: Leftovers\n|upkeep\n|turn|10\n|inactive|Time left: 300 sec this turn | 300 sec total\n|\n|t:|1783559982\n|move|p2a: Cresselia|Moonlight|p2a: Cresselia\n|-heal|p2a: Cresselia|100/100\n|move|p1a: Mudsdale|Heavy Slam|p2a: Cresselia\n|-damage|p2a: Cresselia|75/100\n|\n|-heal|p2a: Cresselia|81/100|[from] item: Leftovers\n|upkeep\n|turn|11\n|inactive|Time left: 300 sec this turn | 300 sec total\n|\n|t:|1783559983\n|move|p2a: Cresselia|Moonlight|p2a: Cresselia\n|-heal|p2a: Cresselia|100/100\n|move|p1a: Mudsdale|Heavy Slam|p2a: Cresselia\n|-damage|p2a: Cresselia|71/100\n|\n|-heal|p2a: Cresselia|78/100|[from] item: Leftovers\n|upkeep\n|turn|12\n|inactive|Time left: 300 sec this turn | 300 sec total\n|\n|t:|1783559984\n|move|p2a: Cresselia|Calm Mind|p2a: Cresselia\n|-boost|p2a: Cresselia|spa|1\n|-boost|p2a: Cresselia|spd|1\n|move|p1a: Mudsdale|Heavy Slam|p2a: Cresselia\n|-damage|p2a: Cresselia|48/100\n|\n|-heal|p2a: Cresselia|54/100|[from] item: Leftovers\n|upkeep\n|turn|13\n|inactive|Time left: 300 sec this turn | 300 sec total\n|\n|t:|1783559985\n|move|p2a: Cresselia|Moonlight|p2a: Cresselia\n|-heal|p2a: Cresselia|100/100\n|move|p1a: Mudsdale|Stone Edge|p2a: Cresselia\n|-damage|p2a: Cresselia|79/100\n|\n|-heal|p2a: Cresselia|85/100|[from] item: Leftovers\n|upkeep\n|turn|14\n|inactive|Time left: 300 sec this turn | 300 sec total\n|\n|t:|1783559986\n|move|p2a: Cresselia|Calm Mind|p2a: Cresselia\n|-boost|p2a: Cresselia|spa|1\n|-boost|p2a: Cresselia|spd|1\n|move|p1a: Mudsdale|Heavy Slam|p2a: Cresselia\n|-crit|p2a: Cresselia\n|-damage|p2a: Cresselia|45/100\n|\n|-heal|p2a: Cresselia|52/100|[from] item: Leftovers\n|upkeep\n|turn|15\n|inactive|Time left: 300 sec this turn | 300 sec total\n|\n|t:|1783559987\n|move|p2a: Cresselia|Moonlight|p2a: Cresselia\n|-heal|p2a: Cresselia|100/100\n|move|p1a: Mudsdale|Stone Edge|p2a: Cresselia|[miss]\n|-miss|p1a: Mudsdale|p2a: Cresselia\n|\n|upkeep\n|turn|16\n|inactive|Time left: 300 sec this turn | 300 sec total\n|\n|t:|1783559988\n|move|p2a: Cresselia|Psyshock|p1a: Mudsdale\n|-damage|p1a: Mudsdale|154/302\n|-ability|p1a: Mudsdale|Stamina|boost\n|-boost|p1a: Mudsdale|def|1\n|move|p1a: Mudsdale|Stone Edge|p2a: Cresselia|[miss]\n|-miss|p1a: Mudsdale|p2a: Cresselia\n|\n|-heal|p1a: Mudsdale|172/302|[from] item: Leftovers\n|upkeep\n|turn|17\n|inactive|Time left: 300 sec this turn | 300 sec total\n|\n|t:|1783559989\n|move|p2a: Cresselia|Moonblast|p1a: Mudsdale\n|-damage|p1a: Mudsdale|47/302\n|-ability|p1a: Mudsdale|Stamina|boost\n|-boost|p1a: Mudsdale|def|1\n|move|p1a: Mudsdale|Stone Edge|p2a: Cresselia\n|-damage|p2a: Cresselia|78/100\n|\n|-heal|p2a: Cresselia|84/100|[from] item: Leftovers\n|-heal|p1a: Mudsdale|65/302|[from] item: Leftovers\n|upkeep\n|turn|18\n|inactive|Time left: 300 sec this turn | 300 sec total\n|\n|t:|1783559990\n|switch|p1a: Torkoal|Torkoal, L88, M|266/266\n|-weather|SunnyDay|[from] ability: Drought|[of] p1a: Torkoal\n|move|p2a: Cresselia|Moonblast|p1a: Torkoal\n|-resisted|p1a: Torkoal\n|-damage|p1a: Torkoal|194/266\n|\n|-weather|SunnyDay|[upkeep]\n|-heal|p2a: Cresselia|91/100|[from] item: Leftovers\n|upkeep\n|turn|19\n|inactive|Time left: 300 sec this turn | 300 sec total\n|\n|t:|1783559991\n|move|p2a: Cresselia|Psyshock|p1a: Torkoal\n|-damage|p1a: Torkoal|85/266\n|move|p1a: Torkoal|Rapid Spin|p2a: Cresselia\n|-damage|p2a: Cresselia|81/100\n|-boost|p1a: Torkoal|spe|1\n|-sideend|p1: p0x1790d700|Sticky Web|[from] move: Rapid Spin|[of] p1a: Torkoal\n|\n|-weather|SunnyDay|[upkeep]\n|-heal|p2a: Cresselia|87/100|[from] item: Leftovers\n|upkeep\n|turn|20\n|inactive|Time left: 300 sec this turn | 300 sec total\n|\n|t:|1783559992\n|switch|p1a: Mudsdale|Mudsdale, L83, F|65/302\n|move|p2a: Cresselia|Psyshock|p1a: Mudsdale\n|-damage|p1a: Mudsdale|0 fnt\n|faint|p1a: Mudsdale\n|\n|-weather|SunnyDay|[upkeep]\n|-heal|p2a: Cresselia|94/100|[from] item: Leftovers\n|upkeep\n|inactive|Time left: 300 sec this turn | 300 sec total | 5 sec grace\n|\n|t:|1783559993\n|switch|p1a: Lokix|Lokix, L82, M|251/251\n|turn|21\n|inactive|Time left: 300 sec this turn | 300 sec total\n|\n|t:|1783559994\n|-terastallize|p1a: Lokix|Dark\n|move|p1a: Lokix|Knock Off|p2a: Cresselia\n|-supereffective|p2a: Cresselia\n|-crit|p2a: Cresselia\n|-damage|p2a: Cresselia|0 fnt\n|-enditem|p2a: Cresselia|Leftovers|[from] move: Knock Off|[of] p1a: Lokix\n|faint|p2a: Cresselia\n|-damage|p1a: Lokix|226/251|[from] item: Life Orb\n|\n|-weather|SunnyDay|[upkeep]\n|upkeep\n|\n|t:|1783559995\n|switch|p2a: Galvantula|Galvantula, L82, M|31/100\n|turn|22\n|inactive|Time left: 300 sec this turn | 300 sec total\n|\n|t:|1783559996\n|move|p1a: Lokix|Sucker Punch||[still]\n|-fail|p1a: Lokix\n|move|p2a: Galvantula|Sticky Web|p1a: Lokix\n|-sidestart|p1: p0x1790d700|move: Sticky Web\n|\n|-weather|none\n|upkeep\n|turn|23\n|inactive|Time left: 300 sec this turn | 300 sec total\n|\n|t:|1783559997\n|move|p1a: Lokix|Sucker Punch|p2a: Galvantula\n|-damage|p2a: Galvantula|0 fnt\n|faint|p2a: Galvantula\n|-damage|p1a: Lokix|201/251|[from] item: Life Orb\n|\n|upkeep\n|\n|t:|1783559998\n|switch|p2a: Braviary|Braviary, L85, M|100/100\n|turn|24\n|inactive|Time left: 300 sec this turn | 300 sec total\n|\n|t:|1783559999\n|move|p1a: Lokix|Knock Off|p2a: Braviary\n|-damage|p2a: Braviary|32/100\n|-enditem|p2a: Braviary|Heavy-Duty Boots|[from] move: Knock Off|[of] p1a: Lokix\n|-damage|p1a: Lokix|176/251|[from] item: Life Orb\n|move|p2a: Braviary|Bulk Up|p2a: Braviary\n|-boost|p2a: Braviary|atk|1\n|-boost|p2a: Braviary|def|1\n|\n|upkeep\n|turn|25\n|inactive|Time left: 300 sec this turn | 300 sec total\n|\n|t:|1783560000\n|move|p1a: Lokix|Leech Life|p2a: Braviary\n|-resisted|p2a: Braviary\n|-damage|p2a: Braviary|6/100\n|-heal|p1a: Lokix|215/251|[from] drain|[of] p2a: Braviary\n|-damage|p1a: Lokix|190/251|[from] item: Life Orb\n|move|p2a: Braviary|Roost|p2a: Braviary\n|-heal|p2a: Braviary|56/100\n|-singleturn|p2a: Braviary|move: Roost\n|\n|upkeep\n|turn|26\n|inactive|Time left: 300 sec this turn | 300 sec total\n|\n|t:|1783560001\n|move|p1a: Lokix|Knock Off|p2a: Braviary\n|-damage|p2a: Braviary|27/100\n|-damage|p1a: Lokix|165/251|[from] item: Life Orb\n|move|p2a: Braviary|Roost|p2a: Braviary\n|-heal|p2a: Braviary|77/100\n|-singleturn|p2a: Braviary|move: Roost\n|\n|upkeep\n|turn|27\n|inactive|Time left: 300 sec this turn | 300 sec total\n|\n|t:|1783560002\n|move|p1a: Lokix|Leech Life|p2a: Braviary\n|-resisted|p2a: Braviary\n|-damage|p2a: Braviary|49/100\n|-heal|p1a: Lokix|208/251|[from] drain|[of] p2a: Braviary\n|-damage|p1a: Lokix|183/251|[from] item: Life Orb\n|move|p2a: Braviary|Brave Bird|p1a: Lokix\n|-damage|p1a: Lokix|0 fnt\n|faint|p1a: Lokix\n|-damage|p2a: Braviary|30/100|[from] Recoil\n|\n|upkeep\n|inactive|Time left: 300 sec this turn | 300 sec total | 5 sec grace\n|\n|t:|1783560003\n|switch|p1a: Iron Bundle|Iron Bundle, L78|215/215\n|turn|28\n|inactive|Time left: 300 sec this turn | 300 sec total\n|\n|t:|1783560004\n|switch|p2a: Glalie|Glalie, L96, M|100/100\n|move|p1a: Iron Bundle|Freeze-Dry|p2a: Glalie\n|-resisted|p2a: Glalie\n|-damage|p2a: Glalie|89/100\n|\n|upkeep\n|turn|29\n|inactive|Time left: 300 sec this turn | 300 sec total\n|\n|t:|1783560004\n|move|p1a: Iron Bundle|Flip Turn|p2a: Glalie\n|-damage|p2a: Glalie|75/100\n|inactive|Time left: 300 sec this turn | 300 sec total | 5 sec grace\n|\n|t:|1783560005\n|-end|p1a: Iron Bundle|Quark Drive|[silent]\n|switch|p1a: Uxie|Uxie, L83|260/260|[from] Flip Turn\n|move|p2a: Glalie|Freeze-Dry|p1a: Uxie\n|-damage|p1a: Uxie|202/260\n|\n|-heal|p1a: Uxie|218/260|[from] item: Leftovers\n|upkeep\n|turn|30\n|inactive|Time left: 300 sec this turn | 300 sec total\n|\n|t:|1783560006\n|switch|p2a: Furret|Furret, L94, F|100/100\n|-damage|p2a: Furret|88/100|[from] Stealth Rock\n|-item|p1a: Uxie|Leftovers|[from] ability: Frisk|[of] p2a: Furret\n|move|p1a: Uxie|Knock Off|p2a: Furret\n|-damage|p2a: Furret|69/100\n|-enditem|p2a: Furret|Life Orb|[from] move: Knock Off|[of] p1a: Uxie\n|\n|-heal|p1a: Uxie|234/260|[from] item: Leftovers\n|upkeep\n|turn|31\n|inactive|Time left: 300 sec this turn | 300 sec total\n|\n|t:|1783560007\n|move|p2a: Furret|Tidy Up|p2a: Furret\n|-sideend|p2: p0y17901900|Stealth Rock\n|-sideend|p1: p0x1790d700|Sticky Web\n|-activate|p2a: Furret|move: Tidy Up\n|-boost|p2a: Furret|atk|1\n|-boost|p2a: Furret|spe|1\n|move|p1a: Uxie|Psychic Noise|p2a: Furret\n|-damage|p2a: Furret|44/100\n|-start|p2a: Furret|move: Heal Block\n|\n|-heal|p1a: Uxie|250/260|[from] item: Leftovers\n|upkeep\n|turn|32\n|inactive|Time left: 300 sec this turn | 300 sec total\n|\n|t:|1783560008\n|move|p2a: Furret|Knock Off|p1a: Uxie\n|-supereffective|p1a: Uxie\n|-damage|p1a: Uxie|104/260\n|-enditem|p1a: Uxie|Leftovers|[from] move: Knock Off|[of] p2a: Furret\n|move|p1a: Uxie|Psychic Noise|p2a: Furret\n|-damage|p2a: Furret|19/100\n|\n|-end|p2a: Furret|move: Heal Block\n|upkeep\n|turn|33\n|inactive|Time left: 300 sec this turn | 300 sec total\n|\n|t:|1783560010\n|move|p2a: Furret|Knock Off|p1a: Uxie\n|-supereffective|p1a: Uxie\n|-damage|p1a: Uxie|0 fnt\n|faint|p1a: Uxie\n|\n|upkeep\n|inactive|Time left: 300 sec this turn | 300 sec total | 5 sec grace\n|\n|t:|1783560011\n|switch|p1a: Iron Bundle|Iron Bundle, L78|215/215\n|turn|34\n|inactive|Time left: 300 sec this turn | 300 sec total\n|\n|t:|1783560012\n|-end|p1a: Iron Bundle|Quark Drive|[silent]\n|switch|p1a: Torkoal|Torkoal, L88, M|85/266\n|-weather|SunnyDay|[from] ability: Drought|[of] p1a: Torkoal\n|move|p2a: Furret|Brick Break|p1a: Torkoal\n|-damage|p1a: Torkoal|33/266\n|\n|-weather|SunnyDay|[upkeep]\n|upkeep\n|turn|35\n|inactive|Time left: 300 sec this turn | 300 sec total\n|\n|t:|1783560013\n|move|p2a: Furret|Brick Break|p1a: Torkoal\n|-damage|p1a: Torkoal|0 fnt\n|faint|p1a: Torkoal\n|\n|-weather|SunnyDay|[upkeep]\n|upkeep\n|inactive|Time left: 300 sec this turn | 300 sec total | 5 sec grace\n|\n|t:|1783560014\n|switch|p1a: Iron Bundle|Iron Bundle, L78|215/215\n|turn|36\n|inactive|Time left: 300 sec this turn | 300 sec total\n|\n|t:|1783560015\n|move|p2a: Furret|Brick Break|p1a: Iron Bundle\n|-supereffective|p1a: Iron Bundle\n|-damage|p1a: Iron Bundle|63/215\n|move|p1a: Iron Bundle|Freeze-Dry|p2a: Furret\n|-damage|p2a: Furret|0 fnt\n|faint|p2a: Furret\n|\n|-weather|SunnyDay|[upkeep]\n|upkeep\n|\n|t:|1783560016\n|switch|p2a: Glalie|Glalie, L96, M|75/100\n|turn|37\n|inactive|Time left: 300 sec this turn | 300 sec total\n|\n|t:|1783560017\n|move|p1a: Iron Bundle|Freeze-Dry|p2a: Glalie\n|-resisted|p2a: Glalie\n|-damage|p2a: Glalie|61/100\n|move|p2a: Glalie|Freeze-Dry|p1a: Iron Bundle\n|-damage|p1a: Iron Bundle|0 fnt\n|faint|p1a: Iron Bundle\n|-end|p1a: Iron Bundle|Quark Drive|[silent]\n|\n|win|p0y17901900", "uploadtime": 1783560017, "views": 0, "rating": 0, "private": 0, "password": null, "_winner": "p0y17901900", "_our_name": "p0x1790d700"}