{"id": "battle-gen9randombattle-131", "formatid": "gen9randombattle", "format": "[Gen 9] Random Battle", "players": ["p0x131c29e", "p0y131d981"], "log": "|init|battle\n|title|p0x131c29e vs. p0y131d981\n|j|\u2606p0x131c29e\n|j|\u2606p0y131d981\n|t:|1783540982\n|gametype|singles\n|player|p1|p0x131c29e|101|\n|player|p2|p0y131d981|170|\n|gen|9\n|tier|[Gen 9] Random Battle\n|rule|Species Clause: Limit one of each Pok\u00e9mon\n|rule|HP Percentage Mod: HP is shown in percentages\n|rule|Sleep Clause Mod: Limit one foe put to sleep\n|rule|Illusion Level Mod: Illusion disguises the Pok\u00e9mon's true level\n|\n|t:|1783540982\n|teamsize|p1|6\n|teamsize|p2|6\n|start\n|switch|p1a: Goodra|Goodra, L85, M|292/292\n|switch|p2a: Flygon|Flygon, L82, F|100/100\n|turn|1\n|inactive|Battle timer is ON: inactive players will automatically lose when time's up. (requested by p0y131d981)\n|inactive|Time left: 300 sec this turn | 300 sec total | 60 sec grace\n|\n|t:|1783540984\n|move|p2a: Flygon|Outrage|p1a: Goodra\n|-supereffective|p1a: Goodra\n|-damage|p1a: Goodra|2/292\n|move|p1a: Goodra|Draco Meteor|p2a: Flygon\n|-supereffective|p2a: Flygon\n|-damage|p2a: Flygon|0 fnt\n|-unboost|p1a: Goodra|spa|2\n|faint|p2a: Flygon\n|\n|upkeep\n|inactive|p0x131c29e also wants the timer to be on.\n|\n|t:|1783540986\n|switch|p2a: Oricorio|Oricorio-Pom-Pom, L82, F|100/100\n|turn|2\n|inactive|Time left: 300 sec this turn | 300 sec total\n|\n|t:|1783540987\n|switch|p1a: Dewgong|Dewgong, L94, F|322/322\n|move|p2a: Oricorio|Quiver Dance|p2a: Oricorio\n|-boost|p2a: Oricorio|spa|1\n|-boost|p2a: Oricorio|spd|1\n|-boost|p2a: Oricorio|spe|1\n|\n|upkeep\n|turn|3\n|inactive|Time left: 300 sec this turn | 300 sec total\n|\n|t:|1783540988\n|move|p2a: Oricorio|Quiver Dance|p2a: Oricorio\n|-boost|p2a: Oricorio|spa|1\n|-boost|p2a: Oricorio|spd|1\n|-boost|p2a: Oricorio|spe|1\n|move|p1a: Dewgong|Triple Axel|p2a: Oricorio\n|-supereffective|p2a: Oricorio\n|-damage|p2a: Oricorio|82/100\n|-hitcount|p2a: Oricorio|1\n|\n|upkeep\n|turn|4\n|inactive|Time left: 300 sec this turn | 300 sec total\n|\n|t:|1783540990\n|move|p2a: Oricorio|Roost|p2a: Oricorio\n|-heal|p2a: Oricorio|100/100\n|-singleturn|p2a: Oricorio|move: Roost\n|move|p1a: Dewgong|Triple Axel|p2a: Oricorio\n|-damage|p2a: Oricorio|91/100\n|-damage|p2a: Oricorio|71/100\n|-damage|p2a: Oricorio|42/100\n|-hitcount|p2a: Oricorio|3\n|\n|upkeep\n|turn|5\n|inactive|Time left: 300 sec this turn | 300 sec total\n|\n|t:|1783540991\n|move|p2a: Oricorio|Roost|p2a: Oricorio\n|-heal|p2a: Oricorio|92/100\n|-singleturn|p2a: Oricorio|move: Roost\n|move|p1a: Dewgong|Triple Axel|p2a: Oricorio|[miss]\n|-miss|p1a: Dewgong|p2a: Oricorio\n|\n|upkeep\n|turn|6\n|inactive|Time left: 300 sec this turn | 300 sec total\n|\n|t:|1783540992\n|move|p2a: Oricorio|Roost|p2a: Oricorio\n|-heal|p2a: Oricorio|100/100\n|-singleturn|p2a: Oricorio|move: Roost\n|move|p1a: Dewgong|Triple Axel|p2a: Oricorio\n|-damage|p2a: Oricorio|90/100\n|-damage|p2a: Oricorio|71/100\n|-hitcount|p2a: Oricorio|2\n|\n|upkeep\n|turn|7\n|inactive|Time left: 300 sec this turn | 300 sec total\n|\n|t:|1783540993\n|move|p2a: Oricorio|Roost|p2a: Oricorio\n|-heal|p2a: Oricorio|100/100\n|-singleturn|p2a: Oricorio|move: Roost\n|move|p1a: Dewgong|Triple Axel|p2a: Oricorio\n|-damage|p2a: Oricorio|90/100\n|-hitcount|p2a: Oricorio|1\n|\n|upkeep\n|turn|8\n|inactive|Time left: 300 sec this turn | 300 sec total\n|\n|t:|1783540994\n|move|p2a: Oricorio|Roost|p2a: Oricorio\n|-heal|p2a: Oricorio|100/100\n|-singleturn|p2a: Oricorio|move: Roost\n|move|p1a: Dewgong|Triple Axel|p2a: Oricorio\n|-damage|p2a: Oricorio|91/100\n|-damage|p2a: Oricorio|72/100\n|-damage|p2a: Oricorio|43/100\n|-hitcount|p2a: Oricorio|3\n|\n|upkeep\n|turn|9\n|inactive|Time left: 300 sec this turn | 300 sec total\n|\n|t:|1783540995\n|move|p2a: Oricorio|Roost|p2a: Oricorio\n|-heal|p2a: Oricorio|93/100\n|-singleturn|p2a: Oricorio|move: Roost\n|move|p1a: Dewgong|Triple Axel|p2a: Oricorio\n|-damage|p2a: Oricorio|83/100\n|-damage|p2a: Oricorio|64/100\n|-damage|p2a: Oricorio|32/100\n|-hitcount|p2a: Oricorio|3\n|\n|upkeep\n|turn|10\n|inactive|Time left: 300 sec this turn | 300 sec total\n|\n|t:|1783540996\n|-terastallize|p1a: Dewgong|Poison\n|move|p2a: Oricorio|Roost|p2a: Oricorio\n|-heal|p2a: Oricorio|82/100\n|-singleturn|p2a: Oricorio|move: Roost\n|move|p1a: Dewgong|Triple Axel|p2a: Oricorio\n|-damage|p2a: Oricorio|73/100\n|-damage|p2a: Oricorio|52/100\n|-damage|p2a: Oricorio|22/100\n|-hitcount|p2a: Oricorio|3\n|\n|upkeep\n|turn|11\n|inactive|Time left: 300 sec this turn | 300 sec total\n|\n|t:|1783540997\n|move|p2a: Oricorio|Roost|p2a: Oricorio\n|-heal|p2a: Oricorio|72/100\n|-singleturn|p2a: Oricorio|move: Roost\n|move|p1a: Dewgong|Triple Axel|p2a: Oricorio\n|-damage|p2a: Oricorio|61/100\n|-damage|p2a: Oricorio|42/100\n|-damage|p2a: Oricorio|10/100\n|-hitcount|p2a: Oricorio|3\n|\n|upkeep\n|turn|12\n|inactive|Time left: 300 sec this turn | 300 sec total\n|\n|t:|1783540998\n|move|p2a: Oricorio|Hurricane|p1a: Dewgong\n|-damage|p1a: Dewgong|144/322\n|-start|p1a: Dewgong|confusion\n|-activate|p1a: Dewgong|confusion\n|-damage|p1a: Dewgong|116/322|[from] confusion\n|\n|upkeep\n|turn|13\n|inactive|Time left: 300 sec this turn | 300 sec total\n|\n|t:|1783540999\n|switch|p1a: Sandy Shocks|Sandy Shocks, L80|267/267\n|move|p2a: Oricorio|Hurricane|p1a: Sandy Shocks|[miss]\n|-miss|p2a: Oricorio|p1a: Sandy Shocks\n|\n|upkeep\n|turn|14\n|inactive|Time left: 300 sec this turn | 300 sec total\n|\n|t:|1783541001\n|-terastallize|p2a: Oricorio|Ground\n|move|p2a: Oricorio|Revelation Dance|p1a: Sandy Shocks\n|-supereffective|p1a: Sandy Shocks\n|-damage|p1a: Sandy Shocks|0 fnt\n|faint|p1a: Sandy Shocks\n|-end|p1a: Sandy Shocks|Protosynthesis|[silent]\n|\n|upkeep\n|inactive|Time left: 300 sec this turn | 300 sec total | 5 sec grace\n|\n|t:|1783541002\n|switch|p1a: Lugia|Lugia, L73|275/275\n|turn|15\n|inactive|Time left: 300 sec this turn | 300 sec total\n|\n|t:|1783541003\n|move|p2a: Oricorio|Quiver Dance|p2a: Oricorio\n|-boost|p2a: Oricorio|spa|1\n|-boost|p2a: Oricorio|spd|1\n|-boost|p2a: Oricorio|spe|1\n|move|p1a: Lugia|Aeroblast|p2a: Oricorio\n|-crit|p2a: Oricorio\n|-damage|p2a: Oricorio|0 fnt\n|faint|p2a: Oricorio\n|\n|upkeep\n|\n|t:|1783541004\n|switch|p2a: Crabominable|Crabominable, L90, F|100/100\n|turn|16\n|inactive|Time left: 300 sec this turn | 300 sec total\n|\n|t:|1783541005\n|move|p1a: Lugia|Aeroblast|p2a: Crabominable\n|-supereffective|p2a: Crabominable\n|-damage|p2a: Crabominable|49/100\n|move|p2a: Crabominable|Ice Hammer|p1a: Lugia\n|-supereffective|p1a: Lugia\n|-damage|p1a: Lugia|38/275\n|-unboost|p2a: Crabominable|spe|1\n|\n|upkeep\n|turn|17\n|inactive|Time left: 300 sec this turn | 300 sec total\n|\n|t:|1783541006\n|switch|p2a: Cresselia|Cresselia, L80, F|100/100\n|move|p1a: Lugia|Aeroblast|p2a: Cresselia\n|-damage|p2a: Cresselia|80/100\n|\n|-heal|p2a: Cresselia|86/100|[from] item: Leftovers\n|upkeep\n|turn|18\n|inactive|Time left: 300 sec this turn | 300 sec total\n|\n|t:|1783541007\n|move|p1a: Lugia|Recover|p1a: Lugia\n|-heal|p1a: Lugia|176/275\n|move|p2a: Cresselia|Calm Mind|p2a: Cresselia\n|-boost|p2a: Cresselia|spa|1\n|-boost|p2a: Cresselia|spd|1\n|\n|-heal|p2a: Cresselia|92/100|[from] item: Leftovers\n|upkeep\n|turn|19\n|inactive|Time left: 300 sec this turn | 300 sec total\n|\n|t:|1783541008\n|move|p1a: Lugia|Calm Mind|p1a: Lugia\n|-boost|p1a: Lugia|spa|1\n|-boost|p1a: Lugia|spd|1\n|move|p2a: Cresselia|Calm Mind|p2a: Cresselia\n|-boost|p2a: Cresselia|spa|1\n|-boost|p2a: Cresselia|spd|1\n|\n|-heal|p2a: Cresselia|98/100|[from] item: Leftovers\n|upkeep\n|turn|20\n|inactive|Time left: 300 sec this turn | 300 sec total\n|\n|t:|1783541009\n|move|p1a: Lugia|Calm Mind|p1a: Lugia\n|-boost|p1a: Lugia|spa|1\n|-boost|p1a: Lugia|spd|1\n|move|p2a: Cresselia|Thunderbolt|p1a: Lugia\n|-supereffective|p1a: Lugia\n|-damage|p1a: Lugia|108/275\n|\n|-heal|p2a: Cresselia|100/100|[from] item: Leftovers\n|upkeep\n|turn|21\n|inactive|Time left: 300 sec this turn | 300 sec total\n|\n|t:|1783541011\n|move|p1a: Lugia|Recover|p1a: Lugia\n|-heal|p1a: Lugia|246/275\n|move|p2a: Cresselia|Thunderbolt|p1a: Lugia\n|-supereffective|p1a: Lugia\n|-damage|p1a: Lugia|174/275\n|\n|upkeep\n|turn|22\n|inactive|Time left: 300 sec this turn | 300 sec total\n|\n|t:|1783541012\n|move|p1a: Lugia|Recover|p1a: Lugia\n|-heal|p1a: Lugia|275/275\n|move|p2a: Cresselia|Thunderbolt|p1a: Lugia\n|-supereffective|p1a: Lugia\n|-damage|p1a: Lugia|241/275\n|\n|upkeep\n|turn|23\n|inactive|Time left: 300 sec this turn | 300 sec total\n|\n|t:|1783541013\n|move|p1a: Lugia|Calm Mind|p1a: Lugia\n|-boost|p1a: Lugia|spa|1\n|-boost|p1a: Lugia|spd|1\n|move|p2a: Cresselia|Calm Mind|p2a: Cresselia\n|-boost|p2a: Cresselia|spa|1\n|-boost|p2a: Cresselia|spd|1\n|\n|upkeep\n|turn|24\n|inactive|Time left: 300 sec this turn | 300 sec total\n|\n|t:|1783541014\n|move|p1a: Lugia|Calm Mind|p1a: Lugia\n|-boost|p1a: Lugia|spa|1\n|-boost|p1a: Lugia|spd|1\n|move|p2a: Cresselia|Calm Mind|p2a: Cresselia\n|-boost|p2a: Cresselia|spa|1\n|-boost|p2a: Cresselia|spd|1\n|\n|upkeep\n|turn|25\n|inactive|Time left: 300 sec this turn | 300 sec total\n|\n|t:|1783541015\n|move|p1a: Lugia|Recover|p1a: Lugia\n|-heal|p1a: Lugia|275/275\n|move|p2a: Cresselia|Psyshock|p1a: Lugia\n|-resisted|p1a: Lugia\n|-damage|p1a: Lugia|233/275\n|\n|upkeep\n|turn|26\n|inactive|Time left: 300 sec this turn | 300 sec total\n|\n|t:|1783541016\n|move|p1a: Lugia|Recover|p1a: Lugia\n|-heal|p1a: Lugia|275/275\n|move|p2a: Cresselia|Thunderbolt|p1a: Lugia\n|-supereffective|p1a: Lugia\n|-damage|p1a: Lugia|237/275\n|\n|upkeep\n|turn|27\n|inactive|Time left: 300 sec this turn | 300 sec total\n|\n|t:|1783541017\n|move|p1a: Lugia|Recover|p1a: Lugia\n|-heal|p1a: Lugia|275/275\n|move|p2a: Cresselia|Psyshock|p1a: Lugia\n|-resisted|p1a: Lugia\n|-damage|p1a: Lugia|238/275\n|\n|upkeep\n|turn|28\n|inactive|Time left: 300 sec this turn | 300 sec total\n|\n|t:|1783541018\n|move|p1a: Lugia|Recover|p1a: Lugia\n|-heal|p1a: Lugia|275/275\n|move|p2a: Cresselia|Calm Mind|p2a: Cresselia\n|-boost|p2a: Cresselia|spa|1\n|-boost|p2a: Cresselia|spd|1\n|\n|upkeep\n|turn|29\n|inactive|Time left: 300 sec this turn | 300 sec total\n|\n|t:|1783541019\n|move|p1a: Lugia|Calm Mind|p1a: Lugia\n|-boost|p1a: Lugia|spa|1\n|-boost|p1a: Lugia|spd|1\n|move|p2a: Cresselia|Psyshock|p1a: Lugia\n|-resisted|p1a: Lugia\n|-damage|p1a: Lugia|228/275\n|\n|upkeep\n|turn|30\n|inactive|Time left: 300 sec this turn | 300 sec total\n|\n|t:|1783541020\n|move|p1a: Lugia|Aeroblast|p2a: Cresselia\n|-damage|p2a: Cresselia|82/100\n|move|p2a: Cresselia|Psyshock|p1a: Lugia\n|-resisted|p1a: Lugia\n|-crit|p1a: Lugia\n|-damage|p1a: Lugia|92/275\n|\n|-heal|p2a: Cresselia|88/100|[from] item: Leftovers\n|upkeep\n|turn|31\n|inactive|Time left: 300 sec this turn | 300 sec total\n|\n|t:|1783541021\n|move|p1a: Lugia|Recover|p1a: Lugia\n|-heal|p1a: Lugia|230/275\n|move|p2a: Cresselia|Psyshock|p1a: Lugia\n|-resisted|p1a: Lugia\n|-damage|p1a: Lugia|131/275\n|\n|-heal|p2a: Cresselia|94/100|[from] item: Leftovers\n|upkeep\n|turn|32\n|inactive|Time left: 300 sec this turn | 300 sec total\n|\n|t:|1783541022\n|move|p1a: Lugia|Aeroblast|p2a: Cresselia\n|-damage|p2a: Cresselia|74/100\n|move|p2a: Cresselia|Psyshock|p1a: Lugia\n|-resisted|p1a: Lugia\n|-damage|p1a: Lugia|33/275\n|\n|-heal|p2a: Cresselia|80/100|[from] item: Leftovers\n|upkeep\n|turn|33\n|inactive|Time left: 300 sec this turn | 300 sec total\n|\n|t:|1783541023\n|move|p1a: Lugia|Aeroblast|p2a: Cresselia\n|-damage|p2a: Cresselia|61/100\n|move|p2a: Cresselia|Thunderbolt|p1a: Lugia\n|-supereffective|p1a: Lugia\n|-damage|p1a: Lugia|0 fnt\n|faint|p1a: Lugia\n|\n|-heal|p2a: Cresselia|67/100|[from] item: Leftovers\n|upkeep\n|inactive|Time left: 300 sec this turn | 300 sec total | 5 sec grace\n|\n|t:|1783541024\n|switch|p1a: Dewgong|Dewgong, L94, F, tera:Poison|116/322\n|turn|34\n|inactive|Time left: 300 sec this turn | 300 sec total\n|\n|t:|1783541026\n|move|p1a: Dewgong|Encore|p2a: Cresselia\n|-start|p2a: Cresselia|Encore\n|move|p2a: Cresselia|Thunderbolt|p1a: Dewgong\n|-damage|p1a: Dewgong|0 fnt\n|faint|p1a: Dewgong\n|\n|-heal|p2a: Cresselia|73/100|[from] item: Leftovers\n|upkeep\n|inactive|Time left: 300 sec this turn | 300 sec total | 5 sec grace\n|\n|t:|1783541026\n|switch|p1a: Chimecho|Chimecho, L93, M|290/290\n|turn|35\n|inactive|Time left: 300 sec this turn | 300 sec total\n|\n|t:|1783541028\n|move|p2a: Cresselia|Thunderbolt|p1a: Chimecho\n|-damage|p1a: Chimecho|134/290\n|move|p1a: Chimecho|Cosmic Power|p1a: Chimecho\n|-boost|p1a: Chimecho|def|1\n|-boost|p1a: Chimecho|spd|1\n|\n|-heal|p2a: Cresselia|79/100|[from] item: Leftovers\n|-heal|p1a: Chimecho|152/290|[from] item: Leftovers\n|upkeep\n|turn|36\n|inactive|Time left: 300 sec this turn | 300 sec total\n|\n|t:|1783541029\n|move|p2a: Cresselia|Thunderbolt|p1a: Chimecho\n|-damage|p1a: Chimecho|57/290\n|move|p1a: Chimecho|Recover|p1a: Chimecho\n|-heal|p1a: Chimecho|202/290\n|\n|-heal|p2a: Cresselia|85/100|[from] item: Leftovers\n|-heal|p1a: Chimecho|220/290|[from] item: Leftovers\n|-end|p2a: Cresselia|Encore\n|upkeep\n|turn|37\n|inactive|Time left: 300 sec this turn | 300 sec total\n|\n|t:|1783541030\n|move|p2a: Cresselia|Thunderbolt|p1a: Chimecho\n|-damage|p1a: Chimecho|117/290\n|move|p1a: Chimecho|Cosmic Power|p1a: Chimecho\n|-boost|p1a: Chimecho|def|1\n|-boost|p1a: Chimecho|spd|1\n|\n|-heal|p2a: Cresselia|92/100|[from] item: Leftovers\n|-heal|p1a: Chimecho|135/290|[from] item: Leftovers\n|upkeep\n|turn|38\n|inactive|Time left: 300 sec this turn | 300 sec total\n|\n|t:|1783541032\n|move|p2a: Cresselia|Thunderbolt|p1a: Chimecho\n|-damage|p1a: Chimecho|53/290\n|move|p1a: Chimecho|Recover|p1a: Chimecho\n|-heal|p1a: Chimecho|198/290\n|\n|-heal|p2a: Cresselia|98/100|[from] item: Leftovers\n|-heal|p1a: Chimecho|216/290|[from] item: Leftovers\n|upkeep\n|turn|39\n|inactive|Time left: 300 sec this turn | 300 sec total\n|\n|t:|1783541033\n|move|p2a: Cresselia|Thunderbolt|p1a: Chimecho\n|-damage|p1a: Chimecho|146/290\n|move|p1a: Chimecho|Recover|p1a: Chimecho\n|-heal|p1a: Chimecho|290/290\n|\n|-heal|p2a: Cresselia|100/100|[from] item: Leftovers\n|upkeep\n|turn|40\n|inactive|Time left: 300 sec this turn | 300 sec total\n|\n|t:|1783541034\n|move|p2a: Cresselia|Thunderbolt|p1a: Chimecho\n|-damage|p1a: Chimecho|213/290\n|move|p1a: Chimecho|Cosmic Power|p1a: Chimecho\n|-boost|p1a: Chimecho|def|1\n|-boost|p1a: Chimecho|spd|1\n|\n|-heal|p1a: Chimecho|231/290|[from] item: Leftovers\n|upkeep\n|turn|41\n|inactive|Time left: 300 sec this turn | 300 sec total\n|\n|t:|1783541036\n|move|p2a: Cresselia|Thunderbolt|p1a: Chimecho\n|-damage|p1a: Chimecho|171/290\n|move|p1a: Chimecho|Cosmic Power|p1a: Chimecho\n|-boost|p1a: Chimecho|def|1\n|-boost|p1a: Chimecho|spd|1\n|\n|-heal|p1a: Chimecho|189/290|[from] item: Leftovers\n|upkeep\n|turn|42\n|inactive|Time left: 300 sec this turn | 300 sec total\n|\n|t:|1783541037\n|move|p2a: Cresselia|Thunderbolt|p1a: Chimecho\n|-damage|p1a: Chimecho|134/290\n|move|p1a: Chimecho|Recover|p1a: Chimecho\n|-heal|p1a: Chimecho|279/290\n|\n|-heal|p1a: Chimecho|290/290|[from] item: Leftovers\n|upkeep\n|turn|43\n|inactive|Time left: 300 sec this turn | 300 sec total\n|\n|t:|1783541038\n|move|p2a: Cresselia|Thunderbolt|p1a: Chimecho\n|-damage|p1a: Chimecho|239/290\n|move|p1a: Chimecho|Cosmic Power|p1a: Chimecho\n|-boost|p1a: Chimecho|def|1\n|-boost|p1a: Chimecho|spd|1\n|\n|-heal|p1a: Chimecho|257/290|[from] item: Leftovers\n|upkeep\n|turn|44\n|inactive|Time left: 300 sec this turn | 300 sec total\n|\n|t:|1783541040\n|move|p2a: Cresselia|Thunderbolt|p1a: Chimecho\n|-damage|p1a: Chimecho|213/290\n|move|p1a: Chimecho|Dazzling Gleam|p2a: Cresselia\n|-damage|p2a: Cresselia|96/100\n|\n|-heal|p2a: Cresselia|100/100|[from] item: Leftovers\n|-heal|p1a: Chimecho|231/290|[from] item: Leftovers\n|upkeep\n|turn|45\n|inactive|Time left: 300 sec this turn | 300 sec total\n|\n|t:|1783541041\n|move|p2a: Cresselia|Thunderbolt|p1a: Chimecho\n|-damage|p1a: Chimecho|189/290\n|move|p1a: Chimecho|Recover|p1a: Chimecho\n|-heal|p1a: Chimecho|290/290\n|\n|upkeep\n|turn|46\n|inactive|Time left: 300 sec this turn | 300 sec total\n|\n|t:|1783541042\n|move|p2a: Cresselia|Thunderbolt|p1a: Chimecho\n|-damage|p1a: Chimecho|245/290\n|move|p1a: Chimecho|Cosmic Power|p1a: Chimecho\n|-boost|p1a: Chimecho|def|1\n|-boost|p1a: Chimecho|spd|1\n|\n|-heal|p1a: Chimecho|263/290|[from] item: Leftovers\n|upkeep\n|turn|47\n|inactive|Time left: 300 sec this turn | 300 sec total\n|\n|t:|1783541043\n|move|p2a: Cresselia|Thunderbolt|p1a: Chimecho\n|-damage|p1a: Chimecho|227/290\n|move|p1a: Chimecho|Stored Power|p2a: Cresselia\n|-resisted|p2a: Cresselia\n|-damage|p2a: Cresselia|87/100\n|\n|-heal|p2a: Cresselia|94/100|[from] item: Leftovers\n|-heal|p1a: Chimecho|245/290|[from] item: Leftovers\n|upkeep\n|turn|48\n|inactive|Time left: 300 sec this turn | 300 sec total\n|\n|t:|1783541045\n|move|p2a: Cresselia|Thunderbolt|p1a: Chimecho\n|-damage|p1a: Chimecho|205/290\n|-status|p1a: Chimecho|par\n|move|p1a: Chimecho|Stored Power|p2a: Cresselia\n|-resisted|p2a: Cresselia\n|-damage|p2a: Cresselia|83/100\n|\n|-heal|p2a: Cresselia|89/100|[from] item: Leftovers\n|-heal|p1a: Chimecho|223/290 par|[from] item: Leftovers\n|upkeep\n|turn|49\n|inactive|Time left: 300 sec this turn | 300 sec total\n|\n|t:|1783541046\n|move|p2a: Cresselia|Thunderbolt|p1a: Chimecho\n|-damage|p1a: Chimecho|184/290 par\n|cant|p1a: Chimecho|par\n|\n|-heal|p2a: Cresselia|95/100|[from] item: Leftovers\n|-heal|p1a: Chimecho|202/290 par|[from] item: Leftovers\n|upkeep\n|turn|50\n|inactive|Time left: 300 sec this turn | 300 sec total\n|\n|t:|1783541047\n|move|p2a: Cresselia|Thunderbolt|p1a: Chimecho\n|-damage|p1a: Chimecho|167/290 par\n|cant|p1a: Chimecho|par\n|\n|-heal|p2a: Cresselia|100/100|[from] item: Leftovers\n|-heal|p1a: Chimecho|185/290 par|[from] item: Leftovers\n|upkeep\n|turn|51\n|inactive|Time left: 300 sec this turn | 300 sec total\n|\n|t:|1783541048\n|move|p2a: Cresselia|Thunderbolt|p1a: Chimecho\n|-damage|p1a: Chimecho|145/290 par\n|move|p1a: Chimecho|Recover|p1a: Chimecho\n|-heal|p1a: Chimecho|290/290 par\n|\n|upkeep\n|turn|52\n|inactive|Time left: 300 sec this turn | 300 sec total\n|\n|t:|1783541048\n|move|p2a: Cresselia|Psyshock|p1a: Chimecho\n|-resisted|p1a: Chimecho\n|-damage|p1a: Chimecho|260/290 par\n|move|p1a: Chimecho|Recover|p1a: Chimecho\n|-heal|p1a: Chimecho|290/290 par\n|\n|upkeep\n|turn|53\n|inactive|Time left: 300 sec this turn | 300 sec total\n|\n|t:|1783541049\n|move|p2a: Cresselia|Psyshock|p1a: Chimecho\n|-resisted|p1a: Chimecho\n|-damage|p1a: Chimecho|262/290 par\n|move|p1a: Chimecho|Cosmic Power|p1a: Chimecho\n|-boost|p1a: Chimecho|def|0\n|-boost|p1a: Chimecho|spd|0\n|\n|-heal|p1a: Chimecho|280/290 par|[from] item: Leftovers\n|upkeep\n|turn|54\n|inactive|Time left: 300 sec this turn | 300 sec total\n|\n|t:|1783541050\n|move|p2a: Cresselia|Moonlight|p2a: Cresselia\n|-fail|p2a: Cresselia|heal\n|cant|p1a: Chimecho|par\n|\n|-heal|p1a: Chimecho|290/290 par|[from] item: Leftovers\n|upkeep\n|turn|55\n|inactive|Time left: 300 sec this turn | 300 sec total\n|\n|t:|1783541051\n|move|p2a: Cresselia|Calm Mind|p2a: Cresselia\n|-boost|p2a: Cresselia|spa|1\n|-boost|p2a: Cresselia|spd|1\n|move|p1a: Chimecho|Dazzling Gleam|p2a: Cresselia\n|-damage|p2a: Cresselia|96/100\n|\n|-heal|p2a: Cresselia|100/100|[from] item: Leftovers\n|upkeep\n|turn|56\n|inactive|Time left: 300 sec this turn | 300 sec total\n|\n|t:|1783541053\n|move|p2a: Cresselia|Psyshock|p1a: Chimecho\n|-resisted|p1a: Chimecho\n|-damage|p1a: Chimecho|259/290 par\n|cant|p1a: Chimecho|par\n|\n|-heal|p1a: Chimecho|277/290 par|[from] item: Leftovers\n|upkeep\n|turn|57\n|inactive|Time left: 300 sec this turn | 300 sec total\n|\n|t:|1783541054\n|move|p2a: Cresselia|Psyshock|p1a: Chimecho\n|-resisted|p1a: Chimecho\n|-damage|p1a: Chimecho|248/290 par\n|cant|p1a: Chimecho|par\n|\n|-heal|p1a: Chimecho|266/290 par|[from] item: Leftovers\n|upkeep\n|turn|58\n|inactive|Time left: 300 sec this turn | 300 sec total\n|\n|t:|1783541055\n|move|p2a: Cresselia|Psyshock|p1a: Chimecho\n|-resisted|p1a: Chimecho\n|-damage|p1a: Chimecho|236/290 par\n|cant|p1a: Chimecho|par\n|\n|-heal|p1a: Chimecho|254/290 par|[from] item: Leftovers\n|upkeep\n|turn|59\n|inactive|Time left: 300 sec this turn | 300 sec total\n|\n|t:|1783541056\n|move|p2a: Cresselia|Psyshock|p1a: Chimecho\n|-resisted|p1a: Chimecho\n|-damage|p1a: Chimecho|221/290 par\n|cant|p1a: Chimecho|par\n|\n|-heal|p1a: Chimecho|239/290 par|[from] item: Leftovers\n|upkeep\n|turn|60\n|inactive|Time left: 300 sec this turn | 300 sec total\n|\n|t:|1783541057\n|move|p2a: Cresselia|Psyshock|p1a: Chimecho\n|-resisted|p1a: Chimecho\n|-damage|p1a: Chimecho|206/290 par\n|move|p1a: Chimecho|Cosmic Power|p1a: Chimecho\n|-boost|p1a: Chimecho|def|0\n|-boost|p1a: Chimecho|spd|0\n|\n|-heal|p1a: Chimecho|224/290 par|[from] item: Leftovers\n|upkeep\n|turn|61\n|inactive|Time left: 300 sec this turn | 300 sec total\n|\n|t:|1783541058\n|move|p2a: Cresselia|Psyshock|p1a: Chimecho\n|-resisted|p1a: Chimecho\n|-damage|p1a: Chimecho|194/290 par\n|cant|p1a: Chimecho|par\n|\n|-heal|p1a: Chimecho|212/290 par|[from] item: Leftovers\n|upkeep\n|turn|62\n|inactive|Time left: 300 sec this turn | 300 sec total\n|\n|t:|1783541059\n|move|p2a: Cresselia|Psyshock|p1a: Chimecho\n|-resisted|p1a: Chimecho\n|-damage|p1a: Chimecho|182/290 par\n|cant|p1a: Chimecho|par\n|\n|-heal|p1a: Chimecho|200/290 par|[from] item: Leftovers\n|upkeep\n|turn|63\n|inactive|Time left: 300 sec this turn | 300 sec total\n|\n|t:|1783541061\n|move|p2a: Cresselia|Calm Mind|p2a: Cresselia\n|-boost|p2a: Cresselia|spa|0\n|-boost|p2a: Cresselia|spd|0\n|move|p1a: Chimecho|Dazzling Gleam|p2a: Cresselia\n|-damage|p2a: Cresselia|96/100\n|\n|-heal|p2a: Cresselia|100/100|[from] item: Leftovers\n|-heal|p1a: Chimecho|218/290 par|[from] item: Leftovers\n|upkeep\n|turn|64\n|inactive|Time left: 300 sec this turn | 300 sec total\n|\n|t:|1783541062\n|move|p2a: Cresselia|Moonlight|p2a: Cresselia\n|-fail|p2a: Cresselia|heal\n|move|p1a: Chimecho|Stored Power|p2a: Cresselia\n|-resisted|p2a: Cresselia\n|-damage|p2a: Cresselia|89/100\n|\n|-heal|p2a: Cresselia|96/100|[from] item: Leftovers\n|-heal|p1a: Chimecho|236/290 par|[from] item: Leftovers\n|upkeep\n|turn|65\n|inactive|Time left: 300 sec this turn | 300 sec total\n|\n|t:|1783541063\n|move|p2a: Cresselia|Moonlight|p2a: Cresselia\n|-heal|p2a: Cresselia|100/100\n|move|p1a: Chimecho|Dazzling Gleam|p2a: Cresselia\n|-damage|p2a: Cresselia|96/100\n|\n|-heal|p2a: Cresselia|100/100|[from] item: Leftovers\n|-heal|p1a: Chimecho|254/290 par|[from] item: Leftovers\n|upkeep\n|turn|66\n|inactive|Time left: 300 sec this turn | 300 sec total\n|\n|t:|1783541065\n|move|p2a: Cresselia|Moonlight|p2a: Cresselia\n|-fail|p2a: Cresselia|heal\n|move|p1a: Chimecho|Cosmic Power|p1a: Chimecho\n|-boost|p1a: Chimecho|def|0\n|-boost|p1a: Chimecho|spd|0\n|\n|-heal|p1a: Chimecho|272/290 par|[from] item: Leftovers\n|upkeep\n|turn|67\n|inactive|Time left: 300 sec this turn | 300 sec total\n|\n|t:|1783541066\n|move|p2a: Cresselia|Moonlight|p2a: Cresselia\n|-fail|p2a: Cresselia|heal\n|move|p1a: Chimecho|Stored Power|p2a: Cresselia\n|-resisted|p2a: Cresselia\n|-damage|p2a: Cresselia|89/100\n|\n|-heal|p2a: Cresselia|96/100|[from] item: Leftovers\n|-heal|p1a: Chimecho|290/290 par|[from] item: Leftovers\n|upkeep\n|turn|68\n|inactive|Time left: 300 sec this turn | 300 sec total\n|\n|t:|1783541067\n|move|p2a: Cresselia|Calm Mind|p2a: Cresselia\n|-boost|p2a: Cresselia|spa|0\n|-boost|p2a: Cresselia|spd|0\n|move|p1a: Chimecho|Stored Power|p2a: Cresselia\n|-resisted|p2a: Cresselia\n|-damage|p2a: Cresselia|84/100\n|\n|-heal|p2a: Cresselia|91/100|[from] item: Leftovers\n|upkeep\n|turn|69\n|inactive|Time left: 300 sec this turn | 300 sec total\n|\n|t:|1783541068\n|move|p2a: Cresselia|Calm Mind|p2a: Cresselia\n|-boost|p2a: Cresselia|spa|0\n|-boost|p2a: Cresselia|spd|0\n|move|p1a: Chimecho|Cosmic Power|p1a: Chimecho\n|-boost|p1a: Chimecho|def|0\n|-boost|p1a: Chimecho|spd|0\n|\n|-heal|p2a: Cresselia|97/100|[from] item: Leftovers\n|upkeep\n|turn|70\n|inactive|Time left: 300 sec this turn | 300 sec total\n|\n|t:|1783541069\n|move|p2a: Cresselia|Moonlight|p2a: Cresselia\n|-heal|p2a: Cresselia|100/100\n|move|p1a: Chimecho|Cosmic Power|p1a: Chimecho\n|-boost|p1a: Chimecho|def|0\n|-boost|p1a: Chimecho|spd|0\n|\n|upkeep\n|turn|71\n|inactive|Time left: 300 sec this turn | 300 sec total\n|\n|t:|1783541071\n|move|p2a: Cresselia|Calm Mind|p2a: Cresselia\n|-boost|p2a: Cresselia|spa|0\n|-boost|p2a: Cresselia|spd|0\n|move|p1a: Chimecho|Dazzling Gleam|p2a: Cresselia\n|-damage|p2a: Cresselia|96/100\n|\n|-heal|p2a: Cresselia|100/100|[from] item: Leftovers\n|upkeep\n|turn|72\n|inactive|Time left: 300 sec this turn | 300 sec total\n|\n|t:|1783541072\n|move|p2a: Cresselia|Moonlight|p2a: Cresselia\n|-fail|p2a: Cresselia|heal\n|cant|p1a: Chimecho|par\n|\n|upkeep\n|turn|73\n|inactive|Time left: 300 sec this turn | 300 sec total\n|\n|t:|1783541073\n|move|p2a: Cresselia|Calm Mind|p2a: Cresselia\n|-boost|p2a: Cresselia|spa|0\n|-boost|p2a: Cresselia|spd|0\n|move|p1a: Chimecho|Stored Power|p2a: Cresselia\n|-resisted|p2a: Cresselia\n|-damage|p2a: Cresselia|89/100\n|\n|-heal|p2a: Cresselia|96/100|[from] item: Leftovers\n|upkeep\n|turn|74\n|inactive|Time left: 300 sec this turn | 300 sec total\n|\n|t:|1783541074\n|move|p2a: Cresselia|Calm Mind|p2a: Cresselia\n|-boost|p2a: Cresselia|spa|0\n|-boost|p2a: Cresselia|spd|0\n|cant|p1a: Chimecho|par\n|\n|-heal|p2a: Cresselia|100/100|[from] item: Leftovers\n|upkeep\n|turn|75\n|inactive|Time left: 300 sec this turn | 300 sec total\n|\n|t:|1783541075\n|move|p2a: Cresselia|Calm Mind|p2a: Cresselia\n|-boost|p2a: Cresselia|spa|0\n|-boost|p2a: Cresselia|spd|0\n|move|p1a: Chimecho|Dazzling Gleam|p2a: Cresselia\n|-damage|p2a: Cresselia|96/100\n|\n|-heal|p2a: Cresselia|100/100|[from] item: Leftovers\n|upkeep\n|turn|76\n|inactive|Time left: 300 sec this turn | 300 sec total\n|\n|t:|1783541077\n|move|p2a: Cresselia|Calm Mind|p2a: Cresselia\n|-boost|p2a: Cresselia|spa|0\n|-boost|p2a: Cresselia|spd|0\n|move|p1a: Chimecho|Dazzling Gleam|p2a: Cresselia\n|-damage|p2a: Cresselia|96/100\n|\n|-heal|p2a: Cresselia|100/100|[from] item: Leftovers\n|upkeep\n|turn|77\n|inactive|Time left: 300 sec this turn | 300 sec total\n|\n|t:|1783541078\n|move|p2a: Cresselia|Calm Mind|p2a: Cresselia\n|-boost|p2a: Cresselia|spa|0\n|-boost|p2a: Cresselia|spd|0\n|move|p1a: Chimecho|Stored Power|p2a: Cresselia\n|-resisted|p2a: Cresselia\n|-damage|p2a: Cresselia|89/100\n|\n|-heal|p2a: Cresselia|96/100|[from] item: Leftovers\n|upkeep\n|turn|78\n|inactive|Time left: 300 sec this turn | 300 sec total\n|\n|t:|1783541079\n|move|p2a: Cresselia|Calm Mind|p2a: Cresselia\n|-boost|p2a: Cresselia|spa|0\n|-boost|p2a: Cresselia|spd|0\n|move|p1a: Chimecho|Cosmic Power|p1a: Chimecho\n|-boost|p1a: Chimecho|def|0\n|-boost|p1a: Chimecho|spd|0\n|\n|-heal|p2a: Cresselia|100/100|[from] item: Leftovers\n|upkeep\n|turn|79\n|inactive|Time left: 300 sec this turn | 300 sec total\n|\n|t:|1783541081\n|move|p2a: Cresselia|Calm Mind|p2a: Cresselia\n|-boost|p2a: Cresselia|spa|0\n|-boost|p2a: Cresselia|spd|0\n|move|p1a: Chimecho|Stored Power|p2a: Cresselia\n|-resisted|p2a: Cresselia\n|-damage|p2a: Cresselia|90/100\n|\n|-heal|p2a: Cresselia|96/100|[from] item: Leftovers\n|upkeep\n|turn|80\n|inactive|Time left: 300 sec this turn | 300 sec total\n|\n|t:|1783541082\n|move|p2a: Cresselia|Calm Mind|p2a: Cresselia\n|-boost|p2a: Cresselia|spa|0\n|-boost|p2a: Cresselia|spd|0\n|cant|p1a: Chimecho|par\n|\n|-heal|p2a: Cresselia|100/100|[from] item: Leftovers\n|upkeep\n|turn|81\n|inactive|Time left: 300 sec this turn | 300 sec total\n|\n|t:|1783541083\n|move|p2a: Cresselia|Calm Mind|p2a: Cresselia\n|-boost|p2a: Cresselia|spa|0\n|-boost|p2a: Cresselia|spd|0\n|cant|p1a: Chimecho|par\n|\n|upkeep\n|turn|82\n|inactive|Time left: 300 sec this turn | 300 sec total\n|\n|t:|1783541084\n|move|p2a: Cresselia|Calm Mind|p2a: Cresselia\n|-boost|p2a: Cresselia|spa|0\n|-boost|p2a: Cresselia|spd|0\n|move|p1a: Chimecho|Stored Power|p2a: Cresselia\n|-resisted|p2a: Cresselia\n|-damage|p2a: Cresselia|89/100\n|\n|-heal|p2a: Cresselia|96/100|[from] item: Leftovers\n|upkeep\n|turn|83\n|inactive|Time left: 300 sec this turn | 300 sec total\n|\n|t:|1783541085\n|move|p2a: Cresselia|Calm Mind|p2a: Cresselia\n|-boost|p2a: Cresselia|spa|0\n|-boost|p2a: Cresselia|spd|0\n|move|p1a: Chimecho|Cosmic Power|p1a: Chimecho\n|-boost|p1a: Chimecho|def|0\n|-boost|p1a: Chimecho|spd|0\n|\n|-heal|p2a: Cresselia|100/100|[from] item: Leftovers\n|upkeep\n|turn|84\n|inactive|Time left: 300 sec this turn | 300 sec total\n|\n|t:|1783541086\n|move|p2a: Cresselia|Calm Mind|p2a: Cresselia\n|-boost|p2a: Cresselia|spa|0\n|-boost|p2a: Cresselia|spd|0\n|cant|p1a: Chimecho|par\n|\n|upkeep\n|turn|85\n|inactive|Time left: 300 sec this turn | 300 sec total\n|\n|t:|1783541087\n|move|p2a: Cresselia|Calm Mind|p2a: Cresselia\n|-boost|p2a: Cresselia|spa|0\n|-boost|p2a: Cresselia|spd|0\n|move|p1a: Chimecho|Stored Power|p2a: Cresselia\n|-resisted|p2a: Cresselia\n|-damage|p2a: Cresselia|89/100\n|\n|-heal|p2a: Cresselia|96/100|[from] item: Leftovers\n|upkeep\n|turn|86\n|inactive|Time left: 300 sec this turn | 300 sec total\n|\n|t:|1783541088\n|move|p2a: Cresselia|Calm Mind|p2a: Cresselia\n|-boost|p2a: Cresselia|spa|0\n|-boost|p2a: Cresselia|spd|0\n|move|p1a: Chimecho|Dazzling Gleam|p2a: Cresselia\n|-damage|p2a: Cresselia|91/100\n|\n|-heal|p2a: Cresselia|97/100|[from] item: Leftovers\n|upkeep\n|turn|87\n|inactive|Time left: 300 sec this turn | 300 sec total\n|\n|t:|1783541089\n|move|p2a: Cresselia|Calm Mind|p2a: Cresselia\n|-boost|p2a: Cresselia|spa|0\n|-boost|p2a: Cresselia|spd|0\n|move|p1a: Chimecho|Stored Power|p2a: Cresselia\n|-resisted|p2a: Cresselia\n|-damage|p2a: Cresselia|87/100\n|\n|-heal|p2a: Cresselia|93/100|[from] item: Leftovers\n|upkeep\n|turn|88\n|inactive|Time left: 300 sec this turn | 300 sec total\n|\n|t:|1783541091\n|move|p2a: Cresselia|Calm Mind|p2a: Cresselia\n|-boost|p2a: Cresselia|spa|0\n|-boost|p2a: Cresselia|spd|0\n|move|p1a: Chimecho|Cosmic Power|p1a: Chimecho\n|-boost|p1a: Chimecho|def|0\n|-boost|p1a: Chimecho|spd|0\n|\n|-heal|p2a: Cresselia|99/100|[from] item: Leftovers\n|upkeep\n|turn|89\n|inactive|Time left: 300 sec this turn | 300 sec total\n|\n|t:|1783541092\n|move|p2a: Cresselia|Calm Mind|p2a: Cresselia\n|-boost|p2a: Cresselia|spa|0\n|-boost|p2a: Cresselia|spd|0\n|cant|p1a: Chimecho|par\n|\n|-heal|p2a: Cresselia|100/100|[from] item: Leftovers\n|upkeep\n|turn|90\n|inactive|Time left: 300 sec this turn | 300 sec total\n|\n|t:|1783541092\n|move|p2a: Cresselia|Calm Mind|p2a: Cresselia\n|-boost|p2a: Cresselia|spa|0\n|-boost|p2a: Cresselia|spd|0\n|move|p1a: Chimecho|Dazzling Gleam|p2a: Cresselia\n|-damage|p2a: Cresselia|95/100\n|\n|-heal|p2a: Cresselia|100/100|[from] item: Leftovers\n|upkeep\n|turn|91\n|inactive|Time left: 300 sec this turn | 300 sec total\n|\n|t:|1783541094\n|move|p2a: Cresselia|Calm Mind|p2a: Cresselia\n|-boost|p2a: Cresselia|spa|0\n|-boost|p2a: Cresselia|spd|0\n|move|p1a: Chimecho|Stored Power|p2a: Cresselia\n|-resisted|p2a: Cresselia\n|-damage|p2a: Cresselia|90/100\n|\n|-heal|p2a: Cresselia|96/100|[from] item: Leftovers\n|upkeep\n|turn|92\n|inactive|Time left: 300 sec this turn | 300 sec total\n|\n|t:|1783541095\n|move|p2a: Cresselia|Calm Mind|p2a: Cresselia\n|-boost|p2a: Cresselia|spa|0\n|-boost|p2a: Cresselia|spd|0\n|move|p1a: Chimecho|Dazzling Gleam|p2a: Cresselia\n|-crit|p2a: Cresselia\n|-damage|p2a: Cresselia|71/100\n|\n|-heal|p2a: Cresselia|78/100|[from] item: Leftovers\n|upkeep\n|turn|93\n|inactive|Time left: 300 sec this turn | 300 sec total\n|\n|t:|1783541096\n|move|p2a: Cresselia|Calm Mind|p2a: Cresselia\n|-boost|p2a: Cresselia|spa|0\n|-boost|p2a: Cresselia|spd|0\n|move|p1a: Chimecho|Dazzling Gleam|p2a: Cresselia\n|-damage|p2a: Cresselia|73/100\n|\n|-heal|p2a: Cresselia|79/100|[from] item: Leftovers\n|upkeep\n|turn|94\n|inactive|Time left: 300 sec this turn | 300 sec total\n|\n|t:|1783541097\n|move|p2a: Cresselia|Calm Mind|p2a: Cresselia\n|-boost|p2a: Cresselia|spa|0\n|-boost|p2a: Cresselia|spd|0\n|cant|p1a: Chimecho|par\n|\n|-heal|p2a: Cresselia|85/100|[from] item: Leftovers\n|upkeep\n|turn|95\n|inactive|Time left: 300 sec this turn | 300 sec total\n|\n|t:|1783541098\n|move|p2a: Cresselia|Thunderbolt|p1a: Chimecho\n|-damage|p1a: Chimecho|246/290 par\n|move|p1a: Chimecho|Cosmic Power|p1a: Chimecho\n|-boost|p1a: Chimecho|def|0\n|-boost|p1a: Chimecho|spd|0\n|\n|-heal|p2a: Cresselia|91/100|[from] item: Leftovers\n|-heal|p1a: Chimecho|264/290 par|[from] item: Leftovers\n|upkeep\n|turn|96\n|inactive|Time left: 300 sec this turn | 300 sec total\n|\n|t:|1783541099\n|move|p2a: Cresselia|Psyshock|p1a: Chimecho\n|-resisted|p1a: Chimecho\n|-damage|p1a: Chimecho|234/290 par\n|move|p1a: Chimecho|Stored Power|p2a: Cresselia\n|-resisted|p2a: Cresselia\n|-damage|p2a: Cresselia|81/100\n|\n|-heal|p2a: Cresselia|87/100|[from] item: Leftovers\n|-heal|p1a: Chimecho|252/290 par|[from] item: Leftovers\n|upkeep\n|turn|97\n|inactive|Time left: 300 sec this turn | 300 sec total\n|\n|t:|1783541100\n|move|p2a: Cresselia|Moonlight|p2a: Cresselia\n|-heal|p2a: Cresselia|100/100\n|move|p1a: Chimecho|Stored Power|p2a: Cresselia\n|-resisted|p2a: Cresselia\n|-damage|p2a: Cresselia|90/100\n|\n|-heal|p2a: Cresselia|96/100|[from] item: Leftovers\n|-heal|p1a: Chimecho|270/290 par|[from] item: Leftovers\n|upkeep\n|turn|98\n|inactive|Time left: 300 sec this turn | 300 sec total\n|\n|t:|1783541101\n|switch|p2a: Bronzong|Bronzong, L88|100/100\n|cant|p1a: Chimecho|par\n|\n|-heal|p1a: Chimecho|288/290 par|[from] item: Leftovers\n|upkeep\n|turn|99\n|inactive|Time left: 300 sec this turn | 300 sec total\n|\n|t:|1783541102\n|move|p2a: Bronzong|Psychic|p1a: Chimecho\n|-resisted|p1a: Chimecho\n|-damage|p1a: Chimecho|279/290 par\n|move|p1a: Chimecho|Stored Power|p2a: Bronzong\n|-resisted|p2a: Bronzong\n|-damage|p2a: Bronzong|76/100\n|\n|-heal|p2a: Bronzong|82/100|[from] item: Leftovers\n|-heal|p1a: Chimecho|290/290 par|[from] item: Leftovers\n|upkeep\n|turn|100\n|inactive|Time left: 300 sec this turn | 300 sec total\n|\n|t:|1783541103\n|move|p2a: Bronzong|Iron Head|p1a: Chimecho\n|-damage|p1a: Chimecho|268/290 par\n|move|p1a: Chimecho|Dazzling Gleam|p2a: Bronzong\n|-resisted|p2a: Bronzong\n|-damage|p2a: Bronzong|72/100\n|\n|-heal|p2a: Bronzong|78/100|[from] item: Leftovers\n|-heal|p1a: Chimecho|286/290 par|[from] item: Leftovers\n|upkeep\n|turn|101\n|inactive|Time left: 300 sec this turn | 300 sec total\n|\n|t:|1783541105\n|move|p2a: Bronzong|Hypnosis|p1a: Chimecho|[miss]\n|-miss|p2a: Bronzong|p1a: Chimecho\n|move|p1a: Chimecho|Dazzling Gleam|p2a: Bronzong\n|-resisted|p2a: Bronzong\n|-damage|p2a: Bronzong|69/100\n|\n|-heal|p2a: Bronzong|75/100|[from] item: Leftovers\n|-heal|p1a: Chimecho|290/290 par|[from] item: Leftovers\n|upkeep\n|turn|102\n|inactive|Time left: 300 sec this turn | 300 sec total\n|\n|t:|1783541106\n|move|p2a: Bronzong|Earthquake|p1a: Chimecho\n|-immune|p1a: Chimecho|[from] ability: Levitate\n|move|p1a: Chimecho|Dazzling Gleam|p2a: Bronzong\n|-resisted|p2a: Bronzong\n|-damage|p2a: Bronzong|64/100\n|\n|-heal|p2a: Bronzong|71/100|[from] item: Leftovers\n|upkeep\n|turn|103\n|inactive|Time left: 300 sec this turn | 300 sec total\n|\n|t:|1783541107\n|move|p2a: Bronzong|Psychic|p1a: Chimecho\n|-resisted|p1a: Chimecho\n|-damage|p1a: Chimecho|280/290 par\n|move|p1a: Chimecho|Dazzling Gleam|p2a: Bronzong\n|-resisted|p2a: Bronzong\n|-damage|p2a: Bronzong|61/100\n|\n|-heal|p2a: Bronzong|68/100|[from] item: Leftovers\n|-heal|p1a: Chimecho|290/290 par|[from] item: Leftovers\n|upkeep\n|turn|104\n|inactive|Time left: 300 sec this turn | 300 sec total\n|\n|t:|1783541109\n|move|p2a: Bronzong|Psychic|p1a: Chimecho\n|-resisted|p1a: Chimecho\n|-damage|p1a: Chimecho|279/290 par\n|move|p1a: Chimecho|Cosmic Power|p1a: Chimecho\n|-boost|p1a: Chimecho|def|0\n|-boost|p1a: Chimecho|spd|0\n|\n|-heal|p2a: Bronzong|74/100|[from] item: Leftovers\n|-heal|p1a: Chimecho|290/290 par|[from] item: Leftovers\n|upkeep\n|turn|105\n|inactive|Time left: 300 sec this turn | 300 sec total\n|\n|t:|1783541110\n|move|p2a: Bronzong|Earthquake|p1a: Chimecho\n|-immune|p1a: Chimecho|[from] ability: Levitate\n|move|p1a: Chimecho|Cosmic Power|p1a: Chimecho\n|-boost|p1a: Chimecho|def|0\n|-boost|p1a: Chimecho|spd|0\n|\n|-heal|p2a: Bronzong|80/100|[from] item: Leftovers\n|upkeep\n|turn|106\n|inactive|Time left: 300 sec this turn | 300 sec total\n|\n|t:|1783541112\n|move|p2a: Bronzong|Psychic|p1a: Chimecho\n|-resisted|p1a: Chimecho\n|-damage|p1a: Chimecho|280/290 par\n|move|p1a: Chimecho|Cosmic Power|p1a: Chimecho\n|-boost|p1a: Chimecho|def|0\n|-boost|p1a: Chimecho|spd|0\n|\n|-heal|p2a: Bronzong|86/100|[from] item: Leftovers\n|-heal|p1a: Chimecho|290/290 par|[from] item: Leftovers\n|upkeep\n|turn|107\n|inactive|Time left: 300 sec this turn | 300 sec total\n|\n|t:|1783541113\n|move|p2a: Bronzong|Psychic|p1a: Chimecho\n|-resisted|p1a: Chimecho\n|-damage|p1a: Chimecho|279/290 par\n|cant|p1a: Chimecho|par\n|\n|-heal|p2a: Bronzong|92/100|[from] item: Leftovers\n|-heal|p1a: Chimecho|290/290 par|[from] item: Leftovers\n|upkeep\n|turn|108\n|inactive|Time left: 300 sec this turn | 300 sec total\n|\n|t:|1783541114\n|move|p2a: Bronzong|Earthquake|p1a: Chimecho\n|-immune|p1a: Chimecho|[from] ability: Levitate\n|move|p1a: Chimecho|Dazzling Gleam|p2a: Bronzong\n|-resisted|p2a: Bronzong\n|-damage|p2a: Bronzong|82/100\n|\n|-heal|p2a: Bronzong|89/100|[from] item: Leftovers\n|upkeep\n|turn|109\n|inactive|Time left: 300 sec this turn | 300 sec total\n|\n|t:|1783541115\n|move|p2a: Bronzong|Psychic|p1a: Chimecho\n|-resisted|p1a: Chimecho\n|-damage|p1a: Chimecho|281/290 par\n|move|p1a: Chimecho|Cosmic Power|p1a: Chimecho\n|-boost|p1a: Chimecho|def|0\n|-boost|p1a: Chimecho|spd|0\n|\n|-heal|p2a: Bronzong|95/100|[from] item: Leftovers\n|-heal|p1a: Chimecho|290/290 par|[from] item: Leftovers\n|upkeep\n|turn|110\n|inactive|Time left: 300 sec this turn | 300 sec total\n|\n|t:|1783541116\n|move|p2a: Bronzong|Psychic|p1a: Chimecho\n|-resisted|p1a: Chimecho\n|-damage|p1a: Chimecho|279/290 par\n|move|p1a: Chimecho|Cosmic Power|p1a: Chimecho\n|-boost|p1a: Chimecho|def|0\n|-boost|p1a: Chimecho|spd|0\n|\n|-heal|p2a: Bronzong|100/100|[from] item: Leftovers\n|-heal|p1a: Chimecho|290/290 par|[from] item: Leftovers\n|upkeep\n|turn|111\n|inactive|Time left: 300 sec this turn | 300 sec total\n|\n|t:|1783541118\n|move|p2a: Bronzong|Earthquake|p1a: Chimecho\n|-immune|p1a: Chimecho|[from] ability: Levitate\n|move|p1a: Chimecho|Cosmic Power|p1a: Chimecho\n|-boost|p1a: Chimecho|def|0\n|-boost|p1a: Chimecho|spd|0\n|\n|upkeep\n|turn|112\n|inactive|Time left: 300 sec this turn | 300 sec total\n|\n|t:|1783541119\n|move|p2a: Bronzong|Hypnosis|p1a: Chimecho|[miss]\n|-miss|p2a: Bronzong|p1a: Chimecho\n|cant|p1a: Chimecho|par\n|\n|upkeep\n|turn|113\n|inactive|Time left: 300 sec this turn | 300 sec total\n|\n|t:|1783541121\n|move|p2a: Bronzong|Psychic|p1a: Chimecho\n|-resisted|p1a: Chimecho\n|-damage|p1a: Chimecho|279/290 par\n|move|p1a: Chimecho|Cosmic Power|p1a: Chimecho\n|-boost|p1a: Chimecho|def|0\n|-boost|p1a: Chimecho|spd|0\n|\n|-heal|p1a: Chimecho|290/290 par|[from] item: Leftovers\n|upkeep\n|turn|114\n|inactive|Time left: 300 sec this turn | 300 sec total\n|\n|t:|1783541122\n|move|p2a: Bronzong|Earthquake|p1a: Chimecho\n|-immune|p1a: Chimecho|[from] ability: Levitate\n|move|p1a: Chimecho|Cosmic Power|p1a: Chimecho\n|-boost|p1a: Chimecho|def|0\n|-boost|p1a: Chimecho|spd|0\n|\n|upkeep\n|turn|115\n|inactive|Time left: 300 sec this turn | 300 sec total\n|\n|t:|1783541123\n|move|p2a: Bronzong|Earthquake|p1a: Chimecho\n|-immune|p1a: Chimecho|[from] ability: Levitate\n|move|p1a: Chimecho|Cosmic Power|p1a: Chimecho\n|-boost|p1a: Chimecho|def|0\n|-boost|p1a: Chimecho|spd|0\n|\n|upkeep\n|turn|116\n|inactive|Time left: 300 sec this turn | 300 sec total\n|\n|t:|1783541124\n|move|p2a: Bronzong|Earthquake|p1a: Chimecho\n|-immune|p1a: Chimecho|[from] ability: Levitate\n|move|p1a: Chimecho|Cosmic Power|p1a: Chimecho\n|-boost|p1a: Chimecho|def|0\n|-boost|p1a: Chimecho|spd|0\n|\n|upkeep\n|turn|117\n|inactive|Time left: 300 sec this turn | 300 sec total\n|\n|t:|1783541125\n|move|p2a: Bronzong|Psychic|p1a: Chimecho\n|-resisted|p1a: Chimecho\n|-damage|p1a: Chimecho|280/290 par\n|move|p1a: Chimecho|Cosmic Power|p1a: Chimecho\n|-boost|p1a: Chimecho|def|0\n|-boost|p1a: Chimecho|spd|0\n|\n|-heal|p1a: Chimecho|290/290 par|[from] item: Leftovers\n|upkeep\n|turn|118\n|inactive|Time left: 300 sec this turn | 300 sec total\n|\n|t:|1783541126\n|move|p2a: Bronzong|Hypnosis||[still]\n|-fail|p2a: Bronzong\n|move|p1a: Chimecho|Cosmic Power|p1a: Chimecho\n|-boost|p1a: Chimecho|def|0\n|-boost|p1a: Chimecho|spd|0\n|\n|upkeep\n|turn|119\n|inactive|Time left: 300 sec this turn | 300 sec total\n|\n|t:|1783541128\n|move|p2a: Bronzong|Earthquake|p1a: Chimecho\n|-immune|p1a: Chimecho|[from] ability: Levitate\n|move|p1a: Chimecho|Cosmic Power|p1a: Chimecho\n|-boost|p1a: Chimecho|def|0\n|-boost|p1a: Chimecho|spd|0\n|\n|upkeep\n|turn|120\n|inactive|Time left: 300 sec this turn | 300 sec total\n|\n|t:|1783541129\n|move|p2a: Bronzong|Hypnosis||[still]\n|-fail|p2a: Bronzong\n|cant|p1a: Chimecho|par\n|\n|upkeep\n|turn|121\n|inactive|Time left: 300 sec this turn | 300 sec total\n|\n|t:|1783541130\n|move|p2a: Bronzong|Psychic|p1a: Chimecho\n|-resisted|p1a: Chimecho\n|-crit|p1a: Chimecho\n|-damage|p1a: Chimecho|235/290 par\n|cant|p1a: Chimecho|par\n|\n|-heal|p1a: Chimecho|253/290 par|[from] item: Leftovers\n|upkeep\n|turn|122\n|inactive|Time left: 300 sec this turn | 300 sec total\n|\n|t:|1783541131\n|move|p2a: Bronzong|Hypnosis|p1a: Chimecho|[miss]\n|-miss|p2a: Bronzong|p1a: Chimecho\n|move|p1a: Chimecho|Cosmic Power|p1a: Chimecho\n|-boost|p1a: Chimecho|def|0\n|-boost|p1a: Chimecho|spd|0\n|\n|-heal|p1a: Chimecho|271/290 par|[from] item: Leftovers\n|upkeep\n|turn|123\n|inactive|Time left: 300 sec this turn | 300 sec total\n|\n|t:|1783541132\n|move|p2a: Bronzong|Psychic|p1a: Chimecho\n|-resisted|p1a: Chimecho\n|-damage|p1a: Chimecho|260/290 par\n|cant|p1a: Chimecho|par\n|\n|-heal|p1a: Chimecho|278/290 par|[from] item: Leftovers\n|upkeep\n|turn|124\n|inactive|Time left: 300 sec this turn | 300 sec total\n|\n|t:|1783541133\n|move|p2a: Bronzong|Hypnosis||[still]\n|-fail|p2a: Bronzong\n|move|p1a: Chimecho|Cosmic Power|p1a: Chimecho\n|-boost|p1a: Chimecho|def|0\n|-boost|p1a: Chimecho|spd|0\n|\n|-heal|p1a: Chimecho|290/290 par|[from] item: Leftovers\n|upkeep\n|turn|125\n|inactive|Time left: 300 sec this turn | 300 sec total\n|\n|t:|1783541134\n|move|p2a: Bronzong|Earthquake|p1a: Chimecho\n|-immune|p1a: Chimecho|[from] ability: Levitate\n|move|p1a: Chimecho|Cosmic Power|p1a: Chimecho\n|-boost|p1a: Chimecho|def|0\n|-boost|p1a: Chimecho|spd|0\n|\n|upkeep\n|turn|126\n|inactive|Time left: 300 sec this turn | 300 sec total\n|\n|t:|1783541135\n|move|p2a: Bronzong|Earthquake|p1a: Chimecho\n|-immune|p1a: Chimecho|[from] ability: Levitate\n|cant|p1a: Chimecho|par\n|\n|upkeep\n|turn|127\n|inactive|Time left: 300 sec this turn | 300 sec total\n|\n|t:|1783541136\n|switch|p2a: Cresselia|Cresselia, L80, F|96/100\n|cant|p1a: Chimecho|par\n|\n|-heal|p2a: Cresselia|100/100|[from] item: Leftovers\n|upkeep\n|turn|128\n|inactive|Time left: 300 sec this turn | 300 sec total\n|\n|t:|1783541138\n|switch|p2a: Bronzong|Bronzong, L88|100/100\n|switch|p1a: Chi-Yu|Chi-Yu, L77|211/211\n|-ability|p1a: Chi-Yu|Beads of Ruin\n|\n|upkeep\n|turn|129\n|inactive|Time left: 300 sec this turn | 300 sec total\n|\n|t:|1783541139\n|move|p1a: Chi-Yu|Flamethrower|p2a: Bronzong\n|-supereffective|p2a: Bronzong\n|-damage|p2a: Bronzong|15/100\n|move|p2a: Bronzong|Earthquake|p1a: Chi-Yu\n|-supereffective|p1a: Chi-Yu\n|-damage|p1a: Chi-Yu|51/211\n|\n|-heal|p2a: Bronzong|22/100|[from] item: Leftovers\n|upkeep\n|turn|130\n|inactive|Time left: 300 sec this turn | 300 sec total\n|\n|t:|1783541140\n|move|p1a: Chi-Yu|Flamethrower|p2a: Bronzong\n|-supereffective|p2a: Bronzong\n|-damage|p2a: Bronzong|0 fnt\n|faint|p2a: Bronzong\n|\n|upkeep\n|\n|t:|1783541141\n|switch|p2a: Regieleki|Regieleki, L79|100/100\n|turn|131\n|inactive|Time left: 300 sec this turn | 300 sec total\n|\n|t:|1783541142\n|switch|p1a: Goodra|Goodra, L85, M|2/292\n|move|p2a: Regieleki|Thunderbolt|p1a: Goodra\n|-resisted|p1a: Goodra\n|-damage|p1a: Goodra|0 fnt\n|faint|p1a: Goodra\n|\n|upkeep\n|inactive|Time left: 300 sec this turn | 300 sec total | 5 sec grace\n|\n|t:|1783541143\n|switch|p1a: Chimecho|Chimecho, L93, M|290/290 par\n|turn|132\n|inactive|Time left: 300 sec this turn | 300 sec total\n|\n|t:|1783541144\n|move|p2a: Regieleki|Thunderbolt|p1a: Chimecho\n|-damage|p1a: Chimecho|166/290 par\n|move|p1a: Chimecho|Cosmic Power|p1a: Chimecho\n|-boost|p1a: Chimecho|def|1\n|-boost|p1a: Chimecho|spd|1\n|\n|-heal|p1a: Chimecho|184/290 par|[from] item: Leftovers\n|upkeep\n|turn|133\n|inactive|Time left: 300 sec this turn | 300 sec total\n|\n|t:|1783541146\n|move|p2a: Regieleki|Thunderbolt|p1a: Chimecho\n|-damage|p1a: Chimecho|100/290 par\n|move|p1a: Chimecho|Stored Power|p2a: Regieleki\n|-damage|p2a: Regieleki|50/100\n|\n|-heal|p1a: Chimecho|118/290 par|[from] item: Leftovers\n|upkeep\n|turn|134\n|inactive|Time left: 300 sec this turn | 300 sec total\n|\n|t:|1783541147\n|move|p2a: Regieleki|Thunderbolt|p1a: Chimecho\n|-damage|p1a: Chimecho|43/290 par\n|move|p1a: Chimecho|Recover|p1a: Chimecho\n|-heal|p1a: Chimecho|188/290 par\n|\n|-heal|p1a: Chimecho|206/290 par|[from] item: Leftovers\n|upkeep\n|turn|135\n|inactive|Time left: 300 sec this turn | 300 sec total\n|\n|t:|1783541148\n|move|p2a: Regieleki|Explosion|p1a: Chimecho\n|-damage|p1a: Chimecho|108/290 par\n|faint|p2a: Regieleki\n|cant|p1a: Chimecho|par\n|\n|-heal|p1a: Chimecho|126/290 par|[from] item: Leftovers\n|upkeep\n|\n|t:|1783541149\n|switch|p2a: Crabominable|Crabominable, L90, F|49/100\n|turn|136\n|inactive|Time left: 300 sec this turn | 300 sec total\n|\n|t:|1783541150\n|move|p2a: Crabominable|Close Combat|p1a: Chimecho\n|-resisted|p1a: Chimecho\n|-damage|p1a: Chimecho|27/290 par\n|-unboost|p2a: Crabominable|def|1\n|-unboost|p2a: Crabominable|spd|1\n|-activate|p1a: Chimecho|move: Struggle\n|move|p1a: Chimecho|Struggle|p2a: Crabominable\n|-damage|p2a: Crabominable|39/100\n|-damage|p1a: Chimecho|0 fnt|[from] recoil\n|faint|p1a: Chimecho\n|\n|upkeep\n|inactive|Time left: 300 sec this turn | 300 sec total | 5 sec grace\n|\n|t:|1783541151\n|switch|p1a: Chi-Yu|Chi-Yu, L77|51/211\n|-ability|p1a: Chi-Yu|Beads of Ruin\n|turn|137\n|inactive|Time left: 300 sec this turn | 300 sec total\n|\n|t:|1783541152\n|switch|p2a: Cresselia|Cresselia, L80, F|100/100\n|move|p1a: Chi-Yu|Flamethrower|p2a: Cresselia\n|-damage|p2a: Cresselia|68/100\n|\n|-heal|p2a: Cresselia|74/100|[from] item: Leftovers\n|upkeep\n|turn|138\n|inactive|Time left: 300 sec this turn | 300 sec total\n|\n|t:|1783541153\n|move|p1a: Chi-Yu|Flamethrower|p2a: Cresselia\n|-damage|p2a: Cresselia|40/100\n|-activate|p2a: Cresselia|move: Struggle\n|move|p2a: Cresselia|Struggle|p1a: Chi-Yu\n|-damage|p1a: Chi-Yu|28/211\n|-damage|p2a: Cresselia|15/100|[from] recoil\n|\n|-heal|p2a: Cresselia|22/100|[from] item: Leftovers\n|upkeep\n|turn|139\n|inactive|Time left: 300 sec this turn | 300 sec total\n|\n|t:|1783541154\n|switch|p2a: Crabominable|Crabominable, L90, F|39/100\n|move|p1a: Chi-Yu|Flamethrower|p2a: Crabominable\n|-supereffective|p2a: Crabominable\n|-damage|p2a: Crabominable|0 fnt\n|faint|p2a: Crabominable\n|\n|upkeep\n|\n|t:|1783541155\n|switch|p2a: Cresselia|Cresselia, L80, F|22/100\n|turn|140\n|inactive|Time left: 300 sec this turn | 300 sec total\n|\n|t:|1783541156\n|move|p1a: Chi-Yu|Flamethrower|p2a: Cresselia\n|-damage|p2a: Cresselia|0 fnt\n|faint|p2a: Cresselia\n|\n|win|p0x131c29e", "uploadtime": 1783541156, "views": 0, "rating": 0, "private": 0, "password": null, "_winner": "p0x131c29e", "_our_name": "p0x131c29e"}