{"id": "battle-gen9randombattle-159", "formatid": "gen9randombattle", "format": "[Gen 9] Random Battle", "players": ["p0x1592ee6", "p0y159aa50"], "log": "|init|battle\n|title|p0x1592ee6 vs. p0y159aa50\n|j|\u2606p0x1592ee6\n|j|\u2606p0y159aa50\n|t:|1783535090\n|gametype|singles\n|player|p1|p0x1592ee6|169|\n|player|p2|p0y159aa50|170|\n|gen|9\n|tier|[Gen 9] Random Battle\n|rule|Species Clause: Limit one of each Pok\u00e9mon\n|rule|HP Percentage Mod: HP is shown in percentages\n|rule|Sleep Clause Mod: Limit one foe put to sleep\n|rule|Illusion Level Mod: Illusion disguises the Pok\u00e9mon's true level\n|\n|t:|1783535090\n|teamsize|p1|6\n|teamsize|p2|6\n|start\n|switch|p1a: Indeedee|Indeedee, L84, M|100/100\n|switch|p2a: Thundurus|Thundurus-Therian, L80, M|258/258\n|-fieldstart|move: Psychic Terrain|[from] ability: Psychic Surge|[of] p1a: Indeedee\n|turn|1\n|inactive|Battle timer is ON: inactive players will automatically lose when time's up. (requested by p0y159aa50)\n|inactive|p0x1592ee6 also wants the timer to be on.\n|\n|t:|1783535092\n|switch|p2a: Spiritomb|Spiritomb, L89, F|234/234\n|move|p1a: Indeedee|Expanding Force|p2a: Spiritomb\n|-immune|p2a: Spiritomb\n|\n|upkeep\n|turn|2\n|inactive|Time left: 300 sec this turn | 300 sec total\n|\n|t:|1783535093\n|move|p1a: Indeedee|Expanding Force|p2a: Spiritomb\n|-immune|p2a: Spiritomb\n|move|p2a: Spiritomb|Foul Play|p1a: Indeedee\n|-supereffective|p1a: Indeedee\n|-damage|p1a: Indeedee|32/100\n|\n|upkeep\n|turn|3\n|inactive|Time left: 300 sec this turn | 300 sec total\n|\n|t:|1783535094\n|move|p1a: Indeedee|Expanding Force|p2a: Spiritomb\n|-immune|p2a: Spiritomb\n|move|p2a: Spiritomb|Foul Play|p1a: Indeedee\n|-supereffective|p1a: Indeedee\n|-damage|p1a: Indeedee|0 fnt\n|faint|p1a: Indeedee\n|\n|upkeep\n|\n|t:|1783535095\n|switch|p1a: Inteleon|Inteleon, L81, M|100/100\n|turn|4\n|inactive|Time left: 300 sec this turn | 300 sec total\n|\n|t:|1783535096\n|move|p1a: Inteleon|Scald|p2a: Spiritomb\n|-damage|p2a: Spiritomb|111/234\n|-status|p2a: Spiritomb|brn\n|move|p2a: Spiritomb|Foul Play|p1a: Inteleon\n|-damage|p1a: Inteleon|75/100\n|\n|-heal|p2a: Spiritomb|125/234 brn|[from] item: Leftovers\n|-damage|p2a: Spiritomb|111/234 brn|[from] brn\n|upkeep\n|turn|5\n|inactive|Time left: 300 sec this turn | 300 sec total\n|\n|t:|1783535097\n|move|p1a: Inteleon|Scald|p2a: Spiritomb\n|-damage|p2a: Spiritomb|0 fnt\n|faint|p2a: Spiritomb\n|\n|-fieldend|move: Psychic Terrain\n|upkeep\n|inactive|Time left: 300 sec this turn | 300 sec total | 5 sec grace\n|\n|t:|1783535098\n|switch|p2a: Thundurus|Thundurus-Therian, L80, M|258/258\n|turn|6\n|inactive|Time left: 300 sec this turn | 300 sec total\n|\n|t:|1783535100\n|move|p2a: Thundurus|Thunderbolt|p1a: Inteleon\n|-supereffective|p1a: Inteleon\n|-damage|p1a: Inteleon|0 fnt\n|faint|p1a: Inteleon\n|\n|upkeep\n|\n|t:|1783535101\n|switch|p1a: Golurk|Golurk, L87|100/100\n|turn|7\n|inactive|Time left: 300 sec this turn | 300 sec total\n|\n|t:|1783535102\n|move|p2a: Thundurus|Thunderbolt|p1a: Golurk\n|-immune|p1a: Golurk\n|move|p1a: Golurk|Poltergeist|p2a: Thundurus\n|-activate|p2a: Thundurus|move: Poltergeist|Choice Scarf\n|-damage|p2a: Thundurus|0 fnt\n|faint|p2a: Thundurus\n|\n|upkeep\n|inactive|Time left: 300 sec this turn | 300 sec total | 5 sec grace\n|\n|t:|1783535103\n|switch|p2a: Kingdra|Kingdra, L84, M|263/263\n|turn|8\n|inactive|Time left: 300 sec this turn | 300 sec total\n|\n|t:|1783535104\n|move|p2a: Kingdra|Wave Crash|p1a: Golurk\n|-supereffective|p1a: Golurk\n|-damage|p1a: Golurk|0 fnt\n|faint|p1a: Golurk\n|-damage|p2a: Kingdra|165/263|[from] Recoil\n|-damage|p2a: Kingdra|139/263|[from] item: Life Orb\n|\n|upkeep\n|\n|t:|1783535105\n|switch|p1a: Uxie|Uxie, L83|100/100\n|turn|9\n|inactive|Time left: 300 sec this turn | 300 sec total\n|\n|t:|1783535106\n|switch|p2a: Arceus|Arceus-Fire, L72|291/291\n|move|p1a: Uxie|Knock Off|p2a: Arceus\n|-crit|p2a: Arceus\n|-damage|p2a: Arceus|239/291\n|\n|upkeep\n|turn|10\n|inactive|Time left: 300 sec this turn | 300 sec total\n|\n|t:|1783535107\n|move|p2a: Arceus|Calm Mind|p2a: Arceus\n|-boost|p2a: Arceus|spa|1\n|-boost|p2a: Arceus|spd|1\n|move|p1a: Uxie|U-turn|p2a: Arceus\n|-resisted|p2a: Arceus\n|-damage|p2a: Arceus|221/291\n|\n|t:|1783535108\n|switch|p1a: Kommo-o|Kommo-o, L77, M|100/100|[from] U-turn\n|\n|upkeep\n|turn|11\n|inactive|Time left: 300 sec this turn | 300 sec total\n|\n|t:|1783535109\n|move|p2a: Arceus|Calm Mind|p2a: Arceus\n|-boost|p2a: Arceus|spa|1\n|-boost|p2a: Arceus|spd|1\n|move|p1a: Kommo-o|Clangorous Soul|p1a: Kommo-o\n|-boost|p1a: Kommo-o|atk|1\n|-boost|p1a: Kommo-o|def|1\n|-boost|p1a: Kommo-o|spa|1\n|-boost|p1a: Kommo-o|spd|1\n|-boost|p1a: Kommo-o|spe|1\n|-damage|p1a: Kommo-o|68/100\n|-enditem|p1a: Kommo-o|Throat Spray\n|-boost|p1a: Kommo-o|spa|1|[from] item: Throat Spray\n|\n|upkeep\n|turn|12\n|inactive|Time left: 300 sec this turn | 300 sec total\n|\n|t:|1783535110\n|move|p1a: Kommo-o|Drain Punch|p2a: Arceus\n|-damage|p2a: Arceus|124/291\n|-heal|p1a: Kommo-o|88/100|[from] drain|[of] p2a: Arceus\n|move|p2a: Arceus|Recover|p2a: Arceus\n|-heal|p2a: Arceus|270/291\n|\n|upkeep\n|turn|13\n|inactive|Time left: 300 sec this turn | 300 sec total\n|\n|t:|1783535111\n|move|p1a: Kommo-o|Clangorous Soul|p1a: Kommo-o\n|-boost|p1a: Kommo-o|atk|1\n|-boost|p1a: Kommo-o|def|1\n|-boost|p1a: Kommo-o|spa|1\n|-boost|p1a: Kommo-o|spd|1\n|-boost|p1a: Kommo-o|spe|1\n|-damage|p1a: Kommo-o|55/100\n|move|p2a: Arceus|Judgment|p1a: Kommo-o\n|-resisted|p1a: Kommo-o\n|-damage|p1a: Kommo-o|33/100\n|\n|upkeep\n|turn|14\n|inactive|Time left: 300 sec this turn | 300 sec total\n|\n|t:|1783535112\n|move|p1a: Kommo-o|Drain Punch|p2a: Arceus\n|-damage|p2a: Arceus|131/291\n|-heal|p1a: Kommo-o|62/100|[from] drain|[of] p2a: Arceus\n|move|p2a: Arceus|Recover|p2a: Arceus\n|-heal|p2a: Arceus|277/291\n|\n|upkeep\n|turn|15\n|inactive|Time left: 300 sec this turn | 300 sec total\n|\n|t:|1783535113\n|move|p1a: Kommo-o|Drain Punch|p2a: Arceus\n|-damage|p2a: Arceus|145/291\n|-heal|p1a: Kommo-o|89/100|[from] drain|[of] p2a: Arceus\n|move|p2a: Arceus|Recover|p2a: Arceus\n|-heal|p2a: Arceus|291/291\n|\n|upkeep\n|turn|16\n|inactive|Time left: 300 sec this turn | 300 sec total\n|\n|t:|1783535114\n|move|p1a: Kommo-o|Drain Punch|p2a: Arceus\n|-damage|p2a: Arceus|149/291\n|-heal|p1a: Kommo-o|100/100|[from] drain|[of] p2a: Arceus\n|move|p2a: Arceus|Recover|p2a: Arceus\n|-heal|p2a: Arceus|291/291\n|\n|upkeep\n|turn|17\n|inactive|Time left: 300 sec this turn | 300 sec total\n|\n|t:|1783535115\n|move|p1a: Kommo-o|Clangorous Soul|p1a: Kommo-o\n|-boost|p1a: Kommo-o|atk|1\n|-boost|p1a: Kommo-o|def|1\n|-boost|p1a: Kommo-o|spa|1\n|-boost|p1a: Kommo-o|spd|1\n|-boost|p1a: Kommo-o|spe|1\n|-damage|p1a: Kommo-o|68/100\n|move|p2a: Arceus|Recover||[still]\n|-fail|p2a: Arceus|heal\n|\n|upkeep\n|turn|18\n|inactive|Time left: 300 sec this turn | 300 sec total\n|\n|t:|1783535116\n|move|p1a: Kommo-o|Drain Punch|p2a: Arceus\n|-damage|p2a: Arceus|120/291\n|-heal|p1a: Kommo-o|100/100|[from] drain|[of] p2a: Arceus\n|move|p2a: Arceus|Recover|p2a: Arceus\n|-heal|p2a: Arceus|266/291\n|\n|upkeep\n|turn|19\n|inactive|Time left: 300 sec this turn | 300 sec total\n|\n|t:|1783535117\n|move|p1a: Kommo-o|Drain Punch|p2a: Arceus\n|-damage|p2a: Arceus|101/291\n|move|p2a: Arceus|Recover|p2a: Arceus\n|-heal|p2a: Arceus|247/291\n|\n|upkeep\n|turn|20\n|inactive|Time left: 300 sec this turn | 300 sec total\n|\n|t:|1783535118\n|move|p1a: Kommo-o|Drain Punch|p2a: Arceus\n|-damage|p2a: Arceus|73/291\n|move|p2a: Arceus|Recover|p2a: Arceus\n|-heal|p2a: Arceus|219/291\n|\n|upkeep\n|turn|21\n|inactive|Time left: 300 sec this turn | 300 sec total\n|\n|t:|1783535118\n|move|p1a: Kommo-o|Drain Punch|p2a: Arceus\n|-damage|p2a: Arceus|54/291\n|move|p2a: Arceus|Energy Ball|p1a: Kommo-o\n|-resisted|p1a: Kommo-o\n|-damage|p1a: Kommo-o|91/100\n|\n|upkeep\n|turn|22\n|inactive|Time left: 300 sec this turn | 300 sec total\n|\n|t:|1783535120\n|move|p1a: Kommo-o|Boomburst|p2a: Arceus\n|-damage|p2a: Arceus|0 fnt\n|faint|p2a: Arceus\n|\n|upkeep\n|inactive|Time left: 300 sec this turn | 300 sec total | 5 sec grace\n|\n|t:|1783535120\n|switch|p2a: Muk|Muk, L86, F|321/321\n|turn|23\n|inactive|Time left: 300 sec this turn | 300 sec total\n|\n|t:|1783535121\n|move|p1a: Kommo-o|Clanging Scales|p2a: Muk\n|-damage|p2a: Muk|153/321\n|-unboost|p1a: Kommo-o|def|1\n|move|p2a: Muk|Poison Jab|p1a: Kommo-o\n|-damage|p1a: Kommo-o|74/100\n|\n|upkeep\n|turn|24\n|inactive|Time left: 300 sec this turn | 300 sec total\n|\n|t:|1783535123\n|move|p1a: Kommo-o|Clanging Scales|p2a: Muk\n|-damage|p2a: Muk|0 fnt\n|faint|p2a: Muk\n|-unboost|p1a: Kommo-o|def|1\n|\n|upkeep\n|inactive|Time left: 300 sec this turn | 300 sec total | 5 sec grace\n|\n|t:|1783535124\n|switch|p2a: Kingdra|Kingdra, L84, M|139/263\n|turn|25\n|inactive|Time left: 300 sec this turn | 300 sec total\n|\n|t:|1783535125\n|move|p1a: Kommo-o|Clanging Scales|p2a: Kingdra\n|-supereffective|p2a: Kingdra\n|-damage|p2a: Kingdra|0 fnt\n|faint|p2a: Kingdra\n|-unboost|p1a: Kommo-o|def|1\n|\n|upkeep\n|inactive|Time left: 300 sec this turn | 300 sec total | 5 sec grace\n|\n|t:|1783535125\n|switch|p2a: Calyrex|Calyrex-Shadow, L64|235/235\n|-ability|p2a: Calyrex|As One\n|-ability|p2a: Calyrex|Unnerve\n|turn|26\n|inactive|Time left: 300 sec this turn | 300 sec total\n|\n|t:|1783535126\n|-terastallize|p1a: Kommo-o|Normal\n|move|p1a: Kommo-o|Clanging Scales|p2a: Calyrex\n|-damage|p2a: Calyrex|0 fnt\n|faint|p2a: Calyrex\n|\n|win|p0x1592ee6", "uploadtime": 1783535126, "views": 0, "rating": 0, "private": 0, "password": null, "_winner": "p0x1592ee6", "_our_name": "p0y159aa50"}