{"id": "battle-gen9randombattle-2765", "formatid": "gen9randombattle", "format": "[Gen 9] Random Battle", "players": ["p0x2765374f", "p0y2765d87b"], "log": "|init|battle\n|title|p0x2765374f vs. p0y2765d87b\n|j|\u2606p0x2765374f\n|j|\u2606p0y2765d87b\n|t:|1783570868\n|gametype|singles\n|player|p1|p0x2765374f|101|\n|player|p2|p0y2765d87b|169|\n|gen|9\n|tier|[Gen 9] Random Battle\n|rule|Species Clause: Limit one of each Pok\u00e9mon\n|rule|HP Percentage Mod: HP is shown in percentages\n|rule|Sleep Clause Mod: Limit one foe put to sleep\n|rule|Illusion Level Mod: Illusion disguises the Pok\u00e9mon's true level\n|\n|t:|1783570868\n|teamsize|p1|6\n|teamsize|p2|6\n|start\n|switch|p1a: Dodrio|Dodrio, L85, F|100/100\n|switch|p2a: Bronzong|Bronzong, L88|261/261\n|turn|1\n|inactive|Battle timer is ON: inactive players will automatically lose when time's up. (requested by p0x2765374f)\n|inactive|Time left: 300 sec this turn | 300 sec total | 60 sec grace\n|inactive|p0y2765d87b also wants the timer to be on.\n|\n|t:|1783570870\n|move|p1a: Dodrio|Knock Off|p2a: Bronzong\n|-supereffective|p2a: Bronzong\n|-damage|p2a: Bronzong|65/261\n|-enditem|p2a: Bronzong|Leftovers|[from] move: Knock Off|[of] p1a: Dodrio\n|move|p2a: Bronzong|Stealth Rock|p1a: Dodrio\n|-sidestart|p1: p0x2765374f|move: Stealth Rock\n|\n|upkeep\n|turn|2\n|inactive|Time left: 300 sec this turn | 300 sec total\n|\n|t:|1783570871\n|switch|p2a: Hippowdon|Hippowdon, L82, M|311/311\n|-weather|Sandstorm|[from] ability: Sand Stream|[of] p2a: Hippowdon\n|move|p1a: Dodrio|Knock Off|p2a: Hippowdon\n|-damage|p2a: Hippowdon|222/311\n|-enditem|p2a: Hippowdon|Leftovers|[from] move: Knock Off|[of] p1a: Dodrio\n|\n|-weather|Sandstorm|[upkeep]\n|-damage|p1a: Dodrio|94/100|[from] Sandstorm\n|upkeep\n|turn|3\n|inactive|Time left: 300 sec this turn | 300 sec total\n|\n|t:|1783570872\n|move|p1a: Dodrio|Knock Off|p2a: Hippowdon\n|-damage|p2a: Hippowdon|153/311\n|move|p2a: Hippowdon|Stone Edge|p1a: Dodrio\n|-supereffective|p1a: Dodrio\n|-crit|p1a: Dodrio\n|-damage|p1a: Dodrio|0 fnt\n|faint|p1a: Dodrio\n|\n|-weather|Sandstorm|[upkeep]\n|upkeep\n|\n|t:|1783570873\n|switch|p1a: Uxie|Uxie, L83|100/100\n|-damage|p1a: Uxie|88/100|[from] Stealth Rock\n|turn|4\n|inactive|Time left: 300 sec this turn | 300 sec total\n|\n|t:|1783570874\n|move|p1a: Uxie|Stealth Rock|p2a: Hippowdon\n|-sidestart|p2: p0y2765d87b|move: Stealth Rock\n|move|p2a: Hippowdon|Slack Off|p2a: Hippowdon\n|-heal|p2a: Hippowdon|309/311\n|\n|-weather|Sandstorm|[upkeep]\n|-damage|p1a: Uxie|82/100|[from] Sandstorm\n|-heal|p1a: Uxie|88/100|[from] item: Leftovers\n|upkeep\n|turn|5\n|inactive|Time left: 300 sec this turn | 300 sec total\n|\n|t:|1783570875\n|move|p1a: Uxie|Psychic Noise|p2a: Hippowdon\n|-damage|p2a: Hippowdon|237/311\n|-start|p2a: Hippowdon|move: Heal Block\n|move|p2a: Hippowdon|Stone Edge|p1a: Uxie\n|-damage|p1a: Uxie|65/100\n|\n|-weather|Sandstorm|[upkeep]\n|-damage|p1a: Uxie|59/100|[from] Sandstorm\n|-heal|p1a: Uxie|65/100|[from] item: Leftovers\n|upkeep\n|turn|6\n|inactive|Time left: 300 sec this turn | 300 sec total\n|\n|t:|1783570876\n|move|p1a: Uxie|Psychic Noise|p2a: Hippowdon\n|-damage|p2a: Hippowdon|165/311\n|move|p2a: Hippowdon|Curse|p2a: Hippowdon\n|-unboost|p2a: Hippowdon|spe|1\n|-boost|p2a: Hippowdon|atk|1\n|-boost|p2a: Hippowdon|def|1\n|\n|-weather|none\n|-heal|p1a: Uxie|71/100|[from] item: Leftovers\n|-end|p2a: Hippowdon|move: Heal Block\n|upkeep\n|turn|7\n|inactive|Time left: 300 sec this turn | 300 sec total\n|\n|t:|1783570877\n|move|p1a: Uxie|Psychic Noise|p2a: Hippowdon\n|-crit|p2a: Hippowdon\n|-damage|p2a: Hippowdon|45/311\n|-start|p2a: Hippowdon|move: Heal Block\n|move|p2a: Hippowdon|Stone Edge|p1a: Uxie\n|-damage|p1a: Uxie|40/100\n|\n|-heal|p1a: Uxie|46/100|[from] item: Leftovers\n|upkeep\n|turn|8\n|inactive|Time left: 300 sec this turn | 300 sec total\n|\n|t:|1783570878\n|move|p1a: Uxie|Psychic Noise|p2a: Hippowdon\n|-damage|p2a: Hippowdon|0 fnt\n|faint|p2a: Hippowdon\n|\n|-heal|p1a: Uxie|52/100|[from] item: Leftovers\n|upkeep\n|inactive|Time left: 300 sec this turn | 300 sec total | 5 sec grace\n|\n|t:|1783570879\n|switch|p2a: Lurantis|Lurantis, L87, F|264/264\n|-damage|p2a: Lurantis|231/264|[from] Stealth Rock\n|turn|9\n|inactive|Time left: 300 sec this turn | 300 sec total\n|\n|t:|1783570880\n|move|p1a: Uxie|Knock Off|p2a: Lurantis\n|-damage|p2a: Lurantis|175/264\n|-enditem|p2a: Lurantis|Assault Vest|[from] move: Knock Off|[of] p1a: Uxie\n|move|p2a: Lurantis|Superpower|p1a: Uxie\n|-resisted|p1a: Uxie\n|-damage|p1a: Uxie|39/100\n|-boost|p2a: Lurantis|atk|1\n|-boost|p2a: Lurantis|def|1\n|\n|-heal|p1a: Uxie|45/100|[from] item: Leftovers\n|upkeep\n|turn|10\n|inactive|Time left: 300 sec this turn | 300 sec total\n|\n|t:|1783570881\n|move|p1a: Uxie|Psychic Noise|p2a: Lurantis\n|-damage|p2a: Lurantis|109/264\n|-start|p2a: Lurantis|move: Heal Block\n|move|p2a: Lurantis|Knock Off|p1a: Uxie\n|-supereffective|p1a: Uxie\n|-damage|p1a: Uxie|0 fnt\n|-enditem|p1a: Uxie|Leftovers|[from] move: Knock Off|[of] p2a: Lurantis\n|faint|p1a: Uxie\n|\n|upkeep\n|\n|t:|1783570881\n|switch|p1a: Sneasler|Sneasler, L74, M|100/100\n|-damage|p1a: Sneasler|94/100|[from] Stealth Rock\n|turn|11\n|inactive|Time left: 300 sec this turn | 300 sec total\n|\n|t:|1783570882\n|move|p1a: Sneasler|Dire Claw|p2a: Lurantis\n|-supereffective|p2a: Lurantis\n|-damage|p2a: Lurantis|0 fnt\n|faint|p2a: Lurantis\n|\n|upkeep\n|inactive|Time left: 300 sec this turn | 300 sec total | 5 sec grace\n|\n|t:|1783570883\n|switch|p2a: Polteageist|Polteageist-Antique, L78|222/222\n|-damage|p2a: Polteageist|195/222|[from] Stealth Rock\n|turn|12\n|inactive|Time left: 300 sec this turn | 300 sec total\n|\n|t:|1783570884\n|move|p1a: Sneasler|Dire Claw|p2a: Polteageist\n|-resisted|p2a: Polteageist\n|-damage|p2a: Polteageist|111/222\n|-status|p2a: Polteageist|psn|[from] ability: Poison Touch|[of] p1a: Sneasler\n|move|p2a: Polteageist|Shell Smash|p2a: Polteageist\n|-unboost|p2a: Polteageist|def|1\n|-unboost|p2a: Polteageist|spd|1\n|-boost|p2a: Polteageist|atk|2\n|-boost|p2a: Polteageist|spa|2\n|-boost|p2a: Polteageist|spe|2\n|-enditem|p2a: Polteageist|White Herb\n|-clearnegativeboost|p2a: Polteageist|[silent]\n|\n|-damage|p2a: Polteageist|84/222 psn|[from] psn\n|upkeep\n|turn|13\n|inactive|Time left: 300 sec this turn | 300 sec total\n|\n|t:|1783570885\n|-terastallize|p1a: Sneasler|Dark\n|move|p2a: Polteageist|Strength Sap|p1a: Sneasler\n|-unboost|p1a: Sneasler|atk|1\n|-heal|p2a: Polteageist|222/222 psn\n|move|p1a: Sneasler|Dire Claw|p2a: Polteageist\n|-resisted|p2a: Polteageist\n|-damage|p2a: Polteageist|168/222 psn\n|-start|p1a: Sneasler|Disable|Dire Claw|[from] ability: Cursed Body|[of] p2a: Polteageist\n|\n|-damage|p2a: Polteageist|141/222 psn|[from] psn\n|upkeep\n|turn|14\n|inactive|Time left: 300 sec this turn | 300 sec total\n|\n|t:|1783570886\n|switch|p1a: Qwilfish|Qwilfish-Hisui, L83, M|100/100\n|-damage|p1a: Qwilfish|88/100|[from] Stealth Rock\n|-ability|p1a: Qwilfish|Intimidate|boost\n|-unboost|p2a: Polteageist|atk|1\n|move|p2a: Polteageist|Strength Sap|p1a: Qwilfish\n|-unboost|p1a: Qwilfish|atk|1\n|-heal|p2a: Polteageist|222/222 psn\n|\n|-damage|p2a: Polteageist|195/222 psn|[from] psn\n|upkeep\n|turn|15\n|inactive|Time left: 300 sec this turn | 300 sec total\n|\n|t:|1783570887\n|-terastallize|p2a: Polteageist|Fighting\n|move|p2a: Polteageist|Tera Blast|p1a: Qwilfish|[anim] Tera Blast Fighting\n|-damage|p1a: Qwilfish|8/100\n|move|p1a: Qwilfish|Crunch|p2a: Polteageist\n|-resisted|p2a: Polteageist\n|-damage|p2a: Polteageist|161/222 psn\n|\n|-damage|p2a: Polteageist|134/222 psn|[from] psn\n|upkeep\n|turn|16\n|inactive|Time left: 300 sec this turn | 300 sec total\n|\n|t:|1783570888\n|move|p2a: Polteageist|Tera Blast|p1a: Qwilfish|[anim] Tera Blast Fighting\n|-damage|p1a: Qwilfish|0 fnt\n|faint|p1a: Qwilfish\n|\n|-damage|p2a: Polteageist|107/222 psn|[from] psn\n|upkeep\n|\n|t:|1783570889\n|switch|p1a: Sandy Shocks|Sandy Shocks, L80|100/100\n|turn|17\n|inactive|Time left: 300 sec this turn | 300 sec total\n|\n|t:|1783570890\n|move|p2a: Polteageist|Strength Sap|p1a: Sandy Shocks\n|-unboost|p1a: Sandy Shocks|atk|1\n|-heal|p2a: Polteageist|222/222 psn\n|move|p1a: Sandy Shocks|Thunderbolt|p2a: Polteageist\n|-damage|p2a: Polteageist|137/222 psn\n|\n|-damage|p2a: Polteageist|110/222 psn|[from] psn\n|upkeep\n|turn|18\n|inactive|Time left: 300 sec this turn | 300 sec total\n|\n|t:|1783570891\n|move|p2a: Polteageist|Strength Sap|p1a: Sandy Shocks\n|-unboost|p1a: Sandy Shocks|atk|1\n|-heal|p2a: Polteageist|199/222 psn\n|move|p1a: Sandy Shocks|Thunderbolt|p2a: Polteageist\n|-damage|p2a: Polteageist|109/222 psn\n|-start|p1a: Sandy Shocks|Disable|Thunderbolt|[from] ability: Cursed Body|[of] p2a: Polteageist\n|\n|-damage|p2a: Polteageist|82/222 psn|[from] psn\n|upkeep\n|turn|19\n|inactive|Time left: 300 sec this turn | 300 sec total\n|\n|t:|1783570891\n|move|p2a: Polteageist|Strength Sap|p1a: Sandy Shocks\n|-unboost|p1a: Sandy Shocks|atk|1\n|-heal|p2a: Polteageist|149/222 psn\n|move|p1a: Sandy Shocks|Earth Power|p2a: Polteageist\n|-damage|p2a: Polteageist|50/222 psn\n|\n|-damage|p2a: Polteageist|23/222 psn|[from] psn\n|upkeep\n|turn|20\n|inactive|Time left: 300 sec this turn | 300 sec total\n|\n|t:|1783570893\n|move|p2a: Polteageist|Strength Sap|p1a: Sandy Shocks\n|-unboost|p1a: Sandy Shocks|atk|1\n|-heal|p2a: Polteageist|76/222 psn\n|move|p1a: Sandy Shocks|Volt Switch|p2a: Polteageist\n|-damage|p2a: Polteageist|4/222 psn\n|\n|t:|1783570893\n|-end|p1a: Sandy Shocks|Protosynthesis|[silent]\n|switch|p1a: Sneasler|Sneasler, L74, M, tera:Dark|94/100|[from] Volt Switch\n|-damage|p1a: Sneasler|82/100|[from] Stealth Rock\n|\n|-damage|p2a: Polteageist|0 fnt|[from] psn\n|faint|p2a: Polteageist\n|upkeep\n|inactive|Time left: 300 sec this turn | 300 sec total | 10 sec grace\n|\n|t:|1783570894\n|switch|p2a: Reshiram|Reshiram, L76|277/277\n|-ability|p2a: Reshiram|Turboblaze\n|turn|21\n|inactive|Time left: 300 sec this turn | 300 sec total\n|\n|t:|1783570895\n|move|p1a: Sneasler|Dire Claw|p2a: Reshiram\n|-damage|p2a: Reshiram|154/277\n|move|p2a: Reshiram|Dragon Dance|p2a: Reshiram\n|-boost|p2a: Reshiram|atk|1\n|-boost|p2a: Reshiram|spe|1\n|\n|upkeep\n|turn|22\n|inactive|Time left: 300 sec this turn | 300 sec total\n|\n|t:|1783570896\n|move|p2a: Reshiram|Flare Blitz|p1a: Sneasler\n|-damage|p1a: Sneasler|0 fnt\n|faint|p1a: Sneasler\n|-damage|p2a: Reshiram|90/277|[from] Recoil\n|\n|upkeep\n|\n|t:|1783570897\n|switch|p1a: Sandy Shocks|Sandy Shocks, L80|100/100\n|turn|23\n|inactive|Time left: 300 sec this turn | 300 sec total\n|\n|t:|1783570898\n|move|p2a: Reshiram|Outrage|p1a: Sandy Shocks\n|-damage|p1a: Sandy Shocks|32/100\n|move|p1a: Sandy Shocks|Earth Power|p2a: Reshiram\n|-supereffective|p2a: Reshiram\n|-damage|p2a: Reshiram|0 fnt\n|faint|p2a: Reshiram\n|\n|upkeep\n|inactive|Time left: 300 sec this turn | 300 sec total | 5 sec grace\n|\n|t:|1783570900\n|switch|p2a: Tinkaton|Tinkaton, L82, F|274/274\n|-damage|p2a: Tinkaton|257/274|[from] Stealth Rock\n|-ability|p2a: Tinkaton|Mold Breaker\n|turn|24\n|inactive|Time left: 300 sec this turn | 300 sec total\n|\n|t:|1783570901\n|switch|p2a: Bronzong|Bronzong, L88|65/261\n|-damage|p2a: Bronzong|49/261|[from] Stealth Rock\n|move|p1a: Sandy Shocks|Earth Power|p2a: Bronzong\n|-immune|p2a: Bronzong|[from] ability: Levitate\n|\n|upkeep\n|turn|25\n|inactive|Time left: 300 sec this turn | 300 sec total\n|\n|t:|1783570902\n|switch|p2a: Tinkaton|Tinkaton, L82, F|257/274\n|-damage|p2a: Tinkaton|240/274|[from] Stealth Rock\n|-ability|p2a: Tinkaton|Mold Breaker\n|move|p1a: Sandy Shocks|Thunderbolt|p2a: Tinkaton\n|-damage|p2a: Tinkaton|137/274\n|\n|-heal|p2a: Tinkaton|154/274|[from] item: Leftovers\n|upkeep\n|turn|26\n|inactive|Time left: 300 sec this turn | 300 sec total\n|\n|t:|1783570903\n|switch|p2a: Bronzong|Bronzong, L88|49/261\n|-damage|p2a: Bronzong|33/261|[from] Stealth Rock\n|move|p1a: Sandy Shocks|Earth Power|p2a: Bronzong\n|-immune|p2a: Bronzong|[from] ability: Levitate\n|\n|upkeep\n|turn|27\n|inactive|Time left: 300 sec this turn | 300 sec total\n|\n|t:|1783570904\n|switch|p2a: Tinkaton|Tinkaton, L82, F|154/274\n|-damage|p2a: Tinkaton|137/274|[from] Stealth Rock\n|-ability|p2a: Tinkaton|Mold Breaker\n|move|p1a: Sandy Shocks|Thunderbolt|p2a: Tinkaton\n|-damage|p2a: Tinkaton|43/274\n|\n|-heal|p2a: Tinkaton|60/274|[from] item: Leftovers\n|upkeep\n|turn|28\n|inactive|Time left: 300 sec this turn | 300 sec total\n|\n|t:|1783570905\n|switch|p2a: Bronzong|Bronzong, L88|33/261\n|-damage|p2a: Bronzong|17/261|[from] Stealth Rock\n|move|p1a: Sandy Shocks|Volt Switch|p2a: Bronzong\n|-damage|p2a: Bronzong|0 fnt\n|faint|p2a: Bronzong\n|\n|t:|1783570906\n|-end|p1a: Sandy Shocks|Protosynthesis|[silent]\n|switch|p1a: Haxorus|Haxorus, L77, F|100/100|[from] Volt Switch\n|-damage|p1a: Haxorus|88/100|[from] Stealth Rock\n|-ability|p1a: Haxorus|Mold Breaker\n|\n|upkeep\n|inactive|Time left: 300 sec this turn | 300 sec total | 10 sec grace\n|\n|t:|1783570906\n|switch|p2a: Tinkaton|Tinkaton, L82, F|60/274\n|-damage|p2a: Tinkaton|43/274|[from] Stealth Rock\n|-ability|p2a: Tinkaton|Mold Breaker\n|turn|29\n|inactive|Time left: 300 sec this turn | 300 sec total\n|\n|t:|1783570907\n|move|p2a: Tinkaton|Play Rough|p1a: Haxorus\n|-supereffective|p1a: Haxorus\n|-damage|p1a: Haxorus|21/100\n|move|p1a: Haxorus|Close Combat|p2a: Tinkaton\n|-damage|p2a: Tinkaton|0 fnt\n|-unboost|p1a: Haxorus|def|1\n|-unboost|p1a: Haxorus|spd|1\n|faint|p2a: Tinkaton\n|\n|win|p0x2765374f", "uploadtime": 1783570907, "views": 0, "rating": 0, "private": 0, "password": null, "_winner": "p0x2765374f", "_our_name": "p0y2765d87b"}