{"id": "battle-gen9randombattle-260", "formatid": "gen9randombattle", "format": "[Gen 9] Random Battle", "players": ["p0x2609291", "p0y2608297"], "log": "|init|battle\n|title|p0x2609291 vs. p0y2608297\n|j|\u2606p0x2609291\n|j|\u2606p0y2608297\n|t:|1783542102\n|gametype|singles\n|player|p1|p0x2609291|1|\n|player|p2|p0y2608297|266|\n|gen|9\n|tier|[Gen 9] Random Battle\n|rule|Species Clause: Limit one of each Pok\u00e9mon\n|rule|HP Percentage Mod: HP is shown in percentages\n|rule|Sleep Clause Mod: Limit one foe put to sleep\n|rule|Illusion Level Mod: Illusion disguises the Pok\u00e9mon's true level\n|\n|t:|1783542102\n|teamsize|p1|6\n|teamsize|p2|6\n|start\n|switch|p1a: Flamigo|Flamigo, L82, F|269/269\n|switch|p2a: Golduck|Golduck, L90, F|100/100\n|-ability|p2a: Golduck|Cloud Nine\n|turn|1\n|inactive|Battle timer is ON: inactive players will automatically lose when time's up. (requested by p0y2608297)\n|inactive|Time left: 300 sec this turn | 300 sec total | 60 sec grace\n|inactive|p0x2609291 also wants the timer to be on.\n|\n|t:|1783542104\n|switch|p1a: Bruxish|Bruxish, L85, M|254/254\n|move|p2a: Golduck|Hydro Pump|p1a: Bruxish\n|-resisted|p1a: Bruxish\n|-damage|p1a: Bruxish|137/254\n|\n|upkeep\n|turn|2\n|inactive|Time left: 300 sec this turn | 300 sec total\n|\n|t:|1783542105\n|move|p1a: Bruxish|Psychic Fangs|p2a: Golduck\n|-damage|p2a: Golduck|30/100\n|-damage|p1a: Bruxish|112/254|[from] item: Life Orb\n|move|p2a: Golduck|Hydro Pump|p1a: Bruxish\n|-resisted|p1a: Bruxish\n|-damage|p1a: Bruxish|1/254\n|\n|upkeep\n|turn|3\n|inactive|Time left: 300 sec this turn | 300 sec total\n|\n|t:|1783542106\n|move|p1a: Bruxish|Psychic Fangs|p2a: Golduck\n|-damage|p2a: Golduck|0 fnt\n|faint|p2a: Golduck\n|-damage|p1a: Bruxish|0 fnt|[from] item: Life Orb\n|faint|p1a: Bruxish\n|\n|upkeep\n|inactive|Time left: 300 sec this turn | 300 sec total | 5 sec grace\n|\n|t:|1783542107\n|switch|p1a: Terrakion|Terrakion, L79|273/273\n|switch|p2a: Jolteon|Jolteon, L84, F|100/100\n|turn|4\n|inactive|Time left: 300 sec this turn | 300 sec total\n|\n|t:|1783542108\n|move|p2a: Jolteon|Volt Switch|p1a: Terrakion\n|-crit|p1a: Terrakion\n|-damage|p1a: Terrakion|81/273\n|\n|t:|1783542110\n|switch|p2a: Dipplin|Dipplin, L88, F|100/100|[from] Volt Switch\n|move|p1a: Terrakion|Earthquake|p2a: Dipplin\n|-resisted|p2a: Dipplin\n|-damage|p2a: Dipplin|91/100\n|-damage|p1a: Terrakion|54/273|[from] item: Life Orb\n|\n|upkeep\n|turn|5\n|inactive|Time left: 300 sec this turn | 300 sec total\n|\n|t:|1783542111\n|move|p1a: Terrakion|Close Combat|p2a: Dipplin\n|-damage|p2a: Dipplin|55/100\n|-unboost|p1a: Terrakion|def|1\n|-unboost|p1a: Terrakion|spd|1\n|-damage|p1a: Terrakion|27/273|[from] item: Life Orb\n|move|p2a: Dipplin|Giga Drain|p1a: Terrakion\n|-supereffective|p1a: Terrakion\n|-crit|p1a: Terrakion\n|-damage|p1a: Terrakion|0 fnt\n|-heal|p2a: Dipplin|60/100|[from] drain|[of] p1a: Terrakion\n|faint|p1a: Terrakion\n|\n|upkeep\n|inactive|Time left: 300 sec this turn | 300 sec total | 5 sec grace\n|\n|t:|1783542112\n|switch|p1a: Munkidori|Munkidori, L79, M|269/269\n|turn|6\n|inactive|Time left: 300 sec this turn | 300 sec total\n|\n|t:|1783542113\n|switch|p2a: Overqwil|Overqwil, L82, F|100/100\n|-ability|p2a: Overqwil|Intimidate|boost\n|-unboost|p1a: Munkidori|atk|1\n|move|p1a: Munkidori|Psychic Noise|p2a: Overqwil\n|-immune|p2a: Overqwil\n|\n|upkeep\n|turn|7\n|inactive|Time left: 300 sec this turn | 300 sec total\n|\n|t:|1783542114\n|move|p1a: Munkidori|U-turn|p2a: Overqwil\n|-damage|p2a: Overqwil|92/100\n|inactive|Time left: 300 sec this turn | 300 sec total | 5 sec grace\n|\n|t:|1783542115\n|switch|p1a: Vespiquen|Vespiquen, L99, F|299/299|[from] U-turn\n|-ability|p1a: Vespiquen|Pressure\n|move|p2a: Overqwil|Swords Dance|p2a: Overqwil\n|-boost|p2a: Overqwil|atk|2\n|\n|upkeep\n|turn|8\n|inactive|Time left: 300 sec this turn | 300 sec total\n|\n|t:|1783542116\n|move|p2a: Overqwil|Crunch|p1a: Vespiquen\n|-damage|p1a: Vespiquen|154/299\n|move|p1a: Vespiquen|Air Slash|p2a: Overqwil\n|-damage|p2a: Overqwil|49/100\n|\n|upkeep\n|turn|9\n|inactive|Time left: 300 sec this turn | 300 sec total\n|\n|t:|1783542117\n|move|p2a: Overqwil|Crunch|p1a: Vespiquen\n|-damage|p1a: Vespiquen|22/299\n|move|p1a: Vespiquen|Air Slash|p2a: Overqwil\n|-damage|p2a: Overqwil|5/100\n|\n|upkeep\n|turn|10\n|inactive|Time left: 300 sec this turn | 300 sec total\n|\n|t:|1783542118\n|move|p2a: Overqwil|Scale Shot|p1a: Vespiquen\n|-damage|p1a: Vespiquen|0 fnt\n|faint|p1a: Vespiquen\n|-hitcount|p1: Vespiquen|1\n|-unboost|p2a: Overqwil|def|1\n|-boost|p2a: Overqwil|spe|1\n|\n|upkeep\n|inactive|Time left: 300 sec this turn | 300 sec total | 5 sec grace\n|\n|t:|1783542119\n|switch|p1a: Flamigo|Flamigo, L82, F|269/269\n|turn|11\n|inactive|Time left: 300 sec this turn | 300 sec total\n|\n|t:|1783542120\n|move|p1a: Flamigo|Brave Bird|p2a: Overqwil\n|-damage|p2a: Overqwil|0 fnt\n|faint|p2a: Overqwil\n|-damage|p1a: Flamigo|265/269|[from] Recoil\n|\n|upkeep\n|\n|t:|1783542121\n|switch|p2a: Jolteon|Jolteon, L84, F|100/100\n|turn|12\n|inactive|Time left: 300 sec this turn | 300 sec total\n|\n|t:|1783542122\n|switch|p1a: Sceptile|Sceptile, L87, M|264/264\n|move|p2a: Jolteon|Thunderbolt|p1a: Sceptile\n|-resisted|p1a: Sceptile\n|-damage|p1a: Sceptile|190/264\n|\n|upkeep\n|turn|13\n|inactive|Time left: 300 sec this turn | 300 sec total\n|\n|t:|1783542124\n|switch|p2a: Dipplin|Dipplin, L88, F|60/100\n|move|p1a: Sceptile|Swords Dance|p1a: Sceptile\n|-boost|p1a: Sceptile|atk|2\n|\n|upkeep\n|turn|14\n|inactive|Time left: 300 sec this turn | 300 sec total\n|\n|t:|1783542124\n|move|p1a: Sceptile|Swords Dance|p1a: Sceptile\n|-boost|p1a: Sceptile|atk|2\n|move|p2a: Dipplin|Dragon Pulse|p1a: Sceptile\n|-damage|p1a: Sceptile|93/264\n|\n|upkeep\n|turn|15\n|inactive|Time left: 300 sec this turn | 300 sec total\n|\n|t:|1783542126\n|move|p1a: Sceptile|Rock Slide|p2a: Dipplin\n|-damage|p2a: Dipplin|22/100\n|-damage|p1a: Sceptile|67/264|[from] item: Life Orb\n|move|p2a: Dipplin|Dragon Pulse|p1a: Sceptile\n|-damage|p1a: Sceptile|0 fnt\n|faint|p1a: Sceptile\n|\n|upkeep\n|inactive|Time left: 300 sec this turn | 300 sec total | 5 sec grace\n|\n|t:|1783542127\n|switch|p1a: Flamigo|Flamigo, L82, F|265/269\n|turn|16\n|inactive|Time left: 300 sec this turn | 300 sec total\n|\n|t:|1783542128\n|move|p1a: Flamigo|Close Combat|p2a: Dipplin\n|-damage|p2a: Dipplin|0 fnt\n|-unboost|p1a: Flamigo|def|1\n|-unboost|p1a: Flamigo|spd|1\n|faint|p2a: Dipplin\n|\n|upkeep\n|\n|t:|1783542129\n|switch|p2a: Jolteon|Jolteon, L84, F|100/100\n|turn|17\n|inactive|Time left: 300 sec this turn | 300 sec total\n|\n|t:|1783542130\n|-terastallize|p1a: Flamigo|Fighting\n|move|p1a: Flamigo|Close Combat|p2a: Jolteon\n|-damage|p2a: Jolteon|3/100\n|-unboost|p1a: Flamigo|def|1\n|-unboost|p1a: Flamigo|spd|1\n|move|p2a: Jolteon|Volt Switch|p1a: Flamigo\n|-damage|p1a: Flamigo|0 fnt\n|faint|p1a: Flamigo\n|\n|t:|1783542131\n|switch|p2a: Ting-Lu|Ting-Lu, L78|100/100|[from] Volt Switch\n|-ability|p2a: Ting-Lu|Vessel of Ruin\n|\n|upkeep\n|inactive|Time left: 300 sec this turn | 300 sec total | 10 sec grace\n|\n|t:|1783542132\n|switch|p1a: Munkidori|Munkidori, L79, M|269/269\n|turn|18\n|inactive|Time left: 300 sec this turn | 300 sec total\n|\n|t:|1783542133\n|-terastallize|p2a: Ting-Lu|Ghost\n|move|p1a: Munkidori|Fake Out|p2a: Ting-Lu\n|-immune|p2a: Ting-Lu\n|move|p2a: Ting-Lu|Earthquake|p1a: Munkidori\n|-supereffective|p1a: Munkidori\n|-damage|p1a: Munkidori|0 fnt\n|faint|p1a: Munkidori\n|\n|win|p0y2608297", "uploadtime": 1783542133, "views": 0, "rating": 0, "private": 0, "password": null, "_winner": "p0y2608297", "_our_name": "p0x2609291"}