{"id": "battle-gen9randombattle-96", "formatid": "gen9randombattle", "format": "[Gen 9] Random Battle", "players": ["p0x09655d3", "p0y0965b89"], "log": "|init|battle\n|title|p0x09655d3 vs. p0y0965b89\n|j|\u2606p0x09655d3\n|j|\u2606p0y0965b89\n|t:|1783534876\n|gametype|singles\n|player|p1|p0x09655d3|102|\n|player|p2|p0y0965b89|266|\n|gen|9\n|tier|[Gen 9] Random Battle\n|rule|Species Clause: Limit one of each Pok\u00e9mon\n|rule|HP Percentage Mod: HP is shown in percentages\n|rule|Sleep Clause Mod: Limit one foe put to sleep\n|rule|Illusion Level Mod: Illusion disguises the Pok\u00e9mon's true level\n|\n|t:|1783534876\n|teamsize|p1|6\n|teamsize|p2|6\n|start\n|switch|p1a: Minior|Minior-Violet, L79|224/224\n|switch|p2a: Glalie|Glalie, L96, M|100/100\n|-formechange|p1a: Minior|Minior-Meteor||[from] ability: Shields Down\n|turn|1\n|inactive|Battle timer is ON: inactive players will automatically lose when time's up. (requested by p0y0965b89)\n|inactive|Time left: 300 sec this turn | 300 sec total | 60 sec grace\n|inactive|p0x09655d3 also wants the timer to be on.\n|\n|t:|1783534878\n|move|p2a: Glalie|Freeze-Dry|p1a: Minior\n|-supereffective|p1a: Minior\n|-damage|p1a: Minior|74/224\n|move|p1a: Minior|Shell Smash|p1a: Minior\n|-unboost|p1a: Minior|def|1\n|-unboost|p1a: Minior|spd|1\n|-boost|p1a: Minior|atk|2\n|-boost|p1a: Minior|spa|2\n|-boost|p1a: Minior|spe|2\n|-enditem|p1a: Minior|White Herb\n|-clearnegativeboost|p1a: Minior|[silent]\n|\n|-formechange|p1a: Minior|Minior-Violet||[from] ability: Shields Down\n|upkeep\n|turn|2\n|inactive|Time left: 300 sec this turn | 300 sec total\n|\n|t:|1783534879\n|move|p1a: Minior|Power Gem|p2a: Glalie\n|-supereffective|p2a: Glalie\n|-damage|p2a: Glalie|1/100\n|move|p2a: Glalie|Freeze-Dry|p1a: Minior\n|-supereffective|p1a: Minior\n|-damage|p1a: Minior|0 fnt\n|faint|p1a: Minior\n|\n|upkeep\n|inactive|Time left: 300 sec this turn | 300 sec total | 5 sec grace\n|\n|t:|1783534880\n|switch|p1a: Porygon2|Porygon2, L81|270/270\n|-ability|p1a: Porygon2|Download|boost\n|-boost|p1a: Porygon2|spa|1\n|turn|3\n|inactive|Time left: 300 sec this turn | 300 sec total\n|\n|t:|1783534881\n|move|p2a: Glalie|Freeze-Dry|p1a: Porygon2\n|-damage|p1a: Porygon2|216/270\n|move|p1a: Porygon2|Discharge|p2a: Glalie\n|-damage|p2a: Glalie|0 fnt\n|faint|p2a: Glalie\n|\n|upkeep\n|\n|t:|1783534882\n|switch|p2a: Banette|Banette, L93, M|100/100\n|turn|4\n|inactive|Time left: 300 sec this turn | 300 sec total\n|\n|t:|1783534883\n|move|p2a: Banette|Swords Dance|p2a: Banette\n|-boost|p2a: Banette|atk|2\n|move|p1a: Porygon2|Discharge|p2a: Banette\n|-damage|p2a: Banette|62/100\n|-start|p1a: Porygon2|Disable|Discharge|[from] ability: Cursed Body|[of] p2a: Banette\n|\n|upkeep\n|turn|5\n|inactive|Time left: 300 sec this turn | 300 sec total\n|\n|t:|1783534884\n|move|p2a: Banette|Gunk Shot|p1a: Porygon2\n|-damage|p1a: Porygon2|0 fnt\n|faint|p1a: Porygon2\n|-damage|p2a: Banette|52/100|[from] item: Life Orb\n|\n|upkeep\n|inactive|Time left: 300 sec this turn | 300 sec total | 5 sec grace\n|\n|t:|1783534885\n|switch|p1a: Hydreigon|Hydreigon, L79, F|275/275\n|turn|6\n|inactive|Time left: 300 sec this turn | 300 sec total\n|\n|t:|1783534886\n|switch|p2a: Bisharp|Bisharp, L79, M|100/100\n|move|p1a: Hydreigon|Dark Pulse|p2a: Bisharp\n|-resisted|p2a: Bisharp\n|-damage|p2a: Bisharp|76/100\n|\n|upkeep\n|turn|7\n|inactive|Time left: 300 sec this turn | 300 sec total\n|\n|t:|1783534888\n|move|p1a: Hydreigon|Dark Pulse|p2a: Bisharp\n|-resisted|p2a: Bisharp\n|-damage|p2a: Bisharp|53/100\n|move|p2a: Bisharp|Stealth Rock|p1a: Hydreigon\n|-sidestart|p1: p0x09655d3|move: Stealth Rock\n|\n|upkeep\n|turn|8\n|inactive|Time left: 300 sec this turn | 300 sec total\n|\n|t:|1783534889\n|move|p1a: Hydreigon|Dark Pulse|p2a: Bisharp\n|-resisted|p2a: Bisharp\n|-damage|p2a: Bisharp|30/100\n|move|p2a: Bisharp|Iron Head|p1a: Hydreigon\n|-damage|p1a: Hydreigon|184/275\n|\n|upkeep\n|turn|9\n|inactive|Time left: 300 sec this turn | 300 sec total\n|\n|t:|1783534890\n|move|p1a: Hydreigon|Dark Pulse|p2a: Bisharp\n|-resisted|p2a: Bisharp\n|-damage|p2a: Bisharp|5/100\n|cant|p2a: Bisharp|flinch\n|\n|upkeep\n|turn|10\n|inactive|Time left: 300 sec this turn | 300 sec total\n|\n|t:|1783534891\n|move|p2a: Bisharp|Sucker Punch|p1a: Hydreigon\n|-resisted|p1a: Hydreigon\n|-damage|p1a: Hydreigon|144/275\n|move|p1a: Hydreigon|Dark Pulse|p2a: Bisharp\n|-resisted|p2a: Bisharp\n|-damage|p2a: Bisharp|0 fnt\n|faint|p2a: Bisharp\n|\n|upkeep\n|\n|t:|1783534892\n|switch|p2a: Arceus|Arceus-Ground, L70|100/100\n|turn|11\n|inactive|Time left: 300 sec this turn | 300 sec total\n|\n|t:|1783534893\n|move|p2a: Arceus|Dragon Dance|p2a: Arceus\n|-boost|p2a: Arceus|atk|1\n|-boost|p2a: Arceus|spe|1\n|move|p1a: Hydreigon|Dark Pulse|p2a: Arceus\n|-damage|p2a: Arceus|56/100\n|\n|upkeep\n|turn|12\n|inactive|Time left: 300 sec this turn | 300 sec total\n|\n|t:|1783534894\n|move|p2a: Arceus|Recover|p2a: Arceus\n|-heal|p2a: Arceus|100/100\n|move|p1a: Hydreigon|Dark Pulse|p2a: Arceus\n|-damage|p2a: Arceus|57/100\n|\n|upkeep\n|turn|13\n|inactive|Time left: 300 sec this turn | 300 sec total\n|\n|t:|1783534895\n|move|p2a: Arceus|Recover|p2a: Arceus\n|-heal|p2a: Arceus|100/100\n|move|p1a: Hydreigon|Dark Pulse|p2a: Arceus\n|-damage|p2a: Arceus|55/100\n|\n|upkeep\n|turn|14\n|inactive|Time left: 300 sec this turn | 300 sec total\n|\n|t:|1783534896\n|move|p2a: Arceus|Recover|p2a: Arceus\n|-heal|p2a: Arceus|100/100\n|move|p1a: Hydreigon|Dark Pulse|p2a: Arceus\n|-damage|p2a: Arceus|58/100\n|\n|upkeep\n|turn|15\n|inactive|Time left: 300 sec this turn | 300 sec total\n|\n|t:|1783534897\n|move|p2a: Arceus|Recover|p2a: Arceus\n|-heal|p2a: Arceus|100/100\n|move|p1a: Hydreigon|Dark Pulse|p2a: Arceus\n|-damage|p2a: Arceus|57/100\n|\n|upkeep\n|turn|16\n|inactive|Time left: 300 sec this turn | 300 sec total\n|\n|t:|1783534898\n|move|p2a: Arceus|Recover|p2a: Arceus\n|-heal|p2a: Arceus|100/100\n|move|p1a: Hydreigon|Dark Pulse|p2a: Arceus\n|-crit|p2a: Arceus\n|-damage|p2a: Arceus|35/100\n|\n|upkeep\n|turn|17\n|inactive|Time left: 300 sec this turn | 300 sec total\n|\n|t:|1783534899\n|move|p2a: Arceus|Recover|p2a: Arceus\n|-heal|p2a: Arceus|85/100\n|move|p1a: Hydreigon|Dark Pulse|p2a: Arceus\n|-damage|p2a: Arceus|40/100\n|\n|upkeep\n|turn|18\n|inactive|Time left: 300 sec this turn | 300 sec total\n|\n|t:|1783534900\n|move|p2a: Arceus|Recover|p2a: Arceus\n|-heal|p2a: Arceus|90/100\n|move|p1a: Hydreigon|Dark Pulse|p2a: Arceus\n|-damage|p2a: Arceus|43/100\n|\n|upkeep\n|turn|19\n|inactive|Time left: 300 sec this turn | 300 sec total\n|\n|t:|1783534901\n|move|p2a: Arceus|Recover|p2a: Arceus\n|-heal|p2a: Arceus|93/100\n|move|p1a: Hydreigon|Dark Pulse|p2a: Arceus\n|-damage|p2a: Arceus|51/100\n|\n|upkeep\n|turn|20\n|inactive|Time left: 300 sec this turn | 300 sec total\n|\n|t:|1783534901\n|move|p2a: Arceus|Stone Edge|p1a: Hydreigon|[miss]\n|-miss|p2a: Arceus|p1a: Hydreigon\n|move|p1a: Hydreigon|Dark Pulse|p2a: Arceus\n|-damage|p2a: Arceus|6/100\n|\n|upkeep\n|turn|21\n|inactive|Time left: 300 sec this turn | 300 sec total\n|\n|t:|1783534902\n|move|p2a: Arceus|Stone Edge|p1a: Hydreigon\n|-crit|p1a: Hydreigon\n|-damage|p1a: Hydreigon|0 fnt\n|faint|p1a: Hydreigon\n|\n|upkeep\n|inactive|Time left: 300 sec this turn | 300 sec total | 5 sec grace\n|\n|t:|1783534903\n|switch|p1a: Iron Bundle|Iron Bundle, L78|215/215\n|turn|22\n|inactive|Time left: 300 sec this turn | 300 sec total\n|\n|t:|1783534903\n|move|p2a: Arceus|Earthquake|p1a: Iron Bundle\n|-damage|p1a: Iron Bundle|68/215\n|move|p1a: Iron Bundle|Flip Turn|p2a: Arceus\n|-supereffective|p2a: Arceus\n|-damage|p2a: Arceus|0 fnt\n|faint|p2a: Arceus\n|inactive|Time left: 300 sec this turn | 300 sec total | 5 sec grace\n|\n|t:|1783534904\n|-end|p1a: Iron Bundle|Quark Drive|[silent]\n|switch|p1a: Gouging Fire|Gouging Fire, L74|277/277|[from] Flip Turn\n|\n|upkeep\n|\n|t:|1783534905\n|switch|p2a: Giratina|Giratina-Origin, L72|100/100\n|turn|23\n|inactive|Time left: 300 sec this turn | 300 sec total\n|\n|t:|1783534905\n|-terastallize|p1a: Gouging Fire|Fairy\n|-terastallize|p2a: Giratina|Ghost\n|move|p1a: Gouging Fire|Dragon Dance|p1a: Gouging Fire\n|-boost|p1a: Gouging Fire|atk|1\n|-boost|p1a: Gouging Fire|spe|1\n|move|p2a: Giratina|Draco Meteor|p1a: Gouging Fire\n|-immune|p1a: Gouging Fire\n|\n|upkeep\n|turn|24\n|inactive|Time left: 300 sec this turn | 300 sec total\n|\n|t:|1783534906\n|move|p1a: Gouging Fire|Outrage|p2a: Giratina\n|-damage|p2a: Giratina|43/100\n|move|p2a: Giratina|Will-O-Wisp|p1a: Gouging Fire|[miss]\n|-miss|p2a: Giratina|p1a: Gouging Fire\n|\n|upkeep\n|turn|25\n|inactive|Time left: 300 sec this turn | 300 sec total\n|\n|t:|1783534907\n|move|p1a: Gouging Fire|Outrage|p2a: Giratina|[from] lockedmove\n|-damage|p2a: Giratina|0 fnt\n|faint|p2a: Giratina\n|-start|p1a: Gouging Fire|confusion|[fatigue]\n|\n|upkeep\n|\n|t:|1783534908\n|switch|p2a: Slowking|Slowking, L88, F|100/100\n|turn|26\n|inactive|Time left: 300 sec this turn | 300 sec total\n|\n|t:|1783534909\n|-activate|p1a: Gouging Fire|confusion\n|-damage|p1a: Gouging Fire|242/277|[from] confusion\n|move|p2a: Slowking|Scald|p1a: Gouging Fire\n|-damage|p1a: Gouging Fire|131/277\n|\n|upkeep\n|turn|27\n|inactive|Time left: 300 sec this turn | 300 sec total\n|\n|t:|1783534910\n|-activate|p1a: Gouging Fire|confusion\n|move|p1a: Gouging Fire|Morning Sun|p1a: Gouging Fire\n|-heal|p1a: Gouging Fire|269/277\n|move|p2a: Slowking|Scald|p1a: Gouging Fire\n|-damage|p1a: Gouging Fire|161/277\n|\n|upkeep\n|turn|28\n|inactive|Time left: 300 sec this turn | 300 sec total\n|\n|t:|1783534911\n|-activate|p1a: Gouging Fire|confusion\n|-damage|p1a: Gouging Fire|125/277|[from] confusion\n|move|p2a: Slowking|Scald|p1a: Gouging Fire\n|-damage|p1a: Gouging Fire|19/277\n|\n|upkeep\n|turn|29\n|inactive|Time left: 300 sec this turn | 300 sec total\n|\n|t:|1783534912\n|-activate|p1a: Gouging Fire|confusion\n|-damage|p1a: Gouging Fire|0 fnt|[from] confusion\n|faint|p1a: Gouging Fire\n|-end|p1a: Gouging Fire|Protosynthesis|[silent]\n|move|p2a: Slowking|Scald|p1: Gouging Fire|[notarget]\n|-fail|p2a: Slowking\n|\n|upkeep\n|inactive|Time left: 300 sec this turn | 300 sec total | 5 sec grace\n|\n|t:|1783534913\n|switch|p1a: Glimmora|Glimmora, L75, F|248/248\n|-damage|p1a: Glimmora|217/248|[from] Stealth Rock\n|turn|30\n|inactive|Time left: 300 sec this turn | 300 sec total\n|\n|t:|1783534914\n|move|p1a: Glimmora|Mortal Spin|p2a: Slowking\n|-damage|p2a: Slowking|94/100\n|-status|p2a: Slowking|psn\n|-sideend|p1: p0x09655d3|Stealth Rock|[from] move: Mortal Spin|[of] p1a: Glimmora\n|move|p2a: Slowking|Scald|p1a: Glimmora\n|-supereffective|p1a: Glimmora\n|-damage|p1a: Glimmora|55/248\n|\n|-heal|p2a: Slowking|100/100 psn|[from] item: Leftovers\n|-damage|p2a: Slowking|88/100 psn|[from] psn\n|upkeep\n|turn|31\n|inactive|Time left: 300 sec this turn | 300 sec total\n|\n|t:|1783534915\n|move|p1a: Glimmora|Sludge Wave|p2a: Slowking\n|-damage|p2a: Slowking|61/100 psn\n|move|p2a: Slowking|Psyshock|p1a: Glimmora\n|-supereffective|p1a: Glimmora\n|-damage|p1a: Glimmora|0 fnt\n|faint|p1a: Glimmora\n|\n|-heal|p2a: Slowking|67/100 psn|[from] item: Leftovers\n|-damage|p2a: Slowking|55/100 psn|[from] psn\n|upkeep\n|inactive|Time left: 300 sec this turn | 300 sec total | 5 sec grace\n|\n|t:|1783534916\n|switch|p1a: Iron Bundle|Iron Bundle, L78|68/215\n|turn|32\n|inactive|Time left: 300 sec this turn | 300 sec total\n|\n|t:|1783534917\n|move|p1a: Iron Bundle|Freeze-Dry|p2a: Slowking\n|-supereffective|p2a: Slowking\n|-crit|p2a: Slowking\n|-damage|p2a: Slowking|0 fnt\n|faint|p2a: Slowking\n|\n|upkeep\n|\n|t:|1783534918\n|switch|p2a: Banette|Banette, L93, M|52/100\n|turn|33\n|inactive|Time left: 300 sec this turn | 300 sec total\n|\n|t:|1783534919\n|move|p2a: Banette|Shadow Sneak|p1a: Iron Bundle\n|-damage|p1a: Iron Bundle|0 fnt\n|faint|p1a: Iron Bundle\n|-end|p1a: Iron Bundle|Quark Drive|[silent]\n|-damage|p2a: Banette|42/100|[from] item: Life Orb\n|\n|win|p0y0965b89", "uploadtime": 1783534919, "views": 0, "rating": 0, "private": 0, "password": null, "_winner": "p0y0965b89", "_our_name": "p0x09655d3"}