{"id": "battle-gen9randombattle-2521", "formatid": "gen9randombattle", "format": "[Gen 9] Random Battle", "players": ["p0x25212e0d", "p0y252169b8"], "log": "|init|battle\n|title|p0x25212e0d vs. p0y252169b8\n|j|\u2606p0x25212e0d\n|j|\u2606p0y252169b8\n|t:|1783568225\n|gametype|singles\n|player|p1|p0x25212e0d|2|\n|player|p2|p0y252169b8|101|\n|gen|9\n|tier|[Gen 9] Random Battle\n|rule|Species Clause: Limit one of each Pok\u00e9mon\n|rule|HP Percentage Mod: HP is shown in percentages\n|rule|Sleep Clause Mod: Limit one foe put to sleep\n|rule|Illusion Level Mod: Illusion disguises the Pok\u00e9mon's true level\n|\n|t:|1783568225\n|teamsize|p1|6\n|teamsize|p2|6\n|start\n|switch|p1a: Illumise|Illumise, L91, F|266/266\n|switch|p2a: Arbok|Arbok, L87, F|100/100\n|-ability|p2a: Arbok|Intimidate|boost\n|-unboost|p1a: Illumise|atk|1\n|turn|1\n|inactive|Battle timer is ON: inactive players will automatically lose when time's up. (requested by p0x25212e0d)\n|\n|t:|1783568226\n|switch|p1a: Delibird|Delibird, M|252/252\n|move|p2a: Arbok|Knock Off|p1a: Delibird\n|-damage|p1a: Delibird|151/252\n|-enditem|p1a: Delibird|Heavy-Duty Boots|[from] move: Knock Off|[of] p2a: Arbok\n|\n|upkeep\n|turn|2\n|inactive|Time left: 300 sec this turn | 300 sec total\n|inactive|p0y252169b8 also wants the timer to be on.\n|\n|t:|1783568227\n|move|p1a: Delibird|Freeze-Dry|p2a: Arbok\n|-damage|p2a: Arbok|67/100\n|move|p2a: Arbok|Gunk Shot|p1a: Delibird|[miss]\n|-miss|p2a: Arbok|p1a: Delibird\n|\n|upkeep\n|turn|3\n|inactive|Time left: 300 sec this turn | 300 sec total\n|\n|t:|1783568228\n|move|p1a: Delibird|Freeze-Dry|p2a: Arbok\n|-damage|p2a: Arbok|35/100\n|move|p2a: Arbok|Gunk Shot|p1a: Delibird\n|-damage|p1a: Delibird|0 fnt\n|faint|p1a: Delibird\n|\n|upkeep\n|inactive|Time left: 300 sec this turn | 300 sec total | 5 sec grace\n|\n|t:|1783568229\n|switch|p1a: Morpeko|Morpeko, L88, F|245/245\n|turn|4\n|inactive|Time left: 300 sec this turn | 300 sec total\n|\n|t:|1783568230\n|switch|p2a: Klawf|Klawf, L90, F|100/100\n|move|p1a: Morpeko|Aura Wheel|p2a: Klawf\n|-damage|p2a: Klawf|65/100\n|-boost|p1a: Morpeko|spe|1\n|\n|-formechange|p1a: Morpeko|Morpeko-Hangry||[from] ability: Hunger Switch\n|upkeep\n|turn|5\n|inactive|Time left: 300 sec this turn | 300 sec total\n|\n|t:|1783568231\n|-terastallize|p2a: Klawf|Ground\n|move|p1a: Morpeko|Aura Wheel|p2a: Klawf\n|-damage|p2a: Klawf|32/100\n|-boost|p1a: Morpeko|spe|1\n|-ability|p2a: Klawf|Anger Shell|boost\n|-boost|p2a: Klawf|atk|1\n|-boost|p2a: Klawf|spa|1\n|-boost|p2a: Klawf|spe|1\n|-unboost|p2a: Klawf|def|1\n|-unboost|p2a: Klawf|spd|1\n|move|p2a: Klawf|High Horsepower|p1a: Morpeko\n|-supereffective|p1a: Morpeko\n|-damage|p1a: Morpeko|0 fnt\n|faint|p1a: Morpeko\n|\n|upkeep\n|inactive|Time left: 300 sec this turn | 300 sec total | 5 sec grace\n|\n|t:|1783568232\n|switch|p1a: Brambleghast|Brambleghast, L88, F|240/240\n|turn|6\n|inactive|Time left: 300 sec this turn | 300 sec total\n|\n|t:|1783568233\n|move|p2a: Klawf|Knock Off|p1a: Brambleghast\n|-supereffective|p1a: Brambleghast\n|-crit|p1a: Brambleghast\n|-damage|p1a: Brambleghast|0 fnt\n|-enditem|p1a: Brambleghast|Leftovers|[from] move: Knock Off|[of] p2a: Klawf\n|faint|p1a: Brambleghast\n|\n|upkeep\n|inactive|Time left: 300 sec this turn | 300 sec total | 5 sec grace\n|\n|t:|1783568234\n|switch|p1a: Darkrai|Darkrai, L77|234/234\n|turn|7\n|inactive|Time left: 300 sec this turn | 300 sec total\n|\n|t:|1783568235\n|move|p2a: Klawf|High Horsepower|p1a: Darkrai\n|-damage|p1a: Darkrai|45/234\n|move|p1a: Darkrai|Dark Pulse|p2a: Klawf\n|-damage|p2a: Klawf|0 fnt\n|faint|p2a: Klawf\n|-damage|p1a: Darkrai|22/234|[from] item: Life Orb\n|\n|upkeep\n|\n|t:|1783568236\n|switch|p2a: Cryogonal|Cryogonal, L89|100/100\n|turn|8\n|inactive|Time left: 300 sec this turn | 300 sec total\n|\n|t:|1783568237\n|switch|p1a: Blissey|Blissey, L85, F|572/572\n|move|p2a: Cryogonal|Freeze-Dry|p1a: Blissey\n|-damage|p1a: Blissey|509/572\n|\n|-heal|p1a: Blissey|544/572|[from] item: Leftovers\n|upkeep\n|turn|9\n|inactive|Time left: 300 sec this turn | 300 sec total\n|\n|t:|1783568238\n|switch|p2a: Vigoroth|Vigoroth, L85, M|100/100\n|move|p1a: Blissey|Thunder Wave|p2a: Vigoroth\n|-status|p2a: Vigoroth|par\n|\n|-heal|p1a: Blissey|572/572|[from] item: Leftovers\n|upkeep\n|turn|10\n|inactive|Time left: 300 sec this turn | 300 sec total\n|\n|t:|1783568239\n|move|p1a: Blissey|Seismic Toss|p2a: Vigoroth\n|-damage|p2a: Vigoroth|70/100 par\n|move|p2a: Vigoroth|Knock Off|p1a: Blissey\n|-damage|p1a: Blissey|375/572\n|-enditem|p1a: Blissey|Leftovers|[from] move: Knock Off|[of] p2a: Vigoroth\n|\n|upkeep\n|turn|11\n|inactive|Time left: 300 sec this turn | 300 sec total\n|\n|t:|1783568240\n|move|p1a: Blissey|Seismic Toss|p2a: Vigoroth\n|-damage|p2a: Vigoroth|39/100 par\n|cant|p2a: Vigoroth|par\n|\n|upkeep\n|turn|12\n|inactive|Time left: 300 sec this turn | 300 sec total\n|\n|t:|1783568241\n|move|p1a: Blissey|Seismic Toss|p2a: Vigoroth\n|-damage|p2a: Vigoroth|8/100 par\n|move|p2a: Vigoroth|Slack Off|p2a: Vigoroth\n|-heal|p2a: Vigoroth|58/100 par\n|\n|upkeep\n|turn|13\n|inactive|Time left: 300 sec this turn | 300 sec total\n|\n|t:|1783568242\n|move|p1a: Blissey|Seismic Toss|p2a: Vigoroth\n|-damage|p2a: Vigoroth|27/100 par\n|move|p2a: Vigoroth|Slack Off|p2a: Vigoroth\n|-heal|p2a: Vigoroth|77/100 par\n|\n|upkeep\n|turn|14\n|inactive|Time left: 300 sec this turn | 300 sec total\n|\n|t:|1783568243\n|move|p1a: Blissey|Soft-Boiled|p1a: Blissey\n|-heal|p1a: Blissey|572/572\n|move|p2a: Vigoroth|Body Slam|p1a: Blissey\n|-damage|p1a: Blissey|313/572\n|\n|upkeep\n|turn|15\n|inactive|Time left: 300 sec this turn | 300 sec total\n|\n|t:|1783568244\n|move|p1a: Blissey|Soft-Boiled|p1a: Blissey\n|-heal|p1a: Blissey|572/572\n|move|p2a: Vigoroth|Bulk Up|p2a: Vigoroth\n|-boost|p2a: Vigoroth|atk|1\n|-boost|p2a: Vigoroth|def|1\n|\n|upkeep\n|turn|16\n|inactive|Time left: 300 sec this turn | 300 sec total\n|\n|t:|1783568245\n|move|p1a: Blissey|Seismic Toss|p2a: Vigoroth\n|-damage|p2a: Vigoroth|46/100 par\n|cant|p2a: Vigoroth|par\n|\n|upkeep\n|turn|17\n|inactive|Time left: 300 sec this turn | 300 sec total\n|\n|t:|1783568246\n|move|p1a: Blissey|Seismic Toss|p2a: Vigoroth\n|-damage|p2a: Vigoroth|15/100 par\n|move|p2a: Vigoroth|Slack Off|p2a: Vigoroth\n|-heal|p2a: Vigoroth|66/100 par\n|\n|upkeep\n|turn|18\n|inactive|Time left: 300 sec this turn | 300 sec total\n|\n|t:|1783568247\n|move|p1a: Blissey|Seismic Toss|p2a: Vigoroth\n|-damage|p2a: Vigoroth|35/100 par\n|move|p2a: Vigoroth|Body Slam|p1a: Blissey\n|-damage|p1a: Blissey|224/572\n|\n|upkeep\n|turn|19\n|inactive|Time left: 300 sec this turn | 300 sec total\n|\n|t:|1783568248\n|move|p1a: Blissey|Seismic Toss|p2a: Vigoroth\n|-damage|p2a: Vigoroth|4/100 par\n|move|p2a: Vigoroth|Body Slam|p1a: Blissey\n|-damage|p1a: Blissey|0 fnt\n|faint|p1a: Blissey\n|\n|upkeep\n|inactive|Time left: 300 sec this turn | 300 sec total | 5 sec grace\n|\n|t:|1783568249\n|switch|p1a: Illumise|Illumise, L91, F|266/266\n|turn|20\n|inactive|Time left: 300 sec this turn | 300 sec total\n|\n|t:|1783568250\n|move|p1a: Illumise|Bug Buzz|p2a: Vigoroth\n|-damage|p2a: Vigoroth|0 fnt\n|faint|p2a: Vigoroth\n|\n|upkeep\n|\n|t:|1783568251\n|switch|p2a: Dodrio|Dodrio, L85, F|100/100\n|turn|21\n|inactive|Time left: 300 sec this turn | 300 sec total\n|\n|t:|1783568252\n|-terastallize|p1a: Illumise|Steel\n|move|p1a: Illumise|Thunder Wave|p2a: Dodrio\n|-status|p2a: Dodrio|par\n|move|p2a: Dodrio|Brave Bird|p1a: Illumise\n|-resisted|p1a: Illumise\n|-damage|p1a: Illumise|158/266\n|-damage|p2a: Dodrio|86/100 par|[from] Recoil\n|\n|upkeep\n|turn|22\n|inactive|Time left: 300 sec this turn | 300 sec total\n|\n|t:|1783568253\n|switch|p2a: Walking Wake|Walking Wake, L79|100/100\n|move|p1a: Illumise|Roost|p1a: Illumise\n|-heal|p1a: Illumise|266/266\n|\n|upkeep\n|turn|23\n|inactive|Time left: 300 sec this turn | 300 sec total\n|\n|t:|1783568253\n|move|p1a: Illumise|Thunder Wave|p2a: Walking Wake\n|-status|p2a: Walking Wake|par\n|move|p2a: Walking Wake|Flamethrower|p1a: Illumise\n|-supereffective|p1a: Illumise\n|-damage|p1a: Illumise|64/266\n|\n|upkeep\n|turn|24\n|inactive|Time left: 300 sec this turn | 300 sec total\n|\n|t:|1783568254\n|switch|p1a: Darkrai|Darkrai, L77|22/234\n|move|p2a: Walking Wake|Flamethrower|p1a: Darkrai\n|-damage|p1a: Darkrai|0 fnt\n|faint|p1a: Darkrai\n|\n|upkeep\n|inactive|Time left: 300 sec this turn | 300 sec total | 5 sec grace\n|\n|t:|1783568255\n|switch|p1a: Illumise|Illumise, L91, F, tera:Steel|64/266\n|turn|25\n|inactive|Time left: 300 sec this turn | 300 sec total\n|\n|t:|1783568256\n|move|p1a: Illumise|Roost|p1a: Illumise\n|-heal|p1a: Illumise|197/266\n|move|p2a: Walking Wake|Flamethrower|p1a: Illumise\n|-supereffective|p1a: Illumise\n|-damage|p1a: Illumise|17/266\n|\n|upkeep\n|turn|26\n|inactive|Time left: 300 sec this turn | 300 sec total\n|\n|t:|1783568257\n|move|p1a: Illumise|Roost|p1a: Illumise\n|-heal|p1a: Illumise|150/266\n|cant|p2a: Walking Wake|par\n|\n|upkeep\n|turn|27\n|inactive|Time left: 300 sec this turn | 300 sec total\n|\n|t:|1783568258\n|move|p1a: Illumise|Roost|p1a: Illumise\n|-heal|p1a: Illumise|266/266\n|move|p2a: Walking Wake|Flamethrower|p1a: Illumise\n|-supereffective|p1a: Illumise\n|-damage|p1a: Illumise|60/266\n|\n|upkeep\n|turn|28\n|inactive|Time left: 300 sec this turn | 300 sec total\n|\n|t:|1783568259\n|move|p1a: Illumise|Roost|p1a: Illumise\n|-heal|p1a: Illumise|193/266\n|move|p2a: Walking Wake|Flamethrower|p1a: Illumise\n|-supereffective|p1a: Illumise\n|-damage|p1a: Illumise|0 fnt\n|faint|p1a: Illumise\n|\n|win|p0y252169b8", "uploadtime": 1783568259, "views": 0, "rating": 0, "private": 0, "password": null, "_winner": "p0y252169b8", "_our_name": "p0x25212e0d"}