{"id": "battle-gen9randombattle-2415", "formatid": "gen9randombattle", "format": "[Gen 9] Random Battle", "players": ["p0x24150578", "p0y24157ce8"], "log": "|init|battle\n|title|p0x24150578 vs. p0y24157ce8\n|j|\u2606p0x24150578\n|j|\u2606p0y24157ce8\n|t:|1783568037\n|gametype|singles\n|player|p1|p0x24150578|170|\n|player|p2|p0y24157ce8|265|\n|gen|9\n|tier|[Gen 9] Random Battle\n|rule|Species Clause: Limit one of each Pok\u00e9mon\n|rule|HP Percentage Mod: HP is shown in percentages\n|rule|Sleep Clause Mod: Limit one foe put to sleep\n|rule|Illusion Level Mod: Illusion disguises the Pok\u00e9mon's true level\n|\n|t:|1783568037\n|teamsize|p1|6\n|teamsize|p2|6\n|start\n|switch|p1a: Yanmega|Yanmega, L82, F|275/275\n|switch|p2a: Malamar|Malamar, L82, M|100/100\n|turn|1\n|inactive|Battle timer is ON: inactive players will automatically lose when time's up. (requested by p0x24150578)\n|inactive|p0y24157ce8 also wants the timer to be on.\n|\n|t:|1783568039\n|switch|p2a: Iron Hands|Iron Hands, L79|100/100\n|move|p1a: Yanmega|Bug Buzz|p2a: Iron Hands\n|-resisted|p2a: Iron Hands\n|-crit|p2a: Iron Hands\n|-damage|p2a: Iron Hands|83/100\n|\n|-ability|p1a: Yanmega|Speed Boost|boost\n|-boost|p1a: Yanmega|spe|1\n|upkeep\n|turn|2\n|inactive|Time left: 300 sec this turn | 300 sec total\n|\n|t:|1783568040\n|move|p1a: Yanmega|Air Slash|p2a: Iron Hands\n|-damage|p2a: Iron Hands|64/100\n|move|p2a: Iron Hands|Wild Charge|p1a: Yanmega\n|-supereffective|p1a: Yanmega\n|-damage|p1a: Yanmega|39/275\n|-damage|p2a: Iron Hands|48/100|[from] Recoil\n|\n|-ability|p1a: Yanmega|Speed Boost|boost\n|-boost|p1a: Yanmega|spe|1\n|upkeep\n|turn|3\n|inactive|Time left: 300 sec this turn | 300 sec total\n|\n|t:|1783568041\n|move|p1a: Yanmega|Air Slash|p2a: Iron Hands\n|-damage|p2a: Iron Hands|29/100\n|move|p2a: Iron Hands|Ice Punch|p1a: Yanmega\n|-supereffective|p1a: Yanmega\n|-damage|p1a: Yanmega|0 fnt\n|faint|p1a: Yanmega\n|\n|upkeep\n|inactive|Time left: 300 sec this turn | 300 sec total | 5 sec grace\n|\n|t:|1783568042\n|switch|p1a: Staraptor|Staraptor, L79, F|263/263\n|turn|4\n|inactive|Time left: 300 sec this turn | 300 sec total\n|\n|t:|1783568043\n|-end|p2a: Iron Hands|Quark Drive|[silent]\n|switch|p2a: Sudowoodo|Sudowoodo, L94, M|100/100\n|move|p1a: Staraptor|Brave Bird|p2a: Sudowoodo\n|-resisted|p2a: Sudowoodo\n|-damage|p2a: Sudowoodo|70/100\n|-damage|p1a: Staraptor|234/263|[from] Recoil\n|\n|upkeep\n|turn|5\n|inactive|Time left: 300 sec this turn | 300 sec total\n|\n|t:|1783568044\n|switch|p1a: Ursaluna|Ursaluna, L79, M|335/335\n|move|p2a: Sudowoodo|Head Smash|p1a: Ursaluna\n|-resisted|p1a: Ursaluna\n|-damage|p1a: Ursaluna|201/335\n|\n|-status|p1a: Ursaluna|brn|[from] item: Flame Orb\n|upkeep\n|turn|6\n|inactive|Time left: 300 sec this turn | 300 sec total\n|\n|t:|1783568045\n|move|p1a: Ursaluna|Headlong Rush|p2a: Sudowoodo\n|-supereffective|p2a: Sudowoodo\n|-crit|p2a: Sudowoodo\n|-damage|p2a: Sudowoodo|0 fnt\n|-unboost|p1a: Ursaluna|def|1\n|-unboost|p1a: Ursaluna|spd|1\n|faint|p2a: Sudowoodo\n|\n|-damage|p1a: Ursaluna|181/335 brn|[from] brn\n|upkeep\n|\n|t:|1783568046\n|switch|p2a: Malamar|Malamar, L82, M|100/100\n|turn|7\n|inactive|Time left: 300 sec this turn | 300 sec total\n|\n|t:|1783568047\n|switch|p1a: Keldeo|Keldeo-Resolute, L79|273/273\n|move|p2a: Malamar|Superpower|p1a: Keldeo\n|-damage|p1a: Keldeo|193/273\n|-boost|p2a: Malamar|atk|1\n|-boost|p2a: Malamar|def|1\n|\n|upkeep\n|turn|8\n|inactive|Time left: 300 sec this turn | 300 sec total\n|\n|t:|1783568048\n|move|p1a: Keldeo|Hydro Pump|p2a: Malamar\n|-damage|p2a: Malamar|15/100\n|move|p2a: Malamar|Psycho Cut|p1a: Keldeo\n|-supereffective|p1a: Keldeo\n|-damage|p1a: Keldeo|0 fnt\n|faint|p1a: Keldeo\n|\n|upkeep\n|inactive|Time left: 300 sec this turn | 300 sec total | 5 sec grace\n|\n|t:|1783568048\n|switch|p1a: Staraptor|Staraptor, L79, F|234/263\n|turn|9\n|inactive|Time left: 300 sec this turn | 300 sec total\n|\n|t:|1783568049\n|switch|p2a: Donphan|Donphan, L84, M|100/100\n|move|p1a: Staraptor|Brave Bird|p2a: Donphan\n|-damage|p2a: Donphan|40/100\n|-damage|p1a: Staraptor|177/263|[from] Recoil\n|\n|-heal|p2a: Donphan|46/100|[from] item: Leftovers\n|upkeep\n|turn|10\n|inactive|Time left: 300 sec this turn | 300 sec total\n|\n|t:|1783568050\n|-terastallize|p2a: Donphan|Steel\n|move|p1a: Staraptor|Brave Bird|p2a: Donphan\n|-resisted|p2a: Donphan\n|-damage|p2a: Donphan|14/100\n|-damage|p1a: Staraptor|146/263|[from] Recoil\n|move|p2a: Donphan|Ice Spinner|p1a: Staraptor\n|-supereffective|p1a: Staraptor\n|-damage|p1a: Staraptor|0 fnt\n|faint|p1a: Staraptor\n|\n|-heal|p2a: Donphan|20/100|[from] item: Leftovers\n|upkeep\n|inactive|Time left: 300 sec this turn | 300 sec total | 5 sec grace\n|\n|t:|1783568051\n|switch|p1a: Chimecho|Chimecho, L93, M|290/290\n|turn|11\n|inactive|Time left: 300 sec this turn | 300 sec total\n|\n|t:|1783568052\n|move|p1a: Chimecho|Psychic Noise|p2a: Donphan\n|-resisted|p2a: Donphan\n|-damage|p2a: Donphan|0 fnt\n|faint|p2a: Donphan\n|\n|upkeep\n|\n|t:|1783568053\n|switch|p2a: Gogoat|Gogoat, L88, F|100/100\n|turn|12\n|inactive|Time left: 300 sec this turn | 300 sec total\n|\n|t:|1783568054\n|move|p1a: Chimecho|Calm Mind|p1a: Chimecho\n|-boost|p1a: Chimecho|spa|1\n|-boost|p1a: Chimecho|spd|1\n|move|p2a: Gogoat|Bulk Up|p2a: Gogoat\n|-boost|p2a: Gogoat|atk|1\n|-boost|p2a: Gogoat|def|1\n|\n|upkeep\n|turn|13\n|inactive|Time left: 300 sec this turn | 300 sec total\n|\n|t:|1783568055\n|move|p1a: Chimecho|Psychic Noise|p2a: Gogoat\n|-damage|p2a: Gogoat|60/100\n|-start|p2a: Gogoat|move: Heal Block\n|move|p2a: Gogoat|Bulk Up|p2a: Gogoat\n|-boost|p2a: Gogoat|atk|1\n|-boost|p2a: Gogoat|def|1\n|\n|upkeep\n|turn|14\n|inactive|Time left: 300 sec this turn | 300 sec total\n|\n|t:|1783568056\n|move|p1a: Chimecho|Psychic Noise|p2a: Gogoat\n|-damage|p2a: Gogoat|21/100\n|move|p2a: Gogoat|Rock Slide|p1a: Chimecho\n|-damage|p1a: Chimecho|168/290\n|\n|-heal|p1a: Chimecho|186/290|[from] item: Leftovers\n|-end|p2a: Gogoat|move: Heal Block\n|upkeep\n|turn|15\n|inactive|Time left: 300 sec this turn | 300 sec total\n|\n|t:|1783568057\n|switch|p2a: Malamar|Malamar, L82, M|15/100\n|move|p1a: Chimecho|Dazzling Gleam|p2a: Malamar\n|-supereffective|p2a: Malamar\n|-damage|p2a: Malamar|0 fnt\n|faint|p2a: Malamar\n|\n|-heal|p1a: Chimecho|204/290|[from] item: Leftovers\n|upkeep\n|\n|t:|1783568058\n|switch|p2a: Sandy Shocks|Sandy Shocks, L80|100/100\n|turn|16\n|inactive|Time left: 300 sec this turn | 300 sec total\n|\n|t:|1783568059\n|move|p2a: Sandy Shocks|Thunderbolt|p1a: Chimecho\n|-damage|p1a: Chimecho|143/290\n|move|p1a: Chimecho|Psychic Noise|p2a: Sandy Shocks\n|-damage|p2a: Sandy Shocks|46/100\n|-start|p2a: Sandy Shocks|move: Heal Block\n|\n|-heal|p1a: Chimecho|161/290|[from] item: Leftovers\n|upkeep\n|turn|17\n|inactive|Time left: 300 sec this turn | 300 sec total\n|\n|t:|1783568060\n|move|p2a: Sandy Shocks|Thunderbolt|p1a: Chimecho\n|-damage|p1a: Chimecho|101/290\n|move|p1a: Chimecho|Psychic Noise|p2a: Sandy Shocks\n|-damage|p2a: Sandy Shocks|0 fnt\n|faint|p2a: Sandy Shocks\n|-end|p2a: Sandy Shocks|Protosynthesis|[silent]\n|\n|-heal|p1a: Chimecho|119/290|[from] item: Leftovers\n|upkeep\n|\n|t:|1783568062\n|switch|p2a: Iron Hands|Iron Hands, L79|29/100\n|turn|18\n|inactive|Time left: 300 sec this turn | 300 sec total\n|\n|t:|1783568063\n|-terastallize|p1a: Chimecho|Steel\n|move|p1a: Chimecho|Dazzling Gleam|p2a: Iron Hands\n|-supereffective|p2a: Iron Hands\n|-damage|p2a: Iron Hands|0 fnt\n|faint|p2a: Iron Hands\n|-end|p2a: Iron Hands|Quark Drive|[silent]\n|\n|-heal|p1a: Chimecho|137/290|[from] item: Leftovers\n|upkeep\n|\n|t:|1783568064\n|switch|p2a: Gogoat|Gogoat, L88, F|21/100\n|turn|19\n|inactive|Time left: 300 sec this turn | 300 sec total\n|\n|t:|1783568065\n|move|p1a: Chimecho|Dazzling Gleam|p2a: Gogoat\n|-damage|p2a: Gogoat|0 fnt\n|faint|p2a: Gogoat\n|\n|win|p0x24150578", "uploadtime": 1783568065, "views": 0, "rating": 0, "private": 0, "password": null, "_winner": "p0x24150578", "_our_name": "p0x24150578"}