{"id": "battle-gen9randombattle-1650", "formatid": "gen9randombattle", "format": "[Gen 9] Random Battle", "players": ["p0x165022e8", "p0y1650972f"], "log": "|init|battle\n|title|p0x165022e8 vs. p0y1650972f\n|j|\u2606p0x165022e8\n|j|\u2606p0y1650972f\n|t:|1783559083\n|gametype|singles\n|player|p1|p0x165022e8|102|\n|player|p2|p0y1650972f|265|\n|gen|9\n|tier|[Gen 9] Random Battle\n|rule|Species Clause: Limit one of each Pok\u00e9mon\n|rule|HP Percentage Mod: HP is shown in percentages\n|rule|Sleep Clause Mod: Limit one foe put to sleep\n|rule|Illusion Level Mod: Illusion disguises the Pok\u00e9mon's true level\n|\n|t:|1783559083\n|teamsize|p1|6\n|teamsize|p2|6\n|start\n|switch|p1a: Tauros|Tauros, L82, M|100/100\n|switch|p2a: Farigiraf|Farigiraf, L90, M|362/362\n|turn|1\n|inactive|Battle timer is ON: inactive players will automatically lose when time's up. (requested by p0x165022e8)\n|inactive|Time left: 300 sec this turn | 300 sec total | 60 sec grace\n|inactive|p0y1650972f also wants the timer to be on.\n|\n|t:|1783559084\n|switch|p1a: Spidops|Spidops, L96, M|100/100\n|move|p2a: Farigiraf|Psychic Noise|p1a: Spidops\n|-damage|p1a: Spidops|67/100\n|-start|p1a: Spidops|move: Heal Block\n|\n|upkeep\n|turn|2\n|inactive|Time left: 300 sec this turn | 300 sec total\n|\n|t:|1783559085\n|move|p2a: Farigiraf|Psychic Noise|p1a: Spidops\n|-crit|p1a: Spidops\n|-damage|p1a: Spidops|15/100\n|move|p1a: Spidops|Sticky Web|p2a: Farigiraf\n|-sidestart|p2: p0y1650972f|move: Sticky Web\n|\n|-end|p1a: Spidops|move: Heal Block\n|upkeep\n|turn|3\n|inactive|Time left: 300 sec this turn | 300 sec total\n|\n|t:|1783559086\n|move|p2a: Farigiraf|Psychic Noise|p1a: Spidops\n|-damage|p1a: Spidops|0 fnt\n|faint|p1a: Spidops\n|\n|upkeep\n|\n|t:|1783559087\n|switch|p1a: Rayquaza|Rayquaza, L72|100/100\n|-ability|p1a: Rayquaza|Air Lock\n|turn|4\n|inactive|Time left: 300 sec this turn | 300 sec total\n|\n|t:|1783559088\n|move|p1a: Rayquaza|Swords Dance|p1a: Rayquaza\n|-boost|p1a: Rayquaza|atk|2\n|move|p2a: Farigiraf|Body Slam|p1a: Rayquaza\n|-damage|p1a: Rayquaza|63/100\n|-status|p1a: Rayquaza|par\n|\n|upkeep\n|turn|5\n|inactive|Time left: 300 sec this turn | 300 sec total\n|\n|t:|1783559089\n|move|p2a: Farigiraf|Psychic Noise|p1a: Rayquaza\n|-damage|p1a: Rayquaza|20/100 par\n|-start|p1a: Rayquaza|move: Heal Block\n|move|p1a: Rayquaza|Dragon Ascent|p2a: Farigiraf\n|-damage|p2a: Farigiraf|79/362\n|-unboost|p1a: Rayquaza|def|1\n|-unboost|p1a: Rayquaza|spd|1\n|\n|-heal|p2a: Farigiraf|101/362|[from] item: Leftovers\n|upkeep\n|turn|6\n|inactive|Time left: 300 sec this turn | 300 sec total\n|\n|t:|1783559091\n|move|p2a: Farigiraf|Psychic Noise|p1a: Rayquaza\n|-damage|p1a: Rayquaza|0 fnt\n|faint|p1a: Rayquaza\n|\n|-heal|p2a: Farigiraf|123/362|[from] item: Leftovers\n|upkeep\n|\n|t:|1783559092\n|switch|p1a: Tauros|Tauros, L82, M|100/100\n|turn|7\n|inactive|Time left: 300 sec this turn | 300 sec total\n|\n|t:|1783559093\n|move|p1a: Tauros|Body Slam|p2a: Farigiraf\n|-damage|p2a: Farigiraf|0 fnt\n|faint|p2a: Farigiraf\n|\n|upkeep\n|inactive|Time left: 300 sec this turn | 300 sec total | 5 sec grace\n|\n|t:|1783559094\n|switch|p2a: Luxray|Luxray, L88, F|284/284\n|-activate|p2a: Luxray|move: Sticky Web\n|-unboost|p2a: Luxray|spe|1\n|-ability|p2a: Luxray|Intimidate|boost\n|-unboost|p1a: Tauros|atk|1\n|turn|8\n|inactive|Time left: 300 sec this turn | 300 sec total\n|\n|t:|1783559095\n|switch|p1a: Weezing|Weezing-Galar, L86, M|100/100\n|move|p2a: Luxray|Volt Switch|p1a: Weezing\n|-damage|p1a: Weezing|62/100\n|inactive|Time left: 300 sec this turn | 300 sec total | 5 sec grace\n|\n|t:|1783559096\n|switch|p2a: Maushold|Maushold, L76|238/238|[from] Volt Switch\n|-activate|p2a: Maushold|move: Sticky Web\n|-unboost|p2a: Maushold|spe|1\n|\n|-heal|p1a: Weezing|68/100|[from] item: Leftovers\n|upkeep\n|turn|9\n|inactive|Time left: 300 sec this turn | 300 sec total\n|\n|t:|1783559097\n|move|p1a: Weezing|Gunk Shot|p2a: Maushold\n|-damage|p2a: Maushold|82/238\n|move|p2a: Maushold|Tidy Up|p2a: Maushold\n|-sideend|p2: p0y1650972f|Sticky Web\n|-activate|p2a: Maushold|move: Tidy Up\n|-boost|p2a: Maushold|atk|1\n|-boost|p2a: Maushold|spe|1\n|\n|-heal|p1a: Weezing|74/100|[from] item: Leftovers\n|upkeep\n|turn|10\n|inactive|Time left: 300 sec this turn | 300 sec total\n|\n|t:|1783559099\n|-terastallize|p1a: Weezing|Steel\n|move|p2a: Maushold|Population Bomb|p1a: Weezing\n|-resisted|p1a: Weezing\n|-damage|p1a: Weezing|69/100\n|-resisted|p1a: Weezing\n|-damage|p1a: Weezing|64/100\n|-resisted|p1a: Weezing\n|-damage|p1a: Weezing|60/100\n|-resisted|p1a: Weezing\n|-damage|p1a: Weezing|55/100\n|-resisted|p1a: Weezing\n|-damage|p1a: Weezing|50/100\n|-resisted|p1a: Weezing\n|-damage|p1a: Weezing|45/100\n|-resisted|p1a: Weezing\n|-damage|p1a: Weezing|41/100\n|-resisted|p1a: Weezing\n|-damage|p1a: Weezing|36/100\n|-resisted|p1a: Weezing\n|-damage|p1a: Weezing|31/100\n|-resisted|p1a: Weezing\n|-damage|p1a: Weezing|26/100\n|-hitcount|p1a: Weezing|10\n|move|p1a: Weezing|Fire Blast|p2a: Maushold\n|-damage|p2a: Maushold|0 fnt\n|faint|p2a: Maushold\n|\n|-heal|p1a: Weezing|32/100|[from] item: Leftovers\n|upkeep\n|inactive|Time left: 300 sec this turn | 300 sec total | 5 sec grace\n|\n|t:|1783559100\n|switch|p2a: Chandelure|Chandelure, L83, F|235/235\n|turn|11\n|inactive|Time left: 300 sec this turn | 300 sec total\n|\n|t:|1783559101\n|switch|p1a: Clawitzer|Clawitzer, L87, M|100/100\n|move|p2a: Chandelure|Fire Blast|p1a: Clawitzer\n|-resisted|p1a: Clawitzer\n|-damage|p1a: Clawitzer|81/100\n|\n|upkeep\n|turn|12\n|inactive|Time left: 300 sec this turn | 300 sec total\n|\n|t:|1783559102\n|switch|p2a: Luxray|Luxray, L88, F|284/284\n|-ability|p2a: Luxray|Intimidate|boost\n|-unboost|p1a: Clawitzer|atk|1\n|move|p1a: Clawitzer|Water Pulse|p2a: Luxray\n|-damage|p2a: Luxray|200/284\n|\n|upkeep\n|turn|13\n|inactive|Time left: 300 sec this turn | 300 sec total\n|\n|t:|1783559103\n|switch|p1a: Illumise|Illumise, L91, F|100/100\n|move|p2a: Luxray|Wild Charge|p1a: Illumise\n|-damage|p1a: Illumise|47/100\n|-damage|p2a: Luxray|165/284|[from] Recoil\n|\n|upkeep\n|turn|14\n|inactive|Time left: 300 sec this turn | 300 sec total\n|\n|t:|1783559104\n|move|p1a: Illumise|Roost|p1a: Illumise\n|-heal|p1a: Illumise|97/100\n|-singleturn|p1a: Illumise|move: Roost\n|move|p2a: Luxray|Wild Charge|p1a: Illumise\n|-damage|p1a: Illumise|52/100\n|-damage|p2a: Luxray|135/284|[from] Recoil\n|\n|upkeep\n|turn|15\n|inactive|Time left: 300 sec this turn | 300 sec total\n|\n|t:|1783559105\n|move|p1a: Illumise|Roost|p1a: Illumise\n|-heal|p1a: Illumise|100/100\n|-singleturn|p1a: Illumise|move: Roost\n|move|p2a: Luxray|Wild Charge|p1a: Illumise\n|-damage|p1a: Illumise|54/100\n|-damage|p2a: Luxray|104/284|[from] Recoil\n|\n|upkeep\n|turn|16\n|inactive|Time left: 300 sec this turn | 300 sec total\n|\n|t:|1783559106\n|move|p1a: Illumise|Roost|p1a: Illumise\n|-heal|p1a: Illumise|100/100\n|-singleturn|p1a: Illumise|move: Roost\n|move|p2a: Luxray|Wild Charge|p1a: Illumise\n|-damage|p1a: Illumise|51/100\n|-damage|p2a: Luxray|71/284|[from] Recoil\n|\n|upkeep\n|turn|17\n|inactive|Time left: 300 sec this turn | 300 sec total\n|\n|t:|1783559107\n|move|p1a: Illumise|Roost|p1a: Illumise\n|-heal|p1a: Illumise|100/100\n|-singleturn|p1a: Illumise|move: Roost\n|move|p2a: Luxray|Volt Switch|p1a: Illumise\n|-damage|p1a: Illumise|71/100\n|inactive|Time left: 300 sec this turn | 300 sec total | 5 sec grace\n|\n|t:|1783559108\n|switch|p2a: Chandelure|Chandelure, L83, F|235/235|[from] Volt Switch\n|\n|upkeep\n|turn|18\n|inactive|Time left: 300 sec this turn | 300 sec total\n|\n|t:|1783559109\n|switch|p1a: Clawitzer|Clawitzer, L87, M|81/100\n|move|p2a: Chandelure|Fire Blast|p1a: Clawitzer\n|-resisted|p1a: Clawitzer\n|-crit|p1a: Clawitzer\n|-damage|p1a: Clawitzer|51/100\n|\n|upkeep\n|turn|19\n|inactive|Time left: 300 sec this turn | 300 sec total\n|\n|t:|1783559110\n|switch|p2a: Luxray|Luxray, L88, F|71/284\n|-ability|p2a: Luxray|Intimidate|boost\n|-unboost|p1a: Clawitzer|atk|1\n|move|p1a: Clawitzer|Water Pulse|p2a: Luxray\n|-damage|p2a: Luxray|0 fnt\n|faint|p2a: Luxray\n|\n|upkeep\n|inactive|Time left: 300 sec this turn | 300 sec total | 5 sec grace\n|\n|t:|1783559111\n|switch|p2a: Chandelure|Chandelure, L83, F|235/235\n|turn|20\n|inactive|Time left: 300 sec this turn | 300 sec total\n|\n|t:|1783559112\n|move|p2a: Chandelure|Energy Ball|p1a: Clawitzer\n|-supereffective|p1a: Clawitzer\n|-damage|p1a: Clawitzer|5/100\n|move|p1a: Clawitzer|Water Pulse|p2a: Chandelure\n|-supereffective|p2a: Chandelure\n|-damage|p2a: Chandelure|0 fnt\n|faint|p2a: Chandelure\n|\n|upkeep\n|inactive|Time left: 300 sec this turn | 300 sec total | 5 sec grace\n|\n|t:|1783559113\n|switch|p2a: Landorus|Landorus, L75, M|257/257\n|turn|21\n|inactive|Time left: 300 sec this turn | 300 sec total\n|\n|t:|1783559114\n|switch|p1a: Weezing|Weezing-Galar, L86, M, tera:Steel|32/100\n|move|p2a: Landorus|Earth Power|p1a: Weezing\n|-immune|p1a: Weezing|[from] ability: Levitate\n|\n|-heal|p1a: Weezing|38/100|[from] item: Leftovers\n|upkeep\n|turn|22\n|inactive|Time left: 300 sec this turn | 300 sec total\n|\n|t:|1783559115\n|move|p2a: Landorus|Focus Blast|p1a: Weezing\n|-supereffective|p1a: Weezing\n|-damage|p1a: Weezing|0 fnt\n|faint|p1a: Weezing\n|\n|upkeep\n|\n|t:|1783559116\n|switch|p1a: Tauros|Tauros, L82, M|100/100\n|turn|23\n|inactive|Time left: 300 sec this turn | 300 sec total\n|\n|t:|1783559117\n|move|p1a: Tauros|Body Slam|p2a: Landorus\n|-damage|p2a: Landorus|104/257\n|move|p2a: Landorus|Focus Blast|p1a: Tauros|[miss]\n|-miss|p2a: Landorus|p1a: Tauros\n|\n|upkeep\n|turn|24\n|inactive|Time left: 300 sec this turn | 300 sec total\n|\n|t:|1783559117\n|move|p1a: Tauros|Body Slam|p2a: Landorus\n|-damage|p2a: Landorus|0 fnt\n|faint|p2a: Landorus\n|\n|upkeep\n|inactive|Time left: 300 sec this turn | 300 sec total | 5 sec grace\n|\n|t:|1783559118\n|switch|p2a: Probopass|Probopass, L91, F|257/257\n|turn|25\n|inactive|Time left: 300 sec this turn | 300 sec total\n|\n|t:|1783559119\n|switch|p1a: Illumise|Illumise, L91, F|71/100\n|-terastallize|p2a: Probopass|Fighting\n|move|p2a: Probopass|Body Press|p1a: Illumise\n|-resisted|p1a: Illumise\n|-damage|p1a: Illumise|43/100\n|\n|upkeep\n|turn|26\n|inactive|Time left: 300 sec this turn | 300 sec total\n|\n|t:|1783559120\n|move|p1a: Illumise|Roost|p1a: Illumise\n|-heal|p1a: Illumise|93/100\n|-singleturn|p1a: Illumise|move: Roost\n|move|p2a: Probopass|Power Gem|p1a: Illumise\n|-supereffective|p1a: Illumise\n|-damage|p1a: Illumise|32/100\n|\n|upkeep\n|turn|27\n|inactive|Time left: 300 sec this turn | 300 sec total\n|\n|t:|1783559121\n|move|p1a: Illumise|Encore|p2a: Probopass\n|-start|p2a: Probopass|Encore\n|move|p2a: Probopass|Power Gem|p1a: Illumise\n|-supereffective|p1a: Illumise\n|-damage|p1a: Illumise|0 fnt\n|faint|p1a: Illumise\n|\n|upkeep\n|\n|t:|1783559121\n|switch|p1a: Tauros|Tauros, L82, M|100/100\n|turn|28\n|inactive|Time left: 300 sec this turn | 300 sec total\n|\n|t:|1783559122\n|move|p1a: Tauros|Zen Headbutt|p2a: Probopass\n|-supereffective|p2a: Probopass\n|-damage|p2a: Probopass|148/257\n|move|p2a: Probopass|Power Gem|p1a: Tauros\n|-damage|p1a: Tauros|63/100\n|\n|-heal|p2a: Probopass|164/257|[from] item: Leftovers\n|upkeep\n|turn|29\n|inactive|Time left: 300 sec this turn | 300 sec total\n|\n|t:|1783559123\n|move|p1a: Tauros|Body Slam|p2a: Probopass\n|-damage|p2a: Probopass|69/257\n|move|p2a: Probopass|Power Gem|p1a: Tauros\n|-damage|p1a: Tauros|27/100\n|\n|-heal|p2a: Probopass|85/257|[from] item: Leftovers\n|-end|p2a: Probopass|Encore\n|upkeep\n|turn|30\n|inactive|Time left: 300 sec this turn | 300 sec total\n|\n|t:|1783559124\n|move|p1a: Tauros|Body Slam|p2a: Probopass\n|-damage|p2a: Probopass|0 fnt\n|faint|p2a: Probopass\n|\n|win|p0x165022e8", "uploadtime": 1783559124, "views": 0, "rating": 0, "private": 0, "password": null, "_winner": "p0x165022e8", "_our_name": "p0y1650972f"}