{"id": "battle-gen9randombattle-1794", "formatid": "gen9randombattle", "format": "[Gen 9] Random Battle", "players": ["p0x1794ad42", "p0y1794c1c6"], "log": "|init|battle\n|title|p0x1794ad42 vs. p0y1794c1c6\n|j|\u2606p0x1794ad42\n|j|\u2606p0y1794c1c6\n|t:|1783560026\n|gametype|singles\n|player|p1|p0x1794ad42|2|\n|player|p2|p0y1794c1c6|170|\n|gen|9\n|tier|[Gen 9] Random Battle\n|rule|Species Clause: Limit one of each Pok\u00e9mon\n|rule|HP Percentage Mod: HP is shown in percentages\n|rule|Sleep Clause Mod: Limit one foe put to sleep\n|rule|Illusion Level Mod: Illusion disguises the Pok\u00e9mon's true level\n|\n|t:|1783560026\n|teamsize|p1|6\n|teamsize|p2|6\n|start\n|switch|p1a: Dragonite|Dragonite, L74, M|100/100\n|switch|p2a: Bronzong|Bronzong, L88|261/261\n|turn|1\n|inactive|Battle timer is ON: inactive players will automatically lose when time's up. (requested by p0y1794c1c6)\n|inactive|p0x1794ad42 also wants the timer to be on.\n|\n|t:|1783560027\n|move|p1a: Dragonite|Dragon Dance|p1a: Dragonite\n|-boost|p1a: Dragonite|atk|1\n|-boost|p1a: Dragonite|spe|1\n|move|p2a: Bronzong|Stealth Rock|p1a: Dragonite\n|-sidestart|p1: p0x1794ad42|move: Stealth Rock\n|\n|upkeep\n|turn|2\n|inactive|Time left: 300 sec this turn | 300 sec total\n|\n|t:|1783560028\n|switch|p2a: Ribombee|Ribombee, L83, M|235/235\n|move|p1a: Dragonite|Outrage|p2a: Ribombee\n|-immune|p2a: Ribombee\n|\n|upkeep\n|turn|3\n|inactive|Time left: 300 sec this turn | 300 sec total\n|\n|t:|1783560029\n|move|p2a: Ribombee|Sticky Web|p1a: Dragonite\n|-sidestart|p1: p0x1794ad42|move: Sticky Web\n|move|p1a: Dragonite|Iron Head|p2a: Ribombee\n|-supereffective|p2a: Ribombee\n|-damage|p2a: Ribombee|3/235\n|\n|upkeep\n|turn|4\n|inactive|Time left: 300 sec this turn | 300 sec total\n|\n|t:|1783560030\n|switch|p2a: Iron Hands|Iron Hands, L79|373/373\n|move|p1a: Dragonite|Dragon Dance|p1a: Dragonite\n|-boost|p1a: Dragonite|atk|1\n|-boost|p1a: Dragonite|spe|1\n|\n|upkeep\n|turn|5\n|inactive|Time left: 300 sec this turn | 300 sec total\n|\n|t:|1783560031\n|move|p1a: Dragonite|Outrage|p2a: Iron Hands\n|-damage|p2a: Iron Hands|150/373\n|move|p2a: Iron Hands|Ice Punch|p1a: Dragonite\n|-supereffective|p1a: Dragonite\n|-damage|p1a: Dragonite|51/100\n|-status|p1a: Dragonite|frz\n|\n|-heal|p2a: Iron Hands|173/373|[from] item: Leftovers\n|upkeep\n|turn|6\n|inactive|Time left: 300 sec this turn | 300 sec total\n|\n|t:|1783560032\n|cant|p1a: Dragonite|frz\n|move|p2a: Iron Hands|Ice Punch|p1a: Dragonite\n|-supereffective|p1a: Dragonite\n|-damage|p1a: Dragonite|0 fnt\n|faint|p1a: Dragonite\n|\n|-heal|p2a: Iron Hands|196/373|[from] item: Leftovers\n|upkeep\n|\n|t:|1783560033\n|switch|p1a: Uxie|Uxie, L83|100/100\n|-damage|p1a: Uxie|88/100|[from] Stealth Rock\n|turn|7\n|inactive|Time left: 300 sec this turn | 300 sec total\n|\n|t:|1783560034\n|move|p1a: Uxie|Psychic Noise|p2a: Iron Hands\n|-supereffective|p2a: Iron Hands\n|-damage|p2a: Iron Hands|20/373\n|-start|p2a: Iron Hands|move: Heal Block\n|move|p2a: Iron Hands|Swords Dance|p2a: Iron Hands\n|-boost|p2a: Iron Hands|atk|2\n|\n|-heal|p1a: Uxie|94/100|[from] item: Leftovers\n|upkeep\n|turn|8\n|inactive|Time left: 300 sec this turn | 300 sec total\n|\n|t:|1783560035\n|move|p1a: Uxie|Knock Off|p2a: Iron Hands\n|-resisted|p2a: Iron Hands\n|-damage|p2a: Iron Hands|0 fnt\n|-enditem|p2a: Iron Hands|Leftovers|[from] move: Knock Off|[of] p1a: Uxie\n|faint|p2a: Iron Hands\n|-end|p2a: Iron Hands|Quark Drive|[silent]\n|\n|-heal|p1a: Uxie|100/100|[from] item: Leftovers\n|upkeep\n|inactive|Time left: 300 sec this turn | 300 sec total | 5 sec grace\n|\n|t:|1783560036\n|switch|p2a: Iron Valiant|Iron Valiant, L78|244/244\n|turn|9\n|inactive|Time left: 300 sec this turn | 300 sec total\n|\n|t:|1783560037\n|move|p2a: Iron Valiant|Swords Dance|p2a: Iron Valiant\n|-boost|p2a: Iron Valiant|atk|2\n|move|p1a: Uxie|Psychic Noise|p2a: Iron Valiant\n|-supereffective|p2a: Iron Valiant\n|-damage|p2a: Iron Valiant|52/244\n|-start|p2a: Iron Valiant|move: Heal Block\n|\n|upkeep\n|turn|10\n|inactive|Time left: 300 sec this turn | 300 sec total\n|\n|t:|1783560037\n|switch|p1a: Dondozo|Dondozo, L78, F|100/100\n|-damage|p1a: Dondozo|88/100|[from] Stealth Rock\n|-activate|p1a: Dondozo|move: Sticky Web\n|-unboost|p1a: Dondozo|spe|1\n|move|p2a: Iron Valiant|Knock Off|p1a: Dondozo\n|-damage|p1a: Dondozo|64/100\n|-enditem|p1a: Dondozo|Leftovers|[from] move: Knock Off|[of] p2a: Iron Valiant\n|-damage|p2a: Iron Valiant|28/244|[from] item: Life Orb\n|\n|-end|p2a: Iron Valiant|move: Heal Block\n|upkeep\n|turn|11\n|inactive|Time left: 300 sec this turn | 300 sec total\n|\n|t:|1783560038\n|move|p2a: Iron Valiant|Spirit Break|p1a: Dondozo\n|-damage|p1a: Dondozo|36/100\n|-unboost|p1a: Dondozo|spa|1\n|-damage|p2a: Iron Valiant|4/244|[from] item: Life Orb\n|move|p1a: Dondozo|Wave Crash|p2a: Iron Valiant\n|-damage|p2a: Iron Valiant|0 fnt\n|faint|p2a: Iron Valiant\n|-end|p2a: Iron Valiant|Quark Drive|[silent]\n|-damage|p1a: Dondozo|36/100|[from] Recoil\n|\n|upkeep\n|inactive|Time left: 300 sec this turn | 300 sec total | 5 sec grace\n|\n|t:|1783560039\n|switch|p2a: Munkidori|Munkidori, L79, M|269/269\n|turn|12\n|inactive|Time left: 300 sec this turn | 300 sec total\n|\n|t:|1783560040\n|move|p2a: Munkidori|Nasty Plot|p2a: Munkidori\n|-boost|p2a: Munkidori|spa|2\n|move|p1a: Dondozo|Wave Crash|p2a: Munkidori\n|-damage|p2a: Munkidori|127/269\n|-damage|p1a: Dondozo|23/100|[from] Recoil\n|\n|upkeep\n|turn|13\n|inactive|Time left: 300 sec this turn | 300 sec total\n|\n|t:|1783560041\n|move|p2a: Munkidori|Sludge Wave|p1a: Dondozo\n|-damage|p1a: Dondozo|0 fnt\n|faint|p1a: Dondozo\n|-damage|p2a: Munkidori|101/269|[from] item: Life Orb\n|\n|upkeep\n|\n|t:|1783560042\n|switch|p1a: Dodrio|Dodrio, L85, F|100/100\n|turn|14\n|inactive|Time left: 300 sec this turn | 300 sec total\n|\n|t:|1783560043\n|switch|p2a: Bronzong|Bronzong, L88|261/261\n|move|p1a: Dodrio|Brave Bird|p2a: Bronzong\n|-resisted|p2a: Bronzong\n|-damage|p2a: Bronzong|210/261\n|-damage|p1a: Dodrio|93/100|[from] Recoil\n|\n|-heal|p2a: Bronzong|226/261|[from] item: Leftovers\n|upkeep\n|turn|15\n|inactive|Time left: 300 sec this turn | 300 sec total\n|\n|t:|1783560044\n|move|p1a: Dodrio|Knock Off|p2a: Bronzong\n|-supereffective|p2a: Bronzong\n|-crit|p2a: Bronzong\n|-damage|p2a: Bronzong|36/261\n|-enditem|p2a: Bronzong|Leftovers|[from] move: Knock Off|[of] p1a: Dodrio\n|move|p2a: Bronzong|Psychic|p1a: Dodrio\n|-damage|p1a: Dodrio|42/100\n|\n|upkeep\n|turn|16\n|inactive|Time left: 300 sec this turn | 300 sec total\n|\n|t:|1783560045\n|move|p1a: Dodrio|Brave Bird|p2a: Bronzong\n|-resisted|p2a: Bronzong\n|-damage|p2a: Bronzong|0 fnt\n|faint|p2a: Bronzong\n|-damage|p1a: Dodrio|37/100|[from] Recoil\n|\n|upkeep\n|inactive|Time left: 300 sec this turn | 300 sec total | 5 sec grace\n|\n|t:|1783560047\n|switch|p2a: Ribombee|Ribombee, L83, M|3/235\n|turn|17\n|inactive|Time left: 300 sec this turn | 300 sec total\n|\n|t:|1783560048\n|switch|p1a: Alomomola|Alomomola, L87, F|100/100\n|move|p2a: Ribombee|Moonblast|p1a: Alomomola\n|-damage|p1a: Alomomola|67/100\n|\n|upkeep\n|turn|18\n|inactive|Time left: 300 sec this turn | 300 sec total\n|\n|t:|1783560049\n|move|p2a: Ribombee|Moonblast|p1a: Alomomola\n|-damage|p1a: Alomomola|30/100\n|move|p1a: Alomomola|Flip Turn|p2a: Ribombee\n|-damage|p2a: Ribombee|0 fnt\n|faint|p2a: Ribombee\n|\n|t:|1783560050\n|switch|p1a: Dodrio|Dodrio, L85, F|37/100|[from] Flip Turn\n|\n|upkeep\n|inactive|Time left: 300 sec this turn | 300 sec total | 10 sec grace\n|\n|t:|1783560051\n|switch|p2a: Zangoose|Zangoose, L85, F|263/263\n|turn|19\n|inactive|Time left: 300 sec this turn | 300 sec total\n|\n|t:|1783560052\n|-terastallize|p1a: Dodrio|Flying\n|move|p1a: Dodrio|Brave Bird|p2a: Zangoose\n|-damage|p2a: Zangoose|15/263\n|-damage|p1a: Dodrio|3/100|[from] Recoil\n|move|p2a: Zangoose|Knock Off|p1a: Dodrio\n|-damage|p1a: Dodrio|0 fnt\n|-enditem|p1a: Dodrio|Heavy-Duty Boots|[from] move: Knock Off|[of] p2a: Zangoose\n|faint|p1a: Dodrio\n|\n|-status|p2a: Zangoose|tox|[from] item: Toxic Orb\n|upkeep\n|\n|t:|1783560053\n|switch|p1a: Uxie|Uxie, L83|100/100\n|-damage|p1a: Uxie|88/100|[from] Stealth Rock\n|turn|20\n|inactive|Time left: 300 sec this turn | 300 sec total\n|\n|t:|1783560054\n|move|p1a: Uxie|Knock Off|p2a: Zangoose\n|-damage|p2a: Zangoose|0 fnt\n|-enditem|p2a: Zangoose|Toxic Orb|[from] move: Knock Off|[of] p1a: Uxie\n|faint|p2a: Zangoose\n|\n|-heal|p1a: Uxie|94/100|[from] item: Leftovers\n|upkeep\n|inactive|Time left: 300 sec this turn | 300 sec total | 5 sec grace\n|\n|t:|1783560055\n|switch|p2a: Munkidori|Munkidori, L79, M|101/269\n|turn|21\n|inactive|Time left: 300 sec this turn | 300 sec total\n|\n|t:|1783560056\n|-terastallize|p2a: Munkidori|Poison\n|move|p2a: Munkidori|Sludge Wave|p1a: Uxie\n|-damage|p1a: Uxie|38/100\n|-damage|p2a: Munkidori|75/269|[from] item: Life Orb\n|move|p1a: Uxie|Psychic Noise|p2a: Munkidori\n|-supereffective|p2a: Munkidori\n|-damage|p2a: Munkidori|0 fnt\n|faint|p2a: Munkidori\n|\n|win|p0x1794ad42", "uploadtime": 1783560056, "views": 0, "rating": 0, "private": 0, "password": null, "_winner": "p0x1794ad42", "_our_name": "p0y1794c1c6"}