{"id": "battle-gen9randombattle-2345", "formatid": "gen9randombattle", "format": "[Gen 9] Random Battle", "players": ["p0x2345266e", "p0y2345d16f"], "log": "|init|battle\n|title|p0x2345266e vs. p0y2345d16f\n|j|\u2606p0x2345266e\n|j|\u2606p0y2345d16f\n|t:|1783567213\n|gametype|singles\n|player|p1|p0x2345266e|266|\n|player|p2|p0y2345d16f|101|\n|gen|9\n|tier|[Gen 9] Random Battle\n|rule|Species Clause: Limit one of each Pok\u00e9mon\n|rule|HP Percentage Mod: HP is shown in percentages\n|rule|Sleep Clause Mod: Limit one foe put to sleep\n|rule|Illusion Level Mod: Illusion disguises the Pok\u00e9mon's true level\n|\n|t:|1783567213\n|teamsize|p1|6\n|teamsize|p2|6\n|start\n|switch|p1a: Dugtrio|Dugtrio, L84, F|100/100\n|switch|p2a: Giratina|Giratina-Origin, L72|335/335\n|turn|1\n|inactive|Battle timer is ON: inactive players will automatically lose when time's up. (requested by p0y2345d16f)\n|inactive|p0x2345266e also wants the timer to be on.\n|\n|t:|1783567215\n|switch|p1a: Bisharp|Bisharp, L79, F|100/100\n|move|p2a: Giratina|Will-O-Wisp|p1a: Bisharp\n|-status|p1a: Bisharp|brn\n|\n|-damage|p1a: Bisharp|94/100 brn|[from] brn\n|upkeep\n|turn|2\n|inactive|Time left: 300 sec this turn | 300 sec total\n|\n|t:|1783567216\n|switch|p2a: Suicune|Suicune, L82|298/298\n|-ability|p2a: Suicune|Pressure\n|move|p1a: Bisharp|Swords Dance|p1a: Bisharp\n|-boost|p1a: Bisharp|atk|2\n|\n|-damage|p1a: Bisharp|88/100 brn|[from] brn\n|upkeep\n|turn|3\n|inactive|Time left: 300 sec this turn | 300 sec total\n|\n|t:|1783567217\n|move|p2a: Suicune|Calm Mind|p2a: Suicune\n|-boost|p2a: Suicune|spa|1\n|-boost|p2a: Suicune|spd|1\n|move|p1a: Bisharp|Swords Dance|p1a: Bisharp\n|-boost|p1a: Bisharp|atk|2\n|\n|-damage|p1a: Bisharp|82/100 brn|[from] brn\n|upkeep\n|turn|4\n|inactive|Time left: 300 sec this turn | 300 sec total\n|\n|t:|1783567218\n|move|p2a: Suicune|Scald|p1a: Bisharp\n|-damage|p1a: Bisharp|41/100 brn\n|move|p1a: Bisharp|Throat Chop|p2a: Suicune\n|-damage|p2a: Suicune|178/298\n|-start|p2a: Suicune|Throat Chop|[silent]\n|\n|-heal|p2a: Suicune|196/298|[from] item: Leftovers\n|-damage|p1a: Bisharp|35/100 brn|[from] brn\n|upkeep\n|turn|5\n|inactive|Time left: 300 sec this turn | 300 sec total\n|\n|t:|1783567220\n|move|p1a: Bisharp|Sucker Punch|p2a: Suicune\n|-damage|p2a: Suicune|88/298\n|move|p2a: Suicune|Scald|p1a: Bisharp\n|-damage|p1a: Bisharp|0 fnt\n|faint|p1a: Bisharp\n|\n|-heal|p2a: Suicune|106/298|[from] item: Leftovers\n|-end|p2a: Suicune|Throat Chop|[silent]\n|upkeep\n|\n|t:|1783567221\n|switch|p1a: Pawmot|Pawmot, L80, F|100/100\n|turn|6\n|inactive|Time left: 300 sec this turn | 300 sec total\n|\n|t:|1783567222\n|switch|p2a: Overqwil|Overqwil, L82, M|274/274\n|-ability|p2a: Overqwil|Intimidate|boost\n|-unboost|p1a: Pawmot|atk|1\n|move|p1a: Pawmot|Double Shock|p2a: Overqwil\n|-damage|p2a: Overqwil|164/274\n|-start|p1a: Pawmot|typechange|???/Fighting|[from] move: Double Shock\n|-damage|p1a: Pawmot|91/100|[from] item: Life Orb\n|\n|upkeep\n|turn|7\n|inactive|Time left: 300 sec this turn | 300 sec total\n|\n|t:|1783567223\n|switch|p1a: Falinks|Falinks, L84|100/100\n|move|p2a: Overqwil|Crunch|p1a: Falinks\n|-resisted|p1a: Falinks\n|-damage|p1a: Falinks|75/100\n|\n|upkeep\n|turn|8\n|inactive|Time left: 300 sec this turn | 300 sec total\n|\n|t:|1783567224\n|switch|p2a: Latios|Latios, L78, M|253/253\n|move|p1a: Falinks|No Retreat|p1a: Falinks\n|-boost|p1a: Falinks|atk|1\n|-boost|p1a: Falinks|def|1\n|-boost|p1a: Falinks|spa|1\n|-boost|p1a: Falinks|spd|1\n|-boost|p1a: Falinks|spe|1\n|-start|p1a: Falinks|move: No Retreat\n|\n|upkeep\n|turn|9\n|inactive|Time left: 300 sec this turn | 300 sec total\n|\n|t:|1783567225\n|-terastallize|p2a: Latios|Dragon\n|move|p1a: Falinks|Knock Off|p2a: Latios\n|-damage|p2a: Latios|109/253\n|-enditem|p2a: Latios|Choice Specs|[from] move: Knock Off|[of] p1a: Falinks\n|-damage|p1a: Falinks|66/100|[from] item: Life Orb\n|move|p2a: Latios|Draco Meteor|p1a: Falinks\n|-damage|p1a: Falinks|0 fnt\n|-unboost|p2a: Latios|spa|2\n|faint|p1a: Falinks\n|\n|upkeep\n|\n|t:|1783567226\n|switch|p1a: Metagross|Metagross, L79|100/100\n|turn|10\n|inactive|Time left: 300 sec this turn | 300 sec total\n|\n|t:|1783567227\n|move|p2a: Latios|Flip Turn|p1a: Metagross\n|-damage|p1a: Metagross|90/100\n|inactive|Time left: 300 sec this turn | 300 sec total | 5 sec grace\n|\n|t:|1783567228\n|switch|p2a: Suicune|Suicune, L82|106/298|[from] Flip Turn\n|-ability|p2a: Suicune|Pressure\n|move|p1a: Metagross|Agility|p1a: Metagross\n|-boost|p1a: Metagross|spe|2\n|\n|-heal|p2a: Suicune|124/298|[from] item: Leftovers\n|upkeep\n|turn|11\n|inactive|Time left: 300 sec this turn | 300 sec total\n|\n|t:|1783567230\n|move|p1a: Metagross|Knock Off|p2a: Suicune\n|-damage|p2a: Suicune|53/298\n|-enditem|p2a: Suicune|Leftovers|[from] move: Knock Off|[of] p1a: Metagross\n|move|p2a: Suicune|Scald|p1a: Metagross\n|-damage|p1a: Metagross|60/100\n|\n|upkeep\n|turn|12\n|inactive|Time left: 300 sec this turn | 300 sec total\n|\n|t:|1783567231\n|switch|p2a: Giratina|Giratina-Origin, L72|335/335\n|move|p1a: Metagross|Earthquake|p2a: Giratina\n|-immune|p2a: Giratina|[from] ability: Levitate\n|\n|upkeep\n|turn|13\n|inactive|Time left: 300 sec this turn | 300 sec total\n|\n|t:|1783567232\n|move|p1a: Metagross|Knock Off|p2a: Giratina\n|-supereffective|p2a: Giratina\n|-damage|p2a: Giratina|233/335\n|move|p2a: Giratina|Poltergeist|p1a: Metagross\n|-activate|p1a: Metagross|move: Poltergeist|Weakness Policy\n|-supereffective|p1a: Metagross\n|-damage|p1a: Metagross|0 fnt\n|faint|p1a: Metagross\n|\n|upkeep\n|\n|t:|1783567233\n|switch|p1a: Latias|Latias, L79, F|100/100\n|turn|14\n|inactive|Time left: 300 sec this turn | 300 sec total\n|\n|t:|1783567234\n|move|p1a: Latias|Draco Meteor|p2a: Giratina\n|-supereffective|p2a: Giratina\n|-damage|p2a: Giratina|0 fnt\n|-unboost|p1a: Latias|spa|2\n|faint|p2a: Giratina\n|\n|upkeep\n|inactive|Time left: 300 sec this turn | 300 sec total | 5 sec grace\n|\n|t:|1783567235\n|switch|p2a: Overqwil|Overqwil, L82, M|164/274\n|-ability|p2a: Overqwil|Intimidate|boost\n|-unboost|p1a: Latias|atk|1\n|turn|15\n|inactive|Time left: 300 sec this turn | 300 sec total\n|\n|t:|1783567236\n|switch|p1a: Pawmot|Pawmot, L80, F|91/100\n|move|p2a: Overqwil|Gunk Shot|p1a: Pawmot\n|-damage|p1a: Pawmot|0 fnt\n|faint|p1a: Pawmot\n|\n|upkeep\n|\n|t:|1783567237\n|switch|p1a: Dugtrio|Dugtrio, L84, F|100/100\n|turn|16\n|inactive|Time left: 300 sec this turn | 300 sec total\n|\n|t:|1783567238\n|move|p1a: Dugtrio|Earthquake|p2a: Overqwil\n|-supereffective|p2a: Overqwil\n|-damage|p2a: Overqwil|0 fnt\n|faint|p2a: Overqwil\n|\n|upkeep\n|inactive|Time left: 300 sec this turn | 300 sec total | 5 sec grace\n|\n|t:|1783567239\n|switch|p2a: Latios|Latios, L78, M, tera:Dragon|109/253\n|turn|17\n|inactive|Time left: 300 sec this turn | 300 sec total\n|\n|t:|1783567240\n|move|p1a: Dugtrio|Swords Dance|p1a: Dugtrio\n|-boost|p1a: Dugtrio|atk|2\n|move|p2a: Latios|Draco Meteor|p1a: Dugtrio|[miss]\n|-miss|p2a: Latios|p1a: Dugtrio\n|\n|upkeep\n|turn|18\n|inactive|Time left: 300 sec this turn | 300 sec total\n|\n|t:|1783567241\n|switch|p2a: Suicune|Suicune, L82|53/298\n|-ability|p2a: Suicune|Pressure\n|move|p1a: Dugtrio|Stone Edge|p2a: Suicune\n|-damage|p2a: Suicune|0 fnt\n|faint|p2a: Suicune\n|\n|upkeep\n|inactive|Time left: 300 sec this turn | 300 sec total | 5 sec grace\n|\n|t:|1783567242\n|switch|p2a: Latios|Latios, L78, M, tera:Dragon|109/253\n|turn|19\n|inactive|Time left: 300 sec this turn | 300 sec total\n|\n|t:|1783567243\n|switch|p2a: Garganacl|Garganacl, L80, M|291/291\n|move|p1a: Dugtrio|Stone Edge|p2a: Garganacl|[miss]\n|-miss|p1a: Dugtrio|p2a: Garganacl\n|\n|upkeep\n|turn|20\n|inactive|Time left: 300 sec this turn | 300 sec total\n|\n|t:|1783567243\n|move|p2a: Garganacl|Protect|p2a: Garganacl\n|-singleturn|p2a: Garganacl|Protect\n|move|p1a: Dugtrio|Earthquake|p2a: Garganacl\n|-activate|p2a: Garganacl|move: Protect\n|\n|upkeep\n|turn|21\n|inactive|Time left: 300 sec this turn | 300 sec total\n|\n|t:|1783567244\n|move|p2a: Garganacl|Protect||[still]\n|-fail|p2a: Garganacl\n|move|p1a: Dugtrio|Earthquake|p2a: Garganacl\n|-supereffective|p2a: Garganacl\n|-damage|p2a: Garganacl|0 fnt\n|faint|p2a: Garganacl\n|\n|upkeep\n|inactive|Time left: 300 sec this turn | 300 sec total | 5 sec grace\n|\n|t:|1783567245\n|switch|p2a: Latios|Latios, L78, M, tera:Dragon|109/253\n|turn|22\n|inactive|Time left: 300 sec this turn | 300 sec total\n|\n|t:|1783567246\n|-terastallize|p1a: Dugtrio|Flying\n|move|p1a: Dugtrio|Stone Edge|p2a: Latios|[miss]\n|-miss|p1a: Dugtrio|p2a: Latios\n|move|p2a: Latios|Flip Turn|p1a: Dugtrio\n|-damage|p1a: Dugtrio|76/100\n|inactive|Time left: 300 sec this turn | 300 sec total | 5 sec grace\n|\n|t:|1783567246\n|switch|p2a: Oricorio|Oricorio-Pom-Pom, L82, M|257/257|[from] Flip Turn\n|\n|upkeep\n|turn|23\n|inactive|Time left: 300 sec this turn | 300 sec total\n|\n|t:|1783567247\n|switch|p2a: Latios|Latios, L78, M, tera:Dragon|109/253\n|move|p1a: Dugtrio|Stone Edge|p2a: Latios\n|-crit|p2a: Latios\n|-damage|p2a: Latios|0 fnt\n|faint|p2a: Latios\n|\n|upkeep\n|inactive|Time left: 300 sec this turn | 300 sec total | 5 sec grace\n|\n|t:|1783567248\n|switch|p2a: Oricorio|Oricorio-Pom-Pom, L82, M|257/257\n|turn|24\n|inactive|Time left: 300 sec this turn | 300 sec total\n|\n|t:|1783567249\n|move|p1a: Dugtrio|Stone Edge|p2a: Oricorio\n|-supereffective|p2a: Oricorio\n|-damage|p2a: Oricorio|0 fnt\n|faint|p2a: Oricorio\n|\n|win|p0x2345266e", "uploadtime": 1783567249, "views": 0, "rating": 0, "private": 0, "password": null, "_winner": "p0x2345266e", "_our_name": "p0y2345d16f"}