{"id": "battle-gen9randombattle-409", "formatid": "gen9randombattle", "format": "[Gen 9] Random Battle", "players": ["p0x40979fe", "p0y4094eb5"], "log": "|init|battle\n|title|p0x40979fe vs. p0y4094eb5\n|j|\u2606p0x40979fe\n|j|\u2606p0y4094eb5\n|t:|1783543814\n|gametype|singles\n|player|p1|p0x40979fe|169|\n|player|p2|p0y4094eb5|169|\n|gen|9\n|tier|[Gen 9] Random Battle\n|rule|Species Clause: Limit one of each Pok\u00e9mon\n|rule|HP Percentage Mod: HP is shown in percentages\n|rule|Sleep Clause Mod: Limit one foe put to sleep\n|rule|Illusion Level Mod: Illusion disguises the Pok\u00e9mon's true level\n|\n|t:|1783543814\n|teamsize|p1|6\n|teamsize|p2|6\n|start\n|switch|p1a: Dewgong|Dewgong, L94, F|322/322\n|switch|p2a: Regidrago|Regidrago, L77|100/100\n|turn|1\n|inactive|Battle timer is ON: inactive players will automatically lose when time's up. (requested by p0x40979fe)\n|inactive|p0y4094eb5 also wants the timer to be on.\n|\n|t:|1783543815\n|move|p2a: Regidrago|Outrage|p1a: Dewgong\n|-damage|p1a: Dewgong|169/322\n|move|p1a: Dewgong|Triple Axel|p2a: Regidrago\n|-supereffective|p2a: Regidrago\n|-damage|p2a: Regidrago|84/100\n|-supereffective|p2a: Regidrago\n|-damage|p2a: Regidrago|50/100\n|-supereffective|p2a: Regidrago\n|-damage|p2a: Regidrago|6/100\n|-hitcount|p2a: Regidrago|3\n|\n|upkeep\n|turn|2\n|inactive|Time left: 300 sec this turn | 300 sec total\n|\n|t:|1783543816\n|-terastallize|p1a: Dewgong|Steel\n|move|p2a: Regidrago|Outrage|p1a: Dewgong|[from] lockedmove\n|-resisted|p1a: Dewgong\n|-damage|p1a: Dewgong|86/322\n|-start|p2a: Regidrago|confusion|[fatigue]\n|move|p1a: Dewgong|Flip Turn|p2a: Regidrago\n|-resisted|p2a: Regidrago\n|-damage|p2a: Regidrago|0 fnt\n|faint|p2a: Regidrago\n|inactive|Time left: 300 sec this turn | 300 sec total | 5 sec grace\n|\n|t:|1783543817\n|switch|p1a: Medicham|Medicham, L86, M|243/243|[from] Flip Turn\n|\n|upkeep\n|\n|t:|1783543817\n|switch|p2a: Indeedee|Indeedee, L84, M|100/100\n|-fieldstart|move: Psychic Terrain|[from] ability: Psychic Surge|[of] p2a: Indeedee\n|turn|3\n|inactive|Time left: 300 sec this turn | 300 sec total\n|\n|t:|1783543818\n|switch|p1a: Dewgong|Dewgong, L94, F, tera:Steel|86/322\n|-terastallize|p2a: Indeedee|Psychic\n|move|p2a: Indeedee|Expanding Force|p1a: Dewgong\n|-resisted|p1a: Dewgong\n|-damage|p1a: Dewgong|0 fnt\n|faint|p1a: Dewgong\n|\n|upkeep\n|inactive|Time left: 300 sec this turn | 300 sec total | 5 sec grace\n|\n|t:|1783543819\n|switch|p1a: Froslass|Froslass, L87, F|263/263\n|turn|4\n|inactive|Time left: 300 sec this turn | 300 sec total\n|\n|t:|1783543821\n|move|p2a: Indeedee|Expanding Force|p1a: Froslass\n|-damage|p1a: Froslass|13/263\n|move|p1a: Froslass|Poltergeist|p2a: Indeedee\n|-activate|p2a: Indeedee|move: Poltergeist|Choice Scarf\n|-supereffective|p2a: Indeedee\n|-damage|p2a: Indeedee|0 fnt\n|faint|p2a: Indeedee\n|\n|upkeep\n|\n|t:|1783543822\n|switch|p2a: Iron Treads|Iron Treads, L77|100/100\n|turn|5\n|inactive|Time left: 300 sec this turn | 300 sec total\n|\n|t:|1783543823\n|move|p1a: Froslass|Will-O-Wisp|p2a: Iron Treads|[miss]\n|-miss|p1a: Froslass|p2a: Iron Treads\n|move|p2a: Iron Treads|Earthquake|p1a: Froslass\n|-damage|p1a: Froslass|0 fnt\n|faint|p1a: Froslass\n|\n|upkeep\n|inactive|Time left: 300 sec this turn | 300 sec total | 5 sec grace\n|\n|t:|1783543824\n|switch|p1a: Medicham|Medicham, L86, M|243/243\n|turn|6\n|inactive|Time left: 300 sec this turn | 300 sec total\n|\n|t:|1783543825\n|move|p2a: Iron Treads|Iron Head|p1a: Medicham\n|-damage|p1a: Medicham|150/243\n|move|p1a: Medicham|Close Combat|p2a: Iron Treads\n|-supereffective|p2a: Iron Treads\n|-crit|p2a: Iron Treads\n|-damage|p2a: Iron Treads|0 fnt\n|-unboost|p1a: Medicham|def|1\n|-unboost|p1a: Medicham|spd|1\n|faint|p2a: Iron Treads\n|-end|p2a: Iron Treads|Quark Drive|[silent]\n|\n|upkeep\n|\n|t:|1783543826\n|switch|p2a: Sneasler|Sneasler, L74, F|100/100\n|turn|7\n|inactive|Time left: 300 sec this turn | 300 sec total\n|\n|t:|1783543827\n|switch|p1a: Arbok|Arbok, L87, M|246/246\n|-ability|p1a: Arbok|Intimidate|boost\n|-unboost|p2a: Sneasler|atk|1\n|move|p2a: Sneasler|Dire Claw|p1a: Arbok\n|-resisted|p1a: Arbok\n|-damage|p1a: Arbok|197/246\n|\n|-heal|p1a: Arbok|212/246|[from] item: Leftovers\n|-fieldend|move: Psychic Terrain\n|upkeep\n|turn|8\n|inactive|Time left: 300 sec this turn | 300 sec total\n|\n|t:|1783543828\n|move|p2a: Sneasler|Dire Claw|p1a: Arbok\n|-resisted|p1a: Arbok\n|-damage|p1a: Arbok|167/246\n|move|p1a: Arbok|Earthquake|p2a: Sneasler\n|-supereffective|p2a: Sneasler\n|-damage|p2a: Sneasler|11/100\n|\n|-heal|p1a: Arbok|182/246|[from] item: Leftovers\n|upkeep\n|turn|9\n|inactive|Time left: 300 sec this turn | 300 sec total\n|\n|t:|1783543829\n|move|p2a: Sneasler|Dire Claw|p1a: Arbok\n|-resisted|p1a: Arbok\n|-damage|p1a: Arbok|133/246\n|move|p1a: Arbok|Coil|p1a: Arbok\n|-boost|p1a: Arbok|atk|1\n|-boost|p1a: Arbok|def|1\n|-boost|p1a: Arbok|accuracy|1\n|\n|-heal|p1a: Arbok|148/246|[from] item: Leftovers\n|upkeep\n|turn|10\n|inactive|Time left: 300 sec this turn | 300 sec total\n|\n|t:|1783543830\n|move|p2a: Sneasler|Dire Claw|p1a: Arbok\n|-resisted|p1a: Arbok\n|-damage|p1a: Arbok|118/246\n|move|p1a: Arbok|Coil|p1a: Arbok\n|-boost|p1a: Arbok|atk|1\n|-boost|p1a: Arbok|def|1\n|-boost|p1a: Arbok|accuracy|1\n|\n|-heal|p1a: Arbok|133/246|[from] item: Leftovers\n|upkeep\n|turn|11\n|inactive|Time left: 300 sec this turn | 300 sec total\n|\n|t:|1783543831\n|move|p2a: Sneasler|Dire Claw|p1a: Arbok\n|-resisted|p1a: Arbok\n|-damage|p1a: Arbok|109/246\n|-status|p1a: Arbok|slp\n|cant|p1a: Arbok|slp\n|\n|-heal|p1a: Arbok|124/246 slp|[from] item: Leftovers\n|upkeep\n|turn|12\n|inactive|Time left: 300 sec this turn | 300 sec total\n|\n|t:|1783543832\n|switch|p2a: Flapple|Flapple, L88, M|100/100\n|cant|p1a: Arbok|slp\n|\n|-heal|p1a: Arbok|139/246 slp|[from] item: Leftovers\n|upkeep\n|turn|13\n|inactive|Time left: 300 sec this turn | 300 sec total\n|\n|t:|1783543833\n|cant|p1a: Arbok|slp\n|move|p2a: Flapple|Outrage|p1a: Arbok\n|-crit|p1a: Arbok\n|-damage|p1a: Arbok|0 fnt\n|faint|p1a: Arbok\n|\n|upkeep\n|inactive|Time left: 300 sec this turn | 300 sec total | 5 sec grace\n|\n|t:|1783543834\n|switch|p1a: Medicham|Medicham, L86, M|150/243\n|turn|14\n|inactive|Time left: 300 sec this turn | 300 sec total\n|\n|t:|1783543835\n|move|p1a: Medicham|Ice Punch|p2a: Flapple\n|-supereffective|p2a: Flapple\n|-crit|p2a: Flapple\n|-damage|p2a: Flapple|0 fnt\n|faint|p2a: Flapple\n|\n|upkeep\n|\n|t:|1783543836\n|switch|p2a: Feraligatr|Feraligatr, L79, F|100/100\n|turn|15\n|inactive|Time left: 300 sec this turn | 300 sec total\n|\n|t:|1783543837\n|switch|p1a: Leafeon|Leafeon, L88, F|258/258\n|move|p2a: Feraligatr|Dragon Dance|p2a: Feraligatr\n|-boost|p2a: Feraligatr|atk|1\n|-boost|p2a: Feraligatr|spe|1\n|\n|upkeep\n|turn|16\n|inactive|Time left: 300 sec this turn | 300 sec total\n|\n|t:|1783543838\n|move|p2a: Feraligatr|Ice Punch|p1a: Leafeon\n|-supereffective|p1a: Leafeon\n|-damage|p1a: Leafeon|71/258\n|move|p1a: Leafeon|Leaf Blade|p2a: Feraligatr\n|-supereffective|p2a: Feraligatr\n|-damage|p2a: Feraligatr|0 fnt\n|faint|p2a: Feraligatr\n|-damage|p1a: Leafeon|46/258|[from] item: Life Orb\n|\n|upkeep\n|\n|t:|1783543839\n|switch|p2a: Sneasler|Sneasler, L74, F|11/100\n|turn|17\n|inactive|Time left: 300 sec this turn | 300 sec total\n|\n|t:|1783543840\n|move|p2a: Sneasler|Dire Claw|p1a: Leafeon\n|-supereffective|p1a: Leafeon\n|-damage|p1a: Leafeon|0 fnt\n|faint|p1a: Leafeon\n|\n|upkeep\n|inactive|Time left: 300 sec this turn | 300 sec total | 5 sec grace\n|\n|t:|1783543841\n|switch|p1a: Medicham|Medicham, L86, M|150/243\n|turn|18\n|inactive|Time left: 300 sec this turn | 300 sec total\n|\n|t:|1783543842\n|move|p1a: Medicham|Bullet Punch|p2a: Sneasler\n|-damage|p2a: Sneasler|0 fnt\n|faint|p2a: Sneasler\n|\n|win|p0x40979fe", "uploadtime": 1783543842, "views": 0, "rating": 0, "private": 0, "password": null, "_winner": "p0x40979fe", "_our_name": "p0x40979fe"}