{"id": "battle-gen9randombattle-366", "formatid": "gen9randombattle", "format": "[Gen 9] Random Battle", "players": ["p0x3662c51", "p0y366149e"], "log": "|init|battle\n|title|p0x3662c51 vs. p0y366149e\n|j|\u2606p0x3662c51\n|j|\u2606p0y366149e\n|t:|1783543903\n|gametype|singles\n|player|p1|p0x3662c51|101|\n|player|p2|p0y366149e|102|\n|gen|9\n|tier|[Gen 9] Random Battle\n|rule|Species Clause: Limit one of each Pok\u00e9mon\n|rule|HP Percentage Mod: HP is shown in percentages\n|rule|Sleep Clause Mod: Limit one foe put to sleep\n|rule|Illusion Level Mod: Illusion disguises the Pok\u00e9mon's true level\n|\n|t:|1783543903\n|teamsize|p1|6\n|teamsize|p2|6\n|start\n|switch|p1a: Oricorio|Oricorio, L84, F|100/100\n|switch|p2a: Scizor|Scizor, L79, M|240/240\n|turn|1\n|inactive|Battle timer is ON: inactive players will automatically lose when time's up. (requested by p0y366149e)\n|inactive|p0x3662c51 also wants the timer to be on.\n|\n|t:|1783543905\n|switch|p2a: Magcargo|Magcargo, L95, M|268/268\n|move|p1a: Oricorio|Revelation Dance|p2a: Magcargo\n|-resisted|p2a: Magcargo\n|-damage|p2a: Magcargo|243/268\n|\n|upkeep\n|turn|2\n|inactive|Time left: 300 sec this turn | 300 sec total\n|\n|t:|1783543906\n|-terastallize|p1a: Oricorio|Ground\n|move|p1a: Oricorio|Revelation Dance|p2a: Magcargo\n|-supereffective|p2a: Magcargo\n|-damage|p2a: Magcargo|0 fnt\n|faint|p2a: Magcargo\n|\n|upkeep\n|inactive|Time left: 300 sec this turn | 300 sec total | 5 sec grace\n|\n|t:|1783543907\n|switch|p2a: Kleavor|Kleavor, L78, F|237/237\n|turn|3\n|inactive|Time left: 300 sec this turn | 300 sec total\n|\n|t:|1783543908\n|move|p1a: Oricorio|Revelation Dance|p2a: Kleavor\n|-damage|p2a: Kleavor|116/237\n|move|p2a: Kleavor|Swords Dance|p2a: Kleavor\n|-boost|p2a: Kleavor|atk|2\n|-activate|p1a: Oricorio|ability: Dancer\n|move|p1a: Oricorio|Swords Dance|p1a: Oricorio|[from] ability: Dancer\n|-boost|p1a: Oricorio|atk|2\n|\n|upkeep\n|turn|4\n|inactive|Time left: 300 sec this turn | 300 sec total\n|\n|t:|1783543909\n|move|p1a: Oricorio|Revelation Dance|p2a: Kleavor\n|-damage|p2a: Kleavor|0 fnt\n|faint|p2a: Kleavor\n|\n|upkeep\n|inactive|Time left: 300 sec this turn | 300 sec total | 5 sec grace\n|\n|t:|1783543910\n|switch|p2a: Scizor|Scizor, L79, M|240/240\n|turn|5\n|inactive|Time left: 300 sec this turn | 300 sec total\n|\n|t:|1783543911\n|move|p1a: Oricorio|Hurricane|p2a: Scizor|[miss]\n|-miss|p1a: Oricorio|p2a: Scizor\n|move|p2a: Scizor|Swords Dance|p2a: Scizor\n|-boost|p2a: Scizor|atk|2\n|-activate|p1a: Oricorio|ability: Dancer\n|move|p1a: Oricorio|Swords Dance|p1a: Oricorio|[from] ability: Dancer\n|-boost|p1a: Oricorio|atk|2\n|\n|upkeep\n|turn|6\n|inactive|Time left: 300 sec this turn | 300 sec total\n|\n|t:|1783543913\n|move|p1a: Oricorio|Revelation Dance|p2a: Scizor\n|-damage|p2a: Scizor|132/240\n|move|p2a: Scizor|Bug Bite|p1a: Oricorio\n|-damage|p1a: Oricorio|0 fnt\n|faint|p1a: Oricorio\n|-damage|p2a: Scizor|108/240|[from] item: Life Orb\n|\n|upkeep\n|\n|t:|1783543914\n|switch|p1a: Walking Wake|Walking Wake, L79|100/100\n|turn|7\n|inactive|Time left: 300 sec this turn | 300 sec total\n|\n|t:|1783543915\n|switch|p2a: Sylveon|Sylveon, L85, M|300/300\n|move|p1a: Walking Wake|Flamethrower|p2a: Sylveon\n|-damage|p2a: Sylveon|230/300\n|\n|-heal|p2a: Sylveon|248/300|[from] item: Leftovers\n|upkeep\n|turn|8\n|inactive|Time left: 300 sec this turn | 300 sec total\n|\n|t:|1783543916\n|-end|p1a: Walking Wake|Protosynthesis|[silent]\n|switch|p1a: Ariados|Ariados, L95, F|100/100\n|move|p2a: Sylveon|Hyper Voice|p1a: Ariados\n|-resisted|p1a: Ariados\n|-damage|p1a: Ariados|76/100\n|\n|-heal|p2a: Sylveon|266/300|[from] item: Leftovers\n|upkeep\n|turn|9\n|inactive|Time left: 300 sec this turn | 300 sec total\n|\n|t:|1783543917\n|move|p2a: Sylveon|Calm Mind|p2a: Sylveon\n|-boost|p2a: Sylveon|spa|1\n|-boost|p2a: Sylveon|spd|1\n|move|p1a: Ariados|Sticky Web|p2a: Sylveon\n|-sidestart|p2: p0y366149e|move: Sticky Web\n|\n|-heal|p2a: Sylveon|284/300|[from] item: Leftovers\n|upkeep\n|turn|10\n|inactive|Time left: 300 sec this turn | 300 sec total\n|\n|t:|1783543918\n|move|p2a: Sylveon|Hyper Voice|p1a: Ariados\n|-resisted|p1a: Ariados\n|-damage|p1a: Ariados|37/100\n|move|p1a: Ariados|Poison Jab|p2a: Sylveon\n|-supereffective|p2a: Sylveon\n|-damage|p2a: Sylveon|18/300\n|\n|-heal|p2a: Sylveon|36/300|[from] item: Leftovers\n|upkeep\n|turn|11\n|inactive|Time left: 300 sec this turn | 300 sec total\n|\n|t:|1783543920\n|switch|p1a: Iron Treads|Iron Treads, L77|100/100\n|move|p2a: Sylveon|Hyper Voice|p1a: Iron Treads\n|-resisted|p1a: Iron Treads\n|-damage|p1a: Iron Treads|54/100\n|\n|-heal|p1a: Iron Treads|60/100|[from] item: Leftovers\n|-heal|p2a: Sylveon|54/300|[from] item: Leftovers\n|upkeep\n|turn|12\n|inactive|Time left: 300 sec this turn | 300 sec total\n|\n|t:|1783543921\n|move|p2a: Sylveon|Protect|p2a: Sylveon\n|-singleturn|p2a: Sylveon|Protect\n|move|p1a: Iron Treads|Earthquake|p2a: Sylveon\n|-activate|p2a: Sylveon|move: Protect\n|\n|-heal|p1a: Iron Treads|66/100|[from] item: Leftovers\n|-heal|p2a: Sylveon|72/300|[from] item: Leftovers\n|upkeep\n|turn|13\n|inactive|Time left: 300 sec this turn | 300 sec total\n|\n|t:|1783543922\n|move|p2a: Sylveon|Protect|p2a: Sylveon\n|-singleturn|p2a: Sylveon|Protect\n|move|p1a: Iron Treads|Earthquake|p2a: Sylveon\n|-activate|p2a: Sylveon|move: Protect\n|\n|-heal|p1a: Iron Treads|72/100|[from] item: Leftovers\n|-heal|p2a: Sylveon|90/300|[from] item: Leftovers\n|upkeep\n|turn|14\n|inactive|Time left: 300 sec this turn | 300 sec total\n|\n|t:|1783543923\n|switch|p2a: Gurdurr|Gurdurr, L85, M|283/283\n|-activate|p2a: Gurdurr|move: Sticky Web\n|-unboost|p2a: Gurdurr|spe|1\n|move|p1a: Iron Treads|Earthquake|p2a: Gurdurr\n|-damage|p2a: Gurdurr|216/283\n|\n|-heal|p1a: Iron Treads|78/100|[from] item: Leftovers\n|upkeep\n|turn|15\n|inactive|Time left: 300 sec this turn | 300 sec total\n|\n|t:|1783543924\n|move|p1a: Iron Treads|Iron Head|p2a: Gurdurr\n|-damage|p2a: Gurdurr|158/283\n|move|p2a: Gurdurr|Drain Punch|p1a: Iron Treads\n|-supereffective|p1a: Iron Treads\n|-damage|p1a: Iron Treads|26/100\n|-heal|p2a: Gurdurr|227/283|[from] drain|[of] p1a: Iron Treads\n|\n|-heal|p1a: Iron Treads|32/100|[from] item: Leftovers\n|upkeep\n|turn|16\n|inactive|Time left: 300 sec this turn | 300 sec total\n|\n|t:|1783543925\n|-end|p1a: Iron Treads|Quark Drive|[silent]\n|switch|p1a: Ariados|Ariados, L95, F|37/100\n|move|p2a: Gurdurr|Drain Punch|p1a: Ariados\n|-resisted|p1a: Ariados\n|-damage|p1a: Ariados|30/100\n|-heal|p2a: Gurdurr|238/283|[from] drain|[of] p1a: Ariados\n|\n|upkeep\n|turn|17\n|inactive|Time left: 300 sec this turn | 300 sec total\n|\n|t:|1783543926\n|move|p1a: Ariados|Toxic Spikes|p2a: Gurdurr\n|-sidestart|p2: p0y366149e|move: Toxic Spikes\n|move|p2a: Gurdurr|Bulk Up|p2a: Gurdurr\n|-boost|p2a: Gurdurr|atk|1\n|-boost|p2a: Gurdurr|def|1\n|\n|upkeep\n|turn|18\n|inactive|Time left: 300 sec this turn | 300 sec total\n|\n|t:|1783543927\n|move|p1a: Ariados|Toxic Spikes|p2a: Gurdurr\n|-sidestart|p2: p0y366149e|move: Toxic Spikes\n|move|p2a: Gurdurr|Knock Off|p1a: Ariados\n|-damage|p1a: Ariados|0 fnt\n|-enditem|p1a: Ariados|Heavy-Duty Boots|[from] move: Knock Off|[of] p2a: Gurdurr\n|faint|p1a: Ariados\n|\n|upkeep\n|\n|t:|1783543928\n|switch|p1a: Walking Wake|Walking Wake, L79|100/100\n|turn|19\n|inactive|Time left: 300 sec this turn | 300 sec total\n|\n|t:|1783543929\n|move|p1a: Walking Wake|Hydro Pump|p2a: Gurdurr|[miss]\n|-miss|p1a: Walking Wake|p2a: Gurdurr\n|move|p2a: Gurdurr|Knock Off|p1a: Walking Wake\n|-damage|p1a: Walking Wake|59/100\n|-enditem|p1a: Walking Wake|Choice Specs|[from] move: Knock Off|[of] p2a: Gurdurr\n|\n|upkeep\n|turn|20\n|inactive|Time left: 300 sec this turn | 300 sec total\n|\n|t:|1783543930\n|move|p1a: Walking Wake|Hydro Pump|p2a: Gurdurr\n|-damage|p2a: Gurdurr|124/283\n|move|p2a: Gurdurr|Drain Punch|p1a: Walking Wake\n|-crit|p1a: Walking Wake\n|-damage|p1a: Walking Wake|0 fnt\n|-heal|p2a: Gurdurr|208/283|[from] drain|[of] p1a: Walking Wake\n|faint|p1a: Walking Wake\n|-end|p1a: Walking Wake|Protosynthesis|[silent]\n|\n|upkeep\n|\n|t:|1783543931\n|switch|p1a: Iron Treads|Iron Treads, L77|32/100\n|turn|21\n|inactive|Time left: 300 sec this turn | 300 sec total\n|\n|t:|1783543932\n|move|p2a: Gurdurr|Mach Punch|p1a: Iron Treads\n|-supereffective|p1a: Iron Treads\n|-damage|p1a: Iron Treads|0 fnt\n|faint|p1a: Iron Treads\n|-end|p1a: Iron Treads|Quark Drive|[silent]\n|\n|upkeep\n|\n|t:|1783543933\n|switch|p1a: Cryogonal|Cryogonal, L89|100/100\n|turn|22\n|inactive|Time left: 300 sec this turn | 300 sec total\n|\n|t:|1783543934\n|move|p1a: Cryogonal|Ice Beam|p2a: Gurdurr\n|-damage|p2a: Gurdurr|111/283\n|move|p2a: Gurdurr|Drain Punch|p1a: Cryogonal\n|-supereffective|p1a: Cryogonal\n|-damage|p1a: Cryogonal|0 fnt\n|-heal|p2a: Gurdurr|255/283|[from] drain|[of] p1a: Cryogonal\n|faint|p1a: Cryogonal\n|\n|upkeep\n|\n|t:|1783543935\n|switch|p1a: Cinccino|Cinccino, L83, M|100/100\n|turn|23\n|inactive|Time left: 300 sec this turn | 300 sec total\n|\n|t:|1783543936\n|-terastallize|p2a: Gurdurr|Steel\n|move|p1a: Cinccino|Bullet Seed|p2a: Gurdurr\n|-resisted|p2a: Gurdurr\n|-damage|p2a: Gurdurr|249/283\n|-resisted|p2a: Gurdurr\n|-damage|p2a: Gurdurr|243/283\n|-resisted|p2a: Gurdurr\n|-damage|p2a: Gurdurr|237/283\n|-resisted|p2a: Gurdurr\n|-damage|p2a: Gurdurr|231/283\n|-resisted|p2a: Gurdurr\n|-damage|p2a: Gurdurr|224/283\n|-hitcount|p2a: Gurdurr|5\n|move|p2a: Gurdurr|Drain Punch|p1a: Cinccino\n|-supereffective|p1a: Cinccino\n|-damage|p1a: Cinccino|0 fnt\n|-heal|p2a: Gurdurr|283/283|[from] drain|[of] p1a: Cinccino\n|faint|p1a: Cinccino\n|\n|win|p0y366149e", "uploadtime": 1783543936, "views": 0, "rating": 0, "private": 0, "password": null, "_winner": "p0y366149e", "_our_name": "p0y366149e"}