{"id": "battle-gen9randombattle-2435", "formatid": "gen9randombattle", "format": "[Gen 9] Random Battle", "players": ["p0x2435a663", "p0y2435bc84"], "log": "|init|battle\n|title|p0x2435a663 vs. p0y2435bc84\n|j|\u2606p0x2435a663\n|j|\u2606p0y2435bc84\n|t:|1783567239\n|gametype|singles\n|player|p1|p0x2435a663|2|\n|player|p2|p0y2435bc84|169|\n|gen|9\n|tier|[Gen 9] Random Battle\n|rule|Species Clause: Limit one of each Pok\u00e9mon\n|rule|HP Percentage Mod: HP is shown in percentages\n|rule|Sleep Clause Mod: Limit one foe put to sleep\n|rule|Illusion Level Mod: Illusion disguises the Pok\u00e9mon's true level\n|\n|t:|1783567239\n|teamsize|p1|6\n|teamsize|p2|6\n|start\n|switch|p1a: Mudsdale|Mudsdale, L83, F|302/302\n|switch|p2a: Kingdra|Kingdra, L84, F|100/100\n|turn|1\n|inactive|Battle timer is ON: inactive players will automatically lose when time's up. (requested by p0y2435bc84)\n|inactive|Time left: 300 sec this turn | 300 sec total | 60 sec grace\n|inactive|p0x2435a663 also wants the timer to be on.\n|\n|t:|1783567241\n|move|p2a: Kingdra|Wave Crash|p1a: Mudsdale\n|-supereffective|p1a: Mudsdale\n|-damage|p1a: Mudsdale|19/302\n|-ability|p1a: Mudsdale|Stamina|boost\n|-boost|p1a: Mudsdale|def|1\n|-damage|p2a: Kingdra|65/100|[from] Recoil\n|-damage|p2a: Kingdra|55/100|[from] item: Life Orb\n|move|p1a: Mudsdale|Earthquake|p2a: Kingdra\n|-damage|p2a: Kingdra|6/100\n|\n|-heal|p1a: Mudsdale|37/302|[from] item: Leftovers\n|upkeep\n|turn|2\n|inactive|Time left: 300 sec this turn | 300 sec total\n|\n|t:|1783567242\n|move|p2a: Kingdra|Draco Meteor|p1a: Mudsdale\n|-damage|p1a: Mudsdale|0 fnt\n|-unboost|p2a: Kingdra|spa|2\n|faint|p1a: Mudsdale\n|-damage|p2a: Kingdra|0 fnt|[from] item: Life Orb\n|faint|p2a: Kingdra\n|\n|upkeep\n|inactive|Time left: 300 sec this turn | 300 sec total | 5 sec grace\n|\n|t:|1783567243\n|switch|p2a: Dudunsparce|Dudunsparce, L83, M|100/100\n|switch|p1a: Archaludon|Archaludon, L78, F|268/268\n|turn|3\n|inactive|Time left: 300 sec this turn | 300 sec total\n|\n|t:|1783567244\n|move|p1a: Archaludon|Swords Dance|p1a: Archaludon\n|-boost|p1a: Archaludon|atk|2\n|move|p2a: Dudunsparce|Calm Mind|p2a: Dudunsparce\n|-boost|p2a: Dudunsparce|spa|1\n|-boost|p2a: Dudunsparce|spd|1\n|\n|upkeep\n|turn|4\n|inactive|Time left: 300 sec this turn | 300 sec total\n|\n|t:|1783567245\n|move|p1a: Archaludon|Outrage|p2a: Dudunsparce\n|-damage|p2a: Dudunsparce|25/100\n|move|p2a: Dudunsparce|Earth Power|p1a: Archaludon\n|-supereffective|p1a: Archaludon\n|-damage|p1a: Archaludon|58/268\n|-ability|p1a: Archaludon|Stamina|boost\n|-boost|p1a: Archaludon|def|1\n|\n|-heal|p2a: Dudunsparce|31/100|[from] item: Leftovers\n|upkeep\n|turn|5\n|inactive|Time left: 300 sec this turn | 300 sec total\n|\n|t:|1783567247\n|switch|p2a: Dedenne|Dedenne, L88, F|100/100\n|move|p1a: Archaludon|Outrage|p2a: Dedenne|[from] lockedmove\n|-immune|p2a: Dedenne\n|\n|upkeep\n|turn|6\n|inactive|Time left: 300 sec this turn | 300 sec total\n|\n|t:|1783567248\n|move|p2a: Dedenne|Dazzling Gleam|p1a: Archaludon\n|-damage|p1a: Archaludon|0 fnt\n|faint|p1a: Archaludon\n|\n|upkeep\n|inactive|Time left: 300 sec this turn | 300 sec total | 5 sec grace\n|\n|t:|1783567249\n|switch|p1a: Swampert|Swampert, L83, F|302/302\n|turn|7\n|inactive|Time left: 300 sec this turn | 300 sec total\n|\n|t:|1783567250\n|switch|p2a: Ogerpon|Ogerpon-Wellspring, L76, F|100/100\n|move|p1a: Swampert|Earthquake|p2a: Ogerpon\n|-resisted|p2a: Ogerpon\n|-damage|p2a: Ogerpon|74/100\n|\n|upkeep\n|turn|8\n|inactive|Time left: 300 sec this turn | 300 sec total\n|\n|t:|1783567251\n|switch|p1a: Farigiraf|Farigiraf, L90, M|362/362\n|move|p2a: Ogerpon|Wood Hammer|p1a: Farigiraf\n|-ability|p1a: Farigiraf|Sap Sipper|boost\n|-boost|p1a: Farigiraf|atk|1\n|\n|upkeep\n|turn|9\n|inactive|Time left: 300 sec this turn | 300 sec total\n|\n|t:|1783567252\n|switch|p2a: Spiritomb|Spiritomb, L89, F|100/100\n|move|p1a: Farigiraf|Body Slam|p2a: Spiritomb\n|-immune|p2a: Spiritomb\n|\n|upkeep\n|turn|10\n|inactive|Time left: 300 sec this turn | 300 sec total\n|\n|t:|1783567253\n|move|p1a: Farigiraf|Protect|p1a: Farigiraf\n|-singleturn|p1a: Farigiraf|Protect\n|move|p2a: Spiritomb|Foul Play|p1a: Farigiraf\n|-activate|p1a: Farigiraf|move: Protect\n|\n|upkeep\n|turn|11\n|inactive|Time left: 300 sec this turn | 300 sec total\n|\n|t:|1783567254\n|switch|p1a: Crawdaunt|Crawdaunt, L84, M|243/243\n|move|p2a: Spiritomb|Foul Play|p1a: Crawdaunt\n|-resisted|p1a: Crawdaunt\n|-damage|p1a: Crawdaunt|178/243\n|\n|upkeep\n|turn|12\n|inactive|Time left: 300 sec this turn | 300 sec total\n|\n|t:|1783567255\n|move|p1a: Crawdaunt|Knock Off|p2a: Spiritomb\n|-damage|p2a: Spiritomb|34/100\n|-enditem|p2a: Spiritomb|Leftovers|[from] move: Knock Off|[of] p1a: Crawdaunt\n|-damage|p1a: Crawdaunt|154/243|[from] item: Life Orb\n|move|p2a: Spiritomb|Will-O-Wisp|p1a: Crawdaunt\n|-status|p1a: Crawdaunt|brn\n|\n|-damage|p1a: Crawdaunt|139/243 brn|[from] brn\n|upkeep\n|turn|13\n|inactive|Time left: 300 sec this turn | 300 sec total\n|\n|t:|1783567257\n|switch|p2a: Ogerpon|Ogerpon-Wellspring, L76, F|74/100\n|move|p1a: Crawdaunt|Dragon Dance|p1a: Crawdaunt\n|-boost|p1a: Crawdaunt|atk|1\n|-boost|p1a: Crawdaunt|spe|1\n|\n|-damage|p1a: Crawdaunt|124/243 brn|[from] brn\n|upkeep\n|turn|14\n|inactive|Time left: 300 sec this turn | 300 sec total\n|\n|t:|1783567258\n|move|p1a: Crawdaunt|Knock Off|p2a: Ogerpon\n|-damage|p2a: Ogerpon|22/100\n|-damage|p1a: Crawdaunt|100/243 brn|[from] item: Life Orb\n|move|p2a: Ogerpon|Wood Hammer|p1a: Crawdaunt\n|-supereffective|p1a: Crawdaunt\n|-damage|p1a: Crawdaunt|0 fnt\n|faint|p1a: Crawdaunt\n|-damage|p2a: Ogerpon|9/100|[from] Recoil\n|\n|upkeep\n|inactive|Time left: 300 sec this turn | 300 sec total | 5 sec grace\n|\n|t:|1783567259\n|switch|p1a: Espeon|Espeon, L84, M|246/246\n|turn|15\n|inactive|Time left: 300 sec this turn | 300 sec total\n|\n|t:|1783567260\n|move|p1a: Espeon|Alluring Voice|p2a: Ogerpon\n|-damage|p2a: Ogerpon|0 fnt\n|faint|p2a: Ogerpon\n|-damage|p1a: Espeon|222/246|[from] item: Life Orb\n|\n|upkeep\n|\n|t:|1783567261\n|switch|p2a: Seviper|Seviper, L93, M|100/100\n|turn|16\n|inactive|Time left: 300 sec this turn | 300 sec total\n|\n|t:|1783567261\n|-terastallize|p2a: Seviper|Grass\n|move|p1a: Espeon|Psyshock|p2a: Seviper\n|-damage|p2a: Seviper|40/100\n|-damage|p1a: Espeon|198/246|[from] item: Life Orb\n|move|p2a: Seviper|Trailblaze|p1a: Espeon\n|-damage|p1a: Espeon|87/246\n|-boost|p2a: Seviper|spe|1\n|\n|-heal|p2a: Seviper|45/100|[from] item: Leftovers\n|upkeep\n|turn|17\n|inactive|Time left: 300 sec this turn | 300 sec total\n|\n|t:|1783567263\n|switch|p1a: Farigiraf|Farigiraf, L90, M|362/362\n|move|p2a: Seviper|Earthquake|p1a: Farigiraf\n|-damage|p1a: Farigiraf|266/362\n|\n|-heal|p2a: Seviper|51/100|[from] item: Leftovers\n|-heal|p1a: Farigiraf|288/362|[from] item: Leftovers\n|upkeep\n|turn|18\n|inactive|Time left: 300 sec this turn | 300 sec total\n|\n|t:|1783567264\n|move|p2a: Seviper|Gunk Shot|p1a: Farigiraf|[miss]\n|-miss|p2a: Seviper|p1a: Farigiraf\n|move|p1a: Farigiraf|Body Slam|p2a: Seviper\n|-damage|p2a: Seviper|11/100\n|\n|-heal|p2a: Seviper|17/100|[from] item: Leftovers\n|-heal|p1a: Farigiraf|310/362|[from] item: Leftovers\n|upkeep\n|turn|19\n|inactive|Time left: 300 sec this turn | 300 sec total\n|\n|t:|1783567265\n|switch|p2a: Spiritomb|Spiritomb, L89, F|34/100\n|move|p1a: Farigiraf|Body Slam|p2a: Spiritomb\n|-immune|p2a: Spiritomb\n|\n|-heal|p1a: Farigiraf|332/362|[from] item: Leftovers\n|upkeep\n|turn|20\n|inactive|Time left: 300 sec this turn | 300 sec total\n|\n|t:|1783567266\n|switch|p1a: Espeon|Espeon, L84, M|87/246\n|move|p2a: Spiritomb|Pain Split|p1a: Espeon\n|-sethp|p1a: Espeon|82/246|[from] move: Pain Split|[silent]\n|-sethp|p2a: Spiritomb|36/100|[from] move: Pain Split\n|\n|upkeep\n|turn|21\n|inactive|Time left: 300 sec this turn | 300 sec total\n|\n|t:|1783567267\n|move|p1a: Espeon|Alluring Voice|p2a: Spiritomb\n|-supereffective|p2a: Spiritomb\n|-damage|p2a: Spiritomb|0 fnt\n|faint|p2a: Spiritomb\n|-damage|p1a: Espeon|58/246|[from] item: Life Orb\n|\n|upkeep\n|\n|t:|1783567268\n|switch|p2a: Dedenne|Dedenne, L88, F|100/100\n|turn|22\n|inactive|Time left: 300 sec this turn | 300 sec total\n|\n|t:|1783567268\n|move|p1a: Espeon|Morning Sun|p1a: Espeon\n|-heal|p1a: Espeon|181/246\n|move|p2a: Dedenne|Nuzzle|p1a: Espeon\n|-damage|p1a: Espeon|159/246\n|-status|p1a: Espeon|par\n|\n|upkeep\n|turn|23\n|inactive|Time left: 300 sec this turn | 300 sec total\n|\n|t:|1783567269\n|switch|p1a: Swampert|Swampert, L83, F|302/302\n|move|p2a: Dedenne|Super Fang|p1a: Swampert\n|-damage|p1a: Swampert|151/302\n|\n|-heal|p1a: Swampert|169/302|[from] item: Leftovers\n|upkeep\n|turn|24\n|inactive|Time left: 300 sec this turn | 300 sec total\n|\n|t:|1783567270\n|switch|p2a: Dudunsparce|Dudunsparce, L83, M|31/100\n|move|p1a: Swampert|Earthquake|p2a: Dudunsparce\n|-damage|p2a: Dudunsparce|0 fnt\n|faint|p2a: Dudunsparce\n|\n|-heal|p1a: Swampert|187/302|[from] item: Leftovers\n|upkeep\n|\n|t:|1783567272\n|switch|p2a: Seviper|Seviper, L93, M, tera:Grass|17/100\n|turn|25\n|inactive|Time left: 300 sec this turn | 300 sec total\n|\n|t:|1783567272\n|-terastallize|p1a: Swampert|Steel\n|move|p2a: Seviper|Earthquake|p1a: Swampert\n|-supereffective|p1a: Swampert\n|-damage|p1a: Swampert|1/302\n|move|p1a: Swampert|Earthquake|p2a: Seviper\n|-resisted|p2a: Seviper\n|-damage|p2a: Seviper|0 fnt\n|faint|p2a: Seviper\n|\n|-heal|p1a: Swampert|19/302|[from] item: Leftovers\n|upkeep\n|\n|t:|1783567273\n|switch|p2a: Dedenne|Dedenne, L88, F|100/100\n|turn|26\n|inactive|Time left: 300 sec this turn | 300 sec total\n|\n|t:|1783567274\n|switch|p1a: Farigiraf|Farigiraf, L90, M|332/362\n|move|p2a: Dedenne|Dazzling Gleam|p1a: Farigiraf\n|-damage|p1a: Farigiraf|248/362\n|\n|-heal|p1a: Farigiraf|270/362|[from] item: Leftovers\n|upkeep\n|turn|27\n|inactive|Time left: 300 sec this turn | 300 sec total\n|\n|t:|1783567275\n|move|p2a: Dedenne|Nuzzle|p1a: Farigiraf\n|-damage|p1a: Farigiraf|251/362\n|-status|p1a: Farigiraf|par\n|move|p1a: Farigiraf|Body Slam|p2a: Dedenne\n|-damage|p2a: Dedenne|50/100\n|-enditem|p2a: Dedenne|Sitrus Berry|[eat]\n|-heal|p2a: Dedenne|75/100|[from] item: Sitrus Berry\n|-heal|p2a: Dedenne|100/100|[from] ability: Cheek Pouch\n|\n|-heal|p1a: Farigiraf|273/362 par|[from] item: Leftovers\n|upkeep\n|turn|28\n|inactive|Time left: 300 sec this turn | 300 sec total\n|\n|t:|1783567276\n|move|p2a: Dedenne|Super Fang|p1a: Farigiraf\n|-damage|p1a: Farigiraf|137/362 par\n|move|p1a: Farigiraf|Body Slam|p2a: Dedenne\n|-damage|p2a: Dedenne|50/100\n|\n|-heal|p1a: Farigiraf|159/362 par|[from] item: Leftovers\n|upkeep\n|turn|29\n|inactive|Time left: 300 sec this turn | 300 sec total\n|\n|t:|1783567277\n|move|p2a: Dedenne|Thunderbolt|p1a: Farigiraf\n|-damage|p1a: Farigiraf|50/362 par\n|cant|p1a: Farigiraf|par\n|\n|-heal|p1a: Farigiraf|72/362 par|[from] item: Leftovers\n|upkeep\n|turn|30\n|inactive|Time left: 300 sec this turn | 300 sec total\n|\n|t:|1783567278\n|move|p2a: Dedenne|Dazzling Gleam|p1a: Farigiraf\n|-damage|p1a: Farigiraf|0 fnt\n|faint|p1a: Farigiraf\n|\n|upkeep\n|inactive|Time left: 300 sec this turn | 300 sec total | 5 sec grace\n|\n|t:|1783567279\n|switch|p1a: Espeon|Espeon, L84, M|159/246 par\n|turn|31\n|inactive|Time left: 300 sec this turn | 300 sec total\n|\n|t:|1783567280\n|move|p2a: Dedenne|Thunderbolt|p1a: Espeon\n|-damage|p1a: Espeon|75/246 par\n|move|p1a: Espeon|Psyshock|p2a: Dedenne\n|-damage|p2a: Dedenne|0 fnt\n|faint|p2a: Dedenne\n|-damage|p1a: Espeon|51/246 par|[from] item: Life Orb\n|\n|win|p0x2435a663", "uploadtime": 1783567280, "views": 0, "rating": 0, "private": 0, "password": null, "_winner": "p0x2435a663", "_our_name": "p0x2435a663"}