{"id": "battle-gen9randombattle-1994", "formatid": "gen9randombattle", "format": "[Gen 9] Random Battle", "players": ["p0x19942d3e", "p0y1994f16d"], "log": "|init|battle\n|title|p0x19942d3e vs. p0y1994f16d\n|j|\u2606p0x19942d3e\n|j|\u2606p0y1994f16d\n|t:|1783563077\n|gametype|singles\n|player|p1|p0x19942d3e|102|\n|player|p2|p0y1994f16d|170|\n|gen|9\n|tier|[Gen 9] Random Battle\n|rule|Species Clause: Limit one of each Pok\u00e9mon\n|rule|HP Percentage Mod: HP is shown in percentages\n|rule|Sleep Clause Mod: Limit one foe put to sleep\n|rule|Illusion Level Mod: Illusion disguises the Pok\u00e9mon's true level\n|\n|t:|1783563077\n|teamsize|p1|6\n|teamsize|p2|6\n|start\n|switch|p1a: Overqwil|Overqwil, L82, M|274/274\n|switch|p2a: Ambipom|Ambipom, L84, F|100/100\n|-ability|p1a: Overqwil|Intimidate|boost\n|-unboost|p2a: Ambipom|atk|1\n|turn|1\n|inactive|Battle timer is ON: inactive players will automatically lose when time's up. (requested by p0y1994f16d)\n|inactive|Time left: 300 sec this turn | 300 sec total | 60 sec grace\n|\n|t:|1783563079\n|switch|p2a: Lugia|Lugia, L73|100/100\n|move|p1a: Overqwil|Swords Dance|p1a: Overqwil\n|-boost|p1a: Overqwil|atk|2\n|\n|upkeep\n|turn|2\n|inactive|Time left: 300 sec this turn | 300 sec total\n|inactive|p0x19942d3e also wants the timer to be on.\n|\n|t:|1783563080\n|move|p2a: Lugia|Aeroblast|p1a: Overqwil\n|-damage|p1a: Overqwil|183/274\n|move|p1a: Overqwil|Crunch|p2a: Lugia\n|-supereffective|p2a: Lugia\n|-damage|p2a: Lugia|25/100\n|-damage|p1a: Overqwil|156/274|[from] item: Life Orb\n|\n|upkeep\n|turn|3\n|inactive|Time left: 300 sec this turn | 300 sec total\n|\n|t:|1783563081\n|move|p2a: Lugia|Aeroblast|p1a: Overqwil\n|-damage|p1a: Overqwil|65/274\n|move|p1a: Overqwil|Crunch|p2a: Lugia\n|-supereffective|p2a: Lugia\n|-crit|p2a: Lugia\n|-damage|p2a: Lugia|0 fnt\n|faint|p2a: Lugia\n|-damage|p1a: Overqwil|38/274|[from] item: Life Orb\n|\n|upkeep\n|\n|t:|1783563082\n|switch|p2a: Chandelure|Chandelure, L83, M|100/100\n|turn|4\n|inactive|Time left: 300 sec this turn | 300 sec total\n|\n|t:|1783563083\n|move|p2a: Chandelure|Shadow Ball|p1a: Overqwil\n|-resisted|p1a: Overqwil\n|-damage|p1a: Overqwil|0 fnt\n|faint|p1a: Overqwil\n|\n|upkeep\n|inactive|Time left: 300 sec this turn | 300 sec total | 5 sec grace\n|\n|t:|1783563083\n|switch|p1a: Greedent|Greedent, L86, M|347/347\n|turn|5\n|inactive|Time left: 300 sec this turn | 300 sec total\n|\n|t:|1783563084\n|switch|p2a: Whimsicott|Whimsicott, L84, M|100/100\n|move|p1a: Greedent|Swords Dance|p1a: Greedent\n|-boost|p1a: Greedent|atk|2\n|\n|upkeep\n|turn|6\n|inactive|Time left: 300 sec this turn | 300 sec total\n|\n|t:|1783563085\n|move|p2a: Whimsicott|Encore|p1a: Greedent\n|-start|p1a: Greedent|Encore\n|move|p1a: Greedent|Swords Dance|p1a: Greedent\n|-boost|p1a: Greedent|atk|2\n|\n|upkeep\n|turn|7\n|inactive|Time left: 300 sec this turn | 300 sec total\n|\n|t:|1783563086\n|switch|p1a: Venomoth|Venomoth, L84, F|255/255\n|move|p2a: Whimsicott|Leech Seed|p1a: Venomoth\n|-start|p1a: Venomoth|move: Leech Seed\n|\n|-damage|p1a: Venomoth|224/255|[from] Leech Seed|[of] p2a: Whimsicott\n|upkeep\n|turn|8\n|inactive|Time left: 300 sec this turn | 300 sec total\n|\n|t:|1783563086\n|switch|p2a: Palkia|Palkia, L75|100/100\n|-ability|p2a: Palkia|Pressure\n|move|p1a: Venomoth|Quiver Dance|p1a: Venomoth\n|-boost|p1a: Venomoth|spa|1\n|-boost|p1a: Venomoth|spd|1\n|-boost|p1a: Venomoth|spe|1\n|\n|-damage|p1a: Venomoth|193/255|[from] Leech Seed|[of] p2a: Palkia\n|upkeep\n|turn|9\n|inactive|Time left: 300 sec this turn | 300 sec total\n|\n|t:|1783563087\n|move|p1a: Venomoth|Sleep Powder|p2a: Palkia\n|-status|p2a: Palkia|slp|[from] move: Sleep Powder\n|cant|p2a: Palkia|slp\n|\n|-damage|p1a: Venomoth|162/255|[from] Leech Seed|[of] p2a: Palkia\n|upkeep\n|turn|10\n|inactive|Time left: 300 sec this turn | 300 sec total\n|\n|t:|1783563088\n|move|p1a: Venomoth|Sludge Wave|p2a: Palkia\n|-damage|p2a: Palkia|53/100 slp\n|cant|p2a: Palkia|slp\n|\n|-damage|p1a: Venomoth|131/255|[from] Leech Seed|[of] p2a: Palkia\n|-heal|p2a: Palkia|65/100 slp|[silent]\n|upkeep\n|turn|11\n|inactive|Time left: 300 sec this turn | 300 sec total\n|\n|t:|1783563088\n|move|p1a: Venomoth|Sludge Wave|p2a: Palkia\n|-damage|p2a: Palkia|13/100 slp\n|cant|p2a: Palkia|slp\n|\n|-damage|p1a: Venomoth|100/255|[from] Leech Seed|[of] p2a: Palkia\n|-heal|p2a: Palkia|25/100 slp|[silent]\n|upkeep\n|turn|12\n|inactive|Time left: 300 sec this turn | 300 sec total\n|\n|t:|1783563089\n|move|p1a: Venomoth|Sludge Wave|p2a: Palkia\n|-damage|p2a: Palkia|0 fnt\n|faint|p2a: Palkia\n|\n|upkeep\n|\n|t:|1783563090\n|switch|p2a: Ambipom|Ambipom, L84, F|100/100\n|turn|13\n|inactive|Time left: 300 sec this turn | 300 sec total\n|\n|t:|1783563091\n|move|p2a: Ambipom|Fake Out|p1a: Venomoth\n|-damage|p1a: Venomoth|0 fnt\n|faint|p1a: Venomoth\n|\n|upkeep\n|inactive|Time left: 300 sec this turn | 300 sec total | 5 sec grace\n|\n|t:|1783563092\n|switch|p1a: Greedent|Greedent, L86, M|347/347\n|turn|14\n|inactive|Time left: 300 sec this turn | 300 sec total\n|\n|t:|1783563093\n|switch|p2a: Whimsicott|Whimsicott, L84, M|100/100\n|move|p1a: Greedent|Swords Dance|p1a: Greedent\n|-boost|p1a: Greedent|atk|2\n|\n|upkeep\n|turn|15\n|inactive|Time left: 300 sec this turn | 300 sec total\n|\n|t:|1783563094\n|move|p2a: Whimsicott|Encore|p1a: Greedent\n|-start|p1a: Greedent|Encore\n|move|p1a: Greedent|Swords Dance|p1a: Greedent\n|-boost|p1a: Greedent|atk|2\n|\n|upkeep\n|turn|16\n|inactive|Time left: 300 sec this turn | 300 sec total\n|\n|t:|1783563095\n|move|p2a: Whimsicott|Leech Seed|p1a: Greedent\n|-start|p1a: Greedent|move: Leech Seed\n|move|p1a: Greedent|Swords Dance|p1a: Greedent\n|-boost|p1a: Greedent|atk|2\n|\n|-damage|p1a: Greedent|304/347|[from] Leech Seed|[of] p2a: Whimsicott\n|upkeep\n|turn|17\n|inactive|Time left: 300 sec this turn | 300 sec total\n|\n|t:|1783563096\n|switch|p1a: Swampert|Swampert, L83, F|302/302\n|move|p2a: Whimsicott|Substitute|p2a: Whimsicott\n|-start|p2a: Whimsicott|Substitute\n|-damage|p2a: Whimsicott|76/100\n|\n|-heal|p2a: Whimsicott|82/100|[from] item: Leftovers\n|upkeep\n|turn|18\n|inactive|Time left: 300 sec this turn | 300 sec total\n|\n|t:|1783563097\n|move|p2a: Whimsicott|Leech Seed|p1a: Swampert\n|-start|p1a: Swampert|move: Leech Seed\n|move|p1a: Swampert|Earthquake|p2a: Whimsicott\n|-resisted|p2a: Whimsicott\n|-end|p2a: Whimsicott|Substitute\n|\n|-heal|p2a: Whimsicott|87/100|[from] item: Leftovers\n|-damage|p1a: Swampert|265/302|[from] Leech Seed|[of] p2a: Whimsicott\n|-heal|p2a: Whimsicott|100/100|[silent]\n|upkeep\n|turn|19\n|inactive|Time left: 300 sec this turn | 300 sec total\n|\n|t:|1783563098\n|move|p2a: Whimsicott|Moonblast|p1a: Swampert\n|-damage|p1a: Swampert|174/302\n|-unboost|p1a: Swampert|spa|1\n|move|p1a: Swampert|Flip Turn|p2a: Whimsicott\n|-resisted|p2a: Whimsicott\n|-damage|p2a: Whimsicott|87/100\n|inactive|Time left: 300 sec this turn | 300 sec total | 5 sec grace\n|\n|t:|1783563099\n|switch|p1a: Greedent|Greedent, L86, M|304/347|[from] Flip Turn\n|\n|-heal|p2a: Whimsicott|93/100|[from] item: Leftovers\n|upkeep\n|turn|20\n|inactive|Time left: 300 sec this turn | 300 sec total\n|\n|t:|1783563100\n|move|p2a: Whimsicott|Leech Seed|p1a: Greedent|[miss]\n|-miss|p2a: Whimsicott|p1a: Greedent\n|move|p1a: Greedent|Swords Dance|p1a: Greedent\n|-boost|p1a: Greedent|atk|2\n|\n|-heal|p2a: Whimsicott|98/100|[from] item: Leftovers\n|upkeep\n|turn|21\n|inactive|Time left: 300 sec this turn | 300 sec total\n|\n|t:|1783563101\n|move|p2a: Whimsicott|Encore|p1a: Greedent\n|-start|p1a: Greedent|Encore\n|move|p1a: Greedent|Swords Dance|p1a: Greedent\n|-boost|p1a: Greedent|atk|2\n|\n|-heal|p2a: Whimsicott|100/100|[from] item: Leftovers\n|upkeep\n|turn|22\n|inactive|Time left: 300 sec this turn | 300 sec total\n|\n|t:|1783563102\n|move|p2a: Whimsicott|Moonblast|p1a: Greedent\n|-damage|p1a: Greedent|210/347\n|-unboost|p1a: Greedent|spa|1\n|move|p1a: Greedent|Swords Dance|p1a: Greedent\n|-boost|p1a: Greedent|atk|2\n|\n|upkeep\n|turn|23\n|inactive|Time left: 300 sec this turn | 300 sec total\n|\n|t:|1783563103\n|switch|p1a: Mimikyu|Mimikyu, L79, F|216/216\n|move|p2a: Whimsicott|Substitute|p2a: Whimsicott\n|-start|p2a: Whimsicott|Substitute\n|-damage|p2a: Whimsicott|76/100\n|\n|-heal|p2a: Whimsicott|82/100|[from] item: Leftovers\n|upkeep\n|turn|24\n|inactive|Time left: 300 sec this turn | 300 sec total\n|\n|t:|1783563104\n|move|p2a: Whimsicott|Leech Seed|p1a: Mimikyu\n|-start|p1a: Mimikyu|move: Leech Seed\n|move|p1a: Mimikyu|Swords Dance|p1a: Mimikyu\n|-boost|p1a: Mimikyu|atk|2\n|\n|-heal|p2a: Whimsicott|87/100|[from] item: Leftovers\n|-damage|p1a: Mimikyu|189/216|[from] Leech Seed|[of] p2a: Whimsicott\n|-heal|p2a: Whimsicott|99/100|[silent]\n|upkeep\n|turn|25\n|inactive|Time left: 300 sec this turn | 300 sec total\n|\n|t:|1783563106\n|move|p2a: Whimsicott|Encore|p1a: Mimikyu\n|-start|p1a: Mimikyu|Encore\n|move|p1a: Mimikyu|Swords Dance|p1a: Mimikyu\n|-boost|p1a: Mimikyu|atk|2\n|\n|-heal|p2a: Whimsicott|100/100|[from] item: Leftovers\n|-damage|p1a: Mimikyu|162/216|[from] Leech Seed|[of] p2a: Whimsicott\n|upkeep\n|turn|26\n|inactive|Time left: 300 sec this turn | 300 sec total\n|\n|t:|1783563107\n|switch|p1a: Greedent|Greedent, L86, M|210/347\n|move|p2a: Whimsicott|Moonblast|p1a: Greedent\n|-damage|p1a: Greedent|117/347\n|-enditem|p1a: Greedent|Sitrus Berry|[eat]\n|-heal|p1a: Greedent|203/347|[from] item: Sitrus Berry\n|-heal|p1a: Greedent|318/347|[from] ability: Cheek Pouch\n|\n|upkeep\n|turn|27\n|inactive|Time left: 300 sec this turn | 300 sec total\n|\n|t:|1783563108\n|move|p2a: Whimsicott|Leech Seed|p1a: Greedent\n|-start|p1a: Greedent|move: Leech Seed\n|move|p1a: Greedent|Swords Dance|p1a: Greedent\n|-boost|p1a: Greedent|atk|2\n|\n|-damage|p1a: Greedent|275/347|[from] Leech Seed|[of] p2a: Whimsicott\n|upkeep\n|turn|28\n|inactive|Time left: 300 sec this turn | 300 sec total\n|\n|t:|1783563109\n|move|p2a: Whimsicott|Encore|p1a: Greedent\n|-start|p1a: Greedent|Encore\n|move|p1a: Greedent|Swords Dance|p1a: Greedent\n|-boost|p1a: Greedent|atk|2\n|\n|-damage|p1a: Greedent|232/347|[from] Leech Seed|[of] p2a: Whimsicott\n|upkeep\n|turn|29\n|inactive|Time left: 300 sec this turn | 300 sec total\n|\n|t:|1783563110\n|switch|p1a: Mimikyu|Mimikyu, L79, F|162/216\n|move|p2a: Whimsicott|Moonblast|p1a: Mimikyu\n|-activate|p1a: Mimikyu|ability: Disguise\n|-damage|p1a: Mimikyu|162/216\n|detailschange|p1a: Mimikyu|Mimikyu-Busted, L79, F\n|-damage|p1a: Mimikyu|135/216|[from] pokemon: Mimikyu-Busted\n|\n|upkeep\n|turn|30\n|inactive|Time left: 300 sec this turn | 300 sec total\n|\n|t:|1783563111\n|switch|p1a: Greedent|Greedent, L86, M|232/347\n|move|p2a: Whimsicott|Moonblast|p1a: Greedent\n|-damage|p1a: Greedent|144/347\n|-unboost|p1a: Greedent|spa|1\n|\n|upkeep\n|turn|31\n|inactive|Time left: 300 sec this turn | 300 sec total\n|\n|t:|1783563112\n|move|p2a: Whimsicott|Moonblast|p1a: Greedent\n|-crit|p1a: Greedent\n|-damage|p1a: Greedent|0 fnt\n|faint|p1a: Greedent\n|\n|upkeep\n|inactive|Time left: 300 sec this turn | 300 sec total | 5 sec grace\n|\n|t:|1783563113\n|switch|p1a: Swampert|Swampert, L83, F|174/302\n|turn|32\n|inactive|Time left: 300 sec this turn | 300 sec total\n|\n|t:|1783563114\n|move|p2a: Whimsicott|Leech Seed|p1a: Swampert\n|-start|p1a: Swampert|move: Leech Seed\n|move|p1a: Swampert|Earthquake|p2a: Whimsicott\n|-resisted|p2a: Whimsicott\n|-end|p2a: Whimsicott|Substitute\n|\n|-heal|p1a: Swampert|192/302|[from] item: Leftovers\n|-damage|p1a: Swampert|155/302|[from] Leech Seed|[of] p2a: Whimsicott\n|upkeep\n|turn|33\n|inactive|Time left: 300 sec this turn | 300 sec total\n|\n|t:|1783563115\n|move|p2a: Whimsicott|Moonblast|p1a: Swampert\n|-damage|p1a: Swampert|68/302\n|move|p1a: Swampert|Flip Turn|p2a: Whimsicott\n|-resisted|p2a: Whimsicott\n|-damage|p2a: Whimsicott|78/100\n|inactive|Time left: 300 sec this turn | 300 sec total | 5 sec grace\n|\n|t:|1783563116\n|switch|p1a: Grimmsnarl|Grimmsnarl, L83, M|293/293|[from] Flip Turn\n|\n|-heal|p2a: Whimsicott|84/100|[from] item: Leftovers\n|upkeep\n|turn|34\n|inactive|Time left: 300 sec this turn | 300 sec total\n|\n|t:|1783563117\n|move|p2a: Whimsicott|Moonblast|p1a: Grimmsnarl\n|-supereffective|p1a: Grimmsnarl\n|-damage|p1a: Grimmsnarl|93/293\n|move|p1a: Grimmsnarl|Spirit Break|p2a: Whimsicott\n|-damage|p2a: Whimsicott|48/100\n|-unboost|p2a: Whimsicott|spa|1\n|\n|-heal|p2a: Whimsicott|53/100|[from] item: Leftovers\n|-heal|p1a: Grimmsnarl|111/293|[from] item: Leftovers\n|upkeep\n|turn|35\n|inactive|Time left: 300 sec this turn | 300 sec total\n|\n|t:|1783563118\n|move|p2a: Whimsicott|Moonblast|p1a: Grimmsnarl\n|-supereffective|p1a: Grimmsnarl\n|-damage|p1a: Grimmsnarl|0 fnt\n|faint|p1a: Grimmsnarl\n|\n|-heal|p2a: Whimsicott|59/100|[from] item: Leftovers\n|upkeep\n|inactive|Time left: 300 sec this turn | 300 sec total | 5 sec grace\n|\n|t:|1783563119\n|switch|p1a: Swampert|Swampert, L83, F|68/302\n|turn|36\n|inactive|Time left: 300 sec this turn | 300 sec total\n|\n|t:|1783563120\n|move|p2a: Whimsicott|Moonblast|p1a: Swampert\n|-damage|p1a: Swampert|14/302\n|move|p1a: Swampert|Flip Turn|p2a: Whimsicott\n|-resisted|p2a: Whimsicott\n|-damage|p2a: Whimsicott|37/100\n|inactive|Time left: 300 sec this turn | 300 sec total | 5 sec grace\n|\n|t:|1783563122\n|switch|p1a: Mimikyu|Mimikyu-Busted, L79, F|135/216|[from] Flip Turn\n|\n|-heal|p2a: Whimsicott|43/100|[from] item: Leftovers\n|upkeep\n|turn|37\n|inactive|Time left: 300 sec this turn | 300 sec total\n|\n|t:|1783563123\n|switch|p2a: Chandelure|Chandelure, L83, M|100/100\n|move|p1a: Mimikyu|Swords Dance|p1a: Mimikyu\n|-boost|p1a: Mimikyu|atk|2\n|\n|upkeep\n|turn|38\n|inactive|Time left: 300 sec this turn | 300 sec total\n|\n|t:|1783563124\n|-terastallize|p1a: Mimikyu|Ghost\n|move|p1a: Mimikyu|Shadow Sneak|p2a: Chandelure\n|-supereffective|p2a: Chandelure\n|-damage|p2a: Chandelure|0 fnt\n|faint|p2a: Chandelure\n|-damage|p1a: Mimikyu|114/216|[from] item: Life Orb\n|\n|upkeep\n|\n|t:|1783563124\n|switch|p2a: Ambipom|Ambipom, L84, F|100/100\n|turn|39\n|inactive|Time left: 300 sec this turn | 300 sec total\n|\n|t:|1783563125\n|switch|p1a: Swampert|Swampert, L83, F|14/302\n|-terastallize|p2a: Ambipom|Normal\n|move|p2a: Ambipom|Knock Off|p1a: Swampert\n|-damage|p1a: Swampert|0 fnt\n|-enditem|p1a: Swampert|Leftovers|[from] move: Knock Off|[of] p2a: Ambipom\n|faint|p1a: Swampert\n|\n|upkeep\n|inactive|Time left: 300 sec this turn | 300 sec total | 5 sec grace\n|\n|t:|1783563126\n|switch|p1a: Mimikyu|Mimikyu-Busted, L79, F, tera:Ghost|114/216\n|turn|40\n|inactive|Time left: 300 sec this turn | 300 sec total\n|\n|t:|1783563127\n|move|p2a: Ambipom|Knock Off|p1a: Mimikyu\n|-supereffective|p1a: Mimikyu\n|-crit|p1a: Mimikyu\n|-damage|p1a: Mimikyu|0 fnt\n|-enditem|p1a: Mimikyu|Life Orb|[from] move: Knock Off|[of] p2a: Ambipom\n|faint|p1a: Mimikyu\n|\n|win|p0y1994f16d", "uploadtime": 1783563127, "views": 0, "rating": 0, "private": 0, "password": null, "_winner": "p0y1994f16d", "_our_name": "p0x19942d3e"}