{"id": "battle-gen9randombattle-307", "formatid": "gen9randombattle", "format": "[Gen 9] Random Battle", "players": ["p0x307b2a8", "p0y3078975"], "log": "|init|battle\n|title|p0x307b2a8 vs. p0y3078975\n|j|\u2606p0x307b2a8\n|j|\u2606p0y3078975\n|t:|1783543170\n|gametype|singles\n|player|p1|p0x307b2a8|1|\n|player|p2|p0y3078975|169|\n|gen|9\n|tier|[Gen 9] Random Battle\n|rule|Species Clause: Limit one of each Pok\u00e9mon\n|rule|HP Percentage Mod: HP is shown in percentages\n|rule|Sleep Clause Mod: Limit one foe put to sleep\n|rule|Illusion Level Mod: Illusion disguises the Pok\u00e9mon's true level\n|\n|t:|1783543170\n|teamsize|p1|6\n|teamsize|p2|6\n|start\n|switch|p1a: Weezing|Weezing-Galar, L86, F|252/252\n|switch|p2a: Manaphy|Manaphy, L78|100/100\n|turn|1\n|inactive|Battle timer is ON: inactive players will automatically lose when time's up. (requested by p0y3078975)\n|inactive|Time left: 300 sec this turn | 300 sec total | 60 sec grace\n|inactive|p0x307b2a8 also wants the timer to be on.\n|\n|t:|1783543171\n|move|p2a: Manaphy|Tail Glow|p2a: Manaphy\n|-boost|p2a: Manaphy|spa|3\n|move|p1a: Weezing|Gunk Shot|p2a: Manaphy\n|-damage|p2a: Manaphy|56/100\n|\n|-heal|p2a: Manaphy|62/100|[from] item: Leftovers\n|upkeep\n|turn|2\n|inactive|Time left: 300 sec this turn | 300 sec total\n|\n|t:|1783543173\n|switch|p1a: Toxapex|Toxapex, L82, M|216/216\n|move|p2a: Manaphy|Surf|p1a: Toxapex\n|-resisted|p1a: Toxapex\n|-damage|p1a: Toxapex|137/216\n|\n|-heal|p2a: Manaphy|68/100|[from] item: Leftovers\n|-heal|p1a: Toxapex|150/216|[from] item: Leftovers\n|upkeep\n|turn|3\n|inactive|Time left: 300 sec this turn | 300 sec total\n|\n|t:|1783543174\n|move|p2a: Manaphy|Surf|p1a: Toxapex\n|-resisted|p1a: Toxapex\n|-damage|p1a: Toxapex|78/216\n|move|p1a: Toxapex|Haze|p1a: Toxapex\n|-clearallboost\n|\n|-heal|p2a: Manaphy|74/100|[from] item: Leftovers\n|-heal|p1a: Toxapex|91/216|[from] item: Leftovers\n|upkeep\n|turn|4\n|inactive|Time left: 300 sec this turn | 300 sec total\n|\n|t:|1783543175\n|move|p2a: Manaphy|Tail Glow|p2a: Manaphy\n|-boost|p2a: Manaphy|spa|3\n|move|p1a: Toxapex|Toxic|p2a: Manaphy\n|-status|p2a: Manaphy|tox\n|\n|-heal|p2a: Manaphy|80/100 tox|[from] item: Leftovers\n|-heal|p1a: Toxapex|104/216|[from] item: Leftovers\n|-damage|p2a: Manaphy|74/100 tox|[from] psn\n|upkeep\n|turn|5\n|inactive|Time left: 300 sec this turn | 300 sec total\n|\n|t:|1783543176\n|move|p2a: Manaphy|Surf|p1a: Toxapex\n|-resisted|p1a: Toxapex\n|-damage|p1a: Toxapex|32/216\n|move|p1a: Toxapex|Haze|p1a: Toxapex\n|-clearallboost\n|\n|-heal|p2a: Manaphy|80/100 tox|[from] item: Leftovers\n|-heal|p1a: Toxapex|45/216|[from] item: Leftovers\n|-damage|p2a: Manaphy|68/100 tox|[from] psn\n|upkeep\n|turn|6\n|inactive|Time left: 300 sec this turn | 300 sec total\n|\n|t:|1783543178\n|move|p2a: Manaphy|Tail Glow|p2a: Manaphy\n|-boost|p2a: Manaphy|spa|3\n|move|p1a: Toxapex|Recover|p1a: Toxapex\n|-heal|p1a: Toxapex|153/216\n|\n|-heal|p2a: Manaphy|74/100 tox|[from] item: Leftovers\n|-heal|p1a: Toxapex|166/216|[from] item: Leftovers\n|-damage|p2a: Manaphy|56/100 tox|[from] psn\n|upkeep\n|turn|7\n|inactive|Time left: 300 sec this turn | 300 sec total\n|\n|t:|1783543179\n|move|p2a: Manaphy|Surf|p1a: Toxapex\n|-resisted|p1a: Toxapex\n|-damage|p1a: Toxapex|97/216\n|move|p1a: Toxapex|Liquidation|p2a: Manaphy\n|-resisted|p2a: Manaphy\n|-damage|p2a: Manaphy|45/100 tox\n|\n|-heal|p2a: Manaphy|50/100 tox|[from] item: Leftovers\n|-heal|p1a: Toxapex|110/216|[from] item: Leftovers\n|-damage|p2a: Manaphy|27/100 tox|[from] psn\n|upkeep\n|turn|8\n|inactive|Time left: 300 sec this turn | 300 sec total\n|\n|t:|1783543180\n|move|p2a: Manaphy|Ice Beam|p1a: Toxapex\n|-resisted|p1a: Toxapex\n|-damage|p1a: Toxapex|62/216\n|move|p1a: Toxapex|Recover|p1a: Toxapex\n|-heal|p1a: Toxapex|170/216\n|\n|-heal|p2a: Manaphy|33/100 tox|[from] item: Leftovers\n|-heal|p1a: Toxapex|183/216|[from] item: Leftovers\n|-damage|p2a: Manaphy|3/100 tox|[from] psn\n|upkeep\n|turn|9\n|inactive|Time left: 300 sec this turn | 300 sec total\n|\n|t:|1783543181\n|move|p2a: Manaphy|Surf|p1a: Toxapex\n|-resisted|p1a: Toxapex\n|-damage|p1a: Toxapex|108/216\n|move|p1a: Toxapex|Toxic|p2a: Manaphy\n|-fail|p2a: Manaphy|tox\n|\n|-heal|p2a: Manaphy|9/100 tox|[from] item: Leftovers\n|-heal|p1a: Toxapex|121/216|[from] item: Leftovers\n|-damage|p2a: Manaphy|0 fnt|[from] psn\n|faint|p2a: Manaphy\n|upkeep\n|\n|t:|1783543182\n|switch|p2a: Falinks|Falinks, L84|100/100\n|turn|10\n|inactive|Time left: 300 sec this turn | 300 sec total\n|\n|t:|1783543184\n|move|p2a: Falinks|No Retreat|p2a: Falinks\n|-boost|p2a: Falinks|atk|1\n|-boost|p2a: Falinks|def|1\n|-boost|p2a: Falinks|spa|1\n|-boost|p2a: Falinks|spd|1\n|-boost|p2a: Falinks|spe|1\n|-start|p2a: Falinks|move: No Retreat\n|move|p1a: Toxapex|Haze|p1a: Toxapex\n|-clearallboost\n|\n|-heal|p1a: Toxapex|134/216|[from] item: Leftovers\n|upkeep\n|turn|11\n|inactive|Time left: 300 sec this turn | 300 sec total\n|\n|t:|1783543185\n|move|p2a: Falinks|Knock Off|p1a: Toxapex\n|-damage|p1a: Toxapex|70/216\n|-enditem|p1a: Toxapex|Leftovers|[from] move: Knock Off|[of] p2a: Falinks\n|-damage|p2a: Falinks|91/100|[from] item: Life Orb\n|move|p1a: Toxapex|Recover|p1a: Toxapex\n|-heal|p1a: Toxapex|178/216\n|\n|upkeep\n|turn|12\n|inactive|Time left: 300 sec this turn | 300 sec total\n|\n|t:|1783543186\n|move|p2a: Falinks|Knock Off|p1a: Toxapex\n|-damage|p1a: Toxapex|136/216\n|-damage|p2a: Falinks|81/100|[from] item: Life Orb\n|move|p1a: Toxapex|Toxic|p2a: Falinks\n|-status|p2a: Falinks|tox\n|\n|-damage|p2a: Falinks|75/100 tox|[from] psn\n|upkeep\n|turn|13\n|inactive|Time left: 300 sec this turn | 300 sec total\n|\n|t:|1783543187\n|move|p2a: Falinks|Close Combat|p1a: Toxapex\n|-resisted|p1a: Toxapex\n|-damage|p1a: Toxapex|80/216\n|-unboost|p2a: Falinks|def|1\n|-unboost|p2a: Falinks|spd|1\n|-damage|p2a: Falinks|65/100 tox|[from] item: Life Orb\n|move|p1a: Toxapex|Recover|p1a: Toxapex\n|-heal|p1a: Toxapex|188/216\n|\n|-damage|p2a: Falinks|53/100 tox|[from] psn\n|upkeep\n|turn|14\n|inactive|Time left: 300 sec this turn | 300 sec total\n|\n|t:|1783543188\n|move|p2a: Falinks|Close Combat|p1a: Toxapex\n|-resisted|p1a: Toxapex\n|-damage|p1a: Toxapex|133/216\n|-unboost|p2a: Falinks|def|1\n|-unboost|p2a: Falinks|spd|1\n|-damage|p2a: Falinks|43/100 tox|[from] item: Life Orb\n|move|p1a: Toxapex|Recover|p1a: Toxapex\n|-heal|p1a: Toxapex|216/216\n|\n|-damage|p2a: Falinks|25/100 tox|[from] psn\n|upkeep\n|turn|15\n|inactive|Time left: 300 sec this turn | 300 sec total\n|\n|t:|1783543189\n|move|p2a: Falinks|Knock Off|p1a: Toxapex\n|-damage|p1a: Toxapex|177/216\n|-damage|p2a: Falinks|15/100 tox|[from] item: Life Orb\n|move|p1a: Toxapex|Recover|p1a: Toxapex\n|-heal|p1a: Toxapex|216/216\n|\n|-damage|p2a: Falinks|0 fnt|[from] psn\n|faint|p2a: Falinks\n|upkeep\n|\n|t:|1783543190\n|switch|p2a: Oricorio|Oricorio-Pom-Pom, L82, M|100/100\n|turn|16\n|inactive|Time left: 300 sec this turn | 300 sec total\n|\n|t:|1783543192\n|switch|p1a: Crabominable|Crabominable, L90, F|321/321\n|move|p2a: Oricorio|Quiver Dance|p2a: Oricorio\n|-boost|p2a: Oricorio|spa|1\n|-boost|p2a: Oricorio|spd|1\n|-boost|p2a: Oricorio|spe|1\n|\n|upkeep\n|turn|17\n|inactive|Time left: 300 sec this turn | 300 sec total\n|\n|t:|1783543193\n|-terastallize|p1a: Crabominable|Ground\n|move|p2a: Oricorio|Hurricane|p1a: Crabominable|[miss]\n|-miss|p2a: Oricorio|p1a: Crabominable\n|move|p1a: Crabominable|Ice Hammer|p2a: Oricorio\n|-supereffective|p2a: Oricorio\n|-damage|p2a: Oricorio|0 fnt\n|-unboost|p1a: Crabominable|spe|1\n|faint|p2a: Oricorio\n|\n|upkeep\n|\n|t:|1783543194\n|switch|p2a: Tatsugiri|Tatsugiri, L87, M|100/100\n|turn|18\n|inactive|Time left: 300 sec this turn | 300 sec total\n|\n|t:|1783543195\n|move|p2a: Tatsugiri|Hydro Pump|p1a: Crabominable\n|-supereffective|p1a: Crabominable\n|-damage|p1a: Crabominable|0 fnt\n|faint|p1a: Crabominable\n|\n|upkeep\n|inactive|Time left: 300 sec this turn | 300 sec total | 5 sec grace\n|\n|t:|1783543196\n|switch|p1a: Kricketune|Kricketune, L99, F|312/312\n|turn|19\n|inactive|Time left: 300 sec this turn | 300 sec total\n|\n|t:|1783543197\n|move|p2a: Tatsugiri|Nasty Plot|p2a: Tatsugiri\n|-boost|p2a: Tatsugiri|spa|2\n|move|p1a: Kricketune|Pounce|p2a: Tatsugiri\n|-damage|p2a: Tatsugiri|53/100\n|-unboost|p2a: Tatsugiri|spe|1\n|\n|upkeep\n|turn|20\n|inactive|Time left: 300 sec this turn | 300 sec total\n|\n|t:|1783543198\n|move|p1a: Kricketune|Pounce|p2a: Tatsugiri\n|-damage|p2a: Tatsugiri|7/100\n|-unboost|p2a: Tatsugiri|spe|1\n|move|p2a: Tatsugiri|Hydro Pump|p1a: Kricketune\n|-damage|p1a: Kricketune|0 fnt\n|faint|p1a: Kricketune\n|\n|upkeep\n|inactive|Time left: 300 sec this turn | 300 sec total | 5 sec grace\n|\n|t:|1783543198\n|switch|p1a: Iron Jugulis|Iron Jugulis, L77|271/271\n|turn|21\n|inactive|Time left: 300 sec this turn | 300 sec total\n|\n|t:|1783543199\n|switch|p2a: Pachirisu|Pachirisu, L96, F|100/100\n|move|p1a: Iron Jugulis|Earth Power|p2a: Pachirisu\n|-supereffective|p2a: Pachirisu\n|-damage|p2a: Pachirisu|37/100\n|\n|upkeep\n|turn|22\n|inactive|Time left: 300 sec this turn | 300 sec total\n|\n|t:|1783543200\n|-end|p1a: Iron Jugulis|Quark Drive|[silent]\n|switch|p1a: Rotom|Rotom, L88|231/231\n|move|p2a: Pachirisu|Discharge|p1a: Rotom\n|-resisted|p1a: Rotom\n|-damage|p1a: Rotom|197/231\n|\n|upkeep\n|turn|23\n|inactive|Time left: 300 sec this turn | 300 sec total\n|\n|t:|1783543201\n|move|p2a: Pachirisu|U-turn|p1a: Rotom\n|-resisted|p1a: Rotom\n|-damage|p1a: Rotom|178/231\n|\n|t:|1783543202\n|switch|p2a: Pyroar|Pyroar, L88, M|100/100|[from] U-turn\n|-ability|p2a: Pyroar|Unnerve\n|move|p1a: Rotom|Nasty Plot|p1a: Rotom\n|-boost|p1a: Rotom|spa|2\n|\n|upkeep\n|turn|24\n|inactive|Time left: 300 sec this turn | 300 sec total\n|\n|t:|1783543202\n|-terastallize|p2a: Pyroar|Fire\n|move|p2a: Pyroar|Fire Blast|p1a: Rotom|[miss]\n|-miss|p2a: Pyroar|p1a: Rotom\n|move|p1a: Rotom|Thunderbolt|p2a: Pyroar\n|-damage|p2a: Pyroar|0 fnt\n|faint|p2a: Pyroar\n|-damage|p1a: Rotom|155/231|[from] item: Life Orb\n|\n|upkeep\n|\n|t:|1783543203\n|switch|p2a: Pachirisu|Pachirisu, L96, F|37/100\n|turn|25\n|inactive|Time left: 300 sec this turn | 300 sec total\n|\n|t:|1783543204\n|switch|p1a: Iron Jugulis|Iron Jugulis, L77|271/271\n|move|p2a: Pachirisu|Encore||[still]\n|-fail|p2a: Pachirisu\n|\n|upkeep\n|turn|26\n|inactive|Time left: 300 sec this turn | 300 sec total\n|\n|t:|1783543205\n|move|p2a: Pachirisu|Discharge|p1a: Iron Jugulis\n|-supereffective|p1a: Iron Jugulis\n|-damage|p1a: Iron Jugulis|115/271\n|-status|p1a: Iron Jugulis|par\n|move|p1a: Iron Jugulis|Dark Pulse|p2a: Pachirisu\n|-damage|p2a: Pachirisu|0 fnt\n|faint|p2a: Pachirisu\n|\n|upkeep\n|\n|t:|1783543206\n|switch|p2a: Tatsugiri|Tatsugiri, L87, M|7/100\n|turn|27\n|inactive|Time left: 300 sec this turn | 300 sec total\n|\n|t:|1783543207\n|move|p2a: Tatsugiri|Nasty Plot|p2a: Tatsugiri\n|-boost|p2a: Tatsugiri|spa|2\n|move|p1a: Iron Jugulis|Dark Pulse|p2a: Tatsugiri\n|-damage|p2a: Tatsugiri|0 fnt\n|faint|p2a: Tatsugiri\n|\n|win|p0x307b2a8", "uploadtime": 1783543207, "views": 0, "rating": 0, "private": 0, "password": null, "_winner": "p0x307b2a8", "_our_name": "p0x307b2a8"}