{"id": "battle-gen9randombattle-249", "formatid": "gen9randombattle", "format": "[Gen 9] Random Battle", "players": ["p0x2496d3d", "p0y24941cd"], "log": "|init|battle\n|title|p0x2496d3d vs. p0y24941cd\n|j|\u2606p0x2496d3d\n|j|\u2606p0y24941cd\n|t:|1783541980\n|gametype|singles\n|player|p1|p0x2496d3d|1|\n|player|p2|p0y24941cd|169|\n|gen|9\n|tier|[Gen 9] Random Battle\n|rule|Species Clause: Limit one of each Pok\u00e9mon\n|rule|HP Percentage Mod: HP is shown in percentages\n|rule|Sleep Clause Mod: Limit one foe put to sleep\n|rule|Illusion Level Mod: Illusion disguises the Pok\u00e9mon's true level\n|\n|t:|1783541980\n|teamsize|p1|6\n|teamsize|p2|6\n|start\n|switch|p1a: Excadrill|Excadrill, L79, M|303/303\n|switch|p2a: Venomoth|Venomoth, L84, F|100/100\n|-ability|p1a: Excadrill|Mold Breaker\n|turn|1\n|inactive|Battle timer is ON: inactive players will automatically lose when time's up. (requested by p0x2496d3d)\n|inactive|p0y24941cd also wants the timer to be on.\n|\n|t:|1783541982\n|move|p2a: Venomoth|Sleep Powder|p1a: Excadrill\n|-status|p1a: Excadrill|slp|[from] move: Sleep Powder\n|cant|p1a: Excadrill|slp\n|\n|upkeep\n|turn|2\n|inactive|Time left: 300 sec this turn | 300 sec total\n|\n|t:|1783541983\n|move|p2a: Venomoth|Quiver Dance|p2a: Venomoth\n|-boost|p2a: Venomoth|spa|1\n|-boost|p2a: Venomoth|spd|1\n|-boost|p2a: Venomoth|spe|1\n|cant|p1a: Excadrill|slp\n|\n|upkeep\n|turn|3\n|inactive|Time left: 300 sec this turn | 300 sec total\n|\n|t:|1783541984\n|move|p2a: Venomoth|Bug Buzz|p1a: Excadrill\n|-resisted|p1a: Excadrill\n|-crit|p1a: Excadrill\n|-damage|p1a: Excadrill|37/303 slp\n|cant|p1a: Excadrill|slp\n|\n|-heal|p1a: Excadrill|55/303 slp|[from] item: Leftovers\n|upkeep\n|turn|4\n|inactive|Time left: 300 sec this turn | 300 sec total\n|\n|t:|1783541986\n|move|p2a: Venomoth|Bug Buzz|p1a: Excadrill\n|-resisted|p1a: Excadrill\n|-damage|p1a: Excadrill|0 fnt\n|faint|p1a: Excadrill\n|\n|upkeep\n|inactive|Time left: 300 sec this turn | 300 sec total | 5 sec grace\n|\n|t:|1783541987\n|switch|p1a: Flamigo|Flamigo, L82, F|269/269\n|turn|5\n|inactive|Time left: 300 sec this turn | 300 sec total\n|\n|t:|1783541988\n|move|p2a: Venomoth|Sleep Powder|p1a: Flamigo\n|-status|p1a: Flamigo|slp|[from] move: Sleep Powder\n|cant|p1a: Flamigo|slp\n|\n|upkeep\n|turn|6\n|inactive|Time left: 300 sec this turn | 300 sec total\n|\n|t:|1783541989\n|move|p2a: Venomoth|Sludge Wave|p1a: Flamigo\n|-damage|p1a: Flamigo|98/269 slp\n|cant|p1a: Flamigo|slp\n|\n|upkeep\n|turn|7\n|inactive|Time left: 300 sec this turn | 300 sec total\n|\n|t:|1783541990\n|switch|p1a: Wyrdeer|Wyrdeer, L87, M|321/321\n|-ability|p1a: Wyrdeer|Intimidate|boost\n|-unboost|p2a: Venomoth|atk|1\n|move|p2a: Venomoth|Sludge Wave|p1a: Wyrdeer\n|-damage|p1a: Wyrdeer|218/321\n|\n|upkeep\n|turn|8\n|inactive|Time left: 300 sec this turn | 300 sec total\n|\n|t:|1783541991\n|move|p2a: Venomoth|Bug Buzz|p1a: Wyrdeer\n|-supereffective|p1a: Wyrdeer\n|-damage|p1a: Wyrdeer|20/321\n|move|p1a: Wyrdeer|Body Slam|p2a: Venomoth\n|-damage|p2a: Venomoth|45/100\n|\n|upkeep\n|turn|9\n|inactive|Time left: 300 sec this turn | 300 sec total\n|\n|t:|1783541992\n|switch|p1a: Frosmoth|Frosmoth, L82, F|249/249\n|move|p2a: Venomoth|Bug Buzz|p1a: Frosmoth\n|-damage|p1a: Frosmoth|177/249\n|-unboost|p1a: Frosmoth|spd|1\n|\n|upkeep\n|turn|10\n|inactive|Time left: 300 sec this turn | 300 sec total\n|\n|t:|1783541993\n|move|p2a: Venomoth|Sludge Wave|p1a: Frosmoth\n|-damage|p1a: Frosmoth|74/249\n|move|p1a: Frosmoth|Quiver Dance|p1a: Frosmoth\n|-boost|p1a: Frosmoth|spa|1\n|-boost|p1a: Frosmoth|spd|1\n|-boost|p1a: Frosmoth|spe|1\n|\n|upkeep\n|turn|11\n|inactive|Time left: 300 sec this turn | 300 sec total\n|\n|t:|1783541994\n|-terastallize|p2a: Venomoth|Poison\n|move|p2a: Venomoth|Sludge Wave|p1a: Frosmoth\n|-damage|p1a: Frosmoth|0 fnt\n|faint|p1a: Frosmoth\n|\n|upkeep\n|inactive|Time left: 300 sec this turn | 300 sec total | 5 sec grace\n|\n|t:|1783541995\n|switch|p1a: Wyrdeer|Wyrdeer, L87, M|20/321\n|-ability|p1a: Wyrdeer|Intimidate|boost\n|-unboost|p2a: Venomoth|atk|1\n|turn|12\n|inactive|Time left: 300 sec this turn | 300 sec total\n|\n|t:|1783541996\n|move|p2a: Venomoth|Sludge Wave|p1a: Wyrdeer\n|-damage|p1a: Wyrdeer|0 fnt\n|faint|p1a: Wyrdeer\n|\n|upkeep\n|inactive|Time left: 300 sec this turn | 300 sec total | 5 sec grace\n|\n|t:|1783541997\n|switch|p1a: Lurantis|Lurantis, L87, M|264/264\n|turn|13\n|inactive|Time left: 300 sec this turn | 300 sec total\n|\n|t:|1783541998\n|-terastallize|p1a: Lurantis|Fighting\n|move|p2a: Venomoth|Sludge Wave|p1a: Lurantis\n|-damage|p1a: Lurantis|96/264\n|move|p1a: Lurantis|Synthesis|p1a: Lurantis\n|-heal|p1a: Lurantis|228/264\n|\n|-heal|p1a: Lurantis|244/264|[from] item: Leftovers\n|upkeep\n|turn|14\n|inactive|Time left: 300 sec this turn | 300 sec total\n|\n|t:|1783541999\n|move|p2a: Venomoth|Sludge Wave|p1a: Lurantis\n|-damage|p1a: Lurantis|52/264\n|move|p1a: Lurantis|Synthesis|p1a: Lurantis\n|-heal|p1a: Lurantis|184/264\n|\n|-heal|p1a: Lurantis|200/264|[from] item: Leftovers\n|upkeep\n|turn|15\n|inactive|Time left: 300 sec this turn | 300 sec total\n|\n|t:|1783542001\n|move|p2a: Venomoth|Sludge Wave|p1a: Lurantis\n|-damage|p1a: Lurantis|10/264\n|move|p1a: Lurantis|Knock Off|p2a: Venomoth\n|-damage|p2a: Venomoth|8/100\n|-enditem|p2a: Venomoth|Heavy-Duty Boots|[from] move: Knock Off|[of] p1a: Lurantis\n|\n|-heal|p1a: Lurantis|26/264|[from] item: Leftovers\n|upkeep\n|turn|16\n|inactive|Time left: 300 sec this turn | 300 sec total\n|\n|t:|1783542002\n|move|p2a: Venomoth|Sludge Wave|p1a: Lurantis\n|-damage|p1a: Lurantis|0 fnt\n|faint|p1a: Lurantis\n|\n|upkeep\n|inactive|Time left: 300 sec this turn | 300 sec total | 5 sec grace\n|\n|t:|1783542003\n|switch|p1a: Manaphy|Manaphy, L78|284/284\n|turn|17\n|inactive|Time left: 300 sec this turn | 300 sec total\n|\n|t:|1783542004\n|move|p2a: Venomoth|Sludge Wave|p1a: Manaphy\n|-damage|p1a: Manaphy|98/284\n|move|p1a: Manaphy|Ice Beam|p2a: Venomoth\n|-damage|p2a: Venomoth|0 fnt\n|faint|p2a: Venomoth\n|\n|-heal|p1a: Manaphy|115/284|[from] item: Leftovers\n|upkeep\n|\n|t:|1783542004\n|switch|p2a: Houndstone|Houndstone, L86, M|100/100\n|turn|18\n|inactive|Time left: 300 sec this turn | 300 sec total\n|\n|t:|1783542005\n|move|p1a: Manaphy|Tail Glow|p1a: Manaphy\n|-boost|p1a: Manaphy|spa|3\n|move|p2a: Houndstone|Poltergeist|p1a: Manaphy\n|-activate|p1a: Manaphy|move: Poltergeist|Leftovers\n|-damage|p1a: Manaphy|3/284\n|\n|-heal|p1a: Manaphy|20/284|[from] item: Leftovers\n|upkeep\n|turn|19\n|inactive|Time left: 300 sec this turn | 300 sec total\n|\n|t:|1783542006\n|move|p1a: Manaphy|Hydro Pump|p2a: Houndstone\n|-damage|p2a: Houndstone|6/100\n|move|p2a: Houndstone|Body Press|p1a: Manaphy\n|-damage|p1a: Manaphy|0 fnt\n|faint|p1a: Manaphy\n|\n|-heal|p2a: Houndstone|12/100|[from] item: Leftovers\n|upkeep\n|inactive|Time left: 300 sec this turn | 300 sec total | 5 sec grace\n|\n|t:|1783542007\n|switch|p1a: Flamigo|Flamigo, L82, F|98/269 slp\n|turn|20\n|inactive|Time left: 300 sec this turn | 300 sec total\n|\n|t:|1783542008\n|cant|p1a: Flamigo|slp\n|move|p2a: Houndstone|Poltergeist|p1a: Flamigo\n|-activate|p1a: Flamigo|move: Poltergeist|Life Orb\n|-crit|p1a: Flamigo\n|-damage|p1a: Flamigo|0 fnt\n|faint|p1a: Flamigo\n|\n|win|p0y24941cd", "uploadtime": 1783542008, "views": 0, "rating": 0, "private": 0, "password": null, "_winner": "p0y24941cd", "_our_name": "p0x2496d3d"}