{"id": "battle-gen9randombattle-1319", "formatid": "gen9randombattle", "format": "[Gen 9] Random Battle", "players": ["p0x13190114", "p0y1319d916"], "log": "|init|battle\n|title|p0x13190114 vs. p0y1319d916\n|j|\u2606p0x13190114\n|j|\u2606p0y1319d916\n|t:|1783554448\n|gametype|singles\n|player|p1|p0x13190114|2|\n|player|p2|p0y1319d916|169|\n|gen|9\n|tier|[Gen 9] Random Battle\n|rule|Species Clause: Limit one of each Pok\u00e9mon\n|rule|HP Percentage Mod: HP is shown in percentages\n|rule|Sleep Clause Mod: Limit one foe put to sleep\n|rule|Illusion Level Mod: Illusion disguises the Pok\u00e9mon's true level\n|\n|t:|1783554448\n|teamsize|p1|6\n|teamsize|p2|6\n|start\n|switch|p1a: Probopass|Probopass, L91, M|100/100\n|switch|p2a: Blastoise|Blastoise, L80, F|258/258\n|turn|1\n|inactive|Battle timer is ON: inactive players will automatically lose when time's up. (requested by p0x13190114)\n|inactive|Time left: 300 sec this turn | 300 sec total | 60 sec grace\n|inactive|p0y1319d916 also wants the timer to be on.\n|\n|t:|1783554450\n|-terastallize|p1a: Probopass|Fighting\n|move|p2a: Blastoise|Shell Smash|p2a: Blastoise\n|-unboost|p2a: Blastoise|def|1\n|-unboost|p2a: Blastoise|spd|1\n|-boost|p2a: Blastoise|atk|2\n|-boost|p2a: Blastoise|spa|2\n|-boost|p2a: Blastoise|spe|2\n|-enditem|p2a: Blastoise|White Herb\n|-clearnegativeboost|p2a: Blastoise|[silent]\n|move|p1a: Probopass|Body Press|p2a: Blastoise\n|-damage|p2a: Blastoise|120/258\n|\n|upkeep\n|turn|2\n|inactive|Time left: 300 sec this turn | 300 sec total\n|\n|t:|1783554451\n|move|p2a: Blastoise|Ice Beam|p1a: Probopass\n|-damage|p1a: Probopass|77/100\n|move|p1a: Probopass|Body Press|p2a: Blastoise\n|-damage|p2a: Blastoise|0 fnt\n|faint|p2a: Blastoise\n|\n|-heal|p1a: Probopass|83/100|[from] item: Leftovers\n|upkeep\n|inactive|Time left: 300 sec this turn | 300 sec total | 5 sec grace\n|\n|t:|1783554451\n|switch|p2a: Gogoat|Gogoat, L88, F|360/360\n|turn|3\n|inactive|Time left: 300 sec this turn | 300 sec total\n|\n|t:|1783554452\n|move|p2a: Gogoat|Bulk Up|p2a: Gogoat\n|-boost|p2a: Gogoat|atk|1\n|-boost|p2a: Gogoat|def|1\n|move|p1a: Probopass|Thunder Wave|p2a: Gogoat\n|-status|p2a: Gogoat|par\n|\n|-heal|p1a: Probopass|89/100|[from] item: Leftovers\n|upkeep\n|turn|4\n|inactive|Time left: 300 sec this turn | 300 sec total\n|\n|t:|1783554453\n|move|p1a: Probopass|Iron Defense|p1a: Probopass\n|-boost|p1a: Probopass|def|2\n|move|p2a: Gogoat|Bulk Up|p2a: Gogoat\n|-boost|p2a: Gogoat|atk|1\n|-boost|p2a: Gogoat|def|1\n|\n|-heal|p1a: Probopass|95/100|[from] item: Leftovers\n|upkeep\n|turn|5\n|inactive|Time left: 300 sec this turn | 300 sec total\n|\n|t:|1783554454\n|move|p1a: Probopass|Body Press|p2a: Gogoat\n|-crit|p2a: Gogoat\n|-damage|p2a: Gogoat|0 fnt\n|faint|p2a: Gogoat\n|\n|-heal|p1a: Probopass|100/100|[from] item: Leftovers\n|upkeep\n|inactive|Time left: 300 sec this turn | 300 sec total | 5 sec grace\n|\n|t:|1783554455\n|switch|p2a: Clodsire|Clodsire, L81, F|343/343\n|turn|6\n|inactive|Time left: 300 sec this turn | 300 sec total\n|\n|t:|1783554457\n|move|p1a: Probopass|Body Press|p2a: Clodsire\n|-resisted|p2a: Clodsire\n|-damage|p2a: Clodsire|253/343\n|move|p2a: Clodsire|Toxic Spikes|p1a: Probopass\n|-sidestart|p1: p0x13190114|move: Toxic Spikes\n|\n|-heal|p2a: Clodsire|274/343|[from] item: Leftovers\n|upkeep\n|turn|7\n|inactive|Time left: 300 sec this turn | 300 sec total\n|\n|t:|1783554458\n|move|p1a: Probopass|Body Press|p2a: Clodsire\n|-resisted|p2a: Clodsire\n|-damage|p2a: Clodsire|184/343\n|move|p2a: Clodsire|Toxic Spikes|p1a: Probopass\n|-sidestart|p1: p0x13190114|move: Toxic Spikes\n|\n|-heal|p2a: Clodsire|205/343|[from] item: Leftovers\n|upkeep\n|turn|8\n|inactive|Time left: 300 sec this turn | 300 sec total\n|\n|t:|1783554459\n|move|p1a: Probopass|Body Press|p2a: Clodsire\n|-resisted|p2a: Clodsire\n|-damage|p2a: Clodsire|115/343\n|move|p2a: Clodsire|Recover|p2a: Clodsire\n|-heal|p2a: Clodsire|287/343\n|\n|-heal|p2a: Clodsire|308/343|[from] item: Leftovers\n|upkeep\n|turn|9\n|inactive|Time left: 300 sec this turn | 300 sec total\n|\n|t:|1783554460\n|move|p1a: Probopass|Body Press|p2a: Clodsire\n|-resisted|p2a: Clodsire\n|-damage|p2a: Clodsire|221/343\n|move|p2a: Clodsire|Gunk Shot|p1a: Probopass\n|-damage|p1a: Probopass|75/100\n|\n|-heal|p1a: Probopass|81/100|[from] item: Leftovers\n|-heal|p2a: Clodsire|242/343|[from] item: Leftovers\n|upkeep\n|turn|10\n|inactive|Time left: 300 sec this turn | 300 sec total\n|\n|t:|1783554461\n|move|p1a: Probopass|Body Press|p2a: Clodsire\n|-resisted|p2a: Clodsire\n|-damage|p2a: Clodsire|146/343\n|move|p2a: Clodsire|Gunk Shot|p1a: Probopass|[miss]\n|-miss|p2a: Clodsire|p1a: Probopass\n|\n|-heal|p1a: Probopass|87/100|[from] item: Leftovers\n|-heal|p2a: Clodsire|167/343|[from] item: Leftovers\n|upkeep\n|turn|11\n|inactive|Time left: 300 sec this turn | 300 sec total\n|\n|t:|1783554462\n|move|p1a: Probopass|Body Press|p2a: Clodsire\n|-resisted|p2a: Clodsire\n|-damage|p2a: Clodsire|74/343\n|move|p2a: Clodsire|Recover|p2a: Clodsire\n|-heal|p2a: Clodsire|246/343\n|\n|-heal|p1a: Probopass|93/100|[from] item: Leftovers\n|-heal|p2a: Clodsire|267/343|[from] item: Leftovers\n|upkeep\n|turn|12\n|inactive|Time left: 300 sec this turn | 300 sec total\n|\n|t:|1783554463\n|move|p1a: Probopass|Body Press|p2a: Clodsire\n|-resisted|p2a: Clodsire\n|-damage|p2a: Clodsire|182/343\n|move|p2a: Clodsire|Gunk Shot|p1a: Probopass\n|-damage|p1a: Probopass|70/100\n|\n|-heal|p1a: Probopass|76/100|[from] item: Leftovers\n|-heal|p2a: Clodsire|203/343|[from] item: Leftovers\n|upkeep\n|turn|13\n|inactive|Time left: 300 sec this turn | 300 sec total\n|\n|t:|1783554465\n|move|p1a: Probopass|Body Press|p2a: Clodsire\n|-resisted|p2a: Clodsire\n|-damage|p2a: Clodsire|107/343\n|move|p2a: Clodsire|Recover|p2a: Clodsire\n|-heal|p2a: Clodsire|279/343\n|\n|-heal|p1a: Probopass|83/100|[from] item: Leftovers\n|-heal|p2a: Clodsire|300/343|[from] item: Leftovers\n|upkeep\n|turn|14\n|inactive|Time left: 300 sec this turn | 300 sec total\n|\n|t:|1783554466\n|move|p1a: Probopass|Body Press|p2a: Clodsire\n|-resisted|p2a: Clodsire\n|-damage|p2a: Clodsire|201/343\n|move|p2a: Clodsire|Earthquake|p1a: Probopass\n|-damage|p1a: Probopass|63/100\n|\n|-heal|p1a: Probopass|69/100|[from] item: Leftovers\n|-heal|p2a: Clodsire|222/343|[from] item: Leftovers\n|upkeep\n|turn|15\n|inactive|Time left: 300 sec this turn | 300 sec total\n|\n|t:|1783554467\n|move|p1a: Probopass|Body Press|p2a: Clodsire\n|-resisted|p2a: Clodsire\n|-damage|p2a: Clodsire|128/343\n|move|p2a: Clodsire|Recover|p2a: Clodsire\n|-heal|p2a: Clodsire|300/343\n|\n|-heal|p1a: Probopass|75/100|[from] item: Leftovers\n|-heal|p2a: Clodsire|321/343|[from] item: Leftovers\n|upkeep\n|turn|16\n|inactive|Time left: 300 sec this turn | 300 sec total\n|\n|t:|1783554468\n|move|p1a: Probopass|Body Press|p2a: Clodsire\n|-resisted|p2a: Clodsire\n|-damage|p2a: Clodsire|230/343\n|move|p2a: Clodsire|Gunk Shot|p1a: Probopass\n|-damage|p1a: Probopass|53/100\n|-status|p1a: Probopass|psn\n|\n|-heal|p1a: Probopass|59/100 psn|[from] item: Leftovers\n|-heal|p2a: Clodsire|251/343|[from] item: Leftovers\n|-damage|p1a: Probopass|47/100 psn|[from] psn\n|upkeep\n|turn|17\n|inactive|Time left: 300 sec this turn | 300 sec total\n|\n|t:|1783554469\n|move|p1a: Probopass|Body Press|p2a: Clodsire\n|-resisted|p2a: Clodsire\n|-damage|p2a: Clodsire|152/343\n|move|p2a: Clodsire|Earthquake|p1a: Probopass\n|-damage|p1a: Probopass|27/100 psn\n|\n|-heal|p1a: Probopass|33/100 psn|[from] item: Leftovers\n|-heal|p2a: Clodsire|173/343|[from] item: Leftovers\n|-damage|p1a: Probopass|20/100 psn|[from] psn\n|upkeep\n|turn|18\n|inactive|Time left: 300 sec this turn | 300 sec total\n|\n|t:|1783554471\n|move|p1a: Probopass|Body Press|p2a: Clodsire\n|-resisted|p2a: Clodsire\n|-damage|p2a: Clodsire|72/343\n|move|p2a: Clodsire|Recover|p2a: Clodsire\n|-heal|p2a: Clodsire|244/343\n|\n|-heal|p1a: Probopass|27/100 psn|[from] item: Leftovers\n|-heal|p2a: Clodsire|265/343|[from] item: Leftovers\n|-damage|p1a: Probopass|14/100 psn|[from] psn\n|upkeep\n|turn|19\n|inactive|Time left: 300 sec this turn | 300 sec total\n|\n|t:|1783554472\n|switch|p1a: Persian|Persian-Alola, L86, M|100/100\n|move|p2a: Clodsire|Earthquake|p1a: Persian\n|-damage|p1a: Persian|80/100\n|\n|-heal|p2a: Clodsire|286/343|[from] item: Leftovers\n|upkeep\n|turn|20\n|inactive|Time left: 300 sec this turn | 300 sec total\n|\n|t:|1783554473\n|move|p1a: Persian|Knock Off|p2a: Clodsire\n|-damage|p2a: Clodsire|183/343\n|-enditem|p2a: Clodsire|Leftovers|[from] move: Knock Off|[of] p1a: Persian\n|move|p2a: Clodsire|Gunk Shot|p1a: Persian\n|-damage|p1a: Persian|52/100\n|\n|upkeep\n|turn|21\n|inactive|Time left: 300 sec this turn | 300 sec total\n|\n|t:|1783554474\n|move|p1a: Persian|Knock Off|p2a: Clodsire\n|-damage|p2a: Clodsire|113/343\n|move|p2a: Clodsire|Recover|p2a: Clodsire\n|-heal|p2a: Clodsire|285/343\n|\n|upkeep\n|turn|22\n|inactive|Time left: 300 sec this turn | 300 sec total\n|\n|t:|1783554475\n|move|p1a: Persian|Knock Off|p2a: Clodsire\n|-damage|p2a: Clodsire|221/343\n|move|p2a: Clodsire|Earthquake|p1a: Persian\n|-damage|p1a: Persian|31/100\n|\n|upkeep\n|turn|23\n|inactive|Time left: 300 sec this turn | 300 sec total\n|\n|t:|1783554477\n|move|p1a: Persian|Knock Off|p2a: Clodsire\n|-damage|p2a: Clodsire|155/343\n|move|p2a: Clodsire|Gunk Shot|p1a: Persian\n|-damage|p1a: Persian|7/100\n|\n|upkeep\n|turn|24\n|inactive|Time left: 300 sec this turn | 300 sec total\n|\n|t:|1783554478\n|move|p1a: Persian|Parting Shot|p2a: Clodsire\n|-unboost|p2a: Clodsire|atk|1\n|-unboost|p2a: Clodsire|spa|1\n|\n|t:|1783554479\n|switch|p1a: Quaquaval|Quaquaval, L79, M|100/100|[from] Parting Shot\n|-status|p1a: Quaquaval|tox\n|move|p2a: Clodsire|Recover|p2a: Clodsire\n|-heal|p2a: Clodsire|327/343\n|\n|-damage|p1a: Quaquaval|94/100 tox|[from] psn\n|upkeep\n|turn|25\n|inactive|Time left: 300 sec this turn | 300 sec total\n|\n|t:|1783554480\n|switch|p2a: Regidrago|Regidrago, L77|435/435\n|move|p1a: Quaquaval|Triple Axel|p2a: Regidrago\n|-supereffective|p2a: Regidrago\n|-damage|p2a: Regidrago|357/435\n|-supereffective|p2a: Regidrago\n|-damage|p2a: Regidrago|203/435\n|-supereffective|p2a: Regidrago\n|-damage|p2a: Regidrago|0 fnt\n|faint|p2a: Regidrago\n|-ability|p1a: Quaquaval|Moxie|boost\n|-boost|p1a: Quaquaval|atk|1\n|-hitcount|p2: Regidrago|3\n|\n|-damage|p1a: Quaquaval|82/100 tox|[from] psn\n|upkeep\n|inactive|Time left: 300 sec this turn | 300 sec total | 5 sec grace\n|\n|t:|1783554481\n|switch|p2a: Stonjourner|Stonjourner, L91, F|330/330\n|turn|26\n|inactive|Time left: 300 sec this turn | 300 sec total\n|\n|t:|1783554483\n|move|p1a: Quaquaval|Triple Axel|p2a: Stonjourner|[miss]\n|-miss|p1a: Quaquaval|p2a: Stonjourner\n|move|p2a: Stonjourner|Earthquake|p1a: Quaquaval\n|-damage|p1a: Quaquaval|28/100 tox\n|-damage|p2a: Stonjourner|297/330|[from] item: Life Orb\n|\n|-damage|p1a: Quaquaval|10/100 tox|[from] psn\n|upkeep\n|turn|27\n|inactive|Time left: 300 sec this turn | 300 sec total\n|\n|t:|1783554484\n|move|p1a: Quaquaval|Triple Axel|p2a: Stonjourner\n|-damage|p2a: Stonjourner|273/330\n|-damage|p2a: Stonjourner|228/330\n|-damage|p2a: Stonjourner|165/330\n|-hitcount|p2a: Stonjourner|3\n|move|p2a: Stonjourner|Stealth Rock|p1a: Quaquaval\n|-sidestart|p1: p0x13190114|move: Stealth Rock\n|\n|-damage|p1a: Quaquaval|0 fnt|[from] psn\n|faint|p1a: Quaquaval\n|upkeep\n|\n|t:|1783554485\n|switch|p1a: Regieleki|Regieleki, L79|100/100\n|-status|p1a: Regieleki|tox\n|-damage|p1a: Regieleki|88/100 tox|[from] Stealth Rock\n|turn|28\n|inactive|Time left: 300 sec this turn | 300 sec total\n|\n|t:|1783554486\n|switch|p2a: Clodsire|Clodsire, L81, F|327/343\n|move|p1a: Regieleki|Rapid Spin|p2a: Clodsire\n|-damage|p2a: Clodsire|280/343\n|-boost|p1a: Regieleki|spe|1\n|-sideend|p1: p0x13190114|Toxic Spikes|[from] move: Rapid Spin|[of] p1a: Regieleki\n|-sideend|p1: p0x13190114|Stealth Rock|[from] move: Rapid Spin|[of] p1a: Regieleki\n|\n|-damage|p1a: Regieleki|82/100 tox|[from] psn\n|upkeep\n|turn|29\n|inactive|Time left: 300 sec this turn | 300 sec total\n|\n|t:|1783554487\n|switch|p1a: Camerupt|Camerupt, L91, F|100/100\n|move|p2a: Clodsire|Earthquake|p1a: Camerupt\n|-supereffective|p1a: Camerupt\n|-damage|p1a: Camerupt|51/100\n|\n|-heal|p1a: Camerupt|58/100|[from] item: Leftovers\n|upkeep\n|turn|30\n|inactive|Time left: 300 sec this turn | 300 sec total\n|\n|t:|1783554488\n|-terastallize|p2a: Clodsire|Flying\n|move|p1a: Camerupt|Earthquake|p2a: Clodsire\n|-immune|p2a: Clodsire\n|move|p2a: Clodsire|Earthquake|p1a: Camerupt\n|-supereffective|p1a: Camerupt\n|-crit|p1a: Camerupt\n|-damage|p1a: Camerupt|0 fnt\n|faint|p1a: Camerupt\n|\n|upkeep\n|\n|t:|1783554489\n|switch|p1a: Regieleki|Regieleki, L79|82/100 tox\n|turn|31\n|inactive|Time left: 300 sec this turn | 300 sec total\n|\n|t:|1783554490\n|move|p1a: Regieleki|Volt Switch|p2a: Clodsire\n|-supereffective|p2a: Clodsire\n|-damage|p2a: Clodsire|94/343\n|\n|t:|1783554491\n|switch|p1a: Grimmsnarl|Grimmsnarl, L83, M|100/100|[from] Volt Switch\n|move|p2a: Clodsire|Earthquake|p1a: Grimmsnarl\n|-damage|p1a: Grimmsnarl|64/100\n|\n|upkeep\n|turn|32\n|inactive|Time left: 300 sec this turn | 300 sec total\n|\n|t:|1783554492\n|move|p1a: Grimmsnarl|Spirit Break|p2a: Clodsire\n|-damage|p2a: Clodsire|0 fnt\n|faint|p2a: Clodsire\n|\n|upkeep\n|inactive|Time left: 300 sec this turn | 300 sec total | 5 sec grace\n|\n|t:|1783554493\n|switch|p2a: Stonjourner|Stonjourner, L91, F|165/330\n|turn|33\n|inactive|Time left: 300 sec this turn | 300 sec total\n|\n|t:|1783554494\n|move|p1a: Grimmsnarl|Reflect|p1a: Grimmsnarl\n|-sidestart|p1: p0x13190114|Reflect\n|move|p2a: Stonjourner|Stone Edge|p1a: Grimmsnarl\n|-damage|p1a: Grimmsnarl|20/100\n|-damage|p2a: Stonjourner|132/330|[from] item: Life Orb\n|\n|upkeep\n|turn|34\n|inactive|Time left: 300 sec this turn | 300 sec total\n|\n|t:|1783554495\n|move|p1a: Grimmsnarl|Parting Shot|p2a: Stonjourner\n|-unboost|p2a: Stonjourner|atk|1\n|-unboost|p2a: Stonjourner|spa|1\n|\n|t:|1783554496\n|switch|p1a: Persian|Persian-Alola, L86, M|7/100|[from] Parting Shot\n|move|p2a: Stonjourner|Earthquake|p1a: Persian\n|-damage|p1a: Persian|0 fnt\n|faint|p1a: Persian\n|-damage|p2a: Stonjourner|99/330|[from] item: Life Orb\n|\n|upkeep\n|\n|t:|1783554497\n|switch|p1a: Regieleki|Regieleki, L79|82/100 tox\n|turn|35\n|inactive|Time left: 300 sec this turn | 300 sec total\n|\n|t:|1783554498\n|move|p1a: Regieleki|Thunderbolt|p2a: Stonjourner\n|-crit|p2a: Stonjourner\n|-damage|p2a: Stonjourner|0 fnt\n|faint|p2a: Stonjourner\n|\n|-damage|p1a: Regieleki|75/100 tox|[from] psn\n|upkeep\n|inactive|Time left: 300 sec this turn | 300 sec total | 5 sec grace\n|\n|t:|1783554499\n|switch|p2a: Arcanine|Arcanine, L84, F|288/288\n|-ability|p2a: Arcanine|Intimidate|boost\n|-unboost|p1a: Regieleki|atk|1\n|turn|36\n|inactive|Time left: 300 sec this turn | 300 sec total\n|\n|t:|1783554500\n|move|p1a: Regieleki|Volt Switch|p2a: Arcanine\n|-damage|p2a: Arcanine|165/288\n|\n|t:|1783554500\n|switch|p1a: Grimmsnarl|Grimmsnarl, L83, M|20/100|[from] Volt Switch\n|move|p2a: Arcanine|Morning Sun|p2a: Arcanine\n|-heal|p2a: Arcanine|288/288\n|\n|upkeep\n|turn|37\n|inactive|Time left: 300 sec this turn | 300 sec total\n|\n|t:|1783554501\n|move|p2a: Arcanine|Extreme Speed|p1a: Grimmsnarl\n|-damage|p1a: Grimmsnarl|8/100\n|move|p1a: Grimmsnarl|Parting Shot|p2a: Arcanine\n|-unboost|p2a: Arcanine|atk|1\n|-unboost|p2a: Arcanine|spa|1\n|\n|t:|1783554502\n|switch|p1a: Probopass|Probopass, L91, M, tera:Fighting|14/100 psn|[from] Parting Shot\n|\n|-heal|p1a: Probopass|20/100 psn|[from] item: Leftovers\n|-damage|p1a: Probopass|8/100 psn|[from] psn\n|upkeep\n|turn|38\n|inactive|Time left: 300 sec this turn | 300 sec total\n|\n|t:|1783554503\n|move|p2a: Arcanine|Flare Blitz|p1a: Probopass\n|-damage|p1a: Probopass|0 fnt\n|faint|p1a: Probopass\n|-damage|p2a: Arcanine|282/288|[from] Recoil\n|\n|upkeep\n|\n|t:|1783554504\n|switch|p1a: Regieleki|Regieleki, L79|75/100 tox\n|turn|39\n|inactive|Time left: 300 sec this turn | 300 sec total\n|\n|t:|1783554504\n|move|p1a: Regieleki|Thunderbolt|p2a: Arcanine\n|-damage|p2a: Arcanine|138/288\n|move|p2a: Arcanine|Morning Sun|p2a: Arcanine\n|-heal|p2a: Arcanine|282/288\n|\n|-damage|p1a: Regieleki|69/100 tox|[from] psn\n|upkeep\n|turn|40\n|inactive|Time left: 300 sec this turn | 300 sec total\n|\n|t:|1783554505\n|move|p1a: Regieleki|Thunderbolt|p2a: Arcanine\n|-damage|p2a: Arcanine|134/288\n|move|p2a: Arcanine|Morning Sun|p2a: Arcanine\n|-heal|p2a: Arcanine|278/288\n|\n|-damage|p1a: Regieleki|57/100 tox|[from] psn\n|-sideend|p1: p0x13190114|Reflect\n|upkeep\n|turn|41\n|inactive|Time left: 300 sec this turn | 300 sec total\n|\n|t:|1783554506\n|move|p1a: Regieleki|Volt Switch|p2a: Arcanine\n|-damage|p2a: Arcanine|157/288\n|\n|t:|1783554507\n|switch|p1a: Grimmsnarl|Grimmsnarl, L83, M|8/100|[from] Volt Switch\n|move|p2a: Arcanine|Morning Sun|p2a: Arcanine\n|-heal|p2a: Arcanine|288/288\n|\n|upkeep\n|turn|42\n|inactive|Time left: 300 sec this turn | 300 sec total\n|\n|t:|1783554508\n|switch|p1a: Regieleki|Regieleki, L79|57/100 tox\n|move|p2a: Arcanine|Extreme Speed|p1a: Regieleki\n|-crit|p1a: Regieleki\n|-damage|p1a: Regieleki|0 fnt\n|faint|p1a: Regieleki\n|\n|upkeep\n|\n|t:|1783554508\n|switch|p1a: Grimmsnarl|Grimmsnarl, L83, M|8/100\n|turn|43\n|inactive|Time left: 300 sec this turn | 300 sec total\n|\n|t:|1783554509\n|move|p1a: Grimmsnarl|Light Screen|p1a: Grimmsnarl\n|-sidestart|p1: p0x13190114|move: Light Screen\n|move|p2a: Arcanine|Close Combat|p1a: Grimmsnarl\n|-damage|p1a: Grimmsnarl|0 fnt\n|-unboost|p2a: Arcanine|def|1\n|-unboost|p2a: Arcanine|spd|1\n|faint|p1a: Grimmsnarl\n|\n|win|p0y1319d916", "uploadtime": 1783554509, "views": 0, "rating": 0, "private": 0, "password": null, "_winner": "p0y1319d916", "_our_name": "p0y1319d916"}