{"id": "battle-gen9randombattle-858", "formatid": "gen9randombattle", "format": "[Gen 9] Random Battle", "players": ["p0x858e24a", "p0y8589bd9"], "log": "|init|battle\n|title|p0x858e24a vs. p0y8589bd9\n|j|\u2606p0x858e24a\n|j|\u2606p0y8589bd9\n|t:|1783549832\n|gametype|singles\n|player|p1|p0x858e24a|2|\n|player|p2|p0y8589bd9|170|\n|gen|9\n|tier|[Gen 9] Random Battle\n|rule|Species Clause: Limit one of each Pok\u00e9mon\n|rule|HP Percentage Mod: HP is shown in percentages\n|rule|Sleep Clause Mod: Limit one foe put to sleep\n|rule|Illusion Level Mod: Illusion disguises the Pok\u00e9mon's true level\n|\n|t:|1783549832\n|teamsize|p1|6\n|teamsize|p2|6\n|start\n|switch|p1a: Eternatus|Eternatus, L69|100/100\n|switch|p2a: Chesnaught|Chesnaught, L84, M|285/285\n|-ability|p1a: Eternatus|Pressure\n|turn|1\n|inactive|Battle timer is ON: inactive players will automatically lose when time's up. (requested by p0y8589bd9)\n|inactive|p0x858e24a also wants the timer to be on.\n|\n|t:|1783549833\n|move|p1a: Eternatus|Fire Blast|p2a: Chesnaught\n|-supereffective|p2a: Chesnaught\n|-damage|p2a: Chesnaught|123/285\n|move|p2a: Chesnaught|Body Press|p1a: Eternatus\n|-resisted|p1a: Eternatus\n|-damage|p1a: Eternatus|80/100\n|-damage|p2a: Chesnaught|76/285|[from] item: Rocky Helmet|[of] p1a: Eternatus\n|\n|-heal|p2a: Chesnaught|93/285|[from] item: Leftovers\n|upkeep\n|turn|2\n|inactive|Time left: 300 sec this turn | 300 sec total\n|\n|t:|1783549834\n|switch|p2a: Weezing|Weezing-Galar, L86, F|252/252\n|move|p1a: Eternatus|Dynamax Cannon|p2a: Weezing\n|-immune|p2a: Weezing\n|\n|upkeep\n|turn|3\n|inactive|Time left: 300 sec this turn | 300 sec total\n|\n|t:|1783549835\n|move|p1a: Eternatus|Sludge Bomb|p2a: Weezing\n|-damage|p2a: Weezing|150/252\n|move|p2a: Weezing|Strange Steam|p1a: Eternatus\n|-crit|p1a: Eternatus\n|-damage|p1a: Eternatus|28/100\n|\n|-heal|p2a: Weezing|165/252|[from] item: Leftovers\n|upkeep\n|turn|4\n|inactive|Time left: 300 sec this turn | 300 sec total\n|\n|t:|1783549836\n|move|p1a: Eternatus|Recover|p1a: Eternatus\n|-heal|p1a: Eternatus|78/100\n|move|p2a: Weezing|Strange Steam|p1a: Eternatus\n|-damage|p1a: Eternatus|44/100\n|\n|-heal|p2a: Weezing|180/252|[from] item: Leftovers\n|upkeep\n|turn|5\n|inactive|Time left: 300 sec this turn | 300 sec total\n|\n|t:|1783549838\n|move|p1a: Eternatus|Recover|p1a: Eternatus\n|-heal|p1a: Eternatus|94/100\n|move|p2a: Weezing|Strange Steam|p1a: Eternatus\n|-damage|p1a: Eternatus|61/100\n|-start|p1a: Eternatus|confusion\n|\n|-heal|p2a: Weezing|195/252|[from] item: Leftovers\n|upkeep\n|turn|6\n|inactive|Time left: 300 sec this turn | 300 sec total\n|\n|t:|1783549839\n|-activate|p1a: Eternatus|confusion\n|move|p1a: Eternatus|Recover|p1a: Eternatus\n|-heal|p1a: Eternatus|100/100\n|move|p2a: Weezing|Strange Steam|p1a: Eternatus\n|-crit|p1a: Eternatus\n|-damage|p1a: Eternatus|52/100\n|\n|-heal|p2a: Weezing|210/252|[from] item: Leftovers\n|upkeep\n|turn|7\n|inactive|Time left: 300 sec this turn | 300 sec total\n|\n|t:|1783549840\n|-activate|p1a: Eternatus|confusion\n|-damage|p1a: Eternatus|46/100|[from] confusion\n|move|p2a: Weezing|Strange Steam|p1a: Eternatus|[miss]\n|-miss|p2a: Weezing|p1a: Eternatus\n|\n|-heal|p2a: Weezing|225/252|[from] item: Leftovers\n|upkeep\n|turn|8\n|inactive|Time left: 300 sec this turn | 300 sec total\n|\n|t:|1783549841\n|-activate|p1a: Eternatus|confusion\n|move|p1a: Eternatus|Recover|p1a: Eternatus\n|-heal|p1a: Eternatus|96/100\n|move|p2a: Weezing|Strange Steam|p1a: Eternatus\n|-damage|p1a: Eternatus|63/100\n|\n|-heal|p2a: Weezing|240/252|[from] item: Leftovers\n|upkeep\n|turn|9\n|inactive|Time left: 300 sec this turn | 300 sec total\n|\n|t:|1783549842\n|-activate|p1a: Eternatus|confusion\n|-damage|p1a: Eternatus|58/100|[from] confusion\n|move|p2a: Weezing|Gunk Shot|p1a: Eternatus\n|-resisted|p1a: Eternatus\n|-damage|p1a: Eternatus|33/100\n|\n|-heal|p2a: Weezing|252/252|[from] item: Leftovers\n|upkeep\n|turn|10\n|inactive|Time left: 300 sec this turn | 300 sec total\n|\n|t:|1783549843\n|-end|p1a: Eternatus|confusion\n|move|p1a: Eternatus|Recover|p1a: Eternatus\n|-heal|p1a: Eternatus|83/100\n|move|p2a: Weezing|Strange Steam|p1a: Eternatus\n|-damage|p1a: Eternatus|50/100\n|\n|upkeep\n|turn|11\n|inactive|Time left: 300 sec this turn | 300 sec total\n|\n|t:|1783549844\n|move|p1a: Eternatus|Recover|p1a: Eternatus\n|-heal|p1a: Eternatus|99/100\n|move|p2a: Weezing|Strange Steam|p1a: Eternatus\n|-damage|p1a: Eternatus|68/100\n|\n|upkeep\n|turn|12\n|inactive|Time left: 300 sec this turn | 300 sec total\n|\n|t:|1783549845\n|move|p1a: Eternatus|Recover|p1a: Eternatus\n|-heal|p1a: Eternatus|100/100\n|move|p2a: Weezing|Gunk Shot|p1a: Eternatus|[miss]\n|-miss|p2a: Weezing|p1a: Eternatus\n|\n|upkeep\n|turn|13\n|inactive|Time left: 300 sec this turn | 300 sec total\n|\n|t:|1783549846\n|move|p1a: Eternatus|Sludge Bomb|p2a: Weezing\n|-damage|p2a: Weezing|143/252\n|move|p2a: Weezing|Gunk Shot|p1a: Eternatus\n|-resisted|p1a: Eternatus\n|-damage|p1a: Eternatus|79/100\n|\n|-heal|p2a: Weezing|158/252|[from] item: Leftovers\n|upkeep\n|turn|14\n|inactive|Time left: 300 sec this turn | 300 sec total\n|\n|t:|1783549847\n|move|p1a: Eternatus|Sludge Bomb|p2a: Weezing\n|-damage|p2a: Weezing|53/252\n|move|p2a: Weezing|Gunk Shot|p1a: Eternatus|[miss]\n|-miss|p2a: Weezing|p1a: Eternatus\n|\n|-heal|p2a: Weezing|68/252|[from] item: Leftovers\n|upkeep\n|turn|15\n|inactive|Time left: 300 sec this turn | 300 sec total\n|\n|t:|1783549847\n|switch|p2a: Dragonite|Dragonite, L74, F|257/257\n|move|p1a: Eternatus|Sludge Bomb|p2a: Dragonite\n|-damage|p2a: Dragonite|209/257\n|\n|upkeep\n|turn|16\n|inactive|Time left: 300 sec this turn | 300 sec total\n|\n|t:|1783549848\n|-terastallize|p2a: Dragonite|Steel\n|move|p1a: Eternatus|Dynamax Cannon|p2a: Dragonite\n|-resisted|p2a: Dragonite\n|-damage|p2a: Dragonite|162/257\n|move|p2a: Dragonite|Outrage|p1a: Eternatus\n|-supereffective|p1a: Eternatus\n|-damage|p1a: Eternatus|0 fnt\n|-damage|p2a: Dragonite|120/257|[from] item: Rocky Helmet|[of] p1a: Eternatus\n|faint|p1a: Eternatus\n|\n|upkeep\n|\n|t:|1783549849\n|switch|p1a: Morpeko|Morpeko, L88, F|100/100\n|turn|17\n|inactive|Time left: 300 sec this turn | 300 sec total\n|\n|t:|1783549850\n|move|p1a: Morpeko|Aura Wheel|p2a: Dragonite\n|-damage|p2a: Dragonite|0 fnt\n|-boost|p1a: Morpeko|spe|1\n|faint|p2a: Dragonite\n|\n|-formechange|p1a: Morpeko|Morpeko-Hangry||[from] ability: Hunger Switch\n|upkeep\n|inactive|Time left: 300 sec this turn | 300 sec total | 5 sec grace\n|\n|t:|1783549851\n|switch|p2a: Chesnaught|Chesnaught, L84, M|93/285\n|turn|18\n|inactive|Time left: 300 sec this turn | 300 sec total\n|\n|t:|1783549852\n|move|p1a: Morpeko|Protect|p1a: Morpeko\n|-singleturn|p1a: Morpeko|Protect\n|move|p2a: Chesnaught|Synthesis|p2a: Chesnaught\n|-heal|p2a: Chesnaught|235/285\n|\n|-heal|p2a: Chesnaught|252/285|[from] item: Leftovers\n|-formechange|p1a: Morpeko|Morpeko||[from] ability: Hunger Switch\n|upkeep\n|turn|19\n|inactive|Time left: 300 sec this turn | 300 sec total\n|\n|t:|1783549853\n|move|p1a: Morpeko|Parting Shot|p2a: Chesnaught\n|-unboost|p2a: Chesnaught|atk|1\n|-unboost|p2a: Chesnaught|spa|1\n|\n|t:|1783549854\n|switch|p1a: Sneasler|Sneasler, L74, F|100/100|[from] Parting Shot\n|move|p2a: Chesnaught|Body Press|p1a: Sneasler\n|-resisted|p1a: Sneasler\n|-damage|p1a: Sneasler|72/100\n|\n|-heal|p2a: Chesnaught|269/285|[from] item: Leftovers\n|upkeep\n|turn|20\n|inactive|Time left: 300 sec this turn | 300 sec total\n|\n|t:|1783549855\n|switch|p2a: Trevenant|Trevenant, L89, M|296/296\n|move|p1a: Sneasler|Swords Dance|p1a: Sneasler\n|-boost|p1a: Sneasler|atk|2\n|\n|upkeep\n|turn|21\n|inactive|Time left: 300 sec this turn | 300 sec total\n|\n|t:|1783549856\n|move|p1a: Sneasler|Dire Claw|p2a: Trevenant\n|-damage|p2a: Trevenant|124/296\n|-status|p2a: Trevenant|slp\n|cant|p2a: Trevenant|slp\n|\n|upkeep\n|turn|22\n|inactive|Time left: 300 sec this turn | 300 sec total\n|\n|t:|1783549857\n|-curestatus|p2a: Trevenant|slp|[from] ability: Natural Cure|[silent]\n|switch|p2a: Lycanroc|Lycanroc-Dusk, L81, M|254/254\n|move|p1a: Sneasler|Dire Claw|p2a: Lycanroc\n|-resisted|p2a: Lycanroc\n|-damage|p2a: Lycanroc|154/254\n|-status|p2a: Lycanroc|psn\n|\n|-damage|p2a: Lycanroc|123/254 psn|[from] psn\n|upkeep\n|turn|23\n|inactive|Time left: 300 sec this turn | 300 sec total\n|\n|t:|1783549858\n|move|p2a: Lycanroc|Close Combat|p1a: Sneasler\n|-resisted|p1a: Sneasler\n|-damage|p1a: Sneasler|13/100\n|-unboost|p2a: Lycanroc|def|1\n|-unboost|p2a: Lycanroc|spd|1\n|move|p1a: Sneasler|Dire Claw|p2a: Lycanroc\n|-resisted|p2a: Lycanroc\n|-damage|p2a: Lycanroc|0 fnt\n|faint|p2a: Lycanroc\n|\n|upkeep\n|inactive|Time left: 300 sec this turn | 300 sec total | 5 sec grace\n|\n|t:|1783549859\n|switch|p2a: Volcanion|Volcanion, L79|255/255\n|turn|24\n|inactive|Time left: 300 sec this turn | 300 sec total\n|\n|t:|1783549860\n|move|p1a: Sneasler|Dire Claw|p2a: Volcanion\n|-damage|p2a: Volcanion|104/255\n|-status|p2a: Volcanion|psn\n|move|p2a: Volcanion|Flame Charge|p1a: Sneasler\n|-damage|p1a: Sneasler|0 fnt\n|-boost|p2a: Volcanion|spe|1\n|faint|p1a: Sneasler\n|\n|-damage|p2a: Volcanion|73/255 psn|[from] psn\n|upkeep\n|\n|t:|1783549861\n|switch|p1a: Morpeko|Morpeko, L88, F|100/100\n|turn|25\n|inactive|Time left: 300 sec this turn | 300 sec total\n|\n|t:|1783549862\n|move|p2a: Volcanion|Steam Eruption|p1a: Morpeko\n|-damage|p1a: Morpeko|35/100\n|move|p1a: Morpeko|Rapid Spin|p2a: Volcanion\n|-damage|p2a: Volcanion|40/255 psn\n|-boost|p1a: Morpeko|spe|1\n|\n|-damage|p2a: Volcanion|9/255 psn|[from] psn\n|-formechange|p1a: Morpeko|Morpeko-Hangry||[from] ability: Hunger Switch\n|upkeep\n|turn|26\n|inactive|Time left: 300 sec this turn | 300 sec total\n|\n|t:|1783549863\n|switch|p2a: Chesnaught|Chesnaught, L84, M|269/285\n|move|p1a: Morpeko|Aura Wheel|p2a: Chesnaught\n|-resisted|p2a: Chesnaught\n|-damage|p2a: Chesnaught|218/285\n|-boost|p1a: Morpeko|spe|1\n|\n|-heal|p2a: Chesnaught|235/285|[from] item: Leftovers\n|-formechange|p1a: Morpeko|Morpeko||[from] ability: Hunger Switch\n|upkeep\n|turn|27\n|inactive|Time left: 300 sec this turn | 300 sec total\n|\n|t:|1783549864\n|move|p1a: Morpeko|Parting Shot|p2a: Chesnaught\n|-unboost|p2a: Chesnaught|atk|1\n|-unboost|p2a: Chesnaught|spa|1\n|\n|t:|1783549865\n|switch|p1a: Torterra|Torterra, L78, M|100/100|[from] Parting Shot\n|move|p2a: Chesnaught|Body Press|p1a: Torterra\n|-damage|p1a: Torterra|64/100\n|\n|-heal|p2a: Chesnaught|252/285|[from] item: Leftovers\n|upkeep\n|turn|28\n|inactive|Time left: 300 sec this turn | 300 sec total\n|\n|t:|1783549866\n|move|p2a: Chesnaught|Iron Defense|p2a: Chesnaught\n|-boost|p2a: Chesnaught|def|2\n|move|p1a: Torterra|Shell Smash|p1a: Torterra\n|-unboost|p1a: Torterra|def|1\n|-unboost|p1a: Torterra|spd|1\n|-boost|p1a: Torterra|atk|2\n|-boost|p1a: Torterra|spa|2\n|-boost|p1a: Torterra|spe|2\n|\n|-heal|p2a: Chesnaught|269/285|[from] item: Leftovers\n|upkeep\n|turn|29\n|inactive|Time left: 300 sec this turn | 300 sec total\n|\n|t:|1783549867\n|move|p1a: Torterra|Shell Smash|p1a: Torterra\n|-unboost|p1a: Torterra|def|1\n|-unboost|p1a: Torterra|spd|1\n|-boost|p1a: Torterra|atk|2\n|-boost|p1a: Torterra|spa|2\n|-boost|p1a: Torterra|spe|2\n|move|p2a: Chesnaught|Body Press|p1a: Torterra\n|-damage|p1a: Torterra|0 fnt\n|faint|p1a: Torterra\n|\n|-heal|p2a: Chesnaught|285/285|[from] item: Leftovers\n|upkeep\n|\n|t:|1783549868\n|switch|p1a: Scovillain|Scovillain, L91, F|100/100\n|turn|30\n|inactive|Time left: 300 sec this turn | 300 sec total\n|\n|t:|1783549869\n|switch|p2a: Volcanion|Volcanion, L79|9/255 psn\n|move|p1a: Scovillain|Fire Blast|p2a: Volcanion|[miss]\n|-miss|p1a: Scovillain|p2a: Volcanion\n|\n|-damage|p2a: Volcanion|0 fnt|[from] psn\n|faint|p2a: Volcanion\n|upkeep\n|inactive|Time left: 300 sec this turn | 300 sec total | 5 sec grace\n|\n|t:|1783549870\n|switch|p2a: Weezing|Weezing-Galar, L86, F|68/252\n|turn|31\n|inactive|Time left: 300 sec this turn | 300 sec total\n|\n|t:|1783549871\n|move|p1a: Scovillain|Fire Blast|p2a: Weezing\n|-damage|p2a: Weezing|0 fnt\n|faint|p2a: Weezing\n|\n|upkeep\n|inactive|Time left: 300 sec this turn | 300 sec total | 5 sec grace\n|\n|t:|1783549872\n|switch|p2a: Chesnaught|Chesnaught, L84, M|285/285\n|turn|32\n|inactive|Time left: 300 sec this turn | 300 sec total\n|\n|t:|1783549873\n|move|p1a: Scovillain|Fire Blast|p2a: Chesnaught\n|-supereffective|p2a: Chesnaught\n|-damage|p2a: Chesnaught|0 fnt\n|faint|p2a: Chesnaught\n|\n|upkeep\n|inactive|Time left: 300 sec this turn | 300 sec total | 5 sec grace\n|\n|t:|1783549874\n|switch|p2a: Trevenant|Trevenant, L89, M|124/296\n|turn|33\n|inactive|Time left: 300 sec this turn | 300 sec total\n|\n|t:|1783549875\n|-terastallize|p1a: Scovillain|Ground\n|move|p1a: Scovillain|Fire Blast|p2a: Trevenant|[miss]\n|-miss|p1a: Scovillain|p2a: Trevenant\n|move|p2a: Trevenant|Drain Punch|p1a: Scovillain\n|-damage|p1a: Scovillain|61/100\n|-heal|p2a: Trevenant|176/296|[from] drain|[of] p1a: Scovillain\n|\n|upkeep\n|turn|34\n|inactive|Time left: 300 sec this turn | 300 sec total\n|\n|t:|1783549876\n|move|p1a: Scovillain|Fire Blast|p2a: Trevenant\n|-supereffective|p2a: Trevenant\n|-damage|p2a: Trevenant|0 fnt\n|faint|p2a: Trevenant\n|\n|win|p0x858e24a", "uploadtime": 1783549876, "views": 0, "rating": 0, "private": 0, "password": null, "_winner": "p0x858e24a", "_our_name": "p0y8589bd9"}