{"id": "battle-gen9randombattle-2762", "formatid": "gen9randombattle", "format": "[Gen 9] Random Battle", "players": ["p0x2762a41b", "p0y27625cdd"], "log": "|init|battle\n|title|p0x2762a41b vs. p0y27625cdd\n|j|\u2606p0x2762a41b\n|j|\u2606p0y27625cdd\n|t:|1783571829\n|gametype|singles\n|player|p1|p0x2762a41b|101|\n|player|p2|p0y27625cdd|2|\n|gen|9\n|tier|[Gen 9] Random Battle\n|rule|Species Clause: Limit one of each Pok\u00e9mon\n|rule|HP Percentage Mod: HP is shown in percentages\n|rule|Sleep Clause Mod: Limit one foe put to sleep\n|rule|Illusion Level Mod: Illusion disguises the Pok\u00e9mon's true level\n|\n|t:|1783571829\n|teamsize|p1|6\n|teamsize|p2|6\n|start\n|switch|p1a: Falinks|Falinks, L84|246/246\n|switch|p2a: Iron Boulder|Iron Boulder, L77|100/100\n|turn|1\n|inactive|Battle timer is ON: inactive players will automatically lose when time's up. (requested by p0y27625cdd)\n|inactive|Time left: 300 sec this turn | 300 sec total | 60 sec grace\n|inactive|p0x2762a41b also wants the timer to be on.\n|\n|t:|1783571831\n|move|p2a: Iron Boulder|Zen Headbutt|p1a: Falinks|[miss]\n|-miss|p2a: Iron Boulder|p1a: Falinks\n|move|p1a: Falinks|No Retreat|p1a: Falinks\n|-boost|p1a: Falinks|atk|1\n|-boost|p1a: Falinks|def|1\n|-boost|p1a: Falinks|spa|1\n|-boost|p1a: Falinks|spd|1\n|-boost|p1a: Falinks|spe|1\n|-start|p1a: Falinks|move: No Retreat\n|\n|upkeep\n|turn|2\n|inactive|Time left: 300 sec this turn | 300 sec total\n|\n|t:|1783571832\n|-end|p2a: Iron Boulder|Quark Drive|[silent]\n|switch|p2a: Rillaboom|Rillaboom, L79, F|100/100\n|-fieldstart|move: Grassy Terrain|[from] ability: Grassy Surge|[of] p2a: Rillaboom\n|move|p1a: Falinks|Close Combat|p2a: Rillaboom\n|-damage|p2a: Rillaboom|3/100\n|-unboost|p1a: Falinks|def|1\n|-unboost|p1a: Falinks|spd|1\n|-damage|p1a: Falinks|222/246|[from] item: Life Orb\n|\n|-heal|p1a: Falinks|237/246|[from] Grassy Terrain\n|-heal|p2a: Rillaboom|9/100|[from] Grassy Terrain\n|upkeep\n|turn|3\n|inactive|Time left: 300 sec this turn | 300 sec total\n|\n|t:|1783571833\n|move|p2a: Rillaboom|Grassy Glide|p1a: Falinks\n|-damage|p1a: Falinks|122/246\n|move|p1a: Falinks|Knock Off|p2a: Rillaboom\n|-damage|p2a: Rillaboom|0 fnt\n|-enditem|p2a: Rillaboom|Choice Band|[from] move: Knock Off|[of] p1a: Falinks\n|faint|p2a: Rillaboom\n|-damage|p1a: Falinks|98/246|[from] item: Life Orb\n|\n|-heal|p1a: Falinks|113/246|[from] Grassy Terrain\n|upkeep\n|\n|t:|1783571834\n|switch|p2a: Victreebel|Victreebel, L90, M|100/100\n|turn|4\n|inactive|Time left: 300 sec this turn | 300 sec total\n|\n|t:|1783571836\n|move|p1a: Falinks|Iron Head|p2a: Victreebel\n|-crit|p2a: Victreebel\n|-damage|p2a: Victreebel|30/100\n|-damage|p1a: Falinks|89/246|[from] item: Life Orb\n|cant|p2a: Victreebel|flinch\n|\n|-heal|p1a: Falinks|104/246|[from] Grassy Terrain\n|-heal|p2a: Victreebel|36/100|[from] Grassy Terrain\n|upkeep\n|turn|5\n|inactive|Time left: 300 sec this turn | 300 sec total\n|\n|t:|1783571837\n|switch|p2a: Goodra|Goodra-Hisui, L82, M|100/100\n|move|p1a: Falinks|Knock Off|p2a: Goodra\n|-damage|p2a: Goodra|56/100\n|-enditem|p2a: Goodra|Assault Vest|[from] move: Knock Off|[of] p1a: Falinks\n|-damage|p1a: Falinks|80/246|[from] item: Life Orb\n|\n|-heal|p1a: Falinks|95/246|[from] Grassy Terrain\n|-heal|p2a: Goodra|62/100|[from] Grassy Terrain\n|upkeep\n|turn|6\n|inactive|Time left: 300 sec this turn | 300 sec total\n|\n|t:|1783571838\n|switch|p2a: Munkidori|Munkidori, L79, M|100/100\n|move|p1a: Falinks|Close Combat|p2a: Munkidori\n|-resisted|p2a: Munkidori\n|-damage|p2a: Munkidori|72/100\n|-unboost|p1a: Falinks|def|1\n|-unboost|p1a: Falinks|spd|1\n|-damage|p1a: Falinks|71/246|[from] item: Life Orb\n|\n|-heal|p1a: Falinks|86/246|[from] Grassy Terrain\n|-heal|p2a: Munkidori|78/100|[from] Grassy Terrain\n|-fieldend|move: Grassy Terrain\n|upkeep\n|turn|7\n|inactive|Time left: 300 sec this turn | 300 sec total\n|\n|t:|1783571839\n|move|p2a: Munkidori|Fake Out|p1a: Falinks\n|-damage|p1a: Falinks|58/246\n|cant|p1a: Falinks|flinch\n|\n|upkeep\n|turn|8\n|inactive|Time left: 300 sec this turn | 300 sec total\n|\n|t:|1783571840\n|switch|p2a: Goodra|Goodra-Hisui, L82, M|62/100\n|move|p1a: Falinks|Knock Off|p2a: Goodra\n|-damage|p2a: Goodra|31/100\n|-damage|p1a: Falinks|34/246|[from] item: Life Orb\n|\n|upkeep\n|turn|9\n|inactive|Time left: 300 sec this turn | 300 sec total\n|\n|t:|1783571841\n|move|p1a: Falinks|Close Combat|p2a: Goodra\n|-supereffective|p2a: Goodra\n|-damage|p2a: Goodra|0 fnt\n|-unboost|p1a: Falinks|def|1\n|-unboost|p1a: Falinks|spd|1\n|faint|p2a: Goodra\n|-damage|p1a: Falinks|10/246|[from] item: Life Orb\n|\n|upkeep\n|\n|t:|1783571842\n|switch|p2a: Munkidori|Munkidori, L79, M|78/100\n|turn|10\n|inactive|Time left: 300 sec this turn | 300 sec total\n|\n|t:|1783571843\n|move|p2a: Munkidori|Fake Out|p1a: Falinks\n|-damage|p1a: Falinks|0 fnt\n|faint|p1a: Falinks\n|\n|upkeep\n|inactive|Time left: 300 sec this turn | 300 sec total | 5 sec grace\n|\n|t:|1783571843\n|switch|p1a: Mamoswine|Mamoswine, L81, M|311/311\n|turn|11\n|inactive|Time left: 300 sec this turn | 300 sec total\n|\n|t:|1783571844\n|move|p2a: Munkidori|Psychic Noise|p1a: Mamoswine\n|-damage|p1a: Mamoswine|197/311\n|-start|p1a: Mamoswine|move: Heal Block\n|move|p1a: Mamoswine|Earthquake|p2a: Munkidori\n|-supereffective|p2a: Munkidori\n|-damage|p2a: Munkidori|0 fnt\n|faint|p2a: Munkidori\n|\n|upkeep\n|\n|t:|1783571845\n|switch|p2a: Haxorus|Haxorus, L77, F|100/100\n|-ability|p2a: Haxorus|Mold Breaker\n|turn|12\n|inactive|Time left: 300 sec this turn | 300 sec total\n|\n|t:|1783571846\n|-terastallize|p1a: Mamoswine|Ground\n|move|p2a: Haxorus|Swords Dance|p2a: Haxorus\n|-boost|p2a: Haxorus|atk|2\n|move|p1a: Mamoswine|Earthquake|p2a: Haxorus\n|-damage|p2a: Haxorus|0 fnt\n|faint|p2a: Haxorus\n|\n|-end|p1a: Mamoswine|move: Heal Block\n|upkeep\n|\n|t:|1783571847\n|switch|p2a: Victreebel|Victreebel, L90, M|36/100\n|turn|13\n|inactive|Time left: 300 sec this turn | 300 sec total\n|\n|t:|1783571848\n|switch|p1a: Okidogi|Okidogi, L77, M|262/262\n|move|p2a: Victreebel|Power Whip|p1a: Okidogi\n|-resisted|p1a: Okidogi\n|-damage|p1a: Okidogi|168/262\n|-damage|p2a: Victreebel|26/100|[from] item: Life Orb\n|\n|-heal|p1a: Okidogi|184/262|[from] item: Leftovers\n|upkeep\n|turn|14\n|inactive|Time left: 300 sec this turn | 300 sec total\n|\n|t:|1783571849\n|move|p2a: Victreebel|Sunny Day|p2a: Victreebel\n|-weather|SunnyDay\n|move|p1a: Okidogi|Bulk Up|p1a: Okidogi\n|-boost|p1a: Okidogi|atk|1\n|-boost|p1a: Okidogi|def|1\n|\n|-weather|SunnyDay|[upkeep]\n|-heal|p1a: Okidogi|200/262|[from] item: Leftovers\n|upkeep\n|turn|15\n|inactive|Time left: 300 sec this turn | 300 sec total\n|\n|t:|1783571850\n|switch|p1a: Mamoswine|Mamoswine, L81, M, tera:Ground|197/311\n|-terastallize|p2a: Victreebel|Fire\n|move|p2a: Victreebel|Weather Ball|p1a: Mamoswine\n|-damage|p1a: Mamoswine|24/311\n|-damage|p2a: Victreebel|16/100|[from] item: Life Orb\n|\n|-weather|SunnyDay|[upkeep]\n|upkeep\n|turn|16\n|inactive|Time left: 300 sec this turn | 300 sec total\n|\n|t:|1783571851\n|move|p1a: Mamoswine|Ice Shard|p2a: Victreebel\n|-resisted|p2a: Victreebel\n|-damage|p2a: Victreebel|2/100\n|move|p2a: Victreebel|Weather Ball|p1a: Mamoswine\n|-damage|p1a: Mamoswine|0 fnt\n|faint|p1a: Mamoswine\n|-damage|p2a: Victreebel|0 fnt|[from] item: Life Orb\n|faint|p2a: Victreebel\n|\n|-weather|SunnyDay|[upkeep]\n|upkeep\n|inactive|Time left: 300 sec this turn | 300 sec total | 5 sec grace\n|\n|t:|1783571852\n|switch|p2a: Iron Boulder|Iron Boulder, L77|100/100\n|switch|p1a: Froslass|Froslass, L87, F|263/263\n|turn|17\n|inactive|Time left: 300 sec this turn | 300 sec total\n|\n|t:|1783571853\n|move|p1a: Froslass|Poltergeist|p2a: Iron Boulder\n|-activate|p2a: Iron Boulder|move: Poltergeist|Life Orb\n|-supereffective|p2a: Iron Boulder\n|-damage|p2a: Iron Boulder|1/100\n|move|p2a: Iron Boulder|Mighty Cleave|p1a: Froslass\n|-supereffective|p1a: Froslass\n|-damage|p1a: Froslass|0 fnt\n|faint|p1a: Froslass\n|-damage|p2a: Iron Boulder|0 fnt|[from] item: Life Orb\n|faint|p2a: Iron Boulder\n|-end|p2a: Iron Boulder|Quark Drive|[silent]\n|\n|win|p0x2762a41b", "uploadtime": 1783571853, "views": 0, "rating": 0, "private": 0, "password": null, "_winner": "p0x2762a41b", "_our_name": "p0x2762a41b"}