{"id": "battle-gen9randombattle-2590", "formatid": "gen9randombattle", "format": "[Gen 9] Random Battle", "players": ["p0x25909f79", "p0y259027ed"], "log": "|init|battle\n|title|p0x25909f79 vs. p0y259027ed\n|j|\u2606p0x25909f79\n|j|\u2606p0y259027ed\n|t:|1783568968\n|gametype|singles\n|player|p1|p0x25909f79|1|\n|player|p2|p0y259027ed|1|\n|gen|9\n|tier|[Gen 9] Random Battle\n|rule|Species Clause: Limit one of each Pok\u00e9mon\n|rule|HP Percentage Mod: HP is shown in percentages\n|rule|Sleep Clause Mod: Limit one foe put to sleep\n|rule|Illusion Level Mod: Illusion disguises the Pok\u00e9mon's true level\n|\n|t:|1783568968\n|teamsize|p1|6\n|teamsize|p2|6\n|start\n|switch|p1a: Iron Bundle|Iron Bundle, L78|215/215\n|switch|p2a: Grimmsnarl|Grimmsnarl, L83, M|100/100\n|turn|1\n|inactive|Battle timer is ON: inactive players will automatically lose when time's up. (requested by p0x25909f79)\n|inactive|p0y259027ed also wants the timer to be on.\n|\n|t:|1783568970\n|move|p1a: Iron Bundle|Hydro Pump|p2a: Grimmsnarl\n|-damage|p2a: Grimmsnarl|29/100\n|move|p2a: Grimmsnarl|Spirit Break|p1a: Iron Bundle\n|-crit|p1a: Iron Bundle\n|-damage|p1a: Iron Bundle|89/215\n|-unboost|p1a: Iron Bundle|spa|1\n|\n|-heal|p2a: Grimmsnarl|35/100|[from] item: Leftovers\n|upkeep\n|turn|2\n|inactive|Time left: 300 sec this turn | 300 sec total\n|\n|t:|1783568971\n|move|p1a: Iron Bundle|Hydro Pump|p2a: Grimmsnarl\n|-damage|p2a: Grimmsnarl|0 fnt\n|faint|p2a: Grimmsnarl\n|\n|upkeep\n|\n|t:|1783568972\n|switch|p2a: Frosmoth|Frosmoth, L82, F|100/100\n|turn|3\n|inactive|Time left: 300 sec this turn | 300 sec total\n|\n|t:|1783568973\n|-end|p1a: Iron Bundle|Quark Drive|[silent]\n|switch|p1a: Passimian|Passimian, L83, M|302/302\n|move|p2a: Frosmoth|Quiver Dance|p2a: Frosmoth\n|-boost|p2a: Frosmoth|spa|1\n|-boost|p2a: Frosmoth|spd|1\n|-boost|p2a: Frosmoth|spe|1\n|\n|upkeep\n|turn|4\n|inactive|Time left: 300 sec this turn | 300 sec total\n|\n|t:|1783568974\n|-terastallize|p1a: Passimian|Fighting\n|move|p1a: Passimian|Close Combat|p2a: Frosmoth\n|-damage|p2a: Frosmoth|3/100\n|-unboost|p1a: Passimian|def|1\n|-unboost|p1a: Passimian|spd|1\n|move|p2a: Frosmoth|Hurricane|p1a: Passimian|[miss]\n|-miss|p2a: Frosmoth|p1a: Passimian\n|\n|upkeep\n|turn|5\n|inactive|Time left: 300 sec this turn | 300 sec total\n|\n|t:|1783568975\n|move|p1a: Passimian|Close Combat|p2a: Frosmoth\n|-damage|p2a: Frosmoth|0 fnt\n|-unboost|p1a: Passimian|def|1\n|-unboost|p1a: Passimian|spd|1\n|faint|p2a: Frosmoth\n|\n|upkeep\n|\n|t:|1783568976\n|switch|p2a: Iron Leaves|Iron Leaves, L80|100/100\n|turn|6\n|inactive|Time left: 300 sec this turn | 300 sec total\n|\n|t:|1783568976\n|switch|p1a: Chandelure|Chandelure, L83, F|235/235\n|move|p2a: Iron Leaves|Megahorn|p1a: Chandelure\n|-resisted|p1a: Chandelure\n|-damage|p1a: Chandelure|196/235\n|\n|upkeep\n|turn|7\n|inactive|Time left: 300 sec this turn | 300 sec total\n|\n|t:|1783568978\n|-end|p2a: Iron Leaves|Quark Drive|[silent]\n|switch|p2a: Walking Wake|Walking Wake, L79|100/100\n|move|p1a: Chandelure|Fire Blast|p2a: Walking Wake|[miss]\n|-miss|p1a: Chandelure|p2a: Walking Wake\n|\n|upkeep\n|turn|8\n|inactive|Time left: 300 sec this turn | 300 sec total\n|\n|t:|1783568979\n|switch|p1a: Fezandipiti|Fezandipiti, L82, M|278/278\n|move|p2a: Walking Wake|Hydro Pump|p1a: Fezandipiti\n|-damage|p1a: Fezandipiti|134/278\n|\n|-heal|p1a: Fezandipiti|151/278|[from] item: Leftovers\n|upkeep\n|turn|9\n|inactive|Time left: 300 sec this turn | 300 sec total\n|\n|t:|1783568980\n|move|p2a: Walking Wake|Hydro Pump|p1a: Fezandipiti\n|-damage|p1a: Fezandipiti|4/278\n|move|p1a: Fezandipiti|Moonblast|p2a: Walking Wake\n|-supereffective|p2a: Walking Wake\n|-damage|p2a: Walking Wake|46/100\n|\n|-heal|p1a: Fezandipiti|21/278|[from] item: Leftovers\n|upkeep\n|turn|10\n|inactive|Time left: 300 sec this turn | 300 sec total\n|\n|t:|1783568981\n|move|p2a: Walking Wake|Hydro Pump|p1a: Fezandipiti\n|-damage|p1a: Fezandipiti|0 fnt\n|faint|p1a: Fezandipiti\n|\n|upkeep\n|inactive|Time left: 300 sec this turn | 300 sec total | 5 sec grace\n|\n|t:|1783568982\n|switch|p1a: Iron Bundle|Iron Bundle, L78|89/215\n|turn|11\n|inactive|Time left: 300 sec this turn | 300 sec total\n|\n|t:|1783568983\n|move|p1a: Iron Bundle|Ice Beam|p2a: Walking Wake\n|-damage|p2a: Walking Wake|0 fnt\n|faint|p2a: Walking Wake\n|-end|p2a: Walking Wake|Protosynthesis|[silent]\n|\n|upkeep\n|\n|t:|1783568984\n|switch|p2a: Ting-Lu|Ting-Lu, L78|100/100\n|-ability|p2a: Ting-Lu|Vessel of Ruin\n|turn|12\n|inactive|Time left: 300 sec this turn | 300 sec total\n|\n|t:|1783568985\n|move|p1a: Iron Bundle|Ice Beam|p2a: Ting-Lu\n|-supereffective|p2a: Ting-Lu\n|-damage|p2a: Ting-Lu|25/100\n|move|p2a: Ting-Lu|Earthquake|p1a: Iron Bundle\n|-damage|p1a: Iron Bundle|0 fnt\n|faint|p1a: Iron Bundle\n|-end|p1a: Iron Bundle|Quark Drive|[silent]\n|\n|-heal|p2a: Ting-Lu|32/100|[from] item: Leftovers\n|upkeep\n|inactive|Time left: 300 sec this turn | 300 sec total | 5 sec grace\n|\n|t:|1783568986\n|switch|p1a: Chandelure|Chandelure, L83, F|196/235\n|turn|13\n|inactive|Time left: 300 sec this turn | 300 sec total\n|\n|t:|1783568987\n|move|p1a: Chandelure|Fire Blast|p2a: Ting-Lu|[miss]\n|-miss|p1a: Chandelure|p2a: Ting-Lu\n|move|p2a: Ting-Lu|Earthquake|p1a: Chandelure\n|-supereffective|p1a: Chandelure\n|-damage|p1a: Chandelure|0 fnt\n|faint|p1a: Chandelure\n|\n|-heal|p2a: Ting-Lu|38/100|[from] item: Leftovers\n|upkeep\n|inactive|Time left: 300 sec this turn | 300 sec total | 5 sec grace\n|\n|t:|1783568988\n|switch|p1a: Breloom|Breloom, L83, F|235/235\n|turn|14\n|inactive|Time left: 300 sec this turn | 300 sec total\n|\n|t:|1783568988\n|switch|p2a: Iron Leaves|Iron Leaves, L80|100/100\n|move|p1a: Breloom|Rock Tomb|p2a: Iron Leaves\n|-damage|p2a: Iron Leaves|61/100\n|-unboost|p2a: Iron Leaves|spe|1\n|-damage|p1a: Breloom|212/235|[from] item: Life Orb\n|\n|upkeep\n|turn|15\n|inactive|Time left: 300 sec this turn | 300 sec total\n|\n|t:|1783568989\n|move|p1a: Breloom|Bullet Seed|p2a: Iron Leaves\n|-resisted|p2a: Iron Leaves\n|-damage|p2a: Iron Leaves|48/100\n|-resisted|p2a: Iron Leaves\n|-damage|p2a: Iron Leaves|36/100\n|-resisted|p2a: Iron Leaves\n|-damage|p2a: Iron Leaves|23/100\n|-resisted|p2a: Iron Leaves\n|-damage|p2a: Iron Leaves|11/100\n|-hitcount|p2a: Iron Leaves|4\n|-damage|p1a: Breloom|189/235|[from] item: Life Orb\n|move|p2a: Iron Leaves|Psyblade|p1a: Breloom\n|-supereffective|p1a: Breloom\n|-damage|p1a: Breloom|0 fnt\n|faint|p1a: Breloom\n|\n|upkeep\n|inactive|Time left: 300 sec this turn | 300 sec total | 5 sec grace\n|\n|t:|1783568990\n|switch|p1a: Passimian|Passimian, L83, M, tera:Fighting|302/302\n|turn|16\n|inactive|Time left: 300 sec this turn | 300 sec total\n|\n|t:|1783568991\n|move|p1a: Passimian|Close Combat|p2a: Iron Leaves\n|-resisted|p2a: Iron Leaves\n|-damage|p2a: Iron Leaves|0 fnt\n|-unboost|p1a: Passimian|def|1\n|-unboost|p1a: Passimian|spd|1\n|faint|p2a: Iron Leaves\n|-end|p2a: Iron Leaves|Quark Drive|[silent]\n|\n|upkeep\n|\n|t:|1783568992\n|switch|p2a: Ting-Lu|Ting-Lu, L78|38/100\n|-ability|p2a: Ting-Lu|Vessel of Ruin\n|turn|17\n|inactive|Time left: 300 sec this turn | 300 sec total\n|\n|t:|1783568993\n|-terastallize|p2a: Ting-Lu|Ghost\n|move|p1a: Passimian|Close Combat|p2a: Ting-Lu\n|-immune|p2a: Ting-Lu\n|move|p2a: Ting-Lu|Earthquake|p1a: Passimian\n|-damage|p1a: Passimian|155/302\n|\n|-heal|p2a: Ting-Lu|44/100|[from] item: Leftovers\n|upkeep\n|turn|18\n|inactive|Time left: 300 sec this turn | 300 sec total\n|\n|t:|1783568994\n|switch|p1a: Plusle|Plusle, L95, M|268/268\n|move|p2a: Ting-Lu|Earthquake|p1a: Plusle\n|-supereffective|p1a: Plusle\n|-damage|p1a: Plusle|0 fnt\n|faint|p1a: Plusle\n|\n|-heal|p2a: Ting-Lu|50/100|[from] item: Leftovers\n|upkeep\n|inactive|Time left: 300 sec this turn | 300 sec total | 5 sec grace\n|\n|t:|1783568995\n|switch|p1a: Passimian|Passimian, L83, M, tera:Fighting|155/302\n|turn|19\n|inactive|Time left: 300 sec this turn | 300 sec total\n|\n|t:|1783568996\n|move|p1a: Passimian|Rock Slide|p2a: Ting-Lu\n|-damage|p2a: Ting-Lu|36/100\n|move|p2a: Ting-Lu|Earthquake|p1a: Passimian\n|-damage|p1a: Passimian|53/302\n|\n|-heal|p2a: Ting-Lu|42/100|[from] item: Leftovers\n|upkeep\n|turn|20\n|inactive|Time left: 300 sec this turn | 300 sec total\n|\n|t:|1783568997\n|move|p1a: Passimian|Rock Slide|p2a: Ting-Lu\n|-damage|p2a: Ting-Lu|28/100\n|move|p2a: Ting-Lu|Earthquake|p1a: Passimian\n|-damage|p1a: Passimian|0 fnt\n|faint|p1a: Passimian\n|\n|win|p0y259027ed", "uploadtime": 1783568997, "views": 0, "rating": 0, "private": 0, "password": null, "_winner": "p0y259027ed", "_our_name": "p0x25909f79"}