{"id": "battle-gen9randombattle-225", "formatid": "gen9randombattle", "format": "[Gen 9] Random Battle", "players": ["p0x225007e", "p0y225d7b4"], "log": "|init|battle\n|title|p0x225007e vs. p0y225d7b4\n|j|\u2606p0x225007e\n|j|\u2606p0y225d7b4\n|t:|1783536394\n|gametype|singles\n|player|p1|p0x225007e|170|\n|player|p2|p0y225d7b4|102|\n|gen|9\n|tier|[Gen 9] Random Battle\n|rule|Species Clause: Limit one of each Pok\u00e9mon\n|rule|HP Percentage Mod: HP is shown in percentages\n|rule|Sleep Clause Mod: Limit one foe put to sleep\n|rule|Illusion Level Mod: Illusion disguises the Pok\u00e9mon's true level\n|\n|t:|1783536394\n|teamsize|p1|6\n|teamsize|p2|6\n|start\n|switch|p1a: Cinderace|Cinderace, L77, M|250/250\n|switch|p2a: Snorlax|Snorlax, L82, F|100/100\n|turn|1\n|inactive|Battle timer is ON: inactive players will automatically lose when time's up. (requested by p0y225d7b4)\n|inactive|Time left: 300 sec this turn | 300 sec total | 60 sec grace\n|inactive|p0x225007e also wants the timer to be on.\n|\n|t:|1783536395\n|move|p1a: Cinderace|Will-O-Wisp|p2a: Snorlax\n|-status|p2a: Snorlax|brn\n|move|p2a: Snorlax|Body Slam|p1a: Cinderace\n|-damage|p1a: Cinderace|192/250\n|\n|-damage|p2a: Snorlax|94/100 brn|[from] brn\n|upkeep\n|turn|2\n|inactive|Time left: 300 sec this turn | 300 sec total\n|\n|t:|1783536396\n|switch|p1a: Crawdaunt|Crawdaunt, L84, M|243/243\n|move|p2a: Snorlax|Rest|p2a: Snorlax\n|-status|p2a: Snorlax|slp|[from] move: Rest\n|-heal|p2a: Snorlax|100/100 slp|[silent]\n|-enditem|p2a: Snorlax|Chesto Berry|[eat]\n|-curestatus|p2a: Snorlax|slp|[msg]\n|\n|upkeep\n|turn|3\n|inactive|Time left: 300 sec this turn | 300 sec total\n|\n|t:|1783536397\n|move|p1a: Crawdaunt|Crabhammer|p2a: Snorlax\n|-crit|p2a: Snorlax\n|-damage|p2a: Snorlax|0 fnt\n|faint|p2a: Snorlax\n|\n|upkeep\n|\n|t:|1783536398\n|switch|p2a: Flapple|Flapple, L88, F|100/100\n|turn|4\n|inactive|Time left: 300 sec this turn | 300 sec total\n|\n|t:|1783536399\n|switch|p1a: Glalie|Glalie, L96, M|309/309\n|move|p2a: Flapple|Outrage|p1a: Glalie\n|-damage|p1a: Glalie|6/309\n|\n|upkeep\n|turn|5\n|inactive|Time left: 300 sec this turn | 300 sec total\n|\n|t:|1783536400\n|move|p1a: Glalie|Freeze-Dry|p2a: Flapple\n|-supereffective|p2a: Flapple\n|-damage|p2a: Flapple|0 fnt\n|faint|p2a: Flapple\n|\n|upkeep\n|\n|t:|1783536401\n|switch|p2a: Baxcalibur|Baxcalibur, L75, M|100/100\n|turn|6\n|inactive|Time left: 300 sec this turn | 300 sec total\n|\n|t:|1783536402\n|move|p1a: Glalie|Freeze-Dry|p2a: Baxcalibur\n|-damage|p2a: Baxcalibur|66/100\n|move|p2a: Baxcalibur|Dragon Dance|p2a: Baxcalibur\n|-boost|p2a: Baxcalibur|atk|1\n|-boost|p2a: Baxcalibur|spe|1\n|\n|upkeep\n|turn|7\n|inactive|Time left: 300 sec this turn | 300 sec total\n|\n|t:|1783536403\n|move|p2a: Baxcalibur|Dragon Dance|p2a: Baxcalibur\n|-boost|p2a: Baxcalibur|atk|1\n|-boost|p2a: Baxcalibur|spe|1\n|move|p1a: Glalie|Freeze-Dry|p2a: Baxcalibur\n|-damage|p2a: Baxcalibur|35/100\n|\n|upkeep\n|turn|8\n|inactive|Time left: 300 sec this turn | 300 sec total\n|\n|t:|1783536404\n|move|p2a: Baxcalibur|Earthquake|p1a: Glalie\n|-damage|p1a: Glalie|0 fnt\n|faint|p1a: Glalie\n|\n|upkeep\n|inactive|Time left: 300 sec this turn | 300 sec total | 5 sec grace\n|\n|t:|1783536404\n|switch|p1a: Hariyama|Hariyama, L87, F|392/392\n|turn|9\n|inactive|Time left: 300 sec this turn | 300 sec total\n|\n|t:|1783536405\n|move|p2a: Baxcalibur|Glaive Rush|p1a: Hariyama\n|-damage|p1a: Hariyama|43/392\n|-singlemove|p2a: Baxcalibur|Glaive Rush|[silent]\n|move|p1a: Hariyama|Close Combat|p2a: Baxcalibur\n|-supereffective|p2a: Baxcalibur\n|-damage|p2a: Baxcalibur|0 fnt\n|-unboost|p1a: Hariyama|def|1\n|-unboost|p1a: Hariyama|spd|1\n|faint|p2a: Baxcalibur\n|\n|upkeep\n|\n|t:|1783536406\n|switch|p2a: Kilowattrel|Kilowattrel, L83, M|100/100\n|turn|10\n|inactive|Time left: 300 sec this turn | 300 sec total\n|\n|t:|1783536407\n|switch|p1a: Beartic|Beartic, L91, F|321/321\n|move|p2a: Kilowattrel|Thunderbolt|p1a: Beartic\n|-crit|p1a: Beartic\n|-damage|p1a: Beartic|183/321\n|\n|upkeep\n|turn|11\n|inactive|Time left: 300 sec this turn | 300 sec total\n|\n|t:|1783536408\n|switch|p2a: Great Tusk|Great Tusk, L77|100/100\n|move|p1a: Beartic|Icicle Crash|p2a: Great Tusk\n|-supereffective|p2a: Great Tusk\n|-damage|p2a: Great Tusk|25/100\n|\n|-heal|p2a: Great Tusk|32/100|[from] item: Leftovers\n|upkeep\n|turn|12\n|inactive|Time left: 300 sec this turn | 300 sec total\n|\n|t:|1783536410\n|switch|p1a: Veluza|Veluza, L85, M|292/292\n|move|p2a: Great Tusk|Close Combat|p1a: Veluza\n|-resisted|p1a: Veluza\n|-damage|p1a: Veluza|216/292\n|-unboost|p2a: Great Tusk|def|1\n|-unboost|p2a: Great Tusk|spd|1\n|\n|-heal|p2a: Great Tusk|38/100|[from] item: Leftovers\n|upkeep\n|turn|13\n|inactive|Time left: 300 sec this turn | 300 sec total\n|\n|t:|1783536411\n|move|p1a: Veluza|Aqua Jet|p2a: Great Tusk\n|-supereffective|p2a: Great Tusk\n|-damage|p2a: Great Tusk|0 fnt\n|faint|p2a: Great Tusk\n|-end|p2a: Great Tusk|Protosynthesis|[silent]\n|\n|upkeep\n|\n|t:|1783536412\n|switch|p2a: Kilowattrel|Kilowattrel, L83, M|100/100\n|turn|14\n|inactive|Time left: 300 sec this turn | 300 sec total\n|\n|t:|1783536413\n|switch|p1a: Beartic|Beartic, L91, F|183/321\n|move|p2a: Kilowattrel|Thunderbolt|p1a: Beartic\n|-damage|p1a: Beartic|84/321\n|\n|upkeep\n|turn|15\n|inactive|Time left: 300 sec this turn | 300 sec total\n|\n|t:|1783536414\n|move|p2a: Kilowattrel|Thunderbolt|p1a: Beartic\n|-damage|p1a: Beartic|0 fnt\n|faint|p1a: Beartic\n|\n|upkeep\n|inactive|Time left: 300 sec this turn | 300 sec total | 5 sec grace\n|\n|t:|1783536415\n|switch|p1a: Cinderace|Cinderace, L77, M|192/250\n|turn|16\n|inactive|Time left: 300 sec this turn | 300 sec total\n|\n|t:|1783536415\n|move|p2a: Kilowattrel|Thunderbolt|p1a: Cinderace\n|-damage|p1a: Cinderace|75/250\n|move|p1a: Cinderace|Pyro Ball|p2a: Kilowattrel\n|-damage|p2a: Kilowattrel|36/100\n|\n|upkeep\n|turn|17\n|inactive|Time left: 300 sec this turn | 300 sec total\n|\n|t:|1783536416\n|move|p2a: Kilowattrel|Thunderbolt|p1a: Cinderace\n|-damage|p1a: Cinderace|0 fnt\n|faint|p1a: Cinderace\n|\n|upkeep\n|inactive|Time left: 300 sec this turn | 300 sec total | 5 sec grace\n|\n|t:|1783536417\n|switch|p1a: Crawdaunt|Crawdaunt, L84, M|243/243\n|turn|18\n|inactive|Time left: 300 sec this turn | 300 sec total\n|\n|t:|1783536418\n|move|p1a: Crawdaunt|Aqua Jet|p2a: Kilowattrel\n|-damage|p2a: Kilowattrel|0 fnt\n|faint|p2a: Kilowattrel\n|\n|upkeep\n|\n|t:|1783536419\n|switch|p2a: Terapagos|Terapagos, L77, F|100/100\n|-activate|p2a: Terapagos|ability: Tera Shift\n|detailschange|p2a: Terapagos|Terapagos-Terastal, L77, F\n|-heal|p2a: Terapagos|100/100|[silent]\n|turn|19\n|inactive|Time left: 300 sec this turn | 300 sec total\n|\n|t:|1783536420\n|switch|p1a: Hariyama|Hariyama, L87, F|43/392\n|move|p2a: Terapagos|Calm Mind|p2a: Terapagos\n|-boost|p2a: Terapagos|spa|1\n|-boost|p2a: Terapagos|spd|1\n|\n|upkeep\n|turn|20\n|inactive|Time left: 300 sec this turn | 300 sec total\n|\n|t:|1783536421\n|-terastallize|p2a: Terapagos|Stellar\n|detailschange|p2a: Terapagos|Terapagos-Stellar, L77, F, tera:Stellar\n|-heal|p2a: Terapagos|100/100|[silent]\n|move|p2a: Terapagos|Tera Starstorm|p1a: Hariyama\n|-damage|p1a: Hariyama|0 fnt\n|faint|p1a: Hariyama\n|\n|upkeep\n|inactive|Time left: 300 sec this turn | 300 sec total | 5 sec grace\n|\n|t:|1783536422\n|switch|p1a: Veluza|Veluza, L85, M|216/292\n|turn|21\n|inactive|Time left: 300 sec this turn | 300 sec total\n|\n|t:|1783536423\n|move|p2a: Terapagos|Tera Starstorm|p1a: Veluza\n|-damage|p1a: Veluza|32/292\n|move|p1a: Veluza|Psycho Cut|p2a: Terapagos\n|-crit|p2a: Terapagos\n|-damage|p2a: Terapagos|39/100\n|\n|upkeep\n|turn|22\n|inactive|Time left: 300 sec this turn | 300 sec total\n|\n|t:|1783536424\n|move|p2a: Terapagos|Tera Starstorm|p1a: Veluza\n|-damage|p1a: Veluza|0 fnt\n|faint|p1a: Veluza\n|\n|upkeep\n|inactive|Time left: 300 sec this turn | 300 sec total | 5 sec grace\n|\n|t:|1783536425\n|switch|p1a: Crawdaunt|Crawdaunt, L84, M|243/243\n|turn|23\n|inactive|Time left: 300 sec this turn | 300 sec total\n|\n|t:|1783536426\n|-terastallize|p1a: Crawdaunt|Fighting\n|move|p2a: Terapagos|Tera Starstorm|p1a: Crawdaunt\n|-supereffective|p1a: Crawdaunt\n|-damage|p1a: Crawdaunt|0 fnt\n|faint|p1a: Crawdaunt\n|\n|win|p0y225d7b4", "uploadtime": 1783536426, "views": 0, "rating": 0, "private": 0, "password": null, "_winner": "p0y225d7b4", "_our_name": "p0x225007e"}