{"id": "battle-gen9randombattle-648", "formatid": "gen9randombattle", "format": "[Gen 9] Random Battle", "players": ["p0x648a33f", "p0y6486acd"], "log": "|init|battle\n|title|p0x648a33f vs. p0y6486acd\n|j|\u2606p0x648a33f\n|j|\u2606p0y6486acd\n|t:|1783546622\n|gametype|singles\n|player|p1|p0x648a33f|266|\n|player|p2|p0y6486acd|266|\n|gen|9\n|tier|[Gen 9] Random Battle\n|rule|Species Clause: Limit one of each Pok\u00e9mon\n|rule|HP Percentage Mod: HP is shown in percentages\n|rule|Sleep Clause Mod: Limit one foe put to sleep\n|rule|Illusion Level Mod: Illusion disguises the Pok\u00e9mon's true level\n|\n|t:|1783546622\n|teamsize|p1|6\n|teamsize|p2|6\n|start\n|switch|p1a: Dragalge|Dragalge, L88, F|100/100\n|switch|p2a: Bastiodon|Bastiodon, L89, M|252/252\n|turn|1\n|inactive|Battle timer is ON: inactive players will automatically lose when time's up. (requested by p0x648a33f)\n|inactive|Time left: 300 sec this turn | 300 sec total | 60 sec grace\n|inactive|p0y6486acd also wants the timer to be on.\n|\n|t:|1783546624\n|move|p1a: Dragalge|Focus Blast|p2a: Bastiodon\n|-supereffective|p2a: Bastiodon\n|-damage|p2a: Bastiodon|0 fnt\n|faint|p2a: Bastiodon\n|\n|upkeep\n|inactive|Time left: 300 sec this turn | 300 sec total | 65 sec grace\n|\n|t:|1783546625\n|switch|p2a: Granbull|Granbull, L88, M|302/302\n|-ability|p2a: Granbull|Intimidate|boost\n|-unboost|p1a: Dragalge|atk|1\n|turn|2\n|inactive|Time left: 300 sec this turn | 300 sec total\n|\n|t:|1783546627\n|move|p2a: Granbull|Play Rough|p1a: Dragalge\n|-damage|p1a: Dragalge|53/100\n|move|p1a: Dragalge|Sludge Wave|p2a: Granbull\n|-supereffective|p2a: Granbull\n|-damage|p2a: Granbull|0 fnt\n|faint|p2a: Granbull\n|\n|upkeep\n|inactive|Time left: 300 sec this turn | 300 sec total | 5 sec grace\n|\n|t:|1783546628\n|switch|p2a: Kyogre|Kyogre, L71|259/259\n|-weather|RainDance|[from] ability: Drizzle|[of] p2a: Kyogre\n|turn|3\n|inactive|Time left: 300 sec this turn | 300 sec total\n|\n|t:|1783546629\n|move|p2a: Kyogre|Water Spout|p1a: Dragalge\n|-resisted|p1a: Dragalge\n|-damage|p1a: Dragalge|27/100\n|move|p1a: Dragalge|Sludge Wave|p2a: Kyogre\n|-damage|p2a: Kyogre|143/259\n|\n|-weather|RainDance|[upkeep]\n|upkeep\n|turn|4\n|inactive|Time left: 300 sec this turn | 300 sec total\n|\n|t:|1783546630\n|move|p2a: Kyogre|Water Spout|p1a: Dragalge\n|-resisted|p1a: Dragalge\n|-crit|p1a: Dragalge\n|-damage|p1a: Dragalge|9/100\n|move|p1a: Dragalge|Sludge Wave|p2a: Kyogre\n|-damage|p2a: Kyogre|23/259\n|-status|p2a: Kyogre|psn\n|\n|-weather|RainDance|[upkeep]\n|-damage|p2a: Kyogre|0 fnt|[from] psn\n|faint|p2a: Kyogre\n|upkeep\n|inactive|Time left: 300 sec this turn | 300 sec total | 5 sec grace\n|\n|t:|1783546631\n|switch|p2a: Greedent|Greedent, L86, F|347/347\n|turn|5\n|inactive|Time left: 300 sec this turn | 300 sec total\n|\n|t:|1783546632\n|move|p1a: Dragalge|Sludge Wave|p2a: Greedent\n|-damage|p2a: Greedent|187/347\n|move|p2a: Greedent|Swords Dance|p2a: Greedent\n|-boost|p2a: Greedent|atk|2\n|\n|-weather|RainDance|[upkeep]\n|upkeep\n|turn|6\n|inactive|Time left: 300 sec this turn | 300 sec total\n|\n|t:|1783546633\n|move|p1a: Dragalge|Draco Meteor|p2a: Greedent\n|-damage|p2a: Greedent|0 fnt\n|-unboost|p1a: Dragalge|spa|2\n|faint|p2a: Greedent\n|\n|-weather|RainDance|[upkeep]\n|upkeep\n|inactive|Time left: 300 sec this turn | 300 sec total | 5 sec grace\n|\n|t:|1783546634\n|switch|p2a: Garganacl|Garganacl, L80, F|291/291\n|turn|7\n|inactive|Time left: 300 sec this turn | 300 sec total\n|\n|t:|1783546635\n|switch|p1a: Keldeo|Keldeo-Resolute, L79|100/100\n|move|p2a: Garganacl|Iron Defense|p2a: Garganacl\n|-boost|p2a: Garganacl|def|2\n|\n|-weather|none\n|upkeep\n|turn|8\n|inactive|Time left: 300 sec this turn | 300 sec total\n|\n|t:|1783546637\n|-terastallize|p2a: Garganacl|Ghost\n|move|p1a: Keldeo|Hydro Pump|p2a: Garganacl\n|-damage|p2a: Garganacl|102/291\n|move|p2a: Garganacl|Body Press|p1a: Keldeo\n|-damage|p1a: Keldeo|47/100\n|\n|-heal|p2a: Garganacl|120/291|[from] item: Leftovers\n|upkeep\n|turn|9\n|inactive|Time left: 300 sec this turn | 300 sec total\n|\n|t:|1783546638\n|switch|p2a: Phione|Phione, L91|293/293\n|move|p1a: Keldeo|Hydro Pump|p2a: Phione\n|-resisted|p2a: Phione\n|-damage|p2a: Phione|197/293\n|\n|-heal|p2a: Phione|215/293|[from] item: Leftovers\n|upkeep\n|turn|10\n|inactive|Time left: 300 sec this turn | 300 sec total\n|\n|t:|1783546639\n|move|p1a: Keldeo|Hydro Pump|p2a: Phione\n|-resisted|p2a: Phione\n|-damage|p2a: Phione|111/293\n|move|p2a: Phione|Scald|p1a: Keldeo\n|-resisted|p1a: Keldeo\n|-damage|p1a: Keldeo|30/100\n|-status|p1a: Keldeo|brn\n|\n|-heal|p2a: Phione|129/293|[from] item: Leftovers\n|-damage|p1a: Keldeo|24/100 brn|[from] brn\n|upkeep\n|turn|11\n|inactive|Time left: 300 sec this turn | 300 sec total\n|\n|t:|1783546640\n|move|p1a: Keldeo|Hydro Pump|p2a: Phione\n|-resisted|p2a: Phione\n|-damage|p2a: Phione|37/293\n|move|p2a: Phione|Scald|p1a: Keldeo\n|-resisted|p1a: Keldeo\n|-damage|p1a: Keldeo|7/100 brn\n|\n|-heal|p2a: Phione|55/293|[from] item: Leftovers\n|-damage|p1a: Keldeo|0 fnt|[from] brn\n|faint|p1a: Keldeo\n|upkeep\n|\n|t:|1783546641\n|switch|p1a: Weavile|Weavile, L79, M|100/100\n|turn|12\n|inactive|Time left: 300 sec this turn | 300 sec total\n|\n|t:|1783546642\n|move|p1a: Weavile|Knock Off|p2a: Phione\n|-damage|p2a: Phione|0 fnt\n|-enditem|p2a: Phione|Leftovers|[from] move: Knock Off|[of] p1a: Weavile\n|faint|p2a: Phione\n|\n|upkeep\n|inactive|Time left: 300 sec this turn | 300 sec total | 5 sec grace\n|\n|t:|1783546643\n|switch|p2a: Garganacl|Garganacl, L80, F, tera:Ghost|120/291\n|turn|13\n|inactive|Time left: 300 sec this turn | 300 sec total\n|\n|t:|1783546643\n|-terastallize|p1a: Weavile|Dark\n|move|p1a: Weavile|Knock Off|p2a: Garganacl\n|-supereffective|p2a: Garganacl\n|-damage|p2a: Garganacl|0 fnt\n|-enditem|p2a: Garganacl|Leftovers|[from] move: Knock Off|[of] p1a: Weavile\n|faint|p2a: Garganacl\n|\n|win|p0x648a33f", "uploadtime": 1783546643, "views": 0, "rating": 0, "private": 0, "password": null, "_winner": "p0x648a33f", "_our_name": "p0y6486acd"}