{"id": "battle-gen9randombattle-2192", "formatid": "gen9randombattle", "format": "[Gen 9] Random Battle", "players": ["p0x2192b497", "p0y2192bc25"], "log": "|init|battle\n|title|p0x2192b497 vs. p0y2192bc25\n|j|\u2606p0x2192b497\n|j|\u2606p0y2192bc25\n|t:|1783564496\n|gametype|singles\n|player|p1|p0x2192b497|102|\n|player|p2|p0y2192bc25|1|\n|gen|9\n|tier|[Gen 9] Random Battle\n|rule|Species Clause: Limit one of each Pok\u00e9mon\n|rule|HP Percentage Mod: HP is shown in percentages\n|rule|Sleep Clause Mod: Limit one foe put to sleep\n|rule|Illusion Level Mod: Illusion disguises the Pok\u00e9mon's true level\n|\n|t:|1783564496\n|teamsize|p1|6\n|teamsize|p2|6\n|start\n|switch|p1a: Qwilfish|Qwilfish, L86, F|100/100\n|switch|p2a: Okidogi|Okidogi, L77, M|262/262\n|-ability|p1a: Qwilfish|Intimidate|boost\n|-unboost|p2a: Okidogi|atk|1\n|turn|1\n|inactive|Battle timer is ON: inactive players will automatically lose when time's up. (requested by p0x2192b497)\n|inactive|Time left: 300 sec this turn | 300 sec total | 60 sec grace\n|inactive|p0y2192bc25 also wants the timer to be on.\n|\n|t:|1783564498\n|move|p1a: Qwilfish|Gunk Shot|p2a: Okidogi\n|-resisted|p2a: Okidogi\n|-damage|p2a: Okidogi|207/262\n|move|p2a: Okidogi|Knock Off|p1a: Qwilfish\n|-damage|p1a: Qwilfish|81/100\n|-enditem|p1a: Qwilfish|Leftovers|[from] move: Knock Off|[of] p2a: Okidogi\n|\n|upkeep\n|turn|2\n|inactive|Time left: 300 sec this turn | 300 sec total\n|\n|t:|1783564499\n|move|p1a: Qwilfish|Gunk Shot|p2a: Okidogi\n|-resisted|p2a: Okidogi\n|-damage|p2a: Okidogi|150/262\n|move|p2a: Okidogi|Drain Punch|p1a: Qwilfish\n|-resisted|p1a: Qwilfish\n|-damage|p1a: Qwilfish|70/100\n|-heal|p2a: Okidogi|164/262|[from] drain|[of] p1a: Qwilfish\n|\n|upkeep\n|turn|3\n|inactive|Time left: 300 sec this turn | 300 sec total\n|\n|t:|1783564500\n|switch|p2a: Volcanion|Volcanion, L79|256/256\n|move|p1a: Qwilfish|Toxic Spikes|p2a: Volcanion\n|-sidestart|p2: p0y2192bc25|move: Toxic Spikes\n|\n|upkeep\n|turn|4\n|inactive|Time left: 300 sec this turn | 300 sec total\n|\n|t:|1783564501\n|move|p1a: Qwilfish|Gunk Shot|p2a: Volcanion\n|-damage|p2a: Volcanion|154/256\n|-status|p2a: Volcanion|psn\n|move|p2a: Volcanion|Steam Eruption|p1a: Qwilfish\n|-resisted|p1a: Qwilfish\n|-damage|p1a: Qwilfish|34/100\n|-status|p1a: Qwilfish|brn\n|\n|-damage|p2a: Volcanion|122/256 psn|[from] psn\n|-damage|p1a: Qwilfish|28/100 brn|[from] brn\n|upkeep\n|turn|5\n|inactive|Time left: 300 sec this turn | 300 sec total\n|\n|t:|1783564502\n|switch|p2a: Okidogi|Okidogi, L77, M|164/262\n|-sideend|p2: p0y2192bc25|move: Toxic Spikes|[of] p2a: Okidogi\n|move|p1a: Qwilfish|Toxic Spikes|p2a: Okidogi\n|-sidestart|p2: p0y2192bc25|move: Toxic Spikes\n|\n|-damage|p1a: Qwilfish|22/100 brn|[from] brn\n|upkeep\n|turn|6\n|inactive|Time left: 300 sec this turn | 300 sec total\n|\n|t:|1783564503\n|move|p1a: Qwilfish|Toxic Spikes|p2a: Okidogi\n|-sidestart|p2: p0y2192bc25|move: Toxic Spikes\n|move|p2a: Okidogi|Knock Off|p1a: Qwilfish\n|-damage|p1a: Qwilfish|2/100 brn\n|\n|-damage|p1a: Qwilfish|0 fnt|[from] brn\n|faint|p1a: Qwilfish\n|upkeep\n|\n|t:|1783564504\n|switch|p1a: Flapple|Flapple, L88, F|100/100\n|turn|7\n|inactive|Time left: 300 sec this turn | 300 sec total\n|\n|t:|1783564505\n|move|p1a: Flapple|Outrage|p2a: Okidogi|[miss]\n|-miss|p1a: Flapple|p2a: Okidogi\n|move|p2a: Okidogi|Gunk Shot|p1a: Flapple\n|-supereffective|p1a: Flapple\n|-damage|p1a: Flapple|0 fnt\n|faint|p1a: Flapple\n|\n|upkeep\n|\n|t:|1783564506\n|switch|p1a: Passimian|Passimian, L83, F|100/100\n|turn|8\n|inactive|Time left: 300 sec this turn | 300 sec total\n|\n|t:|1783564507\n|move|p1a: Passimian|Earthquake|p2a: Okidogi\n|-supereffective|p2a: Okidogi\n|-damage|p2a: Okidogi|0 fnt\n|faint|p2a: Okidogi\n|\n|upkeep\n|inactive|Time left: 300 sec this turn | 300 sec total | 5 sec grace\n|\n|t:|1783564508\n|switch|p2a: Pelipper|Pelipper, L86, F|243/243\n|-weather|RainDance|[from] ability: Drizzle|[of] p2a: Pelipper\n|turn|9\n|inactive|Time left: 300 sec this turn | 300 sec total\n|\n|t:|1783564509\n|switch|p1a: Azumarill|Azumarill, L82, F|100/100\n|move|p2a: Pelipper|Hurricane|p1a: Azumarill\n|-damage|p1a: Azumarill|54/100\n|-start|p1a: Azumarill|confusion\n|\n|-weather|RainDance|[upkeep]\n|upkeep\n|turn|10\n|inactive|Time left: 300 sec this turn | 300 sec total\n|\n|t:|1783564510\n|switch|p1a: Carbink|Carbink, L90|100/100\n|move|p2a: Pelipper|Hurricane|p1a: Carbink\n|-resisted|p1a: Carbink\n|-damage|p1a: Carbink|86/100\n|-start|p1a: Carbink|confusion\n|\n|-weather|RainDance|[upkeep]\n|upkeep\n|turn|11\n|inactive|Time left: 300 sec this turn | 300 sec total\n|\n|t:|1783564511\n|move|p2a: Pelipper|Surf|p1a: Carbink\n|-supereffective|p1a: Carbink\n|-damage|p1a: Carbink|12/100\n|-activate|p1a: Carbink|confusion\n|-damage|p1a: Carbink|8/100|[from] confusion\n|\n|-weather|RainDance|[upkeep]\n|upkeep\n|turn|12\n|inactive|Time left: 300 sec this turn | 300 sec total\n|\n|t:|1783564512\n|move|p2a: Pelipper|Hurricane|p1a: Carbink\n|-resisted|p1a: Carbink\n|-crit|p1a: Carbink\n|-damage|p1a: Carbink|0 fnt\n|faint|p1a: Carbink\n|\n|-weather|RainDance|[upkeep]\n|upkeep\n|\n|t:|1783564513\n|switch|p1a: Vivillon|Vivillon-Sandstorm, L83, M|100/100\n|turn|13\n|inactive|Time left: 300 sec this turn | 300 sec total\n|\n|t:|1783564514\n|move|p1a: Vivillon|Sleep Powder|p2a: Pelipper\n|-status|p2a: Pelipper|slp|[from] move: Sleep Powder\n|cant|p2a: Pelipper|slp\n|\n|-weather|none\n|upkeep\n|turn|14\n|inactive|Time left: 300 sec this turn | 300 sec total\n|\n|t:|1783564515\n|move|p1a: Vivillon|Quiver Dance|p1a: Vivillon\n|-boost|p1a: Vivillon|spa|1\n|-boost|p1a: Vivillon|spd|1\n|-boost|p1a: Vivillon|spe|1\n|-curestatus|p2a: Pelipper|slp|[msg]\n|move|p2a: Pelipper|Hurricane|p1a: Vivillon|[miss]\n|-miss|p2a: Pelipper|p1a: Vivillon\n|\n|upkeep\n|turn|15\n|inactive|Time left: 300 sec this turn | 300 sec total\n|\n|t:|1783564516\n|move|p1a: Vivillon|Quiver Dance|p1a: Vivillon\n|-boost|p1a: Vivillon|spa|1\n|-boost|p1a: Vivillon|spd|1\n|-boost|p1a: Vivillon|spe|1\n|move|p2a: Pelipper|Hurricane|p1a: Vivillon\n|-supereffective|p1a: Vivillon\n|-damage|p1a: Vivillon|33/100\n|\n|upkeep\n|turn|16\n|inactive|Time left: 300 sec this turn | 300 sec total\n|\n|t:|1783564517\n|move|p1a: Vivillon|Hurricane|p2a: Pelipper\n|-damage|p2a: Pelipper|0 fnt\n|faint|p2a: Pelipper\n|\n|upkeep\n|inactive|Time left: 300 sec this turn | 300 sec total | 5 sec grace\n|\n|t:|1783564518\n|switch|p2a: Greedent|Greedent, L86, M|347/347\n|-status|p2a: Greedent|tox\n|turn|17\n|inactive|Time left: 300 sec this turn | 300 sec total\n|\n|t:|1783564519\n|move|p1a: Vivillon|Hurricane|p2a: Greedent\n|-damage|p2a: Greedent|98/347 tox\n|-enditem|p2a: Greedent|Sitrus Berry|[eat]\n|-heal|p2a: Greedent|184/347 tox|[from] item: Sitrus Berry\n|-heal|p2a: Greedent|299/347 tox|[from] ability: Cheek Pouch\n|move|p2a: Greedent|Body Slam|p1a: Vivillon\n|-damage|p1a: Vivillon|0 fnt\n|faint|p1a: Vivillon\n|\n|-damage|p2a: Greedent|278/347 tox|[from] psn\n|upkeep\n|\n|t:|1783564520\n|switch|p1a: Passimian|Passimian, L83, F|100/100\n|turn|18\n|inactive|Time left: 300 sec this turn | 300 sec total\n|\n|t:|1783564521\n|move|p1a: Passimian|Close Combat|p2a: Greedent\n|-supereffective|p2a: Greedent\n|-damage|p2a: Greedent|0 fnt\n|-unboost|p1a: Passimian|def|1\n|-unboost|p1a: Passimian|spd|1\n|faint|p2a: Greedent\n|\n|upkeep\n|inactive|Time left: 300 sec this turn | 300 sec total | 5 sec grace\n|\n|t:|1783564522\n|switch|p2a: Iron Leaves|Iron Leaves, L80|275/275\n|-status|p2a: Iron Leaves|tox\n|turn|19\n|inactive|Time left: 300 sec this turn | 300 sec total\n|\n|t:|1783564523\n|switch|p1a: Azumarill|Azumarill, L82, F|54/100\n|move|p2a: Iron Leaves|Swords Dance|p2a: Iron Leaves\n|-boost|p2a: Iron Leaves|atk|2\n|\n|-damage|p2a: Iron Leaves|258/275 tox|[from] psn\n|upkeep\n|turn|20\n|inactive|Time left: 300 sec this turn | 300 sec total\n|\n|t:|1783564524\n|move|p2a: Iron Leaves|Psyblade|p1a: Azumarill\n|-damage|p1a: Azumarill|0 fnt\n|faint|p1a: Azumarill\n|-damage|p2a: Iron Leaves|231/275 tox|[from] item: Life Orb\n|\n|-damage|p2a: Iron Leaves|197/275 tox|[from] psn\n|upkeep\n|\n|t:|1783564524\n|switch|p1a: Passimian|Passimian, L83, F|100/100\n|turn|21\n|inactive|Time left: 300 sec this turn | 300 sec total\n|\n|t:|1783564525\n|-terastallize|p2a: Iron Leaves|Fighting\n|move|p2a: Iron Leaves|Psyblade|p1a: Passimian\n|-supereffective|p1a: Passimian\n|-crit|p1a: Passimian\n|-damage|p1a: Passimian|0 fnt\n|faint|p1a: Passimian\n|-damage|p2a: Iron Leaves|170/275 tox|[from] item: Life Orb\n|\n|win|p0y2192bc25", "uploadtime": 1783564525, "views": 0, "rating": 0, "private": 0, "password": null, "_winner": "p0y2192bc25", "_our_name": "p0y2192bc25"}