{"id": "battle-gen9randombattle-875", "formatid": "gen9randombattle", "format": "[Gen 9] Random Battle", "players": ["p0x875b433", "p0y875c566"], "log": "|init|battle\n|title|p0x875b433 vs. p0y875c566\n|j|\u2606p0x875b433\n|j|\u2606p0y875c566\n|t:|1783549271\n|gametype|singles\n|player|p1|p0x875b433|265|\n|player|p2|p0y875c566|169|\n|gen|9\n|tier|[Gen 9] Random Battle\n|rule|Species Clause: Limit one of each Pok\u00e9mon\n|rule|HP Percentage Mod: HP is shown in percentages\n|rule|Sleep Clause Mod: Limit one foe put to sleep\n|rule|Illusion Level Mod: Illusion disguises the Pok\u00e9mon's true level\n|\n|t:|1783549271\n|teamsize|p1|6\n|teamsize|p2|6\n|start\n|switch|p1a: Giratina|Giratina-Origin, L72|335/335\n|switch|p2a: Muk|Muk, L86, F|100/100\n|turn|1\n|inactive|Battle timer is ON: inactive players will automatically lose when time's up. (requested by p0x875b433)\n|\n|t:|1783549272\n|move|p1a: Giratina|Will-O-Wisp|p2a: Muk\n|-status|p2a: Muk|brn\n|move|p2a: Muk|Ice Punch|p1a: Giratina\n|-supereffective|p1a: Giratina\n|-damage|p1a: Giratina|274/335\n|\n|-damage|p2a: Muk|94/100 brn|[from] brn\n|upkeep\n|turn|2\n|inactive|Time left: 300 sec this turn | 300 sec total\n|inactive|p0y875c566 also wants the timer to be on.\n|\n|t:|1783549273\n|switch|p1a: Bastiodon|Bastiodon, L89, M|252/252\n|move|p2a: Muk|Gunk Shot|p1a: Bastiodon\n|-immune|p1a: Bastiodon\n|\n|-damage|p2a: Muk|88/100 brn|[from] brn\n|upkeep\n|turn|3\n|inactive|Time left: 300 sec this turn | 300 sec total\n|\n|t:|1783549275\n|move|p2a: Muk|Knock Off|p1a: Bastiodon\n|-damage|p1a: Bastiodon|232/252\n|-enditem|p1a: Bastiodon|Chesto Berry|[from] move: Knock Off|[of] p2a: Muk\n|move|p1a: Bastiodon|Iron Defense|p1a: Bastiodon\n|-boost|p1a: Bastiodon|def|2\n|\n|-damage|p2a: Muk|82/100 brn|[from] brn\n|upkeep\n|turn|4\n|inactive|Time left: 300 sec this turn | 300 sec total\n|\n|t:|1783549276\n|move|p2a: Muk|Drain Punch|p1a: Bastiodon\n|-supereffective|p1a: Bastiodon\n|-damage|p1a: Bastiodon|198/252\n|-heal|p2a: Muk|87/100 brn|[from] drain|[of] p1a: Bastiodon\n|move|p1a: Bastiodon|Body Press|p2a: Muk\n|-resisted|p2a: Muk\n|-damage|p2a: Muk|52/100 brn\n|\n|-damage|p2a: Muk|46/100 brn|[from] brn\n|upkeep\n|turn|5\n|inactive|Time left: 300 sec this turn | 300 sec total\n|\n|t:|1783549277\n|move|p2a: Muk|Knock Off|p1a: Bastiodon\n|-damage|p1a: Bastiodon|190/252\n|move|p1a: Bastiodon|Body Press|p2a: Muk\n|-resisted|p2a: Muk\n|-damage|p2a: Muk|15/100 brn\n|\n|-damage|p2a: Muk|9/100 brn|[from] brn\n|upkeep\n|turn|6\n|inactive|Time left: 300 sec this turn | 300 sec total\n|\n|t:|1783549279\n|switch|p2a: Granbull|Granbull, L88, F|100/100\n|-ability|p2a: Granbull|Intimidate|boost\n|-unboost|p1a: Bastiodon|atk|1\n|move|p1a: Bastiodon|Body Press|p2a: Granbull\n|-resisted|p2a: Granbull\n|-damage|p2a: Granbull|63/100\n|\n|-heal|p2a: Granbull|69/100|[from] item: Leftovers\n|upkeep\n|turn|7\n|inactive|Time left: 300 sec this turn | 300 sec total\n|\n|t:|1783549280\n|move|p2a: Granbull|Thunder Wave|p1a: Bastiodon\n|-status|p1a: Bastiodon|par\n|move|p1a: Bastiodon|Body Press|p2a: Granbull\n|-resisted|p2a: Granbull\n|-damage|p2a: Granbull|33/100\n|\n|-heal|p2a: Granbull|39/100|[from] item: Leftovers\n|upkeep\n|turn|8\n|inactive|Time left: 300 sec this turn | 300 sec total\n|\n|t:|1783549281\n|move|p2a: Granbull|Play Rough|p1a: Bastiodon\n|-resisted|p1a: Bastiodon\n|-damage|p1a: Bastiodon|173/252 par\n|move|p1a: Bastiodon|Body Press|p2a: Granbull\n|-resisted|p2a: Granbull\n|-damage|p2a: Granbull|2/100\n|\n|-heal|p2a: Granbull|8/100|[from] item: Leftovers\n|upkeep\n|turn|9\n|inactive|Time left: 300 sec this turn | 300 sec total\n|\n|t:|1783549282\n|move|p2a: Granbull|Earthquake|p1a: Bastiodon\n|-supereffective|p1a: Bastiodon\n|-damage|p1a: Bastiodon|77/252 par\n|move|p1a: Bastiodon|Body Press|p2a: Granbull\n|-resisted|p2a: Granbull\n|-damage|p2a: Granbull|0 fnt\n|faint|p2a: Granbull\n|\n|upkeep\n|\n|t:|1783549283\n|switch|p2a: Primarina|Primarina, L83, M|100/100\n|turn|10\n|inactive|Time left: 300 sec this turn | 300 sec total\n|\n|t:|1783549285\n|move|p2a: Primarina|Calm Mind|p2a: Primarina\n|-boost|p2a: Primarina|spa|1\n|-boost|p2a: Primarina|spd|1\n|move|p1a: Bastiodon|Rest|p1a: Bastiodon\n|-status|p1a: Bastiodon|slp|[from] move: Rest\n|-heal|p1a: Bastiodon|252/252 slp|[silent]\n|\n|upkeep\n|turn|11\n|inactive|Time left: 300 sec this turn | 300 sec total\n|\n|t:|1783549286\n|move|p2a: Primarina|Moonblast|p1a: Bastiodon\n|-resisted|p1a: Bastiodon\n|-damage|p1a: Bastiodon|195/252 slp\n|cant|p1a: Bastiodon|slp\n|\n|upkeep\n|turn|12\n|inactive|Time left: 300 sec this turn | 300 sec total\n|\n|t:|1783549287\n|move|p2a: Primarina|Moonblast|p1a: Bastiodon\n|-resisted|p1a: Bastiodon\n|-damage|p1a: Bastiodon|135/252 slp\n|cant|p1a: Bastiodon|slp\n|\n|upkeep\n|turn|13\n|inactive|Time left: 300 sec this turn | 300 sec total\n|\n|t:|1783549288\n|move|p2a: Primarina|Calm Mind|p2a: Primarina\n|-boost|p2a: Primarina|spa|1\n|-boost|p2a: Primarina|spd|1\n|-curestatus|p1a: Bastiodon|slp|[msg]\n|move|p1a: Bastiodon|Body Press|p2a: Primarina\n|-resisted|p2a: Primarina\n|-damage|p2a: Primarina|62/100\n|\n|-heal|p2a: Primarina|68/100|[from] item: Leftovers\n|upkeep\n|turn|14\n|inactive|Time left: 300 sec this turn | 300 sec total\n|\n|t:|1783549289\n|move|p2a: Primarina|Moonblast|p1a: Bastiodon\n|-resisted|p1a: Bastiodon\n|-damage|p1a: Bastiodon|51/252\n|-unboost|p1a: Bastiodon|spa|1\n|move|p1a: Bastiodon|Body Press|p2a: Primarina\n|-resisted|p2a: Primarina\n|-damage|p2a: Primarina|26/100\n|\n|-heal|p2a: Primarina|32/100|[from] item: Leftovers\n|upkeep\n|turn|15\n|inactive|Time left: 300 sec this turn | 300 sec total\n|\n|t:|1783549290\n|move|p2a: Primarina|Moonblast|p1a: Bastiodon\n|-resisted|p1a: Bastiodon\n|-damage|p1a: Bastiodon|0 fnt\n|faint|p1a: Bastiodon\n|\n|-heal|p2a: Primarina|38/100|[from] item: Leftovers\n|upkeep\n|inactive|Time left: 300 sec this turn | 300 sec total | 5 sec grace\n|\n|t:|1783549291\n|switch|p1a: Giratina|Giratina-Origin, L72|274/335\n|turn|16\n|inactive|Time left: 300 sec this turn | 300 sec total\n|\n|t:|1783549292\n|switch|p2a: Umbreon|Umbreon, L84, F|100/100\n|move|p1a: Giratina|Poltergeist|p2a: Umbreon\n|-activate|p2a: Umbreon|move: Poltergeist|Leftovers\n|-resisted|p2a: Umbreon\n|-crit|p2a: Umbreon\n|-damage|p2a: Umbreon|73/100\n|\n|-heal|p2a: Umbreon|79/100|[from] item: Leftovers\n|upkeep\n|turn|17\n|inactive|Time left: 300 sec this turn | 300 sec total\n|\n|t:|1783549293\n|switch|p1a: Hatterene|Hatterene, L85, F|236/236\n|move|p2a: Umbreon|Toxic|p1a: Hatterene\n|move|p1a: Hatterene|Toxic|p2a: Umbreon|[from] ability: Magic Bounce\n|-status|p2a: Umbreon|tox\n|-activate|p2a: Umbreon|ability: Synchronize\n|-status|p1a: Hatterene|tox\n|\n|-heal|p2a: Umbreon|85/100 tox|[from] item: Leftovers\n|-damage|p2a: Umbreon|79/100 tox|[from] psn\n|-damage|p1a: Hatterene|222/236 tox|[from] psn\n|upkeep\n|turn|18\n|inactive|Time left: 300 sec this turn | 300 sec total\n|\n|t:|1783549294\n|switch|p2a: Primarina|Primarina, L83, M|38/100\n|move|p1a: Hatterene|Calm Mind|p1a: Hatterene\n|-boost|p1a: Hatterene|spa|1\n|-boost|p1a: Hatterene|spd|1\n|\n|-heal|p2a: Primarina|44/100|[from] item: Leftovers\n|-heal|p1a: Hatterene|236/236 tox|[from] item: Leftovers\n|-damage|p1a: Hatterene|208/236 tox|[from] psn\n|upkeep\n|turn|19\n|inactive|Time left: 300 sec this turn | 300 sec total\n|\n|t:|1783549295\n|move|p2a: Primarina|Calm Mind|p2a: Primarina\n|-boost|p2a: Primarina|spa|1\n|-boost|p2a: Primarina|spd|1\n|move|p1a: Hatterene|Psyshock|p2a: Primarina\n|-damage|p2a: Primarina|0 fnt\n|faint|p2a: Primarina\n|\n|-heal|p1a: Hatterene|222/236 tox|[from] item: Leftovers\n|-damage|p1a: Hatterene|180/236 tox|[from] psn\n|upkeep\n|\n|t:|1783549296\n|switch|p2a: Muk|Muk, L86, F|9/100 brn\n|turn|20\n|inactive|Time left: 300 sec this turn | 300 sec total\n|\n|t:|1783549297\n|move|p2a: Muk|Gunk Shot|p1a: Hatterene\n|-supereffective|p1a: Hatterene\n|-damage|p1a: Hatterene|51/236 tox\n|move|p1a: Hatterene|Draining Kiss|p2a: Muk\n|-resisted|p2a: Muk\n|-damage|p2a: Muk|0 fnt\n|-heal|p1a: Hatterene|71/236 tox|[from] drain|[of] p2a: Muk\n|faint|p2a: Muk\n|\n|-heal|p1a: Hatterene|85/236 tox|[from] item: Leftovers\n|-damage|p1a: Hatterene|29/236 tox|[from] psn\n|upkeep\n|\n|t:|1783549298\n|switch|p2a: Delibird|Delibird, F|100/100\n|turn|21\n|inactive|Time left: 300 sec this turn | 300 sec total\n|\n|t:|1783549299\n|move|p2a: Delibird|Brave Bird|p1a: Hatterene\n|-damage|p1a: Hatterene|0 fnt\n|faint|p1a: Hatterene\n|-damage|p2a: Delibird|97/100|[from] Recoil\n|\n|upkeep\n|inactive|Time left: 300 sec this turn | 300 sec total | 5 sec grace\n|\n|t:|1783549300\n|switch|p1a: Inteleon|Inteleon, L81, F|246/246\n|turn|22\n|inactive|Time left: 300 sec this turn | 300 sec total\n|\n|t:|1783549300\n|switch|p2a: Umbreon|Umbreon, L84, F|79/100 tox\n|move|p1a: Inteleon|Hydro Pump|p2a: Umbreon\n|-damage|p2a: Umbreon|31/100 tox\n|\n|-heal|p2a: Umbreon|38/100 tox|[from] item: Leftovers\n|-damage|p2a: Umbreon|31/100 tox|[from] psn\n|upkeep\n|turn|23\n|inactive|Time left: 300 sec this turn | 300 sec total\n|\n|t:|1783549301\n|move|p1a: Inteleon|Hydro Pump|p2a: Umbreon\n|-damage|p2a: Umbreon|0 fnt\n|faint|p2a: Umbreon\n|\n|upkeep\n|\n|t:|1783549302\n|switch|p2a: Rabsca|Rabsca, L91, F|100/100\n|turn|24\n|inactive|Time left: 300 sec this turn | 300 sec total\n|\n|t:|1783549303\n|move|p1a: Inteleon|Hydro Pump|p2a: Rabsca\n|-damage|p2a: Rabsca|45/100\n|move|p2a: Rabsca|Bug Buzz|p1a: Inteleon\n|-damage|p1a: Inteleon|90/246\n|\n|upkeep\n|turn|25\n|inactive|Time left: 300 sec this turn | 300 sec total\n|\n|t:|1783549304\n|move|p1a: Inteleon|Hydro Pump|p2a: Rabsca\n|-crit|p2a: Rabsca\n|-damage|p2a: Rabsca|0 fnt\n|faint|p2a: Rabsca\n|\n|upkeep\n|\n|t:|1783549305\n|switch|p2a: Delibird|Delibird, F|97/100\n|turn|26\n|inactive|Time left: 300 sec this turn | 300 sec total\n|\n|t:|1783549305\n|move|p1a: Inteleon|Hydro Pump|p2a: Delibird\n|-damage|p2a: Delibird|0 fnt\n|faint|p2a: Delibird\n|\n|win|p0x875b433", "uploadtime": 1783549305, "views": 0, "rating": 0, "private": 0, "password": null, "_winner": "p0x875b433", "_our_name": "p0x875b433"}