{"id": "battle-gen9randombattle-1795", "formatid": "gen9randombattle", "format": "[Gen 9] Random Battle", "players": ["p0x17958117", "p0y1795e9aa"], "log": "|init|battle\n|title|p0x17958117 vs. p0y1795e9aa\n|j|\u2606p0x17958117\n|j|\u2606p0y1795e9aa\n|t:|1783560032\n|gametype|singles\n|player|p1|p0x17958117|169|\n|player|p2|p0y1795e9aa|102|\n|gen|9\n|tier|[Gen 9] Random Battle\n|rule|Species Clause: Limit one of each Pok\u00e9mon\n|rule|HP Percentage Mod: HP is shown in percentages\n|rule|Sleep Clause Mod: Limit one foe put to sleep\n|rule|Illusion Level Mod: Illusion disguises the Pok\u00e9mon's true level\n|\n|t:|1783560032\n|teamsize|p1|6\n|teamsize|p2|6\n|start\n|switch|p1a: Girafarig|Girafarig, L89, F|269/269\n|switch|p2a: Lokix|Lokix, L82, M|100/100\n|turn|1\n|inactive|Battle timer is ON: inactive players will automatically lose when time's up. (requested by p0y1795e9aa)\n|inactive|Time left: 300 sec this turn | 300 sec total | 60 sec grace\n|\n|t:|1783560033\n|move|p1a: Girafarig|Nasty Plot|p1a: Girafarig\n|-boost|p1a: Girafarig|spa|2\n|move|p2a: Lokix|Knock Off|p1a: Girafarig\n|-supereffective|p1a: Girafarig\n|-damage|p1a: Girafarig|66/269\n|-enditem|p1a: Girafarig|Eviolite|[from] move: Knock Off|[of] p2a: Lokix\n|-damage|p2a: Lokix|91/100|[from] item: Life Orb\n|\n|upkeep\n|turn|2\n|inactive|Time left: 300 sec this turn | 300 sec total\n|inactive|p0x17958117 also wants the timer to be on.\n|\n|t:|1783560034\n|move|p2a: Lokix|Sucker Punch|p1a: Girafarig\n|-supereffective|p1a: Girafarig\n|-damage|p1a: Girafarig|0 fnt\n|faint|p1a: Girafarig\n|-damage|p2a: Lokix|81/100|[from] item: Life Orb\n|\n|upkeep\n|inactive|Time left: 300 sec this turn | 300 sec total | 5 sec grace\n|\n|t:|1783560035\n|switch|p1a: Samurott|Samurott, L88, F|310/310\n|turn|3\n|inactive|Time left: 300 sec this turn | 300 sec total\n|\n|t:|1783560036\n|move|p2a: Lokix|Knock Off|p1a: Samurott\n|-damage|p1a: Samurott|172/310\n|-enditem|p1a: Samurott|Life Orb|[from] move: Knock Off|[of] p2a: Lokix\n|-damage|p2a: Lokix|71/100|[from] item: Life Orb\n|move|p1a: Samurott|Swords Dance|p1a: Samurott\n|-boost|p1a: Samurott|atk|2\n|\n|upkeep\n|turn|4\n|inactive|Time left: 300 sec this turn | 300 sec total\n|\n|t:|1783560037\n|switch|p2a: Toxicroak|Toxicroak, L84, M|100/100\n|move|p1a: Samurott|Liquidation|p2a: Toxicroak\n|-immune|p2a: Toxicroak|[from] ability: Dry Skin\n|\n|upkeep\n|turn|5\n|inactive|Time left: 300 sec this turn | 300 sec total\n|\n|t:|1783560038\n|move|p2a: Toxicroak|Gunk Shot|p1a: Samurott|[miss]\n|-miss|p2a: Toxicroak|p1a: Samurott\n|move|p1a: Samurott|Knock Off|p2a: Toxicroak\n|-resisted|p2a: Toxicroak\n|-damage|p2a: Toxicroak|65/100\n|-enditem|p2a: Toxicroak|Life Orb|[from] move: Knock Off|[of] p1a: Samurott\n|\n|upkeep\n|turn|6\n|inactive|Time left: 300 sec this turn | 300 sec total\n|\n|t:|1783560039\n|move|p2a: Toxicroak|Swords Dance|p2a: Toxicroak\n|-boost|p2a: Toxicroak|atk|2\n|move|p1a: Samurott|Knock Off|p2a: Toxicroak\n|-resisted|p2a: Toxicroak\n|-damage|p2a: Toxicroak|42/100\n|\n|upkeep\n|turn|7\n|inactive|Time left: 300 sec this turn | 300 sec total\n|\n|t:|1783560040\n|switch|p1a: Munkidori|Munkidori, L79, M|269/269\n|move|p2a: Toxicroak|Close Combat|p1a: Munkidori\n|-resisted|p1a: Munkidori\n|-damage|p1a: Munkidori|180/269\n|-unboost|p2a: Toxicroak|def|1\n|-unboost|p2a: Toxicroak|spd|1\n|\n|upkeep\n|turn|8\n|inactive|Time left: 300 sec this turn | 300 sec total\n|\n|t:|1783560041\n|move|p2a: Toxicroak|Sucker Punch|p1a: Munkidori\n|-supereffective|p1a: Munkidori\n|-damage|p1a: Munkidori|0 fnt\n|faint|p1a: Munkidori\n|\n|upkeep\n|inactive|Time left: 300 sec this turn | 300 sec total | 5 sec grace\n|\n|t:|1783560042\n|switch|p1a: Toxicroak|Toxicroak, L84, F|277/277\n|turn|9\n|inactive|Time left: 300 sec this turn | 300 sec total\n|\n|t:|1783560043\n|move|p1a: Toxicroak|Earthquake|p2a: Toxicroak\n|-supereffective|p2a: Toxicroak\n|-damage|p2a: Toxicroak|0 fnt\n|faint|p2a: Toxicroak\n|-damage|p1a: Toxicroak|250/277|[from] item: Life Orb\n|\n|upkeep\n|\n|t:|1783560044\n|switch|p2a: Glastrier|Glastrier, L86|100/100\n|turn|10\n|inactive|Time left: 300 sec this turn | 300 sec total\n|\n|t:|1783560045\n|switch|p1a: Samurott|Samurott, L88, F|172/310\n|move|p2a: Glastrier|High Horsepower|p1a: Samurott\n|-damage|p1a: Samurott|41/310\n|\n|upkeep\n|turn|11\n|inactive|Time left: 300 sec this turn | 300 sec total\n|\n|t:|1783560046\n|move|p1a: Samurott|Liquidation|p2a: Glastrier\n|-damage|p2a: Glastrier|65/100\n|move|p2a: Glastrier|High Horsepower|p1a: Samurott\n|-damage|p1a: Samurott|0 fnt\n|faint|p1a: Samurott\n|-ability|p2a: Glastrier|Chilling Neigh|boost\n|-boost|p2a: Glastrier|atk|1\n|\n|upkeep\n|inactive|Time left: 300 sec this turn | 300 sec total | 5 sec grace\n|\n|t:|1783560047\n|switch|p1a: Toxicroak|Toxicroak, L84, F|250/277\n|turn|12\n|inactive|Time left: 300 sec this turn | 300 sec total\n|\n|t:|1783560048\n|switch|p2a: Granbull|Granbull, L88, F|100/100\n|-ability|p2a: Granbull|Intimidate|boost\n|-unboost|p1a: Toxicroak|atk|1\n|move|p1a: Toxicroak|Close Combat|p2a: Granbull\n|-resisted|p2a: Granbull\n|-damage|p2a: Granbull|79/100\n|-unboost|p1a: Toxicroak|def|1\n|-unboost|p1a: Toxicroak|spd|1\n|-damage|p1a: Toxicroak|223/277|[from] item: Life Orb\n|\n|-heal|p2a: Granbull|85/100|[from] item: Leftovers\n|upkeep\n|turn|13\n|inactive|Time left: 300 sec this turn | 300 sec total\n|\n|t:|1783560049\n|switch|p1a: Noctowl|Noctowl, L95, M|344/344\n|move|p2a: Granbull|Play Rough|p1a: Noctowl\n|-damage|p1a: Noctowl|175/344\n|\n|-heal|p2a: Granbull|91/100|[from] item: Leftovers\n|upkeep\n|turn|14\n|inactive|Time left: 300 sec this turn | 300 sec total\n|\n|t:|1783560050\n|switch|p2a: Glastrier|Glastrier, L86|65/100\n|move|p1a: Noctowl|Hurricane|p2a: Glastrier\n|-damage|p2a: Glastrier|29/100\n|\n|upkeep\n|turn|15\n|inactive|Time left: 300 sec this turn | 300 sec total\n|\n|t:|1783560051\n|move|p1a: Noctowl|Hurricane|p2a: Glastrier\n|-damage|p2a: Glastrier|0 fnt\n|faint|p2a: Glastrier\n|\n|upkeep\n|\n|t:|1783560052\n|switch|p2a: Lokix|Lokix, L82, M|71/100\n|turn|16\n|inactive|Time left: 300 sec this turn | 300 sec total\n|\n|t:|1783560053\n|-terastallize|p2a: Lokix|Bug\n|move|p2a: Lokix|Leech Life|p1a: Noctowl\n|-resisted|p1a: Noctowl\n|-damage|p1a: Noctowl|0 fnt\n|-heal|p2a: Lokix|100/100|[from] drain|[of] p1a: Noctowl\n|faint|p1a: Noctowl\n|-damage|p2a: Lokix|91/100|[from] item: Life Orb\n|\n|upkeep\n|inactive|Time left: 300 sec this turn | 300 sec total | 5 sec grace\n|\n|t:|1783560054\n|switch|p1a: Bombirdier|Bombirdier, L85, M|258/258\n|turn|17\n|inactive|Time left: 300 sec this turn | 300 sec total\n|\n|t:|1783560055\n|switch|p2a: Granbull|Granbull, L88, F|91/100\n|-ability|p2a: Granbull|Intimidate|boost\n|-unboost|p1a: Bombirdier|atk|1\n|move|p1a: Bombirdier|Brave Bird|p2a: Granbull\n|-damage|p2a: Granbull|57/100\n|-damage|p1a: Bombirdier|224/258|[from] Recoil\n|\n|-heal|p2a: Granbull|63/100|[from] item: Leftovers\n|upkeep\n|turn|18\n|inactive|Time left: 300 sec this turn | 300 sec total\n|\n|t:|1783560056\n|move|p1a: Bombirdier|Knock Off|p2a: Granbull\n|-resisted|p2a: Granbull\n|-damage|p2a: Granbull|49/100\n|-enditem|p2a: Granbull|Leftovers|[from] move: Knock Off|[of] p1a: Bombirdier\n|move|p2a: Granbull|Play Rough|p1a: Bombirdier\n|-supereffective|p1a: Bombirdier\n|-damage|p1a: Bombirdier|0 fnt\n|faint|p1a: Bombirdier\n|\n|upkeep\n|inactive|Time left: 300 sec this turn | 300 sec total | 5 sec grace\n|\n|t:|1783560057\n|switch|p1a: Toxicroak|Toxicroak, L84, F|223/277\n|turn|19\n|inactive|Time left: 300 sec this turn | 300 sec total\n|\n|t:|1783560058\n|-terastallize|p1a: Toxicroak|Ground\n|move|p1a: Toxicroak|Swords Dance|p1a: Toxicroak\n|-boost|p1a: Toxicroak|atk|2\n|move|p2a: Granbull|Earthquake|p1a: Toxicroak\n|-damage|p1a: Toxicroak|110/277\n|\n|upkeep\n|turn|20\n|inactive|Time left: 300 sec this turn | 300 sec total\n|\n|t:|1783560059\n|move|p1a: Toxicroak|Gunk Shot|p2a: Granbull\n|-supereffective|p2a: Granbull\n|-damage|p2a: Granbull|0 fnt\n|faint|p2a: Granbull\n|-damage|p1a: Toxicroak|83/277|[from] item: Life Orb\n|\n|upkeep\n|\n|t:|1783560060\n|switch|p2a: Lokix|Lokix, L82, M, tera:Bug|91/100\n|turn|21\n|inactive|Time left: 300 sec this turn | 300 sec total\n|\n|t:|1783560061\n|move|p2a: Lokix|Knock Off|p1a: Toxicroak\n|-damage|p1a: Toxicroak|0 fnt\n|-enditem|p1a: Toxicroak|Life Orb|[from] move: Knock Off|[of] p2a: Lokix\n|faint|p1a: Toxicroak\n|-damage|p2a: Lokix|81/100|[from] item: Life Orb\n|\n|win|p0y1795e9aa", "uploadtime": 1783560061, "views": 0, "rating": 0, "private": 0, "password": null, "_winner": "p0y1795e9aa", "_our_name": "p0x17958117"}