{"id": "battle-gen9randombattle-182", "formatid": "gen9randombattle", "format": "[Gen 9] Random Battle", "players": ["p0x182c38f", "p0y1826374"], "log": "|init|battle\n|title|p0x182c38f vs. p0y1826374\n|j|\u2606p0x182c38f\n|j|\u2606p0y1826374\n|t:|1783541682\n|gametype|singles\n|player|p1|p0x182c38f|266|\n|player|p2|p0y1826374|101|\n|gen|9\n|tier|[Gen 9] Random Battle\n|rule|Species Clause: Limit one of each Pok\u00e9mon\n|rule|HP Percentage Mod: HP is shown in percentages\n|rule|Sleep Clause Mod: Limit one foe put to sleep\n|rule|Illusion Level Mod: Illusion disguises the Pok\u00e9mon's true level\n|\n|t:|1783541682\n|teamsize|p1|6\n|teamsize|p2|6\n|start\n|switch|p1a: Decidueye|Decidueye-Hisui, L87, F|100/100\n|switch|p2a: Sudowoodo|Sudowoodo, L94, M|284/284\n|turn|1\n|inactive|Battle timer is ON: inactive players will automatically lose when time's up. (requested by p0x182c38f)\n|inactive|Time left: 300 sec this turn | 300 sec total | 60 sec grace\n|inactive|p0y1826374 also wants the timer to be on.\n|\n|t:|1783541683\n|move|p1a: Decidueye|Triple Arrows|p2a: Sudowoodo\n|-supereffective|p2a: Sudowoodo\n|-damage|p2a: Sudowoodo|108/284\n|-unboost|p2a: Sudowoodo|def|1\n|move|p2a: Sudowoodo|Stealth Rock|p1a: Decidueye\n|-sidestart|p1: p0x182c38f|move: Stealth Rock\n|\n|-heal|p2a: Sudowoodo|125/284|[from] item: Leftovers\n|upkeep\n|turn|2\n|inactive|Time left: 300 sec this turn | 300 sec total\n|\n|t:|1783541685\n|switch|p2a: Calyrex|Calyrex, L93|337/337\n|-ability|p2a: Calyrex|Unnerve\n|move|p1a: Decidueye|Triple Arrows|p2a: Calyrex\n|-resisted|p2a: Calyrex\n|-damage|p2a: Calyrex|277/337\n|\n|-heal|p2a: Calyrex|298/337|[from] item: Leftovers\n|upkeep\n|turn|3\n|inactive|Time left: 300 sec this turn | 300 sec total\n|\n|t:|1783541686\n|move|p2a: Calyrex|Calm Mind|p2a: Calyrex\n|-boost|p2a: Calyrex|spa|1\n|-boost|p2a: Calyrex|spd|1\n|move|p1a: Decidueye|Knock Off|p2a: Calyrex\n|-supereffective|p2a: Calyrex\n|-crit|p2a: Calyrex\n|-damage|p2a: Calyrex|66/337\n|-enditem|p2a: Calyrex|Leftovers|[from] move: Knock Off|[of] p1a: Decidueye\n|\n|upkeep\n|turn|4\n|inactive|Time left: 300 sec this turn | 300 sec total\n|\n|t:|1783541687\n|move|p2a: Calyrex|Psyshock|p1a: Decidueye\n|-supereffective|p1a: Decidueye\n|-damage|p1a: Decidueye|6/100\n|move|p1a: Decidueye|Knock Off|p2a: Calyrex\n|-supereffective|p2a: Calyrex\n|-crit|p2a: Calyrex\n|-damage|p2a: Calyrex|0 fnt\n|faint|p2a: Calyrex\n|\n|-heal|p1a: Decidueye|12/100|[from] item: Leftovers\n|upkeep\n|inactive|Time left: 300 sec this turn | 300 sec total | 5 sec grace\n|\n|t:|1783541688\n|switch|p2a: Zangoose|Zangoose, L85, M|263/263\n|turn|5\n|inactive|Time left: 300 sec this turn | 300 sec total\n|\n|t:|1783541689\n|move|p2a: Zangoose|Knock Off|p1a: Decidueye\n|-resisted|p1a: Decidueye\n|-damage|p1a: Decidueye|0 fnt\n|-enditem|p1a: Decidueye|Leftovers|[from] move: Knock Off|[of] p2a: Zangoose\n|faint|p1a: Decidueye\n|\n|-status|p2a: Zangoose|tox|[from] item: Toxic Orb\n|upkeep\n|\n|t:|1783541690\n|switch|p1a: Arceus|Arceus-Ground, L70|100/100\n|-damage|p1a: Arceus|95/100|[from] Stealth Rock\n|turn|6\n|inactive|Time left: 300 sec this turn | 300 sec total\n|\n|t:|1783541692\n|move|p1a: Arceus|Earthquake|p2a: Zangoose\n|-damage|p2a: Zangoose|128/263 tox\n|move|p2a: Zangoose|Facade|p1a: Arceus\n|-damage|p1a: Arceus|5/100\n|\n|-damage|p2a: Zangoose|112/263 tox|[from] psn\n|upkeep\n|turn|7\n|inactive|Time left: 300 sec this turn | 300 sec total\n|\n|t:|1783541693\n|move|p2a: Zangoose|Quick Attack|p1a: Arceus\n|-damage|p1a: Arceus|0 fnt\n|faint|p1a: Arceus\n|\n|-damage|p2a: Zangoose|80/263 tox|[from] psn\n|upkeep\n|\n|t:|1783541694\n|switch|p1a: Gholdengo|Gholdengo, L77|100/100\n|-damage|p1a: Gholdengo|94/100|[from] Stealth Rock\n|turn|8\n|inactive|Time left: 300 sec this turn | 300 sec total\n|\n|t:|1783541695\n|move|p1a: Gholdengo|Make It Rain|p2a: Zangoose\n|-damage|p2a: Zangoose|0 fnt\n|-unboost|p1a: Gholdengo|spa|1\n|faint|p2a: Zangoose\n|\n|upkeep\n|inactive|Time left: 300 sec this turn | 300 sec total | 5 sec grace\n|\n|t:|1783541696\n|switch|p2a: Urshifu|Urshifu, L74, M|270/270\n|turn|9\n|inactive|Time left: 300 sec this turn | 300 sec total\n|\n|t:|1783541697\n|move|p2a: Urshifu|Wicked Blow|p1a: Gholdengo\n|-supereffective|p1a: Gholdengo\n|-crit|p1a: Gholdengo\n|-damage|p1a: Gholdengo|9/100\n|move|p1a: Gholdengo|Make It Rain|p2a: Urshifu\n|-damage|p2a: Urshifu|132/270\n|-unboost|p1a: Gholdengo|spa|1\n|\n|upkeep\n|turn|10\n|inactive|Time left: 300 sec this turn | 300 sec total\n|\n|t:|1783541698\n|move|p2a: Urshifu|Wicked Blow|p1a: Gholdengo\n|-supereffective|p1a: Gholdengo\n|-crit|p1a: Gholdengo\n|-damage|p1a: Gholdengo|0 fnt\n|faint|p1a: Gholdengo\n|\n|upkeep\n|\n|t:|1783541699\n|switch|p1a: Beartic|Beartic, L91, M|100/100\n|turn|11\n|inactive|Time left: 300 sec this turn | 300 sec total\n|\n|t:|1783541700\n|switch|p2a: Slither Wing|Slither Wing, L81|270/270\n|move|p1a: Beartic|Swords Dance|p1a: Beartic\n|-boost|p1a: Beartic|atk|2\n|\n|upkeep\n|turn|12\n|inactive|Time left: 300 sec this turn | 300 sec total\n|\n|t:|1783541701\n|-terastallize|p1a: Beartic|Fighting\n|move|p2a: Slither Wing|Will-O-Wisp|p1a: Beartic|[miss]\n|-miss|p2a: Slither Wing|p1a: Beartic\n|move|p1a: Beartic|Icicle Crash|p2a: Slither Wing|[miss]\n|-miss|p1a: Beartic|p2a: Slither Wing\n|\n|upkeep\n|turn|13\n|inactive|Time left: 300 sec this turn | 300 sec total\n|\n|t:|1783541702\n|move|p2a: Slither Wing|Will-O-Wisp|p1a: Beartic|[miss]\n|-miss|p2a: Slither Wing|p1a: Beartic\n|move|p1a: Beartic|Icicle Crash|p2a: Slither Wing\n|-damage|p2a: Slither Wing|0 fnt\n|faint|p2a: Slither Wing\n|-end|p2a: Slither Wing|Protosynthesis|[silent]\n|\n|upkeep\n|inactive|Time left: 300 sec this turn | 300 sec total | 5 sec grace\n|\n|t:|1783541703\n|switch|p2a: Klefki|Klefki, L84, F|233/233\n|turn|14\n|inactive|Time left: 300 sec this turn | 300 sec total\n|\n|t:|1783541704\n|move|p2a: Klefki|Play Rough|p1a: Beartic\n|-supereffective|p1a: Beartic\n|-damage|p1a: Beartic|53/100\n|move|p1a: Beartic|Close Combat|p2a: Klefki\n|-damage|p2a: Klefki|0 fnt\n|-unboost|p1a: Beartic|def|1\n|-unboost|p1a: Beartic|spd|1\n|faint|p2a: Klefki\n|\n|upkeep\n|inactive|Time left: 300 sec this turn | 300 sec total | 5 sec grace\n|\n|t:|1783541705\n|switch|p2a: Urshifu|Urshifu, L74, M|132/270\n|turn|15\n|inactive|Time left: 300 sec this turn | 300 sec total\n|\n|t:|1783541706\n|move|p2a: Urshifu|Close Combat|p1a: Beartic\n|-damage|p1a: Beartic|0 fnt\n|-unboost|p2a: Urshifu|def|1\n|-unboost|p2a: Urshifu|spd|1\n|faint|p1a: Beartic\n|\n|upkeep\n|\n|t:|1783541707\n|switch|p1a: Gardevoir|Gardevoir, L83, F|100/100\n|-damage|p1a: Gardevoir|88/100|[from] Stealth Rock\n|-ability|p1a: Gardevoir|Unseen Fist|Trace|[from] ability: Trace|[of] p2a: Urshifu\n|turn|16\n|inactive|Time left: 300 sec this turn | 300 sec total\n|\n|t:|1783541708\n|-terastallize|p2a: Urshifu|Dark\n|move|p2a: Urshifu|Close Combat|p1a: Gardevoir\n|-resisted|p1a: Gardevoir\n|-damage|p1a: Gardevoir|72/100\n|-unboost|p2a: Urshifu|def|1\n|-unboost|p2a: Urshifu|spd|1\n|move|p1a: Gardevoir|Moonblast|p2a: Urshifu\n|-supereffective|p2a: Urshifu\n|-damage|p2a: Urshifu|0 fnt\n|faint|p2a: Urshifu\n|-damage|p1a: Gardevoir|62/100|[from] item: Life Orb\n|\n|upkeep\n|inactive|Time left: 300 sec this turn | 300 sec total | 5 sec grace\n|\n|t:|1783541710\n|switch|p2a: Sudowoodo|Sudowoodo, L94, M|125/284\n|turn|17\n|inactive|Time left: 300 sec this turn | 300 sec total\n|\n|t:|1783541710\n|move|p1a: Gardevoir|Moonblast|p2a: Sudowoodo\n|-damage|p2a: Sudowoodo|0 fnt\n|faint|p2a: Sudowoodo\n|-damage|p1a: Gardevoir|53/100|[from] item: Life Orb\n|\n|win|p0x182c38f", "uploadtime": 1783541710, "views": 0, "rating": 0, "private": 0, "password": null, "_winner": "p0x182c38f", "_our_name": "p0y1826374"}