{"id": "battle-gen9randombattle-2328", "formatid": "gen9randombattle", "format": "[Gen 9] Random Battle", "players": ["p0x2328b72d", "p0y2328e871"], "log": "|init|battle\n|title|p0x2328b72d vs. p0y2328e871\n|j|\u2606p0x2328b72d\n|j|\u2606p0y2328e871\n|t:|1783567019\n|gametype|singles\n|player|p1|p0x2328b72d|169|\n|player|p2|p0y2328e871|102|\n|gen|9\n|tier|[Gen 9] Random Battle\n|rule|Species Clause: Limit one of each Pok\u00e9mon\n|rule|HP Percentage Mod: HP is shown in percentages\n|rule|Sleep Clause Mod: Limit one foe put to sleep\n|rule|Illusion Level Mod: Illusion disguises the Pok\u00e9mon's true level\n|\n|t:|1783567019\n|teamsize|p1|6\n|teamsize|p2|6\n|start\n|switch|p1a: Weezing|Weezing-Galar, L86, M|252/252\n|switch|p2a: Indeedee|Indeedee-F, L90, F|100/100\n|-fieldstart|move: Psychic Terrain|[from] ability: Psychic Surge|[of] p2a: Indeedee\n|turn|1\n|inactive|Battle timer is ON: inactive players will automatically lose when time's up. (requested by p0y2328e871)\n|inactive|Time left: 300 sec this turn | 300 sec total | 60 sec grace\n|\n|t:|1783567021\n|switch|p1a: Weavile|Weavile, L79, F|240/240\n|move|p2a: Indeedee|Psychic|p1a: Weavile\n|-immune|p1a: Weavile\n|\n|upkeep\n|turn|2\n|inactive|Time left: 300 sec this turn | 300 sec total\n|inactive|p0x2328b72d also wants the timer to be on.\n|\n|t:|1783567022\n|switch|p2a: Okidogi|Okidogi, L77, M|100/100\n|move|p1a: Weavile|Knock Off|p2a: Okidogi\n|-resisted|p2a: Okidogi\n|-damage|p2a: Okidogi|83/100\n|-enditem|p2a: Okidogi|Assault Vest|[from] move: Knock Off|[of] p1a: Weavile\n|\n|upkeep\n|turn|3\n|inactive|Time left: 300 sec this turn | 300 sec total\n|\n|t:|1783567023\n|switch|p1a: Vikavolt|Vikavolt, L83, M|263/263\n|move|p2a: Okidogi|Drain Punch|p1a: Vikavolt\n|-resisted|p1a: Vikavolt\n|-damage|p1a: Vikavolt|218/263\n|-heal|p2a: Okidogi|92/100|[from] drain|[of] p1a: Vikavolt\n|\n|upkeep\n|turn|4\n|inactive|Time left: 300 sec this turn | 300 sec total\n|\n|t:|1783567024\n|move|p2a: Okidogi|Gunk Shot|p1a: Vikavolt\n|-damage|p1a: Vikavolt|74/263\n|move|p1a: Vikavolt|Sticky Web|p2a: Okidogi\n|-sidestart|p2: p0y2328e871|move: Sticky Web\n|\n|upkeep\n|turn|5\n|inactive|Time left: 300 sec this turn | 300 sec total\n|\n|t:|1783567025\n|switch|p1a: Weezing|Weezing-Galar, L86, M|252/252\n|move|p2a: Okidogi|Psychic Fangs|p1a: Weezing\n|-supereffective|p1a: Weezing\n|-damage|p1a: Weezing|114/252\n|\n|-heal|p1a: Weezing|129/252|[from] item: Leftovers\n|-fieldend|move: Psychic Terrain\n|upkeep\n|turn|6\n|inactive|Time left: 300 sec this turn | 300 sec total\n|\n|t:|1783567026\n|move|p2a: Okidogi|Gunk Shot|p1a: Weezing\n|-damage|p1a: Weezing|30/252\n|move|p1a: Weezing|Pain Split|p2a: Okidogi\n|-sethp|p2a: Okidogi|52/100|[from] move: Pain Split|[silent]\n|-sethp|p1a: Weezing|135/252|[from] move: Pain Split\n|\n|-heal|p1a: Weezing|150/252|[from] item: Leftovers\n|upkeep\n|turn|7\n|inactive|Time left: 300 sec this turn | 300 sec total\n|\n|t:|1783567027\n|move|p2a: Okidogi|Drain Punch|p1a: Weezing\n|-resisted|p1a: Weezing\n|-damage|p1a: Weezing|133/252\n|-heal|p2a: Okidogi|55/100|[from] drain|[of] p1a: Weezing\n|move|p1a: Weezing|Strange Steam|p2a: Okidogi\n|-damage|p2a: Okidogi|19/100\n|-start|p2a: Okidogi|confusion\n|\n|-heal|p1a: Weezing|148/252|[from] item: Leftovers\n|upkeep\n|turn|8\n|inactive|Time left: 300 sec this turn | 300 sec total\n|\n|t:|1783567028\n|-activate|p2a: Okidogi|confusion\n|move|p2a: Okidogi|Knock Off|p1a: Weezing\n|-resisted|p1a: Weezing\n|-damage|p1a: Weezing|123/252\n|-enditem|p1a: Weezing|Leftovers|[from] move: Knock Off|[of] p2a: Okidogi\n|move|p1a: Weezing|Gunk Shot|p2a: Okidogi\n|-resisted|p2a: Okidogi\n|-damage|p2a: Okidogi|0 fnt\n|faint|p2a: Okidogi\n|\n|upkeep\n|\n|t:|1783567029\n|switch|p2a: Toucannon|Toucannon, L88, F|100/100\n|turn|9\n|inactive|Time left: 300 sec this turn | 300 sec total\n|\n|t:|1783567030\n|-terastallize|p1a: Weezing|Steel\n|move|p2a: Toucannon|Boomburst|p1a: Weezing\n|-resisted|p1a: Weezing\n|-damage|p1a: Weezing|50/252\n|move|p1a: Weezing|Pain Split|p2a: Toucannon\n|-sethp|p2a: Toucannon|59/100|[from] move: Pain Split|[silent]\n|-sethp|p1a: Weezing|167/252|[from] move: Pain Split\n|\n|upkeep\n|turn|10\n|inactive|Time left: 300 sec this turn | 300 sec total\n|\n|t:|1783567031\n|move|p2a: Toucannon|Roost|p2a: Toucannon\n|-heal|p2a: Toucannon|100/100\n|-singleturn|p2a: Toucannon|move: Roost\n|move|p1a: Weezing|Gunk Shot|p2a: Toucannon\n|-damage|p2a: Toucannon|56/100\n|\n|upkeep\n|turn|11\n|inactive|Time left: 300 sec this turn | 300 sec total\n|\n|t:|1783567031\n|move|p2a: Toucannon|Roost|p2a: Toucannon\n|-heal|p2a: Toucannon|100/100\n|-singleturn|p2a: Toucannon|move: Roost\n|move|p1a: Weezing|Strange Steam|p2a: Toucannon\n|-damage|p2a: Toucannon|65/100\n|\n|upkeep\n|turn|12\n|inactive|Time left: 300 sec this turn | 300 sec total\n|\n|t:|1783567032\n|move|p2a: Toucannon|Roost|p2a: Toucannon\n|-heal|p2a: Toucannon|100/100\n|-singleturn|p2a: Toucannon|move: Roost\n|move|p1a: Weezing|Strange Steam|p2a: Toucannon\n|-damage|p2a: Toucannon|65/100\n|\n|upkeep\n|turn|13\n|inactive|Time left: 300 sec this turn | 300 sec total\n|\n|t:|1783567033\n|move|p2a: Toucannon|Bullet Seed|p1a: Weezing\n|-resisted|p1a: Weezing\n|-damage|p1a: Weezing|158/252\n|-resisted|p1a: Weezing\n|-damage|p1a: Weezing|148/252\n|-resisted|p1a: Weezing\n|-damage|p1a: Weezing|139/252\n|-resisted|p1a: Weezing\n|-damage|p1a: Weezing|130/252\n|-resisted|p1a: Weezing\n|-damage|p1a: Weezing|122/252\n|-hitcount|p1a: Weezing|5\n|move|p1a: Weezing|Gunk Shot|p2a: Toucannon\n|-damage|p2a: Toucannon|20/100\n|-status|p2a: Toucannon|psn\n|\n|-damage|p2a: Toucannon|8/100 psn|[from] psn\n|upkeep\n|turn|14\n|inactive|Time left: 300 sec this turn | 300 sec total\n|\n|t:|1783567034\n|move|p2a: Toucannon|Roost|p2a: Toucannon\n|-heal|p2a: Toucannon|58/100 psn\n|-singleturn|p2a: Toucannon|move: Roost\n|move|p1a: Weezing|Gunk Shot|p2a: Toucannon\n|-damage|p2a: Toucannon|11/100 psn\n|\n|-damage|p2a: Toucannon|0 fnt|[from] psn\n|faint|p2a: Toucannon\n|upkeep\n|\n|t:|1783567035\n|switch|p2a: Delibird|Delibird, F|100/100\n|turn|15\n|inactive|Time left: 300 sec this turn | 300 sec total\n|\n|t:|1783567036\n|move|p2a: Delibird|Rapid Spin|p1a: Weezing\n|-resisted|p1a: Weezing\n|-damage|p1a: Weezing|109/252\n|-boost|p2a: Delibird|spe|1\n|-sideend|p2: p0y2328e871|Sticky Web|[from] move: Rapid Spin|[of] p2a: Delibird\n|move|p1a: Weezing|Strange Steam|p2a: Delibird\n|-damage|p2a: Delibird|50/100\n|\n|upkeep\n|turn|16\n|inactive|Time left: 300 sec this turn | 300 sec total\n|\n|t:|1783567037\n|move|p2a: Delibird|Freeze-Dry|p1a: Weezing\n|-resisted|p1a: Weezing\n|-damage|p1a: Weezing|61/252\n|move|p1a: Weezing|Gunk Shot|p2a: Delibird|[miss]\n|-miss|p1a: Weezing|p2a: Delibird\n|\n|upkeep\n|turn|17\n|inactive|Time left: 300 sec this turn | 300 sec total\n|\n|t:|1783567038\n|move|p2a: Delibird|Freeze-Dry|p1a: Weezing\n|-resisted|p1a: Weezing\n|-damage|p1a: Weezing|19/252\n|move|p1a: Weezing|Gunk Shot|p2a: Delibird\n|-damage|p2a: Delibird|0 fnt\n|faint|p2a: Delibird\n|\n|upkeep\n|\n|t:|1783567039\n|switch|p2a: Indeedee|Indeedee-F, L90, F|100/100\n|-fieldstart|move: Psychic Terrain|[from] ability: Psychic Surge|[of] p2a: Indeedee\n|turn|18\n|inactive|Time left: 300 sec this turn | 300 sec total\n|\n|t:|1783567040\n|move|p2a: Indeedee|Hyper Voice|p1a: Weezing\n|-resisted|p1a: Weezing\n|-damage|p1a: Weezing|0 fnt\n|faint|p1a: Weezing\n|\n|upkeep\n|inactive|Time left: 300 sec this turn | 300 sec total | 5 sec grace\n|\n|t:|1783567041\n|switch|p1a: Weavile|Weavile, L79, F|240/240\n|turn|19\n|inactive|Time left: 300 sec this turn | 300 sec total\n|\n|t:|1783567042\n|move|p1a: Weavile|Knock Off|p2a: Indeedee\n|-supereffective|p2a: Indeedee\n|-damage|p2a: Indeedee|10/100\n|-enditem|p2a: Indeedee|Choice Specs|[from] move: Knock Off|[of] p1a: Weavile\n|move|p2a: Indeedee|Hyper Voice|p1a: Weavile\n|-damage|p1a: Weavile|126/240\n|\n|upkeep\n|turn|20\n|inactive|Time left: 300 sec this turn | 300 sec total\n|\n|t:|1783567044\n|move|p1a: Weavile|Knock Off|p2a: Indeedee\n|-supereffective|p2a: Indeedee\n|-damage|p2a: Indeedee|0 fnt\n|faint|p2a: Indeedee\n|\n|upkeep\n|\n|t:|1783567045\n|switch|p2a: Mudsdale|Mudsdale, L83, F|100/100\n|turn|21\n|inactive|Time left: 300 sec this turn | 300 sec total\n|\n|t:|1783567046\n|switch|p1a: Arboliva|Arboliva, L91, M|288/288\n|move|p2a: Mudsdale|Heavy Slam|p1a: Arboliva\n|-damage|p1a: Arboliva|187/288\n|\n|upkeep\n|turn|22\n|inactive|Time left: 300 sec this turn | 300 sec total\n|\n|t:|1783567047\n|move|p1a: Arboliva|Leech Seed|p2a: Mudsdale\n|-start|p2a: Mudsdale|move: Leech Seed\n|move|p2a: Mudsdale|Stealth Rock|p1a: Arboliva\n|-sidestart|p1: p0x2328b72d|move: Stealth Rock\n|\n|-damage|p2a: Mudsdale|88/100|[from] Leech Seed|[of] p1a: Arboliva\n|-heal|p1a: Arboliva|224/288|[silent]\n|-fieldend|move: Psychic Terrain\n|upkeep\n|turn|23\n|inactive|Time left: 300 sec this turn | 300 sec total\n|\n|t:|1783567048\n|switch|p2a: Leafeon|Leafeon, L88, M|100/100\n|move|p1a: Arboliva|Hyper Voice|p2a: Leafeon\n|-damage|p2a: Leafeon|33/100\n|\n|upkeep\n|turn|24\n|inactive|Time left: 300 sec this turn | 300 sec total\n|\n|t:|1783567049\n|move|p2a: Leafeon|Knock Off|p1a: Arboliva\n|-damage|p1a: Arboliva|133/288\n|-enditem|p1a: Arboliva|Sitrus Berry|[from] move: Knock Off|[of] p2a: Leafeon\n|-damage|p2a: Leafeon|23/100|[from] item: Life Orb\n|move|p1a: Arboliva|Hyper Voice|p2a: Leafeon\n|-damage|p2a: Leafeon|0 fnt\n|faint|p2a: Leafeon\n|\n|upkeep\n|\n|t:|1783567050\n|switch|p2a: Mudsdale|Mudsdale, L83, F|88/100\n|turn|25\n|inactive|Time left: 300 sec this turn | 300 sec total\n|\n|t:|1783567051\n|-terastallize|p2a: Mudsdale|Steel\n|move|p1a: Arboliva|Leech Seed|p2a: Mudsdale\n|-start|p2a: Mudsdale|move: Leech Seed\n|move|p2a: Mudsdale|Heavy Slam|p1a: Arboliva\n|-damage|p1a: Arboliva|3/288\n|\n|-heal|p2a: Mudsdale|94/100|[from] item: Leftovers\n|-damage|p2a: Mudsdale|82/100|[from] Leech Seed|[of] p1a: Arboliva\n|-heal|p1a: Arboliva|40/288|[silent]\n|upkeep\n|turn|26\n|inactive|Time left: 300 sec this turn | 300 sec total\n|\n|t:|1783567052\n|move|p1a: Arboliva|Hyper Voice|p2a: Mudsdale\n|-resisted|p2a: Mudsdale\n|-damage|p2a: Mudsdale|60/100\n|-ability|p2a: Mudsdale|Stamina|boost\n|-boost|p2a: Mudsdale|def|1\n|move|p2a: Mudsdale|Heavy Slam|p1a: Arboliva\n|-damage|p1a: Arboliva|0 fnt\n|faint|p1a: Arboliva\n|\n|-heal|p2a: Mudsdale|66/100|[from] item: Leftovers\n|upkeep\n|inactive|Time left: 300 sec this turn | 300 sec total | 5 sec grace\n|\n|t:|1783567053\n|switch|p1a: Sneasler|Sneasler, L74, F|240/240\n|-damage|p1a: Sneasler|225/240|[from] Stealth Rock\n|turn|27\n|inactive|Time left: 300 sec this turn | 300 sec total\n|\n|t:|1783567054\n|move|p1a: Sneasler|Close Combat|p2a: Mudsdale\n|-supereffective|p2a: Mudsdale\n|-damage|p2a: Mudsdale|0 fnt\n|-unboost|p1a: Sneasler|def|1\n|-unboost|p1a: Sneasler|spd|1\n|faint|p2a: Mudsdale\n|\n|win|p0x2328b72d", "uploadtime": 1783567054, "views": 0, "rating": 0, "private": 0, "password": null, "_winner": "p0x2328b72d", "_our_name": "p0x2328b72d"}