{"id": "battle-gen9randombattle-2519", "formatid": "gen9randombattle", "format": "[Gen 9] Random Battle", "players": ["p0x2519adef", "p0y2519c940"], "log": "|init|battle\n|title|p0x2519adef vs. p0y2519c940\n|j|\u2606p0x2519adef\n|j|\u2606p0y2519c940\n|t:|1783569164\n|gametype|singles\n|player|p1|p0x2519adef|1|\n|player|p2|p0y2519c940|101|\n|gen|9\n|tier|[Gen 9] Random Battle\n|rule|Species Clause: Limit one of each Pok\u00e9mon\n|rule|HP Percentage Mod: HP is shown in percentages\n|rule|Sleep Clause Mod: Limit one foe put to sleep\n|rule|Illusion Level Mod: Illusion disguises the Pok\u00e9mon's true level\n|\n|t:|1783569164\n|teamsize|p1|6\n|teamsize|p2|6\n|start\n|switch|p1a: Talonflame|Talonflame, L83, F|265/265\n|switch|p2a: Deoxys|Deoxys-Attack, L72|100/100\n|-ability|p2a: Deoxys|Pressure\n|turn|1\n|inactive|Battle timer is ON: inactive players will automatically lose when time's up. (requested by p0y2519c940)\n|inactive|Time left: 300 sec this turn | 300 sec total | 60 sec grace\n|inactive|p0x2519adef also wants the timer to be on.\n|\n|t:|1783569166\n|move|p1a: Talonflame|Brave Bird|p2a: Deoxys\n|-damage|p2a: Deoxys|0 fnt\n|faint|p2a: Deoxys\n|-damage|p1a: Talonflame|202/265|[from] Recoil\n|\n|upkeep\n|\n|t:|1783569167\n|switch|p2a: Clawitzer|Clawitzer, L87, F|100/100\n|turn|2\n|inactive|Time left: 300 sec this turn | 300 sec total\n|\n|t:|1783569169\n|switch|p1a: Wo-Chien|Wo-Chien, L83|277/277\n|-ability|p1a: Wo-Chien|Tablets of Ruin\n|move|p2a: Clawitzer|Water Pulse|p1a: Wo-Chien\n|-resisted|p1a: Wo-Chien\n|-damage|p1a: Wo-Chien|231/277\n|-start|p1a: Wo-Chien|confusion\n|\n|-heal|p1a: Wo-Chien|248/277|[from] item: Leftovers\n|upkeep\n|turn|3\n|inactive|Time left: 300 sec this turn | 300 sec total\n|\n|t:|1783569170\n|-activate|p1a: Wo-Chien|confusion\n|move|p1a: Wo-Chien|Knock Off|p2a: Clawitzer\n|-damage|p2a: Clawitzer|70/100\n|-enditem|p2a: Clawitzer|Assault Vest|[from] move: Knock Off|[of] p1a: Wo-Chien\n|move|p2a: Clawitzer|Aura Sphere|p1a: Wo-Chien\n|-supereffective|p1a: Wo-Chien\n|-damage|p1a: Wo-Chien|106/277\n|\n|-heal|p1a: Wo-Chien|123/277|[from] item: Leftovers\n|upkeep\n|turn|4\n|inactive|Time left: 300 sec this turn | 300 sec total\n|\n|t:|1783569171\n|-activate|p1a: Wo-Chien|confusion\n|move|p1a: Wo-Chien|Giga Drain|p2a: Clawitzer\n|-supereffective|p2a: Clawitzer\n|-damage|p2a: Clawitzer|12/100\n|-heal|p1a: Wo-Chien|199/277|[from] drain|[of] p2a: Clawitzer\n|move|p2a: Clawitzer|Water Pulse|p1a: Wo-Chien\n|-resisted|p1a: Wo-Chien\n|-damage|p1a: Wo-Chien|155/277\n|\n|-heal|p1a: Wo-Chien|172/277|[from] item: Leftovers\n|upkeep\n|turn|5\n|inactive|Time left: 300 sec this turn | 300 sec total\n|\n|t:|1783569172\n|-end|p1a: Wo-Chien|confusion\n|move|p1a: Wo-Chien|Giga Drain|p2a: Clawitzer\n|-supereffective|p2a: Clawitzer\n|-damage|p2a: Clawitzer|0 fnt\n|-heal|p1a: Wo-Chien|188/277|[from] drain|[of] p2a: Clawitzer\n|faint|p2a: Clawitzer\n|\n|-heal|p1a: Wo-Chien|205/277|[from] item: Leftovers\n|upkeep\n|\n|t:|1783569173\n|switch|p2a: Virizion|Virizion, L82|100/100\n|turn|6\n|inactive|Time left: 300 sec this turn | 300 sec total\n|\n|t:|1783569174\n|move|p2a: Virizion|Swords Dance|p2a: Virizion\n|-boost|p2a: Virizion|atk|2\n|move|p1a: Wo-Chien|Giga Drain|p2a: Virizion\n|-resisted|p2a: Virizion\n|-damage|p2a: Virizion|90/100\n|-heal|p1a: Wo-Chien|220/277|[from] drain|[of] p2a: Virizion\n|\n|-heal|p1a: Wo-Chien|237/277|[from] item: Leftovers\n|upkeep\n|turn|7\n|inactive|Time left: 300 sec this turn | 300 sec total\n|\n|t:|1783569175\n|move|p2a: Virizion|Close Combat|p1a: Wo-Chien\n|-supereffective|p1a: Wo-Chien\n|-damage|p1a: Wo-Chien|0 fnt\n|-unboost|p2a: Virizion|def|1\n|-unboost|p2a: Virizion|spd|1\n|faint|p1a: Wo-Chien\n|-damage|p2a: Virizion|80/100|[from] item: Life Orb\n|\n|upkeep\n|inactive|Time left: 300 sec this turn | 300 sec total | 5 sec grace\n|\n|t:|1783569176\n|switch|p1a: Mabosstiff|Mabosstiff, L86, M|278/278\n|turn|8\n|inactive|Time left: 300 sec this turn | 300 sec total\n|\n|t:|1783569176\n|-terastallize|p2a: Virizion|Rock\n|move|p1a: Mabosstiff|Play Rough|p2a: Virizion|[miss]\n|-miss|p1a: Mabosstiff|p2a: Virizion\n|move|p2a: Virizion|Close Combat|p1a: Mabosstiff\n|-supereffective|p1a: Mabosstiff\n|-damage|p1a: Mabosstiff|0 fnt\n|-unboost|p2a: Virizion|def|1\n|-unboost|p2a: Virizion|spd|1\n|faint|p1a: Mabosstiff\n|-damage|p2a: Virizion|70/100|[from] item: Life Orb\n|\n|upkeep\n|inactive|Time left: 300 sec this turn | 300 sec total | 5 sec grace\n|\n|t:|1783569177\n|switch|p1a: Houndstone|Houndstone, L86, M|264/264\n|turn|9\n|inactive|Time left: 300 sec this turn | 300 sec total\n|\n|t:|1783569178\n|switch|p2a: Shaymin|Shaymin, L82|100/100\n|move|p1a: Houndstone|Poltergeist|p2a: Shaymin\n|-activate|p2a: Shaymin|move: Poltergeist|Leftovers\n|-damage|p2a: Shaymin|60/100\n|\n|-heal|p2a: Shaymin|66/100|[from] item: Leftovers\n|upkeep\n|turn|10\n|inactive|Time left: 300 sec this turn | 300 sec total\n|\n|t:|1783569179\n|switch|p1a: Oricorio|Oricorio-Pa'u, L87, F|272/272\n|move|p2a: Shaymin|Leech Seed|p1a: Oricorio\n|-start|p1a: Oricorio|move: Leech Seed\n|\n|-heal|p2a: Shaymin|72/100|[from] item: Leftovers\n|-damage|p1a: Oricorio|238/272|[from] Leech Seed|[of] p2a: Shaymin\n|-heal|p2a: Shaymin|84/100|[silent]\n|upkeep\n|turn|11\n|inactive|Time left: 300 sec this turn | 300 sec total\n|\n|t:|1783569180\n|move|p1a: Oricorio|Quiver Dance|p1a: Oricorio\n|-boost|p1a: Oricorio|spa|1\n|-boost|p1a: Oricorio|spd|1\n|-boost|p1a: Oricorio|spe|1\n|move|p2a: Shaymin|Seed Flare|p1a: Oricorio\n|-resisted|p1a: Oricorio\n|-damage|p1a: Oricorio|194/272\n|-unboost|p1a: Oricorio|spd|2\n|\n|-heal|p2a: Shaymin|90/100|[from] item: Leftovers\n|-damage|p1a: Oricorio|160/272|[from] Leech Seed|[of] p2a: Shaymin\n|-heal|p2a: Shaymin|100/100|[silent]\n|upkeep\n|turn|12\n|inactive|Time left: 300 sec this turn | 300 sec total\n|\n|t:|1783569181\n|switch|p2a: Virizion|Virizion, L82, tera:Rock|70/100\n|move|p1a: Oricorio|Hurricane|p2a: Virizion\n|-resisted|p2a: Virizion\n|-damage|p2a: Virizion|46/100\n|\n|-damage|p1a: Oricorio|126/272|[from] Leech Seed|[of] p2a: Virizion\n|-heal|p2a: Virizion|58/100|[silent]\n|upkeep\n|turn|13\n|inactive|Time left: 300 sec this turn | 300 sec total\n|\n|t:|1783569182\n|-terastallize|p1a: Oricorio|Fighting\n|move|p1a: Oricorio|Revelation Dance|p2a: Virizion\n|-supereffective|p2a: Virizion\n|-damage|p2a: Virizion|0 fnt\n|faint|p2a: Virizion\n|\n|upkeep\n|\n|t:|1783569182\n|switch|p2a: Hitmontop|Hitmontop, L88, M|100/100\n|-ability|p2a: Hitmontop|Intimidate|boost\n|-unboost|p1a: Oricorio|atk|1\n|turn|14\n|inactive|Time left: 300 sec this turn | 300 sec total\n|\n|t:|1783569183\n|move|p1a: Oricorio|Hurricane|p2a: Hitmontop|[miss]\n|-miss|p1a: Oricorio|p2a: Hitmontop\n|move|p2a: Hitmontop|Close Combat|p1a: Oricorio\n|-damage|p1a: Oricorio|0 fnt\n|-unboost|p2a: Hitmontop|def|1\n|-unboost|p2a: Hitmontop|spd|1\n|faint|p1a: Oricorio\n|\n|upkeep\n|inactive|Time left: 300 sec this turn | 300 sec total | 5 sec grace\n|\n|t:|1783569184\n|switch|p1a: Talonflame|Talonflame, L83, F|202/265\n|turn|15\n|inactive|Time left: 300 sec this turn | 300 sec total\n|\n|t:|1783569184\n|move|p1a: Talonflame|Swords Dance|p1a: Talonflame\n|-boost|p1a: Talonflame|atk|2\n|move|p2a: Hitmontop|Stone Edge|p1a: Talonflame|[miss]\n|-miss|p2a: Hitmontop|p1a: Talonflame\n|\n|upkeep\n|turn|16\n|inactive|Time left: 300 sec this turn | 300 sec total\n|\n|t:|1783569185\n|switch|p2a: Shaymin|Shaymin, L82|100/100\n|move|p1a: Talonflame|Flare Blitz|p2a: Shaymin\n|-supereffective|p2a: Shaymin\n|-damage|p2a: Shaymin|0 fnt\n|faint|p2a: Shaymin\n|-damage|p1a: Talonflame|104/265|[from] Recoil\n|\n|upkeep\n|\n|t:|1783569186\n|switch|p2a: Hitmontop|Hitmontop, L88, M|100/100\n|-ability|p2a: Hitmontop|Intimidate|boost\n|-unboost|p1a: Talonflame|atk|1\n|turn|17\n|inactive|Time left: 300 sec this turn | 300 sec total\n|\n|t:|1783569187\n|move|p2a: Hitmontop|Sucker Punch|p1a: Talonflame\n|-damage|p1a: Talonflame|45/265\n|move|p1a: Talonflame|Brave Bird|p2a: Hitmontop\n|-supereffective|p2a: Hitmontop\n|-damage|p2a: Hitmontop|0 fnt\n|faint|p2a: Hitmontop\n|-damage|p1a: Talonflame|0 fnt|[from] Recoil\n|faint|p1a: Talonflame\n|\n|upkeep\n|inactive|Time left: 300 sec this turn | 300 sec total | 5 sec grace\n|\n|t:|1783569188\n|switch|p1a: Houndstone|Houndstone, L86, M|264/264\n|switch|p2a: Smeargle|Smeargle, L95, F|100/100\n|turn|18\n|inactive|Time left: 300 sec this turn | 300 sec total\n|\n|t:|1783569188\n|move|p2a: Smeargle|Spore|p1a: Houndstone\n|-status|p1a: Houndstone|slp|[from] move: Spore\n|cant|p1a: Houndstone|slp\n|\n|upkeep\n|turn|19\n|inactive|Time left: 300 sec this turn | 300 sec total\n|\n|t:|1783569189\n|switch|p1a: Chimecho|Chimecho, L93, F|290/290\n|move|p2a: Smeargle|Power Trip|p1a: Chimecho\n|-supereffective|p1a: Chimecho\n|-damage|p1a: Chimecho|268/290\n|\n|-heal|p1a: Chimecho|286/290|[from] item: Leftovers\n|upkeep\n|turn|20\n|inactive|Time left: 300 sec this turn | 300 sec total\n|\n|t:|1783569190\n|move|p2a: Smeargle|Population Bomb|p1a: Chimecho\n|-damage|p1a: Chimecho|271/290\n|-damage|p1a: Chimecho|255/290\n|-damage|p1a: Chimecho|240/290\n|-damage|p1a: Chimecho|224/290\n|-damage|p1a: Chimecho|209/290\n|-damage|p1a: Chimecho|193/290\n|-crit|p1a: Chimecho\n|-damage|p1a: Chimecho|168/290\n|-damage|p1a: Chimecho|153/290\n|-damage|p1a: Chimecho|138/290\n|-damage|p1a: Chimecho|123/290\n|-hitcount|p1a: Chimecho|10\n|move|p1a: Chimecho|Psychic Noise|p2a: Smeargle\n|-damage|p2a: Smeargle|44/100\n|-start|p2a: Smeargle|move: Heal Block\n|\n|-heal|p1a: Chimecho|141/290|[from] item: Leftovers\n|upkeep\n|turn|21\n|inactive|Time left: 300 sec this turn | 300 sec total\n|\n|t:|1783569191\n|move|p2a: Smeargle|Population Bomb|p1a: Chimecho\n|-damage|p1a: Chimecho|126/290\n|-damage|p1a: Chimecho|110/290\n|-damage|p1a: Chimecho|95/290\n|-damage|p1a: Chimecho|80/290\n|-damage|p1a: Chimecho|64/290\n|-damage|p1a: Chimecho|48/290\n|-damage|p1a: Chimecho|33/290\n|-damage|p1a: Chimecho|18/290\n|-damage|p1a: Chimecho|3/290\n|-damage|p1a: Chimecho|0 fnt\n|faint|p1a: Chimecho\n|-hitcount|p1: Chimecho|10\n|\n|-end|p2a: Smeargle|move: Heal Block\n|upkeep\n|inactive|Time left: 300 sec this turn | 300 sec total | 5 sec grace\n|\n|t:|1783569192\n|switch|p1a: Houndstone|Houndstone, L86, M|264/264 slp\n|turn|22\n|inactive|Time left: 300 sec this turn | 300 sec total\n|\n|t:|1783569193\n|move|p2a: Smeargle|Power Trip|p1a: Houndstone\n|-supereffective|p1a: Houndstone\n|-damage|p1a: Houndstone|254/264 slp\n|-curestatus|p1a: Houndstone|slp|[msg]\n|move|p1a: Houndstone|Body Press|p2a: Smeargle\n|-supereffective|p2a: Smeargle\n|-damage|p2a: Smeargle|0 fnt\n|faint|p2a: Smeargle\n|\n|win|p0x2519adef", "uploadtime": 1783569193, "views": 0, "rating": 0, "private": 0, "password": null, "_winner": "p0x2519adef", "_our_name": "p0x2519adef"}