{"id": "battle-gen9randombattle-1649", "formatid": "gen9randombattle", "format": "[Gen 9] Random Battle", "players": ["p0x16491c6c", "p0y1649b531"], "log": "|init|battle\n|title|p0x16491c6c vs. p0y1649b531\n|j|\u2606p0x16491c6c\n|j|\u2606p0y1649b531\n|t:|1783558336\n|gametype|singles\n|player|p1|p0x16491c6c|101|\n|player|p2|p0y1649b531|265|\n|gen|9\n|tier|[Gen 9] Random Battle\n|rule|Species Clause: Limit one of each Pok\u00e9mon\n|rule|HP Percentage Mod: HP is shown in percentages\n|rule|Sleep Clause Mod: Limit one foe put to sleep\n|rule|Illusion Level Mod: Illusion disguises the Pok\u00e9mon's true level\n|\n|t:|1783558336\n|teamsize|p1|6\n|teamsize|p2|6\n|start\n|switch|p1a: Swanna|Swanna, L89, M|100/100\n|switch|p2a: Slowbro|Slowbro, L85, F|300/300\n|turn|1\n|inactive|Battle timer is ON: inactive players will automatically lose when time's up. (requested by p0y1649b531)\n|\n|t:|1783558337\n|switch|p1a: Oranguru|Oranguru, L92, M|100/100\n|move|p2a: Slowbro|Scald|p1a: Oranguru\n|-damage|p1a: Oranguru|77/100\n|\n|-heal|p1a: Oranguru|83/100|[from] item: Leftovers\n|upkeep\n|turn|2\n|inactive|Time left: 300 sec this turn | 300 sec total\n|inactive|p0x16491c6c also wants the timer to be on.\n|\n|t:|1783558339\n|move|p1a: Oranguru|Nasty Plot|p1a: Oranguru\n|-boost|p1a: Oranguru|spa|2\n|move|p2a: Slowbro|Iron Defense|p2a: Slowbro\n|-boost|p2a: Slowbro|def|2\n|\n|-heal|p1a: Oranguru|89/100|[from] item: Leftovers\n|upkeep\n|turn|3\n|inactive|Time left: 300 sec this turn | 300 sec total\n|\n|t:|1783558340\n|move|p1a: Oranguru|Thunderbolt|p2a: Slowbro\n|-supereffective|p2a: Slowbro\n|-damage|p2a: Slowbro|14/300\n|-status|p2a: Slowbro|par\n|move|p2a: Slowbro|Slack Off|p2a: Slowbro\n|-heal|p2a: Slowbro|164/300 par\n|\n|-heal|p1a: Oranguru|95/100|[from] item: Leftovers\n|-heal|p2a: Slowbro|182/300 par|[from] item: Leftovers\n|upkeep\n|turn|4\n|inactive|Time left: 300 sec this turn | 300 sec total\n|\n|t:|1783558341\n|switch|p2a: Gardevoir|Gardevoir, L83, F|249/249\n|-ability|p2a: Gardevoir|Inner Focus|Trace|[from] ability: Trace|[of] p1a: Oranguru\n|move|p1a: Oranguru|Thunderbolt|p2a: Gardevoir\n|-damage|p2a: Gardevoir|140/249\n|\n|-heal|p1a: Oranguru|100/100|[from] item: Leftovers\n|upkeep\n|turn|5\n|inactive|Time left: 300 sec this turn | 300 sec total\n|\n|t:|1783558343\n|move|p2a: Gardevoir|Moonblast|p1a: Oranguru\n|-damage|p1a: Oranguru|73/100\n|-unboost|p1a: Oranguru|spa|1\n|move|p1a: Oranguru|Thunderbolt|p2a: Gardevoir\n|-damage|p2a: Gardevoir|52/249\n|\n|-heal|p1a: Oranguru|79/100|[from] item: Leftovers\n|upkeep\n|turn|6\n|inactive|Time left: 300 sec this turn | 300 sec total\n|\n|t:|1783558344\n|move|p2a: Gardevoir|Moonblast|p1a: Oranguru\n|-damage|p1a: Oranguru|50/100\n|move|p1a: Oranguru|Nasty Plot|p1a: Oranguru\n|-boost|p1a: Oranguru|spa|2\n|\n|-heal|p1a: Oranguru|56/100|[from] item: Leftovers\n|upkeep\n|turn|7\n|inactive|Time left: 300 sec this turn | 300 sec total\n|\n|t:|1783558345\n|move|p2a: Gardevoir|Moonblast|p1a: Oranguru\n|-damage|p1a: Oranguru|26/100\n|move|p1a: Oranguru|Psychic|p2a: Gardevoir\n|-resisted|p2a: Gardevoir\n|-damage|p2a: Gardevoir|0 fnt\n|faint|p2a: Gardevoir\n|\n|-heal|p1a: Oranguru|32/100|[from] item: Leftovers\n|upkeep\n|inactive|Time left: 300 sec this turn | 300 sec total | 5 sec grace\n|\n|t:|1783558347\n|switch|p2a: Sneasler|Sneasler, L74, M|240/240\n|turn|8\n|inactive|Time left: 300 sec this turn | 300 sec total\n|\n|t:|1783558348\n|move|p2a: Sneasler|Dire Claw|p1a: Oranguru\n|-damage|p1a: Oranguru|0 fnt\n|faint|p1a: Oranguru\n|\n|upkeep\n|\n|t:|1783558349\n|switch|p1a: Kyogre|Kyogre, L71|100/100\n|-weather|RainDance|[from] ability: Drizzle|[of] p1a: Kyogre\n|turn|9\n|inactive|Time left: 300 sec this turn | 300 sec total\n|\n|t:|1783558350\n|move|p1a: Kyogre|Water Spout|p2a: Sneasler\n|-damage|p2a: Sneasler|0 fnt\n|faint|p2a: Sneasler\n|\n|-weather|RainDance|[upkeep]\n|upkeep\n|inactive|Time left: 300 sec this turn | 300 sec total | 5 sec grace\n|\n|t:|1783558351\n|switch|p2a: Kilowattrel|Kilowattrel, L83, M|252/252\n|turn|10\n|inactive|Time left: 300 sec this turn | 300 sec total\n|\n|t:|1783558352\n|move|p2a: Kilowattrel|Discharge|p1a: Kyogre\n|-supereffective|p1a: Kyogre\n|-damage|p1a: Kyogre|42/100\n|move|p1a: Kyogre|Water Spout|p2a: Kilowattrel\n|-damage|p2a: Kilowattrel|108/252\n|\n|-weather|RainDance|[upkeep]\n|upkeep\n|turn|11\n|inactive|Time left: 300 sec this turn | 300 sec total\n|\n|t:|1783558353\n|switch|p1a: Iron Moth|Iron Moth, L78|100/100\n|move|p2a: Kilowattrel|Hurricane|p1a: Iron Moth\n|-damage|p1a: Iron Moth|55/100\n|\n|-weather|RainDance|[upkeep]\n|upkeep\n|turn|12\n|inactive|Time left: 300 sec this turn | 300 sec total\n|\n|t:|1783558354\n|move|p2a: Kilowattrel|Hurricane|p1a: Iron Moth\n|-damage|p1a: Iron Moth|12/100\n|move|p1a: Iron Moth|Sludge Wave|p2a: Kilowattrel\n|-damage|p2a: Kilowattrel|0 fnt\n|faint|p2a: Kilowattrel\n|\n|-weather|RainDance|[upkeep]\n|upkeep\n|inactive|Time left: 300 sec this turn | 300 sec total | 5 sec grace\n|\n|t:|1783558355\n|switch|p2a: Greninja|Greninja, L80, M|246/246\n|turn|13\n|inactive|Time left: 300 sec this turn | 300 sec total\n|\n|t:|1783558356\n|move|p2a: Greninja|Hydro Pump|p1a: Iron Moth\n|-supereffective|p1a: Iron Moth\n|-damage|p1a: Iron Moth|0 fnt\n|faint|p1a: Iron Moth\n|-end|p1a: Iron Moth|Quark Drive|[silent]\n|-ability|p2a: Greninja|Battle Bond|boost\n|-boost|p2a: Greninja|atk|1\n|-boost|p2a: Greninja|spa|1\n|-boost|p2a: Greninja|spe|1\n|-activate|p2a: Greninja|ability: Battle Bond\n|-damage|p2a: Greninja|222/246|[from] item: Life Orb\n|\n|-weather|none\n|upkeep\n|\n|t:|1783558357\n|switch|p1a: Calyrex|Calyrex, L93|100/100\n|-ability|p1a: Calyrex|Unnerve\n|turn|14\n|inactive|Time left: 300 sec this turn | 300 sec total\n|\n|t:|1783558358\n|-terastallize|p1a: Calyrex|Steel\n|move|p2a: Greninja|Dark Pulse|p1a: Calyrex\n|-damage|p1a: Calyrex|54/100\n|-damage|p2a: Greninja|198/246|[from] item: Life Orb\n|move|p1a: Calyrex|Giga Drain|p2a: Greninja\n|-supereffective|p2a: Greninja\n|-damage|p2a: Greninja|10/246\n|-heal|p1a: Calyrex|82/100|[from] drain|[of] p2a: Greninja\n|\n|-heal|p1a: Calyrex|88/100|[from] item: Leftovers\n|upkeep\n|turn|15\n|inactive|Time left: 300 sec this turn | 300 sec total\n|\n|t:|1783558360\n|move|p2a: Greninja|Hydro Pump|p1a: Calyrex|[miss]\n|-miss|p2a: Greninja|p1a: Calyrex\n|move|p1a: Calyrex|Calm Mind|p1a: Calyrex\n|-boost|p1a: Calyrex|spa|1\n|-boost|p1a: Calyrex|spd|1\n|\n|-heal|p1a: Calyrex|95/100|[from] item: Leftovers\n|upkeep\n|turn|16\n|inactive|Time left: 300 sec this turn | 300 sec total\n|\n|t:|1783558361\n|move|p2a: Greninja|Hydro Pump|p1a: Calyrex\n|-damage|p1a: Calyrex|55/100\n|-damage|p2a: Greninja|0 fnt|[from] item: Life Orb\n|faint|p2a: Greninja\n|move|p1a: Calyrex|Calm Mind|p1a: Calyrex\n|-boost|p1a: Calyrex|spa|1\n|-boost|p1a: Calyrex|spd|1\n|\n|-heal|p1a: Calyrex|61/100|[from] item: Leftovers\n|upkeep\n|inactive|Time left: 300 sec this turn | 300 sec total | 5 sec grace\n|\n|t:|1783558362\n|switch|p2a: Clodsire|Clodsire, L81, M|343/343\n|turn|17\n|inactive|Time left: 300 sec this turn | 300 sec total\n|\n|t:|1783558363\n|-terastallize|p2a: Clodsire|Steel\n|move|p1a: Calyrex|Psychic|p2a: Clodsire\n|-resisted|p2a: Clodsire\n|-damage|p2a: Clodsire|249/343\n|move|p2a: Clodsire|Earthquake|p1a: Calyrex\n|-supereffective|p1a: Calyrex\n|-damage|p1a: Calyrex|18/100\n|\n|-heal|p1a: Calyrex|24/100|[from] item: Leftovers\n|-heal|p2a: Clodsire|270/343|[from] item: Leftovers\n|upkeep\n|turn|18\n|inactive|Time left: 300 sec this turn | 300 sec total\n|\n|t:|1783558364\n|switch|p1a: Great Tusk|Great Tusk, L77|100/100\n|move|p2a: Clodsire|Earthquake|p1a: Great Tusk\n|-damage|p1a: Great Tusk|77/100\n|\n|-heal|p1a: Great Tusk|83/100|[from] item: Leftovers\n|-heal|p2a: Clodsire|291/343|[from] item: Leftovers\n|upkeep\n|turn|19\n|inactive|Time left: 300 sec this turn | 300 sec total\n|\n|t:|1783558365\n|switch|p2a: Slowbro|Slowbro, L85, F|282/300 par\n|move|p1a: Great Tusk|Earthquake|p2a: Slowbro\n|-damage|p2a: Slowbro|194/300 par\n|\n|-heal|p1a: Great Tusk|89/100|[from] item: Leftovers\n|-heal|p2a: Slowbro|212/300 par|[from] item: Leftovers\n|upkeep\n|turn|20\n|inactive|Time left: 300 sec this turn | 300 sec total\n|\n|t:|1783558366\n|-end|p1a: Great Tusk|Protosynthesis|[silent]\n|switch|p1a: Swanna|Swanna, L89, M|100/100\n|move|p2a: Slowbro|Scald|p1a: Swanna\n|-resisted|p1a: Swanna\n|-damage|p1a: Swanna|80/100\n|\n|-heal|p2a: Slowbro|230/300 par|[from] item: Leftovers\n|upkeep\n|turn|21\n|inactive|Time left: 300 sec this turn | 300 sec total\n|\n|t:|1783558367\n|move|p1a: Swanna|Hydro Pump|p2a: Slowbro\n|-resisted|p2a: Slowbro\n|-damage|p2a: Slowbro|170/300 par\n|cant|p2a: Slowbro|par\n|\n|-heal|p2a: Slowbro|188/300 par|[from] item: Leftovers\n|upkeep\n|turn|22\n|inactive|Time left: 300 sec this turn | 300 sec total\n|\n|t:|1783558368\n|move|p1a: Swanna|Brave Bird|p2a: Slowbro\n|-damage|p2a: Slowbro|77/300 par\n|-damage|p1a: Swanna|67/100|[from] Recoil\n|move|p2a: Slowbro|Scald|p1a: Swanna\n|-resisted|p1a: Swanna\n|-damage|p1a: Swanna|48/100\n|\n|-heal|p2a: Slowbro|95/300 par|[from] item: Leftovers\n|upkeep\n|turn|23\n|inactive|Time left: 300 sec this turn | 300 sec total\n|\n|t:|1783558369\n|switch|p2a: Clodsire|Clodsire, L81, M, tera:Steel|291/343\n|move|p1a: Swanna|Brave Bird|p2a: Clodsire\n|-resisted|p2a: Clodsire\n|-damage|p2a: Clodsire|207/343\n|-damage|p1a: Swanna|38/100|[from] Recoil\n|\n|-heal|p2a: Clodsire|228/343|[from] item: Leftovers\n|upkeep\n|turn|24\n|inactive|Time left: 300 sec this turn | 300 sec total\n|\n|t:|1783558370\n|switch|p1a: Great Tusk|Great Tusk, L77|89/100\n|move|p2a: Clodsire|Toxic|p1a: Great Tusk\n|-status|p1a: Great Tusk|tox\n|\n|-heal|p1a: Great Tusk|96/100 tox|[from] item: Leftovers\n|-heal|p2a: Clodsire|249/343|[from] item: Leftovers\n|-damage|p1a: Great Tusk|89/100 tox|[from] psn\n|upkeep\n|turn|25\n|inactive|Time left: 300 sec this turn | 300 sec total\n|\n|t:|1783558371\n|switch|p2a: Slowbro|Slowbro, L85, F|195/300 par\n|move|p1a: Great Tusk|Earthquake|p2a: Slowbro\n|-damage|p2a: Slowbro|107/300 par\n|\n|-heal|p1a: Great Tusk|96/100 tox|[from] item: Leftovers\n|-heal|p2a: Slowbro|125/300 par|[from] item: Leftovers\n|-damage|p1a: Great Tusk|83/100 tox|[from] psn\n|upkeep\n|turn|26\n|inactive|Time left: 300 sec this turn | 300 sec total\n|\n|t:|1783558373\n|move|p1a: Great Tusk|Earthquake|p2a: Slowbro\n|-damage|p2a: Slowbro|34/300 par\n|move|p2a: Slowbro|Scald|p1a: Great Tusk\n|-supereffective|p1a: Great Tusk\n|-damage|p1a: Great Tusk|0 fnt\n|faint|p1a: Great Tusk\n|-end|p1a: Great Tusk|Protosynthesis|[silent]\n|\n|-heal|p2a: Slowbro|52/300 par|[from] item: Leftovers\n|upkeep\n|\n|t:|1783558374\n|switch|p1a: Calyrex|Calyrex, L93, tera:Steel|24/100\n|-ability|p1a: Calyrex|Unnerve\n|turn|27\n|inactive|Time left: 300 sec this turn | 300 sec total\n|\n|t:|1783558375\n|switch|p2a: Clodsire|Clodsire, L81, M, tera:Steel|249/343\n|move|p1a: Calyrex|Leech Seed|p2a: Clodsire|[miss]\n|-miss|p1a: Calyrex|p2a: Clodsire\n|\n|-heal|p1a: Calyrex|30/100|[from] item: Leftovers\n|-heal|p2a: Clodsire|270/343|[from] item: Leftovers\n|upkeep\n|turn|28\n|inactive|Time left: 300 sec this turn | 300 sec total\n|\n|t:|1783558376\n|move|p1a: Calyrex|Leech Seed|p2a: Clodsire\n|-start|p2a: Clodsire|move: Leech Seed\n|move|p2a: Clodsire|Earthquake|p1a: Calyrex\n|-supereffective|p1a: Calyrex\n|-damage|p1a: Calyrex|0 fnt\n|faint|p1a: Calyrex\n|\n|-heal|p2a: Clodsire|291/343|[from] item: Leftovers\n|upkeep\n|\n|t:|1783558377\n|switch|p1a: Kyogre|Kyogre, L71|42/100\n|-weather|RainDance|[from] ability: Drizzle|[of] p1a: Kyogre\n|turn|29\n|inactive|Time left: 300 sec this turn | 300 sec total\n|\n|t:|1783558378\n|switch|p2a: Slowbro|Slowbro, L85, F|152/300 par\n|move|p1a: Kyogre|Thunder|p2a: Slowbro\n|-supereffective|p2a: Slowbro\n|-damage|p2a: Slowbro|0 fnt\n|faint|p2a: Slowbro\n|\n|-weather|RainDance|[upkeep]\n|upkeep\n|inactive|Time left: 300 sec this turn | 300 sec total | 5 sec grace\n|\n|t:|1783558379\n|switch|p2a: Clodsire|Clodsire, L81, M, tera:Steel|291/343\n|turn|30\n|inactive|Time left: 300 sec this turn | 300 sec total\n|\n|t:|1783558380\n|move|p1a: Kyogre|Thunder|p2a: Clodsire\n|-crit|p2a: Clodsire\n|-damage|p2a: Clodsire|182/343\n|move|p2a: Clodsire|Toxic|p1a: Kyogre\n|-status|p1a: Kyogre|tox\n|\n|-weather|RainDance|[upkeep]\n|-heal|p2a: Clodsire|203/343|[from] item: Leftovers\n|-damage|p1a: Kyogre|36/100 tox|[from] psn\n|upkeep\n|turn|31\n|inactive|Time left: 300 sec this turn | 300 sec total\n|\n|t:|1783558381\n|move|p1a: Kyogre|Thunder|p2a: Clodsire\n|-damage|p2a: Clodsire|133/343\n|move|p2a: Clodsire|Recover|p2a: Clodsire\n|-heal|p2a: Clodsire|305/343\n|\n|-weather|RainDance|[upkeep]\n|-heal|p2a: Clodsire|326/343|[from] item: Leftovers\n|-damage|p1a: Kyogre|23/100 tox|[from] psn\n|upkeep\n|turn|32\n|inactive|Time left: 300 sec this turn | 300 sec total\n|\n|t:|1783558382\n|move|p1a: Kyogre|Thunder|p2a: Clodsire\n|-damage|p2a: Clodsire|249/343\n|move|p2a: Clodsire|Earthquake|p1a: Kyogre\n|-damage|p1a: Kyogre|0 fnt\n|faint|p1a: Kyogre\n|\n|-weather|RainDance|[upkeep]\n|-heal|p2a: Clodsire|270/343|[from] item: Leftovers\n|upkeep\n|\n|t:|1783558383\n|switch|p1a: Swanna|Swanna, L89, M|38/100\n|turn|33\n|inactive|Time left: 300 sec this turn | 300 sec total\n|\n|t:|1783558384\n|move|p1a: Swanna|Roost|p1a: Swanna\n|-heal|p1a: Swanna|88/100\n|-singleturn|p1a: Swanna|move: Roost\n|move|p2a: Clodsire|Toxic|p1a: Swanna\n|-status|p1a: Swanna|tox\n|\n|-weather|none\n|-heal|p2a: Clodsire|291/343|[from] item: Leftovers\n|-damage|p1a: Swanna|81/100 tox|[from] psn\n|upkeep\n|turn|34\n|inactive|Time left: 300 sec this turn | 300 sec total\n|\n|t:|1783558385\n|move|p1a: Swanna|Roost|p1a: Swanna\n|-heal|p1a: Swanna|100/100 tox\n|-singleturn|p1a: Swanna|move: Roost\n|move|p2a: Clodsire|Earthquake|p1a: Swanna\n|-damage|p1a: Swanna|65/100 tox\n|\n|-heal|p2a: Clodsire|312/343|[from] item: Leftovers\n|-damage|p1a: Swanna|53/100 tox|[from] psn\n|upkeep\n|turn|35\n|inactive|Time left: 300 sec this turn | 300 sec total\n|\n|t:|1783558386\n|move|p1a: Swanna|Roost|p1a: Swanna\n|-heal|p1a: Swanna|100/100 tox\n|-singleturn|p1a: Swanna|move: Roost\n|move|p2a: Clodsire|Earthquake|p1a: Swanna\n|-damage|p1a: Swanna|65/100 tox\n|\n|-heal|p2a: Clodsire|333/343|[from] item: Leftovers\n|-damage|p1a: Swanna|46/100 tox|[from] psn\n|upkeep\n|turn|36\n|inactive|Time left: 300 sec this turn | 300 sec total\n|\n|t:|1783558387\n|move|p1a: Swanna|Roost|p1a: Swanna\n|-heal|p1a: Swanna|96/100 tox\n|-singleturn|p1a: Swanna|move: Roost\n|move|p2a: Clodsire|Earthquake|p1a: Swanna\n|-damage|p1a: Swanna|58/100 tox\n|\n|-heal|p2a: Clodsire|343/343|[from] item: Leftovers\n|-damage|p1a: Swanna|34/100 tox|[from] psn\n|upkeep\n|turn|37\n|inactive|Time left: 300 sec this turn | 300 sec total\n|\n|t:|1783558388\n|move|p1a: Swanna|Roost|p1a: Swanna\n|-heal|p1a: Swanna|84/100 tox\n|-singleturn|p1a: Swanna|move: Roost\n|move|p2a: Clodsire|Earthquake|p1a: Swanna\n|-damage|p1a: Swanna|48/100 tox\n|\n|-damage|p1a: Swanna|17/100 tox|[from] psn\n|upkeep\n|turn|38\n|inactive|Time left: 300 sec this turn | 300 sec total\n|\n|t:|1783558389\n|move|p1a: Swanna|Brave Bird|p2a: Clodsire\n|-resisted|p2a: Clodsire\n|-damage|p2a: Clodsire|259/343\n|-damage|p1a: Swanna|7/100 tox|[from] Recoil\n|move|p2a: Clodsire|Recover|p2a: Clodsire\n|-heal|p2a: Clodsire|343/343\n|\n|-damage|p1a: Swanna|0 fnt|[from] psn\n|faint|p1a: Swanna\n|\n|win|p0y1649b531", "uploadtime": 1783558389, "views": 0, "rating": 0, "private": 0, "password": null, "_winner": "p0y1649b531", "_our_name": "p0y1649b531"}