{"id": "battle-gen9randombattle-2120", "formatid": "gen9randombattle", "format": "[Gen 9] Random Battle", "players": ["p0x21201adb", "p0y21203846"], "log": "|init|battle\n|title|p0x21201adb vs. p0y21203846\n|j|\u2606p0x21201adb\n|j|\u2606p0y21203846\n|t:|1783564549\n|gametype|singles\n|player|p1|p0x21201adb|102|\n|player|p2|p0y21203846|266|\n|gen|9\n|tier|[Gen 9] Random Battle\n|rule|Species Clause: Limit one of each Pok\u00e9mon\n|rule|HP Percentage Mod: HP is shown in percentages\n|rule|Sleep Clause Mod: Limit one foe put to sleep\n|rule|Illusion Level Mod: Illusion disguises the Pok\u00e9mon's true level\n|\n|t:|1783564549\n|teamsize|p1|6\n|teamsize|p2|6\n|start\n|switch|p1a: Empoleon|Empoleon, L84, F|100/100\n|switch|p2a: Archaludon|Archaludon, L78, M|268/268\n|turn|1\n|inactive|Battle timer is ON: inactive players will automatically lose when time's up. (requested by p0y21203846)\n|inactive|p0x21201adb also wants the timer to be on.\n|\n|t:|1783564550\n|move|p2a: Archaludon|Thunder Wave|p1a: Empoleon\n|-status|p1a: Empoleon|par\n|move|p1a: Empoleon|Stealth Rock|p2a: Archaludon\n|-sidestart|p2: p0y21203846|move: Stealth Rock\n|\n|upkeep\n|turn|2\n|inactive|Time left: 300 sec this turn | 300 sec total\n|\n|t:|1783564551\n|move|p2a: Archaludon|Body Press|p1a: Empoleon\n|-supereffective|p1a: Empoleon\n|-crit|p1a: Empoleon\n|-damage|p1a: Empoleon|34/100 par\n|move|p1a: Empoleon|Ice Beam|p2a: Archaludon\n|-damage|p2a: Archaludon|171/268\n|-ability|p2a: Archaludon|Stamina|boost\n|-boost|p2a: Archaludon|def|1\n|\n|-heal|p2a: Archaludon|187/268|[from] item: Leftovers\n|-heal|p1a: Empoleon|40/100 par|[from] item: Leftovers\n|upkeep\n|turn|3\n|inactive|Time left: 300 sec this turn | 300 sec total\n|\n|t:|1783564552\n|move|p2a: Archaludon|Body Press|p1a: Empoleon\n|-supereffective|p1a: Empoleon\n|-damage|p1a: Empoleon|0 fnt\n|faint|p1a: Empoleon\n|\n|-heal|p2a: Archaludon|203/268|[from] item: Leftovers\n|upkeep\n|\n|t:|1783564553\n|switch|p1a: Eelektross|Eelektross, L87, F|100/100\n|turn|4\n|inactive|Time left: 300 sec this turn | 300 sec total\n|\n|t:|1783564555\n|move|p2a: Archaludon|Body Press|p1a: Eelektross\n|-damage|p1a: Eelektross|66/100\n|move|p1a: Eelektross|Discharge|p2a: Archaludon\n|-resisted|p2a: Archaludon\n|-damage|p2a: Archaludon|134/268\n|-status|p2a: Archaludon|par\n|-ability|p2a: Archaludon|Stamina|boost\n|-boost|p2a: Archaludon|def|1\n|\n|-heal|p2a: Archaludon|150/268 par|[from] item: Leftovers\n|upkeep\n|turn|5\n|inactive|Time left: 300 sec this turn | 300 sec total\n|\n|t:|1783564556\n|move|p1a: Eelektross|Flamethrower|p2a: Archaludon\n|-damage|p2a: Archaludon|60/268 par\n|-ability|p2a: Archaludon|Stamina|boost\n|-boost|p2a: Archaludon|def|1\n|cant|p2a: Archaludon|par\n|\n|-heal|p2a: Archaludon|76/268 par|[from] item: Leftovers\n|upkeep\n|turn|6\n|inactive|Time left: 300 sec this turn | 300 sec total\n|\n|t:|1783564557\n|move|p1a: Eelektross|Flamethrower|p2a: Archaludon\n|-damage|p2a: Archaludon|0 fnt\n|faint|p2a: Archaludon\n|\n|upkeep\n|inactive|Time left: 300 sec this turn | 300 sec total | 5 sec grace\n|\n|t:|1783564558\n|switch|p2a: Heracross|Heracross, L80, F|259/259\n|-damage|p2a: Heracross|227/259|[from] Stealth Rock\n|turn|7\n|inactive|Time left: 300 sec this turn | 300 sec total\n|\n|t:|1783564559\n|move|p2a: Heracross|Close Combat|p1a: Eelektross\n|-damage|p1a: Eelektross|0 fnt\n|-unboost|p2a: Heracross|def|1\n|-unboost|p2a: Heracross|spd|1\n|faint|p1a: Eelektross\n|-ability|p2a: Heracross|Moxie|boost\n|-boost|p2a: Heracross|atk|1\n|\n|upkeep\n|\n|t:|1783564560\n|switch|p1a: Granbull|Granbull, L88, M|100/100\n|-ability|p1a: Granbull|Intimidate|boost\n|-unboost|p2a: Heracross|atk|1\n|turn|8\n|inactive|Time left: 300 sec this turn | 300 sec total\n|\n|t:|1783564562\n|switch|p2a: Inteleon|Inteleon, L81, M|246/246\n|-damage|p2a: Inteleon|216/246|[from] Stealth Rock\n|move|p1a: Granbull|Play Rough|p2a: Inteleon\n|-damage|p2a: Inteleon|66/246\n|\n|upkeep\n|turn|9\n|inactive|Time left: 300 sec this turn | 300 sec total\n|\n|t:|1783564563\n|move|p2a: Inteleon|Hydro Pump|p1a: Granbull\n|-damage|p1a: Granbull|0 fnt\n|faint|p1a: Granbull\n|\n|upkeep\n|\n|t:|1783564564\n|switch|p1a: Electivire|Electivire, L84, M|100/100\n|turn|10\n|inactive|Time left: 300 sec this turn | 300 sec total\n|\n|t:|1783564565\n|move|p1a: Electivire|Supercell Slam|p2a: Inteleon\n|-supereffective|p2a: Inteleon\n|-damage|p2a: Inteleon|0 fnt\n|faint|p2a: Inteleon\n|\n|upkeep\n|inactive|Time left: 300 sec this turn | 300 sec total | 5 sec grace\n|\n|t:|1783564566\n|switch|p2a: Cacturne|Cacturne, L92, M|278/278\n|-damage|p2a: Cacturne|244/278|[from] Stealth Rock\n|turn|11\n|inactive|Time left: 300 sec this turn | 300 sec total\n|\n|t:|1783564567\n|move|p1a: Electivire|Supercell Slam|p2a: Cacturne\n|-resisted|p2a: Cacturne\n|-damage|p2a: Cacturne|166/278\n|move|p2a: Cacturne|Knock Off|p1a: Electivire\n|-damage|p1a: Electivire|15/100\n|-enditem|p1a: Electivire|Choice Scarf|[from] move: Knock Off|[of] p2a: Cacturne\n|-damage|p2a: Cacturne|139/278|[from] item: Life Orb\n|\n|upkeep\n|turn|12\n|inactive|Time left: 300 sec this turn | 300 sec total\n|\n|t:|1783564568\n|move|p2a: Cacturne|Sucker Punch|p1a: Electivire\n|-damage|p1a: Electivire|0 fnt\n|faint|p1a: Electivire\n|-damage|p2a: Cacturne|112/278|[from] item: Life Orb\n|\n|upkeep\n|\n|t:|1783564569\n|switch|p1a: Glalie|Glalie, L96, M|100/100\n|turn|13\n|inactive|Time left: 300 sec this turn | 300 sec total\n|\n|t:|1783564570\n|move|p2a: Cacturne|Sucker Punch|p1a: Glalie\n|-damage|p1a: Glalie|59/100\n|-damage|p2a: Cacturne|85/278|[from] item: Life Orb\n|move|p1a: Glalie|Freeze-Dry|p2a: Cacturne\n|-supereffective|p2a: Cacturne\n|-damage|p2a: Cacturne|0 fnt\n|faint|p2a: Cacturne\n|\n|upkeep\n|inactive|Time left: 300 sec this turn | 300 sec total | 5 sec grace\n|\n|t:|1783564571\n|switch|p2a: Heracross|Heracross, L80, F|227/259\n|-damage|p2a: Heracross|195/259|[from] Stealth Rock\n|turn|14\n|inactive|Time left: 300 sec this turn | 300 sec total\n|\n|t:|1783564572\n|move|p1a: Glalie|Freeze-Dry|p2a: Heracross\n|-damage|p2a: Heracross|117/259\n|move|p2a: Heracross|Earthquake|p1a: Glalie\n|-damage|p1a: Glalie|25/100\n|\n|upkeep\n|turn|15\n|inactive|Time left: 300 sec this turn | 300 sec total\n|\n|t:|1783564573\n|move|p1a: Glalie|Freeze-Dry|p2a: Heracross\n|-damage|p2a: Heracross|35/259\n|move|p2a: Heracross|Earthquake|p1a: Glalie\n|-damage|p1a: Glalie|0 fnt\n|faint|p1a: Glalie\n|-ability|p2a: Heracross|Moxie|boost\n|-boost|p2a: Heracross|atk|1\n|\n|upkeep\n|\n|t:|1783564574\n|switch|p1a: Cinccino|Cinccino, L83, F|100/100\n|turn|16\n|inactive|Time left: 300 sec this turn | 300 sec total\n|\n|t:|1783564575\n|-terastallize|p1a: Cinccino|Grass\n|move|p1a: Cinccino|Tidy Up|p1a: Cinccino\n|-sideend|p2: p0y21203846|Stealth Rock\n|-activate|p1a: Cinccino|move: Tidy Up\n|-boost|p1a: Cinccino|atk|1\n|-boost|p1a: Cinccino|spe|1\n|move|p2a: Heracross|Earthquake|p1a: Cinccino\n|-resisted|p1a: Cinccino\n|-damage|p1a: Cinccino|54/100\n|\n|upkeep\n|turn|17\n|inactive|Time left: 300 sec this turn | 300 sec total\n|\n|t:|1783564576\n|move|p1a: Cinccino|Tidy Up|p1a: Cinccino\n|-boost|p1a: Cinccino|atk|1\n|-boost|p1a: Cinccino|spe|1\n|move|p2a: Heracross|Earthquake|p1a: Cinccino\n|-resisted|p1a: Cinccino\n|-damage|p1a: Cinccino|7/100\n|\n|upkeep\n|turn|18\n|inactive|Time left: 300 sec this turn | 300 sec total\n|\n|t:|1783564576\n|-terastallize|p2a: Heracross|Fighting\n|move|p1a: Cinccino|Bullet Seed|p2a: Heracross\n|-damage|p2a: Heracross|0 fnt\n|faint|p2a: Heracross\n|-hitcount|p2: Heracross|1\n|\n|upkeep\n|inactive|Time left: 300 sec this turn | 300 sec total | 5 sec grace\n|\n|t:|1783564577\n|switch|p2a: Pikachu|Pikachu-Partner, L93, F|216/216\n|turn|19\n|inactive|Time left: 300 sec this turn | 300 sec total\n|\n|t:|1783564578\n|move|p2a: Pikachu|Fake Out|p1a: Cinccino\n|-damage|p1a: Cinccino|0 fnt\n|faint|p1a: Cinccino\n|\n|win|p0y21203846", "uploadtime": 1783564578, "views": 0, "rating": 0, "private": 0, "password": null, "_winner": "p0y21203846", "_our_name": "p0y21203846"}