{"id": "battle-gen9randombattle-665", "formatid": "gen9randombattle", "format": "[Gen 9] Random Battle", "players": ["p0x665bc7e", "p0y66518f5"], "log": "|init|battle\n|title|p0x665bc7e vs. p0y66518f5\n|j|\u2606p0x665bc7e\n|j|\u2606p0y66518f5\n|t:|1783547535\n|gametype|singles\n|player|p1|p0x665bc7e|170|\n|player|p2|p0y66518f5|265|\n|gen|9\n|tier|[Gen 9] Random Battle\n|rule|Species Clause: Limit one of each Pok\u00e9mon\n|rule|HP Percentage Mod: HP is shown in percentages\n|rule|Sleep Clause Mod: Limit one foe put to sleep\n|rule|Illusion Level Mod: Illusion disguises the Pok\u00e9mon's true level\n|\n|t:|1783547535\n|teamsize|p1|6\n|teamsize|p2|6\n|start\n|switch|p1a: Excadrill|Excadrill, L79, M|100/100\n|switch|p2a: Raikou|Raikou, L81|278/278\n|-ability|p2a: Raikou|Pressure\n|-ability|p1a: Excadrill|Mold Breaker\n|turn|1\n|inactive|Battle timer is ON: inactive players will automatically lose when time's up. (requested by p0y66518f5)\n|inactive|p0x665bc7e also wants the timer to be on.\n|\n|t:|1783547537\n|move|p2a: Raikou|Substitute|p2a: Raikou\n|-start|p2a: Raikou|Substitute\n|-damage|p2a: Raikou|209/278\n|move|p1a: Excadrill|Earthquake|p2a: Raikou\n|-supereffective|p2a: Raikou\n|-end|p2a: Raikou|Substitute\n|\n|-heal|p2a: Raikou|226/278|[from] item: Leftovers\n|upkeep\n|turn|2\n|inactive|Time left: 300 sec this turn | 300 sec total\n|\n|t:|1783547538\n|move|p2a: Raikou|Scald|p1a: Excadrill\n|-supereffective|p1a: Excadrill\n|-damage|p1a: Excadrill|63/100\n|move|p1a: Excadrill|Earthquake|p2a: Raikou\n|-supereffective|p2a: Raikou\n|-damage|p2a: Raikou|0 fnt\n|faint|p2a: Raikou\n|\n|upkeep\n|inactive|Time left: 300 sec this turn | 300 sec total | 5 sec grace\n|\n|t:|1783547539\n|switch|p2a: Hitmontop|Hitmontop, L88, M|231/231\n|turn|3\n|inactive|Time left: 300 sec this turn | 300 sec total\n|\n|t:|1783547541\n|move|p1a: Excadrill|Iron Head|p2a: Hitmontop\n|-damage|p2a: Hitmontop|138/231\n|move|p2a: Hitmontop|Triple Axel|p1a: Excadrill\n|-damage|p1a: Excadrill|53/100\n|-damage|p1a: Excadrill|32/100\n|-damage|p1a: Excadrill|0 fnt\n|faint|p1a: Excadrill\n|-hitcount|p1: Excadrill|3\n|\n|-heal|p2a: Hitmontop|152/231|[from] item: Leftovers\n|upkeep\n|\n|t:|1783547542\n|switch|p1a: Blaziken|Blaziken, L76, F|100/100\n|turn|4\n|inactive|Time left: 300 sec this turn | 300 sec total\n|\n|t:|1783547543\n|move|p2a: Hitmontop|Close Combat|p1a: Blaziken\n|-damage|p1a: Blaziken|24/100\n|-unboost|p2a: Hitmontop|def|1\n|-unboost|p2a: Hitmontop|spd|1\n|move|p1a: Blaziken|Close Combat|p2a: Hitmontop\n|-damage|p2a: Hitmontop|0 fnt\n|-unboost|p1a: Blaziken|def|1\n|-unboost|p1a: Blaziken|spd|1\n|faint|p2a: Hitmontop\n|-damage|p1a: Blaziken|14/100|[from] item: Life Orb\n|\n|-ability|p1a: Blaziken|Speed Boost|boost\n|-boost|p1a: Blaziken|spe|1\n|upkeep\n|inactive|Time left: 300 sec this turn | 300 sec total | 5 sec grace\n|\n|t:|1783547544\n|switch|p2a: Skeledirge|Skeledirge, L79, F|294/294\n|turn|5\n|inactive|Time left: 300 sec this turn | 300 sec total\n|\n|t:|1783547545\n|move|p1a: Blaziken|Protect|p1a: Blaziken\n|-singleturn|p1a: Blaziken|Protect\n|move|p2a: Skeledirge|Torch Song|p1a: Blaziken\n|-activate|p1a: Blaziken|move: Protect\n|\n|-ability|p1a: Blaziken|Speed Boost|boost\n|-boost|p1a: Blaziken|spe|1\n|upkeep\n|turn|6\n|inactive|Time left: 300 sec this turn | 300 sec total\n|\n|t:|1783547546\n|switch|p1a: Cresselia|Cresselia, L80, F|100/100\n|move|p2a: Skeledirge|Torch Song|p1a: Cresselia\n|-damage|p1a: Cresselia|79/100\n|-boost|p2a: Skeledirge|spa|1\n|\n|-heal|p1a: Cresselia|85/100|[from] item: Leftovers\n|upkeep\n|turn|7\n|inactive|Time left: 300 sec this turn | 300 sec total\n|\n|t:|1783547548\n|move|p1a: Cresselia|Thunderbolt|p2a: Skeledirge\n|-damage|p2a: Skeledirge|240/294\n|move|p2a: Skeledirge|Torch Song|p1a: Cresselia\n|-damage|p1a: Cresselia|51/100\n|-boost|p2a: Skeledirge|spa|1\n|\n|-heal|p1a: Cresselia|57/100|[from] item: Leftovers\n|upkeep\n|turn|8\n|inactive|Time left: 300 sec this turn | 300 sec total\n|\n|t:|1783547549\n|move|p1a: Cresselia|Moonlight|p1a: Cresselia\n|-heal|p1a: Cresselia|100/100\n|move|p2a: Skeledirge|Shadow Ball|p1a: Cresselia\n|-supereffective|p1a: Cresselia\n|-damage|p1a: Cresselia|20/100\n|\n|-heal|p1a: Cresselia|26/100|[from] item: Leftovers\n|upkeep\n|turn|9\n|inactive|Time left: 300 sec this turn | 300 sec total\n|\n|t:|1783547550\n|switch|p1a: Chansey|Chansey, L85, F|100/100\n|move|p2a: Skeledirge|Torch Song|p1a: Chansey\n|-damage|p1a: Chansey|83/100\n|-boost|p2a: Skeledirge|spa|1\n|\n|upkeep\n|turn|10\n|inactive|Time left: 300 sec this turn | 300 sec total\n|\n|t:|1783547551\n|move|p2a: Skeledirge|Flame Charge|p1a: Chansey\n|-damage|p1a: Chansey|66/100\n|-boost|p2a: Skeledirge|spe|1\n|move|p1a: Chansey|Soft-Boiled|p1a: Chansey\n|-heal|p1a: Chansey|100/100\n|\n|upkeep\n|turn|11\n|inactive|Time left: 300 sec this turn | 300 sec total\n|\n|t:|1783547552\n|move|p2a: Skeledirge|Torch Song|p1a: Chansey\n|-damage|p1a: Chansey|80/100\n|-boost|p2a: Skeledirge|spa|1\n|move|p1a: Chansey|Thunder Wave|p2a: Skeledirge\n|-status|p2a: Skeledirge|par\n|\n|upkeep\n|turn|12\n|inactive|Time left: 300 sec this turn | 300 sec total\n|\n|t:|1783547553\n|move|p1a: Chansey|Soft-Boiled|p1a: Chansey\n|-heal|p1a: Chansey|100/100\n|move|p2a: Skeledirge|Torch Song|p1a: Chansey\n|-damage|p1a: Chansey|77/100\n|-boost|p2a: Skeledirge|spa|1\n|\n|upkeep\n|turn|13\n|inactive|Time left: 300 sec this turn | 300 sec total\n|\n|t:|1783547554\n|move|p1a: Chansey|Soft-Boiled|p1a: Chansey\n|-heal|p1a: Chansey|100/100\n|move|p2a: Skeledirge|Torch Song|p1a: Chansey\n|-damage|p1a: Chansey|69/100\n|-boost|p2a: Skeledirge|spa|1\n|\n|upkeep\n|turn|14\n|inactive|Time left: 300 sec this turn | 300 sec total\n|\n|t:|1783547556\n|move|p1a: Chansey|Stealth Rock|p2a: Skeledirge\n|-sidestart|p2: p0y66518f5|move: Stealth Rock\n|cant|p2a: Skeledirge|par\n|\n|upkeep\n|turn|15\n|inactive|Time left: 300 sec this turn | 300 sec total\n|\n|t:|1783547557\n|move|p1a: Chansey|Soft-Boiled|p1a: Chansey\n|-heal|p1a: Chansey|100/100\n|move|p2a: Skeledirge|Flame Charge|p1a: Chansey\n|-damage|p1a: Chansey|85/100\n|-boost|p2a: Skeledirge|spe|1\n|\n|upkeep\n|turn|16\n|inactive|Time left: 300 sec this turn | 300 sec total\n|\n|t:|1783547558\n|cant|p2a: Skeledirge|par\n|move|p1a: Chansey|Soft-Boiled|p1a: Chansey\n|-heal|p1a: Chansey|100/100\n|\n|upkeep\n|turn|17\n|inactive|Time left: 300 sec this turn | 300 sec total\n|\n|t:|1783547559\n|cant|p2a: Skeledirge|par\n|move|p1a: Chansey|Seismic Toss|p2a: Skeledirge\n|-immune|p2a: Skeledirge\n|\n|upkeep\n|turn|18\n|inactive|Time left: 300 sec this turn | 300 sec total\n|\n|t:|1783547560\n|move|p2a: Skeledirge|Torch Song|p1a: Chansey\n|-damage|p1a: Chansey|65/100\n|move|p1a: Chansey|Seismic Toss|p2a: Skeledirge\n|-immune|p2a: Skeledirge\n|\n|upkeep\n|turn|19\n|inactive|Time left: 300 sec this turn | 300 sec total\n|\n|t:|1783547561\n|move|p2a: Skeledirge|Torch Song|p1a: Chansey\n|-damage|p1a: Chansey|29/100\n|move|p1a: Chansey|Soft-Boiled|p1a: Chansey\n|-heal|p1a: Chansey|79/100\n|\n|upkeep\n|turn|20\n|inactive|Time left: 300 sec this turn | 300 sec total\n|\n|t:|1783547562\n|move|p2a: Skeledirge|Shadow Ball|p1a: Chansey\n|-immune|p1a: Chansey\n|move|p1a: Chansey|Soft-Boiled|p1a: Chansey\n|-heal|p1a: Chansey|100/100\n|\n|upkeep\n|turn|21\n|inactive|Time left: 300 sec this turn | 300 sec total\n|\n|t:|1783547563\n|move|p2a: Skeledirge|Torch Song|p1a: Chansey\n|-damage|p1a: Chansey|65/100\n|move|p1a: Chansey|Soft-Boiled|p1a: Chansey\n|-heal|p1a: Chansey|100/100\n|\n|upkeep\n|turn|22\n|inactive|Time left: 300 sec this turn | 300 sec total\n|\n|t:|1783547564\n|switch|p1a: Cresselia|Cresselia, L80, F|26/100\n|move|p2a: Skeledirge|Torch Song|p1a: Cresselia\n|-damage|p1a: Cresselia|0 fnt\n|faint|p1a: Cresselia\n|\n|upkeep\n|\n|t:|1783547565\n|switch|p1a: Scovillain|Scovillain, L91, M|100/100\n|turn|23\n|inactive|Time left: 300 sec this turn | 300 sec total\n|\n|t:|1783547566\n|move|p1a: Scovillain|Stomping Tantrum|p2a: Skeledirge\n|-supereffective|p2a: Skeledirge\n|-damage|p2a: Skeledirge|108/294 par\n|move|p2a: Skeledirge|Torch Song|p1a: Scovillain\n|-damage|p1a: Scovillain|0 fnt\n|faint|p1a: Scovillain\n|\n|upkeep\n|\n|t:|1783547567\n|switch|p1a: Venomoth|Venomoth, L84, M|100/100\n|turn|24\n|inactive|Time left: 300 sec this turn | 300 sec total\n|\n|t:|1783547568\n|move|p1a: Venomoth|Sludge Wave|p2a: Skeledirge\n|-resisted|p2a: Skeledirge\n|-damage|p2a: Skeledirge|0 fnt\n|faint|p2a: Skeledirge\n|\n|upkeep\n|inactive|Time left: 300 sec this turn | 300 sec total | 5 sec grace\n|\n|t:|1783547569\n|switch|p2a: Toxtricity|Toxtricity, L82, M|257/257\n|-damage|p2a: Toxtricity|225/257|[from] Stealth Rock\n|turn|25\n|inactive|Time left: 300 sec this turn | 300 sec total\n|\n|t:|1783547570\n|move|p1a: Venomoth|Quiver Dance|p1a: Venomoth\n|-boost|p1a: Venomoth|spa|1\n|-boost|p1a: Venomoth|spd|1\n|-boost|p1a: Venomoth|spe|1\n|move|p2a: Toxtricity|Boomburst|p1a: Venomoth\n|-crit|p1a: Venomoth\n|-damage|p1a: Venomoth|0 fnt\n|faint|p1a: Venomoth\n|\n|upkeep\n|\n|t:|1783547571\n|switch|p1a: Blaziken|Blaziken, L76, F|14/100\n|turn|26\n|inactive|Time left: 300 sec this turn | 300 sec total\n|\n|t:|1783547572\n|move|p1a: Blaziken|Protect|p1a: Blaziken\n|-singleturn|p1a: Blaziken|Protect\n|move|p2a: Toxtricity|Boomburst|p1a: Blaziken\n|-activate|p1a: Blaziken|move: Protect\n|\n|-ability|p1a: Blaziken|Speed Boost|boost\n|-boost|p1a: Blaziken|spe|1\n|upkeep\n|turn|27\n|inactive|Time left: 300 sec this turn | 300 sec total\n|\n|t:|1783547573\n|move|p1a: Blaziken|Flare Blitz|p2a: Toxtricity\n|-damage|p2a: Toxtricity|44/257\n|-damage|p1a: Blaziken|0 fnt|[from] Recoil\n|faint|p1a: Blaziken\n|move|p2a: Toxtricity|Boomburst|p1: Blaziken|[notarget]\n|-fail|p2a: Toxtricity\n|\n|upkeep\n|\n|t:|1783547574\n|switch|p1a: Chansey|Chansey, L85, F|100/100\n|turn|28\n|inactive|Time left: 300 sec this turn | 300 sec total\n|\n|t:|1783547575\n|switch|p2a: Sableye|Sableye, L88, M|231/231\n|-damage|p2a: Sableye|203/231|[from] Stealth Rock\n|move|p1a: Chansey|Seismic Toss|p2a: Sableye\n|-immune|p2a: Sableye\n|\n|-heal|p2a: Sableye|217/231|[from] item: Leftovers\n|upkeep\n|turn|29\n|inactive|Time left: 300 sec this turn | 300 sec total\n|\n|t:|1783547576\n|move|p2a: Sableye|Knock Off|p1a: Chansey\n|-damage|p1a: Chansey|60/100\n|-enditem|p1a: Chansey|Eviolite|[from] move: Knock Off|[of] p2a: Sableye\n|move|p1a: Chansey|Thunder Wave|p2a: Sableye\n|-status|p2a: Sableye|par\n|\n|-heal|p2a: Sableye|231/231 par|[from] item: Leftovers\n|upkeep\n|turn|30\n|inactive|Time left: 300 sec this turn | 300 sec total\n|\n|t:|1783547577\n|-terastallize|p1a: Chansey|Fairy\n|move|p1a: Chansey|Seismic Toss|p2a: Sableye\n|-immune|p2a: Sableye\n|move|p2a: Sableye|Knock Off|p1a: Chansey\n|-resisted|p1a: Chansey\n|-damage|p1a: Chansey|40/100\n|\n|upkeep\n|turn|31\n|inactive|Time left: 300 sec this turn | 300 sec total\n|\n|t:|1783547578\n|switch|p2a: Toxtricity|Toxtricity, L82, M|44/257\n|-damage|p2a: Toxtricity|12/257|[from] Stealth Rock\n|move|p1a: Chansey|Seismic Toss|p2a: Toxtricity\n|-damage|p2a: Toxtricity|0 fnt\n|faint|p2a: Toxtricity\n|\n|upkeep\n|inactive|Time left: 300 sec this turn | 300 sec total | 5 sec grace\n|\n|t:|1783547579\n|switch|p2a: Vileplume|Vileplume, L85, F|266/266\n|-damage|p2a: Vileplume|233/266|[from] Stealth Rock\n|turn|32\n|inactive|Time left: 300 sec this turn | 300 sec total\n|\n|t:|1783547579\n|-terastallize|p2a: Vileplume|Steel\n|move|p2a: Vileplume|Sludge Bomb|p1a: Chansey\n|-supereffective|p1a: Chansey\n|-damage|p1a: Chansey|9/100\n|move|p1a: Chansey|Thunder Wave|p2a: Vileplume\n|-status|p2a: Vileplume|par\n|\n|-heal|p2a: Vileplume|249/266 par|[from] item: Leftovers\n|upkeep\n|turn|33\n|inactive|Time left: 300 sec this turn | 300 sec total\n|\n|t:|1783547580\n|move|p1a: Chansey|Thunder Wave|p2a: Vileplume|[miss]\n|-miss|p1a: Chansey|p2a: Vileplume\n|move|p2a: Vileplume|Giga Drain|p1a: Chansey\n|-crit|p1a: Chansey\n|-damage|p1a: Chansey|0 fnt\n|-heal|p2a: Vileplume|266/266 par|[from] drain|[of] p1a: Chansey\n|faint|p1a: Chansey\n|\n|win|p0y66518f5", "uploadtime": 1783547580, "views": 0, "rating": 0, "private": 0, "password": null, "_winner": "p0y66518f5", "_our_name": "p0y66518f5"}