{"id": "battle-gen9randombattle-2208", "formatid": "gen9randombattle", "format": "[Gen 9] Random Battle", "players": ["p0x2208eb3a", "p0y22085222"], "log": "|init|battle\n|title|p0x2208eb3a vs. p0y22085222\n|j|\u2606p0x2208eb3a\n|j|\u2606p0y22085222\n|t:|1783565623\n|gametype|singles\n|player|p1|p0x2208eb3a|266|\n|player|p2|p0y22085222|266|\n|gen|9\n|tier|[Gen 9] Random Battle\n|rule|Species Clause: Limit one of each Pok\u00e9mon\n|rule|HP Percentage Mod: HP is shown in percentages\n|rule|Sleep Clause Mod: Limit one foe put to sleep\n|rule|Illusion Level Mod: Illusion disguises the Pok\u00e9mon's true level\n|\n|t:|1783565623\n|teamsize|p1|6\n|teamsize|p2|6\n|start\n|switch|p1a: Roaring Moon|Roaring Moon, L72|100/100\n|switch|p2a: Comfey|Comfey, L85, M|225/225\n|turn|1\n|inactive|Battle timer is ON: inactive players will automatically lose when time's up. (requested by p0x2208eb3a)\n|\n|t:|1783565624\n|move|p2a: Comfey|Draining Kiss|p1a: Roaring Moon\n|-supereffective|p1a: Roaring Moon\n|-damage|p1a: Roaring Moon|28/100\n|move|p1a: Roaring Moon|Dragon Dance|p1a: Roaring Moon\n|-boost|p1a: Roaring Moon|atk|1\n|-boost|p1a: Roaring Moon|spe|1\n|\n|upkeep\n|turn|2\n|inactive|Time left: 300 sec this turn | 300 sec total | 60 sec grace\n|inactive|p0y22085222 also wants the timer to be on.\n|\n|t:|1783565625\n|-terastallize|p1a: Roaring Moon|Steel\n|move|p2a: Comfey|Draining Kiss|p1a: Roaring Moon\n|-resisted|p1a: Roaring Moon\n|-damage|p1a: Roaring Moon|18/100\n|move|p1a: Roaring Moon|Iron Head|p2a: Comfey\n|-supereffective|p2a: Comfey\n|-damage|p2a: Comfey|0 fnt\n|faint|p2a: Comfey\n|\n|upkeep\n|inactive|Time left: 300 sec this turn | 300 sec total | 65 sec grace\n|\n|t:|1783565626\n|switch|p2a: Electrode|Electrode, L92|260/260\n|turn|3\n|inactive|Time left: 300 sec this turn | 300 sec total\n|\n|t:|1783565627\n|move|p2a: Electrode|Thunderbolt|p1a: Roaring Moon\n|-damage|p1a: Roaring Moon|0 fnt\n|faint|p1a: Roaring Moon\n|-end|p1a: Roaring Moon|Protosynthesis|[silent]\n|\n|upkeep\n|\n|t:|1783565628\n|switch|p1a: Groudon|Groudon, L72|100/100\n|-weather|SunnyDay|[from] ability: Drought|[of] p1a: Groudon\n|turn|4\n|inactive|Time left: 300 sec this turn | 300 sec total\n|\n|t:|1783565629\n|switch|p2a: Persian|Persian-Alola, L86, F|252/252\n|move|p1a: Groudon|Heat Crash|p2a: Persian\n|-damage|p2a: Persian|161/252\n|\n|-weather|SunnyDay|[upkeep]\n|-heal|p2a: Persian|176/252|[from] item: Leftovers\n|upkeep\n|turn|5\n|inactive|Time left: 300 sec this turn | 300 sec total\n|\n|t:|1783565630\n|move|p2a: Persian|Nasty Plot|p2a: Persian\n|-boost|p2a: Persian|spa|2\n|move|p1a: Groudon|Precipice Blades|p2a: Persian\n|-damage|p2a: Persian|95/252\n|\n|-weather|SunnyDay|[upkeep]\n|-heal|p2a: Persian|110/252|[from] item: Leftovers\n|upkeep\n|turn|6\n|inactive|Time left: 300 sec this turn | 300 sec total\n|\n|t:|1783565632\n|move|p2a: Persian|Dark Pulse|p1a: Groudon\n|-damage|p1a: Groudon|38/100\n|move|p1a: Groudon|Roar|p2a: Persian\n|drag|p2a: Crawdaunt|Crawdaunt, L84, M|243/243\n|\n|-weather|SunnyDay|[upkeep]\n|-heal|p1a: Groudon|44/100|[from] item: Leftovers\n|upkeep\n|turn|7\n|inactive|Time left: 300 sec this turn | 300 sec total\n|\n|t:|1783565633\n|move|p1a: Groudon|Precipice Blades|p2a: Crawdaunt\n|-damage|p2a: Crawdaunt|107/243\n|move|p2a: Crawdaunt|Knock Off|p1a: Groudon\n|-damage|p1a: Groudon|0 fnt\n|-enditem|p1a: Groudon|Leftovers|[from] move: Knock Off|[of] p2a: Crawdaunt\n|faint|p1a: Groudon\n|\n|-weather|SunnyDay|[upkeep]\n|upkeep\n|\n|t:|1783565633\n|switch|p1a: Morpeko|Morpeko, L88, M|100/100\n|turn|8\n|inactive|Time left: 300 sec this turn | 300 sec total\n|\n|t:|1783565634\n|switch|p2a: Clefable|Clefable, L83, F|293/293\n|move|p1a: Morpeko|Aura Wheel|p2a: Clefable\n|-damage|p2a: Clefable|142/293\n|-boost|p1a: Morpeko|spe|1\n|\n|-weather|none\n|-heal|p2a: Clefable|160/293|[from] item: Leftovers\n|-formechange|p1a: Morpeko|Morpeko-Hangry||[from] ability: Hunger Switch\n|upkeep\n|turn|9\n|inactive|Time left: 300 sec this turn | 300 sec total\n|\n|t:|1783565636\n|move|p1a: Morpeko|Protect|p1a: Morpeko\n|-singleturn|p1a: Morpeko|Protect\n|move|p2a: Clefable|Moonblast|p1a: Morpeko\n|-activate|p1a: Morpeko|move: Protect\n|\n|-heal|p2a: Clefable|178/293|[from] item: Leftovers\n|-formechange|p1a: Morpeko|Morpeko||[from] ability: Hunger Switch\n|upkeep\n|turn|10\n|inactive|Time left: 300 sec this turn | 300 sec total\n|\n|t:|1783565637\n|move|p1a: Morpeko|Aura Wheel|p2a: Clefable\n|-crit|p2a: Clefable\n|-damage|p2a: Clefable|0 fnt\n|-boost|p1a: Morpeko|spe|1\n|faint|p2a: Clefable\n|\n|-formechange|p1a: Morpeko|Morpeko-Hangry||[from] ability: Hunger Switch\n|upkeep\n|inactive|Time left: 300 sec this turn | 300 sec total | 5 sec grace\n|\n|t:|1783565638\n|switch|p2a: Crawdaunt|Crawdaunt, L84, M|107/243\n|turn|11\n|inactive|Time left: 300 sec this turn | 300 sec total\n|\n|t:|1783565639\n|switch|p2a: Persian|Persian-Alola, L86, F|110/252\n|move|p1a: Morpeko|Protect||[still]\n|-fail|p1a: Morpeko\n|\n|-heal|p2a: Persian|125/252|[from] item: Leftovers\n|-formechange|p1a: Morpeko|Morpeko||[from] ability: Hunger Switch\n|upkeep\n|turn|12\n|inactive|Time left: 300 sec this turn | 300 sec total\n|\n|t:|1783565640\n|move|p1a: Morpeko|Aura Wheel|p2a: Persian\n|-damage|p2a: Persian|47/252\n|-boost|p1a: Morpeko|spe|1\n|move|p2a: Persian|Nasty Plot|p2a: Persian\n|-boost|p2a: Persian|spa|2\n|\n|-heal|p2a: Persian|62/252|[from] item: Leftovers\n|-formechange|p1a: Morpeko|Morpeko-Hangry||[from] ability: Hunger Switch\n|upkeep\n|turn|13\n|inactive|Time left: 300 sec this turn | 300 sec total\n|\n|t:|1783565641\n|move|p1a: Morpeko|Aura Wheel|p2a: Persian\n|-resisted|p2a: Persian\n|-damage|p2a: Persian|22/252\n|-boost|p1a: Morpeko|spe|1\n|move|p2a: Persian|Hypnosis|p1a: Morpeko|[miss]\n|-miss|p2a: Persian|p1a: Morpeko\n|\n|-heal|p2a: Persian|37/252|[from] item: Leftovers\n|-formechange|p1a: Morpeko|Morpeko||[from] ability: Hunger Switch\n|upkeep\n|turn|14\n|inactive|Time left: 300 sec this turn | 300 sec total\n|\n|t:|1783565642\n|move|p1a: Morpeko|Aura Wheel|p2a: Persian\n|-damage|p2a: Persian|0 fnt\n|-boost|p1a: Morpeko|spe|1\n|faint|p2a: Persian\n|\n|-formechange|p1a: Morpeko|Morpeko-Hangry||[from] ability: Hunger Switch\n|upkeep\n|inactive|Time left: 300 sec this turn | 300 sec total | 5 sec grace\n|\n|t:|1783565642\n|switch|p2a: Crawdaunt|Crawdaunt, L84, M|107/243\n|turn|15\n|inactive|Time left: 300 sec this turn | 300 sec total\n|\n|t:|1783565643\n|move|p1a: Morpeko|Protect|p1a: Morpeko\n|-singleturn|p1a: Morpeko|Protect\n|move|p2a: Crawdaunt|Aqua Jet|p1a: Morpeko\n|-activate|p1a: Morpeko|move: Protect\n|\n|-formechange|p1a: Morpeko|Morpeko||[from] ability: Hunger Switch\n|upkeep\n|turn|16\n|inactive|Time left: 300 sec this turn | 300 sec total\n|\n|t:|1783565644\n|move|p2a: Crawdaunt|Aqua Jet|p1a: Morpeko\n|-damage|p1a: Morpeko|51/100\n|move|p1a: Morpeko|Aura Wheel|p2a: Crawdaunt\n|-supereffective|p2a: Crawdaunt\n|-damage|p2a: Crawdaunt|0 fnt\n|-boost|p1a: Morpeko|spe|1\n|faint|p2a: Crawdaunt\n|\n|-heal|p1a: Morpeko|57/100|[from] item: Leftovers\n|-formechange|p1a: Morpeko|Morpeko-Hangry||[from] ability: Hunger Switch\n|upkeep\n|inactive|Time left: 300 sec this turn | 300 sec total | 5 sec grace\n|\n|t:|1783565645\n|switch|p2a: Iron Moth|Iron Moth, L78|253/253\n|turn|17\n|inactive|Time left: 300 sec this turn | 300 sec total\n|\n|t:|1783565646\n|move|p1a: Morpeko|Aura Wheel|p2a: Iron Moth\n|-damage|p2a: Iron Moth|79/253\n|move|p2a: Iron Moth|Sludge Wave|p1a: Morpeko\n|-damage|p1a: Morpeko|0 fnt\n|faint|p1a: Morpeko\n|\n|upkeep\n|\n|t:|1783565648\n|switch|p1a: Empoleon|Empoleon, L84, M|100/100\n|turn|18\n|inactive|Time left: 300 sec this turn | 300 sec total\n|\n|t:|1783565649\n|-terastallize|p2a: Iron Moth|Grass\n|move|p2a: Iron Moth|Morning Sun|p2a: Iron Moth\n|-heal|p2a: Iron Moth|205/253\n|move|p1a: Empoleon|Surf|p2a: Iron Moth\n|-resisted|p2a: Iron Moth\n|-crit|p2a: Iron Moth\n|-damage|p2a: Iron Moth|127/253\n|\n|upkeep\n|turn|19\n|inactive|Time left: 300 sec this turn | 300 sec total\n|\n|t:|1783565650\n|move|p2a: Iron Moth|Morning Sun|p2a: Iron Moth\n|-heal|p2a: Iron Moth|253/253\n|move|p1a: Empoleon|Ice Beam|p2a: Iron Moth\n|-supereffective|p2a: Iron Moth\n|-damage|p2a: Iron Moth|129/253\n|\n|upkeep\n|turn|20\n|inactive|Time left: 300 sec this turn | 300 sec total\n|\n|t:|1783565651\n|move|p2a: Iron Moth|Morning Sun|p2a: Iron Moth\n|-heal|p2a: Iron Moth|253/253\n|move|p1a: Empoleon|Ice Beam|p2a: Iron Moth\n|-supereffective|p2a: Iron Moth\n|-damage|p2a: Iron Moth|133/253\n|\n|upkeep\n|turn|21\n|inactive|Time left: 300 sec this turn | 300 sec total\n|\n|t:|1783565652\n|move|p2a: Iron Moth|Morning Sun|p2a: Iron Moth\n|-heal|p2a: Iron Moth|253/253\n|move|p1a: Empoleon|Ice Beam|p2a: Iron Moth\n|-supereffective|p2a: Iron Moth\n|-damage|p2a: Iron Moth|117/253\n|\n|upkeep\n|turn|22\n|inactive|Time left: 300 sec this turn | 300 sec total\n|\n|t:|1783565653\n|move|p2a: Iron Moth|Morning Sun|p2a: Iron Moth\n|-heal|p2a: Iron Moth|243/253\n|move|p1a: Empoleon|Ice Beam|p2a: Iron Moth\n|-supereffective|p2a: Iron Moth\n|-damage|p2a: Iron Moth|115/253\n|\n|upkeep\n|turn|23\n|inactive|Time left: 300 sec this turn | 300 sec total\n|\n|t:|1783565654\n|move|p2a: Iron Moth|Morning Sun|p2a: Iron Moth\n|-heal|p2a: Iron Moth|241/253\n|move|p1a: Empoleon|Ice Beam|p2a: Iron Moth\n|-supereffective|p2a: Iron Moth\n|-damage|p2a: Iron Moth|121/253\n|\n|upkeep\n|turn|24\n|inactive|Time left: 300 sec this turn | 300 sec total\n|\n|t:|1783565655\n|move|p2a: Iron Moth|Morning Sun|p2a: Iron Moth\n|-heal|p2a: Iron Moth|247/253\n|move|p1a: Empoleon|Ice Beam|p2a: Iron Moth\n|-supereffective|p2a: Iron Moth\n|-damage|p2a: Iron Moth|113/253\n|\n|upkeep\n|turn|25\n|inactive|Time left: 300 sec this turn | 300 sec total\n|\n|t:|1783565656\n|move|p2a: Iron Moth|Morning Sun|p2a: Iron Moth\n|-heal|p2a: Iron Moth|239/253\n|move|p1a: Empoleon|Ice Beam|p2a: Iron Moth\n|-supereffective|p2a: Iron Moth\n|-damage|p2a: Iron Moth|113/253\n|\n|upkeep\n|turn|26\n|inactive|Time left: 300 sec this turn | 300 sec total\n|\n|t:|1783565657\n|move|p2a: Iron Moth|Fiery Dance|p1a: Empoleon\n|-damage|p1a: Empoleon|69/100\n|-boost|p2a: Iron Moth|spa|1\n|move|p1a: Empoleon|Ice Beam|p2a: Iron Moth\n|-supereffective|p2a: Iron Moth\n|-damage|p2a: Iron Moth|0 fnt\n|faint|p2a: Iron Moth\n|-end|p2a: Iron Moth|Quark Drive|[silent]\n|\n|-heal|p1a: Empoleon|75/100|[from] item: Leftovers\n|upkeep\n|inactive|Time left: 300 sec this turn | 300 sec total | 5 sec grace\n|\n|t:|1783565658\n|switch|p2a: Electrode|Electrode, L92|260/260\n|turn|27\n|inactive|Time left: 300 sec this turn | 300 sec total\n|\n|t:|1783565659\n|switch|p1a: Vileplume|Vileplume, L85, F|100/100\n|move|p2a: Electrode|Thunderbolt|p1a: Vileplume\n|-resisted|p1a: Vileplume\n|-damage|p1a: Vileplume|82/100\n|\n|-heal|p1a: Vileplume|88/100|[from] item: Leftovers\n|upkeep\n|turn|28\n|inactive|Time left: 300 sec this turn | 300 sec total\n|\n|t:|1783565660\n|move|p2a: Electrode|Thunder Wave|p1a: Vileplume|[miss]\n|-miss|p2a: Electrode|p1a: Vileplume\n|move|p1a: Vileplume|Sludge Bomb|p2a: Electrode\n|-damage|p2a: Electrode|161/260\n|\n|-heal|p1a: Vileplume|94/100|[from] item: Leftovers\n|upkeep\n|turn|29\n|inactive|Time left: 300 sec this turn | 300 sec total\n|\n|t:|1783565661\n|move|p2a: Electrode|Thunder Wave|p1a: Vileplume\n|-status|p1a: Vileplume|par\n|move|p1a: Vileplume|Sludge Bomb|p2a: Electrode\n|-damage|p2a: Electrode|58/260\n|\n|-heal|p1a: Vileplume|100/100 par|[from] item: Leftovers\n|upkeep\n|turn|30\n|inactive|Time left: 300 sec this turn | 300 sec total\n|\n|t:|1783565662\n|move|p2a: Electrode|Thunderbolt|p1a: Vileplume\n|-resisted|p1a: Vileplume\n|-damage|p1a: Vileplume|82/100 par\n|move|p1a: Vileplume|Giga Drain|p2a: Electrode\n|-damage|p2a: Electrode|0 fnt\n|-heal|p1a: Vileplume|93/100 par|[from] drain|[of] p2a: Electrode\n|faint|p2a: Electrode\n|\n|win|p0x2208eb3a", "uploadtime": 1783565662, "views": 0, "rating": 0, "private": 0, "password": null, "_winner": "p0x2208eb3a", "_our_name": "p0y22085222"}