{"id": "battle-gen9randombattle-1684", "formatid": "gen9randombattle", "format": "[Gen 9] Random Battle", "players": ["p0x1684770a", "p0y1684b8de"], "log": "|init|battle\n|title|p0x1684770a vs. p0y1684b8de\n|j|\u2606p0x1684770a\n|j|\u2606p0y1684b8de\n|t:|1783558732\n|gametype|singles\n|player|p1|p0x1684770a|102|\n|player|p2|p0y1684b8de|170|\n|gen|9\n|tier|[Gen 9] Random Battle\n|rule|Species Clause: Limit one of each Pok\u00e9mon\n|rule|HP Percentage Mod: HP is shown in percentages\n|rule|Sleep Clause Mod: Limit one foe put to sleep\n|rule|Illusion Level Mod: Illusion disguises the Pok\u00e9mon's true level\n|\n|t:|1783558732\n|teamsize|p1|6\n|teamsize|p2|6\n|start\n|switch|p1a: Arcanine|Arcanine-Hisui, L79, M|100/100\n|switch|p2a: Bruxish|Bruxish, L85, M|254/254\n|turn|1\n|inactive|Battle timer is ON: inactive players will automatically lose when time's up. (requested by p0y1684b8de)\n|inactive|p0x1684770a also wants the timer to be on.\n|\n|t:|1783558734\n|switch|p1a: Lurantis|Lurantis, L87, M|100/100\n|move|p2a: Bruxish|Psychic Fangs|p1a: Lurantis\n|-damage|p1a: Lurantis|27/100\n|\n|-heal|p1a: Lurantis|33/100|[from] item: Leftovers\n|upkeep\n|turn|2\n|inactive|Time left: 300 sec this turn | 300 sec total\n|\n|t:|1783558735\n|switch|p1a: Suicune|Suicune, L82|100/100\n|-ability|p1a: Suicune|Pressure\n|move|p2a: Bruxish|Psychic Fangs|p1a: Suicune\n|-damage|p1a: Suicune|39/100\n|\n|-heal|p1a: Suicune|45/100|[from] item: Leftovers\n|upkeep\n|turn|3\n|inactive|Time left: 300 sec this turn | 300 sec total\n|\n|t:|1783558736\n|-terastallize|p1a: Suicune|Steel\n|move|p2a: Bruxish|Psychic Fangs|p1a: Suicune\n|-resisted|p1a: Suicune\n|-damage|p1a: Suicune|13/100\n|move|p1a: Suicune|Scald|p2a: Bruxish\n|-resisted|p2a: Bruxish\n|-damage|p2a: Bruxish|213/254\n|\n|-heal|p1a: Suicune|19/100|[from] item: Leftovers\n|upkeep\n|turn|4\n|inactive|Time left: 300 sec this turn | 300 sec total\n|\n|t:|1783558737\n|move|p2a: Bruxish|Psychic Fangs|p1a: Suicune\n|-resisted|p1a: Suicune\n|-damage|p1a: Suicune|0 fnt\n|faint|p1a: Suicune\n|\n|upkeep\n|\n|t:|1783558738\n|switch|p1a: Lycanroc|Lycanroc-Dusk, L81, F|100/100\n|turn|5\n|inactive|Time left: 300 sec this turn | 300 sec total\n|\n|t:|1783558740\n|move|p1a: Lycanroc|Throat Chop|p2a: Bruxish\n|-supereffective|p2a: Bruxish\n|-damage|p2a: Bruxish|0 fnt\n|faint|p2a: Bruxish\n|\n|upkeep\n|inactive|Time left: 300 sec this turn | 300 sec total | 5 sec grace\n|\n|t:|1783558741\n|switch|p2a: Hatterene|Hatterene, L85, F|236/236\n|turn|6\n|inactive|Time left: 300 sec this turn | 300 sec total\n|\n|t:|1783558742\n|move|p1a: Lycanroc|Throat Chop|p2a: Hatterene\n|-damage|p2a: Hatterene|131/236\n|-start|p2a: Hatterene|Throat Chop|[silent]\n|move|p2a: Hatterene|Calm Mind|p2a: Hatterene\n|-boost|p2a: Hatterene|spa|1\n|-boost|p2a: Hatterene|spd|1\n|\n|-heal|p2a: Hatterene|145/236|[from] item: Leftovers\n|upkeep\n|turn|7\n|inactive|Time left: 300 sec this turn | 300 sec total\n|\n|t:|1783558743\n|switch|p1a: Arcanine|Arcanine-Hisui, L79, M|100/100\n|-terastallize|p2a: Hatterene|Fairy\n|move|p2a: Hatterene|Draining Kiss|p1a: Arcanine\n|-resisted|p1a: Arcanine\n|-damage|p1a: Arcanine|67/100\n|-heal|p2a: Hatterene|215/236|[from] drain|[of] p1a: Arcanine\n|\n|-heal|p2a: Hatterene|229/236|[from] item: Leftovers\n|-end|p2a: Hatterene|Throat Chop|[silent]\n|upkeep\n|turn|8\n|inactive|Time left: 300 sec this turn | 300 sec total\n|\n|t:|1783558744\n|move|p1a: Arcanine|Head Smash|p2a: Hatterene\n|-damage|p2a: Hatterene|0 fnt\n|faint|p2a: Hatterene\n|\n|upkeep\n|inactive|Time left: 300 sec this turn | 300 sec total | 5 sec grace\n|\n|t:|1783558745\n|switch|p2a: Goodra|Goodra, L85, F|292/292\n|turn|9\n|inactive|Time left: 300 sec this turn | 300 sec total\n|\n|t:|1783558746\n|move|p1a: Arcanine|Head Smash|p2a: Goodra\n|-damage|p2a: Goodra|0 fnt\n|faint|p2a: Goodra\n|\n|upkeep\n|inactive|Time left: 300 sec this turn | 300 sec total | 5 sec grace\n|\n|t:|1783558747\n|switch|p2a: Amoonguss|Amoonguss, L82, M|321/321\n|turn|10\n|inactive|Time left: 300 sec this turn | 300 sec total\n|\n|t:|1783558748\n|move|p1a: Arcanine|Head Smash|p2a: Amoonguss\n|-damage|p2a: Amoonguss|53/321\n|-damage|p1a: Arcanine|51/100|[from] item: Rocky Helmet|[of] p2a: Amoonguss\n|move|p2a: Amoonguss|Stomping Tantrum|p1a: Arcanine\n|-supereffective|p1a: Arcanine\n|-damage|p1a: Arcanine|0 fnt\n|faint|p1a: Arcanine\n|\n|upkeep\n|\n|t:|1783558749\n|switch|p1a: Lycanroc|Lycanroc-Dusk, L81, F|100/100\n|turn|11\n|inactive|Time left: 300 sec this turn | 300 sec total\n|\n|t:|1783558750\n|move|p1a: Lycanroc|Close Combat|p2a: Amoonguss\n|-resisted|p2a: Amoonguss\n|-damage|p2a: Amoonguss|0 fnt\n|-unboost|p1a: Lycanroc|def|1\n|-unboost|p1a: Lycanroc|spd|1\n|-damage|p1a: Lycanroc|84/100|[from] item: Rocky Helmet|[of] p2a: Amoonguss\n|faint|p2a: Amoonguss\n|\n|upkeep\n|inactive|Time left: 300 sec this turn | 300 sec total | 5 sec grace\n|\n|t:|1783558751\n|switch|p2a: Froslass|Froslass, L87, F|263/263\n|turn|12\n|inactive|Time left: 300 sec this turn | 300 sec total\n|\n|t:|1783558752\n|switch|p1a: Barraskewda|Barraskewda, L81, M|100/100\n|move|p2a: Froslass|Poltergeist|p1a: Barraskewda\n|-activate|p1a: Barraskewda|move: Poltergeist|Choice Band\n|-damage|p1a: Barraskewda|43/100\n|\n|upkeep\n|turn|13\n|inactive|Time left: 300 sec this turn | 300 sec total\n|\n|t:|1783558753\n|move|p1a: Barraskewda|Waterfall|p2a: Froslass\n|-damage|p2a: Froslass|94/263\n|move|p2a: Froslass|Poltergeist|p1a: Barraskewda\n|-activate|p1a: Barraskewda|move: Poltergeist|Choice Band\n|-damage|p1a: Barraskewda|0 fnt\n|faint|p1a: Barraskewda\n|\n|upkeep\n|\n|t:|1783558754\n|switch|p1a: Lycanroc|Lycanroc-Dusk, L81, F|84/100\n|turn|14\n|inactive|Time left: 300 sec this turn | 300 sec total\n|\n|t:|1783558755\n|move|p1a: Lycanroc|Accelerock|p2a: Froslass\n|-supereffective|p2a: Froslass\n|-damage|p2a: Froslass|0 fnt\n|faint|p2a: Froslass\n|\n|upkeep\n|inactive|Time left: 300 sec this turn | 300 sec total | 5 sec grace\n|\n|t:|1783558756\n|switch|p2a: Cetitan|Cetitan, L82, F|412/412\n|turn|15\n|inactive|Time left: 300 sec this turn | 300 sec total\n|\n|t:|1783558757\n|switch|p1a: Toxicroak|Toxicroak, L84, F|100/100\n|move|p2a: Cetitan|Earthquake|p1a: Toxicroak\n|-supereffective|p1a: Toxicroak\n|-damage|p1a: Toxicroak|34/100\n|\n|upkeep\n|turn|16\n|inactive|Time left: 300 sec this turn | 300 sec total\n|\n|t:|1783558758\n|move|p1a: Toxicroak|Close Combat|p2a: Cetitan\n|-supereffective|p2a: Cetitan\n|-damage|p2a: Cetitan|0 fnt\n|-unboost|p1a: Toxicroak|def|1\n|-unboost|p1a: Toxicroak|spd|1\n|faint|p2a: Cetitan\n|-damage|p1a: Toxicroak|24/100|[from] item: Life Orb\n|\n|win|p0x1684770a", "uploadtime": 1783558758, "views": 0, "rating": 0, "private": 0, "password": null, "_winner": "p0x1684770a", "_our_name": "p0y1684b8de"}