{"id": "battle-gen9randombattle-401", "formatid": "gen9randombattle", "format": "[Gen 9] Random Battle", "players": ["p0x401b3ac", "p0y40168b1"], "log": "|init|battle\n|title|p0x401b3ac vs. p0y40168b1\n|j|\u2606p0x401b3ac\n|j|\u2606p0y40168b1\n|t:|1783544341\n|gametype|singles\n|player|p1|p0x401b3ac|102|\n|player|p2|p0y40168b1|2|\n|gen|9\n|tier|[Gen 9] Random Battle\n|rule|Species Clause: Limit one of each Pok\u00e9mon\n|rule|HP Percentage Mod: HP is shown in percentages\n|rule|Sleep Clause Mod: Limit one foe put to sleep\n|rule|Illusion Level Mod: Illusion disguises the Pok\u00e9mon's true level\n|\n|t:|1783544341\n|teamsize|p1|6\n|teamsize|p2|6\n|start\n|switch|p1a: Quaquaval|Quaquaval, L79, M|100/100\n|switch|p2a: Meganium|Meganium, L90, F|290/290\n|turn|1\n|inactive|Battle timer is ON: inactive players will automatically lose when time's up. (requested by p0x401b3ac)\n|inactive|Time left: 300 sec this turn | 300 sec total | 60 sec grace\n|\n|t:|1783544342\n|switch|p1a: Yanmega|Yanmega, L82, M|100/100\n|move|p2a: Meganium|Petal Blizzard|p1a: Yanmega\n|-resisted|p1a: Yanmega\n|-damage|p1a: Yanmega|91/100\n|\n|upkeep\n|turn|2\n|inactive|Time left: 300 sec this turn | 300 sec total\n|inactive|p0y40168b1 also wants the timer to be on.\n|\n|t:|1783544343\n|move|p1a: Yanmega|Bug Buzz|p2a: Meganium\n|-supereffective|p2a: Meganium\n|-damage|p2a: Meganium|98/290\n|move|p2a: Meganium|Swords Dance|p2a: Meganium\n|-boost|p2a: Meganium|atk|2\n|\n|-heal|p2a: Meganium|116/290|[from] item: Leftovers\n|-ability|p1a: Yanmega|Speed Boost|boost\n|-boost|p1a: Yanmega|spe|1\n|upkeep\n|turn|3\n|inactive|Time left: 300 sec this turn | 300 sec total\n|\n|t:|1783544345\n|switch|p2a: Manaphy|Manaphy, L78|284/284\n|move|p1a: Yanmega|Air Slash|p2a: Manaphy\n|-damage|p2a: Manaphy|193/284\n|\n|-heal|p2a: Manaphy|210/284|[from] item: Leftovers\n|-ability|p1a: Yanmega|Speed Boost|boost\n|-boost|p1a: Yanmega|spe|1\n|upkeep\n|turn|4\n|inactive|Time left: 300 sec this turn | 300 sec total\n|\n|t:|1783544346\n|move|p1a: Yanmega|Bug Buzz|p2a: Manaphy\n|-damage|p2a: Manaphy|105/284\n|move|p2a: Manaphy|Tail Glow|p2a: Manaphy\n|-boost|p2a: Manaphy|spa|3\n|\n|-heal|p2a: Manaphy|122/284|[from] item: Leftovers\n|-ability|p1a: Yanmega|Speed Boost|boost\n|-boost|p1a: Yanmega|spe|1\n|upkeep\n|turn|5\n|inactive|Time left: 300 sec this turn | 300 sec total\n|\n|t:|1783544347\n|move|p1a: Yanmega|Air Slash|p2a: Manaphy\n|-damage|p2a: Manaphy|32/284\n|move|p2a: Manaphy|Ice Beam|p1a: Yanmega\n|-supereffective|p1a: Yanmega\n|-damage|p1a: Yanmega|0 fnt\n|faint|p1a: Yanmega\n|\n|-heal|p2a: Manaphy|49/284|[from] item: Leftovers\n|upkeep\n|\n|t:|1783544348\n|switch|p1a: Zamazenta|Zamazenta-Crowned, L68|100/100\n|-ability|p1a: Zamazenta|Dauntless Shield|boost\n|-boost|p1a: Zamazenta|def|1\n|turn|6\n|inactive|Time left: 300 sec this turn | 300 sec total\n|\n|t:|1783544349\n|move|p1a: Zamazenta|Body Press|p2a: Manaphy\n|-damage|p2a: Manaphy|0 fnt\n|faint|p2a: Manaphy\n|\n|upkeep\n|inactive|Time left: 300 sec this turn | 300 sec total | 5 sec grace\n|\n|t:|1783544350\n|switch|p2a: Raikou|Raikou, L81|278/278\n|-ability|p2a: Raikou|Pressure\n|turn|7\n|inactive|Time left: 300 sec this turn | 300 sec total\n|\n|t:|1783544352\n|move|p2a: Raikou|Scald|p1a: Zamazenta\n|-damage|p1a: Zamazenta|77/100\n|-status|p1a: Zamazenta|brn\n|move|p1a: Zamazenta|Body Press|p2a: Raikou\n|-damage|p2a: Raikou|209/278\n|\n|-heal|p2a: Raikou|226/278|[from] item: Leftovers\n|-damage|p1a: Zamazenta|72/100 brn|[from] brn\n|upkeep\n|turn|8\n|inactive|Time left: 300 sec this turn | 300 sec total\n|\n|t:|1783544353\n|move|p2a: Raikou|Calm Mind|p2a: Raikou\n|-boost|p2a: Raikou|spa|1\n|-boost|p2a: Raikou|spd|1\n|move|p1a: Zamazenta|Body Press|p2a: Raikou\n|-damage|p2a: Raikou|165/278\n|\n|-heal|p2a: Raikou|182/278|[from] item: Leftovers\n|-damage|p1a: Zamazenta|66/100 brn|[from] brn\n|upkeep\n|turn|9\n|inactive|Time left: 300 sec this turn | 300 sec total\n|\n|t:|1783544354\n|move|p2a: Raikou|Calm Mind|p2a: Raikou\n|-boost|p2a: Raikou|spa|1\n|-boost|p2a: Raikou|spd|1\n|move|p1a: Zamazenta|Body Press|p2a: Raikou\n|-damage|p2a: Raikou|117/278\n|\n|-heal|p2a: Raikou|134/278|[from] item: Leftovers\n|-damage|p1a: Zamazenta|60/100 brn|[from] brn\n|upkeep\n|turn|10\n|inactive|Time left: 300 sec this turn | 300 sec total\n|\n|t:|1783544356\n|move|p2a: Raikou|Thunderbolt|p1a: Zamazenta\n|-damage|p1a: Zamazenta|0 fnt\n|faint|p1a: Zamazenta\n|\n|-heal|p2a: Raikou|151/278|[from] item: Leftovers\n|upkeep\n|\n|t:|1783544357\n|switch|p1a: Deoxys|Deoxys-Attack, L72|100/100\n|-ability|p1a: Deoxys|Pressure\n|turn|11\n|inactive|Time left: 300 sec this turn | 300 sec total\n|\n|t:|1783544358\n|move|p1a: Deoxys|Superpower|p2a: Raikou\n|-damage|p2a: Raikou|2/278\n|-unboost|p1a: Deoxys|atk|1\n|-unboost|p1a: Deoxys|def|1\n|-damage|p1a: Deoxys|91/100|[from] item: Life Orb\n|move|p2a: Raikou|Scald|p1a: Deoxys\n|-damage|p1a: Deoxys|0 fnt\n|faint|p1a: Deoxys\n|\n|-heal|p2a: Raikou|19/278|[from] item: Leftovers\n|upkeep\n|\n|t:|1783544359\n|switch|p1a: Morpeko|Morpeko, L88, M|100/100\n|turn|12\n|inactive|Time left: 300 sec this turn | 300 sec total\n|\n|t:|1783544360\n|move|p2a: Raikou|Scald|p1a: Morpeko\n|-damage|p1a: Morpeko|34/100\n|-status|p1a: Morpeko|brn\n|move|p1a: Morpeko|Rapid Spin|p2a: Raikou\n|-damage|p2a: Raikou|0 fnt\n|-boost|p1a: Morpeko|spe|1\n|faint|p2a: Raikou\n|\n|-damage|p1a: Morpeko|27/100 brn|[from] brn\n|-formechange|p1a: Morpeko|Morpeko-Hangry||[from] ability: Hunger Switch\n|upkeep\n|inactive|Time left: 300 sec this turn | 300 sec total | 5 sec grace\n|\n|t:|1783544361\n|switch|p2a: Meganium|Meganium, L90, F|116/290\n|turn|13\n|inactive|Time left: 300 sec this turn | 300 sec total\n|\n|t:|1783544362\n|move|p1a: Morpeko|Parting Shot|p2a: Meganium\n|-unboost|p2a: Meganium|atk|1\n|-unboost|p2a: Meganium|spa|1\n|\n|t:|1783544363\n|switch|p1a: Kingambit|Kingambit, L74, F|100/100|[from] Parting Shot\n|-activate|p1a: Kingambit|ability: Supreme Overlord\n|-start|p1a: Kingambit|fallen3|[silent]\n|move|p2a: Meganium|Swords Dance|p2a: Meganium\n|-boost|p2a: Meganium|atk|2\n|\n|-heal|p2a: Meganium|134/290|[from] item: Leftovers\n|upkeep\n|turn|14\n|inactive|Time left: 300 sec this turn | 300 sec total\n|\n|t:|1783544364\n|-terastallize|p1a: Kingambit|Dark\n|move|p2a: Meganium|Earthquake|p1a: Kingambit\n|-damage|p1a: Kingambit|62/100\n|move|p1a: Kingambit|Swords Dance|p1a: Kingambit\n|-boost|p1a: Kingambit|atk|2\n|\n|-heal|p2a: Meganium|152/290|[from] item: Leftovers\n|-heal|p1a: Kingambit|68/100|[from] item: Leftovers\n|upkeep\n|turn|15\n|inactive|Time left: 300 sec this turn | 300 sec total\n|\n|t:|1783544365\n|move|p1a: Kingambit|Sucker Punch|p2a: Meganium\n|-damage|p2a: Meganium|0 fnt\n|faint|p2a: Meganium\n|\n|-heal|p1a: Kingambit|74/100|[from] item: Leftovers\n|upkeep\n|inactive|Time left: 300 sec this turn | 300 sec total | 5 sec grace\n|\n|t:|1783544366\n|switch|p2a: Flamigo|Flamigo, L82, M|269/269\n|turn|16\n|inactive|Time left: 300 sec this turn | 300 sec total\n|\n|t:|1783544367\n|move|p1a: Kingambit|Sucker Punch|p2a: Flamigo\n|-resisted|p2a: Flamigo\n|-damage|p2a: Flamigo|119/269\n|move|p2a: Flamigo|Close Combat|p1a: Kingambit\n|-supereffective|p1a: Kingambit\n|-damage|p1a: Kingambit|0 fnt\n|-unboost|p2a: Flamigo|def|1\n|-unboost|p2a: Flamigo|spd|1\n|faint|p1a: Kingambit\n|-end|p1a: Kingambit|fallen3|[silent]\n|\n|upkeep\n|\n|t:|1783544368\n|switch|p1a: Morpeko|Morpeko, L88, M|27/100 brn\n|turn|17\n|inactive|Time left: 300 sec this turn | 300 sec total\n|\n|t:|1783544369\n|move|p1a: Morpeko|Protect|p1a: Morpeko\n|-singleturn|p1a: Morpeko|Protect\n|move|p2a: Flamigo|Close Combat|p1a: Morpeko\n|-activate|p1a: Morpeko|move: Protect\n|\n|-damage|p1a: Morpeko|21/100 brn|[from] brn\n|-formechange|p1a: Morpeko|Morpeko-Hangry||[from] ability: Hunger Switch\n|upkeep\n|turn|18\n|inactive|Time left: 300 sec this turn | 300 sec total\n|\n|t:|1783544370\n|move|p1a: Morpeko|Protect|p1a: Morpeko\n|-singleturn|p1a: Morpeko|Protect\n|move|p2a: Flamigo|Close Combat|p1a: Morpeko\n|-activate|p1a: Morpeko|move: Protect\n|\n|-damage|p1a: Morpeko|15/100 brn|[from] brn\n|-formechange|p1a: Morpeko|Morpeko||[from] ability: Hunger Switch\n|upkeep\n|turn|19\n|inactive|Time left: 300 sec this turn | 300 sec total\n|\n|t:|1783544371\n|move|p2a: Flamigo|Close Combat|p1a: Morpeko\n|-supereffective|p1a: Morpeko\n|-damage|p1a: Morpeko|0 fnt\n|-unboost|p2a: Flamigo|def|1\n|-unboost|p2a: Flamigo|spd|1\n|faint|p1a: Morpeko\n|\n|upkeep\n|\n|t:|1783544372\n|switch|p1a: Quaquaval|Quaquaval, L79, M|100/100\n|turn|20\n|inactive|Time left: 300 sec this turn | 300 sec total\n|\n|t:|1783544373\n|-terastallize|p2a: Flamigo|Fighting\n|move|p2a: Flamigo|Close Combat|p1a: Quaquaval\n|-damage|p1a: Quaquaval|18/100\n|-unboost|p2a: Flamigo|def|1\n|-unboost|p2a: Flamigo|spd|1\n|move|p1a: Quaquaval|Aqua Step|p2a: Flamigo\n|-damage|p2a: Flamigo|0 fnt\n|-boost|p1a: Quaquaval|spe|1\n|faint|p2a: Flamigo\n|-ability|p1a: Quaquaval|Moxie|boost\n|-boost|p1a: Quaquaval|atk|1\n|\n|-heal|p1a: Quaquaval|24/100|[from] item: Leftovers\n|upkeep\n|inactive|Time left: 300 sec this turn | 300 sec total | 5 sec grace\n|\n|t:|1783544373\n|switch|p2a: Slowking|Slowking-Galar, L85, F|300/300\n|turn|21\n|inactive|Time left: 300 sec this turn | 300 sec total\n|\n|t:|1783544374\n|move|p1a: Quaquaval|Roost|p1a: Quaquaval\n|-heal|p1a: Quaquaval|74/100\n|-singleturn|p1a: Quaquaval|move: Roost\n|move|p2a: Slowking|Psychic Noise|p1a: Quaquaval\n|-supereffective|p1a: Quaquaval\n|-damage|p1a: Quaquaval|0 fnt\n|faint|p1a: Quaquaval\n|\n|win|p0y40168b1", "uploadtime": 1783544374, "views": 0, "rating": 0, "private": 0, "password": null, "_winner": "p0y40168b1", "_our_name": "p0y40168b1"}