{"id": "battle-gen9randombattle-2450", "formatid": "gen9randombattle", "format": "[Gen 9] Random Battle", "players": ["p0x2450bf54", "p0y24506718"], "log": "|init|battle\n|title|p0x2450bf54 vs. p0y24506718\n|j|\u2606p0x2450bf54\n|j|\u2606p0y24506718\n|t:|1783568404\n|gametype|singles\n|player|p1|p0x2450bf54|2|\n|player|p2|p0y24506718|265|\n|gen|9\n|tier|[Gen 9] Random Battle\n|rule|Species Clause: Limit one of each Pok\u00e9mon\n|rule|HP Percentage Mod: HP is shown in percentages\n|rule|Sleep Clause Mod: Limit one foe put to sleep\n|rule|Illusion Level Mod: Illusion disguises the Pok\u00e9mon's true level\n|\n|t:|1783568404\n|teamsize|p1|6\n|teamsize|p2|6\n|start\n|switch|p1a: Rhyperior|Rhyperior, L82, F|323/323\n|switch|p2a: Breloom|Breloom, L83, M|100/100\n|turn|1\n|inactive|Battle timer is ON: inactive players will automatically lose when time's up. (requested by p0y24506718)\n|inactive|Time left: 300 sec this turn | 300 sec total | 60 sec grace\n|inactive|p0x2450bf54 also wants the timer to be on.\n|\n|t:|1783568406\n|-terastallize|p1a: Rhyperior|Dragon\n|move|p2a: Breloom|Bullet Seed|p1a: Rhyperior\n|-resisted|p1a: Rhyperior\n|-damage|p1a: Rhyperior|300/323\n|-resisted|p1a: Rhyperior\n|-damage|p1a: Rhyperior|277/323\n|-resisted|p1a: Rhyperior\n|-damage|p1a: Rhyperior|254/323\n|-hitcount|p1a: Rhyperior|3\n|-damage|p2a: Breloom|91/100|[from] item: Life Orb\n|move|p1a: Rhyperior|Ice Punch|p2a: Breloom\n|-supereffective|p2a: Breloom\n|-damage|p2a: Breloom|0 fnt\n|faint|p2a: Breloom\n|\n|upkeep\n|\n|t:|1783568407\n|switch|p2a: Hydrapple|Hydrapple, L83, M|100/100\n|turn|2\n|inactive|Time left: 300 sec this turn | 300 sec total\n|\n|t:|1783568408\n|move|p2a: Hydrapple|Fickle Beam|p1a: Rhyperior\n|-supereffective|p1a: Rhyperior\n|-damage|p1a: Rhyperior|0 fnt\n|faint|p1a: Rhyperior\n|\n|upkeep\n|inactive|Time left: 300 sec this turn | 300 sec total | 5 sec grace\n|\n|t:|1783568409\n|switch|p1a: Iron Moth|Iron Moth, L78|253/253\n|turn|3\n|inactive|Time left: 300 sec this turn | 300 sec total\n|\n|t:|1783568410\n|move|p1a: Iron Moth|Fire Blast|p2a: Hydrapple\n|-damage|p2a: Hydrapple|34/100\n|-status|p2a: Hydrapple|brn\n|move|p2a: Hydrapple|Fickle Beam|p1a: Iron Moth\n|-damage|p1a: Iron Moth|127/253\n|\n|-damage|p2a: Hydrapple|28/100 brn|[from] brn\n|upkeep\n|turn|4\n|inactive|Time left: 300 sec this turn | 300 sec total\n|\n|t:|1783568411\n|switch|p2a: Iron Boulder|Iron Boulder, L77|100/100\n|move|p1a: Iron Moth|Fire Blast|p2a: Iron Boulder|[miss]\n|-miss|p1a: Iron Moth|p2a: Iron Boulder\n|\n|upkeep\n|turn|5\n|inactive|Time left: 300 sec this turn | 300 sec total\n|\n|t:|1783568412\n|-end|p1a: Iron Moth|Quark Drive|[silent]\n|switch|p1a: Mudsdale|Mudsdale, L83, M|302/302\n|move|p2a: Iron Boulder|Swords Dance|p2a: Iron Boulder\n|-boost|p2a: Iron Boulder|atk|2\n|\n|upkeep\n|turn|6\n|inactive|Time left: 300 sec this turn | 300 sec total\n|\n|t:|1783568413\n|-terastallize|p2a: Iron Boulder|Fighting\n|move|p2a: Iron Boulder|Close Combat|p1a: Mudsdale\n|-damage|p1a: Mudsdale|0 fnt\n|-unboost|p2a: Iron Boulder|def|1\n|-unboost|p2a: Iron Boulder|spd|1\n|faint|p1a: Mudsdale\n|-damage|p2a: Iron Boulder|91/100|[from] item: Life Orb\n|\n|upkeep\n|inactive|Time left: 300 sec this turn | 300 sec total | 5 sec grace\n|\n|t:|1783568414\n|switch|p1a: Scream Tail|Scream Tail, L84|330/330\n|turn|7\n|inactive|Time left: 300 sec this turn | 300 sec total\n|\n|t:|1783568415\n|move|p2a: Iron Boulder|Mighty Cleave|p1a: Scream Tail\n|-damage|p1a: Scream Tail|91/330\n|-damage|p2a: Iron Boulder|81/100|[from] item: Life Orb\n|move|p1a: Scream Tail|Dazzling Gleam|p2a: Iron Boulder\n|-supereffective|p2a: Iron Boulder\n|-damage|p2a: Iron Boulder|10/100\n|\n|-heal|p1a: Scream Tail|111/330|[from] item: Leftovers\n|upkeep\n|turn|8\n|inactive|Time left: 300 sec this turn | 300 sec total\n|\n|t:|1783568417\n|move|p2a: Iron Boulder|Mighty Cleave|p1a: Scream Tail\n|-damage|p1a: Scream Tail|0 fnt\n|faint|p1a: Scream Tail\n|-end|p1a: Scream Tail|Protosynthesis|[silent]\n|-damage|p2a: Iron Boulder|0 fnt|[from] item: Life Orb\n|faint|p2a: Iron Boulder\n|-end|p2a: Iron Boulder|Quark Drive|[silent]\n|\n|upkeep\n|inactive|Time left: 300 sec this turn | 300 sec total | 5 sec grace\n|\n|t:|1783568418\n|switch|p2a: Hydrapple|Hydrapple, L83, M|61/100 brn\n|switch|p1a: Miraidon|Miraidon, L65|238/238\n|-fieldstart|move: Electric Terrain|[from] ability: Hadron Engine|[of] p1a: Miraidon\n|turn|9\n|inactive|Time left: 300 sec this turn | 300 sec total\n|\n|t:|1783568419\n|switch|p2a: Mew|Mew, L82, shiny|100/100\n|move|p1a: Miraidon|Dragon Pulse|p2a: Mew\n|-damage|p2a: Mew|57/100\n|-damage|p1a: Miraidon|215/238|[from] item: Life Orb\n|\n|upkeep\n|turn|10\n|inactive|Time left: 300 sec this turn | 300 sec total\n|\n|t:|1783568420\n|switch|p2a: Hydrapple|Hydrapple, L83, M|94/100 brn\n|move|p1a: Miraidon|Electro Drift|p2a: Hydrapple\n|-resisted|p2a: Hydrapple\n|-damage|p2a: Hydrapple|78/100 brn\n|-damage|p1a: Miraidon|192/238|[from] item: Life Orb\n|\n|-damage|p2a: Hydrapple|72/100 brn|[from] brn\n|upkeep\n|turn|11\n|inactive|Time left: 300 sec this turn | 300 sec total\n|\n|t:|1783568422\n|switch|p2a: Mew|Mew, L82, shiny|57/100\n|move|p1a: Miraidon|Dragon Pulse|p2a: Mew\n|-damage|p2a: Mew|15/100\n|-damage|p1a: Miraidon|169/238|[from] item: Life Orb\n|\n|upkeep\n|turn|12\n|inactive|Time left: 300 sec this turn | 300 sec total\n|\n|t:|1783568423\n|move|p1a: Miraidon|Dragon Pulse|p2a: Mew\n|-damage|p2a: Mew|0 fnt\n|faint|p2a: Mew\n|-damage|p1a: Miraidon|146/238|[from] item: Life Orb\n|\n|upkeep\n|\n|t:|1783568424\n|switch|p2a: Cramorant|Cramorant, L86, F|100/100\n|turn|13\n|inactive|Time left: 300 sec this turn | 300 sec total\n|\n|t:|1783568425\n|switch|p2a: Hydrapple|Hydrapple, L83, M|100/100 brn\n|move|p1a: Miraidon|Electro Drift|p2a: Hydrapple\n|-resisted|p2a: Hydrapple\n|-damage|p2a: Hydrapple|83/100 brn\n|-damage|p1a: Miraidon|123/238|[from] item: Life Orb\n|\n|-damage|p2a: Hydrapple|77/100 brn|[from] brn\n|-fieldend|move: Electric Terrain\n|upkeep\n|turn|14\n|inactive|Time left: 300 sec this turn | 300 sec total\n|\n|t:|1783568426\n|switch|p2a: Cramorant|Cramorant, L86, F|100/100\n|move|p1a: Miraidon|Draco Meteor|p2a: Cramorant|[miss]\n|-miss|p1a: Miraidon|p2a: Cramorant\n|\n|upkeep\n|turn|15\n|inactive|Time left: 300 sec this turn | 300 sec total\n|\n|t:|1783568427\n|switch|p2a: Hydrapple|Hydrapple, L83, M|100/100 brn\n|move|p1a: Miraidon|Electro Drift|p2a: Hydrapple\n|-resisted|p2a: Hydrapple\n|-damage|p2a: Hydrapple|92/100 brn\n|-damage|p1a: Miraidon|100/238|[from] item: Life Orb\n|\n|-damage|p2a: Hydrapple|86/100 brn|[from] brn\n|upkeep\n|turn|16\n|inactive|Time left: 300 sec this turn | 300 sec total\n|\n|t:|1783568428\n|switch|p2a: Cramorant|Cramorant, L86, F|100/100\n|move|p1a: Miraidon|Draco Meteor|p2a: Cramorant\n|-damage|p2a: Cramorant|45/100\n|-unboost|p1a: Miraidon|spa|2\n|-damage|p1a: Miraidon|77/238|[from] item: Life Orb\n|\n|upkeep\n|turn|17\n|inactive|Time left: 300 sec this turn | 300 sec total\n|\n|t:|1783568428\n|switch|p2a: Hydrapple|Hydrapple, L83, M|100/100 brn\n|move|p1a: Miraidon|Electro Drift|p2a: Hydrapple\n|-resisted|p2a: Hydrapple\n|-damage|p2a: Hydrapple|96/100 brn\n|-damage|p1a: Miraidon|54/238|[from] item: Life Orb\n|\n|-damage|p2a: Hydrapple|90/100 brn|[from] brn\n|upkeep\n|turn|18\n|inactive|Time left: 300 sec this turn | 300 sec total\n|\n|t:|1783568429\n|move|p1a: Miraidon|Draco Meteor|p2a: Hydrapple\n|-supereffective|p2a: Hydrapple\n|-damage|p2a: Hydrapple|35/100 brn\n|-unboost|p1a: Miraidon|spa|2\n|-damage|p1a: Miraidon|31/238|[from] item: Life Orb\n|move|p2a: Hydrapple|Fickle Beam|p1a: Miraidon\n|-supereffective|p1a: Miraidon\n|-crit|p1a: Miraidon\n|-damage|p1a: Miraidon|0 fnt\n|faint|p1a: Miraidon\n|\n|-damage|p2a: Hydrapple|29/100 brn|[from] brn\n|upkeep\n|inactive|Time left: 300 sec this turn | 300 sec total | 5 sec grace\n|\n|t:|1783568430\n|switch|p1a: Iron Moth|Iron Moth, L78|127/253\n|turn|19\n|inactive|Time left: 300 sec this turn | 300 sec total\n|\n|t:|1783568431\n|move|p1a: Iron Moth|Sludge Wave|p2a: Hydrapple\n|-supereffective|p2a: Hydrapple\n|-damage|p2a: Hydrapple|0 fnt\n|faint|p2a: Hydrapple\n|\n|upkeep\n|\n|t:|1783568432\n|switch|p2a: Cramorant|Cramorant, L86, F|45/100\n|turn|20\n|inactive|Time left: 300 sec this turn | 300 sec total\n|\n|t:|1783568432\n|move|p1a: Iron Moth|Sludge Wave|p2a: Cramorant\n|-damage|p2a: Cramorant|0 fnt\n|faint|p2a: Cramorant\n|\n|upkeep\n|\n|t:|1783568433\n|switch|p2a: Ditto|Ditto, L87|100/100\n|-transform|p2a: Ditto|p1a: Iron Moth|[from] ability: Imposter\n|turn|21\n|inactive|Time left: 300 sec this turn | 300 sec total\n|\n|t:|1783568434\n|move|p2a: Ditto|Sludge Wave|p1a: Iron Moth\n|-resisted|p1a: Iron Moth\n|-damage|p1a: Iron Moth|73/253\n|move|p1a: Iron Moth|Sludge Wave|p2a: Ditto\n|-resisted|p2a: Ditto\n|-damage|p2a: Ditto|66/100\n|\n|upkeep\n|turn|22\n|inactive|Time left: 300 sec this turn | 300 sec total\n|\n|t:|1783568434\n|move|p2a: Ditto|Sludge Wave|p1a: Iron Moth\n|-resisted|p1a: Iron Moth\n|-damage|p1a: Iron Moth|15/253\n|move|p1a: Iron Moth|Sludge Wave|p2a: Ditto\n|-resisted|p2a: Ditto\n|-damage|p2a: Ditto|30/100\n|\n|upkeep\n|turn|23\n|inactive|Time left: 300 sec this turn | 300 sec total\n|\n|t:|1783568435\n|move|p2a: Ditto|Sludge Wave|p1a: Iron Moth\n|-resisted|p1a: Iron Moth\n|-damage|p1a: Iron Moth|0 fnt\n|faint|p1a: Iron Moth\n|-end|p1a: Iron Moth|Quark Drive|[silent]\n|\n|upkeep\n|inactive|Time left: 300 sec this turn | 300 sec total | 5 sec grace\n|\n|t:|1783568436\n|switch|p1a: Clawitzer|Clawitzer, L87, M|265/265\n|turn|24\n|inactive|Time left: 300 sec this turn | 300 sec total\n|\n|t:|1783568437\n|move|p2a: Ditto|Sludge Wave|p1a: Clawitzer\n|-crit|p1a: Clawitzer\n|-damage|p1a: Clawitzer|132/265\n|move|p1a: Clawitzer|Dragon Pulse|p2a: Ditto\n|-damage|p2a: Ditto|0 fnt\n|faint|p2a: Ditto\n|-end|p2a: Ditto|Quark Drive|[silent]\n|\n|win|p0x2450bf54", "uploadtime": 1783568437, "views": 0, "rating": 0, "private": 0, "password": null, "_winner": "p0x2450bf54", "_our_name": "p0x2450bf54"}