{"id": "battle-gen9randombattle-1044", "formatid": "gen9randombattle", "format": "[Gen 9] Random Battle", "players": ["p0x1044a9bc", "p0y1044f40b"], "log": "|init|battle\n|title|p0x1044a9bc vs. p0y1044f40b\n|j|\u2606p0x1044a9bc\n|j|\u2606p0y1044f40b\n|t:|1783551294\n|gametype|singles\n|player|p1|p0x1044a9bc|2|\n|player|p2|p0y1044f40b|1|\n|gen|9\n|tier|[Gen 9] Random Battle\n|rule|Species Clause: Limit one of each Pok\u00e9mon\n|rule|HP Percentage Mod: HP is shown in percentages\n|rule|Sleep Clause Mod: Limit one foe put to sleep\n|rule|Illusion Level Mod: Illusion disguises the Pok\u00e9mon's true level\n|\n|t:|1783551294\n|teamsize|p1|6\n|teamsize|p2|6\n|start\n|switch|p1a: Empoleon|Empoleon, L84, F|100/100\n|switch|p2a: Floatzel|Floatzel, L86, F|286/286\n|turn|1\n|inactive|Battle timer is ON: inactive players will automatically lose when time's up. (requested by p0y1044f40b)\n|inactive|p0x1044a9bc also wants the timer to be on.\n|\n|t:|1783551296\n|switch|p2a: Hariyama|Hariyama, L87, F|392/392\n|move|p1a: Empoleon|Stealth Rock|p2a: Hariyama\n|-sidestart|p2: p0y1044f40b|move: Stealth Rock\n|\n|-status|p2a: Hariyama|brn|[from] item: Flame Orb\n|upkeep\n|turn|2\n|inactive|Time left: 300 sec this turn | 300 sec total\n|\n|t:|1783551297\n|switch|p1a: Giratina|Giratina-Origin, L72|100/100\n|move|p2a: Hariyama|Close Combat|p1a: Giratina\n|-immune|p1a: Giratina\n|\n|-damage|p2a: Hariyama|368/392 brn|[from] brn\n|upkeep\n|turn|3\n|inactive|Time left: 300 sec this turn | 300 sec total\n|\n|t:|1783551298\n|move|p1a: Giratina|Poltergeist|p2a: Hariyama|[miss]\n|-miss|p1a: Giratina|p2a: Hariyama\n|move|p2a: Hariyama|Knock Off|p1a: Giratina\n|-supereffective|p1a: Giratina\n|-damage|p1a: Giratina|44/100\n|\n|-damage|p2a: Hariyama|344/392 brn|[from] brn\n|upkeep\n|turn|4\n|inactive|Time left: 300 sec this turn | 300 sec total\n|\n|t:|1783551299\n|move|p1a: Giratina|Poltergeist|p2a: Hariyama\n|-activate|p2a: Hariyama|move: Poltergeist|Flame Orb\n|-damage|p2a: Hariyama|197/392 brn\n|move|p2a: Hariyama|Knock Off|p1a: Giratina\n|-supereffective|p1a: Giratina\n|-damage|p1a: Giratina|0 fnt\n|faint|p1a: Giratina\n|\n|-damage|p2a: Hariyama|173/392 brn|[from] brn\n|upkeep\n|\n|t:|1783551300\n|switch|p1a: Squawkabilly|Squawkabilly-Blue, L85, M|100/100\n|turn|5\n|inactive|Time left: 300 sec this turn | 300 sec total\n|\n|t:|1783551301\n|switch|p2a: Magearna|Magearna-Original, L77|250/250\n|-damage|p2a: Magearna|235/250|[from] Stealth Rock\n|move|p1a: Squawkabilly|Brave Bird|p2a: Magearna\n|-resisted|p2a: Magearna\n|-damage|p2a: Magearna|181/250\n|-damage|p1a: Squawkabilly|94/100|[from] Recoil\n|\n|-heal|p2a: Magearna|196/250|[from] item: Leftovers\n|-status|p1a: Squawkabilly|brn|[from] item: Flame Orb\n|upkeep\n|turn|6\n|inactive|Time left: 300 sec this turn | 300 sec total\n|\n|t:|1783551302\n|move|p1a: Squawkabilly|Facade|p2a: Magearna\n|-resisted|p2a: Magearna\n|-damage|p2a: Magearna|87/250\n|move|p2a: Magearna|Flash Cannon|p1a: Squawkabilly\n|-damage|p1a: Squawkabilly|49/100 brn\n|\n|-heal|p2a: Magearna|102/250|[from] item: Leftovers\n|-damage|p1a: Squawkabilly|43/100 brn|[from] brn\n|upkeep\n|turn|7\n|inactive|Time left: 300 sec this turn | 300 sec total\n|\n|t:|1783551304\n|move|p1a: Squawkabilly|Facade|p2a: Magearna\n|-resisted|p2a: Magearna\n|-damage|p2a: Magearna|1/250\n|move|p2a: Magearna|Flash Cannon|p1a: Squawkabilly\n|-damage|p1a: Squawkabilly|0 fnt\n|faint|p1a: Squawkabilly\n|-ability|p2a: Magearna|Soul-Heart|boost\n|-boost|p2a: Magearna|spa|1\n|\n|-heal|p2a: Magearna|16/250|[from] item: Leftovers\n|upkeep\n|\n|t:|1783551305\n|switch|p1a: Jirachi|Jirachi, L80|100/100\n|turn|8\n|inactive|Time left: 300 sec this turn | 300 sec total\n|\n|t:|1783551306\n|switch|p2a: Brambleghast|Brambleghast, L88, M|240/240\n|move|p1a: Jirachi|Psychic|p2a: Brambleghast\n|-damage|p2a: Brambleghast|141/240\n|\n|upkeep\n|turn|9\n|inactive|Time left: 300 sec this turn | 300 sec total\n|\n|t:|1783551307\n|move|p1a: Jirachi|Psychic|p2a: Brambleghast\n|-damage|p2a: Brambleghast|42/240\n|move|p2a: Brambleghast|Poltergeist|p1a: Jirachi\n|-activate|p1a: Jirachi|move: Poltergeist|Choice Scarf\n|-supereffective|p1a: Jirachi\n|-damage|p1a: Jirachi|4/100\n|\n|upkeep\n|turn|10\n|inactive|Time left: 300 sec this turn | 300 sec total\n|\n|t:|1783551308\n|switch|p2a: Araquanid|Araquanid, L82, M|246/246\n|move|p1a: Jirachi|Psychic|p2a: Araquanid\n|-damage|p2a: Araquanid|182/246\n|\n|upkeep\n|turn|11\n|inactive|Time left: 300 sec this turn | 300 sec total\n|\n|t:|1783551309\n|move|p1a: Jirachi|Psychic|p2a: Araquanid\n|-damage|p2a: Araquanid|116/246\n|-unboost|p2a: Araquanid|spd|1\n|move|p2a: Araquanid|Sticky Web|p1a: Jirachi\n|-sidestart|p1: p0x1044a9bc|move: Sticky Web\n|\n|upkeep\n|turn|12\n|inactive|Time left: 300 sec this turn | 300 sec total\n|\n|t:|1783551310\n|move|p1a: Jirachi|Psychic|p2a: Araquanid\n|-damage|p2a: Araquanid|11/246\n|move|p2a: Araquanid|Leech Life|p1a: Jirachi\n|-damage|p1a: Jirachi|0 fnt\n|-heal|p2a: Araquanid|16/246|[from] drain|[of] p1a: Jirachi\n|faint|p1a: Jirachi\n|\n|upkeep\n|\n|t:|1783551311\n|switch|p1a: Empoleon|Empoleon, L84, F|100/100\n|-activate|p1a: Empoleon|move: Sticky Web\n|-unboost|p1a: Empoleon|spe|1\n|-ability|p1a: Empoleon|Competitive|boost\n|-boost|p1a: Empoleon|spa|2\n|turn|13\n|inactive|Time left: 300 sec this turn | 300 sec total\n|\n|t:|1783551312\n|move|p2a: Araquanid|Hydro Pump|p1a: Empoleon\n|-resisted|p1a: Empoleon\n|-damage|p1a: Empoleon|80/100\n|move|p1a: Empoleon|Ice Beam|p2a: Araquanid\n|-resisted|p2a: Araquanid\n|-damage|p2a: Araquanid|0 fnt\n|faint|p2a: Araquanid\n|\n|-heal|p1a: Empoleon|86/100|[from] item: Leftovers\n|upkeep\n|inactive|Time left: 300 sec this turn | 300 sec total | 5 sec grace\n|\n|t:|1783551313\n|switch|p2a: Hariyama|Hariyama, L87, F|173/392 brn\n|-damage|p2a: Hariyama|149/392 brn|[from] Stealth Rock\n|turn|14\n|inactive|Time left: 300 sec this turn | 300 sec total\n|\n|t:|1783551314\n|-terastallize|p1a: Empoleon|Flying\n|move|p2a: Hariyama|Close Combat|p1a: Empoleon\n|-resisted|p1a: Empoleon\n|-damage|p1a: Empoleon|45/100\n|-unboost|p2a: Hariyama|def|1\n|-unboost|p2a: Hariyama|spd|1\n|move|p1a: Empoleon|Surf|p2a: Hariyama\n|-damage|p2a: Hariyama|0 fnt\n|faint|p2a: Hariyama\n|\n|-heal|p1a: Empoleon|51/100|[from] item: Leftovers\n|upkeep\n|inactive|Time left: 300 sec this turn | 300 sec total | 5 sec grace\n|\n|t:|1783551315\n|switch|p2a: Brambleghast|Brambleghast, L88, M|42/240\n|turn|15\n|inactive|Time left: 300 sec this turn | 300 sec total\n|\n|t:|1783551316\n|move|p2a: Brambleghast|Poltergeist|p1a: Empoleon\n|-activate|p1a: Empoleon|move: Poltergeist|Leftovers\n|-damage|p1a: Empoleon|0 fnt\n|faint|p1a: Empoleon\n|\n|upkeep\n|\n|t:|1783551317\n|switch|p1a: Hippowdon|Hippowdon, L82, F|100/100\n|-activate|p1a: Hippowdon|move: Sticky Web\n|-unboost|p1a: Hippowdon|spe|1\n|-weather|Sandstorm|[from] ability: Sand Stream|[of] p1a: Hippowdon\n|turn|16\n|inactive|Time left: 300 sec this turn | 300 sec total\n|\n|t:|1783551318\n|move|p2a: Brambleghast|Power Whip|p1a: Hippowdon\n|-supereffective|p1a: Hippowdon\n|-damage|p1a: Hippowdon|10/100\n|-damage|p2a: Brambleghast|2/240|[from] item: Rocky Helmet|[of] p1a: Hippowdon\n|move|p1a: Hippowdon|Earthquake|p2a: Brambleghast\n|-resisted|p2a: Brambleghast\n|-damage|p2a: Brambleghast|0 fnt\n|faint|p2a: Brambleghast\n|\n|-weather|Sandstorm|[upkeep]\n|upkeep\n|inactive|Time left: 300 sec this turn | 300 sec total | 5 sec grace\n|\n|t:|1783551319\n|switch|p2a: Arbok|Arbok, L87, F|246/246\n|-damage|p2a: Arbok|216/246|[from] Stealth Rock\n|-ability|p2a: Arbok|Intimidate|boost\n|-unboost|p1a: Hippowdon|atk|1\n|turn|17\n|inactive|Time left: 300 sec this turn | 300 sec total\n|\n|t:|1783551320\n|-terastallize|p2a: Arbok|Ground\n|move|p2a: Arbok|Earthquake|p1a: Hippowdon\n|-damage|p1a: Hippowdon|0 fnt\n|faint|p1a: Hippowdon\n|\n|-weather|Sandstorm|[upkeep]\n|-heal|p2a: Arbok|231/246|[from] item: Leftovers\n|upkeep\n|\n|t:|1783551322\n|switch|p1a: Hypno|Hypno, L95, M|100/100\n|-activate|p1a: Hypno|move: Sticky Web\n|-unboost|p1a: Hypno|spe|1\n|turn|18\n|inactive|Time left: 300 sec this turn | 300 sec total\n|\n|t:|1783551323\n|move|p2a: Arbok|Gunk Shot|p1a: Hypno\n|-damage|p1a: Hypno|55/100\n|move|p1a: Hypno|Toxic|p2a: Arbok\n|-status|p2a: Arbok|tox\n|\n|-weather|Sandstorm|[upkeep]\n|-damage|p1a: Hypno|49/100|[from] Sandstorm\n|-heal|p2a: Arbok|246/246 tox|[from] item: Leftovers\n|-heal|p1a: Hypno|55/100|[from] item: Leftovers\n|-damage|p2a: Arbok|231/246 tox|[from] psn\n|upkeep\n|turn|19\n|inactive|Time left: 300 sec this turn | 300 sec total\n|\n|t:|1783551324\n|move|p2a: Arbok|Gunk Shot|p1a: Hypno\n|-damage|p1a: Hypno|9/100\n|-status|p1a: Hypno|psn\n|move|p1a: Hypno|Knock Off|p2a: Arbok\n|-damage|p2a: Arbok|153/246 tox\n|-enditem|p2a: Arbok|Leftovers|[from] move: Knock Off|[of] p1a: Hypno\n|\n|-weather|Sandstorm|[upkeep]\n|-damage|p1a: Hypno|3/100 psn|[from] Sandstorm\n|-heal|p1a: Hypno|9/100 psn|[from] item: Leftovers\n|-damage|p2a: Arbok|123/246 tox|[from] psn\n|-damage|p1a: Hypno|0 fnt|[from] psn\n|faint|p1a: Hypno\n|\n|win|p0y1044f40b", "uploadtime": 1783551324, "views": 0, "rating": 0, "private": 0, "password": null, "_winner": "p0y1044f40b", "_our_name": "p0y1044f40b"}