{"id": "battle-gen9randombattle-713", "formatid": "gen9randombattle", "format": "[Gen 9] Random Battle", "players": ["p0x71380d8", "p0y713c0b5"], "log": "|init|battle\n|title|p0x71380d8 vs. p0y713c0b5\n|j|\u2606p0x71380d8\n|j|\u2606p0y713c0b5\n|t:|1783547378\n|gametype|singles\n|player|p1|p0x71380d8|102|\n|player|p2|p0y713c0b5|266|\n|gen|9\n|tier|[Gen 9] Random Battle\n|rule|Species Clause: Limit one of each Pok\u00e9mon\n|rule|HP Percentage Mod: HP is shown in percentages\n|rule|Sleep Clause Mod: Limit one foe put to sleep\n|rule|Illusion Level Mod: Illusion disguises the Pok\u00e9mon's true level\n|\n|t:|1783547378\n|teamsize|p1|6\n|teamsize|p2|6\n|start\n|switch|p1a: Zapdos|Zapdos, L78|268/268\n|switch|p2a: Landorus|Landorus-Therian, L76, M|100/100\n|-ability|p2a: Landorus|Intimidate|boost\n|-unboost|p1a: Zapdos|atk|1\n|turn|1\n|inactive|Battle timer is ON: inactive players will automatically lose when time's up. (requested by p0y713c0b5)\n|inactive|Time left: 300 sec this turn | 300 sec total | 60 sec grace\n|inactive|p0x71380d8 also wants the timer to be on.\n|\n|t:|1783547380\n|move|p1a: Zapdos|Hurricane|p2a: Landorus|[miss]\n|-miss|p1a: Zapdos|p2a: Landorus\n|move|p2a: Landorus|Earthquake|p1a: Zapdos\n|-immune|p1a: Zapdos\n|\n|upkeep\n|turn|2\n|inactive|Time left: 300 sec this turn | 300 sec total\n|\n|t:|1783547381\n|move|p1a: Zapdos|Hurricane|p2a: Landorus|[miss]\n|-miss|p1a: Zapdos|p2a: Landorus\n|move|p2a: Landorus|Stone Edge|p1a: Zapdos\n|-supereffective|p1a: Zapdos\n|-damage|p1a: Zapdos|78/268\n|\n|upkeep\n|turn|3\n|inactive|Time left: 300 sec this turn | 300 sec total\n|\n|t:|1783547383\n|move|p1a: Zapdos|Hurricane|p2a: Landorus\n|-damage|p2a: Landorus|46/100\n|move|p2a: Landorus|Stealth Rock|p1a: Zapdos\n|-sidestart|p1: p0x71380d8|move: Stealth Rock\n|\n|-heal|p2a: Landorus|52/100|[from] item: Leftovers\n|upkeep\n|turn|4\n|inactive|Time left: 300 sec this turn | 300 sec total\n|\n|t:|1783547384\n|move|p1a: Zapdos|Hurricane|p2a: Landorus\n|-damage|p2a: Landorus|0 fnt\n|faint|p2a: Landorus\n|\n|upkeep\n|\n|t:|1783547385\n|switch|p2a: Wugtrio|Wugtrio, L91, M|100/100\n|turn|5\n|inactive|Time left: 300 sec this turn | 300 sec total\n|\n|t:|1783547386\n|switch|p1a: Koraidon|Koraidon, L64|235/235\n|-damage|p1a: Koraidon|221/235|[from] Stealth Rock\n|-weather|SunnyDay|[from] ability: Orichalcum Pulse|[of] p1a: Koraidon\n|-activate|p1a: Koraidon|Orichalcum Pulse|[source]\n|move|p2a: Wugtrio|Liquidation|p1a: Koraidon\n|-resisted|p1a: Koraidon\n|-damage|p1a: Koraidon|179/235\n|\n|-weather|SunnyDay|[upkeep]\n|upkeep\n|turn|6\n|inactive|Time left: 300 sec this turn | 300 sec total\n|\n|t:|1783547387\n|move|p2a: Wugtrio|Liquidation|p1a: Koraidon\n|-resisted|p1a: Koraidon\n|-damage|p1a: Koraidon|140/235\n|move|p1a: Koraidon|Scale Shot|p2a: Wugtrio\n|-damage|p2a: Wugtrio|82/100\n|-damage|p2a: Wugtrio|64/100\n|-damage|p2a: Wugtrio|46/100\n|-damage|p2a: Wugtrio|29/100\n|-damage|p2a: Wugtrio|12/100\n|-hitcount|p2a: Wugtrio|5\n|-unboost|p1a: Koraidon|def|1\n|-boost|p1a: Koraidon|spe|1\n|\n|-weather|SunnyDay|[upkeep]\n|upkeep\n|turn|7\n|inactive|Time left: 300 sec this turn | 300 sec total\n|\n|t:|1783547388\n|switch|p2a: Tauros|Tauros-Paldea-Combat, L82, M|100/100\n|-ability|p2a: Tauros|Intimidate|boost\n|-unboost|p1a: Koraidon|atk|1\n|move|p1a: Koraidon|Swords Dance|p1a: Koraidon\n|-boost|p1a: Koraidon|atk|2\n|\n|-weather|SunnyDay|[upkeep]\n|upkeep\n|turn|8\n|inactive|Time left: 300 sec this turn | 300 sec total\n|\n|t:|1783547390\n|-terastallize|p1a: Koraidon|Fire\n|move|p1a: Koraidon|Flare Blitz|p2a: Tauros\n|-damage|p2a: Tauros|5/100\n|-damage|p1a: Koraidon|59/235|[from] Recoil\n|move|p2a: Tauros|Close Combat|p1a: Koraidon\n|-damage|p1a: Koraidon|0 fnt\n|-unboost|p2a: Tauros|def|1\n|-unboost|p2a: Tauros|spd|1\n|faint|p1a: Koraidon\n|-damage|p2a: Tauros|0 fnt|[from] item: Life Orb\n|faint|p2a: Tauros\n|\n|-weather|SunnyDay|[upkeep]\n|upkeep\n|inactive|Time left: 300 sec this turn | 300 sec total | 5 sec grace\n|\n|t:|1783547391\n|switch|p2a: Gallade|Gallade, L80, M|100/100\n|switch|p1a: Reuniclus|Reuniclus, L88, F|337/337\n|turn|9\n|inactive|Time left: 300 sec this turn | 300 sec total\n|\n|t:|1783547392\n|move|p2a: Gallade|Night Slash|p1a: Reuniclus\n|-supereffective|p1a: Reuniclus\n|-damage|p1a: Reuniclus|81/337\n|move|p1a: Reuniclus|Psychic|p2a: Gallade\n|-damage|p2a: Gallade|43/100\n|\n|-weather|none\n|upkeep\n|turn|10\n|inactive|Time left: 300 sec this turn | 300 sec total\n|\n|t:|1783547393\n|switch|p1a: Sandy Shocks|Sandy Shocks, L80|267/267\n|move|p2a: Gallade|Night Slash|p1a: Sandy Shocks\n|-damage|p1a: Sandy Shocks|146/267\n|\n|upkeep\n|turn|11\n|inactive|Time left: 300 sec this turn | 300 sec total\n|\n|t:|1783547394\n|move|p1a: Sandy Shocks|Thunderbolt|p2a: Gallade\n|-damage|p2a: Gallade|9/100\n|move|p2a: Gallade|Night Slash|p1a: Sandy Shocks\n|-damage|p1a: Sandy Shocks|21/267\n|\n|upkeep\n|turn|12\n|inactive|Time left: 300 sec this turn | 300 sec total\n|\n|t:|1783547395\n|switch|p2a: Venusaur|Venusaur, L84, F|100/100\n|move|p1a: Sandy Shocks|Volt Switch|p2a: Venusaur\n|-resisted|p2a: Venusaur\n|-damage|p2a: Venusaur|88/100\n|inactive|Time left: 300 sec this turn | 300 sec total | 5 sec grace\n|\n|t:|1783547396\n|-end|p1a: Sandy Shocks|Protosynthesis|[silent]\n|switch|p1a: Iron Crown|Iron Crown, L78|268/268|[from] Volt Switch\n|-damage|p1a: Iron Crown|252/268|[from] Stealth Rock\n|\n|-heal|p2a: Venusaur|94/100|[from] item: Leftovers\n|upkeep\n|turn|13\n|inactive|Time left: 300 sec this turn | 300 sec total\n|\n|t:|1783547397\n|-terastallize|p2a: Venusaur|Steel\n|move|p1a: Iron Crown|Psyshock|p2a: Venusaur\n|-resisted|p2a: Venusaur\n|-damage|p2a: Venusaur|68/100\n|move|p2a: Venusaur|Knock Off|p1a: Iron Crown\n|-supereffective|p1a: Iron Crown\n|-damage|p1a: Iron Crown|134/268\n|-enditem|p1a: Iron Crown|Choice Specs|[from] move: Knock Off|[of] p2a: Venusaur\n|\n|-heal|p2a: Venusaur|74/100|[from] item: Leftovers\n|upkeep\n|turn|14\n|inactive|Time left: 300 sec this turn | 300 sec total\n|\n|t:|1783547398\n|move|p1a: Iron Crown|Focus Blast|p2a: Venusaur\n|-supereffective|p2a: Venusaur\n|-damage|p2a: Venusaur|17/100\n|move|p2a: Venusaur|Earth Power|p1a: Iron Crown\n|-supereffective|p1a: Iron Crown\n|-damage|p1a: Iron Crown|24/268\n|\n|-heal|p2a: Venusaur|23/100|[from] item: Leftovers\n|upkeep\n|turn|15\n|inactive|Time left: 300 sec this turn | 300 sec total\n|\n|t:|1783547400\n|move|p1a: Iron Crown|Focus Blast|p2a: Venusaur|[miss]\n|-miss|p1a: Iron Crown|p2a: Venusaur\n|move|p2a: Venusaur|Synthesis|p2a: Venusaur\n|-heal|p2a: Venusaur|73/100\n|\n|-heal|p2a: Venusaur|79/100|[from] item: Leftovers\n|upkeep\n|turn|16\n|inactive|Time left: 300 sec this turn | 300 sec total\n|\n|t:|1783547401\n|move|p1a: Iron Crown|Focus Blast|p2a: Venusaur\n|-supereffective|p2a: Venusaur\n|-crit|p2a: Venusaur\n|-damage|p2a: Venusaur|0 fnt\n|faint|p2a: Venusaur\n|\n|upkeep\n|\n|t:|1783547402\n|switch|p2a: Wugtrio|Wugtrio, L91, M|12/100\n|turn|17\n|inactive|Time left: 300 sec this turn | 300 sec total\n|\n|t:|1783547403\n|move|p2a: Wugtrio|Liquidation|p1a: Iron Crown\n|-damage|p1a: Iron Crown|0 fnt\n|faint|p1a: Iron Crown\n|-end|p1a: Iron Crown|Quark Drive|[silent]\n|\n|upkeep\n|inactive|Time left: 300 sec this turn | 300 sec total | 5 sec grace\n|\n|t:|1783547404\n|switch|p1a: Palkia|Palkia, L75|259/259\n|-damage|p1a: Palkia|227/259|[from] Stealth Rock\n|-ability|p1a: Palkia|Pressure\n|turn|18\n|inactive|Time left: 300 sec this turn | 300 sec total\n|\n|t:|1783547405\n|move|p2a: Wugtrio|Liquidation|p1a: Palkia\n|-resisted|p1a: Palkia\n|-damage|p1a: Palkia|187/259\n|move|p1a: Palkia|Hydro Pump|p2a: Wugtrio\n|-resisted|p2a: Wugtrio\n|-damage|p2a: Wugtrio|0 fnt\n|faint|p2a: Wugtrio\n|\n|upkeep\n|\n|t:|1783547406\n|switch|p2a: Iron Crown|Iron Crown, L78|100/100\n|turn|19\n|inactive|Time left: 300 sec this turn | 300 sec total\n|\n|t:|1783547407\n|move|p2a: Iron Crown|Psyshock|p1a: Palkia\n|-damage|p1a: Palkia|48/259\n|move|p1a: Palkia|Fire Blast|p2a: Iron Crown|[miss]\n|-miss|p1a: Palkia|p2a: Iron Crown\n|\n|upkeep\n|turn|20\n|inactive|Time left: 300 sec this turn | 300 sec total\n|\n|t:|1783547408\n|move|p2a: Iron Crown|Psyshock|p1a: Palkia\n|-damage|p1a: Palkia|0 fnt\n|faint|p1a: Palkia\n|\n|upkeep\n|inactive|Time left: 300 sec this turn | 300 sec total | 5 sec grace\n|\n|t:|1783547409\n|switch|p1a: Sandy Shocks|Sandy Shocks, L80|21/267\n|turn|21\n|inactive|Time left: 300 sec this turn | 300 sec total\n|\n|t:|1783547410\n|move|p1a: Sandy Shocks|Earth Power|p2a: Iron Crown\n|-supereffective|p2a: Iron Crown\n|-damage|p2a: Iron Crown|30/100\n|move|p2a: Iron Crown|Psyshock|p1a: Sandy Shocks\n|-damage|p1a: Sandy Shocks|0 fnt\n|faint|p1a: Sandy Shocks\n|-end|p1a: Sandy Shocks|Protosynthesis|[silent]\n|\n|upkeep\n|inactive|Time left: 300 sec this turn | 300 sec total | 5 sec grace\n|\n|t:|1783547410\n|switch|p1a: Zapdos|Zapdos, L78|78/268\n|turn|22\n|inactive|Time left: 300 sec this turn | 300 sec total\n|\n|t:|1783547411\n|move|p1a: Zapdos|Thunderbolt|p2a: Iron Crown\n|-damage|p2a: Iron Crown|0 fnt\n|faint|p2a: Iron Crown\n|-end|p2a: Iron Crown|Quark Drive|[silent]\n|\n|upkeep\n|\n|t:|1783547412\n|switch|p2a: Gallade|Gallade, L80, M|9/100\n|turn|23\n|inactive|Time left: 300 sec this turn | 300 sec total\n|\n|t:|1783547413\n|move|p1a: Zapdos|Thunderbolt|p2a: Gallade\n|-damage|p2a: Gallade|0 fnt\n|faint|p2a: Gallade\n|\n|win|p0x71380d8", "uploadtime": 1783547413, "views": 0, "rating": 0, "private": 0, "password": null, "_winner": "p0x71380d8", "_our_name": "p0x71380d8"}