{"id": "battle-gen9randombattle-2597", "formatid": "gen9randombattle", "format": "[Gen 9] Random Battle", "players": ["p0x25973f91", "p0y25973200"], "log": "|init|battle\n|title|p0x25973f91 vs. p0y25973200\n|j|\u2606p0x25973f91\n|j|\u2606p0y25973200\n|t:|1783569041\n|gametype|singles\n|player|p1|p0x25973f91|265|\n|player|p2|p0y25973200|2|\n|gen|9\n|tier|[Gen 9] Random Battle\n|rule|Species Clause: Limit one of each Pok\u00e9mon\n|rule|HP Percentage Mod: HP is shown in percentages\n|rule|Sleep Clause Mod: Limit one foe put to sleep\n|rule|Illusion Level Mod: Illusion disguises the Pok\u00e9mon's true level\n|\n|t:|1783569041\n|teamsize|p1|6\n|teamsize|p2|6\n|start\n|switch|p1a: Beartic|Beartic, L91, F|321/321\n|switch|p2a: Regirock|Regirock, L83|100/100\n|turn|1\n|inactive|Battle timer is ON: inactive players will automatically lose when time's up. (requested by p0y25973200)\n|inactive|Time left: 300 sec this turn | 300 sec total | 60 sec grace\n|inactive|p0x25973f91 also wants the timer to be on.\n|\n|t:|1783569042\n|move|p1a: Beartic|Swords Dance|p1a: Beartic\n|-boost|p1a: Beartic|atk|2\n|move|p2a: Regirock|Stone Edge|p1a: Beartic\n|-supereffective|p1a: Beartic\n|-damage|p1a: Beartic|97/321\n|\n|upkeep\n|turn|2\n|inactive|Time left: 300 sec this turn | 300 sec total\n|\n|t:|1783569043\n|-terastallize|p2a: Regirock|Fighting\n|move|p1a: Beartic|Icicle Crash|p2a: Regirock\n|-damage|p2a: Regirock|48/100\n|move|p2a: Regirock|Body Press|p1a: Beartic\n|-supereffective|p1a: Beartic\n|-damage|p1a: Beartic|0 fnt\n|faint|p1a: Beartic\n|\n|-heal|p2a: Regirock|53/100|[from] item: Leftovers\n|upkeep\n|inactive|Time left: 300 sec this turn | 300 sec total | 5 sec grace\n|\n|t:|1783569043\n|switch|p1a: Armarouge|Armarouge, L80, F|267/267\n|turn|3\n|inactive|Time left: 300 sec this turn | 300 sec total\n|\n|t:|1783569044\n|move|p1a: Armarouge|Meteor Beam||[still]\n|-prepare|p1a: Armarouge|Meteor Beam\n|-boost|p1a: Armarouge|spa|1\n|-enditem|p1a: Armarouge|Power Herb\n|-anim|p1a: Armarouge|Meteor Beam|p2a: Regirock\n|-resisted|p2a: Regirock\n|-damage|p2a: Regirock|28/100\n|move|p2a: Regirock|Stone Edge|p1a: Armarouge|[miss]\n|-miss|p2a: Regirock|p1a: Armarouge\n|\n|-heal|p2a: Regirock|34/100|[from] item: Leftovers\n|upkeep\n|turn|4\n|inactive|Time left: 300 sec this turn | 300 sec total\n|\n|t:|1783569045\n|switch|p2a: Iron Jugulis|Iron Jugulis, L77|100/100\n|move|p1a: Armarouge|Armor Cannon|p2a: Iron Jugulis\n|-damage|p2a: Iron Jugulis|15/100\n|-unboost|p1a: Armarouge|def|1\n|-unboost|p1a: Armarouge|spd|1\n|\n|upkeep\n|turn|5\n|inactive|Time left: 300 sec this turn | 300 sec total\n|\n|t:|1783569046\n|switch|p1a: Vaporeon|Vaporeon, L86, F|364/364\n|move|p2a: Iron Jugulis|Meteor Beam||[still]\n|-prepare|p2a: Iron Jugulis|Meteor Beam\n|-boost|p2a: Iron Jugulis|spa|1\n|-enditem|p2a: Iron Jugulis|Power Herb\n|-anim|p2a: Iron Jugulis|Meteor Beam|p1a: Vaporeon\n|-damage|p1a: Vaporeon|240/364\n|\n|-heal|p1a: Vaporeon|262/364|[from] item: Leftovers\n|upkeep\n|turn|6\n|inactive|Time left: 300 sec this turn | 300 sec total\n|\n|t:|1783569047\n|move|p2a: Iron Jugulis|Dark Pulse|p1a: Vaporeon\n|-crit|p1a: Vaporeon\n|-damage|p1a: Vaporeon|88/364\n|move|p1a: Vaporeon|Scald|p2a: Iron Jugulis\n|-damage|p2a: Iron Jugulis|0 fnt\n|faint|p2a: Iron Jugulis\n|-end|p2a: Iron Jugulis|Quark Drive|[silent]\n|\n|-heal|p1a: Vaporeon|110/364|[from] item: Leftovers\n|upkeep\n|\n|t:|1783569048\n|switch|p2a: Arceus|Arceus-Bug, L73|100/100\n|turn|7\n|inactive|Time left: 300 sec this turn | 300 sec total\n|\n|t:|1783569049\n|move|p2a: Arceus|Judgment|p1a: Vaporeon\n|-crit|p1a: Vaporeon\n|-damage|p1a: Vaporeon|0 fnt\n|faint|p1a: Vaporeon\n|\n|upkeep\n|inactive|Time left: 300 sec this turn | 300 sec total | 5 sec grace\n|\n|t:|1783569050\n|switch|p1a: Armarouge|Armarouge, L80, F|267/267\n|turn|8\n|inactive|Time left: 300 sec this turn | 300 sec total\n|\n|t:|1783569051\n|move|p2a: Arceus|Calm Mind|p2a: Arceus\n|-boost|p2a: Arceus|spa|1\n|-boost|p2a: Arceus|spd|1\n|move|p1a: Armarouge|Armor Cannon|p2a: Arceus\n|-supereffective|p2a: Arceus\n|-damage|p2a: Arceus|45/100\n|-unboost|p1a: Armarouge|def|1\n|-unboost|p1a: Armarouge|spd|1\n|\n|upkeep\n|turn|9\n|inactive|Time left: 300 sec this turn | 300 sec total\n|\n|t:|1783569052\n|switch|p1a: Zamazenta|Zamazenta, L71|248/248\n|-ability|p1a: Zamazenta|Dauntless Shield|boost\n|-boost|p1a: Zamazenta|def|1\n|move|p2a: Arceus|Earth Power|p1a: Zamazenta\n|-damage|p1a: Zamazenta|160/248\n|-unboost|p1a: Zamazenta|spd|1\n|\n|upkeep\n|turn|10\n|inactive|Time left: 300 sec this turn | 300 sec total\n|\n|t:|1783569053\n|move|p1a: Zamazenta|Stone Edge|p2a: Arceus|[miss]\n|-miss|p1a: Zamazenta|p2a: Arceus\n|move|p2a: Arceus|Recover|p2a: Arceus\n|-heal|p2a: Arceus|95/100\n|\n|upkeep\n|turn|11\n|inactive|Time left: 300 sec this turn | 300 sec total\n|\n|t:|1783569054\n|move|p1a: Zamazenta|Stone Edge|p2a: Arceus\n|-supereffective|p2a: Arceus\n|-damage|p2a: Arceus|39/100\n|move|p2a: Arceus|Recover|p2a: Arceus\n|-heal|p2a: Arceus|90/100\n|\n|upkeep\n|turn|12\n|inactive|Time left: 300 sec this turn | 300 sec total\n|\n|t:|1783569055\n|move|p1a: Zamazenta|Stone Edge|p2a: Arceus\n|-supereffective|p2a: Arceus\n|-damage|p2a: Arceus|39/100\n|move|p2a: Arceus|Earth Power|p1a: Zamazenta\n|-damage|p1a: Zamazenta|45/248\n|\n|upkeep\n|turn|13\n|inactive|Time left: 300 sec this turn | 300 sec total\n|\n|t:|1783569056\n|switch|p2a: Regirock|Regirock, L83, tera:Fighting|34/100\n|move|p1a: Zamazenta|Stone Edge|p2a: Regirock\n|-resisted|p2a: Regirock\n|-crit|p2a: Regirock\n|-damage|p2a: Regirock|20/100\n|\n|-heal|p2a: Regirock|26/100|[from] item: Leftovers\n|upkeep\n|turn|14\n|inactive|Time left: 300 sec this turn | 300 sec total\n|\n|t:|1783569057\n|switch|p1a: Armarouge|Armarouge, L80, F|267/267\n|move|p2a: Regirock|Stone Edge|p1a: Armarouge\n|-supereffective|p1a: Armarouge\n|-crit|p1a: Armarouge\n|-damage|p1a: Armarouge|0 fnt\n|faint|p1a: Armarouge\n|\n|-heal|p2a: Regirock|32/100|[from] item: Leftovers\n|upkeep\n|inactive|Time left: 300 sec this turn | 300 sec total | 5 sec grace\n|\n|t:|1783569058\n|switch|p1a: Magearna|Magearna, L77|250/250\n|turn|15\n|inactive|Time left: 300 sec this turn | 300 sec total\n|\n|t:|1783569059\n|move|p1a: Magearna|Fleur Cannon|p2a: Regirock\n|-supereffective|p2a: Regirock\n|-crit|p2a: Regirock\n|-damage|p2a: Regirock|0 fnt\n|-unboost|p1a: Magearna|spa|2\n|faint|p2a: Regirock\n|-ability|p1a: Magearna|Soul-Heart|boost\n|-boost|p1a: Magearna|spa|1\n|\n|upkeep\n|\n|t:|1783569059\n|switch|p2a: Arceus|Arceus-Bug, L73|39/100\n|turn|16\n|inactive|Time left: 300 sec this turn | 300 sec total\n|\n|t:|1783569061\n|move|p2a: Arceus|Recover|p2a: Arceus\n|-heal|p2a: Arceus|89/100\n|move|p1a: Magearna|Shift Gear|p1a: Magearna\n|-boost|p1a: Magearna|spe|2\n|-boost|p1a: Magearna|atk|1\n|\n|upkeep\n|turn|17\n|inactive|Time left: 300 sec this turn | 300 sec total\n|\n|t:|1783569061\n|move|p1a: Magearna|Shift Gear|p1a: Magearna\n|-boost|p1a: Magearna|spe|2\n|-boost|p1a: Magearna|atk|1\n|move|p2a: Arceus|Calm Mind|p2a: Arceus\n|-boost|p2a: Arceus|spa|1\n|-boost|p2a: Arceus|spd|1\n|\n|upkeep\n|turn|18\n|inactive|Time left: 300 sec this turn | 300 sec total\n|\n|t:|1783569063\n|move|p1a: Magearna|Iron Head|p2a: Arceus\n|-damage|p2a: Arceus|48/100\n|cant|p2a: Arceus|flinch\n|\n|upkeep\n|turn|19\n|inactive|Time left: 300 sec this turn | 300 sec total\n|\n|t:|1783569064\n|move|p1a: Magearna|Iron Head|p2a: Arceus\n|-damage|p2a: Arceus|7/100\n|move|p2a: Arceus|Recover|p2a: Arceus\n|-heal|p2a: Arceus|57/100\n|\n|upkeep\n|turn|20\n|inactive|Time left: 300 sec this turn | 300 sec total\n|\n|t:|1783569065\n|move|p1a: Magearna|Iron Head|p2a: Arceus\n|-crit|p2a: Arceus\n|-damage|p2a: Arceus|0 fnt\n|faint|p2a: Arceus\n|-ability|p1a: Magearna|Soul-Heart|boost\n|-boost|p1a: Magearna|spa|1\n|\n|upkeep\n|\n|t:|1783569066\n|switch|p2a: Phione|Phione, L91|100/100\n|turn|21\n|inactive|Time left: 300 sec this turn | 300 sec total\n|\n|t:|1783569067\n|-terastallize|p1a: Magearna|Ground\n|move|p1a: Magearna|Tera Blast|p2a: Phione|[anim] Tera Blast Ground\n|-damage|p2a: Phione|53/100\n|move|p2a: Phione|Scald|p1a: Magearna\n|-supereffective|p1a: Magearna\n|-damage|p1a: Magearna|86/250\n|-enditem|p1a: Magearna|Weakness Policy\n|-boost|p1a: Magearna|atk|2|[from] item: Weakness Policy\n|-boost|p1a: Magearna|spa|2|[from] item: Weakness Policy\n|\n|-heal|p2a: Phione|59/100|[from] item: Leftovers\n|upkeep\n|turn|22\n|inactive|Time left: 300 sec this turn | 300 sec total\n|\n|t:|1783569068\n|move|p1a: Magearna|Tera Blast|p2a: Phione|[anim] Tera Blast Ground\n|-damage|p2a: Phione|0 fnt\n|faint|p2a: Phione\n|-ability|p1a: Magearna|Soul-Heart|boost\n|-boost|p1a: Magearna|spa|1\n|\n|upkeep\n|\n|t:|1783569069\n|switch|p2a: Cyclizar|Cyclizar, L84, F|100/100\n|turn|23\n|inactive|Time left: 300 sec this turn | 300 sec total\n|\n|t:|1783569070\n|switch|p2a: Shiftry|Shiftry, L89, F|100/100\n|move|p1a: Magearna|Tera Blast|p2a: Shiftry|[anim] Tera Blast Ground\n|-resisted|p2a: Shiftry\n|-damage|p2a: Shiftry|54/100\n|\n|upkeep\n|turn|24\n|inactive|Time left: 300 sec this turn | 300 sec total\n|\n|t:|1783569071\n|switch|p2a: Cyclizar|Cyclizar, L84, F|100/100\n|move|p1a: Magearna|Iron Head|p2a: Cyclizar\n|-damage|p2a: Cyclizar|0 fnt\n|faint|p2a: Cyclizar\n|-ability|p1a: Magearna|Soul-Heart|boost\n|-boost|p1a: Magearna|spa|1\n|\n|upkeep\n|\n|t:|1783569072\n|switch|p2a: Shiftry|Shiftry, L89, F|54/100\n|turn|25\n|inactive|Time left: 300 sec this turn | 300 sec total\n|\n|t:|1783569072\n|move|p1a: Magearna|Iron Head|p2a: Shiftry\n|-damage|p2a: Shiftry|0 fnt\n|faint|p2a: Shiftry\n|\n|win|p0x25973f91", "uploadtime": 1783569072, "views": 0, "rating": 0, "private": 0, "password": null, "_winner": "p0x25973f91", "_our_name": "p0x25973f91"}