{"id": "battle-gen9randombattle-2724", "formatid": "gen9randombattle", "format": "[Gen 9] Random Battle", "players": ["p0x2725a68c", "p0y2725aa83"], "log": "|init|battle\n|title|p0x2725a68c vs. p0y2725aa83\n|j|\u2606p0x2725a68c\n|j|\u2606p0y2725aa83\n|t:|1783571412\n|gametype|singles\n|player|p1|p0x2725a68c|102|\n|player|p2|p0y2725aa83|2|\n|gen|9\n|tier|[Gen 9] Random Battle\n|rule|Species Clause: Limit one of each Pok\u00e9mon\n|rule|HP Percentage Mod: HP is shown in percentages\n|rule|Sleep Clause Mod: Limit one foe put to sleep\n|rule|Illusion Level Mod: Illusion disguises the Pok\u00e9mon's true level\n|\n|t:|1783571412\n|teamsize|p1|6\n|teamsize|p2|6\n|start\n|switch|p1a: Azumarill|Azumarill, L82, F|298/298\n|switch|p2a: Gogoat|Gogoat, L88, M|100/100\n|turn|1\n|inactive|Battle timer is ON: inactive players will automatically lose when time's up. (requested by p0y2725aa83)\n|inactive|Time left: 300 sec this turn | 300 sec total | 60 sec grace\n|inactive|p0x2725a68c also wants the timer to be on.\n|\n|t:|1783571413\n|switch|p1a: Conkeldurr|Conkeldurr, L80, F|299/299\n|move|p2a: Gogoat|Bulk Up|p2a: Gogoat\n|-boost|p2a: Gogoat|atk|1\n|-boost|p2a: Gogoat|def|1\n|\n|-status|p1a: Conkeldurr|brn|[from] item: Flame Orb\n|upkeep\n|turn|2\n|inactive|Time left: 300 sec this turn | 300 sec total\n|\n|t:|1783571415\n|switch|p1a: Avalugg|Avalugg-Hisui, L90, F|317/317\n|move|p2a: Gogoat|Horn Leech|p1a: Avalugg\n|-supereffective|p1a: Avalugg\n|-damage|p1a: Avalugg|189/317\n|\n|upkeep\n|turn|3\n|inactive|Time left: 300 sec this turn | 300 sec total\n|\n|t:|1783571416\n|move|p2a: Gogoat|Bulk Up|p2a: Gogoat\n|-boost|p2a: Gogoat|atk|1\n|-boost|p2a: Gogoat|def|1\n|move|p1a: Avalugg|Recover|p1a: Avalugg\n|-heal|p1a: Avalugg|317/317\n|\n|upkeep\n|turn|4\n|inactive|Time left: 300 sec this turn | 300 sec total\n|\n|t:|1783571417\n|move|p2a: Gogoat|Horn Leech|p1a: Avalugg\n|-supereffective|p1a: Avalugg\n|-damage|p1a: Avalugg|117/317\n|move|p1a: Avalugg|Recover|p1a: Avalugg\n|-heal|p1a: Avalugg|276/317\n|\n|upkeep\n|turn|5\n|inactive|Time left: 300 sec this turn | 300 sec total\n|\n|t:|1783571418\n|move|p2a: Gogoat|Horn Leech|p1a: Avalugg\n|-supereffective|p1a: Avalugg\n|-damage|p1a: Avalugg|90/317\n|move|p1a: Avalugg|Avalanche|p2a: Gogoat\n|-supereffective|p2a: Gogoat\n|-damage|p2a: Gogoat|40/100\n|\n|-heal|p2a: Gogoat|47/100|[from] item: Leftovers\n|upkeep\n|turn|6\n|inactive|Time left: 300 sec this turn | 300 sec total\n|\n|t:|1783571419\n|switch|p1a: Munkidori|Munkidori, L79, M|269/269\n|move|p2a: Gogoat|Horn Leech|p1a: Munkidori\n|-resisted|p1a: Munkidori\n|-damage|p1a: Munkidori|143/269\n|-heal|p2a: Gogoat|64/100|[from] drain|[of] p1a: Munkidori\n|\n|-heal|p2a: Gogoat|70/100|[from] item: Leftovers\n|upkeep\n|turn|7\n|inactive|Time left: 300 sec this turn | 300 sec total\n|\n|t:|1783571420\n|-terastallize|p2a: Gogoat|Ground\n|move|p1a: Munkidori|Sludge Wave|p2a: Gogoat\n|-resisted|p2a: Gogoat\n|-damage|p2a: Gogoat|54/100\n|move|p2a: Gogoat|Earthquake|p1a: Munkidori\n|-supereffective|p1a: Munkidori\n|-damage|p1a: Munkidori|0 fnt\n|faint|p1a: Munkidori\n|\n|-heal|p2a: Gogoat|60/100|[from] item: Leftovers\n|upkeep\n|inactive|Time left: 300 sec this turn | 300 sec total | 5 sec grace\n|\n|t:|1783571421\n|switch|p1a: Chimecho|Chimecho, L93, F|290/290\n|turn|8\n|inactive|Time left: 300 sec this turn | 300 sec total\n|\n|t:|1783571422\n|move|p1a: Chimecho|Cosmic Power|p1a: Chimecho\n|-boost|p1a: Chimecho|def|1\n|-boost|p1a: Chimecho|spd|1\n|move|p2a: Gogoat|Horn Leech|p1a: Chimecho\n|-damage|p1a: Chimecho|181/290\n|-heal|p2a: Gogoat|75/100|[from] drain|[of] p1a: Chimecho\n|\n|-heal|p1a: Chimecho|199/290|[from] item: Leftovers\n|-heal|p2a: Gogoat|81/100|[from] item: Leftovers\n|upkeep\n|turn|9\n|inactive|Time left: 300 sec this turn | 300 sec total\n|\n|t:|1783571424\n|move|p1a: Chimecho|Cosmic Power|p1a: Chimecho\n|-boost|p1a: Chimecho|def|1\n|-boost|p1a: Chimecho|spd|1\n|move|p2a: Gogoat|Horn Leech|p1a: Chimecho\n|-damage|p1a: Chimecho|105/290\n|-heal|p2a: Gogoat|94/100|[from] drain|[of] p1a: Chimecho\n|\n|-heal|p1a: Chimecho|123/290|[from] item: Leftovers\n|-heal|p2a: Gogoat|99/100|[from] item: Leftovers\n|upkeep\n|turn|10\n|inactive|Time left: 300 sec this turn | 300 sec total\n|\n|t:|1783571425\n|move|p1a: Chimecho|Recover|p1a: Chimecho\n|-heal|p1a: Chimecho|268/290\n|move|p2a: Gogoat|Horn Leech|p1a: Chimecho\n|-damage|p1a: Chimecho|181/290\n|-heal|p2a: Gogoat|100/100|[from] drain|[of] p1a: Chimecho\n|\n|-heal|p1a: Chimecho|199/290|[from] item: Leftovers\n|upkeep\n|turn|11\n|inactive|Time left: 300 sec this turn | 300 sec total\n|\n|t:|1783571426\n|move|p1a: Chimecho|Cosmic Power|p1a: Chimecho\n|-boost|p1a: Chimecho|def|1\n|-boost|p1a: Chimecho|spd|1\n|move|p2a: Gogoat|Bulk Up|p2a: Gogoat\n|-boost|p2a: Gogoat|atk|1\n|-boost|p2a: Gogoat|def|1\n|\n|-heal|p1a: Chimecho|217/290|[from] item: Leftovers\n|upkeep\n|turn|12\n|inactive|Time left: 300 sec this turn | 300 sec total\n|\n|t:|1783571427\n|move|p1a: Chimecho|Stored Power|p2a: Gogoat\n|-damage|p2a: Gogoat|49/100\n|move|p2a: Gogoat|Horn Leech|p1a: Chimecho\n|-damage|p1a: Chimecho|129/290\n|-heal|p2a: Gogoat|61/100|[from] drain|[of] p1a: Chimecho\n|\n|-heal|p1a: Chimecho|147/290|[from] item: Leftovers\n|-heal|p2a: Gogoat|67/100|[from] item: Leftovers\n|upkeep\n|turn|13\n|inactive|Time left: 300 sec this turn | 300 sec total\n|\n|t:|1783571428\n|move|p1a: Chimecho|Stored Power|p2a: Gogoat\n|-damage|p2a: Gogoat|14/100\n|move|p2a: Gogoat|Milk Drink|p2a: Gogoat\n|-heal|p2a: Gogoat|64/100\n|\n|-heal|p1a: Chimecho|165/290|[from] item: Leftovers\n|-heal|p2a: Gogoat|70/100|[from] item: Leftovers\n|upkeep\n|turn|14\n|inactive|Time left: 300 sec this turn | 300 sec total\n|\n|t:|1783571429\n|move|p1a: Chimecho|Stored Power|p2a: Gogoat\n|-damage|p2a: Gogoat|21/100\n|move|p2a: Gogoat|Milk Drink|p2a: Gogoat\n|-heal|p2a: Gogoat|71/100\n|\n|-heal|p1a: Chimecho|183/290|[from] item: Leftovers\n|-heal|p2a: Gogoat|77/100|[from] item: Leftovers\n|upkeep\n|turn|15\n|inactive|Time left: 300 sec this turn | 300 sec total\n|\n|t:|1783571430\n|move|p1a: Chimecho|Stored Power|p2a: Gogoat\n|-damage|p2a: Gogoat|27/100\n|move|p2a: Gogoat|Milk Drink|p2a: Gogoat\n|-heal|p2a: Gogoat|77/100\n|\n|-heal|p1a: Chimecho|201/290|[from] item: Leftovers\n|-heal|p2a: Gogoat|83/100|[from] item: Leftovers\n|upkeep\n|turn|16\n|inactive|Time left: 300 sec this turn | 300 sec total\n|\n|t:|1783571431\n|move|p1a: Chimecho|Stored Power|p2a: Gogoat\n|-damage|p2a: Gogoat|37/100\n|move|p2a: Gogoat|Milk Drink|p2a: Gogoat\n|-heal|p2a: Gogoat|87/100\n|\n|-heal|p1a: Chimecho|219/290|[from] item: Leftovers\n|-heal|p2a: Gogoat|93/100|[from] item: Leftovers\n|upkeep\n|turn|17\n|inactive|Time left: 300 sec this turn | 300 sec total\n|\n|t:|1783571432\n|move|p1a: Chimecho|Stored Power|p2a: Gogoat\n|-damage|p2a: Gogoat|39/100\n|move|p2a: Gogoat|Milk Drink|p2a: Gogoat\n|-heal|p2a: Gogoat|89/100\n|\n|-heal|p1a: Chimecho|237/290|[from] item: Leftovers\n|-heal|p2a: Gogoat|95/100|[from] item: Leftovers\n|upkeep\n|turn|18\n|inactive|Time left: 300 sec this turn | 300 sec total\n|\n|t:|1783571433\n|move|p1a: Chimecho|Stored Power|p2a: Gogoat\n|-damage|p2a: Gogoat|43/100\n|move|p2a: Gogoat|Horn Leech|p1a: Chimecho\n|-damage|p1a: Chimecho|153/290\n|-heal|p2a: Gogoat|55/100|[from] drain|[of] p1a: Chimecho\n|\n|-heal|p1a: Chimecho|171/290|[from] item: Leftovers\n|-heal|p2a: Gogoat|61/100|[from] item: Leftovers\n|upkeep\n|turn|19\n|inactive|Time left: 300 sec this turn | 300 sec total\n|\n|t:|1783571434\n|move|p1a: Chimecho|Stored Power|p2a: Gogoat\n|-damage|p2a: Gogoat|14/100\n|move|p2a: Gogoat|Milk Drink|p2a: Gogoat\n|-heal|p2a: Gogoat|64/100\n|\n|-heal|p1a: Chimecho|189/290|[from] item: Leftovers\n|-heal|p2a: Gogoat|70/100|[from] item: Leftovers\n|upkeep\n|turn|20\n|inactive|Time left: 300 sec this turn | 300 sec total\n|\n|t:|1783571435\n|move|p1a: Chimecho|Stored Power|p2a: Gogoat\n|-damage|p2a: Gogoat|19/100\n|move|p2a: Gogoat|Milk Drink|p2a: Gogoat\n|-heal|p2a: Gogoat|69/100\n|\n|-heal|p1a: Chimecho|207/290|[from] item: Leftovers\n|-heal|p2a: Gogoat|75/100|[from] item: Leftovers\n|upkeep\n|turn|21\n|inactive|Time left: 300 sec this turn | 300 sec total\n|\n|t:|1783571435\n|move|p1a: Chimecho|Stored Power|p2a: Gogoat\n|-damage|p2a: Gogoat|26/100\n|move|p2a: Gogoat|Milk Drink|p2a: Gogoat\n|-heal|p2a: Gogoat|76/100\n|\n|-heal|p1a: Chimecho|225/290|[from] item: Leftovers\n|-heal|p2a: Gogoat|82/100|[from] item: Leftovers\n|upkeep\n|turn|22\n|inactive|Time left: 300 sec this turn | 300 sec total\n|\n|t:|1783571436\n|move|p1a: Chimecho|Stored Power|p2a: Gogoat\n|-damage|p2a: Gogoat|32/100\n|move|p2a: Gogoat|Horn Leech|p1a: Chimecho\n|-damage|p1a: Chimecho|140/290\n|-heal|p2a: Gogoat|44/100|[from] drain|[of] p1a: Chimecho\n|\n|-heal|p1a: Chimecho|158/290|[from] item: Leftovers\n|-heal|p2a: Gogoat|50/100|[from] item: Leftovers\n|upkeep\n|turn|23\n|inactive|Time left: 300 sec this turn | 300 sec total\n|\n|t:|1783571438\n|move|p1a: Chimecho|Stored Power|p2a: Gogoat\n|-damage|p2a: Gogoat|2/100\n|move|p2a: Gogoat|Horn Leech|p1a: Chimecho\n|-damage|p1a: Chimecho|64/290\n|-heal|p2a: Gogoat|15/100|[from] drain|[of] p1a: Chimecho\n|\n|-heal|p1a: Chimecho|82/290|[from] item: Leftovers\n|-heal|p2a: Gogoat|22/100|[from] item: Leftovers\n|upkeep\n|turn|24\n|inactive|Time left: 300 sec this turn | 300 sec total\n|\n|t:|1783571439\n|move|p1a: Chimecho|Stored Power|p2a: Gogoat\n|-damage|p2a: Gogoat|0 fnt\n|faint|p2a: Gogoat\n|\n|-heal|p1a: Chimecho|100/290|[from] item: Leftovers\n|upkeep\n|\n|t:|1783571440\n|switch|p2a: Spidops|Spidops, L96, M|100/100\n|turn|25\n|inactive|Time left: 300 sec this turn | 300 sec total\n|\n|t:|1783571441\n|move|p1a: Chimecho|Stored Power|p2a: Spidops\n|-damage|p2a: Spidops|38/100\n|move|p2a: Spidops|Circle Throw|p1a: Chimecho\n|-resisted|p1a: Chimecho\n|-damage|p1a: Chimecho|91/290\n|drag|p1a: Azumarill|Azumarill, L82, F|298/298\n|\n|upkeep\n|turn|26\n|inactive|Time left: 300 sec this turn | 300 sec total\n|\n|t:|1783571442\n|move|p1a: Azumarill|Liquidation|p2a: Spidops\n|-damage|p2a: Spidops|0 fnt\n|faint|p2a: Spidops\n|\n|upkeep\n|\n|t:|1783571443\n|switch|p2a: Pelipper|Pelipper, L86, F|100/100\n|-weather|RainDance|[from] ability: Drizzle|[of] p2a: Pelipper\n|turn|27\n|inactive|Time left: 300 sec this turn | 300 sec total\n|\n|t:|1783571444\n|move|p2a: Pelipper|Hurricane|p1a: Azumarill\n|-damage|p1a: Azumarill|168/298\n|move|p1a: Azumarill|Liquidation|p2a: Pelipper\n|-resisted|p2a: Pelipper\n|-damage|p2a: Pelipper|60/100\n|\n|-weather|RainDance|[upkeep]\n|upkeep\n|turn|28\n|inactive|Time left: 300 sec this turn | 300 sec total\n|\n|t:|1783571445\n|move|p2a: Pelipper|Hurricane|p1a: Azumarill\n|-damage|p1a: Azumarill|39/298\n|move|p1a: Azumarill|Liquidation|p2a: Pelipper\n|-resisted|p2a: Pelipper\n|-damage|p2a: Pelipper|13/100\n|-unboost|p2a: Pelipper|def|1\n|\n|-weather|RainDance|[upkeep]\n|upkeep\n|turn|29\n|inactive|Time left: 300 sec this turn | 300 sec total\n|\n|t:|1783571446\n|move|p2a: Pelipper|Hurricane|p1a: Azumarill\n|-damage|p1a: Azumarill|0 fnt\n|faint|p1a: Azumarill\n|\n|-weather|RainDance|[upkeep]\n|upkeep\n|inactive|Time left: 300 sec this turn | 300 sec total | 5 sec grace\n|\n|t:|1783571448\n|switch|p1a: Chimecho|Chimecho, L93, F|91/290\n|turn|30\n|inactive|Time left: 300 sec this turn | 300 sec total\n|\n|t:|1783571448\n|switch|p2a: Basculin|Basculin-Blue-Striped, L86, F|100/100\n|move|p1a: Chimecho|Dazzling Gleam|p2a: Basculin\n|-damage|p2a: Basculin|64/100\n|\n|-weather|RainDance|[upkeep]\n|-heal|p1a: Chimecho|109/290|[from] item: Leftovers\n|upkeep\n|turn|31\n|inactive|Time left: 300 sec this turn | 300 sec total\n|\n|t:|1783571450\n|move|p2a: Basculin|Wave Crash|p1a: Chimecho\n|-damage|p1a: Chimecho|0 fnt\n|faint|p1a: Chimecho\n|-damage|p2a: Basculin|50/100|[from] Recoil\n|\n|-weather|none\n|upkeep\n|inactive|Time left: 300 sec this turn | 300 sec total | 5 sec grace\n|\n|t:|1783571450\n|switch|p1a: Conkeldurr|Conkeldurr, L80, F|299/299 brn\n|turn|32\n|inactive|Time left: 300 sec this turn | 300 sec total\n|\n|t:|1783571451\n|move|p1a: Conkeldurr|Mach Punch|p2a: Basculin\n|-damage|p2a: Basculin|15/100\n|move|p2a: Basculin|Wave Crash|p1a: Conkeldurr\n|-damage|p1a: Conkeldurr|37/299 brn\n|-damage|p2a: Basculin|0 fnt|[from] Recoil\n|faint|p2a: Basculin\n|\n|-damage|p1a: Conkeldurr|19/299 brn|[from] brn\n|upkeep\n|\n|t:|1783571452\n|switch|p2a: Hydreigon|Hydreigon, L79, M|100/100\n|turn|33\n|inactive|Time left: 300 sec this turn | 300 sec total\n|\n|t:|1783571453\n|move|p1a: Conkeldurr|Mach Punch|p2a: Hydreigon\n|-supereffective|p2a: Hydreigon\n|-damage|p2a: Hydreigon|45/100\n|move|p2a: Hydreigon|Dark Pulse|p1a: Conkeldurr\n|-resisted|p1a: Conkeldurr\n|-damage|p1a: Conkeldurr|0 fnt\n|faint|p1a: Conkeldurr\n|\n|upkeep\n|inactive|Time left: 300 sec this turn | 300 sec total | 5 sec grace\n|\n|t:|1783571454\n|switch|p1a: Mamoswine|Mamoswine, L81, F|311/311\n|turn|34\n|inactive|Time left: 300 sec this turn | 300 sec total\n|\n|t:|1783571455\n|move|p1a: Mamoswine|Ice Shard|p2a: Hydreigon\n|-supereffective|p2a: Hydreigon\n|-damage|p2a: Hydreigon|0 fnt\n|faint|p2a: Hydreigon\n|-damage|p1a: Mamoswine|280/311|[from] item: Life Orb\n|\n|upkeep\n|\n|t:|1783571456\n|switch|p2a: Reuniclus|Reuniclus, L88, M|100/100\n|turn|35\n|inactive|Time left: 300 sec this turn | 300 sec total\n|\n|t:|1783571457\n|-terastallize|p1a: Mamoswine|Ground\n|move|p1a: Mamoswine|Earthquake|p2a: Reuniclus\n|-damage|p2a: Reuniclus|30/100\n|-damage|p1a: Mamoswine|249/311|[from] item: Life Orb\n|move|p2a: Reuniclus|Focus Blast|p1a: Mamoswine\n|-damage|p1a: Mamoswine|36/311\n|\n|upkeep\n|turn|36\n|inactive|Time left: 300 sec this turn | 300 sec total\n|\n|t:|1783571458\n|move|p1a: Mamoswine|Icicle Crash|p2a: Reuniclus\n|-damage|p2a: Reuniclus|0 fnt\n|faint|p2a: Reuniclus\n|-damage|p1a: Mamoswine|5/311|[from] item: Life Orb\n|\n|upkeep\n|\n|t:|1783571459\n|switch|p2a: Pelipper|Pelipper, L86, F|13/100\n|-weather|RainDance|[from] ability: Drizzle|[of] p2a: Pelipper\n|turn|37\n|inactive|Time left: 300 sec this turn | 300 sec total\n|\n|t:|1783571460\n|move|p1a: Mamoswine|Ice Shard|p2a: Pelipper\n|-damage|p2a: Pelipper|0 fnt\n|faint|p2a: Pelipper\n|-damage|p1a: Mamoswine|0 fnt|[from] item: Life Orb\n|faint|p1a: Mamoswine\n|\n|win|p0x2725a68c", "uploadtime": 1783571460, "views": 0, "rating": 0, "private": 0, "password": null, "_winner": "p0x2725a68c", "_our_name": "p0x2725a68c"}