{"id": "battle-gen9randombattle-1382", "formatid": "gen9randombattle", "format": "[Gen 9] Random Battle", "players": ["p0x1382d586", "p0y13827028"], "log": "|init|battle\n|title|p0x1382d586 vs. p0y13827028\n|j|\u2606p0x1382d586\n|j|\u2606p0y13827028\n|t:|1783555146\n|gametype|singles\n|player|p1|p0x1382d586|266|\n|player|p2|p0y13827028|170|\n|gen|9\n|tier|[Gen 9] Random Battle\n|rule|Species Clause: Limit one of each Pok\u00e9mon\n|rule|HP Percentage Mod: HP is shown in percentages\n|rule|Sleep Clause Mod: Limit one foe put to sleep\n|rule|Illusion Level Mod: Illusion disguises the Pok\u00e9mon's true level\n|\n|t:|1783555146\n|teamsize|p1|6\n|teamsize|p2|6\n|start\n|switch|p1a: Slaking|Slaking, L84, M|389/389\n|switch|p2a: Meloetta|Meloetta, L82|100/100\n|turn|1\n|inactive|Battle timer is ON: inactive players will automatically lose when time's up. (requested by p0x1382d586)\n|inactive|p0y13827028 also wants the timer to be on.\n|\n|t:|1783555147\n|switch|p2a: Probopass|Probopass, L91, M|100/100\n|move|p1a: Slaking|Giga Impact|p2a: Probopass\n|-resisted|p2a: Probopass\n|-damage|p2a: Probopass|78/100\n|-mustrecharge|p1a: Slaking\n|\n|-heal|p2a: Probopass|85/100|[from] item: Leftovers\n|upkeep\n|turn|2\n|inactive|Time left: 300 sec this turn | 300 sec total\n|\n|t:|1783555149\n|cant|p1a: Slaking|recharge\n|move|p2a: Probopass|Iron Defense|p2a: Probopass\n|-boost|p2a: Probopass|def|2\n|\n|-heal|p2a: Probopass|91/100|[from] item: Leftovers\n|upkeep\n|turn|3\n|inactive|Time left: 300 sec this turn | 300 sec total\n|\n|t:|1783555150\n|switch|p1a: Mismagius|Mismagius, L86, F|243/243\n|move|p2a: Probopass|Body Press|p1a: Mismagius\n|-immune|p1a: Mismagius\n|\n|-heal|p2a: Probopass|97/100|[from] item: Leftovers\n|upkeep\n|turn|4\n|inactive|Time left: 300 sec this turn | 300 sec total\n|\n|t:|1783555151\n|move|p1a: Mismagius|Nasty Plot|p1a: Mismagius\n|-boost|p1a: Mismagius|spa|2\n|move|p2a: Probopass|Thunder Wave|p1a: Mismagius\n|-status|p1a: Mismagius|par\n|\n|-heal|p2a: Probopass|100/100|[from] item: Leftovers\n|upkeep\n|turn|5\n|inactive|Time left: 300 sec this turn | 300 sec total\n|\n|t:|1783555152\n|move|p2a: Probopass|Power Gem|p1a: Mismagius\n|-damage|p1a: Mismagius|168/243 par\n|move|p1a: Mismagius|Shadow Ball|p2a: Probopass\n|-damage|p2a: Probopass|55/100\n|\n|-heal|p2a: Probopass|61/100|[from] item: Leftovers\n|-heal|p1a: Mismagius|183/243 par|[from] item: Leftovers\n|upkeep\n|turn|6\n|inactive|Time left: 300 sec this turn | 300 sec total\n|\n|t:|1783555153\n|move|p2a: Probopass|Power Gem|p1a: Mismagius\n|-damage|p1a: Mismagius|113/243 par\n|move|p1a: Mismagius|Shadow Ball|p2a: Probopass\n|-damage|p2a: Probopass|16/100\n|\n|-heal|p2a: Probopass|22/100|[from] item: Leftovers\n|-heal|p1a: Mismagius|128/243 par|[from] item: Leftovers\n|upkeep\n|turn|7\n|inactive|Time left: 300 sec this turn | 300 sec total\n|\n|t:|1783555154\n|move|p2a: Probopass|Power Gem|p1a: Mismagius\n|-damage|p1a: Mismagius|64/243 par\n|move|p1a: Mismagius|Shadow Ball|p2a: Probopass\n|-damage|p2a: Probopass|0 fnt\n|faint|p2a: Probopass\n|\n|-heal|p1a: Mismagius|79/243 par|[from] item: Leftovers\n|upkeep\n|\n|t:|1783555155\n|switch|p2a: Espeon|Espeon, L84, M|100/100\n|turn|8\n|inactive|Time left: 300 sec this turn | 300 sec total\n|\n|t:|1783555156\n|switch|p1a: Slaking|Slaking, L84, M|389/389\n|move|p2a: Espeon|Psychic|p1a: Slaking\n|-damage|p1a: Slaking|161/389\n|\n|upkeep\n|turn|9\n|inactive|Time left: 300 sec this turn | 300 sec total\n|\n|t:|1783555157\n|switch|p1a: Mismagius|Mismagius, L86, F|79/243 par\n|move|p2a: Espeon|Psychic|p1a: Mismagius\n|-damage|p1a: Mismagius|0 fnt\n|faint|p1a: Mismagius\n|\n|upkeep\n|inactive|Time left: 300 sec this turn | 300 sec total | 5 sec grace\n|\n|t:|1783555158\n|switch|p1a: Leafeon|Leafeon, L88, F|258/258\n|turn|10\n|inactive|Time left: 300 sec this turn | 300 sec total\n|\n|t:|1783555159\n|-terastallize|p1a: Leafeon|Dark\n|move|p2a: Espeon|Psychic|p1a: Leafeon\n|-immune|p1a: Leafeon\n|move|p1a: Leafeon|Swords Dance|p1a: Leafeon\n|-boost|p1a: Leafeon|atk|2\n|\n|upkeep\n|turn|11\n|inactive|Time left: 300 sec this turn | 300 sec total\n|\n|t:|1783555160\n|switch|p2a: Frosmoth|Frosmoth, L82, M|100/100\n|move|p1a: Leafeon|Knock Off|p2a: Frosmoth\n|-damage|p2a: Frosmoth|0 fnt\n|-enditem|p2a: Frosmoth|Heavy-Duty Boots|[from] move: Knock Off|[of] p1a: Leafeon\n|faint|p2a: Frosmoth\n|-damage|p1a: Leafeon|233/258|[from] item: Life Orb\n|\n|upkeep\n|\n|t:|1783555161\n|switch|p2a: Espeon|Espeon, L84, M|100/100\n|turn|12\n|inactive|Time left: 300 sec this turn | 300 sec total\n|\n|t:|1783555162\n|switch|p1a: Slaking|Slaking, L84, M|161/389\n|move|p2a: Espeon|Alluring Voice|p1a: Slaking\n|-damage|p1a: Slaking|26/389\n|\n|upkeep\n|turn|13\n|inactive|Time left: 300 sec this turn | 300 sec total\n|\n|t:|1783555163\n|move|p2a: Espeon|Alluring Voice|p1a: Slaking\n|-damage|p1a: Slaking|0 fnt\n|faint|p1a: Slaking\n|\n|upkeep\n|inactive|Time left: 300 sec this turn | 300 sec total | 5 sec grace\n|\n|t:|1783555164\n|switch|p1a: Smeargle|Smeargle, L95, F|258/258\n|turn|14\n|inactive|Time left: 300 sec this turn | 300 sec total\n|\n|t:|1783555165\n|move|p2a: Espeon|Alluring Voice|p1a: Smeargle\n|-damage|p1a: Smeargle|112/258\n|move|p1a: Smeargle|Shell Smash|p1a: Smeargle\n|-unboost|p1a: Smeargle|def|1\n|-unboost|p1a: Smeargle|spd|1\n|-boost|p1a: Smeargle|atk|2\n|-boost|p1a: Smeargle|spa|2\n|-boost|p1a: Smeargle|spe|2\n|\n|upkeep\n|turn|15\n|inactive|Time left: 300 sec this turn | 300 sec total\n|\n|t:|1783555166\n|move|p1a: Smeargle|Population Bomb|p2a: Espeon\n|-damage|p2a: Espeon|82/100\n|-damage|p2a: Espeon|65/100\n|-damage|p2a: Espeon|49/100\n|-damage|p2a: Espeon|33/100\n|-damage|p2a: Espeon|18/100\n|-crit|p2a: Espeon\n|-damage|p2a: Espeon|0 fnt\n|faint|p2a: Espeon\n|-hitcount|p2: Espeon|6\n|\n|upkeep\n|\n|t:|1783555167\n|switch|p2a: Toxapex|Toxapex, L82, M|100/100\n|turn|16\n|inactive|Time left: 300 sec this turn | 300 sec total\n|\n|t:|1783555168\n|move|p1a: Smeargle|Spore|p2a: Toxapex\n|-status|p2a: Toxapex|slp|[from] move: Spore\n|cant|p2a: Toxapex|slp\n|\n|upkeep\n|turn|17\n|inactive|Time left: 300 sec this turn | 300 sec total\n|\n|t:|1783555169\n|-terastallize|p2a: Toxapex|Steel\n|move|p1a: Smeargle|Population Bomb|p2a: Toxapex\n|-resisted|p2a: Toxapex\n|-damage|p2a: Toxapex|96/100 slp\n|-resisted|p2a: Toxapex\n|-damage|p2a: Toxapex|91/100 slp\n|-resisted|p2a: Toxapex\n|-damage|p2a: Toxapex|87/100 slp\n|-resisted|p2a: Toxapex\n|-damage|p2a: Toxapex|82/100 slp\n|-resisted|p2a: Toxapex\n|-damage|p2a: Toxapex|77/100 slp\n|-resisted|p2a: Toxapex\n|-damage|p2a: Toxapex|73/100 slp\n|-resisted|p2a: Toxapex\n|-damage|p2a: Toxapex|68/100 slp\n|-resisted|p2a: Toxapex\n|-damage|p2a: Toxapex|64/100 slp\n|-resisted|p2a: Toxapex\n|-damage|p2a: Toxapex|60/100 slp\n|-resisted|p2a: Toxapex\n|-damage|p2a: Toxapex|55/100 slp\n|-hitcount|p2a: Toxapex|10\n|cant|p2a: Toxapex|slp\n|\n|-heal|p2a: Toxapex|61/100 slp|[from] item: Leftovers\n|upkeep\n|turn|18\n|inactive|Time left: 300 sec this turn | 300 sec total\n|\n|t:|1783555170\n|move|p1a: Smeargle|Population Bomb|p2a: Toxapex\n|-resisted|p2a: Toxapex\n|-damage|p2a: Toxapex|56/100 slp\n|-resisted|p2a: Toxapex\n|-damage|p2a: Toxapex|51/100 slp\n|-resisted|p2a: Toxapex\n|-damage|p2a: Toxapex|46/100 slp\n|-resisted|p2a: Toxapex\n|-damage|p2a: Toxapex|42/100 slp\n|-resisted|p2a: Toxapex\n|-damage|p2a: Toxapex|37/100 slp\n|-resisted|p2a: Toxapex\n|-damage|p2a: Toxapex|32/100 slp\n|-resisted|p2a: Toxapex\n|-damage|p2a: Toxapex|27/100 slp\n|-resisted|p2a: Toxapex\n|-damage|p2a: Toxapex|22/100 slp\n|-resisted|p2a: Toxapex\n|-damage|p2a: Toxapex|18/100 slp\n|-resisted|p2a: Toxapex\n|-damage|p2a: Toxapex|13/100 slp\n|-hitcount|p2a: Toxapex|10\n|-curestatus|p2a: Toxapex|slp|[msg]\n|move|p2a: Toxapex|Liquidation|p1a: Smeargle\n|-damage|p1a: Smeargle|0 fnt\n|faint|p1a: Smeargle\n|\n|-heal|p2a: Toxapex|19/100|[from] item: Leftovers\n|upkeep\n|inactive|Time left: 300 sec this turn | 300 sec total | 5 sec grace\n|\n|t:|1783555171\n|switch|p1a: Leafeon|Leafeon, L88, F, tera:Dark|233/258\n|turn|19\n|inactive|Time left: 300 sec this turn | 300 sec total\n|\n|t:|1783555172\n|move|p1a: Leafeon|Leaf Blade|p2a: Toxapex\n|-resisted|p2a: Toxapex\n|-crit|p2a: Toxapex\n|-damage|p2a: Toxapex|0 fnt\n|faint|p2a: Toxapex\n|-damage|p1a: Leafeon|208/258|[from] item: Life Orb\n|\n|upkeep\n|\n|t:|1783555173\n|switch|p2a: Groudon|Groudon, L72|100/100\n|-weather|SunnyDay|[from] ability: Drought|[of] p2a: Groudon\n|turn|20\n|inactive|Time left: 300 sec this turn | 300 sec total\n|\n|t:|1783555174\n|move|p1a: Leafeon|Swords Dance|p1a: Leafeon\n|-boost|p1a: Leafeon|atk|2\n|move|p2a: Groudon|Thunder Wave|p1a: Leafeon\n|-status|p1a: Leafeon|par\n|\n|-weather|SunnyDay|[upkeep]\n|upkeep\n|turn|21\n|inactive|Time left: 300 sec this turn | 300 sec total\n|\n|t:|1783555175\n|move|p1a: Leafeon|Leaf Blade|p2a: Groudon\n|-supereffective|p2a: Groudon\n|-damage|p2a: Groudon|0 fnt\n|faint|p2a: Groudon\n|-damage|p1a: Leafeon|183/258 par|[from] item: Life Orb\n|\n|-weather|SunnyDay|[upkeep]\n|upkeep\n|\n|t:|1783555176\n|switch|p2a: Meloetta|Meloetta, L82|100/100\n|turn|22\n|inactive|Time left: 300 sec this turn | 300 sec total\n|\n|t:|1783555177\n|move|p1a: Leafeon|Double-Edge|p2a: Meloetta\n|-damage|p2a: Meloetta|5/100\n|-damage|p1a: Leafeon|89/258 par|[from] Recoil\n|-damage|p1a: Leafeon|64/258 par|[from] item: Life Orb\n|move|p2a: Meloetta|Focus Blast|p1a: Leafeon\n|-supereffective|p1a: Leafeon\n|-damage|p1a: Leafeon|0 fnt\n|faint|p1a: Leafeon\n|\n|-weather|SunnyDay|[upkeep]\n|upkeep\n|inactive|Time left: 300 sec this turn | 300 sec total | 5 sec grace\n|\n|t:|1783555178\n|switch|p1a: Espeon|Espeon, L84, M|246/246\n|turn|23\n|inactive|Time left: 300 sec this turn | 300 sec total\n|\n|t:|1783555179\n|move|p1a: Espeon|Psychic|p2a: Meloetta\n|-resisted|p2a: Meloetta\n|-damage|p2a: Meloetta|0 fnt\n|faint|p2a: Meloetta\n|-damage|p1a: Espeon|222/246|[from] item: Life Orb\n|\n|win|p0x1382d586", "uploadtime": 1783555179, "views": 0, "rating": 0, "private": 0, "password": null, "_winner": "p0x1382d586", "_our_name": "p0x1382d586"}