{"id": "battle-gen9randombattle-1896", "formatid": "gen9randombattle", "format": "[Gen 9] Random Battle", "players": ["p0x189695cc", "p0y189690c2"], "log": "|init|battle\n|title|p0x189695cc vs. p0y189690c2\n|j|\u2606p0x189695cc\n|j|\u2606p0y189690c2\n|t:|1783561168\n|gametype|singles\n|player|p1|p0x189695cc|1|\n|player|p2|p0y189690c2|102|\n|gen|9\n|tier|[Gen 9] Random Battle\n|rule|Species Clause: Limit one of each Pok\u00e9mon\n|rule|HP Percentage Mod: HP is shown in percentages\n|rule|Sleep Clause Mod: Limit one foe put to sleep\n|rule|Illusion Level Mod: Illusion disguises the Pok\u00e9mon's true level\n|\n|t:|1783561168\n|teamsize|p1|6\n|teamsize|p2|6\n|start\n|switch|p1a: Basculin|Basculin-Blue-Striped, L86, M|100/100\n|switch|p2a: Mandibuzz|Mandibuzz, L85, F|326/326\n|turn|1\n|inactive|Battle timer is ON: inactive players will automatically lose when time's up. (requested by p0y189690c2)\n|inactive|p0x189695cc also wants the timer to be on.\n|\n|t:|1783561170\n|move|p1a: Basculin|Wave Crash|p2a: Mandibuzz\n|-damage|p2a: Mandibuzz|110/326\n|-damage|p1a: Basculin|73/100|[from] Recoil\n|move|p2a: Mandibuzz|Knock Off|p1a: Basculin\n|-damage|p1a: Basculin|34/100\n|-enditem|p1a: Basculin|Choice Band|[from] move: Knock Off|[of] p2a: Mandibuzz\n|\n|upkeep\n|turn|2\n|inactive|Time left: 300 sec this turn | 300 sec total\n|\n|t:|1783561171\n|switch|p2a: Koraidon|Koraidon, L64|235/235\n|-weather|SunnyDay|[from] ability: Orichalcum Pulse|[of] p2a: Koraidon\n|-activate|p2a: Koraidon|Orichalcum Pulse|[source]\n|move|p1a: Basculin|Wave Crash|p2a: Koraidon\n|-resisted|p2a: Koraidon\n|-damage|p2a: Koraidon|193/235\n|-damage|p1a: Basculin|28/100|[from] Recoil\n|\n|-weather|SunnyDay|[upkeep]\n|upkeep\n|turn|3\n|inactive|Time left: 300 sec this turn | 300 sec total\n|\n|t:|1783561172\n|switch|p1a: Golem|Golem-Alola, L93, F|100/100\n|move|p2a: Koraidon|Outrage|p1a: Golem\n|-damage|p1a: Golem|60/100\n|\n|-weather|SunnyDay|[upkeep]\n|upkeep\n|turn|4\n|inactive|Time left: 300 sec this turn | 300 sec total\n|\n|t:|1783561174\n|switch|p1a: Comfey|Comfey, L85, F|100/100\n|move|p2a: Koraidon|Outrage|p1a: Comfey|[from] lockedmove\n|-immune|p1a: Comfey\n|-start|p2a: Koraidon|confusion|[fatigue]\n|\n|-weather|SunnyDay|[upkeep]\n|upkeep\n|turn|5\n|inactive|Time left: 300 sec this turn | 300 sec total\n|\n|t:|1783561175\n|switch|p2a: Oranguru|Oranguru, L92, M|315/315\n|move|p1a: Comfey|Calm Mind|p1a: Comfey\n|-boost|p1a: Comfey|spa|1\n|-boost|p1a: Comfey|spd|1\n|\n|-weather|SunnyDay|[upkeep]\n|upkeep\n|turn|6\n|inactive|Time left: 300 sec this turn | 300 sec total\n|\n|t:|1783561176\n|move|p1a: Comfey|Calm Mind|p1a: Comfey\n|-boost|p1a: Comfey|spa|1\n|-boost|p1a: Comfey|spd|1\n|move|p2a: Oranguru|Psyshock|p1a: Comfey\n|-damage|p1a: Comfey|35/100\n|\n|-weather|none\n|-heal|p1a: Comfey|41/100|[from] item: Leftovers\n|upkeep\n|turn|7\n|inactive|Time left: 300 sec this turn | 300 sec total\n|\n|t:|1783561177\n|move|p1a: Comfey|Synthesis|p1a: Comfey\n|-heal|p1a: Comfey|91/100\n|move|p2a: Oranguru|Psyshock|p1a: Comfey\n|-damage|p1a: Comfey|26/100\n|\n|-heal|p1a: Comfey|32/100|[from] item: Leftovers\n|upkeep\n|turn|8\n|inactive|Time left: 300 sec this turn | 300 sec total\n|\n|t:|1783561179\n|move|p1a: Comfey|Synthesis|p1a: Comfey\n|-heal|p1a: Comfey|82/100\n|move|p2a: Oranguru|Psyshock|p1a: Comfey\n|-damage|p1a: Comfey|17/100\n|\n|-heal|p1a: Comfey|23/100|[from] item: Leftovers\n|upkeep\n|turn|9\n|inactive|Time left: 300 sec this turn | 300 sec total\n|\n|t:|1783561180\n|move|p1a: Comfey|Synthesis|p1a: Comfey\n|-heal|p1a: Comfey|73/100\n|move|p2a: Oranguru|Psyshock|p1a: Comfey\n|-damage|p1a: Comfey|15/100\n|\n|-heal|p1a: Comfey|21/100|[from] item: Leftovers\n|upkeep\n|turn|10\n|inactive|Time left: 300 sec this turn | 300 sec total\n|\n|t:|1783561181\n|move|p1a: Comfey|Synthesis|p1a: Comfey\n|-heal|p1a: Comfey|71/100\n|move|p2a: Oranguru|Psyshock|p1a: Comfey\n|-damage|p1a: Comfey|8/100\n|\n|-heal|p1a: Comfey|15/100|[from] item: Leftovers\n|upkeep\n|turn|11\n|inactive|Time left: 300 sec this turn | 300 sec total\n|\n|t:|1783561182\n|move|p1a: Comfey|Synthesis|p1a: Comfey\n|-heal|p1a: Comfey|64/100\n|move|p2a: Oranguru|Psyshock|p1a: Comfey\n|-damage|p1a: Comfey|8/100\n|\n|-heal|p1a: Comfey|14/100|[from] item: Leftovers\n|upkeep\n|turn|12\n|inactive|Time left: 300 sec this turn | 300 sec total\n|\n|t:|1783561183\n|move|p1a: Comfey|Synthesis|p1a: Comfey\n|-heal|p1a: Comfey|64/100\n|move|p2a: Oranguru|Psyshock|p1a: Comfey\n|-damage|p1a: Comfey|1/100\n|\n|-heal|p1a: Comfey|7/100|[from] item: Leftovers\n|upkeep\n|turn|13\n|inactive|Time left: 300 sec this turn | 300 sec total\n|\n|t:|1783561184\n|move|p1a: Comfey|Synthesis|p1a: Comfey\n|-heal|p1a: Comfey|57/100\n|move|p2a: Oranguru|Psyshock|p1a: Comfey\n|-damage|p1a: Comfey|0 fnt\n|faint|p1a: Comfey\n|\n|upkeep\n|\n|t:|1783561185\n|switch|p1a: Golem|Golem-Alola, L93, F|60/100\n|turn|14\n|inactive|Time left: 300 sec this turn | 300 sec total\n|\n|t:|1783561186\n|move|p2a: Oranguru|Psyshock|p1a: Golem\n|-damage|p1a: Golem|29/100\n|move|p1a: Golem|Stone Edge|p2a: Oranguru|[miss]\n|-miss|p1a: Golem|p2a: Oranguru\n|\n|upkeep\n|turn|15\n|inactive|Time left: 300 sec this turn | 300 sec total\n|\n|t:|1783561187\n|move|p2a: Oranguru|Psyshock|p1a: Golem\n|-damage|p1a: Golem|0 fnt\n|faint|p1a: Golem\n|\n|upkeep\n|\n|t:|1783561188\n|switch|p1a: Vivillon|Vivillon-Sandstorm, L83, M|100/100\n|turn|16\n|inactive|Time left: 300 sec this turn | 300 sec total\n|\n|t:|1783561189\n|move|p1a: Vivillon|Sleep Powder|p2a: Oranguru\n|-status|p2a: Oranguru|slp|[from] move: Sleep Powder\n|cant|p2a: Oranguru|slp\n|\n|upkeep\n|turn|17\n|inactive|Time left: 300 sec this turn | 300 sec total\n|\n|t:|1783561190\n|move|p1a: Vivillon|Quiver Dance|p1a: Vivillon\n|-boost|p1a: Vivillon|spa|1\n|-boost|p1a: Vivillon|spd|1\n|-boost|p1a: Vivillon|spe|1\n|cant|p2a: Oranguru|slp\n|\n|upkeep\n|turn|18\n|inactive|Time left: 300 sec this turn | 300 sec total\n|\n|t:|1783561191\n|move|p1a: Vivillon|Quiver Dance|p1a: Vivillon\n|-boost|p1a: Vivillon|spa|1\n|-boost|p1a: Vivillon|spd|1\n|-boost|p1a: Vivillon|spe|1\n|cant|p2a: Oranguru|slp\n|\n|upkeep\n|turn|19\n|inactive|Time left: 300 sec this turn | 300 sec total\n|\n|t:|1783561192\n|move|p1a: Vivillon|Bug Buzz|p2a: Oranguru\n|-supereffective|p2a: Oranguru\n|-damage|p2a: Oranguru|51/315 slp\n|-curestatus|p2a: Oranguru|slp|[msg]\n|move|p2a: Oranguru|Psyshock|p1a: Vivillon\n|-damage|p1a: Vivillon|24/100\n|\n|upkeep\n|turn|20\n|inactive|Time left: 300 sec this turn | 300 sec total\n|\n|t:|1783561193\n|move|p1a: Vivillon|Bug Buzz|p2a: Oranguru\n|-supereffective|p2a: Oranguru\n|-damage|p2a: Oranguru|0 fnt\n|faint|p2a: Oranguru\n|\n|upkeep\n|inactive|Time left: 300 sec this turn | 300 sec total | 5 sec grace\n|\n|t:|1783561194\n|switch|p2a: Kingdra|Kingdra, L84, F|263/263\n|turn|21\n|inactive|Time left: 300 sec this turn | 300 sec total\n|\n|t:|1783561195\n|move|p1a: Vivillon|Hurricane|p2a: Kingdra\n|-damage|p2a: Kingdra|77/263\n|-start|p2a: Kingdra|confusion\n|-enditem|p2a: Kingdra|Lum Berry|[eat]\n|-end|p2a: Kingdra|confusion\n|move|p2a: Kingdra|Outrage|p1a: Vivillon\n|-damage|p1a: Vivillon|0 fnt\n|faint|p1a: Vivillon\n|\n|upkeep\n|\n|t:|1783561196\n|switch|p1a: Serperior|Serperior, L79, F|100/100\n|turn|22\n|inactive|Time left: 300 sec this turn | 300 sec total\n|\n|t:|1783561197\n|move|p1a: Serperior|Leaf Storm|p2a: Kingdra\n|-damage|p2a: Kingdra|0 fnt\n|-boost|p1a: Serperior|spa|2\n|faint|p2a: Kingdra\n|-damage|p1a: Serperior|91/100|[from] item: Life Orb\n|\n|upkeep\n|inactive|Time left: 300 sec this turn | 300 sec total | 5 sec grace\n|\n|t:|1783561198\n|switch|p2a: Staraptor|Staraptor, L79, M|263/263\n|turn|23\n|inactive|Time left: 300 sec this turn | 300 sec total\n|\n|t:|1783561199\n|move|p2a: Staraptor|Brave Bird|p1a: Serperior\n|-supereffective|p1a: Serperior\n|-damage|p1a: Serperior|0 fnt\n|faint|p1a: Serperior\n|-damage|p2a: Staraptor|189/263|[from] Recoil\n|\n|upkeep\n|\n|t:|1783561200\n|switch|p1a: Sandy Shocks|Sandy Shocks, L80|100/100\n|turn|24\n|inactive|Time left: 300 sec this turn | 300 sec total\n|\n|t:|1783561201\n|switch|p2a: Koraidon|Koraidon, L64|193/235\n|-weather|SunnyDay|[from] ability: Orichalcum Pulse|[of] p2a: Koraidon\n|-activate|p1a: Sandy Shocks|ability: Protosynthesis\n|-start|p1a: Sandy Shocks|protosynthesisspa\n|-activate|p2a: Koraidon|Orichalcum Pulse|[source]\n|move|p1a: Sandy Shocks|Earth Power|p2a: Koraidon\n|-damage|p2a: Koraidon|25/235\n|\n|-weather|SunnyDay|[upkeep]\n|upkeep\n|turn|25\n|inactive|Time left: 300 sec this turn | 300 sec total\n|\n|t:|1783561202\n|-terastallize|p2a: Koraidon|Fire\n|move|p2a: Koraidon|Flare Blitz|p1a: Sandy Shocks\n|-crit|p1a: Sandy Shocks\n|-damage|p1a: Sandy Shocks|0 fnt\n|faint|p1a: Sandy Shocks\n|-end|p1a: Sandy Shocks|Protosynthesis|[silent]\n|-damage|p2a: Koraidon|0 fnt|[from] Recoil\n|faint|p2a: Koraidon\n|\n|-weather|SunnyDay|[upkeep]\n|upkeep\n|inactive|Time left: 300 sec this turn | 300 sec total | 5 sec grace\n|\n|t:|1783561203\n|switch|p2a: Staraptor|Staraptor, L79, M|189/263\n|switch|p1a: Basculin|Basculin-Blue-Striped, L86, M|28/100\n|turn|26\n|inactive|Time left: 300 sec this turn | 300 sec total\n|\n|t:|1783561204\n|-terastallize|p1a: Basculin|Water\n|move|p2a: Staraptor|Double-Edge|p1a: Basculin\n|-damage|p1a: Basculin|0 fnt\n|faint|p1a: Basculin\n|-damage|p2a: Staraptor|165/263|[from] Recoil\n|\n|win|p0y189690c2", "uploadtime": 1783561204, "views": 0, "rating": 0, "private": 0, "password": null, "_winner": "p0y189690c2", "_our_name": "p0y189690c2"}