{"id": "battle-gen9randombattle-92", "formatid": "gen9randombattle", "format": "[Gen 9] Random Battle", "players": ["p0x092e85e", "p0y092606b"], "log": "|init|battle\n|title|p0x092e85e vs. p0y092606b\n|j|\u2606p0x092e85e\n|j|\u2606p0y092606b\n|t:|1783534324\n|gametype|singles\n|player|p1|p0x092e85e|169|\n|player|p2|p0y092606b|101|\n|gen|9\n|tier|[Gen 9] Random Battle\n|rule|Species Clause: Limit one of each Pok\u00e9mon\n|rule|HP Percentage Mod: HP is shown in percentages\n|rule|Sleep Clause Mod: Limit one foe put to sleep\n|rule|Illusion Level Mod: Illusion disguises the Pok\u00e9mon's true level\n|\n|t:|1783534324\n|teamsize|p1|6\n|teamsize|p2|6\n|start\n|switch|p1a: Dondozo|Dondozo, L78, M|362/362\n|switch|p2a: Avalugg|Avalugg-Hisui, L90, F|100/100\n|turn|1\n|inactive|Battle timer is ON: inactive players will automatically lose when time's up. (requested by p0x092e85e)\n|inactive|p0y092606b also wants the timer to be on.\n|\n|t:|1783534326\n|move|p2a: Avalugg|Stone Edge|p1a: Dondozo\n|-damage|p1a: Dondozo|235/362\n|move|p1a: Dondozo|Curse|p1a: Dondozo\n|-unboost|p1a: Dondozo|spe|1\n|-boost|p1a: Dondozo|atk|1\n|-boost|p1a: Dondozo|def|1\n|\n|-heal|p1a: Dondozo|257/362|[from] item: Leftovers\n|upkeep\n|turn|2\n|inactive|Time left: 300 sec this turn | 300 sec total\n|\n|t:|1783534327\n|move|p2a: Avalugg|Stone Edge|p1a: Dondozo\n|-damage|p1a: Dondozo|166/362\n|move|p1a: Dondozo|Wave Crash|p2a: Avalugg\n|-supereffective|p2a: Avalugg\n|-damage|p2a: Avalugg|48/100\n|-damage|p1a: Dondozo|111/362|[from] Recoil\n|\n|-heal|p1a: Dondozo|133/362|[from] item: Leftovers\n|upkeep\n|turn|3\n|inactive|Time left: 300 sec this turn | 300 sec total\n|\n|t:|1783534328\n|move|p2a: Avalugg|Recover|p2a: Avalugg\n|-heal|p2a: Avalugg|98/100\n|move|p1a: Dondozo|Wave Crash|p2a: Avalugg\n|-supereffective|p2a: Avalugg\n|-damage|p2a: Avalugg|45/100\n|-damage|p1a: Dondozo|78/362|[from] Recoil\n|\n|-heal|p1a: Dondozo|100/362|[from] item: Leftovers\n|upkeep\n|turn|4\n|inactive|Time left: 300 sec this turn | 300 sec total\n|\n|t:|1783534329\n|move|p2a: Avalugg|Recover|p2a: Avalugg\n|-heal|p2a: Avalugg|95/100\n|move|p1a: Dondozo|Wave Crash|p2a: Avalugg\n|-supereffective|p2a: Avalugg\n|-damage|p2a: Avalugg|41/100\n|-damage|p1a: Dondozo|44/362|[from] Recoil\n|\n|-heal|p1a: Dondozo|66/362|[from] item: Leftovers\n|upkeep\n|turn|5\n|inactive|Time left: 300 sec this turn | 300 sec total\n|\n|t:|1783534330\n|move|p2a: Avalugg|Stone Edge|p1a: Dondozo\n|-damage|p1a: Dondozo|0 fnt\n|faint|p1a: Dondozo\n|\n|upkeep\n|inactive|Time left: 300 sec this turn | 300 sec total | 5 sec grace\n|\n|t:|1783534331\n|switch|p1a: Volcarona|Volcarona, L77, F|257/257\n|turn|6\n|inactive|Time left: 300 sec this turn | 300 sec total\n|\n|t:|1783534332\n|switch|p2a: Minior|Minior-Green, L79|100/100\n|-formechange|p2a: Minior|Minior-Meteor||[from] ability: Shields Down\n|move|p1a: Volcarona|Fire Blast|p2a: Minior\n|-resisted|p2a: Minior\n|-damage|p2a: Minior|75/100\n|\n|upkeep\n|turn|7\n|inactive|Time left: 300 sec this turn | 300 sec total\n|\n|t:|1783534334\n|switch|p1a: Overqwil|Overqwil, L82, M|274/274\n|-ability|p1a: Overqwil|Intimidate|boost\n|-unboost|p2a: Minior|atk|1\n|-enditem|p2a: Minior|White Herb\n|-clearnegativeboost|p2a: Minior|[silent]\n|move|p2a: Minior|Shell Smash|p2a: Minior\n|-unboost|p2a: Minior|def|1\n|-unboost|p2a: Minior|spd|1\n|-boost|p2a: Minior|atk|2\n|-boost|p2a: Minior|spa|2\n|-boost|p2a: Minior|spe|2\n|\n|upkeep\n|turn|8\n|inactive|Time left: 300 sec this turn | 300 sec total\n|\n|t:|1783534335\n|move|p2a: Minior|Power Gem|p1a: Overqwil\n|-damage|p1a: Overqwil|145/274\n|move|p1a: Overqwil|Crunch|p2a: Minior\n|-damage|p2a: Minior|0 fnt\n|faint|p2a: Minior\n|\n|upkeep\n|\n|t:|1783534335\n|switch|p2a: Avalugg|Avalugg-Hisui, L90, F|41/100\n|turn|9\n|inactive|Time left: 300 sec this turn | 300 sec total\n|\n|t:|1783534336\n|move|p1a: Overqwil|Crunch|p2a: Avalugg\n|-damage|p2a: Avalugg|17/100\n|-unboost|p2a: Avalugg|def|1\n|move|p2a: Avalugg|Stone Edge|p1a: Overqwil\n|-damage|p1a: Overqwil|0 fnt\n|faint|p1a: Overqwil\n|\n|upkeep\n|inactive|Time left: 300 sec this turn | 300 sec total | 5 sec grace\n|\n|t:|1783534337\n|switch|p1a: Dugtrio|Dugtrio-Alola, L84, M|196/196\n|turn|10\n|inactive|Time left: 300 sec this turn | 300 sec total\n|\n|t:|1783534339\n|switch|p2a: Stantler|Stantler, L92, M|100/100\n|-ability|p2a: Stantler|Intimidate|boost\n|-unboost|p1a: Dugtrio|atk|1\n|move|p1a: Dugtrio|Earthquake|p2a: Stantler\n|-damage|p2a: Stantler|73/100\n|\n|upkeep\n|turn|11\n|inactive|Time left: 300 sec this turn | 300 sec total\n|\n|t:|1783534340\n|move|p1a: Dugtrio|Earthquake|p2a: Stantler\n|-damage|p2a: Stantler|42/100\n|move|p2a: Stantler|Earthquake|p1a: Dugtrio\n|-supereffective|p1a: Dugtrio\n|-damage|p1a: Dugtrio|0 fnt\n|faint|p1a: Dugtrio\n|\n|upkeep\n|inactive|Time left: 300 sec this turn | 300 sec total | 5 sec grace\n|\n|t:|1783534341\n|switch|p1a: Porygon-Z|Porygon-Z, L83|277/277\n|turn|12\n|inactive|Time left: 300 sec this turn | 300 sec total\n|\n|t:|1783534342\n|move|p2a: Stantler|Body Slam|p1a: Porygon-Z\n|-damage|p1a: Porygon-Z|159/277\n|move|p1a: Porygon-Z|Nasty Plot|p1a: Porygon-Z\n|-boost|p1a: Porygon-Z|spa|2\n|\n|upkeep\n|turn|13\n|inactive|Time left: 300 sec this turn | 300 sec total\n|\n|t:|1783534343\n|move|p2a: Stantler|Body Slam|p1a: Porygon-Z\n|-damage|p1a: Porygon-Z|33/277\n|-status|p1a: Porygon-Z|par\n|move|p1a: Porygon-Z|Tera Blast|p2a: Stantler\n|-damage|p2a: Stantler|0 fnt\n|faint|p2a: Stantler\n|-damage|p1a: Porygon-Z|6/277 par|[from] item: Life Orb\n|\n|upkeep\n|\n|t:|1783534344\n|switch|p2a: Samurott|Samurott-Hisui, L77, F|100/100\n|turn|14\n|inactive|Time left: 300 sec this turn | 300 sec total\n|\n|t:|1783534345\n|move|p2a: Samurott|Razor Shell|p1a: Porygon-Z\n|-damage|p1a: Porygon-Z|0 fnt\n|faint|p1a: Porygon-Z\n|\n|upkeep\n|inactive|Time left: 300 sec this turn | 300 sec total | 5 sec grace\n|\n|t:|1783534346\n|switch|p1a: Volcarona|Volcarona, L77, F|257/257\n|turn|15\n|inactive|Time left: 300 sec this turn | 300 sec total\n|\n|t:|1783534347\n|-terastallize|p2a: Samurott|Water\n|move|p1a: Volcarona|Bug Buzz|p2a: Samurott\n|-damage|p2a: Samurott|51/100\n|move|p2a: Samurott|Razor Shell|p1a: Volcarona\n|-supereffective|p1a: Volcarona\n|-damage|p1a: Volcarona|0 fnt\n|-status|p2a: Samurott|brn|[from] ability: Flame Body|[of] p1a: Volcarona\n|faint|p1a: Volcarona\n|\n|-damage|p2a: Samurott|45/100 brn|[from] brn\n|upkeep\n|inactive|Time left: 300 sec this turn | 300 sec total | 5 sec grace\n|\n|t:|1783534348\n|switch|p1a: Garganacl|Garganacl, L80, F|291/291\n|turn|16\n|inactive|Time left: 300 sec this turn | 300 sec total\n|\n|t:|1783534349\n|move|p2a: Samurott|Razor Shell|p1a: Garganacl\n|-supereffective|p1a: Garganacl\n|-crit|p1a: Garganacl\n|-damage|p1a: Garganacl|41/291\n|move|p1a: Garganacl|Salt Cure|p2a: Samurott\n|-damage|p2a: Samurott|28/100 brn\n|-start|p2a: Samurott|Salt Cure\n|\n|-heal|p1a: Garganacl|59/291|[from] item: Leftovers\n|-damage|p2a: Samurott|22/100 brn|[from] brn\n|-damage|p2a: Samurott|0 fnt|[from] Salt Cure\n|faint|p2a: Samurott\n|upkeep\n|\n|t:|1783534350\n|switch|p2a: Golduck|Golduck, L90, F|100/100\n|-ability|p2a: Golduck|Cloud Nine\n|turn|17\n|inactive|Time left: 300 sec this turn | 300 sec total\n|\n|t:|1783534351\n|-terastallize|p1a: Garganacl|Ghost\n|move|p2a: Golduck|Hydro Pump|p1a: Garganacl|[miss]\n|-miss|p2a: Golduck|p1a: Garganacl\n|move|p1a: Garganacl|Stealth Rock|p2a: Golduck\n|-sidestart|p2: p0y092606b|move: Stealth Rock\n|\n|-heal|p1a: Garganacl|77/291|[from] item: Leftovers\n|upkeep\n|turn|18\n|inactive|Time left: 300 sec this turn | 300 sec total\n|\n|t:|1783534352\n|move|p2a: Golduck|Grass Knot|p1a: Garganacl\n|-damage|p1a: Garganacl|0 fnt\n|faint|p1a: Garganacl\n|\n|win|p0y092606b", "uploadtime": 1783534352, "views": 0, "rating": 0, "private": 0, "password": null, "_winner": "p0y092606b", "_our_name": "p0x092e85e"}