{"id": "battle-gen9randombattle-537", "formatid": "gen9randombattle", "format": "[Gen 9] Random Battle", "players": ["p0x537e31e", "p0y537025f"], "log": "|init|battle\n|title|p0x537e31e vs. p0y537025f\n|j|\u2606p0x537e31e\n|j|\u2606p0y537025f\n|t:|1783545279\n|gametype|singles\n|player|p1|p0x537e31e|1|\n|player|p2|p0y537025f|101|\n|gen|9\n|tier|[Gen 9] Random Battle\n|rule|Species Clause: Limit one of each Pok\u00e9mon\n|rule|HP Percentage Mod: HP is shown in percentages\n|rule|Sleep Clause Mod: Limit one foe put to sleep\n|rule|Illusion Level Mod: Illusion disguises the Pok\u00e9mon's true level\n|\n|t:|1783545279\n|teamsize|p1|6\n|teamsize|p2|6\n|start\n|switch|p1a: Rillaboom|Rillaboom, L79, M|288/288\n|switch|p2a: Shaymin|Shaymin-Sky, L73|100/100\n|-fieldstart|move: Grassy Terrain|[from] ability: Grassy Surge|[of] p1a: Rillaboom\n|turn|1\n|inactive|Battle timer is ON: inactive players will automatically lose when time's up. (requested by p0y537025f)\n|inactive|Time left: 300 sec this turn | 300 sec total | 60 sec grace\n|inactive|p0x537e31e also wants the timer to be on.\n|\n|t:|1783545281\n|move|p1a: Rillaboom|Grassy Glide|p2a: Shaymin\n|-resisted|p2a: Shaymin\n|-damage|p2a: Shaymin|85/100\n|move|p2a: Shaymin|Air Slash|p1a: Rillaboom\n|-supereffective|p1a: Rillaboom\n|-damage|p1a: Rillaboom|112/288\n|\n|-heal|p1a: Rillaboom|130/288|[from] Grassy Terrain\n|upkeep\n|turn|2\n|inactive|Time left: 300 sec this turn | 300 sec total\n|\n|t:|1783545282\n|move|p1a: Rillaboom|Grassy Glide|p2a: Shaymin\n|-resisted|p2a: Shaymin\n|-damage|p2a: Shaymin|69/100\n|move|p2a: Shaymin|Air Slash|p1a: Rillaboom\n|-supereffective|p1a: Rillaboom\n|-damage|p1a: Rillaboom|0 fnt\n|faint|p1a: Rillaboom\n|\n|upkeep\n|inactive|Time left: 300 sec this turn | 300 sec total | 5 sec grace\n|\n|t:|1783545283\n|switch|p1a: Regieleki|Regieleki, L79|256/256\n|turn|3\n|inactive|Time left: 300 sec this turn | 300 sec total\n|\n|t:|1783545284\n|switch|p2a: Gastrodon|Gastrodon, L86, F|100/100\n|move|p1a: Regieleki|Thunderbolt|p2a: Gastrodon\n|-immune|p2a: Gastrodon\n|\n|upkeep\n|turn|4\n|inactive|Time left: 300 sec this turn | 300 sec total\n|\n|t:|1783545285\n|switch|p1a: Spidops|Spidops, L96, M|271/271\n|move|p2a: Gastrodon|Surf|p1a: Spidops\n|-damage|p1a: Spidops|181/271\n|\n|-heal|p1a: Spidops|197/271|[from] Grassy Terrain\n|upkeep\n|turn|5\n|inactive|Time left: 300 sec this turn | 300 sec total\n|\n|t:|1783545286\n|move|p1a: Spidops|Sticky Web|p2a: Gastrodon\n|-sidestart|p2: p0y537025f|move: Sticky Web\n|move|p2a: Gastrodon|Surf|p1a: Spidops\n|-damage|p1a: Spidops|119/271\n|\n|-heal|p1a: Spidops|135/271|[from] Grassy Terrain\n|-fieldend|move: Grassy Terrain\n|upkeep\n|turn|6\n|inactive|Time left: 300 sec this turn | 300 sec total\n|\n|t:|1783545288\n|move|p1a: Spidops|U-turn|p2a: Gastrodon\n|-damage|p2a: Gastrodon|72/100\n|inactive|Time left: 300 sec this turn | 300 sec total | 5 sec grace\n|\n|t:|1783545289\n|switch|p1a: Golem|Golem, L87, M|281/281|[from] U-turn\n|move|p2a: Gastrodon|Surf|p1a: Golem\n|-supereffective|p1a: Golem\n|-ability|p1a: Golem|Sturdy\n|-damage|p1a: Golem|1/281\n|-enditem|p1a: Golem|Weakness Policy\n|-boost|p1a: Golem|atk|2|[from] item: Weakness Policy\n|-boost|p1a: Golem|spa|2|[from] item: Weakness Policy\n|\n|-heal|p2a: Gastrodon|78/100|[from] item: Leftovers\n|upkeep\n|turn|7\n|inactive|Time left: 300 sec this turn | 300 sec total\n|\n|t:|1783545290\n|switch|p2a: Shaymin|Shaymin-Sky, L73|69/100\n|move|p1a: Golem|Earthquake|p2a: Shaymin\n|-immune|p2a: Shaymin\n|\n|upkeep\n|turn|8\n|inactive|Time left: 300 sec this turn | 300 sec total\n|\n|t:|1783545291\n|move|p2a: Shaymin|Air Slash|p1a: Golem\n|-resisted|p1a: Golem\n|-damage|p1a: Golem|0 fnt\n|faint|p1a: Golem\n|\n|upkeep\n|inactive|Time left: 300 sec this turn | 300 sec total | 5 sec grace\n|\n|t:|1783545292\n|switch|p1a: Regieleki|Regieleki, L79|256/256\n|turn|9\n|inactive|Time left: 300 sec this turn | 300 sec total\n|\n|t:|1783545293\n|switch|p2a: Gastrodon|Gastrodon, L86, F|78/100\n|-activate|p2a: Gastrodon|move: Sticky Web\n|-unboost|p2a: Gastrodon|spe|1\n|move|p1a: Regieleki|Thunderbolt|p2a: Gastrodon\n|-immune|p2a: Gastrodon\n|\n|-heal|p2a: Gastrodon|84/100|[from] item: Leftovers\n|upkeep\n|turn|10\n|inactive|Time left: 300 sec this turn | 300 sec total\n|\n|t:|1783545294\n|switch|p1a: Palossand|Palossand, L89, M|296/296\n|move|p2a: Gastrodon|Earthquake|p1a: Palossand\n|-damage|p1a: Palossand|223/296\n|\n|-heal|p1a: Palossand|241/296|[from] item: Leftovers\n|-heal|p2a: Gastrodon|90/100|[from] item: Leftovers\n|upkeep\n|turn|11\n|inactive|Time left: 300 sec this turn | 300 sec total\n|\n|t:|1783545295\n|move|p1a: Palossand|Stealth Rock|p2a: Gastrodon\n|-sidestart|p2: p0y537025f|move: Stealth Rock\n|move|p2a: Gastrodon|Surf|p1a: Palossand\n|-supereffective|p1a: Palossand\n|-damage|p1a: Palossand|37/296\n|-ability|p1a: Palossand|Water Compaction|boost\n|-boost|p1a: Palossand|def|2\n|\n|-heal|p1a: Palossand|55/296|[from] item: Leftovers\n|-heal|p2a: Gastrodon|96/100|[from] item: Leftovers\n|upkeep\n|turn|12\n|inactive|Time left: 300 sec this turn | 300 sec total\n|\n|t:|1783545296\n|-terastallize|p1a: Palossand|Poison\n|move|p1a: Palossand|Shore Up|p1a: Palossand\n|-heal|p1a: Palossand|203/296\n|move|p2a: Gastrodon|Surf|p1a: Palossand\n|-damage|p1a: Palossand|104/296\n|-ability|p1a: Palossand|Water Compaction|boost\n|-boost|p1a: Palossand|def|2\n|\n|-heal|p1a: Palossand|122/296|[from] item: Leftovers\n|-heal|p2a: Gastrodon|100/100|[from] item: Leftovers\n|upkeep\n|turn|13\n|inactive|Time left: 300 sec this turn | 300 sec total\n|\n|t:|1783545298\n|switch|p2a: Shaymin|Shaymin-Sky, L73|69/100\n|move|p1a: Palossand|Shore Up|p1a: Palossand\n|-heal|p1a: Palossand|270/296\n|\n|-heal|p1a: Palossand|288/296|[from] item: Leftovers\n|upkeep\n|turn|14\n|inactive|Time left: 300 sec this turn | 300 sec total\n|\n|t:|1783545299\n|move|p2a: Shaymin|Seed Flare|p1a: Palossand\n|-resisted|p1a: Palossand\n|-damage|p1a: Palossand|228/296\n|-unboost|p1a: Palossand|spd|2\n|move|p1a: Palossand|Shadow Ball|p2a: Shaymin\n|-damage|p2a: Shaymin|25/100\n|\n|-heal|p1a: Palossand|246/296|[from] item: Leftovers\n|upkeep\n|turn|15\n|inactive|Time left: 300 sec this turn | 300 sec total\n|\n|t:|1783545300\n|move|p2a: Shaymin|Earth Power|p1a: Palossand\n|-supereffective|p1a: Palossand\n|-damage|p1a: Palossand|4/296\n|move|p1a: Palossand|Shadow Ball|p2a: Shaymin\n|-damage|p2a: Shaymin|0 fnt\n|faint|p2a: Shaymin\n|\n|-heal|p1a: Palossand|22/296|[from] item: Leftovers\n|upkeep\n|\n|t:|1783545301\n|switch|p2a: Oricorio|Oricorio-Sensu, L85, M|100/100\n|turn|16\n|inactive|Time left: 300 sec this turn | 300 sec total\n|\n|t:|1783545302\n|move|p2a: Oricorio|Quiver Dance|p2a: Oricorio\n|-boost|p2a: Oricorio|spa|1\n|-boost|p2a: Oricorio|spd|1\n|-boost|p2a: Oricorio|spe|1\n|move|p1a: Palossand|Shadow Ball|p2a: Oricorio\n|-supereffective|p2a: Oricorio\n|-damage|p2a: Oricorio|41/100\n|\n|-heal|p1a: Palossand|40/296|[from] item: Leftovers\n|upkeep\n|turn|17\n|inactive|Time left: 300 sec this turn | 300 sec total\n|\n|t:|1783545303\n|move|p2a: Oricorio|Roost|p2a: Oricorio\n|-heal|p2a: Oricorio|91/100\n|-singleturn|p2a: Oricorio|move: Roost\n|move|p1a: Palossand|Shadow Ball|p2a: Oricorio\n|-supereffective|p2a: Oricorio\n|-damage|p2a: Oricorio|36/100\n|\n|-heal|p1a: Palossand|58/296|[from] item: Leftovers\n|upkeep\n|turn|18\n|inactive|Time left: 300 sec this turn | 300 sec total\n|\n|t:|1783545304\n|move|p2a: Oricorio|Revelation Dance|p1a: Palossand\n|-damage|p1a: Palossand|0 fnt\n|faint|p1a: Palossand\n|\n|upkeep\n|inactive|Time left: 300 sec this turn | 300 sec total | 5 sec grace\n|\n|t:|1783545305\n|switch|p1a: Regieleki|Regieleki, L79|256/256\n|turn|19\n|inactive|Time left: 300 sec this turn | 300 sec total\n|\n|t:|1783545307\n|switch|p2a: Gastrodon|Gastrodon, L86, F|100/100\n|-activate|p2a: Gastrodon|move: Sticky Web\n|-unboost|p2a: Gastrodon|spe|1\n|-damage|p2a: Gastrodon|94/100|[from] Stealth Rock\n|move|p1a: Regieleki|Thunderbolt|p2a: Gastrodon\n|-immune|p2a: Gastrodon\n|\n|-heal|p2a: Gastrodon|100/100|[from] item: Leftovers\n|upkeep\n|turn|20\n|inactive|Time left: 300 sec this turn | 300 sec total\n|\n|t:|1783545308\n|switch|p1a: Slither Wing|Slither Wing, L81|270/270\n|move|p2a: Gastrodon|Earthquake|p1a: Slither Wing\n|-resisted|p1a: Slither Wing\n|-damage|p1a: Slither Wing|219/270\n|\n|upkeep\n|turn|21\n|inactive|Time left: 300 sec this turn | 300 sec total\n|\n|t:|1783545309\n|switch|p2a: Oricorio|Oricorio-Sensu, L85, M|36/100\n|move|p1a: Slither Wing|Morning Sun|p1a: Slither Wing\n|-heal|p1a: Slither Wing|270/270\n|\n|upkeep\n|turn|22\n|inactive|Time left: 300 sec this turn | 300 sec total\n|\n|t:|1783545310\n|-end|p1a: Slither Wing|Protosynthesis|[silent]\n|switch|p1a: Regieleki|Regieleki, L79|256/256\n|move|p2a: Oricorio|Hurricane|p1a: Regieleki\n|-resisted|p1a: Regieleki\n|-damage|p1a: Regieleki|153/256\n|\n|upkeep\n|turn|23\n|inactive|Time left: 300 sec this turn | 300 sec total\n|\n|t:|1783545311\n|switch|p2a: Gastrodon|Gastrodon, L86, F|100/100\n|-activate|p2a: Gastrodon|move: Sticky Web\n|-unboost|p2a: Gastrodon|spe|1\n|-damage|p2a: Gastrodon|94/100|[from] Stealth Rock\n|move|p1a: Regieleki|Thunderbolt|p2a: Gastrodon\n|-immune|p2a: Gastrodon\n|\n|-heal|p2a: Gastrodon|100/100|[from] item: Leftovers\n|upkeep\n|turn|24\n|inactive|Time left: 300 sec this turn | 300 sec total\n|\n|t:|1783545312\n|switch|p1a: Slither Wing|Slither Wing, L81|270/270\n|move|p2a: Gastrodon|Earthquake|p1a: Slither Wing\n|-resisted|p1a: Slither Wing\n|-damage|p1a: Slither Wing|215/270\n|\n|upkeep\n|turn|25\n|inactive|Time left: 300 sec this turn | 300 sec total\n|\n|t:|1783545313\n|move|p1a: Slither Wing|U-turn|p2a: Gastrodon\n|-damage|p2a: Gastrodon|68/100\n|inactive|Time left: 300 sec this turn | 300 sec total | 5 sec grace\n|\n|t:|1783545314\n|-end|p1a: Slither Wing|Protosynthesis|[silent]\n|switch|p1a: Spidops|Spidops, L96, M|135/271|[from] U-turn\n|move|p2a: Gastrodon|Surf|p1a: Spidops\n|-damage|p1a: Spidops|53/271\n|\n|-heal|p2a: Gastrodon|74/100|[from] item: Leftovers\n|upkeep\n|turn|26\n|inactive|Time left: 300 sec this turn | 300 sec total\n|\n|t:|1783545315\n|move|p1a: Spidops|U-turn|p2a: Gastrodon\n|-damage|p2a: Gastrodon|45/100\n|inactive|Time left: 300 sec this turn | 300 sec total | 5 sec grace\n|\n|t:|1783545316\n|switch|p1a: Slither Wing|Slither Wing, L81|215/270|[from] U-turn\n|move|p2a: Gastrodon|Surf|p1a: Slither Wing\n|-damage|p1a: Slither Wing|125/270\n|\n|-heal|p2a: Gastrodon|51/100|[from] item: Leftovers\n|upkeep\n|turn|27\n|inactive|Time left: 300 sec this turn | 300 sec total\n|\n|t:|1783545317\n|move|p1a: Slither Wing|Morning Sun|p1a: Slither Wing\n|-heal|p1a: Slither Wing|260/270\n|move|p2a: Gastrodon|Recover|p2a: Gastrodon\n|-heal|p2a: Gastrodon|100/100\n|\n|upkeep\n|turn|28\n|inactive|Time left: 300 sec this turn | 300 sec total\n|\n|t:|1783545318\n|switch|p2a: Oricorio|Oricorio-Sensu, L85, M|36/100\n|move|p1a: Slither Wing|Will-O-Wisp|p2a: Oricorio\n|-status|p2a: Oricorio|brn\n|\n|-damage|p2a: Oricorio|30/100 brn|[from] brn\n|upkeep\n|turn|29\n|inactive|Time left: 300 sec this turn | 300 sec total\n|\n|t:|1783545319\n|move|p2a: Oricorio|Hurricane|p1a: Slither Wing\n|-supereffective|p1a: Slither Wing\n|-damage|p1a: Slither Wing|0 fnt\n|faint|p1a: Slither Wing\n|-end|p1a: Slither Wing|Protosynthesis|[silent]\n|\n|-damage|p2a: Oricorio|24/100 brn|[from] brn\n|upkeep\n|inactive|Time left: 300 sec this turn | 300 sec total | 5 sec grace\n|\n|t:|1783545320\n|switch|p1a: Regieleki|Regieleki, L79|153/256\n|turn|30\n|inactive|Time left: 300 sec this turn | 300 sec total\n|\n|t:|1783545321\n|switch|p2a: Gastrodon|Gastrodon, L86, F|100/100\n|-activate|p2a: Gastrodon|move: Sticky Web\n|-unboost|p2a: Gastrodon|spe|1\n|-damage|p2a: Gastrodon|94/100|[from] Stealth Rock\n|move|p1a: Regieleki|Thunderbolt|p2a: Gastrodon\n|-immune|p2a: Gastrodon\n|\n|-heal|p2a: Gastrodon|100/100|[from] item: Leftovers\n|upkeep\n|turn|31\n|inactive|Time left: 300 sec this turn | 300 sec total\n|\n|t:|1783545322\n|switch|p1a: Spidops|Spidops, L96, M|53/271\n|move|p2a: Gastrodon|Earthquake|p1a: Spidops\n|-resisted|p1a: Spidops\n|-damage|p1a: Spidops|14/271\n|\n|upkeep\n|turn|32\n|inactive|Time left: 300 sec this turn | 300 sec total\n|\n|t:|1783545323\n|move|p1a: Spidops|Sticky Web||[still]\n|-fail|p1a: Spidops\n|move|p2a: Gastrodon|Earthquake|p1a: Spidops\n|-resisted|p1a: Spidops\n|-damage|p1a: Spidops|0 fnt\n|faint|p1a: Spidops\n|\n|upkeep\n|inactive|Time left: 300 sec this turn | 300 sec total | 5 sec grace\n|\n|t:|1783545324\n|switch|p1a: Regieleki|Regieleki, L79|153/256\n|turn|33\n|inactive|Time left: 300 sec this turn | 300 sec total\n|\n|t:|1783545325\n|move|p1a: Regieleki|Thunderbolt|p2a: Gastrodon\n|-immune|p2a: Gastrodon\n|move|p2a: Gastrodon|Earthquake|p1a: Regieleki\n|-supereffective|p1a: Regieleki\n|-damage|p1a: Regieleki|0 fnt\n|faint|p1a: Regieleki\n|\n|win|p0y537025f", "uploadtime": 1783545325, "views": 0, "rating": 0, "private": 0, "password": null, "_winner": "p0y537025f", "_our_name": "p0x537e31e"}