{"id": "battle-gen9randombattle-875", "formatid": "gen9randombattle", "format": "[Gen 9] Random Battle", "players": ["p0x875e652", "p0y875ec73"], "log": "|init|battle\n|title|p0x875e652 vs. p0y875ec73\n|j|\u2606p0x875e652\n|j|\u2606p0y875ec73\n|t:|1783550055\n|gametype|singles\n|player|p1|p0x875e652|170|\n|player|p2|p0y875ec73|101|\n|gen|9\n|tier|[Gen 9] Random Battle\n|rule|Species Clause: Limit one of each Pok\u00e9mon\n|rule|HP Percentage Mod: HP is shown in percentages\n|rule|Sleep Clause Mod: Limit one foe put to sleep\n|rule|Illusion Level Mod: Illusion disguises the Pok\u00e9mon's true level\n|\n|t:|1783550055\n|teamsize|p1|6\n|teamsize|p2|6\n|start\n|switch|p1a: Cramorant|Cramorant, L86, M|261/261\n|switch|p2a: Spectrier|Spectrier, L75|100/100\n|turn|1\n|inactive|Battle timer is ON: inactive players will automatically lose when time's up. (requested by p0y875ec73)\n|inactive|Time left: 300 sec this turn | 300 sec total | 60 sec grace\n|\n|t:|1783550057\n|move|p2a: Spectrier|Will-O-Wisp|p1a: Cramorant\n|-status|p1a: Cramorant|brn\n|move|p1a: Cramorant|Brave Bird|p2a: Spectrier\n|-damage|p2a: Spectrier|71/100\n|-damage|p1a: Cramorant|234/261 brn|[from] Recoil\n|\n|-damage|p1a: Cramorant|218/261 brn|[from] brn\n|upkeep\n|turn|2\n|inactive|Time left: 300 sec this turn | 300 sec total\n|inactive|p0x875e652 also wants the timer to be on.\n|\n|t:|1783550058\n|move|p2a: Spectrier|Shadow Ball|p1a: Cramorant\n|-damage|p1a: Cramorant|104/261 brn\n|-damage|p2a: Spectrier|61/100|[from] item: Life Orb\n|move|p1a: Cramorant|Surf|p2a: Spectrier\n|-formechange|p1a: Cramorant|Cramorant-Gorging|\n|-damage|p2a: Spectrier|19/100\n|\n|-damage|p1a: Cramorant|88/261 brn|[from] brn\n|upkeep\n|turn|3\n|inactive|Time left: 300 sec this turn | 300 sec total\n|\n|t:|1783550059\n|move|p2a: Spectrier|Shadow Ball|p1a: Cramorant\n|-damage|p1a: Cramorant|0 fnt\n|-damage|p2a: Spectrier|0 fnt|[from] ability: Gulp Missile|[of] p1a: Cramorant\n|-formechange|p1a: Cramorant|Cramorant|\n|faint|p1a: Cramorant\n|faint|p2a: Spectrier\n|\n|upkeep\n|inactive|Time left: 300 sec this turn | 300 sec total | 5 sec grace\n|\n|t:|1783550060\n|switch|p2a: Golurk|Golurk, L87|100/100\n|switch|p1a: Kricketune|Kricketune, L99, F|312/312\n|turn|4\n|inactive|Time left: 300 sec this turn | 300 sec total\n|\n|t:|1783550061\n|move|p1a: Kricketune|Sticky Web|p2a: Golurk\n|-sidestart|p2: p0y875ec73|move: Sticky Web\n|move|p2a: Golurk|Poltergeist|p1a: Kricketune\n|-activate|p1a: Kricketune|move: Poltergeist|Heavy-Duty Boots\n|-damage|p1a: Kricketune|86/312\n|-damage|p2a: Golurk|91/100|[from] item: Life Orb\n|\n|upkeep\n|turn|5\n|inactive|Time left: 300 sec this turn | 300 sec total\n|\n|t:|1783550062\n|move|p1a: Kricketune|Knock Off|p2a: Golurk\n|-supereffective|p2a: Golurk\n|-damage|p2a: Golurk|30/100\n|-enditem|p2a: Golurk|Life Orb|[from] move: Knock Off|[of] p1a: Kricketune\n|move|p2a: Golurk|Poltergeist|p1a: Kricketune\n|-activate|p1a: Kricketune|move: Poltergeist|Heavy-Duty Boots\n|-damage|p1a: Kricketune|0 fnt\n|faint|p1a: Kricketune\n|\n|upkeep\n|inactive|Time left: 300 sec this turn | 300 sec total | 5 sec grace\n|\n|t:|1783550063\n|switch|p1a: Eiscue|Eiscue, L88, F|274/274\n|turn|6\n|inactive|Time left: 300 sec this turn | 300 sec total\n|\n|t:|1783550064\n|move|p2a: Golurk|Stealth Rock|p1a: Eiscue\n|-sidestart|p1: p0x875e652|move: Stealth Rock\n|move|p1a: Eiscue|Belly Drum|p1a: Eiscue\n|-damage|p1a: Eiscue|137/274\n|-setboost|p1a: Eiscue|atk|6|[from] move: Belly Drum\n|-enditem|p1a: Eiscue|Sitrus Berry|[eat]\n|-heal|p1a: Eiscue|205/274|[from] item: Sitrus Berry\n|\n|upkeep\n|turn|7\n|inactive|Time left: 300 sec this turn | 300 sec total\n|\n|t:|1783550065\n|move|p2a: Golurk|Poltergeist||[still]\n|-fail|p2a: Golurk\n|move|p1a: Eiscue|Iron Head|p2a: Golurk\n|-damage|p2a: Golurk|0 fnt\n|faint|p2a: Golurk\n|\n|upkeep\n|\n|t:|1783550066\n|switch|p2a: Illumise|Illumise, L91, F|100/100\n|turn|8\n|inactive|Time left: 300 sec this turn | 300 sec total\n|\n|t:|1783550067\n|-terastallize|p2a: Illumise|Steel\n|move|p2a: Illumise|Encore|p1a: Eiscue\n|-start|p1a: Eiscue|Encore\n|move|p1a: Eiscue|Iron Head|p2a: Illumise\n|-resisted|p2a: Illumise\n|-damage|p2a: Illumise|58/100\n|\n|upkeep\n|turn|9\n|inactive|Time left: 300 sec this turn | 300 sec total\n|\n|t:|1783550068\n|move|p2a: Illumise|Thunder Wave|p1a: Eiscue|[miss]\n|-miss|p2a: Illumise|p1a: Eiscue\n|move|p1a: Eiscue|Iron Head|p2a: Illumise\n|-resisted|p2a: Illumise\n|-crit|p2a: Illumise\n|-damage|p2a: Illumise|0 fnt\n|faint|p2a: Illumise\n|\n|upkeep\n|\n|t:|1783550069\n|switch|p2a: Okidogi|Okidogi, L77, M|100/100\n|-activate|p2a: Okidogi|move: Sticky Web\n|-unboost|p2a: Okidogi|spe|1\n|turn|10\n|inactive|Time left: 300 sec this turn | 300 sec total\n|\n|t:|1783550070\n|move|p1a: Eiscue|Iron Head|p2a: Okidogi\n|-damage|p2a: Okidogi|30/100\n|move|p2a: Okidogi|Drain Punch|p1a: Eiscue\n|-activate|p1a: Eiscue|ability: Ice Face\n|-damage|p1a: Eiscue|205/274\n|detailschange|p1a: Eiscue|Eiscue-Noice, L88, F\n|\n|-heal|p2a: Okidogi|36/100|[from] item: Leftovers\n|-end|p1a: Eiscue|Encore\n|upkeep\n|turn|11\n|inactive|Time left: 300 sec this turn | 300 sec total\n|\n|t:|1783550072\n|move|p1a: Eiscue|Ice Spinner|p2a: Okidogi\n|-damage|p2a: Okidogi|0 fnt\n|faint|p2a: Okidogi\n|\n|upkeep\n|\n|t:|1783550072\n|switch|p2a: Ursaring|Ursaring, L84, F|100/100\n|-activate|p2a: Ursaring|move: Sticky Web\n|-unboost|p2a: Ursaring|spe|1\n|turn|12\n|inactive|Time left: 300 sec this turn | 300 sec total\n|\n|t:|1783550073\n|move|p1a: Eiscue|Ice Spinner|p2a: Ursaring\n|-damage|p2a: Ursaring|13/100\n|move|p2a: Ursaring|Body Slam|p1a: Eiscue\n|-damage|p1a: Eiscue|76/274\n|-status|p1a: Eiscue|par\n|\n|upkeep\n|turn|13\n|inactive|Time left: 300 sec this turn | 300 sec total\n|\n|t:|1783550075\n|move|p1a: Eiscue|Ice Spinner|p2a: Ursaring\n|-damage|p2a: Ursaring|0 fnt\n|faint|p2a: Ursaring\n|\n|upkeep\n|\n|t:|1783550075\n|switch|p2a: Honchkrow|Honchkrow, L86, F|100/100\n|turn|14\n|inactive|Time left: 300 sec this turn | 300 sec total\n|\n|t:|1783550076\n|-terastallize|p1a: Eiscue|Water\n|move|p2a: Honchkrow|Lash Out|p1a: Eiscue\n|-crit|p1a: Eiscue\n|-damage|p1a: Eiscue|0 fnt\n|faint|p1a: Eiscue\n|-ability|p2a: Honchkrow|Moxie|boost\n|-boost|p2a: Honchkrow|atk|1\n|\n|upkeep\n|inactive|Time left: 300 sec this turn | 300 sec total | 5 sec grace\n|\n|t:|1783550077\n|switch|p1a: Magearna|Magearna-Original, L77|250/250\n|-damage|p1a: Magearna|235/250|[from] Stealth Rock\n|turn|15\n|inactive|Time left: 300 sec this turn | 300 sec total\n|\n|t:|1783550078\n|move|p2a: Honchkrow|Heat Wave|p1a: Magearna\n|-supereffective|p1a: Magearna\n|-damage|p1a: Magearna|91/250\n|-enditem|p1a: Magearna|Weakness Policy\n|-boost|p1a: Magearna|atk|2|[from] item: Weakness Policy\n|-boost|p1a: Magearna|spa|2|[from] item: Weakness Policy\n|move|p1a: Magearna|Fleur Cannon|p2a: Honchkrow\n|-supereffective|p2a: Honchkrow\n|-damage|p2a: Honchkrow|0 fnt\n|-unboost|p1a: Magearna|spa|2\n|faint|p2a: Honchkrow\n|\n|win|p0x875e652", "uploadtime": 1783550078, "views": 0, "rating": 0, "private": 0, "password": null, "_winner": "p0x875e652", "_our_name": "p0x875e652"}