{"id": "battle-gen9randombattle-436", "formatid": "gen9randombattle", "format": "[Gen 9] Random Battle", "players": ["p0x43638fe", "p0y4366a41"], "log": "|init|battle\n|title|p0x43638fe vs. p0y4366a41\n|j|\u2606p0x43638fe\n|j|\u2606p0y4366a41\n|t:|1783544803\n|gametype|singles\n|player|p1|p0x43638fe|265|\n|player|p2|p0y4366a41|2|\n|gen|9\n|tier|[Gen 9] Random Battle\n|rule|Species Clause: Limit one of each Pok\u00e9mon\n|rule|HP Percentage Mod: HP is shown in percentages\n|rule|Sleep Clause Mod: Limit one foe put to sleep\n|rule|Illusion Level Mod: Illusion disguises the Pok\u00e9mon's true level\n|\n|t:|1783544803\n|teamsize|p1|6\n|teamsize|p2|6\n|start\n|switch|p1a: Clawitzer|Clawitzer, L87, M|265/265\n|switch|p2a: Yanmega|Yanmega, L82, F|100/100\n|turn|1\n|inactive|Battle timer is ON: inactive players will automatically lose when time's up. (requested by p0x43638fe)\n|inactive|p0y4366a41 also wants the timer to be on.\n|\n|t:|1783544805\n|move|p2a: Yanmega|Air Slash|p1a: Clawitzer\n|-damage|p1a: Clawitzer|178/265\n|move|p1a: Clawitzer|Ice Beam|p2a: Yanmega\n|-supereffective|p2a: Yanmega\n|-damage|p2a: Yanmega|0 fnt\n|faint|p2a: Yanmega\n|\n|upkeep\n|\n|t:|1783544806\n|switch|p2a: Cloyster|Cloyster, L80, M|100/100\n|turn|2\n|inactive|Time left: 300 sec this turn | 300 sec total\n|\n|t:|1783544807\n|switch|p1a: Ludicolo|Ludicolo, L90, M|290/290\n|move|p2a: Cloyster|Shell Smash|p2a: Cloyster\n|-unboost|p2a: Cloyster|def|1\n|-unboost|p2a: Cloyster|spd|1\n|-boost|p2a: Cloyster|atk|2\n|-boost|p2a: Cloyster|spa|2\n|-boost|p2a: Cloyster|spe|2\n|-enditem|p2a: Cloyster|White Herb\n|-clearnegativeboost|p2a: Cloyster|[silent]\n|\n|upkeep\n|turn|3\n|inactive|Time left: 300 sec this turn | 300 sec total\n|\n|t:|1783544808\n|move|p2a: Cloyster|Icicle Spear|p1a: Ludicolo\n|-damage|p1a: Ludicolo|236/290\n|-damage|p1a: Ludicolo|179/290\n|-damage|p1a: Ludicolo|122/290\n|-damage|p1a: Ludicolo|68/290\n|-damage|p1a: Ludicolo|16/290\n|-hitcount|p1a: Ludicolo|5\n|move|p1a: Ludicolo|Giga Drain|p2a: Cloyster\n|-supereffective|p2a: Cloyster\n|-damage|p2a: Cloyster|0 fnt\n|-heal|p1a: Ludicolo|122/290|[from] drain|[of] p2a: Cloyster\n|faint|p2a: Cloyster\n|\n|upkeep\n|\n|t:|1783544809\n|switch|p2a: Lilligant|Lilligant-Hisui, L79, F|100/100\n|turn|4\n|inactive|Time left: 300 sec this turn | 300 sec total\n|\n|t:|1783544810\n|move|p2a: Lilligant|Victory Dance|p2a: Lilligant\n|-boost|p2a: Lilligant|atk|1\n|-boost|p2a: Lilligant|def|1\n|-boost|p2a: Lilligant|spe|1\n|move|p1a: Ludicolo|Giga Drain|p2a: Lilligant\n|-resisted|p2a: Lilligant\n|-crit|p2a: Lilligant\n|-damage|p2a: Lilligant|55/100\n|-heal|p1a: Ludicolo|176/290|[from] drain|[of] p2a: Lilligant\n|\n|upkeep\n|turn|5\n|inactive|Time left: 300 sec this turn | 300 sec total\n|\n|t:|1783544812\n|switch|p1a: Arbok|Arbok, L87, F|246/246\n|-ability|p1a: Arbok|Intimidate|boost\n|-unboost|p2a: Lilligant|atk|1\n|move|p2a: Lilligant|Leaf Blade|p1a: Arbok\n|-resisted|p1a: Arbok\n|-damage|p1a: Arbok|168/246\n|\n|upkeep\n|turn|6\n|inactive|Time left: 300 sec this turn | 300 sec total\n|\n|t:|1783544813\n|move|p2a: Lilligant|Sleep Powder|p1a: Arbok\n|-status|p1a: Arbok|slp|[from] move: Sleep Powder\n|cant|p1a: Arbok|slp\n|\n|upkeep\n|turn|7\n|inactive|Time left: 300 sec this turn | 300 sec total\n|\n|t:|1783544814\n|move|p2a: Lilligant|Victory Dance|p2a: Lilligant\n|-boost|p2a: Lilligant|atk|1\n|-boost|p2a: Lilligant|def|1\n|-boost|p2a: Lilligant|spe|1\n|cant|p1a: Arbok|slp\n|\n|upkeep\n|turn|8\n|inactive|Time left: 300 sec this turn | 300 sec total\n|\n|t:|1783544815\n|move|p2a: Lilligant|Leaf Blade|p1a: Arbok\n|-resisted|p1a: Arbok\n|-damage|p1a: Arbok|55/246 slp\n|-curestatus|p1a: Arbok|slp|[msg]\n|move|p1a: Arbok|Gunk Shot|p2a: Lilligant\n|-supereffective|p2a: Lilligant\n|-damage|p2a: Lilligant|0 fnt\n|faint|p2a: Lilligant\n|-damage|p1a: Arbok|31/246|[from] item: Life Orb\n|\n|upkeep\n|\n|t:|1783544817\n|switch|p2a: Carbink|Carbink, L90|100/100\n|turn|9\n|inactive|Time left: 300 sec this turn | 300 sec total\n|\n|t:|1783544818\n|move|p1a: Arbok|Earthquake|p2a: Carbink\n|-supereffective|p2a: Carbink\n|-damage|p2a: Carbink|53/100\n|-damage|p1a: Arbok|7/246|[from] item: Life Orb\n|move|p2a: Carbink|Iron Defense|p2a: Carbink\n|-boost|p2a: Carbink|def|2\n|\n|upkeep\n|turn|10\n|inactive|Time left: 300 sec this turn | 300 sec total\n|\n|t:|1783544819\n|move|p1a: Arbok|Knock Off|p2a: Carbink\n|-resisted|p2a: Carbink\n|-damage|p2a: Carbink|47/100\n|-enditem|p2a: Carbink|Chesto Berry|[from] move: Knock Off|[of] p1a: Arbok\n|-damage|p1a: Arbok|0 fnt|[from] item: Life Orb\n|faint|p1a: Arbok\n|move|p2a: Carbink|Rest|p2a: Carbink\n|-status|p2a: Carbink|slp|[from] move: Rest\n|-heal|p2a: Carbink|100/100 slp|[silent]\n|\n|upkeep\n|inactive|Time left: 300 sec this turn | 300 sec total | 5 sec grace\n|\n|t:|1783544820\n|switch|p1a: Clawitzer|Clawitzer, L87, M|178/265\n|turn|11\n|inactive|Time left: 300 sec this turn | 300 sec total\n|\n|t:|1783544821\n|switch|p2a: Azumarill|Azumarill, L82, F|100/100\n|move|p1a: Clawitzer|Water Pulse|p2a: Azumarill\n|-resisted|p2a: Azumarill\n|-damage|p2a: Azumarill|67/100\n|\n|upkeep\n|turn|12\n|inactive|Time left: 300 sec this turn | 300 sec total\n|\n|t:|1783544822\n|move|p1a: Clawitzer|Water Pulse|p2a: Azumarill\n|-resisted|p2a: Azumarill\n|-crit|p2a: Azumarill\n|-damage|p2a: Azumarill|19/100\n|move|p2a: Azumarill|Play Rough|p1a: Clawitzer\n|-damage|p1a: Clawitzer|1/265\n|\n|upkeep\n|turn|13\n|inactive|Time left: 300 sec this turn | 300 sec total\n|\n|t:|1783544823\n|move|p1a: Clawitzer|Water Pulse|p2a: Azumarill\n|-resisted|p2a: Azumarill\n|-damage|p2a: Azumarill|0 fnt\n|faint|p2a: Azumarill\n|\n|upkeep\n|\n|t:|1783544824\n|switch|p2a: Gothitelle|Gothitelle, L90, M|100/100\n|turn|14\n|inactive|Time left: 300 sec this turn | 300 sec total\n|\n|t:|1783544825\n|move|p2a: Gothitelle|Calm Mind|p2a: Gothitelle\n|-boost|p2a: Gothitelle|spa|1\n|-boost|p2a: Gothitelle|spd|1\n|move|p1a: Clawitzer|Water Pulse|p2a: Gothitelle\n|-damage|p2a: Gothitelle|66/100\n|\n|-heal|p2a: Gothitelle|72/100|[from] item: Leftovers\n|upkeep\n|turn|15\n|inactive|Time left: 300 sec this turn | 300 sec total\n|\n|t:|1783544826\n|move|p2a: Gothitelle|Thunderbolt|p1a: Clawitzer\n|-supereffective|p1a: Clawitzer\n|-damage|p1a: Clawitzer|0 fnt\n|faint|p1a: Clawitzer\n|\n|-heal|p2a: Gothitelle|78/100|[from] item: Leftovers\n|upkeep\n|inactive|Time left: 300 sec this turn | 300 sec total | 5 sec grace\n|\n|t:|1783544828\n|switch|p1a: Shiftry|Shiftry, L89, M|305/305\n|turn|16\n|inactive|Time left: 300 sec this turn | 300 sec total\n|\n|t:|1783544829\n|-terastallize|p2a: Gothitelle|Fighting\n|move|p1a: Shiftry|Knock Off|p2a: Gothitelle\n|-resisted|p2a: Gothitelle\n|-damage|p2a: Gothitelle|55/100\n|-enditem|p2a: Gothitelle|Leftovers|[from] move: Knock Off|[of] p1a: Shiftry\n|-damage|p1a: Shiftry|275/305|[from] item: Life Orb\n|move|p2a: Gothitelle|Focus Blast|p1a: Shiftry\n|-supereffective|p1a: Shiftry\n|-damage|p1a: Shiftry|0 fnt\n|faint|p1a: Shiftry\n|\n|upkeep\n|inactive|Time left: 300 sec this turn | 300 sec total | 5 sec grace\n|\n|t:|1783544830\n|switch|p1a: Ludicolo|Ludicolo, L90, M|176/290\n|turn|17\n|inactive|Time left: 300 sec this turn | 300 sec total\n|\n|t:|1783544831\n|move|p1a: Ludicolo|Hydro Pump|p2a: Gothitelle|[miss]\n|-miss|p1a: Ludicolo|p2a: Gothitelle\n|move|p2a: Gothitelle|Focus Blast|p1a: Ludicolo\n|-damage|p1a: Ludicolo|0 fnt\n|faint|p1a: Ludicolo\n|\n|upkeep\n|inactive|Time left: 300 sec this turn | 300 sec total | 5 sec grace\n|\n|t:|1783544832\n|switch|p1a: Cetitan|Cetitan, L82, M|413/413\n|turn|18\n|inactive|Time left: 300 sec this turn | 300 sec total\n|\n|t:|1783544833\n|-terastallize|p1a: Cetitan|Water\n|move|p2a: Gothitelle|Focus Blast|p1a: Cetitan\n|-damage|p1a: Cetitan|89/413\n|move|p1a: Cetitan|Liquidation|p2a: Gothitelle\n|-damage|p2a: Gothitelle|6/100\n|\n|upkeep\n|turn|19\n|inactive|Time left: 300 sec this turn | 300 sec total\n|\n|t:|1783544834\n|switch|p2a: Carbink|Carbink, L90|100/100 slp\n|move|p1a: Cetitan|Ice Shard|p2a: Carbink\n|-damage|p2a: Carbink|85/100 slp\n|-damage|p1a: Cetitan|48/413|[from] item: Life Orb\n|\n|upkeep\n|turn|20\n|inactive|Time left: 300 sec this turn | 300 sec total\n|\n|t:|1783544835\n|switch|p2a: Gothitelle|Gothitelle, L90, M, tera:Fighting|6/100\n|move|p1a: Cetitan|Liquidation|p2a: Gothitelle\n|-damage|p2a: Gothitelle|0 fnt\n|faint|p2a: Gothitelle\n|\n|upkeep\n|\n|t:|1783544836\n|switch|p2a: Carbink|Carbink, L90|85/100 slp\n|turn|21\n|inactive|Time left: 300 sec this turn | 300 sec total\n|\n|t:|1783544837\n|move|p1a: Cetitan|Liquidation|p2a: Carbink\n|-supereffective|p2a: Carbink\n|-damage|p2a: Carbink|3/100 slp\n|cant|p2a: Carbink|slp\n|\n|upkeep\n|turn|22\n|inactive|Time left: 300 sec this turn | 300 sec total\n|\n|t:|1783544838\n|move|p1a: Cetitan|Icicle Crash|p2a: Carbink\n|-damage|p2a: Carbink|0 fnt\n|faint|p2a: Carbink\n|\n|win|p0x43638fe", "uploadtime": 1783544838, "views": 0, "rating": 0, "private": 0, "password": null, "_winner": "p0x43638fe", "_our_name": "p0x43638fe"}