{"id": "battle-gen9randombattle-392", "formatid": "gen9randombattle", "format": "[Gen 9] Random Battle", "players": ["p0x39258be", "p0y392b503"], "log": "|init|battle\n|title|p0x39258be vs. p0y392b503\n|j|\u2606p0x39258be\n|j|\u2606p0y392b503\n|t:|1783544236\n|gametype|singles\n|player|p1|p0x39258be|265|\n|player|p2|p0y392b503|102|\n|gen|9\n|tier|[Gen 9] Random Battle\n|rule|Species Clause: Limit one of each Pok\u00e9mon\n|rule|HP Percentage Mod: HP is shown in percentages\n|rule|Sleep Clause Mod: Limit one foe put to sleep\n|rule|Illusion Level Mod: Illusion disguises the Pok\u00e9mon's true level\n|\n|t:|1783544236\n|teamsize|p1|6\n|teamsize|p2|6\n|start\n|switch|p1a: Chansey|Chansey, L85, F|100/100\n|switch|p2a: Morpeko|Morpeko, L88, F|245/245\n|turn|1\n|inactive|Battle timer is ON: inactive players will automatically lose when time's up. (requested by p0x39258be)\n|inactive|Time left: 300 sec this turn | 300 sec total | 60 sec grace\n|inactive|p0y392b503 also wants the timer to be on.\n|\n|t:|1783544238\n|switch|p1a: Rhyperior|Rhyperior, L82, F|100/100\n|move|p2a: Morpeko|Knock Off|p1a: Rhyperior\n|-damage|p1a: Rhyperior|74/100\n|-enditem|p1a: Rhyperior|Weakness Policy|[from] move: Knock Off|[of] p2a: Morpeko\n|\n|-formechange|p2a: Morpeko|Morpeko-Hangry||[from] ability: Hunger Switch\n|upkeep\n|turn|2\n|inactive|Time left: 300 sec this turn | 300 sec total\n|\n|t:|1783544239\n|switch|p2a: Scrafty|Scrafty, L83, M|244/244\n|-ability|p2a: Scrafty|Intimidate|boost\n|-unboost|p1a: Rhyperior|atk|1\n|move|p1a: Rhyperior|Earthquake|p2a: Scrafty\n|-damage|p2a: Scrafty|168/244\n|\n|-heal|p2a: Scrafty|183/244|[from] item: Leftovers\n|upkeep\n|turn|3\n|inactive|Time left: 300 sec this turn | 300 sec total\n|\n|t:|1783544240\n|move|p2a: Scrafty|Dragon Dance|p2a: Scrafty\n|-boost|p2a: Scrafty|atk|1\n|-boost|p2a: Scrafty|spe|1\n|move|p1a: Rhyperior|Earthquake|p2a: Scrafty\n|-damage|p2a: Scrafty|107/244\n|\n|-heal|p2a: Scrafty|122/244|[from] item: Leftovers\n|upkeep\n|turn|4\n|inactive|Time left: 300 sec this turn | 300 sec total\n|\n|t:|1783544241\n|switch|p1a: Swanna|Swanna, L89, M|100/100\n|move|p2a: Scrafty|Drain Punch|p1a: Swanna\n|-resisted|p1a: Swanna\n|-damage|p1a: Swanna|76/100\n|-heal|p2a: Scrafty|157/244|[from] drain|[of] p1a: Swanna\n|\n|-heal|p2a: Scrafty|172/244|[from] item: Leftovers\n|upkeep\n|turn|5\n|inactive|Time left: 300 sec this turn | 300 sec total\n|\n|t:|1783544243\n|-terastallize|p2a: Scrafty|Poison\n|move|p1a: Swanna|Brave Bird|p2a: Scrafty\n|-damage|p2a: Scrafty|72/244\n|-damage|p1a: Swanna|64/100|[from] Recoil\n|move|p2a: Scrafty|Dragon Dance|p2a: Scrafty\n|-boost|p2a: Scrafty|atk|1\n|-boost|p2a: Scrafty|spe|1\n|\n|-heal|p2a: Scrafty|87/244|[from] item: Leftovers\n|upkeep\n|turn|6\n|inactive|Time left: 300 sec this turn | 300 sec total\n|\n|t:|1783544244\n|move|p2a: Scrafty|Drain Punch|p1a: Swanna\n|-resisted|p1a: Swanna\n|-damage|p1a: Swanna|34/100\n|-heal|p2a: Scrafty|129/244|[from] drain|[of] p1a: Swanna\n|move|p1a: Swanna|Brave Bird|p2a: Scrafty\n|-damage|p2a: Scrafty|29/244\n|-damage|p1a: Swanna|22/100|[from] Recoil\n|\n|-heal|p2a: Scrafty|44/244|[from] item: Leftovers\n|upkeep\n|turn|7\n|inactive|Time left: 300 sec this turn | 300 sec total\n|\n|t:|1783544245\n|move|p2a: Scrafty|Drain Punch|p1a: Swanna\n|-resisted|p1a: Swanna\n|-damage|p1a: Swanna|0 fnt\n|-heal|p2a: Scrafty|74/244|[from] drain|[of] p1a: Swanna\n|faint|p1a: Swanna\n|\n|-heal|p2a: Scrafty|89/244|[from] item: Leftovers\n|upkeep\n|\n|t:|1783544245\n|switch|p1a: Rhyperior|Rhyperior, L82, F|74/100\n|turn|8\n|inactive|Time left: 300 sec this turn | 300 sec total\n|\n|t:|1783544246\n|move|p2a: Scrafty|Drain Punch|p1a: Rhyperior\n|-supereffective|p1a: Rhyperior\n|-damage|p1a: Rhyperior|23/100\n|-heal|p2a: Scrafty|170/244|[from] drain|[of] p1a: Rhyperior\n|move|p1a: Rhyperior|Earthquake|p2a: Scrafty\n|-supereffective|p2a: Scrafty\n|-damage|p2a: Scrafty|0 fnt\n|faint|p2a: Scrafty\n|\n|upkeep\n|inactive|Time left: 300 sec this turn | 300 sec total | 5 sec grace\n|\n|t:|1783544247\n|switch|p2a: Morpeko|Morpeko, L88, F|245/245\n|turn|9\n|inactive|Time left: 300 sec this turn | 300 sec total\n|\n|t:|1783544248\n|move|p2a: Morpeko|Protect|p2a: Morpeko\n|-singleturn|p2a: Morpeko|Protect\n|move|p1a: Rhyperior|Rock Polish|p1a: Rhyperior\n|-boost|p1a: Rhyperior|spe|2\n|\n|-formechange|p2a: Morpeko|Morpeko-Hangry||[from] ability: Hunger Switch\n|upkeep\n|turn|10\n|inactive|Time left: 300 sec this turn | 300 sec total\n|\n|t:|1783544249\n|switch|p2a: Spidops|Spidops, L96, F|271/271\n|move|p1a: Rhyperior|Earthquake|p2a: Spidops\n|-resisted|p2a: Spidops\n|-damage|p2a: Spidops|215/271\n|\n|upkeep\n|turn|11\n|inactive|Time left: 300 sec this turn | 300 sec total\n|\n|t:|1783544250\n|move|p1a: Rhyperior|Stone Edge|p2a: Spidops\n|-supereffective|p2a: Spidops\n|-damage|p2a: Spidops|0 fnt\n|faint|p2a: Spidops\n|\n|upkeep\n|inactive|Time left: 300 sec this turn | 300 sec total | 5 sec grace\n|\n|t:|1783544251\n|switch|p2a: Ludicolo|Ludicolo, L90, F|290/290\n|turn|12\n|inactive|Time left: 300 sec this turn | 300 sec total\n|\n|t:|1783544252\n|move|p1a: Rhyperior|Megahorn|p2a: Ludicolo\n|-supereffective|p2a: Ludicolo\n|-damage|p2a: Ludicolo|38/290\n|move|p2a: Ludicolo|Ice Beam|p1a: Rhyperior\n|-supereffective|p1a: Rhyperior\n|-damage|p1a: Rhyperior|0 fnt\n|faint|p1a: Rhyperior\n|\n|upkeep\n|\n|t:|1783544254\n|switch|p1a: Barraskewda|Barraskewda, L81, M|100/100\n|turn|13\n|inactive|Time left: 300 sec this turn | 300 sec total\n|\n|t:|1783544255\n|switch|p2a: Volcanion|Volcanion, L79|256/256\n|move|p1a: Barraskewda|Close Combat|p2a: Volcanion\n|-damage|p2a: Volcanion|132/256\n|-unboost|p1a: Barraskewda|def|1\n|-unboost|p1a: Barraskewda|spd|1\n|\n|upkeep\n|turn|14\n|inactive|Time left: 300 sec this turn | 300 sec total\n|\n|t:|1783544256\n|-terastallize|p1a: Barraskewda|Fighting\n|move|p1a: Barraskewda|Close Combat|p2a: Volcanion\n|-damage|p2a: Volcanion|0 fnt\n|-unboost|p1a: Barraskewda|def|1\n|-unboost|p1a: Barraskewda|spd|1\n|faint|p2a: Volcanion\n|\n|upkeep\n|inactive|Time left: 300 sec this turn | 300 sec total | 5 sec grace\n|\n|t:|1783544257\n|switch|p2a: Reshiram|Reshiram, L76|277/277\n|-ability|p2a: Reshiram|Turboblaze\n|turn|15\n|inactive|Time left: 300 sec this turn | 300 sec total\n|\n|t:|1783544258\n|move|p1a: Barraskewda|Close Combat|p2a: Reshiram\n|-damage|p2a: Reshiram|48/277\n|-unboost|p1a: Barraskewda|def|1\n|-unboost|p1a: Barraskewda|spd|1\n|move|p2a: Reshiram|Earth Power|p1a: Barraskewda\n|-damage|p1a: Barraskewda|0 fnt\n|faint|p1a: Barraskewda\n|\n|upkeep\n|\n|t:|1783544259\n|switch|p1a: Mew|Mew, L82|100/100\n|turn|16\n|inactive|Time left: 300 sec this turn | 300 sec total\n|\n|t:|1783544260\n|move|p1a: Mew|U-turn|p2a: Reshiram\n|-resisted|p2a: Reshiram\n|-damage|p2a: Reshiram|23/277\n|\n|t:|1783544261\n|switch|p1a: Chansey|Chansey, L85, F|100/100|[from] U-turn\n|move|p2a: Reshiram|Will-O-Wisp|p1a: Chansey\n|-status|p1a: Chansey|brn\n|\n|-damage|p1a: Chansey|94/100 brn|[from] brn\n|upkeep\n|turn|17\n|inactive|Time left: 300 sec this turn | 300 sec total\n|\n|t:|1783544262\n|switch|p2a: Morpeko|Morpeko, L88, F|245/245\n|move|p1a: Chansey|Heal Bell|p1a: Chansey\n|-activate|p1a: Chansey|move: Heal Bell\n|-curestatus|p1a: Chansey|brn|[msg]\n|\n|-formechange|p2a: Morpeko|Morpeko-Hangry||[from] ability: Hunger Switch\n|upkeep\n|turn|18\n|inactive|Time left: 300 sec this turn | 300 sec total\n|\n|t:|1783544263\n|switch|p1a: Bellossom|Bellossom, L84, F|100/100\n|move|p2a: Morpeko|Aura Wheel|p1a: Bellossom\n|-damage|p1a: Bellossom|58/100\n|-boost|p2a: Morpeko|spe|1\n|\n|-heal|p1a: Bellossom|64/100|[from] item: Leftovers\n|-formechange|p2a: Morpeko|Morpeko||[from] ability: Hunger Switch\n|upkeep\n|turn|19\n|inactive|Time left: 300 sec this turn | 300 sec total\n|\n|t:|1783544265\n|move|p2a: Morpeko|Protect|p2a: Morpeko\n|-singleturn|p2a: Morpeko|Protect\n|move|p1a: Bellossom|Strength Sap|p2a: Morpeko\n|-activate|p2a: Morpeko|move: Protect\n|\n|-heal|p1a: Bellossom|70/100|[from] item: Leftovers\n|-formechange|p2a: Morpeko|Morpeko-Hangry||[from] ability: Hunger Switch\n|upkeep\n|turn|20\n|inactive|Time left: 300 sec this turn | 300 sec total\n|\n|t:|1783544266\n|move|p2a: Morpeko|Aura Wheel|p1a: Bellossom\n|-damage|p1a: Bellossom|27/100\n|-boost|p2a: Morpeko|spe|1\n|move|p1a: Bellossom|Strength Sap|p2a: Morpeko\n|-unboost|p2a: Morpeko|atk|1\n|-heal|p1a: Bellossom|100/100\n|\n|-formechange|p2a: Morpeko|Morpeko||[from] ability: Hunger Switch\n|upkeep\n|turn|21\n|inactive|Time left: 300 sec this turn | 300 sec total\n|\n|t:|1783544267\n|move|p2a: Morpeko|Knock Off|p1a: Bellossom\n|-damage|p1a: Bellossom|74/100\n|-enditem|p1a: Bellossom|Leftovers|[from] move: Knock Off|[of] p2a: Morpeko\n|move|p1a: Bellossom|Quiver Dance|p1a: Bellossom\n|-boost|p1a: Bellossom|spa|1\n|-boost|p1a: Bellossom|spd|1\n|-boost|p1a: Bellossom|spe|1\n|\n|-formechange|p2a: Morpeko|Morpeko-Hangry||[from] ability: Hunger Switch\n|upkeep\n|turn|22\n|inactive|Time left: 300 sec this turn | 300 sec total\n|\n|t:|1783544268\n|move|p2a: Morpeko|Protect|p2a: Morpeko\n|-singleturn|p2a: Morpeko|Protect\n|move|p1a: Bellossom|Giga Drain|p2a: Morpeko\n|-activate|p2a: Morpeko|move: Protect\n|\n|-formechange|p2a: Morpeko|Morpeko||[from] ability: Hunger Switch\n|upkeep\n|turn|23\n|inactive|Time left: 300 sec this turn | 300 sec total\n|\n|t:|1783544269\n|switch|p2a: Reshiram|Reshiram, L76|23/277\n|-ability|p2a: Reshiram|Turboblaze\n|move|p1a: Bellossom|Giga Drain|p2a: Reshiram\n|-resisted|p2a: Reshiram\n|-damage|p2a: Reshiram|0 fnt\n|-heal|p1a: Bellossom|78/100|[from] drain|[of] p2a: Reshiram\n|faint|p2a: Reshiram\n|\n|upkeep\n|inactive|Time left: 300 sec this turn | 300 sec total | 5 sec grace\n|\n|t:|1783544270\n|switch|p2a: Ludicolo|Ludicolo, L90, F|38/290\n|turn|24\n|inactive|Time left: 300 sec this turn | 300 sec total\n|\n|t:|1783544271\n|move|p1a: Bellossom|Giga Drain|p2a: Ludicolo\n|-damage|p2a: Ludicolo|0 fnt\n|-heal|p1a: Bellossom|86/100|[from] drain|[of] p2a: Ludicolo\n|faint|p2a: Ludicolo\n|\n|upkeep\n|inactive|Time left: 300 sec this turn | 300 sec total | 5 sec grace\n|\n|t:|1783544272\n|switch|p2a: Morpeko|Morpeko, L88, F|245/245\n|turn|25\n|inactive|Time left: 300 sec this turn | 300 sec total\n|\n|t:|1783544273\n|move|p2a: Morpeko|Protect|p2a: Morpeko\n|-singleturn|p2a: Morpeko|Protect\n|move|p1a: Bellossom|Giga Drain|p2a: Morpeko\n|-activate|p2a: Morpeko|move: Protect\n|\n|-formechange|p2a: Morpeko|Morpeko-Hangry||[from] ability: Hunger Switch\n|upkeep\n|turn|26\n|inactive|Time left: 300 sec this turn | 300 sec total\n|\n|t:|1783544274\n|move|p2a: Morpeko|Protect||[still]\n|-fail|p2a: Morpeko\n|move|p1a: Bellossom|Giga Drain|p2a: Morpeko\n|-damage|p2a: Morpeko|106/245\n|-heal|p1a: Bellossom|100/100|[from] drain|[of] p2a: Morpeko\n|\n|-heal|p2a: Morpeko|121/245|[from] item: Leftovers\n|-formechange|p2a: Morpeko|Morpeko||[from] ability: Hunger Switch\n|upkeep\n|turn|27\n|inactive|Time left: 300 sec this turn | 300 sec total\n|\n|t:|1783544274\n|move|p2a: Morpeko|Protect|p2a: Morpeko\n|-singleturn|p2a: Morpeko|Protect\n|move|p1a: Bellossom|Giga Drain|p2a: Morpeko\n|-activate|p2a: Morpeko|move: Protect\n|\n|-heal|p2a: Morpeko|136/245|[from] item: Leftovers\n|-formechange|p2a: Morpeko|Morpeko-Hangry||[from] ability: Hunger Switch\n|upkeep\n|turn|28\n|inactive|Time left: 300 sec this turn | 300 sec total\n|\n|t:|1783544275\n|move|p2a: Morpeko|Protect||[still]\n|-fail|p2a: Morpeko\n|move|p1a: Bellossom|Giga Drain|p2a: Morpeko\n|-damage|p2a: Morpeko|0 fnt\n|faint|p2a: Morpeko\n|\n|win|p0x39258be", "uploadtime": 1783544275, "views": 0, "rating": 0, "private": 0, "password": null, "_winner": "p0x39258be", "_our_name": "p0y392b503"}