{"id": "battle-gen9randombattle-2953", "formatid": "gen9randombattle", "format": "[Gen 9] Random Battle", "players": ["p0x29534cba", "p0y295337cb"], "log": "|init|battle\n|title|p0x29534cba vs. p0y295337cb\n|j|\u2606p0x29534cba\n|j|\u2606p0y295337cb\n|t:|1783573030\n|gametype|singles\n|player|p1|p0x29534cba|102|\n|player|p2|p0y295337cb|169|\n|gen|9\n|tier|[Gen 9] Random Battle\n|rule|Species Clause: Limit one of each Pok\u00e9mon\n|rule|HP Percentage Mod: HP is shown in percentages\n|rule|Sleep Clause Mod: Limit one foe put to sleep\n|rule|Illusion Level Mod: Illusion disguises the Pok\u00e9mon's true level\n|\n|t:|1783573030\n|teamsize|p1|6\n|teamsize|p2|6\n|start\n|switch|p1a: Oinkologne|Oinkologne, L92, M|100/100\n|switch|p2a: Spidops|Spidops, L96, M|271/271\n|turn|1\n|inactive|Battle timer is ON: inactive players will automatically lose when time's up. (requested by p0x29534cba)\n|inactive|Time left: 300 sec this turn | 300 sec total | 60 sec grace\n|inactive|p0y295337cb also wants the timer to be on.\n|\n|t:|1783573031\n|switch|p1a: Luxray|Luxray, L88, M|100/100\n|move|p2a: Spidops|Sticky Web|p1a: Luxray\n|-sidestart|p1: p0x29534cba|move: Sticky Web\n|\n|-status|p1a: Luxray|brn|[from] item: Flame Orb\n|upkeep\n|turn|2\n|inactive|Time left: 300 sec this turn | 300 sec total\n|\n|t:|1783573033\n|move|p1a: Luxray|Supercell Slam|p2a: Spidops\n|-damage|p2a: Spidops|85/271\n|move|p2a: Spidops|U-turn|p1a: Luxray\n|-damage|p1a: Luxray|70/100 brn\n|inactive|Time left: 300 sec this turn | 300 sec total | 5 sec grace\n|\n|t:|1783573034\n|switch|p2a: Venusaur|Venusaur, L84, F|272/272|[from] U-turn\n|\n|-damage|p1a: Luxray|64/100 brn|[from] brn\n|upkeep\n|turn|3\n|inactive|Time left: 300 sec this turn | 300 sec total\n|\n|t:|1783573035\n|move|p2a: Venusaur|Sludge Bomb|p1a: Luxray\n|-damage|p1a: Luxray|31/100 brn\n|move|p1a: Luxray|Facade|p2a: Venusaur\n|-damage|p2a: Venusaur|60/272\n|\n|-heal|p2a: Venusaur|77/272|[from] item: Leftovers\n|-damage|p1a: Luxray|25/100 brn|[from] brn\n|upkeep\n|turn|4\n|inactive|Time left: 300 sec this turn | 300 sec total\n|\n|t:|1783573036\n|switch|p1a: Munkidori|Munkidori, L79, M|100/100\n|-activate|p1a: Munkidori|move: Sticky Web\n|-unboost|p1a: Munkidori|spe|1\n|move|p2a: Venusaur|Giga Drain|p1a: Munkidori\n|-resisted|p1a: Munkidori\n|-damage|p1a: Munkidori|75/100\n|-heal|p2a: Venusaur|112/272|[from] drain|[of] p1a: Munkidori\n|\n|-heal|p2a: Venusaur|129/272|[from] item: Leftovers\n|upkeep\n|turn|5\n|inactive|Time left: 300 sec this turn | 300 sec total\n|\n|t:|1783573037\n|move|p2a: Venusaur|Leech Seed|p1a: Munkidori\n|-start|p1a: Munkidori|move: Leech Seed\n|move|p1a: Munkidori|Psyshock|p2a: Venusaur\n|-supereffective|p2a: Venusaur\n|-damage|p2a: Venusaur|0 fnt\n|faint|p2a: Venusaur\n|\n|upkeep\n|inactive|Time left: 300 sec this turn | 300 sec total | 5 sec grace\n|\n|t:|1783573038\n|switch|p2a: Espathra|Espathra, L80, F|283/283\n|turn|6\n|inactive|Time left: 300 sec this turn | 300 sec total\n|\n|t:|1783573039\n|move|p2a: Espathra|Lumina Crash|p1a: Munkidori\n|-damage|p1a: Munkidori|27/100\n|-unboost|p1a: Munkidori|spd|2\n|move|p1a: Munkidori|Psyshock|p2a: Espathra\n|-resisted|p2a: Espathra\n|-damage|p2a: Espathra|192/283\n|\n|-damage|p1a: Munkidori|15/100|[from] Leech Seed|[of] p2a: Espathra\n|-heal|p2a: Espathra|225/283|[silent]\n|-ability|p2a: Espathra|Speed Boost|boost\n|-boost|p2a: Espathra|spe|1\n|upkeep\n|turn|7\n|inactive|Time left: 300 sec this turn | 300 sec total\n|\n|t:|1783573040\n|move|p2a: Espathra|Lumina Crash|p1a: Munkidori\n|-damage|p1a: Munkidori|0 fnt\n|faint|p1a: Munkidori\n|\n|-ability|p2a: Espathra|Speed Boost|boost\n|-boost|p2a: Espathra|spe|1\n|upkeep\n|\n|t:|1783573041\n|switch|p1a: Palossand|Palossand, L89, M|100/100\n|-activate|p1a: Palossand|move: Sticky Web\n|-unboost|p1a: Palossand|spe|1\n|turn|8\n|inactive|Time left: 300 sec this turn | 300 sec total\n|\n|t:|1783573042\n|move|p2a: Espathra|Lumina Crash|p1a: Palossand\n|-damage|p1a: Palossand|54/100\n|-unboost|p1a: Palossand|spd|2\n|move|p1a: Palossand|Shadow Ball|p2a: Espathra\n|-supereffective|p2a: Espathra\n|-damage|p2a: Espathra|0 fnt\n|faint|p2a: Espathra\n|\n|-heal|p1a: Palossand|60/100|[from] item: Leftovers\n|upkeep\n|inactive|Time left: 300 sec this turn | 300 sec total | 5 sec grace\n|\n|t:|1783573043\n|switch|p2a: Frosmoth|Frosmoth, L82, F|249/249\n|turn|9\n|inactive|Time left: 300 sec this turn | 300 sec total\n|\n|t:|1783573044\n|switch|p1a: Oinkologne|Oinkologne, L92, M|100/100\n|-activate|p1a: Oinkologne|move: Sticky Web\n|-unboost|p1a: Oinkologne|spe|1\n|move|p2a: Frosmoth|Quiver Dance|p2a: Frosmoth\n|-boost|p2a: Frosmoth|spa|1\n|-boost|p2a: Frosmoth|spd|1\n|-boost|p2a: Frosmoth|spe|1\n|\n|upkeep\n|turn|10\n|inactive|Time left: 300 sec this turn | 300 sec total\n|\n|t:|1783573045\n|move|p2a: Frosmoth|Quiver Dance|p2a: Frosmoth\n|-boost|p2a: Frosmoth|spa|1\n|-boost|p2a: Frosmoth|spd|1\n|-boost|p2a: Frosmoth|spe|1\n|move|p1a: Oinkologne|Double-Edge|p2a: Frosmoth\n|-damage|p2a: Frosmoth|39/249\n|-damage|p1a: Oinkologne|81/100|[from] Recoil\n|\n|-heal|p1a: Oinkologne|87/100|[from] item: Leftovers\n|upkeep\n|turn|11\n|inactive|Time left: 300 sec this turn | 300 sec total\n|\n|t:|1783573046\n|move|p2a: Frosmoth|Giga Drain|p1a: Oinkologne\n|-damage|p1a: Oinkologne|50/100\n|-heal|p2a: Frosmoth|104/249|[from] drain|[of] p1a: Oinkologne\n|move|p1a: Oinkologne|Double-Edge|p2a: Frosmoth\n|-damage|p2a: Frosmoth|0 fnt\n|faint|p2a: Frosmoth\n|-damage|p1a: Oinkologne|41/100|[from] Recoil\n|\n|-heal|p1a: Oinkologne|47/100|[from] item: Leftovers\n|upkeep\n|inactive|Time left: 300 sec this turn | 300 sec total | 5 sec grace\n|\n|t:|1783573046\n|switch|p2a: Komala|Komala, L87, F|255/255\n|-ability|p2a: Komala|Comatose\n|turn|12\n|inactive|Time left: 300 sec this turn | 300 sec total\n|\n|t:|1783573047\n|move|p2a: Komala|Knock Off|p1a: Oinkologne\n|-damage|p1a: Oinkologne|24/100\n|-enditem|p1a: Oinkologne|Leftovers|[from] move: Knock Off|[of] p2a: Komala\n|move|p1a: Oinkologne|Double-Edge|p2a: Komala\n|-damage|p2a: Komala|80/255\n|-damage|p1a: Oinkologne|8/100|[from] Recoil\n|\n|upkeep\n|turn|13\n|inactive|Time left: 300 sec this turn | 300 sec total\n|\n|t:|1783573048\n|switch|p1a: Palossand|Palossand, L89, M|60/100\n|-activate|p1a: Palossand|move: Sticky Web\n|-unboost|p1a: Palossand|spe|1\n|move|p2a: Komala|Rapid Spin|p1a: Palossand\n|-immune|p1a: Palossand\n|\n|-heal|p1a: Palossand|66/100|[from] item: Leftovers\n|upkeep\n|turn|14\n|inactive|Time left: 300 sec this turn | 300 sec total\n|\n|t:|1783573049\n|move|p2a: Komala|Knock Off|p1a: Palossand\n|-supereffective|p1a: Palossand\n|-damage|p1a: Palossand|23/100\n|-enditem|p1a: Palossand|Leftovers|[from] move: Knock Off|[of] p2a: Komala\n|move|p1a: Palossand|Shore Up|p1a: Palossand\n|-heal|p1a: Palossand|73/100\n|\n|upkeep\n|turn|15\n|inactive|Time left: 300 sec this turn | 300 sec total\n|\n|t:|1783573050\n|move|p2a: Komala|Knock Off|p1a: Palossand\n|-supereffective|p1a: Palossand\n|-damage|p1a: Palossand|44/100\n|move|p1a: Palossand|Shore Up|p1a: Palossand\n|-heal|p1a: Palossand|94/100\n|\n|upkeep\n|turn|16\n|inactive|Time left: 300 sec this turn | 300 sec total\n|\n|t:|1783573051\n|move|p2a: Komala|Knock Off|p1a: Palossand\n|-supereffective|p1a: Palossand\n|-damage|p1a: Palossand|65/100\n|move|p1a: Palossand|Earth Power|p2a: Komala\n|-damage|p2a: Komala|10/255\n|\n|upkeep\n|turn|17\n|inactive|Time left: 300 sec this turn | 300 sec total\n|\n|t:|1783573052\n|move|p2a: Komala|Knock Off|p1a: Palossand\n|-supereffective|p1a: Palossand\n|-damage|p1a: Palossand|36/100\n|move|p1a: Palossand|Shore Up|p1a: Palossand\n|-heal|p1a: Palossand|86/100\n|\n|upkeep\n|turn|18\n|inactive|Time left: 300 sec this turn | 300 sec total\n|\n|t:|1783573053\n|move|p2a: Komala|Knock Off|p1a: Palossand\n|-supereffective|p1a: Palossand\n|-damage|p1a: Palossand|57/100\n|move|p1a: Palossand|Earth Power|p2a: Komala\n|-damage|p2a: Komala|0 fnt\n|faint|p2a: Komala\n|\n|upkeep\n|inactive|Time left: 300 sec this turn | 300 sec total | 5 sec grace\n|\n|t:|1783573053\n|switch|p2a: Palafin|Palafin, L77, M|281/281\n|turn|19\n|inactive|Time left: 300 sec this turn | 300 sec total\n|\n|t:|1783573054\n|-terastallize|p1a: Palossand|Water\n|move|p2a: Palafin|Wave Crash|p1a: Palossand\n|-resisted|p1a: Palossand\n|-damage|p1a: Palossand|39/100\n|-ability|p1a: Palossand|Water Compaction|boost\n|-boost|p1a: Palossand|def|2\n|-damage|p2a: Palafin|264/281|[from] Recoil\n|move|p1a: Palossand|Shadow Ball|p2a: Palafin\n|-damage|p2a: Palafin|131/281\n|\n|upkeep\n|turn|20\n|inactive|Time left: 300 sec this turn | 300 sec total\n|\n|t:|1783573055\n|detailschange|p2a: Palafin|Palafin-Hero, L77, M\n|switch|p2a: Spidops|Spidops, L96, M|85/271\n|move|p1a: Palossand|Shadow Ball|p2a: Spidops\n|-damage|p2a: Spidops|0 fnt\n|faint|p2a: Spidops\n|\n|upkeep\n|inactive|Time left: 300 sec this turn | 300 sec total | 5 sec grace\n|\n|t:|1783573056\n|switch|p2a: Palafin|Palafin-Hero, L77, M|131/281\n|-activate|p2a: Palafin|ability: Zero to Hero\n|turn|21\n|inactive|Time left: 300 sec this turn | 300 sec total\n|\n|t:|1783573057\n|move|p2a: Palafin|Jet Punch|p1a: Palossand\n|-resisted|p1a: Palossand\n|-damage|p1a: Palossand|31/100\n|-ability|p1a: Palossand|Water Compaction|boost\n|-boost|p1a: Palossand|def|2\n|move|p1a: Palossand|Earth Power|p2a: Palafin\n|-damage|p2a: Palafin|20/281\n|\n|upkeep\n|turn|22\n|inactive|Time left: 300 sec this turn | 300 sec total\n|\n|t:|1783573058\n|-terastallize|p2a: Palafin|Water\n|move|p2a: Palafin|Jet Punch|p1a: Palossand\n|-resisted|p1a: Palossand\n|-damage|p1a: Palossand|24/100\n|-ability|p1a: Palossand|Water Compaction|boost\n|-boost|p1a: Palossand|def|2\n|move|p1a: Palossand|Shadow Ball|p2a: Palafin\n|-damage|p2a: Palafin|0 fnt\n|faint|p2a: Palafin\n|\n|win|p0x29534cba", "uploadtime": 1783573058, "views": 0, "rating": 0, "private": 0, "password": null, "_winner": "p0x29534cba", "_our_name": "p0y295337cb"}