{"id": "battle-gen9randombattle-2003", "formatid": "gen9randombattle", "format": "[Gen 9] Random Battle", "players": ["p0x2003920c", "p0y2003a99b"], "log": "|init|battle\n|title|p0x2003920c vs. p0y2003a99b\n|j|\u2606p0x2003920c\n|j|\u2606p0y2003a99b\n|t:|1783562442\n|gametype|singles\n|player|p1|p0x2003920c|102|\n|player|p2|p0y2003a99b|265|\n|gen|9\n|tier|[Gen 9] Random Battle\n|rule|Species Clause: Limit one of each Pok\u00e9mon\n|rule|HP Percentage Mod: HP is shown in percentages\n|rule|Sleep Clause Mod: Limit one foe put to sleep\n|rule|Illusion Level Mod: Illusion disguises the Pok\u00e9mon's true level\n|\n|t:|1783562442\n|teamsize|p1|6\n|teamsize|p2|6\n|start\n|switch|p1a: Tauros|Tauros-Paldea-Combat, L82, M|257/257\n|switch|p2a: Ambipom|Ambipom, L84, M|100/100\n|-ability|p1a: Tauros|Intimidate|boost\n|-unboost|p2a: Ambipom|atk|1\n|turn|1\n|inactive|Battle timer is ON: inactive players will automatically lose when time's up. (requested by p0x2003920c)\n|inactive|p0y2003a99b also wants the timer to be on.\n|\n|t:|1783562444\n|move|p2a: Ambipom|Triple Axel|p1a: Tauros|[miss]\n|-miss|p2a: Ambipom|p1a: Tauros\n|move|p1a: Tauros|Earthquake|p2a: Ambipom\n|-damage|p2a: Ambipom|57/100\n|-damage|p1a: Tauros|232/257|[from] item: Life Orb\n|\n|upkeep\n|turn|2\n|inactive|Time left: 300 sec this turn | 300 sec total\n|\n|t:|1783562445\n|move|p2a: Ambipom|Triple Axel|p1a: Tauros\n|-damage|p1a: Tauros|211/257\n|-damage|p1a: Tauros|175/257\n|-damage|p1a: Tauros|119/257\n|-hitcount|p1a: Tauros|3\n|move|p1a: Tauros|Bulk Up|p1a: Tauros\n|-boost|p1a: Tauros|atk|1\n|-boost|p1a: Tauros|def|1\n|\n|upkeep\n|turn|3\n|inactive|Time left: 300 sec this turn | 300 sec total\n|\n|t:|1783562446\n|move|p2a: Ambipom|Triple Axel|p1a: Tauros|[miss]\n|-miss|p2a: Ambipom|p1a: Tauros\n|move|p1a: Tauros|Close Combat|p2a: Ambipom\n|-supereffective|p2a: Ambipom\n|-damage|p2a: Ambipom|0 fnt\n|-unboost|p1a: Tauros|def|1\n|-unboost|p1a: Tauros|spd|1\n|faint|p2a: Ambipom\n|-damage|p1a: Tauros|94/257|[from] item: Life Orb\n|\n|upkeep\n|\n|t:|1783562447\n|switch|p2a: Houndoom|Houndoom, L87, F|100/100\n|turn|4\n|inactive|Time left: 300 sec this turn | 300 sec total\n|\n|t:|1783562448\n|move|p2a: Houndoom|Sludge Bomb|p1a: Tauros\n|-damage|p1a: Tauros|0 fnt\n|faint|p1a: Tauros\n|\n|upkeep\n|inactive|Time left: 300 sec this turn | 300 sec total | 5 sec grace\n|\n|t:|1783562449\n|switch|p1a: Emboar|Emboar, L84, M|322/322\n|turn|5\n|inactive|Time left: 300 sec this turn | 300 sec total\n|\n|t:|1783562451\n|switch|p2a: Polteageist|Polteageist-Antique, L78|100/100\n|move|p1a: Emboar|Close Combat|p2a: Polteageist\n|-immune|p2a: Polteageist\n|\n|upkeep\n|turn|6\n|inactive|Time left: 300 sec this turn | 300 sec total\n|\n|t:|1783562452\n|switch|p1a: Greninja|Greninja, L80, M|246/246\n|move|p2a: Polteageist|Shell Smash|p2a: Polteageist\n|-unboost|p2a: Polteageist|def|1\n|-unboost|p2a: Polteageist|spd|1\n|-boost|p2a: Polteageist|atk|2\n|-boost|p2a: Polteageist|spa|2\n|-boost|p2a: Polteageist|spe|2\n|-enditem|p2a: Polteageist|White Herb\n|-clearnegativeboost|p2a: Polteageist|[silent]\n|\n|upkeep\n|turn|7\n|inactive|Time left: 300 sec this turn | 300 sec total\n|\n|t:|1783562453\n|move|p2a: Polteageist|Shadow Ball|p1a: Greninja\n|-resisted|p1a: Greninja\n|-damage|p1a: Greninja|132/246\n|move|p1a: Greninja|Dark Pulse|p2a: Polteageist\n|-supereffective|p2a: Polteageist\n|-damage|p2a: Polteageist|19/100\n|-damage|p1a: Greninja|108/246|[from] item: Life Orb\n|\n|upkeep\n|turn|8\n|inactive|Time left: 300 sec this turn | 300 sec total\n|\n|t:|1783562454\n|move|p2a: Polteageist|Shadow Ball|p1a: Greninja\n|-resisted|p1a: Greninja\n|-damage|p1a: Greninja|0 fnt\n|faint|p1a: Greninja\n|\n|upkeep\n|inactive|Time left: 300 sec this turn | 300 sec total | 5 sec grace\n|\n|t:|1783562455\n|switch|p1a: Emboar|Emboar, L84, M|322/322\n|turn|9\n|inactive|Time left: 300 sec this turn | 300 sec total\n|\n|t:|1783562456\n|-terastallize|p1a: Emboar|Fire\n|move|p2a: Polteageist|Strength Sap|p1a: Emboar\n|-unboost|p1a: Emboar|atk|1\n|-heal|p2a: Polteageist|100/100\n|move|p1a: Emboar|Flare Blitz|p2a: Polteageist\n|-damage|p2a: Polteageist|0 fnt\n|faint|p2a: Polteageist\n|-damage|p1a: Emboar|249/322|[from] Recoil\n|\n|upkeep\n|\n|t:|1783562458\n|switch|p2a: Houndoom|Houndoom, L87, F|100/100\n|turn|10\n|inactive|Time left: 300 sec this turn | 300 sec total\n|\n|t:|1783562458\n|switch|p1a: Lycanroc|Lycanroc, L86, F|269/269\n|move|p2a: Houndoom|Fire Blast|p1a: Lycanroc\n|-resisted|p1a: Lycanroc\n|-damage|p1a: Lycanroc|187/269\n|\n|upkeep\n|turn|11\n|inactive|Time left: 300 sec this turn | 300 sec total\n|\n|t:|1783562460\n|switch|p2a: Metagross|Metagross, L79|100/100\n|move|p1a: Lycanroc|Stone Edge|p2a: Metagross\n|-resisted|p2a: Metagross\n|-damage|p2a: Metagross|75/100\n|-damage|p1a: Lycanroc|161/269|[from] item: Life Orb\n|\n|-heal|p2a: Metagross|81/100|[from] item: Leftovers\n|upkeep\n|turn|12\n|inactive|Time left: 300 sec this turn | 300 sec total\n|\n|t:|1783562461\n|switch|p1a: Bellossom|Bellossom, L84, M|263/263\n|move|p2a: Metagross|Knock Off|p1a: Bellossom\n|-damage|p1a: Bellossom|188/263\n|-enditem|p1a: Bellossom|Leftovers|[from] move: Knock Off|[of] p2a: Metagross\n|\n|-heal|p2a: Metagross|87/100|[from] item: Leftovers\n|upkeep\n|turn|13\n|inactive|Time left: 300 sec this turn | 300 sec total\n|\n|t:|1783562462\n|move|p2a: Metagross|Stealth Rock|p1a: Bellossom\n|-sidestart|p1: p0x2003920c|move: Stealth Rock\n|move|p1a: Bellossom|Quiver Dance|p1a: Bellossom\n|-boost|p1a: Bellossom|spa|1\n|-boost|p1a: Bellossom|spd|1\n|-boost|p1a: Bellossom|spe|1\n|\n|-heal|p2a: Metagross|93/100|[from] item: Leftovers\n|upkeep\n|turn|14\n|inactive|Time left: 300 sec this turn | 300 sec total\n|\n|t:|1783562462\n|move|p1a: Bellossom|Quiver Dance|p1a: Bellossom\n|-boost|p1a: Bellossom|spa|1\n|-boost|p1a: Bellossom|spd|1\n|-boost|p1a: Bellossom|spe|1\n|move|p2a: Metagross|Heavy Slam|p1a: Bellossom\n|-damage|p1a: Bellossom|52/263\n|\n|-heal|p2a: Metagross|99/100|[from] item: Leftovers\n|upkeep\n|turn|15\n|inactive|Time left: 300 sec this turn | 300 sec total\n|\n|t:|1783562463\n|move|p1a: Bellossom|Strength Sap|p2a: Metagross\n|-fail|p2a: Metagross|unboost|[from] ability: Clear Body|[of] p2a: Metagross\n|-heal|p1a: Bellossom|263/263\n|move|p2a: Metagross|Heavy Slam|p1a: Bellossom\n|-damage|p1a: Bellossom|125/263\n|\n|-heal|p2a: Metagross|100/100|[from] item: Leftovers\n|upkeep\n|turn|16\n|inactive|Time left: 300 sec this turn | 300 sec total\n|\n|t:|1783562464\n|move|p1a: Bellossom|Strength Sap|p2a: Metagross\n|-fail|p2a: Metagross|unboost|[from] ability: Clear Body|[of] p2a: Metagross\n|-heal|p1a: Bellossom|263/263\n|move|p2a: Metagross|Heavy Slam|p1a: Bellossom\n|-crit|p1a: Bellossom\n|-damage|p1a: Bellossom|47/263\n|\n|upkeep\n|turn|17\n|inactive|Time left: 300 sec this turn | 300 sec total\n|\n|t:|1783562465\n|move|p2a: Metagross|Bullet Punch|p1a: Bellossom\n|-damage|p1a: Bellossom|1/263\n|move|p1a: Bellossom|Strength Sap|p2a: Metagross\n|-fail|p2a: Metagross|unboost|[from] ability: Clear Body|[of] p2a: Metagross\n|-heal|p1a: Bellossom|260/263\n|\n|upkeep\n|turn|18\n|inactive|Time left: 300 sec this turn | 300 sec total\n|\n|t:|1783562466\n|move|p1a: Bellossom|Quiver Dance|p1a: Bellossom\n|-boost|p1a: Bellossom|spa|1\n|-boost|p1a: Bellossom|spd|1\n|-boost|p1a: Bellossom|spe|1\n|move|p2a: Metagross|Heavy Slam|p1a: Bellossom\n|-damage|p1a: Bellossom|130/263\n|\n|upkeep\n|turn|19\n|inactive|Time left: 300 sec this turn | 300 sec total\n|\n|t:|1783562467\n|move|p1a: Bellossom|Strength Sap|p2a: Metagross\n|-fail|p2a: Metagross|unboost|[from] ability: Clear Body|[of] p2a: Metagross\n|-heal|p1a: Bellossom|263/263\n|move|p2a: Metagross|Heavy Slam|p1a: Bellossom\n|-damage|p1a: Bellossom|136/263\n|\n|upkeep\n|turn|20\n|inactive|Time left: 300 sec this turn | 300 sec total\n|\n|t:|1783562468\n|move|p1a: Bellossom|Strength Sap|p2a: Metagross\n|-fail|p2a: Metagross|unboost|[from] ability: Clear Body|[of] p2a: Metagross\n|-heal|p1a: Bellossom|263/263\n|move|p2a: Metagross|Heavy Slam|p1a: Bellossom\n|-damage|p1a: Bellossom|119/263\n|\n|upkeep\n|turn|21\n|inactive|Time left: 300 sec this turn | 300 sec total\n|\n|t:|1783562468\n|move|p1a: Bellossom|Strength Sap|p2a: Metagross\n|-fail|p2a: Metagross|unboost|[from] ability: Clear Body|[of] p2a: Metagross\n|-heal|p1a: Bellossom|263/263\n|move|p2a: Metagross|Heavy Slam|p1a: Bellossom\n|-damage|p1a: Bellossom|134/263\n|\n|upkeep\n|turn|22\n|inactive|Time left: 300 sec this turn | 300 sec total\n|\n|t:|1783562469\n|move|p1a: Bellossom|Strength Sap|p2a: Metagross\n|-fail|p2a: Metagross|unboost|[from] ability: Clear Body|[of] p2a: Metagross\n|-heal|p1a: Bellossom|263/263\n|move|p2a: Metagross|Heavy Slam|p1a: Bellossom\n|-damage|p1a: Bellossom|116/263\n|\n|upkeep\n|turn|23\n|inactive|Time left: 300 sec this turn | 300 sec total\n|\n|t:|1783562470\n|move|p1a: Bellossom|Strength Sap|p2a: Metagross\n|-fail|p2a: Metagross|unboost|[from] ability: Clear Body|[of] p2a: Metagross\n|-heal|p1a: Bellossom|263/263\n|move|p2a: Metagross|Heavy Slam|p1a: Bellossom\n|-damage|p1a: Bellossom|127/263\n|\n|upkeep\n|turn|24\n|inactive|Time left: 300 sec this turn | 300 sec total\n|\n|t:|1783562471\n|move|p1a: Bellossom|Strength Sap|p2a: Metagross\n|-fail|p2a: Metagross|unboost|[from] ability: Clear Body|[of] p2a: Metagross\n|-heal|p1a: Bellossom|263/263\n|move|p2a: Metagross|Heavy Slam|p1a: Bellossom\n|-damage|p1a: Bellossom|124/263\n|\n|upkeep\n|turn|25\n|inactive|Time left: 300 sec this turn | 300 sec total\n|\n|t:|1783562472\n|move|p1a: Bellossom|Strength Sap|p2a: Metagross\n|-fail|p2a: Metagross|unboost|[from] ability: Clear Body|[of] p2a: Metagross\n|-heal|p1a: Bellossom|263/263\n|move|p2a: Metagross|Heavy Slam|p1a: Bellossom\n|-damage|p1a: Bellossom|127/263\n|\n|upkeep\n|turn|26\n|inactive|Time left: 300 sec this turn | 300 sec total\n|\n|t:|1783562473\n|move|p1a: Bellossom|Strength Sap|p2a: Metagross\n|-fail|p2a: Metagross|unboost|[from] ability: Clear Body|[of] p2a: Metagross\n|-heal|p1a: Bellossom|263/263\n|move|p2a: Metagross|Heavy Slam|p1a: Bellossom\n|-damage|p1a: Bellossom|115/263\n|\n|upkeep\n|turn|27\n|inactive|Time left: 300 sec this turn | 300 sec total\n|\n|t:|1783562474\n|move|p1a: Bellossom|Strength Sap|p2a: Metagross\n|-fail|p2a: Metagross|unboost|[from] ability: Clear Body|[of] p2a: Metagross\n|-heal|p1a: Bellossom|263/263\n|move|p2a: Metagross|Heavy Slam|p1a: Bellossom\n|-damage|p1a: Bellossom|131/263\n|\n|upkeep\n|turn|28\n|inactive|Time left: 300 sec this turn | 300 sec total\n|\n|t:|1783562475\n|move|p1a: Bellossom|Strength Sap|p2a: Metagross\n|-fail|p2a: Metagross|unboost|[from] ability: Clear Body|[of] p2a: Metagross\n|-heal|p1a: Bellossom|263/263\n|move|p2a: Metagross|Heavy Slam|p1a: Bellossom\n|-damage|p1a: Bellossom|116/263\n|\n|upkeep\n|turn|29\n|inactive|Time left: 300 sec this turn | 300 sec total\n|\n|t:|1783562476\n|move|p1a: Bellossom|Strength Sap|p2a: Metagross\n|-fail|p2a: Metagross|unboost|[from] ability: Clear Body|[of] p2a: Metagross\n|-heal|p1a: Bellossom|263/263\n|move|p2a: Metagross|Heavy Slam|p1a: Bellossom\n|-damage|p1a: Bellossom|118/263\n|\n|upkeep\n|turn|30\n|inactive|Time left: 300 sec this turn | 300 sec total\n|\n|t:|1783562478\n|move|p1a: Bellossom|Strength Sap|p2a: Metagross\n|-fail|p2a: Metagross|unboost|[from] ability: Clear Body|[of] p2a: Metagross\n|-heal|p1a: Bellossom|263/263\n|move|p2a: Metagross|Heavy Slam|p1a: Bellossom\n|-damage|p1a: Bellossom|134/263\n|\n|upkeep\n|turn|31\n|inactive|Time left: 300 sec this turn | 300 sec total\n|\n|t:|1783562478\n|move|p1a: Bellossom|Giga Drain|p2a: Metagross\n|-resisted|p2a: Metagross\n|-damage|p2a: Metagross|66/100\n|-heal|p1a: Bellossom|179/263|[from] drain|[of] p2a: Metagross\n|move|p2a: Metagross|Knock Off|p1a: Bellossom\n|-damage|p1a: Bellossom|131/263\n|\n|-heal|p2a: Metagross|72/100|[from] item: Leftovers\n|upkeep\n|turn|32\n|inactive|Time left: 300 sec this turn | 300 sec total\n|\n|t:|1783562479\n|move|p2a: Metagross|Bullet Punch|p1a: Bellossom\n|-damage|p1a: Bellossom|86/263\n|move|p1a: Bellossom|Giga Drain|p2a: Metagross\n|-resisted|p2a: Metagross\n|-damage|p2a: Metagross|32/100\n|-heal|p1a: Bellossom|137/263|[from] drain|[of] p2a: Metagross\n|\n|-heal|p2a: Metagross|38/100|[from] item: Leftovers\n|upkeep\n|turn|33\n|inactive|Time left: 300 sec this turn | 300 sec total\n|\n|t:|1783562480\n|move|p1a: Bellossom|Giga Drain|p2a: Metagross\n|-resisted|p2a: Metagross\n|-damage|p2a: Metagross|2/100\n|-heal|p1a: Bellossom|183/263|[from] drain|[of] p2a: Metagross\n|move|p2a: Metagross|Knock Off|p1a: Bellossom\n|-damage|p1a: Bellossom|136/263\n|\n|-heal|p2a: Metagross|9/100|[from] item: Leftovers\n|upkeep\n|turn|34\n|inactive|Time left: 300 sec this turn | 300 sec total\n|\n|t:|1783562481\n|move|p2a: Metagross|Bullet Punch|p1a: Bellossom\n|-damage|p1a: Bellossom|90/263\n|move|p1a: Bellossom|Strength Sap|p2a: Metagross\n|-fail|p2a: Metagross|unboost|[from] ability: Clear Body|[of] p2a: Metagross\n|-heal|p1a: Bellossom|263/263\n|\n|-heal|p2a: Metagross|15/100|[from] item: Leftovers\n|upkeep\n|turn|35\n|inactive|Time left: 300 sec this turn | 300 sec total\n|\n|t:|1783562482\n|switch|p2a: Regigigas|Regigigas, L84|100/100\n|-start|p2a: Regigigas|ability: Slow Start\n|move|p1a: Bellossom|Moonblast|p2a: Regigigas\n|-damage|p2a: Regigigas|57/100\n|-unboost|p2a: Regigigas|spa|1\n|\n|-heal|p2a: Regigigas|63/100|[from] item: Leftovers\n|upkeep\n|turn|36\n|inactive|Time left: 300 sec this turn | 300 sec total\n|\n|t:|1783562483\n|move|p2a: Regigigas|Protect|p2a: Regigigas\n|-singleturn|p2a: Regigigas|Protect\n|move|p1a: Bellossom|Moonblast|p2a: Regigigas\n|-activate|p2a: Regigigas|move: Protect\n|\n|-heal|p2a: Regigigas|69/100|[from] item: Leftovers\n|upkeep\n|turn|37\n|inactive|Time left: 300 sec this turn | 300 sec total\n|\n|t:|1783562485\n|move|p1a: Bellossom|Moonblast|p2a: Regigigas\n|-damage|p2a: Regigigas|26/100\n|move|p2a: Regigigas|Body Slam|p1a: Bellossom\n|-damage|p1a: Bellossom|203/263\n|\n|-heal|p2a: Regigigas|32/100|[from] item: Leftovers\n|upkeep\n|turn|38\n|inactive|Time left: 300 sec this turn | 300 sec total\n|\n|t:|1783562486\n|move|p2a: Regigigas|Protect|p2a: Regigigas\n|-singleturn|p2a: Regigigas|Protect\n|move|p1a: Bellossom|Giga Drain|p2a: Regigigas\n|-activate|p2a: Regigigas|move: Protect\n|\n|-heal|p2a: Regigigas|39/100|[from] item: Leftovers\n|upkeep\n|turn|39\n|inactive|Time left: 300 sec this turn | 300 sec total\n|\n|t:|1783562487\n|switch|p2a: Metagross|Metagross, L79|15/100\n|move|p1a: Bellossom|Giga Drain|p2a: Metagross\n|-resisted|p2a: Metagross\n|-damage|p2a: Metagross|0 fnt\n|-heal|p1a: Bellossom|222/263|[from] drain|[of] p2a: Metagross\n|faint|p2a: Metagross\n|\n|upkeep\n|\n|t:|1783562487\n|switch|p2a: Lilligant|Lilligant, L86, F|100/100\n|turn|40\n|inactive|Time left: 300 sec this turn | 300 sec total\n|\n|t:|1783562489\n|-terastallize|p2a: Lilligant|Fire\n|move|p1a: Bellossom|Moonblast|p2a: Lilligant\n|-resisted|p2a: Lilligant\n|-damage|p2a: Lilligant|65/100\n|move|p2a: Lilligant|Quiver Dance|p2a: Lilligant\n|-boost|p2a: Lilligant|spa|1\n|-boost|p2a: Lilligant|spd|1\n|-boost|p2a: Lilligant|spe|1\n|\n|upkeep\n|turn|41\n|inactive|Time left: 300 sec this turn | 300 sec total\n|\n|t:|1783562489\n|move|p1a: Bellossom|Giga Drain|p2a: Lilligant\n|-resisted|p2a: Lilligant\n|-damage|p2a: Lilligant|40/100\n|-heal|p1a: Bellossom|255/263|[from] drain|[of] p2a: Lilligant\n|move|p2a: Lilligant|Quiver Dance|p2a: Lilligant\n|-boost|p2a: Lilligant|spa|1\n|-boost|p2a: Lilligant|spd|1\n|-boost|p2a: Lilligant|spe|1\n|\n|upkeep\n|turn|42\n|inactive|Time left: 300 sec this turn | 300 sec total\n|\n|t:|1783562491\n|move|p2a: Lilligant|Tera Blast|p1a: Bellossom|[anim] Tera Blast Fire\n|-supereffective|p1a: Bellossom\n|-damage|p1a: Bellossom|65/263\n|-damage|p2a: Lilligant|30/100|[from] item: Life Orb\n|move|p1a: Bellossom|Moonblast|p2a: Lilligant\n|-resisted|p2a: Lilligant\n|-damage|p2a: Lilligant|14/100\n|\n|upkeep\n|turn|43\n|inactive|Time left: 300 sec this turn | 300 sec total\n|\n|t:|1783562492\n|move|p2a: Lilligant|Tera Blast|p1a: Bellossom|[anim] Tera Blast Fire\n|-supereffective|p1a: Bellossom\n|-crit|p1a: Bellossom\n|-damage|p1a: Bellossom|0 fnt\n|faint|p1a: Bellossom\n|-damage|p2a: Lilligant|4/100|[from] item: Life Orb\n|\n|upkeep\n|inactive|Time left: 300 sec this turn | 300 sec total | 5 sec grace\n|\n|t:|1783562493\n|switch|p1a: Emboar|Emboar, L84, M, tera:Fire|249/322\n|-damage|p1a: Emboar|169/322|[from] Stealth Rock\n|turn|44\n|inactive|Time left: 300 sec this turn | 300 sec total\n|\n|t:|1783562494\n|move|p2a: Lilligant|Sleep Powder|p1a: Emboar|[miss]\n|-miss|p2a: Lilligant|p1a: Emboar\n|move|p1a: Emboar|Wild Charge|p2a: Lilligant\n|-damage|p2a: Lilligant|0 fnt\n|faint|p2a: Lilligant\n|-damage|p1a: Emboar|166/322|[from] Recoil\n|\n|upkeep\n|\n|t:|1783562495\n|switch|p2a: Regigigas|Regigigas, L84|39/100\n|-start|p2a: Regigigas|ability: Slow Start\n|turn|45\n|inactive|Time left: 300 sec this turn | 300 sec total\n|\n|t:|1783562496\n|move|p1a: Emboar|Wild Charge|p2a: Regigigas\n|-damage|p2a: Regigigas|4/100\n|-damage|p1a: Emboar|138/322|[from] Recoil\n|move|p2a: Regigigas|Body Slam|p1a: Emboar\n|-damage|p1a: Emboar|59/322\n|\n|-heal|p2a: Regigigas|10/100|[from] item: Leftovers\n|upkeep\n|turn|46\n|inactive|Time left: 300 sec this turn | 300 sec total\n|\n|t:|1783562497\n|move|p2a: Regigigas|Protect|p2a: Regigigas\n|-singleturn|p2a: Regigigas|Protect\n|move|p1a: Emboar|Wild Charge|p2a: Regigigas\n|-activate|p2a: Regigigas|move: Protect\n|\n|-heal|p2a: Regigigas|16/100|[from] item: Leftovers\n|upkeep\n|turn|47\n|inactive|Time left: 300 sec this turn | 300 sec total\n|\n|t:|1783562498\n|switch|p2a: Houndoom|Houndoom, L87, F|100/100\n|move|p1a: Emboar|Wild Charge|p2a: Houndoom\n|-damage|p2a: Houndoom|30/100\n|-damage|p1a: Emboar|11/322|[from] Recoil\n|\n|upkeep\n|turn|48\n|inactive|Time left: 300 sec this turn | 300 sec total\n|\n|t:|1783562499\n|move|p2a: Houndoom|Sucker Punch|p1a: Emboar\n|-damage|p1a: Emboar|0 fnt\n|faint|p1a: Emboar\n|\n|upkeep\n|inactive|Time left: 300 sec this turn | 300 sec total | 5 sec grace\n|\n|t:|1783562500\n|switch|p1a: Lycanroc|Lycanroc, L86, F|161/269\n|-damage|p1a: Lycanroc|128/269|[from] Stealth Rock\n|turn|49\n|inactive|Time left: 300 sec this turn | 300 sec total\n|\n|t:|1783562501\n|move|p1a: Lycanroc|Close Combat|p2a: Houndoom\n|-supereffective|p2a: Houndoom\n|-damage|p2a: Houndoom|0 fnt\n|-unboost|p1a: Lycanroc|def|1\n|-unboost|p1a: Lycanroc|spd|1\n|faint|p2a: Houndoom\n|-damage|p1a: Lycanroc|102/269|[from] item: Life Orb\n|\n|upkeep\n|\n|t:|1783562501\n|switch|p2a: Regigigas|Regigigas, L84|16/100\n|-start|p2a: Regigigas|ability: Slow Start\n|turn|50\n|inactive|Time left: 300 sec this turn | 300 sec total\n|\n|t:|1783562502\n|move|p2a: Regigigas|Protect|p2a: Regigigas\n|-singleturn|p2a: Regigigas|Protect\n|move|p1a: Lycanroc|Close Combat|p2a: Regigigas\n|-activate|p2a: Regigigas|move: Protect\n|\n|-heal|p2a: Regigigas|23/100|[from] item: Leftovers\n|upkeep\n|turn|51\n|inactive|Time left: 300 sec this turn | 300 sec total\n|\n|t:|1783562503\n|move|p2a: Regigigas|Protect|p2a: Regigigas\n|-singleturn|p2a: Regigigas|Protect\n|move|p1a: Lycanroc|Close Combat|p2a: Regigigas\n|-activate|p2a: Regigigas|move: Protect\n|\n|-heal|p2a: Regigigas|29/100|[from] item: Leftovers\n|upkeep\n|turn|52\n|inactive|Time left: 300 sec this turn | 300 sec total\n|\n|t:|1783562504\n|move|p1a: Lycanroc|Close Combat|p2a: Regigigas\n|-supereffective|p2a: Regigigas\n|-damage|p2a: Regigigas|0 fnt\n|-unboost|p1a: Lycanroc|def|1\n|-unboost|p1a: Lycanroc|spd|1\n|faint|p2a: Regigigas\n|-end|p2a: Regigigas|Slow Start|[silent]\n|-damage|p1a: Lycanroc|76/269|[from] item: Life Orb\n|\n|win|p0x2003920c", "uploadtime": 1783562504, "views": 0, "rating": 0, "private": 0, "password": null, "_winner": "p0x2003920c", "_our_name": "p0x2003920c"}