{"id": "battle-gen9randombattle-791", "formatid": "gen9randombattle", "format": "[Gen 9] Random Battle", "players": ["p0x791f755", "p0y791ef2f"], "log": "|init|battle\n|title|p0x791f755 vs. p0y791ef2f\n|j|\u2606p0x791f755\n|j|\u2606p0y791ef2f\n|t:|1783549047\n|gametype|singles\n|player|p1|p0x791f755|102|\n|player|p2|p0y791ef2f|1|\n|gen|9\n|tier|[Gen 9] Random Battle\n|rule|Species Clause: Limit one of each Pok\u00e9mon\n|rule|HP Percentage Mod: HP is shown in percentages\n|rule|Sleep Clause Mod: Limit one foe put to sleep\n|rule|Illusion Level Mod: Illusion disguises the Pok\u00e9mon's true level\n|\n|t:|1783549047\n|teamsize|p1|6\n|teamsize|p2|6\n|start\n|switch|p1a: Dudunsparce|Dudunsparce, L83, F|343/343\n|switch|p2a: Veluza|Veluza, L85, M|100/100\n|turn|1\n|inactive|Battle timer is ON: inactive players will automatically lose when time's up. (requested by p0x791f755)\n|inactive|p0y791ef2f also wants the timer to be on.\n|\n|t:|1783549049\n|move|p2a: Veluza|Flip Turn|p1a: Dudunsparce\n|-damage|p1a: Dudunsparce|273/343\n|\n|t:|1783549050\n|switch|p2a: Polteageist|Polteageist, L78|100/100|[from] Flip Turn\n|move|p1a: Dudunsparce|Headbutt|p2a: Polteageist\n|-immune|p2a: Polteageist\n|\n|-heal|p1a: Dudunsparce|294/343|[from] item: Leftovers\n|upkeep\n|turn|2\n|inactive|Time left: 300 sec this turn | 300 sec total\n|\n|t:|1783549051\n|switch|p1a: Bastiodon|Bastiodon, L89, M|252/252\n|move|p2a: Polteageist|Shell Smash|p2a: Polteageist\n|-unboost|p2a: Polteageist|def|1\n|-unboost|p2a: Polteageist|spd|1\n|-boost|p2a: Polteageist|atk|2\n|-boost|p2a: Polteageist|spa|2\n|-boost|p2a: Polteageist|spe|2\n|-enditem|p2a: Polteageist|White Herb\n|-clearnegativeboost|p2a: Polteageist|[silent]\n|\n|upkeep\n|turn|3\n|inactive|Time left: 300 sec this turn | 300 sec total\n|\n|t:|1783549052\n|move|p2a: Polteageist|Shadow Ball|p1a: Bastiodon\n|-damage|p1a: Bastiodon|134/252\n|move|p1a: Bastiodon|Foul Play|p2a: Polteageist\n|-supereffective|p2a: Polteageist\n|-damage|p2a: Polteageist|18/100\n|-start|p1a: Bastiodon|Disable|Foul Play|[from] ability: Cursed Body|[of] p2a: Polteageist\n|\n|upkeep\n|turn|4\n|inactive|Time left: 300 sec this turn | 300 sec total\n|\n|t:|1783549053\n|switch|p1a: Muk|Muk-Alola, L82, F|306/306\n|-terastallize|p2a: Polteageist|Fighting\n|move|p2a: Polteageist|Strength Sap|p1a: Muk\n|-unboost|p1a: Muk|atk|1\n|-heal|p2a: Polteageist|100/100\n|\n|upkeep\n|turn|5\n|inactive|Time left: 300 sec this turn | 300 sec total\n|\n|t:|1783549055\n|move|p2a: Polteageist|Tera Blast|p1a: Muk|[anim] Tera Blast Fighting\n|-damage|p1a: Muk|192/306\n|move|p1a: Muk|Poison Jab|p2a: Polteageist\n|-damage|p2a: Polteageist|68/100\n|-status|p2a: Polteageist|psn\n|\n|-damage|p2a: Polteageist|56/100 psn|[from] psn\n|upkeep\n|turn|6\n|inactive|Time left: 300 sec this turn | 300 sec total\n|\n|t:|1783549056\n|move|p2a: Polteageist|Strength Sap|p1a: Muk\n|-unboost|p1a: Muk|atk|1\n|-heal|p2a: Polteageist|100/100 psn\n|move|p1a: Muk|Poison Jab|p2a: Polteageist\n|-damage|p2a: Polteageist|73/100 psn\n|\n|-damage|p2a: Polteageist|61/100 psn|[from] psn\n|upkeep\n|turn|7\n|inactive|Time left: 300 sec this turn | 300 sec total\n|\n|t:|1783549057\n|move|p2a: Polteageist|Strength Sap|p1a: Muk\n|-unboost|p1a: Muk|atk|1\n|-heal|p2a: Polteageist|100/100 psn\n|move|p1a: Muk|Poison Jab|p2a: Polteageist\n|-crit|p2a: Polteageist\n|-damage|p2a: Polteageist|18/100 psn\n|\n|-damage|p2a: Polteageist|6/100 psn|[from] psn\n|upkeep\n|turn|8\n|inactive|Time left: 300 sec this turn | 300 sec total\n|\n|t:|1783549057\n|switch|p1a: Raging Bolt|Raging Bolt, L78|323/323\n|-enditem|p1a: Raging Bolt|Booster Energy\n|-activate|p1a: Raging Bolt|ability: Protosynthesis|[fromitem]\n|-start|p1a: Raging Bolt|protosynthesisspa\n|move|p2a: Polteageist|Strength Sap|p1a: Raging Bolt\n|-unboost|p1a: Raging Bolt|atk|1\n|-heal|p2a: Polteageist|59/100 psn\n|\n|-damage|p2a: Polteageist|47/100 psn|[from] psn\n|upkeep\n|turn|9\n|inactive|Time left: 300 sec this turn | 300 sec total\n|\n|t:|1783549058\n|move|p2a: Polteageist|Strength Sap|p1a: Raging Bolt\n|-unboost|p1a: Raging Bolt|atk|1\n|-heal|p2a: Polteageist|82/100 psn\n|move|p1a: Raging Bolt|Dragon Pulse|p2a: Polteageist\n|-damage|p2a: Polteageist|33/100 psn\n|\n|-damage|p2a: Polteageist|21/100 psn|[from] psn\n|upkeep\n|turn|10\n|inactive|Time left: 300 sec this turn | 300 sec total\n|\n|t:|1783549059\n|move|p2a: Polteageist|Strength Sap|p1a: Raging Bolt\n|-unboost|p1a: Raging Bolt|atk|1\n|-heal|p2a: Polteageist|47/100 psn\n|move|p1a: Raging Bolt|Thunderbolt|p2a: Polteageist\n|-damage|p2a: Polteageist|0 fnt\n|faint|p2a: Polteageist\n|\n|upkeep\n|\n|t:|1783549060\n|switch|p2a: Miraidon|Miraidon, L65|100/100\n|-fieldstart|move: Electric Terrain|[from] ability: Hadron Engine|[of] p2a: Miraidon\n|turn|11\n|inactive|Time left: 300 sec this turn | 300 sec total\n|\n|t:|1783549061\n|move|p2a: Miraidon|Draco Meteor|p1a: Raging Bolt|[miss]\n|-miss|p2a: Miraidon|p1a: Raging Bolt\n|move|p1a: Raging Bolt|Dragon Pulse|p2a: Miraidon\n|-supereffective|p2a: Miraidon\n|-damage|p2a: Miraidon|0 fnt\n|faint|p2a: Miraidon\n|\n|upkeep\n|\n|t:|1783549061\n|switch|p2a: Eiscue|Eiscue, L88, M|100/100\n|turn|12\n|inactive|Time left: 300 sec this turn | 300 sec total\n|\n|t:|1783549062\n|move|p1a: Raging Bolt|Thunderbolt|p2a: Eiscue\n|-damage|p2a: Eiscue|39/100\n|-enditem|p2a: Eiscue|Sitrus Berry|[eat]\n|-heal|p2a: Eiscue|64/100|[from] item: Sitrus Berry\n|move|p2a: Eiscue|Ice Spinner|p1a: Raging Bolt\n|-supereffective|p1a: Raging Bolt\n|-damage|p1a: Raging Bolt|149/323\n|-fieldend|move: Electric Terrain\n|\n|upkeep\n|turn|13\n|inactive|Time left: 300 sec this turn | 300 sec total\n|\n|t:|1783549063\n|move|p1a: Raging Bolt|Thunderbolt|p2a: Eiscue\n|-damage|p2a: Eiscue|16/100\n|move|p2a: Eiscue|Ice Spinner|p1a: Raging Bolt\n|-supereffective|p1a: Raging Bolt\n|-damage|p1a: Raging Bolt|0 fnt\n|faint|p1a: Raging Bolt\n|-end|p1a: Raging Bolt|Protosynthesis|[silent]\n|\n|upkeep\n|inactive|Time left: 300 sec this turn | 300 sec total | 5 sec grace\n|\n|t:|1783549064\n|switch|p1a: Porygon-Z|Porygon-Z, L83|277/277\n|-ability|p1a: Porygon-Z|Download|boost\n|-boost|p1a: Porygon-Z|spa|1\n|turn|14\n|inactive|Time left: 300 sec this turn | 300 sec total\n|\n|t:|1783549065\n|move|p1a: Porygon-Z|Shadow Ball|p2a: Eiscue\n|-damage|p2a: Eiscue|0 fnt\n|faint|p2a: Eiscue\n|\n|upkeep\n|\n|t:|1783549066\n|switch|p2a: Samurott|Samurott-Hisui, L77, F|100/100\n|turn|15\n|inactive|Time left: 300 sec this turn | 300 sec total\n|\n|t:|1783549067\n|switch|p1a: Annihilape|Annihilape, L76, F|292/292\n|move|p2a: Samurott|Ceaseless Edge|p1a: Annihilape\n|-damage|p1a: Annihilape|138/292\n|-sidestart|p1: p0x791f755|Spikes\n|\n|-heal|p1a: Annihilape|156/292|[from] item: Leftovers\n|upkeep\n|turn|16\n|inactive|Time left: 300 sec this turn | 300 sec total\n|\n|t:|1783549068\n|move|p1a: Annihilape|Drain Punch|p2a: Samurott\n|-supereffective|p2a: Samurott\n|-damage|p2a: Samurott|30/100\n|-heal|p1a: Annihilape|249/292|[from] drain|[of] p2a: Samurott\n|move|p2a: Samurott|Ceaseless Edge|p1a: Annihilape\n|-damage|p1a: Annihilape|87/292\n|-sidestart|p1: p0x791f755|Spikes\n|\n|-heal|p1a: Annihilape|105/292|[from] item: Leftovers\n|upkeep\n|turn|17\n|inactive|Time left: 300 sec this turn | 300 sec total\n|\n|t:|1783549069\n|move|p1a: Annihilape|Drain Punch|p2a: Samurott\n|-supereffective|p2a: Samurott\n|-damage|p2a: Samurott|0 fnt\n|-heal|p1a: Annihilape|145/292|[from] drain|[of] p2a: Samurott\n|faint|p2a: Samurott\n|\n|-heal|p1a: Annihilape|163/292|[from] item: Leftovers\n|upkeep\n|\n|t:|1783549070\n|switch|p2a: Bombirdier|Bombirdier, L85, M|100/100\n|turn|18\n|inactive|Time left: 300 sec this turn | 300 sec total\n|\n|t:|1783549071\n|move|p2a: Bombirdier|Knock Off|p1a: Annihilape\n|-damage|p1a: Annihilape|0 fnt\n|-enditem|p1a: Annihilape|Leftovers|[from] move: Knock Off|[of] p2a: Bombirdier\n|faint|p1a: Annihilape\n|\n|upkeep\n|inactive|Time left: 300 sec this turn | 300 sec total | 5 sec grace\n|\n|t:|1783549072\n|switch|p1a: Porygon-Z|Porygon-Z, L83|277/277\n|-damage|p1a: Porygon-Z|231/277|[from] Spikes\n|-ability|p1a: Porygon-Z|Download|boost\n|-boost|p1a: Porygon-Z|spa|1\n|turn|19\n|inactive|Time left: 300 sec this turn | 300 sec total\n|\n|t:|1783549073\n|-terastallize|p1a: Porygon-Z|Electric\n|move|p1a: Porygon-Z|Thunderbolt|p2a: Bombirdier\n|-supereffective|p2a: Bombirdier\n|-damage|p2a: Bombirdier|0 fnt\n|faint|p2a: Bombirdier\n|\n|upkeep\n|\n|t:|1783549074\n|switch|p2a: Veluza|Veluza, L85, M|100/100\n|turn|20\n|inactive|Time left: 300 sec this turn | 300 sec total\n|\n|t:|1783549075\n|move|p1a: Porygon-Z|Thunderbolt|p2a: Veluza\n|-supereffective|p2a: Veluza\n|-damage|p2a: Veluza|0 fnt\n|faint|p2a: Veluza\n|\n|win|p0x791f755", "uploadtime": 1783549075, "views": 0, "rating": 0, "private": 0, "password": null, "_winner": "p0x791f755", "_our_name": "p0x791f755"}