{"id": "battle-gen9randombattle-1920", "formatid": "gen9randombattle", "format": "[Gen 9] Random Battle", "players": ["p0x192077e1", "p0y1920c4ae"], "log": "|init|battle\n|title|p0x192077e1 vs. p0y1920c4ae\n|j|\u2606p0x192077e1\n|j|\u2606p0y1920c4ae\n|t:|1783561494\n|gametype|singles\n|player|p1|p0x192077e1|1|\n|player|p2|p0y1920c4ae|169|\n|gen|9\n|tier|[Gen 9] Random Battle\n|rule|Species Clause: Limit one of each Pok\u00e9mon\n|rule|HP Percentage Mod: HP is shown in percentages\n|rule|Sleep Clause Mod: Limit one foe put to sleep\n|rule|Illusion Level Mod: Illusion disguises the Pok\u00e9mon's true level\n|\n|t:|1783561494\n|teamsize|p1|6\n|teamsize|p2|6\n|start\n|switch|p1a: Scovillain|Scovillain, L91, M|100/100\n|switch|p2a: Spiritomb|Spiritomb, L89, F|234/234\n|turn|1\n|inactive|Battle timer is ON: inactive players will automatically lose when time's up. (requested by p0x192077e1)\n|inactive|Time left: 300 sec this turn | 300 sec total | 60 sec grace\n|inactive|p0y1920c4ae also wants the timer to be on.\n|\n|t:|1783561495\n|move|p1a: Scovillain|Flamethrower|p2a: Spiritomb\n|-damage|p2a: Spiritomb|81/234\n|move|p2a: Spiritomb|Foul Play|p1a: Scovillain\n|-damage|p1a: Scovillain|58/100\n|\n|-heal|p2a: Spiritomb|95/234|[from] item: Leftovers\n|upkeep\n|turn|2\n|inactive|Time left: 300 sec this turn | 300 sec total\n|\n|t:|1783561496\n|switch|p2a: Volcanion|Volcanion, L79|256/256\n|move|p1a: Scovillain|Flamethrower|p2a: Volcanion\n|-resisted|p2a: Volcanion\n|-damage|p2a: Volcanion|206/256\n|\n|upkeep\n|turn|3\n|inactive|Time left: 300 sec this turn | 300 sec total\n|\n|t:|1783561497\n|switch|p1a: Goodra|Goodra, L85, F|100/100\n|move|p2a: Volcanion|Steam Eruption|p1a: Goodra\n|-resisted|p1a: Goodra\n|-damage|p1a: Goodra|91/100\n|\n|upkeep\n|turn|4\n|inactive|Time left: 300 sec this turn | 300 sec total\n|\n|t:|1783561499\n|move|p1a: Goodra|Earthquake|p2a: Volcanion\n|-supereffective|p2a: Volcanion\n|-damage|p2a: Volcanion|84/256\n|move|p2a: Volcanion|Steam Eruption|p1a: Goodra\n|-resisted|p1a: Goodra\n|-damage|p1a: Goodra|81/100\n|-status|p1a: Goodra|brn\n|\n|-damage|p1a: Goodra|75/100 brn|[from] brn\n|upkeep\n|turn|5\n|inactive|Time left: 300 sec this turn | 300 sec total\n|\n|t:|1783561500\n|move|p1a: Goodra|Sludge Bomb|p2a: Volcanion\n|-damage|p2a: Volcanion|6/256\n|move|p2a: Volcanion|Flamethrower|p1a: Goodra\n|-resisted|p1a: Goodra\n|-damage|p1a: Goodra|67/100 brn\n|\n|-damage|p1a: Goodra|61/100 brn|[from] brn\n|upkeep\n|turn|6\n|inactive|Time left: 300 sec this turn | 300 sec total\n|\n|t:|1783561501\n|move|p1a: Goodra|Sludge Bomb|p2a: Volcanion\n|-damage|p2a: Volcanion|0 fnt\n|faint|p2a: Volcanion\n|\n|-damage|p1a: Goodra|55/100 brn|[from] brn\n|upkeep\n|inactive|Time left: 300 sec this turn | 300 sec total | 5 sec grace\n|\n|t:|1783561503\n|switch|p2a: Eelektross|Eelektross, L87, F|290/290\n|turn|7\n|inactive|Time left: 300 sec this turn | 300 sec total\n|\n|t:|1783561504\n|switch|p1a: Mightyena|Mightyena, L96, F|100/100\n|-ability|p1a: Mightyena|Intimidate|boost\n|-unboost|p2a: Eelektross|atk|1\n|move|p2a: Eelektross|Coil|p2a: Eelektross\n|-boost|p2a: Eelektross|atk|1\n|-boost|p2a: Eelektross|def|1\n|-boost|p2a: Eelektross|accuracy|1\n|\n|upkeep\n|turn|8\n|inactive|Time left: 300 sec this turn | 300 sec total\n|\n|t:|1783561505\n|move|p1a: Mightyena|Crunch|p2a: Eelektross\n|-damage|p2a: Eelektross|190/290\n|move|p2a: Eelektross|Coil|p2a: Eelektross\n|-boost|p2a: Eelektross|atk|1\n|-boost|p2a: Eelektross|def|1\n|-boost|p2a: Eelektross|accuracy|1\n|\n|-heal|p2a: Eelektross|208/290|[from] item: Leftovers\n|upkeep\n|turn|9\n|inactive|Time left: 300 sec this turn | 300 sec total\n|\n|t:|1783561506\n|switch|p1a: Scovillain|Scovillain, L91, M|58/100\n|move|p2a: Eelektross|Drain Punch|p1a: Scovillain\n|-damage|p1a: Scovillain|18/100\n|-heal|p2a: Eelektross|261/290|[from] drain|[of] p1a: Scovillain\n|\n|-heal|p2a: Eelektross|279/290|[from] item: Leftovers\n|upkeep\n|turn|10\n|inactive|Time left: 300 sec this turn | 300 sec total\n|\n|t:|1783561507\n|move|p1a: Scovillain|Overheat|p2a: Eelektross\n|-damage|p2a: Eelektross|3/290\n|-unboost|p1a: Scovillain|spa|2\n|move|p2a: Eelektross|Drain Punch|p1a: Scovillain\n|-damage|p1a: Scovillain|0 fnt\n|-heal|p2a: Eelektross|27/290|[from] drain|[of] p1a: Scovillain\n|faint|p1a: Scovillain\n|\n|-heal|p2a: Eelektross|45/290|[from] item: Leftovers\n|upkeep\n|\n|t:|1783561509\n|switch|p1a: Mightyena|Mightyena, L96, F|100/100\n|-ability|p1a: Mightyena|Intimidate|boost\n|-unboost|p2a: Eelektross|atk|1\n|turn|11\n|inactive|Time left: 300 sec this turn | 300 sec total\n|\n|t:|1783561509\n|-terastallize|p2a: Eelektross|Fighting\n|move|p1a: Mightyena|Play Rough|p2a: Eelektross\n|-supereffective|p2a: Eelektross\n|-crit|p2a: Eelektross\n|-damage|p2a: Eelektross|0 fnt\n|faint|p2a: Eelektross\n|\n|upkeep\n|inactive|Time left: 300 sec this turn | 300 sec total | 5 sec grace\n|\n|t:|1783561510\n|switch|p2a: Vigoroth|Vigoroth, L85, F|275/275\n|turn|12\n|inactive|Time left: 300 sec this turn | 300 sec total\n|\n|t:|1783561511\n|switch|p1a: Charizard|Charizard, L85, F|100/100\n|move|p2a: Vigoroth|Bulk Up|p2a: Vigoroth\n|-boost|p2a: Vigoroth|atk|1\n|-boost|p2a: Vigoroth|def|1\n|\n|upkeep\n|turn|13\n|inactive|Time left: 300 sec this turn | 300 sec total\n|\n|t:|1783561512\n|move|p1a: Charizard|Will-O-Wisp|p2a: Vigoroth\n|-status|p2a: Vigoroth|brn\n|move|p2a: Vigoroth|Body Slam|p1a: Charizard\n|-damage|p1a: Charizard|76/100\n|-status|p1a: Charizard|par\n|\n|-damage|p2a: Vigoroth|258/275 brn|[from] brn\n|upkeep\n|turn|14\n|inactive|Time left: 300 sec this turn | 300 sec total\n|\n|t:|1783561513\n|move|p2a: Vigoroth|Bulk Up|p2a: Vigoroth\n|-boost|p2a: Vigoroth|atk|1\n|-boost|p2a: Vigoroth|def|1\n|move|p1a: Charizard|Hurricane|p2a: Vigoroth|[miss]\n|-miss|p1a: Charizard|p2a: Vigoroth\n|\n|-damage|p2a: Vigoroth|241/275 brn|[from] brn\n|upkeep\n|turn|15\n|inactive|Time left: 300 sec this turn | 300 sec total\n|\n|t:|1783561514\n|move|p2a: Vigoroth|Body Slam|p1a: Charizard\n|-damage|p1a: Charizard|42/100 par\n|cant|p1a: Charizard|par\n|\n|-damage|p2a: Vigoroth|224/275 brn|[from] brn\n|upkeep\n|turn|16\n|inactive|Time left: 300 sec this turn | 300 sec total\n|\n|t:|1783561515\n|move|p2a: Vigoroth|Body Slam|p1a: Charizard\n|-damage|p1a: Charizard|12/100 par\n|cant|p1a: Charizard|par\n|\n|-damage|p2a: Vigoroth|207/275 brn|[from] brn\n|upkeep\n|turn|17\n|inactive|Time left: 300 sec this turn | 300 sec total\n|\n|t:|1783561516\n|move|p2a: Vigoroth|Body Slam|p1a: Charizard\n|-damage|p1a: Charizard|0 fnt\n|faint|p1a: Charizard\n|\n|-damage|p2a: Vigoroth|190/275 brn|[from] brn\n|upkeep\n|\n|t:|1783561517\n|switch|p1a: Mightyena|Mightyena, L96, F|100/100\n|-ability|p1a: Mightyena|Intimidate|boost\n|-unboost|p2a: Vigoroth|atk|1\n|turn|18\n|inactive|Time left: 300 sec this turn | 300 sec total\n|\n|t:|1783561518\n|move|p2a: Vigoroth|Bulk Up|p2a: Vigoroth\n|-boost|p2a: Vigoroth|atk|1\n|-boost|p2a: Vigoroth|def|1\n|move|p1a: Mightyena|Crunch|p2a: Vigoroth\n|-damage|p2a: Vigoroth|145/275 brn\n|\n|-damage|p2a: Vigoroth|128/275 brn|[from] brn\n|upkeep\n|turn|19\n|inactive|Time left: 300 sec this turn | 300 sec total\n|\n|t:|1783561519\n|move|p2a: Vigoroth|Slack Off|p2a: Vigoroth\n|-heal|p2a: Vigoroth|266/275 brn\n|move|p1a: Mightyena|Crunch|p2a: Vigoroth\n|-damage|p2a: Vigoroth|221/275 brn\n|\n|-damage|p2a: Vigoroth|204/275 brn|[from] brn\n|upkeep\n|turn|20\n|inactive|Time left: 300 sec this turn | 300 sec total\n|\n|t:|1783561519\n|move|p2a: Vigoroth|Body Slam|p1a: Mightyena\n|-damage|p1a: Mightyena|73/100\n|-status|p1a: Mightyena|par\n|move|p1a: Mightyena|Crunch|p2a: Vigoroth\n|-damage|p2a: Vigoroth|162/275 brn\n|\n|-damage|p2a: Vigoroth|145/275 brn|[from] brn\n|upkeep\n|turn|21\n|inactive|Time left: 300 sec this turn | 300 sec total\n|\n|t:|1783561520\n|move|p2a: Vigoroth|Slack Off|p2a: Vigoroth\n|-heal|p2a: Vigoroth|275/275 brn\n|move|p1a: Mightyena|Crunch|p2a: Vigoroth\n|-damage|p2a: Vigoroth|230/275 brn\n|\n|-damage|p2a: Vigoroth|213/275 brn|[from] brn\n|upkeep\n|turn|22\n|inactive|Time left: 300 sec this turn | 300 sec total\n|\n|t:|1783561521\n|switch|p1a: Slowbro|Slowbro-Galar, L87, M|100/100\n|move|p2a: Vigoroth|Body Slam|p1a: Slowbro\n|-damage|p1a: Slowbro|79/100\n|\n|-heal|p1a: Slowbro|85/100|[from] item: Leftovers\n|-damage|p2a: Vigoroth|196/275 brn|[from] brn\n|upkeep\n|turn|23\n|inactive|Time left: 300 sec this turn | 300 sec total\n|\n|t:|1783561523\n|move|p2a: Vigoroth|Slack Off|p2a: Vigoroth\n|-heal|p2a: Vigoroth|275/275 brn\n|move|p1a: Slowbro|Psychic|p2a: Vigoroth\n|-damage|p2a: Vigoroth|173/275 brn\n|\n|-heal|p1a: Slowbro|91/100|[from] item: Leftovers\n|-damage|p2a: Vigoroth|156/275 brn|[from] brn\n|upkeep\n|turn|24\n|inactive|Time left: 300 sec this turn | 300 sec total\n|\n|t:|1783561524\n|move|p2a: Vigoroth|Slack Off|p2a: Vigoroth\n|-heal|p2a: Vigoroth|275/275 brn\n|move|p1a: Slowbro|Psychic|p2a: Vigoroth\n|-damage|p2a: Vigoroth|182/275 brn\n|\n|-heal|p1a: Slowbro|97/100|[from] item: Leftovers\n|-damage|p2a: Vigoroth|165/275 brn|[from] brn\n|upkeep\n|turn|25\n|inactive|Time left: 300 sec this turn | 300 sec total\n|\n|t:|1783561525\n|move|p2a: Vigoroth|Slack Off|p2a: Vigoroth\n|-heal|p2a: Vigoroth|275/275 brn\n|move|p1a: Slowbro|Shell Side Arm|p2a: Vigoroth|[anim] Shell Side Arm Special\n|-damage|p2a: Vigoroth|175/275 brn\n|-hint|Special Shell Side Arm\n|\n|-heal|p1a: Slowbro|100/100|[from] item: Leftovers\n|-damage|p2a: Vigoroth|158/275 brn|[from] brn\n|upkeep\n|turn|26\n|inactive|Time left: 300 sec this turn | 300 sec total\n|\n|t:|1783561526\n|move|p2a: Vigoroth|Slack Off|p2a: Vigoroth\n|-heal|p2a: Vigoroth|275/275 brn\n|move|p1a: Slowbro|Shell Side Arm|p2a: Vigoroth|[anim] Shell Side Arm Special\n|-damage|p2a: Vigoroth|185/275 brn\n|-hint|Special Shell Side Arm\n|\n|-damage|p2a: Vigoroth|168/275 brn|[from] brn\n|upkeep\n|turn|27\n|inactive|Time left: 300 sec this turn | 300 sec total\n|\n|t:|1783561527\n|move|p2a: Vigoroth|Slack Off|p2a: Vigoroth\n|-heal|p2a: Vigoroth|275/275 brn\n|move|p1a: Slowbro|Psychic|p2a: Vigoroth\n|-damage|p2a: Vigoroth|178/275 brn\n|-unboost|p2a: Vigoroth|spd|1\n|\n|-damage|p2a: Vigoroth|161/275 brn|[from] brn\n|upkeep\n|turn|28\n|inactive|Time left: 300 sec this turn | 300 sec total\n|\n|t:|1783561528\n|move|p2a: Vigoroth|Slack Off|p2a: Vigoroth\n|-heal|p2a: Vigoroth|275/275 brn\n|move|p1a: Slowbro|Psychic|p2a: Vigoroth\n|-damage|p2a: Vigoroth|143/275 brn\n|\n|-damage|p2a: Vigoroth|126/275 brn|[from] brn\n|upkeep\n|turn|29\n|inactive|Time left: 300 sec this turn | 300 sec total\n|\n|t:|1783561529\n|switch|p2a: Spiritomb|Spiritomb, L89, F|95/234\n|move|p1a: Slowbro|Psychic|p2a: Spiritomb\n|-immune|p2a: Spiritomb\n|\n|-heal|p2a: Spiritomb|109/234|[from] item: Leftovers\n|upkeep\n|turn|30\n|inactive|Time left: 300 sec this turn | 300 sec total\n|\n|t:|1783561530\n|switch|p1a: Mightyena|Mightyena, L96, F|73/100 par\n|-ability|p1a: Mightyena|Intimidate|boost\n|-unboost|p2a: Spiritomb|atk|1\n|move|p2a: Spiritomb|Foul Play|p1a: Mightyena\n|-resisted|p1a: Mightyena\n|-damage|p1a: Mightyena|53/100 par\n|\n|-heal|p2a: Spiritomb|123/234|[from] item: Leftovers\n|upkeep\n|turn|31\n|inactive|Time left: 300 sec this turn | 300 sec total\n|\n|t:|1783561531\n|switch|p2a: Vigoroth|Vigoroth, L85, F|126/275 brn\n|move|p1a: Mightyena|Crunch|p2a: Vigoroth\n|-damage|p2a: Vigoroth|23/275 brn\n|\n|-damage|p2a: Vigoroth|6/275 brn|[from] brn\n|upkeep\n|turn|32\n|inactive|Time left: 300 sec this turn | 300 sec total\n|\n|t:|1783561532\n|switch|p2a: Comfey|Comfey, L85, F|225/225\n|move|p1a: Mightyena|Crunch|p2a: Comfey\n|-resisted|p2a: Comfey\n|-damage|p2a: Comfey|156/225\n|\n|-heal|p2a: Comfey|170/225|[from] item: Leftovers\n|upkeep\n|turn|33\n|inactive|Time left: 300 sec this turn | 300 sec total\n|\n|t:|1783561532\n|move|p2a: Comfey|Calm Mind|p2a: Comfey\n|-boost|p2a: Comfey|spa|1\n|-boost|p2a: Comfey|spd|1\n|cant|p1a: Mightyena|par\n|\n|-heal|p2a: Comfey|184/225|[from] item: Leftovers\n|upkeep\n|turn|34\n|inactive|Time left: 300 sec this turn | 300 sec total\n|\n|t:|1783561533\n|switch|p1a: Slowbro|Slowbro-Galar, L87, M|100/100\n|move|p2a: Comfey|Calm Mind|p2a: Comfey\n|-boost|p2a: Comfey|spa|1\n|-boost|p2a: Comfey|spd|1\n|\n|-heal|p2a: Comfey|198/225|[from] item: Leftovers\n|upkeep\n|turn|35\n|inactive|Time left: 300 sec this turn | 300 sec total\n|\n|t:|1783561534\n|move|p2a: Comfey|Calm Mind|p2a: Comfey\n|-boost|p2a: Comfey|spa|1\n|-boost|p2a: Comfey|spd|1\n|move|p1a: Slowbro|Shell Side Arm|p2a: Comfey|[anim] Shell Side Arm Physical\n|-supereffective|p2a: Comfey\n|-damage|p2a: Comfey|0 fnt\n|-hint|Physical Shell Side Arm\n|faint|p2a: Comfey\n|\n|upkeep\n|inactive|Time left: 300 sec this turn | 300 sec total | 5 sec grace\n|\n|t:|1783561535\n|switch|p2a: Spiritomb|Spiritomb, L89, F|123/234\n|turn|36\n|inactive|Time left: 300 sec this turn | 300 sec total\n|\n|t:|1783561536\n|switch|p1a: Mightyena|Mightyena, L96, F|53/100 par\n|-ability|p1a: Mightyena|Intimidate|boost\n|-unboost|p2a: Spiritomb|atk|1\n|move|p2a: Spiritomb|Poltergeist|p1a: Mightyena|[miss]\n|-miss|p2a: Spiritomb|p1a: Mightyena\n|\n|-heal|p2a: Spiritomb|137/234|[from] item: Leftovers\n|upkeep\n|turn|37\n|inactive|Time left: 300 sec this turn | 300 sec total\n|\n|t:|1783561537\n|move|p2a: Spiritomb|Foul Play|p1a: Mightyena\n|-resisted|p1a: Mightyena\n|-damage|p1a: Mightyena|32/100 par\n|move|p1a: Mightyena|Play Rough|p2a: Spiritomb\n|-supereffective|p2a: Spiritomb\n|-damage|p2a: Spiritomb|0 fnt\n|faint|p2a: Spiritomb\n|\n|upkeep\n|inactive|Time left: 300 sec this turn | 300 sec total | 5 sec grace\n|\n|t:|1783561538\n|switch|p2a: Vigoroth|Vigoroth, L85, F|6/275 brn\n|turn|38\n|inactive|Time left: 300 sec this turn | 300 sec total\n|\n|t:|1783561539\n|switch|p1a: Grimmsnarl|Grimmsnarl, L83, M|100/100\n|move|p2a: Vigoroth|Body Slam|p1a: Grimmsnarl\n|-damage|p1a: Grimmsnarl|84/100\n|-status|p1a: Grimmsnarl|par\n|\n|-heal|p1a: Grimmsnarl|91/100 par|[from] item: Leftovers\n|-damage|p2a: Vigoroth|0 fnt|[from] brn\n|faint|p2a: Vigoroth\n|upkeep\n|inactive|Time left: 300 sec this turn | 300 sec total | 5 sec grace\n|\n|t:|1783561540\n|switch|p2a: Dragapult|Dragapult, L77, F|262/262\n|turn|39\n|inactive|Time left: 300 sec this turn | 300 sec total\n|\n|t:|1783561541\n|move|p2a: Dragapult|Dragon Dance|p2a: Dragapult\n|-boost|p2a: Dragapult|atk|1\n|-boost|p2a: Dragapult|spe|1\n|move|p1a: Grimmsnarl|Spirit Break|p2a: Dragapult\n|-supereffective|p2a: Dragapult\n|-damage|p2a: Dragapult|28/262\n|\n|-heal|p1a: Grimmsnarl|97/100 par|[from] item: Leftovers\n|upkeep\n|turn|40\n|inactive|Time left: 300 sec this turn | 300 sec total\n|\n|t:|1783561542\n|-terastallize|p1a: Grimmsnarl|Steel\n|move|p2a: Dragapult|Dragon Dance|p2a: Dragapult\n|-boost|p2a: Dragapult|atk|1\n|-boost|p2a: Dragapult|spe|1\n|move|p1a: Grimmsnarl|Spirit Break|p2a: Dragapult\n|-supereffective|p2a: Dragapult\n|-damage|p2a: Dragapult|0 fnt\n|faint|p2a: Dragapult\n|\n|win|p0x192077e1", "uploadtime": 1783561542, "views": 0, "rating": 0, "private": 0, "password": null, "_winner": "p0x192077e1", "_our_name": "p0y1920c4ae"}