{"id": "battle-gen9randombattle-2330", "formatid": "gen9randombattle", "format": "[Gen 9] Random Battle", "players": ["p0x2330eaa8", "p0y23301523"], "log": "|init|battle\n|title|p0x2330eaa8 vs. p0y23301523\n|j|\u2606p0x2330eaa8\n|j|\u2606p0y23301523\n|t:|1783566040\n|gametype|singles\n|player|p1|p0x2330eaa8|1|\n|player|p2|p0y23301523|2|\n|gen|9\n|tier|[Gen 9] Random Battle\n|rule|Species Clause: Limit one of each Pok\u00e9mon\n|rule|HP Percentage Mod: HP is shown in percentages\n|rule|Sleep Clause Mod: Limit one foe put to sleep\n|rule|Illusion Level Mod: Illusion disguises the Pok\u00e9mon's true level\n|\n|t:|1783566040\n|teamsize|p1|6\n|teamsize|p2|6\n|start\n|switch|p1a: Orthworm|Orthworm, L88, F|100/100\n|switch|p2a: Crawdaunt|Crawdaunt, L84, M|243/243\n|turn|1\n|inactive|Battle timer is ON: inactive players will automatically lose when time's up. (requested by p0x2330eaa8)\n|inactive|Time left: 300 sec this turn | 300 sec total | 60 sec grace\n|inactive|p0y23301523 also wants the timer to be on.\n|\n|t:|1783566042\n|move|p1a: Orthworm|Body Press|p2a: Crawdaunt\n|-supereffective|p2a: Crawdaunt\n|-damage|p2a: Crawdaunt|57/243\n|move|p2a: Crawdaunt|Knock Off|p1a: Orthworm\n|-damage|p1a: Orthworm|49/100\n|-enditem|p1a: Orthworm|Leftovers|[from] move: Knock Off|[of] p2a: Crawdaunt\n|-damage|p2a: Crawdaunt|33/243|[from] item: Life Orb\n|\n|upkeep\n|turn|2\n|inactive|Time left: 300 sec this turn | 300 sec total\n|\n|t:|1783566043\n|switch|p2a: Veluza|Veluza, L85, F|292/292\n|move|p1a: Orthworm|Heavy Slam|p2a: Veluza\n|-resisted|p2a: Veluza\n|-damage|p2a: Veluza|247/292\n|\n|upkeep\n|turn|3\n|inactive|Time left: 300 sec this turn | 300 sec total\n|\n|t:|1783566044\n|move|p2a: Veluza|Fillet Away|p2a: Veluza\n|-boost|p2a: Veluza|atk|2\n|-boost|p2a: Veluza|spa|2\n|-boost|p2a: Veluza|spe|2\n|-damage|p2a: Veluza|101/292\n|-enditem|p2a: Veluza|Sitrus Berry|[eat]\n|-heal|p2a: Veluza|174/292|[from] item: Sitrus Berry\n|move|p1a: Orthworm|Stealth Rock|p2a: Veluza\n|-sidestart|p2: p0y23301523|move: Stealth Rock\n|\n|upkeep\n|turn|4\n|inactive|Time left: 300 sec this turn | 300 sec total\n|\n|t:|1783566045\n|move|p2a: Veluza|Aqua Cutter|p1a: Orthworm\n|-damage|p1a: Orthworm|0 fnt\n|faint|p1a: Orthworm\n|\n|upkeep\n|\n|t:|1783566046\n|switch|p1a: Milotic|Milotic, L83, M|100/100\n|turn|5\n|inactive|Time left: 300 sec this turn | 300 sec total\n|\n|t:|1783566047\n|move|p2a: Veluza|Psycho Cut|p1a: Milotic\n|-damage|p1a: Milotic|5/100\n|move|p1a: Milotic|Dragon Tail|p2a: Veluza\n|-damage|p2a: Veluza|143/292\n|drag|p2a: Crawdaunt|Crawdaunt, L84, M|33/243\n|-damage|p2a: Crawdaunt|3/243|[from] Stealth Rock\n|\n|-heal|p1a: Milotic|11/100|[from] item: Leftovers\n|upkeep\n|turn|6\n|inactive|Time left: 300 sec this turn | 300 sec total\n|\n|t:|1783566048\n|move|p2a: Crawdaunt|Aqua Jet|p1a: Milotic\n|-resisted|p1a: Milotic\n|-damage|p1a: Milotic|0 fnt\n|faint|p1a: Milotic\n|-damage|p2a: Crawdaunt|0 fnt|[from] item: Life Orb\n|faint|p2a: Crawdaunt\n|\n|upkeep\n|inactive|Time left: 300 sec this turn | 300 sec total | 5 sec grace\n|\n|t:|1783566049\n|switch|p1a: Greedent|Greedent, L86, M|100/100\n|switch|p2a: Ho-Oh|Ho-Oh, L71|268/268\n|turn|7\n|inactive|Time left: 300 sec this turn | 300 sec total\n|\n|t:|1783566051\n|move|p2a: Ho-Oh|Sacred Fire|p1a: Greedent\n|-damage|p1a: Greedent|76/100\n|-status|p1a: Greedent|brn\n|move|p1a: Greedent|Swords Dance|p1a: Greedent\n|-boost|p1a: Greedent|atk|2\n|\n|-damage|p1a: Greedent|70/100 brn|[from] brn\n|upkeep\n|turn|8\n|inactive|Time left: 300 sec this turn | 300 sec total\n|\n|t:|1783566052\n|switch|p2a: Bellossom|Bellossom, L84, F|263/263\n|-damage|p2a: Bellossom|231/263|[from] Stealth Rock\n|move|p1a: Greedent|Body Slam|p2a: Bellossom\n|-damage|p2a: Bellossom|146/263\n|\n|-heal|p2a: Bellossom|162/263|[from] item: Leftovers\n|-damage|p1a: Greedent|64/100 brn|[from] brn\n|upkeep\n|turn|9\n|inactive|Time left: 300 sec this turn | 300 sec total\n|\n|t:|1783566053\n|move|p2a: Bellossom|Strength Sap|p1a: Greedent\n|-unboost|p1a: Greedent|atk|1\n|-heal|p2a: Bellossom|263/263\n|move|p1a: Greedent|Swords Dance|p1a: Greedent\n|-boost|p1a: Greedent|atk|2\n|\n|-damage|p1a: Greedent|58/100 brn|[from] brn\n|upkeep\n|turn|10\n|inactive|Time left: 300 sec this turn | 300 sec total\n|\n|t:|1783566053\n|move|p2a: Bellossom|Quiver Dance|p2a: Bellossom\n|-boost|p2a: Bellossom|spa|1\n|-boost|p2a: Bellossom|spd|1\n|-boost|p2a: Bellossom|spe|1\n|move|p1a: Greedent|Body Slam|p2a: Bellossom\n|-damage|p2a: Bellossom|162/263\n|-status|p2a: Bellossom|par\n|\n|-heal|p2a: Bellossom|178/263 par|[from] item: Leftovers\n|-damage|p1a: Greedent|52/100 brn|[from] brn\n|upkeep\n|turn|11\n|inactive|Time left: 300 sec this turn | 300 sec total\n|\n|t:|1783566055\n|move|p2a: Bellossom|Giga Drain|p1a: Greedent\n|-damage|p1a: Greedent|15/100 brn\n|-heal|p2a: Bellossom|242/263 par|[from] drain|[of] p1a: Greedent\n|-enditem|p1a: Greedent|Sitrus Berry|[eat]\n|-heal|p1a: Greedent|40/100 brn|[from] item: Sitrus Berry\n|-heal|p1a: Greedent|73/100 brn|[from] ability: Cheek Pouch\n|move|p1a: Greedent|Body Slam|p2a: Bellossom\n|-damage|p2a: Bellossom|136/263 par\n|\n|-heal|p2a: Bellossom|152/263 par|[from] item: Leftovers\n|-damage|p1a: Greedent|67/100 brn|[from] brn\n|upkeep\n|turn|12\n|inactive|Time left: 300 sec this turn | 300 sec total\n|\n|t:|1783566056\n|move|p2a: Bellossom|Strength Sap|p1a: Greedent\n|-unboost|p1a: Greedent|atk|1\n|-heal|p2a: Bellossom|263/263 par\n|move|p1a: Greedent|Knock Off|p2a: Bellossom\n|-damage|p2a: Bellossom|202/263 par\n|-enditem|p2a: Bellossom|Leftovers|[from] move: Knock Off|[of] p1a: Greedent\n|\n|-damage|p1a: Greedent|61/100 brn|[from] brn\n|upkeep\n|turn|13\n|inactive|Time left: 300 sec this turn | 300 sec total\n|\n|t:|1783566057\n|move|p2a: Bellossom|Giga Drain|p1a: Greedent\n|-damage|p1a: Greedent|24/100 brn\n|-heal|p2a: Bellossom|263/263 par|[from] drain|[of] p1a: Greedent\n|move|p1a: Greedent|Body Slam|p2a: Bellossom\n|-damage|p2a: Bellossom|176/263 par\n|\n|-damage|p1a: Greedent|18/100 brn|[from] brn\n|upkeep\n|turn|14\n|inactive|Time left: 300 sec this turn | 300 sec total\n|\n|t:|1783566058\n|switch|p1a: Goodra|Goodra, L85, M|100/100\n|move|p2a: Bellossom|Strength Sap|p1a: Goodra\n|-ability|p1a: Goodra|Sap Sipper|boost\n|-boost|p1a: Goodra|atk|1\n|\n|upkeep\n|turn|15\n|inactive|Time left: 300 sec this turn | 300 sec total\n|\n|t:|1783566059\n|move|p1a: Goodra|Power Whip|p2a: Bellossom\n|-resisted|p2a: Bellossom\n|-damage|p2a: Bellossom|110/263 par\n|cant|p2a: Bellossom|par\n|\n|upkeep\n|turn|16\n|inactive|Time left: 300 sec this turn | 300 sec total\n|\n|t:|1783566060\n|move|p1a: Goodra|Earthquake|p2a: Bellossom\n|-resisted|p2a: Bellossom\n|-damage|p2a: Bellossom|53/263 par\n|move|p2a: Bellossom|Tera Blast|p1a: Goodra\n|-damage|p1a: Goodra|88/100\n|\n|upkeep\n|turn|17\n|inactive|Time left: 300 sec this turn | 300 sec total\n|\n|t:|1783566062\n|switch|p2a: Ho-Oh|Ho-Oh, L71|268/268\n|move|p1a: Goodra|Power Whip|p2a: Ho-Oh\n|-resisted|p2a: Ho-Oh\n|-damage|p2a: Ho-Oh|229/268\n|\n|upkeep\n|turn|18\n|inactive|Time left: 300 sec this turn | 300 sec total\n|\n|t:|1783566063\n|move|p1a: Goodra|Scald|p2a: Ho-Oh\n|-supereffective|p2a: Ho-Oh\n|-damage|p2a: Ho-Oh|131/268\n|move|p2a: Ho-Oh|Sacred Fire|p1a: Goodra\n|-resisted|p1a: Goodra\n|-damage|p1a: Goodra|70/100\n|\n|upkeep\n|turn|19\n|inactive|Time left: 300 sec this turn | 300 sec total\n|\n|t:|1783566064\n|-terastallize|p1a: Goodra|Water\n|move|p1a: Goodra|Scald|p2a: Ho-Oh\n|-supereffective|p2a: Ho-Oh\n|-damage|p2a: Ho-Oh|0 fnt\n|faint|p2a: Ho-Oh\n|\n|upkeep\n|inactive|Time left: 300 sec this turn | 300 sec total | 5 sec grace\n|\n|t:|1783566066\n|switch|p2a: Ariados|Ariados, L95, F|287/287\n|turn|20\n|inactive|Time left: 300 sec this turn | 300 sec total\n|\n|t:|1783566066\n|move|p1a: Goodra|Scald|p2a: Ariados\n|-damage|p2a: Ariados|176/287\n|move|p2a: Ariados|Sticky Web|p1a: Goodra\n|-sidestart|p1: p0x2330eaa8|move: Sticky Web\n|\n|upkeep\n|turn|21\n|inactive|Time left: 300 sec this turn | 300 sec total\n|\n|t:|1783566068\n|move|p1a: Goodra|Scald|p2a: Ariados\n|-damage|p2a: Ariados|65/287\n|move|p2a: Ariados|Poison Jab|p1a: Goodra\n|-damage|p1a: Goodra|33/100\n|\n|upkeep\n|turn|22\n|inactive|Time left: 300 sec this turn | 300 sec total\n|\n|t:|1783566069\n|switch|p2a: Bellossom|Bellossom, L84, F|53/263 par\n|-damage|p2a: Bellossom|21/263 par|[from] Stealth Rock\n|move|p1a: Goodra|Scald|p2a: Bellossom\n|-resisted|p2a: Bellossom\n|-damage|p2a: Bellossom|0 fnt\n|faint|p2a: Bellossom\n|\n|upkeep\n|inactive|Time left: 300 sec this turn | 300 sec total | 5 sec grace\n|\n|t:|1783566070\n|switch|p2a: Veluza|Veluza, L85, F|143/292\n|-damage|p2a: Veluza|107/292|[from] Stealth Rock\n|turn|23\n|inactive|Time left: 300 sec this turn | 300 sec total\n|\n|t:|1783566071\n|move|p1a: Goodra|Earthquake|p2a: Veluza\n|-crit|p2a: Veluza\n|-damage|p2a: Veluza|0 fnt\n|faint|p2a: Veluza\n|\n|upkeep\n|inactive|Time left: 300 sec this turn | 300 sec total | 5 sec grace\n|\n|t:|1783566072\n|switch|p2a: Ariados|Ariados, L95, F|65/287\n|turn|24\n|inactive|Time left: 300 sec this turn | 300 sec total\n|\n|t:|1783566073\n|move|p1a: Goodra|Scald|p2a: Ariados\n|-damage|p2a: Ariados|0 fnt\n|faint|p2a: Ariados\n|\n|upkeep\n|inactive|Time left: 300 sec this turn | 300 sec total | 5 sec grace\n|\n|t:|1783566074\n|switch|p2a: Emboar|Emboar, L84, F|322/322\n|-damage|p2a: Emboar|282/322|[from] Stealth Rock\n|turn|25\n|inactive|Time left: 300 sec this turn | 300 sec total\n|\n|t:|1783566075\n|-terastallize|p2a: Emboar|Fire\n|move|p1a: Goodra|Earthquake|p2a: Emboar\n|-supereffective|p2a: Emboar\n|-damage|p2a: Emboar|0 fnt\n|faint|p2a: Emboar\n|\n|win|p0x2330eaa8", "uploadtime": 1783566075, "views": 0, "rating": 0, "private": 0, "password": null, "_winner": "p0x2330eaa8", "_our_name": "p0y23301523"}