{"id": "battle-gen9randombattle-2099", "formatid": "gen9randombattle", "format": "[Gen 9] Random Battle", "players": ["p0x2099bf40", "p0y20991187"], "log": "|init|battle\n|title|p0x2099bf40 vs. p0y20991187\n|j|\u2606p0x2099bf40\n|j|\u2606p0y20991187\n|t:|1783564307\n|gametype|singles\n|player|p1|p0x2099bf40|266|\n|player|p2|p0y20991187|170|\n|gen|9\n|tier|[Gen 9] Random Battle\n|rule|Species Clause: Limit one of each Pok\u00e9mon\n|rule|HP Percentage Mod: HP is shown in percentages\n|rule|Sleep Clause Mod: Limit one foe put to sleep\n|rule|Illusion Level Mod: Illusion disguises the Pok\u00e9mon's true level\n|\n|t:|1783564307\n|teamsize|p1|6\n|teamsize|p2|6\n|start\n|switch|p1a: Gogoat|Gogoat, L88, F|360/360\n|switch|p2a: Gastrodon|Gastrodon-East, L86, M|100/100\n|turn|1\n|inactive|Battle timer is ON: inactive players will automatically lose when time's up. (requested by p0y20991187)\n|inactive|Time left: 300 sec this turn | 300 sec total | 60 sec grace\n|inactive|p0x2099bf40 also wants the timer to be on.\n|\n|t:|1783564309\n|switch|p2a: Wyrdeer|Wyrdeer, L87, F|100/100\n|-ability|p2a: Wyrdeer|Intimidate|boost\n|-unboost|p1a: Gogoat|atk|1\n|move|p1a: Gogoat|Horn Leech|p2a: Wyrdeer\n|-damage|p2a: Wyrdeer|79/100\n|\n|-heal|p2a: Wyrdeer|85/100|[from] item: Leftovers\n|upkeep\n|turn|2\n|inactive|Time left: 300 sec this turn | 300 sec total\n|\n|t:|1783564310\n|move|p1a: Gogoat|Bulk Up|p1a: Gogoat\n|-boost|p1a: Gogoat|atk|1\n|-boost|p1a: Gogoat|def|1\n|move|p2a: Wyrdeer|Megahorn|p1a: Gogoat\n|-supereffective|p1a: Gogoat\n|-crit|p1a: Gogoat\n|-damage|p1a: Gogoat|4/360\n|\n|-heal|p1a: Gogoat|26/360|[from] item: Leftovers\n|-heal|p2a: Wyrdeer|91/100|[from] item: Leftovers\n|upkeep\n|turn|3\n|inactive|Time left: 300 sec this turn | 300 sec total\n|\n|t:|1783564311\n|move|p1a: Gogoat|Milk Drink|p1a: Gogoat\n|-heal|p1a: Gogoat|206/360\n|move|p2a: Wyrdeer|Psychic Noise|p1a: Gogoat\n|-damage|p1a: Gogoat|110/360\n|-start|p1a: Gogoat|move: Heal Block\n|\n|-heal|p2a: Wyrdeer|98/100|[from] item: Leftovers\n|upkeep\n|turn|4\n|inactive|Time left: 300 sec this turn | 300 sec total\n|\n|t:|1783564312\n|switch|p1a: Kommo-o|Kommo-o, L77, M|242/242\n|move|p2a: Wyrdeer|Megahorn|p1a: Kommo-o\n|-resisted|p1a: Kommo-o\n|-damage|p1a: Kommo-o|205/242\n|\n|-heal|p2a: Wyrdeer|100/100|[from] item: Leftovers\n|upkeep\n|turn|5\n|inactive|Time left: 300 sec this turn | 300 sec total\n|\n|t:|1783564313\n|move|p1a: Kommo-o|Clangorous Soul|p1a: Kommo-o\n|-boost|p1a: Kommo-o|atk|1\n|-boost|p1a: Kommo-o|def|1\n|-boost|p1a: Kommo-o|spa|1\n|-boost|p1a: Kommo-o|spd|1\n|-boost|p1a: Kommo-o|spe|1\n|-damage|p1a: Kommo-o|126/242\n|-enditem|p1a: Kommo-o|Throat Spray\n|-boost|p1a: Kommo-o|spa|1|[from] item: Throat Spray\n|move|p2a: Wyrdeer|Megahorn|p1a: Kommo-o\n|-resisted|p1a: Kommo-o\n|-damage|p1a: Kommo-o|98/242\n|\n|upkeep\n|turn|6\n|inactive|Time left: 300 sec this turn | 300 sec total\n|\n|t:|1783564314\n|switch|p2a: Venusaur|Venusaur, L84, F|100/100\n|move|p1a: Kommo-o|Drain Punch|p2a: Venusaur\n|-resisted|p2a: Venusaur\n|-damage|p2a: Venusaur|80/100\n|-heal|p1a: Kommo-o|127/242|[from] drain|[of] p2a: Venusaur\n|\n|-heal|p2a: Venusaur|86/100|[from] item: Leftovers\n|upkeep\n|turn|7\n|inactive|Time left: 300 sec this turn | 300 sec total\n|\n|t:|1783564315\n|-terastallize|p1a: Kommo-o|Normal\n|move|p1a: Kommo-o|Boomburst|p2a: Venusaur\n|-damage|p2a: Venusaur|4/100\n|move|p2a: Venusaur|Leech Seed|p1a: Kommo-o\n|-start|p1a: Kommo-o|move: Leech Seed\n|\n|-heal|p2a: Venusaur|10/100|[from] item: Leftovers\n|-damage|p1a: Kommo-o|97/242|[from] Leech Seed|[of] p2a: Venusaur\n|-heal|p2a: Venusaur|21/100|[silent]\n|upkeep\n|turn|8\n|inactive|Time left: 300 sec this turn | 300 sec total\n|\n|t:|1783564316\n|move|p1a: Kommo-o|Boomburst|p2a: Venusaur\n|-damage|p2a: Venusaur|0 fnt\n|faint|p2a: Venusaur\n|\n|upkeep\n|\n|t:|1783564317\n|switch|p2a: Gastrodon|Gastrodon-East, L86, M|100/100\n|turn|9\n|inactive|Time left: 300 sec this turn | 300 sec total\n|\n|t:|1783564318\n|move|p1a: Kommo-o|Boomburst|p2a: Gastrodon\n|-damage|p2a: Gastrodon|20/100\n|move|p2a: Gastrodon|Recover|p2a: Gastrodon\n|-heal|p2a: Gastrodon|70/100\n|\n|-heal|p2a: Gastrodon|76/100|[from] item: Leftovers\n|-damage|p1a: Kommo-o|67/242|[from] Leech Seed|[of] p2a: Gastrodon\n|-heal|p2a: Gastrodon|85/100|[silent]\n|upkeep\n|turn|10\n|inactive|Time left: 300 sec this turn | 300 sec total\n|\n|t:|1783564319\n|-terastallize|p2a: Gastrodon|Poison\n|move|p1a: Kommo-o|Boomburst|p2a: Gastrodon\n|-damage|p2a: Gastrodon|7/100\n|move|p2a: Gastrodon|Sludge Bomb|p1a: Kommo-o\n|-damage|p1a: Kommo-o|10/242\n|\n|-heal|p2a: Gastrodon|13/100|[from] item: Leftovers\n|-damage|p1a: Kommo-o|0 fnt|[from] Leech Seed|[of] p2a: Gastrodon\n|-heal|p2a: Gastrodon|17/100|[silent]\n|faint|p1a: Kommo-o\n|upkeep\n|inactive|Time left: 300 sec this turn | 300 sec total | 5 sec grace\n|\n|t:|1783564320\n|switch|p1a: Haxorus|Haxorus, L77, M|244/244\n|-ability|p1a: Haxorus|Mold Breaker\n|turn|11\n|inactive|Time left: 300 sec this turn | 300 sec total\n|\n|t:|1783564321\n|switch|p2a: Wyrdeer|Wyrdeer, L87, F|100/100\n|-ability|p2a: Wyrdeer|Intimidate|boost\n|-unboost|p1a: Haxorus|atk|1\n|move|p1a: Haxorus|Outrage|p2a: Wyrdeer\n|-damage|p2a: Wyrdeer|67/100\n|\n|-heal|p2a: Wyrdeer|74/100|[from] item: Leftovers\n|upkeep\n|turn|12\n|inactive|Time left: 300 sec this turn | 300 sec total\n|\n|t:|1783564322\n|move|p1a: Haxorus|Outrage|p2a: Wyrdeer|[from] lockedmove\n|-damage|p2a: Wyrdeer|42/100\n|-start|p1a: Haxorus|confusion|[fatigue]\n|-enditem|p1a: Haxorus|Lum Berry|[eat]\n|-end|p1a: Haxorus|confusion\n|move|p2a: Wyrdeer|Psychic Noise|p1a: Haxorus\n|-damage|p1a: Haxorus|118/244\n|-start|p1a: Haxorus|move: Heal Block\n|\n|-heal|p2a: Wyrdeer|48/100|[from] item: Leftovers\n|upkeep\n|turn|13\n|inactive|Time left: 300 sec this turn | 300 sec total\n|\n|t:|1783564322\n|move|p1a: Haxorus|Outrage|p2a: Wyrdeer\n|-damage|p2a: Wyrdeer|16/100\n|move|p2a: Wyrdeer|Thunder Wave|p1a: Haxorus\n|-status|p1a: Haxorus|par\n|\n|-heal|p2a: Wyrdeer|22/100|[from] item: Leftovers\n|-end|p1a: Haxorus|move: Heal Block\n|upkeep\n|turn|14\n|inactive|Time left: 300 sec this turn | 300 sec total\n|\n|t:|1783564323\n|move|p2a: Wyrdeer|Psychic Noise|p1a: Haxorus\n|-damage|p1a: Haxorus|7/244 par\n|-start|p1a: Haxorus|move: Heal Block\n|move|p1a: Haxorus|Outrage|p2a: Wyrdeer|[from] lockedmove\n|-damage|p2a: Wyrdeer|0 fnt\n|faint|p2a: Wyrdeer\n|\n|upkeep\n|\n|t:|1783564324\n|switch|p2a: Gastrodon|Gastrodon-East, L86, M, tera:Poison|17/100\n|turn|15\n|inactive|Time left: 300 sec this turn | 300 sec total\n|\n|t:|1783564325\n|move|p2a: Gastrodon|Recover|p2a: Gastrodon\n|-heal|p2a: Gastrodon|67/100\n|move|p1a: Haxorus|Outrage|p2a: Gastrodon|[from] lockedmove\n|-damage|p2a: Gastrodon|33/100\n|-start|p1a: Haxorus|confusion|[fatigue]\n|\n|-heal|p2a: Gastrodon|39/100|[from] item: Leftovers\n|-end|p1a: Haxorus|move: Heal Block\n|upkeep\n|turn|16\n|inactive|Time left: 300 sec this turn | 300 sec total\n|\n|t:|1783564327\n|switch|p1a: Gallade|Gallade, L80, M|240/240\n|move|p2a: Gastrodon|Recover|p2a: Gastrodon\n|-heal|p2a: Gastrodon|89/100\n|\n|-heal|p2a: Gastrodon|95/100|[from] item: Leftovers\n|upkeep\n|turn|17\n|inactive|Time left: 300 sec this turn | 300 sec total\n|\n|t:|1783564328\n|switch|p2a: Mew|Mew, L82|100/100\n|move|p1a: Gallade|Psycho Cut|p2a: Mew\n|-resisted|p2a: Mew\n|-damage|p2a: Mew|77/100\n|-damage|p1a: Gallade|216/240|[from] item: Life Orb\n|\n|-heal|p2a: Mew|83/100|[from] item: Leftovers\n|upkeep\n|turn|18\n|inactive|Time left: 300 sec this turn | 300 sec total\n|\n|t:|1783564329\n|move|p2a: Mew|Knock Off|p1a: Gallade\n|-damage|p1a: Gallade|125/240\n|-enditem|p1a: Gallade|Life Orb|[from] move: Knock Off|[of] p2a: Mew\n|move|p1a: Gallade|Night Slash|p2a: Mew\n|-supereffective|p2a: Mew\n|-damage|p2a: Mew|29/100\n|\n|-heal|p2a: Mew|35/100|[from] item: Leftovers\n|upkeep\n|turn|19\n|inactive|Time left: 300 sec this turn | 300 sec total\n|\n|t:|1783564331\n|move|p2a: Mew|Psychic Noise|p1a: Gallade\n|-damage|p1a: Gallade|53/240\n|-start|p1a: Gallade|move: Heal Block\n|move|p1a: Gallade|Night Slash|p2a: Mew\n|-supereffective|p2a: Mew\n|-damage|p2a: Mew|0 fnt\n|faint|p2a: Mew\n|\n|upkeep\n|\n|t:|1783564332\n|switch|p2a: Basculin|Basculin, L86, F|100/100\n|turn|20\n|inactive|Time left: 300 sec this turn | 300 sec total\n|\n|t:|1783564334\n|switch|p1a: Haxorus|Haxorus, L77, M|7/244 par\n|-ability|p1a: Haxorus|Mold Breaker\n|move|p2a: Basculin|Wave Crash|p1a: Haxorus\n|-resisted|p1a: Haxorus\n|-damage|p1a: Haxorus|0 fnt\n|faint|p1a: Haxorus\n|-damage|p2a: Basculin|99/100|[from] Recoil\n|\n|upkeep\n|inactive|Time left: 300 sec this turn | 300 sec total | 5 sec grace\n|\n|t:|1783564334\n|switch|p1a: Gogoat|Gogoat, L88, F|110/360\n|turn|21\n|inactive|Time left: 300 sec this turn | 300 sec total\n|\n|t:|1783564336\n|move|p2a: Basculin|Wave Crash|p1a: Gogoat\n|-resisted|p1a: Gogoat\n|-damage|p1a: Gogoat|0 fnt\n|faint|p1a: Gogoat\n|-damage|p2a: Basculin|86/100|[from] Recoil\n|\n|upkeep\n|inactive|Time left: 300 sec this turn | 300 sec total | 5 sec grace\n|\n|t:|1783564336\n|switch|p1a: Garganacl|Garganacl, L80, M|291/291\n|turn|22\n|inactive|Time left: 300 sec this turn | 300 sec total\n|\n|t:|1783564338\n|switch|p1a: Gallade|Gallade, L80, M|53/240\n|move|p2a: Basculin|Wave Crash|p1a: Gallade\n|-damage|p1a: Gallade|0 fnt\n|faint|p1a: Gallade\n|-damage|p2a: Basculin|79/100|[from] Recoil\n|\n|upkeep\n|inactive|Time left: 300 sec this turn | 300 sec total | 5 sec grace\n|\n|t:|1783564339\n|switch|p1a: Skeledirge|Skeledirge, L79, M|294/294\n|turn|23\n|inactive|Time left: 300 sec this turn | 300 sec total\n|\n|t:|1783564340\n|switch|p1a: Garganacl|Garganacl, L80, M|291/291\n|move|p2a: Basculin|Wave Crash|p1a: Garganacl\n|-supereffective|p1a: Garganacl\n|-damage|p1a: Garganacl|0 fnt\n|faint|p1a: Garganacl\n|-damage|p2a: Basculin|43/100|[from] Recoil\n|\n|upkeep\n|inactive|Time left: 300 sec this turn | 300 sec total | 5 sec grace\n|\n|t:|1783564340\n|switch|p1a: Skeledirge|Skeledirge, L79, M|294/294\n|turn|24\n|inactive|Time left: 300 sec this turn | 300 sec total\n|\n|t:|1783564341\n|move|p2a: Basculin|Wave Crash|p1a: Skeledirge\n|-supereffective|p1a: Skeledirge\n|-crit|p1a: Skeledirge\n|-damage|p1a: Skeledirge|0 fnt\n|faint|p1a: Skeledirge\n|-damage|p2a: Basculin|5/100|[from] Recoil\n|\n|win|p0y20991187", "uploadtime": 1783564341, "views": 0, "rating": 0, "private": 0, "password": null, "_winner": "p0y20991187", "_our_name": "p0x2099bf40"}