{"id": "battle-gen9randombattle-1593", "formatid": "gen9randombattle", "format": "[Gen 9] Random Battle", "players": ["p0x1593c5c9", "p0y15935947"], "log": "|init|battle\n|title|p0x1593c5c9 vs. p0y15935947\n|j|\u2606p0x1593c5c9\n|j|\u2606p0y15935947\n|t:|1783557671\n|gametype|singles\n|player|p1|p0x1593c5c9|102|\n|player|p2|p0y15935947|2|\n|gen|9\n|tier|[Gen 9] Random Battle\n|rule|Species Clause: Limit one of each Pok\u00e9mon\n|rule|HP Percentage Mod: HP is shown in percentages\n|rule|Sleep Clause Mod: Limit one foe put to sleep\n|rule|Illusion Level Mod: Illusion disguises the Pok\u00e9mon's true level\n|\n|t:|1783557671\n|teamsize|p1|6\n|teamsize|p2|6\n|start\n|switch|p1a: Camerupt|Camerupt, L91, F|275/275\n|switch|p2a: Muk|Muk, L86, M|100/100\n|turn|1\n|inactive|Battle timer is ON: inactive players will automatically lose when time's up. (requested by p0y15935947)\n|inactive|Time left: 300 sec this turn | 300 sec total | 60 sec grace\n|inactive|p0x1593c5c9 also wants the timer to be on.\n|\n|t:|1783557673\n|move|p2a: Muk|Knock Off|p1a: Camerupt\n|-damage|p1a: Camerupt|198/275\n|-enditem|p1a: Camerupt|Leftovers|[from] move: Knock Off|[of] p2a: Muk\n|move|p1a: Camerupt|Earthquake|p2a: Muk\n|-supereffective|p2a: Muk\n|-damage|p2a: Muk|12/100\n|\n|-heal|p2a: Muk|18/100|[from] item: Leftovers\n|upkeep\n|turn|2\n|inactive|Time left: 300 sec this turn | 300 sec total\n|\n|t:|1783557674\n|move|p2a: Muk|Knock Off|p1a: Camerupt\n|-damage|p1a: Camerupt|143/275\n|-status|p1a: Camerupt|psn|[from] ability: Poison Touch|[of] p2a: Muk\n|move|p1a: Camerupt|Earthquake|p2a: Muk\n|-supereffective|p2a: Muk\n|-damage|p2a: Muk|0 fnt\n|faint|p2a: Muk\n|\n|-damage|p1a: Camerupt|109/275 psn|[from] psn\n|upkeep\n|\n|t:|1783557674\n|switch|p2a: Glimmora|Glimmora, L75, F|100/100\n|turn|3\n|inactive|Time left: 300 sec this turn | 300 sec total\n|\n|t:|1783557675\n|move|p2a: Glimmora|Meteor Beam||[still]\n|-prepare|p2a: Glimmora|Meteor Beam\n|-boost|p2a: Glimmora|spa|1\n|-enditem|p2a: Glimmora|Power Herb\n|-anim|p2a: Glimmora|Meteor Beam|p1a: Camerupt\n|-damage|p1a: Camerupt|0 fnt\n|faint|p1a: Camerupt\n|\n|upkeep\n|inactive|Time left: 300 sec this turn | 300 sec total | 5 sec grace\n|\n|t:|1783557676\n|switch|p1a: Stonjourner|Stonjourner, L91, M|330/330\n|turn|4\n|inactive|Time left: 300 sec this turn | 300 sec total\n|\n|t:|1783557677\n|-terastallize|p2a: Glimmora|Grass\n|move|p1a: Stonjourner|Earthquake|p2a: Glimmora\n|-resisted|p2a: Glimmora\n|-damage|p2a: Glimmora|74/100\n|-activate|p2a: Glimmora|ability: Toxic Debris\n|-sidestart|p1: p0x1593c5c9|move: Toxic Spikes\n|-damage|p1a: Stonjourner|297/330|[from] item: Life Orb\n|move|p2a: Glimmora|Earth Power|p1a: Stonjourner\n|-supereffective|p1a: Stonjourner\n|-damage|p1a: Stonjourner|0 fnt\n|faint|p1a: Stonjourner\n|\n|upkeep\n|inactive|Time left: 300 sec this turn | 300 sec total | 5 sec grace\n|\n|t:|1783557678\n|switch|p1a: Volcanion|Volcanion, L79|256/256\n|turn|5\n|inactive|Time left: 300 sec this turn | 300 sec total\n|\n|t:|1783557679\n|move|p2a: Glimmora|Earth Power|p1a: Volcanion\n|-supereffective|p1a: Volcanion\n|-damage|p1a: Volcanion|40/256\n|move|p1a: Volcanion|Flamethrower|p2a: Glimmora\n|-supereffective|p2a: Glimmora\n|-damage|p2a: Glimmora|0 fnt\n|faint|p2a: Glimmora\n|\n|upkeep\n|\n|t:|1783557680\n|switch|p2a: Delibird|Delibird, F|100/100\n|turn|6\n|inactive|Time left: 300 sec this turn | 300 sec total\n|\n|t:|1783557681\n|move|p2a: Delibird|Brave Bird|p1a: Volcanion\n|-damage|p1a: Volcanion|0 fnt\n|faint|p1a: Volcanion\n|-damage|p2a: Delibird|95/100|[from] Recoil\n|\n|upkeep\n|inactive|Time left: 300 sec this turn | 300 sec total | 5 sec grace\n|\n|t:|1783557682\n|switch|p1a: Kommo-o|Kommo-o, L77, M|242/242\n|-status|p1a: Kommo-o|psn\n|turn|7\n|inactive|Time left: 300 sec this turn | 300 sec total\n|\n|t:|1783557683\n|switch|p2a: Mudsdale|Mudsdale, L83, M|100/100\n|-terastallize|p1a: Kommo-o|Steel\n|move|p1a: Kommo-o|Swords Dance|p1a: Kommo-o\n|-boost|p1a: Kommo-o|atk|2\n|\n|-damage|p1a: Kommo-o|212/242 psn|[from] psn\n|upkeep\n|turn|8\n|inactive|Time left: 300 sec this turn | 300 sec total\n|\n|t:|1783557684\n|move|p1a: Kommo-o|Close Combat|p2a: Mudsdale\n|-damage|p2a: Mudsdale|26/100\n|-unboost|p1a: Kommo-o|def|1\n|-unboost|p1a: Kommo-o|spd|1\n|-ability|p2a: Mudsdale|Stamina|boost\n|-boost|p2a: Mudsdale|def|1\n|move|p2a: Mudsdale|Earthquake|p1a: Kommo-o\n|-supereffective|p1a: Kommo-o\n|-damage|p1a: Kommo-o|0 fnt\n|faint|p1a: Kommo-o\n|\n|-heal|p2a: Mudsdale|32/100|[from] item: Leftovers\n|upkeep\n|inactive|Time left: 300 sec this turn | 300 sec total | 5 sec grace\n|\n|t:|1783557685\n|switch|p1a: Dipplin|Dipplin, L88, F|284/284\n|-status|p1a: Dipplin|psn\n|turn|9\n|inactive|Time left: 300 sec this turn | 300 sec total\n|\n|t:|1783557686\n|switch|p2a: Tsareena|Tsareena, L87, F|100/100\n|move|p1a: Dipplin|Dragon Pulse|p2a: Tsareena\n|-damage|p2a: Tsareena|70/100\n|\n|-damage|p1a: Dipplin|249/284 psn|[from] psn\n|upkeep\n|turn|10\n|inactive|Time left: 300 sec this turn | 300 sec total\n|\n|t:|1783557687\n|move|p2a: Tsareena|U-turn|p1a: Dipplin\n|-supereffective|p1a: Dipplin\n|-damage|p1a: Dipplin|151/284 psn\n|\n|t:|1783557688\n|switch|p2a: Delibird|Delibird, F|95/100|[from] U-turn\n|move|p1a: Dipplin|Dragon Pulse|p2a: Delibird\n|-damage|p2a: Delibird|41/100\n|\n|-damage|p1a: Dipplin|116/284 psn|[from] psn\n|upkeep\n|turn|11\n|inactive|Time left: 300 sec this turn | 300 sec total\n|\n|t:|1783557689\n|move|p1a: Dipplin|Sucker Punch|p2a: Delibird\n|-damage|p2a: Delibird|16/100\n|move|p2a: Delibird|Freeze-Dry|p1a: Dipplin\n|-supereffective|p1a: Dipplin\n|-damage|p1a: Dipplin|0 fnt\n|faint|p1a: Dipplin\n|\n|upkeep\n|inactive|Time left: 300 sec this turn | 300 sec total | 5 sec grace\n|\n|t:|1783557690\n|switch|p1a: Illumise|Illumise, L91, F|266/266\n|turn|12\n|inactive|Time left: 300 sec this turn | 300 sec total\n|\n|t:|1783557692\n|switch|p2a: Camerupt|Camerupt, L91, F|100/100\n|move|p1a: Illumise|Bug Buzz|p2a: Camerupt\n|-resisted|p2a: Camerupt\n|-damage|p2a: Camerupt|83/100\n|\n|-heal|p2a: Camerupt|89/100|[from] item: Leftovers\n|upkeep\n|turn|13\n|inactive|Time left: 300 sec this turn | 300 sec total\n|\n|t:|1783557692\n|move|p1a: Illumise|Encore||[still]\n|-fail|p1a: Illumise\n|move|p2a: Camerupt|Overheat|p1a: Illumise\n|-supereffective|p1a: Illumise\n|-damage|p1a: Illumise|0 fnt\n|-unboost|p2a: Camerupt|spa|2\n|faint|p1a: Illumise\n|\n|win|p0y15935947", "uploadtime": 1783557692, "views": 0, "rating": 0, "private": 0, "password": null, "_winner": "p0y15935947", "_our_name": "p0x1593c5c9"}