{"id": "battle-gen9randombattle-2388", "formatid": "gen9randombattle", "format": "[Gen 9] Random Battle", "players": ["p0x2388c48a", "p0y238870bd"], "log": "|init|battle\n|title|p0x2388c48a vs. p0y238870bd\n|j|\u2606p0x2388c48a\n|j|\u2606p0y238870bd\n|t:|1783566707\n|gametype|singles\n|player|p1|p0x2388c48a|102|\n|player|p2|p0y238870bd|265|\n|gen|9\n|tier|[Gen 9] Random Battle\n|rule|Species Clause: Limit one of each Pok\u00e9mon\n|rule|HP Percentage Mod: HP is shown in percentages\n|rule|Sleep Clause Mod: Limit one foe put to sleep\n|rule|Illusion Level Mod: Illusion disguises the Pok\u00e9mon's true level\n|\n|t:|1783566707\n|teamsize|p1|6\n|teamsize|p2|6\n|start\n|switch|p1a: Trevenant|Trevenant, L89, F|296/296\n|switch|p2a: Vaporeon|Vaporeon, L86, M|100/100\n|turn|1\n|inactive|Battle timer is ON: inactive players will automatically lose when time's up. (requested by p0y238870bd)\n|inactive|Time left: 300 sec this turn | 300 sec total | 60 sec grace\n|inactive|p0x2388c48a also wants the timer to be on.\n|\n|t:|1783566709\n|move|p2a: Vaporeon|Calm Mind|p2a: Vaporeon\n|-boost|p2a: Vaporeon|spa|1\n|-boost|p2a: Vaporeon|spd|1\n|move|p1a: Trevenant|Poltergeist|p2a: Vaporeon\n|-activate|p2a: Vaporeon|move: Poltergeist|Leftovers\n|-damage|p2a: Vaporeon|35/100\n|-damage|p1a: Trevenant|267/296|[from] item: Life Orb\n|\n|-heal|p2a: Vaporeon|41/100|[from] item: Leftovers\n|upkeep\n|turn|2\n|inactive|Time left: 300 sec this turn | 300 sec total\n|\n|t:|1783566710\n|move|p2a: Vaporeon|Protect|p2a: Vaporeon\n|-singleturn|p2a: Vaporeon|Protect\n|move|p1a: Trevenant|Poltergeist|p2a: Vaporeon\n|-activate|p2a: Vaporeon|move: Protect\n|\n|-heal|p2a: Vaporeon|47/100|[from] item: Leftovers\n|upkeep\n|turn|3\n|inactive|Time left: 300 sec this turn | 300 sec total\n|\n|t:|1783566711\n|move|p2a: Vaporeon|Scald|p1a: Trevenant\n|-resisted|p1a: Trevenant\n|-damage|p1a: Trevenant|194/296\n|-status|p1a: Trevenant|brn\n|move|p1a: Trevenant|Horn Leech|p2a: Vaporeon\n|-supereffective|p2a: Vaporeon\n|-damage|p2a: Vaporeon|0 fnt\n|-heal|p1a: Trevenant|279/296 brn|[from] drain|[of] p2a: Vaporeon\n|faint|p2a: Vaporeon\n|-damage|p1a: Trevenant|250/296 brn|[from] item: Life Orb\n|\n|-damage|p1a: Trevenant|232/296 brn|[from] brn\n|upkeep\n|\n|t:|1783566712\n|switch|p2a: Salamence|Salamence, L77, M|100/100\n|-ability|p2a: Salamence|Intimidate|boost\n|-unboost|p1a: Trevenant|atk|1\n|turn|4\n|inactive|Time left: 300 sec this turn | 300 sec total\n|\n|t:|1783566713\n|-curestatus|p1a: Trevenant|brn|[from] ability: Natural Cure|[silent]\n|switch|p1a: Delibird|Delibird, M|252/252\n|move|p2a: Salamence|Dragon Dance|p2a: Salamence\n|-boost|p2a: Salamence|atk|1\n|-boost|p2a: Salamence|spe|1\n|\n|upkeep\n|turn|5\n|inactive|Time left: 300 sec this turn | 300 sec total\n|\n|t:|1783566714\n|switch|p1a: Trevenant|Trevenant, L89, F|232/296\n|-terastallize|p2a: Salamence|Ground\n|move|p2a: Salamence|Outrage|p1a: Trevenant\n|-damage|p1a: Trevenant|0 fnt\n|faint|p1a: Trevenant\n|\n|upkeep\n|inactive|Time left: 300 sec this turn | 300 sec total | 5 sec grace\n|\n|t:|1783566715\n|switch|p1a: Veluza|Veluza, L85, F|292/292\n|turn|6\n|inactive|Time left: 300 sec this turn | 300 sec total\n|\n|t:|1783566716\n|move|p2a: Salamence|Outrage|p1a: Veluza|[from] lockedmove\n|-damage|p1a: Veluza|70/292\n|-start|p2a: Salamence|confusion|[fatigue]\n|move|p1a: Veluza|Aqua Cutter|p2a: Salamence\n|-supereffective|p2a: Salamence\n|-damage|p2a: Salamence|0 fnt\n|faint|p2a: Salamence\n|\n|upkeep\n|\n|t:|1783566717\n|switch|p2a: Bellossom|Bellossom, L84, F|100/100\n|turn|7\n|inactive|Time left: 300 sec this turn | 300 sec total\n|\n|t:|1783566718\n|switch|p1a: Flareon|Flareon, L90, M|263/263\n|move|p2a: Bellossom|Quiver Dance|p2a: Bellossom\n|-boost|p2a: Bellossom|spa|1\n|-boost|p2a: Bellossom|spd|1\n|-boost|p2a: Bellossom|spe|1\n|\n|-status|p1a: Flareon|tox|[from] item: Toxic Orb\n|upkeep\n|turn|8\n|inactive|Time left: 300 sec this turn | 300 sec total\n|\n|t:|1783566719\n|move|p2a: Bellossom|Strength Sap|p1a: Flareon\n|-unboost|p1a: Flareon|atk|1\n|move|p1a: Flareon|Flare Blitz|p2a: Bellossom\n|-supereffective|p2a: Bellossom\n|-damage|p2a: Bellossom|0 fnt\n|faint|p2a: Bellossom\n|-damage|p1a: Flareon|176/263 tox|[from] Recoil\n|\n|-damage|p1a: Flareon|160/263 tox|[from] psn\n|upkeep\n|\n|t:|1783566720\n|switch|p2a: Braviary|Braviary-Hisui, L85, M|100/100\n|turn|9\n|inactive|Time left: 300 sec this turn | 300 sec total\n|\n|t:|1783566721\n|move|p1a: Flareon|Flare Blitz|p2a: Braviary\n|-damage|p2a: Braviary|34/100\n|-damage|p1a: Flareon|88/263 tox|[from] Recoil\n|move|p2a: Braviary|Agility|p2a: Braviary\n|-boost|p2a: Braviary|spe|2\n|\n|-damage|p1a: Flareon|56/263 tox|[from] psn\n|upkeep\n|turn|10\n|inactive|Time left: 300 sec this turn | 300 sec total\n|\n|t:|1783566721\n|move|p2a: Braviary|Psychic|p1a: Flareon\n|-damage|p1a: Flareon|0 fnt\n|faint|p1a: Flareon\n|\n|upkeep\n|inactive|Time left: 300 sec this turn | 300 sec total | 5 sec grace\n|\n|t:|1783566722\n|switch|p1a: Ceruledge|Ceruledge, L78, F|245/245\n|turn|11\n|inactive|Time left: 300 sec this turn | 300 sec total\n|\n|t:|1783566723\n|-terastallize|p1a: Ceruledge|Ghost\n|move|p1a: Ceruledge|Shadow Sneak|p2a: Braviary\n|-supereffective|p2a: Braviary\n|-damage|p2a: Braviary|0 fnt\n|faint|p2a: Braviary\n|\n|upkeep\n|\n|t:|1783566724\n|switch|p2a: Wigglytuff|Wigglytuff, L96, F|100/100\n|turn|12\n|inactive|Time left: 300 sec this turn | 300 sec total\n|\n|t:|1783566725\n|move|p1a: Ceruledge|Swords Dance|p1a: Ceruledge\n|-boost|p1a: Ceruledge|atk|2\n|move|p2a: Wigglytuff|Knock Off|p1a: Ceruledge\n|-supereffective|p1a: Ceruledge\n|-damage|p1a: Ceruledge|81/245\n|-ability|p1a: Ceruledge|Weak Armor|boost\n|-unboost|p1a: Ceruledge|def|1\n|-boost|p1a: Ceruledge|spe|2\n|-enditem|p1a: Ceruledge|Heavy-Duty Boots|[from] move: Knock Off|[of] p2a: Wigglytuff\n|\n|upkeep\n|turn|13\n|inactive|Time left: 300 sec this turn | 300 sec total\n|\n|t:|1783566726\n|switch|p2a: Houndstone|Houndstone, L86, F|100/100\n|move|p1a: Ceruledge|Bitter Blade|p2a: Houndstone\n|-damage|p2a: Houndstone|27/100\n|-heal|p1a: Ceruledge|178/245|[from] drain|[of] p2a: Houndstone\n|\n|-heal|p2a: Houndstone|33/100|[from] item: Leftovers\n|upkeep\n|turn|14\n|inactive|Time left: 300 sec this turn | 300 sec total\n|\n|t:|1783566727\n|move|p1a: Ceruledge|Swords Dance|p1a: Ceruledge\n|-boost|p1a: Ceruledge|atk|2\n|move|p2a: Houndstone|Poltergeist||[still]\n|-fail|p2a: Houndstone\n|\n|-heal|p2a: Houndstone|40/100|[from] item: Leftovers\n|upkeep\n|turn|15\n|inactive|Time left: 300 sec this turn | 300 sec total\n|\n|t:|1783566728\n|move|p1a: Ceruledge|Bitter Blade|p2a: Houndstone\n|-damage|p2a: Houndstone|0 fnt\n|-heal|p1a: Ceruledge|230/245|[from] drain|[of] p2a: Houndstone\n|faint|p2a: Houndstone\n|\n|upkeep\n|\n|t:|1783566729\n|switch|p2a: Wigglytuff|Wigglytuff, L96, F|100/100\n|turn|16\n|inactive|Time left: 300 sec this turn | 300 sec total\n|\n|t:|1783566730\n|move|p1a: Ceruledge|Bitter Blade|p2a: Wigglytuff\n|-damage|p2a: Wigglytuff|0 fnt\n|-heal|p1a: Ceruledge|245/245|[from] drain|[of] p2a: Wigglytuff\n|faint|p2a: Wigglytuff\n|\n|win|p0x2388c48a", "uploadtime": 1783566730, "views": 0, "rating": 0, "private": 0, "password": null, "_winner": "p0x2388c48a", "_our_name": "p0x2388c48a"}