{"id": "battle-gen9randombattle-180", "formatid": "gen9randombattle", "format": "[Gen 9] Random Battle", "players": ["p0x1803dfd", "p0y180a563"], "log": "|init|battle\n|title|p0x1803dfd vs. p0y180a563\n|j|\u2606p0x1803dfd\n|j|\u2606p0y180a563\n|t:|1783535852\n|gametype|singles\n|player|p1|p0x1803dfd|2|\n|player|p2|p0y180a563|265|\n|gen|9\n|tier|[Gen 9] Random Battle\n|rule|Species Clause: Limit one of each Pok\u00e9mon\n|rule|HP Percentage Mod: HP is shown in percentages\n|rule|Sleep Clause Mod: Limit one foe put to sleep\n|rule|Illusion Level Mod: Illusion disguises the Pok\u00e9mon's true level\n|\n|t:|1783535852\n|teamsize|p1|6\n|teamsize|p2|6\n|start\n|switch|p1a: Magearna|Magearna-Original, L77|250/250\n|switch|p2a: Baxcalibur|Baxcalibur, L75, M|100/100\n|turn|1\n|inactive|Battle timer is ON: inactive players will automatically lose when time's up. (requested by p0x1803dfd)\n|inactive|p0y180a563 also wants the timer to be on.\n|\n|t:|1783535854\n|switch|p1a: Conkeldurr|Conkeldurr, L80, F|299/299\n|-terastallize|p2a: Baxcalibur|Ground\n|move|p2a: Baxcalibur|Earthquake|p1a: Conkeldurr\n|-damage|p1a: Conkeldurr|137/299\n|\n|-status|p1a: Conkeldurr|brn|[from] item: Flame Orb\n|upkeep\n|turn|2\n|inactive|Time left: 300 sec this turn | 300 sec total\n|\n|t:|1783535855\n|switch|p1a: Arboliva|Arboliva, L91, M|288/288\n|move|p2a: Baxcalibur|Earthquake|p1a: Arboliva\n|-resisted|p1a: Arboliva\n|-damage|p1a: Arboliva|209/288\n|\n|upkeep\n|turn|3\n|inactive|Time left: 300 sec this turn | 300 sec total\n|\n|t:|1783535856\n|move|p2a: Baxcalibur|Earthquake|p1a: Arboliva\n|-resisted|p1a: Arboliva\n|-damage|p1a: Arboliva|130/288\n|-enditem|p1a: Arboliva|Sitrus Berry|[eat]\n|-heal|p1a: Arboliva|202/288|[from] item: Sitrus Berry\n|move|p1a: Arboliva|Hyper Voice|p2a: Baxcalibur\n|-damage|p2a: Baxcalibur|50/100\n|\n|-item|p1a: Arboliva|Sitrus Berry|[from] ability: Harvest\n|upkeep\n|turn|4\n|inactive|Time left: 300 sec this turn | 300 sec total\n|\n|t:|1783535857\n|switch|p2a: Pecharunt|Pecharunt, L77|100/100\n|move|p1a: Arboliva|Hyper Voice|p2a: Pecharunt\n|-immune|p2a: Pecharunt\n|\n|upkeep\n|turn|5\n|inactive|Time left: 300 sec this turn | 300 sec total\n|\n|t:|1783535858\n|move|p2a: Pecharunt|Nasty Plot|p2a: Pecharunt\n|-boost|p2a: Pecharunt|spa|2\n|move|p1a: Arboliva|Leech Seed|p2a: Pecharunt\n|-start|p2a: Pecharunt|move: Leech Seed\n|\n|-damage|p2a: Pecharunt|88/100|[from] Leech Seed|[of] p1a: Arboliva\n|-heal|p1a: Arboliva|234/288|[silent]\n|upkeep\n|turn|6\n|inactive|Time left: 300 sec this turn | 300 sec total\n|\n|t:|1783535859\n|switch|p1a: Magearna|Magearna-Original, L77|250/250\n|move|p2a: Pecharunt|Malignant Chain|p1a: Magearna\n|-immune|p1a: Magearna\n|\n|-heal|p2a: Pecharunt|94/100|[from] item: Leftovers\n|-damage|p2a: Pecharunt|82/100|[from] Leech Seed|[of] p1a: Magearna\n|upkeep\n|turn|7\n|inactive|Time left: 300 sec this turn | 300 sec total\n|\n|t:|1783535860\n|move|p2a: Pecharunt|Shadow Ball|p1a: Magearna\n|-damage|p1a: Magearna|142/250\n|move|p1a: Magearna|Spikes|p2a: Pecharunt\n|-sidestart|p2: p0y180a563|Spikes\n|\n|-heal|p2a: Pecharunt|88/100|[from] item: Leftovers\n|-heal|p1a: Magearna|157/250|[from] item: Leftovers\n|-damage|p2a: Pecharunt|76/100|[from] Leech Seed|[of] p1a: Magearna\n|-heal|p1a: Magearna|189/250|[silent]\n|upkeep\n|turn|8\n|inactive|Time left: 300 sec this turn | 300 sec total\n|\n|t:|1783535861\n|move|p2a: Pecharunt|Shadow Ball|p1a: Magearna\n|-damage|p1a: Magearna|66/250\n|-unboost|p1a: Magearna|spd|1\n|move|p1a: Magearna|Flash Cannon|p2a: Pecharunt\n|-damage|p2a: Pecharunt|40/100\n|\n|-heal|p2a: Pecharunt|46/100|[from] item: Leftovers\n|-heal|p1a: Magearna|81/250|[from] item: Leftovers\n|-damage|p2a: Pecharunt|34/100|[from] Leech Seed|[of] p1a: Magearna\n|-heal|p1a: Magearna|113/250|[silent]\n|upkeep\n|turn|9\n|inactive|Time left: 300 sec this turn | 300 sec total\n|\n|t:|1783535862\n|switch|p1a: Farigiraf|Farigiraf, L90, M|362/362\n|move|p2a: Pecharunt|Shadow Ball|p1a: Farigiraf\n|-immune|p1a: Farigiraf\n|\n|-heal|p2a: Pecharunt|40/100|[from] item: Leftovers\n|-damage|p2a: Pecharunt|28/100|[from] Leech Seed|[of] p1a: Farigiraf\n|upkeep\n|turn|10\n|inactive|Time left: 300 sec this turn | 300 sec total\n|\n|t:|1783535863\n|move|p2a: Pecharunt|Malignant Chain|p1a: Farigiraf\n|-damage|p1a: Farigiraf|175/362\n|-status|p1a: Farigiraf|tox\n|-start|p1a: Farigiraf|confusion|[from] ability: Poison Puppeteer|[of] p2a: Pecharunt\n|-activate|p1a: Farigiraf|confusion\n|move|p1a: Farigiraf|Psychic Noise|p2a: Pecharunt\n|-supereffective|p2a: Pecharunt\n|-damage|p2a: Pecharunt|0 fnt\n|faint|p2a: Pecharunt\n|\n|-heal|p1a: Farigiraf|197/362 tox|[from] item: Leftovers\n|-damage|p1a: Farigiraf|175/362 tox|[from] psn\n|upkeep\n|\n|t:|1783535864\n|switch|p2a: Frosmoth|Frosmoth, L82, F|100/100\n|turn|11\n|inactive|Time left: 300 sec this turn | 300 sec total\n|\n|t:|1783535865\n|-activate|p1a: Farigiraf|confusion\n|move|p1a: Farigiraf|Body Slam|p2a: Frosmoth\n|-damage|p2a: Frosmoth|46/100\n|move|p2a: Frosmoth|Quiver Dance|p2a: Frosmoth\n|-boost|p2a: Frosmoth|spa|1\n|-boost|p2a: Frosmoth|spd|1\n|-boost|p2a: Frosmoth|spe|1\n|\n|-heal|p1a: Farigiraf|197/362 tox|[from] item: Leftovers\n|-damage|p1a: Farigiraf|153/362 tox|[from] psn\n|upkeep\n|turn|12\n|inactive|Time left: 300 sec this turn | 300 sec total\n|\n|t:|1783535866\n|switch|p1a: Fezandipiti|Fezandipiti, L82, M|278/278\n|move|p2a: Frosmoth|Ice Beam|p1a: Fezandipiti\n|-damage|p1a: Fezandipiti|139/278\n|\n|-heal|p1a: Fezandipiti|156/278|[from] item: Leftovers\n|upkeep\n|turn|13\n|inactive|Time left: 300 sec this turn | 300 sec total\n|\n|t:|1783535867\n|move|p2a: Frosmoth|Ice Beam|p1a: Fezandipiti\n|-damage|p1a: Fezandipiti|32/278\n|move|p1a: Fezandipiti|Gunk Shot|p2a: Frosmoth\n|-damage|p2a: Frosmoth|0 fnt\n|faint|p2a: Frosmoth\n|\n|-heal|p1a: Fezandipiti|49/278|[from] item: Leftovers\n|upkeep\n|\n|t:|1783535868\n|switch|p2a: Walking Wake|Walking Wake, L79|100/100\n|-damage|p2a: Walking Wake|88/100|[from] Spikes\n|turn|14\n|inactive|Time left: 300 sec this turn | 300 sec total\n|\n|t:|1783535869\n|switch|p1a: Slowking|Slowking, L88, F|310/310\n|move|p2a: Walking Wake|Flamethrower|p1a: Slowking\n|-resisted|p1a: Slowking\n|-damage|p1a: Slowking|266/310\n|\n|upkeep\n|turn|15\n|inactive|Time left: 300 sec this turn | 300 sec total\n|\n|t:|1783535870\n|move|p2a: Walking Wake|Flamethrower|p1a: Slowking\n|-resisted|p1a: Slowking\n|-damage|p1a: Slowking|228/310\n|move|p1a: Slowking|Scald|p2a: Walking Wake\n|-resisted|p2a: Walking Wake\n|-damage|p2a: Walking Wake|78/100\n|-status|p2a: Walking Wake|brn\n|\n|-damage|p2a: Walking Wake|73/100 brn|[from] brn\n|upkeep\n|turn|16\n|inactive|Time left: 300 sec this turn | 300 sec total\n|\n|t:|1783535871\n|move|p2a: Walking Wake|Flamethrower|p1a: Slowking\n|-resisted|p1a: Slowking\n|-damage|p1a: Slowking|186/310\n|move|p1a: Slowking|Scald|p2a: Walking Wake\n|-resisted|p2a: Walking Wake\n|-damage|p2a: Walking Wake|63/100 brn\n|\n|-damage|p2a: Walking Wake|57/100 brn|[from] brn\n|upkeep\n|turn|17\n|inactive|Time left: 300 sec this turn | 300 sec total\n|\n|t:|1783535873\n|move|p2a: Walking Wake|Flamethrower|p1a: Slowking\n|-resisted|p1a: Slowking\n|-damage|p1a: Slowking|146/310\n|move|p1a: Slowking|Slack Off|p1a: Slowking\n|-heal|p1a: Slowking|301/310\n|\n|-damage|p2a: Walking Wake|51/100 brn|[from] brn\n|upkeep\n|turn|18\n|inactive|Time left: 300 sec this turn | 300 sec total\n|\n|t:|1783535874\n|move|p2a: Walking Wake|Flamethrower|p1a: Slowking\n|-resisted|p1a: Slowking\n|-damage|p1a: Slowking|260/310\n|move|p1a: Slowking|Scald|p2a: Walking Wake\n|-resisted|p2a: Walking Wake\n|-damage|p2a: Walking Wake|41/100 brn\n|\n|-damage|p2a: Walking Wake|35/100 brn|[from] brn\n|upkeep\n|turn|19\n|inactive|Time left: 300 sec this turn | 300 sec total\n|\n|t:|1783535875\n|move|p2a: Walking Wake|Flamethrower|p1a: Slowking\n|-resisted|p1a: Slowking\n|-damage|p1a: Slowking|222/310\n|move|p1a: Slowking|Scald|p2a: Walking Wake\n|-resisted|p2a: Walking Wake\n|-damage|p2a: Walking Wake|27/100 brn\n|\n|-damage|p2a: Walking Wake|21/100 brn|[from] brn\n|upkeep\n|turn|20\n|inactive|Time left: 300 sec this turn | 300 sec total\n|\n|t:|1783535876\n|move|p2a: Walking Wake|Flamethrower|p1a: Slowking\n|-resisted|p1a: Slowking\n|-damage|p1a: Slowking|178/310\n|move|p1a: Slowking|Scald|p2a: Walking Wake\n|-resisted|p2a: Walking Wake\n|-damage|p2a: Walking Wake|12/100 brn\n|\n|-damage|p2a: Walking Wake|6/100 brn|[from] brn\n|upkeep\n|turn|21\n|inactive|Time left: 300 sec this turn | 300 sec total\n|\n|t:|1783535877\n|move|p2a: Walking Wake|Flamethrower|p1a: Slowking\n|-resisted|p1a: Slowking\n|-damage|p1a: Slowking|139/310\n|move|p1a: Slowking|Scald|p2a: Walking Wake\n|-resisted|p2a: Walking Wake\n|-damage|p2a: Walking Wake|0 fnt\n|faint|p2a: Walking Wake\n|-end|p2a: Walking Wake|Protosynthesis|[silent]\n|\n|upkeep\n|\n|t:|1783535878\n|switch|p2a: Gumshoos|Gumshoos, L95, M|100/100\n|-damage|p2a: Gumshoos|88/100|[from] Spikes\n|turn|22\n|inactive|Time left: 300 sec this turn | 300 sec total\n|\n|t:|1783535879\n|switch|p1a: Farigiraf|Farigiraf, L90, M|153/362 tox\n|move|p2a: Gumshoos|Double-Edge|p1a: Farigiraf\n|-damage|p1a: Farigiraf|0 fnt\n|faint|p1a: Farigiraf\n|-damage|p2a: Gumshoos|72/100|[from] Recoil\n|\n|upkeep\n|inactive|Time left: 300 sec this turn | 300 sec total | 5 sec grace\n|\n|t:|1783535880\n|switch|p1a: Magearna|Magearna-Original, L77|113/250\n|turn|23\n|inactive|Time left: 300 sec this turn | 300 sec total\n|\n|t:|1783535881\n|move|p1a: Magearna|Fleur Cannon|p2a: Gumshoos|[miss]\n|-miss|p1a: Magearna|p2a: Gumshoos\n|move|p2a: Gumshoos|Double-Edge|p1a: Magearna\n|-resisted|p1a: Magearna\n|-damage|p1a: Magearna|0 fnt\n|faint|p1a: Magearna\n|-damage|p2a: Gumshoos|61/100|[from] Recoil\n|\n|upkeep\n|inactive|Time left: 300 sec this turn | 300 sec total | 5 sec grace\n|\n|t:|1783535881\n|switch|p1a: Fezandipiti|Fezandipiti, L82, M|49/278\n|turn|24\n|inactive|Time left: 300 sec this turn | 300 sec total\n|\n|t:|1783535882\n|move|p1a: Fezandipiti|Gunk Shot|p2a: Gumshoos\n|-damage|p2a: Gumshoos|17/100\n|move|p2a: Gumshoos|Double-Edge|p1a: Fezandipiti\n|-damage|p1a: Fezandipiti|0 fnt\n|faint|p1a: Fezandipiti\n|-damage|p2a: Gumshoos|12/100|[from] Recoil\n|\n|upkeep\n|inactive|Time left: 300 sec this turn | 300 sec total | 5 sec grace\n|\n|t:|1783535883\n|switch|p1a: Conkeldurr|Conkeldurr, L80, F|137/299 brn\n|turn|25\n|inactive|Time left: 300 sec this turn | 300 sec total\n|\n|t:|1783535884\n|move|p1a: Conkeldurr|Mach Punch|p2a: Gumshoos\n|-supereffective|p2a: Gumshoos\n|-damage|p2a: Gumshoos|0 fnt\n|faint|p2a: Gumshoos\n|\n|-damage|p1a: Conkeldurr|119/299 brn|[from] brn\n|upkeep\n|\n|t:|1783535885\n|switch|p2a: Baxcalibur|Baxcalibur, L75, M, tera:Ground|50/100\n|-damage|p2a: Baxcalibur|38/100|[from] Spikes\n|turn|26\n|inactive|Time left: 300 sec this turn | 300 sec total\n|\n|t:|1783535886\n|switch|p1a: Slowking|Slowking, L88, F|242/310\n|move|p2a: Baxcalibur|Glaive Rush|p1a: Slowking\n|-damage|p1a: Slowking|11/310\n|-singlemove|p2a: Baxcalibur|Glaive Rush|[silent]\n|\n|upkeep\n|turn|27\n|inactive|Time left: 300 sec this turn | 300 sec total\n|\n|t:|1783535887\n|-terastallize|p1a: Slowking|Dragon\n|move|p2a: Baxcalibur|Glaive Rush|p1a: Slowking\n|-supereffective|p1a: Slowking\n|-damage|p1a: Slowking|0 fnt\n|-singlemove|p2a: Baxcalibur|Glaive Rush|[silent]\n|faint|p1a: Slowking\n|\n|upkeep\n|inactive|Time left: 300 sec this turn | 300 sec total | 5 sec grace\n|\n|t:|1783535888\n|switch|p1a: Arboliva|Arboliva, L91, M|234/288\n|turn|28\n|inactive|Time left: 300 sec this turn | 300 sec total\n|\n|t:|1783535889\n|move|p2a: Baxcalibur|Glaive Rush|p1a: Arboliva\n|-damage|p1a: Arboliva|41/288\n|-singlemove|p2a: Baxcalibur|Glaive Rush|[silent]\n|-enditem|p1a: Arboliva|Sitrus Berry|[eat]\n|-heal|p1a: Arboliva|113/288|[from] item: Sitrus Berry\n|move|p1a: Arboliva|Hyper Voice|p2a: Baxcalibur\n|-damage|p2a: Baxcalibur|0 fnt\n|faint|p2a: Baxcalibur\n|\n|upkeep\n|\n|t:|1783535890\n|switch|p2a: Slowking|Slowking, L88, M|100/100\n|turn|29\n|inactive|Time left: 300 sec this turn | 300 sec total\n|\n|t:|1783535891\n|move|p1a: Arboliva|Leech Seed|p2a: Slowking\n|-start|p2a: Slowking|move: Leech Seed\n|move|p2a: Slowking|Future Sight|p1a: Arboliva\n|-start|p2a: Slowking|move: Future Sight\n|\n|-damage|p2a: Slowking|88/100|[from] Leech Seed|[of] p1a: Arboliva\n|-heal|p1a: Arboliva|151/288|[silent]\n|-item|p1a: Arboliva|Sitrus Berry|[from] ability: Harvest\n|upkeep\n|turn|30\n|inactive|Time left: 300 sec this turn | 300 sec total\n|\n|t:|1783535892\n|move|p1a: Arboliva|Hyper Voice|p2a: Slowking\n|-damage|p2a: Slowking|51/100\n|move|p2a: Slowking|Slack Off|p2a: Slowking\n|-heal|p2a: Slowking|100/100\n|\n|-damage|p2a: Slowking|88/100|[from] Leech Seed|[of] p1a: Arboliva\n|-heal|p1a: Arboliva|189/288|[silent]\n|upkeep\n|turn|31\n|inactive|Time left: 300 sec this turn | 300 sec total\n|\n|t:|1783535893\n|move|p1a: Arboliva|Hyper Voice|p2a: Slowking\n|-damage|p2a: Slowking|50/100\n|move|p2a: Slowking|Slack Off|p2a: Slowking\n|-heal|p2a: Slowking|99/100\n|\n|-end|p1a: Arboliva|move: Future Sight\n|-damage|p1a: Arboliva|71/288\n|-enditem|p1a: Arboliva|Sitrus Berry|[eat]\n|-heal|p1a: Arboliva|143/288|[from] item: Sitrus Berry\n|-damage|p2a: Slowking|88/100|[from] Leech Seed|[of] p1a: Arboliva\n|-heal|p1a: Arboliva|181/288|[silent]\n|-item|p1a: Arboliva|Sitrus Berry|[from] ability: Harvest\n|upkeep\n|turn|32\n|inactive|Time left: 300 sec this turn | 300 sec total\n|\n|t:|1783535894\n|move|p1a: Arboliva|Hyper Voice|p2a: Slowking\n|-damage|p2a: Slowking|55/100\n|move|p2a: Slowking|Slack Off|p2a: Slowking\n|-heal|p2a: Slowking|100/100\n|\n|-damage|p2a: Slowking|88/100|[from] Leech Seed|[of] p1a: Arboliva\n|-heal|p1a: Arboliva|219/288|[silent]\n|upkeep\n|turn|33\n|inactive|Time left: 300 sec this turn | 300 sec total\n|\n|t:|1783535895\n|move|p1a: Arboliva|Hyper Voice|p2a: Slowking\n|-damage|p2a: Slowking|50/100\n|move|p2a: Slowking|Slack Off|p2a: Slowking\n|-heal|p2a: Slowking|99/100\n|\n|-damage|p2a: Slowking|87/100|[from] Leech Seed|[of] p1a: Arboliva\n|-heal|p1a: Arboliva|257/288|[silent]\n|upkeep\n|turn|34\n|inactive|Time left: 300 sec this turn | 300 sec total\n|\n|t:|1783535896\n|move|p1a: Arboliva|Hyper Voice|p2a: Slowking\n|-damage|p2a: Slowking|49/100\n|move|p2a: Slowking|Slack Off|p2a: Slowking\n|-heal|p2a: Slowking|99/100\n|\n|-damage|p2a: Slowking|87/100|[from] Leech Seed|[of] p1a: Arboliva\n|-heal|p1a: Arboliva|288/288|[silent]\n|upkeep\n|turn|35\n|inactive|Time left: 300 sec this turn | 300 sec total\n|\n|t:|1783535897\n|move|p1a: Arboliva|Hyper Voice|p2a: Slowking\n|-damage|p2a: Slowking|53/100\n|move|p2a: Slowking|Slack Off|p2a: Slowking\n|-heal|p2a: Slowking|100/100\n|\n|-damage|p2a: Slowking|88/100|[from] Leech Seed|[of] p1a: Arboliva\n|upkeep\n|turn|36\n|inactive|Time left: 300 sec this turn | 300 sec total\n|\n|t:|1783535898\n|move|p1a: Arboliva|Hyper Voice|p2a: Slowking\n|-damage|p2a: Slowking|54/100\n|move|p2a: Slowking|Slack Off|p2a: Slowking\n|-heal|p2a: Slowking|100/100\n|\n|-damage|p2a: Slowking|88/100|[from] Leech Seed|[of] p1a: Arboliva\n|upkeep\n|turn|37\n|inactive|Time left: 300 sec this turn | 300 sec total\n|\n|t:|1783535899\n|move|p1a: Arboliva|Hyper Voice|p2a: Slowking\n|-damage|p2a: Slowking|55/100\n|move|p2a: Slowking|Slack Off|p2a: Slowking\n|-heal|p2a: Slowking|100/100\n|\n|-damage|p2a: Slowking|88/100|[from] Leech Seed|[of] p1a: Arboliva\n|upkeep\n|turn|38\n|inactive|Time left: 300 sec this turn | 300 sec total\n|\n|t:|1783535900\n|move|p1a: Arboliva|Hyper Voice|p2a: Slowking\n|-damage|p2a: Slowking|55/100\n|move|p2a: Slowking|Scald|p1a: Arboliva\n|-resisted|p1a: Arboliva\n|-damage|p1a: Arboliva|249/288\n|-status|p1a: Arboliva|brn\n|\n|-damage|p2a: Slowking|43/100|[from] Leech Seed|[of] p1a: Arboliva\n|-heal|p1a: Arboliva|287/288 brn|[silent]\n|-damage|p1a: Arboliva|269/288 brn|[from] brn\n|upkeep\n|turn|39\n|inactive|Time left: 300 sec this turn | 300 sec total\n|\n|t:|1783535901\n|move|p1a: Arboliva|Hyper Voice|p2a: Slowking\n|-damage|p2a: Slowking|4/100\n|move|p2a: Slowking|Scald|p1a: Arboliva\n|-resisted|p1a: Arboliva\n|-damage|p1a: Arboliva|231/288 brn\n|\n|-damage|p2a: Slowking|0 fnt|[from] Leech Seed|[of] p1a: Arboliva\n|-heal|p1a: Arboliva|243/288 brn|[silent]\n|faint|p2a: Slowking\n|\n|win|p0x1803dfd", "uploadtime": 1783535901, "views": 0, "rating": 0, "private": 0, "password": null, "_winner": "p0x1803dfd", "_our_name": "p0x1803dfd"}