{"id": "battle-gen9randombattle-2284", "formatid": "gen9randombattle", "format": "[Gen 9] Random Battle", "players": ["p0x2284456b", "p0y228433b0"], "log": "|init|battle\n|title|p0x2284456b vs. p0y228433b0\n|j|\u2606p0x2284456b\n|j|\u2606p0y228433b0\n|t:|1783566456\n|gametype|singles\n|player|p1|p0x2284456b|1|\n|player|p2|p0y228433b0|1|\n|gen|9\n|tier|[Gen 9] Random Battle\n|rule|Species Clause: Limit one of each Pok\u00e9mon\n|rule|HP Percentage Mod: HP is shown in percentages\n|rule|Sleep Clause Mod: Limit one foe put to sleep\n|rule|Illusion Level Mod: Illusion disguises the Pok\u00e9mon's true level\n|\n|t:|1783566456\n|teamsize|p1|6\n|teamsize|p2|6\n|start\n|switch|p1a: Vespiquen|Vespiquen, L99, F|299/299\n|switch|p2a: Tauros|Tauros-Paldea-Blaze, L81, M|100/100\n|-ability|p2a: Tauros|Intimidate|boost\n|-unboost|p1a: Vespiquen|atk|1\n|-ability|p1a: Vespiquen|Pressure\n|turn|1\n|inactive|Battle timer is ON: inactive players will automatically lose when time's up. (requested by p0x2284456b)\n|inactive|p0y228433b0 also wants the timer to be on.\n|\n|t:|1783566458\n|move|p2a: Tauros|Flare Blitz|p1a: Vespiquen\n|-supereffective|p1a: Vespiquen\n|-damage|p1a: Vespiquen|0 fnt\n|faint|p1a: Vespiquen\n|-damage|p2a: Tauros|62/100|[from] Recoil\n|\n|upkeep\n|inactive|Time left: 300 sec this turn | 300 sec total | 65 sec grace\n|\n|t:|1783566459\n|switch|p1a: Flutter Mane|Flutter Mane, L74|203/203\n|turn|2\n|inactive|Time left: 300 sec this turn | 300 sec total\n|\n|t:|1783566460\n|switch|p2a: Scovillain|Scovillain, L91, M|100/100\n|move|p1a: Flutter Mane|Moonblast|p2a: Scovillain\n|-resisted|p2a: Scovillain\n|-damage|p2a: Scovillain|69/100\n|-unboost|p2a: Scovillain|spa|1\n|-damage|p1a: Flutter Mane|183/203|[from] item: Life Orb\n|\n|-heal|p2a: Scovillain|75/100|[from] item: Leftovers\n|upkeep\n|turn|3\n|inactive|Time left: 300 sec this turn | 300 sec total\n|\n|t:|1783566462\n|move|p1a: Flutter Mane|Calm Mind|p1a: Flutter Mane\n|-boost|p1a: Flutter Mane|spa|1\n|-boost|p1a: Flutter Mane|spd|1\n|move|p2a: Scovillain|Leech Seed|p1a: Flutter Mane\n|-start|p1a: Flutter Mane|move: Leech Seed\n|\n|-heal|p2a: Scovillain|81/100|[from] item: Leftovers\n|-damage|p1a: Flutter Mane|158/203|[from] Leech Seed|[of] p2a: Scovillain\n|-heal|p2a: Scovillain|91/100|[silent]\n|upkeep\n|turn|4\n|inactive|Time left: 300 sec this turn | 300 sec total\n|\n|t:|1783566463\n|move|p1a: Flutter Mane|Shadow Ball|p2a: Scovillain\n|-damage|p2a: Scovillain|20/100\n|-unboost|p2a: Scovillain|spd|1\n|-damage|p1a: Flutter Mane|138/203|[from] item: Life Orb\n|move|p2a: Scovillain|Flamethrower|p1a: Flutter Mane\n|-damage|p1a: Flutter Mane|92/203\n|\n|-heal|p2a: Scovillain|26/100|[from] item: Leftovers\n|-damage|p1a: Flutter Mane|67/203|[from] Leech Seed|[of] p2a: Scovillain\n|-heal|p2a: Scovillain|35/100|[silent]\n|upkeep\n|turn|5\n|inactive|Time left: 300 sec this turn | 300 sec total\n|\n|t:|1783566464\n|move|p2a: Scovillain|Protect|p2a: Scovillain\n|-singleturn|p2a: Scovillain|Protect\n|move|p1a: Flutter Mane|Moonblast|p2a: Scovillain\n|-activate|p2a: Scovillain|move: Protect\n|\n|-heal|p2a: Scovillain|41/100|[from] item: Leftovers\n|-damage|p1a: Flutter Mane|42/203|[from] Leech Seed|[of] p2a: Scovillain\n|-heal|p2a: Scovillain|51/100|[silent]\n|upkeep\n|turn|6\n|inactive|Time left: 300 sec this turn | 300 sec total\n|\n|t:|1783566465\n|switch|p2a: Ogerpon|Ogerpon, L80, F|100/100\n|move|p1a: Flutter Mane|Moonblast|p2a: Ogerpon\n|-damage|p2a: Ogerpon|19/100\n|-unboost|p2a: Ogerpon|spa|1\n|-ability|p2a: Ogerpon|Defiant|boost\n|-boost|p2a: Ogerpon|atk|2\n|-damage|p1a: Flutter Mane|22/203|[from] item: Life Orb\n|\n|-heal|p2a: Ogerpon|25/100|[from] item: Leftovers\n|-damage|p1a: Flutter Mane|0 fnt|[from] Leech Seed|[of] p2a: Ogerpon\n|-heal|p2a: Ogerpon|33/100|[silent]\n|faint|p1a: Flutter Mane\n|-end|p1a: Flutter Mane|Protosynthesis|[silent]\n|upkeep\n|inactive|Time left: 300 sec this turn | 300 sec total | 5 sec grace\n|\n|t:|1783566466\n|switch|p1a: Toucannon|Toucannon, L88, M|284/284\n|turn|7\n|inactive|Time left: 300 sec this turn | 300 sec total\n|\n|t:|1783566467\n|-singleturn|p1a: Toucannon|move: Beak Blast\n|move|p2a: Ogerpon|Ivy Cudgel|p1a: Toucannon\n|-resisted|p1a: Toucannon\n|-damage|p1a: Toucannon|167/284\n|move|p1a: Toucannon|Beak Blast|p2a: Ogerpon\n|-supereffective|p2a: Ogerpon\n|-damage|p2a: Ogerpon|0 fnt\n|faint|p2a: Ogerpon\n|\n|upkeep\n|\n|t:|1783566468\n|switch|p2a: Tauros|Tauros-Paldea-Blaze, L81, M|62/100\n|-ability|p2a: Tauros|Intimidate|boost\n|-unboost|p1a: Toucannon|atk|1\n|turn|8\n|inactive|Time left: 300 sec this turn | 300 sec total\n|\n|t:|1783566469\n|switch|p1a: Florges|Florges-Yellow, L85, F|271/271\n|move|p2a: Tauros|Close Combat|p1a: Florges\n|-resisted|p1a: Florges\n|-damage|p1a: Florges|159/271\n|-unboost|p2a: Tauros|def|1\n|-unboost|p2a: Tauros|spd|1\n|\n|-heal|p1a: Florges|175/271|[from] item: Leftovers\n|upkeep\n|turn|9\n|inactive|Time left: 300 sec this turn | 300 sec total\n|\n|t:|1783566470\n|move|p2a: Tauros|Close Combat|p1a: Florges\n|-resisted|p1a: Florges\n|-damage|p1a: Florges|63/271\n|-unboost|p2a: Tauros|def|1\n|-unboost|p2a: Tauros|spd|1\n|move|p1a: Florges|Moonblast|p2a: Tauros\n|-damage|p2a: Tauros|0 fnt\n|faint|p2a: Tauros\n|\n|-heal|p1a: Florges|79/271|[from] item: Leftovers\n|upkeep\n|\n|t:|1783566471\n|switch|p2a: Scovillain|Scovillain, L91, M|51/100\n|turn|10\n|inactive|Time left: 300 sec this turn | 300 sec total\n|\n|t:|1783566472\n|move|p1a: Florges|Protect|p1a: Florges\n|-singleturn|p1a: Florges|Protect\n|move|p2a: Scovillain|Flamethrower|p1a: Florges\n|-activate|p1a: Florges|move: Protect\n|\n|-heal|p2a: Scovillain|57/100|[from] item: Leftovers\n|-heal|p1a: Florges|95/271|[from] item: Leftovers\n|upkeep\n|turn|11\n|inactive|Time left: 300 sec this turn | 300 sec total\n|\n|t:|1783566473\n|move|p2a: Scovillain|Flamethrower|p1a: Florges\n|-damage|p1a: Florges|16/271\n|move|p1a: Florges|Wish|p1a: Florges\n|\n|-heal|p2a: Scovillain|63/100|[from] item: Leftovers\n|-heal|p1a: Florges|32/271|[from] item: Leftovers\n|upkeep\n|turn|12\n|inactive|Time left: 300 sec this turn | 300 sec total\n|\n|t:|1783566474\n|move|p1a: Florges|Protect|p1a: Florges\n|-singleturn|p1a: Florges|Protect\n|move|p2a: Scovillain|Flamethrower|p1a: Florges\n|-activate|p1a: Florges|move: Protect\n|\n|-heal|p1a: Florges|167/271|[from] move: Wish|[wisher] Florges\n|-heal|p2a: Scovillain|69/100|[from] item: Leftovers\n|-heal|p1a: Florges|183/271|[from] item: Leftovers\n|upkeep\n|turn|13\n|inactive|Time left: 300 sec this turn | 300 sec total\n|\n|t:|1783566475\n|move|p2a: Scovillain|Leech Seed|p1a: Florges\n|-start|p1a: Florges|move: Leech Seed\n|move|p1a: Florges|Calm Mind|p1a: Florges\n|-boost|p1a: Florges|spa|1\n|-boost|p1a: Florges|spd|1\n|\n|-heal|p2a: Scovillain|75/100|[from] item: Leftovers\n|-heal|p1a: Florges|199/271|[from] item: Leftovers\n|-damage|p1a: Florges|166/271|[from] Leech Seed|[of] p2a: Scovillain\n|-heal|p2a: Scovillain|87/100|[silent]\n|upkeep\n|turn|14\n|inactive|Time left: 300 sec this turn | 300 sec total\n|\n|t:|1783566476\n|move|p2a: Scovillain|Flamethrower|p1a: Florges\n|-damage|p1a: Florges|118/271\n|move|p1a: Florges|Wish|p1a: Florges\n|\n|-heal|p2a: Scovillain|93/100|[from] item: Leftovers\n|-heal|p1a: Florges|134/271|[from] item: Leftovers\n|-damage|p1a: Florges|101/271|[from] Leech Seed|[of] p2a: Scovillain\n|-heal|p2a: Scovillain|100/100|[silent]\n|upkeep\n|turn|15\n|inactive|Time left: 300 sec this turn | 300 sec total\n|\n|t:|1783566477\n|move|p2a: Scovillain|Flamethrower|p1a: Florges\n|-damage|p1a: Florges|53/271\n|move|p1a: Florges|Calm Mind|p1a: Florges\n|-boost|p1a: Florges|spa|1\n|-boost|p1a: Florges|spd|1\n|\n|-heal|p1a: Florges|188/271|[from] move: Wish|[wisher] Florges\n|-heal|p1a: Florges|204/271|[from] item: Leftovers\n|-damage|p1a: Florges|171/271|[from] Leech Seed|[of] p2a: Scovillain\n|upkeep\n|turn|16\n|inactive|Time left: 300 sec this turn | 300 sec total\n|\n|t:|1783566478\n|move|p2a: Scovillain|Substitute|p2a: Scovillain\n|-start|p2a: Scovillain|Substitute\n|-damage|p2a: Scovillain|76/100\n|move|p1a: Florges|Wish|p1a: Florges\n|\n|-heal|p2a: Scovillain|82/100|[from] item: Leftovers\n|-heal|p1a: Florges|187/271|[from] item: Leftovers\n|-damage|p1a: Florges|154/271|[from] Leech Seed|[of] p2a: Scovillain\n|-heal|p2a: Scovillain|94/100|[silent]\n|upkeep\n|turn|17\n|inactive|Time left: 300 sec this turn | 300 sec total\n|\n|t:|1783566479\n|move|p2a: Scovillain|Protect|p2a: Scovillain\n|-singleturn|p2a: Scovillain|Protect\n|move|p1a: Florges|Calm Mind|p1a: Florges\n|-boost|p1a: Florges|spa|1\n|-boost|p1a: Florges|spd|1\n|\n|-heal|p1a: Florges|271/271|[from] move: Wish|[wisher] Florges\n|-heal|p2a: Scovillain|99/100|[from] item: Leftovers\n|-damage|p1a: Florges|238/271|[from] Leech Seed|[of] p2a: Scovillain\n|-heal|p2a: Scovillain|100/100|[silent]\n|upkeep\n|turn|18\n|inactive|Time left: 300 sec this turn | 300 sec total\n|\n|t:|1783566480\n|move|p2a: Scovillain|Flamethrower|p1a: Florges\n|-damage|p1a: Florges|205/271\n|move|p1a: Florges|Moonblast|p2a: Scovillain\n|-resisted|p2a: Scovillain\n|-end|p2a: Scovillain|Substitute\n|\n|-heal|p1a: Florges|221/271|[from] item: Leftovers\n|-damage|p1a: Florges|188/271|[from] Leech Seed|[of] p2a: Scovillain\n|upkeep\n|turn|19\n|inactive|Time left: 300 sec this turn | 300 sec total\n|\n|t:|1783566481\n|move|p2a: Scovillain|Substitute|p2a: Scovillain\n|-start|p2a: Scovillain|Substitute\n|-damage|p2a: Scovillain|76/100\n|move|p1a: Florges|Moonblast|p2a: Scovillain\n|-resisted|p2a: Scovillain\n|-end|p2a: Scovillain|Substitute\n|\n|-heal|p2a: Scovillain|82/100|[from] item: Leftovers\n|-heal|p1a: Florges|204/271|[from] item: Leftovers\n|-damage|p1a: Florges|171/271|[from] Leech Seed|[of] p2a: Scovillain\n|-heal|p2a: Scovillain|94/100|[silent]\n|upkeep\n|turn|20\n|inactive|Time left: 300 sec this turn | 300 sec total\n|\n|t:|1783566482\n|move|p2a: Scovillain|Substitute|p2a: Scovillain\n|-start|p2a: Scovillain|Substitute\n|-damage|p2a: Scovillain|69/100\n|move|p1a: Florges|Moonblast|p2a: Scovillain\n|-resisted|p2a: Scovillain\n|-end|p2a: Scovillain|Substitute\n|\n|-heal|p2a: Scovillain|75/100|[from] item: Leftovers\n|-heal|p1a: Florges|187/271|[from] item: Leftovers\n|-damage|p1a: Florges|154/271|[from] Leech Seed|[of] p2a: Scovillain\n|-heal|p2a: Scovillain|88/100|[silent]\n|upkeep\n|turn|21\n|inactive|Time left: 300 sec this turn | 300 sec total\n|\n|t:|1783566482\n|move|p2a: Scovillain|Substitute|p2a: Scovillain\n|-start|p2a: Scovillain|Substitute\n|-damage|p2a: Scovillain|63/100\n|move|p1a: Florges|Moonblast|p2a: Scovillain\n|-resisted|p2a: Scovillain\n|-end|p2a: Scovillain|Substitute\n|\n|-heal|p2a: Scovillain|69/100|[from] item: Leftovers\n|-heal|p1a: Florges|170/271|[from] item: Leftovers\n|-damage|p1a: Florges|137/271|[from] Leech Seed|[of] p2a: Scovillain\n|-heal|p2a: Scovillain|81/100|[silent]\n|upkeep\n|turn|22\n|inactive|Time left: 300 sec this turn | 300 sec total\n|\n|t:|1783566483\n|move|p2a: Scovillain|Substitute|p2a: Scovillain\n|-start|p2a: Scovillain|Substitute\n|-damage|p2a: Scovillain|57/100\n|move|p1a: Florges|Wish|p1a: Florges\n|\n|-heal|p2a: Scovillain|63/100|[from] item: Leftovers\n|-heal|p1a: Florges|153/271|[from] item: Leftovers\n|-damage|p1a: Florges|120/271|[from] Leech Seed|[of] p2a: Scovillain\n|-heal|p2a: Scovillain|75/100|[silent]\n|upkeep\n|turn|23\n|inactive|Time left: 300 sec this turn | 300 sec total\n|\n|t:|1783566484\n|move|p2a: Scovillain|Flamethrower|p1a: Florges\n|-damage|p1a: Florges|87/271\n|move|p1a: Florges|Moonblast|p2a: Scovillain\n|-resisted|p2a: Scovillain\n|-end|p2a: Scovillain|Substitute\n|\n|-heal|p1a: Florges|222/271|[from] move: Wish|[wisher] Florges\n|-heal|p2a: Scovillain|81/100|[from] item: Leftovers\n|-heal|p1a: Florges|238/271|[from] item: Leftovers\n|-damage|p1a: Florges|205/271|[from] Leech Seed|[of] p2a: Scovillain\n|-heal|p2a: Scovillain|93/100|[silent]\n|upkeep\n|turn|24\n|inactive|Time left: 300 sec this turn | 300 sec total\n|\n|t:|1783566485\n|move|p2a: Scovillain|Substitute|p2a: Scovillain\n|-start|p2a: Scovillain|Substitute\n|-damage|p2a: Scovillain|69/100\n|move|p1a: Florges|Moonblast|p2a: Scovillain\n|-resisted|p2a: Scovillain\n|-end|p2a: Scovillain|Substitute\n|\n|-heal|p2a: Scovillain|75/100|[from] item: Leftovers\n|-heal|p1a: Florges|221/271|[from] item: Leftovers\n|-damage|p1a: Florges|188/271|[from] Leech Seed|[of] p2a: Scovillain\n|-heal|p2a: Scovillain|87/100|[silent]\n|upkeep\n|turn|25\n|inactive|Time left: 300 sec this turn | 300 sec total\n|\n|t:|1783566486\n|move|p2a: Scovillain|Substitute|p2a: Scovillain\n|-start|p2a: Scovillain|Substitute\n|-damage|p2a: Scovillain|62/100\n|move|p1a: Florges|Moonblast|p2a: Scovillain\n|-resisted|p2a: Scovillain\n|-end|p2a: Scovillain|Substitute\n|\n|-heal|p2a: Scovillain|68/100|[from] item: Leftovers\n|-heal|p1a: Florges|204/271|[from] item: Leftovers\n|-damage|p1a: Florges|171/271|[from] Leech Seed|[of] p2a: Scovillain\n|-heal|p2a: Scovillain|81/100|[silent]\n|upkeep\n|turn|26\n|inactive|Time left: 300 sec this turn | 300 sec total\n|\n|t:|1783566487\n|move|p2a: Scovillain|Substitute|p2a: Scovillain\n|-start|p2a: Scovillain|Substitute\n|-damage|p2a: Scovillain|56/100\n|move|p1a: Florges|Moonblast|p2a: Scovillain\n|-resisted|p2a: Scovillain\n|-end|p2a: Scovillain|Substitute\n|\n|-heal|p2a: Scovillain|62/100|[from] item: Leftovers\n|-heal|p1a: Florges|187/271|[from] item: Leftovers\n|-damage|p1a: Florges|154/271|[from] Leech Seed|[of] p2a: Scovillain\n|-heal|p2a: Scovillain|74/100|[silent]\n|upkeep\n|turn|27\n|inactive|Time left: 300 sec this turn | 300 sec total\n|\n|t:|1783566488\n|move|p2a: Scovillain|Substitute|p2a: Scovillain\n|-start|p2a: Scovillain|Substitute\n|-damage|p2a: Scovillain|49/100\n|move|p1a: Florges|Moonblast|p2a: Scovillain\n|-resisted|p2a: Scovillain\n|-end|p2a: Scovillain|Substitute\n|\n|-heal|p2a: Scovillain|55/100|[from] item: Leftovers\n|-heal|p1a: Florges|170/271|[from] item: Leftovers\n|-damage|p1a: Florges|137/271|[from] Leech Seed|[of] p2a: Scovillain\n|-heal|p2a: Scovillain|68/100|[silent]\n|upkeep\n|turn|28\n|inactive|Time left: 300 sec this turn | 300 sec total\n|\n|t:|1783566489\n|move|p2a: Scovillain|Substitute|p2a: Scovillain\n|-start|p2a: Scovillain|Substitute\n|-damage|p2a: Scovillain|43/100\n|move|p1a: Florges|Moonblast|p2a: Scovillain\n|-resisted|p2a: Scovillain\n|-crit|p2a: Scovillain\n|-end|p2a: Scovillain|Substitute\n|\n|-heal|p2a: Scovillain|49/100|[from] item: Leftovers\n|-heal|p1a: Florges|153/271|[from] item: Leftovers\n|-damage|p1a: Florges|120/271|[from] Leech Seed|[of] p2a: Scovillain\n|-heal|p2a: Scovillain|61/100|[silent]\n|upkeep\n|turn|29\n|inactive|Time left: 300 sec this turn | 300 sec total\n|\n|t:|1783566490\n|move|p2a: Scovillain|Protect|p2a: Scovillain\n|-singleturn|p2a: Scovillain|Protect\n|move|p1a: Florges|Wish|p1a: Florges\n|\n|-heal|p2a: Scovillain|67/100|[from] item: Leftovers\n|-heal|p1a: Florges|136/271|[from] item: Leftovers\n|-damage|p1a: Florges|103/271|[from] Leech Seed|[of] p2a: Scovillain\n|-heal|p2a: Scovillain|80/100|[silent]\n|upkeep\n|turn|30\n|inactive|Time left: 300 sec this turn | 300 sec total\n|\n|t:|1783566491\n|move|p2a: Scovillain|Substitute|p2a: Scovillain\n|-start|p2a: Scovillain|Substitute\n|-damage|p2a: Scovillain|55/100\n|move|p1a: Florges|Moonblast|p2a: Scovillain\n|-resisted|p2a: Scovillain\n|-end|p2a: Scovillain|Substitute\n|\n|-heal|p1a: Florges|238/271|[from] move: Wish|[wisher] Florges\n|-heal|p2a: Scovillain|61/100|[from] item: Leftovers\n|-heal|p1a: Florges|254/271|[from] item: Leftovers\n|-damage|p1a: Florges|221/271|[from] Leech Seed|[of] p2a: Scovillain\n|-heal|p2a: Scovillain|73/100|[silent]\n|upkeep\n|turn|31\n|inactive|Time left: 300 sec this turn | 300 sec total\n|\n|t:|1783566492\n|move|p2a: Scovillain|Substitute|p2a: Scovillain\n|-start|p2a: Scovillain|Substitute\n|-damage|p2a: Scovillain|49/100\n|move|p1a: Florges|Moonblast|p2a: Scovillain\n|-resisted|p2a: Scovillain\n|-end|p2a: Scovillain|Substitute\n|\n|-heal|p2a: Scovillain|55/100|[from] item: Leftovers\n|-heal|p1a: Florges|237/271|[from] item: Leftovers\n|-damage|p1a: Florges|204/271|[from] Leech Seed|[of] p2a: Scovillain\n|-heal|p2a: Scovillain|67/100|[silent]\n|upkeep\n|turn|32\n|inactive|Time left: 300 sec this turn | 300 sec total\n|\n|t:|1783566493\n|move|p2a: Scovillain|Substitute|p2a: Scovillain\n|-start|p2a: Scovillain|Substitute\n|-damage|p2a: Scovillain|42/100\n|move|p1a: Florges|Moonblast|p2a: Scovillain\n|-resisted|p2a: Scovillain\n|-crit|p2a: Scovillain\n|-end|p2a: Scovillain|Substitute\n|\n|-heal|p2a: Scovillain|48/100|[from] item: Leftovers\n|-heal|p1a: Florges|220/271|[from] item: Leftovers\n|-damage|p1a: Florges|187/271|[from] Leech Seed|[of] p2a: Scovillain\n|-heal|p2a: Scovillain|61/100|[silent]\n|upkeep\n|turn|33\n|inactive|Time left: 300 sec this turn | 300 sec total\n|\n|t:|1783566495\n|move|p2a: Scovillain|Substitute|p2a: Scovillain\n|-start|p2a: Scovillain|Substitute\n|-damage|p2a: Scovillain|36/100\n|move|p1a: Florges|Moonblast|p2a: Scovillain\n|-resisted|p2a: Scovillain\n|-end|p2a: Scovillain|Substitute\n|\n|-heal|p2a: Scovillain|42/100|[from] item: Leftovers\n|-heal|p1a: Florges|203/271|[from] item: Leftovers\n|-damage|p1a: Florges|170/271|[from] Leech Seed|[of] p2a: Scovillain\n|-heal|p2a: Scovillain|54/100|[silent]\n|upkeep\n|turn|34\n|inactive|Time left: 300 sec this turn | 300 sec total\n|\n|t:|1783566496\n|move|p2a: Scovillain|Protect|p2a: Scovillain\n|-singleturn|p2a: Scovillain|Protect\n|move|p1a: Florges|Moonblast|p2a: Scovillain\n|-activate|p2a: Scovillain|move: Protect\n|\n|-heal|p2a: Scovillain|60/100|[from] item: Leftovers\n|-heal|p1a: Florges|186/271|[from] item: Leftovers\n|-damage|p1a: Florges|153/271|[from] Leech Seed|[of] p2a: Scovillain\n|-heal|p2a: Scovillain|73/100|[silent]\n|upkeep\n|turn|35\n|inactive|Time left: 300 sec this turn | 300 sec total\n|\n|t:|1783566497\n|move|p2a: Scovillain|Substitute|p2a: Scovillain\n|-start|p2a: Scovillain|Substitute\n|-damage|p2a: Scovillain|48/100\n|move|p1a: Florges|Moonblast|p2a: Scovillain\n|-resisted|p2a: Scovillain\n|-crit|p2a: Scovillain\n|-end|p2a: Scovillain|Substitute\n|\n|-heal|p2a: Scovillain|54/100|[from] item: Leftovers\n|-heal|p1a: Florges|169/271|[from] item: Leftovers\n|-damage|p1a: Florges|136/271|[from] Leech Seed|[of] p2a: Scovillain\n|-heal|p2a: Scovillain|66/100|[silent]\n|upkeep\n|turn|36\n|inactive|Time left: 300 sec this turn | 300 sec total\n|\n|t:|1783566498\n|move|p2a: Scovillain|Protect|p2a: Scovillain\n|-singleturn|p2a: Scovillain|Protect\n|move|p1a: Florges|Moonblast|p2a: Scovillain\n|-activate|p2a: Scovillain|move: Protect\n|\n|-heal|p2a: Scovillain|72/100|[from] item: Leftovers\n|-heal|p1a: Florges|152/271|[from] item: Leftovers\n|-damage|p1a: Florges|119/271|[from] Leech Seed|[of] p2a: Scovillain\n|-heal|p2a: Scovillain|85/100|[silent]\n|upkeep\n|turn|37\n|inactive|Time left: 300 sec this turn | 300 sec total\n|\n|t:|1783566499\n|move|p2a: Scovillain|Substitute|p2a: Scovillain\n|-start|p2a: Scovillain|Substitute\n|-damage|p2a: Scovillain|60/100\n|move|p1a: Florges|Moonblast|p2a: Scovillain\n|-resisted|p2a: Scovillain\n|-end|p2a: Scovillain|Substitute\n|\n|-heal|p2a: Scovillain|66/100|[from] item: Leftovers\n|-heal|p1a: Florges|135/271|[from] item: Leftovers\n|-damage|p1a: Florges|102/271|[from] Leech Seed|[of] p2a: Scovillain\n|-heal|p2a: Scovillain|78/100|[silent]\n|upkeep\n|turn|38\n|inactive|Time left: 300 sec this turn | 300 sec total\n|\n|t:|1783566500\n|move|p2a: Scovillain|Flamethrower|p1a: Florges\n|-damage|p1a: Florges|71/271\n|move|p1a: Florges|Moonblast|p2a: Scovillain\n|-resisted|p2a: Scovillain\n|-damage|p2a: Scovillain|14/100\n|\n|-heal|p2a: Scovillain|20/100|[from] item: Leftovers\n|-heal|p1a: Florges|87/271|[from] item: Leftovers\n|-damage|p1a: Florges|54/271|[from] Leech Seed|[of] p2a: Scovillain\n|-heal|p2a: Scovillain|33/100|[silent]\n|upkeep\n|turn|39\n|inactive|Time left: 300 sec this turn | 300 sec total\n|\n|t:|1783566501\n|move|p2a: Scovillain|Flamethrower|p1a: Florges\n|-damage|p1a: Florges|21/271\n|-status|p1a: Florges|brn\n|move|p1a: Florges|Moonblast|p2a: Scovillain\n|-resisted|p2a: Scovillain\n|-damage|p2a: Scovillain|0 fnt\n|faint|p2a: Scovillain\n|\n|-heal|p1a: Florges|37/271 brn|[from] item: Leftovers\n|-damage|p1a: Florges|21/271 brn|[from] brn\n|upkeep\n|\n|t:|1783566502\n|switch|p2a: Kilowattrel|Kilowattrel, L83, F|100/100\n|turn|40\n|inactive|Time left: 300 sec this turn | 300 sec total\n|\n|t:|1783566503\n|move|p2a: Kilowattrel|Thunderbolt|p1a: Florges\n|-damage|p1a: Florges|0 fnt\n|faint|p1a: Florges\n|\n|upkeep\n|inactive|Time left: 300 sec this turn | 300 sec total | 5 sec grace\n|\n|t:|1783566504\n|switch|p1a: Rabsca|Rabsca, L91, M|284/284\n|turn|41\n|inactive|Time left: 300 sec this turn | 300 sec total\n|\n|t:|1783566506\n|move|p2a: Kilowattrel|Hurricane|p1a: Rabsca|[miss]\n|-miss|p2a: Kilowattrel|p1a: Rabsca\n|move|p1a: Rabsca|Psychic|p2a: Kilowattrel\n|-damage|p2a: Kilowattrel|37/100\n|\n|upkeep\n|turn|42\n|inactive|Time left: 300 sec this turn | 300 sec total\n|\n|t:|1783566507\n|move|p2a: Kilowattrel|Hurricane|p1a: Rabsca|[miss]\n|-miss|p2a: Kilowattrel|p1a: Rabsca\n|move|p1a: Rabsca|Psychic|p2a: Kilowattrel\n|-damage|p2a: Kilowattrel|0 fnt\n|faint|p2a: Kilowattrel\n|\n|upkeep\n|\n|t:|1783566508\n|switch|p2a: Kingdra|Kingdra, L84, F|100/100\n|turn|43\n|inactive|Time left: 300 sec this turn | 300 sec total\n|\n|t:|1783566509\n|move|p2a: Kingdra|Hurricane|p1a: Rabsca\n|-supereffective|p1a: Rabsca\n|-damage|p1a: Rabsca|105/284\n|-damage|p2a: Kingdra|91/100|[from] item: Life Orb\n|move|p1a: Rabsca|Psychic|p2a: Kingdra\n|-damage|p2a: Kingdra|47/100\n|\n|upkeep\n|turn|44\n|inactive|Time left: 300 sec this turn | 300 sec total\n|\n|t:|1783566510\n|switch|p1a: Palafin|Palafin, L77, M|281/281\n|move|p2a: Kingdra|Wave Crash|p1a: Palafin\n|-resisted|p1a: Palafin\n|-damage|p1a: Palafin|186/281\n|-damage|p2a: Kingdra|35/100|[from] Recoil\n|-damage|p2a: Kingdra|25/100|[from] item: Life Orb\n|\n|-heal|p1a: Palafin|203/281|[from] item: Leftovers\n|upkeep\n|turn|45\n|inactive|Time left: 300 sec this turn | 300 sec total\n|\n|t:|1783566511\n|move|p1a: Palafin|Bulk Up|p1a: Palafin\n|-boost|p1a: Palafin|atk|1\n|-boost|p1a: Palafin|def|1\n|move|p2a: Kingdra|Draco Meteor|p1a: Palafin\n|-damage|p1a: Palafin|0 fnt\n|-unboost|p2a: Kingdra|spa|2\n|faint|p1a: Palafin\n|-damage|p2a: Kingdra|15/100|[from] item: Life Orb\n|\n|upkeep\n|inactive|Time left: 300 sec this turn | 300 sec total | 5 sec grace\n|\n|t:|1783566512\n|switch|p1a: Rabsca|Rabsca, L91, M|105/284\n|turn|46\n|inactive|Time left: 300 sec this turn | 300 sec total\n|\n|t:|1783566513\n|move|p2a: Kingdra|Wave Crash|p1a: Rabsca\n|-crit|p1a: Rabsca\n|-damage|p1a: Rabsca|0 fnt\n|faint|p1a: Rabsca\n|-damage|p2a: Kingdra|2/100|[from] Recoil\n|-damage|p2a: Kingdra|0 fnt|[from] item: Life Orb\n|faint|p2a: Kingdra\n|\n|upkeep\n|inactive|Time left: 300 sec this turn | 300 sec total | 5 sec grace\n|\n|t:|1783566514\n|switch|p2a: Chimecho|Chimecho, L93, M|100/100\n|switch|p1a: Toucannon|Toucannon, L88, M|167/284\n|turn|47\n|inactive|Time left: 300 sec this turn | 300 sec total\n|\n|t:|1783566516\n|-terastallize|p2a: Chimecho|Electric\n|-terastallize|p1a: Toucannon|Steel\n|-singleturn|p1a: Toucannon|move: Beak Blast\n|move|p2a: Chimecho|Psychic Noise|p1a: Toucannon\n|-resisted|p1a: Toucannon\n|-damage|p1a: Toucannon|119/284\n|-start|p1a: Toucannon|move: Heal Block\n|move|p1a: Toucannon|Beak Blast|p2a: Chimecho\n|-resisted|p2a: Chimecho\n|-damage|p2a: Chimecho|77/100\n|\n|-heal|p2a: Chimecho|83/100|[from] item: Leftovers\n|upkeep\n|turn|48\n|inactive|Time left: 300 sec this turn | 300 sec total\n|\n|t:|1783566517\n|move|p2a: Chimecho|Knock Off|p1a: Toucannon\n|-damage|p1a: Toucannon|57/284\n|-enditem|p1a: Toucannon|Heavy-Duty Boots|[from] move: Knock Off|[of] p2a: Chimecho\n|move|p1a: Toucannon|Knock Off|p2a: Chimecho\n|-damage|p2a: Chimecho|52/100\n|-enditem|p2a: Chimecho|Leftovers|[from] move: Knock Off|[of] p1a: Toucannon\n|\n|-end|p1a: Toucannon|move: Heal Block\n|upkeep\n|turn|49\n|inactive|Time left: 300 sec this turn | 300 sec total\n|\n|t:|1783566519\n|move|p2a: Chimecho|Psychic Noise|p1a: Toucannon\n|-resisted|p1a: Toucannon\n|-damage|p1a: Toucannon|6/284\n|-start|p1a: Toucannon|move: Heal Block\n|move|p1a: Toucannon|Boomburst|p2a: Chimecho\n|-damage|p2a: Chimecho|11/100\n|\n|upkeep\n|turn|50\n|inactive|Time left: 300 sec this turn | 300 sec total\n|\n|t:|1783566520\n|move|p2a: Chimecho|Psychic Noise|p1a: Toucannon\n|-resisted|p1a: Toucannon\n|-damage|p1a: Toucannon|0 fnt\n|faint|p1a: Toucannon\n|\n|win|p0y228433b0", "uploadtime": 1783566520, "views": 0, "rating": 0, "private": 0, "password": null, "_winner": "p0y228433b0", "_our_name": "p0x2284456b"}