{"id": "battle-gen9randombattle-2426", "formatid": "gen9randombattle", "format": "[Gen 9] Random Battle", "players": ["p0x242696ff", "p0y2426e36b"], "log": "|init|battle\n|title|p0x242696ff vs. p0y2426e36b\n|j|\u2606p0x242696ff\n|j|\u2606p0y2426e36b\n|t:|1783567148\n|gametype|singles\n|player|p1|p0x242696ff|169|\n|player|p2|p0y2426e36b|170|\n|gen|9\n|tier|[Gen 9] Random Battle\n|rule|Species Clause: Limit one of each Pok\u00e9mon\n|rule|HP Percentage Mod: HP is shown in percentages\n|rule|Sleep Clause Mod: Limit one foe put to sleep\n|rule|Illusion Level Mod: Illusion disguises the Pok\u00e9mon's true level\n|\n|t:|1783567148\n|teamsize|p1|6\n|teamsize|p2|6\n|start\n|switch|p1a: Reshiram|Reshiram, L76|100/100\n|switch|p2a: Gyarados|Gyarados, L79, M|280/280\n|-ability|p1a: Reshiram|Turboblaze\n|turn|1\n|inactive|Battle timer is ON: inactive players will automatically lose when time's up. (requested by p0y2426e36b)\n|inactive|p0x242696ff also wants the timer to be on.\n|\n|t:|1783567149\n|-terastallize|p1a: Reshiram|Dragon\n|move|p1a: Reshiram|Outrage|p2a: Gyarados\n|-damage|p2a: Gyarados|100/280\n|move|p2a: Gyarados|Dragon Dance|p2a: Gyarados\n|-boost|p2a: Gyarados|atk|1\n|-boost|p2a: Gyarados|spe|1\n|\n|upkeep\n|turn|2\n|inactive|Time left: 300 sec this turn | 300 sec total\n|\n|t:|1783567150\n|move|p2a: Gyarados|Earthquake|p1a: Reshiram\n|-damage|p1a: Reshiram|58/100\n|move|p1a: Reshiram|Outrage|p2a: Gyarados|[from] lockedmove\n|-damage|p2a: Gyarados|0 fnt\n|faint|p2a: Gyarados\n|-start|p1a: Reshiram|confusion|[fatigue]\n|\n|upkeep\n|inactive|Time left: 300 sec this turn | 300 sec total | 5 sec grace\n|\n|t:|1783567151\n|switch|p2a: Magcargo|Magcargo, L95, M|268/268\n|turn|3\n|inactive|Time left: 300 sec this turn | 300 sec total\n|\n|t:|1783567152\n|switch|p1a: Wyrdeer|Wyrdeer, L87, M|100/100\n|-ability|p1a: Wyrdeer|Intimidate|boost\n|-unboost|p2a: Magcargo|atk|1\n|move|p2a: Magcargo|Shell Smash|p2a: Magcargo\n|-unboost|p2a: Magcargo|def|1\n|-unboost|p2a: Magcargo|spd|1\n|-boost|p2a: Magcargo|atk|2\n|-boost|p2a: Magcargo|spa|2\n|-boost|p2a: Magcargo|spe|2\n|\n|upkeep\n|turn|4\n|inactive|Time left: 300 sec this turn | 300 sec total\n|\n|t:|1783567153\n|-terastallize|p2a: Magcargo|Dragon\n|move|p2a: Magcargo|Fire Blast|p1a: Wyrdeer|[miss]\n|-miss|p2a: Magcargo|p1a: Wyrdeer\n|move|p1a: Wyrdeer|Earthquake|p2a: Magcargo\n|-damage|p2a: Magcargo|182/268\n|-ability|p2a: Magcargo|Weak Armor|boost\n|-unboost|p2a: Magcargo|def|1\n|-boost|p2a: Magcargo|spe|2\n|\n|upkeep\n|turn|5\n|inactive|Time left: 300 sec this turn | 300 sec total\n|\n|t:|1783567154\n|move|p2a: Magcargo|Fire Blast|p1a: Wyrdeer\n|-crit|p1a: Wyrdeer\n|-damage|p1a: Wyrdeer|6/100\n|move|p1a: Wyrdeer|Body Slam|p2a: Magcargo\n|-damage|p2a: Magcargo|32/268\n|-ability|p2a: Magcargo|Weak Armor|boost\n|-unboost|p2a: Magcargo|def|1\n|-boost|p2a: Magcargo|spe|2\n|\n|upkeep\n|turn|6\n|inactive|Time left: 300 sec this turn | 300 sec total\n|\n|t:|1783567154\n|move|p2a: Magcargo|Power Gem|p1a: Wyrdeer\n|-damage|p1a: Wyrdeer|0 fnt\n|faint|p1a: Wyrdeer\n|\n|upkeep\n|\n|t:|1783567155\n|switch|p1a: Annihilape|Annihilape, L76, F|100/100\n|turn|7\n|inactive|Time left: 300 sec this turn | 300 sec total\n|\n|t:|1783567156\n|move|p2a: Magcargo|Fire Blast|p1a: Annihilape\n|-crit|p1a: Annihilape\n|-damage|p1a: Annihilape|0 fnt\n|faint|p1a: Annihilape\n|\n|upkeep\n|\n|t:|1783567157\n|switch|p1a: Reshiram|Reshiram, L76, tera:Dragon|58/100\n|-ability|p1a: Reshiram|Turboblaze\n|turn|8\n|inactive|Time left: 300 sec this turn | 300 sec total\n|\n|t:|1783567158\n|switch|p1a: Meganium|Meganium, L90, F|100/100\n|move|p2a: Magcargo|Power Gem|p1a: Meganium\n|-crit|p1a: Meganium\n|-damage|p1a: Meganium|5/100\n|\n|-heal|p1a: Meganium|11/100|[from] item: Leftovers\n|upkeep\n|turn|9\n|inactive|Time left: 300 sec this turn | 300 sec total\n|\n|t:|1783567159\n|move|p2a: Magcargo|Power Gem|p1a: Meganium\n|-damage|p1a: Meganium|0 fnt\n|faint|p1a: Meganium\n|\n|upkeep\n|\n|t:|1783567160\n|switch|p1a: Excadrill|Excadrill, L79, F|100/100\n|-ability|p1a: Excadrill|Mold Breaker\n|turn|10\n|inactive|Time left: 300 sec this turn | 300 sec total\n|\n|t:|1783567161\n|switch|p1a: Reshiram|Reshiram, L76, tera:Dragon|58/100\n|-ability|p1a: Reshiram|Turboblaze\n|move|p2a: Magcargo|Fire Blast|p1a: Reshiram\n|-resisted|p1a: Reshiram\n|-damage|p1a: Reshiram|14/100\n|-status|p1a: Reshiram|brn\n|\n|-damage|p1a: Reshiram|8/100 brn|[from] brn\n|upkeep\n|turn|11\n|inactive|Time left: 300 sec this turn | 300 sec total\n|\n|t:|1783567161\n|move|p2a: Magcargo|Earth Power|p1a: Reshiram\n|-damage|p1a: Reshiram|0 fnt\n|faint|p1a: Reshiram\n|\n|upkeep\n|\n|t:|1783567162\n|switch|p1a: Iron Treads|Iron Treads, L77|100/100\n|turn|12\n|inactive|Time left: 300 sec this turn | 300 sec total\n|\n|t:|1783567163\n|-end|p1a: Iron Treads|Quark Drive|[silent]\n|switch|p1a: Excadrill|Excadrill, L79, F|100/100\n|-ability|p1a: Excadrill|Mold Breaker\n|move|p2a: Magcargo|Fire Blast|p1a: Excadrill\n|-supereffective|p1a: Excadrill\n|-damage|p1a: Excadrill|0 fnt\n|faint|p1a: Excadrill\n|\n|upkeep\n|\n|t:|1783567164\n|switch|p1a: Iron Treads|Iron Treads, L77|100/100\n|turn|13\n|inactive|Time left: 300 sec this turn | 300 sec total\n|\n|t:|1783567165\n|move|p2a: Magcargo|Earth Power|p1a: Iron Treads\n|-supereffective|p1a: Iron Treads\n|-damage|p1a: Iron Treads|0 fnt\n|faint|p1a: Iron Treads\n|-end|p1a: Iron Treads|Quark Drive|[silent]\n|\n|win|p0y2426e36b", "uploadtime": 1783567165, "views": 0, "rating": 0, "private": 0, "password": null, "_winner": "p0y2426e36b", "_our_name": "p0y2426e36b"}