{"id": "battle-gen9randombattle-2509", "formatid": "gen9randombattle", "format": "[Gen 9] Random Battle", "players": ["p0x25094931", "p0y25094bf3"], "log": "|init|battle\n|title|p0x25094931 vs. p0y25094bf3\n|j|\u2606p0x25094931\n|j|\u2606p0y25094bf3\n|t:|1783568081\n|gametype|singles\n|player|p1|p0x25094931|170|\n|player|p2|p0y25094bf3|2|\n|gen|9\n|tier|[Gen 9] Random Battle\n|rule|Species Clause: Limit one of each Pok\u00e9mon\n|rule|HP Percentage Mod: HP is shown in percentages\n|rule|Sleep Clause Mod: Limit one foe put to sleep\n|rule|Illusion Level Mod: Illusion disguises the Pok\u00e9mon's true level\n|\n|t:|1783568081\n|teamsize|p1|6\n|teamsize|p2|6\n|start\n|switch|p1a: Golurk|Golurk, L87|297/297\n|switch|p2a: Dugtrio|Dugtrio, L84, M|100/100\n|turn|1\n|inactive|Battle timer is ON: inactive players will automatically lose when time's up. (requested by p0x25094931)\n|inactive|p0y25094bf3 also wants the timer to be on.\n|\n|t:|1783568083\n|switch|p2a: Mandibuzz|Mandibuzz, L85, F|100/100\n|move|p1a: Golurk|Poltergeist|p2a: Mandibuzz\n|-activate|p2a: Mandibuzz|move: Poltergeist|Heavy-Duty Boots\n|-resisted|p2a: Mandibuzz\n|-damage|p2a: Mandibuzz|69/100\n|\n|upkeep\n|turn|2\n|inactive|Time left: 300 sec this turn | 300 sec total\n|\n|t:|1783568084\n|move|p2a: Mandibuzz|Knock Off|p1a: Golurk\n|-supereffective|p1a: Golurk\n|-damage|p1a: Golurk|121/297\n|-enditem|p1a: Golurk|Choice Band|[from] move: Knock Off|[of] p2a: Mandibuzz\n|move|p1a: Golurk|Poltergeist|p2a: Mandibuzz\n|-activate|p2a: Mandibuzz|move: Poltergeist|Heavy-Duty Boots\n|-resisted|p2a: Mandibuzz\n|-damage|p2a: Mandibuzz|47/100\n|\n|upkeep\n|turn|3\n|inactive|Time left: 300 sec this turn | 300 sec total\n|\n|t:|1783568085\n|move|p2a: Mandibuzz|Knock Off|p1a: Golurk\n|-supereffective|p1a: Golurk\n|-damage|p1a: Golurk|17/297\n|move|p1a: Golurk|Stone Edge|p2a: Mandibuzz\n|-supereffective|p2a: Mandibuzz\n|-damage|p2a: Mandibuzz|0 fnt\n|faint|p2a: Mandibuzz\n|\n|upkeep\n|\n|t:|1783568086\n|switch|p2a: Grumpig|Grumpig, L92, M|100/100\n|turn|4\n|inactive|Time left: 300 sec this turn | 300 sec total\n|\n|t:|1783568087\n|move|p2a: Grumpig|Psyshock|p1a: Golurk\n|-damage|p1a: Golurk|0 fnt\n|faint|p1a: Golurk\n|\n|upkeep\n|inactive|Time left: 300 sec this turn | 300 sec total | 5 sec grace\n|\n|t:|1783568088\n|switch|p1a: Araquanid|Araquanid, L82, M|246/246\n|turn|5\n|inactive|Time left: 300 sec this turn | 300 sec total\n|\n|t:|1783568090\n|move|p2a: Grumpig|Psyshock|p1a: Araquanid\n|-damage|p1a: Araquanid|114/246\n|move|p1a: Araquanid|Sticky Web|p2a: Grumpig\n|-sidestart|p2: p0y25094bf3|move: Sticky Web\n|\n|upkeep\n|turn|6\n|inactive|Time left: 300 sec this turn | 300 sec total\n|\n|t:|1783568091\n|switch|p1a: Spiritomb|Spiritomb, L89, F|234/234\n|move|p2a: Grumpig|Psyshock|p1a: Spiritomb\n|-immune|p1a: Spiritomb\n|\n|upkeep\n|turn|7\n|inactive|Time left: 300 sec this turn | 300 sec total\n|\n|t:|1783568092\n|move|p2a: Grumpig|Psyshock|p1a: Spiritomb\n|-immune|p1a: Spiritomb\n|move|p1a: Spiritomb|Poltergeist|p2a: Grumpig\n|-activate|p2a: Grumpig|move: Poltergeist|Choice Specs\n|-supereffective|p2a: Grumpig\n|-damage|p2a: Grumpig|0 fnt\n|faint|p2a: Grumpig\n|\n|upkeep\n|\n|t:|1783568093\n|switch|p2a: Camerupt|Camerupt, L91, F|100/100\n|-activate|p2a: Camerupt|move: Sticky Web\n|-unboost|p2a: Camerupt|spe|1\n|turn|8\n|inactive|Time left: 300 sec this turn | 300 sec total\n|\n|t:|1783568094\n|move|p1a: Spiritomb|Foul Play|p2a: Camerupt\n|-damage|p2a: Camerupt|52/100\n|move|p2a: Camerupt|Earthquake|p1a: Spiritomb\n|-damage|p1a: Spiritomb|126/234\n|\n|-heal|p1a: Spiritomb|140/234|[from] item: Leftovers\n|-heal|p2a: Camerupt|59/100|[from] item: Leftovers\n|upkeep\n|turn|9\n|inactive|Time left: 300 sec this turn | 300 sec total\n|\n|t:|1783568095\n|move|p1a: Spiritomb|Foul Play|p2a: Camerupt\n|-damage|p2a: Camerupt|16/100\n|move|p2a: Camerupt|Earthquake|p1a: Spiritomb\n|-damage|p1a: Spiritomb|38/234\n|\n|-heal|p1a: Spiritomb|52/234|[from] item: Leftovers\n|-heal|p2a: Camerupt|22/100|[from] item: Leftovers\n|upkeep\n|turn|10\n|inactive|Time left: 300 sec this turn | 300 sec total\n|\n|t:|1783568096\n|move|p1a: Spiritomb|Poltergeist|p2a: Camerupt\n|-activate|p2a: Camerupt|move: Poltergeist|Leftovers\n|-damage|p2a: Camerupt|0 fnt\n|faint|p2a: Camerupt\n|\n|-heal|p1a: Spiritomb|66/234|[from] item: Leftovers\n|upkeep\n|\n|t:|1783568096\n|switch|p2a: Ceruledge|Ceruledge, L78, F|100/100\n|turn|11\n|inactive|Time left: 300 sec this turn | 300 sec total\n|\n|t:|1783568097\n|move|p1a: Spiritomb|Sucker Punch|p2a: Ceruledge\n|-supereffective|p2a: Ceruledge\n|-damage|p2a: Ceruledge|22/100\n|-ability|p2a: Ceruledge|Weak Armor|boost\n|-unboost|p2a: Ceruledge|def|1\n|-boost|p2a: Ceruledge|spe|2\n|move|p2a: Ceruledge|Poltergeist|p1a: Spiritomb\n|-activate|p1a: Spiritomb|move: Poltergeist|Leftovers\n|-damage|p1a: Spiritomb|0 fnt\n|faint|p1a: Spiritomb\n|\n|upkeep\n|inactive|Time left: 300 sec this turn | 300 sec total | 5 sec grace\n|\n|t:|1783568098\n|switch|p1a: Goodra|Goodra-Hisui, L82, M|265/265\n|turn|12\n|inactive|Time left: 300 sec this turn | 300 sec total\n|\n|t:|1783568099\n|move|p2a: Ceruledge|Bitter Blade|p1a: Goodra\n|-damage|p1a: Goodra|169/265\n|-heal|p2a: Ceruledge|42/100|[from] drain|[of] p1a: Goodra\n|move|p1a: Goodra|Heavy Slam|p2a: Ceruledge\n|-resisted|p2a: Ceruledge\n|-crit|p2a: Ceruledge\n|-damage|p2a: Ceruledge|0 fnt\n|faint|p2a: Ceruledge\n|\n|upkeep\n|\n|t:|1783568100\n|switch|p2a: Dugtrio|Dugtrio, L84, M|100/100\n|-activate|p2a: Dugtrio|move: Sticky Web\n|-unboost|p2a: Dugtrio|spe|1\n|turn|13\n|inactive|Time left: 300 sec this turn | 300 sec total\n|\n|t:|1783568101\n|-terastallize|p1a: Goodra|Ground\n|move|p2a: Dugtrio|Earthquake|p1a: Goodra\n|-damage|p1a: Goodra|31/265\n|move|p1a: Goodra|Heavy Slam|p2a: Dugtrio\n|-damage|p2a: Dugtrio|6/100\n|\n|upkeep\n|turn|14\n|inactive|Time left: 300 sec this turn | 300 sec total\n|\n|t:|1783568103\n|move|p2a: Dugtrio|Earthquake|p1a: Goodra\n|-damage|p1a: Goodra|0 fnt\n|faint|p1a: Goodra\n|\n|upkeep\n|inactive|Time left: 300 sec this turn | 300 sec total | 5 sec grace\n|\n|t:|1783568104\n|switch|p1a: Braviary|Braviary-Hisui, L85, M|326/326\n|turn|15\n|inactive|Time left: 300 sec this turn | 300 sec total\n|\n|t:|1783568105\n|switch|p2a: Palafin|Palafin, L77, F|100/100\n|-activate|p2a: Palafin|move: Sticky Web\n|-unboost|p2a: Palafin|spe|1\n|move|p1a: Braviary|Calm Mind|p1a: Braviary\n|-boost|p1a: Braviary|spa|1\n|-boost|p1a: Braviary|spd|1\n|\n|upkeep\n|turn|16\n|inactive|Time left: 300 sec this turn | 300 sec total\n|\n|t:|1783568106\n|move|p1a: Braviary|Esper Wing|p2a: Palafin\n|-damage|p2a: Palafin|32/100\n|-boost|p1a: Braviary|spe|1\n|move|p2a: Palafin|Flip Turn|p1a: Braviary\n|-damage|p1a: Braviary|251/326\n|\n|t:|1783568107\n|detailschange|p2a: Palafin|Palafin-Hero, L77, F\n|switch|p2a: Dugtrio|Dugtrio, L84, M|6/100|[from] Flip Turn\n|-activate|p2a: Dugtrio|move: Sticky Web\n|-unboost|p2a: Dugtrio|spe|1\n|\n|upkeep\n|turn|17\n|inactive|Time left: 300 sec this turn | 300 sec total\n|\n|t:|1783568108\n|move|p2a: Dugtrio|Sucker Punch|p1a: Braviary\n|-supereffective|p1a: Braviary\n|-damage|p1a: Braviary|63/326\n|move|p1a: Braviary|Hurricane|p2a: Dugtrio|[miss]\n|-miss|p1a: Braviary|p2a: Dugtrio\n|\n|upkeep\n|turn|18\n|inactive|Time left: 300 sec this turn | 300 sec total\n|\n|t:|1783568109\n|move|p2a: Dugtrio|Sucker Punch||[still]\n|-fail|p2a: Dugtrio\n|move|p1a: Braviary|Roost|p1a: Braviary\n|-heal|p1a: Braviary|226/326\n|-singleturn|p1a: Braviary|move: Roost\n|\n|upkeep\n|turn|19\n|inactive|Time left: 300 sec this turn | 300 sec total\n|\n|t:|1783568110\n|-terastallize|p2a: Dugtrio|Dark\n|move|p2a: Dugtrio|Sucker Punch||[still]\n|-fail|p2a: Dugtrio\n|move|p1a: Braviary|Roost|p1a: Braviary\n|-heal|p1a: Braviary|326/326\n|-singleturn|p1a: Braviary|move: Roost\n|\n|upkeep\n|turn|20\n|inactive|Time left: 300 sec this turn | 300 sec total\n|\n|t:|1783568111\n|switch|p1a: Illumise|Illumise, L91, F|266/266\n|switch|p2a: Palafin|Palafin-Hero, L77, F|32/100\n|-activate|p2a: Palafin|move: Sticky Web\n|-unboost|p2a: Palafin|spe|1\n|-activate|p2a: Palafin|ability: Zero to Hero\n|\n|upkeep\n|turn|21\n|inactive|Time left: 300 sec this turn | 300 sec total\n|\n|t:|1783568112\n|move|p1a: Illumise|Bug Buzz|p2a: Palafin\n|-damage|p2a: Palafin|0 fnt\n|faint|p2a: Palafin\n|\n|upkeep\n|\n|t:|1783568113\n|switch|p2a: Dugtrio|Dugtrio, L84, M, tera:Dark|6/100\n|-activate|p2a: Dugtrio|move: Sticky Web\n|-unboost|p2a: Dugtrio|spe|1\n|turn|22\n|inactive|Time left: 300 sec this turn | 300 sec total\n|\n|t:|1783568113\n|move|p1a: Illumise|Bug Buzz|p2a: Dugtrio\n|-supereffective|p2a: Dugtrio\n|-damage|p2a: Dugtrio|0 fnt\n|faint|p2a: Dugtrio\n|\n|win|p0x25094931", "uploadtime": 1783568113, "views": 0, "rating": 0, "private": 0, "password": null, "_winner": "p0x25094931", "_our_name": "p0x25094931"}