{"id": "battle-gen9randombattle-510", "formatid": "gen9randombattle", "format": "[Gen 9] Random Battle", "players": ["p0x510789d", "p0y51015f9"], "log": "|init|battle\n|title|p0x510789d vs. p0y51015f9\n|j|\u2606p0x510789d\n|j|\u2606p0y51015f9\n|t:|1783545672\n|gametype|singles\n|player|p1|p0x510789d|1|\n|player|p2|p0y51015f9|101|\n|gen|9\n|tier|[Gen 9] Random Battle\n|rule|Species Clause: Limit one of each Pok\u00e9mon\n|rule|HP Percentage Mod: HP is shown in percentages\n|rule|Sleep Clause Mod: Limit one foe put to sleep\n|rule|Illusion Level Mod: Illusion disguises the Pok\u00e9mon's true level\n|\n|t:|1783545672\n|teamsize|p1|6\n|teamsize|p2|6\n|start\n|switch|p1a: Espathra|Espathra, L80, F|283/283\n|switch|p2a: Hydrapple|Hydrapple, L83, M|100/100\n|turn|1\n|inactive|Battle timer is ON: inactive players will automatically lose when time's up. (requested by p0x510789d)\n|inactive|p0y51015f9 also wants the timer to be on.\n|\n|t:|1783545674\n|move|p1a: Espathra|Calm Mind|p1a: Espathra\n|-boost|p1a: Espathra|spa|1\n|-boost|p1a: Espathra|spd|1\n|move|p2a: Hydrapple|Leaf Storm|p1a: Espathra\n|-damage|p1a: Espathra|79/283\n|-unboost|p2a: Hydrapple|spa|2\n|\n|-heal|p1a: Espathra|96/283|[from] item: Leftovers\n|-ability|p1a: Espathra|Speed Boost|boost\n|-boost|p1a: Espathra|spe|1\n|upkeep\n|turn|2\n|inactive|Time left: 300 sec this turn | 300 sec total\n|\n|t:|1783545675\n|switch|p2a: Flareon|Flareon, L90, F|100/100\n|move|p1a: Espathra|Calm Mind|p1a: Espathra\n|-boost|p1a: Espathra|spa|1\n|-boost|p1a: Espathra|spd|1\n|\n|-heal|p1a: Espathra|113/283|[from] item: Leftovers\n|-ability|p1a: Espathra|Speed Boost|boost\n|-boost|p1a: Espathra|spe|1\n|-status|p2a: Flareon|tox|[from] item: Toxic Orb\n|upkeep\n|turn|3\n|inactive|Time left: 300 sec this turn | 300 sec total\n|\n|t:|1783545676\n|move|p1a: Espathra|Substitute|p1a: Espathra\n|-start|p1a: Espathra|Substitute\n|-damage|p1a: Espathra|43/283\n|move|p2a: Flareon|Facade|p1a: Espathra\n|-end|p1a: Espathra|Substitute\n|\n|-heal|p1a: Espathra|60/283|[from] item: Leftovers\n|-damage|p2a: Flareon|94/100 tox|[from] psn\n|-ability|p1a: Espathra|Speed Boost|boost\n|-boost|p1a: Espathra|spe|1\n|upkeep\n|turn|4\n|inactive|Time left: 300 sec this turn | 300 sec total\n|\n|t:|1783545677\n|move|p1a: Espathra|Stored Power|p2a: Flareon\n|-damage|p2a: Flareon|6/100 tox\n|move|p2a: Flareon|Facade|p1a: Espathra\n|-damage|p1a: Espathra|0 fnt\n|faint|p1a: Espathra\n|\n|-damage|p2a: Flareon|0 fnt|[from] psn\n|faint|p2a: Flareon\n|upkeep\n|inactive|Time left: 300 sec this turn | 300 sec total | 5 sec grace\n|\n|t:|1783545678\n|switch|p1a: Hydrapple|Hydrapple, L83, F|312/312\n|switch|p2a: Hydrapple|Hydrapple, L83, M|100/100\n|turn|5\n|inactive|Time left: 300 sec this turn | 300 sec total\n|\n|t:|1783545679\n|move|p1a: Hydrapple|Fickle Beam|p2a: Hydrapple|[anim] Fickle Beam All Out\n|-activate|p1a: Hydrapple|move: Fickle Beam\n|-supereffective|p2a: Hydrapple\n|-damage|p2a: Hydrapple|0 fnt\n|faint|p2a: Hydrapple\n|\n|upkeep\n|\n|t:|1783545680\n|switch|p2a: Basculegion|Basculegion-F, L83, F|100/100\n|turn|6\n|inactive|Time left: 300 sec this turn | 300 sec total\n|\n|t:|1783545681\n|move|p2a: Basculegion|Ice Beam|p1a: Hydrapple\n|-supereffective|p1a: Hydrapple\n|-damage|p1a: Hydrapple|32/312\n|move|p1a: Hydrapple|Fickle Beam|p2a: Basculegion\n|-damage|p2a: Basculegion|65/100\n|\n|upkeep\n|turn|7\n|inactive|Time left: 300 sec this turn | 300 sec total\n|\n|t:|1783545682\n|switch|p1a: Iron Crown|Iron Crown, L78|268/268\n|move|p2a: Basculegion|Ice Beam|p1a: Iron Crown\n|-resisted|p1a: Iron Crown\n|-damage|p1a: Iron Crown|227/268\n|\n|upkeep\n|turn|8\n|inactive|Time left: 300 sec this turn | 300 sec total\n|\n|t:|1783545683\n|move|p1a: Iron Crown|Psyshock|p2a: Basculegion\n|-damage|p2a: Basculegion|14/100\n|move|p2a: Basculegion|Ice Beam|p1a: Iron Crown\n|-resisted|p1a: Iron Crown\n|-damage|p1a: Iron Crown|180/268\n|\n|upkeep\n|turn|9\n|inactive|Time left: 300 sec this turn | 300 sec total\n|\n|t:|1783545685\n|switch|p2a: Tinkaton|Tinkaton, L82, F|100/100\n|-ability|p2a: Tinkaton|Mold Breaker\n|move|p1a: Iron Crown|Psyshock|p2a: Tinkaton\n|-resisted|p2a: Tinkaton\n|-damage|p2a: Tinkaton|71/100\n|\n|-heal|p2a: Tinkaton|77/100|[from] item: Leftovers\n|upkeep\n|turn|10\n|inactive|Time left: 300 sec this turn | 300 sec total\n|\n|t:|1783545686\n|-end|p1a: Iron Crown|Quark Drive|[silent]\n|switch|p1a: Torkoal|Torkoal, L88, M|266/266\n|-weather|SunnyDay|[from] ability: Drought|[of] p1a: Torkoal\n|move|p2a: Tinkaton|Knock Off|p1a: Torkoal\n|-damage|p1a: Torkoal|229/266\n|-enditem|p1a: Torkoal|Heavy-Duty Boots|[from] move: Knock Off|[of] p2a: Tinkaton\n|\n|-weather|SunnyDay|[upkeep]\n|-heal|p2a: Tinkaton|83/100|[from] item: Leftovers\n|upkeep\n|turn|11\n|inactive|Time left: 300 sec this turn | 300 sec total\n|\n|t:|1783545687\n|switch|p2a: Dondozo|Dondozo, L78, M|100/100\n|move|p1a: Torkoal|Lava Plume|p2a: Dondozo\n|-resisted|p2a: Dondozo\n|-damage|p2a: Dondozo|78/100\n|-status|p2a: Dondozo|brn\n|\n|-weather|SunnyDay|[upkeep]\n|-heal|p2a: Dondozo|84/100 brn|[from] item: Leftovers\n|-damage|p2a: Dondozo|78/100 brn|[from] brn\n|upkeep\n|turn|12\n|inactive|Time left: 300 sec this turn | 300 sec total\n|\n|t:|1783545688\n|switch|p2a: Tinkaton|Tinkaton, L82, F|83/100\n|-ability|p2a: Tinkaton|Mold Breaker\n|move|p1a: Torkoal|Lava Plume|p2a: Tinkaton\n|-supereffective|p2a: Tinkaton\n|-damage|p2a: Tinkaton|4/100\n|\n|-weather|SunnyDay|[upkeep]\n|-heal|p2a: Tinkaton|10/100|[from] item: Leftovers\n|upkeep\n|turn|13\n|inactive|Time left: 300 sec this turn | 300 sec total\n|\n|t:|1783545689\n|move|p2a: Tinkaton|Gigaton Hammer|p1a: Torkoal\n|-resisted|p1a: Torkoal\n|-damage|p1a: Torkoal|181/266\n|move|p1a: Torkoal|Lava Plume|p2a: Tinkaton\n|-supereffective|p2a: Tinkaton\n|-damage|p2a: Tinkaton|0 fnt\n|faint|p2a: Tinkaton\n|\n|-weather|SunnyDay|[upkeep]\n|upkeep\n|\n|t:|1783545689\n|switch|p2a: Basculegion|Basculegion-F, L83, F|14/100\n|turn|14\n|inactive|Time left: 300 sec this turn | 300 sec total\n|\n|t:|1783545690\n|switch|p1a: Sandy Shocks|Sandy Shocks, L80|267/267\n|-activate|p1a: Sandy Shocks|ability: Protosynthesis\n|-start|p1a: Sandy Shocks|protosynthesisspa\n|move|p2a: Basculegion|Shadow Ball|p1a: Sandy Shocks\n|-damage|p1a: Sandy Shocks|95/267\n|-unboost|p1a: Sandy Shocks|spd|1\n|\n|-weather|none\n|-end|p1a: Sandy Shocks|Protosynthesis\n|upkeep\n|turn|15\n|inactive|Time left: 300 sec this turn | 300 sec total\n|\n|t:|1783545691\n|move|p1a: Sandy Shocks|Volt Switch|p2a: Basculegion\n|-supereffective|p2a: Basculegion\n|-damage|p2a: Basculegion|0 fnt\n|faint|p2a: Basculegion\n|inactive|Time left: 300 sec this turn | 300 sec total | 5 sec grace\n|\n|t:|1783545692\n|-end|p1a: Sandy Shocks|Protosynthesis|[silent]\n|switch|p1a: Hydrapple|Hydrapple, L83, F|136/312|[from] Volt Switch\n|\n|upkeep\n|\n|t:|1783545693\n|switch|p2a: Iron Boulder|Iron Boulder, L77|100/100\n|turn|16\n|inactive|Time left: 300 sec this turn | 300 sec total\n|\n|t:|1783545694\n|-terastallize|p2a: Iron Boulder|Fighting\n|move|p2a: Iron Boulder|Swords Dance|p2a: Iron Boulder\n|-boost|p2a: Iron Boulder|atk|2\n|move|p1a: Hydrapple|Giga Drain|p2a: Iron Boulder\n|-damage|p2a: Iron Boulder|65/100\n|-heal|p1a: Hydrapple|183/312|[from] drain|[of] p2a: Iron Boulder\n|\n|upkeep\n|turn|17\n|inactive|Time left: 300 sec this turn | 300 sec total\n|\n|t:|1783545695\n|switch|p1a: Sandy Shocks|Sandy Shocks, L80|95/267\n|move|p2a: Iron Boulder|Close Combat|p1a: Sandy Shocks\n|-damage|p1a: Sandy Shocks|0 fnt\n|-unboost|p2a: Iron Boulder|def|1\n|-unboost|p2a: Iron Boulder|spd|1\n|faint|p1a: Sandy Shocks\n|-end|p1a: Sandy Shocks|Protosynthesis|[silent]\n|-damage|p2a: Iron Boulder|56/100|[from] item: Life Orb\n|\n|upkeep\n|inactive|Time left: 300 sec this turn | 300 sec total | 5 sec grace\n|\n|t:|1783545696\n|switch|p1a: Hydrapple|Hydrapple, L83, F|287/312\n|turn|18\n|inactive|Time left: 300 sec this turn | 300 sec total\n|\n|t:|1783545696\n|move|p2a: Iron Boulder|Close Combat|p1a: Hydrapple\n|-damage|p1a: Hydrapple|2/312\n|-unboost|p2a: Iron Boulder|def|1\n|-unboost|p2a: Iron Boulder|spd|1\n|-damage|p2a: Iron Boulder|46/100|[from] item: Life Orb\n|move|p1a: Hydrapple|Fickle Beam|p2a: Iron Boulder\n|-damage|p2a: Iron Boulder|0 fnt\n|faint|p2a: Iron Boulder\n|-end|p2a: Iron Boulder|Quark Drive|[silent]\n|\n|upkeep\n|\n|t:|1783545697\n|switch|p2a: Dondozo|Dondozo, L78, M|78/100 brn\n|turn|19\n|inactive|Time left: 300 sec this turn | 300 sec total\n|\n|t:|1783545698\n|move|p1a: Hydrapple|Giga Drain|p2a: Dondozo\n|-supereffective|p2a: Dondozo\n|-damage|p2a: Dondozo|8/100 brn\n|-heal|p1a: Hydrapple|129/312|[from] drain|[of] p2a: Dondozo\n|move|p2a: Dondozo|Rest|p2a: Dondozo\n|-status|p2a: Dondozo|slp|[from] move: Rest\n|-heal|p2a: Dondozo|100/100 slp|[silent]\n|\n|upkeep\n|turn|20\n|inactive|Time left: 300 sec this turn | 300 sec total\n|\n|t:|1783545699\n|move|p1a: Hydrapple|Giga Drain|p2a: Dondozo\n|-supereffective|p2a: Dondozo\n|-damage|p2a: Dondozo|29/100 slp\n|-heal|p1a: Hydrapple|259/312|[from] drain|[of] p2a: Dondozo\n|cant|p2a: Dondozo|slp\n|move|p2a: Dondozo|Sleep Talk|p2a: Dondozo\n|move|p2a: Dondozo|Curse|p2a: Dondozo|[from] move: Sleep Talk\n|-unboost|p2a: Dondozo|spe|1\n|-boost|p2a: Dondozo|atk|1\n|-boost|p2a: Dondozo|def|1\n|\n|-heal|p2a: Dondozo|35/100 slp|[from] item: Leftovers\n|upkeep\n|turn|21\n|inactive|Time left: 300 sec this turn | 300 sec total\n|\n|t:|1783545700\n|-terastallize|p1a: Hydrapple|Steel\n|move|p1a: Hydrapple|Giga Drain|p2a: Dondozo\n|-supereffective|p2a: Dondozo\n|-damage|p2a: Dondozo|0 fnt\n|-heal|p1a: Hydrapple|312/312|[from] drain|[of] p2a: Dondozo\n|faint|p2a: Dondozo\n|\n|win|p0x510789d", "uploadtime": 1783545700, "views": 0, "rating": 0, "private": 0, "password": null, "_winner": "p0x510789d", "_our_name": "p0x510789d"}