{"id": "battle-gen9randombattle-524", "formatid": "gen9randombattle", "format": "[Gen 9] Random Battle", "players": ["p0x524dfff", "p0y524c1d6"], "log": "|init|battle\n|title|p0x524dfff vs. p0y524c1d6\n|j|\u2606p0x524dfff\n|j|\u2606p0y524c1d6\n|t:|1783545127\n|gametype|singles\n|player|p1|p0x524dfff|2|\n|player|p2|p0y524c1d6|1|\n|gen|9\n|tier|[Gen 9] Random Battle\n|rule|Species Clause: Limit one of each Pok\u00e9mon\n|rule|HP Percentage Mod: HP is shown in percentages\n|rule|Sleep Clause Mod: Limit one foe put to sleep\n|rule|Illusion Level Mod: Illusion disguises the Pok\u00e9mon's true level\n|\n|t:|1783545127\n|teamsize|p1|6\n|teamsize|p2|6\n|start\n|switch|p1a: Eiscue|Eiscue, L88, F|274/274\n|switch|p2a: Medicham|Medicham, L86, M|100/100\n|turn|1\n|inactive|Battle timer is ON: inactive players will automatically lose when time's up. (requested by p0y524c1d6)\n|inactive|Time left: 300 sec this turn | 300 sec total | 60 sec grace\n|inactive|p0x524dfff also wants the timer to be on.\n|\n|t:|1783545128\n|move|p2a: Medicham|Poison Jab|p1a: Eiscue\n|-activate|p1a: Eiscue|ability: Ice Face\n|-damage|p1a: Eiscue|274/274\n|detailschange|p1a: Eiscue|Eiscue-Noice, L88, F\n|move|p1a: Eiscue|Ice Spinner|p2a: Medicham\n|-damage|p2a: Medicham|64/100\n|\n|upkeep\n|turn|2\n|inactive|Time left: 300 sec this turn | 300 sec total\n|\n|t:|1783545130\n|move|p1a: Eiscue|Ice Spinner|p2a: Medicham\n|-damage|p2a: Medicham|24/100\n|move|p2a: Medicham|Poison Jab|p1a: Eiscue\n|-damage|p1a: Eiscue|121/274\n|-enditem|p1a: Eiscue|Sitrus Berry|[eat]\n|-heal|p1a: Eiscue|189/274|[from] item: Sitrus Berry\n|\n|upkeep\n|turn|3\n|inactive|Time left: 300 sec this turn | 300 sec total\n|\n|t:|1783545131\n|switch|p2a: Iron Crown|Iron Crown, L78|100/100\n|move|p1a: Eiscue|Ice Spinner|p2a: Iron Crown\n|-resisted|p2a: Iron Crown\n|-damage|p2a: Iron Crown|86/100\n|\n|-heal|p2a: Iron Crown|92/100|[from] item: Leftovers\n|upkeep\n|turn|4\n|inactive|Time left: 300 sec this turn | 300 sec total\n|\n|t:|1783545132\n|switch|p1a: Typhlosion|Typhlosion-Hisui, L83, M|257/257\n|move|p2a: Iron Crown|Tachyon Cutter|p1a: Typhlosion\n|-resisted|p1a: Typhlosion\n|-damage|p1a: Typhlosion|227/257\n|-resisted|p1a: Typhlosion\n|-damage|p1a: Typhlosion|200/257\n|-hitcount|p1a: Typhlosion|2\n|\n|-heal|p2a: Iron Crown|98/100|[from] item: Leftovers\n|upkeep\n|turn|5\n|inactive|Time left: 300 sec this turn | 300 sec total\n|\n|t:|1783545133\n|-end|p2a: Iron Crown|Quark Drive|[silent]\n|switch|p2a: Diancie|Diancie, L82|100/100\n|move|p1a: Typhlosion|Fire Blast|p2a: Diancie\n|-resisted|p2a: Diancie\n|-damage|p2a: Diancie|79/100\n|\n|-heal|p2a: Diancie|85/100|[from] item: Leftovers\n|upkeep\n|turn|6\n|inactive|Time left: 300 sec this turn | 300 sec total\n|\n|t:|1783545134\n|switch|p1a: Tyranitar|Tyranitar, L78, M|284/284\n|-weather|Sandstorm|[from] ability: Sand Stream|[of] p1a: Tyranitar\n|move|p2a: Diancie|Diamond Storm|p1a: Tyranitar\n|-damage|p1a: Tyranitar|185/284\n|\n|-weather|Sandstorm|[upkeep]\n|-heal|p2a: Diancie|91/100|[from] item: Leftovers\n|upkeep\n|turn|7\n|inactive|Time left: 300 sec this turn | 300 sec total\n|\n|t:|1783545135\n|move|p1a: Tyranitar|Dragon Dance|p1a: Tyranitar\n|-boost|p1a: Tyranitar|atk|1\n|-boost|p1a: Tyranitar|spe|1\n|move|p2a: Diancie|Body Press|p1a: Tyranitar\n|-supereffective|p1a: Tyranitar\n|-damage|p1a: Tyranitar|0 fnt\n|faint|p1a: Tyranitar\n|\n|-weather|Sandstorm|[upkeep]\n|-heal|p2a: Diancie|97/100|[from] item: Leftovers\n|upkeep\n|inactive|Time left: 300 sec this turn | 300 sec total | 5 sec grace\n|\n|t:|1783545136\n|switch|p1a: Toxicroak|Toxicroak, L84, F|277/277\n|turn|8\n|inactive|Time left: 300 sec this turn | 300 sec total\n|\n|t:|1783545138\n|move|p1a: Toxicroak|Swords Dance|p1a: Toxicroak\n|-boost|p1a: Toxicroak|atk|2\n|move|p2a: Diancie|Moonblast|p1a: Toxicroak\n|-damage|p1a: Toxicroak|147/277\n|\n|-weather|Sandstorm|[upkeep]\n|-damage|p1a: Toxicroak|130/277|[from] Sandstorm\n|-heal|p2a: Diancie|100/100|[from] item: Leftovers\n|upkeep\n|turn|9\n|inactive|Time left: 300 sec this turn | 300 sec total\n|\n|t:|1783545139\n|switch|p2a: Medicham|Medicham, L86, M|24/100\n|move|p1a: Toxicroak|Close Combat|p2a: Medicham\n|-resisted|p2a: Medicham\n|-damage|p2a: Medicham|0 fnt\n|-unboost|p1a: Toxicroak|def|1\n|-unboost|p1a: Toxicroak|spd|1\n|faint|p2a: Medicham\n|-damage|p1a: Toxicroak|103/277|[from] item: Life Orb\n|\n|-weather|Sandstorm|[upkeep]\n|-damage|p1a: Toxicroak|86/277|[from] Sandstorm\n|upkeep\n|\n|t:|1783545139\n|switch|p2a: Iron Crown|Iron Crown, L78|98/100\n|turn|10\n|inactive|Time left: 300 sec this turn | 300 sec total\n|\n|t:|1783545140\n|switch|p1a: Lugia|Lugia, L73|275/275\n|move|p2a: Iron Crown|Tachyon Cutter|p1a: Lugia\n|-damage|p1a: Lugia|256/275\n|-damage|p1a: Lugia|214/275\n|-hitcount|p1a: Lugia|2\n|\n|-weather|none\n|-heal|p2a: Iron Crown|100/100|[from] item: Leftovers\n|upkeep\n|turn|11\n|inactive|Time left: 300 sec this turn | 300 sec total\n|\n|t:|1783545141\n|move|p1a: Lugia|Calm Mind|p1a: Lugia\n|-boost|p1a: Lugia|spa|1\n|-boost|p1a: Lugia|spd|1\n|move|p2a: Iron Crown|Calm Mind|p2a: Iron Crown\n|-boost|p2a: Iron Crown|spa|1\n|-boost|p2a: Iron Crown|spd|1\n|\n|upkeep\n|turn|12\n|inactive|Time left: 300 sec this turn | 300 sec total\n|\n|t:|1783545142\n|move|p1a: Lugia|Calm Mind|p1a: Lugia\n|-boost|p1a: Lugia|spa|1\n|-boost|p1a: Lugia|spd|1\n|move|p2a: Iron Crown|Calm Mind|p2a: Iron Crown\n|-boost|p2a: Iron Crown|spa|1\n|-boost|p2a: Iron Crown|spd|1\n|\n|upkeep\n|turn|13\n|inactive|Time left: 300 sec this turn | 300 sec total\n|\n|t:|1783545144\n|move|p1a: Lugia|Calm Mind|p1a: Lugia\n|-boost|p1a: Lugia|spa|1\n|-boost|p1a: Lugia|spd|1\n|move|p2a: Iron Crown|Tachyon Cutter|p1a: Lugia\n|-damage|p1a: Lugia|177/275\n|-damage|p1a: Lugia|144/275\n|-hitcount|p1a: Lugia|2\n|\n|upkeep\n|turn|14\n|inactive|Time left: 300 sec this turn | 300 sec total\n|\n|t:|1783545145\n|move|p1a: Lugia|Recover|p1a: Lugia\n|-heal|p1a: Lugia|275/275\n|move|p2a: Iron Crown|Psyshock|p1a: Lugia\n|-resisted|p1a: Lugia\n|-damage|p1a: Lugia|238/275\n|\n|upkeep\n|turn|15\n|inactive|Time left: 300 sec this turn | 300 sec total\n|\n|t:|1783545146\n|move|p1a: Lugia|Earth Power|p2a: Iron Crown\n|-supereffective|p2a: Iron Crown\n|-damage|p2a: Iron Crown|59/100\n|move|p2a: Iron Crown|Psyshock|p1a: Lugia\n|-resisted|p1a: Lugia\n|-damage|p1a: Lugia|157/275\n|\n|-heal|p2a: Iron Crown|65/100|[from] item: Leftovers\n|upkeep\n|turn|16\n|inactive|Time left: 300 sec this turn | 300 sec total\n|\n|t:|1783545147\n|move|p1a: Lugia|Earth Power|p2a: Iron Crown\n|-supereffective|p2a: Iron Crown\n|-damage|p2a: Iron Crown|23/100\n|move|p2a: Iron Crown|Tachyon Cutter|p1a: Lugia\n|-damage|p1a: Lugia|123/275\n|-damage|p1a: Lugia|90/275\n|-hitcount|p1a: Lugia|2\n|\n|-heal|p2a: Iron Crown|29/100|[from] item: Leftovers\n|upkeep\n|turn|17\n|inactive|Time left: 300 sec this turn | 300 sec total\n|\n|t:|1783545148\n|move|p1a: Lugia|Earth Power|p2a: Iron Crown\n|-supereffective|p2a: Iron Crown\n|-damage|p2a: Iron Crown|0 fnt\n|faint|p2a: Iron Crown\n|-end|p2a: Iron Crown|Quark Drive|[silent]\n|\n|upkeep\n|\n|t:|1783545149\n|switch|p2a: Diancie|Diancie, L82|100/100\n|turn|18\n|inactive|Time left: 300 sec this turn | 300 sec total\n|\n|t:|1783545150\n|move|p1a: Lugia|Recover|p1a: Lugia\n|-heal|p1a: Lugia|228/275\n|move|p2a: Diancie|Diamond Storm|p1a: Lugia\n|-supereffective|p1a: Lugia\n|-crit|p1a: Lugia\n|-damage|p1a: Lugia|0 fnt\n|faint|p1a: Lugia\n|\n|upkeep\n|inactive|Time left: 300 sec this turn | 300 sec total | 5 sec grace\n|\n|t:|1783545151\n|switch|p1a: Toxicroak|Toxicroak, L84, F|86/277\n|turn|19\n|inactive|Time left: 300 sec this turn | 300 sec total\n|\n|t:|1783545152\n|move|p1a: Toxicroak|Gunk Shot|p2a: Diancie|[miss]\n|-miss|p1a: Toxicroak|p2a: Diancie\n|move|p2a: Diancie|Moonblast|p1a: Toxicroak\n|-damage|p1a: Toxicroak|0 fnt\n|faint|p1a: Toxicroak\n|\n|upkeep\n|inactive|Time left: 300 sec this turn | 300 sec total | 5 sec grace\n|\n|t:|1783545153\n|switch|p1a: Hoopa|Hoopa, L85|275/275\n|turn|20\n|inactive|Time left: 300 sec this turn | 300 sec total\n|\n|t:|1783545154\n|move|p1a: Hoopa|Psyshock|p2a: Diancie\n|-damage|p2a: Diancie|64/100\n|move|p2a: Diancie|Diamond Storm|p1a: Hoopa\n|-damage|p1a: Hoopa|152/275\n|-boost|p2a: Diancie|def|2\n|\n|-heal|p2a: Diancie|70/100|[from] item: Leftovers\n|upkeep\n|turn|21\n|inactive|Time left: 300 sec this turn | 300 sec total\n|\n|t:|1783545155\n|move|p1a: Hoopa|Psyshock|p2a: Diancie\n|-damage|p2a: Diancie|51/100\n|move|p2a: Diancie|Diamond Storm|p1a: Hoopa\n|-damage|p1a: Hoopa|11/275\n|\n|-heal|p2a: Diancie|57/100|[from] item: Leftovers\n|upkeep\n|turn|22\n|inactive|Time left: 300 sec this turn | 300 sec total\n|\n|t:|1783545156\n|move|p1a: Hoopa|Psyshock|p2a: Diancie\n|-damage|p2a: Diancie|39/100\n|move|p2a: Diancie|Moonblast|p1a: Hoopa\n|-damage|p1a: Hoopa|0 fnt\n|faint|p1a: Hoopa\n|\n|-heal|p2a: Diancie|45/100|[from] item: Leftovers\n|upkeep\n|inactive|Time left: 300 sec this turn | 300 sec total | 5 sec grace\n|\n|t:|1783545157\n|switch|p1a: Typhlosion|Typhlosion-Hisui, L83, M|200/257\n|turn|23\n|inactive|Time left: 300 sec this turn | 300 sec total\n|\n|t:|1783545158\n|-terastallize|p1a: Typhlosion|Fighting\n|move|p1a: Typhlosion|Focus Blast|p2a: Diancie|[miss]\n|-miss|p1a: Typhlosion|p2a: Diancie\n|move|p2a: Diancie|Diamond Storm|p1a: Typhlosion\n|-resisted|p1a: Typhlosion\n|-damage|p1a: Typhlosion|143/257\n|-boost|p2a: Diancie|def|2\n|\n|-heal|p2a: Diancie|51/100|[from] item: Leftovers\n|upkeep\n|turn|24\n|inactive|Time left: 300 sec this turn | 300 sec total\n|\n|t:|1783545158\n|move|p1a: Typhlosion|Focus Blast|p2a: Diancie\n|-damage|p2a: Diancie|2/100\n|move|p2a: Diancie|Body Press|p1a: Typhlosion\n|-damage|p1a: Typhlosion|0 fnt\n|faint|p1a: Typhlosion\n|\n|-heal|p2a: Diancie|8/100|[from] item: Leftovers\n|upkeep\n|inactive|Time left: 300 sec this turn | 300 sec total | 5 sec grace\n|\n|t:|1783545160\n|switch|p1a: Eiscue|Eiscue-Noice, L88, F|189/274\n|turn|25\n|inactive|Time left: 300 sec this turn | 300 sec total\n|\n|t:|1783545161\n|-terastallize|p2a: Diancie|Fighting\n|move|p1a: Eiscue|Ice Spinner|p2a: Diancie\n|-damage|p2a: Diancie|0 fnt\n|faint|p2a: Diancie\n|\n|upkeep\n|\n|t:|1783545162\n|switch|p2a: Hydrapple|Hydrapple, L83, M|100/100\n|turn|26\n|inactive|Time left: 300 sec this turn | 300 sec total\n|\n|t:|1783545163\n|move|p1a: Eiscue|Ice Spinner|p2a: Hydrapple\n|-supereffective|p2a: Hydrapple\n|-damage|p2a: Hydrapple|18/100\n|move|p2a: Hydrapple|Fickle Beam|p1a: Eiscue\n|-damage|p1a: Eiscue|0 fnt\n|faint|p1a: Eiscue\n|\n|win|p0y524c1d6", "uploadtime": 1783545163, "views": 0, "rating": 0, "private": 0, "password": null, "_winner": "p0y524c1d6", "_our_name": "p0x524dfff"}