{"id": "battle-gen9randombattle-92", "formatid": "gen9randombattle", "format": "[Gen 9] Random Battle", "players": ["p0x092cc91", "p0y0920b43"], "log": "|init|battle\n|title|p0x092cc91 vs. p0y0920b43\n|j|\u2606p0x092cc91\n|j|\u2606p0y0920b43\n|t:|1783540249\n|gametype|singles\n|player|p1|p0x092cc91|2|\n|player|p2|p0y0920b43|102|\n|gen|9\n|tier|[Gen 9] Random Battle\n|rule|Species Clause: Limit one of each Pok\u00e9mon\n|rule|HP Percentage Mod: HP is shown in percentages\n|rule|Sleep Clause Mod: Limit one foe put to sleep\n|rule|Illusion Level Mod: Illusion disguises the Pok\u00e9mon's true level\n|\n|t:|1783540249\n|teamsize|p1|6\n|teamsize|p2|6\n|start\n|switch|p1a: Girafarig|Girafarig, L89, M|100/100\n|switch|p2a: Ho-Oh|Ho-Oh, L71|268/268\n|turn|1\n|inactive|Battle timer is ON: inactive players will automatically lose when time's up. (requested by p0x092cc91)\n|inactive|Time left: 300 sec this turn | 300 sec total | 60 sec grace\n|inactive|p0y0920b43 also wants the timer to be on.\n|\n|t:|1783540251\n|move|p1a: Girafarig|Nasty Plot|p1a: Girafarig\n|-boost|p1a: Girafarig|spa|2\n|move|p2a: Ho-Oh|Sacred Fire|p1a: Girafarig\n|-damage|p1a: Girafarig|70/100\n|-status|p1a: Girafarig|brn\n|\n|-damage|p1a: Girafarig|64/100 brn|[from] brn\n|upkeep\n|turn|2\n|inactive|Time left: 300 sec this turn | 300 sec total\n|\n|t:|1783540253\n|move|p1a: Girafarig|Psyshock|p2a: Ho-Oh\n|-damage|p2a: Ho-Oh|75/268\n|move|p2a: Ho-Oh|Brave Bird|p1a: Girafarig\n|-crit|p1a: Girafarig\n|-damage|p1a: Girafarig|16/100 brn\n|-damage|p2a: Ho-Oh|32/268|[from] Recoil\n|\n|-damage|p1a: Girafarig|11/100 brn|[from] brn\n|upkeep\n|turn|3\n|inactive|Time left: 300 sec this turn | 300 sec total\n|\n|t:|1783540254\n|switch|p2a: Wyrdeer|Wyrdeer, L87, M|321/321\n|-ability|p2a: Wyrdeer|Intimidate|boost\n|-unboost|p1a: Girafarig|atk|1\n|move|p1a: Girafarig|Psyshock|p2a: Wyrdeer\n|-resisted|p2a: Wyrdeer\n|-damage|p2a: Wyrdeer|229/321\n|\n|-heal|p2a: Wyrdeer|249/321|[from] item: Leftovers\n|-damage|p1a: Girafarig|5/100 brn|[from] brn\n|upkeep\n|turn|4\n|inactive|Time left: 300 sec this turn | 300 sec total\n|\n|t:|1783540255\n|move|p1a: Girafarig|Hyper Voice|p2a: Wyrdeer\n|-damage|p2a: Wyrdeer|18/321\n|move|p2a: Wyrdeer|Psychic Noise|p1a: Girafarig\n|-resisted|p1a: Girafarig\n|-damage|p1a: Girafarig|0 fnt\n|faint|p1a: Girafarig\n|\n|-heal|p2a: Wyrdeer|38/321|[from] item: Leftovers\n|upkeep\n|\n|t:|1783540256\n|switch|p1a: Flygon|Flygon, L82, M|100/100\n|turn|5\n|inactive|Time left: 300 sec this turn | 300 sec total\n|\n|t:|1783540257\n|switch|p2a: Arceus|Arceus-Fairy, L69|280/280\n|move|p1a: Flygon|Outrage|p2a: Arceus\n|-immune|p2a: Arceus\n|\n|upkeep\n|turn|6\n|inactive|Time left: 300 sec this turn | 300 sec total\n|\n|t:|1783540258\n|move|p1a: Flygon|Outrage|p2a: Arceus\n|-immune|p2a: Arceus\n|move|p2a: Arceus|Judgment|p1a: Flygon\n|-supereffective|p1a: Flygon\n|-damage|p1a: Flygon|23/100\n|\n|upkeep\n|turn|7\n|inactive|Time left: 300 sec this turn | 300 sec total\n|\n|t:|1783540259\n|move|p1a: Flygon|Outrage|p2a: Arceus\n|-immune|p2a: Arceus\n|move|p2a: Arceus|Calm Mind|p2a: Arceus\n|-boost|p2a: Arceus|spa|1\n|-boost|p2a: Arceus|spd|1\n|\n|upkeep\n|turn|8\n|inactive|Time left: 300 sec this turn | 300 sec total\n|\n|t:|1783540260\n|move|p1a: Flygon|Outrage|p2a: Arceus\n|-immune|p2a: Arceus\n|move|p2a: Arceus|Judgment|p1a: Flygon\n|-supereffective|p1a: Flygon\n|-damage|p1a: Flygon|0 fnt\n|faint|p1a: Flygon\n|\n|upkeep\n|\n|t:|1783540261\n|switch|p1a: Weezing|Weezing-Galar, L86, M|100/100\n|turn|9\n|inactive|Time left: 300 sec this turn | 300 sec total\n|\n|t:|1783540262\n|move|p2a: Arceus|Judgment|p1a: Weezing\n|-resisted|p1a: Weezing\n|-damage|p1a: Weezing|64/100\n|move|p1a: Weezing|Gunk Shot|p2a: Arceus\n|-supereffective|p2a: Arceus\n|-damage|p2a: Arceus|44/280\n|\n|-heal|p1a: Weezing|70/100|[from] item: Leftovers\n|upkeep\n|turn|10\n|inactive|Time left: 300 sec this turn | 300 sec total\n|\n|t:|1783540263\n|move|p2a: Arceus|Recover|p2a: Arceus\n|-heal|p2a: Arceus|184/280\n|move|p1a: Weezing|Gunk Shot|p2a: Arceus|[miss]\n|-miss|p1a: Weezing|p2a: Arceus\n|\n|-heal|p1a: Weezing|75/100|[from] item: Leftovers\n|upkeep\n|turn|11\n|inactive|Time left: 300 sec this turn | 300 sec total\n|\n|t:|1783540264\n|move|p2a: Arceus|Recover|p2a: Arceus\n|-heal|p2a: Arceus|280/280\n|move|p1a: Weezing|Gunk Shot|p2a: Arceus\n|-supereffective|p2a: Arceus\n|-damage|p2a: Arceus|32/280\n|\n|-heal|p1a: Weezing|81/100|[from] item: Leftovers\n|upkeep\n|turn|12\n|inactive|Time left: 300 sec this turn | 300 sec total\n|\n|t:|1783540265\n|move|p2a: Arceus|Recover|p2a: Arceus\n|-heal|p2a: Arceus|172/280\n|move|p1a: Weezing|Gunk Shot|p2a: Arceus\n|-supereffective|p2a: Arceus\n|-damage|p2a: Arceus|0 fnt\n|faint|p2a: Arceus\n|\n|-heal|p1a: Weezing|87/100|[from] item: Leftovers\n|upkeep\n|inactive|Time left: 300 sec this turn | 300 sec total | 5 sec grace\n|\n|t:|1783540266\n|switch|p2a: Wyrdeer|Wyrdeer, L87, M|38/321\n|-ability|p2a: Wyrdeer|Intimidate|boost\n|-unboost|p1a: Weezing|atk|1\n|turn|13\n|inactive|Time left: 300 sec this turn | 300 sec total\n|\n|t:|1783540267\n|switch|p1a: Houndstone|Houndstone, L86, F|100/100\n|move|p2a: Wyrdeer|Psychic Noise|p1a: Houndstone\n|-damage|p1a: Houndstone|70/100\n|-start|p1a: Houndstone|move: Heal Block\n|\n|-heal|p2a: Wyrdeer|58/321|[from] item: Leftovers\n|upkeep\n|turn|14\n|inactive|Time left: 300 sec this turn | 300 sec total\n|\n|t:|1783540268\n|switch|p2a: Ho-Oh|Ho-Oh, L71|121/268\n|move|p1a: Houndstone|Body Press|p2a: Ho-Oh\n|-resisted|p2a: Ho-Oh\n|-damage|p2a: Ho-Oh|84/268\n|\n|-end|p1a: Houndstone|move: Heal Block\n|upkeep\n|turn|15\n|inactive|Time left: 300 sec this turn | 300 sec total\n|\n|t:|1783540269\n|move|p2a: Ho-Oh|Sacred Fire|p1a: Houndstone\n|-damage|p1a: Houndstone|0 fnt\n|faint|p1a: Houndstone\n|\n|upkeep\n|\n|t:|1783540270\n|switch|p1a: Weezing|Weezing-Galar, L86, M|87/100\n|turn|16\n|inactive|Time left: 300 sec this turn | 300 sec total\n|\n|t:|1783540271\n|move|p2a: Ho-Oh|Recover|p2a: Ho-Oh\n|-heal|p2a: Ho-Oh|218/268\n|move|p1a: Weezing|Gunk Shot|p2a: Ho-Oh\n|-damage|p2a: Ho-Oh|80/268\n|\n|-heal|p1a: Weezing|93/100|[from] item: Leftovers\n|upkeep\n|turn|17\n|inactive|Time left: 300 sec this turn | 300 sec total\n|\n|t:|1783540272\n|move|p2a: Ho-Oh|Recover|p2a: Ho-Oh\n|-heal|p2a: Ho-Oh|214/268\n|move|p1a: Weezing|Gunk Shot|p2a: Ho-Oh\n|-damage|p2a: Ho-Oh|55/268\n|\n|-heal|p1a: Weezing|99/100|[from] item: Leftovers\n|upkeep\n|turn|18\n|inactive|Time left: 300 sec this turn | 300 sec total\n|\n|t:|1783540272\n|move|p2a: Ho-Oh|Recover|p2a: Ho-Oh\n|-heal|p2a: Ho-Oh|189/268\n|move|p1a: Weezing|Gunk Shot|p2a: Ho-Oh\n|-damage|p2a: Ho-Oh|33/268\n|-status|p2a: Ho-Oh|psn\n|\n|-heal|p1a: Weezing|100/100|[from] item: Leftovers\n|-damage|p2a: Ho-Oh|0 fnt|[from] psn\n|faint|p2a: Ho-Oh\n|upkeep\n|inactive|Time left: 300 sec this turn | 300 sec total | 5 sec grace\n|\n|t:|1783540273\n|switch|p2a: Toucannon|Toucannon, L88, M|284/284\n|turn|19\n|inactive|Time left: 300 sec this turn | 300 sec total\n|\n|t:|1783540274\n|move|p2a: Toucannon|Boomburst|p1a: Weezing\n|-damage|p1a: Weezing|38/100\n|move|p1a: Weezing|Will-O-Wisp|p2a: Toucannon|[miss]\n|-miss|p1a: Weezing|p2a: Toucannon\n|\n|-heal|p1a: Weezing|44/100|[from] item: Leftovers\n|upkeep\n|turn|20\n|inactive|Time left: 300 sec this turn | 300 sec total\n|\n|t:|1783540275\n|switch|p1a: Reshiram|Reshiram, L76|100/100\n|-ability|p1a: Reshiram|Turboblaze\n|move|p2a: Toucannon|Boomburst|p1a: Reshiram\n|-damage|p1a: Reshiram|59/100\n|\n|upkeep\n|turn|21\n|inactive|Time left: 300 sec this turn | 300 sec total\n|\n|t:|1783540276\n|-singleturn|p2a: Toucannon|move: Beak Blast\n|move|p1a: Reshiram|Blue Flare|p2a: Toucannon\n|-damage|p2a: Toucannon|121/284\n|move|p2a: Toucannon|Beak Blast|p1a: Reshiram\n|-damage|p1a: Reshiram|5/100\n|\n|upkeep\n|turn|22\n|inactive|Time left: 300 sec this turn | 300 sec total\n|\n|t:|1783540277\n|move|p1a: Reshiram|Blue Flare|p2a: Toucannon\n|-crit|p2a: Toucannon\n|-damage|p2a: Toucannon|0 fnt\n|faint|p2a: Toucannon\n|\n|upkeep\n|inactive|Time left: 300 sec this turn | 300 sec total | 5 sec grace\n|\n|t:|1783540278\n|switch|p2a: Deoxys|Deoxys, L74|196/196\n|-ability|p2a: Deoxys|Pressure\n|turn|23\n|inactive|Time left: 300 sec this turn | 300 sec total\n|\n|t:|1783540279\n|move|p2a: Deoxys|Knock Off|p1a: Reshiram\n|-damage|p1a: Reshiram|0 fnt\n|-enditem|p1a: Reshiram|Heavy-Duty Boots|[from] move: Knock Off|[of] p2a: Deoxys\n|faint|p1a: Reshiram\n|-damage|p2a: Deoxys|177/196|[from] item: Life Orb\n|\n|upkeep\n|\n|t:|1783540280\n|switch|p1a: Skarmory|Skarmory, L80, M|100/100\n|turn|24\n|inactive|Time left: 300 sec this turn | 300 sec total\n|\n|t:|1783540281\n|move|p2a: Deoxys|Ice Beam|p1a: Skarmory\n|-damage|p1a: Skarmory|55/100\n|-damage|p2a: Deoxys|158/196|[from] item: Life Orb\n|move|p1a: Skarmory|Brave Bird|p2a: Deoxys\n|-damage|p2a: Deoxys|0 fnt\n|faint|p2a: Deoxys\n|-damage|p1a: Skarmory|33/100|[from] Recoil\n|\n|-heal|p1a: Skarmory|39/100|[from] item: Leftovers\n|upkeep\n|inactive|Time left: 300 sec this turn | 300 sec total | 5 sec grace\n|\n|t:|1783540282\n|switch|p2a: Camerupt|Camerupt, L91, F|275/275\n|turn|25\n|inactive|Time left: 300 sec this turn | 300 sec total\n|\n|t:|1783540283\n|move|p1a: Skarmory|Body Press|p2a: Camerupt\n|-damage|p2a: Camerupt|204/275\n|move|p2a: Camerupt|Overheat|p1a: Skarmory\n|-supereffective|p1a: Skarmory\n|-damage|p1a: Skarmory|0 fnt\n|-unboost|p2a: Camerupt|spa|2\n|faint|p1a: Skarmory\n|\n|-heal|p2a: Camerupt|221/275|[from] item: Leftovers\n|upkeep\n|\n|t:|1783540284\n|switch|p1a: Weezing|Weezing-Galar, L86, M|44/100\n|turn|26\n|inactive|Time left: 300 sec this turn | 300 sec total\n|\n|t:|1783540286\n|switch|p2a: Wyrdeer|Wyrdeer, L87, M|58/321\n|-ability|p2a: Wyrdeer|Intimidate|boost\n|-unboost|p1a: Weezing|atk|1\n|move|p1a: Weezing|Will-O-Wisp|p2a: Wyrdeer|[miss]\n|-miss|p1a: Weezing|p2a: Wyrdeer\n|\n|-heal|p2a: Wyrdeer|78/321|[from] item: Leftovers\n|-heal|p1a: Weezing|50/100|[from] item: Leftovers\n|upkeep\n|turn|27\n|inactive|Time left: 300 sec this turn | 300 sec total\n|\n|t:|1783540287\n|switch|p2a: Camerupt|Camerupt, L91, F|221/275\n|-terastallize|p1a: Weezing|Steel\n|move|p1a: Weezing|Will-O-Wisp|p2a: Camerupt\n|-immune|p2a: Camerupt\n|\n|-heal|p1a: Weezing|56/100|[from] item: Leftovers\n|-heal|p2a: Camerupt|238/275|[from] item: Leftovers\n|upkeep\n|turn|28\n|inactive|Time left: 300 sec this turn | 300 sec total\n|\n|t:|1783540288\n|move|p1a: Weezing|Strange Steam|p2a: Camerupt\n|-resisted|p2a: Camerupt\n|-damage|p2a: Camerupt|189/275\n|move|p2a: Camerupt|Overheat|p1a: Weezing\n|-supereffective|p1a: Weezing\n|-damage|p1a: Weezing|0 fnt\n|-unboost|p2a: Camerupt|spa|2\n|faint|p1a: Weezing\n|\n|win|p0y0920b43", "uploadtime": 1783540288, "views": 0, "rating": 0, "private": 0, "password": null, "_winner": "p0y0920b43", "_our_name": "p0y0920b43"}