{"id": "battle-gen9randombattle-798", "formatid": "gen9randombattle", "format": "[Gen 9] Random Battle", "players": ["p0x798a0c6", "p0y79848c6"], "log": "|init|battle\n|title|p0x798a0c6 vs. p0y79848c6\n|j|\u2606p0x798a0c6\n|j|\u2606p0y79848c6\n|t:|1783548407\n|gametype|singles\n|player|p1|p0x798a0c6|169|\n|player|p2|p0y79848c6|101|\n|gen|9\n|tier|[Gen 9] Random Battle\n|rule|Species Clause: Limit one of each Pok\u00e9mon\n|rule|HP Percentage Mod: HP is shown in percentages\n|rule|Sleep Clause Mod: Limit one foe put to sleep\n|rule|Illusion Level Mod: Illusion disguises the Pok\u00e9mon's true level\n|\n|t:|1783548407\n|teamsize|p1|6\n|teamsize|p2|6\n|start\n|switch|p1a: Haxorus|Haxorus, L77, M|100/100\n|switch|p2a: Shiftry|Shiftry, L89, F|305/305\n|-ability|p1a: Haxorus|Mold Breaker\n|turn|1\n|inactive|Battle timer is ON: inactive players will automatically lose when time's up. (requested by p0y79848c6)\n|\n|t:|1783548409\n|move|p1a: Haxorus|Outrage|p2a: Shiftry\n|-damage|p2a: Shiftry|106/305\n|move|p2a: Shiftry|Knock Off|p1a: Haxorus\n|-damage|p1a: Haxorus|50/100\n|-enditem|p1a: Haxorus|Lum Berry|[from] move: Knock Off|[of] p2a: Shiftry\n|\n|upkeep\n|turn|2\n|inactive|Time left: 300 sec this turn | 300 sec total\n|inactive|p0x798a0c6 also wants the timer to be on.\n|\n|t:|1783548410\n|switch|p2a: Clefable|Clefable, L83, M|293/293\n|move|p1a: Haxorus|Outrage|p2a: Clefable|[from] lockedmove\n|-immune|p2a: Clefable\n|-start|p1a: Haxorus|confusion|[fatigue]\n|\n|upkeep\n|turn|3\n|inactive|Time left: 300 sec this turn | 300 sec total\n|\n|t:|1783548411\n|switch|p1a: Mudsdale|Mudsdale, L83, M|100/100\n|move|p2a: Clefable|Moonblast|p1a: Mudsdale\n|-damage|p1a: Mudsdale|53/100\n|-unboost|p1a: Mudsdale|spa|1\n|-ability|p1a: Mudsdale|Stamina|boost\n|-boost|p1a: Mudsdale|def|1\n|\n|-heal|p1a: Mudsdale|59/100|[from] item: Leftovers\n|upkeep\n|turn|4\n|inactive|Time left: 300 sec this turn | 300 sec total\n|\n|t:|1783548412\n|move|p2a: Clefable|Fire Blast|p1a: Mudsdale\n|-damage|p1a: Mudsdale|25/100\n|-ability|p1a: Mudsdale|Stamina|boost\n|-boost|p1a: Mudsdale|def|1\n|move|p1a: Mudsdale|Earthquake|p2a: Clefable\n|-damage|p2a: Clefable|137/293\n|\n|-heal|p1a: Mudsdale|31/100|[from] item: Leftovers\n|upkeep\n|turn|5\n|inactive|Time left: 300 sec this turn | 300 sec total\n|\n|t:|1783548413\n|move|p2a: Clefable|Fire Blast|p1a: Mudsdale\n|-damage|p1a: Mudsdale|0 fnt\n|faint|p1a: Mudsdale\n|\n|upkeep\n|\n|t:|1783548414\n|switch|p1a: Delphox|Delphox, L84, M|100/100\n|turn|6\n|inactive|Time left: 300 sec this turn | 300 sec total\n|\n|t:|1783548415\n|move|p1a: Delphox|Nasty Plot|p1a: Delphox\n|-boost|p1a: Delphox|spa|2\n|move|p2a: Clefable|Moonlight|p2a: Clefable\n|-heal|p2a: Clefable|283/293\n|\n|upkeep\n|turn|7\n|inactive|Time left: 300 sec this turn | 300 sec total\n|\n|t:|1783548416\n|switch|p2a: Magcargo|Magcargo, L95, M|268/268\n|move|p1a: Delphox|Fire Blast|p2a: Magcargo\n|-resisted|p2a: Magcargo\n|-damage|p2a: Magcargo|205/268\n|\n|upkeep\n|turn|8\n|inactive|Time left: 300 sec this turn | 300 sec total\n|\n|t:|1783548417\n|move|p1a: Delphox|Psyshock|p2a: Magcargo\n|-damage|p2a: Magcargo|78/268\n|move|p2a: Magcargo|Earth Power|p1a: Delphox\n|-supereffective|p1a: Delphox\n|-damage|p1a: Delphox|46/100\n|-unboost|p1a: Delphox|spd|1\n|\n|upkeep\n|turn|9\n|inactive|Time left: 300 sec this turn | 300 sec total\n|\n|t:|1783548418\n|switch|p2a: Shiftry|Shiftry, L89, F|106/305\n|move|p1a: Delphox|Psyshock|p2a: Shiftry\n|-immune|p2a: Shiftry\n|\n|upkeep\n|turn|10\n|inactive|Time left: 300 sec this turn | 300 sec total\n|\n|t:|1783548419\n|move|p2a: Shiftry|Sucker Punch|p1a: Delphox\n|-supereffective|p1a: Delphox\n|-damage|p1a: Delphox|0 fnt\n|faint|p1a: Delphox\n|\n|upkeep\n|\n|t:|1783548419\n|switch|p1a: Haxorus|Haxorus, L77, M|50/100\n|-ability|p1a: Haxorus|Mold Breaker\n|turn|11\n|inactive|Time left: 300 sec this turn | 300 sec total\n|\n|t:|1783548421\n|switch|p2a: Clefable|Clefable, L83, M|283/293\n|move|p1a: Haxorus|Dragon Dance|p1a: Haxorus\n|-boost|p1a: Haxorus|atk|1\n|-boost|p1a: Haxorus|spe|1\n|\n|upkeep\n|turn|12\n|inactive|Time left: 300 sec this turn | 300 sec total\n|\n|t:|1783548422\n|-terastallize|p1a: Haxorus|Steel\n|move|p1a: Haxorus|Iron Head|p2a: Clefable\n|-supereffective|p2a: Clefable\n|-damage|p2a: Clefable|0 fnt\n|faint|p2a: Clefable\n|\n|upkeep\n|inactive|Time left: 300 sec this turn | 300 sec total | 5 sec grace\n|\n|t:|1783548422\n|switch|p2a: Trevenant|Trevenant, L89, F|296/296\n|turn|13\n|inactive|Time left: 300 sec this turn | 300 sec total\n|\n|t:|1783548424\n|move|p1a: Haxorus|Iron Head|p2a: Trevenant\n|-damage|p2a: Trevenant|142/296\n|-enditem|p2a: Trevenant|Sitrus Berry|[eat]\n|-heal|p2a: Trevenant|216/296|[from] item: Sitrus Berry\n|move|p2a: Trevenant|Drain Punch|p1a: Haxorus\n|-supereffective|p1a: Haxorus\n|-damage|p1a: Haxorus|0 fnt\n|-heal|p2a: Trevenant|276/296|[from] drain|[of] p1a: Haxorus\n|faint|p1a: Haxorus\n|\n|-item|p2a: Trevenant|Sitrus Berry|[from] ability: Harvest\n|upkeep\n|\n|t:|1783548425\n|switch|p1a: Victreebel|Victreebel, L90, M|100/100\n|turn|14\n|inactive|Time left: 300 sec this turn | 300 sec total\n|\n|t:|1783548426\n|move|p1a: Victreebel|Swords Dance|p1a: Victreebel\n|-boost|p1a: Victreebel|atk|2\n|move|p2a: Trevenant|Poltergeist|p1a: Victreebel\n|-activate|p1a: Victreebel|move: Poltergeist|Life Orb\n|-damage|p1a: Victreebel|40/100\n|\n|upkeep\n|turn|15\n|inactive|Time left: 300 sec this turn | 300 sec total\n|\n|t:|1783548427\n|switch|p2a: Magcargo|Magcargo, L95, M|78/268\n|move|p1a: Victreebel|Poison Jab|p2a: Magcargo\n|-resisted|p2a: Magcargo\n|-damage|p2a: Magcargo|0 fnt\n|faint|p2a: Magcargo\n|-damage|p1a: Victreebel|30/100|[from] item: Life Orb\n|\n|upkeep\n|inactive|Time left: 300 sec this turn | 300 sec total | 5 sec grace\n|\n|t:|1783548427\n|switch|p2a: Shiftry|Shiftry, L89, F|106/305\n|turn|16\n|inactive|Time left: 300 sec this turn | 300 sec total\n|\n|t:|1783548428\n|move|p2a: Shiftry|Knock Off|p1a: Victreebel\n|-damage|p1a: Victreebel|0 fnt\n|-enditem|p1a: Victreebel|Life Orb|[from] move: Knock Off|[of] p2a: Shiftry\n|faint|p1a: Victreebel\n|\n|upkeep\n|\n|t:|1783548429\n|switch|p1a: Solgaleo|Solgaleo, L74|100/100\n|turn|17\n|inactive|Time left: 300 sec this turn | 300 sec total\n|\n|t:|1783548430\n|move|p2a: Shiftry|Knock Off|p1a: Solgaleo\n|-supereffective|p1a: Solgaleo\n|-damage|p1a: Solgaleo|30/100\n|-enditem|p1a: Solgaleo|Leftovers|[from] move: Knock Off|[of] p2a: Shiftry\n|move|p1a: Solgaleo|Sunsteel Strike|p2a: Shiftry\n|-damage|p2a: Shiftry|0 fnt\n|faint|p2a: Shiftry\n|\n|upkeep\n|inactive|Time left: 300 sec this turn | 300 sec total | 5 sec grace\n|\n|t:|1783548431\n|switch|p2a: Minun|Minun, L95, F|268/268\n|turn|18\n|inactive|Time left: 300 sec this turn | 300 sec total\n|\n|t:|1783548432\n|move|p2a: Minun|Thunderbolt|p1a: Solgaleo\n|-damage|p1a: Solgaleo|0 fnt\n|faint|p1a: Solgaleo\n|-damage|p2a: Minun|242/268|[from] item: Life Orb\n|\n|upkeep\n|\n|t:|1783548433\n|switch|p1a: Lanturn|Lanturn, L89, F|100/100\n|turn|19\n|inactive|Time left: 300 sec this turn | 300 sec total\n|\n|t:|1783548434\n|move|p2a: Minun|Nasty Plot|p2a: Minun\n|-boost|p2a: Minun|spa|2\n|move|p1a: Lanturn|Scald|p2a: Minun\n|-damage|p2a: Minun|169/268\n|\n|upkeep\n|turn|20\n|inactive|Time left: 300 sec this turn | 300 sec total\n|\n|t:|1783548435\n|move|p2a: Minun|Alluring Voice|p1a: Lanturn\n|-damage|p1a: Lanturn|53/100\n|-damage|p2a: Minun|143/268|[from] item: Life Orb\n|move|p1a: Lanturn|Ice Beam|p2a: Minun\n|-damage|p2a: Minun|93/268\n|\n|-heal|p1a: Lanturn|59/100|[from] item: Leftovers\n|upkeep\n|turn|21\n|inactive|Time left: 300 sec this turn | 300 sec total\n|\n|t:|1783548436\n|-terastallize|p2a: Minun|Electric\n|move|p2a: Minun|Alluring Voice|p1a: Lanturn\n|-damage|p1a: Lanturn|16/100\n|-damage|p2a: Minun|67/268|[from] item: Life Orb\n|move|p1a: Lanturn|Scald|p2a: Minun\n|-damage|p2a: Minun|0 fnt\n|faint|p2a: Minun\n|\n|-heal|p1a: Lanturn|22/100|[from] item: Leftovers\n|upkeep\n|inactive|Time left: 300 sec this turn | 300 sec total | 5 sec grace\n|\n|t:|1783548437\n|switch|p2a: Trevenant|Trevenant, L89, F|276/296\n|turn|22\n|inactive|Time left: 300 sec this turn | 300 sec total\n|\n|t:|1783548438\n|move|p1a: Lanturn|Thunder Wave|p2a: Trevenant\n|-status|p2a: Trevenant|par\n|cant|p2a: Trevenant|par\n|\n|-heal|p1a: Lanturn|28/100|[from] item: Leftovers\n|upkeep\n|turn|23\n|inactive|Time left: 300 sec this turn | 300 sec total\n|\n|t:|1783548439\n|move|p1a: Lanturn|Ice Beam|p2a: Trevenant\n|-supereffective|p2a: Trevenant\n|-damage|p2a: Trevenant|150/296 par\n|move|p2a: Trevenant|Poltergeist|p1a: Lanturn\n|-activate|p1a: Lanturn|move: Poltergeist|Leftovers\n|-damage|p1a: Lanturn|0 fnt\n|faint|p1a: Lanturn\n|\n|win|p0y79848c6", "uploadtime": 1783548439, "views": 0, "rating": 0, "private": 0, "password": null, "_winner": "p0y79848c6", "_our_name": "p0y79848c6"}