{"id": "battle-gen9randombattle-941", "formatid": "gen9randombattle", "format": "[Gen 9] Random Battle", "players": ["p0x9413ce9", "p0y9418244"], "log": "|init|battle\n|title|p0x9413ce9 vs. p0y9418244\n|j|\u2606p0x9413ce9\n|j|\u2606p0y9418244\n|t:|1783550061\n|gametype|singles\n|player|p1|p0x9413ce9|170|\n|player|p2|p0y9418244|169|\n|gen|9\n|tier|[Gen 9] Random Battle\n|rule|Species Clause: Limit one of each Pok\u00e9mon\n|rule|HP Percentage Mod: HP is shown in percentages\n|rule|Sleep Clause Mod: Limit one foe put to sleep\n|rule|Illusion Level Mod: Illusion disguises the Pok\u00e9mon's true level\n|\n|t:|1783550061\n|teamsize|p1|6\n|teamsize|p2|6\n|start\n|switch|p1a: Skarmory|Skarmory, L80, F|100/100\n|switch|p2a: Toxtricity|Toxtricity, L82, F|257/257\n|turn|1\n|inactive|Battle timer is ON: inactive players will automatically lose when time's up. (requested by p0x9413ce9)\n|inactive|Time left: 300 sec this turn | 300 sec total | 60 sec grace\n|\n|t:|1783550062\n|move|p2a: Toxtricity|Overdrive|p1a: Skarmory\n|-supereffective|p1a: Skarmory\n|-ability|p1a: Skarmory|Sturdy\n|-damage|p1a: Skarmory|1/100\n|-enditem|p2a: Toxtricity|Throat Spray\n|-boost|p2a: Toxtricity|spa|1|[from] item: Throat Spray\n|move|p1a: Skarmory|Spikes|p2a: Toxtricity\n|-sidestart|p2: p0y9418244|Spikes\n|\n|upkeep\n|turn|2\n|inactive|Time left: 300 sec this turn | 300 sec total\n|inactive|p0y9418244 also wants the timer to be on.\n|\n|t:|1783550063\n|move|p2a: Toxtricity|Shift Gear|p2a: Toxtricity\n|-boost|p2a: Toxtricity|spe|2\n|-boost|p2a: Toxtricity|atk|1\n|move|p1a: Skarmory|Spikes|p2a: Toxtricity\n|-sidestart|p2: p0y9418244|Spikes\n|\n|upkeep\n|turn|3\n|inactive|Time left: 300 sec this turn | 300 sec total\n|\n|t:|1783550064\n|move|p2a: Toxtricity|Boomburst|p1a: Skarmory\n|-resisted|p1a: Skarmory\n|-crit|p1a: Skarmory\n|-damage|p1a: Skarmory|0 fnt\n|faint|p1a: Skarmory\n|\n|upkeep\n|\n|t:|1783550065\n|switch|p1a: Lycanroc|Lycanroc, L86, F|100/100\n|turn|4\n|inactive|Time left: 300 sec this turn | 300 sec total\n|\n|t:|1783550066\n|move|p2a: Toxtricity|Overdrive|p1a: Lycanroc\n|-damage|p1a: Lycanroc|18/100\n|move|p1a: Lycanroc|Stone Edge|p2a: Toxtricity\n|-damage|p2a: Toxtricity|70/257\n|-damage|p1a: Lycanroc|8/100|[from] item: Life Orb\n|\n|upkeep\n|turn|5\n|inactive|Time left: 300 sec this turn | 300 sec total\n|\n|t:|1783550067\n|move|p1a: Lycanroc|Accelerock|p2a: Toxtricity\n|-damage|p2a: Toxtricity|0 fnt\n|faint|p2a: Toxtricity\n|-damage|p1a: Lycanroc|0 fnt|[from] item: Life Orb\n|faint|p1a: Lycanroc\n|\n|upkeep\n|inactive|Time left: 300 sec this turn | 300 sec total | 5 sec grace\n|\n|t:|1783550068\n|switch|p1a: Sandaconda|Sandaconda, L84, F|100/100\n|switch|p2a: Magmortar|Magmortar, L88, M|275/275\n|turn|6\n|inactive|Time left: 300 sec this turn | 300 sec total\n|\n|t:|1783550069\n|move|p2a: Magmortar|Fire Blast|p1a: Sandaconda|[miss]\n|-miss|p2a: Magmortar|p1a: Sandaconda\n|move|p1a: Sandaconda|Earthquake|p2a: Magmortar\n|-supereffective|p2a: Magmortar\n|-damage|p2a: Magmortar|9/275\n|\n|upkeep\n|turn|7\n|inactive|Time left: 300 sec this turn | 300 sec total\n|\n|t:|1783550071\n|move|p2a: Magmortar|Fire Blast|p1a: Sandaconda\n|-damage|p1a: Sandaconda|33/100\n|move|p1a: Sandaconda|Earthquake|p2a: Magmortar\n|-supereffective|p2a: Magmortar\n|-damage|p2a: Magmortar|0 fnt\n|faint|p2a: Magmortar\n|\n|-heal|p1a: Sandaconda|39/100|[from] item: Leftovers\n|upkeep\n|inactive|Time left: 300 sec this turn | 300 sec total | 5 sec grace\n|\n|t:|1783550072\n|switch|p2a: Beartic|Beartic, L91, F|321/321\n|turn|8\n|inactive|Time left: 300 sec this turn | 300 sec total\n|\n|t:|1783550073\n|move|p1a: Sandaconda|Glare|p2a: Beartic\n|-status|p2a: Beartic|par\n|cant|p2a: Beartic|par\n|\n|-heal|p1a: Sandaconda|45/100|[from] item: Leftovers\n|upkeep\n|turn|9\n|inactive|Time left: 300 sec this turn | 300 sec total\n|\n|t:|1783550074\n|move|p1a: Sandaconda|Coil|p1a: Sandaconda\n|-boost|p1a: Sandaconda|atk|1\n|-boost|p1a: Sandaconda|def|1\n|-boost|p1a: Sandaconda|accuracy|1\n|move|p2a: Beartic|Icicle Crash|p1a: Sandaconda\n|-supereffective|p1a: Sandaconda\n|-damage|p1a: Sandaconda|0 fnt\n|faint|p1a: Sandaconda\n|\n|upkeep\n|\n|t:|1783550075\n|switch|p1a: Cloyster|Cloyster, L80, M|100/100\n|turn|10\n|inactive|Time left: 300 sec this turn | 300 sec total\n|\n|t:|1783550076\n|-terastallize|p2a: Beartic|Fighting\n|move|p1a: Cloyster|Shell Smash|p1a: Cloyster\n|-unboost|p1a: Cloyster|def|1\n|-unboost|p1a: Cloyster|spd|1\n|-boost|p1a: Cloyster|atk|2\n|-boost|p1a: Cloyster|spa|2\n|-boost|p1a: Cloyster|spe|2\n|-enditem|p1a: Cloyster|White Herb\n|-clearnegativeboost|p1a: Cloyster|[silent]\n|cant|p2a: Beartic|par\n|\n|upkeep\n|turn|11\n|inactive|Time left: 300 sec this turn | 300 sec total\n|\n|t:|1783550077\n|-terastallize|p1a: Cloyster|Ground\n|move|p1a: Cloyster|Icicle Spear|p2a: Beartic\n|-damage|p2a: Beartic|270/321 par\n|-damage|p2a: Beartic|216/321 par\n|-damage|p2a: Beartic|164/321 par\n|-damage|p2a: Beartic|116/321 par\n|-crit|p2a: Beartic\n|-damage|p2a: Beartic|47/321 par\n|-hitcount|p2a: Beartic|5\n|cant|p2a: Beartic|par\n|\n|upkeep\n|turn|12\n|inactive|Time left: 300 sec this turn | 300 sec total\n|\n|t:|1783550078\n|move|p2a: Beartic|Aqua Jet|p1a: Cloyster\n|-supereffective|p1a: Cloyster\n|-damage|p1a: Cloyster|78/100\n|move|p1a: Cloyster|Icicle Spear|p2a: Beartic\n|-damage|p2a: Beartic|2/321 par\n|-crit|p2a: Beartic\n|-damage|p2a: Beartic|0 fnt\n|faint|p2a: Beartic\n|-hitcount|p2: Beartic|2\n|\n|upkeep\n|inactive|Time left: 300 sec this turn | 300 sec total | 5 sec grace\n|\n|t:|1783550079\n|switch|p2a: Veluza|Veluza, L85, F|292/292\n|-damage|p2a: Veluza|244/292|[from] Spikes\n|turn|13\n|inactive|Time left: 300 sec this turn | 300 sec total\n|\n|t:|1783550080\n|move|p1a: Cloyster|Drill Run|p2a: Veluza\n|-damage|p2a: Veluza|81/292\n|move|p2a: Veluza|Aqua Cutter|p1a: Cloyster\n|-supereffective|p1a: Cloyster\n|-damage|p1a: Cloyster|14/100\n|\n|upkeep\n|turn|14\n|inactive|Time left: 300 sec this turn | 300 sec total\n|\n|t:|1783550081\n|switch|p2a: Minun|Minun, L95, F|268/268\n|-damage|p2a: Minun|224/268|[from] Spikes\n|move|p1a: Cloyster|Icicle Spear|p2a: Minun\n|-damage|p2a: Minun|157/268\n|-damage|p2a: Minun|93/268\n|-damage|p2a: Minun|29/268\n|-damage|p2a: Minun|0 fnt\n|faint|p2a: Minun\n|-hitcount|p2: Minun|4\n|\n|upkeep\n|inactive|Time left: 300 sec this turn | 300 sec total | 5 sec grace\n|\n|t:|1783550081\n|switch|p2a: Leafeon|Leafeon, L88, F|258/258\n|-damage|p2a: Leafeon|215/258|[from] Spikes\n|turn|15\n|inactive|Time left: 300 sec this turn | 300 sec total\n|\n|t:|1783550082\n|move|p1a: Cloyster|Icicle Spear|p2a: Leafeon\n|-supereffective|p2a: Leafeon\n|-damage|p2a: Leafeon|149/258\n|-supereffective|p2a: Leafeon\n|-damage|p2a: Leafeon|81/258\n|-supereffective|p2a: Leafeon\n|-damage|p2a: Leafeon|9/258\n|-supereffective|p2a: Leafeon\n|-damage|p2a: Leafeon|0 fnt\n|faint|p2a: Leafeon\n|-hitcount|p2: Leafeon|4\n|\n|upkeep\n|inactive|Time left: 300 sec this turn | 300 sec total | 5 sec grace\n|\n|t:|1783550083\n|switch|p2a: Veluza|Veluza, L85, F|81/292\n|-damage|p2a: Veluza|33/292|[from] Spikes\n|turn|16\n|inactive|Time left: 300 sec this turn | 300 sec total\n|\n|t:|1783550084\n|move|p1a: Cloyster|Icicle Spear|p2a: Veluza\n|-resisted|p2a: Veluza\n|-damage|p2a: Veluza|4/292\n|-resisted|p2a: Veluza\n|-damage|p2a: Veluza|0 fnt\n|faint|p2a: Veluza\n|-hitcount|p2: Veluza|2\n|\n|win|p0x9413ce9", "uploadtime": 1783550084, "views": 0, "rating": 0, "private": 0, "password": null, "_winner": "p0x9413ce9", "_our_name": "p0y9418244"}