{"id": "battle-gen9randombattle-2729", "formatid": "gen9randombattle", "format": "[Gen 9] Random Battle", "players": ["p0x2729a0db", "p0y272909cd"], "log": "|init|battle\n|title|p0x2729a0db vs. p0y272909cd\n|j|\u2606p0x2729a0db\n|j|\u2606p0y272909cd\n|t:|1783571468\n|gametype|singles\n|player|p1|p0x2729a0db|101|\n|player|p2|p0y272909cd|1|\n|gen|9\n|tier|[Gen 9] Random Battle\n|rule|Species Clause: Limit one of each Pok\u00e9mon\n|rule|HP Percentage Mod: HP is shown in percentages\n|rule|Sleep Clause Mod: Limit one foe put to sleep\n|rule|Illusion Level Mod: Illusion disguises the Pok\u00e9mon's true level\n|\n|t:|1783571468\n|teamsize|p1|6\n|teamsize|p2|6\n|start\n|switch|p1a: Florges|Florges-Blue, L85, F|100/100\n|switch|p2a: Annihilape|Annihilape, L76, F|292/292\n|turn|1\n|inactive|Battle timer is ON: inactive players will automatically lose when time's up. (requested by p0x2729a0db)\n|inactive|Time left: 300 sec this turn | 300 sec total | 60 sec grace\n|\n|t:|1783571469\n|move|p2a: Annihilape|Gunk Shot|p1a: Florges\n|-supereffective|p1a: Florges\n|-damage|p1a: Florges|35/100\n|-status|p1a: Florges|psn\n|move|p1a: Florges|Moonblast|p2a: Annihilape\n|-supereffective|p2a: Annihilape\n|-damage|p2a: Annihilape|28/292\n|-unboost|p2a: Annihilape|spa|1\n|-ability|p2a: Annihilape|Defiant|boost\n|-boost|p2a: Annihilape|atk|2\n|\n|-heal|p2a: Annihilape|46/292|[from] item: Leftovers\n|-heal|p1a: Florges|41/100 psn|[from] item: Leftovers\n|-damage|p1a: Florges|29/100 psn|[from] psn\n|upkeep\n|turn|2\n|inactive|p0y272909cd also wants the timer to be on.\n|inactive|Time left: 300 sec this turn | 300 sec total\n|\n|t:|1783571470\n|switch|p1a: Groudon|Groudon, L72|100/100\n|-weather|SunnyDay|[from] ability: Drought|[of] p1a: Groudon\n|move|p2a: Annihilape|Drain Punch|p1a: Groudon\n|-damage|p1a: Groudon|54/100\n|-heal|p2a: Annihilape|108/292|[from] drain|[of] p1a: Groudon\n|\n|-weather|SunnyDay|[upkeep]\n|-heal|p2a: Annihilape|126/292|[from] item: Leftovers\n|-heal|p1a: Groudon|60/100|[from] item: Leftovers\n|upkeep\n|turn|3\n|inactive|Time left: 300 sec this turn | 300 sec total\n|\n|t:|1783571471\n|move|p2a: Annihilape|Drain Punch|p1a: Groudon\n|-damage|p1a: Groudon|10/100\n|-heal|p2a: Annihilape|192/292|[from] drain|[of] p1a: Groudon\n|move|p1a: Groudon|Will-O-Wisp|p2a: Annihilape\n|-status|p2a: Annihilape|brn\n|\n|-weather|SunnyDay|[upkeep]\n|-heal|p2a: Annihilape|210/292 brn|[from] item: Leftovers\n|-heal|p1a: Groudon|16/100|[from] item: Leftovers\n|-damage|p2a: Annihilape|192/292 brn|[from] brn\n|upkeep\n|turn|4\n|inactive|Time left: 300 sec this turn | 300 sec total\n|\n|t:|1783571472\n|switch|p1a: Torterra|Torterra, L78, M|100/100\n|move|p2a: Annihilape|Drain Punch|p1a: Torterra\n|-damage|p1a: Torterra|75/100\n|-heal|p2a: Annihilape|227/292 brn|[from] drain|[of] p1a: Torterra\n|\n|-weather|SunnyDay|[upkeep]\n|-heal|p2a: Annihilape|245/292 brn|[from] item: Leftovers\n|-damage|p2a: Annihilape|227/292 brn|[from] brn\n|upkeep\n|turn|5\n|inactive|Time left: 300 sec this turn | 300 sec total\n|\n|t:|1783571473\n|move|p2a: Annihilape|Gunk Shot|p1a: Torterra\n|-damage|p1a: Torterra|50/100\n|-status|p1a: Torterra|psn\n|move|p1a: Torterra|Shell Smash|p1a: Torterra\n|-unboost|p1a: Torterra|def|1\n|-unboost|p1a: Torterra|spd|1\n|-boost|p1a: Torterra|atk|2\n|-boost|p1a: Torterra|spa|2\n|-boost|p1a: Torterra|spe|2\n|\n|-weather|SunnyDay|[upkeep]\n|-heal|p2a: Annihilape|245/292 brn|[from] item: Leftovers\n|-damage|p1a: Torterra|38/100 psn|[from] psn\n|-damage|p2a: Annihilape|227/292 brn|[from] brn\n|upkeep\n|turn|6\n|inactive|Time left: 300 sec this turn | 300 sec total\n|\n|t:|1783571474\n|move|p1a: Torterra|Headlong Rush|p2a: Annihilape\n|-damage|p2a: Annihilape|0 fnt\n|-unboost|p1a: Torterra|def|1\n|-unboost|p1a: Torterra|spd|1\n|faint|p2a: Annihilape\n|\n|-weather|none\n|-damage|p1a: Torterra|25/100 psn|[from] psn\n|upkeep\n|inactive|Time left: 300 sec this turn | 300 sec total | 5 sec grace\n|\n|t:|1783571475\n|switch|p2a: Muk|Muk-Alola, L82, M|306/306\n|turn|7\n|inactive|Time left: 300 sec this turn | 300 sec total\n|\n|t:|1783571476\n|move|p2a: Muk|Shadow Sneak|p1a: Torterra\n|-damage|p1a: Torterra|7/100 psn\n|move|p1a: Torterra|Headlong Rush|p2a: Muk\n|-supereffective|p2a: Muk\n|-damage|p2a: Muk|0 fnt\n|-unboost|p1a: Torterra|def|1\n|-unboost|p1a: Torterra|spd|1\n|faint|p2a: Muk\n|\n|-damage|p1a: Torterra|0 fnt|[from] psn\n|faint|p1a: Torterra\n|upkeep\n|inactive|Time left: 300 sec this turn | 300 sec total | 5 sec grace\n|\n|t:|1783571477\n|switch|p1a: Dunsparce|Dunsparce, L86, M|100/100\n|switch|p2a: Sneasler|Sneasler, L74, M|240/240\n|turn|8\n|inactive|Time left: 300 sec this turn | 300 sec total\n|\n|t:|1783571478\n|move|p2a: Sneasler|Close Combat|p1a: Dunsparce\n|-supereffective|p1a: Dunsparce\n|-damage|p1a: Dunsparce|16/100\n|-unboost|p2a: Sneasler|def|1\n|-unboost|p2a: Sneasler|spd|1\n|-status|p1a: Dunsparce|psn|[from] ability: Poison Touch|[of] p2a: Sneasler\n|move|p1a: Dunsparce|Body Slam|p2a: Sneasler\n|-damage|p2a: Sneasler|84/240\n|-status|p2a: Sneasler|par\n|\n|-damage|p1a: Dunsparce|3/100 psn|[from] psn\n|upkeep\n|turn|9\n|inactive|Time left: 300 sec this turn | 300 sec total\n|\n|t:|1783571479\n|move|p1a: Dunsparce|Body Slam|p2a: Sneasler\n|-damage|p2a: Sneasler|0 fnt\n|faint|p2a: Sneasler\n|\n|-damage|p1a: Dunsparce|0 fnt|[from] psn\n|faint|p1a: Dunsparce\n|upkeep\n|inactive|Time left: 300 sec this turn | 300 sec total | 5 sec grace\n|\n|t:|1783571480\n|switch|p2a: Volcarona|Volcarona, L77, M|257/257\n|switch|p1a: Sawsbuck|Sawsbuck-Summer, L88, F|100/100\n|turn|10\n|inactive|Time left: 300 sec this turn | 300 sec total\n|\n|t:|1783571481\n|-terastallize|p1a: Sawsbuck|Normal\n|move|p1a: Sawsbuck|Swords Dance|p1a: Sawsbuck\n|-boost|p1a: Sawsbuck|atk|2\n|move|p2a: Volcarona|Fire Blast|p1a: Sawsbuck\n|-damage|p1a: Sawsbuck|52/100\n|\n|upkeep\n|turn|11\n|inactive|Time left: 300 sec this turn | 300 sec total\n|\n|t:|1783571482\n|move|p1a: Sawsbuck|Headbutt|p2a: Volcarona\n|-damage|p2a: Volcarona|0 fnt\n|-status|p1a: Sawsbuck|brn|[from] ability: Flame Body|[of] p2a: Volcarona\n|faint|p2a: Volcarona\n|-damage|p1a: Sawsbuck|42/100 brn|[from] item: Life Orb\n|\n|-damage|p1a: Sawsbuck|36/100 brn|[from] brn\n|upkeep\n|inactive|Time left: 300 sec this turn | 300 sec total | 5 sec grace\n|\n|t:|1783571483\n|switch|p2a: Hypno|Hypno, L95, M|315/315\n|turn|12\n|inactive|Time left: 300 sec this turn | 300 sec total\n|\n|t:|1783571484\n|move|p1a: Sawsbuck|Headbutt|p2a: Hypno\n|-damage|p2a: Hypno|160/315\n|-damage|p1a: Sawsbuck|26/100 brn|[from] item: Life Orb\n|cant|p2a: Hypno|flinch\n|\n|-heal|p2a: Hypno|179/315|[from] item: Leftovers\n|-damage|p1a: Sawsbuck|20/100 brn|[from] brn\n|upkeep\n|turn|13\n|inactive|Time left: 300 sec this turn | 300 sec total\n|\n|t:|1783571485\n|move|p1a: Sawsbuck|Headbutt|p2a: Hypno\n|-damage|p2a: Hypno|14/315\n|-damage|p1a: Sawsbuck|10/100 brn|[from] item: Life Orb\n|cant|p2a: Hypno|flinch\n|\n|-heal|p2a: Hypno|33/315|[from] item: Leftovers\n|-damage|p1a: Sawsbuck|4/100 brn|[from] brn\n|upkeep\n|turn|14\n|inactive|Time left: 300 sec this turn | 300 sec total\n|\n|t:|1783571486\n|move|p1a: Sawsbuck|Headbutt|p2a: Hypno\n|-damage|p2a: Hypno|0 fnt\n|faint|p2a: Hypno\n|-damage|p1a: Sawsbuck|0 fnt|[from] item: Life Orb\n|faint|p1a: Sawsbuck\n|\n|upkeep\n|inactive|Time left: 300 sec this turn | 300 sec total | 5 sec grace\n|\n|t:|1783571487\n|switch|p1a: Groudon|Groudon, L72|16/100\n|switch|p2a: Alcremie|Alcremie-Ruby-Swirl, L90, F|263/263\n|-weather|SunnyDay|[from] ability: Drought|[of] p1a: Groudon\n|turn|15\n|inactive|Time left: 300 sec this turn | 300 sec total\n|\n|t:|1783571488\n|move|p1a: Groudon|Heat Crash|p2a: Alcremie\n|-damage|p2a: Alcremie|119/263\n|move|p2a: Alcremie|Alluring Voice|p1a: Groudon\n|-damage|p1a: Groudon|0 fnt\n|faint|p1a: Groudon\n|\n|-weather|SunnyDay|[upkeep]\n|-heal|p2a: Alcremie|135/263|[from] item: Leftovers\n|upkeep\n|\n|t:|1783571489\n|switch|p1a: Cloyster|Cloyster, L80, F|100/100\n|turn|16\n|inactive|Time left: 300 sec this turn | 300 sec total\n|\n|t:|1783571490\n|-terastallize|p2a: Alcremie|Steel\n|move|p2a: Alcremie|Calm Mind|p2a: Alcremie\n|-boost|p2a: Alcremie|spa|1\n|-boost|p2a: Alcremie|spd|1\n|move|p1a: Cloyster|Shell Smash|p1a: Cloyster\n|-unboost|p1a: Cloyster|def|1\n|-unboost|p1a: Cloyster|spd|1\n|-boost|p1a: Cloyster|atk|2\n|-boost|p1a: Cloyster|spa|2\n|-boost|p1a: Cloyster|spe|2\n|-enditem|p1a: Cloyster|White Herb\n|-clearnegativeboost|p1a: Cloyster|[silent]\n|\n|-weather|SunnyDay|[upkeep]\n|-heal|p2a: Alcremie|151/263|[from] item: Leftovers\n|upkeep\n|turn|17\n|inactive|Time left: 300 sec this turn | 300 sec total\n|\n|t:|1783571491\n|move|p1a: Cloyster|Icicle Spear|p2a: Alcremie\n|-resisted|p2a: Alcremie\n|-damage|p2a: Alcremie|124/263\n|-resisted|p2a: Alcremie\n|-damage|p2a: Alcremie|97/263\n|-resisted|p2a: Alcremie\n|-damage|p2a: Alcremie|72/263\n|-resisted|p2a: Alcremie\n|-damage|p2a: Alcremie|45/263\n|-resisted|p2a: Alcremie\n|-damage|p2a: Alcremie|21/263\n|-hitcount|p2a: Alcremie|5\n|move|p2a: Alcremie|Alluring Voice|p1a: Cloyster\n|-damage|p1a: Cloyster|0 fnt\n|faint|p1a: Cloyster\n|\n|-weather|SunnyDay|[upkeep]\n|-heal|p2a: Alcremie|37/263|[from] item: Leftovers\n|upkeep\n|\n|t:|1783571492\n|switch|p1a: Florges|Florges-Blue, L85, F|29/100 psn\n|turn|18\n|inactive|Time left: 300 sec this turn | 300 sec total\n|\n|t:|1783571493\n|move|p1a: Florges|Synthesis|p1a: Florges\n|-heal|p1a: Florges|95/100 psn\n|move|p2a: Alcremie|Psyshock|p1a: Florges\n|-damage|p1a: Florges|44/100 psn\n|\n|-weather|SunnyDay|[upkeep]\n|-heal|p1a: Florges|50/100 psn|[from] item: Leftovers\n|-heal|p2a: Alcremie|53/263|[from] item: Leftovers\n|-damage|p1a: Florges|38/100 psn|[from] psn\n|upkeep\n|turn|19\n|inactive|Time left: 300 sec this turn | 300 sec total\n|\n|t:|1783571494\n|move|p1a: Florges|Synthesis|p1a: Florges\n|-heal|p1a: Florges|100/100 psn\n|move|p2a: Alcremie|Psyshock|p1a: Florges\n|-damage|p1a: Florges|49/100 psn\n|\n|-weather|none\n|-heal|p1a: Florges|55/100 psn|[from] item: Leftovers\n|-heal|p2a: Alcremie|69/263|[from] item: Leftovers\n|-damage|p1a: Florges|43/100 psn|[from] psn\n|upkeep\n|turn|20\n|inactive|Time left: 300 sec this turn | 300 sec total\n|\n|t:|1783571495\n|move|p1a: Florges|Synthesis|p1a: Florges\n|-heal|p1a: Florges|92/100 psn\n|move|p2a: Alcremie|Psyshock|p1a: Florges\n|-damage|p1a: Florges|48/100 psn\n|\n|-heal|p1a: Florges|54/100 psn|[from] item: Leftovers\n|-heal|p2a: Alcremie|85/263|[from] item: Leftovers\n|-damage|p1a: Florges|42/100 psn|[from] psn\n|upkeep\n|turn|21\n|inactive|Time left: 300 sec this turn | 300 sec total\n|\n|t:|1783571496\n|move|p1a: Florges|Synthesis|p1a: Florges\n|-heal|p1a: Florges|92/100 psn\n|move|p2a: Alcremie|Psyshock|p1a: Florges\n|-damage|p1a: Florges|45/100 psn\n|\n|-heal|p1a: Florges|51/100 psn|[from] item: Leftovers\n|-heal|p2a: Alcremie|101/263|[from] item: Leftovers\n|-damage|p1a: Florges|39/100 psn|[from] psn\n|upkeep\n|turn|22\n|inactive|Time left: 300 sec this turn | 300 sec total\n|\n|t:|1783571497\n|move|p1a: Florges|Synthesis|p1a: Florges\n|-heal|p1a: Florges|89/100 psn\n|move|p2a: Alcremie|Psyshock|p1a: Florges\n|-crit|p1a: Florges\n|-damage|p1a: Florges|16/100 psn\n|\n|-heal|p1a: Florges|22/100 psn|[from] item: Leftovers\n|-heal|p2a: Alcremie|117/263|[from] item: Leftovers\n|-damage|p1a: Florges|10/100 psn|[from] psn\n|upkeep\n|turn|23\n|inactive|Time left: 300 sec this turn | 300 sec total\n|\n|t:|1783571498\n|move|p1a: Florges|Moonblast|p2a: Alcremie\n|-resisted|p2a: Alcremie\n|-damage|p2a: Alcremie|88/263\n|move|p2a: Alcremie|Psyshock|p1a: Florges\n|-damage|p1a: Florges|0 fnt\n|faint|p1a: Florges\n|\n|win|p0y272909cd", "uploadtime": 1783571498, "views": 0, "rating": 0, "private": 0, "password": null, "_winner": "p0y272909cd", "_our_name": "p0y272909cd"}