{"id": "battle-gen9randombattle-2807", "formatid": "gen9randombattle", "format": "[Gen 9] Random Battle", "players": ["p0x28076bcc", "p0y2807c828"], "log": "|init|battle\n|title|p0x28076bcc vs. p0y2807c828\n|j|\u2606p0x28076bcc\n|j|\u2606p0y2807c828\n|t:|1783571360\n|gametype|singles\n|player|p1|p0x28076bcc|2|\n|player|p2|p0y2807c828|170|\n|gen|9\n|tier|[Gen 9] Random Battle\n|rule|Species Clause: Limit one of each Pok\u00e9mon\n|rule|HP Percentage Mod: HP is shown in percentages\n|rule|Sleep Clause Mod: Limit one foe put to sleep\n|rule|Illusion Level Mod: Illusion disguises the Pok\u00e9mon's true level\n|\n|t:|1783571360\n|teamsize|p1|6\n|teamsize|p2|6\n|start\n|switch|p1a: Volcarona|Volcarona, L77, F|100/100\n|switch|p2a: Terrakion|Terrakion, L79|273/273\n|turn|1\n|inactive|Battle timer is ON: inactive players will automatically lose when time's up. (requested by p0y2807c828)\n|inactive|p0x28076bcc also wants the timer to be on.\n|\n|t:|1783571361\n|switch|p1a: Hydrapple|Hydrapple, L83, M|100/100\n|move|p2a: Terrakion|Stone Edge|p1a: Hydrapple|[miss]\n|-miss|p2a: Terrakion|p1a: Hydrapple\n|\n|upkeep\n|turn|2\n|inactive|Time left: 300 sec this turn | 300 sec total\n|\n|t:|1783571363\n|move|p2a: Terrakion|Stone Edge|p1a: Hydrapple|[miss]\n|-miss|p2a: Terrakion|p1a: Hydrapple\n|move|p1a: Hydrapple|Fickle Beam|p2a: Terrakion\n|-damage|p2a: Terrakion|110/273\n|\n|upkeep\n|turn|3\n|inactive|Time left: 300 sec this turn | 300 sec total\n|\n|t:|1783571364\n|move|p2a: Terrakion|Stone Edge|p1a: Hydrapple\n|-damage|p1a: Hydrapple|55/100\n|move|p1a: Hydrapple|Fickle Beam|p2a: Terrakion\n|-damage|p2a: Terrakion|0 fnt\n|faint|p2a: Terrakion\n|\n|upkeep\n|inactive|Time left: 300 sec this turn | 300 sec total | 5 sec grace\n|\n|t:|1783571365\n|switch|p2a: Basculegion|Basculegion, L80, M|323/323\n|turn|4\n|inactive|Time left: 300 sec this turn | 300 sec total\n|\n|t:|1783571366\n|move|p2a: Basculegion|Shadow Ball|p1a: Hydrapple\n|-damage|p1a: Hydrapple|24/100\n|-unboost|p1a: Hydrapple|spd|1\n|move|p1a: Hydrapple|Fickle Beam|p2a: Basculegion\n|-damage|p2a: Basculegion|212/323\n|\n|upkeep\n|turn|5\n|inactive|Time left: 300 sec this turn | 300 sec total\n|\n|t:|1783571367\n|switch|p1a: Registeel|Registeel, L81|100/100\n|move|p2a: Basculegion|Shadow Ball|p1a: Registeel\n|-damage|p1a: Registeel|77/100\n|\n|upkeep\n|turn|6\n|inactive|Time left: 300 sec this turn | 300 sec total\n|\n|t:|1783571368\n|move|p2a: Basculegion|Shadow Ball|p1a: Registeel\n|-damage|p1a: Registeel|55/100\n|move|p1a: Registeel|Iron Defense|p1a: Registeel\n|-boost|p1a: Registeel|def|2\n|\n|upkeep\n|turn|7\n|inactive|Time left: 300 sec this turn | 300 sec total\n|\n|t:|1783571369\n|move|p2a: Basculegion|Shadow Ball|p1a: Registeel\n|-damage|p1a: Registeel|33/100\n|move|p1a: Registeel|Rest|p1a: Registeel\n|-status|p1a: Registeel|slp|[from] move: Rest\n|-heal|p1a: Registeel|100/100 slp|[silent]\n|-enditem|p1a: Registeel|Chesto Berry|[eat]\n|-curestatus|p1a: Registeel|slp|[msg]\n|\n|upkeep\n|turn|8\n|inactive|Time left: 300 sec this turn | 300 sec total\n|\n|t:|1783571370\n|move|p2a: Basculegion|Shadow Ball|p1a: Registeel\n|-damage|p1a: Registeel|75/100\n|move|p1a: Registeel|Iron Head|p2a: Basculegion\n|-resisted|p2a: Basculegion\n|-damage|p2a: Basculegion|168/323\n|\n|upkeep\n|turn|9\n|inactive|Time left: 300 sec this turn | 300 sec total\n|\n|t:|1783571371\n|move|p2a: Basculegion|Shadow Ball|p1a: Registeel\n|-damage|p1a: Registeel|52/100\n|move|p1a: Registeel|Body Press|p2a: Basculegion\n|-immune|p2a: Basculegion\n|\n|upkeep\n|turn|10\n|inactive|Time left: 300 sec this turn | 300 sec total\n|\n|t:|1783571372\n|move|p2a: Basculegion|Shadow Ball|p1a: Registeel\n|-damage|p1a: Registeel|27/100\n|move|p1a: Registeel|Body Press|p2a: Basculegion\n|-immune|p2a: Basculegion\n|\n|upkeep\n|turn|11\n|inactive|Time left: 300 sec this turn | 300 sec total\n|\n|t:|1783571373\n|move|p2a: Basculegion|Shadow Ball|p1a: Registeel\n|-damage|p1a: Registeel|4/100\n|move|p1a: Registeel|Rest|p1a: Registeel\n|-status|p1a: Registeel|slp|[from] move: Rest\n|-heal|p1a: Registeel|100/100 slp|[silent]\n|\n|upkeep\n|turn|12\n|inactive|Time left: 300 sec this turn | 300 sec total\n|\n|t:|1783571374\n|switch|p2a: Minior|Minior-Blue, L79|224/224\n|-formechange|p2a: Minior|Minior-Meteor||[from] ability: Shields Down\n|switch|p1a: Hydrapple|Hydrapple, L83, M|57/100\n|\n|upkeep\n|turn|13\n|inactive|Time left: 300 sec this turn | 300 sec total\n|\n|t:|1783571375\n|move|p2a: Minior|Shell Smash|p2a: Minior\n|-unboost|p2a: Minior|def|1\n|-unboost|p2a: Minior|spd|1\n|-boost|p2a: Minior|atk|2\n|-boost|p2a: Minior|spa|2\n|-boost|p2a: Minior|spe|2\n|-enditem|p2a: Minior|White Herb\n|-clearnegativeboost|p2a: Minior|[silent]\n|move|p1a: Hydrapple|Draco Meteor|p2a: Minior\n|-damage|p2a: Minior|0 fnt\n|-unboost|p1a: Hydrapple|spa|2\n|faint|p2a: Minior\n|\n|upkeep\n|inactive|Time left: 300 sec this turn | 300 sec total | 5 sec grace\n|\n|t:|1783571376\n|switch|p2a: Ogerpon|Ogerpon-Wellspring, L76, F|247/247\n|turn|14\n|inactive|Time left: 300 sec this turn | 300 sec total\n|\n|t:|1783571378\n|move|p2a: Ogerpon|Swords Dance|p2a: Ogerpon\n|-boost|p2a: Ogerpon|atk|2\n|move|p1a: Hydrapple|Draco Meteor|p2a: Ogerpon\n|-damage|p2a: Ogerpon|133/247\n|-unboost|p1a: Hydrapple|spa|2\n|\n|upkeep\n|turn|15\n|inactive|Time left: 300 sec this turn | 300 sec total\n|\n|t:|1783571379\n|switch|p1a: Victreebel|Victreebel, L90, M|100/100\n|move|p2a: Ogerpon|Play Rough|p1a: Victreebel\n|-resisted|p1a: Victreebel\n|-damage|p1a: Victreebel|71/100\n|\n|upkeep\n|turn|16\n|inactive|Time left: 300 sec this turn | 300 sec total\n|\n|t:|1783571380\n|move|p2a: Ogerpon|Ivy Cudgel|p1a: Victreebel|[anim] Ivy Cudgel Water\n|-resisted|p1a: Victreebel\n|-damage|p1a: Victreebel|19/100\n|move|p1a: Victreebel|Sludge Wave|p2a: Ogerpon\n|-supereffective|p2a: Ogerpon\n|-damage|p2a: Ogerpon|0 fnt\n|faint|p2a: Ogerpon\n|-damage|p1a: Victreebel|9/100|[from] item: Life Orb\n|\n|upkeep\n|inactive|Time left: 300 sec this turn | 300 sec total | 5 sec grace\n|\n|t:|1783571381\n|switch|p2a: Basculegion|Basculegion, L80, M|168/323\n|turn|17\n|inactive|Time left: 300 sec this turn | 300 sec total\n|\n|t:|1783571382\n|switch|p1a: Hydrapple|Hydrapple, L83, M|90/100\n|move|p2a: Basculegion|Aqua Jet|p1a: Hydrapple\n|-resisted|p1a: Hydrapple\n|-damage|p1a: Hydrapple|86/100\n|\n|upkeep\n|turn|18\n|inactive|Time left: 300 sec this turn | 300 sec total\n|\n|t:|1783571383\n|move|p2a: Basculegion|Flip Turn|p1a: Hydrapple\n|-resisted|p1a: Hydrapple\n|-damage|p1a: Hydrapple|80/100\n|inactive|Time left: 300 sec this turn | 300 sec total | 5 sec grace\n|\n|t:|1783571384\n|switch|p2a: Solgaleo|Solgaleo, L74|325/325|[from] Flip Turn\n|move|p1a: Hydrapple|Draco Meteor|p2a: Solgaleo\n|-resisted|p2a: Solgaleo\n|-damage|p2a: Solgaleo|190/325\n|-unboost|p1a: Hydrapple|spa|2\n|\n|upkeep\n|turn|19\n|inactive|Time left: 300 sec this turn | 300 sec total\n|\n|t:|1783571385\n|switch|p1a: Volcarona|Volcarona, L77, F|100/100\n|move|p2a: Solgaleo|Morning Sun|p2a: Solgaleo\n|-heal|p2a: Solgaleo|325/325\n|\n|upkeep\n|turn|20\n|inactive|Time left: 300 sec this turn | 300 sec total\n|\n|t:|1783571386\n|switch|p2a: Basculegion|Basculegion, L80, M|168/323\n|move|p1a: Volcarona|Quiver Dance|p1a: Volcarona\n|-boost|p1a: Volcarona|spa|1\n|-boost|p1a: Volcarona|spd|1\n|-boost|p1a: Volcarona|spe|1\n|\n|upkeep\n|turn|21\n|inactive|Time left: 300 sec this turn | 300 sec total\n|\n|t:|1783571387\n|switch|p1a: Hydrapple|Hydrapple, L83, M|100/100\n|move|p2a: Basculegion|Wave Crash|p1a: Hydrapple\n|-resisted|p1a: Hydrapple\n|-damage|p1a: Hydrapple|89/100\n|-damage|p2a: Basculegion|156/323|[from] Recoil\n|\n|upkeep\n|turn|22\n|inactive|Time left: 300 sec this turn | 300 sec total\n|\n|t:|1783571388\n|move|p2a: Basculegion|Flip Turn|p1a: Hydrapple\n|-resisted|p1a: Hydrapple\n|-damage|p1a: Hydrapple|84/100\n|inactive|Time left: 300 sec this turn | 300 sec total | 5 sec grace\n|\n|t:|1783571389\n|switch|p2a: Solgaleo|Solgaleo, L74|325/325|[from] Flip Turn\n|move|p1a: Hydrapple|Fickle Beam|p2a: Solgaleo\n|-resisted|p2a: Solgaleo\n|-damage|p2a: Solgaleo|242/325\n|\n|upkeep\n|turn|23\n|inactive|Time left: 300 sec this turn | 300 sec total\n|\n|t:|1783571390\n|move|p2a: Solgaleo|Psychic Fangs|p1a: Hydrapple\n|-damage|p1a: Hydrapple|59/100\n|move|p1a: Hydrapple|Fickle Beam|p2a: Solgaleo\n|-resisted|p2a: Solgaleo\n|-damage|p2a: Solgaleo|164/325\n|\n|upkeep\n|turn|24\n|inactive|Time left: 300 sec this turn | 300 sec total\n|\n|t:|1783571392\n|move|p2a: Solgaleo|Morning Sun|p2a: Solgaleo\n|-heal|p2a: Solgaleo|325/325\n|move|p1a: Hydrapple|Fickle Beam|p2a: Solgaleo|[anim] Fickle Beam All Out\n|-activate|p1a: Hydrapple|move: Fickle Beam\n|-resisted|p2a: Solgaleo\n|-damage|p2a: Solgaleo|170/325\n|\n|upkeep\n|turn|25\n|inactive|Time left: 300 sec this turn | 300 sec total\n|\n|t:|1783571393\n|move|p2a: Solgaleo|Morning Sun|p2a: Solgaleo\n|-heal|p2a: Solgaleo|325/325\n|move|p1a: Hydrapple|Fickle Beam|p2a: Solgaleo\n|-resisted|p2a: Solgaleo\n|-damage|p2a: Solgaleo|241/325\n|\n|upkeep\n|turn|26\n|inactive|Time left: 300 sec this turn | 300 sec total\n|\n|t:|1783571394\n|move|p2a: Solgaleo|Psychic Fangs|p1a: Hydrapple\n|-damage|p1a: Hydrapple|31/100\n|move|p1a: Hydrapple|Fickle Beam|p2a: Solgaleo\n|-resisted|p2a: Solgaleo\n|-damage|p2a: Solgaleo|155/325\n|\n|upkeep\n|turn|27\n|inactive|Time left: 300 sec this turn | 300 sec total\n|\n|t:|1783571395\n|switch|p1a: Volcarona|Volcarona, L77, F|100/100\n|move|p2a: Solgaleo|Morning Sun|p2a: Solgaleo\n|-heal|p2a: Solgaleo|317/325\n|\n|upkeep\n|turn|28\n|inactive|Time left: 300 sec this turn | 300 sec total\n|\n|t:|1783571396\n|switch|p2a: Basculegion|Basculegion, L80, M|156/323\n|move|p1a: Volcarona|Fire Blast|p2a: Basculegion\n|-resisted|p2a: Basculegion\n|-damage|p2a: Basculegion|108/323\n|\n|upkeep\n|turn|29\n|inactive|Time left: 300 sec this turn | 300 sec total\n|\n|t:|1783571397\n|switch|p1a: Hydrapple|Hydrapple, L83, M|65/100\n|move|p2a: Basculegion|Wave Crash|p1a: Hydrapple\n|-resisted|p1a: Hydrapple\n|-damage|p1a: Hydrapple|52/100\n|-damage|p2a: Basculegion|95/323|[from] Recoil\n|\n|upkeep\n|turn|30\n|inactive|Time left: 300 sec this turn | 300 sec total\n|\n|t:|1783571398\n|move|p2a: Basculegion|Shadow Ball|p1a: Hydrapple\n|-damage|p1a: Hydrapple|22/100\n|move|p1a: Hydrapple|Draco Meteor|p2a: Basculegion\n|-damage|p2a: Basculegion|0 fnt\n|-unboost|p1a: Hydrapple|spa|2\n|faint|p2a: Basculegion\n|\n|upkeep\n|inactive|Time left: 300 sec this turn | 300 sec total | 5 sec grace\n|\n|t:|1783571398\n|switch|p2a: Solgaleo|Solgaleo, L74|317/325\n|turn|31\n|inactive|Time left: 300 sec this turn | 300 sec total\n|\n|t:|1783571399\n|switch|p1a: Registeel|Registeel, L81|100/100 slp\n|move|p2a: Solgaleo|Psychic Fangs|p1a: Registeel\n|-resisted|p1a: Registeel\n|-damage|p1a: Registeel|89/100 slp\n|\n|upkeep\n|turn|32\n|inactive|Time left: 300 sec this turn | 300 sec total\n|\n|t:|1783571400\n|switch|p1a: Hydrapple|Hydrapple, L83, M|55/100\n|move|p2a: Solgaleo|Psychic Fangs|p1a: Hydrapple\n|-damage|p1a: Hydrapple|28/100\n|\n|upkeep\n|turn|33\n|inactive|Time left: 300 sec this turn | 300 sec total\n|\n|t:|1783571400\n|switch|p1a: Volcarona|Volcarona, L77, F|100/100\n|move|p2a: Solgaleo|Sunsteel Strike|p1a: Volcarona\n|-resisted|p1a: Volcarona\n|-damage|p1a: Volcarona|72/100\n|\n|upkeep\n|turn|34\n|inactive|Time left: 300 sec this turn | 300 sec total\n|\n|t:|1783571401\n|move|p1a: Volcarona|Fire Blast|p2a: Solgaleo|[miss]\n|-miss|p1a: Volcarona|p2a: Solgaleo\n|move|p2a: Solgaleo|Psychic Fangs|p1a: Volcarona\n|-damage|p1a: Volcarona|20/100\n|\n|upkeep\n|turn|35\n|inactive|Time left: 300 sec this turn | 300 sec total\n|\n|t:|1783571402\n|move|p1a: Volcarona|Fire Blast|p2a: Solgaleo\n|-supereffective|p2a: Solgaleo\n|-damage|p2a: Solgaleo|27/325\n|move|p2a: Solgaleo|Psychic Fangs|p1a: Volcarona\n|-damage|p1a: Volcarona|0 fnt\n|faint|p1a: Volcarona\n|\n|upkeep\n|\n|t:|1783571402\n|switch|p1a: Hydrapple|Hydrapple, L83, M|61/100\n|turn|36\n|inactive|Time left: 300 sec this turn | 300 sec total\n|\n|t:|1783571403\n|move|p2a: Solgaleo|Morning Sun|p2a: Solgaleo\n|-heal|p2a: Solgaleo|189/325\n|move|p1a: Hydrapple|Earth Power|p2a: Solgaleo\n|-supereffective|p2a: Solgaleo\n|-crit|p2a: Solgaleo\n|-damage|p2a: Solgaleo|0 fnt\n|faint|p2a: Solgaleo\n|\n|upkeep\n|inactive|Time left: 300 sec this turn | 300 sec total | 5 sec grace\n|\n|t:|1783571404\n|switch|p2a: Giratina|Giratina-Origin, L72|335/335\n|turn|37\n|inactive|Time left: 300 sec this turn | 300 sec total\n|\n|t:|1783571405\n|switch|p1a: Registeel|Registeel, L81|89/100 slp\n|move|p2a: Giratina|Dragon Tail|p1a: Registeel\n|-resisted|p1a: Registeel\n|-damage|p1a: Registeel|81/100 slp\n|drag|p1a: Dewgong|Dewgong, L94, F|100/100\n|\n|upkeep\n|turn|38\n|inactive|Time left: 300 sec this turn | 300 sec total\n|\n|t:|1783571406\n|-terastallize|p2a: Giratina|Steel\n|move|p1a: Dewgong|Triple Axel|p2a: Giratina\n|-resisted|p2a: Giratina\n|-damage|p2a: Giratina|324/335\n|-resisted|p2a: Giratina\n|-damage|p2a: Giratina|301/335\n|-resisted|p2a: Giratina\n|-damage|p2a: Giratina|268/335\n|-hitcount|p2a: Giratina|3\n|move|p2a: Giratina|Poltergeist|p1a: Dewgong\n|-activate|p1a: Dewgong|move: Poltergeist|Heavy-Duty Boots\n|-damage|p1a: Dewgong|67/100\n|\n|upkeep\n|turn|39\n|inactive|Time left: 300 sec this turn | 300 sec total\n|\n|t:|1783571407\n|move|p1a: Dewgong|Surf|p2a: Giratina\n|-damage|p2a: Giratina|165/335\n|move|p2a: Giratina|Poltergeist|p1a: Dewgong|[miss]\n|-miss|p2a: Giratina|p1a: Dewgong\n|\n|upkeep\n|turn|40\n|inactive|Time left: 300 sec this turn | 300 sec total\n|\n|t:|1783571408\n|move|p1a: Dewgong|Surf|p2a: Giratina\n|-damage|p2a: Giratina|71/335\n|move|p2a: Giratina|Dragon Tail|p1a: Dewgong\n|-damage|p1a: Dewgong|45/100\n|drag|p1a: Registeel|Registeel, L81|81/100 slp\n|\n|upkeep\n|turn|41\n|inactive|Time left: 300 sec this turn | 300 sec total\n|\n|t:|1783571409\n|switch|p1a: Victreebel|Victreebel, L90, M|9/100\n|move|p2a: Giratina|Dragon Tail|p1a: Victreebel\n|-damage|p1a: Victreebel|0 fnt\n|faint|p1a: Victreebel\n|\n|upkeep\n|\n|t:|1783571410\n|switch|p1a: Dewgong|Dewgong, L94, F|45/100\n|turn|42\n|inactive|Time left: 300 sec this turn | 300 sec total\n|\n|t:|1783571411\n|move|p1a: Dewgong|Surf|p2a: Giratina\n|-damage|p2a: Giratina|0 fnt\n|faint|p2a: Giratina\n|\n|win|p0x28076bcc", "uploadtime": 1783571411, "views": 0, "rating": 0, "private": 0, "password": null, "_winner": "p0x28076bcc", "_our_name": "p0y2807c828"}