{"id": "battle-gen9randombattle-2031", "formatid": "gen9randombattle", "format": "[Gen 9] Random Battle", "players": ["p0x20315612", "p0y20314266"], "log": "|init|battle\n|title|p0x20315612 vs. p0y20314266\n|j|\u2606p0x20315612\n|j|\u2606p0y20314266\n|t:|1783562762\n|gametype|singles\n|player|p1|p0x20315612|266|\n|player|p2|p0y20314266|2|\n|gen|9\n|tier|[Gen 9] Random Battle\n|rule|Species Clause: Limit one of each Pok\u00e9mon\n|rule|HP Percentage Mod: HP is shown in percentages\n|rule|Sleep Clause Mod: Limit one foe put to sleep\n|rule|Illusion Level Mod: Illusion disguises the Pok\u00e9mon's true level\n|\n|t:|1783562762\n|teamsize|p1|6\n|teamsize|p2|6\n|start\n|switch|p1a: Oricorio|Oricorio, L84, M|235/235\n|switch|p2a: Okidogi|Okidogi, L77, M|100/100\n|turn|1\n|inactive|Battle timer is ON: inactive players will automatically lose when time's up. (requested by p0y20314266)\n|inactive|Time left: 300 sec this turn | 300 sec total | 60 sec grace\n|inactive|p0x20315612 also wants the timer to be on.\n|\n|t:|1783562763\n|move|p1a: Oricorio|Dark Pulse|p2a: Okidogi\n|-resisted|p2a: Okidogi\n|-damage|p2a: Okidogi|69/100\n|move|p2a: Okidogi|Gunk Shot|p1a: Oricorio|[miss]\n|-miss|p2a: Okidogi|p1a: Oricorio\n|\n|-heal|p2a: Okidogi|75/100|[from] item: Leftovers\n|upkeep\n|turn|2\n|inactive|Time left: 300 sec this turn | 300 sec total\n|\n|t:|1783562764\n|move|p1a: Oricorio|Dark Pulse|p2a: Okidogi\n|-resisted|p2a: Okidogi\n|-damage|p2a: Okidogi|42/100\n|move|p2a: Okidogi|Drain Punch|p1a: Oricorio\n|-supereffective|p1a: Oricorio\n|-damage|p1a: Oricorio|5/235\n|-heal|p2a: Okidogi|86/100|[from] drain|[of] p1a: Oricorio\n|replace|p1a: Zoroark|Zoroark, L83, F\n|-end|p1a: Zoroark|Illusion\n|-hint|Illusion Level Mod is active, so this Pok\u00e9mon's true level was hidden.\n|\n|-heal|p2a: Okidogi|92/100|[from] item: Leftovers\n|upkeep\n|turn|3\n|inactive|Time left: 300 sec this turn | 300 sec total\n|\n|t:|1783562765\n|move|p1a: Zoroark|Dark Pulse|p2a: Okidogi\n|-resisted|p2a: Okidogi\n|-damage|p2a: Okidogi|62/100\n|move|p2a: Okidogi|Gunk Shot|p1a: Zoroark\n|-damage|p1a: Zoroark|0 fnt\n|faint|p1a: Zoroark\n|\n|-heal|p2a: Okidogi|68/100|[from] item: Leftovers\n|upkeep\n|inactive|Time left: 300 sec this turn | 300 sec total | 5 sec grace\n|\n|t:|1783562766\n|switch|p1a: Oricorio|Oricorio, L84, M|263/263\n|turn|4\n|inactive|Time left: 300 sec this turn | 300 sec total\n|\n|t:|1783562767\n|switch|p2a: Zacian|Zacian, L69|100/100\n|-ability|p2a: Zacian|Intrepid Sword|boost\n|-boost|p2a: Zacian|atk|1\n|move|p1a: Oricorio|Hurricane|p2a: Zacian\n|-damage|p2a: Zacian|53/100\n|\n|upkeep\n|turn|5\n|inactive|Time left: 300 sec this turn | 300 sec total\n|\n|t:|1783562768\n|move|p2a: Zacian|Psychic Fangs|p1a: Oricorio\n|-damage|p1a: Oricorio|134/263\n|move|p1a: Oricorio|Quiver Dance|p1a: Oricorio\n|-boost|p1a: Oricorio|spa|1\n|-boost|p1a: Oricorio|spd|1\n|-boost|p1a: Oricorio|spe|1\n|\n|upkeep\n|turn|6\n|inactive|Time left: 300 sec this turn | 300 sec total\n|\n|t:|1783562769\n|switch|p2a: Hoopa|Hoopa-Unbound, L80|100/100\n|move|p1a: Oricorio|Revelation Dance|p2a: Hoopa\n|-damage|p2a: Hoopa|72/100\n|\n|upkeep\n|turn|7\n|inactive|Time left: 300 sec this turn | 300 sec total\n|\n|t:|1783562770\n|move|p1a: Oricorio|Hurricane|p2a: Hoopa|[miss]\n|-miss|p1a: Oricorio|p2a: Hoopa\n|move|p2a: Hoopa|Hyperspace Fury|p1a: Oricorio\n|-damage|p1a: Oricorio|0 fnt\n|-unboost|p2a: Hoopa|def|1\n|faint|p1a: Oricorio\n|\n|upkeep\n|inactive|Time left: 300 sec this turn | 300 sec total | 5 sec grace\n|\n|t:|1783562771\n|switch|p1a: Perrserker|Perrserker, L89, F|269/269\n|turn|8\n|inactive|Time left: 300 sec this turn | 300 sec total\n|\n|t:|1783562772\n|move|p2a: Hoopa|Focus Blast|p1a: Perrserker\n|-supereffective|p1a: Perrserker\n|-damage|p1a: Perrserker|0 fnt\n|faint|p1a: Perrserker\n|\n|upkeep\n|inactive|Time left: 300 sec this turn | 300 sec total | 5 sec grace\n|\n|t:|1783562773\n|switch|p1a: Bisharp|Bisharp, L79, F|232/232\n|turn|9\n|inactive|Time left: 300 sec this turn | 300 sec total\n|\n|t:|1783562774\n|switch|p2a: Okidogi|Okidogi, L77, M|68/100\n|move|p1a: Bisharp|Swords Dance|p1a: Bisharp\n|-boost|p1a: Bisharp|atk|2\n|\n|-heal|p2a: Okidogi|74/100|[from] item: Leftovers\n|upkeep\n|turn|10\n|inactive|Time left: 300 sec this turn | 300 sec total\n|\n|t:|1783562775\n|-terastallize|p1a: Bisharp|Ghost\n|move|p2a: Okidogi|Drain Punch|p1a: Bisharp\n|-immune|p1a: Bisharp\n|move|p1a: Bisharp|Iron Head|p2a: Okidogi\n|-damage|p2a: Okidogi|15/100\n|\n|-heal|p2a: Okidogi|21/100|[from] item: Leftovers\n|upkeep\n|turn|11\n|inactive|Time left: 300 sec this turn | 300 sec total\n|\n|t:|1783562776\n|move|p1a: Bisharp|Sucker Punch|p2a: Okidogi\n|-resisted|p2a: Okidogi\n|-crit|p2a: Okidogi\n|-damage|p2a: Okidogi|0 fnt\n|faint|p2a: Okidogi\n|\n|upkeep\n|\n|t:|1783562777\n|switch|p2a: Quaquaval|Quaquaval, L79, F|100/100\n|turn|12\n|inactive|Time left: 300 sec this turn | 300 sec total\n|\n|t:|1783562778\n|move|p2a: Quaquaval|Knock Off|p1a: Bisharp\n|-supereffective|p1a: Bisharp\n|-damage|p1a: Bisharp|106/232\n|-enditem|p1a: Bisharp|Eviolite|[from] move: Knock Off|[of] p2a: Quaquaval\n|move|p1a: Bisharp|Throat Chop|p2a: Quaquaval\n|-resisted|p2a: Quaquaval\n|-damage|p2a: Quaquaval|63/100\n|-start|p2a: Quaquaval|Throat Chop|[silent]\n|\n|upkeep\n|turn|13\n|inactive|Time left: 300 sec this turn | 300 sec total\n|\n|t:|1783562779\n|move|p1a: Bisharp|Sucker Punch|p2a: Quaquaval\n|-resisted|p2a: Quaquaval\n|-damage|p2a: Quaquaval|27/100\n|move|p2a: Quaquaval|Knock Off|p1a: Bisharp\n|-supereffective|p1a: Bisharp\n|-damage|p1a: Bisharp|0 fnt\n|faint|p1a: Bisharp\n|-ability|p2a: Quaquaval|Moxie|boost\n|-boost|p2a: Quaquaval|atk|1\n|\n|-end|p2a: Quaquaval|Throat Chop|[silent]\n|upkeep\n|inactive|Time left: 300 sec this turn | 300 sec total | 5 sec grace\n|\n|t:|1783562780\n|switch|p1a: Decidueye|Decidueye, L88, F|281/281\n|turn|14\n|inactive|Time left: 300 sec this turn | 300 sec total\n|\n|t:|1783562781\n|move|p1a: Decidueye|Shadow Sneak|p2a: Quaquaval\n|-damage|p2a: Quaquaval|0 fnt\n|faint|p2a: Quaquaval\n|-damage|p1a: Decidueye|253/281|[from] item: Life Orb\n|\n|upkeep\n|\n|t:|1783562782\n|switch|p2a: Hoopa|Hoopa-Unbound, L80|72/100\n|turn|15\n|inactive|Time left: 300 sec this turn | 300 sec total\n|\n|t:|1783562783\n|switch|p1a: Hitmontop|Hitmontop, L88, M|231/231\n|-ability|p1a: Hitmontop|Intimidate|boost\n|-unboost|p2a: Hoopa|atk|1\n|move|p2a: Hoopa|Hyperspace Fury|p1a: Hitmontop\n|-resisted|p1a: Hitmontop\n|-damage|p1a: Hitmontop|188/231\n|-unboost|p2a: Hoopa|def|1\n|\n|upkeep\n|turn|16\n|inactive|Time left: 300 sec this turn | 300 sec total\n|\n|t:|1783562784\n|move|p2a: Hoopa|Psychic|p1a: Hitmontop\n|-supereffective|p1a: Hitmontop\n|-damage|p1a: Hitmontop|36/231\n|move|p1a: Hitmontop|Rapid Spin|p2a: Hoopa\n|-damage|p2a: Hoopa|39/100\n|-boost|p1a: Hitmontop|spe|1\n|\n|upkeep\n|turn|17\n|inactive|Time left: 300 sec this turn | 300 sec total\n|\n|t:|1783562785\n|move|p1a: Hitmontop|Earthquake|p2a: Hoopa\n|-damage|p2a: Hoopa|0 fnt\n|faint|p2a: Hoopa\n|\n|upkeep\n|\n|t:|1783562786\n|switch|p2a: Zacian|Zacian, L69|53/100\n|turn|18\n|inactive|Time left: 300 sec this turn | 300 sec total\n|\n|t:|1783562787\n|move|p1a: Hitmontop|Earthquake|p2a: Zacian\n|-damage|p2a: Zacian|23/100\n|move|p2a: Zacian|Play Rough|p1a: Hitmontop\n|-supereffective|p1a: Hitmontop\n|-damage|p1a: Hitmontop|0 fnt\n|faint|p1a: Hitmontop\n|\n|upkeep\n|inactive|Time left: 300 sec this turn | 300 sec total | 5 sec grace\n|\n|t:|1783562788\n|switch|p1a: Decidueye|Decidueye, L88, F|253/281\n|turn|19\n|inactive|Time left: 300 sec this turn | 300 sec total\n|\n|t:|1783562789\n|move|p2a: Zacian|Play Rough|p1a: Decidueye\n|-crit|p1a: Decidueye\n|-damage|p1a: Decidueye|54/281\n|move|p1a: Decidueye|Swords Dance|p1a: Decidueye\n|-boost|p1a: Decidueye|atk|2\n|\n|upkeep\n|turn|20\n|inactive|Time left: 300 sec this turn | 300 sec total\n|\n|t:|1783562790\n|-terastallize|p2a: Zacian|Fighting\n|move|p1a: Decidueye|Shadow Sneak|p2a: Zacian\n|-damage|p2a: Zacian|0 fnt\n|faint|p2a: Zacian\n|-damage|p1a: Decidueye|26/281|[from] item: Life Orb\n|\n|upkeep\n|\n|t:|1783562790\n|switch|p2a: Minun|Minun, L95, M|100/100\n|turn|21\n|inactive|Time left: 300 sec this turn | 300 sec total\n|\n|t:|1783562791\n|move|p2a: Minun|Nasty Plot|p2a: Minun\n|-boost|p2a: Minun|spa|2\n|move|p1a: Decidueye|Poltergeist|p2a: Minun\n|-activate|p2a: Minun|move: Poltergeist|Life Orb\n|-damage|p2a: Minun|0 fnt\n|faint|p2a: Minun\n|-damage|p1a: Decidueye|0 fnt|[from] item: Life Orb\n|faint|p1a: Decidueye\n|\n|win|p0y20314266", "uploadtime": 1783562791, "views": 0, "rating": 0, "private": 0, "password": null, "_winner": "p0y20314266", "_our_name": "p0x20315612"}