{"id": "battle-gen9randombattle-2385", "formatid": "gen9randombattle", "format": "[Gen 9] Random Battle", "players": ["p0x2385eb76", "p0y23852fca"], "log": "|init|battle\n|title|p0x2385eb76 vs. p0y23852fca\n|j|\u2606p0x2385eb76\n|j|\u2606p0y23852fca\n|t:|1783567682\n|gametype|singles\n|player|p1|p0x2385eb76|101|\n|player|p2|p0y23852fca|2|\n|gen|9\n|tier|[Gen 9] Random Battle\n|rule|Species Clause: Limit one of each Pok\u00e9mon\n|rule|HP Percentage Mod: HP is shown in percentages\n|rule|Sleep Clause Mod: Limit one foe put to sleep\n|rule|Illusion Level Mod: Illusion disguises the Pok\u00e9mon's true level\n|\n|t:|1783567682\n|teamsize|p1|6\n|teamsize|p2|6\n|start\n|switch|p1a: Primarina|Primarina, L83, M|268/268\n|switch|p2a: Gholdengo|Gholdengo, L77|100/100\n|turn|1\n|inactive|Battle timer is ON: inactive players will automatically lose when time's up. (requested by p0x2385eb76)\n|inactive|p0y23852fca also wants the timer to be on.\n|\n|t:|1783567684\n|move|p2a: Gholdengo|Shadow Ball|p1a: Primarina\n|-damage|p1a: Primarina|198/268\n|move|p1a: Primarina|Sparkling Aria|p2a: Gholdengo\n|-damage|p2a: Gholdengo|50/100\n|\n|-heal|p2a: Gholdengo|56/100|[from] item: Leftovers\n|-heal|p1a: Primarina|214/268|[from] item: Leftovers\n|upkeep\n|turn|2\n|inactive|Time left: 300 sec this turn | 300 sec total\n|\n|t:|1783567685\n|move|p2a: Gholdengo|Shadow Ball|p1a: Primarina\n|-damage|p1a: Primarina|144/268\n|move|p1a: Primarina|Sparkling Aria|p2a: Gholdengo\n|-damage|p2a: Gholdengo|7/100\n|\n|-heal|p2a: Gholdengo|13/100|[from] item: Leftovers\n|-heal|p1a: Primarina|160/268|[from] item: Leftovers\n|upkeep\n|turn|3\n|inactive|Time left: 300 sec this turn | 300 sec total\n|\n|t:|1783567686\n|move|p2a: Gholdengo|Recover|p2a: Gholdengo\n|-heal|p2a: Gholdengo|63/100\n|move|p1a: Primarina|Sparkling Aria|p2a: Gholdengo\n|-damage|p2a: Gholdengo|17/100\n|\n|-heal|p2a: Gholdengo|23/100|[from] item: Leftovers\n|-heal|p1a: Primarina|176/268|[from] item: Leftovers\n|upkeep\n|turn|4\n|inactive|Time left: 300 sec this turn | 300 sec total\n|\n|t:|1783567687\n|move|p2a: Gholdengo|Recover|p2a: Gholdengo\n|-heal|p2a: Gholdengo|73/100\n|move|p1a: Primarina|Calm Mind|p1a: Primarina\n|-boost|p1a: Primarina|spa|1\n|-boost|p1a: Primarina|spd|1\n|\n|-heal|p2a: Gholdengo|79/100|[from] item: Leftovers\n|-heal|p1a: Primarina|192/268|[from] item: Leftovers\n|upkeep\n|turn|5\n|inactive|Time left: 300 sec this turn | 300 sec total\n|\n|t:|1783567688\n|move|p2a: Gholdengo|Thunder Wave|p1a: Primarina\n|-status|p1a: Primarina|par\n|move|p1a: Primarina|Sparkling Aria|p2a: Gholdengo\n|-damage|p2a: Gholdengo|9/100\n|\n|-heal|p2a: Gholdengo|15/100|[from] item: Leftovers\n|-heal|p1a: Primarina|208/268 par|[from] item: Leftovers\n|upkeep\n|turn|6\n|inactive|Time left: 300 sec this turn | 300 sec total\n|\n|t:|1783567689\n|move|p2a: Gholdengo|Recover|p2a: Gholdengo\n|-heal|p2a: Gholdengo|66/100\n|cant|p1a: Primarina|par\n|\n|-heal|p2a: Gholdengo|72/100|[from] item: Leftovers\n|-heal|p1a: Primarina|224/268 par|[from] item: Leftovers\n|upkeep\n|turn|7\n|inactive|Time left: 300 sec this turn | 300 sec total\n|\n|t:|1783567690\n|move|p2a: Gholdengo|Recover|p2a: Gholdengo\n|-heal|p2a: Gholdengo|100/100\n|cant|p1a: Primarina|par\n|\n|-heal|p1a: Primarina|240/268 par|[from] item: Leftovers\n|upkeep\n|turn|8\n|inactive|Time left: 300 sec this turn | 300 sec total\n|\n|t:|1783567691\n|move|p2a: Gholdengo|Shadow Ball|p1a: Primarina\n|-damage|p1a: Primarina|186/268 par\n|-unboost|p1a: Primarina|spd|1\n|cant|p1a: Primarina|par\n|\n|-heal|p1a: Primarina|202/268 par|[from] item: Leftovers\n|upkeep\n|turn|9\n|inactive|Time left: 300 sec this turn | 300 sec total\n|\n|t:|1783567692\n|move|p2a: Gholdengo|Shadow Ball|p1a: Primarina\n|-crit|p1a: Primarina\n|-damage|p1a: Primarina|82/268 par\n|move|p1a: Primarina|Sparkling Aria|p2a: Gholdengo\n|-damage|p2a: Gholdengo|0 fnt\n|faint|p2a: Gholdengo\n|\n|-heal|p1a: Primarina|98/268 par|[from] item: Leftovers\n|upkeep\n|\n|t:|1783567693\n|switch|p2a: Pelipper|Pelipper, L86, M|100/100\n|-weather|RainDance|[from] ability: Drizzle|[of] p2a: Pelipper\n|turn|10\n|inactive|Time left: 300 sec this turn | 300 sec total\n|\n|t:|1783567694\n|move|p2a: Pelipper|Hurricane|p1a: Primarina\n|-damage|p1a: Primarina|0 fnt\n|faint|p1a: Primarina\n|\n|-weather|RainDance|[upkeep]\n|upkeep\n|inactive|Time left: 300 sec this turn | 300 sec total | 5 sec grace\n|\n|t:|1783567695\n|switch|p1a: Ambipom|Ambipom, L84, F|263/263\n|turn|11\n|inactive|Time left: 300 sec this turn | 300 sec total\n|\n|t:|1783567696\n|-terastallize|p1a: Ambipom|Ice\n|move|p1a: Ambipom|Triple Axel|p2a: Pelipper\n|-damage|p2a: Pelipper|84/100\n|-damage|p2a: Pelipper|49/100\n|-damage|p2a: Pelipper|0 fnt\n|faint|p2a: Pelipper\n|-hitcount|p2: Pelipper|3\n|\n|-weather|RainDance|[upkeep]\n|upkeep\n|\n|t:|1783567696\n|switch|p2a: Dialga|Dialga-Origin, L73|100/100\n|-ability|p2a: Dialga|Pressure\n|turn|12\n|inactive|Time left: 300 sec this turn | 300 sec total\n|\n|t:|1783567698\n|move|p1a: Ambipom|Triple Axel|p2a: Dialga\n|-damage|p2a: Dialga|84/100\n|-damage|p2a: Dialga|49/100\n|-damage|p2a: Dialga|0 fnt\n|faint|p2a: Dialga\n|-hitcount|p2: Dialga|3\n|\n|-weather|RainDance|[upkeep]\n|upkeep\n|\n|t:|1783567699\n|switch|p2a: Lokix|Lokix, L82, M|100/100\n|turn|13\n|inactive|Time left: 300 sec this turn | 300 sec total\n|\n|t:|1783567700\n|move|p2a: Lokix|First Impression|p1a: Ambipom\n|-damage|p1a: Ambipom|117/263\n|-damage|p2a: Lokix|91/100|[from] item: Life Orb\n|move|p1a: Ambipom|Triple Axel|p2a: Lokix\n|-damage|p2a: Lokix|69/100\n|-damage|p2a: Lokix|28/100\n|-damage|p2a: Lokix|0 fnt\n|faint|p2a: Lokix\n|-hitcount|p2: Lokix|3\n|\n|-weather|RainDance|[upkeep]\n|upkeep\n|\n|t:|1783567700\n|switch|p2a: Virizion|Virizion, L82|100/100\n|turn|14\n|inactive|Time left: 300 sec this turn | 300 sec total\n|\n|t:|1783567701\n|move|p1a: Ambipom|Triple Axel|p2a: Virizion\n|-supereffective|p2a: Virizion\n|-damage|p2a: Virizion|60/100\n|-supereffective|p2a: Virizion\n|-damage|p2a: Virizion|0 fnt\n|faint|p2a: Virizion\n|-hitcount|p2: Virizion|2\n|\n|-weather|none\n|upkeep\n|\n|t:|1783567702\n|switch|p2a: Gallade|Gallade, L80, M|100/100\n|turn|15\n|inactive|Time left: 300 sec this turn | 300 sec total\n|\n|t:|1783567703\n|-terastallize|p2a: Gallade|Fighting\n|move|p1a: Ambipom|Triple Axel|p2a: Gallade\n|-damage|p2a: Gallade|76/100\n|-damage|p2a: Gallade|28/100\n|-damage|p2a: Gallade|0 fnt\n|faint|p2a: Gallade\n|-hitcount|p2: Gallade|3\n|\n|win|p0x2385eb76", "uploadtime": 1783567703, "views": 0, "rating": 0, "private": 0, "password": null, "_winner": "p0x2385eb76", "_our_name": "p0x2385eb76"}