{"id": "battle-gen9randombattle-1357", "formatid": "gen9randombattle", "format": "[Gen 9] Random Battle", "players": ["p0x13578c89", "p0y13575dd1"], "log": "|init|battle\n|title|p0x13578c89 vs. p0y13575dd1\n|j|\u2606p0x13578c89\n|j|\u2606p0y13575dd1\n|t:|1783554896\n|gametype|singles\n|player|p1|p0x13578c89|102|\n|player|p2|p0y13575dd1|170|\n|gen|9\n|tier|[Gen 9] Random Battle\n|rule|Species Clause: Limit one of each Pok\u00e9mon\n|rule|HP Percentage Mod: HP is shown in percentages\n|rule|Sleep Clause Mod: Limit one foe put to sleep\n|rule|Illusion Level Mod: Illusion disguises the Pok\u00e9mon's true level\n|\n|t:|1783554896\n|teamsize|p1|6\n|teamsize|p2|6\n|start\n|switch|p1a: Slaking|Slaking, L84, M|100/100\n|switch|p2a: Gouging Fire|Gouging Fire, L74|277/277\n|turn|1\n|inactive|Battle timer is ON: inactive players will automatically lose when time's up. (requested by p0x13578c89)\n|inactive|Time left: 300 sec this turn | 300 sec total | 60 sec grace\n|inactive|p0y13575dd1 also wants the timer to be on.\n|\n|t:|1783554897\n|move|p1a: Slaking|Giga Impact|p2a: Gouging Fire\n|-damage|p2a: Gouging Fire|0 fnt\n|-mustrecharge|p1a: Slaking\n|faint|p2a: Gouging Fire\n|-end|p2a: Gouging Fire|Protosynthesis|[silent]\n|\n|upkeep\n|inactive|Time left: 300 sec this turn | 300 sec total | 65 sec grace\n|\n|t:|1783554897\n|switch|p2a: Ribombee|Ribombee, L83, F|235/235\n|turn|2\n|inactive|Time left: 300 sec this turn | 300 sec total\n|\n|t:|1783554898\n|-terastallize|p2a: Ribombee|Ghost\n|move|p2a: Ribombee|Sticky Web|p1a: Slaking\n|-sidestart|p1: p0x13578c89|move: Sticky Web\n|cant|p1a: Slaking|recharge\n|\n|upkeep\n|turn|3\n|inactive|Time left: 300 sec this turn | 300 sec total\n|\n|t:|1783554899\n|move|p2a: Ribombee|Moonblast|p1a: Slaking\n|-damage|p1a: Slaking|70/100\n|move|p1a: Slaking|Giga Impact|p2a: Ribombee\n|-immune|p2a: Ribombee\n|\n|upkeep\n|turn|4\n|inactive|Time left: 300 sec this turn | 300 sec total\n|\n|t:|1783554900\n|switch|p1a: Squawkabilly|Squawkabilly-Blue, L85, F|100/100\n|move|p2a: Ribombee|Moonblast|p1a: Squawkabilly\n|-damage|p1a: Squawkabilly|52/100\n|\n|-status|p1a: Squawkabilly|brn|[from] item: Flame Orb\n|upkeep\n|turn|5\n|inactive|Time left: 300 sec this turn | 300 sec total\n|\n|t:|1783554902\n|switch|p1a: Slaking|Slaking, L84, M|70/100\n|-activate|p1a: Slaking|move: Sticky Web\n|-unboost|p1a: Slaking|spe|1\n|move|p2a: Ribombee|Moonblast|p1a: Slaking\n|-damage|p1a: Slaking|36/100\n|\n|upkeep\n|turn|6\n|inactive|Time left: 300 sec this turn | 300 sec total\n|\n|t:|1783554903\n|move|p2a: Ribombee|Moonblast|p1a: Slaking\n|-damage|p1a: Slaking|4/100\n|move|p1a: Slaking|Knock Off|p2a: Ribombee\n|-supereffective|p2a: Ribombee\n|-damage|p2a: Ribombee|0 fnt\n|-enditem|p2a: Ribombee|Heavy-Duty Boots|[from] move: Knock Off|[of] p1a: Slaking\n|faint|p2a: Ribombee\n|\n|upkeep\n|inactive|Time left: 300 sec this turn | 300 sec total | 5 sec grace\n|\n|t:|1783554904\n|switch|p2a: Falinks|Falinks, L84|246/246\n|turn|7\n|inactive|Time left: 300 sec this turn | 300 sec total\n|\n|t:|1783554905\n|switch|p1a: Gengar|Gengar, L81, F|100/100\n|-activate|p1a: Gengar|move: Sticky Web\n|-unboost|p1a: Gengar|spe|1\n|move|p2a: Falinks|No Retreat|p2a: Falinks\n|-boost|p2a: Falinks|atk|1\n|-boost|p2a: Falinks|def|1\n|-boost|p2a: Falinks|spa|1\n|-boost|p2a: Falinks|spd|1\n|-boost|p2a: Falinks|spe|1\n|-start|p2a: Falinks|move: No Retreat\n|\n|upkeep\n|turn|8\n|inactive|Time left: 300 sec this turn | 300 sec total\n|\n|t:|1783554906\n|switch|p1a: Slaking|Slaking, L84, M|4/100\n|-activate|p1a: Slaking|move: Sticky Web\n|-unboost|p1a: Slaking|spe|1\n|move|p2a: Falinks|Knock Off|p1a: Slaking\n|-damage|p1a: Slaking|0 fnt\n|-enditem|p1a: Slaking|Choice Band|[from] move: Knock Off|[of] p2a: Falinks\n|faint|p1a: Slaking\n|-damage|p2a: Falinks|222/246|[from] item: Life Orb\n|\n|upkeep\n|\n|t:|1783554907\n|switch|p1a: Glaceon|Glaceon, L94, F|100/100\n|turn|9\n|inactive|Time left: 300 sec this turn | 300 sec total\n|\n|t:|1783554908\n|-terastallize|p1a: Glaceon|Ground\n|move|p2a: Falinks|Knock Off|p1a: Glaceon\n|-damage|p1a: Glaceon|63/100\n|-enditem|p1a: Glaceon|Heavy-Duty Boots|[from] move: Knock Off|[of] p2a: Falinks\n|-damage|p2a: Falinks|198/246|[from] item: Life Orb\n|move|p1a: Glaceon|Mud Shot|p2a: Falinks\n|-damage|p2a: Falinks|107/246\n|-unboost|p2a: Falinks|spe|1\n|-ability|p2a: Falinks|Defiant|boost\n|-boost|p2a: Falinks|atk|2\n|\n|upkeep\n|turn|10\n|inactive|Time left: 300 sec this turn | 300 sec total\n|\n|t:|1783554909\n|move|p1a: Glaceon|Freeze-Dry|p2a: Falinks\n|-damage|p2a: Falinks|0 fnt\n|faint|p2a: Falinks\n|\n|upkeep\n|inactive|Time left: 300 sec this turn | 300 sec total | 5 sec grace\n|\n|t:|1783554910\n|switch|p2a: Heracross|Heracross, L80, M|259/259\n|turn|11\n|inactive|Time left: 300 sec this turn | 300 sec total\n|\n|t:|1783554911\n|move|p2a: Heracross|Trailblaze|p1a: Glaceon\n|-supereffective|p1a: Glaceon\n|-damage|p1a: Glaceon|39/100\n|-boost|p2a: Heracross|spe|1\n|move|p1a: Glaceon|Freeze-Dry|p2a: Heracross\n|-damage|p2a: Heracross|136/259\n|\n|-status|p2a: Heracross|brn|[from] item: Flame Orb\n|upkeep\n|turn|12\n|inactive|Time left: 300 sec this turn | 300 sec total\n|\n|t:|1783554912\n|move|p1a: Glaceon|Protect|p1a: Glaceon\n|-singleturn|p1a: Glaceon|Protect\n|move|p2a: Heracross|Facade|p1a: Glaceon\n|-activate|p1a: Glaceon|move: Protect\n|\n|-damage|p2a: Heracross|120/259 brn|[from] brn\n|upkeep\n|turn|13\n|inactive|Time left: 300 sec this turn | 300 sec total\n|\n|t:|1783554913\n|move|p1a: Glaceon|Protect||[still]\n|-fail|p1a: Glaceon\n|move|p2a: Heracross|Facade|p1a: Glaceon\n|-damage|p1a: Glaceon|0 fnt\n|faint|p1a: Glaceon\n|\n|-damage|p2a: Heracross|104/259 brn|[from] brn\n|upkeep\n|\n|t:|1783554914\n|switch|p1a: Umbreon|Umbreon, L84, F|100/100\n|-activate|p1a: Umbreon|move: Sticky Web\n|-unboost|p1a: Umbreon|spe|1\n|turn|14\n|inactive|Time left: 300 sec this turn | 300 sec total\n|\n|t:|1783554915\n|move|p2a: Heracross|Close Combat|p1a: Umbreon\n|-supereffective|p1a: Umbreon\n|-damage|p1a: Umbreon|0 fnt\n|-unboost|p2a: Heracross|def|1\n|-unboost|p2a: Heracross|spd|1\n|faint|p1a: Umbreon\n|\n|-damage|p2a: Heracross|88/259 brn|[from] brn\n|upkeep\n|\n|t:|1783554916\n|switch|p1a: Squawkabilly|Squawkabilly-Blue, L85, F|52/100 brn\n|turn|15\n|inactive|Time left: 300 sec this turn | 300 sec total\n|\n|t:|1783554917\n|move|p1a: Squawkabilly|Quick Attack|p2a: Heracross\n|-damage|p2a: Heracross|0 fnt\n|faint|p2a: Heracross\n|\n|-damage|p1a: Squawkabilly|45/100 brn|[from] brn\n|upkeep\n|inactive|Time left: 300 sec this turn | 300 sec total | 5 sec grace\n|\n|t:|1783554918\n|switch|p2a: Iron Moth|Iron Moth, L78|253/253\n|turn|16\n|inactive|Time left: 300 sec this turn | 300 sec total\n|\n|t:|1783554919\n|switch|p1a: Gengar|Gengar, L81, F|100/100\n|-activate|p1a: Gengar|move: Sticky Web\n|-unboost|p1a: Gengar|spe|1\n|move|p2a: Iron Moth|Fire Blast|p1a: Gengar|[miss]\n|-miss|p2a: Iron Moth|p1a: Gengar\n|\n|upkeep\n|turn|17\n|inactive|Time left: 300 sec this turn | 300 sec total\n|\n|t:|1783554920\n|move|p2a: Iron Moth|Fire Blast|p1a: Gengar\n|-damage|p1a: Gengar|0 fnt\n|faint|p1a: Gengar\n|\n|upkeep\n|\n|t:|1783554921\n|switch|p1a: Illumise|Illumise, L91, F|100/100\n|turn|18\n|inactive|Time left: 300 sec this turn | 300 sec total\n|\n|t:|1783554922\n|move|p1a: Illumise|Thunder Wave|p2a: Iron Moth\n|-status|p2a: Iron Moth|par\n|cant|p2a: Iron Moth|par\n|\n|upkeep\n|turn|19\n|inactive|Time left: 300 sec this turn | 300 sec total\n|\n|t:|1783554923\n|switch|p1a: Squawkabilly|Squawkabilly-Blue, L85, F|45/100 brn\n|move|p2a: Iron Moth|Fire Blast|p1a: Squawkabilly\n|-damage|p1a: Squawkabilly|0 fnt\n|faint|p1a: Squawkabilly\n|\n|upkeep\n|\n|t:|1783554924\n|switch|p1a: Illumise|Illumise, L91, F|100/100\n|turn|20\n|inactive|Time left: 300 sec this turn | 300 sec total\n|\n|t:|1783554925\n|move|p1a: Illumise|Roost||[still]\n|-fail|p1a: Illumise|heal\n|cant|p2a: Iron Moth|par\n|\n|upkeep\n|turn|21\n|inactive|Time left: 300 sec this turn | 300 sec total\n|\n|t:|1783554926\n|move|p1a: Illumise|Bug Buzz|p2a: Iron Moth\n|-resisted|p2a: Iron Moth\n|-crit|p2a: Iron Moth\n|-damage|p2a: Iron Moth|225/253 par\n|move|p2a: Iron Moth|Fire Blast|p1a: Illumise\n|-supereffective|p1a: Illumise\n|-damage|p1a: Illumise|0 fnt\n|faint|p1a: Illumise\n|\n|win|p0y13575dd1", "uploadtime": 1783554926, "views": 0, "rating": 0, "private": 0, "password": null, "_winner": "p0y13575dd1", "_our_name": "p0y13575dd1"}