{"id": "battle-gen9randombattle-576", "formatid": "gen9randombattle", "format": "[Gen 9] Random Battle", "players": ["p0x576f26c", "p0y57679f6"], "log": "|init|battle\n|title|p0x576f26c vs. p0y57679f6\n|j|\u2606p0x576f26c\n|j|\u2606p0y57679f6\n|t:|1783545759\n|gametype|singles\n|player|p1|p0x576f26c|170|\n|player|p2|p0y57679f6|266|\n|gen|9\n|tier|[Gen 9] Random Battle\n|rule|Species Clause: Limit one of each Pok\u00e9mon\n|rule|HP Percentage Mod: HP is shown in percentages\n|rule|Sleep Clause Mod: Limit one foe put to sleep\n|rule|Illusion Level Mod: Illusion disguises the Pok\u00e9mon's true level\n|\n|t:|1783545759\n|teamsize|p1|6\n|teamsize|p2|6\n|start\n|switch|p1a: Dialga|Dialga-Origin, L73|100/100\n|switch|p2a: Snorlax|Snorlax, L82, F|397/397\n|-ability|p1a: Dialga|Pressure\n|turn|1\n|inactive|Battle timer is ON: inactive players will automatically lose when time's up. (requested by p0x576f26c)\n|inactive|Time left: 300 sec this turn | 300 sec total | 60 sec grace\n|inactive|p0y57679f6 also wants the timer to be on.\n|\n|t:|1783545761\n|move|p1a: Dialga|Stealth Rock|p2a: Snorlax\n|-sidestart|p2: p0y57679f6|move: Stealth Rock\n|move|p2a: Snorlax|Body Slam|p1a: Dialga\n|-resisted|p1a: Dialga\n|-damage|p1a: Dialga|83/100\n|\n|upkeep\n|turn|2\n|inactive|Time left: 300 sec this turn | 300 sec total\n|\n|t:|1783545763\n|move|p1a: Dialga|Flash Cannon|p2a: Snorlax\n|-damage|p2a: Snorlax|295/397\n|move|p2a: Snorlax|Body Slam|p1a: Dialga\n|-resisted|p1a: Dialga\n|-damage|p1a: Dialga|67/100\n|\n|-heal|p2a: Snorlax|319/397|[from] item: Leftovers\n|upkeep\n|turn|3\n|inactive|Time left: 300 sec this turn | 300 sec total\n|\n|t:|1783545764\n|move|p1a: Dialga|Flash Cannon|p2a: Snorlax\n|-damage|p2a: Snorlax|225/397\n|move|p2a: Snorlax|Body Slam|p1a: Dialga\n|-resisted|p1a: Dialga\n|-damage|p1a: Dialga|52/100\n|\n|-heal|p2a: Snorlax|249/397|[from] item: Leftovers\n|upkeep\n|turn|4\n|inactive|Time left: 300 sec this turn | 300 sec total\n|\n|t:|1783545765\n|move|p1a: Dialga|Flash Cannon|p2a: Snorlax\n|-damage|p2a: Snorlax|155/397\n|-unboost|p2a: Snorlax|spd|1\n|move|p2a: Snorlax|Body Slam|p1a: Dialga\n|-resisted|p1a: Dialga\n|-damage|p1a: Dialga|35/100\n|\n|-heal|p2a: Snorlax|179/397|[from] item: Leftovers\n|upkeep\n|turn|5\n|inactive|Time left: 300 sec this turn | 300 sec total\n|\n|t:|1783545766\n|move|p1a: Dialga|Flash Cannon|p2a: Snorlax\n|-damage|p2a: Snorlax|31/397\n|move|p2a: Snorlax|Rest|p2a: Snorlax\n|-status|p2a: Snorlax|slp|[from] move: Rest\n|-heal|p2a: Snorlax|397/397 slp|[silent]\n|\n|upkeep\n|turn|6\n|inactive|Time left: 300 sec this turn | 300 sec total\n|\n|t:|1783545767\n|switch|p2a: Quaquaval|Quaquaval, L79, F|264/264\n|-damage|p2a: Quaquaval|248/264|[from] Stealth Rock\n|move|p1a: Dialga|Flash Cannon|p2a: Quaquaval\n|-resisted|p2a: Quaquaval\n|-damage|p2a: Quaquaval|182/264\n|\n|upkeep\n|turn|7\n|inactive|Time left: 300 sec this turn | 300 sec total\n|\n|t:|1783545768\n|switch|p1a: Granbull|Granbull, L88, F|100/100\n|-ability|p1a: Granbull|Intimidate|boost\n|-unboost|p2a: Quaquaval|atk|1\n|move|p2a: Quaquaval|Close Combat|p1a: Granbull\n|-resisted|p1a: Granbull\n|-damage|p1a: Granbull|79/100\n|-unboost|p2a: Quaquaval|def|1\n|-unboost|p2a: Quaquaval|spd|1\n|-damage|p2a: Quaquaval|156/264|[from] item: Life Orb\n|\n|-heal|p1a: Granbull|85/100|[from] item: Leftovers\n|upkeep\n|turn|8\n|inactive|Time left: 300 sec this turn | 300 sec total\n|\n|t:|1783545769\n|switch|p2a: Ursaluna|Ursaluna-Bloodmoon, L79, M|308/308\n|-damage|p2a: Ursaluna|289/308|[from] Stealth Rock\n|move|p1a: Granbull|Play Rough|p2a: Ursaluna\n|-damage|p2a: Ursaluna|186/308\n|\n|-heal|p1a: Granbull|91/100|[from] item: Leftovers\n|-heal|p2a: Ursaluna|205/308|[from] item: Leftovers\n|upkeep\n|turn|9\n|inactive|Time left: 300 sec this turn | 300 sec total\n|\n|t:|1783545770\n|move|p1a: Granbull|Earthquake|p2a: Ursaluna\n|-damage|p2a: Ursaluna|123/308\n|move|p2a: Ursaluna|Blood Moon|p1a: Granbull\n|-damage|p1a: Granbull|21/100\n|\n|-heal|p1a: Granbull|27/100|[from] item: Leftovers\n|-heal|p2a: Ursaluna|142/308|[from] item: Leftovers\n|upkeep\n|turn|10\n|inactive|Time left: 300 sec this turn | 300 sec total\n|\n|t:|1783545772\n|move|p1a: Granbull|Play Rough|p2a: Ursaluna\n|-damage|p2a: Ursaluna|34/308\n|move|p2a: Ursaluna|Earth Power|p1a: Granbull\n|-damage|p1a: Granbull|0 fnt\n|faint|p1a: Granbull\n|\n|-heal|p2a: Ursaluna|53/308|[from] item: Leftovers\n|upkeep\n|\n|t:|1783545773\n|switch|p1a: Venomoth|Venomoth, L84, M|100/100\n|turn|11\n|inactive|Time left: 300 sec this turn | 300 sec total\n|\n|t:|1783545774\n|move|p1a: Venomoth|Sludge Wave|p2a: Ursaluna\n|-resisted|p2a: Ursaluna\n|-damage|p2a: Ursaluna|0 fnt\n|faint|p2a: Ursaluna\n|\n|upkeep\n|inactive|Time left: 300 sec this turn | 300 sec total | 5 sec grace\n|\n|t:|1783545774\n|switch|p2a: Weavile|Weavile, L79, F|239/239\n|-damage|p2a: Weavile|180/239|[from] Stealth Rock\n|turn|12\n|inactive|Time left: 300 sec this turn | 300 sec total\n|\n|t:|1783545775\n|-terastallize|p1a: Venomoth|Water\n|move|p2a: Weavile|Triple Axel|p1a: Venomoth\n|-resisted|p1a: Venomoth\n|-damage|p1a: Venomoth|92/100\n|-resisted|p1a: Venomoth\n|-damage|p1a: Venomoth|74/100\n|-resisted|p1a: Venomoth\n|-damage|p1a: Venomoth|50/100\n|-hitcount|p1a: Venomoth|3\n|move|p1a: Venomoth|Bug Buzz|p2a: Weavile\n|-supereffective|p2a: Weavile\n|-damage|p2a: Weavile|0 fnt\n|faint|p2a: Weavile\n|\n|upkeep\n|inactive|Time left: 300 sec this turn | 300 sec total | 5 sec grace\n|\n|t:|1783545776\n|switch|p2a: Munkidori|Munkidori, L79, M|269/269\n|-damage|p2a: Munkidori|236/269|[from] Stealth Rock\n|turn|13\n|inactive|Time left: 300 sec this turn | 300 sec total\n|\n|t:|1783545777\n|switch|p1a: Wyrdeer|Wyrdeer, L87, M|100/100\n|-ability|p1a: Wyrdeer|Intimidate|boost\n|-unboost|p2a: Munkidori|atk|1\n|move|p2a: Munkidori|Psyshock|p1a: Wyrdeer\n|-resisted|p1a: Wyrdeer\n|-damage|p1a: Wyrdeer|79/100\n|-status|p1a: Wyrdeer|tox|[from] ability: Toxic Chain|[of] p2a: Munkidori\n|-damage|p2a: Munkidori|210/269|[from] item: Life Orb\n|\n|-heal|p1a: Wyrdeer|86/100 tox|[from] item: Leftovers\n|-damage|p1a: Wyrdeer|79/100 tox|[from] psn\n|upkeep\n|turn|14\n|inactive|Time left: 300 sec this turn | 300 sec total\n|\n|t:|1783545778\n|switch|p2a: Iron Leaves|Iron Leaves, L80|275/275\n|-damage|p2a: Iron Leaves|241/275|[from] Stealth Rock\n|move|p1a: Wyrdeer|Earthquake|p2a: Iron Leaves\n|-resisted|p2a: Iron Leaves\n|-damage|p2a: Iron Leaves|201/275\n|\n|-heal|p1a: Wyrdeer|86/100 tox|[from] item: Leftovers\n|-damage|p1a: Wyrdeer|73/100 tox|[from] psn\n|upkeep\n|turn|15\n|inactive|Time left: 300 sec this turn | 300 sec total\n|\n|t:|1783545779\n|switch|p1a: Scyther|Scyther, L82, M|100/100\n|move|p2a: Iron Leaves|Swords Dance|p2a: Iron Leaves\n|-boost|p2a: Iron Leaves|atk|2\n|\n|upkeep\n|turn|16\n|inactive|Time left: 300 sec this turn | 300 sec total\n|\n|t:|1783545780\n|move|p1a: Scyther|Dual Wingbeat|p2a: Iron Leaves\n|-supereffective|p2a: Iron Leaves\n|-damage|p2a: Iron Leaves|57/275\n|-supereffective|p2a: Iron Leaves\n|-damage|p2a: Iron Leaves|0 fnt\n|faint|p2a: Iron Leaves\n|-end|p2a: Iron Leaves|Quark Drive|[silent]\n|-hitcount|p2: Iron Leaves|2\n|\n|upkeep\n|inactive|Time left: 300 sec this turn | 300 sec total | 5 sec grace\n|\n|t:|1783545781\n|switch|p2a: Munkidori|Munkidori, L79, M|210/269\n|-damage|p2a: Munkidori|177/269|[from] Stealth Rock\n|turn|17\n|inactive|Time left: 300 sec this turn | 300 sec total\n|\n|t:|1783545782\n|move|p1a: Scyther|Dual Wingbeat|p2a: Munkidori\n|-damage|p2a: Munkidori|87/269\n|-damage|p2a: Munkidori|0 fnt\n|faint|p2a: Munkidori\n|-hitcount|p2: Munkidori|2\n|\n|upkeep\n|inactive|Time left: 300 sec this turn | 300 sec total | 5 sec grace\n|\n|t:|1783545783\n|switch|p2a: Snorlax|Snorlax, L82, F|397/397 slp\n|-damage|p2a: Snorlax|348/397 slp|[from] Stealth Rock\n|turn|18\n|inactive|Time left: 300 sec this turn | 300 sec total\n|\n|t:|1783545784\n|move|p1a: Scyther|Dual Wingbeat|p2a: Snorlax\n|-damage|p2a: Snorlax|269/397 slp\n|-damage|p2a: Snorlax|182/397 slp\n|-hitcount|p2a: Snorlax|2\n|cant|p2a: Snorlax|slp\n|move|p2a: Snorlax|Sleep Talk|p2a: Snorlax\n|move|p2a: Snorlax|Curse|p2a: Snorlax|[from] move: Sleep Talk\n|-unboost|p2a: Snorlax|spe|1\n|-boost|p2a: Snorlax|atk|1\n|-boost|p2a: Snorlax|def|1\n|\n|-heal|p2a: Snorlax|206/397 slp|[from] item: Leftovers\n|upkeep\n|turn|19\n|inactive|Time left: 300 sec this turn | 300 sec total\n|\n|t:|1783545785\n|move|p1a: Scyther|Dual Wingbeat|p2a: Snorlax\n|-damage|p2a: Snorlax|146/397 slp\n|-damage|p2a: Snorlax|92/397 slp\n|-hitcount|p2a: Snorlax|2\n|cant|p2a: Snorlax|slp\n|move|p2a: Snorlax|Sleep Talk|p2a: Snorlax\n|move|p2a: Snorlax|Body Slam|p1a: Scyther|[from] move: Sleep Talk\n|-damage|p1a: Scyther|34/100\n|-status|p1a: Scyther|par\n|\n|-heal|p2a: Snorlax|116/397 slp|[from] item: Leftovers\n|upkeep\n|turn|20\n|inactive|Time left: 300 sec this turn | 300 sec total\n|\n|t:|1783545786\n|move|p1a: Scyther|Close Combat|p2a: Snorlax\n|-supereffective|p2a: Snorlax\n|-damage|p2a: Snorlax|0 fnt\n|-unboost|p1a: Scyther|def|1\n|-unboost|p1a: Scyther|spd|1\n|faint|p2a: Snorlax\n|\n|upkeep\n|inactive|Time left: 300 sec this turn | 300 sec total | 5 sec grace\n|\n|t:|1783545786\n|switch|p2a: Quaquaval|Quaquaval, L79, F|156/264\n|-damage|p2a: Quaquaval|140/264|[from] Stealth Rock\n|turn|21\n|inactive|Time left: 300 sec this turn | 300 sec total\n|\n|t:|1783545787\n|move|p2a: Quaquaval|Swords Dance|p2a: Quaquaval\n|-boost|p2a: Quaquaval|atk|2\n|move|p1a: Scyther|Dual Wingbeat|p2a: Quaquaval|[miss]\n|-miss|p1a: Scyther|p2a: Quaquaval\n|\n|upkeep\n|turn|22\n|inactive|Time left: 300 sec this turn | 300 sec total\n|\n|t:|1783545788\n|switch|p1a: Corviknight|Corviknight, L80, F|100/100\n|-ability|p1a: Corviknight|Pressure\n|move|p2a: Quaquaval|Aqua Step|p1a: Corviknight\n|-damage|p1a: Corviknight|28/100\n|-boost|p2a: Quaquaval|spe|1\n|-damage|p2a: Quaquaval|96/264|[from] item: Rocky Helmet|[of] p1a: Corviknight\n|-damage|p2a: Quaquaval|70/264|[from] item: Life Orb\n|\n|upkeep\n|turn|23\n|inactive|Time left: 300 sec this turn | 300 sec total\n|\n|t:|1783545790\n|move|p2a: Quaquaval|Knock Off|p1a: Corviknight\n|-damage|p1a: Corviknight|0 fnt\n|-damage|p2a: Quaquaval|26/264|[from] item: Rocky Helmet|[of] p1a: Corviknight\n|-enditem|p1a: Corviknight|Rocky Helmet|[from] move: Knock Off|[of] p2a: Quaquaval\n|faint|p1a: Corviknight\n|-ability|p2a: Quaquaval|Moxie|boost\n|-boost|p2a: Quaquaval|atk|1\n|-damage|p2a: Quaquaval|0 fnt|[from] item: Life Orb\n|faint|p2a: Quaquaval\n|\n|win|p0x576f26c", "uploadtime": 1783545790, "views": 0, "rating": 0, "private": 0, "password": null, "_winner": "p0x576f26c", "_our_name": "p0y57679f6"}