{"id": "battle-gen9randombattle-328", "formatid": "gen9randombattle", "format": "[Gen 9] Random Battle", "players": ["p0x32808ac", "p0y3281355"], "log": "|init|battle\n|title|p0x32808ac vs. p0y3281355\n|j|\u2606p0x32808ac\n|j|\u2606p0y3281355\n|t:|1783542894\n|gametype|singles\n|player|p1|p0x32808ac|169|\n|player|p2|p0y3281355|169|\n|gen|9\n|tier|[Gen 9] Random Battle\n|rule|Species Clause: Limit one of each Pok\u00e9mon\n|rule|HP Percentage Mod: HP is shown in percentages\n|rule|Sleep Clause Mod: Limit one foe put to sleep\n|rule|Illusion Level Mod: Illusion disguises the Pok\u00e9mon's true level\n|\n|t:|1783542894\n|teamsize|p1|6\n|teamsize|p2|6\n|start\n|switch|p1a: Greedent|Greedent, L86, M|100/100\n|switch|p2a: Umbreon|Umbreon, L84, F|297/297\n|turn|1\n|inactive|Battle timer is ON: inactive players will automatically lose when time's up. (requested by p0y3281355)\n|inactive|p0x32808ac also wants the timer to be on.\n|\n|t:|1783542895\n|move|p2a: Umbreon|Toxic|p1a: Greedent\n|-status|p1a: Greedent|tox\n|move|p1a: Greedent|Swords Dance|p1a: Greedent\n|-boost|p1a: Greedent|atk|2\n|\n|-damage|p1a: Greedent|94/100 tox|[from] psn\n|upkeep\n|turn|2\n|inactive|Time left: 300 sec this turn | 300 sec total\n|\n|t:|1783542896\n|move|p2a: Umbreon|Foul Play|p1a: Greedent\n|-damage|p1a: Greedent|44/100 tox\n|-enditem|p1a: Greedent|Sitrus Berry|[eat]\n|-heal|p1a: Greedent|69/100 tox|[from] item: Sitrus Berry\n|-heal|p1a: Greedent|100/100 tox|[from] ability: Cheek Pouch\n|move|p1a: Greedent|Body Slam|p2a: Umbreon\n|-damage|p2a: Umbreon|131/297\n|\n|-heal|p2a: Umbreon|149/297|[from] item: Leftovers\n|-damage|p1a: Greedent|88/100 tox|[from] psn\n|upkeep\n|turn|3\n|inactive|Time left: 300 sec this turn | 300 sec total\n|\n|t:|1783542897\n|move|p2a: Umbreon|Foul Play|p1a: Greedent\n|-damage|p1a: Greedent|37/100 tox\n|move|p1a: Greedent|Body Slam|p2a: Umbreon\n|-crit|p2a: Umbreon\n|-damage|p2a: Umbreon|0 fnt\n|faint|p2a: Umbreon\n|\n|-damage|p1a: Greedent|18/100 tox|[from] psn\n|upkeep\n|inactive|Time left: 300 sec this turn | 300 sec total | 5 sec grace\n|\n|t:|1783542898\n|switch|p2a: Breloom|Breloom, L83, F|235/235\n|turn|4\n|inactive|Time left: 300 sec this turn | 300 sec total\n|\n|t:|1783542898\n|move|p2a: Breloom|Bullet Seed|p1a: Greedent\n|-damage|p1a: Greedent|2/100 tox\n|-damage|p1a: Greedent|0 fnt\n|faint|p1a: Greedent\n|-hitcount|p1: Greedent|2\n|-damage|p2a: Breloom|212/235|[from] item: Life Orb\n|\n|upkeep\n|\n|t:|1783542899\n|switch|p1a: Venomoth|Venomoth, L84, M|100/100\n|turn|5\n|inactive|Time left: 300 sec this turn | 300 sec total\n|\n|t:|1783542900\n|-terastallize|p2a: Breloom|Fighting\n|move|p1a: Venomoth|Sludge Wave|p2a: Breloom\n|-damage|p2a: Breloom|80/235\n|move|p2a: Breloom|Rock Tomb|p1a: Venomoth\n|-supereffective|p1a: Venomoth\n|-damage|p1a: Venomoth|0 fnt\n|faint|p1a: Venomoth\n|-damage|p2a: Breloom|57/235|[from] item: Life Orb\n|\n|upkeep\n|\n|t:|1783542901\n|switch|p1a: Milotic|Milotic, L83, F|100/100\n|turn|6\n|inactive|Time left: 300 sec this turn | 300 sec total\n|\n|t:|1783542902\n|switch|p2a: Lapras|Lapras, L87, F|368/368\n|move|p1a: Milotic|Scald|p2a: Lapras\n|-immune|p2a: Lapras|[from] ability: Water Absorb\n|\n|upkeep\n|turn|7\n|inactive|Time left: 300 sec this turn | 300 sec total\n|\n|t:|1783542902\n|move|p1a: Milotic|Scald|p2a: Lapras\n|-immune|p2a: Lapras|[from] ability: Water Absorb\n|move|p2a: Lapras|Freeze-Dry|p1a: Milotic\n|-supereffective|p1a: Milotic\n|-damage|p1a: Milotic|65/100\n|\n|-heal|p1a: Milotic|71/100|[from] item: Leftovers\n|upkeep\n|turn|8\n|inactive|Time left: 300 sec this turn | 300 sec total\n|\n|t:|1783542903\n|switch|p1a: Scream Tail|Scream Tail, L84|100/100\n|move|p2a: Lapras|Freeze-Dry|p1a: Scream Tail\n|-crit|p1a: Scream Tail\n|-damage|p1a: Scream Tail|75/100\n|\n|-heal|p1a: Scream Tail|81/100|[from] item: Leftovers\n|upkeep\n|turn|9\n|inactive|Time left: 300 sec this turn | 300 sec total\n|\n|t:|1783542904\n|move|p1a: Scream Tail|Dazzling Gleam|p2a: Lapras\n|-damage|p2a: Lapras|310/368\n|move|p2a: Lapras|Freeze-Dry|p1a: Scream Tail\n|-damage|p1a: Scream Tail|62/100\n|\n|-heal|p1a: Scream Tail|68/100|[from] item: Leftovers\n|upkeep\n|turn|10\n|inactive|Time left: 300 sec this turn | 300 sec total\n|\n|t:|1783542905\n|move|p1a: Scream Tail|Thunder Wave|p2a: Lapras\n|-status|p2a: Lapras|par\n|move|p2a: Lapras|Freeze-Dry|p1a: Scream Tail\n|-damage|p1a: Scream Tail|51/100\n|\n|-heal|p1a: Scream Tail|57/100|[from] item: Leftovers\n|upkeep\n|turn|11\n|inactive|Time left: 300 sec this turn | 300 sec total\n|\n|t:|1783542906\n|move|p1a: Scream Tail|Wish|p1a: Scream Tail\n|move|p2a: Lapras|Freeze-Dry|p1a: Scream Tail\n|-damage|p1a: Scream Tail|38/100\n|\n|-heal|p1a: Scream Tail|44/100|[from] item: Leftovers\n|upkeep\n|turn|12\n|inactive|Time left: 300 sec this turn | 300 sec total\n|\n|t:|1783542907\n|switch|p2a: Polteageist|Polteageist-Antique, L78|222/222\n|move|p1a: Scream Tail|Dazzling Gleam|p2a: Polteageist\n|-damage|p2a: Polteageist|165/222\n|\n|-heal|p1a: Scream Tail|94/100|[from] move: Wish|[wisher] Scream Tail\n|-heal|p1a: Scream Tail|99/100|[from] item: Leftovers\n|upkeep\n|turn|13\n|inactive|Time left: 300 sec this turn | 300 sec total\n|\n|t:|1783542908\n|-end|p1a: Scream Tail|Protosynthesis|[silent]\n|switch|p1a: Milotic|Milotic, L83, F|71/100\n|move|p2a: Polteageist|Shell Smash|p2a: Polteageist\n|-unboost|p2a: Polteageist|def|1\n|-unboost|p2a: Polteageist|spd|1\n|-boost|p2a: Polteageist|atk|2\n|-boost|p2a: Polteageist|spa|2\n|-boost|p2a: Polteageist|spe|2\n|-enditem|p2a: Polteageist|White Herb\n|-clearnegativeboost|p2a: Polteageist|[silent]\n|\n|-heal|p1a: Milotic|77/100|[from] item: Leftovers\n|upkeep\n|turn|14\n|inactive|Time left: 300 sec this turn | 300 sec total\n|\n|t:|1783542909\n|move|p2a: Polteageist|Stored Power|p1a: Milotic\n|-damage|p1a: Milotic|17/100\n|move|p1a: Milotic|Dragon Tail|p2a: Polteageist\n|-damage|p2a: Polteageist|128/222\n|drag|p2a: Breloom|Breloom, L83, F, tera:Fighting|57/235\n|\n|-heal|p1a: Milotic|23/100|[from] item: Leftovers\n|upkeep\n|turn|15\n|inactive|Time left: 300 sec this turn | 300 sec total\n|\n|t:|1783542910\n|switch|p1a: Scream Tail|Scream Tail, L84|99/100\n|move|p2a: Breloom|Mach Punch|p1a: Scream Tail\n|-resisted|p1a: Scream Tail\n|-damage|p1a: Scream Tail|90/100\n|-damage|p2a: Breloom|34/235|[from] item: Life Orb\n|\n|-heal|p1a: Scream Tail|96/100|[from] item: Leftovers\n|upkeep\n|turn|16\n|inactive|Time left: 300 sec this turn | 300 sec total\n|\n|t:|1783542911\n|switch|p2a: Rotom|Rotom-Mow, L87|229/229\n|move|p1a: Scream Tail|Dazzling Gleam|p2a: Rotom\n|-damage|p2a: Rotom|177/229\n|\n|-heal|p1a: Scream Tail|100/100|[from] item: Leftovers\n|-heal|p2a: Rotom|191/229|[from] item: Leftovers\n|upkeep\n|turn|17\n|inactive|Time left: 300 sec this turn | 300 sec total\n|\n|t:|1783542913\n|-end|p1a: Scream Tail|Protosynthesis|[silent]\n|switch|p1a: Pyroar|Pyroar, L88, M|100/100\n|-ability|p1a: Pyroar|Unnerve\n|move|p2a: Rotom|Nasty Plot|p2a: Rotom\n|-boost|p2a: Rotom|spa|2\n|\n|-heal|p2a: Rotom|205/229|[from] item: Leftovers\n|upkeep\n|turn|18\n|inactive|Time left: 300 sec this turn | 300 sec total\n|\n|t:|1783542914\n|switch|p2a: Samurott|Samurott, L88, F|310/310\n|move|p1a: Pyroar|Fire Blast|p2a: Samurott\n|-resisted|p2a: Samurott\n|-damage|p2a: Samurott|255/310\n|\n|upkeep\n|turn|19\n|inactive|Time left: 300 sec this turn | 300 sec total\n|\n|t:|1783542915\n|switch|p1a: Lumineon|Lumineon, L93, M|100/100\n|move|p2a: Samurott|Hydro Pump|p1a: Lumineon\n|-ability|p1a: Lumineon|Storm Drain|boost\n|-boost|p1a: Lumineon|spa|1\n|\n|upkeep\n|turn|20\n|inactive|Time left: 300 sec this turn | 300 sec total\n|\n|t:|1783542916\n|move|p1a: Lumineon|Encore|p2a: Samurott\n|-start|p2a: Samurott|Encore\n|move|p2a: Samurott|Hydro Pump|p1a: Lumineon\n|-ability|p1a: Lumineon|Storm Drain|boost\n|-boost|p1a: Lumineon|spa|1\n|\n|upkeep\n|turn|21\n|inactive|Time left: 300 sec this turn | 300 sec total\n|\n|t:|1783542917\n|switch|p2a: Lapras|Lapras, L87, F|310/368 par\n|move|p1a: Lumineon|Alluring Voice|p2a: Lapras\n|-damage|p2a: Lapras|176/368 par\n|-damage|p1a: Lumineon|91/100|[from] item: Life Orb\n|\n|upkeep\n|turn|22\n|inactive|Time left: 300 sec this turn | 300 sec total\n|\n|t:|1783542918\n|move|p1a: Lumineon|Alluring Voice|p2a: Lapras\n|-crit|p2a: Lapras\n|-damage|p2a: Lapras|0 fnt\n|faint|p2a: Lapras\n|-damage|p1a: Lumineon|81/100|[from] item: Life Orb\n|\n|upkeep\n|inactive|Time left: 300 sec this turn | 300 sec total | 5 sec grace\n|\n|t:|1783542919\n|switch|p2a: Breloom|Breloom, L83, F, tera:Fighting|34/235\n|turn|23\n|inactive|Time left: 300 sec this turn | 300 sec total\n|\n|t:|1783542920\n|move|p2a: Breloom|Mach Punch|p1a: Lumineon\n|-damage|p1a: Lumineon|36/100\n|-damage|p2a: Breloom|11/235|[from] item: Life Orb\n|move|p1a: Lumineon|Ice Beam|p2a: Breloom\n|-damage|p2a: Breloom|0 fnt\n|faint|p2a: Breloom\n|-damage|p1a: Lumineon|26/100|[from] item: Life Orb\n|\n|upkeep\n|inactive|Time left: 300 sec this turn | 300 sec total | 5 sec grace\n|\n|t:|1783542921\n|switch|p2a: Samurott|Samurott, L88, F|255/310\n|turn|24\n|inactive|Time left: 300 sec this turn | 300 sec total\n|\n|t:|1783542922\n|move|p1a: Lumineon|Alluring Voice|p2a: Samurott\n|-damage|p2a: Samurott|147/310\n|-damage|p1a: Lumineon|16/100|[from] item: Life Orb\n|move|p2a: Samurott|Knock Off|p1a: Lumineon\n|-damage|p1a: Lumineon|0 fnt\n|-enditem|p1a: Lumineon|Life Orb|[from] move: Knock Off|[of] p2a: Samurott\n|faint|p1a: Lumineon\n|\n|upkeep\n|\n|t:|1783542924\n|switch|p1a: Milotic|Milotic, L83, F|23/100\n|turn|25\n|inactive|Time left: 300 sec this turn | 300 sec total\n|\n|t:|1783542925\n|move|p1a: Milotic|Recover|p1a: Milotic\n|-heal|p1a: Milotic|73/100\n|move|p2a: Samurott|Knock Off|p1a: Milotic\n|-damage|p1a: Milotic|46/100\n|-enditem|p1a: Milotic|Leftovers|[from] move: Knock Off|[of] p2a: Samurott\n|\n|upkeep\n|turn|26\n|inactive|Time left: 300 sec this turn | 300 sec total\n|\n|t:|1783542926\n|move|p1a: Milotic|Recover|p1a: Milotic\n|-heal|p1a: Milotic|96/100\n|move|p2a: Samurott|Grass Knot|p1a: Milotic\n|-supereffective|p1a: Milotic\n|-damage|p1a: Milotic|52/100\n|\n|upkeep\n|turn|27\n|inactive|Time left: 300 sec this turn | 300 sec total\n|\n|t:|1783542928\n|move|p1a: Milotic|Recover|p1a: Milotic\n|-heal|p1a: Milotic|100/100\n|move|p2a: Samurott|Grass Knot|p1a: Milotic\n|-supereffective|p1a: Milotic\n|-damage|p1a: Milotic|57/100\n|\n|upkeep\n|turn|28\n|inactive|Time left: 300 sec this turn | 300 sec total\n|\n|t:|1783542929\n|move|p1a: Milotic|Recover|p1a: Milotic\n|-heal|p1a: Milotic|100/100\n|move|p2a: Samurott|Grass Knot|p1a: Milotic\n|-supereffective|p1a: Milotic\n|-damage|p1a: Milotic|57/100\n|\n|upkeep\n|turn|29\n|inactive|Time left: 300 sec this turn | 300 sec total\n|\n|t:|1783542931\n|move|p1a: Milotic|Recover|p1a: Milotic\n|-heal|p1a: Milotic|100/100\n|move|p2a: Samurott|Grass Knot|p1a: Milotic\n|-supereffective|p1a: Milotic\n|-damage|p1a: Milotic|52/100\n|\n|upkeep\n|turn|30\n|inactive|Time left: 300 sec this turn | 300 sec total\n|\n|t:|1783542932\n|move|p1a: Milotic|Recover|p1a: Milotic\n|-heal|p1a: Milotic|100/100\n|move|p2a: Samurott|Grass Knot|p1a: Milotic\n|-supereffective|p1a: Milotic\n|-damage|p1a: Milotic|56/100\n|\n|upkeep\n|turn|31\n|inactive|Time left: 300 sec this turn | 300 sec total\n|\n|t:|1783542933\n|move|p1a: Milotic|Recover|p1a: Milotic\n|-heal|p1a: Milotic|100/100\n|move|p2a: Samurott|Grass Knot|p1a: Milotic\n|-supereffective|p1a: Milotic\n|-damage|p1a: Milotic|56/100\n|\n|upkeep\n|turn|32\n|inactive|Time left: 300 sec this turn | 300 sec total\n|\n|t:|1783542935\n|move|p1a: Milotic|Recover|p1a: Milotic\n|-heal|p1a: Milotic|100/100\n|move|p2a: Samurott|Grass Knot|p1a: Milotic\n|-supereffective|p1a: Milotic\n|-damage|p1a: Milotic|57/100\n|\n|upkeep\n|turn|33\n|inactive|Time left: 300 sec this turn | 300 sec total\n|\n|t:|1783542936\n|move|p1a: Milotic|Scald|p2a: Samurott\n|-resisted|p2a: Samurott\n|-damage|p2a: Samurott|114/310\n|-status|p2a: Samurott|brn\n|move|p2a: Samurott|Grass Knot|p1a: Milotic\n|-supereffective|p1a: Milotic\n|-damage|p1a: Milotic|14/100\n|\n|-damage|p2a: Samurott|95/310 brn|[from] brn\n|upkeep\n|turn|34\n|inactive|Time left: 300 sec this turn | 300 sec total\n|\n|t:|1783542937\n|move|p1a: Milotic|Scald|p2a: Samurott\n|-resisted|p2a: Samurott\n|-damage|p2a: Samurott|64/310 brn\n|move|p2a: Samurott|Hydro Pump|p1a: Milotic\n|-resisted|p1a: Milotic\n|-damage|p1a: Milotic|0 fnt\n|faint|p1a: Milotic\n|\n|-damage|p2a: Samurott|45/310 brn|[from] brn\n|upkeep\n|\n|t:|1783542939\n|switch|p1a: Pyroar|Pyroar, L88, M|100/100\n|-ability|p1a: Pyroar|Unnerve\n|turn|35\n|inactive|Time left: 300 sec this turn | 300 sec total\n|\n|t:|1783542940\n|move|p1a: Pyroar|Hyper Voice|p2a: Samurott\n|-damage|p2a: Samurott|0 fnt\n|faint|p2a: Samurott\n|\n|upkeep\n|inactive|Time left: 300 sec this turn | 300 sec total | 5 sec grace\n|\n|t:|1783542941\n|switch|p2a: Polteageist|Polteageist-Antique, L78|128/222\n|turn|36\n|inactive|Time left: 300 sec this turn | 300 sec total\n|\n|t:|1783542942\n|-terastallize|p1a: Pyroar|Fire\n|move|p1a: Pyroar|Fire Blast|p2a: Polteageist\n|-damage|p2a: Polteageist|0 fnt\n|-start|p1a: Pyroar|Disable|Fire Blast|[from] ability: Cursed Body|[of] p2a: Polteageist\n|faint|p2a: Polteageist\n|\n|upkeep\n|inactive|Time left: 300 sec this turn | 300 sec total | 5 sec grace\n|\n|t:|1783542943\n|switch|p2a: Rotom|Rotom-Mow, L87|205/229\n|turn|37\n|inactive|Time left: 300 sec this turn | 300 sec total\n|\n|t:|1783542944\n|move|p1a: Pyroar|Hyper Voice|p2a: Rotom\n|-damage|p2a: Rotom|100/229\n|move|p2a: Rotom|Thunderbolt|p1a: Pyroar\n|-damage|p1a: Pyroar|57/100\n|\n|-heal|p2a: Rotom|114/229|[from] item: Leftovers\n|upkeep\n|turn|38\n|inactive|Time left: 300 sec this turn | 300 sec total\n|\n|t:|1783542945\n|move|p1a: Pyroar|Hyper Voice|p2a: Rotom\n|-damage|p2a: Rotom|21/229\n|move|p2a: Rotom|Thunderbolt|p1a: Pyroar\n|-damage|p1a: Pyroar|18/100\n|\n|-heal|p2a: Rotom|35/229|[from] item: Leftovers\n|upkeep\n|turn|39\n|inactive|Time left: 300 sec this turn | 300 sec total\n|\n|t:|1783542946\n|move|p1a: Pyroar|Hyper Voice|p2a: Rotom\n|-damage|p2a: Rotom|0 fnt\n|faint|p2a: Rotom\n|\n|win|p0x32808ac", "uploadtime": 1783542946, "views": 0, "rating": 0, "private": 0, "password": null, "_winner": "p0x32808ac", "_our_name": "p0y3281355"}