{"id": "battle-gen9randombattle-703", "formatid": "gen9randombattle", "format": "[Gen 9] Random Battle", "players": ["p0x703771c", "p0y7038e59"], "log": "|init|battle\n|title|p0x703771c vs. p0y7038e59\n|j|\u2606p0x703771c\n|j|\u2606p0y7038e59\n|t:|1783547278\n|gametype|singles\n|player|p1|p0x703771c|102|\n|player|p2|p0y7038e59|1|\n|gen|9\n|tier|[Gen 9] Random Battle\n|rule|Species Clause: Limit one of each Pok\u00e9mon\n|rule|HP Percentage Mod: HP is shown in percentages\n|rule|Sleep Clause Mod: Limit one foe put to sleep\n|rule|Illusion Level Mod: Illusion disguises the Pok\u00e9mon's true level\n|\n|t:|1783547278\n|teamsize|p1|6\n|teamsize|p2|6\n|start\n|switch|p1a: Abomasnow|Abomasnow, L84, M|287/287\n|switch|p2a: Cinccino|Cinccino, L83, F|100/100\n|-weather|Snowscape|[from] ability: Snow Warning|[of] p1a: Abomasnow\n|turn|1\n|inactive|Battle timer is ON: inactive players will automatically lose when time's up. (requested by p0x703771c)\n|inactive|p0y7038e59 also wants the timer to be on.\n|\n|t:|1783547280\n|move|p2a: Cinccino|Tidy Up|p2a: Cinccino\n|-boost|p2a: Cinccino|atk|1\n|-boost|p2a: Cinccino|spe|1\n|move|p1a: Abomasnow|Aurora Veil|p1a: Abomasnow\n|-sidestart|p1: p0x703771c|move: Aurora Veil\n|\n|-weather|Snowscape|[upkeep]\n|upkeep\n|turn|2\n|inactive|Time left: 300 sec this turn | 300 sec total\n|\n|t:|1783547281\n|move|p2a: Cinccino|Tidy Up|p2a: Cinccino\n|-boost|p2a: Cinccino|atk|1\n|-boost|p2a: Cinccino|spe|1\n|move|p1a: Abomasnow|Wood Hammer|p2a: Cinccino\n|-damage|p2a: Cinccino|42/100\n|-damage|p1a: Abomasnow|237/287|[from] Recoil\n|\n|-weather|Snowscape|[upkeep]\n|upkeep\n|turn|3\n|inactive|Time left: 300 sec this turn | 300 sec total\n|\n|t:|1783547282\n|move|p2a: Cinccino|Tail Slap|p1a: Abomasnow\n|-damage|p1a: Abomasnow|209/287\n|-crit|p1a: Abomasnow\n|-damage|p1a: Abomasnow|125/287\n|-damage|p1a: Abomasnow|97/287\n|-damage|p1a: Abomasnow|68/287\n|-hitcount|p1a: Abomasnow|4\n|move|p1a: Abomasnow|Wood Hammer|p2a: Cinccino\n|-damage|p2a: Cinccino|0 fnt\n|faint|p2a: Cinccino\n|-damage|p1a: Abomasnow|32/287|[from] Recoil\n|\n|-weather|Snowscape|[upkeep]\n|upkeep\n|\n|t:|1783547283\n|switch|p2a: Volcarona|Volcarona, L77, M|100/100\n|turn|4\n|inactive|Time left: 300 sec this turn | 300 sec total\n|\n|t:|1783547285\n|switch|p1a: Minior|Minior-Blue, L79|224/224\n|-formechange|p1a: Minior|Minior-Meteor||[from] ability: Shields Down\n|move|p2a: Volcarona|Quiver Dance|p2a: Volcarona\n|-boost|p2a: Volcarona|spa|1\n|-boost|p2a: Volcarona|spd|1\n|-boost|p2a: Volcarona|spe|1\n|\n|-weather|Snowscape|[upkeep]\n|upkeep\n|turn|5\n|inactive|Time left: 300 sec this turn | 300 sec total\n|\n|t:|1783547286\n|move|p2a: Volcarona|Quiver Dance|p2a: Volcarona\n|-boost|p2a: Volcarona|spa|1\n|-boost|p2a: Volcarona|spd|1\n|-boost|p2a: Volcarona|spe|1\n|move|p1a: Minior|Shell Smash|p1a: Minior\n|-unboost|p1a: Minior|def|1\n|-unboost|p1a: Minior|spd|1\n|-boost|p1a: Minior|atk|2\n|-boost|p1a: Minior|spa|2\n|-boost|p1a: Minior|spe|2\n|-enditem|p1a: Minior|White Herb\n|-clearnegativeboost|p1a: Minior|[silent]\n|\n|-weather|none\n|upkeep\n|turn|6\n|inactive|Time left: 300 sec this turn | 300 sec total\n|\n|t:|1783547287\n|move|p2a: Volcarona|Bug Buzz|p1a: Minior\n|-resisted|p1a: Minior\n|-damage|p1a: Minior|171/224\n|move|p1a: Minior|Acrobatics|p2a: Volcarona\n|-supereffective|p2a: Volcarona\n|-damage|p2a: Volcarona|0 fnt\n|faint|p2a: Volcarona\n|\n|upkeep\n|\n|t:|1783547288\n|switch|p2a: Hatterene|Hatterene, L85, F|100/100\n|turn|7\n|inactive|Time left: 300 sec this turn | 300 sec total\n|\n|t:|1783547289\n|move|p1a: Minior|Shell Smash|p1a: Minior\n|-unboost|p1a: Minior|def|1\n|-unboost|p1a: Minior|spd|1\n|-boost|p1a: Minior|atk|2\n|-boost|p1a: Minior|spa|2\n|-boost|p1a: Minior|spe|2\n|move|p2a: Hatterene|Draining Kiss|p1a: Minior\n|-damage|p1a: Minior|123/224\n|\n|upkeep\n|turn|8\n|inactive|Time left: 300 sec this turn | 300 sec total\n|\n|t:|1783547290\n|switch|p2a: Rillaboom|Rillaboom, L79, F|100/100\n|-fieldstart|move: Grassy Terrain|[from] ability: Grassy Surge|[of] p2a: Rillaboom\n|move|p1a: Minior|Acrobatics|p2a: Rillaboom\n|-supereffective|p2a: Rillaboom\n|-damage|p2a: Rillaboom|0 fnt\n|faint|p2a: Rillaboom\n|\n|-sideend|p1: p0x703771c|move: Aurora Veil\n|upkeep\n|\n|t:|1783547291\n|switch|p2a: Gumshoos|Gumshoos, L95, F|100/100\n|turn|9\n|inactive|Time left: 300 sec this turn | 300 sec total\n|\n|t:|1783547292\n|move|p1a: Minior|Acrobatics|p2a: Gumshoos\n|-crit|p2a: Gumshoos\n|-damage|p2a: Gumshoos|0 fnt\n|faint|p2a: Gumshoos\n|\n|upkeep\n|\n|t:|1783547293\n|switch|p2a: Hatterene|Hatterene, L85, F|100/100\n|turn|10\n|inactive|Time left: 300 sec this turn | 300 sec total\n|\n|t:|1783547294\n|-terastallize|p2a: Hatterene|Steel\n|move|p1a: Minior|Acrobatics|p2a: Hatterene\n|-resisted|p2a: Hatterene\n|-damage|p2a: Hatterene|55/100\n|move|p2a: Hatterene|Psyshock|p1a: Minior\n|-damage|p1a: Minior|0 fnt\n|faint|p1a: Minior\n|\n|-heal|p2a: Hatterene|61/100|[from] Grassy Terrain\n|-heal|p2a: Hatterene|67/100|[from] item: Leftovers\n|upkeep\n|inactive|Time left: 300 sec this turn | 300 sec total | 5 sec grace\n|\n|t:|1783547295\n|switch|p1a: Calyrex|Calyrex-Ice, L72|263/263\n|-ability|p1a: Calyrex|As One\n|-ability|p1a: Calyrex|Unnerve\n|turn|11\n|inactive|Time left: 300 sec this turn | 300 sec total\n|\n|t:|1783547296\n|switch|p2a: Kilowattrel|Kilowattrel, L83, M|100/100\n|-terastallize|p1a: Calyrex|Ground\n|move|p1a: Calyrex|High Horsepower|p2a: Kilowattrel\n|-immune|p2a: Kilowattrel\n|\n|upkeep\n|turn|12\n|inactive|Time left: 300 sec this turn | 300 sec total\n|\n|t:|1783547297\n|move|p2a: Kilowattrel|U-turn|p1a: Calyrex\n|-damage|p1a: Calyrex|235/263\n|\n|t:|1783547298\n|switch|p2a: Hatterene|Hatterene, L85, F, tera:Steel|67/100|[from] U-turn\n|move|p1a: Calyrex|Glacial Lance|p2a: Hatterene\n|-resisted|p2a: Hatterene\n|-damage|p2a: Hatterene|39/100\n|\n|-heal|p1a: Calyrex|251/263|[from] Grassy Terrain\n|-heal|p2a: Hatterene|45/100|[from] Grassy Terrain\n|-heal|p2a: Hatterene|51/100|[from] item: Leftovers\n|-fieldend|move: Grassy Terrain\n|upkeep\n|turn|13\n|inactive|Time left: 300 sec this turn | 300 sec total\n|\n|t:|1783547299\n|switch|p2a: Kilowattrel|Kilowattrel, L83, M|100/100\n|move|p1a: Calyrex|High Horsepower|p2a: Kilowattrel\n|-immune|p2a: Kilowattrel\n|\n|upkeep\n|turn|14\n|inactive|Time left: 300 sec this turn | 300 sec total\n|\n|t:|1783547300\n|switch|p2a: Hatterene|Hatterene, L85, F, tera:Steel|51/100\n|move|p1a: Calyrex|Glacial Lance|p2a: Hatterene\n|-resisted|p2a: Hatterene\n|-damage|p2a: Hatterene|20/100\n|\n|-heal|p2a: Hatterene|26/100|[from] item: Leftovers\n|upkeep\n|turn|15\n|inactive|Time left: 300 sec this turn | 300 sec total\n|\n|t:|1783547301\n|move|p1a: Calyrex|Glacial Lance|p2a: Hatterene\n|-resisted|p2a: Hatterene\n|-damage|p2a: Hatterene|0 fnt\n|faint|p2a: Hatterene\n|-ability|p1a: Calyrex|Chilling Neigh|boost\n|-boost|p1a: Calyrex|atk|1\n|\n|upkeep\n|\n|t:|1783547302\n|switch|p2a: Kilowattrel|Kilowattrel, L83, M|100/100\n|turn|16\n|inactive|Time left: 300 sec this turn | 300 sec total\n|\n|t:|1783547303\n|move|p2a: Kilowattrel|Hurricane|p1a: Calyrex\n|-crit|p1a: Calyrex\n|-damage|p1a: Calyrex|98/263\n|-start|p1a: Calyrex|confusion\n|-activate|p1a: Calyrex|confusion\n|move|p1a: Calyrex|Glacial Lance|p2a: Kilowattrel\n|-supereffective|p2a: Kilowattrel\n|-damage|p2a: Kilowattrel|0 fnt\n|faint|p2a: Kilowattrel\n|\n|win|p0x703771c", "uploadtime": 1783547303, "views": 0, "rating": 0, "private": 0, "password": null, "_winner": "p0x703771c", "_our_name": "p0x703771c"}