{"id": "battle-gen9randombattle-2606", "formatid": "gen9randombattle", "format": "[Gen 9] Random Battle", "players": ["p0x260653fc", "p0y260674e2"], "log": "|init|battle\n|title|p0x260653fc vs. p0y260674e2\n|j|\u2606p0x260653fc\n|j|\u2606p0y260674e2\n|t:|1783569125\n|gametype|singles\n|player|p1|p0x260653fc|2|\n|player|p2|p0y260674e2|102|\n|gen|9\n|tier|[Gen 9] Random Battle\n|rule|Species Clause: Limit one of each Pok\u00e9mon\n|rule|HP Percentage Mod: HP is shown in percentages\n|rule|Sleep Clause Mod: Limit one foe put to sleep\n|rule|Illusion Level Mod: Illusion disguises the Pok\u00e9mon's true level\n|\n|t:|1783569125\n|teamsize|p1|6\n|teamsize|p2|6\n|start\n|switch|p1a: Reshiram|Reshiram, L76|100/100\n|switch|p2a: Articuno|Articuno-Galar, L84|288/288\n|-ability|p1a: Reshiram|Turboblaze\n|turn|1\n|inactive|Battle timer is ON: inactive players will automatically lose when time's up. (requested by p0x260653fc)\n|inactive|Time left: 300 sec this turn | 300 sec total | 60 sec grace\n|inactive|p0y260674e2 also wants the timer to be on.\n|\n|t:|1783569126\n|move|p2a: Articuno|Hurricane|p1a: Reshiram|[miss]\n|-miss|p2a: Articuno|p1a: Reshiram\n|move|p1a: Reshiram|Blue Flare|p2a: Articuno\n|-damage|p2a: Articuno|140/288\n|-status|p2a: Articuno|brn\n|\n|-damage|p2a: Articuno|122/288 brn|[from] brn\n|upkeep\n|turn|2\n|inactive|Time left: 300 sec this turn | 300 sec total\n|\n|t:|1783569127\n|move|p2a: Articuno|Recover|p2a: Articuno\n|-heal|p2a: Articuno|266/288 brn\n|move|p1a: Reshiram|Blue Flare|p2a: Articuno|[miss]\n|-miss|p1a: Reshiram|p2a: Articuno\n|\n|-damage|p2a: Articuno|248/288 brn|[from] brn\n|upkeep\n|turn|3\n|inactive|Time left: 300 sec this turn | 300 sec total\n|\n|t:|1783569128\n|move|p2a: Articuno|Calm Mind|p2a: Articuno\n|-boost|p2a: Articuno|spa|1\n|-boost|p2a: Articuno|spd|1\n|move|p1a: Reshiram|Blue Flare|p2a: Articuno\n|-damage|p2a: Articuno|148/288 brn\n|\n|-damage|p2a: Articuno|130/288 brn|[from] brn\n|upkeep\n|turn|4\n|inactive|Time left: 300 sec this turn | 300 sec total\n|\n|t:|1783569129\n|move|p2a: Articuno|Recover|p2a: Articuno\n|-heal|p2a: Articuno|274/288 brn\n|move|p1a: Reshiram|Blue Flare|p2a: Articuno\n|-damage|p2a: Articuno|172/288 brn\n|\n|-damage|p2a: Articuno|154/288 brn|[from] brn\n|upkeep\n|turn|5\n|inactive|Time left: 300 sec this turn | 300 sec total\n|\n|t:|1783569130\n|move|p2a: Articuno|Freezing Glare|p1a: Reshiram\n|-damage|p1a: Reshiram|44/100\n|move|p1a: Reshiram|Blue Flare|p2a: Articuno|[miss]\n|-miss|p1a: Reshiram|p2a: Articuno\n|\n|-damage|p2a: Articuno|136/288 brn|[from] brn\n|upkeep\n|turn|6\n|inactive|Time left: 300 sec this turn | 300 sec total\n|\n|t:|1783569131\n|switch|p1a: Floatzel|Floatzel, L86, M|100/100\n|move|p2a: Articuno|Freezing Glare|p1a: Floatzel\n|-damage|p1a: Floatzel|17/100\n|\n|-damage|p2a: Articuno|118/288 brn|[from] brn\n|upkeep\n|turn|7\n|inactive|Time left: 300 sec this turn | 300 sec total\n|\n|t:|1783569133\n|switch|p2a: Mimikyu|Mimikyu, L79, M|216/216\n|move|p1a: Floatzel|Wave Crash|p2a: Mimikyu\n|-activate|p2a: Mimikyu|ability: Disguise\n|-damage|p2a: Mimikyu|216/216\n|detailschange|p2a: Mimikyu|Mimikyu-Busted, L79, M\n|-damage|p2a: Mimikyu|189/216|[from] pokemon: Mimikyu-Busted\n|\n|upkeep\n|turn|8\n|inactive|Time left: 300 sec this turn | 300 sec total\n|\n|t:|1783569134\n|move|p2a: Mimikyu|Shadow Sneak|p1a: Floatzel\n|-damage|p1a: Floatzel|0 fnt\n|faint|p1a: Floatzel\n|-damage|p2a: Mimikyu|168/216|[from] item: Life Orb\n|\n|upkeep\n|\n|t:|1783569134\n|switch|p1a: Golurk|Golurk, L87|100/100\n|turn|9\n|inactive|Time left: 300 sec this turn | 300 sec total\n|\n|t:|1783569135\n|switch|p2a: Overqwil|Overqwil, L82, M|274/274\n|-ability|p2a: Overqwil|Intimidate|boost\n|-unboost|p1a: Golurk|atk|1\n|move|p1a: Golurk|Poltergeist|p2a: Overqwil\n|-activate|p2a: Overqwil|move: Poltergeist|Loaded Dice\n|-resisted|p2a: Overqwil\n|-crit|p2a: Overqwil\n|-damage|p2a: Overqwil|121/274\n|\n|upkeep\n|turn|10\n|inactive|Time left: 300 sec this turn | 300 sec total\n|\n|t:|1783569136\n|move|p2a: Overqwil|Crunch|p1a: Golurk\n|-supereffective|p1a: Golurk\n|-damage|p1a: Golurk|40/100\n|-unboost|p1a: Golurk|def|1\n|move|p1a: Golurk|Poltergeist|p2a: Overqwil\n|-activate|p2a: Overqwil|move: Poltergeist|Loaded Dice\n|-resisted|p2a: Overqwil\n|-damage|p2a: Overqwil|52/274\n|\n|upkeep\n|turn|11\n|inactive|Time left: 300 sec this turn | 300 sec total\n|\n|t:|1783569137\n|move|p2a: Overqwil|Scale Shot|p1a: Golurk\n|-damage|p1a: Golurk|29/100\n|-crit|p1a: Golurk\n|-damage|p1a: Golurk|15/100\n|-damage|p1a: Golurk|5/100\n|-damage|p1a: Golurk|0 fnt\n|faint|p1a: Golurk\n|-hitcount|p1: Golurk|4\n|-unboost|p2a: Overqwil|def|1\n|-boost|p2a: Overqwil|spe|1\n|\n|upkeep\n|\n|t:|1783569138\n|switch|p1a: Granbull|Granbull, L88, M|100/100\n|-ability|p1a: Granbull|Intimidate|boost\n|-unboost|p2a: Overqwil|atk|1\n|turn|12\n|inactive|Time left: 300 sec this turn | 300 sec total\n|\n|t:|1783569139\n|move|p2a: Overqwil|Gunk Shot|p1a: Granbull\n|-supereffective|p1a: Granbull\n|-damage|p1a: Granbull|32/100\n|move|p1a: Granbull|Play Rough|p2a: Overqwil\n|-crit|p2a: Overqwil\n|-damage|p2a: Overqwil|0 fnt\n|faint|p2a: Overqwil\n|\n|-heal|p1a: Granbull|38/100|[from] item: Leftovers\n|upkeep\n|inactive|Time left: 300 sec this turn | 300 sec total | 5 sec grace\n|\n|t:|1783569140\n|switch|p2a: Lurantis|Lurantis, L87, M|264/264\n|turn|13\n|inactive|Time left: 300 sec this turn | 300 sec total\n|\n|t:|1783569141\n|move|p1a: Granbull|Play Rough|p2a: Lurantis\n|-damage|p2a: Lurantis|135/264\n|move|p2a: Lurantis|Leaf Storm|p1a: Granbull\n|-damage|p1a: Granbull|0 fnt\n|-boost|p2a: Lurantis|spa|2\n|faint|p1a: Granbull\n|\n|upkeep\n|\n|t:|1783569142\n|switch|p1a: Reshiram|Reshiram, L76|44/100\n|-ability|p1a: Reshiram|Turboblaze\n|turn|14\n|inactive|Time left: 300 sec this turn | 300 sec total\n|\n|t:|1783569143\n|switch|p2a: Swampert|Swampert, L83, M|302/302\n|move|p1a: Reshiram|Blue Flare|p2a: Swampert|[miss]\n|-miss|p1a: Reshiram|p2a: Swampert\n|\n|upkeep\n|turn|15\n|inactive|Time left: 300 sec this turn | 300 sec total\n|\n|t:|1783569144\n|move|p1a: Reshiram|Will-O-Wisp|p2a: Swampert\n|-status|p2a: Swampert|brn\n|move|p2a: Swampert|Earthquake|p1a: Reshiram\n|-supereffective|p1a: Reshiram\n|-damage|p1a: Reshiram|2/100\n|\n|-damage|p2a: Swampert|284/302 brn|[from] brn\n|upkeep\n|turn|16\n|inactive|Time left: 300 sec this turn | 300 sec total\n|\n|t:|1783569145\n|move|p1a: Reshiram|Blue Flare|p2a: Swampert\n|-resisted|p2a: Swampert\n|-damage|p2a: Swampert|206/302 brn\n|move|p2a: Swampert|Ice Beam|p1a: Reshiram\n|-crit|p1a: Reshiram\n|-damage|p1a: Reshiram|0 fnt\n|faint|p1a: Reshiram\n|\n|-heal|p2a: Swampert|224/302 brn|[from] item: Leftovers\n|-damage|p2a: Swampert|206/302 brn|[from] brn\n|upkeep\n|\n|t:|1783569146\n|switch|p1a: Dedenne|Dedenne, L88, F|100/100\n|turn|17\n|inactive|Time left: 300 sec this turn | 300 sec total\n|\n|t:|1783569147\n|move|p1a: Dedenne|Dazzling Gleam|p2a: Swampert\n|-damage|p2a: Swampert|124/302 brn\n|move|p2a: Swampert|Yawn|p1a: Dedenne\n|-start|p1a: Dedenne|move: Yawn|[of] p2a: Swampert\n|\n|-heal|p2a: Swampert|142/302 brn|[from] item: Leftovers\n|-damage|p2a: Swampert|124/302 brn|[from] brn\n|upkeep\n|turn|18\n|inactive|Time left: 300 sec this turn | 300 sec total\n|\n|t:|1783569148\n|move|p1a: Dedenne|U-turn|p2a: Swampert\n|-damage|p2a: Swampert|88/302 brn\n|\n|t:|1783569149\n|switch|p1a: Phione|Phione, L91|100/100|[from] U-turn\n|move|p2a: Swampert|Earthquake|p1a: Phione\n|-damage|p1a: Phione|81/100\n|\n|-heal|p1a: Phione|87/100|[from] item: Leftovers\n|-heal|p2a: Swampert|106/302 brn|[from] item: Leftovers\n|-damage|p2a: Swampert|88/302 brn|[from] brn\n|upkeep\n|turn|19\n|inactive|Time left: 300 sec this turn | 300 sec total\n|\n|t:|1783569150\n|switch|p2a: Lurantis|Lurantis, L87, M|135/264\n|move|p1a: Phione|Scald|p2a: Lurantis\n|-resisted|p2a: Lurantis\n|-damage|p2a: Lurantis|109/264\n|-status|p2a: Lurantis|brn\n|\n|-heal|p1a: Phione|93/100|[from] item: Leftovers\n|-damage|p2a: Lurantis|93/264 brn|[from] brn\n|upkeep\n|turn|20\n|inactive|Time left: 300 sec this turn | 300 sec total\n|\n|t:|1783569151\n|switch|p1a: Dedenne|Dedenne, L88, F|100/100\n|move|p2a: Lurantis|Leaf Storm|p1a: Dedenne|[miss]\n|-miss|p2a: Lurantis|p1a: Dedenne\n|\n|-damage|p2a: Lurantis|77/264 brn|[from] brn\n|upkeep\n|turn|21\n|inactive|Time left: 300 sec this turn | 300 sec total\n|\n|t:|1783569152\n|move|p1a: Dedenne|Dazzling Gleam|p2a: Lurantis\n|-damage|p2a: Lurantis|29/264 brn\n|move|p2a: Lurantis|Leaf Storm|p1a: Dedenne\n|-damage|p1a: Dedenne|39/100\n|-boost|p2a: Lurantis|spa|2\n|-enditem|p1a: Dedenne|Sitrus Berry|[eat]\n|-heal|p1a: Dedenne|64/100|[from] item: Sitrus Berry\n|-heal|p1a: Dedenne|97/100|[from] ability: Cheek Pouch\n|\n|-damage|p2a: Lurantis|13/264 brn|[from] brn\n|upkeep\n|turn|22\n|inactive|Time left: 300 sec this turn | 300 sec total\n|\n|t:|1783569152\n|move|p1a: Dedenne|Dazzling Gleam|p2a: Lurantis\n|-damage|p2a: Lurantis|0 fnt\n|faint|p2a: Lurantis\n|\n|upkeep\n|inactive|Time left: 300 sec this turn | 300 sec total | 5 sec grace\n|\n|t:|1783569153\n|switch|p2a: Eiscue|Eiscue, L88, M|274/274\n|turn|23\n|inactive|Time left: 300 sec this turn | 300 sec total\n|\n|t:|1783569154\n|move|p1a: Dedenne|Dazzling Gleam|p2a: Eiscue\n|-damage|p2a: Eiscue|204/274\n|move|p2a: Eiscue|Ice Spinner|p1a: Dedenne\n|-damage|p1a: Dedenne|57/100\n|\n|upkeep\n|turn|24\n|inactive|Time left: 300 sec this turn | 300 sec total\n|\n|t:|1783569155\n|move|p1a: Dedenne|Dazzling Gleam|p2a: Eiscue\n|-damage|p2a: Eiscue|129/274\n|-enditem|p2a: Eiscue|Sitrus Berry|[eat]\n|-heal|p2a: Eiscue|197/274|[from] item: Sitrus Berry\n|move|p2a: Eiscue|Ice Spinner|p1a: Dedenne\n|-damage|p1a: Dedenne|18/100\n|\n|upkeep\n|turn|25\n|inactive|Time left: 300 sec this turn | 300 sec total\n|\n|t:|1783569155\n|move|p1a: Dedenne|U-turn|p2a: Eiscue\n|-activate|p2a: Eiscue|ability: Ice Face\n|-damage|p2a: Eiscue|197/274\n|detailschange|p2a: Eiscue|Eiscue-Noice, L88, M\n|\n|t:|1783569156\n|switch|p1a: Phione|Phione, L91|93/100|[from] U-turn\n|move|p2a: Eiscue|Tera Blast|p1a: Phione\n|-damage|p1a: Phione|77/100\n|\n|-heal|p1a: Phione|83/100|[from] item: Leftovers\n|upkeep\n|turn|26\n|inactive|Time left: 300 sec this turn | 300 sec total\n|\n|t:|1783569157\n|switch|p2a: Articuno|Articuno-Galar, L84|118/288 brn\n|move|p1a: Phione|Scald|p2a: Articuno\n|-damage|p2a: Articuno|46/288 brn\n|\n|-heal|p1a: Phione|89/100|[from] item: Leftovers\n|-damage|p2a: Articuno|28/288 brn|[from] brn\n|upkeep\n|turn|27\n|inactive|Time left: 300 sec this turn | 300 sec total\n|\n|t:|1783569158\n|move|p2a: Articuno|Recover|p2a: Articuno\n|-heal|p2a: Articuno|172/288 brn\n|move|p1a: Phione|Scald|p2a: Articuno\n|-damage|p2a: Articuno|88/288 brn\n|\n|-heal|p1a: Phione|95/100|[from] item: Leftovers\n|-damage|p2a: Articuno|70/288 brn|[from] brn\n|upkeep\n|turn|28\n|inactive|Time left: 300 sec this turn | 300 sec total\n|\n|t:|1783569159\n|move|p2a: Articuno|Recover|p2a: Articuno\n|-heal|p2a: Articuno|214/288 brn\n|move|p1a: Phione|Scald|p2a: Articuno\n|-damage|p2a: Articuno|141/288 brn\n|\n|-heal|p1a: Phione|100/100|[from] item: Leftovers\n|-damage|p2a: Articuno|123/288 brn|[from] brn\n|upkeep\n|turn|29\n|inactive|Time left: 300 sec this turn | 300 sec total\n|\n|t:|1783569160\n|move|p2a: Articuno|Recover|p2a: Articuno\n|-heal|p2a: Articuno|267/288 brn\n|move|p1a: Phione|Scald|p2a: Articuno\n|-damage|p2a: Articuno|188/288 brn\n|\n|-damage|p2a: Articuno|170/288 brn|[from] brn\n|upkeep\n|turn|30\n|inactive|Time left: 300 sec this turn | 300 sec total\n|\n|t:|1783569160\n|move|p2a: Articuno|Calm Mind|p2a: Articuno\n|-boost|p2a: Articuno|spa|1\n|-boost|p2a: Articuno|spd|1\n|move|p1a: Phione|Scald|p2a: Articuno\n|-damage|p2a: Articuno|121/288 brn\n|\n|-damage|p2a: Articuno|103/288 brn|[from] brn\n|upkeep\n|turn|31\n|inactive|Time left: 300 sec this turn | 300 sec total\n|\n|t:|1783569162\n|move|p2a: Articuno|Recover|p2a: Articuno\n|-heal|p2a: Articuno|247/288 brn\n|move|p1a: Phione|Scald|p2a: Articuno\n|-damage|p2a: Articuno|198/288 brn\n|\n|-damage|p2a: Articuno|180/288 brn|[from] brn\n|upkeep\n|turn|32\n|inactive|Time left: 300 sec this turn | 300 sec total\n|\n|t:|1783569163\n|move|p2a: Articuno|Freezing Glare|p1a: Phione\n|-damage|p1a: Phione|42/100\n|move|p1a: Phione|Scald|p2a: Articuno\n|-damage|p2a: Articuno|126/288 brn\n|\n|-heal|p1a: Phione|48/100|[from] item: Leftovers\n|-damage|p2a: Articuno|108/288 brn|[from] brn\n|upkeep\n|turn|33\n|inactive|Time left: 300 sec this turn | 300 sec total\n|\n|t:|1783569164\n|-terastallize|p2a: Articuno|Steel\n|-terastallize|p1a: Phione|Steel\n|move|p2a: Articuno|Freezing Glare|p1a: Phione\n|-resisted|p1a: Phione\n|-damage|p1a: Phione|20/100\n|move|p1a: Phione|Scald|p2a: Articuno\n|-damage|p2a: Articuno|54/288 brn\n|\n|-heal|p1a: Phione|26/100|[from] item: Leftovers\n|-damage|p2a: Articuno|36/288 brn|[from] brn\n|upkeep\n|turn|34\n|inactive|Time left: 300 sec this turn | 300 sec total\n|\n|t:|1783569165\n|move|p2a: Articuno|Freezing Glare|p1a: Phione\n|-resisted|p1a: Phione\n|-damage|p1a: Phione|0 fnt\n|faint|p1a: Phione\n|\n|-damage|p2a: Articuno|18/288 brn|[from] brn\n|upkeep\n|\n|t:|1783569166\n|switch|p1a: Dedenne|Dedenne, L88, F|18/100\n|turn|35\n|inactive|Time left: 300 sec this turn | 300 sec total\n|\n|t:|1783569167\n|move|p1a: Dedenne|Thunderbolt|p2a: Articuno\n|-damage|p2a: Articuno|0 fnt\n|faint|p2a: Articuno\n|\n|upkeep\n|inactive|Time left: 300 sec this turn | 300 sec total | 5 sec grace\n|\n|t:|1783569168\n|switch|p2a: Eiscue|Eiscue-Noice, L88, M|197/274\n|turn|36\n|inactive|Time left: 300 sec this turn | 300 sec total\n|\n|t:|1783569168\n|move|p2a: Eiscue|Tera Blast|p1a: Dedenne\n|-damage|p1a: Dedenne|0 fnt\n|faint|p1a: Dedenne\n|\n|win|p0y260674e2", "uploadtime": 1783569168, "views": 0, "rating": 0, "private": 0, "password": null, "_winner": "p0y260674e2", "_our_name": "p0y260674e2"}