{"id": "battle-gen9randombattle-593", "formatid": "gen9randombattle", "format": "[Gen 9] Random Battle", "players": ["p0x5935b51", "p0y5933e9e"], "log": "|init|battle\n|title|p0x5935b51 vs. p0y5933e9e\n|j|\u2606p0x5935b51\n|j|\u2606p0y5933e9e\n|t:|1783546700\n|gametype|singles\n|player|p1|p0x5935b51|265|\n|player|p2|p0y5933e9e|1|\n|gen|9\n|tier|[Gen 9] Random Battle\n|rule|Species Clause: Limit one of each Pok\u00e9mon\n|rule|HP Percentage Mod: HP is shown in percentages\n|rule|Sleep Clause Mod: Limit one foe put to sleep\n|rule|Illusion Level Mod: Illusion disguises the Pok\u00e9mon's true level\n|\n|t:|1783546700\n|teamsize|p1|6\n|teamsize|p2|6\n|start\n|switch|p1a: Qwilfish|Qwilfish-Hisui, L83, M|100/100\n|switch|p2a: Latios|Latios, L78, M|253/253\n|-ability|p1a: Qwilfish|Intimidate|boost\n|-unboost|p2a: Latios|atk|1\n|turn|1\n|inactive|Battle timer is ON: inactive players will automatically lose when time's up. (requested by p0x5935b51)\n|inactive|Time left: 300 sec this turn | 300 sec total | 60 sec grace\n|inactive|p0y5933e9e also wants the timer to be on.\n|\n|t:|1783546701\n|switch|p2a: Mandibuzz|Mandibuzz, L85, F|326/326\n|move|p1a: Qwilfish|Gunk Shot|p2a: Mandibuzz\n|-damage|p2a: Mandibuzz|224/326\n|-status|p2a: Mandibuzz|psn\n|\n|-damage|p2a: Mandibuzz|184/326 psn|[from] psn\n|upkeep\n|turn|2\n|inactive|Time left: 300 sec this turn | 300 sec total\n|\n|t:|1783546703\n|move|p1a: Qwilfish|Crunch|p2a: Mandibuzz\n|-resisted|p2a: Mandibuzz\n|-damage|p2a: Mandibuzz|151/326 psn\n|move|p2a: Mandibuzz|Roost|p2a: Mandibuzz\n|-heal|p2a: Mandibuzz|314/326 psn\n|-singleturn|p2a: Mandibuzz|move: Roost\n|\n|-damage|p2a: Mandibuzz|274/326 psn|[from] psn\n|upkeep\n|turn|3\n|inactive|Time left: 300 sec this turn | 300 sec total\n|\n|t:|1783546704\n|move|p1a: Qwilfish|Crunch|p2a: Mandibuzz\n|-resisted|p2a: Mandibuzz\n|-damage|p2a: Mandibuzz|235/326 psn\n|move|p2a: Mandibuzz|Brave Bird|p1a: Qwilfish\n|-damage|p1a: Qwilfish|73/100\n|-damage|p2a: Mandibuzz|213/326 psn|[from] Recoil\n|\n|-damage|p2a: Mandibuzz|173/326 psn|[from] psn\n|upkeep\n|turn|4\n|inactive|Time left: 300 sec this turn | 300 sec total\n|\n|t:|1783546705\n|move|p1a: Qwilfish|Gunk Shot|p2a: Mandibuzz\n|-damage|p2a: Mandibuzz|76/326 psn\n|move|p2a: Mandibuzz|Roost|p2a: Mandibuzz\n|-heal|p2a: Mandibuzz|239/326 psn\n|-singleturn|p2a: Mandibuzz|move: Roost\n|\n|-damage|p2a: Mandibuzz|199/326 psn|[from] psn\n|upkeep\n|turn|5\n|inactive|Time left: 300 sec this turn | 300 sec total\n|\n|t:|1783546706\n|move|p1a: Qwilfish|Toxic Spikes|p2a: Mandibuzz\n|-sidestart|p2: p0y5933e9e|move: Toxic Spikes\n|move|p2a: Mandibuzz|Roost|p2a: Mandibuzz\n|-heal|p2a: Mandibuzz|326/326 psn\n|-singleturn|p2a: Mandibuzz|move: Roost\n|\n|-damage|p2a: Mandibuzz|286/326 psn|[from] psn\n|upkeep\n|turn|6\n|inactive|Time left: 300 sec this turn | 300 sec total\n|\n|t:|1783546707\n|move|p1a: Qwilfish|Toxic Spikes|p2a: Mandibuzz\n|-sidestart|p2: p0y5933e9e|move: Toxic Spikes\n|move|p2a: Mandibuzz|Knock Off|p1a: Qwilfish\n|-resisted|p1a: Qwilfish\n|-damage|p1a: Qwilfish|62/100\n|-enditem|p1a: Qwilfish|Eviolite|[from] move: Knock Off|[of] p2a: Mandibuzz\n|\n|-damage|p2a: Mandibuzz|246/326 psn|[from] psn\n|upkeep\n|turn|7\n|inactive|Time left: 300 sec this turn | 300 sec total\n|\n|t:|1783546708\n|move|p1a: Qwilfish|Gunk Shot|p2a: Mandibuzz|[miss]\n|-miss|p1a: Qwilfish|p2a: Mandibuzz\n|move|p2a: Mandibuzz|Defog|p1a: Qwilfish\n|-unboost|p1a: Qwilfish|evasion|1\n|-sideend|p2: p0y5933e9e|Toxic Spikes|[from] move: Defog|[of] p2a: Mandibuzz\n|\n|-damage|p2a: Mandibuzz|206/326 psn|[from] psn\n|upkeep\n|turn|8\n|inactive|Time left: 300 sec this turn | 300 sec total\n|\n|t:|1783546709\n|move|p1a: Qwilfish|Toxic Spikes|p2a: Mandibuzz\n|-sidestart|p2: p0y5933e9e|move: Toxic Spikes\n|move|p2a: Mandibuzz|Brave Bird|p1a: Qwilfish\n|-damage|p1a: Qwilfish|19/100\n|-damage|p2a: Mandibuzz|172/326 psn|[from] Recoil\n|\n|-damage|p2a: Mandibuzz|132/326 psn|[from] psn\n|upkeep\n|turn|9\n|inactive|Time left: 300 sec this turn | 300 sec total\n|\n|t:|1783546710\n|move|p1a: Qwilfish|Taunt|p2a: Mandibuzz\n|-start|p2a: Mandibuzz|move: Taunt\n|cant|p2a: Mandibuzz|move: Taunt|Roost\n|\n|-damage|p2a: Mandibuzz|92/326 psn|[from] psn\n|upkeep\n|turn|10\n|inactive|Time left: 300 sec this turn | 300 sec total\n|\n|t:|1783546711\n|move|p1a: Qwilfish|Gunk Shot|p2a: Mandibuzz\n|-damage|p2a: Mandibuzz|0 fnt\n|faint|p2a: Mandibuzz\n|\n|upkeep\n|inactive|Time left: 300 sec this turn | 300 sec total | 5 sec grace\n|\n|t:|1783546712\n|switch|p2a: Smeargle|Smeargle, L95, M|258/258\n|-status|p2a: Smeargle|psn\n|turn|11\n|inactive|Time left: 300 sec this turn | 300 sec total\n|\n|t:|1783546713\n|move|p2a: Smeargle|Sticky Web|p1a: Qwilfish\n|-sidestart|p1: p0x5935b51|move: Sticky Web\n|move|p1a: Qwilfish|Crunch|p2a: Smeargle\n|-damage|p2a: Smeargle|126/258 psn\n|\n|-damage|p2a: Smeargle|94/258 psn|[from] psn\n|upkeep\n|turn|12\n|inactive|Time left: 300 sec this turn | 300 sec total\n|\n|t:|1783546714\n|move|p2a: Smeargle|Stealth Rock|p1a: Qwilfish\n|-sidestart|p1: p0x5935b51|move: Stealth Rock\n|move|p1a: Qwilfish|Gunk Shot|p2a: Smeargle\n|-damage|p2a: Smeargle|0 fnt\n|faint|p2a: Smeargle\n|\n|upkeep\n|inactive|Time left: 300 sec this turn | 300 sec total | 5 sec grace\n|\n|t:|1783546715\n|switch|p2a: Klawf|Klawf, L90, M|272/272\n|-status|p2a: Klawf|psn\n|-enditem|p2a: Klawf|Lum Berry|[eat]\n|-curestatus|p2a: Klawf|psn|[msg]\n|turn|13\n|inactive|Time left: 300 sec this turn | 300 sec total\n|\n|t:|1783546716\n|move|p1a: Qwilfish|Gunk Shot|p2a: Klawf\n|-resisted|p2a: Klawf\n|-damage|p2a: Klawf|226/272\n|-status|p2a: Klawf|psn\n|move|p2a: Klawf|Swords Dance|p2a: Klawf\n|-boost|p2a: Klawf|atk|2\n|\n|-damage|p2a: Klawf|192/272 psn|[from] psn\n|upkeep\n|turn|14\n|inactive|Time left: 300 sec this turn | 300 sec total\n|\n|t:|1783546717\n|move|p1a: Qwilfish|Crunch|p2a: Klawf\n|-damage|p2a: Klawf|123/272 psn\n|-ability|p2a: Klawf|Anger Shell|boost\n|-boost|p2a: Klawf|atk|1\n|-boost|p2a: Klawf|spa|1\n|-boost|p2a: Klawf|spe|1\n|-unboost|p2a: Klawf|def|1\n|-unboost|p2a: Klawf|spd|1\n|move|p2a: Klawf|Knock Off|p1a: Qwilfish\n|-resisted|p1a: Qwilfish\n|-damage|p1a: Qwilfish|0 fnt\n|faint|p1a: Qwilfish\n|\n|-damage|p2a: Klawf|89/272 psn|[from] psn\n|upkeep\n|\n|t:|1783546719\n|switch|p1a: Kingambit|Kingambit, L74, F|100/100\n|-activate|p1a: Kingambit|move: Sticky Web\n|-unboost|p1a: Kingambit|spe|1\n|-damage|p1a: Kingambit|95/100|[from] Stealth Rock\n|-activate|p1a: Kingambit|ability: Supreme Overlord\n|-start|p1a: Kingambit|fallen1|[silent]\n|turn|15\n|inactive|Time left: 300 sec this turn | 300 sec total\n|\n|t:|1783546720\n|move|p1a: Kingambit|Sucker Punch|p2a: Klawf\n|-damage|p2a: Klawf|0 fnt\n|faint|p2a: Klawf\n|\n|-heal|p1a: Kingambit|100/100|[from] item: Leftovers\n|upkeep\n|inactive|Time left: 300 sec this turn | 300 sec total | 5 sec grace\n|\n|t:|1783546720\n|switch|p2a: Suicune|Suicune, L82|298/298\n|-status|p2a: Suicune|psn\n|-ability|p2a: Suicune|Pressure\n|turn|16\n|inactive|Time left: 300 sec this turn | 300 sec total\n|\n|t:|1783546721\n|move|p2a: Suicune|Scald|p1a: Kingambit\n|-damage|p1a: Kingambit|65/100\n|move|p1a: Kingambit|Swords Dance|p1a: Kingambit\n|-boost|p1a: Kingambit|atk|2\n|\n|-heal|p1a: Kingambit|71/100|[from] item: Leftovers\n|-damage|p2a: Suicune|261/298 psn|[from] psn\n|upkeep\n|turn|17\n|inactive|Time left: 300 sec this turn | 300 sec total\n|\n|t:|1783546722\n|move|p2a: Suicune|Scald|p1a: Kingambit\n|-damage|p1a: Kingambit|39/100\n|move|p1a: Kingambit|Kowtow Cleave|p2a: Suicune\n|-damage|p2a: Suicune|95/298 psn\n|\n|-heal|p2a: Suicune|113/298 psn|[from] item: Leftovers\n|-heal|p1a: Kingambit|45/100|[from] item: Leftovers\n|-damage|p2a: Suicune|76/298 psn|[from] psn\n|upkeep\n|turn|18\n|inactive|Time left: 300 sec this turn | 300 sec total\n|\n|t:|1783546723\n|move|p2a: Suicune|Scald|p1a: Kingambit\n|-damage|p1a: Kingambit|12/100\n|move|p1a: Kingambit|Kowtow Cleave|p2a: Suicune\n|-damage|p2a: Suicune|0 fnt\n|faint|p2a: Suicune\n|\n|-heal|p1a: Kingambit|18/100|[from] item: Leftovers\n|upkeep\n|inactive|Time left: 300 sec this turn | 300 sec total | 5 sec grace\n|\n|t:|1783546724\n|switch|p2a: Basculegion|Basculegion, L80, M|323/323\n|-status|p2a: Basculegion|psn\n|turn|19\n|inactive|Time left: 300 sec this turn | 300 sec total\n|\n|t:|1783546725\n|move|p2a: Basculegion|Aqua Jet|p1a: Kingambit\n|-damage|p1a: Kingambit|0 fnt\n|faint|p1a: Kingambit\n|-end|p1a: Kingambit|fallen1|[silent]\n|\n|-damage|p2a: Basculegion|283/323 psn|[from] psn\n|upkeep\n|\n|t:|1783546726\n|switch|p1a: Toucannon|Toucannon, L88, M|100/100\n|turn|20\n|inactive|Time left: 300 sec this turn | 300 sec total\n|\n|t:|1783546726\n|move|p2a: Basculegion|Wave Crash|p1a: Toucannon\n|-crit|p1a: Toucannon\n|-damage|p1a: Toucannon|0 fnt\n|faint|p1a: Toucannon\n|-damage|p2a: Basculegion|189/323 psn|[from] Recoil\n|\n|-damage|p2a: Basculegion|149/323 psn|[from] psn\n|upkeep\n|\n|t:|1783546727\n|switch|p1a: Flygon|Flygon, L82, M|100/100\n|-damage|p1a: Flygon|94/100|[from] Stealth Rock\n|turn|21\n|inactive|Time left: 300 sec this turn | 300 sec total\n|\n|t:|1783546728\n|move|p1a: Flygon|Outrage|p2a: Basculegion\n|-damage|p2a: Basculegion|0 fnt\n|faint|p2a: Basculegion\n|\n|upkeep\n|inactive|Time left: 300 sec this turn | 300 sec total | 5 sec grace\n|\n|t:|1783546730\n|switch|p2a: Latios|Latios, L78, M|253/253\n|turn|22\n|inactive|Time left: 300 sec this turn | 300 sec total\n|\n|t:|1783546731\n|-terastallize|p2a: Latios|Steel\n|move|p2a: Latios|Calm Mind|p2a: Latios\n|-boost|p2a: Latios|spa|1\n|-boost|p2a: Latios|spd|1\n|move|p1a: Flygon|Outrage|p2a: Latios|[from] lockedmove\n|-resisted|p2a: Latios\n|-damage|p2a: Latios|179/253\n|\n|upkeep\n|turn|23\n|inactive|Time left: 300 sec this turn | 300 sec total\n|\n|t:|1783546732\n|move|p2a: Latios|Psyshock|p1a: Flygon\n|-damage|p1a: Flygon|20/100\n|move|p1a: Flygon|Outrage|p2a: Latios|[from] lockedmove\n|-resisted|p2a: Latios\n|-damage|p2a: Latios|110/253\n|-start|p1a: Flygon|confusion|[fatigue]\n|-enditem|p1a: Flygon|Lum Berry|[eat]\n|-end|p1a: Flygon|confusion\n|\n|upkeep\n|turn|24\n|inactive|Time left: 300 sec this turn | 300 sec total\n|\n|t:|1783546733\n|move|p2a: Latios|Psyshock|p1a: Flygon\n|-damage|p1a: Flygon|0 fnt\n|faint|p1a: Flygon\n|\n|upkeep\n|\n|t:|1783546734\n|switch|p1a: Dunsparce|Dunsparce, L86, F|100/100\n|-activate|p1a: Dunsparce|move: Sticky Web\n|-unboost|p1a: Dunsparce|spe|1\n|-damage|p1a: Dunsparce|88/100|[from] Stealth Rock\n|turn|25\n|inactive|Time left: 300 sec this turn | 300 sec total\n|\n|t:|1783546735\n|move|p2a: Latios|Recover|p2a: Latios\n|-heal|p2a: Latios|237/253\n|move|p1a: Dunsparce|Body Slam|p2a: Latios\n|-resisted|p2a: Latios\n|-damage|p2a: Latios|194/253\n|-status|p2a: Latios|par\n|\n|upkeep\n|turn|26\n|inactive|Time left: 300 sec this turn | 300 sec total\n|\n|t:|1783546736\n|move|p2a: Latios|Calm Mind|p2a: Latios\n|-boost|p2a: Latios|spa|1\n|-boost|p2a: Latios|spd|1\n|move|p1a: Dunsparce|Coil|p1a: Dunsparce\n|-boost|p1a: Dunsparce|atk|1\n|-boost|p1a: Dunsparce|def|1\n|-boost|p1a: Dunsparce|accuracy|1\n|\n|upkeep\n|turn|27\n|inactive|Time left: 300 sec this turn | 300 sec total\n|\n|t:|1783546737\n|move|p2a: Latios|Draco Meteor|p1a: Dunsparce\n|-damage|p1a: Dunsparce|0 fnt\n|-unboost|p2a: Latios|spa|2\n|faint|p1a: Dunsparce\n|\n|upkeep\n|\n|t:|1783546738\n|switch|p1a: Toxapex|Toxapex, L82, M|100/100\n|-activate|p1a: Toxapex|move: Sticky Web\n|-unboost|p1a: Toxapex|spe|1\n|-damage|p1a: Toxapex|88/100|[from] Stealth Rock\n|turn|28\n|inactive|Time left: 300 sec this turn | 300 sec total\n|\n|t:|1783546739\n|-terastallize|p1a: Toxapex|Fairy\n|move|p2a: Latios|Psyshock|p1a: Toxapex\n|-damage|p1a: Toxapex|53/100\n|move|p1a: Toxapex|Liquidation|p2a: Latios\n|-damage|p2a: Latios|124/253 par\n|\n|upkeep\n|turn|29\n|inactive|Time left: 300 sec this turn | 300 sec total\n|\n|t:|1783546740\n|move|p2a: Latios|Psyshock|p1a: Toxapex\n|-damage|p1a: Toxapex|17/100\n|move|p1a: Toxapex|Recover|p1a: Toxapex\n|-heal|p1a: Toxapex|67/100\n|\n|upkeep\n|turn|30\n|inactive|Time left: 300 sec this turn | 300 sec total\n|\n|t:|1783546741\n|cant|p2a: Latios|par\n|move|p1a: Toxapex|Recover|p1a: Toxapex\n|-heal|p1a: Toxapex|100/100\n|\n|upkeep\n|turn|31\n|inactive|Time left: 300 sec this turn | 300 sec total\n|\n|t:|1783546741\n|cant|p2a: Latios|par\n|move|p1a: Toxapex|Liquidation|p2a: Latios\n|-damage|p2a: Latios|48/253 par\n|\n|upkeep\n|turn|32\n|inactive|Time left: 300 sec this turn | 300 sec total\n|\n|t:|1783546743\n|move|p2a: Latios|Recover|p2a: Latios\n|-heal|p2a: Latios|175/253 par\n|move|p1a: Toxapex|Liquidation|p2a: Latios\n|-damage|p2a: Latios|99/253 par\n|\n|upkeep\n|turn|33\n|inactive|Time left: 300 sec this turn | 300 sec total\n|\n|t:|1783546744\n|move|p2a: Latios|Recover|p2a: Latios\n|-heal|p2a: Latios|226/253 par\n|move|p1a: Toxapex|Liquidation|p2a: Latios\n|-damage|p2a: Latios|148/253 par\n|\n|upkeep\n|turn|34\n|inactive|Time left: 300 sec this turn | 300 sec total\n|\n|t:|1783546745\n|move|p2a: Latios|Recover|p2a: Latios\n|-heal|p2a: Latios|253/253 par\n|move|p1a: Toxapex|Liquidation|p2a: Latios\n|-crit|p2a: Latios\n|-damage|p2a: Latios|141/253 par\n|\n|upkeep\n|turn|35\n|inactive|Time left: 300 sec this turn | 300 sec total\n|\n|t:|1783546746\n|cant|p2a: Latios|par\n|move|p1a: Toxapex|Liquidation|p2a: Latios\n|-damage|p2a: Latios|71/253 par\n|\n|upkeep\n|turn|36\n|inactive|Time left: 300 sec this turn | 300 sec total\n|\n|t:|1783546747\n|move|p2a: Latios|Recover|p2a: Latios\n|-heal|p2a: Latios|198/253 par\n|move|p1a: Toxapex|Liquidation|p2a: Latios\n|-damage|p2a: Latios|126/253 par\n|-unboost|p2a: Latios|def|1\n|\n|upkeep\n|turn|37\n|inactive|Time left: 300 sec this turn | 300 sec total\n|\n|t:|1783546748\n|move|p2a: Latios|Recover|p2a: Latios\n|-heal|p2a: Latios|253/253 par\n|move|p1a: Toxapex|Liquidation|p2a: Latios\n|-crit|p2a: Latios\n|-damage|p2a: Latios|94/253 par\n|\n|upkeep\n|turn|38\n|inactive|Time left: 300 sec this turn | 300 sec total\n|\n|t:|1783546749\n|move|p2a: Latios|Recover|p2a: Latios\n|-heal|p2a: Latios|221/253 par\n|move|p1a: Toxapex|Liquidation|p2a: Latios\n|-crit|p2a: Latios\n|-damage|p2a: Latios|59/253 par\n|\n|upkeep\n|turn|39\n|inactive|Time left: 300 sec this turn | 300 sec total\n|\n|t:|1783546750\n|move|p2a: Latios|Recover|p2a: Latios\n|-heal|p2a: Latios|186/253 par\n|move|p1a: Toxapex|Liquidation|p2a: Latios\n|-damage|p2a: Latios|86/253 par\n|\n|upkeep\n|turn|40\n|inactive|Time left: 300 sec this turn | 300 sec total\n|\n|t:|1783546751\n|cant|p2a: Latios|par\n|move|p1a: Toxapex|Liquidation|p2a: Latios\n|-damage|p2a: Latios|0 fnt\n|faint|p2a: Latios\n|\n|win|p0x5935b51", "uploadtime": 1783546751, "views": 0, "rating": 0, "private": 0, "password": null, "_winner": "p0x5935b51", "_our_name": "p0y5933e9e"}