{"id": "battle-gen9randombattle-2553", "formatid": "gen9randombattle", "format": "[Gen 9] Random Battle", "players": ["p0x2553b3d9", "p0y255354f7"], "log": "|init|battle\n|title|p0x2553b3d9 vs. p0y255354f7\n|j|\u2606p0x2553b3d9\n|j|\u2606p0y255354f7\n|t:|1783568580\n|gametype|singles\n|player|p1|p0x2553b3d9|2|\n|player|p2|p0y255354f7|169|\n|gen|9\n|tier|[Gen 9] Random Battle\n|rule|Species Clause: Limit one of each Pok\u00e9mon\n|rule|HP Percentage Mod: HP is shown in percentages\n|rule|Sleep Clause Mod: Limit one foe put to sleep\n|rule|Illusion Level Mod: Illusion disguises the Pok\u00e9mon's true level\n|\n|t:|1783568580\n|teamsize|p1|6\n|teamsize|p2|6\n|start\n|switch|p1a: Drednaw|Drednaw, L81, M|100/100\n|switch|p2a: Ursaring|Ursaring, L84, F|288/288\n|turn|1\n|inactive|Battle timer is ON: inactive players will automatically lose when time's up. (requested by p0x2553b3d9)\n|inactive|Time left: 300 sec this turn | 300 sec total | 60 sec grace\n|\n|t:|1783568582\n|move|p1a: Drednaw|Shell Smash|p1a: Drednaw\n|-unboost|p1a: Drednaw|def|1\n|-unboost|p1a: Drednaw|spd|1\n|-boost|p1a: Drednaw|atk|2\n|-boost|p1a: Drednaw|spa|2\n|-boost|p1a: Drednaw|spe|2\n|-enditem|p1a: Drednaw|White Herb\n|-clearnegativeboost|p1a: Drednaw|[silent]\n|move|p2a: Ursaring|Swords Dance|p2a: Ursaring\n|-boost|p2a: Ursaring|atk|2\n|\n|-status|p2a: Ursaring|tox|[from] item: Toxic Orb\n|upkeep\n|turn|2\n|inactive|Time left: 300 sec this turn | 300 sec total\n|inactive|p0y255354f7 also wants the timer to be on.\n|\n|t:|1783568583\n|-terastallize|p1a: Drednaw|Dark\n|move|p1a: Drednaw|Crunch|p2a: Ursaring\n|-damage|p2a: Ursaring|8/288 tox\n|move|p2a: Ursaring|Close Combat|p1a: Drednaw\n|-supereffective|p1a: Drednaw\n|-damage|p1a: Drednaw|0 fnt\n|-unboost|p2a: Ursaring|def|1\n|-unboost|p2a: Ursaring|spd|1\n|faint|p1a: Drednaw\n|\n|-damage|p2a: Ursaring|0 fnt|[from] psn\n|faint|p2a: Ursaring\n|upkeep\n|inactive|Time left: 300 sec this turn | 300 sec total | 5 sec grace\n|\n|t:|1783568584\n|switch|p1a: Landorus|Landorus, L75, M|100/100\n|switch|p2a: Golem|Golem-Alola, L93, F|300/300\n|turn|3\n|inactive|Time left: 300 sec this turn | 300 sec total\n|\n|t:|1783568585\n|switch|p2a: Vivillon|Vivillon-River, L83, M|268/268\n|move|p1a: Landorus|Earth Power|p2a: Vivillon\n|-immune|p2a: Vivillon\n|\n|upkeep\n|turn|4\n|inactive|Time left: 300 sec this turn | 300 sec total\n|\n|t:|1783568586\n|move|p1a: Landorus|Sludge Wave|p2a: Vivillon\n|-crit|p2a: Vivillon\n|-damage|p2a: Vivillon|44/268\n|move|p2a: Vivillon|Sleep Powder|p1a: Landorus\n|-status|p1a: Landorus|slp|[from] move: Sleep Powder\n|\n|upkeep\n|turn|5\n|inactive|Time left: 300 sec this turn | 300 sec total\n|\n|t:|1783568587\n|switch|p1a: Slowking|Slowking-Galar, L85, F|100/100\n|move|p2a: Vivillon|Hurricane|p1a: Slowking\n|-damage|p1a: Slowking|70/100\n|-start|p1a: Slowking|confusion\n|\n|-heal|p1a: Slowking|76/100|[from] item: Leftovers\n|upkeep\n|turn|6\n|inactive|Time left: 300 sec this turn | 300 sec total\n|\n|t:|1783568589\n|move|p2a: Vivillon|Hurricane|p1a: Slowking\n|-damage|p1a: Slowking|47/100\n|-activate|p1a: Slowking|confusion\n|move|p1a: Slowking|Psychic Noise|p2a: Vivillon\n|-damage|p2a: Vivillon|0 fnt\n|faint|p2a: Vivillon\n|\n|-heal|p1a: Slowking|53/100|[from] item: Leftovers\n|upkeep\n|inactive|Time left: 300 sec this turn | 300 sec total | 5 sec grace\n|\n|t:|1783568590\n|switch|p2a: Golem|Golem-Alola, L93, F|300/300\n|turn|7\n|inactive|Time left: 300 sec this turn | 300 sec total\n|\n|t:|1783568591\n|switch|p1a: Landorus|Landorus, L75, M|100/100 slp\n|move|p2a: Golem|Stone Edge|p1a: Landorus|[miss]\n|-miss|p2a: Golem|p1a: Landorus\n|\n|upkeep\n|turn|8\n|inactive|Time left: 300 sec this turn | 300 sec total\n|\n|t:|1783568592\n|switch|p1a: Slowking|Slowking-Galar, L85, F|86/100\n|move|p2a: Golem|Stone Edge|p1a: Slowking\n|-damage|p1a: Slowking|13/100\n|-damage|p2a: Golem|270/300|[from] item: Life Orb\n|\n|-heal|p1a: Slowking|19/100|[from] item: Leftovers\n|upkeep\n|turn|9\n|inactive|Time left: 300 sec this turn | 300 sec total\n|\n|t:|1783568592\n|switch|p1a: Landorus|Landorus, L75, M|100/100 slp\n|move|p2a: Golem|Stone Edge|p1a: Landorus\n|-damage|p1a: Landorus|23/100 slp\n|-damage|p2a: Golem|240/300|[from] item: Life Orb\n|\n|upkeep\n|turn|10\n|inactive|Time left: 300 sec this turn | 300 sec total\n|\n|t:|1783568593\n|cant|p1a: Landorus|slp\n|move|p2a: Golem|Stone Edge|p1a: Landorus\n|-damage|p1a: Landorus|0 fnt\n|faint|p1a: Landorus\n|-damage|p2a: Golem|210/300|[from] item: Life Orb\n|\n|upkeep\n|\n|t:|1783568594\n|switch|p1a: Darkrai|Darkrai, L77|100/100\n|turn|11\n|inactive|Time left: 300 sec this turn | 300 sec total\n|\n|t:|1783568595\n|move|p1a: Darkrai|Focus Blast|p2a: Golem|[miss]\n|-miss|p1a: Darkrai|p2a: Golem\n|move|p2a: Golem|Double-Edge|p1a: Darkrai\n|-damage|p1a: Darkrai|0 fnt\n|faint|p1a: Darkrai\n|-damage|p2a: Golem|133/300|[from] Recoil\n|-damage|p2a: Golem|103/300|[from] item: Life Orb\n|\n|upkeep\n|\n|t:|1783568596\n|switch|p1a: Illumise|Illumise, L91, F|100/100\n|turn|12\n|inactive|Time left: 300 sec this turn | 300 sec total\n|\n|t:|1783568597\n|move|p1a: Illumise|Bug Buzz|p2a: Golem\n|-damage|p2a: Golem|1/300\n|move|p2a: Golem|Stone Edge|p1a: Illumise\n|-supereffective|p1a: Illumise\n|-damage|p1a: Illumise|0 fnt\n|faint|p1a: Illumise\n|-damage|p2a: Golem|0 fnt|[from] item: Life Orb\n|faint|p2a: Golem\n|\n|upkeep\n|inactive|Time left: 300 sec this turn | 300 sec total | 5 sec grace\n|\n|t:|1783568597\n|switch|p1a: Bellibolt|Bellibolt, L84, F|100/100\n|switch|p2a: Exeggutor|Exeggutor-Alola, L89, M|314/314\n|turn|13\n|inactive|Time left: 300 sec this turn | 300 sec total\n|\n|t:|1783568598\n|move|p2a: Exeggutor|Calm Mind|p2a: Exeggutor\n|-boost|p2a: Exeggutor|spa|1\n|-boost|p2a: Exeggutor|spd|1\n|move|p1a: Bellibolt|Volt Switch|p2a: Exeggutor\n|-resisted|p2a: Exeggutor\n|-damage|p2a: Exeggutor|301/314\n|\n|t:|1783568599\n|switch|p1a: Slowking|Slowking-Galar, L85, F|52/100|[from] Volt Switch\n|\n|-heal|p1a: Slowking|58/100|[from] item: Leftovers\n|upkeep\n|turn|14\n|inactive|Time left: 300 sec this turn | 300 sec total\n|\n|t:|1783568600\n|move|p2a: Exeggutor|Calm Mind|p2a: Exeggutor\n|-boost|p2a: Exeggutor|spa|1\n|-boost|p2a: Exeggutor|spd|1\n|move|p1a: Slowking|Slack Off|p1a: Slowking\n|-heal|p1a: Slowking|100/100\n|\n|upkeep\n|turn|15\n|inactive|Time left: 300 sec this turn | 300 sec total\n|\n|t:|1783568600\n|move|p2a: Exeggutor|Dragon Pulse|p1a: Slowking\n|-damage|p1a: Slowking|31/100\n|move|p1a: Slowking|Slack Off|p1a: Slowking\n|-heal|p1a: Slowking|81/100\n|\n|-heal|p1a: Slowking|87/100|[from] item: Leftovers\n|upkeep\n|turn|16\n|inactive|Time left: 300 sec this turn | 300 sec total\n|\n|t:|1783568601\n|move|p2a: Exeggutor|Dragon Pulse|p1a: Slowking\n|-damage|p1a: Slowking|15/100\n|move|p1a: Slowking|Thunder Wave|p2a: Exeggutor\n|-status|p2a: Exeggutor|par\n|\n|-heal|p1a: Slowking|21/100|[from] item: Leftovers\n|upkeep\n|turn|17\n|inactive|Time left: 300 sec this turn | 300 sec total\n|\n|t:|1783568602\n|move|p1a: Slowking|Slack Off|p1a: Slowking\n|-heal|p1a: Slowking|71/100\n|move|p2a: Exeggutor|Dragon Pulse|p1a: Slowking\n|-damage|p1a: Slowking|5/100\n|\n|-heal|p1a: Slowking|11/100|[from] item: Leftovers\n|upkeep\n|turn|18\n|inactive|Time left: 300 sec this turn | 300 sec total\n|\n|t:|1783568603\n|move|p1a: Slowking|Psychic Noise|p2a: Exeggutor\n|-damage|p2a: Exeggutor|255/314 par\n|-start|p2a: Exeggutor|move: Heal Block\n|move|p2a: Exeggutor|Dragon Pulse|p1a: Slowking\n|-damage|p1a: Slowking|0 fnt\n|faint|p1a: Slowking\n|\n|upkeep\n|\n|t:|1783568604\n|switch|p1a: Bellibolt|Bellibolt, L84, F|100/100\n|turn|19\n|inactive|Time left: 300 sec this turn | 300 sec total\n|\n|t:|1783568605\n|move|p1a: Bellibolt|Muddy Water|p2a: Exeggutor\n|-resisted|p2a: Exeggutor\n|-damage|p2a: Exeggutor|247/314 par\n|cant|p2a: Exeggutor|par\n|\n|-end|p2a: Exeggutor|move: Heal Block\n|upkeep\n|turn|20\n|inactive|Time left: 300 sec this turn | 300 sec total\n|\n|t:|1783568606\n|move|p1a: Bellibolt|Muddy Water|p2a: Exeggutor\n|-resisted|p2a: Exeggutor\n|-damage|p2a: Exeggutor|238/314 par\n|-unboost|p2a: Exeggutor|accuracy|1\n|cant|p2a: Exeggutor|par\n|\n|upkeep\n|turn|21\n|inactive|Time left: 300 sec this turn | 300 sec total\n|\n|t:|1783568607\n|move|p1a: Bellibolt|Muddy Water|p2a: Exeggutor\n|-resisted|p2a: Exeggutor\n|-damage|p2a: Exeggutor|229/314 par\n|move|p2a: Exeggutor|Dragon Pulse|p1a: Bellibolt\n|-damage|p1a: Bellibolt|16/100\n|-start|p1a: Bellibolt|Charge|Dragon Pulse|[from] ability: Electromorphosis\n|\n|-heal|p1a: Bellibolt|22/100|[from] item: Leftovers\n|upkeep\n|turn|22\n|inactive|Time left: 300 sec this turn | 300 sec total\n|\n|t:|1783568608\n|move|p1a: Bellibolt|Slack Off|p1a: Bellibolt\n|-heal|p1a: Bellibolt|72/100\n|move|p2a: Exeggutor|Dragon Pulse|p1a: Bellibolt\n|-damage|p1a: Bellibolt|0 fnt\n|faint|p1a: Bellibolt\n|\n|win|p0y255354f7", "uploadtime": 1783568608, "views": 0, "rating": 0, "private": 0, "password": null, "_winner": "p0y255354f7", "_our_name": "p0y255354f7"}