{"id": "battle-gen9randombattle-1846", "formatid": "gen9randombattle", "format": "[Gen 9] Random Battle", "players": ["p0x18461b78", "p0y1846413d"], "log": "|init|battle\n|title|p0x18461b78 vs. p0y1846413d\n|j|\u2606p0x18461b78\n|j|\u2606p0y1846413d\n|t:|1783560631\n|gametype|singles\n|player|p1|p0x18461b78|102|\n|player|p2|p0y1846413d|1|\n|gen|9\n|tier|[Gen 9] Random Battle\n|rule|Species Clause: Limit one of each Pok\u00e9mon\n|rule|HP Percentage Mod: HP is shown in percentages\n|rule|Sleep Clause Mod: Limit one foe put to sleep\n|rule|Illusion Level Mod: Illusion disguises the Pok\u00e9mon's true level\n|\n|t:|1783560631\n|teamsize|p1|6\n|teamsize|p2|6\n|start\n|switch|p1a: Glaceon|Glaceon, L94, F|100/100\n|switch|p2a: Chandelure|Chandelure, L83, M|235/235\n|turn|1\n|inactive|Battle timer is ON: inactive players will automatically lose when time's up. (requested by p0x18461b78)\n|inactive|Time left: 300 sec this turn | 300 sec total | 60 sec grace\n|inactive|p0y1846413d also wants the timer to be on.\n|\n|t:|1783560633\n|switch|p1a: Stantler|Stantler, L92, M|100/100\n|-ability|p1a: Stantler|Intimidate|boost\n|-unboost|p2a: Chandelure|atk|1\n|move|p2a: Chandelure|Fire Blast|p1a: Stantler\n|-damage|p1a: Stantler|55/100\n|-status|p1a: Stantler|brn\n|\n|-damage|p1a: Stantler|49/100 brn|[from] brn\n|upkeep\n|turn|2\n|inactive|Time left: 300 sec this turn | 300 sec total\n|\n|t:|1783560634\n|move|p2a: Chandelure|Fire Blast|p1a: Stantler\n|-damage|p1a: Stantler|7/100 brn\n|move|p1a: Stantler|Shadow Ball|p2a: Chandelure\n|-supereffective|p2a: Chandelure\n|-damage|p2a: Chandelure|103/235\n|\n|-damage|p1a: Stantler|1/100 brn|[from] brn\n|upkeep\n|turn|3\n|inactive|Time left: 300 sec this turn | 300 sec total\n|\n|t:|1783560635\n|switch|p1a: Misdreavus|Misdreavus, L90, M|100/100\n|move|p2a: Chandelure|Fire Blast|p1a: Misdreavus\n|-damage|p1a: Misdreavus|62/100\n|\n|upkeep\n|turn|4\n|inactive|Time left: 300 sec this turn | 300 sec total\n|\n|t:|1783560636\n|move|p2a: Chandelure|Fire Blast|p1a: Misdreavus\n|-damage|p1a: Misdreavus|19/100\n|move|p1a: Misdreavus|Shadow Ball|p2a: Chandelure\n|-supereffective|p2a: Chandelure\n|-crit|p2a: Chandelure\n|-damage|p2a: Chandelure|0 fnt\n|faint|p2a: Chandelure\n|\n|upkeep\n|inactive|Time left: 300 sec this turn | 300 sec total | 5 sec grace\n|\n|t:|1783560637\n|switch|p2a: Meowscarada|Meowscarada, L78, M|247/247\n|turn|5\n|inactive|Time left: 300 sec this turn | 300 sec total\n|\n|t:|1783560638\n|switch|p1a: Kingambit|Kingambit, L74, F|100/100\n|move|p2a: Meowscarada|Knock Off|p1a: Kingambit\n|-start|p2a: Meowscarada|typechange|Dark|[from] ability: Protean\n|-resisted|p1a: Kingambit\n|-damage|p1a: Kingambit|80/100\n|-enditem|p1a: Kingambit|Leftovers|[from] move: Knock Off|[of] p2a: Meowscarada\n|-damage|p2a: Meowscarada|223/247|[from] item: Life Orb\n|\n|upkeep\n|turn|6\n|inactive|Time left: 300 sec this turn | 300 sec total\n|\n|t:|1783560639\n|switch|p2a: Hitmontop|Hitmontop, L88, M|231/231\n|-ability|p2a: Hitmontop|Intimidate|boost\n|-unboost|p1a: Kingambit|atk|1\n|move|p1a: Kingambit|Swords Dance|p1a: Kingambit\n|-boost|p1a: Kingambit|atk|2\n|\n|upkeep\n|turn|7\n|inactive|Time left: 300 sec this turn | 300 sec total\n|\n|t:|1783560640\n|-end|p1a: Kingambit|fallenundefined|[silent]\n|switch|p1a: Misdreavus|Misdreavus, L90, M|19/100\n|move|p2a: Hitmontop|Close Combat|p1a: Misdreavus\n|-immune|p1a: Misdreavus\n|\n|upkeep\n|turn|8\n|inactive|Time left: 300 sec this turn | 300 sec total\n|\n|t:|1783560641\n|switch|p2a: Palossand|Palossand, L89, M|296/296\n|move|p1a: Misdreavus|Will-O-Wisp|p2a: Palossand\n|-status|p2a: Palossand|brn\n|\n|-damage|p2a: Palossand|278/296 brn|[from] brn\n|upkeep\n|turn|9\n|inactive|Time left: 300 sec this turn | 300 sec total\n|\n|t:|1783560642\n|move|p1a: Misdreavus|Shadow Ball|p2a: Palossand\n|-supereffective|p2a: Palossand\n|-damage|p2a: Palossand|102/296 brn\n|move|p2a: Palossand|Shadow Ball|p1a: Misdreavus\n|-supereffective|p1a: Misdreavus\n|-damage|p1a: Misdreavus|0 fnt\n|faint|p1a: Misdreavus\n|\n|-heal|p2a: Palossand|120/296 brn|[from] item: Leftovers\n|-damage|p2a: Palossand|102/296 brn|[from] brn\n|upkeep\n|\n|t:|1783560642\n|switch|p1a: Glaceon|Glaceon, L94, F|100/100\n|turn|10\n|inactive|Time left: 300 sec this turn | 300 sec total\n|\n|t:|1783560643\n|switch|p2a: Hitmontop|Hitmontop, L88, M|231/231\n|-ability|p2a: Hitmontop|Intimidate|boost\n|-unboost|p1a: Glaceon|atk|1\n|move|p1a: Glaceon|Freeze-Dry|p2a: Hitmontop\n|-damage|p2a: Hitmontop|171/231\n|\n|upkeep\n|turn|11\n|inactive|Time left: 300 sec this turn | 300 sec total\n|\n|t:|1783560644\n|move|p1a: Glaceon|Calm Mind|p1a: Glaceon\n|-boost|p1a: Glaceon|spa|1\n|-boost|p1a: Glaceon|spd|1\n|move|p2a: Hitmontop|Close Combat|p1a: Glaceon\n|-supereffective|p1a: Glaceon\n|-damage|p1a: Glaceon|26/100\n|-unboost|p2a: Hitmontop|def|1\n|-unboost|p2a: Hitmontop|spd|1\n|\n|upkeep\n|turn|12\n|inactive|Time left: 300 sec this turn | 300 sec total\n|\n|t:|1783560645\n|move|p1a: Glaceon|Freeze-Dry|p2a: Hitmontop\n|-damage|p2a: Hitmontop|42/231\n|move|p2a: Hitmontop|Close Combat|p1a: Glaceon\n|-supereffective|p1a: Glaceon\n|-damage|p1a: Glaceon|0 fnt\n|-unboost|p2a: Hitmontop|def|1\n|-unboost|p2a: Hitmontop|spd|1\n|faint|p1a: Glaceon\n|\n|upkeep\n|\n|t:|1783560646\n|switch|p1a: Keldeo|Keldeo-Resolute, L79|100/100\n|turn|13\n|inactive|Time left: 300 sec this turn | 300 sec total\n|\n|t:|1783560647\n|switch|p2a: Palossand|Palossand, L89, M|102/296 brn\n|move|p1a: Keldeo|Calm Mind|p1a: Keldeo\n|-boost|p1a: Keldeo|spa|1\n|-boost|p1a: Keldeo|spd|1\n|\n|-heal|p2a: Palossand|120/296 brn|[from] item: Leftovers\n|-damage|p2a: Palossand|102/296 brn|[from] brn\n|upkeep\n|turn|14\n|inactive|Time left: 300 sec this turn | 300 sec total\n|\n|t:|1783560648\n|switch|p2a: Latios|Latios, L78, M|253/253\n|move|p1a: Keldeo|Hydro Pump|p2a: Latios\n|-resisted|p2a: Latios\n|-damage|p2a: Latios|171/253\n|\n|upkeep\n|turn|15\n|inactive|Time left: 300 sec this turn | 300 sec total\n|\n|t:|1783560649\n|-terastallize|p1a: Keldeo|Steel\n|move|p2a: Latios|Psyshock|p1a: Keldeo\n|-resisted|p1a: Keldeo\n|-damage|p1a: Keldeo|77/100\n|move|p1a: Keldeo|Calm Mind|p1a: Keldeo\n|-boost|p1a: Keldeo|spa|1\n|-boost|p1a: Keldeo|spd|1\n|\n|-heal|p1a: Keldeo|84/100|[from] item: Leftovers\n|upkeep\n|turn|16\n|inactive|Time left: 300 sec this turn | 300 sec total\n|\n|t:|1783560650\n|switch|p2a: Palossand|Palossand, L89, M|102/296 brn\n|move|p1a: Keldeo|Secret Sword|p2a: Palossand\n|-immune|p2a: Palossand\n|\n|-heal|p1a: Keldeo|90/100|[from] item: Leftovers\n|-heal|p2a: Palossand|120/296 brn|[from] item: Leftovers\n|-damage|p2a: Palossand|102/296 brn|[from] brn\n|upkeep\n|turn|17\n|inactive|Time left: 300 sec this turn | 300 sec total\n|\n|t:|1783560651\n|move|p1a: Keldeo|Hydro Pump|p2a: Palossand\n|-supereffective|p2a: Palossand\n|-crit|p2a: Palossand\n|-damage|p2a: Palossand|0 fnt\n|faint|p2a: Palossand\n|\n|-heal|p1a: Keldeo|96/100|[from] item: Leftovers\n|upkeep\n|inactive|Time left: 300 sec this turn | 300 sec total | 5 sec grace\n|\n|t:|1783560652\n|switch|p2a: Latios|Latios, L78, M|171/253\n|turn|18\n|inactive|Time left: 300 sec this turn | 300 sec total\n|\n|t:|1783560653\n|move|p2a: Latios|Calm Mind|p2a: Latios\n|-boost|p2a: Latios|spa|1\n|-boost|p2a: Latios|spd|1\n|move|p1a: Keldeo|Secret Sword|p2a: Latios\n|-resisted|p2a: Latios\n|-damage|p2a: Latios|65/253\n|\n|-heal|p1a: Keldeo|100/100|[from] item: Leftovers\n|upkeep\n|turn|19\n|inactive|Time left: 300 sec this turn | 300 sec total\n|\n|t:|1783560654\n|move|p2a: Latios|Recover|p2a: Latios\n|-heal|p2a: Latios|192/253\n|move|p1a: Keldeo|Secret Sword|p2a: Latios\n|-resisted|p2a: Latios\n|-damage|p2a: Latios|84/253\n|\n|upkeep\n|turn|20\n|inactive|Time left: 300 sec this turn | 300 sec total\n|\n|t:|1783560655\n|move|p2a: Latios|Recover|p2a: Latios\n|-heal|p2a: Latios|211/253\n|move|p1a: Keldeo|Secret Sword|p2a: Latios\n|-resisted|p2a: Latios\n|-damage|p2a: Latios|98/253\n|\n|upkeep\n|turn|21\n|inactive|Time left: 300 sec this turn | 300 sec total\n|\n|t:|1783560656\n|move|p2a: Latios|Recover|p2a: Latios\n|-heal|p2a: Latios|225/253\n|move|p1a: Keldeo|Secret Sword|p2a: Latios\n|-resisted|p2a: Latios\n|-damage|p2a: Latios|108/253\n|\n|upkeep\n|turn|22\n|inactive|Time left: 300 sec this turn | 300 sec total\n|\n|t:|1783560657\n|move|p2a: Latios|Recover|p2a: Latios\n|-heal|p2a: Latios|235/253\n|move|p1a: Keldeo|Secret Sword|p2a: Latios\n|-resisted|p2a: Latios\n|-damage|p2a: Latios|125/253\n|\n|upkeep\n|turn|23\n|inactive|Time left: 300 sec this turn | 300 sec total\n|\n|t:|1783560658\n|move|p2a: Latios|Recover|p2a: Latios\n|-heal|p2a: Latios|252/253\n|move|p1a: Keldeo|Secret Sword|p2a: Latios\n|-resisted|p2a: Latios\n|-damage|p2a: Latios|143/253\n|\n|upkeep\n|turn|24\n|inactive|Time left: 300 sec this turn | 300 sec total\n|\n|t:|1783560659\n|move|p2a: Latios|Recover|p2a: Latios\n|-heal|p2a: Latios|253/253\n|move|p1a: Keldeo|Secret Sword|p2a: Latios\n|-resisted|p2a: Latios\n|-damage|p2a: Latios|132/253\n|\n|upkeep\n|turn|25\n|inactive|Time left: 300 sec this turn | 300 sec total\n|\n|t:|1783560660\n|move|p2a: Latios|Recover|p2a: Latios\n|-heal|p2a: Latios|253/253\n|move|p1a: Keldeo|Secret Sword|p2a: Latios\n|-resisted|p2a: Latios\n|-damage|p2a: Latios|147/253\n|\n|upkeep\n|turn|26\n|inactive|Time left: 300 sec this turn | 300 sec total\n|\n|t:|1783560661\n|move|p2a: Latios|Psyshock|p1a: Keldeo\n|-resisted|p1a: Keldeo\n|-damage|p1a: Keldeo|66/100\n|move|p1a: Keldeo|Secret Sword|p2a: Latios\n|-resisted|p2a: Latios\n|-damage|p2a: Latios|36/253\n|\n|-heal|p1a: Keldeo|73/100|[from] item: Leftovers\n|upkeep\n|turn|27\n|inactive|Time left: 300 sec this turn | 300 sec total\n|\n|t:|1783560662\n|move|p2a: Latios|Psyshock|p1a: Keldeo\n|-resisted|p1a: Keldeo\n|-damage|p1a: Keldeo|41/100\n|move|p1a: Keldeo|Secret Sword|p2a: Latios\n|-resisted|p2a: Latios\n|-damage|p2a: Latios|0 fnt\n|faint|p2a: Latios\n|\n|-heal|p1a: Keldeo|47/100|[from] item: Leftovers\n|upkeep\n|inactive|Time left: 300 sec this turn | 300 sec total | 5 sec grace\n|\n|t:|1783560663\n|switch|p2a: Meowscarada|Meowscarada, L78, M|223/247\n|turn|28\n|inactive|Time left: 300 sec this turn | 300 sec total\n|\n|t:|1783560664\n|move|p2a: Meowscarada|Knock Off|p1a: Keldeo\n|-start|p2a: Meowscarada|typechange|Dark|[from] ability: Protean\n|-damage|p1a: Keldeo|0 fnt\n|-enditem|p1a: Keldeo|Leftovers|[from] move: Knock Off|[of] p2a: Meowscarada\n|faint|p1a: Keldeo\n|-damage|p2a: Meowscarada|199/247|[from] item: Life Orb\n|\n|upkeep\n|\n|t:|1783560665\n|switch|p1a: Kingambit|Kingambit, L74, F|80/100\n|-activate|p1a: Kingambit|ability: Supreme Overlord\n|-start|p1a: Kingambit|fallen3|[silent]\n|turn|29\n|inactive|Time left: 300 sec this turn | 300 sec total\n|\n|t:|1783560666\n|switch|p2a: Hitmontop|Hitmontop, L88, M|42/231\n|-ability|p2a: Hitmontop|Intimidate|boost\n|-unboost|p1a: Kingambit|atk|1\n|move|p1a: Kingambit|Swords Dance|p1a: Kingambit\n|-boost|p1a: Kingambit|atk|2\n|\n|upkeep\n|turn|30\n|inactive|Time left: 300 sec this turn | 300 sec total\n|\n|t:|1783560667\n|switch|p2a: Dialga|Dialga-Origin, L73|266/266\n|-ability|p2a: Dialga|Pressure\n|move|p1a: Kingambit|Sucker Punch||[still]\n|-fail|p1a: Kingambit\n|\n|upkeep\n|turn|31\n|inactive|Time left: 300 sec this turn | 300 sec total\n|\n|t:|1783560668\n|move|p2a: Dialga|Fire Blast|p1a: Kingambit\n|-supereffective|p1a: Kingambit\n|-damage|p1a: Kingambit|10/100\n|-status|p1a: Kingambit|brn\n|move|p1a: Kingambit|Kowtow Cleave|p2a: Dialga\n|-damage|p2a: Dialga|193/266\n|\n|-damage|p1a: Kingambit|5/100 brn|[from] brn\n|upkeep\n|turn|32\n|inactive|Time left: 300 sec this turn | 300 sec total\n|\n|t:|1783560670\n|move|p2a: Dialga|Stealth Rock|p1a: Kingambit\n|-sidestart|p1: p0x18461b78|move: Stealth Rock\n|move|p1a: Kingambit|Kowtow Cleave|p2a: Dialga\n|-damage|p2a: Dialga|115/266\n|\n|-damage|p1a: Kingambit|0 fnt|[from] brn\n|faint|p1a: Kingambit\n|-end|p1a: Kingambit|fallen3|[silent]\n|upkeep\n|\n|t:|1783560671\n|switch|p1a: Electrode|Electrode, L92|100/100\n|turn|33\n|inactive|Time left: 300 sec this turn | 300 sec total\n|\n|t:|1783560672\n|move|p1a: Electrode|Foul Play|p2a: Dialga\n|-damage|p2a: Dialga|65/266\n|move|p2a: Dialga|Draco Meteor|p1a: Electrode\n|-damage|p1a: Electrode|29/100\n|-unboost|p2a: Dialga|spa|2\n|\n|upkeep\n|turn|34\n|inactive|Time left: 300 sec this turn | 300 sec total\n|\n|t:|1783560673\n|move|p1a: Electrode|Volt Switch|p2a: Dialga\n|-resisted|p2a: Dialga\n|-damage|p2a: Dialga|33/266\n|\n|t:|1783560673\n|switch|p1a: Stantler|Stantler, L92, M|1/100 brn|[from] Volt Switch\n|-damage|p1a: Stantler|0 fnt|[from] Stealth Rock\n|faint|p1a: Stantler\n|move|p2a: Dialga|Draco Meteor|p1: Stantler|[notarget]\n|-fail|p2a: Dialga\n|\n|upkeep\n|\n|t:|1783560674\n|switch|p1a: Electrode|Electrode, L92|29/100\n|turn|35\n|inactive|Time left: 300 sec this turn | 300 sec total\n|\n|t:|1783560675\n|-terastallize|p2a: Dialga|Steel\n|move|p1a: Electrode|Thunderbolt|p2a: Dialga\n|-damage|p2a: Dialga|0 fnt\n|faint|p2a: Dialga\n|\n|upkeep\n|inactive|Time left: 300 sec this turn | 300 sec total | 5 sec grace\n|\n|t:|1783560676\n|switch|p2a: Meowscarada|Meowscarada, L78, M|199/247\n|turn|36\n|inactive|Time left: 300 sec this turn | 300 sec total\n|\n|t:|1783560677\n|move|p1a: Electrode|Thunderbolt|p2a: Meowscarada\n|-resisted|p2a: Meowscarada\n|-damage|p2a: Meowscarada|137/247\n|move|p2a: Meowscarada|Flower Trick|p1a: Electrode\n|-start|p2a: Meowscarada|typechange|Grass|[from] ability: Protean\n|-crit|p1a: Electrode\n|-damage|p1a: Electrode|0 fnt\n|faint|p1a: Electrode\n|-damage|p2a: Meowscarada|113/247|[from] item: Life Orb\n|\n|win|p0y1846413d", "uploadtime": 1783560677, "views": 0, "rating": 0, "private": 0, "password": null, "_winner": "p0y1846413d", "_our_name": "p0y1846413d"}