{"id": "battle-gen9randombattle-605", "formatid": "gen9randombattle", "format": "[Gen 9] Random Battle", "players": ["p0x6055a50", "p0y6058326"], "log": "|init|battle\n|title|p0x6055a50 vs. p0y6058326\n|j|\u2606p0x6055a50\n|j|\u2606p0y6058326\n|t:|1783546124\n|gametype|singles\n|player|p1|p0x6055a50|101|\n|player|p2|p0y6058326|170|\n|gen|9\n|tier|[Gen 9] Random Battle\n|rule|Species Clause: Limit one of each Pok\u00e9mon\n|rule|HP Percentage Mod: HP is shown in percentages\n|rule|Sleep Clause Mod: Limit one foe put to sleep\n|rule|Illusion Level Mod: Illusion disguises the Pok\u00e9mon's true level\n|\n|t:|1783546124\n|teamsize|p1|6\n|teamsize|p2|6\n|start\n|switch|p1a: Tinkaton|Tinkaton, L82, F|274/274\n|switch|p2a: Gumshoos|Gumshoos, L95, M|100/100\n|-ability|p1a: Tinkaton|Mold Breaker\n|turn|1\n|inactive|Battle timer is ON: inactive players will automatically lose when time's up. (requested by p0x6055a50)\n|\n|t:|1783546126\n|move|p1a: Tinkaton|Protect|p1a: Tinkaton\n|-singleturn|p1a: Tinkaton|Protect\n|move|p2a: Gumshoos|Earthquake|p1a: Tinkaton\n|-activate|p1a: Tinkaton|move: Protect\n|\n|upkeep\n|turn|2\n|inactive|Time left: 300 sec this turn | 300 sec total\n|inactive|p0y6058326 also wants the timer to be on.\n|\n|t:|1783546127\n|switch|p1a: Rotom|Rotom-Wash, L82|216/216\n|move|p2a: Gumshoos|Earthquake|p1a: Rotom\n|-immune|p1a: Rotom|[from] ability: Levitate\n|\n|upkeep\n|turn|3\n|inactive|Time left: 300 sec this turn | 300 sec total\n|\n|t:|1783546128\n|move|p1a: Rotom|Thunderbolt|p2a: Gumshoos\n|-damage|p2a: Gumshoos|63/100\n|move|p2a: Gumshoos|Earthquake|p1a: Rotom\n|-immune|p1a: Rotom|[from] ability: Levitate\n|\n|upkeep\n|turn|4\n|inactive|Time left: 300 sec this turn | 300 sec total\n|\n|t:|1783546129\n|switch|p2a: Indeedee|Indeedee, L84, M|100/100\n|-fieldstart|move: Psychic Terrain|[from] ability: Psychic Surge|[of] p2a: Indeedee\n|move|p1a: Rotom|Thunderbolt|p2a: Indeedee\n|-damage|p2a: Indeedee|60/100\n|\n|upkeep\n|turn|5\n|inactive|Time left: 300 sec this turn | 300 sec total\n|\n|t:|1783546130\n|switch|p1a: Tinkaton|Tinkaton, L82, F|274/274\n|-ability|p1a: Tinkaton|Mold Breaker\n|move|p2a: Indeedee|Expanding Force|p1a: Tinkaton\n|-resisted|p1a: Tinkaton\n|-damage|p1a: Tinkaton|147/274\n|\n|-heal|p1a: Tinkaton|164/274|[from] item: Leftovers\n|upkeep\n|turn|6\n|inactive|Time left: 300 sec this turn | 300 sec total\n|\n|t:|1783546131\n|move|p2a: Indeedee|Expanding Force|p1a: Tinkaton\n|-resisted|p1a: Tinkaton\n|-damage|p1a: Tinkaton|40/274\n|move|p1a: Tinkaton|Gigaton Hammer|p2a: Indeedee\n|-damage|p2a: Indeedee|0 fnt\n|faint|p2a: Indeedee\n|\n|-heal|p1a: Tinkaton|57/274|[from] item: Leftovers\n|upkeep\n|\n|t:|1783546132\n|switch|p2a: Golurk|Golurk, L87|100/100\n|turn|7\n|inactive|Time left: 300 sec this turn | 300 sec total\n|\n|t:|1783546133\n|move|p1a: Tinkaton|Protect|p1a: Tinkaton\n|-singleturn|p1a: Tinkaton|Protect\n|move|p2a: Golurk|Poltergeist|p1a: Tinkaton\n|-activate|p1a: Tinkaton|move: Protect\n|\n|-heal|p1a: Tinkaton|74/274|[from] item: Leftovers\n|upkeep\n|turn|8\n|inactive|Time left: 300 sec this turn | 300 sec total\n|\n|t:|1783546134\n|move|p1a: Tinkaton|Gigaton Hammer|p2a: Golurk\n|-damage|p2a: Golurk|52/100\n|move|p2a: Golurk|Poltergeist|p1a: Tinkaton\n|-activate|p1a: Tinkaton|move: Poltergeist|Leftovers\n|-damage|p1a: Tinkaton|0 fnt\n|faint|p1a: Tinkaton\n|\n|-fieldend|move: Psychic Terrain\n|upkeep\n|inactive|Time left: 300 sec this turn | 300 sec total | 5 sec grace\n|\n|t:|1783546135\n|switch|p1a: Necrozma|Necrozma, L80|286/286\n|turn|9\n|inactive|Time left: 300 sec this turn | 300 sec total\n|\n|t:|1783546136\n|move|p1a: Necrozma|Photon Geyser|p2a: Golurk\n|-damage|p2a: Golurk|0 fnt\n|faint|p2a: Golurk\n|-damage|p1a: Necrozma|258/286|[from] item: Life Orb\n|\n|upkeep\n|\n|t:|1783546137\n|switch|p2a: Gumshoos|Gumshoos, L95, M|63/100\n|turn|10\n|inactive|Time left: 300 sec this turn | 300 sec total\n|\n|t:|1783546138\n|move|p1a: Necrozma|Knock Off|p2a: Gumshoos\n|-damage|p2a: Gumshoos|31/100\n|-enditem|p2a: Gumshoos|Choice Band|[from] move: Knock Off|[of] p1a: Necrozma\n|-damage|p1a: Necrozma|230/286|[from] item: Life Orb\n|move|p2a: Gumshoos|Knock Off|p1a: Necrozma\n|-supereffective|p1a: Necrozma\n|-damage|p1a: Necrozma|91/286\n|-enditem|p1a: Necrozma|Life Orb|[from] move: Knock Off|[of] p2a: Gumshoos\n|\n|upkeep\n|turn|11\n|inactive|Time left: 300 sec this turn | 300 sec total\n|\n|t:|1783546139\n|move|p1a: Necrozma|Photon Geyser|p2a: Gumshoos\n|-damage|p2a: Gumshoos|0 fnt\n|faint|p2a: Gumshoos\n|\n|upkeep\n|\n|t:|1783546140\n|switch|p2a: Wugtrio|Wugtrio, L91, M|100/100\n|turn|12\n|inactive|Time left: 300 sec this turn | 300 sec total\n|\n|t:|1783546141\n|switch|p1a: Rotom|Rotom-Wash, L82|216/216\n|move|p2a: Wugtrio|Liquidation|p1a: Rotom\n|-resisted|p1a: Rotom\n|-damage|p1a: Rotom|148/216\n|\n|-heal|p1a: Rotom|161/216|[from] item: Leftovers\n|upkeep\n|turn|13\n|inactive|Time left: 300 sec this turn | 300 sec total\n|\n|t:|1783546142\n|move|p2a: Wugtrio|Liquidation|p1a: Rotom\n|-resisted|p1a: Rotom\n|-damage|p1a: Rotom|89/216\n|move|p1a: Rotom|Thunderbolt|p2a: Wugtrio\n|-supereffective|p2a: Wugtrio\n|-damage|p2a: Wugtrio|0 fnt\n|faint|p2a: Wugtrio\n|\n|-heal|p1a: Rotom|102/216|[from] item: Leftovers\n|upkeep\n|\n|t:|1783546142\n|switch|p2a: Comfey|Comfey, L85, F|100/100\n|turn|14\n|inactive|Time left: 300 sec this turn | 300 sec total\n|\n|t:|1783546143\n|move|p2a: Comfey|Calm Mind|p2a: Comfey\n|-boost|p2a: Comfey|spa|1\n|-boost|p2a: Comfey|spd|1\n|move|p1a: Rotom|Pain Split|p2a: Comfey\n|-sethp|p2a: Comfey|73/100|[from] move: Pain Split|[silent]\n|-sethp|p1a: Rotom|163/216|[from] move: Pain Split\n|\n|-heal|p2a: Comfey|79/100|[from] item: Leftovers\n|-heal|p1a: Rotom|176/216|[from] item: Leftovers\n|upkeep\n|turn|15\n|inactive|Time left: 300 sec this turn | 300 sec total\n|\n|t:|1783546144\n|switch|p1a: Rhyperior|Rhyperior, L82, F|323/323\n|move|p2a: Comfey|Calm Mind|p2a: Comfey\n|-boost|p2a: Comfey|spa|1\n|-boost|p2a: Comfey|spd|1\n|\n|-heal|p2a: Comfey|85/100|[from] item: Leftovers\n|upkeep\n|turn|16\n|inactive|Time left: 300 sec this turn | 300 sec total\n|\n|t:|1783546145\n|-terastallize|p1a: Rhyperior|Steel\n|move|p2a: Comfey|Giga Drain|p1a: Rhyperior\n|-resisted|p1a: Rhyperior\n|-damage|p1a: Rhyperior|281/323\n|-heal|p2a: Comfey|95/100|[from] drain|[of] p1a: Rhyperior\n|move|p1a: Rhyperior|Earthquake|p2a: Comfey\n|-damage|p2a: Comfey|35/100\n|\n|-heal|p2a: Comfey|41/100|[from] item: Leftovers\n|upkeep\n|turn|17\n|inactive|Time left: 300 sec this turn | 300 sec total\n|\n|t:|1783546147\n|move|p2a: Comfey|Draining Kiss|p1a: Rhyperior\n|-resisted|p1a: Rhyperior\n|-damage|p1a: Rhyperior|236/323\n|-heal|p2a: Comfey|56/100|[from] drain|[of] p1a: Rhyperior\n|move|p1a: Rhyperior|Earthquake|p2a: Comfey\n|-damage|p2a: Comfey|2/100\n|\n|-heal|p2a: Comfey|8/100|[from] item: Leftovers\n|upkeep\n|turn|18\n|inactive|Time left: 300 sec this turn | 300 sec total\n|\n|t:|1783546148\n|move|p2a: Comfey|Draining Kiss|p1a: Rhyperior\n|-resisted|p1a: Rhyperior\n|-damage|p1a: Rhyperior|186/323\n|-heal|p2a: Comfey|25/100|[from] drain|[of] p1a: Rhyperior\n|move|p1a: Rhyperior|Earthquake|p2a: Comfey\n|-damage|p2a: Comfey|0 fnt\n|faint|p2a: Comfey\n|\n|upkeep\n|\n|t:|1783546149\n|switch|p2a: Pecharunt|Pecharunt, L77|100/100\n|turn|19\n|inactive|Time left: 300 sec this turn | 300 sec total\n|\n|t:|1783546150\n|move|p2a: Pecharunt|Parting Shot|p1a: Rhyperior\n|-unboost|p1a: Rhyperior|atk|1\n|-unboost|p1a: Rhyperior|spa|1\n|move|p1a: Rhyperior|Earthquake|p2a: Pecharunt\n|-supereffective|p2a: Pecharunt\n|-damage|p2a: Pecharunt|54/100\n|\n|-heal|p2a: Pecharunt|60/100|[from] item: Leftovers\n|upkeep\n|turn|20\n|inactive|Time left: 300 sec this turn | 300 sec total\n|\n|t:|1783546151\n|move|p2a: Pecharunt|Parting Shot|p1a: Rhyperior\n|-unboost|p1a: Rhyperior|atk|1\n|-unboost|p1a: Rhyperior|spa|1\n|move|p1a: Rhyperior|Earthquake|p2a: Pecharunt\n|-supereffective|p2a: Pecharunt\n|-damage|p2a: Pecharunt|23/100\n|\n|-heal|p2a: Pecharunt|30/100|[from] item: Leftovers\n|upkeep\n|turn|21\n|inactive|Time left: 300 sec this turn | 300 sec total\n|\n|t:|1783546152\n|switch|p1a: Rotom|Rotom-Wash, L82|176/216\n|move|p2a: Pecharunt|Recover|p2a: Pecharunt\n|-heal|p2a: Pecharunt|80/100\n|\n|-heal|p1a: Rotom|189/216|[from] item: Leftovers\n|-heal|p2a: Pecharunt|86/100|[from] item: Leftovers\n|upkeep\n|turn|22\n|inactive|Time left: 300 sec this turn | 300 sec total\n|\n|t:|1783546153\n|move|p1a: Rotom|Thunderbolt|p2a: Pecharunt\n|-damage|p2a: Pecharunt|44/100\n|move|p2a: Pecharunt|Malignant Chain|p1a: Rotom\n|-damage|p1a: Rotom|113/216\n|-status|p1a: Rotom|tox\n|-start|p1a: Rotom|confusion|[from] ability: Poison Puppeteer|[of] p2a: Pecharunt\n|\n|-heal|p1a: Rotom|126/216 tox|[from] item: Leftovers\n|-heal|p2a: Pecharunt|50/100|[from] item: Leftovers\n|-damage|p1a: Rotom|113/216 tox|[from] psn\n|upkeep\n|turn|23\n|inactive|Time left: 300 sec this turn | 300 sec total\n|\n|t:|1783546155\n|-activate|p1a: Rotom|confusion\n|-damage|p1a: Rotom|99/216 tox|[from] confusion\n|move|p2a: Pecharunt|Recover|p2a: Pecharunt\n|-heal|p2a: Pecharunt|99/100\n|\n|-heal|p1a: Rotom|112/216 tox|[from] item: Leftovers\n|-heal|p2a: Pecharunt|100/100|[from] item: Leftovers\n|-damage|p1a: Rotom|86/216 tox|[from] psn\n|upkeep\n|turn|24\n|inactive|Time left: 300 sec this turn | 300 sec total\n|\n|t:|1783546156\n|switch|p1a: Rhyperior|Rhyperior, L82, F, tera:Steel|186/323\n|move|p2a: Pecharunt|Shadow Ball|p1a: Rhyperior\n|-damage|p1a: Rhyperior|126/323\n|\n|upkeep\n|turn|25\n|inactive|Time left: 300 sec this turn | 300 sec total\n|\n|t:|1783546157\n|move|p2a: Pecharunt|Parting Shot|p1a: Rhyperior\n|-unboost|p1a: Rhyperior|atk|1\n|-unboost|p1a: Rhyperior|spa|1\n|move|p1a: Rhyperior|Earthquake|p2a: Pecharunt\n|-supereffective|p2a: Pecharunt\n|-damage|p2a: Pecharunt|56/100\n|\n|-heal|p2a: Pecharunt|62/100|[from] item: Leftovers\n|upkeep\n|turn|26\n|inactive|Time left: 300 sec this turn | 300 sec total\n|\n|t:|1783546158\n|move|p2a: Pecharunt|Parting Shot|p1a: Rhyperior\n|-unboost|p1a: Rhyperior|atk|1\n|-unboost|p1a: Rhyperior|spa|1\n|move|p1a: Rhyperior|Earthquake|p2a: Pecharunt\n|-supereffective|p2a: Pecharunt\n|-damage|p2a: Pecharunt|27/100\n|\n|-heal|p2a: Pecharunt|33/100|[from] item: Leftovers\n|upkeep\n|turn|27\n|inactive|Time left: 300 sec this turn | 300 sec total\n|\n|t:|1783546159\n|move|p2a: Pecharunt|Recover|p2a: Pecharunt\n|-heal|p2a: Pecharunt|83/100\n|move|p1a: Rhyperior|Earthquake|p2a: Pecharunt\n|-supereffective|p2a: Pecharunt\n|-damage|p2a: Pecharunt|46/100\n|\n|-heal|p2a: Pecharunt|52/100|[from] item: Leftovers\n|upkeep\n|turn|28\n|inactive|Time left: 300 sec this turn | 300 sec total\n|\n|t:|1783546161\n|switch|p1a: Cyclizar|Cyclizar, L84, F|255/255\n|move|p2a: Pecharunt|Shadow Ball|p1a: Cyclizar\n|-immune|p1a: Cyclizar\n|\n|-heal|p2a: Pecharunt|58/100|[from] item: Leftovers\n|upkeep\n|turn|29\n|inactive|Time left: 300 sec this turn | 300 sec total\n|\n|t:|1783546162\n|move|p1a: Cyclizar|Draco Meteor|p2a: Pecharunt\n|-damage|p2a: Pecharunt|5/100\n|-unboost|p1a: Cyclizar|spa|2\n|move|p2a: Pecharunt|Recover|p2a: Pecharunt\n|-heal|p2a: Pecharunt|55/100\n|\n|-heal|p2a: Pecharunt|62/100|[from] item: Leftovers\n|upkeep\n|turn|30\n|inactive|Time left: 300 sec this turn | 300 sec total\n|\n|t:|1783546163\n|move|p1a: Cyclizar|Shed Tail|p1a: Cyclizar\n|-start|p1a: Cyclizar|Substitute|[from] move: Shed Tail\n|-damage|p1a: Cyclizar|127/255\n|inactive|Time left: 300 sec this turn | 300 sec total | 5 sec grace\n|\n|t:|1783546164\n|switch|p1a: Rhyperior|Rhyperior, L82, F, tera:Steel|126/323|[from] Shed Tail\n|move|p2a: Pecharunt|Recover|p2a: Pecharunt\n|-heal|p2a: Pecharunt|100/100\n|\n|upkeep\n|turn|31\n|inactive|Time left: 300 sec this turn | 300 sec total\n|\n|t:|1783546165\n|move|p2a: Pecharunt|Shadow Ball|p1a: Rhyperior\n|-activate|p1a: Rhyperior|move: Substitute|[damage]\n|move|p1a: Rhyperior|Earthquake|p2a: Pecharunt\n|-supereffective|p2a: Pecharunt\n|-damage|p2a: Pecharunt|30/100\n|\n|-heal|p2a: Pecharunt|36/100|[from] item: Leftovers\n|upkeep\n|turn|32\n|inactive|Time left: 300 sec this turn | 300 sec total\n|\n|t:|1783546166\n|-terastallize|p2a: Pecharunt|Dark\n|move|p2a: Pecharunt|Recover|p2a: Pecharunt\n|-heal|p2a: Pecharunt|86/100\n|move|p1a: Rhyperior|Earthquake|p2a: Pecharunt\n|-damage|p2a: Pecharunt|54/100\n|\n|-heal|p2a: Pecharunt|60/100|[from] item: Leftovers\n|upkeep\n|turn|33\n|inactive|Time left: 300 sec this turn | 300 sec total\n|\n|t:|1783546167\n|move|p2a: Pecharunt|Recover|p2a: Pecharunt\n|-heal|p2a: Pecharunt|100/100\n|move|p1a: Rhyperior|Stone Edge|p2a: Pecharunt\n|-crit|p2a: Pecharunt\n|-damage|p2a: Pecharunt|46/100\n|\n|-heal|p2a: Pecharunt|52/100|[from] item: Leftovers\n|upkeep\n|turn|34\n|inactive|Time left: 300 sec this turn | 300 sec total\n|\n|t:|1783546168\n|move|p2a: Pecharunt|Recover|p2a: Pecharunt\n|-heal|p2a: Pecharunt|100/100\n|move|p1a: Rhyperior|Earthquake|p2a: Pecharunt\n|-damage|p2a: Pecharunt|66/100\n|\n|-heal|p2a: Pecharunt|72/100|[from] item: Leftovers\n|upkeep\n|turn|35\n|inactive|Time left: 300 sec this turn | 300 sec total\n|\n|t:|1783546169\n|move|p2a: Pecharunt|Shadow Ball|p1a: Rhyperior\n|-end|p1a: Rhyperior|Substitute\n|move|p1a: Rhyperior|Earthquake|p2a: Pecharunt\n|-damage|p2a: Pecharunt|34/100\n|\n|-heal|p2a: Pecharunt|41/100|[from] item: Leftovers\n|upkeep\n|turn|36\n|inactive|Time left: 300 sec this turn | 300 sec total\n|\n|t:|1783546170\n|move|p2a: Pecharunt|Parting Shot|p1a: Rhyperior\n|-unboost|p1a: Rhyperior|atk|1\n|-unboost|p1a: Rhyperior|spa|1\n|move|p1a: Rhyperior|Earthquake|p2a: Pecharunt\n|-damage|p2a: Pecharunt|18/100\n|\n|-heal|p2a: Pecharunt|24/100|[from] item: Leftovers\n|upkeep\n|turn|37\n|inactive|Time left: 300 sec this turn | 300 sec total\n|\n|t:|1783546171\n|move|p2a: Pecharunt|Shadow Ball|p1a: Rhyperior\n|-damage|p1a: Rhyperior|65/323\n|-unboost|p1a: Rhyperior|spd|1\n|move|p1a: Rhyperior|Earthquake|p2a: Pecharunt\n|-damage|p2a: Pecharunt|3/100\n|\n|-heal|p2a: Pecharunt|9/100|[from] item: Leftovers\n|upkeep\n|turn|38\n|inactive|Time left: 300 sec this turn | 300 sec total\n|\n|t:|1783546172\n|move|p2a: Pecharunt|Shadow Ball|p1a: Rhyperior\n|-damage|p1a: Rhyperior|0 fnt\n|faint|p1a: Rhyperior\n|\n|-heal|p2a: Pecharunt|15/100|[from] item: Leftovers\n|upkeep\n|inactive|Time left: 300 sec this turn | 300 sec total | 5 sec grace\n|\n|t:|1783546173\n|switch|p1a: Rotom|Rotom-Wash, L82|86/216 tox\n|turn|39\n|inactive|Time left: 300 sec this turn | 300 sec total\n|\n|t:|1783546174\n|move|p1a: Rotom|Thunderbolt|p2a: Pecharunt\n|-damage|p2a: Pecharunt|0 fnt\n|faint|p2a: Pecharunt\n|\n|win|p0x6055a50", "uploadtime": 1783546174, "views": 0, "rating": 0, "private": 0, "password": null, "_winner": "p0x6055a50", "_our_name": "p0x6055a50"}