{"id": "battle-gen9randombattle-912", "formatid": "gen9randombattle", "format": "[Gen 9] Random Battle", "players": ["p0x912e9a8", "p0y91264a1"], "log": "|init|battle\n|title|p0x912e9a8 vs. p0y91264a1\n|j|\u2606p0x912e9a8\n|j|\u2606p0y91264a1\n|t:|1783550482\n|gametype|singles\n|player|p1|p0x912e9a8|169|\n|player|p2|p0y91264a1|102|\n|gen|9\n|tier|[Gen 9] Random Battle\n|rule|Species Clause: Limit one of each Pok\u00e9mon\n|rule|HP Percentage Mod: HP is shown in percentages\n|rule|Sleep Clause Mod: Limit one foe put to sleep\n|rule|Illusion Level Mod: Illusion disguises the Pok\u00e9mon's true level\n|\n|t:|1783550482\n|teamsize|p1|6\n|teamsize|p2|6\n|start\n|switch|p1a: Gyarados|Gyarados, L79, F|280/280\n|switch|p2a: Appletun|Appletun, L92, F|100/100\n|turn|1\n|inactive|Battle timer is ON: inactive players will automatically lose when time's up. (requested by p0y91264a1)\n|inactive|Time left: 300 sec this turn | 300 sec total | 60 sec grace\n|inactive|p0x912e9a8 also wants the timer to be on.\n|\n|t:|1783550484\n|move|p1a: Gyarados|Dragon Dance|p1a: Gyarados\n|-boost|p1a: Gyarados|atk|1\n|-boost|p1a: Gyarados|spe|1\n|move|p2a: Appletun|Apple Acid|p1a: Gyarados\n|-damage|p1a: Gyarados|186/280\n|-unboost|p1a: Gyarados|spd|1\n|\n|upkeep\n|turn|2\n|inactive|Time left: 300 sec this turn | 300 sec total\n|\n|t:|1783550485\n|switch|p1a: Girafarig|Girafarig, L89, M|269/269\n|move|p2a: Appletun|Draco Meteor|p1a: Girafarig\n|-damage|p1a: Girafarig|137/269\n|-unboost|p2a: Appletun|spa|2\n|\n|upkeep\n|turn|3\n|inactive|Time left: 300 sec this turn | 300 sec total\n|\n|t:|1783550486\n|switch|p2a: Oranguru|Oranguru, L92, M|100/100\n|move|p1a: Girafarig|Nasty Plot|p1a: Girafarig\n|-boost|p1a: Girafarig|spa|2\n|\n|upkeep\n|turn|4\n|inactive|Time left: 300 sec this turn | 300 sec total\n|\n|t:|1783550487\n|move|p1a: Girafarig|Hyper Voice|p2a: Oranguru\n|-damage|p2a: Oranguru|53/100\n|move|p2a: Oranguru|Nasty Plot|p2a: Oranguru\n|-boost|p2a: Oranguru|spa|2\n|\n|-heal|p2a: Oranguru|59/100|[from] item: Leftovers\n|upkeep\n|turn|5\n|inactive|Time left: 300 sec this turn | 300 sec total\n|\n|t:|1783550488\n|-terastallize|p1a: Girafarig|Normal\n|move|p1a: Girafarig|Hyper Voice|p2a: Oranguru\n|-damage|p2a: Oranguru|0 fnt\n|faint|p2a: Oranguru\n|\n|upkeep\n|\n|t:|1783550489\n|switch|p2a: Skeledirge|Skeledirge, L79, F|100/100\n|turn|6\n|inactive|Time left: 300 sec this turn | 300 sec total\n|\n|t:|1783550490\n|move|p1a: Girafarig|Psyshock|p2a: Skeledirge\n|-damage|p2a: Skeledirge|70/100\n|move|p2a: Skeledirge|Torch Song|p1a: Girafarig\n|-damage|p1a: Girafarig|68/269\n|-boost|p2a: Skeledirge|spa|1\n|\n|upkeep\n|turn|7\n|inactive|Time left: 300 sec this turn | 300 sec total\n|\n|t:|1783550491\n|switch|p1a: Tyranitar|Tyranitar, L78, F|284/284\n|-weather|Sandstorm|[from] ability: Sand Stream|[of] p1a: Tyranitar\n|move|p2a: Skeledirge|Torch Song|p1a: Tyranitar\n|-resisted|p1a: Tyranitar\n|-damage|p1a: Tyranitar|245/284\n|-boost|p2a: Skeledirge|spa|1\n|\n|-weather|Sandstorm|[upkeep]\n|-damage|p2a: Skeledirge|63/100|[from] Sandstorm\n|upkeep\n|turn|8\n|inactive|Time left: 300 sec this turn | 300 sec total\n|\n|t:|1783550492\n|move|p2a: Skeledirge|Will-O-Wisp|p1a: Tyranitar\n|-status|p1a: Tyranitar|brn\n|move|p1a: Tyranitar|Knock Off|p2a: Skeledirge\n|-supereffective|p2a: Skeledirge\n|-damage|p2a: Skeledirge|25/100\n|-enditem|p2a: Skeledirge|Heavy-Duty Boots|[from] move: Knock Off|[of] p1a: Tyranitar\n|\n|-weather|Sandstorm|[upkeep]\n|-damage|p2a: Skeledirge|19/100|[from] Sandstorm\n|-damage|p1a: Tyranitar|228/284 brn|[from] brn\n|upkeep\n|turn|9\n|inactive|Time left: 300 sec this turn | 300 sec total\n|\n|t:|1783550494\n|move|p2a: Skeledirge|Slack Off|p2a: Skeledirge\n|-heal|p2a: Skeledirge|69/100\n|move|p1a: Tyranitar|Stone Edge|p2a: Skeledirge\n|-supereffective|p2a: Skeledirge\n|-damage|p2a: Skeledirge|32/100\n|\n|-weather|Sandstorm|[upkeep]\n|-damage|p2a: Skeledirge|26/100|[from] Sandstorm\n|-damage|p1a: Tyranitar|211/284 brn|[from] brn\n|upkeep\n|turn|10\n|inactive|Time left: 300 sec this turn | 300 sec total\n|\n|t:|1783550495\n|move|p2a: Skeledirge|Slack Off|p2a: Skeledirge\n|-heal|p2a: Skeledirge|76/100\n|move|p1a: Tyranitar|Stone Edge|p2a: Skeledirge\n|-supereffective|p2a: Skeledirge\n|-damage|p2a: Skeledirge|38/100\n|\n|-weather|Sandstorm|[upkeep]\n|-damage|p2a: Skeledirge|32/100|[from] Sandstorm\n|-damage|p1a: Tyranitar|194/284 brn|[from] brn\n|upkeep\n|turn|11\n|inactive|Time left: 300 sec this turn | 300 sec total\n|\n|t:|1783550496\n|move|p2a: Skeledirge|Slack Off|p2a: Skeledirge\n|-heal|p2a: Skeledirge|82/100\n|move|p1a: Tyranitar|Stone Edge|p2a: Skeledirge\n|-supereffective|p2a: Skeledirge\n|-damage|p2a: Skeledirge|43/100\n|\n|-weather|none\n|-damage|p1a: Tyranitar|177/284 brn|[from] brn\n|upkeep\n|turn|12\n|inactive|Time left: 300 sec this turn | 300 sec total\n|\n|t:|1783550497\n|move|p2a: Skeledirge|Slack Off|p2a: Skeledirge\n|-heal|p2a: Skeledirge|93/100\n|move|p1a: Tyranitar|Stone Edge|p2a: Skeledirge\n|-supereffective|p2a: Skeledirge\n|-damage|p2a: Skeledirge|57/100\n|\n|-damage|p1a: Tyranitar|160/284 brn|[from] brn\n|upkeep\n|turn|13\n|inactive|Time left: 300 sec this turn | 300 sec total\n|\n|t:|1783550498\n|move|p2a: Skeledirge|Torch Song|p1a: Tyranitar\n|-resisted|p1a: Tyranitar\n|-damage|p1a: Tyranitar|82/284 brn\n|-boost|p2a: Skeledirge|spa|1\n|move|p1a: Tyranitar|Stone Edge|p2a: Skeledirge\n|-supereffective|p2a: Skeledirge\n|-damage|p2a: Skeledirge|14/100\n|\n|-damage|p1a: Tyranitar|65/284 brn|[from] brn\n|upkeep\n|turn|14\n|inactive|Time left: 300 sec this turn | 300 sec total\n|\n|t:|1783550500\n|switch|p1a: Tauros|Tauros-Paldea-Blaze, L81, M|254/254\n|-ability|p1a: Tauros|Intimidate|boost\n|-unboost|p2a: Skeledirge|atk|1\n|move|p2a: Skeledirge|Slack Off|p2a: Skeledirge\n|-heal|p2a: Skeledirge|64/100\n|\n|upkeep\n|turn|15\n|inactive|Time left: 300 sec this turn | 300 sec total\n|\n|t:|1783550501\n|move|p1a: Tauros|Stone Edge|p2a: Skeledirge\n|-supereffective|p2a: Skeledirge\n|-damage|p2a: Skeledirge|0 fnt\n|faint|p2a: Skeledirge\n|\n|upkeep\n|\n|t:|1783550502\n|switch|p2a: Samurott|Samurott-Hisui, L77, F|100/100\n|turn|16\n|inactive|Time left: 300 sec this turn | 300 sec total\n|\n|t:|1783550503\n|switch|p1a: Tyranitar|Tyranitar, L78, F|65/284 brn\n|-weather|Sandstorm|[from] ability: Sand Stream|[of] p1a: Tyranitar\n|move|p2a: Samurott|Ceaseless Edge|p1a: Tyranitar\n|-resisted|p1a: Tyranitar\n|-damage|p1a: Tyranitar|0 fnt\n|-sidestart|p1: p0x912e9a8|Spikes\n|faint|p1a: Tyranitar\n|\n|-weather|Sandstorm|[upkeep]\n|-damage|p2a: Samurott|94/100|[from] Sandstorm\n|upkeep\n|inactive|Time left: 300 sec this turn | 300 sec total | 5 sec grace\n|\n|t:|1783550504\n|switch|p1a: Tauros|Tauros-Paldea-Blaze, L81, M|254/254\n|-damage|p1a: Tauros|223/254|[from] Spikes\n|-ability|p1a: Tauros|Intimidate|boost\n|-unboost|p2a: Samurott|atk|1\n|turn|17\n|inactive|Time left: 300 sec this turn | 300 sec total\n|\n|t:|1783550505\n|switch|p2a: Groudon|Groudon, L72|100/100\n|-weather|SunnyDay|[from] ability: Drought|[of] p2a: Groudon\n|move|p1a: Tauros|Close Combat|p2a: Groudon\n|-damage|p2a: Groudon|37/100\n|-unboost|p1a: Tauros|def|1\n|-unboost|p1a: Tauros|spd|1\n|\n|-weather|SunnyDay|[upkeep]\n|-heal|p2a: Groudon|43/100|[from] item: Leftovers\n|upkeep\n|turn|18\n|inactive|Time left: 300 sec this turn | 300 sec total\n|\n|t:|1783550506\n|switch|p2a: Appletun|Appletun, L92, F|100/100\n|move|p1a: Tauros|Close Combat|p2a: Appletun\n|-damage|p2a: Appletun|47/100\n|-unboost|p1a: Tauros|def|1\n|-unboost|p1a: Tauros|spd|1\n|\n|-weather|SunnyDay|[upkeep]\n|-heal|p2a: Appletun|54/100|[from] item: Leftovers\n|upkeep\n|turn|19\n|inactive|Time left: 300 sec this turn | 300 sec total\n|\n|t:|1783550507\n|move|p1a: Tauros|Close Combat|p2a: Appletun\n|-damage|p2a: Appletun|0 fnt\n|-unboost|p1a: Tauros|def|1\n|-unboost|p1a: Tauros|spd|1\n|faint|p2a: Appletun\n|\n|-weather|SunnyDay|[upkeep]\n|upkeep\n|\n|t:|1783550508\n|switch|p2a: Incineroar|Incineroar, L82, M|100/100\n|-ability|p2a: Incineroar|Intimidate|boost\n|-unboost|p1a: Tauros|atk|1\n|turn|20\n|inactive|Time left: 300 sec this turn | 300 sec total\n|\n|t:|1783550509\n|move|p1a: Tauros|Close Combat|p2a: Incineroar\n|-supereffective|p2a: Incineroar\n|-crit|p2a: Incineroar\n|-damage|p2a: Incineroar|0 fnt\n|-unboost|p1a: Tauros|def|1\n|-unboost|p1a: Tauros|spd|1\n|faint|p2a: Incineroar\n|\n|-weather|SunnyDay|[upkeep]\n|upkeep\n|\n|t:|1783550510\n|switch|p2a: Groudon|Groudon, L72|43/100\n|turn|21\n|inactive|Time left: 300 sec this turn | 300 sec total\n|\n|t:|1783550511\n|switch|p1a: Gyarados|Gyarados, L79, F|186/280\n|move|p2a: Groudon|Stone Edge|p1a: Gyarados|[miss]\n|-miss|p2a: Groudon|p1a: Gyarados\n|\n|-weather|none\n|-heal|p2a: Groudon|49/100|[from] item: Leftovers\n|upkeep\n|turn|22\n|inactive|Time left: 300 sec this turn | 300 sec total\n|\n|t:|1783550512\n|switch|p2a: Samurott|Samurott-Hisui, L77, F|94/100\n|move|p1a: Gyarados|Waterfall|p2a: Samurott\n|-resisted|p2a: Samurott\n|-damage|p2a: Samurott|74/100\n|\n|upkeep\n|turn|23\n|inactive|Time left: 300 sec this turn | 300 sec total\n|\n|t:|1783550513\n|switch|p1a: Tauros|Tauros-Paldea-Blaze, L81, M|223/254\n|-damage|p1a: Tauros|192/254|[from] Spikes\n|-ability|p1a: Tauros|Intimidate|boost\n|-unboost|p2a: Samurott|atk|1\n|move|p2a: Samurott|Razor Shell|p1a: Tauros\n|-supereffective|p1a: Tauros\n|-crit|p1a: Tauros\n|-damage|p1a: Tauros|0 fnt\n|faint|p1a: Tauros\n|\n|upkeep\n|inactive|Time left: 300 sec this turn | 300 sec total | 5 sec grace\n|\n|t:|1783550514\n|switch|p1a: Girafarig|Girafarig, L89, M, tera:Normal|68/269\n|-damage|p1a: Girafarig|35/269|[from] Spikes\n|turn|24\n|inactive|Time left: 300 sec this turn | 300 sec total\n|\n|t:|1783550515\n|move|p1a: Girafarig|Hyper Voice|p2a: Samurott\n|-damage|p2a: Samurott|0 fnt\n|faint|p2a: Samurott\n|\n|upkeep\n|\n|t:|1783550516\n|switch|p2a: Groudon|Groudon, L72|49/100\n|-weather|SunnyDay|[from] ability: Drought|[of] p2a: Groudon\n|turn|25\n|inactive|Time left: 300 sec this turn | 300 sec total\n|\n|t:|1783550517\n|move|p1a: Girafarig|Hyper Voice|p2a: Groudon\n|-damage|p2a: Groudon|0 fnt\n|faint|p2a: Groudon\n|\n|win|p0x912e9a8", "uploadtime": 1783550517, "views": 0, "rating": 0, "private": 0, "password": null, "_winner": "p0x912e9a8", "_our_name": "p0x912e9a8"}