{"id": "battle-gen9randombattle-42", "formatid": "gen9randombattle", "format": "[Gen 9] Random Battle", "players": ["p0x0425607", "p0y0421a7d"], "log": "|init|battle\n|title|p0x0425607 vs. p0y0421a7d\n|j|\u2606p0x0425607\n|j|\u2606p0y0421a7d\n|t:|1783539939\n|gametype|singles\n|player|p1|p0x0425607|1|\n|player|p2|p0y0421a7d|102|\n|gen|9\n|tier|[Gen 9] Random Battle\n|rule|Species Clause: Limit one of each Pok\u00e9mon\n|rule|HP Percentage Mod: HP is shown in percentages\n|rule|Sleep Clause Mod: Limit one foe put to sleep\n|rule|Illusion Level Mod: Illusion disguises the Pok\u00e9mon's true level\n|\n|t:|1783539939\n|teamsize|p1|6\n|teamsize|p2|6\n|start\n|switch|p1a: Kricketune|Kricketune, L99, F|100/100\n|switch|p2a: Urshifu|Urshifu, L74, F|270/270\n|turn|1\n|inactive|Battle timer is ON: inactive players will automatically lose when time's up. (requested by p0x0425607)\n|inactive|Time left: 300 sec this turn | 300 sec total | 60 sec grace\n|inactive|p0y0421a7d also wants the timer to be on.\n|\n|t:|1783539940\n|move|p2a: Urshifu|Swords Dance|p2a: Urshifu\n|-boost|p2a: Urshifu|atk|2\n|move|p1a: Kricketune|Sticky Web|p2a: Urshifu\n|-sidestart|p2: p0y0421a7d|move: Sticky Web\n|\n|upkeep\n|turn|2\n|inactive|Time left: 300 sec this turn | 300 sec total\n|\n|t:|1783539942\n|move|p2a: Urshifu|Wicked Blow|p1a: Kricketune\n|-crit|p1a: Kricketune\n|-enditem|p1a: Kricketune|Focus Sash\n|-damage|p1a: Kricketune|1/100\n|-damage|p2a: Urshifu|243/270|[from] item: Life Orb\n|move|p1a: Kricketune|Pounce|p2a: Urshifu\n|-damage|p2a: Urshifu|141/270\n|-unboost|p2a: Urshifu|spe|1\n|\n|upkeep\n|turn|3\n|inactive|Time left: 300 sec this turn | 300 sec total\n|\n|t:|1783539943\n|move|p1a: Kricketune|Pounce|p2a: Urshifu\n|-damage|p2a: Urshifu|47/270\n|-unboost|p2a: Urshifu|spe|1\n|move|p2a: Urshifu|Poison Jab|p1a: Kricketune\n|-damage|p1a: Kricketune|0 fnt\n|faint|p1a: Kricketune\n|-damage|p2a: Urshifu|20/270|[from] item: Life Orb\n|\n|upkeep\n|\n|t:|1783539944\n|switch|p1a: Rhyperior|Rhyperior, L82, M|100/100\n|turn|4\n|inactive|Time left: 300 sec this turn | 300 sec total\n|\n|t:|1783539945\n|move|p1a: Rhyperior|Earthquake|p2a: Urshifu\n|-damage|p2a: Urshifu|0 fnt\n|faint|p2a: Urshifu\n|\n|upkeep\n|inactive|Time left: 300 sec this turn | 300 sec total | 5 sec grace\n|\n|t:|1783539946\n|switch|p2a: Lugia|Lugia, L73|275/275\n|turn|5\n|inactive|Time left: 300 sec this turn | 300 sec total\n|\n|t:|1783539947\n|move|p2a: Lugia|Calm Mind|p2a: Lugia\n|-boost|p2a: Lugia|spa|1\n|-boost|p2a: Lugia|spd|1\n|move|p1a: Rhyperior|Stone Edge|p2a: Lugia\n|-supereffective|p2a: Lugia\n|-damage|p2a: Lugia|154/275\n|\n|upkeep\n|turn|6\n|inactive|Time left: 300 sec this turn | 300 sec total\n|\n|t:|1783539948\n|move|p2a: Lugia|Recover|p2a: Lugia\n|-heal|p2a: Lugia|275/275\n|move|p1a: Rhyperior|Ice Punch|p2a: Lugia\n|-supereffective|p2a: Lugia\n|-damage|p2a: Lugia|218/275\n|\n|upkeep\n|turn|7\n|inactive|Time left: 300 sec this turn | 300 sec total\n|\n|t:|1783539949\n|move|p2a: Lugia|Recover|p2a: Lugia\n|-heal|p2a: Lugia|275/275\n|move|p1a: Rhyperior|Stone Edge|p2a: Lugia\n|-supereffective|p2a: Lugia\n|-crit|p2a: Lugia\n|-damage|p2a: Lugia|116/275\n|\n|upkeep\n|turn|8\n|inactive|Time left: 300 sec this turn | 300 sec total\n|\n|t:|1783539950\n|move|p2a: Lugia|Recover|p2a: Lugia\n|-heal|p2a: Lugia|254/275\n|move|p1a: Rhyperior|Stone Edge|p2a: Lugia|[miss]\n|-miss|p1a: Rhyperior|p2a: Lugia\n|\n|upkeep\n|turn|9\n|inactive|Time left: 300 sec this turn | 300 sec total\n|\n|t:|1783539951\n|move|p2a: Lugia|Earth Power|p1a: Rhyperior\n|-supereffective|p1a: Rhyperior\n|-damage|p1a: Rhyperior|58/100\n|-enditem|p1a: Rhyperior|Weakness Policy\n|-boost|p1a: Rhyperior|atk|2|[from] item: Weakness Policy\n|-boost|p1a: Rhyperior|spa|2|[from] item: Weakness Policy\n|move|p1a: Rhyperior|Stone Edge|p2a: Lugia\n|-supereffective|p2a: Lugia\n|-damage|p2a: Lugia|0 fnt\n|faint|p2a: Lugia\n|\n|upkeep\n|inactive|Time left: 300 sec this turn | 300 sec total | 5 sec grace\n|\n|t:|1783539952\n|switch|p2a: Porygon2|Porygon2, L81|270/270\n|-activate|p2a: Porygon2|move: Sticky Web\n|-unboost|p2a: Porygon2|spe|1\n|-ability|p2a: Porygon2|Download|boost\n|-boost|p2a: Porygon2|spa|1\n|turn|10\n|inactive|Time left: 300 sec this turn | 300 sec total\n|\n|t:|1783539953\n|move|p1a: Rhyperior|Earthquake|p2a: Porygon2\n|-damage|p2a: Porygon2|75/270\n|move|p2a: Porygon2|Ice Beam|p1a: Rhyperior\n|-supereffective|p1a: Rhyperior\n|-damage|p1a: Rhyperior|0 fnt\n|faint|p1a: Rhyperior\n|\n|upkeep\n|\n|t:|1783539954\n|switch|p1a: Dodrio|Dodrio, L85, M|100/100\n|turn|11\n|inactive|Time left: 300 sec this turn | 300 sec total\n|\n|t:|1783539955\n|move|p1a: Dodrio|Double-Edge|p2a: Porygon2\n|-damage|p2a: Porygon2|0 fnt\n|faint|p2a: Porygon2\n|-damage|p1a: Dodrio|90/100|[from] Recoil\n|\n|upkeep\n|inactive|Time left: 300 sec this turn | 300 sec total | 5 sec grace\n|\n|t:|1783539956\n|switch|p2a: Baxcalibur|Baxcalibur, L75, M|295/295\n|-activate|p2a: Baxcalibur|move: Sticky Web\n|-unboost|p2a: Baxcalibur|spe|1\n|turn|12\n|inactive|Time left: 300 sec this turn | 300 sec total\n|\n|t:|1783539957\n|-terastallize|p1a: Dodrio|Normal\n|move|p1a: Dodrio|Double-Edge|p2a: Baxcalibur\n|-damage|p2a: Baxcalibur|0 fnt\n|faint|p2a: Baxcalibur\n|-damage|p1a: Dodrio|50/100|[from] Recoil\n|\n|upkeep\n|inactive|Time left: 300 sec this turn | 300 sec total | 5 sec grace\n|\n|t:|1783539958\n|switch|p2a: Staraptor|Staraptor, L79, M|263/263\n|turn|13\n|inactive|Time left: 300 sec this turn | 300 sec total\n|\n|t:|1783539959\n|move|p1a: Dodrio|Double-Edge|p2a: Staraptor\n|-damage|p2a: Staraptor|0 fnt\n|faint|p2a: Staraptor\n|-damage|p1a: Dodrio|14/100|[from] Recoil\n|\n|upkeep\n|inactive|Time left: 300 sec this turn | 300 sec total | 5 sec grace\n|\n|t:|1783539960\n|switch|p2a: Hitmonchan|Hitmonchan, L87, M|229/229\n|-activate|p2a: Hitmonchan|move: Sticky Web\n|-unboost|p2a: Hitmonchan|spe|1\n|turn|14\n|inactive|Time left: 300 sec this turn | 300 sec total\n|\n|t:|1783539961\n|-terastallize|p2a: Hitmonchan|Fighting\n|move|p1a: Dodrio|Double-Edge|p2a: Hitmonchan\n|-damage|p2a: Hitmonchan|0 fnt\n|faint|p2a: Hitmonchan\n|-damage|p1a: Dodrio|0 fnt|[from] Recoil\n|faint|p1a: Dodrio\n|\n|win|p0x0425607", "uploadtime": 1783539961, "views": 0, "rating": 0, "private": 0, "password": null, "_winner": "p0x0425607", "_our_name": "p0y0421a7d"}