{"id": "battle-gen9randombattle-993", "formatid": "gen9randombattle", "format": "[Gen 9] Random Battle", "players": ["p0x993eb8e", "p0y99348cc"], "log": "|init|battle\n|title|p0x993eb8e vs. p0y99348cc\n|j|\u2606p0x993eb8e\n|j|\u2606p0y99348cc\n|t:|1783550706\n|gametype|singles\n|player|p1|p0x993eb8e|101|\n|player|p2|p0y99348cc|169|\n|gen|9\n|tier|[Gen 9] Random Battle\n|rule|Species Clause: Limit one of each Pok\u00e9mon\n|rule|HP Percentage Mod: HP is shown in percentages\n|rule|Sleep Clause Mod: Limit one foe put to sleep\n|rule|Illusion Level Mod: Illusion disguises the Pok\u00e9mon's true level\n|\n|t:|1783550706\n|teamsize|p1|6\n|teamsize|p2|6\n|start\n|switch|p1a: Kyogre|Kyogre, L71|100/100\n|switch|p2a: Scovillain|Scovillain, L91, F|266/266\n|-weather|RainDance|[from] ability: Drizzle|[of] p1a: Kyogre\n|turn|1\n|inactive|Battle timer is ON: inactive players will automatically lose when time's up. (requested by p0x993eb8e)\n|inactive|Time left: 300 sec this turn | 300 sec total | 60 sec grace\n|inactive|p0y99348cc also wants the timer to be on.\n|\n|t:|1783550707\n|switch|p2a: Poliwrath|Poliwrath, L88, M|302/302\n|move|p1a: Kyogre|Water Spout|p2a: Poliwrath\n|-resisted|p2a: Poliwrath\n|-damage|p2a: Poliwrath|187/302\n|\n|-weather|RainDance|[upkeep]\n|upkeep\n|turn|2\n|inactive|Time left: 300 sec this turn | 300 sec total\n|\n|t:|1783550708\n|switch|p1a: Swalot|Swalot, L90, M|100/100\n|move|p2a: Poliwrath|Close Combat|p1a: Swalot\n|-resisted|p1a: Swalot\n|-damage|p1a: Swalot|73/100\n|-unboost|p2a: Poliwrath|def|1\n|-unboost|p2a: Poliwrath|spd|1\n|-damage|p2a: Poliwrath|157/302|[from] item: Life Orb\n|\n|-weather|RainDance|[upkeep]\n|-heal|p1a: Swalot|79/100|[from] item: Leftovers\n|upkeep\n|turn|3\n|inactive|Time left: 300 sec this turn | 300 sec total\n|\n|t:|1783550709\n|move|p2a: Poliwrath|Liquidation|p1a: Swalot\n|-damage|p1a: Swalot|24/100\n|-unboost|p1a: Swalot|def|1\n|-damage|p2a: Poliwrath|127/302|[from] item: Life Orb\n|move|p1a: Swalot|Gunk Shot|p2a: Poliwrath\n|-damage|p2a: Poliwrath|0 fnt\n|faint|p2a: Poliwrath\n|\n|-weather|RainDance|[upkeep]\n|-heal|p1a: Swalot|30/100|[from] item: Leftovers\n|upkeep\n|inactive|Time left: 300 sec this turn | 300 sec total | 5 sec grace\n|\n|t:|1783550710\n|switch|p2a: Roaring Moon|Roaring Moon, L72|270/270\n|turn|4\n|inactive|Time left: 300 sec this turn | 300 sec total\n|\n|t:|1783550711\n|switch|p1a: Clefable|Clefable, L83, F|100/100\n|move|p2a: Roaring Moon|Outrage|p1a: Clefable\n|-immune|p1a: Clefable\n|\n|-weather|RainDance|[upkeep]\n|upkeep\n|turn|5\n|inactive|Time left: 300 sec this turn | 300 sec total\n|\n|t:|1783550712\n|-terastallize|p2a: Roaring Moon|Poison\n|move|p2a: Roaring Moon|Dragon Dance|p2a: Roaring Moon\n|-boost|p2a: Roaring Moon|atk|1\n|-boost|p2a: Roaring Moon|spe|1\n|move|p1a: Clefable|Moonblast|p2a: Roaring Moon\n|-resisted|p2a: Roaring Moon\n|-damage|p2a: Roaring Moon|208/270\n|\n|-weather|none\n|upkeep\n|turn|6\n|inactive|Time left: 300 sec this turn | 300 sec total\n|\n|t:|1783550714\n|move|p2a: Roaring Moon|Knock Off|p1a: Clefable\n|-resisted|p1a: Clefable\n|-damage|p1a: Clefable|68/100\n|-enditem|p1a: Clefable|Life Orb|[from] move: Knock Off|[of] p2a: Roaring Moon\n|move|p1a: Clefable|Calm Mind|p1a: Clefable\n|-boost|p1a: Clefable|spa|1\n|-boost|p1a: Clefable|spd|1\n|\n|upkeep\n|turn|7\n|inactive|Time left: 300 sec this turn | 300 sec total\n|\n|t:|1783550715\n|switch|p1a: Ting-Lu|Ting-Lu, L78|100/100\n|-ability|p1a: Ting-Lu|Vessel of Ruin\n|move|p2a: Roaring Moon|Dragon Dance|p2a: Roaring Moon\n|-boost|p2a: Roaring Moon|atk|1\n|-boost|p2a: Roaring Moon|spe|1\n|\n|upkeep\n|turn|8\n|inactive|Time left: 300 sec this turn | 300 sec total\n|\n|t:|1783550716\n|move|p2a: Roaring Moon|Roost|p2a: Roaring Moon\n|-heal|p2a: Roaring Moon|270/270\n|move|p1a: Ting-Lu|Earthquake|p2a: Roaring Moon\n|-supereffective|p2a: Roaring Moon\n|-damage|p2a: Roaring Moon|0 fnt\n|faint|p2a: Roaring Moon\n|-end|p2a: Roaring Moon|Protosynthesis|[silent]\n|\n|upkeep\n|inactive|Time left: 300 sec this turn | 300 sec total | 5 sec grace\n|\n|t:|1783550717\n|switch|p2a: Scovillain|Scovillain, L91, F|266/266\n|turn|9\n|inactive|Time left: 300 sec this turn | 300 sec total\n|\n|t:|1783550718\n|move|p2a: Scovillain|Energy Ball|p1a: Ting-Lu\n|-supereffective|p1a: Ting-Lu\n|-damage|p1a: Ting-Lu|49/100\n|move|p1a: Ting-Lu|Payback|p2a: Scovillain\n|-damage|p2a: Scovillain|142/266\n|\n|-heal|p1a: Ting-Lu|55/100|[from] item: Leftovers\n|upkeep\n|turn|10\n|inactive|Time left: 300 sec this turn | 300 sec total\n|\n|t:|1783550719\n|move|p2a: Scovillain|Energy Ball|p1a: Ting-Lu\n|-supereffective|p1a: Ting-Lu\n|-crit|p1a: Ting-Lu\n|-damage|p1a: Ting-Lu|0 fnt\n|faint|p1a: Ting-Lu\n|\n|upkeep\n|\n|t:|1783550720\n|switch|p1a: Kyogre|Kyogre, L71|100/100\n|-weather|RainDance|[from] ability: Drizzle|[of] p1a: Kyogre\n|turn|11\n|inactive|Time left: 300 sec this turn | 300 sec total\n|\n|t:|1783550721\n|move|p1a: Kyogre|Water Spout|p2a: Scovillain\n|-damage|p2a: Scovillain|0 fnt\n|faint|p2a: Scovillain\n|\n|-weather|RainDance|[upkeep]\n|upkeep\n|inactive|Time left: 300 sec this turn | 300 sec total | 5 sec grace\n|\n|t:|1783550722\n|switch|p2a: Regieleki|Regieleki, L79|256/256\n|turn|12\n|inactive|Time left: 300 sec this turn | 300 sec total\n|\n|t:|1783550723\n|switch|p1a: Raichu|Raichu, L88, F|100/100\n|move|p2a: Regieleki|Thunderbolt|p1a: Raichu\n|-ability|p1a: Raichu|Lightning Rod|boost\n|-boost|p1a: Raichu|spa|1\n|\n|-weather|RainDance|[upkeep]\n|upkeep\n|turn|13\n|inactive|Time left: 300 sec this turn | 300 sec total\n|\n|t:|1783550724\n|switch|p2a: Mienshao|Mienshao, L83, M|244/244\n|move|p1a: Raichu|Surf|p2a: Mienshao\n|-damage|p2a: Mienshao|112/244\n|\n|-weather|RainDance|[upkeep]\n|upkeep\n|turn|14\n|inactive|Time left: 300 sec this turn | 300 sec total\n|\n|t:|1783550726\n|move|p2a: Mienshao|Fake Out|p1a: Raichu\n|-damage|p1a: Raichu|82/100\n|cant|p1a: Raichu|flinch\n|\n|-weather|RainDance|[upkeep]\n|upkeep\n|turn|15\n|inactive|Time left: 300 sec this turn | 300 sec total\n|\n|t:|1783550727\n|switch|p2a: Magmortar|Magmortar, L88, F|275/275\n|move|p1a: Raichu|Surf|p2a: Magmortar\n|-supereffective|p2a: Magmortar\n|-damage|p2a: Magmortar|23/275\n|\n|-weather|none\n|upkeep\n|turn|16\n|inactive|Time left: 300 sec this turn | 300 sec total\n|\n|t:|1783550729\n|move|p1a: Raichu|Thunderbolt|p2a: Magmortar\n|-damage|p2a: Magmortar|0 fnt\n|faint|p2a: Magmortar\n|\n|upkeep\n|inactive|Time left: 300 sec this turn | 300 sec total | 5 sec grace\n|\n|t:|1783550730\n|switch|p2a: Mienshao|Mienshao, L83, M|193/244\n|turn|17\n|inactive|Time left: 300 sec this turn | 300 sec total\n|\n|t:|1783550731\n|move|p1a: Raichu|Thunderbolt|p2a: Mienshao\n|-damage|p2a: Mienshao|67/244\n|move|p2a: Mienshao|Close Combat|p1a: Raichu\n|-damage|p1a: Raichu|4/100\n|-unboost|p2a: Mienshao|def|1\n|-unboost|p2a: Mienshao|spd|1\n|\n|upkeep\n|turn|18\n|inactive|Time left: 300 sec this turn | 300 sec total\n|\n|t:|1783550733\n|switch|p2a: Regieleki|Regieleki, L79|256/256\n|move|p1a: Raichu|Volt Switch|p2a: Regieleki\n|-resisted|p2a: Regieleki\n|-damage|p2a: Regieleki|158/256\n|\n|t:|1783550734\n|switch|p1a: Swalot|Swalot, L90, M|30/100|[from] Volt Switch\n|\n|-heal|p1a: Swalot|36/100|[from] item: Leftovers\n|upkeep\n|turn|19\n|inactive|Time left: 300 sec this turn | 300 sec total\n|\n|t:|1783550735\n|-terastallize|p1a: Swalot|Ground\n|move|p2a: Regieleki|Thunderbolt|p1a: Swalot\n|-immune|p1a: Swalot\n|move|p1a: Swalot|Gunk Shot|p2a: Regieleki\n|-damage|p2a: Regieleki|0 fnt\n|faint|p2a: Regieleki\n|\n|-heal|p1a: Swalot|43/100|[from] item: Leftovers\n|upkeep\n|inactive|Time left: 300 sec this turn | 300 sec total | 5 sec grace\n|\n|t:|1783550736\n|switch|p2a: Mienshao|Mienshao, L83, M|148/244\n|turn|20\n|inactive|Time left: 300 sec this turn | 300 sec total\n|\n|t:|1783550737\n|switch|p1a: Clefable|Clefable, L83, F|68/100\n|move|p2a: Mienshao|Fake Out|p1a: Clefable\n|-damage|p1a: Clefable|54/100\n|\n|upkeep\n|turn|21\n|inactive|Time left: 300 sec this turn | 300 sec total\n|\n|t:|1783550738\n|move|p2a: Mienshao|Fake Out||[still]\n|-hint|Fake Out only works on your first turn out.\n|-fail|p2a: Mienshao\n|move|p1a: Clefable|Moonblast|p2a: Mienshao\n|-supereffective|p2a: Mienshao\n|-damage|p2a: Mienshao|0 fnt\n|faint|p2a: Mienshao\n|\n|win|p0x993eb8e", "uploadtime": 1783550738, "views": 0, "rating": 0, "private": 0, "password": null, "_winner": "p0x993eb8e", "_our_name": "p0y99348cc"}