{"id": "battle-gen9randombattle-731", "formatid": "gen9randombattle", "format": "[Gen 9] Random Battle", "players": ["p0x731a113", "p0y7319b8f"], "log": "|init|battle\n|title|p0x731a113 vs. p0y7319b8f\n|j|\u2606p0x731a113\n|j|\u2606p0y7319b8f\n|t:|1783547621\n|gametype|singles\n|player|p1|p0x731a113|102|\n|player|p2|p0y7319b8f|101|\n|gen|9\n|tier|[Gen 9] Random Battle\n|rule|Species Clause: Limit one of each Pok\u00e9mon\n|rule|HP Percentage Mod: HP is shown in percentages\n|rule|Sleep Clause Mod: Limit one foe put to sleep\n|rule|Illusion Level Mod: Illusion disguises the Pok\u00e9mon's true level\n|\n|t:|1783547621\n|teamsize|p1|6\n|teamsize|p2|6\n|start\n|switch|p1a: Sylveon|Sylveon, L85, M|300/300\n|switch|p2a: Sunflora|Sunflora, M|100/100\n|turn|1\n|inactive|Battle timer is ON: inactive players will automatically lose when time's up. (requested by p0y7319b8f)\n|inactive|Time left: 300 sec this turn | 300 sec total | 60 sec grace\n|inactive|p0x731a113 also wants the timer to be on.\n|\n|t:|1783547623\n|move|p1a: Sylveon|Hyper Voice|p2a: Sunflora\n|-damage|p2a: Sunflora|63/100\n|move|p2a: Sunflora|Sunny Day|p2a: Sunflora\n|-weather|SunnyDay\n|\n|-weather|SunnyDay|[upkeep]\n|upkeep\n|turn|2\n|inactive|Time left: 300 sec this turn | 300 sec total\n|\n|t:|1783547625\n|move|p2a: Sunflora|Weather Ball|p1a: Sylveon\n|-damage|p1a: Sylveon|144/300\n|-damage|p2a: Sunflora|53/100|[from] item: Life Orb\n|move|p1a: Sylveon|Hyper Voice|p2a: Sunflora\n|-damage|p2a: Sunflora|18/100\n|\n|-weather|SunnyDay|[upkeep]\n|-heal|p1a: Sylveon|162/300|[from] item: Leftovers\n|upkeep\n|turn|3\n|inactive|Time left: 300 sec this turn | 300 sec total\n|\n|t:|1783547626\n|move|p1a: Sylveon|Protect|p1a: Sylveon\n|-singleturn|p1a: Sylveon|Protect\n|move|p2a: Sunflora|Solar Beam||[still]\n|-prepare|p2a: Sunflora|Solar Beam\n|-anim|p2a: Sunflora|Solar Beam|p1a: Sylveon\n|-activate|p1a: Sylveon|move: Protect\n|\n|-weather|SunnyDay|[upkeep]\n|-heal|p1a: Sylveon|180/300|[from] item: Leftovers\n|upkeep\n|turn|4\n|inactive|Time left: 300 sec this turn | 300 sec total\n|\n|t:|1783547627\n|move|p2a: Sunflora|Solar Beam||[still]\n|-prepare|p2a: Sunflora|Solar Beam\n|-anim|p2a: Sunflora|Solar Beam|p1a: Sylveon\n|-damage|p1a: Sylveon|5/300\n|-damage|p2a: Sunflora|8/100|[from] item: Life Orb\n|move|p1a: Sylveon|Hyper Voice|p2a: Sunflora\n|-damage|p2a: Sunflora|0 fnt\n|faint|p2a: Sunflora\n|\n|-weather|SunnyDay|[upkeep]\n|-heal|p1a: Sylveon|23/300|[from] item: Leftovers\n|upkeep\n|\n|t:|1783547627\n|switch|p2a: Infernape|Infernape, L82, M|100/100\n|turn|5\n|inactive|Time left: 300 sec this turn | 300 sec total\n|\n|t:|1783547629\n|move|p2a: Infernape|Knock Off|p1a: Sylveon\n|-resisted|p1a: Sylveon\n|-damage|p1a: Sylveon|0 fnt\n|-enditem|p1a: Sylveon|Leftovers|[from] move: Knock Off|[of] p2a: Infernape\n|faint|p1a: Sylveon\n|-damage|p2a: Infernape|91/100|[from] item: Life Orb\n|\n|-weather|none\n|upkeep\n|inactive|Time left: 300 sec this turn | 300 sec total | 5 sec grace\n|\n|t:|1783547630\n|switch|p1a: Alcremie|Alcremie-Salted-Cream, L90, F|263/263\n|turn|6\n|inactive|Time left: 300 sec this turn | 300 sec total\n|\n|t:|1783547631\n|move|p2a: Infernape|Swords Dance|p2a: Infernape\n|-boost|p2a: Infernape|atk|2\n|move|p1a: Alcremie|Calm Mind|p1a: Alcremie\n|-boost|p1a: Alcremie|spa|1\n|-boost|p1a: Alcremie|spd|1\n|\n|upkeep\n|turn|7\n|inactive|Time left: 300 sec this turn | 300 sec total\n|\n|t:|1783547632\n|move|p2a: Infernape|Flare Blitz|p1a: Alcremie\n|-damage|p1a: Alcremie|0 fnt\n|faint|p1a: Alcremie\n|-damage|p2a: Infernape|57/100|[from] Recoil\n|-damage|p2a: Infernape|48/100|[from] item: Life Orb\n|\n|upkeep\n|inactive|Time left: 300 sec this turn | 300 sec total | 5 sec grace\n|\n|t:|1783547633\n|switch|p1a: Wyrdeer|Wyrdeer, L87, F|321/321\n|-ability|p1a: Wyrdeer|Intimidate|boost\n|-unboost|p2a: Infernape|atk|1\n|turn|8\n|inactive|Time left: 300 sec this turn | 300 sec total\n|\n|t:|1783547634\n|move|p2a: Infernape|Knock Off|p1a: Wyrdeer\n|-supereffective|p1a: Wyrdeer\n|-crit|p1a: Wyrdeer\n|-damage|p1a: Wyrdeer|0 fnt\n|-enditem|p1a: Wyrdeer|Leftovers|[from] move: Knock Off|[of] p2a: Infernape\n|faint|p1a: Wyrdeer\n|-damage|p2a: Infernape|38/100|[from] item: Life Orb\n|\n|upkeep\n|inactive|Time left: 300 sec this turn | 300 sec total | 5 sec grace\n|\n|t:|1783547635\n|switch|p1a: Flamigo|Flamigo, L82, F|269/269\n|turn|9\n|inactive|Time left: 300 sec this turn | 300 sec total\n|\n|t:|1783547636\n|move|p2a: Infernape|Flare Blitz|p1a: Flamigo\n|-damage|p1a: Flamigo|0 fnt\n|faint|p1a: Flamigo\n|-damage|p2a: Infernape|4/100|[from] Recoil\n|-damage|p2a: Infernape|0 fnt|[from] item: Life Orb\n|faint|p2a: Infernape\n|\n|upkeep\n|inactive|Time left: 300 sec this turn | 300 sec total | 5 sec grace\n|\n|t:|1783547637\n|switch|p2a: Inteleon|Inteleon, L81, F|100/100\n|switch|p1a: Honchkrow|Honchkrow, L86, F|312/312\n|turn|10\n|inactive|Time left: 300 sec this turn | 300 sec total\n|\n|t:|1783547638\n|move|p1a: Honchkrow|Sucker Punch|p2a: Inteleon\n|-damage|p2a: Inteleon|49/100\n|move|p2a: Inteleon|Ice Beam|p1a: Honchkrow\n|-supereffective|p1a: Honchkrow\n|-damage|p1a: Honchkrow|0 fnt\n|faint|p1a: Honchkrow\n|\n|upkeep\n|inactive|Time left: 300 sec this turn | 300 sec total | 5 sec grace\n|\n|t:|1783547639\n|switch|p1a: Iron Treads|Iron Treads, L77|265/265\n|turn|11\n|inactive|Time left: 300 sec this turn | 300 sec total\n|\n|t:|1783547640\n|move|p2a: Inteleon|Ice Beam|p1a: Iron Treads\n|-damage|p1a: Iron Treads|169/265\n|-status|p1a: Iron Treads|frz\n|cant|p1a: Iron Treads|frz\n|\n|upkeep\n|turn|12\n|inactive|Time left: 300 sec this turn | 300 sec total\n|\n|t:|1783547641\n|move|p2a: Inteleon|Ice Beam|p1a: Iron Treads\n|-damage|p1a: Iron Treads|82/265 frz\n|cant|p1a: Iron Treads|frz\n|\n|upkeep\n|turn|13\n|inactive|Time left: 300 sec this turn | 300 sec total\n|\n|t:|1783547642\n|-terastallize|p1a: Iron Treads|Dragon\n|move|p2a: Inteleon|Ice Beam|p1a: Iron Treads\n|-supereffective|p1a: Iron Treads\n|-damage|p1a: Iron Treads|0 fnt\n|faint|p1a: Iron Treads\n|-end|p1a: Iron Treads|Quark Drive|[silent]\n|\n|win|p0y7319b8f", "uploadtime": 1783547642, "views": 0, "rating": 0, "private": 0, "password": null, "_winner": "p0y7319b8f", "_our_name": "p0x731a113"}