{"id": "battle-gen9randombattle-1207", "formatid": "gen9randombattle", "format": "[Gen 9] Random Battle", "players": ["p0x120737e9", "p0y1207b134"], "log": "|init|battle\n|title|p0x120737e9 vs. p0y1207b134\n|j|\u2606p0x120737e9\n|j|\u2606p0y1207b134\n|t:|1783553980\n|gametype|singles\n|player|p1|p0x120737e9|170|\n|player|p2|p0y1207b134|101|\n|gen|9\n|tier|[Gen 9] Random Battle\n|rule|Species Clause: Limit one of each Pok\u00e9mon\n|rule|HP Percentage Mod: HP is shown in percentages\n|rule|Sleep Clause Mod: Limit one foe put to sleep\n|rule|Illusion Level Mod: Illusion disguises the Pok\u00e9mon's true level\n|\n|t:|1783553980\n|teamsize|p1|6\n|teamsize|p2|6\n|start\n|switch|p1a: Forretress|Forretress, L84, M|100/100\n|switch|p2a: Clawitzer|Clawitzer, L87, F|265/265\n|turn|1\n|inactive|Battle timer is ON: inactive players will automatically lose when time's up. (requested by p0x120737e9)\n|inactive|Time left: 300 sec this turn | 300 sec total | 60 sec grace\n|inactive|p0y1207b134 also wants the timer to be on.\n|\n|t:|1783553982\n|move|p2a: Clawitzer|Aura Sphere|p1a: Forretress\n|-damage|p1a: Forretress|27/100\n|move|p1a: Forretress|Rapid Spin|p2a: Clawitzer\n|-damage|p2a: Clawitzer|233/265\n|-boost|p1a: Forretress|spe|1\n|\n|-heal|p1a: Forretress|34/100|[from] item: Leftovers\n|upkeep\n|turn|2\n|inactive|Time left: 300 sec this turn | 300 sec total\n|\n|t:|1783553983\n|move|p1a: Forretress|Toxic Spikes|p2a: Clawitzer\n|-sidestart|p2: p0y1207b134|move: Toxic Spikes\n|move|p2a: Clawitzer|Aura Sphere|p1a: Forretress\n|-damage|p1a: Forretress|0 fnt\n|faint|p1a: Forretress\n|\n|upkeep\n|\n|t:|1783553984\n|switch|p1a: Ribombee|Ribombee, L83, F|100/100\n|turn|3\n|inactive|Time left: 300 sec this turn | 300 sec total\n|\n|t:|1783553985\n|switch|p2a: Salazzle|Salazzle, L83, F|249/249\n|-sideend|p2: p0y1207b134|move: Toxic Spikes|[of] p2a: Salazzle\n|move|p1a: Ribombee|Quiver Dance|p1a: Ribombee\n|-boost|p1a: Ribombee|spa|1\n|-boost|p1a: Ribombee|spd|1\n|-boost|p1a: Ribombee|spe|1\n|\n|upkeep\n|turn|4\n|inactive|Time left: 300 sec this turn | 300 sec total\n|\n|t:|1783553986\n|-terastallize|p1a: Ribombee|Ground\n|move|p1a: Ribombee|Tera Blast|p2a: Salazzle|[anim] Tera Blast Ground\n|-supereffective|p2a: Salazzle\n|-damage|p2a: Salazzle|0 fnt\n|faint|p2a: Salazzle\n|\n|upkeep\n|inactive|Time left: 300 sec this turn | 300 sec total | 5 sec grace\n|\n|t:|1783553987\n|switch|p2a: Clawitzer|Clawitzer, L87, F|233/265\n|turn|5\n|inactive|Time left: 300 sec this turn | 300 sec total\n|\n|t:|1783553988\n|move|p1a: Ribombee|Moonblast|p2a: Clawitzer\n|-damage|p2a: Clawitzer|98/265\n|move|p2a: Clawitzer|Water Pulse|p1a: Ribombee\n|-supereffective|p1a: Ribombee\n|-damage|p1a: Ribombee|0 fnt\n|faint|p1a: Ribombee\n|\n|upkeep\n|\n|t:|1783553989\n|switch|p1a: Cacturne|Cacturne, L92, F|100/100\n|turn|6\n|inactive|Time left: 300 sec this turn | 300 sec total\n|\n|t:|1783553990\n|switch|p2a: Miraidon|Miraidon, L65|238/238\n|-fieldstart|move: Electric Terrain|[from] ability: Hadron Engine|[of] p2a: Miraidon\n|move|p1a: Cacturne|Knock Off|p2a: Miraidon\n|-damage|p2a: Miraidon|31/238\n|-enditem|p2a: Miraidon|Choice Specs|[from] move: Knock Off|[of] p1a: Cacturne\n|-damage|p1a: Cacturne|91/100|[from] item: Life Orb\n|\n|upkeep\n|turn|7\n|inactive|Time left: 300 sec this turn | 300 sec total\n|\n|t:|1783553991\n|move|p1a: Cacturne|Sucker Punch|p2a: Miraidon\n|-damage|p2a: Miraidon|0 fnt\n|faint|p2a: Miraidon\n|-damage|p1a: Cacturne|81/100|[from] item: Life Orb\n|\n|upkeep\n|inactive|Time left: 300 sec this turn | 300 sec total | 5 sec grace\n|\n|t:|1783553992\n|switch|p2a: Ludicolo|Ludicolo, L90, F|290/290\n|turn|8\n|inactive|Time left: 300 sec this turn | 300 sec total\n|\n|t:|1783553993\n|move|p2a: Ludicolo|Ice Beam|p1a: Cacturne\n|-supereffective|p1a: Cacturne\n|-damage|p1a: Cacturne|9/100\n|-damage|p2a: Ludicolo|261/290|[from] item: Life Orb\n|move|p1a: Cacturne|Knock Off|p2a: Ludicolo\n|-damage|p2a: Ludicolo|65/290\n|-enditem|p2a: Ludicolo|Life Orb|[from] move: Knock Off|[of] p1a: Cacturne\n|-damage|p1a: Cacturne|0 fnt|[from] item: Life Orb\n|faint|p1a: Cacturne\n|\n|upkeep\n|\n|t:|1783553994\n|switch|p1a: Weezing|Weezing, L88, F|100/100\n|turn|9\n|inactive|Time left: 300 sec this turn | 300 sec total\n|\n|t:|1783553995\n|move|p2a: Ludicolo|Hydro Pump|p1a: Weezing\n|-damage|p1a: Weezing|49/100\n|move|p1a: Weezing|Gunk Shot|p2a: Ludicolo\n|-supereffective|p2a: Ludicolo\n|-damage|p2a: Ludicolo|0 fnt\n|faint|p2a: Ludicolo\n|\n|-heal|p1a: Weezing|56/100|[from] item: Leftovers\n|upkeep\n|inactive|Time left: 300 sec this turn | 300 sec total | 5 sec grace\n|\n|t:|1783553996\n|switch|p2a: Giratina|Giratina-Origin, L72|335/335\n|turn|10\n|inactive|Time left: 300 sec this turn | 300 sec total\n|\n|t:|1783553997\n|move|p2a: Giratina|Draco Meteor|p1a: Weezing\n|-damage|p1a: Weezing|0 fnt\n|-unboost|p2a: Giratina|spa|2\n|faint|p1a: Weezing\n|\n|-fieldend|move: Electric Terrain\n|upkeep\n|\n|t:|1783553998\n|switch|p1a: Cloyster|Cloyster, L80, M|100/100\n|turn|11\n|inactive|Time left: 300 sec this turn | 300 sec total\n|\n|t:|1783553999\n|move|p2a: Giratina|Will-O-Wisp|p1a: Cloyster\n|-status|p1a: Cloyster|brn\n|move|p1a: Cloyster|Shell Smash|p1a: Cloyster\n|-unboost|p1a: Cloyster|def|1\n|-unboost|p1a: Cloyster|spd|1\n|-boost|p1a: Cloyster|atk|2\n|-boost|p1a: Cloyster|spa|2\n|-boost|p1a: Cloyster|spe|2\n|-enditem|p1a: Cloyster|White Herb\n|-clearnegativeboost|p1a: Cloyster|[silent]\n|\n|-damage|p1a: Cloyster|94/100 brn|[from] brn\n|upkeep\n|turn|12\n|inactive|Time left: 300 sec this turn | 300 sec total\n|\n|t:|1783554000\n|-terastallize|p2a: Giratina|Fairy\n|move|p1a: Cloyster|Icicle Spear|p2a: Giratina\n|-damage|p2a: Giratina|310/335\n|-damage|p2a: Giratina|286/335\n|-damage|p2a: Giratina|260/335\n|-damage|p2a: Giratina|234/335\n|-damage|p2a: Giratina|207/335\n|-hitcount|p2a: Giratina|5\n|move|p2a: Giratina|Draco Meteor|p1a: Cloyster\n|-damage|p1a: Cloyster|36/100 brn\n|-unboost|p2a: Giratina|spa|2\n|\n|-damage|p1a: Cloyster|30/100 brn|[from] brn\n|upkeep\n|turn|13\n|inactive|Time left: 300 sec this turn | 300 sec total\n|\n|t:|1783554001\n|move|p2a: Giratina|Shadow Sneak|p1a: Cloyster\n|-damage|p1a: Cloyster|17/100 brn\n|move|p1a: Cloyster|Rock Blast|p2a: Giratina\n|-damage|p2a: Giratina|191/335\n|-damage|p2a: Giratina|175/335\n|-damage|p2a: Giratina|158/335\n|-damage|p2a: Giratina|142/335\n|-damage|p2a: Giratina|125/335\n|-hitcount|p2a: Giratina|5\n|\n|-damage|p1a: Cloyster|10/100 brn|[from] brn\n|upkeep\n|turn|14\n|inactive|Time left: 300 sec this turn | 300 sec total\n|\n|t:|1783554002\n|switch|p2a: Clawitzer|Clawitzer, L87, F|98/265\n|move|p1a: Cloyster|Rock Blast|p2a: Clawitzer\n|-damage|p2a: Clawitzer|82/265\n|-damage|p2a: Clawitzer|66/265\n|-damage|p2a: Clawitzer|50/265\n|-damage|p2a: Clawitzer|34/265\n|-damage|p2a: Clawitzer|19/265\n|-hitcount|p2a: Clawitzer|5\n|\n|-damage|p1a: Cloyster|4/100 brn|[from] brn\n|upkeep\n|turn|15\n|inactive|Time left: 300 sec this turn | 300 sec total\n|\n|t:|1783554003\n|move|p1a: Cloyster|Icicle Spear|p2a: Clawitzer\n|-resisted|p2a: Clawitzer\n|-damage|p2a: Clawitzer|8/265\n|-resisted|p2a: Clawitzer\n|-damage|p2a: Clawitzer|0 fnt\n|faint|p2a: Clawitzer\n|-hitcount|p2: Clawitzer|2\n|\n|-damage|p1a: Cloyster|0 fnt|[from] brn\n|faint|p1a: Cloyster\n|upkeep\n|inactive|Time left: 300 sec this turn | 300 sec total | 5 sec grace\n|\n|t:|1783554004\n|switch|p1a: Golem|Golem, L87, F|100/100\n|switch|p2a: Giratina|Giratina-Origin, L72, tera:Fairy|125/335\n|turn|16\n|inactive|Time left: 300 sec this turn | 300 sec total\n|\n|t:|1783554005\n|move|p2a: Giratina|Will-O-Wisp|p1a: Golem\n|-status|p1a: Golem|brn\n|move|p1a: Golem|Rock Polish|p1a: Golem\n|-boost|p1a: Golem|spe|2\n|\n|-damage|p1a: Golem|94/100 brn|[from] brn\n|upkeep\n|turn|17\n|inactive|Time left: 300 sec this turn | 300 sec total\n|\n|t:|1783554006\n|move|p1a: Golem|Stone Edge|p2a: Giratina\n|-damage|p2a: Giratina|61/335\n|move|p2a: Giratina|Draco Meteor|p1a: Golem\n|-damage|p1a: Golem|32/100 brn\n|-unboost|p2a: Giratina|spa|2\n|\n|-damage|p1a: Golem|26/100 brn|[from] brn\n|upkeep\n|turn|18\n|inactive|Time left: 300 sec this turn | 300 sec total\n|\n|t:|1783554007\n|move|p2a: Giratina|Shadow Sneak|p1a: Golem\n|-damage|p1a: Golem|14/100 brn\n|move|p1a: Golem|Rock Polish|p1a: Golem\n|-boost|p1a: Golem|spe|2\n|\n|-damage|p1a: Golem|8/100 brn|[from] brn\n|upkeep\n|turn|19\n|inactive|Time left: 300 sec this turn | 300 sec total\n|\n|t:|1783554008\n|move|p2a: Giratina|Shadow Sneak|p1a: Golem\n|-damage|p1a: Golem|0 fnt\n|faint|p1a: Golem\n|\n|win|p0y1207b134", "uploadtime": 1783554008, "views": 0, "rating": 0, "private": 0, "password": null, "_winner": "p0y1207b134", "_our_name": "p0y1207b134"}