{"id": "battle-gen9randombattle-1351", "formatid": "gen9randombattle", "format": "[Gen 9] Random Battle", "players": ["p0x1351ed26", "p0y13519f03"], "log": "|init|battle\n|title|p0x1351ed26 vs. p0y13519f03\n|j|\u2606p0x1351ed26\n|j|\u2606p0y13519f03\n|t:|1783554815\n|gametype|singles\n|player|p1|p0x1351ed26|266|\n|player|p2|p0y13519f03|101|\n|gen|9\n|tier|[Gen 9] Random Battle\n|rule|Species Clause: Limit one of each Pok\u00e9mon\n|rule|HP Percentage Mod: HP is shown in percentages\n|rule|Sleep Clause Mod: Limit one foe put to sleep\n|rule|Illusion Level Mod: Illusion disguises the Pok\u00e9mon's true level\n|\n|t:|1783554815\n|teamsize|p1|6\n|teamsize|p2|6\n|start\n|switch|p1a: Mightyena|Mightyena, L96, M|290/290\n|switch|p2a: Golem|Golem-Alola, L93, F|100/100\n|-ability|p1a: Mightyena|Intimidate|boost\n|-unboost|p2a: Golem|atk|1\n|turn|1\n|inactive|Battle timer is ON: inactive players will automatically lose when time's up. (requested by p0y13519f03)\n|inactive|Time left: 300 sec this turn | 300 sec total | 60 sec grace\n|\n|t:|1783554817\n|switch|p1a: Hippowdon|Hippowdon, L82, M|311/311\n|-weather|Sandstorm|[from] ability: Sand Stream|[of] p1a: Hippowdon\n|move|p2a: Golem|Double-Edge|p1a: Hippowdon\n|-immune|p1a: Hippowdon\n|\n|-weather|Sandstorm|[upkeep]\n|upkeep\n|turn|2\n|inactive|Time left: 300 sec this turn | 300 sec total\n|inactive|p0x1351ed26 also wants the timer to be on.\n|\n|t:|1783554818\n|switch|p2a: Zapdos|Zapdos-Galar, L77|100/100\n|move|p1a: Hippowdon|Earthquake|p2a: Zapdos\n|-immune|p2a: Zapdos\n|\n|-weather|Sandstorm|[upkeep]\n|-damage|p2a: Zapdos|94/100|[from] Sandstorm\n|upkeep\n|turn|3\n|inactive|Time left: 300 sec this turn | 300 sec total\n|\n|t:|1783554819\n|move|p2a: Zapdos|Bulk Up|p2a: Zapdos\n|-boost|p2a: Zapdos|atk|1\n|-boost|p2a: Zapdos|def|1\n|move|p1a: Hippowdon|Stone Edge|p2a: Zapdos\n|-damage|p2a: Zapdos|76/100\n|\n|-weather|Sandstorm|[upkeep]\n|-damage|p2a: Zapdos|70/100|[from] Sandstorm\n|upkeep\n|turn|4\n|inactive|Time left: 300 sec this turn | 300 sec total\n|\n|t:|1783554820\n|move|p2a: Zapdos|Bulk Up|p2a: Zapdos\n|-boost|p2a: Zapdos|atk|1\n|-boost|p2a: Zapdos|def|1\n|move|p1a: Hippowdon|Slack Off||[still]\n|-fail|p1a: Hippowdon|heal\n|\n|-weather|Sandstorm|[upkeep]\n|-damage|p2a: Zapdos|64/100|[from] Sandstorm\n|upkeep\n|turn|5\n|inactive|Time left: 300 sec this turn | 300 sec total\n|\n|t:|1783554821\n|move|p2a: Zapdos|Close Combat|p1a: Hippowdon\n|-damage|p1a: Hippowdon|13/311\n|-unboost|p2a: Zapdos|def|1\n|-unboost|p2a: Zapdos|spd|1\n|-damage|p2a: Zapdos|54/100|[from] item: Life Orb\n|move|p1a: Hippowdon|Slack Off|p1a: Hippowdon\n|-heal|p1a: Hippowdon|169/311\n|\n|-weather|none\n|-heal|p1a: Hippowdon|188/311|[from] item: Leftovers\n|upkeep\n|turn|6\n|inactive|Time left: 300 sec this turn | 300 sec total\n|\n|t:|1783554823\n|move|p2a: Zapdos|Close Combat|p1a: Hippowdon\n|-damage|p1a: Hippowdon|0 fnt\n|-unboost|p2a: Zapdos|def|1\n|-unboost|p2a: Zapdos|spd|1\n|faint|p1a: Hippowdon\n|-damage|p2a: Zapdos|44/100|[from] item: Life Orb\n|\n|upkeep\n|inactive|Time left: 300 sec this turn | 300 sec total | 5 sec grace\n|\n|t:|1783554823\n|switch|p1a: Manaphy|Manaphy, L78|284/284\n|turn|7\n|inactive|Time left: 300 sec this turn | 300 sec total\n|\n|t:|1783554825\n|switch|p2a: Sunflora|Sunflora, M|100/100\n|move|p1a: Manaphy|Ice Beam|p2a: Sunflora\n|-supereffective|p2a: Sunflora\n|-damage|p2a: Sunflora|69/100\n|\n|upkeep\n|turn|8\n|inactive|Time left: 300 sec this turn | 300 sec total\n|\n|t:|1783554826\n|move|p1a: Manaphy|Tail Glow|p1a: Manaphy\n|-boost|p1a: Manaphy|spa|3\n|move|p2a: Sunflora|Leaf Storm|p1a: Manaphy\n|-supereffective|p1a: Manaphy\n|-damage|p1a: Manaphy|0 fnt\n|-unboost|p2a: Sunflora|spa|2\n|faint|p1a: Manaphy\n|\n|upkeep\n|inactive|Time left: 300 sec this turn | 300 sec total | 5 sec grace\n|\n|t:|1783554826\n|switch|p1a: Armarouge|Armarouge, L80, M|267/267\n|turn|9\n|inactive|Time left: 300 sec this turn | 300 sec total\n|\n|t:|1783554827\n|switch|p2a: Golem|Golem-Alola, L93, F|100/100\n|move|p1a: Armarouge|Meteor Beam||[still]\n|-prepare|p1a: Armarouge|Meteor Beam\n|-boost|p1a: Armarouge|spa|1\n|-enditem|p1a: Armarouge|Power Herb\n|-anim|p1a: Armarouge|Meteor Beam|p2a: Golem\n|-damage|p2a: Golem|44/100\n|\n|upkeep\n|turn|10\n|inactive|Time left: 300 sec this turn | 300 sec total\n|\n|t:|1783554828\n|move|p1a: Armarouge|Energy Ball|p2a: Golem\n|-supereffective|p2a: Golem\n|-damage|p2a: Golem|0 fnt\n|faint|p2a: Golem\n|\n|upkeep\n|\n|t:|1783554829\n|switch|p2a: Vivillon|Vivillon-Garden, L83, M|100/100\n|turn|11\n|inactive|Time left: 300 sec this turn | 300 sec total\n|\n|t:|1783554830\n|move|p2a: Vivillon|Sleep Powder|p1a: Armarouge\n|-status|p1a: Armarouge|slp|[from] move: Sleep Powder\n|cant|p1a: Armarouge|slp\n|\n|upkeep\n|turn|12\n|inactive|Time left: 300 sec this turn | 300 sec total\n|\n|t:|1783554831\n|move|p2a: Vivillon|Hurricane|p1a: Armarouge\n|-damage|p1a: Armarouge|146/267 slp\n|cant|p1a: Armarouge|slp\n|\n|upkeep\n|turn|13\n|inactive|Time left: 300 sec this turn | 300 sec total\n|\n|t:|1783554832\n|-terastallize|p2a: Vivillon|Ground\n|move|p2a: Vivillon|Tera Blast|p1a: Armarouge|[anim] Tera Blast Ground\n|-supereffective|p1a: Armarouge\n|-damage|p1a: Armarouge|0 fnt\n|faint|p1a: Armarouge\n|\n|upkeep\n|inactive|Time left: 300 sec this turn | 300 sec total | 5 sec grace\n|\n|t:|1783554833\n|switch|p1a: Lycanroc|Lycanroc-Midnight, L89, F|296/296\n|turn|14\n|inactive|Time left: 300 sec this turn | 300 sec total\n|\n|t:|1783554834\n|-terastallize|p1a: Lycanroc|Fighting\n|move|p1a: Lycanroc|Close Combat|p2a: Vivillon\n|-damage|p2a: Vivillon|0 fnt\n|-unboost|p1a: Lycanroc|def|1\n|-unboost|p1a: Lycanroc|spd|1\n|faint|p2a: Vivillon\n|\n|upkeep\n|\n|t:|1783554835\n|switch|p2a: Zapdos|Zapdos-Galar, L77|44/100\n|turn|15\n|inactive|Time left: 300 sec this turn | 300 sec total\n|\n|t:|1783554836\n|switch|p1a: Altaria|Altaria, L89, M|278/278\n|move|p2a: Zapdos|Brave Bird|p1a: Altaria\n|-damage|p1a: Altaria|117/278\n|-damage|p2a: Zapdos|24/100|[from] Recoil\n|-damage|p2a: Zapdos|14/100|[from] item: Life Orb\n|\n|upkeep\n|turn|16\n|inactive|Time left: 300 sec this turn | 300 sec total\n|\n|t:|1783554837\n|move|p2a: Zapdos|Brave Bird|p1a: Altaria\n|-damage|p1a: Altaria|0 fnt\n|faint|p1a: Altaria\n|-damage|p2a: Zapdos|0 fnt|[from] Recoil\n|faint|p2a: Zapdos\n|\n|upkeep\n|inactive|Time left: 300 sec this turn | 300 sec total | 5 sec grace\n|\n|t:|1783554838\n|switch|p2a: Furret|Furret, L94, F|100/100\n|switch|p1a: Lycanroc|Lycanroc-Midnight, L89, F, tera:Fighting|296/296\n|-item|p1a: Lycanroc|Choice Band|[from] ability: Frisk|[of] p2a: Furret\n|turn|17\n|inactive|Time left: 300 sec this turn | 300 sec total\n|\n|t:|1783554839\n|move|p2a: Furret|Double-Edge|p1a: Lycanroc\n|-damage|p1a: Lycanroc|115/296\n|-damage|p2a: Furret|81/100|[from] Recoil\n|-damage|p2a: Furret|71/100|[from] item: Life Orb\n|move|p1a: Lycanroc|Stone Edge|p2a: Furret\n|-damage|p2a: Furret|0 fnt\n|faint|p2a: Furret\n|\n|upkeep\n|\n|t:|1783554840\n|switch|p2a: Mabosstiff|Mabosstiff, L86, F|100/100\n|turn|18\n|inactive|Time left: 300 sec this turn | 300 sec total\n|\n|t:|1783554840\n|switch|p1a: Mightyena|Mightyena, L96, M|290/290\n|-ability|p1a: Mightyena|Intimidate|boost\n|-unboost|p2a: Mabosstiff|atk|1\n|move|p2a: Mabosstiff|Play Rough|p1a: Mightyena\n|-supereffective|p1a: Mightyena\n|-damage|p1a: Mightyena|76/290\n|\n|upkeep\n|turn|19\n|inactive|Time left: 300 sec this turn | 300 sec total\n|\n|t:|1783554841\n|move|p2a: Mabosstiff|Play Rough|p1a: Mightyena\n|-supereffective|p1a: Mightyena\n|-damage|p1a: Mightyena|0 fnt\n|faint|p1a: Mightyena\n|\n|upkeep\n|inactive|Time left: 300 sec this turn | 300 sec total | 5 sec grace\n|\n|t:|1783554842\n|switch|p1a: Lycanroc|Lycanroc-Midnight, L89, F, tera:Fighting|115/296\n|turn|20\n|inactive|Time left: 300 sec this turn | 300 sec total\n|\n|t:|1783554843\n|switch|p2a: Sunflora|Sunflora, M|69/100\n|move|p1a: Lycanroc|Close Combat|p2a: Sunflora\n|-damage|p2a: Sunflora|0 fnt\n|-unboost|p1a: Lycanroc|def|1\n|-unboost|p1a: Lycanroc|spd|1\n|faint|p2a: Sunflora\n|\n|upkeep\n|\n|t:|1783554843\n|switch|p2a: Mabosstiff|Mabosstiff, L86, F|100/100\n|turn|21\n|inactive|Time left: 300 sec this turn | 300 sec total\n|\n|t:|1783554844\n|move|p2a: Mabosstiff|Wild Charge|p1a: Lycanroc\n|-damage|p1a: Lycanroc|0 fnt\n|faint|p1a: Lycanroc\n|-damage|p2a: Mabosstiff|90/100|[from] Recoil\n|\n|win|p0y13519f03", "uploadtime": 1783554844, "views": 0, "rating": 0, "private": 0, "password": null, "_winner": "p0y13519f03", "_our_name": "p0x1351ed26"}