{"id": "battle-gen9randombattle-1075", "formatid": "gen9randombattle", "format": "[Gen 9] Random Battle", "players": ["p0x1075f03f", "p0y1075419a"], "log": "|init|battle\n|title|p0x1075f03f vs. p0y1075419a\n|j|\u2606p0x1075f03f\n|j|\u2606p0y1075419a\n|t:|1783551655\n|gametype|singles\n|player|p1|p0x1075f03f|2|\n|player|p2|p0y1075419a|170|\n|gen|9\n|tier|[Gen 9] Random Battle\n|rule|Species Clause: Limit one of each Pok\u00e9mon\n|rule|HP Percentage Mod: HP is shown in percentages\n|rule|Sleep Clause Mod: Limit one foe put to sleep\n|rule|Illusion Level Mod: Illusion disguises the Pok\u00e9mon's true level\n|\n|t:|1783551655\n|teamsize|p1|6\n|teamsize|p2|6\n|start\n|switch|p1a: Shaymin|Shaymin-Sky, L73|100/100\n|switch|p2a: Shaymin|Shaymin, L82|298/298\n|turn|1\n|inactive|Battle timer is ON: inactive players will automatically lose when time's up. (requested by p0x1075f03f)\n|inactive|Time left: 300 sec this turn | 300 sec total | 60 sec grace\n|inactive|p0y1075419a also wants the timer to be on.\n|\n|t:|1783551656\n|move|p1a: Shaymin|Air Slash|p2a: Shaymin\n|-supereffective|p2a: Shaymin\n|-damage|p2a: Shaymin|148/298\n|move|p2a: Shaymin|Seed Flare|p1a: Shaymin\n|-resisted|p1a: Shaymin\n|-damage|p1a: Shaymin|87/100\n|\n|-heal|p2a: Shaymin|166/298|[from] item: Leftovers\n|upkeep\n|turn|2\n|inactive|Time left: 300 sec this turn | 300 sec total\n|\n|t:|1783551657\n|switch|p2a: Hoopa|Hoopa, L85|275/275\n|move|p1a: Shaymin|Air Slash|p2a: Hoopa\n|-damage|p2a: Hoopa|224/275\n|\n|upkeep\n|turn|3\n|inactive|Time left: 300 sec this turn | 300 sec total\n|\n|t:|1783551658\n|move|p2a: Hoopa|Shadow Ball|p1a: Shaymin\n|-damage|p1a: Shaymin|23/100\n|move|p1a: Shaymin|Seed Flare|p2a: Hoopa\n|-damage|p2a: Hoopa|139/275\n|-unboost|p2a: Hoopa|spd|2\n|\n|upkeep\n|turn|4\n|inactive|Time left: 300 sec this turn | 300 sec total\n|\n|t:|1783551659\n|switch|p1a: Glastrier|Glastrier, L86|100/100\n|move|p2a: Hoopa|Shadow Ball|p1a: Glastrier\n|-damage|p1a: Glastrier|67/100\n|\n|upkeep\n|turn|5\n|inactive|Time left: 300 sec this turn | 300 sec total\n|\n|t:|1783551660\n|switch|p2a: Slowbro|Slowbro, L85, F|300/300\n|move|p1a: Glastrier|Icicle Crash|p2a: Slowbro\n|-resisted|p2a: Slowbro\n|-damage|p2a: Slowbro|225/300\n|\n|upkeep\n|turn|6\n|inactive|Time left: 300 sec this turn | 300 sec total\n|\n|t:|1783551662\n|move|p1a: Glastrier|Icicle Crash|p2a: Slowbro\n|-resisted|p2a: Slowbro\n|-damage|p2a: Slowbro|140/300\n|move|p2a: Slowbro|Scald|p1a: Glastrier\n|-damage|p1a: Glastrier|45/100\n|\n|upkeep\n|turn|7\n|inactive|Time left: 300 sec this turn | 300 sec total\n|\n|t:|1783551663\n|move|p1a: Glastrier|Icicle Crash|p2a: Slowbro|[miss]\n|-miss|p1a: Glastrier|p2a: Slowbro\n|move|p2a: Slowbro|Slack Off|p2a: Slowbro\n|-heal|p2a: Slowbro|290/300\n|\n|upkeep\n|turn|8\n|inactive|Time left: 300 sec this turn | 300 sec total\n|\n|t:|1783551664\n|move|p1a: Glastrier|Icicle Crash|p2a: Slowbro\n|-resisted|p2a: Slowbro\n|-damage|p2a: Slowbro|215/300\n|move|p2a: Slowbro|Scald|p1a: Glastrier\n|-damage|p1a: Glastrier|19/100\n|\n|upkeep\n|turn|9\n|inactive|Time left: 300 sec this turn | 300 sec total\n|\n|t:|1783551666\n|move|p1a: Glastrier|Icicle Crash|p2a: Slowbro\n|-resisted|p2a: Slowbro\n|-damage|p2a: Slowbro|131/300\n|move|p2a: Slowbro|Scald|p1a: Glastrier\n|-damage|p1a: Glastrier|0 fnt\n|faint|p1a: Glastrier\n|\n|upkeep\n|\n|t:|1783551667\n|switch|p1a: Shaymin|Shaymin-Sky, L73|23/100\n|turn|10\n|inactive|Time left: 300 sec this turn | 300 sec total\n|\n|t:|1783551668\n|switch|p2a: Abomasnow|Abomasnow, L84, M|287/287\n|-weather|Snowscape|[from] ability: Snow Warning|[of] p2a: Abomasnow\n|move|p1a: Shaymin|Seed Flare|p2a: Abomasnow\n|-resisted|p2a: Abomasnow\n|-damage|p2a: Abomasnow|223/287\n|-unboost|p2a: Abomasnow|spd|2\n|\n|-weather|Snowscape|[upkeep]\n|upkeep\n|turn|11\n|inactive|Time left: 300 sec this turn | 300 sec total\n|\n|t:|1783551669\n|move|p2a: Abomasnow|Ice Shard|p1a: Shaymin\n|-supereffective|p1a: Shaymin\n|-damage|p1a: Shaymin|0 fnt\n|faint|p1a: Shaymin\n|\n|-weather|Snowscape|[upkeep]\n|upkeep\n|\n|t:|1783551670\n|switch|p1a: Electivire|Electivire, L84, F|100/100\n|turn|12\n|inactive|Time left: 300 sec this turn | 300 sec total\n|\n|t:|1783551671\n|move|p1a: Electivire|Flamethrower|p2a: Abomasnow\n|-supereffective|p2a: Abomasnow\n|-damage|p2a: Abomasnow|0 fnt\n|faint|p2a: Abomasnow\n|-damage|p1a: Electivire|91/100|[from] item: Life Orb\n|\n|-weather|Snowscape|[upkeep]\n|upkeep\n|inactive|Time left: 300 sec this turn | 300 sec total | 5 sec grace\n|\n|t:|1783551672\n|switch|p2a: Whiscash|Whiscash, L88, F|337/337\n|turn|13\n|inactive|Time left: 300 sec this turn | 300 sec total\n|\n|t:|1783551673\n|switch|p1a: Dunsparce|Dunsparce, L86, F|100/100\n|move|p2a: Whiscash|Earthquake|p1a: Dunsparce\n|-damage|p1a: Dunsparce|74/100\n|\n|-weather|Snowscape|[upkeep]\n|upkeep\n|turn|14\n|inactive|Time left: 300 sec this turn | 300 sec total\n|\n|t:|1783551675\n|move|p2a: Whiscash|Hydro Pump|p1a: Dunsparce\n|-damage|p1a: Dunsparce|47/100\n|move|p1a: Dunsparce|Coil|p1a: Dunsparce\n|-boost|p1a: Dunsparce|atk|1\n|-boost|p1a: Dunsparce|def|1\n|-boost|p1a: Dunsparce|accuracy|1\n|\n|-weather|none\n|upkeep\n|turn|15\n|inactive|Time left: 300 sec this turn | 300 sec total\n|\n|t:|1783551676\n|move|p2a: Whiscash|Spikes|p1a: Dunsparce\n|-sidestart|p1: p0x1075f03f|Spikes\n|move|p1a: Dunsparce|Roost|p1a: Dunsparce\n|-heal|p1a: Dunsparce|97/100\n|-singleturn|p1a: Dunsparce|move: Roost\n|\n|upkeep\n|turn|16\n|inactive|Time left: 300 sec this turn | 300 sec total\n|\n|t:|1783551677\n|move|p2a: Whiscash|Spikes|p1a: Dunsparce\n|-sidestart|p1: p0x1075f03f|Spikes\n|move|p1a: Dunsparce|Coil|p1a: Dunsparce\n|-boost|p1a: Dunsparce|atk|1\n|-boost|p1a: Dunsparce|def|1\n|-boost|p1a: Dunsparce|accuracy|1\n|\n|upkeep\n|turn|17\n|inactive|Time left: 300 sec this turn | 300 sec total\n|\n|t:|1783551678\n|switch|p2a: Slowbro|Slowbro, L85, F|231/300\n|move|p1a: Dunsparce|Body Slam|p2a: Slowbro\n|-damage|p2a: Slowbro|98/300\n|-damage|p1a: Dunsparce|80/100|[from] item: Rocky Helmet|[of] p2a: Slowbro\n|\n|upkeep\n|turn|18\n|inactive|Time left: 300 sec this turn | 300 sec total\n|\n|t:|1783551679\n|switch|p2a: Shaymin|Shaymin, L82|166/298\n|move|p1a: Dunsparce|Body Slam|p2a: Shaymin\n|-damage|p2a: Shaymin|39/298\n|-status|p2a: Shaymin|par\n|\n|-heal|p2a: Shaymin|57/298 par|[from] item: Leftovers\n|upkeep\n|turn|19\n|inactive|Time left: 300 sec this turn | 300 sec total\n|\n|t:|1783551680\n|-curestatus|p2a: Shaymin|par|[from] ability: Natural Cure|[silent]\n|switch|p2a: Slowbro|Slowbro, L85, F|198/300\n|move|p1a: Dunsparce|Body Slam|p2a: Slowbro\n|-damage|p2a: Slowbro|65/300\n|-status|p2a: Slowbro|par\n|-damage|p1a: Dunsparce|64/100|[from] item: Rocky Helmet|[of] p2a: Slowbro\n|\n|upkeep\n|turn|20\n|inactive|Time left: 300 sec this turn | 300 sec total\n|\n|t:|1783551681\n|switch|p2a: Shaymin|Shaymin, L82|57/298\n|move|p1a: Dunsparce|Earthquake|p2a: Shaymin\n|-resisted|p2a: Shaymin\n|-damage|p2a: Shaymin|3/298\n|\n|-heal|p2a: Shaymin|21/298|[from] item: Leftovers\n|upkeep\n|turn|21\n|inactive|Time left: 300 sec this turn | 300 sec total\n|\n|t:|1783551682\n|move|p2a: Shaymin|Seed Flare|p1a: Dunsparce\n|-damage|p1a: Dunsparce|34/100\n|move|p1a: Dunsparce|Body Slam|p2a: Shaymin\n|-damage|p2a: Shaymin|0 fnt\n|faint|p2a: Shaymin\n|\n|upkeep\n|inactive|Time left: 300 sec this turn | 300 sec total | 5 sec grace\n|\n|t:|1783551683\n|switch|p2a: Hoopa|Hoopa, L85|139/275\n|turn|22\n|inactive|Time left: 300 sec this turn | 300 sec total\n|\n|t:|1783551684\n|move|p2a: Hoopa|Focus Blast|p1a: Dunsparce\n|-supereffective|p1a: Dunsparce\n|-damage|p1a: Dunsparce|0 fnt\n|faint|p1a: Dunsparce\n|\n|upkeep\n|\n|t:|1783551685\n|switch|p1a: Meowstic|Meowstic-F, L89, F|100/100\n|-damage|p1a: Meowstic|84/100|[from] Spikes\n|turn|23\n|inactive|Time left: 300 sec this turn | 300 sec total\n|\n|t:|1783551686\n|move|p2a: Hoopa|Focus Blast|p1a: Meowstic\n|-resisted|p1a: Meowstic\n|-damage|p1a: Meowstic|60/100\n|move|p1a: Meowstic|Nasty Plot|p1a: Meowstic\n|-boost|p1a: Meowstic|spa|2\n|\n|upkeep\n|turn|24\n|inactive|Time left: 300 sec this turn | 300 sec total\n|\n|t:|1783551687\n|move|p2a: Hoopa|Focus Blast|p1a: Meowstic\n|-resisted|p1a: Meowstic\n|-damage|p1a: Meowstic|38/100\n|move|p1a: Meowstic|Psyshock|p2a: Hoopa\n|-resisted|p2a: Hoopa\n|-damage|p2a: Hoopa|0 fnt\n|faint|p2a: Hoopa\n|-damage|p1a: Meowstic|29/100|[from] item: Life Orb\n|\n|upkeep\n|inactive|Time left: 300 sec this turn | 300 sec total | 5 sec grace\n|\n|t:|1783551688\n|switch|p2a: Whiscash|Whiscash, L88, F|337/337\n|turn|25\n|inactive|Time left: 300 sec this turn | 300 sec total\n|\n|t:|1783551689\n|move|p1a: Meowstic|Psyshock|p2a: Whiscash\n|-damage|p2a: Whiscash|102/337\n|-damage|p1a: Meowstic|19/100|[from] item: Life Orb\n|move|p2a: Whiscash|Earthquake|p1a: Meowstic\n|-damage|p1a: Meowstic|0 fnt\n|faint|p1a: Meowstic\n|\n|-heal|p2a: Whiscash|123/337|[from] item: Leftovers\n|upkeep\n|\n|t:|1783551690\n|switch|p1a: Scyther|Scyther, L82, M|100/100\n|turn|26\n|inactive|Time left: 300 sec this turn | 300 sec total\n|\n|t:|1783551691\n|move|p1a: Scyther|Dual Wingbeat|p2a: Whiscash\n|-damage|p2a: Whiscash|50/337\n|-damage|p2a: Whiscash|0 fnt\n|faint|p2a: Whiscash\n|-hitcount|p2: Whiscash|2\n|\n|upkeep\n|inactive|Time left: 300 sec this turn | 300 sec total | 5 sec grace\n|\n|t:|1783551692\n|switch|p2a: Lycanroc|Lycanroc-Dusk, L81, F|254/254\n|turn|27\n|inactive|Time left: 300 sec this turn | 300 sec total\n|\n|t:|1783551693\n|-terastallize|p1a: Scyther|Fighting\n|move|p2a: Lycanroc|Stone Edge|p1a: Scyther\n|-resisted|p1a: Scyther\n|-damage|p1a: Scyther|66/100\n|-damage|p2a: Lycanroc|229/254|[from] item: Life Orb\n|move|p1a: Scyther|Close Combat|p2a: Lycanroc\n|-supereffective|p2a: Lycanroc\n|-damage|p2a: Lycanroc|0 fnt\n|-unboost|p1a: Scyther|def|1\n|-unboost|p1a: Scyther|spd|1\n|faint|p2a: Lycanroc\n|\n|upkeep\n|inactive|Time left: 300 sec this turn | 300 sec total | 5 sec grace\n|\n|t:|1783551694\n|switch|p2a: Slowbro|Slowbro, L85, F|165/300 par\n|turn|28\n|inactive|Time left: 300 sec this turn | 300 sec total\n|\n|t:|1783551695\n|-terastallize|p2a: Slowbro|Fairy\n|move|p1a: Scyther|U-turn|p2a: Slowbro\n|-resisted|p2a: Slowbro\n|-damage|p2a: Slowbro|136/300 par\n|-damage|p1a: Scyther|49/100|[from] item: Rocky Helmet|[of] p2a: Slowbro\n|\n|t:|1783551696\n|switch|p1a: Electivire|Electivire, L84, F|91/100|[from] U-turn\n|-damage|p1a: Electivire|74/100|[from] Spikes\n|cant|p2a: Slowbro|par\n|\n|upkeep\n|turn|29\n|inactive|Time left: 300 sec this turn | 300 sec total\n|\n|t:|1783551697\n|move|p1a: Electivire|Supercell Slam|p2a: Slowbro\n|-damage|p2a: Slowbro|0 fnt\n|-damage|p1a: Electivire|58/100|[from] item: Rocky Helmet|[of] p2a: Slowbro\n|faint|p2a: Slowbro\n|-damage|p1a: Electivire|48/100|[from] item: Life Orb\n|\n|win|p0x1075f03f", "uploadtime": 1783551697, "views": 0, "rating": 0, "private": 0, "password": null, "_winner": "p0x1075f03f", "_our_name": "p0y1075419a"}