{"id": "battle-gen9randombattle-849", "formatid": "gen9randombattle", "format": "[Gen 9] Random Battle", "players": ["p0x8494cb6", "p0y849f4f9"], "log": "|init|battle\n|title|p0x8494cb6 vs. p0y849f4f9\n|j|\u2606p0x8494cb6\n|j|\u2606p0y849f4f9\n|t:|1783548994\n|gametype|singles\n|player|p1|p0x8494cb6|265|\n|player|p2|p0y849f4f9|101|\n|gen|9\n|tier|[Gen 9] Random Battle\n|rule|Species Clause: Limit one of each Pok\u00e9mon\n|rule|HP Percentage Mod: HP is shown in percentages\n|rule|Sleep Clause Mod: Limit one foe put to sleep\n|rule|Illusion Level Mod: Illusion disguises the Pok\u00e9mon's true level\n|\n|t:|1783548994\n|teamsize|p1|6\n|teamsize|p2|6\n|start\n|switch|p1a: Sandaconda|Sandaconda, L84, F|100/100\n|switch|p2a: Crawdaunt|Crawdaunt, L84, M|243/243\n|turn|1\n|inactive|Battle timer is ON: inactive players will automatically lose when time's up. (requested by p0y849f4f9)\n|inactive|p0x8494cb6 also wants the timer to be on.\n|\n|t:|1783548995\n|move|p1a: Sandaconda|Stealth Rock|p2a: Crawdaunt\n|-sidestart|p2: p0y849f4f9|move: Stealth Rock\n|move|p2a: Crawdaunt|Crabhammer|p1a: Sandaconda\n|-supereffective|p1a: Sandaconda\n|-damage|p1a: Sandaconda|0 fnt\n|faint|p1a: Sandaconda\n|-damage|p2a: Crawdaunt|219/243|[from] item: Life Orb\n|\n|upkeep\n|\n|t:|1783548996\n|switch|p1a: Espathra|Espathra, L80, F|100/100\n|turn|2\n|inactive|Time left: 300 sec this turn | 300 sec total\n|\n|t:|1783548998\n|move|p1a: Espathra|Dazzling Gleam|p2a: Crawdaunt\n|-supereffective|p2a: Crawdaunt\n|-damage|p2a: Crawdaunt|11/243\n|move|p2a: Crawdaunt|Crabhammer|p1a: Espathra\n|-damage|p1a: Espathra|0 fnt\n|faint|p1a: Espathra\n|-damage|p2a: Crawdaunt|0 fnt|[from] item: Life Orb\n|faint|p2a: Crawdaunt\n|\n|upkeep\n|inactive|Time left: 300 sec this turn | 300 sec total | 5 sec grace\n|\n|t:|1783548999\n|switch|p1a: Palkia|Palkia, L75|100/100\n|switch|p2a: Hitmontop|Hitmontop, L88, M|231/231\n|-ability|p1a: Palkia|Pressure\n|-damage|p2a: Hitmontop|217/231|[from] Stealth Rock\n|turn|3\n|inactive|Time left: 300 sec this turn | 300 sec total\n|\n|t:|1783549000\n|move|p1a: Palkia|Hydro Pump|p2a: Hitmontop\n|-damage|p2a: Hitmontop|81/231\n|move|p2a: Hitmontop|Rapid Spin|p1a: Palkia\n|-damage|p1a: Palkia|77/100\n|-boost|p2a: Hitmontop|spe|1\n|-sideend|p2: p0y849f4f9|Stealth Rock|[from] move: Rapid Spin|[of] p2a: Hitmontop\n|\n|-heal|p2a: Hitmontop|95/231|[from] item: Leftovers\n|upkeep\n|turn|4\n|inactive|Time left: 300 sec this turn | 300 sec total\n|\n|t:|1783549001\n|-terastallize|p2a: Hitmontop|Ice\n|move|p2a: Hitmontop|Triple Axel|p1a: Palkia\n|-damage|p1a: Palkia|63/100\n|-damage|p1a: Palkia|35/100\n|-damage|p1a: Palkia|0 fnt\n|faint|p1a: Palkia\n|-hitcount|p1: Palkia|3\n|\n|-heal|p2a: Hitmontop|109/231|[from] item: Leftovers\n|upkeep\n|\n|t:|1783549002\n|switch|p1a: Gothitelle|Gothitelle, L90, M|100/100\n|turn|5\n|inactive|Time left: 300 sec this turn | 300 sec total\n|\n|t:|1783549003\n|move|p2a: Hitmontop|Triple Axel|p1a: Gothitelle\n|-damage|p1a: Gothitelle|90/100\n|-damage|p1a: Gothitelle|69/100\n|-damage|p1a: Gothitelle|35/100\n|-hitcount|p1a: Gothitelle|3\n|move|p1a: Gothitelle|Focus Blast|p2a: Hitmontop\n|-supereffective|p2a: Hitmontop\n|-damage|p2a: Hitmontop|0 fnt\n|faint|p2a: Hitmontop\n|\n|-heal|p1a: Gothitelle|41/100|[from] item: Leftovers\n|upkeep\n|inactive|Time left: 300 sec this turn | 300 sec total | 5 sec grace\n|\n|t:|1783549004\n|switch|p2a: Drednaw|Drednaw, L81, M|278/278\n|turn|6\n|inactive|Time left: 300 sec this turn | 300 sec total\n|\n|t:|1783549005\n|move|p1a: Gothitelle|Focus Blast|p2a: Drednaw|[miss]\n|-miss|p1a: Gothitelle|p2a: Drednaw\n|move|p2a: Drednaw|Shell Smash|p2a: Drednaw\n|-unboost|p2a: Drednaw|def|1\n|-unboost|p2a: Drednaw|spd|1\n|-boost|p2a: Drednaw|atk|2\n|-boost|p2a: Drednaw|spa|2\n|-boost|p2a: Drednaw|spe|2\n|-enditem|p2a: Drednaw|White Herb\n|-clearnegativeboost|p2a: Drednaw|[silent]\n|\n|-heal|p1a: Gothitelle|47/100|[from] item: Leftovers\n|upkeep\n|turn|7\n|inactive|Time left: 300 sec this turn | 300 sec total\n|\n|t:|1783549006\n|-terastallize|p1a: Gothitelle|Steel\n|move|p2a: Drednaw|Liquidation|p1a: Gothitelle\n|-damage|p1a: Gothitelle|0 fnt\n|faint|p1a: Gothitelle\n|\n|upkeep\n|\n|t:|1783549007\n|switch|p1a: Illumise|Illumise, L91, F|100/100\n|turn|8\n|inactive|Time left: 300 sec this turn | 300 sec total\n|\n|t:|1783549008\n|move|p1a: Illumise|Encore|p2a: Drednaw\n|-start|p2a: Drednaw|Encore\n|move|p2a: Drednaw|Liquidation|p1a: Illumise\n|-damage|p1a: Illumise|27/100\n|\n|upkeep\n|turn|9\n|inactive|Time left: 300 sec this turn | 300 sec total\n|\n|t:|1783549009\n|move|p1a: Illumise|Thunder Wave|p2a: Drednaw\n|-status|p2a: Drednaw|par\n|move|p2a: Drednaw|Liquidation|p1a: Illumise\n|-damage|p1a: Illumise|0 fnt\n|faint|p1a: Illumise\n|\n|upkeep\n|\n|t:|1783549010\n|switch|p1a: Swanna|Swanna, L89, M|100/100\n|turn|10\n|inactive|Time left: 300 sec this turn | 300 sec total\n|\n|t:|1783549011\n|switch|p2a: Pincurchin|Pincurchin, F|258/258\n|-fieldstart|move: Electric Terrain|[from] ability: Electric Surge|[of] p2a: Pincurchin\n|move|p1a: Swanna|Hydro Pump|p2a: Pincurchin\n|-damage|p2a: Pincurchin|162/258\n|\n|-heal|p2a: Pincurchin|178/258|[from] item: Leftovers\n|upkeep\n|turn|11\n|inactive|Time left: 300 sec this turn | 300 sec total\n|\n|t:|1783549012\n|move|p1a: Swanna|Defog|p2a: Pincurchin\n|-unboost|p2a: Pincurchin|evasion|1\n|-fieldend|move: Electric Terrain\n|move|p2a: Pincurchin|Zing Zap|p1a: Swanna\n|-supereffective|p1a: Swanna\n|-damage|p1a: Swanna|0 fnt\n|faint|p1a: Swanna\n|\n|win|p0y849f4f9", "uploadtime": 1783549012, "views": 0, "rating": 0, "private": 0, "password": null, "_winner": "p0y849f4f9", "_our_name": "p0y849f4f9"}