{"id": "battle-gen9randombattle-1972", "formatid": "gen9randombattle", "format": "[Gen 9] Random Battle", "players": ["p0x1972a7a2", "p0y197283cb"], "log": "|init|battle\n|title|p0x1972a7a2 vs. p0y197283cb\n|j|\u2606p0x1972a7a2\n|j|\u2606p0y197283cb\n|t:|1783562796\n|gametype|singles\n|player|p1|p0x1972a7a2|169|\n|player|p2|p0y197283cb|266|\n|gen|9\n|tier|[Gen 9] Random Battle\n|rule|Species Clause: Limit one of each Pok\u00e9mon\n|rule|HP Percentage Mod: HP is shown in percentages\n|rule|Sleep Clause Mod: Limit one foe put to sleep\n|rule|Illusion Level Mod: Illusion disguises the Pok\u00e9mon's true level\n|\n|t:|1783562796\n|teamsize|p1|6\n|teamsize|p2|6\n|start\n|switch|p1a: Hypno|Hypno, L95, M|315/315\n|switch|p2a: Dedenne|Dedenne, L88, M|100/100\n|turn|1\n|inactive|Battle timer is ON: inactive players will automatically lose when time's up. (requested by p0x1972a7a2)\n|inactive|p0y197283cb also wants the timer to be on.\n|\n|t:|1783562798\n|move|p2a: Dedenne|U-turn|p1a: Hypno\n|-supereffective|p1a: Hypno\n|-damage|p1a: Hypno|235/315\n|\n|t:|1783562799\n|switch|p2a: Hatterene|Hatterene, L85, F|100/100|[from] U-turn\n|move|p1a: Hypno|Toxic|p2a: Hatterene\n|move|p2a: Hatterene|Toxic|p1a: Hypno|[from] ability: Magic Bounce\n|-status|p1a: Hypno|tox\n|\n|-heal|p1a: Hypno|254/315 tox|[from] item: Leftovers\n|-damage|p1a: Hypno|235/315 tox|[from] psn\n|upkeep\n|turn|2\n|inactive|Time left: 300 sec this turn | 300 sec total\n|\n|t:|1783562801\n|move|p1a: Hypno|Protect|p1a: Hypno\n|-singleturn|p1a: Hypno|Protect\n|move|p2a: Hatterene|Calm Mind|p2a: Hatterene\n|-boost|p2a: Hatterene|spa|1\n|-boost|p2a: Hatterene|spd|1\n|\n|-heal|p1a: Hypno|254/315 tox|[from] item: Leftovers\n|-damage|p1a: Hypno|216/315 tox|[from] psn\n|upkeep\n|turn|3\n|inactive|Time left: 300 sec this turn | 300 sec total\n|\n|t:|1783562802\n|move|p1a: Hypno|Psychic Noise|p2a: Hatterene\n|-resisted|p2a: Hatterene\n|-damage|p2a: Hatterene|89/100\n|-start|p2a: Hatterene|move: Heal Block\n|move|p2a: Hatterene|Psyshock|p1a: Hypno\n|-resisted|p1a: Hypno\n|-damage|p1a: Hypno|129/315 tox\n|\n|-heal|p1a: Hypno|148/315 tox|[from] item: Leftovers\n|-damage|p1a: Hypno|91/315 tox|[from] psn\n|upkeep\n|turn|4\n|inactive|Time left: 300 sec this turn | 300 sec total\n|\n|t:|1783562803\n|switch|p1a: Sinistcha|Sinistcha-Masterpiece, L83|254/254\n|move|p2a: Hatterene|Calm Mind|p2a: Hatterene\n|-boost|p2a: Hatterene|spa|1\n|-boost|p2a: Hatterene|spd|1\n|\n|-end|p2a: Hatterene|move: Heal Block\n|upkeep\n|turn|5\n|inactive|Time left: 300 sec this turn | 300 sec total\n|\n|t:|1783562804\n|move|p1a: Sinistcha|Calm Mind|p1a: Sinistcha\n|-boost|p1a: Sinistcha|spa|1\n|-boost|p1a: Sinistcha|spd|1\n|move|p2a: Hatterene|Psyshock|p1a: Sinistcha\n|-damage|p1a: Sinistcha|47/254\n|\n|-heal|p1a: Sinistcha|62/254|[from] item: Leftovers\n|-heal|p2a: Hatterene|95/100|[from] item: Leftovers\n|upkeep\n|turn|6\n|inactive|Time left: 300 sec this turn | 300 sec total\n|\n|t:|1783562805\n|-terastallize|p1a: Sinistcha|Steel\n|move|p1a: Sinistcha|Strength Sap|p2a: Hatterene\n|move|p2a: Hatterene|Strength Sap|p1a: Sinistcha|[from] ability: Magic Bounce\n|-unboost|p1a: Sinistcha|atk|1\n|-heal|p2a: Hatterene|100/100\n|move|p2a: Hatterene|Psyshock|p1a: Sinistcha\n|-resisted|p1a: Sinistcha\n|-damage|p1a: Sinistcha|0 fnt\n|faint|p1a: Sinistcha\n|\n|upkeep\n|inactive|Time left: 300 sec this turn | 300 sec total | 5 sec grace\n|\n|t:|1783562806\n|switch|p1a: Weezing|Weezing-Galar, L86, F|252/252\n|turn|7\n|inactive|Time left: 300 sec this turn | 300 sec total\n|\n|t:|1783562807\n|move|p1a: Weezing|Gunk Shot|p2a: Hatterene\n|-supereffective|p2a: Hatterene\n|-damage|p2a: Hatterene|0 fnt\n|faint|p2a: Hatterene\n|\n|upkeep\n|\n|t:|1783562808\n|switch|p2a: Pincurchin|Pincurchin, M|100/100\n|-fieldstart|move: Electric Terrain|[from] ability: Electric Surge|[of] p2a: Pincurchin\n|turn|8\n|inactive|Time left: 300 sec this turn | 300 sec total\n|\n|t:|1783562809\n|move|p1a: Weezing|Will-O-Wisp|p2a: Pincurchin\n|-status|p2a: Pincurchin|brn\n|move|p2a: Pincurchin|Discharge|p1a: Weezing\n|-damage|p1a: Weezing|72/252\n|\n|-heal|p1a: Weezing|87/252|[from] item: Leftovers\n|-damage|p2a: Pincurchin|94/100 brn|[from] brn\n|upkeep\n|turn|9\n|inactive|Time left: 300 sec this turn | 300 sec total\n|\n|t:|1783562810\n|move|p1a: Weezing|Pain Split|p2a: Pincurchin\n|-sethp|p2a: Pincurchin|64/100 brn|[from] move: Pain Split|[silent]\n|-sethp|p1a: Weezing|164/252|[from] move: Pain Split\n|move|p2a: Pincurchin|Discharge|p1a: Weezing\n|-damage|p1a: Weezing|0 fnt\n|faint|p1a: Weezing\n|\n|-heal|p2a: Pincurchin|70/100 brn|[from] item: Leftovers\n|-damage|p2a: Pincurchin|64/100 brn|[from] brn\n|upkeep\n|inactive|Time left: 300 sec this turn | 300 sec total | 5 sec grace\n|\n|t:|1783562811\n|switch|p1a: Hypno|Hypno, L95, M|91/315 tox\n|turn|10\n|inactive|Time left: 300 sec this turn | 300 sec total\n|\n|t:|1783562812\n|move|p1a: Hypno|Psychic Noise|p2a: Pincurchin\n|-damage|p2a: Pincurchin|38/100 brn\n|-start|p2a: Pincurchin|move: Heal Block\n|move|p2a: Pincurchin|Discharge|p1a: Hypno\n|-damage|p1a: Hypno|0 fnt\n|faint|p1a: Hypno\n|\n|-damage|p2a: Pincurchin|32/100 brn|[from] brn\n|upkeep\n|inactive|Time left: 300 sec this turn | 300 sec total | 5 sec grace\n|\n|t:|1783562813\n|switch|p1a: Weavile|Weavile, L79, F|240/240\n|turn|11\n|inactive|Time left: 300 sec this turn | 300 sec total\n|\n|t:|1783562814\n|move|p1a: Weavile|Knock Off|p2a: Pincurchin\n|-damage|p2a: Pincurchin|0 fnt\n|-enditem|p2a: Pincurchin|Leftovers|[from] move: Knock Off|[of] p1a: Weavile\n|faint|p2a: Pincurchin\n|\n|upkeep\n|\n|t:|1783562815\n|switch|p2a: Floatzel|Floatzel, L86, M|100/100\n|turn|12\n|inactive|Time left: 300 sec this turn | 300 sec total\n|\n|t:|1783562816\n|switch|p1a: Tentacruel|Tentacruel, L84, F|272/272\n|move|p2a: Floatzel|Wave Crash|p1a: Tentacruel\n|-resisted|p1a: Tentacruel\n|-crit|p1a: Tentacruel\n|-damage|p1a: Tentacruel|69/272\n|-damage|p2a: Floatzel|77/100|[from] Recoil\n|\n|-fieldend|move: Electric Terrain\n|upkeep\n|turn|13\n|inactive|Time left: 300 sec this turn | 300 sec total\n|\n|t:|1783562817\n|move|p2a: Floatzel|Wave Crash|p1a: Tentacruel\n|-resisted|p1a: Tentacruel\n|-damage|p1a: Tentacruel|0 fnt\n|faint|p1a: Tentacruel\n|-damage|p2a: Floatzel|69/100|[from] Recoil\n|\n|upkeep\n|inactive|Time left: 300 sec this turn | 300 sec total | 5 sec grace\n|\n|t:|1783562818\n|switch|p1a: Smeargle|Smeargle, L95, F|258/258\n|turn|14\n|inactive|Time left: 300 sec this turn | 300 sec total\n|\n|t:|1783562819\n|move|p2a: Floatzel|Wave Crash|p1a: Smeargle\n|-enditem|p1a: Smeargle|Focus Sash\n|-damage|p1a: Smeargle|1/258\n|-damage|p2a: Floatzel|39/100|[from] Recoil\n|move|p1a: Smeargle|Spore|p2a: Floatzel\n|-status|p2a: Floatzel|slp|[from] move: Spore\n|\n|upkeep\n|turn|15\n|inactive|Time left: 300 sec this turn | 300 sec total\n|\n|t:|1783562819\n|cant|p2a: Floatzel|slp\n|move|p1a: Smeargle|Sticky Web|p2a: Floatzel\n|-sidestart|p2: p0y197283cb|move: Sticky Web\n|\n|upkeep\n|turn|16\n|inactive|Time left: 300 sec this turn | 300 sec total\n|\n|t:|1783562820\n|-curestatus|p2a: Floatzel|slp|[msg]\n|move|p2a: Floatzel|Wave Crash|p1a: Smeargle\n|-damage|p1a: Smeargle|0 fnt\n|faint|p1a: Smeargle\n|-damage|p2a: Floatzel|39/100|[from] Recoil\n|\n|upkeep\n|inactive|Time left: 300 sec this turn | 300 sec total | 5 sec grace\n|\n|t:|1783562821\n|switch|p1a: Weavile|Weavile, L79, F|240/240\n|turn|17\n|inactive|Time left: 300 sec this turn | 300 sec total\n|\n|t:|1783562822\n|-terastallize|p2a: Floatzel|Water\n|move|p2a: Floatzel|Wave Crash|p1a: Weavile\n|-damage|p1a: Weavile|0 fnt\n|faint|p1a: Weavile\n|-damage|p2a: Floatzel|11/100|[from] Recoil\n|\n|win|p0y197283cb", "uploadtime": 1783562822, "views": 0, "rating": 0, "private": 0, "password": null, "_winner": "p0y197283cb", "_our_name": "p0x1972a7a2"}