{"id": "battle-gen9randombattle-2185", "formatid": "gen9randombattle", "format": "[Gen 9] Random Battle", "players": ["p0x2185e797", "p0y2185fa6a"], "log": "|init|battle\n|title|p0x2185e797 vs. p0y2185fa6a\n|j|\u2606p0x2185e797\n|j|\u2606p0y2185fa6a\n|t:|1783565322\n|gametype|singles\n|player|p1|p0x2185e797|102|\n|player|p2|p0y2185fa6a|2|\n|gen|9\n|tier|[Gen 9] Random Battle\n|rule|Species Clause: Limit one of each Pok\u00e9mon\n|rule|HP Percentage Mod: HP is shown in percentages\n|rule|Sleep Clause Mod: Limit one foe put to sleep\n|rule|Illusion Level Mod: Illusion disguises the Pok\u00e9mon's true level\n|\n|t:|1783565322\n|teamsize|p1|6\n|teamsize|p2|6\n|start\n|switch|p1a: Donphan|Donphan, L84, F|100/100\n|switch|p2a: Malamar|Malamar, L82, M|275/275\n|turn|1\n|inactive|Battle timer is ON: inactive players will automatically lose when time's up. (requested by p0x2185e797)\n|inactive|Time left: 300 sec this turn | 300 sec total | 60 sec grace\n|inactive|p0y2185fa6a also wants the timer to be on.\n|\n|t:|1783565323\n|move|p2a: Malamar|Superpower|p1a: Donphan\n|-damage|p1a: Donphan|80/100\n|-boost|p2a: Malamar|atk|1\n|-boost|p2a: Malamar|def|1\n|move|p1a: Donphan|Knock Off|p2a: Malamar\n|-damage|p2a: Malamar|219/275\n|-enditem|p2a: Malamar|Leftovers|[from] move: Knock Off|[of] p1a: Donphan\n|\n|upkeep\n|turn|2\n|inactive|Time left: 300 sec this turn | 300 sec total\n|\n|t:|1783565324\n|switch|p1a: Dipplin|Dipplin, L88, M|100/100\n|move|p2a: Malamar|Superpower|p1a: Dipplin\n|-damage|p1a: Dipplin|80/100\n|-boost|p2a: Malamar|atk|1\n|-boost|p2a: Malamar|def|1\n|\n|upkeep\n|turn|3\n|inactive|Time left: 300 sec this turn | 300 sec total\n|\n|t:|1783565325\n|move|p2a: Malamar|Superpower|p1a: Dipplin\n|-damage|p1a: Dipplin|49/100\n|-boost|p2a: Malamar|atk|1\n|-boost|p2a: Malamar|def|1\n|move|p1a: Dipplin|Giga Drain|p2a: Malamar\n|-damage|p2a: Malamar|119/275\n|-heal|p1a: Dipplin|67/100|[from] drain|[of] p2a: Malamar\n|\n|upkeep\n|turn|4\n|inactive|Time left: 300 sec this turn | 300 sec total\n|\n|t:|1783565326\n|move|p2a: Malamar|Superpower|p1a: Dipplin\n|-damage|p1a: Dipplin|28/100\n|-boost|p2a: Malamar|atk|1\n|-boost|p2a: Malamar|def|1\n|move|p1a: Dipplin|Dragon Pulse|p2a: Malamar\n|-damage|p2a: Malamar|2/275\n|\n|upkeep\n|turn|5\n|inactive|Time left: 300 sec this turn | 300 sec total\n|\n|t:|1783565327\n|move|p2a: Malamar|Rest|p2a: Malamar\n|-status|p2a: Malamar|slp|[from] move: Rest\n|-heal|p2a: Malamar|275/275 slp|[silent]\n|move|p1a: Dipplin|Recover|p1a: Dipplin\n|-heal|p1a: Dipplin|78/100\n|\n|upkeep\n|turn|6\n|inactive|Time left: 300 sec this turn | 300 sec total\n|\n|t:|1783565328\n|cant|p2a: Malamar|slp\n|move|p2a: Malamar|Sleep Talk|p2a: Malamar\n|move|p2a: Malamar|Rest||[from] move: Sleep Talk|[still]\n|-fail|p2a: Malamar\n|move|p1a: Dipplin|Giga Drain|p2a: Malamar\n|-damage|p2a: Malamar|176/275 slp\n|-heal|p1a: Dipplin|96/100|[from] drain|[of] p2a: Malamar\n|\n|upkeep\n|turn|7\n|inactive|Time left: 300 sec this turn | 300 sec total\n|\n|t:|1783565329\n|cant|p2a: Malamar|slp\n|move|p2a: Malamar|Sleep Talk|p2a: Malamar\n|move|p2a: Malamar|Superpower|p1a: Dipplin|[from] move: Sleep Talk\n|-damage|p1a: Dipplin|49/100\n|-boost|p2a: Malamar|atk|1\n|-boost|p2a: Malamar|def|1\n|move|p1a: Dipplin|Giga Drain|p2a: Malamar\n|-damage|p2a: Malamar|76/275 slp\n|-heal|p1a: Dipplin|67/100|[from] drain|[of] p2a: Malamar\n|\n|upkeep\n|turn|8\n|inactive|Time left: 300 sec this turn | 300 sec total\n|\n|t:|1783565330\n|-curestatus|p2a: Malamar|slp|[msg]\n|move|p2a: Malamar|Rest|p2a: Malamar\n|-status|p2a: Malamar|slp|[from] move: Rest\n|-heal|p2a: Malamar|275/275 slp|[silent]\n|move|p1a: Dipplin|Dragon Pulse|p2a: Malamar\n|-damage|p2a: Malamar|158/275 slp\n|\n|upkeep\n|turn|9\n|inactive|Time left: 300 sec this turn | 300 sec total\n|\n|t:|1783565331\n|cant|p2a: Malamar|slp\n|move|p2a: Malamar|Sleep Talk|p2a: Malamar\n|move|p2a: Malamar|Knock Off|p1a: Dipplin|[from] move: Sleep Talk\n|-damage|p1a: Dipplin|6/100\n|-activate|p1a: Dipplin|ability: Sticky Hold\n|move|p1a: Dipplin|Dragon Pulse|p2a: Malamar\n|-damage|p2a: Malamar|47/275 slp\n|\n|upkeep\n|turn|10\n|inactive|Time left: 300 sec this turn | 300 sec total\n|\n|t:|1783565333\n|cant|p2a: Malamar|slp\n|move|p2a: Malamar|Sleep Talk|p2a: Malamar\n|move|p2a: Malamar|Knock Off|p1a: Dipplin|[from] move: Sleep Talk\n|-damage|p1a: Dipplin|0 fnt\n|-enditem|p1a: Dipplin|Eviolite|[from] move: Knock Off|[of] p2a: Malamar\n|faint|p1a: Dipplin\n|\n|upkeep\n|\n|t:|1783565333\n|switch|p1a: Gholdengo|Gholdengo, L77|100/100\n|turn|11\n|inactive|Time left: 300 sec this turn | 300 sec total\n|\n|t:|1783565335\n|move|p1a: Gholdengo|Shadow Ball|p2a: Malamar\n|-damage|p2a: Malamar|0 fnt\n|faint|p2a: Malamar\n|\n|upkeep\n|inactive|Time left: 300 sec this turn | 300 sec total | 5 sec grace\n|\n|t:|1783565336\n|switch|p2a: Magmortar|Magmortar, L88, F|275/275\n|turn|12\n|inactive|Time left: 300 sec this turn | 300 sec total\n|\n|t:|1783565337\n|switch|p1a: Donphan|Donphan, L84, F|80/100\n|move|p2a: Magmortar|Fire Blast|p1a: Donphan\n|-damage|p1a: Donphan|10/100\n|\n|upkeep\n|turn|13\n|inactive|Time left: 300 sec this turn | 300 sec total\n|\n|t:|1783565338\n|move|p2a: Magmortar|Fire Blast|p1a: Donphan\n|-damage|p1a: Donphan|0 fnt\n|faint|p1a: Donphan\n|\n|upkeep\n|\n|t:|1783565339\n|switch|p1a: Hitmonlee|Hitmonlee, L85, M|100/100\n|turn|14\n|inactive|Time left: 300 sec this turn | 300 sec total\n|\n|t:|1783565340\n|move|p1a: Hitmonlee|High Jump Kick|p2a: Magmortar\n|-damage|p2a: Magmortar|0 fnt\n|faint|p2a: Magmortar\n|\n|upkeep\n|inactive|Time left: 300 sec this turn | 300 sec total | 5 sec grace\n|\n|t:|1783565341\n|switch|p2a: Vivillon|Vivillon-Sun, L83, F|268/268\n|turn|15\n|inactive|Time left: 300 sec this turn | 300 sec total\n|\n|t:|1783565343\n|move|p1a: Hitmonlee|High Jump Kick|p2a: Vivillon\n|-resisted|p2a: Vivillon\n|-damage|p2a: Vivillon|163/268\n|move|p2a: Vivillon|Quiver Dance|p2a: Vivillon\n|-boost|p2a: Vivillon|spa|1\n|-boost|p2a: Vivillon|spd|1\n|-boost|p2a: Vivillon|spe|1\n|\n|upkeep\n|turn|16\n|inactive|Time left: 300 sec this turn | 300 sec total\n|\n|t:|1783565344\n|switch|p1a: Gholdengo|Gholdengo, L77|100/100\n|move|p2a: Vivillon|Hurricane|p1a: Gholdengo\n|-resisted|p1a: Gholdengo\n|-damage|p1a: Gholdengo|66/100\n|\n|-heal|p1a: Gholdengo|73/100|[from] item: Leftovers\n|upkeep\n|turn|17\n|inactive|Time left: 300 sec this turn | 300 sec total\n|\n|t:|1783565345\n|move|p2a: Vivillon|Quiver Dance|p2a: Vivillon\n|-boost|p2a: Vivillon|spa|1\n|-boost|p2a: Vivillon|spd|1\n|-boost|p2a: Vivillon|spe|1\n|move|p1a: Gholdengo|Shadow Ball|p2a: Vivillon\n|-damage|p2a: Vivillon|90/268\n|\n|-heal|p1a: Gholdengo|79/100|[from] item: Leftovers\n|upkeep\n|turn|18\n|inactive|Time left: 300 sec this turn | 300 sec total\n|\n|t:|1783565346\n|move|p2a: Vivillon|Hurricane|p1a: Gholdengo\n|-resisted|p1a: Gholdengo\n|-damage|p1a: Gholdengo|34/100\n|move|p1a: Gholdengo|Make It Rain|p2a: Vivillon\n|-damage|p2a: Vivillon|0 fnt\n|-unboost|p1a: Gholdengo|spa|1\n|faint|p2a: Vivillon\n|\n|-heal|p1a: Gholdengo|40/100|[from] item: Leftovers\n|upkeep\n|inactive|Time left: 300 sec this turn | 300 sec total | 5 sec grace\n|\n|t:|1783565347\n|switch|p2a: Solgaleo|Solgaleo, L74|325/325\n|turn|19\n|inactive|Time left: 300 sec this turn | 300 sec total\n|\n|t:|1783565348\n|move|p2a: Solgaleo|Earthquake|p1a: Gholdengo\n|-supereffective|p1a: Gholdengo\n|-damage|p1a: Gholdengo|0 fnt\n|faint|p1a: Gholdengo\n|\n|upkeep\n|\n|t:|1783565349\n|switch|p1a: Hitmonlee|Hitmonlee, L85, M|100/100\n|turn|20\n|inactive|Time left: 300 sec this turn | 300 sec total\n|\n|t:|1783565350\n|-terastallize|p1a: Hitmonlee|Fighting\n|move|p1a: Hitmonlee|High Jump Kick|p2a: Solgaleo\n|-damage|p2a: Solgaleo|0 fnt\n|faint|p2a: Solgaleo\n|\n|upkeep\n|inactive|Time left: 300 sec this turn | 300 sec total | 5 sec grace\n|\n|t:|1783565351\n|switch|p2a: Leafeon|Leafeon, L88, M|258/258\n|turn|21\n|inactive|Time left: 300 sec this turn | 300 sec total\n|\n|t:|1783565352\n|move|p2a: Leafeon|Substitute|p2a: Leafeon\n|-start|p2a: Leafeon|Substitute\n|-damage|p2a: Leafeon|194/258\n|move|p1a: Hitmonlee|High Jump Kick|p2a: Leafeon\n|-crit|p2a: Leafeon\n|-end|p2a: Leafeon|Substitute\n|\n|-heal|p2a: Leafeon|210/258|[from] item: Leftovers\n|upkeep\n|turn|22\n|inactive|Time left: 300 sec this turn | 300 sec total\n|\n|t:|1783565353\n|move|p2a: Leafeon|Substitute|p2a: Leafeon\n|-start|p2a: Leafeon|Substitute\n|-damage|p2a: Leafeon|146/258\n|move|p1a: Hitmonlee|High Jump Kick|p2a: Leafeon\n|-end|p2a: Leafeon|Substitute\n|\n|-heal|p2a: Leafeon|162/258|[from] item: Leftovers\n|upkeep\n|turn|23\n|inactive|Time left: 300 sec this turn | 300 sec total\n|\n|t:|1783565354\n|move|p2a: Leafeon|Substitute|p2a: Leafeon\n|-start|p2a: Leafeon|Substitute\n|-damage|p2a: Leafeon|98/258\n|move|p1a: Hitmonlee|High Jump Kick|p2a: Leafeon\n|-end|p2a: Leafeon|Substitute\n|\n|-heal|p2a: Leafeon|114/258|[from] item: Leftovers\n|upkeep\n|turn|24\n|inactive|Time left: 300 sec this turn | 300 sec total\n|\n|t:|1783565355\n|move|p2a: Leafeon|Substitute|p2a: Leafeon\n|-start|p2a: Leafeon|Substitute\n|-damage|p2a: Leafeon|50/258\n|move|p1a: Hitmonlee|High Jump Kick|p2a: Leafeon\n|-end|p2a: Leafeon|Substitute\n|\n|-heal|p2a: Leafeon|66/258|[from] item: Leftovers\n|upkeep\n|turn|25\n|inactive|Time left: 300 sec this turn | 300 sec total\n|\n|t:|1783565356\n|switch|p1a: Meowscarada|Meowscarada, L78, M|100/100\n|move|p2a: Leafeon|Substitute|p2a: Leafeon\n|-start|p2a: Leafeon|Substitute\n|-damage|p2a: Leafeon|2/258\n|\n|-heal|p2a: Leafeon|18/258|[from] item: Leftovers\n|upkeep\n|turn|26\n|inactive|Time left: 300 sec this turn | 300 sec total\n|\n|t:|1783565357\n|move|p1a: Meowscarada|Knock Off|p2a: Leafeon\n|-start|p1a: Meowscarada|typechange|Dark|[from] ability: Protean\n|-crit|p2a: Leafeon\n|-end|p2a: Leafeon|Substitute\n|move|p2a: Leafeon|Leaf Blade|p1a: Meowscarada\n|-damage|p1a: Meowscarada|37/100\n|\n|-heal|p2a: Leafeon|34/258|[from] item: Leftovers\n|upkeep\n|turn|27\n|inactive|Time left: 300 sec this turn | 300 sec total\n|\n|t:|1783565359\n|switch|p2a: Glimmora|Glimmora, L75, M|248/248\n|-item|p2a: Glimmora|Air Balloon\n|move|p1a: Meowscarada|U-turn|p2a: Glimmora\n|-resisted|p2a: Glimmora\n|-damage|p2a: Glimmora|224/248\n|-activate|p2a: Glimmora|ability: Toxic Debris\n|-sidestart|p1: p0x2185e797|move: Toxic Spikes\n|-enditem|p2a: Glimmora|Air Balloon\n|\n|t:|1783565359\n|switch|p1a: Hitmonlee|Hitmonlee, L85, M, tera:Fighting|100/100|[from] U-turn\n|-status|p1a: Hitmonlee|psn\n|\n|-damage|p1a: Hitmonlee|88/100 psn|[from] psn\n|upkeep\n|turn|28\n|inactive|Time left: 300 sec this turn | 300 sec total\n|\n|t:|1783565360\n|switch|p2a: Leafeon|Leafeon, L88, M|34/258\n|move|p1a: Hitmonlee|High Jump Kick|p2a: Leafeon\n|-damage|p2a: Leafeon|0 fnt\n|faint|p2a: Leafeon\n|\n|-damage|p1a: Hitmonlee|76/100 psn|[from] psn\n|upkeep\n|inactive|Time left: 300 sec this turn | 300 sec total | 5 sec grace\n|\n|t:|1783565361\n|switch|p2a: Glimmora|Glimmora, L75, M|224/248\n|turn|29\n|inactive|Time left: 300 sec this turn | 300 sec total\n|\n|t:|1783565362\n|move|p1a: Hitmonlee|High Jump Kick|p2a: Glimmora\n|-crit|p2a: Glimmora\n|-damage|p2a: Glimmora|0 fnt\n|-activate|p2a: Glimmora|ability: Toxic Debris\n|-sidestart|p1: p0x2185e797|move: Toxic Spikes\n|faint|p2a: Glimmora\n|\n|win|p0x2185e797", "uploadtime": 1783565362, "views": 0, "rating": 0, "private": 0, "password": null, "_winner": "p0x2185e797", "_our_name": "p0y2185fa6a"}