{"id": "battle-gen9randombattle-718", "formatid": "gen9randombattle", "format": "[Gen 9] Random Battle", "players": ["p0x71877fa", "p0y71882f6"], "log": "|init|battle\n|title|p0x71877fa vs. p0y71882f6\n|j|\u2606p0x71877fa\n|j|\u2606p0y71882f6\n|t:|1783547455\n|gametype|singles\n|player|p1|p0x71877fa|2|\n|player|p2|p0y71882f6|265|\n|gen|9\n|tier|[Gen 9] Random Battle\n|rule|Species Clause: Limit one of each Pok\u00e9mon\n|rule|HP Percentage Mod: HP is shown in percentages\n|rule|Sleep Clause Mod: Limit one foe put to sleep\n|rule|Illusion Level Mod: Illusion disguises the Pok\u00e9mon's true level\n|\n|t:|1783547455\n|teamsize|p1|6\n|teamsize|p2|6\n|start\n|switch|p1a: Zangoose|Zangoose, L85, M|100/100\n|switch|p2a: Passimian|Passimian, L83, M|302/302\n|turn|1\n|inactive|Battle timer is ON: inactive players will automatically lose when time's up. (requested by p0y71882f6)\n|inactive|p0x71877fa also wants the timer to be on.\n|\n|t:|1783547456\n|move|p1a: Zangoose|Swords Dance|p1a: Zangoose\n|-boost|p1a: Zangoose|atk|2\n|move|p2a: Passimian|Close Combat|p1a: Zangoose\n|-supereffective|p1a: Zangoose\n|-damage|p1a: Zangoose|0 fnt\n|-unboost|p2a: Passimian|def|1\n|-unboost|p2a: Passimian|spd|1\n|faint|p1a: Zangoose\n|\n|upkeep\n|\n|t:|1783547457\n|switch|p1a: Delphox|Delphox, L84, M|100/100\n|turn|2\n|inactive|Time left: 300 sec this turn | 300 sec total\n|\n|t:|1783547459\n|switch|p2a: Heatran|Heatran, L79, M|273/273\n|move|p1a: Delphox|Nasty Plot|p1a: Delphox\n|-boost|p1a: Delphox|spa|2\n|\n|upkeep\n|turn|3\n|inactive|Time left: 300 sec this turn | 300 sec total\n|\n|t:|1783547460\n|move|p1a: Delphox|Focus Blast|p2a: Heatran|[miss]\n|-miss|p1a: Delphox|p2a: Heatran\n|move|p2a: Heatran|Earth Power|p1a: Delphox\n|-supereffective|p1a: Delphox\n|-damage|p1a: Delphox|55/100\n|\n|upkeep\n|turn|4\n|inactive|Time left: 300 sec this turn | 300 sec total\n|\n|t:|1783547461\n|move|p1a: Delphox|Focus Blast|p2a: Heatran|[miss]\n|-miss|p1a: Delphox|p2a: Heatran\n|move|p2a: Heatran|Earth Power|p1a: Delphox\n|-supereffective|p1a: Delphox\n|-damage|p1a: Delphox|5/100\n|\n|upkeep\n|turn|5\n|inactive|Time left: 300 sec this turn | 300 sec total\n|\n|t:|1783547462\n|move|p1a: Delphox|Focus Blast|p2a: Heatran|[miss]\n|-miss|p1a: Delphox|p2a: Heatran\n|move|p2a: Heatran|Heavy Slam|p1a: Delphox\n|-resisted|p1a: Delphox\n|-damage|p1a: Delphox|0 fnt\n|faint|p1a: Delphox\n|\n|upkeep\n|\n|t:|1783547463\n|switch|p1a: Sawsbuck|Sawsbuck-Winter, L88, F|100/100\n|turn|6\n|inactive|Time left: 300 sec this turn | 300 sec total\n|\n|t:|1783547464\n|switch|p2a: Avalugg|Avalugg-Hisui, L90, M|317/317\n|move|p1a: Sawsbuck|High Horsepower|p2a: Avalugg\n|-supereffective|p2a: Avalugg\n|-damage|p2a: Avalugg|216/317\n|-damage|p1a: Sawsbuck|91/100|[from] item: Life Orb\n|\n|upkeep\n|turn|7\n|inactive|Time left: 300 sec this turn | 300 sec total\n|\n|t:|1783547465\n|switch|p1a: Palkia|Palkia, L75|100/100\n|-ability|p1a: Palkia|Pressure\n|move|p2a: Avalugg|Avalanche|p1a: Palkia\n|-damage|p1a: Palkia|68/100\n|\n|upkeep\n|turn|8\n|inactive|Time left: 300 sec this turn | 300 sec total\n|\n|t:|1783547466\n|switch|p2a: Scream Tail|Scream Tail, L84|330/330\n|move|p1a: Palkia|Hydro Pump|p2a: Scream Tail|[miss]\n|-miss|p1a: Palkia|p2a: Scream Tail\n|\n|upkeep\n|turn|9\n|inactive|Time left: 300 sec this turn | 300 sec total\n|\n|t:|1783547467\n|move|p2a: Scream Tail|Play Rough|p1a: Palkia\n|-supereffective|p1a: Palkia\n|-damage|p1a: Palkia|15/100\n|move|p1a: Palkia|Hydro Pump|p2a: Scream Tail\n|-damage|p2a: Scream Tail|201/330\n|\n|-heal|p2a: Scream Tail|221/330|[from] item: Leftovers\n|upkeep\n|turn|10\n|inactive|Time left: 300 sec this turn | 300 sec total\n|\n|t:|1783547468\n|switch|p1a: Vileplume|Vileplume, L85, M|100/100\n|move|p2a: Scream Tail|Play Rough|p1a: Vileplume\n|-resisted|p1a: Vileplume\n|-damage|p1a: Vileplume|86/100\n|\n|-heal|p2a: Scream Tail|241/330|[from] item: Leftovers\n|-heal|p1a: Vileplume|92/100|[from] item: Leftovers\n|upkeep\n|turn|11\n|inactive|Time left: 300 sec this turn | 300 sec total\n|\n|t:|1783547468\n|move|p2a: Scream Tail|Protect|p2a: Scream Tail\n|-singleturn|p2a: Scream Tail|Protect\n|move|p1a: Vileplume|Sludge Bomb|p2a: Scream Tail\n|-activate|p2a: Scream Tail|move: Protect\n|\n|-heal|p2a: Scream Tail|261/330|[from] item: Leftovers\n|-heal|p1a: Vileplume|98/100|[from] item: Leftovers\n|upkeep\n|turn|12\n|inactive|Time left: 300 sec this turn | 300 sec total\n|\n|t:|1783547469\n|-end|p2a: Scream Tail|Protosynthesis|[silent]\n|switch|p2a: Heatran|Heatran, L79, M|273/273\n|move|p1a: Vileplume|Sludge Bomb|p2a: Heatran\n|-immune|p2a: Heatran\n|\n|-heal|p1a: Vileplume|100/100|[from] item: Leftovers\n|upkeep\n|turn|13\n|inactive|Time left: 300 sec this turn | 300 sec total\n|\n|t:|1783547470\n|move|p2a: Heatran|Magma Storm|p1a: Vileplume\n|-supereffective|p1a: Vileplume\n|-damage|p1a: Vileplume|19/100\n|-activate|p1a: Vileplume|move: Magma Storm|[of] p2a: Heatran\n|move|p1a: Vileplume|Strength Sap|p2a: Heatran\n|-unboost|p2a: Heatran|atk|1\n|-heal|p1a: Vileplume|90/100\n|\n|-heal|p1a: Vileplume|96/100|[from] item: Leftovers\n|-damage|p1a: Vileplume|84/100|[from] move: Magma Storm|[partiallytrapped]\n|upkeep\n|turn|14\n|inactive|Time left: 300 sec this turn | 300 sec total\n|\n|t:|1783547471\n|-terastallize|p1a: Vileplume|Water\n|move|p2a: Heatran|Magma Storm|p1a: Vileplume|[miss]\n|-miss|p2a: Heatran|p1a: Vileplume\n|move|p1a: Vileplume|Strength Sap|p2a: Heatran\n|-unboost|p2a: Heatran|atk|1\n|-heal|p1a: Vileplume|100/100\n|\n|-damage|p1a: Vileplume|88/100|[from] move: Magma Storm|[partiallytrapped]\n|upkeep\n|turn|15\n|inactive|Time left: 300 sec this turn | 300 sec total\n|\n|t:|1783547472\n|switch|p2a: Scream Tail|Scream Tail, L84|261/330\n|move|p1a: Vileplume|Sludge Bomb|p2a: Scream Tail\n|-supereffective|p2a: Scream Tail\n|-damage|p2a: Scream Tail|97/330\n|\n|-heal|p2a: Scream Tail|117/330|[from] item: Leftovers\n|-heal|p1a: Vileplume|94/100|[from] item: Leftovers\n|-end|p1a: Vileplume|Magma Storm|[partiallytrapped]|[silent]\n|upkeep\n|turn|16\n|inactive|Time left: 300 sec this turn | 300 sec total\n|\n|t:|1783547473\n|move|p2a: Scream Tail|Wish|p2a: Scream Tail\n|move|p1a: Vileplume|Sludge Bomb|p2a: Scream Tail\n|-supereffective|p2a: Scream Tail\n|-damage|p2a: Scream Tail|0 fnt\n|faint|p2a: Scream Tail\n|-end|p2a: Scream Tail|Protosynthesis|[silent]\n|\n|-heal|p1a: Vileplume|99/100|[from] item: Leftovers\n|upkeep\n|inactive|Time left: 300 sec this turn | 300 sec total | 5 sec grace\n|\n|t:|1783547474\n|switch|p2a: Lilligant|Lilligant-Hisui, L79, F|240/240\n|turn|17\n|inactive|Time left: 300 sec this turn | 300 sec total\n|\n|t:|1783547474\n|move|p2a: Lilligant|Leaf Blade|p1a: Vileplume\n|-supereffective|p1a: Vileplume\n|-damage|p1a: Vileplume|3/100\n|move|p1a: Vileplume|Sludge Bomb|p2a: Lilligant\n|-supereffective|p2a: Lilligant\n|-damage|p2a: Lilligant|0 fnt\n|faint|p2a: Lilligant\n|\n|-heal|p1a: Vileplume|9/100|[from] item: Leftovers\n|upkeep\n|inactive|Time left: 300 sec this turn | 300 sec total | 5 sec grace\n|\n|t:|1783547475\n|switch|p2a: Heatran|Heatran, L79, M|273/273\n|turn|18\n|inactive|Time left: 300 sec this turn | 300 sec total\n|\n|t:|1783547476\n|move|p2a: Heatran|Earth Power|p1a: Vileplume\n|-damage|p1a: Vileplume|0 fnt\n|faint|p1a: Vileplume\n|\n|upkeep\n|\n|t:|1783547477\n|switch|p1a: Palkia|Palkia, L75|15/100\n|-ability|p1a: Palkia|Pressure\n|turn|19\n|inactive|Time left: 300 sec this turn | 300 sec total\n|\n|t:|1783547479\n|move|p1a: Palkia|Hydro Pump|p2a: Heatran\n|-supereffective|p2a: Heatran\n|-damage|p2a: Heatran|81/273\n|move|p2a: Heatran|Earth Power|p1a: Palkia\n|-damage|p1a: Palkia|0 fnt\n|faint|p1a: Palkia\n|\n|upkeep\n|\n|t:|1783547479\n|switch|p1a: Sawsbuck|Sawsbuck-Winter, L88, F|91/100\n|turn|20\n|inactive|Time left: 300 sec this turn | 300 sec total\n|\n|t:|1783547481\n|switch|p2a: Avalugg|Avalugg-Hisui, L90, M|216/317\n|move|p1a: Sawsbuck|High Horsepower|p2a: Avalugg\n|-supereffective|p2a: Avalugg\n|-damage|p2a: Avalugg|122/317\n|-damage|p1a: Sawsbuck|81/100|[from] item: Life Orb\n|\n|upkeep\n|turn|21\n|inactive|Time left: 300 sec this turn | 300 sec total\n|\n|t:|1783547482\n|-terastallize|p2a: Avalugg|Ghost\n|move|p1a: Sawsbuck|Horn Leech|p2a: Avalugg\n|-damage|p2a: Avalugg|67/317\n|-heal|p1a: Sawsbuck|91/100|[from] drain|[of] p2a: Avalugg\n|-damage|p1a: Sawsbuck|81/100|[from] item: Life Orb\n|move|p2a: Avalugg|Recover|p2a: Avalugg\n|-heal|p2a: Avalugg|226/317\n|\n|upkeep\n|turn|22\n|inactive|Time left: 300 sec this turn | 300 sec total\n|\n|t:|1783547483\n|switch|p1a: Illumise|Illumise, L91, F|100/100\n|move|p2a: Avalugg|Avalanche|p1a: Illumise\n|-damage|p1a: Illumise|64/100\n|\n|upkeep\n|turn|23\n|inactive|Time left: 300 sec this turn | 300 sec total\n|\n|t:|1783547484\n|move|p1a: Illumise|Thunder Wave|p2a: Avalugg\n|-status|p2a: Avalugg|par\n|move|p2a: Avalugg|Stone Edge|p1a: Illumise|[miss]\n|-miss|p2a: Avalugg|p1a: Illumise\n|\n|upkeep\n|turn|24\n|inactive|Time left: 300 sec this turn | 300 sec total\n|\n|t:|1783547485\n|move|p1a: Illumise|Encore|p2a: Avalugg\n|-start|p2a: Avalugg|Encore\n|move|p2a: Avalugg|Stone Edge|p1a: Illumise\n|-supereffective|p1a: Illumise\n|-crit|p1a: Illumise\n|-damage|p1a: Illumise|0 fnt\n|faint|p1a: Illumise\n|\n|upkeep\n|\n|t:|1783547486\n|switch|p1a: Sawsbuck|Sawsbuck-Winter, L88, F|81/100\n|turn|25\n|inactive|Time left: 300 sec this turn | 300 sec total\n|\n|t:|1783547487\n|move|p1a: Sawsbuck|Swords Dance|p1a: Sawsbuck\n|-boost|p1a: Sawsbuck|atk|2\n|cant|p2a: Avalugg|par\n|\n|upkeep\n|turn|26\n|inactive|Time left: 300 sec this turn | 300 sec total\n|\n|t:|1783547488\n|move|p1a: Sawsbuck|Horn Leech|p2a: Avalugg\n|-damage|p2a: Avalugg|109/317 par\n|-heal|p1a: Sawsbuck|100/100|[from] drain|[of] p2a: Avalugg\n|-damage|p1a: Sawsbuck|91/100|[from] item: Life Orb\n|move|p2a: Avalugg|Stone Edge|p1a: Sawsbuck\n|-damage|p1a: Sawsbuck|29/100\n|\n|-end|p2a: Avalugg|Encore\n|upkeep\n|turn|27\n|inactive|Time left: 300 sec this turn | 300 sec total\n|\n|t:|1783547489\n|move|p1a: Sawsbuck|Swords Dance|p1a: Sawsbuck\n|-boost|p1a: Sawsbuck|atk|2\n|move|p2a: Avalugg|Avalanche|p1a: Sawsbuck\n|-supereffective|p1a: Sawsbuck\n|-damage|p1a: Sawsbuck|0 fnt\n|faint|p1a: Sawsbuck\n|\n|win|p0y71882f6", "uploadtime": 1783547489, "views": 0, "rating": 0, "private": 0, "password": null, "_winner": "p0y71882f6", "_our_name": "p0y71882f6"}