{"id": "battle-gen9randombattle-1847", "formatid": "gen9randombattle", "format": "[Gen 9] Random Battle", "players": ["p0x184713fe", "p0y18472557"], "log": "|init|battle\n|title|p0x184713fe vs. p0y18472557\n|j|\u2606p0x184713fe\n|j|\u2606p0y18472557\n|t:|1783560640\n|gametype|singles\n|player|p1|p0x184713fe|266|\n|player|p2|p0y18472557|169|\n|gen|9\n|tier|[Gen 9] Random Battle\n|rule|Species Clause: Limit one of each Pok\u00e9mon\n|rule|HP Percentage Mod: HP is shown in percentages\n|rule|Sleep Clause Mod: Limit one foe put to sleep\n|rule|Illusion Level Mod: Illusion disguises the Pok\u00e9mon's true level\n|\n|t:|1783560640\n|teamsize|p1|6\n|teamsize|p2|6\n|start\n|switch|p1a: Krookodile|Krookodile, L79, F|280/280\n|switch|p2a: Trevenant|Trevenant, L89, F|100/100\n|-ability|p1a: Krookodile|Intimidate|boost\n|-unboost|p2a: Trevenant|atk|1\n|turn|1\n|inactive|Battle timer is ON: inactive players will automatically lose when time's up. (requested by p0y18472557)\n|inactive|Time left: 300 sec this turn | 300 sec total | 60 sec grace\n|\n|t:|1783560641\n|move|p1a: Krookodile|Knock Off|p2a: Trevenant\n|-supereffective|p2a: Trevenant\n|-damage|p2a: Trevenant|21/100\n|-enditem|p2a: Trevenant|Life Orb|[from] move: Knock Off|[of] p1a: Krookodile\n|move|p2a: Trevenant|Will-O-Wisp|p1a: Krookodile\n|-status|p1a: Krookodile|brn\n|\n|-damage|p1a: Krookodile|263/280 brn|[from] brn\n|upkeep\n|turn|2\n|inactive|Time left: 300 sec this turn | 300 sec total\n|inactive|p0x184713fe also wants the timer to be on.\n|\n|t:|1783560642\n|switch|p2a: Jumpluff|Jumpluff, L87, M|100/100\n|move|p1a: Krookodile|Knock Off|p2a: Jumpluff\n|-damage|p2a: Jumpluff|86/100\n|\n|-heal|p1a: Krookodile|280/280 brn|[from] item: Leftovers\n|-damage|p1a: Krookodile|263/280 brn|[from] brn\n|upkeep\n|turn|3\n|inactive|Time left: 300 sec this turn | 300 sec total\n|\n|t:|1783560644\n|move|p2a: Jumpluff|Leech Seed|p1a: Krookodile\n|-start|p1a: Krookodile|move: Leech Seed\n|move|p1a: Krookodile|Bulk Up|p1a: Krookodile\n|-boost|p1a: Krookodile|atk|1\n|-boost|p1a: Krookodile|def|1\n|\n|-heal|p1a: Krookodile|280/280 brn|[from] item: Leftovers\n|-damage|p1a: Krookodile|245/280 brn|[from] Leech Seed|[of] p2a: Jumpluff\n|-heal|p2a: Jumpluff|99/100|[silent]\n|-damage|p1a: Krookodile|228/280 brn|[from] brn\n|upkeep\n|turn|4\n|inactive|Time left: 300 sec this turn | 300 sec total\n|\n|t:|1783560644\n|move|p2a: Jumpluff|Substitute|p2a: Jumpluff\n|-start|p2a: Jumpluff|Substitute\n|-damage|p2a: Jumpluff|75/100\n|move|p1a: Krookodile|Bulk Up|p1a: Krookodile\n|-boost|p1a: Krookodile|atk|1\n|-boost|p1a: Krookodile|def|1\n|\n|-heal|p1a: Krookodile|245/280 brn|[from] item: Leftovers\n|-damage|p1a: Krookodile|210/280 brn|[from] Leech Seed|[of] p2a: Jumpluff\n|-heal|p2a: Jumpluff|88/100|[silent]\n|-damage|p1a: Krookodile|193/280 brn|[from] brn\n|upkeep\n|turn|5\n|inactive|Time left: 300 sec this turn | 300 sec total\n|\n|t:|1783560645\n|move|p2a: Jumpluff|Strength Sap|p1a: Krookodile\n|-unboost|p1a: Krookodile|atk|1\n|-heal|p2a: Jumpluff|100/100\n|move|p1a: Krookodile|Bulk Up|p1a: Krookodile\n|-boost|p1a: Krookodile|atk|1\n|-boost|p1a: Krookodile|def|1\n|\n|-heal|p1a: Krookodile|210/280 brn|[from] item: Leftovers\n|-damage|p1a: Krookodile|175/280 brn|[from] Leech Seed|[of] p2a: Jumpluff\n|-damage|p1a: Krookodile|158/280 brn|[from] brn\n|upkeep\n|turn|6\n|inactive|Time left: 300 sec this turn | 300 sec total\n|\n|t:|1783560646\n|move|p2a: Jumpluff|Acrobatics|p1a: Krookodile\n|-damage|p1a: Krookodile|122/280 brn\n|move|p1a: Krookodile|Gunk Shot|p2a: Jumpluff\n|-supereffective|p2a: Jumpluff\n|-end|p2a: Jumpluff|Substitute\n|\n|-heal|p1a: Krookodile|139/280 brn|[from] item: Leftovers\n|-damage|p1a: Krookodile|104/280 brn|[from] Leech Seed|[of] p2a: Jumpluff\n|-damage|p1a: Krookodile|87/280 brn|[from] brn\n|upkeep\n|turn|7\n|inactive|Time left: 300 sec this turn | 300 sec total\n|\n|t:|1783560647\n|move|p2a: Jumpluff|Acrobatics|p1a: Krookodile\n|-damage|p1a: Krookodile|50/280 brn\n|move|p1a: Krookodile|Gunk Shot|p2a: Jumpluff\n|-supereffective|p2a: Jumpluff\n|-damage|p2a: Jumpluff|25/100\n|\n|-heal|p1a: Krookodile|67/280 brn|[from] item: Leftovers\n|-damage|p1a: Krookodile|32/280 brn|[from] Leech Seed|[of] p2a: Jumpluff\n|-heal|p2a: Jumpluff|38/100|[silent]\n|-damage|p1a: Krookodile|15/280 brn|[from] brn\n|upkeep\n|turn|8\n|inactive|Time left: 300 sec this turn | 300 sec total\n|\n|t:|1783560648\n|move|p2a: Jumpluff|Strength Sap|p1a: Krookodile\n|-unboost|p1a: Krookodile|atk|1\n|-heal|p2a: Jumpluff|100/100\n|move|p1a: Krookodile|Gunk Shot|p2a: Jumpluff\n|-supereffective|p2a: Jumpluff\n|-damage|p2a: Jumpluff|49/100\n|\n|-heal|p1a: Krookodile|32/280 brn|[from] item: Leftovers\n|-damage|p1a: Krookodile|0 fnt|[from] Leech Seed|[of] p2a: Jumpluff\n|-heal|p2a: Jumpluff|61/100|[silent]\n|faint|p1a: Krookodile\n|upkeep\n|inactive|Time left: 300 sec this turn | 300 sec total | 5 sec grace\n|\n|t:|1783560649\n|switch|p1a: Oricorio|Oricorio-Pa'u, L87, F|272/272\n|turn|9\n|inactive|Time left: 300 sec this turn | 300 sec total\n|\n|t:|1783560650\n|move|p2a: Jumpluff|Leech Seed|p1a: Oricorio\n|-start|p1a: Oricorio|move: Leech Seed\n|move|p1a: Oricorio|Quiver Dance|p1a: Oricorio\n|-boost|p1a: Oricorio|spa|1\n|-boost|p1a: Oricorio|spd|1\n|-boost|p1a: Oricorio|spe|1\n|\n|-damage|p1a: Oricorio|238/272|[from] Leech Seed|[of] p2a: Jumpluff\n|-heal|p2a: Jumpluff|74/100|[silent]\n|upkeep\n|turn|10\n|inactive|Time left: 300 sec this turn | 300 sec total\n|\n|t:|1783560651\n|switch|p2a: Raikou|Raikou, L81|100/100\n|-ability|p2a: Raikou|Pressure\n|move|p1a: Oricorio|Quiver Dance|p1a: Oricorio\n|-boost|p1a: Oricorio|spa|1\n|-boost|p1a: Oricorio|spd|1\n|-boost|p1a: Oricorio|spe|1\n|\n|-damage|p1a: Oricorio|204/272|[from] Leech Seed|[of] p2a: Raikou\n|upkeep\n|turn|11\n|inactive|Time left: 300 sec this turn | 300 sec total\n|\n|t:|1783560652\n|move|p1a: Oricorio|Revelation Dance|p2a: Raikou\n|-damage|p2a: Raikou|28/100\n|move|p2a: Raikou|Thunderbolt|p1a: Oricorio\n|-supereffective|p1a: Oricorio\n|-damage|p1a: Oricorio|40/272\n|\n|-damage|p1a: Oricorio|6/272|[from] Leech Seed|[of] p2a: Raikou\n|-heal|p2a: Raikou|40/100|[silent]\n|upkeep\n|turn|12\n|inactive|Time left: 300 sec this turn | 300 sec total\n|\n|t:|1783560653\n|move|p1a: Oricorio|Roost|p1a: Oricorio\n|-heal|p1a: Oricorio|142/272\n|-singleturn|p1a: Oricorio|move: Roost\n|move|p2a: Raikou|Thunderbolt|p1a: Oricorio\n|-damage|p1a: Oricorio|55/272\n|\n|-damage|p1a: Oricorio|21/272|[from] Leech Seed|[of] p2a: Raikou\n|-heal|p2a: Raikou|52/100|[silent]\n|upkeep\n|turn|13\n|inactive|Time left: 300 sec this turn | 300 sec total\n|\n|t:|1783560654\n|move|p1a: Oricorio|Roost|p1a: Oricorio\n|-heal|p1a: Oricorio|157/272\n|-singleturn|p1a: Oricorio|move: Roost\n|move|p2a: Raikou|Thunderbolt|p1a: Oricorio\n|-damage|p1a: Oricorio|64/272\n|\n|-damage|p1a: Oricorio|30/272|[from] Leech Seed|[of] p2a: Raikou\n|-heal|p2a: Raikou|65/100|[silent]\n|upkeep\n|turn|14\n|inactive|Time left: 300 sec this turn | 300 sec total\n|\n|t:|1783560655\n|move|p1a: Oricorio|Roost|p1a: Oricorio\n|-heal|p1a: Oricorio|166/272\n|-singleturn|p1a: Oricorio|move: Roost\n|move|p2a: Raikou|Thunderbolt|p1a: Oricorio\n|-damage|p1a: Oricorio|85/272\n|\n|-damage|p1a: Oricorio|51/272|[from] Leech Seed|[of] p2a: Raikou\n|-heal|p2a: Raikou|77/100|[silent]\n|upkeep\n|turn|15\n|inactive|Time left: 300 sec this turn | 300 sec total\n|\n|t:|1783560656\n|move|p1a: Oricorio|Roost|p1a: Oricorio\n|-heal|p1a: Oricorio|187/272\n|-singleturn|p1a: Oricorio|move: Roost\n|move|p2a: Raikou|Thunderbolt|p1a: Oricorio\n|-damage|p1a: Oricorio|99/272\n|\n|-damage|p1a: Oricorio|65/272|[from] Leech Seed|[of] p2a: Raikou\n|-heal|p2a: Raikou|89/100|[silent]\n|upkeep\n|turn|16\n|inactive|Time left: 300 sec this turn | 300 sec total\n|\n|t:|1783560657\n|move|p1a: Oricorio|Roost|p1a: Oricorio\n|-heal|p1a: Oricorio|201/272\n|-singleturn|p1a: Oricorio|move: Roost\n|move|p2a: Raikou|Thunderbolt|p1a: Oricorio\n|-damage|p1a: Oricorio|108/272\n|\n|-damage|p1a: Oricorio|74/272|[from] Leech Seed|[of] p2a: Raikou\n|-heal|p2a: Raikou|100/100|[silent]\n|upkeep\n|turn|17\n|inactive|Time left: 300 sec this turn | 300 sec total\n|\n|t:|1783560658\n|move|p1a: Oricorio|Roost|p1a: Oricorio\n|-heal|p1a: Oricorio|210/272\n|-singleturn|p1a: Oricorio|move: Roost\n|move|p2a: Raikou|Thunderbolt|p1a: Oricorio\n|-damage|p1a: Oricorio|119/272\n|\n|-damage|p1a: Oricorio|85/272|[from] Leech Seed|[of] p2a: Raikou\n|upkeep\n|turn|18\n|inactive|Time left: 300 sec this turn | 300 sec total\n|\n|t:|1783560659\n|move|p1a: Oricorio|Roost|p1a: Oricorio\n|-heal|p1a: Oricorio|221/272\n|-singleturn|p1a: Oricorio|move: Roost\n|move|p2a: Raikou|Thunderbolt|p1a: Oricorio\n|-damage|p1a: Oricorio|130/272\n|\n|-damage|p1a: Oricorio|96/272|[from] Leech Seed|[of] p2a: Raikou\n|upkeep\n|turn|19\n|inactive|Time left: 300 sec this turn | 300 sec total\n|\n|t:|1783560660\n|move|p1a: Oricorio|Roost|p1a: Oricorio\n|-heal|p1a: Oricorio|232/272\n|-singleturn|p1a: Oricorio|move: Roost\n|move|p2a: Raikou|Thunderbolt|p1a: Oricorio\n|-damage|p1a: Oricorio|139/272\n|\n|-damage|p1a: Oricorio|105/272|[from] Leech Seed|[of] p2a: Raikou\n|upkeep\n|turn|20\n|inactive|Time left: 300 sec this turn | 300 sec total\n|\n|t:|1783560661\n|-terastallize|p1a: Oricorio|Ground\n|move|p1a: Oricorio|Revelation Dance|p2a: Raikou\n|-supereffective|p2a: Raikou\n|-damage|p2a: Raikou|0 fnt\n|faint|p2a: Raikou\n|\n|upkeep\n|\n|t:|1783560662\n|switch|p2a: Mienshao|Mienshao, L83, F|100/100\n|turn|21\n|inactive|Time left: 300 sec this turn | 300 sec total\n|\n|t:|1783560663\n|move|p2a: Mienshao|Fake Out|p1a: Oricorio\n|-damage|p1a: Oricorio|68/272\n|cant|p1a: Oricorio|flinch\n|\n|-damage|p1a: Oricorio|34/272|[from] Leech Seed|[of] p2a: Mienshao\n|upkeep\n|turn|22\n|inactive|Time left: 300 sec this turn | 300 sec total\n|\n|t:|1783560664\n|move|p1a: Oricorio|Hurricane|p2a: Mienshao\n|-supereffective|p2a: Mienshao\n|-damage|p2a: Mienshao|0 fnt\n|faint|p2a: Mienshao\n|\n|upkeep\n|\n|t:|1783560665\n|switch|p2a: Jumpluff|Jumpluff, L87, M|74/100\n|turn|23\n|inactive|Time left: 300 sec this turn | 300 sec total\n|\n|t:|1783560666\n|move|p1a: Oricorio|Hurricane|p2a: Jumpluff\n|-supereffective|p2a: Jumpluff\n|-damage|p2a: Jumpluff|0 fnt\n|faint|p2a: Jumpluff\n|\n|upkeep\n|\n|t:|1783560667\n|switch|p2a: Registeel|Registeel, L81|100/100\n|turn|24\n|inactive|Time left: 300 sec this turn | 300 sec total\n|\n|t:|1783560668\n|-terastallize|p2a: Registeel|Fighting\n|move|p1a: Oricorio|Revelation Dance|p2a: Registeel\n|-damage|p2a: Registeel|47/100\n|move|p2a: Registeel|Body Press|p1a: Oricorio\n|-damage|p1a: Oricorio|0 fnt\n|faint|p1a: Oricorio\n|\n|-heal|p2a: Registeel|53/100|[from] item: Leftovers\n|upkeep\n|inactive|Time left: 300 sec this turn | 300 sec total | 5 sec grace\n|\n|t:|1783560669\n|switch|p1a: Basculin|Basculin, L86, M|261/261\n|turn|25\n|inactive|Time left: 300 sec this turn | 300 sec total\n|\n|t:|1783560670\n|move|p1a: Basculin|Wave Crash|p2a: Registeel\n|-damage|p2a: Registeel|0 fnt\n|faint|p2a: Registeel\n|-damage|p1a: Basculin|216/261|[from] Recoil\n|\n|upkeep\n|\n|t:|1783560671\n|switch|p2a: Trevenant|Trevenant, L89, F|21/100\n|turn|26\n|inactive|Time left: 300 sec this turn | 300 sec total\n|\n|t:|1783560672\n|switch|p2a: Ditto|Ditto, L87|100/100\n|-transform|p2a: Ditto|p1a: Basculin|[from] ability: Imposter\n|move|p1a: Basculin|Wave Crash|p2a: Ditto\n|-resisted|p2a: Ditto\n|-damage|p2a: Ditto|33/100\n|-damage|p1a: Basculin|166/261|[from] Recoil\n|\n|upkeep\n|turn|27\n|inactive|Time left: 300 sec this turn | 300 sec total\n|\n|t:|1783560673\n|move|p2a: Ditto|Double-Edge|p1a: Basculin\n|-damage|p1a: Basculin|56/261\n|-damage|p2a: Ditto|17/100|[from] Recoil\n|move|p1a: Basculin|Wave Crash|p2a: Ditto\n|-resisted|p2a: Ditto\n|-damage|p2a: Ditto|0 fnt\n|faint|p2a: Ditto\n|-damage|p1a: Basculin|43/261|[from] Recoil\n|\n|upkeep\n|\n|t:|1783560674\n|switch|p2a: Trevenant|Trevenant, L89, F|21/100\n|turn|28\n|inactive|Time left: 300 sec this turn | 300 sec total\n|\n|t:|1783560674\n|move|p1a: Basculin|Wave Crash|p2a: Trevenant\n|-resisted|p2a: Trevenant\n|-damage|p2a: Trevenant|0 fnt\n|faint|p2a: Trevenant\n|-damage|p1a: Basculin|23/261|[from] Recoil\n|\n|win|p0x184713fe", "uploadtime": 1783560674, "views": 0, "rating": 0, "private": 0, "password": null, "_winner": "p0x184713fe", "_our_name": "p0x184713fe"}