{"id": "battle-gen9randombattle-2282", "formatid": "gen9randombattle", "format": "[Gen 9] Random Battle", "players": ["p0x22821fb6", "p0y2282ec9f"], "log": "|init|battle\n|title|p0x22821fb6 vs. p0y2282ec9f\n|j|\u2606p0x22821fb6\n|j|\u2606p0y2282ec9f\n|t:|1783566444\n|gametype|singles\n|player|p1|p0x22821fb6|170|\n|player|p2|p0y2282ec9f|102|\n|gen|9\n|tier|[Gen 9] Random Battle\n|rule|Species Clause: Limit one of each Pok\u00e9mon\n|rule|HP Percentage Mod: HP is shown in percentages\n|rule|Sleep Clause Mod: Limit one foe put to sleep\n|rule|Illusion Level Mod: Illusion disguises the Pok\u00e9mon's true level\n|\n|t:|1783566444\n|teamsize|p1|6\n|teamsize|p2|6\n|start\n|switch|p1a: Koraidon|Koraidon, L64|100/100\n|switch|p2a: Armarouge|Armarouge, L80, M|267/267\n|-weather|SunnyDay|[from] ability: Orichalcum Pulse|[of] p1a: Koraidon\n|-activate|p1a: Koraidon|Orichalcum Pulse|[source]\n|turn|1\n|inactive|Battle timer is ON: inactive players will automatically lose when time's up. (requested by p0x22821fb6)\n|inactive|Time left: 300 sec this turn | 300 sec total | 60 sec grace\n|inactive|p0y2282ec9f also wants the timer to be on.\n|\n|t:|1783566446\n|move|p1a: Koraidon|Outrage|p2a: Armarouge\n|-damage|p2a: Armarouge|86/267\n|-ability|p2a: Armarouge|Weak Armor|boost\n|-unboost|p2a: Armarouge|def|1\n|-boost|p2a: Armarouge|spe|2\n|move|p2a: Armarouge|Armor Cannon|p1a: Koraidon\n|-resisted|p1a: Koraidon\n|-damage|p1a: Koraidon|24/100\n|-unboost|p2a: Armarouge|def|1\n|-unboost|p2a: Armarouge|spd|1\n|\n|-weather|SunnyDay|[upkeep]\n|upkeep\n|turn|2\n|inactive|Time left: 300 sec this turn | 300 sec total\n|\n|t:|1783566447\n|move|p2a: Armarouge|Armor Cannon|p1a: Koraidon\n|-resisted|p1a: Koraidon\n|-damage|p1a: Koraidon|0 fnt\n|-unboost|p2a: Armarouge|def|1\n|-unboost|p2a: Armarouge|spd|1\n|faint|p1a: Koraidon\n|\n|-weather|SunnyDay|[upkeep]\n|upkeep\n|\n|t:|1783566448\n|switch|p1a: Rillaboom|Rillaboom, L79, F|100/100\n|-fieldstart|move: Grassy Terrain|[from] ability: Grassy Surge|[of] p1a: Rillaboom\n|turn|3\n|inactive|Time left: 300 sec this turn | 300 sec total\n|\n|t:|1783566449\n|move|p1a: Rillaboom|Grassy Glide|p2a: Armarouge\n|-resisted|p2a: Armarouge\n|-damage|p2a: Armarouge|0 fnt\n|faint|p2a: Armarouge\n|-damage|p1a: Rillaboom|91/100|[from] item: Life Orb\n|\n|-weather|SunnyDay|[upkeep]\n|-heal|p1a: Rillaboom|97/100|[from] Grassy Terrain\n|upkeep\n|inactive|Time left: 300 sec this turn | 300 sec total | 5 sec grace\n|\n|t:|1783566449\n|switch|p2a: Squawkabilly|Squawkabilly, L85, M|278/278\n|turn|4\n|inactive|Time left: 300 sec this turn | 300 sec total\n|\n|t:|1783566450\n|switch|p1a: Tinkaton|Tinkaton, L82, F|100/100\n|-ability|p1a: Tinkaton|Mold Breaker\n|move|p2a: Squawkabilly|Brave Bird|p1a: Tinkaton\n|-resisted|p1a: Tinkaton\n|-damage|p1a: Tinkaton|75/100\n|-damage|p2a: Squawkabilly|255/278|[from] Recoil\n|\n|-weather|SunnyDay|[upkeep]\n|-heal|p1a: Tinkaton|81/100|[from] Grassy Terrain\n|-heal|p1a: Tinkaton|87/100|[from] item: Leftovers\n|-status|p2a: Squawkabilly|brn|[from] item: Flame Orb\n|upkeep\n|turn|5\n|inactive|Time left: 300 sec this turn | 300 sec total\n|\n|t:|1783566451\n|switch|p2a: Conkeldurr|Conkeldurr, L80, F|299/299\n|move|p1a: Tinkaton|Gigaton Hammer|p2a: Conkeldurr\n|-damage|p2a: Conkeldurr|172/299\n|\n|-weather|none\n|-heal|p1a: Tinkaton|94/100|[from] Grassy Terrain\n|-heal|p1a: Tinkaton|99/100|[from] item: Leftovers\n|-heal|p2a: Conkeldurr|190/299|[from] Grassy Terrain\n|-status|p2a: Conkeldurr|brn|[from] item: Flame Orb\n|upkeep\n|turn|6\n|inactive|Time left: 300 sec this turn | 300 sec total\n|\n|t:|1783566452\n|move|p1a: Tinkaton|Play Rough|p2a: Conkeldurr\n|-supereffective|p2a: Conkeldurr\n|-damage|p2a: Conkeldurr|32/299 brn\n|-unboost|p2a: Conkeldurr|atk|1\n|move|p2a: Conkeldurr|Close Combat|p1a: Tinkaton\n|-damage|p1a: Tinkaton|30/100\n|-unboost|p2a: Conkeldurr|def|1\n|-unboost|p2a: Conkeldurr|spd|1\n|\n|-heal|p1a: Tinkaton|37/100|[from] Grassy Terrain\n|-heal|p1a: Tinkaton|43/100|[from] item: Leftovers\n|-heal|p2a: Conkeldurr|50/299 brn|[from] Grassy Terrain\n|-damage|p2a: Conkeldurr|32/299 brn|[from] brn\n|upkeep\n|turn|7\n|inactive|Time left: 300 sec this turn | 300 sec total\n|\n|t:|1783566453\n|switch|p2a: Chesnaught|Chesnaught, L84, F|285/285\n|move|p1a: Tinkaton|Gigaton Hammer|p2a: Chesnaught\n|-damage|p2a: Chesnaught|186/285\n|\n|-heal|p1a: Tinkaton|49/100|[from] Grassy Terrain\n|-heal|p1a: Tinkaton|55/100|[from] item: Leftovers\n|-heal|p2a: Chesnaught|203/285|[from] Grassy Terrain\n|-heal|p2a: Chesnaught|220/285|[from] item: Leftovers\n|-fieldend|move: Grassy Terrain\n|upkeep\n|turn|8\n|inactive|Time left: 300 sec this turn | 300 sec total\n|\n|t:|1783566454\n|move|p1a: Tinkaton|Swords Dance|p1a: Tinkaton\n|-boost|p1a: Tinkaton|atk|2\n|move|p2a: Chesnaught|Iron Defense|p2a: Chesnaught\n|-boost|p2a: Chesnaught|def|2\n|\n|-heal|p1a: Tinkaton|61/100|[from] item: Leftovers\n|-heal|p2a: Chesnaught|237/285|[from] item: Leftovers\n|upkeep\n|turn|9\n|inactive|Time left: 300 sec this turn | 300 sec total\n|\n|t:|1783566455\n|switch|p1a: Slowbro|Slowbro-Galar, L87, M|100/100\n|move|p2a: Chesnaught|Body Press|p1a: Slowbro\n|-resisted|p1a: Slowbro\n|-damage|p1a: Slowbro|86/100\n|\n|-heal|p2a: Chesnaught|254/285|[from] item: Leftovers\n|-heal|p1a: Slowbro|93/100|[from] item: Leftovers\n|upkeep\n|turn|10\n|inactive|Time left: 300 sec this turn | 300 sec total\n|\n|t:|1783566456\n|-terastallize|p2a: Chesnaught|Steel\n|move|p2a: Chesnaught|Trailblaze|p1a: Slowbro\n|-resisted|p1a: Slowbro\n|-damage|p1a: Slowbro|85/100\n|-boost|p2a: Chesnaught|spe|1\n|move|p1a: Slowbro|Psychic|p2a: Chesnaught\n|-resisted|p2a: Chesnaught\n|-damage|p2a: Chesnaught|192/285\n|\n|-heal|p2a: Chesnaught|209/285|[from] item: Leftovers\n|-heal|p1a: Slowbro|91/100|[from] item: Leftovers\n|upkeep\n|turn|11\n|inactive|Time left: 300 sec this turn | 300 sec total\n|\n|t:|1783566457\n|switch|p1a: Landorus|Landorus, L75, M|100/100\n|move|p2a: Chesnaught|Body Press|p1a: Landorus\n|-resisted|p1a: Landorus\n|-damage|p1a: Landorus|61/100\n|\n|-heal|p2a: Chesnaught|226/285|[from] item: Leftovers\n|upkeep\n|turn|12\n|inactive|Time left: 300 sec this turn | 300 sec total\n|\n|t:|1783566458\n|switch|p2a: Squawkabilly|Squawkabilly, L85, M|255/278 brn\n|move|p1a: Landorus|Earth Power|p2a: Squawkabilly\n|-immune|p2a: Squawkabilly\n|\n|-damage|p2a: Squawkabilly|238/278 brn|[from] brn\n|upkeep\n|turn|13\n|inactive|Time left: 300 sec this turn | 300 sec total\n|\n|t:|1783566459\n|switch|p1a: Tinkaton|Tinkaton, L82, F|61/100\n|-ability|p1a: Tinkaton|Mold Breaker\n|move|p2a: Squawkabilly|Facade|p1a: Tinkaton\n|-resisted|p1a: Tinkaton\n|-damage|p1a: Tinkaton|10/100\n|\n|-heal|p1a: Tinkaton|17/100|[from] item: Leftovers\n|-damage|p2a: Squawkabilly|221/278 brn|[from] brn\n|upkeep\n|turn|14\n|inactive|Time left: 300 sec this turn | 300 sec total\n|\n|t:|1783566460\n|move|p2a: Squawkabilly|Facade|p1a: Tinkaton\n|-resisted|p1a: Tinkaton\n|-damage|p1a: Tinkaton|0 fnt\n|faint|p1a: Tinkaton\n|\n|-damage|p2a: Squawkabilly|204/278 brn|[from] brn\n|upkeep\n|\n|t:|1783566461\n|switch|p1a: Slowbro|Slowbro-Galar, L87, M|100/100\n|turn|15\n|inactive|Time left: 300 sec this turn | 300 sec total\n|\n|t:|1783566463\n|move|p2a: Squawkabilly|Facade|p1a: Slowbro\n|-damage|p1a: Slowbro|38/100\n|move|p1a: Slowbro|Shell Side Arm|p2a: Squawkabilly|[anim] Shell Side Arm Special\n|-damage|p2a: Squawkabilly|41/278 brn\n|-hint|Special Shell Side Arm\n|\n|-heal|p1a: Slowbro|44/100|[from] item: Leftovers\n|-damage|p2a: Squawkabilly|24/278 brn|[from] brn\n|upkeep\n|turn|16\n|inactive|Time left: 300 sec this turn | 300 sec total\n|\n|t:|1783566464\n|switch|p1a: Umbreon|Umbreon, L84, M|100/100\n|move|p2a: Squawkabilly|Facade|p1a: Umbreon\n|-damage|p1a: Umbreon|39/100\n|\n|-heal|p1a: Umbreon|45/100|[from] item: Leftovers\n|-damage|p2a: Squawkabilly|7/278 brn|[from] brn\n|upkeep\n|turn|17\n|inactive|Time left: 300 sec this turn | 300 sec total\n|\n|t:|1783566465\n|switch|p2a: Chesnaught|Chesnaught, L84, F, tera:Steel|226/285\n|move|p1a: Umbreon|Protect||[still]\n|-fail|p1a: Umbreon\n|\n|-heal|p1a: Umbreon|51/100|[from] item: Leftovers\n|-heal|p2a: Chesnaught|243/285|[from] item: Leftovers\n|upkeep\n|turn|18\n|inactive|Time left: 300 sec this turn | 300 sec total\n|\n|t:|1783566466\n|switch|p1a: Landorus|Landorus, L75, M|61/100\n|move|p2a: Chesnaught|Trailblaze|p1a: Landorus\n|-crit|p1a: Landorus\n|-damage|p1a: Landorus|26/100\n|-boost|p2a: Chesnaught|spe|1\n|\n|-heal|p2a: Chesnaught|260/285|[from] item: Leftovers\n|upkeep\n|turn|19\n|inactive|Time left: 300 sec this turn | 300 sec total\n|\n|t:|1783566467\n|move|p2a: Chesnaught|Trailblaze|p1a: Landorus\n|-damage|p1a: Landorus|1/100\n|-boost|p2a: Chesnaught|spe|1\n|move|p1a: Landorus|Earth Power|p2a: Chesnaught\n|-supereffective|p2a: Chesnaught\n|-damage|p2a: Chesnaught|0 fnt\n|faint|p2a: Chesnaught\n|\n|upkeep\n|inactive|Time left: 300 sec this turn | 300 sec total | 5 sec grace\n|\n|t:|1783566468\n|switch|p2a: Weavile|Weavile, L79, M|239/239\n|turn|20\n|inactive|Time left: 300 sec this turn | 300 sec total\n|\n|t:|1783566469\n|move|p2a: Weavile|Triple Axel|p1a: Landorus\n|-supereffective|p1a: Landorus\n|-damage|p1a: Landorus|0 fnt\n|faint|p1a: Landorus\n|-hitcount|p1: Landorus|1\n|\n|upkeep\n|\n|t:|1783566470\n|switch|p1a: Umbreon|Umbreon, L84, M|51/100\n|turn|21\n|inactive|Time left: 300 sec this turn | 300 sec total\n|\n|t:|1783566471\n|move|p2a: Weavile|Triple Axel|p1a: Umbreon\n|-damage|p1a: Umbreon|41/100\n|-damage|p1a: Umbreon|22/100\n|-damage|p1a: Umbreon|0 fnt\n|faint|p1a: Umbreon\n|-hitcount|p1: Umbreon|3\n|\n|upkeep\n|\n|t:|1783566472\n|switch|p1a: Slowbro|Slowbro-Galar, L87, M|77/100\n|turn|22\n|inactive|Time left: 300 sec this turn | 300 sec total\n|\n|t:|1783566473\n|move|p2a: Weavile|Triple Axel|p1a: Slowbro\n|-damage|p1a: Slowbro|68/100\n|-damage|p1a: Slowbro|47/100\n|-damage|p1a: Slowbro|16/100\n|-hitcount|p1a: Slowbro|3\n|move|p1a: Slowbro|Shell Side Arm|p2a: Weavile|[anim] Shell Side Arm Physical\n|-damage|p2a: Weavile|89/239\n|-hint|Physical Shell Side Arm\n|-status|p2a: Weavile|psn\n|\n|-heal|p1a: Slowbro|23/100|[from] item: Leftovers\n|-damage|p2a: Weavile|60/239 psn|[from] psn\n|upkeep\n|turn|23\n|inactive|Time left: 300 sec this turn | 300 sec total\n|\n|t:|1783566474\n|move|p2a: Weavile|Triple Axel|p1a: Slowbro\n|-damage|p1a: Slowbro|13/100\n|-damage|p1a: Slowbro|0 fnt\n|faint|p1a: Slowbro\n|-hitcount|p1: Slowbro|2\n|\n|-damage|p2a: Weavile|31/239 psn|[from] psn\n|upkeep\n|\n|t:|1783566475\n|switch|p1a: Rillaboom|Rillaboom, L79, F|97/100\n|-fieldstart|move: Grassy Terrain|[from] ability: Grassy Surge|[of] p1a: Rillaboom\n|turn|24\n|inactive|Time left: 300 sec this turn | 300 sec total\n|\n|t:|1783566476\n|move|p1a: Rillaboom|Grassy Glide|p2a: Weavile\n|-damage|p2a: Weavile|0 fnt\n|faint|p2a: Weavile\n|-damage|p1a: Rillaboom|87/100|[from] item: Life Orb\n|\n|-heal|p1a: Rillaboom|94/100|[from] Grassy Terrain\n|upkeep\n|inactive|Time left: 300 sec this turn | 300 sec total | 5 sec grace\n|\n|t:|1783566477\n|switch|p2a: Pachirisu|Pachirisu, L96, M|271/271\n|turn|25\n|inactive|Time left: 300 sec this turn | 300 sec total\n|\n|t:|1783566478\n|move|p2a: Pachirisu|Discharge|p1a: Rillaboom\n|-resisted|p1a: Rillaboom\n|-crit|p1a: Rillaboom\n|-damage|p1a: Rillaboom|74/100\n|move|p1a: Rillaboom|Swords Dance|p1a: Rillaboom\n|-boost|p1a: Rillaboom|atk|2\n|\n|-heal|p1a: Rillaboom|80/100|[from] Grassy Terrain\n|upkeep\n|turn|26\n|inactive|Time left: 300 sec this turn | 300 sec total\n|\n|t:|1783566479\n|-terastallize|p1a: Rillaboom|Grass\n|move|p1a: Rillaboom|Grassy Glide|p2a: Pachirisu\n|-damage|p2a: Pachirisu|0 fnt\n|faint|p2a: Pachirisu\n|-damage|p1a: Rillaboom|71/100|[from] item: Life Orb\n|\n|-heal|p1a: Rillaboom|77/100|[from] Grassy Terrain\n|upkeep\n|inactive|Time left: 300 sec this turn | 300 sec total | 5 sec grace\n|\n|t:|1783566479\n|switch|p2a: Conkeldurr|Conkeldurr, L80, F|32/299 brn\n|turn|27\n|inactive|Time left: 300 sec this turn | 300 sec total\n|\n|t:|1783566480\n|switch|p2a: Squawkabilly|Squawkabilly, L85, M|7/278 brn\n|move|p1a: Rillaboom|Grassy Glide|p2a: Squawkabilly\n|-resisted|p2a: Squawkabilly\n|-crit|p2a: Squawkabilly\n|-damage|p2a: Squawkabilly|0 fnt\n|faint|p2a: Squawkabilly\n|-damage|p1a: Rillaboom|67/100|[from] item: Life Orb\n|\n|-heal|p1a: Rillaboom|73/100|[from] Grassy Terrain\n|upkeep\n|inactive|Time left: 300 sec this turn | 300 sec total | 5 sec grace\n|\n|t:|1783566481\n|switch|p2a: Conkeldurr|Conkeldurr, L80, F|32/299 brn\n|turn|28\n|inactive|Time left: 300 sec this turn | 300 sec total\n|\n|t:|1783566482\n|move|p1a: Rillaboom|Grassy Glide|p2a: Conkeldurr\n|-damage|p2a: Conkeldurr|0 fnt\n|faint|p2a: Conkeldurr\n|-damage|p1a: Rillaboom|64/100|[from] item: Life Orb\n|\n|win|p0x22821fb6", "uploadtime": 1783566482, "views": 0, "rating": 0, "private": 0, "password": null, "_winner": "p0x22821fb6", "_our_name": "p0y2282ec9f"}