{"id": "battle-gen9randombattle-1399", "formatid": "gen9randombattle", "format": "[Gen 9] Random Battle", "players": ["p0x13992b3c", "p0y1399b7c0"], "log": "|init|battle\n|title|p0x13992b3c vs. p0y1399b7c0\n|j|\u2606p0x13992b3c\n|j|\u2606p0y1399b7c0\n|t:|1783556261\n|gametype|singles\n|player|p1|p0x13992b3c|2|\n|player|p2|p0y1399b7c0|101|\n|gen|9\n|tier|[Gen 9] Random Battle\n|rule|Species Clause: Limit one of each Pok\u00e9mon\n|rule|HP Percentage Mod: HP is shown in percentages\n|rule|Sleep Clause Mod: Limit one foe put to sleep\n|rule|Illusion Level Mod: Illusion disguises the Pok\u00e9mon's true level\n|\n|t:|1783556261\n|teamsize|p1|6\n|teamsize|p2|6\n|start\n|switch|p1a: Eelektross|Eelektross, L87, M|290/290\n|switch|p2a: Galvantula|Galvantula, L82, M|100/100\n|turn|1\n|inactive|Battle timer is ON: inactive players will automatically lose when time's up. (requested by p0x13992b3c)\n|inactive|p0y1399b7c0 also wants the timer to be on.\n|\n|t:|1783556263\n|move|p2a: Galvantula|Sticky Web|p1a: Eelektross\n|-sidestart|p1: p0x13992b3c|move: Sticky Web\n|move|p1a: Eelektross|Coil|p1a: Eelektross\n|-boost|p1a: Eelektross|atk|1\n|-boost|p1a: Eelektross|def|1\n|-boost|p1a: Eelektross|accuracy|1\n|\n|upkeep\n|turn|2\n|inactive|Time left: 300 sec this turn | 300 sec total\n|\n|t:|1783556264\n|switch|p2a: Diancie|Diancie, L82|100/100\n|move|p1a: Eelektross|Knock Off|p2a: Diancie\n|-resisted|p2a: Diancie\n|-damage|p2a: Diancie|81/100\n|-enditem|p2a: Diancie|Leftovers|[from] move: Knock Off|[of] p1a: Eelektross\n|\n|upkeep\n|turn|3\n|inactive|Time left: 300 sec this turn | 300 sec total\n|\n|t:|1783556266\n|move|p1a: Eelektross|Supercell Slam|p2a: Diancie\n|-damage|p2a: Diancie|26/100\n|move|p2a: Diancie|Diamond Storm|p1a: Eelektross\n|-damage|p1a: Eelektross|215/290\n|\n|-heal|p1a: Eelektross|233/290|[from] item: Leftovers\n|upkeep\n|turn|4\n|inactive|Time left: 300 sec this turn | 300 sec total\n|\n|t:|1783556267\n|-terastallize|p2a: Diancie|Fairy\n|move|p1a: Eelektross|Drain Punch|p2a: Diancie\n|-resisted|p2a: Diancie\n|-damage|p2a: Diancie|11/100\n|-heal|p1a: Eelektross|249/290|[from] drain|[of] p2a: Diancie\n|move|p2a: Diancie|Draining Kiss|p1a: Eelektross\n|-damage|p1a: Eelektross|159/290\n|-heal|p2a: Diancie|43/100|[from] drain|[of] p1a: Eelektross\n|\n|-heal|p1a: Eelektross|177/290|[from] item: Leftovers\n|upkeep\n|turn|5\n|inactive|Time left: 300 sec this turn | 300 sec total\n|\n|t:|1783556268\n|move|p1a: Eelektross|Supercell Slam|p2a: Diancie\n|-damage|p2a: Diancie|0 fnt\n|faint|p2a: Diancie\n|\n|-heal|p1a: Eelektross|195/290|[from] item: Leftovers\n|upkeep\n|\n|t:|1783556269\n|switch|p2a: Flapple|Flapple, L88, F|100/100\n|turn|6\n|inactive|Time left: 300 sec this turn | 300 sec total\n|\n|t:|1783556270\n|move|p2a: Flapple|Outrage|p1a: Eelektross\n|-damage|p1a: Eelektross|21/290\n|move|p1a: Eelektross|Knock Off|p2a: Flapple\n|-damage|p2a: Flapple|51/100\n|-enditem|p2a: Flapple|Lum Berry|[from] move: Knock Off|[of] p1a: Eelektross\n|\n|-heal|p1a: Eelektross|39/290|[from] item: Leftovers\n|upkeep\n|turn|7\n|inactive|Time left: 300 sec this turn | 300 sec total\n|\n|t:|1783556272\n|switch|p1a: Comfey|Comfey, L85, F|225/225\n|-activate|p1a: Comfey|move: Sticky Web\n|-unboost|p1a: Comfey|spe|1\n|move|p2a: Flapple|Outrage|p1a: Comfey|[from] lockedmove\n|-immune|p1a: Comfey\n|-start|p2a: Flapple|confusion|[fatigue]\n|\n|upkeep\n|turn|8\n|inactive|Time left: 300 sec this turn | 300 sec total\n|\n|t:|1783556273\n|switch|p2a: Cetitan|Cetitan, L82, F|100/100\n|switch|p1a: Blaziken|Blaziken, L76, F|247/247\n|-activate|p1a: Blaziken|move: Sticky Web\n|-unboost|p1a: Blaziken|spe|1\n|\n|upkeep\n|turn|9\n|inactive|Time left: 300 sec this turn | 300 sec total\n|\n|t:|1783556275\n|move|p2a: Cetitan|Earthquake|p1a: Blaziken\n|-supereffective|p1a: Blaziken\n|-damage|p1a: Blaziken|59/247\n|move|p1a: Blaziken|Close Combat|p2a: Cetitan\n|-supereffective|p2a: Cetitan\n|-damage|p2a: Cetitan|0 fnt\n|-unboost|p1a: Blaziken|def|1\n|-unboost|p1a: Blaziken|spd|1\n|faint|p2a: Cetitan\n|-damage|p1a: Blaziken|35/247|[from] item: Life Orb\n|\n|-ability|p1a: Blaziken|Speed Boost|boost\n|-boost|p1a: Blaziken|spe|1\n|upkeep\n|\n|t:|1783556276\n|switch|p2a: Flapple|Flapple, L88, F|51/100\n|turn|10\n|inactive|Time left: 300 sec this turn | 300 sec total\n|\n|t:|1783556277\n|move|p2a: Flapple|Tera Blast|p1a: Blaziken\n|-damage|p1a: Blaziken|0 fnt\n|faint|p1a: Blaziken\n|\n|upkeep\n|inactive|Time left: 300 sec this turn | 300 sec total | 5 sec grace\n|\n|t:|1783556278\n|switch|p1a: Dragapult|Dragapult, L77, M|262/262\n|-activate|p1a: Dragapult|move: Sticky Web\n|-unboost|p1a: Dragapult|spe|1\n|turn|11\n|inactive|Time left: 300 sec this turn | 300 sec total\n|\n|t:|1783556279\n|move|p1a: Dragapult|Shadow Ball|p2a: Flapple\n|-damage|p2a: Flapple|0 fnt\n|faint|p2a: Flapple\n|\n|upkeep\n|\n|t:|1783556280\n|switch|p2a: Lumineon|Lumineon, L93, M|100/100\n|turn|12\n|inactive|Time left: 300 sec this turn | 300 sec total\n|\n|t:|1783556280\n|move|p2a: Lumineon|Ice Beam|p1a: Dragapult\n|-supereffective|p1a: Dragapult\n|-damage|p1a: Dragapult|80/262\n|-damage|p2a: Lumineon|91/100|[from] item: Life Orb\n|move|p1a: Dragapult|Shadow Ball|p2a: Lumineon\n|-damage|p2a: Lumineon|53/100\n|\n|upkeep\n|turn|13\n|inactive|Time left: 300 sec this turn | 300 sec total\n|\n|t:|1783556281\n|switch|p1a: Comfey|Comfey, L85, F|225/225\n|-activate|p1a: Comfey|move: Sticky Web\n|-unboost|p1a: Comfey|spe|1\n|move|p2a: Lumineon|Hydro Pump|p1a: Comfey\n|-damage|p1a: Comfey|104/225\n|-damage|p2a: Lumineon|44/100|[from] item: Life Orb\n|\n|-heal|p1a: Comfey|118/225|[from] item: Leftovers\n|upkeep\n|turn|14\n|inactive|Time left: 300 sec this turn | 300 sec total\n|\n|t:|1783556282\n|move|p1a: Comfey|Synthesis|p1a: Comfey\n|-heal|p1a: Comfey|225/225\n|move|p2a: Lumineon|Hydro Pump|p1a: Comfey\n|-damage|p1a: Comfey|116/225\n|-damage|p2a: Lumineon|34/100|[from] item: Life Orb\n|\n|-heal|p1a: Comfey|130/225|[from] item: Leftovers\n|upkeep\n|turn|15\n|inactive|Time left: 300 sec this turn | 300 sec total\n|\n|t:|1783556283\n|move|p1a: Comfey|Draining Kiss|p2a: Lumineon\n|-damage|p2a: Lumineon|17/100\n|-heal|p1a: Comfey|166/225|[from] drain|[of] p2a: Lumineon\n|move|p2a: Lumineon|Hydro Pump|p1a: Comfey\n|-damage|p1a: Comfey|52/225\n|-damage|p2a: Lumineon|7/100|[from] item: Life Orb\n|\n|-heal|p1a: Comfey|66/225|[from] item: Leftovers\n|upkeep\n|turn|16\n|inactive|Time left: 300 sec this turn | 300 sec total\n|\n|t:|1783556284\n|move|p1a: Comfey|Synthesis|p1a: Comfey\n|-heal|p1a: Comfey|178/225\n|move|p2a: Lumineon|Hydro Pump|p1a: Comfey|[miss]\n|-miss|p2a: Lumineon|p1a: Comfey\n|\n|-heal|p1a: Comfey|192/225|[from] item: Leftovers\n|upkeep\n|turn|17\n|inactive|Time left: 300 sec this turn | 300 sec total\n|\n|t:|1783556285\n|move|p1a: Comfey|Draining Kiss|p2a: Lumineon\n|-damage|p2a: Lumineon|0 fnt\n|-heal|p1a: Comfey|206/225|[from] drain|[of] p2a: Lumineon\n|faint|p2a: Lumineon\n|\n|-heal|p1a: Comfey|220/225|[from] item: Leftovers\n|upkeep\n|\n|t:|1783556286\n|switch|p2a: Kilowattrel|Kilowattrel, L83, F|100/100\n|turn|18\n|inactive|Time left: 300 sec this turn | 300 sec total\n|\n|t:|1783556286\n|switch|p1a: Iron Thorns|Iron Thorns, L83|302/302\n|-activate|p1a: Iron Thorns|move: Sticky Web\n|-unboost|p1a: Iron Thorns|spe|1\n|-enditem|p1a: Iron Thorns|Booster Energy\n|-activate|p1a: Iron Thorns|ability: Quark Drive|[fromitem]\n|-start|p1a: Iron Thorns|quarkdriveatk\n|move|p2a: Kilowattrel|Hurricane|p1a: Iron Thorns\n|-resisted|p1a: Iron Thorns\n|-damage|p1a: Iron Thorns|269/302\n|\n|upkeep\n|turn|19\n|inactive|Time left: 300 sec this turn | 300 sec total\n|\n|t:|1783556287\n|move|p2a: Kilowattrel|U-turn|p1a: Iron Thorns\n|-damage|p1a: Iron Thorns|237/302\n|\n|t:|1783556289\n|switch|p2a: Galvantula|Galvantula, L82, M|100/100|[from] U-turn\n|move|p1a: Iron Thorns|Stone Edge|p2a: Galvantula\n|-supereffective|p2a: Galvantula\n|-enditem|p2a: Galvantula|Focus Sash\n|-damage|p2a: Galvantula|1/100\n|\n|upkeep\n|turn|20\n|inactive|Time left: 300 sec this turn | 300 sec total\n|\n|t:|1783556290\n|move|p2a: Galvantula|Energy Ball|p1a: Iron Thorns\n|-supereffective|p1a: Iron Thorns\n|-damage|p1a: Iron Thorns|103/302\n|move|p1a: Iron Thorns|Ice Punch|p2a: Galvantula\n|-damage|p2a: Galvantula|0 fnt\n|faint|p2a: Galvantula\n|\n|upkeep\n|\n|t:|1783556291\n|switch|p2a: Kilowattrel|Kilowattrel, L83, F|100/100\n|turn|21\n|inactive|Time left: 300 sec this turn | 300 sec total\n|\n|t:|1783556292\n|move|p2a: Kilowattrel|Hurricane|p1a: Iron Thorns|[miss]\n|-miss|p2a: Kilowattrel|p1a: Iron Thorns\n|move|p1a: Iron Thorns|Stone Edge|p2a: Kilowattrel\n|-supereffective|p2a: Kilowattrel\n|-crit|p2a: Kilowattrel\n|-damage|p2a: Kilowattrel|0 fnt\n|faint|p2a: Kilowattrel\n|\n|win|p0x13992b3c", "uploadtime": 1783556292, "views": 0, "rating": 0, "private": 0, "password": null, "_winner": "p0x13992b3c", "_our_name": "p0x13992b3c"}