{"id": "battle-gen9randombattle-214", "formatid": "gen9randombattle", "format": "[Gen 9] Random Battle", "players": ["p0x2140afb", "p0y2140d4b"], "log": "|init|battle\n|title|p0x2140afb vs. p0y2140d4b\n|j|\u2606p0x2140afb\n|j|\u2606p0y2140d4b\n|t:|1783542046\n|gametype|singles\n|player|p1|p0x2140afb|2|\n|player|p2|p0y2140d4b|170|\n|gen|9\n|tier|[Gen 9] Random Battle\n|rule|Species Clause: Limit one of each Pok\u00e9mon\n|rule|HP Percentage Mod: HP is shown in percentages\n|rule|Sleep Clause Mod: Limit one foe put to sleep\n|rule|Illusion Level Mod: Illusion disguises the Pok\u00e9mon's true level\n|\n|t:|1783542046\n|teamsize|p1|6\n|teamsize|p2|6\n|start\n|switch|p1a: Slowking|Slowking, L88, F|100/100\n|switch|p2a: Lokix|Lokix, L82, M|251/251\n|turn|1\n|inactive|Battle timer is ON: inactive players will automatically lose when time's up. (requested by p0y2140d4b)\n|inactive|p0x2140afb also wants the timer to be on.\n|\n|t:|1783542048\n|move|p2a: Lokix|Knock Off|p1a: Slowking\n|-supereffective|p1a: Slowking\n|-damage|p1a: Slowking|10/100\n|-enditem|p1a: Slowking|Heavy-Duty Boots|[from] move: Knock Off|[of] p2a: Lokix\n|-damage|p2a: Lokix|226/251|[from] item: Life Orb\n|move|p1a: Slowking|Scald|p2a: Lokix\n|-damage|p2a: Lokix|90/251\n|\n|upkeep\n|turn|2\n|inactive|Time left: 300 sec this turn | 300 sec total\n|\n|t:|1783542049\n|switch|p1a: Galvantula|Galvantula, L82, M|100/100\n|move|p2a: Lokix|Knock Off|p1a: Galvantula\n|-damage|p1a: Galvantula|24/100\n|-enditem|p1a: Galvantula|Heavy-Duty Boots|[from] move: Knock Off|[of] p2a: Lokix\n|-damage|p2a: Lokix|65/251|[from] item: Life Orb\n|\n|upkeep\n|turn|3\n|inactive|Time left: 300 sec this turn | 300 sec total\n|\n|t:|1783542050\n|move|p1a: Galvantula|Sticky Web|p2a: Lokix\n|-sidestart|p2: p0y2140d4b|move: Sticky Web\n|move|p2a: Lokix|Knock Off|p1a: Galvantula\n|-crit|p1a: Galvantula\n|-damage|p1a: Galvantula|0 fnt\n|faint|p1a: Galvantula\n|-damage|p2a: Lokix|40/251|[from] item: Life Orb\n|\n|upkeep\n|\n|t:|1783542051\n|switch|p1a: Hydreigon|Hydreigon, L79, F|100/100\n|turn|4\n|inactive|Time left: 300 sec this turn | 300 sec total\n|\n|t:|1783542052\n|move|p2a: Lokix|Sucker Punch|p1a: Hydreigon\n|-resisted|p1a: Hydreigon\n|-damage|p1a: Hydreigon|64/100\n|-damage|p2a: Lokix|15/251|[from] item: Life Orb\n|move|p1a: Hydreigon|Dark Pulse|p2a: Lokix\n|-resisted|p2a: Lokix\n|-damage|p2a: Lokix|0 fnt\n|faint|p2a: Lokix\n|\n|upkeep\n|inactive|Time left: 300 sec this turn | 300 sec total | 5 sec grace\n|\n|t:|1783542053\n|switch|p2a: Cinccino|Cinccino, L83, F|260/260\n|-activate|p2a: Cinccino|move: Sticky Web\n|-unboost|p2a: Cinccino|spe|1\n|turn|5\n|inactive|Time left: 300 sec this turn | 300 sec total\n|\n|t:|1783542054\n|move|p1a: Hydreigon|Dark Pulse|p2a: Cinccino\n|-damage|p2a: Cinccino|86/260\n|cant|p2a: Cinccino|flinch\n|\n|upkeep\n|turn|6\n|inactive|Time left: 300 sec this turn | 300 sec total\n|\n|t:|1783542055\n|switch|p2a: Lucario|Lucario, L84, M|255/255\n|-activate|p2a: Lucario|move: Sticky Web\n|-unboost|p2a: Lucario|spe|1\n|move|p1a: Hydreigon|Dark Pulse|p2a: Lucario\n|-resisted|p2a: Lucario\n|-damage|p2a: Lucario|172/255\n|-ability|p2a: Lucario|Justified|boost\n|-boost|p2a: Lucario|atk|1\n|\n|upkeep\n|turn|7\n|inactive|Time left: 300 sec this turn | 300 sec total\n|\n|t:|1783542056\n|switch|p1a: Giratina|Giratina, L75|100/100\n|-ability|p1a: Giratina|Pressure\n|move|p2a: Lucario|Close Combat|p1a: Giratina\n|-immune|p1a: Giratina\n|\n|upkeep\n|turn|8\n|inactive|Time left: 300 sec this turn | 300 sec total\n|\n|t:|1783542057\n|move|p1a: Giratina|Shadow Ball|p2a: Lucario\n|-damage|p2a: Lucario|91/255\n|-unboost|p2a: Lucario|spd|1\n|move|p2a: Lucario|Close Combat|p1a: Giratina\n|-immune|p1a: Giratina\n|\n|upkeep\n|turn|9\n|inactive|Time left: 300 sec this turn | 300 sec total\n|\n|t:|1783542058\n|move|p1a: Giratina|Shadow Ball|p2a: Lucario\n|-damage|p2a: Lucario|0 fnt\n|faint|p2a: Lucario\n|\n|upkeep\n|inactive|Time left: 300 sec this turn | 300 sec total | 5 sec grace\n|\n|t:|1783542059\n|switch|p2a: Cinccino|Cinccino, L83, F|86/260\n|-activate|p2a: Cinccino|move: Sticky Web\n|-unboost|p2a: Cinccino|spe|1\n|turn|10\n|inactive|Time left: 300 sec this turn | 300 sec total\n|\n|t:|1783542060\n|move|p2a: Cinccino|Tidy Up|p2a: Cinccino\n|-sideend|p2: p0y2140d4b|Sticky Web\n|-activate|p2a: Cinccino|move: Tidy Up\n|-boost|p2a: Cinccino|atk|1\n|-boost|p2a: Cinccino|spe|1\n|move|p1a: Giratina|Dragon Tail|p2a: Cinccino\n|-damage|p2a: Cinccino|8/260\n|drag|p2a: Iron Bundle|Iron Bundle, L78|215/215\n|\n|upkeep\n|turn|11\n|inactive|Time left: 300 sec this turn | 300 sec total\n|\n|t:|1783542061\n|switch|p1a: Alcremie|Alcremie-Mint-Cream, L90, F|100/100\n|move|p2a: Iron Bundle|Ice Beam|p1a: Alcremie\n|-damage|p1a: Alcremie|70/100\n|\n|-heal|p1a: Alcremie|77/100|[from] item: Leftovers\n|upkeep\n|turn|12\n|inactive|Time left: 300 sec this turn | 300 sec total\n|\n|t:|1783542062\n|-end|p2a: Iron Bundle|Quark Drive|[silent]\n|switch|p2a: Indeedee|Indeedee-F, L90, F|272/272\n|-fieldstart|move: Psychic Terrain|[from] ability: Psychic Surge|[of] p2a: Indeedee\n|move|p1a: Alcremie|Alluring Voice|p2a: Indeedee\n|-damage|p2a: Indeedee|185/272\n|\n|-heal|p1a: Alcremie|83/100|[from] item: Leftovers\n|upkeep\n|turn|13\n|inactive|Time left: 300 sec this turn | 300 sec total\n|\n|t:|1783542063\n|move|p2a: Indeedee|Psyshock|p1a: Alcremie\n|-damage|p1a: Alcremie|12/100\n|move|p1a: Alcremie|Calm Mind|p1a: Alcremie\n|-boost|p1a: Alcremie|spa|1\n|-boost|p1a: Alcremie|spd|1\n|\n|-heal|p1a: Alcremie|18/100|[from] item: Leftovers\n|upkeep\n|turn|14\n|inactive|Time left: 300 sec this turn | 300 sec total\n|\n|t:|1783542064\n|switch|p1a: Hydreigon|Hydreigon, L79, F|64/100\n|move|p2a: Indeedee|Psyshock|p1a: Hydreigon\n|-immune|p1a: Hydreigon\n|\n|upkeep\n|turn|15\n|inactive|Time left: 300 sec this turn | 300 sec total\n|\n|t:|1783542065\n|switch|p2a: Cinccino|Cinccino, L83, F|8/260\n|move|p1a: Hydreigon|Dark Pulse|p2a: Cinccino\n|-damage|p2a: Cinccino|0 fnt\n|faint|p2a: Cinccino\n|\n|upkeep\n|inactive|Time left: 300 sec this turn | 300 sec total | 5 sec grace\n|\n|t:|1783542066\n|switch|p2a: Indeedee|Indeedee-F, L90, F|185/272\n|turn|16\n|inactive|Time left: 300 sec this turn | 300 sec total\n|\n|t:|1783542067\n|switch|p1a: Slowking|Slowking, L88, F|43/100\n|move|p2a: Indeedee|Dazzling Gleam|p1a: Slowking\n|-damage|p1a: Slowking|19/100\n|\n|-fieldend|move: Psychic Terrain\n|upkeep\n|turn|17\n|inactive|Time left: 300 sec this turn | 300 sec total\n|\n|t:|1783542068\n|switch|p1a: Meowstic|Meowstic, L89, M|100/100\n|move|p2a: Indeedee|Dazzling Gleam|p1a: Meowstic\n|-damage|p1a: Meowstic|65/100\n|\n|-heal|p1a: Meowstic|71/100|[from] item: Leftovers\n|upkeep\n|turn|18\n|inactive|Time left: 300 sec this turn | 300 sec total\n|\n|t:|1783542069\n|move|p1a: Meowstic|Thunder Wave|p2a: Indeedee\n|-status|p2a: Indeedee|par\n|cant|p2a: Indeedee|par\n|\n|-heal|p1a: Meowstic|77/100|[from] item: Leftovers\n|upkeep\n|turn|19\n|inactive|Time left: 300 sec this turn | 300 sec total\n|\n|t:|1783542070\n|move|p1a: Meowstic|Psychic Noise|p2a: Indeedee\n|-resisted|p2a: Indeedee\n|-damage|p2a: Indeedee|152/272 par\n|-start|p2a: Indeedee|move: Heal Block\n|move|p2a: Indeedee|Dazzling Gleam|p1a: Meowstic\n|-damage|p1a: Meowstic|41/100\n|\n|-heal|p1a: Meowstic|47/100|[from] item: Leftovers\n|upkeep\n|turn|20\n|inactive|Time left: 300 sec this turn | 300 sec total\n|\n|t:|1783542071\n|switch|p1a: Slowking|Slowking, L88, F|52/100\n|move|p2a: Indeedee|Dazzling Gleam|p1a: Slowking\n|-damage|p1a: Slowking|28/100\n|\n|-end|p2a: Indeedee|move: Heal Block\n|upkeep\n|turn|21\n|inactive|Time left: 300 sec this turn | 300 sec total\n|\n|t:|1783542072\n|move|p1a: Slowking|Slack Off|p1a: Slowking\n|-heal|p1a: Slowking|78/100\n|move|p2a: Indeedee|Dazzling Gleam|p1a: Slowking\n|-damage|p1a: Slowking|54/100\n|\n|upkeep\n|turn|22\n|inactive|Time left: 300 sec this turn | 300 sec total\n|\n|t:|1783542073\n|move|p1a: Slowking|Slack Off|p1a: Slowking\n|-heal|p1a: Slowking|100/100\n|move|p2a: Indeedee|Dazzling Gleam|p1a: Slowking\n|-damage|p1a: Slowking|73/100\n|\n|upkeep\n|turn|23\n|inactive|Time left: 300 sec this turn | 300 sec total\n|\n|t:|1783542075\n|move|p1a: Slowking|Scald|p2a: Indeedee\n|-damage|p2a: Indeedee|77/272 par\n|move|p2a: Indeedee|Dazzling Gleam|p1a: Slowking\n|-damage|p1a: Slowking|50/100\n|\n|upkeep\n|turn|24\n|inactive|Time left: 300 sec this turn | 300 sec total\n|\n|t:|1783542076\n|move|p1a: Slowking|Scald|p2a: Indeedee\n|-damage|p2a: Indeedee|0 fnt\n|faint|p2a: Indeedee\n|\n|upkeep\n|inactive|Time left: 300 sec this turn | 300 sec total | 5 sec grace\n|\n|t:|1783542077\n|switch|p2a: Iron Bundle|Iron Bundle, L78|215/215\n|turn|25\n|inactive|Time left: 300 sec this turn | 300 sec total\n|\n|t:|1783542078\n|move|p2a: Iron Bundle|Freeze-Dry|p1a: Slowking\n|-supereffective|p1a: Slowking\n|-damage|p1a: Slowking|6/100\n|move|p1a: Slowking|Slack Off|p1a: Slowking\n|-heal|p1a: Slowking|56/100\n|\n|upkeep\n|turn|26\n|inactive|Time left: 300 sec this turn | 300 sec total\n|\n|t:|1783542079\n|switch|p1a: Meowstic|Meowstic, L89, M|47/100\n|move|p2a: Iron Bundle|Freeze-Dry|p1a: Meowstic\n|-damage|p1a: Meowstic|18/100\n|-status|p1a: Meowstic|frz\n|\n|-heal|p1a: Meowstic|24/100 frz|[from] item: Leftovers\n|upkeep\n|turn|27\n|inactive|Time left: 300 sec this turn | 300 sec total\n|\n|t:|1783542080\n|-curestatus|p1a: Meowstic|frz|[msg]\n|move|p1a: Meowstic|Thunder Wave|p2a: Iron Bundle\n|-status|p2a: Iron Bundle|par\n|cant|p2a: Iron Bundle|par\n|\n|-heal|p1a: Meowstic|30/100|[from] item: Leftovers\n|upkeep\n|turn|28\n|inactive|Time left: 300 sec this turn | 300 sec total\n|\n|t:|1783542081\n|move|p1a: Meowstic|Psychic Noise|p2a: Iron Bundle\n|-damage|p2a: Iron Bundle|101/215 par\n|-start|p2a: Iron Bundle|move: Heal Block\n|move|p2a: Iron Bundle|Ice Beam|p1a: Meowstic\n|-damage|p1a: Meowstic|0 fnt\n|faint|p1a: Meowstic\n|\n|upkeep\n|\n|t:|1783542082\n|switch|p1a: Alcremie|Alcremie-Mint-Cream, L90, F|18/100\n|turn|29\n|inactive|Time left: 300 sec this turn | 300 sec total\n|\n|t:|1783542083\n|-end|p2a: Iron Bundle|Quark Drive|[silent]\n|switch|p2a: Arceus|Arceus-Ground, L70|284/284\n|move|p1a: Alcremie|Recover|p1a: Alcremie\n|-heal|p1a: Alcremie|68/100\n|\n|-heal|p1a: Alcremie|74/100|[from] item: Leftovers\n|upkeep\n|turn|30\n|inactive|Time left: 300 sec this turn | 300 sec total\n|\n|t:|1783542084\n|switch|p1a: Hydreigon|Hydreigon, L79, F|64/100\n|move|p2a: Arceus|Swords Dance|p2a: Arceus\n|-boost|p2a: Arceus|atk|2\n|\n|upkeep\n|turn|31\n|inactive|Time left: 300 sec this turn | 300 sec total\n|\n|t:|1783542085\n|-terastallize|p1a: Hydreigon|Dragon\n|move|p2a: Arceus|Stone Edge|p1a: Hydreigon\n|-damage|p1a: Hydreigon|20/100\n|move|p1a: Hydreigon|Draco Meteor|p2a: Arceus\n|-damage|p2a: Arceus|8/284\n|-unboost|p1a: Hydreigon|spa|2\n|\n|upkeep\n|turn|32\n|inactive|Time left: 300 sec this turn | 300 sec total\n|\n|t:|1783542086\n|move|p2a: Arceus|Stone Edge|p1a: Hydreigon|[miss]\n|-miss|p2a: Arceus|p1a: Hydreigon\n|move|p1a: Hydreigon|Draco Meteor|p2a: Arceus\n|-damage|p2a: Arceus|0 fnt\n|-unboost|p1a: Hydreigon|spa|2\n|faint|p2a: Arceus\n|\n|upkeep\n|inactive|Time left: 300 sec this turn | 300 sec total | 5 sec grace\n|\n|t:|1783542087\n|switch|p2a: Iron Bundle|Iron Bundle, L78|101/215 par\n|turn|33\n|inactive|Time left: 300 sec this turn | 300 sec total\n|\n|t:|1783542088\n|move|p1a: Hydreigon|Draco Meteor|p2a: Iron Bundle\n|-damage|p2a: Iron Bundle|0 fnt\n|-unboost|p1a: Hydreigon|spa|2\n|faint|p2a: Iron Bundle\n|-end|p2a: Iron Bundle|Quark Drive|[silent]\n|\n|win|p0x2140afb", "uploadtime": 1783542088, "views": 0, "rating": 0, "private": 0, "password": null, "_winner": "p0x2140afb", "_our_name": "p0y2140d4b"}