{"id": "battle-gen9randombattle-174", "formatid": "gen9randombattle", "format": "[Gen 9] Random Battle", "players": ["p0x174d14a", "p0y1744f6d"], "log": "|init|battle\n|title|p0x174d14a vs. p0y1744f6d\n|j|\u2606p0x174d14a\n|j|\u2606p0y1744f6d\n|t:|1783541601\n|gametype|singles\n|player|p1|p0x174d14a|169|\n|player|p2|p0y1744f6d|170|\n|gen|9\n|tier|[Gen 9] Random Battle\n|rule|Species Clause: Limit one of each Pok\u00e9mon\n|rule|HP Percentage Mod: HP is shown in percentages\n|rule|Sleep Clause Mod: Limit one foe put to sleep\n|rule|Illusion Level Mod: Illusion disguises the Pok\u00e9mon's true level\n|\n|t:|1783541601\n|teamsize|p1|6\n|teamsize|p2|6\n|start\n|switch|p1a: Haxorus|Haxorus, L77, M|244/244\n|switch|p2a: Grafaiai|Grafaiai, L86, M|100/100\n|-ability|p1a: Haxorus|Mold Breaker\n|turn|1\n|inactive|Battle timer is ON: inactive players will automatically lose when time's up. (requested by p0x174d14a)\n|inactive|p0y1744f6d also wants the timer to be on.\n|\n|t:|1783541603\n|move|p2a: Grafaiai|Gunk Shot|p1a: Haxorus\n|-damage|p1a: Haxorus|99/244\n|move|p1a: Haxorus|Dragon Dance|p1a: Haxorus\n|-boost|p1a: Haxorus|atk|1\n|-boost|p1a: Haxorus|spe|1\n|\n|upkeep\n|turn|2\n|inactive|Time left: 300 sec this turn | 300 sec total\n|\n|t:|1783541604\n|switch|p2a: Orthworm|Orthworm, L88, M|100/100\n|move|p1a: Haxorus|Outrage|p2a: Orthworm\n|-resisted|p2a: Orthworm\n|-damage|p2a: Orthworm|76/100\n|\n|upkeep\n|turn|3\n|inactive|Time left: 300 sec this turn | 300 sec total\n|\n|t:|1783541605\n|move|p1a: Haxorus|Outrage|p2a: Orthworm|[from] lockedmove\n|-resisted|p2a: Orthworm\n|-damage|p2a: Orthworm|49/100\n|move|p2a: Orthworm|Coil|p2a: Orthworm\n|-boost|p2a: Orthworm|atk|1\n|-boost|p2a: Orthworm|def|1\n|-boost|p2a: Orthworm|accuracy|1\n|\n|upkeep\n|turn|4\n|inactive|Time left: 300 sec this turn | 300 sec total\n|\n|t:|1783541606\n|move|p1a: Haxorus|Outrage|p2a: Orthworm|[from] lockedmove\n|-resisted|p2a: Orthworm\n|-damage|p2a: Orthworm|31/100\n|-start|p1a: Haxorus|confusion|[fatigue]\n|-enditem|p1a: Haxorus|Lum Berry|[eat]\n|-end|p1a: Haxorus|confusion\n|move|p2a: Orthworm|Body Press|p1a: Haxorus\n|-damage|p1a: Haxorus|0 fnt\n|faint|p1a: Haxorus\n|\n|upkeep\n|inactive|Time left: 300 sec this turn | 300 sec total | 5 sec grace\n|\n|t:|1783541607\n|switch|p1a: Tauros|Tauros-Paldea-Combat, L82, M|257/257\n|-ability|p1a: Tauros|Intimidate|boost\n|-unboost|p2a: Orthworm|atk|1\n|turn|5\n|inactive|Time left: 300 sec this turn | 300 sec total\n|\n|t:|1783541608\n|move|p1a: Tauros|Close Combat|p2a: Orthworm\n|-supereffective|p2a: Orthworm\n|-damage|p2a: Orthworm|0 fnt\n|-unboost|p1a: Tauros|def|1\n|-unboost|p1a: Tauros|spd|1\n|faint|p2a: Orthworm\n|\n|upkeep\n|\n|t:|1783541609\n|switch|p2a: Regidrago|Regidrago, L77|100/100\n|turn|6\n|inactive|Time left: 300 sec this turn | 300 sec total\n|\n|t:|1783541611\n|switch|p1a: Rhydon|Rhydon, L85, M|317/317\n|move|p2a: Regidrago|Outrage|p1a: Rhydon\n|-damage|p1a: Rhydon|235/317\n|\n|upkeep\n|turn|7\n|inactive|Time left: 300 sec this turn | 300 sec total\n|\n|t:|1783541612\n|-terastallize|p1a: Rhydon|Fairy\n|move|p2a: Regidrago|Outrage|p1a: Rhydon|[from] lockedmove\n|-immune|p1a: Rhydon\n|-start|p2a: Regidrago|confusion|[fatigue]\n|-enditem|p2a: Regidrago|Lum Berry|[eat]\n|-end|p2a: Regidrago|confusion\n|move|p1a: Rhydon|Swords Dance|p1a: Rhydon\n|-boost|p1a: Rhydon|atk|2\n|\n|upkeep\n|turn|8\n|inactive|Time left: 300 sec this turn | 300 sec total\n|\n|t:|1783541613\n|move|p2a: Regidrago|Earthquake|p1a: Rhydon\n|-damage|p1a: Rhydon|200/317\n|move|p1a: Rhydon|Earthquake|p2a: Regidrago\n|-damage|p2a: Regidrago|6/100\n|\n|upkeep\n|turn|9\n|inactive|Time left: 300 sec this turn | 300 sec total\n|\n|t:|1783541614\n|move|p2a: Regidrago|Earthquake|p1a: Rhydon\n|-damage|p1a: Rhydon|168/317\n|move|p1a: Rhydon|Earthquake|p2a: Regidrago\n|-damage|p2a: Regidrago|0 fnt\n|faint|p2a: Regidrago\n|\n|upkeep\n|\n|t:|1783541615\n|switch|p2a: Gumshoos|Gumshoos, L95, F|100/100\n|turn|10\n|inactive|Time left: 300 sec this turn | 300 sec total\n|\n|t:|1783541616\n|-terastallize|p2a: Gumshoos|Normal\n|move|p2a: Gumshoos|Double-Edge|p1a: Rhydon\n|-damage|p1a: Rhydon|0 fnt\n|faint|p1a: Rhydon\n|-damage|p2a: Gumshoos|83/100|[from] Recoil\n|\n|upkeep\n|inactive|Time left: 300 sec this turn | 300 sec total | 5 sec grace\n|\n|t:|1783541617\n|switch|p1a: Tauros|Tauros-Paldea-Combat, L82, M|257/257\n|-ability|p1a: Tauros|Intimidate|boost\n|-unboost|p2a: Gumshoos|atk|1\n|turn|11\n|inactive|Time left: 300 sec this turn | 300 sec total\n|\n|t:|1783541618\n|move|p1a: Tauros|Close Combat|p2a: Gumshoos\n|-supereffective|p2a: Gumshoos\n|-damage|p2a: Gumshoos|0 fnt\n|-unboost|p1a: Tauros|def|1\n|-unboost|p1a: Tauros|spd|1\n|faint|p2a: Gumshoos\n|\n|upkeep\n|\n|t:|1783541619\n|switch|p2a: Reshiram|Reshiram, L76|100/100\n|-ability|p2a: Reshiram|Turboblaze\n|turn|12\n|inactive|Time left: 300 sec this turn | 300 sec total\n|\n|t:|1783541620\n|move|p1a: Tauros|Close Combat|p2a: Reshiram\n|-damage|p2a: Reshiram|31/100\n|-unboost|p1a: Tauros|def|1\n|-unboost|p1a: Tauros|spd|1\n|move|p2a: Reshiram|Dragon Dance|p2a: Reshiram\n|-boost|p2a: Reshiram|atk|1\n|-boost|p2a: Reshiram|spe|1\n|\n|upkeep\n|turn|13\n|inactive|Time left: 300 sec this turn | 300 sec total\n|\n|t:|1783541621\n|switch|p1a: Smeargle|Smeargle, L95, F|258/258\n|move|p2a: Reshiram|Outrage|p1a: Smeargle\n|-enditem|p1a: Smeargle|Focus Sash\n|-damage|p1a: Smeargle|1/258\n|\n|upkeep\n|turn|14\n|inactive|Time left: 300 sec this turn | 300 sec total\n|\n|t:|1783541622\n|move|p2a: Reshiram|Outrage|p1a: Smeargle|[from] lockedmove\n|-damage|p1a: Smeargle|0 fnt\n|faint|p1a: Smeargle\n|\n|upkeep\n|inactive|Time left: 300 sec this turn | 300 sec total | 5 sec grace\n|\n|t:|1783541623\n|switch|p1a: Tauros|Tauros-Paldea-Combat, L82, M|257/257\n|-ability|p1a: Tauros|Intimidate|boost\n|-unboost|p2a: Reshiram|atk|1\n|turn|15\n|inactive|Time left: 300 sec this turn | 300 sec total\n|\n|t:|1783541624\n|move|p2a: Reshiram|Outrage|p1a: Tauros|[from] lockedmove\n|-damage|p1a: Tauros|139/257\n|-start|p2a: Reshiram|confusion|[fatigue]\n|move|p1a: Tauros|Earthquake|p2a: Reshiram\n|-supereffective|p2a: Reshiram\n|-damage|p2a: Reshiram|0 fnt\n|faint|p2a: Reshiram\n|\n|upkeep\n|\n|t:|1783541625\n|switch|p2a: Electrode|Electrode-Hisui, L87|100/100\n|turn|16\n|inactive|Time left: 300 sec this turn | 300 sec total\n|\n|t:|1783541626\n|switch|p1a: Ludicolo|Ludicolo, L90, M|290/290\n|move|p2a: Electrode|Thunderbolt|p1a: Ludicolo\n|-damage|p1a: Ludicolo|212/290\n|\n|upkeep\n|turn|17\n|inactive|Time left: 300 sec this turn | 300 sec total\n|\n|t:|1783541627\n|switch|p2a: Grafaiai|Grafaiai, L86, M|100/100\n|move|p1a: Ludicolo|Ice Beam|p2a: Grafaiai\n|-damage|p2a: Grafaiai|73/100\n|-damage|p1a: Ludicolo|183/290|[from] item: Life Orb\n|\n|upkeep\n|turn|18\n|inactive|Time left: 300 sec this turn | 300 sec total\n|\n|t:|1783541628\n|switch|p1a: Tauros|Tauros-Paldea-Combat, L82, M|139/257\n|-ability|p1a: Tauros|Intimidate|boost\n|-unboost|p2a: Grafaiai|atk|1\n|move|p2a: Grafaiai|Gunk Shot|p1a: Tauros\n|-damage|p1a: Tauros|63/257\n|\n|upkeep\n|turn|19\n|inactive|Time left: 300 sec this turn | 300 sec total\n|\n|t:|1783541629\n|move|p2a: Grafaiai|Gunk Shot|p1a: Tauros\n|-damage|p1a: Tauros|0 fnt\n|faint|p1a: Tauros\n|\n|upkeep\n|inactive|Time left: 300 sec this turn | 300 sec total | 5 sec grace\n|\n|t:|1783541630\n|switch|p1a: Oricorio|Oricorio-Pa'u, L87, M|272/272\n|turn|20\n|inactive|Time left: 300 sec this turn | 300 sec total\n|\n|t:|1783541631\n|move|p2a: Grafaiai|Knock Off|p1a: Oricorio\n|-supereffective|p1a: Oricorio\n|-damage|p1a: Oricorio|164/272\n|-enditem|p1a: Oricorio|Heavy-Duty Boots|[from] move: Knock Off|[of] p2a: Grafaiai\n|move|p1a: Oricorio|Quiver Dance|p1a: Oricorio\n|-boost|p1a: Oricorio|spa|1\n|-boost|p1a: Oricorio|spd|1\n|-boost|p1a: Oricorio|spe|1\n|\n|upkeep\n|turn|21\n|inactive|Time left: 300 sec this turn | 300 sec total\n|\n|t:|1783541632\n|switch|p2a: Electrode|Electrode-Hisui, L87|100/100\n|move|p1a: Oricorio|Revelation Dance|p2a: Electrode\n|-damage|p2a: Electrode|41/100\n|\n|-heal|p2a: Electrode|47/100|[from] item: Leftovers\n|upkeep\n|turn|22\n|inactive|Time left: 300 sec this turn | 300 sec total\n|\n|t:|1783541633\n|switch|p2a: Grafaiai|Grafaiai, L86, M|73/100\n|move|p1a: Oricorio|Revelation Dance|p2a: Grafaiai\n|-supereffective|p2a: Grafaiai\n|-damage|p2a: Grafaiai|0 fnt\n|faint|p2a: Grafaiai\n|\n|upkeep\n|\n|t:|1783541633\n|switch|p2a: Electrode|Electrode-Hisui, L87|47/100\n|turn|23\n|inactive|Time left: 300 sec this turn | 300 sec total\n|\n|t:|1783541634\n|move|p1a: Oricorio|Revelation Dance|p2a: Electrode\n|-damage|p2a: Electrode|0 fnt\n|faint|p2a: Electrode\n|\n|win|p0x174d14a", "uploadtime": 1783541634, "views": 0, "rating": 0, "private": 0, "password": null, "_winner": "p0x174d14a", "_our_name": "p0x174d14a"}