{"id": "battle-gen9randombattle-2992", "formatid": "gen9randombattle", "format": "[Gen 9] Random Battle", "players": ["p0x2992d377", "p0y29929410"], "log": "|init|battle\n|title|p0x2992d377 vs. p0y29929410\n|j|\u2606p0x2992d377\n|j|\u2606p0y29929410\n|t:|1783573442\n|gametype|singles\n|player|p1|p0x2992d377|266|\n|player|p2|p0y29929410|170|\n|gen|9\n|tier|[Gen 9] Random Battle\n|rule|Species Clause: Limit one of each Pok\u00e9mon\n|rule|HP Percentage Mod: HP is shown in percentages\n|rule|Sleep Clause Mod: Limit one foe put to sleep\n|rule|Illusion Level Mod: Illusion disguises the Pok\u00e9mon's true level\n|\n|t:|1783573442\n|teamsize|p1|6\n|teamsize|p2|6\n|start\n|switch|p1a: Farigiraf|Farigiraf, L90, M|100/100\n|switch|p2a: Zangoose|Zangoose, L85, F|263/263\n|turn|1\n|inactive|Battle timer is ON: inactive players will automatically lose when time's up. (requested by p0x2992d377)\n|inactive|Time left: 300 sec this turn | 300 sec total | 60 sec grace\n|\n|t:|1783573443\n|move|p2a: Zangoose|Swords Dance|p2a: Zangoose\n|-boost|p2a: Zangoose|atk|2\n|move|p1a: Farigiraf|Body Slam|p2a: Zangoose\n|-damage|p2a: Zangoose|143/263\n|-status|p2a: Zangoose|par\n|\n|upkeep\n|turn|2\n|inactive|Time left: 300 sec this turn | 300 sec total\n|inactive|p0y29929410 also wants the timer to be on.\n|\n|t:|1783573444\n|switch|p1a: Houndstone|Houndstone, L86, F|100/100\n|move|p2a: Zangoose|Facade|p1a: Houndstone\n|-immune|p1a: Houndstone\n|\n|upkeep\n|turn|3\n|inactive|Time left: 300 sec this turn | 300 sec total\n|\n|t:|1783573446\n|switch|p2a: Abomasnow|Abomasnow, L84, F|287/287\n|-weather|Snowscape|[from] ability: Snow Warning|[of] p2a: Abomasnow\n|move|p1a: Houndstone|Body Press|p2a: Abomasnow\n|-supereffective|p2a: Abomasnow\n|-damage|p2a: Abomasnow|201/287\n|\n|-weather|Snowscape|[upkeep]\n|upkeep\n|turn|4\n|inactive|Time left: 300 sec this turn | 300 sec total\n|\n|t:|1783573447\n|move|p1a: Houndstone|Poltergeist|p2a: Abomasnow\n|-activate|p2a: Abomasnow|move: Poltergeist|Light Clay\n|-damage|p2a: Abomasnow|113/287\n|move|p2a: Abomasnow|Aurora Veil|p2a: Abomasnow\n|-sidestart|p2: p0y29929410|move: Aurora Veil\n|\n|-weather|Snowscape|[upkeep]\n|upkeep\n|turn|5\n|inactive|Time left: 300 sec this turn | 300 sec total\n|\n|t:|1783573448\n|move|p1a: Houndstone|Poltergeist|p2a: Abomasnow\n|-activate|p2a: Abomasnow|move: Poltergeist|Light Clay\n|-crit|p2a: Abomasnow\n|-damage|p2a: Abomasnow|0 fnt\n|faint|p2a: Abomasnow\n|\n|-weather|Snowscape|[upkeep]\n|upkeep\n|inactive|Time left: 300 sec this turn | 300 sec total | 5 sec grace\n|\n|t:|1783573449\n|switch|p2a: Rampardos|Rampardos, L90, F|321/321\n|turn|6\n|inactive|Time left: 300 sec this turn | 300 sec total\n|\n|t:|1783573450\n|move|p1a: Houndstone|Body Press|p2a: Rampardos\n|-supereffective|p2a: Rampardos\n|-damage|p2a: Rampardos|245/321\n|move|p2a: Rampardos|Rock Slide|p1a: Houndstone\n|-damage|p1a: Houndstone|25/100\n|\n|-weather|Snowscape|[upkeep]\n|-heal|p1a: Houndstone|31/100|[from] item: Leftovers\n|upkeep\n|turn|7\n|inactive|Time left: 300 sec this turn | 300 sec total\n|\n|t:|1783573451\n|move|p1a: Houndstone|Rest|p1a: Houndstone\n|-status|p1a: Houndstone|slp|[from] move: Rest\n|-heal|p1a: Houndstone|100/100 slp|[silent]\n|move|p2a: Rampardos|Rock Slide|p1a: Houndstone\n|-damage|p1a: Houndstone|15/100 slp\n|\n|-weather|none\n|-heal|p1a: Houndstone|21/100 slp|[from] item: Leftovers\n|upkeep\n|turn|8\n|inactive|Time left: 300 sec this turn | 300 sec total\n|\n|t:|1783573451\n|cant|p1a: Houndstone|slp\n|move|p1a: Houndstone|Sleep Talk|p1a: Houndstone\n|move|p1a: Houndstone|Body Press|p2a: Rampardos|[from] move: Sleep Talk\n|-supereffective|p2a: Rampardos\n|-damage|p2a: Rampardos|168/321\n|move|p2a: Rampardos|Rock Slide|p1a: Houndstone\n|-damage|p1a: Houndstone|0 fnt\n|faint|p1a: Houndstone\n|\n|upkeep\n|\n|t:|1783573452\n|switch|p1a: Oinkologne|Oinkologne-F, L92, F|100/100\n|turn|9\n|inactive|Time left: 300 sec this turn | 300 sec total\n|\n|t:|1783573453\n|move|p1a: Oinkologne|Curse|p1a: Oinkologne\n|-unboost|p1a: Oinkologne|spe|1\n|-boost|p1a: Oinkologne|atk|1\n|-boost|p1a: Oinkologne|def|1\n|move|p2a: Rampardos|Rock Slide|p1a: Oinkologne|[miss]\n|-miss|p2a: Rampardos|p1a: Oinkologne\n|\n|upkeep\n|turn|10\n|inactive|Time left: 300 sec this turn | 300 sec total\n|\n|t:|1783573454\n|move|p2a: Rampardos|Rock Slide|p1a: Oinkologne\n|-damage|p1a: Oinkologne|50/100\n|move|p1a: Oinkologne|High Horsepower|p2a: Rampardos\n|-supereffective|p2a: Rampardos\n|-crit|p2a: Rampardos\n|-damage|p2a: Rampardos|0 fnt\n|faint|p2a: Rampardos\n|\n|-heal|p1a: Oinkologne|56/100|[from] item: Leftovers\n|upkeep\n|inactive|Time left: 300 sec this turn | 300 sec total | 5 sec grace\n|\n|t:|1783573455\n|switch|p2a: Metagross|Metagross, L79|256/256\n|turn|11\n|inactive|Time left: 300 sec this turn | 300 sec total\n|\n|t:|1783573456\n|move|p2a: Metagross|Heavy Slam|p1a: Oinkologne\n|-damage|p1a: Oinkologne|21/100\n|move|p1a: Oinkologne|Curse|p1a: Oinkologne\n|-unboost|p1a: Oinkologne|spe|1\n|-boost|p1a: Oinkologne|atk|1\n|-boost|p1a: Oinkologne|def|1\n|\n|-heal|p1a: Oinkologne|27/100|[from] item: Leftovers\n|-sideend|p2: p0y29929410|move: Aurora Veil\n|upkeep\n|turn|12\n|inactive|Time left: 300 sec this turn | 300 sec total\n|\n|t:|1783573456\n|move|p2a: Metagross|Heavy Slam|p1a: Oinkologne\n|-damage|p1a: Oinkologne|0 fnt\n|faint|p1a: Oinkologne\n|\n|upkeep\n|\n|t:|1783573457\n|switch|p1a: Yanmega|Yanmega, L82, M|100/100\n|turn|13\n|inactive|Time left: 300 sec this turn | 300 sec total\n|\n|t:|1783573458\n|move|p1a: Yanmega|Bug Buzz|p2a: Metagross\n|-damage|p2a: Metagross|103/256\n|move|p2a: Metagross|Heavy Slam|p1a: Yanmega\n|-damage|p1a: Yanmega|16/100\n|\n|upkeep\n|turn|14\n|inactive|Time left: 300 sec this turn | 300 sec total\n|\n|t:|1783573460\n|move|p1a: Yanmega|Bug Buzz|p2a: Metagross\n|-damage|p2a: Metagross|0 fnt\n|faint|p2a: Metagross\n|\n|upkeep\n|inactive|Time left: 300 sec this turn | 300 sec total | 5 sec grace\n|\n|t:|1783573461\n|switch|p2a: Tatsugiri|Tatsugiri, L87, M|260/260\n|turn|15\n|inactive|Time left: 300 sec this turn | 300 sec total\n|\n|t:|1783573462\n|move|p1a: Yanmega|Bug Buzz|p2a: Tatsugiri\n|-damage|p2a: Tatsugiri|124/260\n|move|p2a: Tatsugiri|Surf|p1a: Yanmega\n|-damage|p1a: Yanmega|0 fnt\n|faint|p1a: Yanmega\n|\n|upkeep\n|\n|t:|1783573463\n|switch|p1a: Latias|Latias, L79, F|100/100\n|turn|16\n|inactive|Time left: 300 sec this turn | 300 sec total\n|\n|t:|1783573464\n|-terastallize|p2a: Tatsugiri|Steel\n|move|p1a: Latias|Calm Mind|p1a: Latias\n|-boost|p1a: Latias|spa|1\n|-boost|p1a: Latias|spd|1\n|move|p2a: Tatsugiri|Nasty Plot|p2a: Tatsugiri\n|-boost|p2a: Tatsugiri|spa|2\n|\n|upkeep\n|turn|17\n|inactive|Time left: 300 sec this turn | 300 sec total\n|\n|t:|1783573465\n|-terastallize|p1a: Latias|Steel\n|move|p1a: Latias|Calm Mind|p1a: Latias\n|-boost|p1a: Latias|spa|1\n|-boost|p1a: Latias|spd|1\n|move|p2a: Tatsugiri|Draco Meteor|p1a: Latias\n|-resisted|p1a: Latias\n|-damage|p1a: Latias|73/100\n|-unboost|p2a: Tatsugiri|spa|2\n|\n|upkeep\n|turn|18\n|inactive|Time left: 300 sec this turn | 300 sec total\n|\n|t:|1783573466\n|move|p1a: Latias|Psyshock|p2a: Tatsugiri\n|-resisted|p2a: Tatsugiri\n|-damage|p2a: Tatsugiri|0 fnt\n|faint|p2a: Tatsugiri\n|\n|upkeep\n|inactive|Time left: 300 sec this turn | 300 sec total | 5 sec grace\n|\n|t:|1783573467\n|switch|p2a: Haxorus|Haxorus, L77, F|244/244\n|-ability|p2a: Haxorus|Mold Breaker\n|turn|19\n|inactive|Time left: 300 sec this turn | 300 sec total\n|\n|t:|1783573468\n|move|p1a: Latias|Draco Meteor|p2a: Haxorus|[miss]\n|-miss|p1a: Latias|p2a: Haxorus\n|move|p2a: Haxorus|Close Combat|p1a: Latias\n|-supereffective|p1a: Latias\n|-damage|p1a: Latias|0 fnt\n|-unboost|p2a: Haxorus|def|1\n|-unboost|p2a: Haxorus|spd|1\n|faint|p1a: Latias\n|\n|upkeep\n|\n|t:|1783573469\n|switch|p1a: Farigiraf|Farigiraf, L90, M|100/100\n|turn|20\n|inactive|Time left: 300 sec this turn | 300 sec total\n|\n|t:|1783573470\n|switch|p2a: Zangoose|Zangoose, L85, F|143/263 par\n|move|p1a: Farigiraf|Psychic Noise|p2a: Zangoose\n|-damage|p2a: Zangoose|22/263 par\n|-start|p2a: Zangoose|move: Heal Block\n|\n|upkeep\n|turn|21\n|inactive|Time left: 300 sec this turn | 300 sec total\n|\n|t:|1783573471\n|cant|p2a: Zangoose|par\n|move|p1a: Farigiraf|Psychic Noise|p2a: Zangoose\n|-damage|p2a: Zangoose|0 fnt\n|faint|p2a: Zangoose\n|\n|upkeep\n|inactive|Time left: 300 sec this turn | 300 sec total | 5 sec grace\n|\n|t:|1783573472\n|switch|p2a: Haxorus|Haxorus, L77, F|244/244\n|-ability|p2a: Haxorus|Mold Breaker\n|turn|22\n|inactive|Time left: 300 sec this turn | 300 sec total\n|\n|t:|1783573473\n|move|p2a: Haxorus|Iron Head|p1a: Farigiraf\n|-damage|p1a: Farigiraf|81/100\n|move|p1a: Farigiraf|Psychic Noise|p2a: Haxorus\n|-damage|p2a: Haxorus|108/244\n|-start|p2a: Haxorus|move: Heal Block\n|\n|-heal|p1a: Farigiraf|88/100|[from] item: Leftovers\n|upkeep\n|turn|23\n|inactive|Time left: 300 sec this turn | 300 sec total\n|\n|t:|1783573474\n|move|p2a: Haxorus|Iron Head|p1a: Farigiraf\n|-damage|p1a: Farigiraf|69/100\n|move|p1a: Farigiraf|Psychic Noise|p2a: Haxorus\n|-damage|p2a: Haxorus|0 fnt\n|faint|p2a: Haxorus\n|\n|win|p0x2992d377", "uploadtime": 1783573474, "views": 0, "rating": 0, "private": 0, "password": null, "_winner": "p0x2992d377", "_our_name": "p0y29929410"}