{"id": "battle-gen9randombattle-541", "formatid": "gen9randombattle", "format": "[Gen 9] Random Battle", "players": ["p0x541c907", "p0y541487a"], "log": "|init|battle\n|title|p0x541c907 vs. p0y541487a\n|j|\u2606p0x541c907\n|j|\u2606p0y541487a\n|t:|1783546068\n|gametype|singles\n|player|p1|p0x541c907|265|\n|player|p2|p0y541487a|169|\n|gen|9\n|tier|[Gen 9] Random Battle\n|rule|Species Clause: Limit one of each Pok\u00e9mon\n|rule|HP Percentage Mod: HP is shown in percentages\n|rule|Sleep Clause Mod: Limit one foe put to sleep\n|rule|Illusion Level Mod: Illusion disguises the Pok\u00e9mon's true level\n|\n|t:|1783546068\n|teamsize|p1|6\n|teamsize|p2|6\n|start\n|switch|p1a: Chansey|Chansey, L85, F|100/100\n|switch|p2a: Toxtricity|Toxtricity, L82, M|257/257\n|turn|1\n|inactive|Battle timer is ON: inactive players will automatically lose when time's up. (requested by p0y541487a)\n|inactive|p0x541c907 also wants the timer to be on.\n|\n|t:|1783546070\n|move|p2a: Toxtricity|Shift Gear|p2a: Toxtricity\n|-boost|p2a: Toxtricity|spe|2\n|-boost|p2a: Toxtricity|atk|1\n|move|p1a: Chansey|Seismic Toss|p2a: Toxtricity\n|-damage|p2a: Toxtricity|172/257\n|\n|upkeep\n|turn|2\n|inactive|Time left: 300 sec this turn | 300 sec total\n|\n|t:|1783546071\n|switch|p1a: Mightyena|Mightyena, L96, M|100/100\n|-ability|p1a: Mightyena|Intimidate|boost\n|-unboost|p2a: Toxtricity|atk|1\n|move|p2a: Toxtricity|Gunk Shot|p1a: Mightyena\n|-damage|p1a: Mightyena|60/100\n|-status|p1a: Mightyena|psn\n|\n|-damage|p1a: Mightyena|47/100 psn|[from] psn\n|upkeep\n|turn|3\n|inactive|Time left: 300 sec this turn | 300 sec total\n|\n|t:|1783546072\n|move|p2a: Toxtricity|Boomburst|p1a: Mightyena\n|-damage|p1a: Mightyena|11/100 psn\n|-enditem|p2a: Toxtricity|Throat Spray\n|-boost|p2a: Toxtricity|spa|1|[from] item: Throat Spray\n|move|p1a: Mightyena|Throat Chop|p2a: Toxtricity\n|-damage|p2a: Toxtricity|55/257\n|-start|p2a: Toxtricity|Throat Chop|[silent]\n|\n|-damage|p1a: Mightyena|0 fnt|[from] psn\n|faint|p1a: Mightyena\n|upkeep\n|\n|t:|1783546073\n|switch|p1a: Diancie|Diancie, L82|100/100\n|turn|4\n|inactive|Time left: 300 sec this turn | 300 sec total\n|\n|t:|1783546074\n|move|p2a: Toxtricity|Gunk Shot|p1a: Diancie|[miss]\n|-miss|p2a: Toxtricity|p1a: Diancie\n|move|p1a: Diancie|Diamond Storm|p2a: Toxtricity\n|-damage|p2a: Toxtricity|0 fnt\n|-boost|p1a: Diancie|def|2\n|faint|p2a: Toxtricity\n|\n|upkeep\n|inactive|Time left: 300 sec this turn | 300 sec total | 5 sec grace\n|\n|t:|1783546075\n|switch|p2a: Clawitzer|Clawitzer, L87, F|265/265\n|turn|5\n|inactive|Time left: 300 sec this turn | 300 sec total\n|\n|t:|1783546076\n|-terastallize|p1a: Diancie|Fighting\n|move|p2a: Clawitzer|Water Pulse|p1a: Diancie\n|-damage|p1a: Diancie|40/100\n|-start|p1a: Diancie|confusion\n|-activate|p1a: Diancie|confusion\n|move|p1a: Diancie|Body Press|p2a: Clawitzer\n|-damage|p2a: Clawitzer|34/265\n|\n|-heal|p1a: Diancie|46/100|[from] item: Leftovers\n|upkeep\n|turn|6\n|inactive|Time left: 300 sec this turn | 300 sec total\n|\n|t:|1783546077\n|move|p2a: Clawitzer|Water Pulse|p1a: Diancie\n|-damage|p1a: Diancie|0 fnt\n|faint|p1a: Diancie\n|\n|upkeep\n|\n|t:|1783546078\n|switch|p1a: Electivire|Electivire, L84, F|100/100\n|turn|7\n|inactive|Time left: 300 sec this turn | 300 sec total\n|\n|t:|1783546079\n|switch|p2a: Krookodile|Krookodile, L79, F|280/280\n|-ability|p2a: Krookodile|Intimidate|boost\n|-unboost|p1a: Electivire|atk|1\n|move|p1a: Electivire|Earthquake|p2a: Krookodile\n|-damage|p2a: Krookodile|188/280\n|-damage|p1a: Electivire|91/100|[from] item: Life Orb\n|\n|upkeep\n|turn|8\n|inactive|Time left: 300 sec this turn | 300 sec total\n|\n|t:|1783546080\n|switch|p1a: Cacturne|Cacturne, L92, M|100/100\n|move|p2a: Krookodile|Earthquake|p1a: Cacturne\n|-resisted|p1a: Cacturne\n|-damage|p1a: Cacturne|69/100\n|-damage|p2a: Krookodile|160/280|[from] item: Life Orb\n|\n|upkeep\n|turn|9\n|inactive|Time left: 300 sec this turn | 300 sec total\n|\n|t:|1783546081\n|switch|p2a: Okidogi|Okidogi, L77, M|262/262\n|move|p1a: Cacturne|Leaf Storm|p2a: Okidogi\n|-resisted|p2a: Okidogi\n|-damage|p2a: Okidogi|128/262\n|-unboost|p1a: Cacturne|spa|2\n|-damage|p1a: Cacturne|59/100|[from] item: Life Orb\n|\n|-heal|p2a: Okidogi|144/262|[from] item: Leftovers\n|upkeep\n|turn|10\n|inactive|Time left: 300 sec this turn | 300 sec total\n|\n|t:|1783546083\n|switch|p1a: Iron Hands|Iron Hands, L79|100/100\n|move|p2a: Okidogi|Drain Punch|p1a: Iron Hands\n|-damage|p1a: Iron Hands|80/100\n|-heal|p2a: Okidogi|183/262|[from] drain|[of] p1a: Iron Hands\n|-status|p1a: Iron Hands|tox|[from] ability: Toxic Chain|[of] p2a: Okidogi\n|\n|-heal|p2a: Okidogi|199/262|[from] item: Leftovers\n|-damage|p1a: Iron Hands|73/100 tox|[from] psn\n|upkeep\n|turn|11\n|inactive|Time left: 300 sec this turn | 300 sec total\n|\n|t:|1783546084\n|move|p1a: Iron Hands|Fake Out|p2a: Okidogi\n|-damage|p2a: Okidogi|169/262\n|cant|p2a: Okidogi|flinch\n|\n|-heal|p2a: Okidogi|185/262|[from] item: Leftovers\n|-damage|p1a: Iron Hands|61/100 tox|[from] psn\n|upkeep\n|turn|12\n|inactive|Time left: 300 sec this turn | 300 sec total\n|\n|t:|1783546085\n|move|p2a: Okidogi|Bulk Up|p2a: Okidogi\n|-boost|p2a: Okidogi|atk|1\n|-boost|p2a: Okidogi|def|1\n|move|p1a: Iron Hands|Volt Switch|p2a: Okidogi\n|-damage|p2a: Okidogi|140/262\n|\n|t:|1783546086\n|-end|p1a: Iron Hands|Quark Drive|[silent]\n|switch|p1a: Electivire|Electivire, L84, F|91/100|[from] Volt Switch\n|\n|-heal|p2a: Okidogi|156/262|[from] item: Leftovers\n|upkeep\n|turn|13\n|inactive|Time left: 300 sec this turn | 300 sec total\n|\n|t:|1783546087\n|move|p1a: Electivire|Earthquake|p2a: Okidogi\n|-supereffective|p2a: Okidogi\n|-damage|p2a: Okidogi|21/262\n|-damage|p1a: Electivire|81/100|[from] item: Life Orb\n|move|p2a: Okidogi|Drain Punch|p1a: Electivire\n|-damage|p1a: Electivire|26/100\n|-heal|p2a: Okidogi|93/262|[from] drain|[of] p1a: Electivire\n|-status|p1a: Electivire|tox|[from] ability: Toxic Chain|[of] p2a: Okidogi\n|\n|-heal|p2a: Okidogi|109/262|[from] item: Leftovers\n|-damage|p1a: Electivire|20/100 tox|[from] psn\n|upkeep\n|turn|14\n|inactive|Time left: 300 sec this turn | 300 sec total\n|\n|t:|1783546088\n|-terastallize|p2a: Okidogi|Dark\n|move|p1a: Electivire|Earthquake|p2a: Okidogi\n|-damage|p2a: Okidogi|49/262\n|-damage|p1a: Electivire|10/100 tox|[from] item: Life Orb\n|move|p2a: Okidogi|Bulk Up|p2a: Okidogi\n|-boost|p2a: Okidogi|atk|1\n|-boost|p2a: Okidogi|def|1\n|\n|-heal|p2a: Okidogi|65/262|[from] item: Leftovers\n|-damage|p1a: Electivire|0 fnt|[from] psn\n|faint|p1a: Electivire\n|upkeep\n|\n|t:|1783546089\n|switch|p1a: Iron Hands|Iron Hands, L79|61/100 tox\n|turn|15\n|inactive|Time left: 300 sec this turn | 300 sec total\n|\n|t:|1783546089\n|move|p1a: Iron Hands|Fake Out|p2a: Okidogi\n|-damage|p2a: Okidogi|48/262\n|cant|p2a: Okidogi|flinch\n|\n|-heal|p2a: Okidogi|64/262|[from] item: Leftovers\n|-damage|p1a: Iron Hands|55/100 tox|[from] psn\n|upkeep\n|turn|16\n|inactive|Time left: 300 sec this turn | 300 sec total\n|\n|t:|1783546090\n|move|p2a: Okidogi|Drain Punch|p1a: Iron Hands\n|-damage|p1a: Iron Hands|12/100 tox\n|-heal|p2a: Okidogi|144/262|[from] drain|[of] p1a: Iron Hands\n|move|p1a: Iron Hands|Drain Punch|p2a: Okidogi\n|-supereffective|p2a: Okidogi\n|-damage|p2a: Okidogi|66/262\n|-heal|p1a: Iron Hands|22/100 tox|[from] drain|[of] p2a: Okidogi\n|\n|-heal|p2a: Okidogi|82/262|[from] item: Leftovers\n|-damage|p1a: Iron Hands|10/100 tox|[from] psn\n|upkeep\n|turn|17\n|inactive|Time left: 300 sec this turn | 300 sec total\n|\n|t:|1783546091\n|move|p2a: Okidogi|Drain Punch|p1a: Iron Hands\n|-damage|p1a: Iron Hands|0 fnt\n|-heal|p2a: Okidogi|100/262|[from] drain|[of] p1a: Iron Hands\n|faint|p1a: Iron Hands\n|-end|p1a: Iron Hands|Quark Drive|[silent]\n|\n|-heal|p2a: Okidogi|116/262|[from] item: Leftovers\n|upkeep\n|\n|t:|1783546092\n|switch|p1a: Cacturne|Cacturne, L92, M|59/100\n|turn|18\n|inactive|Time left: 300 sec this turn | 300 sec total\n|\n|t:|1783546093\n|move|p2a: Okidogi|Drain Punch|p1a: Cacturne\n|-supereffective|p1a: Cacturne\n|-damage|p1a: Cacturne|0 fnt\n|-heal|p2a: Okidogi|198/262|[from] drain|[of] p1a: Cacturne\n|faint|p1a: Cacturne\n|\n|-heal|p2a: Okidogi|214/262|[from] item: Leftovers\n|upkeep\n|\n|t:|1783546094\n|switch|p1a: Chansey|Chansey, L85, F|100/100\n|turn|19\n|inactive|Time left: 300 sec this turn | 300 sec total\n|\n|t:|1783546095\n|move|p2a: Okidogi|Drain Punch|p1a: Chansey\n|-supereffective|p1a: Chansey\n|-damage|p1a: Chansey|0 fnt\n|-heal|p2a: Okidogi|262/262|[from] drain|[of] p1a: Chansey\n|faint|p1a: Chansey\n|\n|win|p0y541487a", "uploadtime": 1783546095, "views": 0, "rating": 0, "private": 0, "password": null, "_winner": "p0y541487a", "_our_name": "p0y541487a"}