{"id": "battle-gen9randombattle-2166", "formatid": "gen9randombattle", "format": "[Gen 9] Random Battle", "players": ["p0x2166cedb", "p0y2166fca0"], "log": "|init|battle\n|title|p0x2166cedb vs. p0y2166fca0\n|j|\u2606p0x2166cedb\n|j|\u2606p0y2166fca0\n|t:|1783565090\n|gametype|singles\n|player|p1|p0x2166cedb|2|\n|player|p2|p0y2166fca0|170|\n|gen|9\n|tier|[Gen 9] Random Battle\n|rule|Species Clause: Limit one of each Pok\u00e9mon\n|rule|HP Percentage Mod: HP is shown in percentages\n|rule|Sleep Clause Mod: Limit one foe put to sleep\n|rule|Illusion Level Mod: Illusion disguises the Pok\u00e9mon's true level\n|\n|t:|1783565090\n|teamsize|p1|6\n|teamsize|p2|6\n|start\n|switch|p1a: Masquerain|Masquerain, L87, M|264/264\n|switch|p2a: Moltres|Moltres, L81|100/100\n|-ability|p1a: Masquerain|Intimidate|boost\n|-unboost|p2a: Moltres|atk|1\n|turn|1\n|inactive|Battle timer is ON: inactive players will automatically lose when time's up. (requested by p0x2166cedb)\n|inactive|p0y2166fca0 also wants the timer to be on.\n|\n|t:|1783565091\n|-terastallize|p1a: Masquerain|Water\n|move|p2a: Moltres|Fire Blast|p1a: Masquerain\n|-resisted|p1a: Masquerain\n|-damage|p1a: Masquerain|195/264\n|move|p1a: Masquerain|Sticky Web|p2a: Moltres\n|-sidestart|p2: p0y2166fca0|move: Sticky Web\n|\n|upkeep\n|turn|2\n|inactive|Time left: 300 sec this turn | 300 sec total\n|\n|t:|1783565093\n|switch|p2a: Koraidon|Koraidon, L64|100/100\n|-activate|p2a: Koraidon|move: Sticky Web\n|-unboost|p2a: Koraidon|spe|1\n|-weather|SunnyDay|[from] ability: Orichalcum Pulse|[of] p2a: Koraidon\n|-activate|p2a: Koraidon|Orichalcum Pulse|[source]\n|move|p1a: Masquerain|Hydro Pump|p2a: Koraidon|[miss]\n|-miss|p1a: Masquerain|p2a: Koraidon\n|\n|-weather|SunnyDay|[upkeep]\n|upkeep\n|turn|3\n|inactive|Time left: 300 sec this turn | 300 sec total\n|\n|t:|1783565094\n|move|p1a: Masquerain|Hurricane|p2a: Koraidon|[miss]\n|-miss|p1a: Masquerain|p2a: Koraidon\n|move|p2a: Koraidon|Outrage|p1a: Masquerain\n|-damage|p1a: Masquerain|0 fnt\n|faint|p1a: Masquerain\n|\n|-weather|SunnyDay|[upkeep]\n|upkeep\n|inactive|Time left: 300 sec this turn | 300 sec total | 5 sec grace\n|\n|t:|1783565095\n|switch|p1a: Lycanroc|Lycanroc-Midnight, L89, M|296/296\n|turn|4\n|inactive|Time left: 300 sec this turn | 300 sec total\n|\n|t:|1783565097\n|move|p1a: Lycanroc|Play Rough|p2a: Koraidon\n|-supereffective|p2a: Koraidon\n|-damage|p2a: Koraidon|0 fnt\n|faint|p2a: Koraidon\n|\n|-weather|SunnyDay|[upkeep]\n|upkeep\n|\n|t:|1783565098\n|switch|p2a: Coalossal|Coalossal, L89, F|100/100\n|turn|5\n|inactive|Time left: 300 sec this turn | 300 sec total\n|\n|t:|1783565099\n|switch|p1a: Whiscash|Whiscash, L88, F|337/337\n|move|p2a: Coalossal|Rapid Spin|p1a: Whiscash\n|-damage|p1a: Whiscash|300/337\n|-boost|p2a: Coalossal|spe|1\n|-sideend|p2: p0y2166fca0|Sticky Web|[from] move: Rapid Spin|[of] p2a: Coalossal\n|\n|-weather|SunnyDay|[upkeep]\n|-heal|p1a: Whiscash|321/337|[from] item: Leftovers\n|upkeep\n|turn|6\n|inactive|Time left: 300 sec this turn | 300 sec total\n|\n|t:|1783565100\n|move|p2a: Coalossal|Stealth Rock|p1a: Whiscash\n|-sidestart|p1: p0x2166cedb|move: Stealth Rock\n|move|p1a: Whiscash|Earthquake|p2a: Coalossal\n|-supereffective|p2a: Coalossal\n|-damage|p2a: Coalossal|9/100\n|\n|-weather|none\n|-heal|p1a: Whiscash|337/337|[from] item: Leftovers\n|upkeep\n|turn|7\n|inactive|Time left: 300 sec this turn | 300 sec total\n|\n|t:|1783565101\n|move|p2a: Coalossal|Stone Edge|p1a: Whiscash\n|-resisted|p1a: Whiscash\n|-damage|p1a: Whiscash|283/337\n|move|p1a: Whiscash|Hydro Pump|p2a: Coalossal\n|-supereffective|p2a: Coalossal\n|-damage|p2a: Coalossal|0 fnt\n|faint|p2a: Coalossal\n|\n|-heal|p1a: Whiscash|304/337|[from] item: Leftovers\n|upkeep\n|\n|t:|1783565102\n|switch|p2a: Moltres|Moltres, L81|100/100\n|turn|8\n|inactive|Time left: 300 sec this turn | 300 sec total\n|\n|t:|1783565103\n|move|p2a: Moltres|Fire Blast|p1a: Whiscash\n|-resisted|p1a: Whiscash\n|-damage|p1a: Whiscash|227/337\n|-status|p1a: Whiscash|brn\n|move|p1a: Whiscash|Hydro Pump|p2a: Moltres|[miss]\n|-miss|p1a: Whiscash|p2a: Moltres\n|\n|-heal|p1a: Whiscash|248/337 brn|[from] item: Leftovers\n|-damage|p1a: Whiscash|227/337 brn|[from] brn\n|upkeep\n|turn|9\n|inactive|Time left: 300 sec this turn | 300 sec total\n|\n|t:|1783565104\n|move|p2a: Moltres|Fire Blast|p1a: Whiscash|[miss]\n|-miss|p2a: Moltres|p1a: Whiscash\n|move|p1a: Whiscash|Hydro Pump|p2a: Moltres\n|-supereffective|p2a: Moltres\n|-damage|p2a: Moltres|18/100\n|\n|-heal|p1a: Whiscash|248/337 brn|[from] item: Leftovers\n|-damage|p1a: Whiscash|227/337 brn|[from] brn\n|upkeep\n|turn|10\n|inactive|Time left: 300 sec this turn | 300 sec total\n|\n|t:|1783565105\n|move|p2a: Moltres|Roost|p2a: Moltres\n|-heal|p2a: Moltres|68/100\n|-singleturn|p2a: Moltres|move: Roost\n|move|p1a: Whiscash|Hydro Pump|p2a: Moltres\n|-supereffective|p2a: Moltres\n|-damage|p2a: Moltres|0 fnt\n|faint|p2a: Moltres\n|\n|-heal|p1a: Whiscash|248/337 brn|[from] item: Leftovers\n|-damage|p1a: Whiscash|227/337 brn|[from] brn\n|upkeep\n|\n|t:|1783565106\n|switch|p2a: Iron Boulder|Iron Boulder, L77|100/100\n|turn|11\n|inactive|Time left: 300 sec this turn | 300 sec total\n|\n|t:|1783565107\n|move|p2a: Iron Boulder|Swords Dance|p2a: Iron Boulder\n|-boost|p2a: Iron Boulder|atk|2\n|move|p1a: Whiscash|Hydro Pump|p2a: Iron Boulder\n|-supereffective|p2a: Iron Boulder\n|-damage|p2a: Iron Boulder|23/100\n|\n|-heal|p1a: Whiscash|248/337 brn|[from] item: Leftovers\n|-damage|p1a: Whiscash|227/337 brn|[from] brn\n|upkeep\n|turn|12\n|inactive|Time left: 300 sec this turn | 300 sec total\n|\n|t:|1783565108\n|move|p2a: Iron Boulder|Zen Headbutt|p1a: Whiscash\n|-damage|p1a: Whiscash|0 fnt\n|faint|p1a: Whiscash\n|-damage|p2a: Iron Boulder|13/100|[from] item: Life Orb\n|\n|upkeep\n|inactive|Time left: 300 sec this turn | 300 sec total | 5 sec grace\n|\n|t:|1783565109\n|switch|p1a: Regidrago|Regidrago, L77|435/435\n|-damage|p1a: Regidrago|381/435|[from] Stealth Rock\n|turn|13\n|inactive|Time left: 300 sec this turn | 300 sec total\n|\n|t:|1783565110\n|switch|p1a: Oinkologne|Oinkologne, L92, M|352/352\n|-damage|p1a: Oinkologne|308/352|[from] Stealth Rock\n|move|p2a: Iron Boulder|Mighty Cleave|p1a: Oinkologne\n|-crit|p1a: Oinkologne\n|-damage|p1a: Oinkologne|0 fnt\n|faint|p1a: Oinkologne\n|-damage|p2a: Iron Boulder|3/100|[from] item: Life Orb\n|\n|upkeep\n|inactive|Time left: 300 sec this turn | 300 sec total | 5 sec grace\n|\n|t:|1783565111\n|switch|p1a: Regidrago|Regidrago, L77|381/435\n|-damage|p1a: Regidrago|327/435|[from] Stealth Rock\n|turn|14\n|inactive|Time left: 300 sec this turn | 300 sec total\n|\n|t:|1783565112\n|move|p2a: Iron Boulder|Close Combat|p1a: Regidrago\n|-damage|p1a: Regidrago|0 fnt\n|-unboost|p2a: Iron Boulder|def|1\n|-unboost|p2a: Iron Boulder|spd|1\n|faint|p1a: Regidrago\n|-damage|p2a: Iron Boulder|0 fnt|[from] item: Life Orb\n|faint|p2a: Iron Boulder\n|-end|p2a: Iron Boulder|Quark Drive|[silent]\n|\n|upkeep\n|inactive|Time left: 300 sec this turn | 300 sec total | 5 sec grace\n|\n|t:|1783565113\n|switch|p2a: Walking Wake|Walking Wake, L79|100/100\n|switch|p1a: Feraligatr|Feraligatr, L79, M|264/264\n|-damage|p1a: Feraligatr|231/264|[from] Stealth Rock\n|turn|15\n|inactive|Time left: 300 sec this turn | 300 sec total\n|\n|t:|1783565114\n|move|p2a: Walking Wake|Flamethrower|p1a: Feraligatr\n|-resisted|p1a: Feraligatr\n|-damage|p1a: Feraligatr|179/264\n|-damage|p2a: Walking Wake|91/100|[from] item: Life Orb\n|move|p1a: Feraligatr|Dragon Dance|p1a: Feraligatr\n|-boost|p1a: Feraligatr|atk|1\n|-boost|p1a: Feraligatr|spe|1\n|\n|upkeep\n|turn|16\n|inactive|Time left: 300 sec this turn | 300 sec total\n|\n|t:|1783565115\n|move|p1a: Feraligatr|Ice Punch|p2a: Walking Wake\n|-damage|p2a: Walking Wake|45/100\n|move|p2a: Walking Wake|Hydro Steam|p1a: Feraligatr\n|-resisted|p1a: Feraligatr\n|-damage|p1a: Feraligatr|118/264\n|-damage|p2a: Walking Wake|35/100|[from] item: Life Orb\n|\n|upkeep\n|turn|17\n|inactive|Time left: 300 sec this turn | 300 sec total\n|\n|t:|1783565117\n|-terastallize|p2a: Walking Wake|Fire\n|move|p1a: Feraligatr|Liquidation|p2a: Walking Wake\n|-supereffective|p2a: Walking Wake\n|-damage|p2a: Walking Wake|0 fnt\n|faint|p2a: Walking Wake\n|-end|p2a: Walking Wake|Protosynthesis|[silent]\n|\n|upkeep\n|\n|t:|1783565117\n|switch|p2a: Blissey|Blissey, L85, F|100/100\n|turn|18\n|inactive|Time left: 300 sec this turn | 300 sec total\n|\n|t:|1783565118\n|move|p1a: Feraligatr|Liquidation|p2a: Blissey\n|-crit|p2a: Blissey\n|-damage|p2a: Blissey|0 fnt\n|faint|p2a: Blissey\n|\n|win|p0x2166cedb", "uploadtime": 1783565118, "views": 0, "rating": 0, "private": 0, "password": null, "_winner": "p0x2166cedb", "_our_name": "p0x2166cedb"}