{"id": "battle-gen9randombattle-527", "formatid": "gen9randombattle", "format": "[Gen 9] Random Battle", "players": ["p0x527a267", "p0y527a673"], "log": "|init|battle\n|title|p0x527a267 vs. p0y527a673\n|j|\u2606p0x527a267\n|j|\u2606p0y527a673\n|t:|1783545905\n|gametype|singles\n|player|p1|p0x527a267|101|\n|player|p2|p0y527a673|101|\n|gen|9\n|tier|[Gen 9] Random Battle\n|rule|Species Clause: Limit one of each Pok\u00e9mon\n|rule|HP Percentage Mod: HP is shown in percentages\n|rule|Sleep Clause Mod: Limit one foe put to sleep\n|rule|Illusion Level Mod: Illusion disguises the Pok\u00e9mon's true level\n|\n|t:|1783545905\n|teamsize|p1|6\n|teamsize|p2|6\n|start\n|switch|p1a: Mismagius|Mismagius, L86, F|100/100\n|switch|p2a: Grimmsnarl|Grimmsnarl, L83, M|293/293\n|turn|1\n|inactive|Battle timer is ON: inactive players will automatically lose when time's up. (requested by p0y527a673)\n|inactive|p0x527a267 also wants the timer to be on.\n|\n|t:|1783545907\n|move|p1a: Mismagius|Mystical Fire|p2a: Grimmsnarl\n|-damage|p2a: Grimmsnarl|198/293\n|-unboost|p2a: Grimmsnarl|spa|1\n|move|p2a: Grimmsnarl|Spirit Break|p1a: Mismagius\n|-damage|p1a: Mismagius|54/100\n|-unboost|p1a: Mismagius|spa|1\n|\n|upkeep\n|turn|2\n|inactive|Time left: 300 sec this turn | 300 sec total\n|\n|t:|1783545908\n|move|p2a: Grimmsnarl|Light Screen|p2a: Grimmsnarl\n|-sidestart|p2: p0y527a673|move: Light Screen\n|move|p1a: Mismagius|Mystical Fire|p2a: Grimmsnarl\n|-damage|p2a: Grimmsnarl|162/293\n|-unboost|p2a: Grimmsnarl|spa|1\n|\n|upkeep\n|turn|3\n|inactive|Time left: 300 sec this turn | 300 sec total\n|\n|t:|1783545909\n|move|p1a: Mismagius|Mystical Fire|p2a: Grimmsnarl\n|-damage|p2a: Grimmsnarl|128/293\n|-unboost|p2a: Grimmsnarl|spa|1\n|move|p2a: Grimmsnarl|Spirit Break|p1a: Mismagius\n|-damage|p1a: Mismagius|5/100\n|-unboost|p1a: Mismagius|spa|1\n|\n|upkeep\n|turn|4\n|inactive|Time left: 300 sec this turn | 300 sec total\n|\n|t:|1783545911\n|switch|p1a: Qwilfish|Qwilfish-Hisui, L83, F|100/100\n|-ability|p1a: Qwilfish|Intimidate|boost\n|-unboost|p2a: Grimmsnarl|atk|1\n|move|p2a: Grimmsnarl|Reflect|p2a: Grimmsnarl\n|-sidestart|p2: p0y527a673|Reflect\n|\n|upkeep\n|turn|5\n|inactive|Time left: 300 sec this turn | 300 sec total\n|\n|t:|1783545912\n|switch|p2a: Meloetta|Meloetta, L82|298/298\n|move|p1a: Qwilfish|Toxic Spikes|p2a: Meloetta\n|-sidestart|p2: p0y527a673|move: Toxic Spikes\n|\n|upkeep\n|turn|6\n|inactive|Time left: 300 sec this turn | 300 sec total\n|\n|t:|1783545913\n|move|p2a: Meloetta|Hyper Voice|p1a: Qwilfish\n|-damage|p1a: Qwilfish|37/100\n|move|p1a: Qwilfish|Toxic Spikes|p2a: Meloetta\n|-sidestart|p2: p0y527a673|move: Toxic Spikes\n|\n|upkeep\n|turn|7\n|inactive|Time left: 300 sec this turn | 300 sec total\n|\n|t:|1783545914\n|switch|p1a: Mismagius|Mismagius, L86, F|5/100\n|move|p2a: Meloetta|Hyper Voice|p1a: Mismagius\n|-immune|p1a: Mismagius\n|\n|upkeep\n|turn|8\n|inactive|Time left: 300 sec this turn | 300 sec total\n|\n|t:|1783545915\n|move|p1a: Mismagius|Mystical Fire|p2a: Meloetta\n|-damage|p2a: Meloetta|263/298\n|-unboost|p2a: Meloetta|spa|1\n|move|p2a: Meloetta|Hyper Voice|p1a: Mismagius\n|-immune|p1a: Mismagius\n|\n|upkeep\n|turn|9\n|inactive|Time left: 300 sec this turn | 300 sec total\n|\n|t:|1783545916\n|move|p1a: Mismagius|Mystical Fire|p2a: Meloetta\n|-damage|p2a: Meloetta|229/298\n|-unboost|p2a: Meloetta|spa|1\n|move|p2a: Meloetta|Hyper Voice|p1a: Mismagius\n|-immune|p1a: Mismagius\n|\n|-sideend|p2: p0y527a673|move: Light Screen\n|upkeep\n|turn|10\n|inactive|Time left: 300 sec this turn | 300 sec total\n|\n|t:|1783545917\n|move|p1a: Mismagius|Mystical Fire|p2a: Meloetta\n|-damage|p2a: Meloetta|167/298\n|-unboost|p2a: Meloetta|spa|1\n|move|p2a: Meloetta|Hyper Voice|p1a: Mismagius\n|-immune|p1a: Mismagius\n|\n|upkeep\n|turn|11\n|inactive|Time left: 300 sec this turn | 300 sec total\n|\n|t:|1783545918\n|switch|p2a: Ninetales|Ninetales, L85, F|263/263\n|-weather|SunnyDay|[from] ability: Drought|[of] p2a: Ninetales\n|move|p1a: Mismagius|Mystical Fire|p2a: Ninetales\n|-resisted|p2a: Ninetales\n|-damage|p2a: Ninetales|204/263\n|-unboost|p2a: Ninetales|spa|1\n|\n|-weather|SunnyDay|[upkeep]\n|-sideend|p2: p0y527a673|Reflect\n|upkeep\n|turn|12\n|inactive|Time left: 300 sec this turn | 300 sec total\n|\n|t:|1783545919\n|move|p1a: Mismagius|Mystical Fire|p2a: Ninetales\n|-resisted|p2a: Ninetales\n|-damage|p2a: Ninetales|149/263\n|-unboost|p2a: Ninetales|spa|1\n|move|p2a: Ninetales|Fire Blast|p1a: Mismagius\n|-damage|p1a: Mismagius|0 fnt\n|faint|p1a: Mismagius\n|\n|-weather|SunnyDay|[upkeep]\n|upkeep\n|\n|t:|1783545920\n|switch|p1a: Camerupt|Camerupt, L91, F|100/100\n|turn|13\n|inactive|Time left: 300 sec this turn | 300 sec total\n|\n|t:|1783545922\n|move|p2a: Ninetales|Nasty Plot|p2a: Ninetales\n|-boost|p2a: Ninetales|spa|2\n|move|p1a: Camerupt|Earthquake|p2a: Ninetales\n|-supereffective|p2a: Ninetales\n|-damage|p2a: Ninetales|0 fnt\n|faint|p2a: Ninetales\n|\n|-weather|SunnyDay|[upkeep]\n|upkeep\n|inactive|Time left: 300 sec this turn | 300 sec total | 5 sec grace\n|\n|t:|1783545923\n|switch|p2a: Grimmsnarl|Grimmsnarl, L83, M|128/293\n|-status|p2a: Grimmsnarl|tox\n|turn|14\n|inactive|Time left: 300 sec this turn | 300 sec total\n|\n|t:|1783545924\n|switch|p1a: Qwilfish|Qwilfish-Hisui, L83, F|37/100\n|-ability|p1a: Qwilfish|Intimidate|boost\n|-unboost|p2a: Grimmsnarl|atk|1\n|move|p2a: Grimmsnarl|Reflect|p2a: Grimmsnarl\n|-sidestart|p2: p0y527a673|Reflect\n|\n|-weather|SunnyDay|[upkeep]\n|-damage|p2a: Grimmsnarl|110/293 tox|[from] psn\n|upkeep\n|turn|15\n|inactive|Time left: 300 sec this turn | 300 sec total\n|\n|t:|1783545925\n|move|p1a: Qwilfish|Gunk Shot|p2a: Grimmsnarl\n|-supereffective|p2a: Grimmsnarl\n|-damage|p2a: Grimmsnarl|0 fnt\n|faint|p2a: Grimmsnarl\n|\n|-weather|none\n|upkeep\n|inactive|Time left: 300 sec this turn | 300 sec total | 5 sec grace\n|\n|t:|1783545925\n|switch|p2a: Koraidon|Koraidon, L64|235/235\n|-status|p2a: Koraidon|tox\n|-weather|SunnyDay|[from] ability: Orichalcum Pulse|[of] p2a: Koraidon\n|-activate|p2a: Koraidon|Orichalcum Pulse|[source]\n|turn|16\n|inactive|Time left: 300 sec this turn | 300 sec total\n|\n|t:|1783545926\n|switch|p1a: Alcremie|Alcremie-Mint-Cream, L90, F|100/100\n|move|p2a: Koraidon|Swords Dance|p2a: Koraidon\n|-boost|p2a: Koraidon|atk|2\n|\n|-weather|SunnyDay|[upkeep]\n|-damage|p2a: Koraidon|221/235 tox|[from] psn\n|upkeep\n|turn|17\n|inactive|Time left: 300 sec this turn | 300 sec total\n|\n|t:|1783545927\n|move|p2a: Koraidon|Flare Blitz|p1a: Alcremie\n|-damage|p1a: Alcremie|5/100\n|-damage|p2a: Koraidon|138/235 tox|[from] Recoil\n|move|p1a: Alcremie|Psyshock|p2a: Koraidon\n|-supereffective|p2a: Koraidon\n|-damage|p2a: Koraidon|0 fnt\n|faint|p2a: Koraidon\n|\n|-weather|SunnyDay|[upkeep]\n|-heal|p1a: Alcremie|11/100|[from] item: Leftovers\n|upkeep\n|inactive|Time left: 300 sec this turn | 300 sec total | 5 sec grace\n|\n|t:|1783545928\n|switch|p2a: Meloetta|Meloetta, L82|167/298\n|-status|p2a: Meloetta|tox\n|turn|18\n|inactive|Time left: 300 sec this turn | 300 sec total\n|\n|t:|1783545928\n|move|p2a: Meloetta|Hyper Voice|p1a: Alcremie\n|-damage|p1a: Alcremie|0 fnt\n|faint|p1a: Alcremie\n|\n|-weather|SunnyDay|[upkeep]\n|-damage|p2a: Meloetta|149/298 tox|[from] psn\n|upkeep\n|\n|t:|1783545929\n|switch|p1a: Chimecho|Chimecho, L93, F|100/100\n|turn|19\n|inactive|Time left: 300 sec this turn | 300 sec total\n|\n|t:|1783545930\n|move|p2a: Meloetta|Hyper Voice|p1a: Chimecho\n|-damage|p1a: Chimecho|45/100\n|move|p1a: Chimecho|Cosmic Power|p1a: Chimecho\n|-boost|p1a: Chimecho|def|1\n|-boost|p1a: Chimecho|spd|1\n|\n|-weather|SunnyDay|[upkeep]\n|-heal|p1a: Chimecho|52/100|[from] item: Leftovers\n|-damage|p2a: Meloetta|113/298 tox|[from] psn\n|upkeep\n|turn|20\n|inactive|Time left: 300 sec this turn | 300 sec total\n|\n|t:|1783545931\n|move|p2a: Meloetta|Hyper Voice|p1a: Chimecho\n|-damage|p1a: Chimecho|14/100\n|move|p1a: Chimecho|Recover|p1a: Chimecho\n|-heal|p1a: Chimecho|64/100\n|\n|-weather|none\n|-heal|p1a: Chimecho|70/100|[from] item: Leftovers\n|-damage|p2a: Meloetta|59/298 tox|[from] psn\n|upkeep\n|turn|21\n|inactive|Time left: 300 sec this turn | 300 sec total\n|\n|t:|1783545931\n|move|p2a: Meloetta|Hyper Voice|p1a: Chimecho\n|-damage|p1a: Chimecho|36/100\n|move|p1a: Chimecho|Recover|p1a: Chimecho\n|-heal|p1a: Chimecho|86/100\n|\n|-heal|p1a: Chimecho|92/100|[from] item: Leftovers\n|-damage|p2a: Meloetta|0 fnt|[from] psn\n|faint|p2a: Meloetta\n|-sideend|p2: p0y527a673|Reflect\n|upkeep\n|inactive|Time left: 300 sec this turn | 300 sec total | 5 sec grace\n|\n|t:|1783545932\n|switch|p2a: Darkrai|Darkrai, L77|234/234\n|-status|p2a: Darkrai|tox\n|turn|22\n|inactive|Time left: 300 sec this turn | 300 sec total\n|\n|t:|1783545933\n|move|p2a: Darkrai|Nasty Plot|p2a: Darkrai\n|-boost|p2a: Darkrai|spa|2\n|move|p1a: Chimecho|Dazzling Gleam|p2a: Darkrai\n|-supereffective|p2a: Darkrai\n|-damage|p2a: Darkrai|82/234 tox\n|\n|-heal|p2a: Darkrai|96/234 tox|[from] item: Leftovers\n|-heal|p1a: Chimecho|98/100|[from] item: Leftovers\n|-damage|p2a: Darkrai|82/234 tox|[from] psn\n|upkeep\n|turn|23\n|inactive|Time left: 300 sec this turn | 300 sec total\n|\n|t:|1783545934\n|-terastallize|p1a: Chimecho|Steel\n|move|p2a: Darkrai|Dark Pulse|p1a: Chimecho\n|-damage|p1a: Chimecho|59/100\n|move|p1a: Chimecho|Dazzling Gleam|p2a: Darkrai\n|-supereffective|p2a: Darkrai\n|-damage|p2a: Darkrai|0 fnt\n|faint|p2a: Darkrai\n|\n|-heal|p1a: Chimecho|65/100|[from] item: Leftovers\n|upkeep\n|inactive|Time left: 300 sec this turn | 300 sec total | 5 sec grace\n|\n|t:|1783545935\n|switch|p2a: Ogerpon|Ogerpon, L80, F|259/259\n|-status|p2a: Ogerpon|tox\n|turn|24\n|inactive|Time left: 300 sec this turn | 300 sec total\n|\n|t:|1783545936\n|move|p2a: Ogerpon|Ivy Cudgel|p1a: Chimecho\n|-resisted|p1a: Chimecho\n|-damage|p1a: Chimecho|53/100\n|move|p1a: Chimecho|Stored Power|p2a: Ogerpon\n|-damage|p2a: Ogerpon|186/259 tox\n|\n|-heal|p2a: Ogerpon|202/259 tox|[from] item: Leftovers\n|-heal|p1a: Chimecho|59/100|[from] item: Leftovers\n|-damage|p2a: Ogerpon|186/259 tox|[from] psn\n|upkeep\n|turn|25\n|inactive|Time left: 300 sec this turn | 300 sec total\n|\n|t:|1783545937\n|move|p2a: Ogerpon|Synthesis|p2a: Ogerpon\n|-heal|p2a: Ogerpon|259/259 tox\n|move|p1a: Chimecho|Stored Power|p2a: Ogerpon\n|-damage|p2a: Ogerpon|181/259 tox\n|\n|-heal|p2a: Ogerpon|197/259 tox|[from] item: Leftovers\n|-heal|p1a: Chimecho|65/100|[from] item: Leftovers\n|-damage|p2a: Ogerpon|165/259 tox|[from] psn\n|upkeep\n|turn|26\n|inactive|Time left: 300 sec this turn | 300 sec total\n|\n|t:|1783545938\n|move|p2a: Ogerpon|Synthesis|p2a: Ogerpon\n|-heal|p2a: Ogerpon|259/259 tox\n|move|p1a: Chimecho|Stored Power|p2a: Ogerpon\n|-damage|p2a: Ogerpon|184/259 tox\n|\n|-heal|p2a: Ogerpon|200/259 tox|[from] item: Leftovers\n|-heal|p1a: Chimecho|71/100|[from] item: Leftovers\n|-damage|p2a: Ogerpon|152/259 tox|[from] psn\n|upkeep\n|turn|27\n|inactive|Time left: 300 sec this turn | 300 sec total\n|\n|t:|1783545939\n|move|p2a: Ogerpon|Synthesis|p2a: Ogerpon\n|-heal|p2a: Ogerpon|259/259 tox\n|move|p1a: Chimecho|Stored Power|p2a: Ogerpon\n|-damage|p2a: Ogerpon|177/259 tox\n|\n|-heal|p2a: Ogerpon|193/259 tox|[from] item: Leftovers\n|-heal|p1a: Chimecho|77/100|[from] item: Leftovers\n|-damage|p2a: Ogerpon|129/259 tox|[from] psn\n|upkeep\n|turn|28\n|inactive|Time left: 300 sec this turn | 300 sec total\n|\n|t:|1783545940\n|move|p2a: Ogerpon|Synthesis|p2a: Ogerpon\n|-heal|p2a: Ogerpon|258/259 tox\n|move|p1a: Chimecho|Stored Power|p2a: Ogerpon\n|-damage|p2a: Ogerpon|185/259 tox\n|\n|-heal|p2a: Ogerpon|201/259 tox|[from] item: Leftovers\n|-heal|p1a: Chimecho|84/100|[from] item: Leftovers\n|-damage|p2a: Ogerpon|121/259 tox|[from] psn\n|upkeep\n|turn|29\n|inactive|Time left: 300 sec this turn | 300 sec total\n|\n|t:|1783545941\n|move|p2a: Ogerpon|Synthesis|p2a: Ogerpon\n|-heal|p2a: Ogerpon|250/259 tox\n|move|p1a: Chimecho|Stored Power|p2a: Ogerpon\n|-damage|p2a: Ogerpon|178/259 tox\n|\n|-heal|p2a: Ogerpon|194/259 tox|[from] item: Leftovers\n|-heal|p1a: Chimecho|90/100|[from] item: Leftovers\n|-damage|p2a: Ogerpon|98/259 tox|[from] psn\n|upkeep\n|turn|30\n|inactive|Time left: 300 sec this turn | 300 sec total\n|\n|t:|1783545942\n|move|p2a: Ogerpon|Synthesis|p2a: Ogerpon\n|-heal|p2a: Ogerpon|227/259 tox\n|move|p1a: Chimecho|Stored Power|p2a: Ogerpon\n|-damage|p2a: Ogerpon|149/259 tox\n|\n|-heal|p2a: Ogerpon|165/259 tox|[from] item: Leftovers\n|-heal|p1a: Chimecho|96/100|[from] item: Leftovers\n|-damage|p2a: Ogerpon|53/259 tox|[from] psn\n|upkeep\n|turn|31\n|inactive|Time left: 300 sec this turn | 300 sec total\n|\n|t:|1783545944\n|switch|p1a: Raging Bolt|Raging Bolt, L78|100/100\n|-terastallize|p2a: Ogerpon|Grass\n|detailschange|p2a: Ogerpon|Ogerpon-Teal-Tera, L80, F, tera:Grass\n|-ability|p2a: Ogerpon|Embody Aspect (Teal)|boost\n|-boost|p2a: Ogerpon|spe|1\n|move|p2a: Ogerpon|Encore||[still]\n|-fail|p2a: Ogerpon\n|\n|-heal|p2a: Ogerpon|69/259 tox|[from] item: Leftovers\n|-damage|p2a: Ogerpon|0 fnt|[from] psn\n|faint|p2a: Ogerpon\n|detailschange|p2: Ogerpon|Ogerpon, L80, F|[silent]\n|\n|win|p0x527a267", "uploadtime": 1783545944, "views": 0, "rating": 0, "private": 0, "password": null, "_winner": "p0x527a267", "_our_name": "p0y527a673"}