{"id": "battle-gen9randombattle-2242", "formatid": "gen9randombattle", "format": "[Gen 9] Random Battle", "players": ["p0x2242b0bb", "p0y2242aaed"], "log": "|init|battle\n|title|p0x2242b0bb vs. p0y2242aaed\n|j|\u2606p0x2242b0bb\n|j|\u2606p0y2242aaed\n|t:|1783565076\n|gametype|singles\n|player|p1|p0x2242b0bb|169|\n|player|p2|p0y2242aaed|101|\n|gen|9\n|tier|[Gen 9] Random Battle\n|rule|Species Clause: Limit one of each Pok\u00e9mon\n|rule|HP Percentage Mod: HP is shown in percentages\n|rule|Sleep Clause Mod: Limit one foe put to sleep\n|rule|Illusion Level Mod: Illusion disguises the Pok\u00e9mon's true level\n|\n|t:|1783565076\n|teamsize|p1|6\n|teamsize|p2|6\n|start\n|switch|p1a: Tinkaton|Tinkaton, L82, F|274/274\n|switch|p2a: Braviary|Braviary-Hisui, L85, M|100/100\n|-ability|p1a: Tinkaton|Mold Breaker\n|turn|1\n|inactive|Battle timer is ON: inactive players will automatically lose when time's up. (requested by p0x2242b0bb)\n|inactive|p0y2242aaed also wants the timer to be on.\n|\n|t:|1783565077\n|move|p1a: Tinkaton|Gigaton Hammer|p2a: Braviary\n|-damage|p2a: Braviary|53/100\n|move|p2a: Braviary|Heat Wave|p1a: Tinkaton\n|-supereffective|p1a: Tinkaton\n|-damage|p1a: Tinkaton|27/274\n|\n|-heal|p1a: Tinkaton|44/274|[from] item: Leftovers\n|upkeep\n|turn|2\n|inactive|Time left: 300 sec this turn | 300 sec total\n|\n|t:|1783565077\n|move|p1a: Tinkaton|Knock Off|p2a: Braviary\n|-supereffective|p2a: Braviary\n|-damage|p2a: Braviary|14/100\n|-enditem|p2a: Braviary|Life Orb|[from] move: Knock Off|[of] p1a: Tinkaton\n|move|p2a: Braviary|Agility|p2a: Braviary\n|-boost|p2a: Braviary|spe|2\n|\n|-heal|p1a: Tinkaton|61/274|[from] item: Leftovers\n|upkeep\n|turn|3\n|inactive|Time left: 300 sec this turn | 300 sec total\n|\n|t:|1783565078\n|switch|p1a: Raging Bolt|Raging Bolt, L78|323/323\n|move|p2a: Braviary|Heat Wave|p1a: Raging Bolt\n|-resisted|p1a: Raging Bolt\n|-damage|p1a: Raging Bolt|273/323\n|\n|-heal|p1a: Raging Bolt|293/323|[from] item: Leftovers\n|upkeep\n|turn|4\n|inactive|Time left: 300 sec this turn | 300 sec total\n|\n|t:|1783565079\n|move|p2a: Braviary|Psychic|p1a: Raging Bolt\n|-damage|p1a: Raging Bolt|149/323\n|move|p1a: Raging Bolt|Thunderbolt|p2a: Braviary\n|-supereffective|p2a: Braviary\n|-damage|p2a: Braviary|0 fnt\n|faint|p2a: Braviary\n|\n|-heal|p1a: Raging Bolt|169/323|[from] item: Leftovers\n|upkeep\n|\n|t:|1783565080\n|switch|p2a: Lurantis|Lurantis, L87, F|100/100\n|turn|5\n|inactive|Time left: 300 sec this turn | 300 sec total\n|\n|t:|1783565081\n|move|p1a: Raging Bolt|Calm Mind|p1a: Raging Bolt\n|-boost|p1a: Raging Bolt|spa|1\n|-boost|p1a: Raging Bolt|spd|1\n|move|p2a: Lurantis|Superpower|p1a: Raging Bolt\n|-damage|p1a: Raging Bolt|75/323\n|-boost|p2a: Lurantis|atk|1\n|-boost|p2a: Lurantis|def|1\n|\n|-heal|p1a: Raging Bolt|95/323|[from] item: Leftovers\n|upkeep\n|turn|6\n|inactive|Time left: 300 sec this turn | 300 sec total\n|\n|t:|1783565082\n|move|p1a: Raging Bolt|Draco Meteor|p2a: Lurantis\n|-damage|p2a: Lurantis|43/100\n|-unboost|p1a: Raging Bolt|spa|2\n|move|p2a: Lurantis|Superpower|p1a: Raging Bolt\n|-damage|p1a: Raging Bolt|0 fnt\n|-boost|p2a: Lurantis|atk|1\n|-boost|p2a: Lurantis|def|1\n|faint|p1a: Raging Bolt\n|-end|p1a: Raging Bolt|Protosynthesis|[silent]\n|\n|upkeep\n|inactive|Time left: 300 sec this turn | 300 sec total | 5 sec grace\n|\n|t:|1783565083\n|switch|p1a: Scizor|Scizor, L79, M|240/240\n|turn|7\n|inactive|Time left: 300 sec this turn | 300 sec total\n|\n|t:|1783565084\n|-terastallize|p2a: Lurantis|Water\n|move|p1a: Scizor|U-turn|p2a: Lurantis\n|-damage|p2a: Lurantis|20/100\n|inactive|Time left: 300 sec this turn | 300 sec total | 5 sec grace\n|\n|t:|1783565085\n|switch|p1a: Tinkaton|Tinkaton, L82, F|61/274|[from] U-turn\n|-ability|p1a: Tinkaton|Mold Breaker\n|move|p2a: Lurantis|Leech Life|p1a: Tinkaton\n|-resisted|p1a: Tinkaton\n|-damage|p1a: Tinkaton|23/274\n|-heal|p2a: Lurantis|27/100|[from] drain|[of] p1a: Tinkaton\n|\n|-heal|p1a: Tinkaton|40/274|[from] item: Leftovers\n|upkeep\n|turn|8\n|inactive|Time left: 300 sec this turn | 300 sec total\n|\n|t:|1783565086\n|move|p1a: Tinkaton|Encore|p2a: Lurantis\n|-start|p2a: Lurantis|Encore\n|move|p2a: Lurantis|Leech Life|p1a: Tinkaton\n|-resisted|p1a: Tinkaton\n|-damage|p1a: Tinkaton|5/274\n|-heal|p2a: Lurantis|34/100|[from] drain|[of] p1a: Tinkaton\n|\n|-heal|p1a: Tinkaton|22/274|[from] item: Leftovers\n|upkeep\n|turn|9\n|inactive|Time left: 300 sec this turn | 300 sec total\n|\n|t:|1783565087\n|move|p1a: Tinkaton|Gigaton Hammer|p2a: Lurantis\n|-resisted|p2a: Lurantis\n|-damage|p2a: Lurantis|22/100\n|move|p2a: Lurantis|Leech Life|p1a: Tinkaton\n|-resisted|p1a: Tinkaton\n|-damage|p1a: Tinkaton|0 fnt\n|-heal|p2a: Lurantis|27/100|[from] drain|[of] p1a: Tinkaton\n|faint|p1a: Tinkaton\n|\n|upkeep\n|inactive|Time left: 300 sec this turn | 300 sec total | 5 sec grace\n|\n|t:|1783565088\n|switch|p1a: Terrakion|Terrakion, L79|273/273\n|turn|10\n|inactive|Time left: 300 sec this turn | 300 sec total\n|\n|t:|1783565089\n|switch|p2a: Donphan|Donphan, L84, F|100/100\n|move|p1a: Terrakion|Swords Dance|p1a: Terrakion\n|-boost|p1a: Terrakion|atk|2\n|\n|upkeep\n|turn|11\n|inactive|Time left: 300 sec this turn | 300 sec total\n|\n|t:|1783565090\n|-terastallize|p1a: Terrakion|Ground\n|move|p1a: Terrakion|Earthquake|p2a: Donphan\n|-damage|p2a: Donphan|23/100\n|-damage|p1a: Terrakion|246/273|[from] item: Life Orb\n|move|p2a: Donphan|Earthquake|p1a: Terrakion\n|-damage|p1a: Terrakion|125/273\n|\n|-heal|p2a: Donphan|29/100|[from] item: Leftovers\n|upkeep\n|turn|12\n|inactive|Time left: 300 sec this turn | 300 sec total\n|\n|t:|1783565091\n|move|p2a: Donphan|Ice Shard|p1a: Terrakion\n|-supereffective|p1a: Terrakion\n|-damage|p1a: Terrakion|49/273\n|move|p1a: Terrakion|Earthquake|p2a: Donphan\n|-damage|p2a: Donphan|0 fnt\n|faint|p2a: Donphan\n|-damage|p1a: Terrakion|22/273|[from] item: Life Orb\n|\n|upkeep\n|\n|t:|1783565092\n|switch|p2a: Regice|Regice, L88|100/100\n|turn|13\n|inactive|Time left: 300 sec this turn | 300 sec total\n|\n|t:|1783565093\n|move|p2a: Regice|Dark Pulse|p1a: Terrakion\n|-damage|p1a: Terrakion|0 fnt\n|faint|p1a: Terrakion\n|\n|upkeep\n|inactive|Time left: 300 sec this turn | 300 sec total | 5 sec grace\n|\n|t:|1783565094\n|switch|p1a: Scizor|Scizor, L79, M|240/240\n|turn|14\n|inactive|Time left: 300 sec this turn | 300 sec total\n|\n|t:|1783565095\n|move|p2a: Regice|Dark Pulse|p1a: Scizor\n|-damage|p1a: Scizor|57/240\n|move|p1a: Scizor|U-turn|p2a: Regice\n|-supereffective|p2a: Regice\n|-damage|p2a: Regice|0 fnt\n|replace|p2a: Zoroark|Zoroark, L83, M\n|-end|p2a: Zoroark|Illusion\n|-hint|Illusion Level Mod is active, so this Pok\u00e9mon's true level was hidden.\n|faint|p2a: Zoroark\n|inactive|Time left: 300 sec this turn | 300 sec total | 5 sec grace\n|\n|t:|1783565096\n|switch|p1a: Tatsugiri|Tatsugiri, L87, F|260/260|[from] U-turn\n|\n|upkeep\n|\n|t:|1783565097\n|switch|p2a: Lurantis|Lurantis, L87, F, tera:Water|27/100\n|turn|15\n|inactive|Time left: 300 sec this turn | 300 sec total\n|\n|t:|1783565098\n|move|p1a: Tatsugiri|Nasty Plot|p1a: Tatsugiri\n|-boost|p1a: Tatsugiri|spa|2\n|move|p2a: Lurantis|Leech Life|p1a: Tatsugiri\n|-damage|p1a: Tatsugiri|181/260\n|-heal|p2a: Lurantis|42/100|[from] drain|[of] p1a: Tatsugiri\n|\n|upkeep\n|turn|16\n|inactive|Time left: 300 sec this turn | 300 sec total\n|\n|t:|1783565099\n|move|p1a: Tatsugiri|Draco Meteor|p2a: Lurantis\n|-damage|p2a: Lurantis|0 fnt\n|-unboost|p1a: Tatsugiri|spa|2\n|faint|p2a: Lurantis\n|\n|upkeep\n|\n|t:|1783565100\n|switch|p2a: Magnezone|Magnezone, L85|100/100\n|turn|17\n|inactive|Time left: 300 sec this turn | 300 sec total\n|\n|t:|1783565101\n|move|p2a: Magnezone|Thunderbolt|p1a: Tatsugiri\n|-damage|p1a: Tatsugiri|64/260\n|move|p1a: Tatsugiri|Nasty Plot|p1a: Tatsugiri\n|-boost|p1a: Tatsugiri|spa|2\n|\n|upkeep\n|turn|18\n|inactive|Time left: 300 sec this turn | 300 sec total\n|\n|t:|1783565102\n|move|p2a: Magnezone|Thunderbolt|p1a: Tatsugiri\n|-damage|p1a: Tatsugiri|0 fnt\n|faint|p1a: Tatsugiri\n|\n|upkeep\n|inactive|Time left: 300 sec this turn | 300 sec total | 5 sec grace\n|\n|t:|1783565102\n|switch|p1a: Deoxys|Deoxys-Speed, L82|216/216\n|-ability|p1a: Deoxys|Pressure\n|turn|19\n|inactive|Time left: 300 sec this turn | 300 sec total\n|\n|t:|1783565103\n|move|p1a: Deoxys|Nasty Plot|p1a: Deoxys\n|-boost|p1a: Deoxys|spa|2\n|move|p2a: Magnezone|Thunderbolt|p1a: Deoxys\n|-damage|p1a: Deoxys|92/216\n|\n|upkeep\n|turn|20\n|inactive|Time left: 300 sec this turn | 300 sec total\n|\n|t:|1783565104\n|switch|p2a: Regice|Regice, L88|100/100\n|move|p1a: Deoxys|Focus Blast|p2a: Regice|[miss]\n|-miss|p1a: Deoxys|p2a: Regice\n|\n|upkeep\n|turn|21\n|inactive|Time left: 300 sec this turn | 300 sec total\n|\n|t:|1783565105\n|move|p1a: Deoxys|Dark Pulse|p2a: Regice\n|-damage|p2a: Regice|78/100\n|-damage|p1a: Deoxys|71/216|[from] item: Life Orb\n|move|p2a: Regice|Ice Beam|p1a: Deoxys\n|-damage|p1a: Deoxys|0 fnt\n|faint|p1a: Deoxys\n|\n|upkeep\n|inactive|Time left: 300 sec this turn | 300 sec total | 5 sec grace\n|\n|t:|1783565106\n|switch|p1a: Scizor|Scizor, L79, M|57/240\n|turn|22\n|inactive|Time left: 300 sec this turn | 300 sec total\n|\n|t:|1783565107\n|move|p1a: Scizor|Close Combat|p2a: Regice\n|-supereffective|p2a: Regice\n|-damage|p2a: Regice|0 fnt\n|-unboost|p1a: Scizor|def|1\n|-unboost|p1a: Scizor|spd|1\n|faint|p2a: Regice\n|\n|upkeep\n|\n|t:|1783565108\n|switch|p2a: Magnezone|Magnezone, L85|100/100\n|turn|23\n|inactive|Time left: 300 sec this turn | 300 sec total\n|\n|t:|1783565108\n|move|p2a: Magnezone|Flash Cannon|p1a: Scizor\n|-resisted|p1a: Scizor\n|-damage|p1a: Scizor|0 fnt\n|faint|p1a: Scizor\n|\n|win|p0y2242aaed", "uploadtime": 1783565108, "views": 0, "rating": 0, "private": 0, "password": null, "_winner": "p0y2242aaed", "_our_name": "p0x2242b0bb"}