{"id": "battle-gen9randombattle-2193", "formatid": "gen9randombattle", "format": "[Gen 9] Random Battle", "players": ["p0x2193ce7c", "p0y2193f4ae"], "log": "|init|battle\n|title|p0x2193ce7c vs. p0y2193f4ae\n|j|\u2606p0x2193ce7c\n|j|\u2606p0y2193f4ae\n|t:|1783565411\n|gametype|singles\n|player|p1|p0x2193ce7c|170|\n|player|p2|p0y2193f4ae|170|\n|gen|9\n|tier|[Gen 9] Random Battle\n|rule|Species Clause: Limit one of each Pok\u00e9mon\n|rule|HP Percentage Mod: HP is shown in percentages\n|rule|Sleep Clause Mod: Limit one foe put to sleep\n|rule|Illusion Level Mod: Illusion disguises the Pok\u00e9mon's true level\n|\n|t:|1783565411\n|teamsize|p1|6\n|teamsize|p2|6\n|start\n|switch|p1a: Registeel|Registeel, L81|262/262\n|switch|p2a: Great Tusk|Great Tusk, L77|100/100\n|turn|1\n|inactive|Battle timer is ON: inactive players will automatically lose when time's up. (requested by p0x2193ce7c)\n|inactive|p0y2193f4ae also wants the timer to be on.\n|\n|t:|1783565412\n|move|p2a: Great Tusk|Earthquake|p1a: Registeel\n|-supereffective|p1a: Registeel\n|-damage|p1a: Registeel|100/262\n|move|p1a: Registeel|Stealth Rock|p2a: Great Tusk\n|-sidestart|p2: p0y2193f4ae|move: Stealth Rock\n|\n|-heal|p1a: Registeel|116/262|[from] item: Leftovers\n|upkeep\n|turn|2\n|inactive|Time left: 300 sec this turn | 300 sec total\n|\n|t:|1783565414\n|switch|p1a: Houndstone|Houndstone, L86, F, shiny|264/264\n|move|p2a: Great Tusk|Rapid Spin|p1a: Houndstone\n|-immune|p1a: Houndstone\n|\n|upkeep\n|turn|3\n|inactive|Time left: 300 sec this turn | 300 sec total\n|\n|t:|1783565415\n|move|p2a: Great Tusk|Bulk Up|p2a: Great Tusk\n|-boost|p2a: Great Tusk|atk|1\n|-boost|p2a: Great Tusk|def|1\n|move|p1a: Houndstone|Poltergeist|p2a: Great Tusk\n|-activate|p2a: Great Tusk|move: Poltergeist|Leftovers\n|-damage|p2a: Great Tusk|78/100\n|\n|-heal|p2a: Great Tusk|84/100|[from] item: Leftovers\n|upkeep\n|turn|4\n|inactive|Time left: 300 sec this turn | 300 sec total\n|\n|t:|1783565416\n|move|p2a: Great Tusk|Earthquake|p1a: Houndstone\n|-damage|p1a: Houndstone|107/264\n|move|p1a: Houndstone|Poltergeist|p2a: Great Tusk\n|-activate|p2a: Great Tusk|move: Poltergeist|Leftovers\n|-damage|p2a: Great Tusk|60/100\n|\n|-heal|p2a: Great Tusk|67/100|[from] item: Leftovers\n|upkeep\n|turn|5\n|inactive|Time left: 300 sec this turn | 300 sec total\n|\n|t:|1783565417\n|move|p1a: Houndstone|Shadow Sneak|p2a: Great Tusk\n|-damage|p2a: Great Tusk|58/100\n|move|p2a: Great Tusk|Earthquake|p1a: Houndstone\n|-damage|p1a: Houndstone|0 fnt\n|faint|p1a: Houndstone\n|\n|-heal|p2a: Great Tusk|64/100|[from] item: Leftovers\n|upkeep\n|inactive|Time left: 300 sec this turn | 300 sec total | 5 sec grace\n|\n|t:|1783565418\n|switch|p1a: Hitmonlee|Hitmonlee, L85, M|223/223\n|turn|6\n|inactive|Time left: 300 sec this turn | 300 sec total\n|\n|t:|1783565419\n|-terastallize|p1a: Hitmonlee|Fighting\n|move|p1a: Hitmonlee|High Jump Kick|p2a: Great Tusk\n|-damage|p2a: Great Tusk|0 fnt\n|faint|p2a: Great Tusk\n|-end|p2a: Great Tusk|Protosynthesis|[silent]\n|\n|upkeep\n|\n|t:|1783565420\n|switch|p2a: Overqwil|Overqwil, L82, F|100/100\n|-damage|p2a: Overqwil|88/100|[from] Stealth Rock\n|-ability|p2a: Overqwil|Intimidate|boost\n|-unboost|p1a: Hitmonlee|atk|1\n|turn|7\n|inactive|Time left: 300 sec this turn | 300 sec total\n|\n|t:|1783565421\n|move|p2a: Overqwil|Aqua Jet|p1a: Hitmonlee\n|-damage|p1a: Hitmonlee|156/223\n|move|p1a: Hitmonlee|High Jump Kick|p2a: Overqwil\n|-damage|p2a: Overqwil|0 fnt\n|faint|p2a: Overqwil\n|\n|upkeep\n|\n|t:|1783565422\n|switch|p2a: Meganium|Meganium, L90, M|100/100\n|-damage|p2a: Meganium|88/100|[from] Stealth Rock\n|turn|8\n|inactive|Time left: 300 sec this turn | 300 sec total\n|\n|t:|1783565424\n|move|p1a: Hitmonlee|High Jump Kick|p2a: Meganium\n|-damage|p2a: Meganium|7/100\n|move|p2a: Meganium|Petal Blizzard|p1a: Hitmonlee\n|-damage|p1a: Hitmonlee|0 fnt\n|faint|p1a: Hitmonlee\n|\n|-heal|p2a: Meganium|14/100|[from] item: Leftovers\n|upkeep\n|inactive|Time left: 300 sec this turn | 300 sec total | 5 sec grace\n|\n|t:|1783565425\n|switch|p1a: Munkidori|Munkidori, L79, M|269/269\n|turn|9\n|inactive|Time left: 300 sec this turn | 300 sec total\n|\n|t:|1783565426\n|move|p1a: Munkidori|Psyshock|p2a: Meganium\n|-damage|p2a: Meganium|0 fnt\n|faint|p2a: Meganium\n|-damage|p1a: Munkidori|243/269|[from] item: Life Orb\n|\n|upkeep\n|\n|t:|1783565427\n|switch|p2a: Beartic|Beartic, L91, F|100/100\n|turn|10\n|inactive|Time left: 300 sec this turn | 300 sec total\n|\n|t:|1783565428\n|move|p1a: Munkidori|Focus Blast|p2a: Beartic\n|-supereffective|p2a: Beartic\n|-damage|p2a: Beartic|22/100\n|-damage|p1a: Munkidori|217/269|[from] item: Life Orb\n|move|p2a: Beartic|Earthquake|p1a: Munkidori\n|-supereffective|p1a: Munkidori\n|-damage|p1a: Munkidori|0 fnt\n|faint|p1a: Munkidori\n|\n|upkeep\n|inactive|Time left: 300 sec this turn | 300 sec total | 5 sec grace\n|\n|t:|1783565429\n|switch|p1a: Volcanion|Volcanion, L79|255/255\n|turn|11\n|inactive|Time left: 300 sec this turn | 300 sec total\n|\n|t:|1783565430\n|switch|p2a: Greedent|Greedent, L86, F|100/100\n|-damage|p2a: Greedent|88/100|[from] Stealth Rock\n|move|p1a: Volcanion|Steam Eruption|p2a: Greedent\n|-damage|p2a: Greedent|45/100\n|-enditem|p2a: Greedent|Sitrus Berry|[eat]\n|-heal|p2a: Greedent|69/100|[from] item: Sitrus Berry\n|-heal|p2a: Greedent|100/100|[from] ability: Cheek Pouch\n|\n|upkeep\n|turn|12\n|inactive|Time left: 300 sec this turn | 300 sec total\n|\n|t:|1783565432\n|move|p1a: Volcanion|Steam Eruption|p2a: Greedent\n|-damage|p2a: Greedent|58/100\n|move|p2a: Greedent|Swords Dance|p2a: Greedent\n|-boost|p2a: Greedent|atk|2\n|\n|upkeep\n|turn|13\n|inactive|Time left: 300 sec this turn | 300 sec total\n|\n|t:|1783565432\n|move|p1a: Volcanion|Steam Eruption|p2a: Greedent\n|-damage|p2a: Greedent|16/100\n|move|p2a: Greedent|Earthquake|p1a: Volcanion\n|-supereffective|p1a: Volcanion\n|-damage|p1a: Volcanion|29/255\n|\n|upkeep\n|turn|14\n|inactive|Time left: 300 sec this turn | 300 sec total\n|\n|t:|1783565434\n|move|p1a: Volcanion|Flamethrower|p2a: Greedent\n|-damage|p2a: Greedent|0 fnt\n|faint|p2a: Greedent\n|\n|upkeep\n|\n|t:|1783565435\n|switch|p2a: Flareon|Flareon, L90, F|100/100\n|-damage|p2a: Flareon|76/100|[from] Stealth Rock\n|turn|15\n|inactive|Time left: 300 sec this turn | 300 sec total\n|\n|t:|1783565436\n|switch|p1a: Registeel|Registeel, L81|116/262\n|move|p2a: Flareon|Flare Blitz|p1a: Registeel\n|-supereffective|p1a: Registeel\n|-damage|p1a: Registeel|0 fnt\n|faint|p1a: Registeel\n|-damage|p2a: Flareon|61/100|[from] Recoil\n|\n|-status|p2a: Flareon|tox|[from] item: Toxic Orb\n|upkeep\n|inactive|Time left: 300 sec this turn | 300 sec total | 5 sec grace\n|\n|t:|1783565436\n|switch|p1a: Whiscash|Whiscash, L88, M|337/337\n|turn|16\n|inactive|Time left: 300 sec this turn | 300 sec total\n|\n|t:|1783565437\n|-terastallize|p2a: Flareon|Normal\n|move|p2a: Flareon|Facade|p1a: Whiscash\n|-damage|p1a: Whiscash|0 fnt\n|faint|p1a: Whiscash\n|\n|-damage|p2a: Flareon|55/100 tox|[from] psn\n|upkeep\n|inactive|Time left: 300 sec this turn | 300 sec total | 5 sec grace\n|\n|t:|1783565438\n|switch|p1a: Volcanion|Volcanion, L79|29/255\n|turn|17\n|inactive|Time left: 300 sec this turn | 300 sec total\n|\n|t:|1783565439\n|move|p2a: Flareon|Flare Blitz|p1a: Volcanion\n|-resisted|p1a: Volcanion\n|-damage|p1a: Volcanion|0 fnt\n|faint|p1a: Volcanion\n|-damage|p2a: Flareon|51/100 tox|[from] Recoil\n|\n|win|p0y2193f4ae", "uploadtime": 1783565439, "views": 0, "rating": 0, "private": 0, "password": null, "_winner": "p0y2193f4ae", "_our_name": "p0x2193ce7c"}