{"id": "battle-gen9randombattle-1177", "formatid": "gen9randombattle", "format": "[Gen 9] Random Battle", "players": ["p0x11775af7", "p0y11775f74"], "log": "|init|battle\n|title|p0x11775af7 vs. p0y11775f74\n|j|\u2606p0x11775af7\n|j|\u2606p0y11775f74\n|t:|1783553628\n|gametype|singles\n|player|p1|p0x11775af7|265|\n|player|p2|p0y11775f74|101|\n|gen|9\n|tier|[Gen 9] Random Battle\n|rule|Species Clause: Limit one of each Pok\u00e9mon\n|rule|HP Percentage Mod: HP is shown in percentages\n|rule|Sleep Clause Mod: Limit one foe put to sleep\n|rule|Illusion Level Mod: Illusion disguises the Pok\u00e9mon's true level\n|\n|t:|1783553628\n|teamsize|p1|6\n|teamsize|p2|6\n|start\n|switch|p1a: Entei|Entei, L78|100/100\n|switch|p2a: Gurdurr|Gurdurr, L85, F|283/283\n|turn|1\n|inactive|Battle timer is ON: inactive players will automatically lose when time's up. (requested by p0x11775af7)\n|inactive|Time left: 300 sec this turn | 300 sec total | 60 sec grace\n|inactive|p0y11775f74 also wants the timer to be on.\n|\n|t:|1783553629\n|move|p1a: Entei|Flare Blitz|p2a: Gurdurr\n|-damage|p2a: Gurdurr|147/283\n|-status|p2a: Gurdurr|brn\n|-damage|p1a: Entei|86/100|[from] Recoil\n|move|p2a: Gurdurr|Drain Punch|p1a: Entei\n|-damage|p1a: Entei|37/100\n|-heal|p2a: Gurdurr|223/283 brn|[from] drain|[of] p1a: Entei\n|\n|-damage|p2a: Gurdurr|206/283 brn|[from] brn\n|upkeep\n|turn|2\n|inactive|Time left: 300 sec this turn | 300 sec total\n|\n|t:|1783553631\n|move|p1a: Entei|Flare Blitz|p2a: Gurdurr\n|-damage|p2a: Gurdurr|83/283 brn\n|-damage|p1a: Entei|23/100|[from] Recoil\n|move|p2a: Gurdurr|Drain Punch|p1a: Entei\n|-damage|p1a: Entei|0 fnt\n|-heal|p2a: Gurdurr|118/283 brn|[from] drain|[of] p1a: Entei\n|faint|p1a: Entei\n|\n|-damage|p2a: Gurdurr|101/283 brn|[from] brn\n|upkeep\n|\n|t:|1783553632\n|switch|p1a: Espeon|Espeon, L84, F|100/100\n|turn|3\n|inactive|Time left: 300 sec this turn | 300 sec total\n|\n|t:|1783553633\n|switch|p2a: Ambipom|Ambipom, L84, M|263/263\n|move|p1a: Espeon|Psychic|p2a: Ambipom\n|-damage|p2a: Ambipom|59/263\n|\n|upkeep\n|turn|4\n|inactive|Time left: 300 sec this turn | 300 sec total\n|\n|t:|1783553634\n|switch|p1a: Bisharp|Bisharp, L79, F|100/100\n|move|p2a: Ambipom|Triple Axel|p1a: Bisharp\n|-resisted|p1a: Bisharp\n|-damage|p1a: Bisharp|96/100\n|-resisted|p1a: Bisharp\n|-damage|p1a: Bisharp|86/100\n|-resisted|p1a: Bisharp\n|-damage|p1a: Bisharp|72/100\n|-hitcount|p1a: Bisharp|3\n|\n|upkeep\n|turn|5\n|inactive|Time left: 300 sec this turn | 300 sec total\n|\n|t:|1783553635\n|move|p2a: Ambipom|Triple Axel|p1a: Bisharp\n|-resisted|p1a: Bisharp\n|-damage|p1a: Bisharp|67/100\n|-resisted|p1a: Bisharp\n|-crit|p1a: Bisharp\n|-damage|p1a: Bisharp|54/100\n|-resisted|p1a: Bisharp\n|-damage|p1a: Bisharp|41/100\n|-hitcount|p1a: Bisharp|3\n|move|p1a: Bisharp|Stealth Rock|p2a: Ambipom\n|-sidestart|p2: p0y11775f74|move: Stealth Rock\n|\n|upkeep\n|turn|6\n|inactive|Time left: 300 sec this turn | 300 sec total\n|\n|t:|1783553636\n|switch|p2a: Pyroar|Pyroar, L88, F|295/295\n|-ability|p2a: Pyroar|Unnerve\n|move|p1a: Bisharp|Throat Chop|p2a: Pyroar\n|-damage|p2a: Pyroar|193/295\n|-start|p2a: Pyroar|Throat Chop|[silent]\n|\n|upkeep\n|turn|7\n|inactive|Time left: 300 sec this turn | 300 sec total\n|\n|t:|1783553638\n|move|p2a: Pyroar|Fire Blast|p1a: Bisharp\n|-supereffective|p1a: Bisharp\n|-damage|p1a: Bisharp|0 fnt\n|faint|p1a: Bisharp\n|\n|-end|p2a: Pyroar|Throat Chop|[silent]\n|upkeep\n|\n|t:|1783553639\n|switch|p1a: Espeon|Espeon, L84, F|100/100\n|turn|8\n|inactive|Time left: 300 sec this turn | 300 sec total\n|\n|t:|1783553640\n|switch|p2a: Brute Bonnet|Brute Bonnet, L80|309/309\n|-damage|p2a: Brute Bonnet|271/309|[from] Stealth Rock\n|move|p1a: Espeon|Psychic|p2a: Brute Bonnet\n|-immune|p2a: Brute Bonnet\n|\n|-heal|p2a: Brute Bonnet|290/309|[from] item: Leftovers\n|upkeep\n|turn|9\n|inactive|Time left: 300 sec this turn | 300 sec total\n|\n|t:|1783553641\n|switch|p1a: Phione|Phione, L91|100/100\n|move|p2a: Brute Bonnet|Crunch|p1a: Phione\n|-damage|p1a: Phione|68/100\n|-unboost|p1a: Phione|def|1\n|\n|-heal|p1a: Phione|75/100|[from] item: Leftovers\n|-heal|p2a: Brute Bonnet|309/309|[from] item: Leftovers\n|upkeep\n|turn|10\n|inactive|Time left: 300 sec this turn | 300 sec total\n|\n|t:|1783553642\n|move|p1a: Phione|Scald|p2a: Brute Bonnet\n|-resisted|p2a: Brute Bonnet\n|-damage|p2a: Brute Bonnet|267/309\n|move|p2a: Brute Bonnet|Crunch|p1a: Phione\n|-damage|p1a: Phione|24/100\n|\n|-heal|p1a: Phione|30/100|[from] item: Leftovers\n|-heal|p2a: Brute Bonnet|286/309|[from] item: Leftovers\n|upkeep\n|turn|11\n|inactive|Time left: 300 sec this turn | 300 sec total\n|\n|t:|1783553643\n|move|p1a: Phione|Rest|p1a: Phione\n|-status|p1a: Phione|slp|[from] move: Rest\n|-heal|p1a: Phione|100/100 slp|[silent]\n|move|p2a: Brute Bonnet|Crunch|p1a: Phione\n|-damage|p1a: Phione|53/100 slp\n|\n|-heal|p1a: Phione|59/100 slp|[from] item: Leftovers\n|-heal|p2a: Brute Bonnet|305/309|[from] item: Leftovers\n|upkeep\n|turn|12\n|inactive|Time left: 300 sec this turn | 300 sec total\n|\n|t:|1783553644\n|cant|p1a: Phione|slp\n|move|p1a: Phione|Sleep Talk|p1a: Phione\n|move|p1a: Phione|Scald|p2a: Brute Bonnet|[from] move: Sleep Talk\n|-resisted|p2a: Brute Bonnet\n|-damage|p2a: Brute Bonnet|267/309\n|move|p2a: Brute Bonnet|Crunch|p1a: Phione\n|-damage|p1a: Phione|6/100 slp\n|-unboost|p1a: Phione|def|1\n|\n|-heal|p1a: Phione|12/100 slp|[from] item: Leftovers\n|-heal|p2a: Brute Bonnet|286/309|[from] item: Leftovers\n|upkeep\n|turn|13\n|inactive|Time left: 300 sec this turn | 300 sec total\n|\n|t:|1783553645\n|cant|p1a: Phione|slp\n|move|p1a: Phione|Sleep Talk|p1a: Phione\n|move|p1a: Phione|Take Heart|p1a: Phione|[from] move: Sleep Talk\n|-boost|p1a: Phione|spa|1\n|-boost|p1a: Phione|spd|1\n|-curestatus|p1a: Phione|slp|[msg]\n|move|p2a: Brute Bonnet|Crunch|p1a: Phione\n|-crit|p1a: Phione\n|-damage|p1a: Phione|0 fnt\n|faint|p1a: Phione\n|\n|-heal|p2a: Brute Bonnet|305/309|[from] item: Leftovers\n|upkeep\n|\n|t:|1783553646\n|switch|p1a: Jolteon|Jolteon, L84, F|100/100\n|turn|14\n|inactive|Time left: 300 sec this turn | 300 sec total\n|\n|t:|1783553647\n|move|p1a: Jolteon|Calm Mind|p1a: Jolteon\n|-boost|p1a: Jolteon|spa|1\n|-boost|p1a: Jolteon|spd|1\n|move|p2a: Brute Bonnet|Crunch|p1a: Jolteon\n|-damage|p1a: Jolteon|51/100\n|\n|-heal|p1a: Jolteon|57/100|[from] item: Leftovers\n|-heal|p2a: Brute Bonnet|309/309|[from] item: Leftovers\n|upkeep\n|turn|15\n|inactive|Time left: 300 sec this turn | 300 sec total\n|\n|t:|1783553648\n|move|p1a: Jolteon|Substitute|p1a: Jolteon\n|-start|p1a: Jolteon|Substitute\n|-damage|p1a: Jolteon|33/100\n|move|p2a: Brute Bonnet|Crunch|p1a: Jolteon\n|-end|p1a: Jolteon|Substitute\n|\n|-heal|p1a: Jolteon|39/100|[from] item: Leftovers\n|upkeep\n|turn|16\n|inactive|Time left: 300 sec this turn | 300 sec total\n|\n|t:|1783553649\n|move|p1a: Jolteon|Substitute|p1a: Jolteon\n|-start|p1a: Jolteon|Substitute\n|-damage|p1a: Jolteon|14/100\n|move|p2a: Brute Bonnet|Crunch|p1a: Jolteon\n|-end|p1a: Jolteon|Substitute\n|\n|-heal|p1a: Jolteon|20/100|[from] item: Leftovers\n|upkeep\n|turn|17\n|inactive|Time left: 300 sec this turn | 300 sec total\n|\n|t:|1783553651\n|move|p1a: Jolteon|Tera Blast|p2a: Brute Bonnet\n|-damage|p2a: Brute Bonnet|222/309\n|move|p2a: Brute Bonnet|Crunch|p1a: Jolteon\n|-damage|p1a: Jolteon|0 fnt\n|faint|p1a: Jolteon\n|\n|-heal|p2a: Brute Bonnet|241/309|[from] item: Leftovers\n|upkeep\n|\n|t:|1783553652\n|switch|p1a: Kingdra|Kingdra, L84, F|100/100\n|turn|18\n|inactive|Time left: 300 sec this turn | 300 sec total\n|\n|t:|1783553653\n|move|p1a: Kingdra|Hurricane|p2a: Brute Bonnet\n|-supereffective|p2a: Brute Bonnet\n|-damage|p2a: Brute Bonnet|38/309\n|-damage|p1a: Kingdra|91/100|[from] item: Life Orb\n|move|p2a: Brute Bonnet|Crunch|p1a: Kingdra\n|-damage|p1a: Kingdra|58/100\n|\n|-heal|p2a: Brute Bonnet|57/309|[from] item: Leftovers\n|upkeep\n|turn|19\n|inactive|Time left: 300 sec this turn | 300 sec total\n|\n|t:|1783553653\n|move|p2a: Brute Bonnet|Sucker Punch|p1a: Kingdra\n|-damage|p1a: Kingdra|24/100\n|move|p1a: Kingdra|Wave Crash|p2a: Brute Bonnet\n|-resisted|p2a: Brute Bonnet\n|-damage|p2a: Brute Bonnet|0 fnt\n|faint|p2a: Brute Bonnet\n|-end|p2a: Brute Bonnet|Protosynthesis|[silent]\n|-damage|p1a: Kingdra|17/100|[from] Recoil\n|-damage|p1a: Kingdra|7/100|[from] item: Life Orb\n|\n|upkeep\n|inactive|Time left: 300 sec this turn | 300 sec total | 5 sec grace\n|\n|t:|1783553654\n|switch|p2a: Ambipom|Ambipom, L84, M|59/263\n|-damage|p2a: Ambipom|27/263|[from] Stealth Rock\n|turn|20\n|inactive|Time left: 300 sec this turn | 300 sec total\n|\n|t:|1783553655\n|move|p2a: Ambipom|Knock Off|p1a: Kingdra\n|-damage|p1a: Kingdra|0 fnt\n|-enditem|p1a: Kingdra|Life Orb|[from] move: Knock Off|[of] p2a: Ambipom\n|faint|p1a: Kingdra\n|\n|upkeep\n|\n|t:|1783553656\n|switch|p1a: Espeon|Espeon, L84, F|100/100\n|turn|21\n|inactive|Time left: 300 sec this turn | 300 sec total\n|\n|t:|1783553657\n|-terastallize|p1a: Espeon|Psychic\n|move|p2a: Ambipom|Knock Off|p1a: Espeon\n|-supereffective|p1a: Espeon\n|-damage|p1a: Espeon|0 fnt\n|-enditem|p1a: Espeon|Choice Specs|[from] move: Knock Off|[of] p2a: Ambipom\n|faint|p1a: Espeon\n|\n|win|p0y11775f74", "uploadtime": 1783553657, "views": 0, "rating": 0, "private": 0, "password": null, "_winner": "p0y11775f74", "_our_name": "p0y11775f74"}