{"id": "battle-gen9randombattle-2029", "formatid": "gen9randombattle", "format": "[Gen 9] Random Battle", "players": ["p0x2028cfef", "p0y2028ce63"], "log": "|init|battle\n|title|p0x2028cfef vs. p0y2028ce63\n|j|\u2606p0x2028cfef\n|j|\u2606p0y2028ce63\n|t:|1783563497\n|gametype|singles\n|player|p1|p0x2028cfef|1|\n|player|p2|p0y2028ce63|102|\n|gen|9\n|tier|[Gen 9] Random Battle\n|rule|Species Clause: Limit one of each Pok\u00e9mon\n|rule|HP Percentage Mod: HP is shown in percentages\n|rule|Sleep Clause Mod: Limit one foe put to sleep\n|rule|Illusion Level Mod: Illusion disguises the Pok\u00e9mon's true level\n|\n|t:|1783563497\n|teamsize|p1|6\n|teamsize|p2|6\n|start\n|switch|p1a: Palkia|Palkia-Origin, L72|249/249\n|switch|p2a: Arbok|Arbok, L87, M|100/100\n|-ability|p1a: Palkia|Pressure\n|-ability|p2a: Arbok|Intimidate|boost\n|-unboost|p1a: Palkia|atk|1\n|turn|1\n|inactive|Battle timer is ON: inactive players will automatically lose when time's up. (requested by p0x2028cfef)\n|inactive|p0y2028ce63 also wants the timer to be on.\n|\n|t:|1783563499\n|move|p1a: Palkia|Hydro Pump|p2a: Arbok\n|-damage|p2a: Arbok|43/100\n|move|p2a: Arbok|Coil|p2a: Arbok\n|-boost|p2a: Arbok|atk|1\n|-boost|p2a: Arbok|def|1\n|-boost|p2a: Arbok|accuracy|1\n|\n|-heal|p2a: Arbok|49/100|[from] item: Leftovers\n|upkeep\n|turn|2\n|inactive|Time left: 300 sec this turn | 300 sec total\n|\n|t:|1783563500\n|move|p1a: Palkia|Hydro Pump|p2a: Arbok\n|-damage|p2a: Arbok|0 fnt\n|faint|p2a: Arbok\n|\n|upkeep\n|\n|t:|1783563501\n|switch|p2a: Kricketune|Kricketune, L99, M|100/100\n|turn|3\n|inactive|Time left: 300 sec this turn | 300 sec total\n|\n|t:|1783563503\n|switch|p1a: Hatterene|Hatterene, L85, F|236/236\n|move|p2a: Kricketune|Sticky Web|p1a: Hatterene\n|move|p1a: Hatterene|Sticky Web|p2a: Kricketune|[from] ability: Magic Bounce\n|-sidestart|p2: p0y2028ce63|move: Sticky Web\n|\n|upkeep\n|turn|4\n|inactive|Time left: 300 sec this turn | 300 sec total\n|\n|t:|1783563504\n|move|p2a: Kricketune|Pounce|p1a: Hatterene\n|-damage|p1a: Hatterene|140/236\n|-unboost|p1a: Hatterene|spe|1\n|move|p1a: Hatterene|Mystical Fire|p2a: Kricketune\n|-supereffective|p2a: Kricketune\n|-damage|p2a: Kricketune|45/100\n|-unboost|p2a: Kricketune|spa|1\n|\n|upkeep\n|turn|5\n|inactive|Time left: 300 sec this turn | 300 sec total\n|\n|t:|1783563505\n|move|p2a: Kricketune|Pounce|p1a: Hatterene\n|-damage|p1a: Hatterene|50/236\n|-unboost|p1a: Hatterene|spe|1\n|move|p1a: Hatterene|Mystical Fire|p2a: Kricketune\n|-supereffective|p2a: Kricketune\n|-damage|p2a: Kricketune|0 fnt\n|faint|p2a: Kricketune\n|\n|upkeep\n|\n|t:|1783563506\n|switch|p2a: Whiscash|Whiscash, L88, F|100/100\n|-activate|p2a: Whiscash|move: Sticky Web\n|-unboost|p2a: Whiscash|spe|1\n|turn|6\n|inactive|Time left: 300 sec this turn | 300 sec total\n|\n|t:|1783563507\n|switch|p1a: Arceus|Arceus-Grass, L73|296/296\n|move|p2a: Whiscash|Dragon Dance|p2a: Whiscash\n|-boost|p2a: Whiscash|atk|1\n|-boost|p2a: Whiscash|spe|1\n|\n|upkeep\n|turn|7\n|inactive|Time left: 300 sec this turn | 300 sec total\n|\n|t:|1783563508\n|-terastallize|p2a: Whiscash|Steel\n|move|p1a: Arceus|Judgment|p2a: Whiscash\n|-resisted|p2a: Whiscash\n|-damage|p2a: Whiscash|83/100\n|move|p2a: Whiscash|Dragon Dance|p2a: Whiscash\n|-boost|p2a: Whiscash|atk|1\n|-boost|p2a: Whiscash|spe|1\n|\n|upkeep\n|turn|8\n|inactive|Time left: 300 sec this turn | 300 sec total\n|\n|t:|1783563509\n|move|p2a: Whiscash|Liquidation|p1a: Arceus\n|-resisted|p1a: Arceus\n|-damage|p1a: Arceus|199/296\n|-damage|p2a: Whiscash|73/100|[from] item: Life Orb\n|move|p1a: Arceus|Earth Power|p2a: Whiscash\n|-supereffective|p2a: Whiscash\n|-damage|p2a: Whiscash|35/100\n|\n|upkeep\n|turn|9\n|inactive|Time left: 300 sec this turn | 300 sec total\n|\n|t:|1783563510\n|move|p2a: Whiscash|Earthquake|p1a: Arceus\n|-resisted|p1a: Arceus\n|-damage|p1a: Arceus|76/296\n|-damage|p2a: Whiscash|25/100|[from] item: Life Orb\n|move|p1a: Arceus|Earth Power|p2a: Whiscash\n|-supereffective|p2a: Whiscash\n|-damage|p2a: Whiscash|0 fnt\n|faint|p2a: Whiscash\n|\n|upkeep\n|\n|t:|1783563510\n|switch|p2a: Kingdra|Kingdra, L84, M|100/100\n|-activate|p2a: Kingdra|move: Sticky Web\n|-unboost|p2a: Kingdra|spe|1\n|turn|10\n|inactive|Time left: 300 sec this turn | 300 sec total\n|\n|t:|1783563511\n|move|p1a: Arceus|Judgment|p2a: Kingdra\n|-damage|p2a: Kingdra|58/100\n|move|p2a: Kingdra|Dragon Dance|p2a: Kingdra\n|-boost|p2a: Kingdra|atk|1\n|-boost|p2a: Kingdra|spe|1\n|\n|upkeep\n|turn|11\n|inactive|Time left: 300 sec this turn | 300 sec total\n|\n|t:|1783563512\n|move|p1a: Arceus|Judgment|p2a: Kingdra\n|-damage|p2a: Kingdra|18/100\n|move|p2a: Kingdra|Dragon Dance|p2a: Kingdra\n|-boost|p2a: Kingdra|atk|1\n|-boost|p2a: Kingdra|spe|1\n|\n|upkeep\n|turn|12\n|inactive|Time left: 300 sec this turn | 300 sec total\n|\n|t:|1783563513\n|switch|p1a: Hatterene|Hatterene, L85, F|50/236\n|move|p2a: Kingdra|Wave Crash|p1a: Hatterene\n|-damage|p1a: Hatterene|0 fnt\n|faint|p1a: Hatterene\n|-damage|p2a: Kingdra|11/100|[from] Recoil\n|\n|upkeep\n|inactive|Time left: 300 sec this turn | 300 sec total | 5 sec grace\n|\n|t:|1783563514\n|switch|p1a: Tauros|Tauros-Paldea-Aqua, L81, M|254/254\n|-ability|p1a: Tauros|Intimidate|boost\n|-unboost|p2a: Kingdra|atk|1\n|turn|13\n|inactive|Time left: 300 sec this turn | 300 sec total\n|\n|t:|1783563515\n|move|p2a: Kingdra|Outrage|p1a: Tauros\n|-damage|p1a: Tauros|100/254\n|move|p1a: Tauros|Close Combat|p2a: Kingdra\n|-damage|p2a: Kingdra|0 fnt\n|-unboost|p1a: Tauros|def|1\n|-unboost|p1a: Tauros|spd|1\n|faint|p2a: Kingdra\n|-damage|p1a: Tauros|75/254|[from] item: Life Orb\n|\n|upkeep\n|\n|t:|1783563516\n|switch|p2a: Palossand|Palossand, L89, M|100/100\n|-activate|p2a: Palossand|move: Sticky Web\n|-unboost|p2a: Palossand|spe|1\n|turn|14\n|inactive|Time left: 300 sec this turn | 300 sec total\n|\n|t:|1783563517\n|switch|p1a: Palkia|Palkia-Origin, L72|249/249\n|-ability|p1a: Palkia|Pressure\n|move|p2a: Palossand|Sludge Bomb|p1a: Palkia\n|-damage|p1a: Palkia|178/249\n|\n|upkeep\n|turn|15\n|inactive|Time left: 300 sec this turn | 300 sec total\n|\n|t:|1783563518\n|switch|p2a: Hydreigon|Hydreigon, L79, F|100/100\n|move|p1a: Palkia|Hydro Pump|p2a: Hydreigon\n|-resisted|p2a: Hydreigon\n|-damage|p2a: Hydreigon|73/100\n|\n|upkeep\n|turn|16\n|inactive|Time left: 300 sec this turn | 300 sec total\n|\n|t:|1783563519\n|switch|p2a: Palossand|Palossand, L89, M|100/100\n|-activate|p2a: Palossand|move: Sticky Web\n|-unboost|p2a: Palossand|spe|1\n|move|p1a: Palkia|Draco Meteor|p2a: Palossand\n|-damage|p2a: Palossand|41/100\n|-unboost|p1a: Palkia|spa|2\n|\n|-heal|p2a: Palossand|47/100|[from] item: Leftovers\n|upkeep\n|turn|17\n|inactive|Time left: 300 sec this turn | 300 sec total\n|\n|t:|1783563520\n|switch|p2a: Hydreigon|Hydreigon, L79, F|73/100\n|move|p1a: Palkia|Hydro Pump|p2a: Hydreigon\n|-resisted|p2a: Hydreigon\n|-damage|p2a: Hydreigon|58/100\n|\n|upkeep\n|turn|18\n|inactive|Time left: 300 sec this turn | 300 sec total\n|\n|t:|1783563521\n|move|p1a: Palkia|Draco Meteor|p2a: Hydreigon|[miss]\n|-miss|p1a: Palkia|p2a: Hydreigon\n|move|p2a: Hydreigon|Nasty Plot|p2a: Hydreigon\n|-boost|p2a: Hydreigon|spa|2\n|\n|upkeep\n|turn|19\n|inactive|Time left: 300 sec this turn | 300 sec total\n|\n|t:|1783563522\n|move|p1a: Palkia|Draco Meteor|p2a: Hydreigon\n|-supereffective|p2a: Hydreigon\n|-damage|p2a: Hydreigon|0 fnt\n|-unboost|p1a: Palkia|spa|2\n|faint|p2a: Hydreigon\n|\n|upkeep\n|\n|t:|1783563523\n|switch|p2a: Palossand|Palossand, L89, M|47/100\n|-activate|p2a: Palossand|move: Sticky Web\n|-unboost|p2a: Palossand|spe|1\n|turn|20\n|inactive|Time left: 300 sec this turn | 300 sec total\n|\n|t:|1783563524\n|switch|p1a: Armarouge|Armarouge, L80, F|267/267\n|move|p2a: Palossand|Shore Up|p2a: Palossand\n|-heal|p2a: Palossand|97/100\n|\n|-heal|p2a: Palossand|100/100|[from] item: Leftovers\n|upkeep\n|turn|21\n|inactive|Time left: 300 sec this turn | 300 sec total\n|\n|t:|1783563525\n|-terastallize|p1a: Armarouge|Grass\n|move|p1a: Armarouge|Energy Ball|p2a: Palossand\n|-supereffective|p2a: Palossand\n|-damage|p2a: Palossand|0 fnt\n|faint|p2a: Palossand\n|\n|win|p0x2028cfef", "uploadtime": 1783563525, "views": 0, "rating": 0, "private": 0, "password": null, "_winner": "p0x2028cfef", "_our_name": "p0x2028cfef"}