{"id": "battle-gen9randombattle-135", "formatid": "gen9randombattle", "format": "[Gen 9] Random Battle", "players": ["p0x1350334", "p0y13549d5"], "log": "|init|battle\n|title|p0x1350334 vs. p0y13549d5\n|j|\u2606p0x1350334\n|j|\u2606p0y13549d5\n|t:|1783535299\n|gametype|singles\n|player|p1|p0x1350334|2|\n|player|p2|p0y13549d5|101|\n|gen|9\n|tier|[Gen 9] Random Battle\n|rule|Species Clause: Limit one of each Pok\u00e9mon\n|rule|HP Percentage Mod: HP is shown in percentages\n|rule|Sleep Clause Mod: Limit one foe put to sleep\n|rule|Illusion Level Mod: Illusion disguises the Pok\u00e9mon's true level\n|\n|t:|1783535299\n|teamsize|p1|6\n|teamsize|p2|6\n|start\n|switch|p1a: Rhydon|Rhydon, L85, F|100/100\n|switch|p2a: Dialga|Dialga, L73|266/266\n|-ability|p2a: Dialga|Pressure\n|turn|1\n|inactive|Battle timer is ON: inactive players will automatically lose when time's up. (requested by p0x1350334)\n|inactive|Time left: 300 sec this turn | 300 sec total | 60 sec grace\n|\n|t:|1783535300\n|switch|p2a: Uxie|Uxie, L83|260/260\n|move|p1a: Rhydon|Earthquake|p2a: Uxie\n|-immune|p2a: Uxie|[from] ability: Levitate\n|\n|upkeep\n|turn|2\n|inactive|Time left: 300 sec this turn | 300 sec total\n|inactive|p0y13549d5 also wants the timer to be on.\n|\n|t:|1783535301\n|move|p2a: Uxie|Encore|p1a: Rhydon\n|-start|p1a: Rhydon|Encore\n|move|p1a: Rhydon|Earthquake|p2a: Uxie\n|-immune|p2a: Uxie|[from] ability: Levitate\n|\n|upkeep\n|turn|3\n|inactive|Time left: 300 sec this turn | 300 sec total\n|\n|t:|1783535302\n|move|p2a: Uxie|Psychic Noise|p1a: Rhydon\n|-damage|p1a: Rhydon|79/100\n|-start|p1a: Rhydon|move: Heal Block\n|move|p1a: Rhydon|Earthquake|p2a: Uxie\n|-immune|p2a: Uxie|[from] ability: Levitate\n|\n|upkeep\n|turn|4\n|inactive|Time left: 300 sec this turn | 300 sec total\n|\n|t:|1783535304\n|move|p2a: Uxie|Psychic Noise|p1a: Rhydon\n|-damage|p1a: Rhydon|58/100\n|move|p1a: Rhydon|Earthquake|p2a: Uxie\n|-immune|p2a: Uxie|[from] ability: Levitate\n|\n|-end|p1a: Rhydon|Encore\n|-end|p1a: Rhydon|move: Heal Block\n|upkeep\n|turn|5\n|inactive|Time left: 300 sec this turn | 300 sec total\n|\n|t:|1783535305\n|move|p2a: Uxie|Encore|p1a: Rhydon\n|-start|p1a: Rhydon|Encore\n|move|p1a: Rhydon|Earthquake|p2a: Uxie\n|-immune|p2a: Uxie|[from] ability: Levitate\n|\n|upkeep\n|turn|6\n|inactive|Time left: 300 sec this turn | 300 sec total\n|\n|t:|1783535305\n|move|p2a: Uxie|Knock Off|p1a: Rhydon\n|-damage|p1a: Rhydon|48/100\n|-enditem|p1a: Rhydon|Eviolite|[from] move: Knock Off|[of] p2a: Uxie\n|move|p1a: Rhydon|Earthquake|p2a: Uxie\n|-immune|p2a: Uxie|[from] ability: Levitate\n|\n|upkeep\n|turn|7\n|inactive|Time left: 300 sec this turn | 300 sec total\n|\n|t:|1783535306\n|move|p2a: Uxie|Psychic Noise|p1a: Rhydon\n|-damage|p1a: Rhydon|13/100\n|-start|p1a: Rhydon|move: Heal Block\n|move|p1a: Rhydon|Earthquake|p2a: Uxie\n|-immune|p2a: Uxie|[from] ability: Levitate\n|\n|-end|p1a: Rhydon|Encore\n|upkeep\n|turn|8\n|inactive|Time left: 300 sec this turn | 300 sec total\n|\n|t:|1783535308\n|switch|p1a: Brute Bonnet|Brute Bonnet, L80|100/100\n|move|p2a: Uxie|Psychic Noise|p1a: Brute Bonnet\n|-immune|p1a: Brute Bonnet\n|\n|upkeep\n|turn|9\n|inactive|Time left: 300 sec this turn | 300 sec total\n|\n|t:|1783535309\n|move|p2a: Uxie|U-turn|p1a: Brute Bonnet\n|-supereffective|p1a: Brute Bonnet\n|-damage|p1a: Brute Bonnet|54/100\n|inactive|Time left: 300 sec this turn | 300 sec total | 5 sec grace\n|\n|t:|1783535310\n|switch|p2a: Entei|Entei, L78|307/307|[from] U-turn\n|move|p1a: Brute Bonnet|Crunch|p2a: Entei\n|-damage|p2a: Entei|207/307\n|\n|-heal|p1a: Brute Bonnet|60/100|[from] item: Leftovers\n|upkeep\n|turn|10\n|inactive|Time left: 300 sec this turn | 300 sec total\n|\n|t:|1783535311\n|-end|p1a: Brute Bonnet|Protosynthesis|[silent]\n|switch|p1a: Archaludon|Archaludon, L78, M|100/100\n|move|p2a: Entei|Sacred Fire|p1a: Archaludon\n|-damage|p1a: Archaludon|54/100\n|-ability|p1a: Archaludon|Stamina|boost\n|-boost|p1a: Archaludon|def|1\n|\n|-heal|p1a: Archaludon|60/100|[from] item: Leftovers\n|upkeep\n|turn|11\n|inactive|Time left: 300 sec this turn | 300 sec total\n|\n|t:|1783535312\n|move|p2a: Entei|Sacred Fire|p1a: Archaludon\n|-damage|p1a: Archaludon|27/100\n|-status|p1a: Archaludon|brn\n|-ability|p1a: Archaludon|Stamina|boost\n|-boost|p1a: Archaludon|def|1\n|move|p1a: Archaludon|Body Press|p2a: Entei\n|-damage|p2a: Entei|134/307\n|\n|-heal|p1a: Archaludon|33/100 brn|[from] item: Leftovers\n|-damage|p1a: Archaludon|27/100 brn|[from] brn\n|upkeep\n|turn|12\n|inactive|Time left: 300 sec this turn | 300 sec total\n|\n|t:|1783535314\n|move|p2a: Entei|Sacred Fire|p1a: Archaludon\n|-damage|p1a: Archaludon|5/100 brn\n|-ability|p1a: Archaludon|Stamina|boost\n|-boost|p1a: Archaludon|def|1\n|move|p1a: Archaludon|Draco Meteor|p2a: Entei\n|-damage|p2a: Entei|0 fnt\n|-unboost|p1a: Archaludon|spa|2\n|faint|p2a: Entei\n|\n|-heal|p1a: Archaludon|11/100 brn|[from] item: Leftovers\n|-damage|p1a: Archaludon|5/100 brn|[from] brn\n|upkeep\n|inactive|Time left: 300 sec this turn | 300 sec total | 5 sec grace\n|\n|t:|1783535315\n|switch|p2a: Roaring Moon|Roaring Moon, L72|270/270\n|turn|13\n|inactive|Time left: 300 sec this turn | 300 sec total\n|\n|t:|1783535316\n|switch|p1a: Klefki|Klefki, L84, F|100/100\n|move|p2a: Roaring Moon|Outrage|p1a: Klefki\n|-immune|p1a: Klefki\n|\n|upkeep\n|turn|14\n|inactive|Time left: 300 sec this turn | 300 sec total\n|\n|t:|1783535317\n|move|p2a: Roaring Moon|Outrage|p1a: Klefki\n|-immune|p1a: Klefki\n|move|p1a: Klefki|Play Rough|p2a: Roaring Moon\n|-supereffective|p2a: Roaring Moon\n|-damage|p2a: Roaring Moon|0 fnt\n|faint|p2a: Roaring Moon\n|-end|p2a: Roaring Moon|Protosynthesis|[silent]\n|\n|upkeep\n|inactive|Time left: 300 sec this turn | 300 sec total | 5 sec grace\n|\n|t:|1783535318\n|switch|p2a: Plusle|Plusle, L95, F|268/268\n|turn|15\n|inactive|Time left: 300 sec this turn | 300 sec total\n|\n|t:|1783535319\n|move|p2a: Plusle|Nasty Plot|p2a: Plusle\n|-boost|p2a: Plusle|spa|2\n|move|p1a: Klefki|Play Rough|p2a: Plusle\n|-damage|p2a: Plusle|135/268\n|\n|upkeep\n|turn|16\n|inactive|Time left: 300 sec this turn | 300 sec total\n|\n|t:|1783535320\n|switch|p1a: Rhydon|Rhydon, L85, F|13/100\n|move|p2a: Plusle|Thunderbolt|p1a: Rhydon\n|-ability|p1a: Rhydon|Lightning Rod|boost\n|-boost|p1a: Rhydon|spa|1\n|\n|upkeep\n|turn|17\n|inactive|Time left: 300 sec this turn | 300 sec total\n|\n|t:|1783535321\n|move|p2a: Plusle|Alluring Voice|p1a: Rhydon\n|-damage|p1a: Rhydon|0 fnt\n|faint|p1a: Rhydon\n|-damage|p2a: Plusle|109/268|[from] item: Life Orb\n|\n|upkeep\n|\n|t:|1783535322\n|switch|p1a: Deoxys|Deoxys-Attack, L72|100/100\n|-ability|p1a: Deoxys|Pressure\n|turn|18\n|inactive|Time left: 300 sec this turn | 300 sec total\n|\n|t:|1783535323\n|switch|p2a: Uxie|Uxie, L83|260/260\n|move|p1a: Deoxys|Extreme Speed|p2a: Uxie\n|-damage|p2a: Uxie|189/260\n|-damage|p1a: Deoxys|91/100|[from] item: Life Orb\n|\n|-heal|p2a: Uxie|205/260|[from] item: Leftovers\n|upkeep\n|turn|19\n|inactive|Time left: 300 sec this turn | 300 sec total\n|\n|t:|1783535324\n|switch|p1a: Zapdos|Zapdos-Galar, L77|100/100\n|move|p2a: Uxie|U-turn|p1a: Zapdos\n|-resisted|p1a: Zapdos\n|-damage|p1a: Zapdos|96/100\n|inactive|Time left: 300 sec this turn | 300 sec total | 5 sec grace\n|\n|t:|1783535325\n|switch|p2a: Plusle|Plusle, L95, F|109/268|[from] U-turn\n|\n|upkeep\n|turn|20\n|inactive|Time left: 300 sec this turn | 300 sec total\n|\n|t:|1783535326\n|switch|p1a: Brute Bonnet|Brute Bonnet, L80|60/100\n|move|p2a: Plusle|Thunderbolt|p1a: Brute Bonnet\n|-resisted|p1a: Brute Bonnet\n|-damage|p1a: Brute Bonnet|36/100\n|-damage|p2a: Plusle|83/268|[from] item: Life Orb\n|\n|-heal|p1a: Brute Bonnet|43/100|[from] item: Leftovers\n|upkeep\n|turn|21\n|inactive|Time left: 300 sec this turn | 300 sec total\n|\n|t:|1783535327\n|move|p1a: Brute Bonnet|Sucker Punch|p2a: Plusle\n|-damage|p2a: Plusle|0 fnt\n|faint|p2a: Plusle\n|\n|-heal|p1a: Brute Bonnet|49/100|[from] item: Leftovers\n|upkeep\n|inactive|Time left: 300 sec this turn | 300 sec total | 5 sec grace\n|\n|t:|1783535328\n|switch|p2a: Weavile|Weavile, L79, M|240/240\n|turn|22\n|inactive|Time left: 300 sec this turn | 300 sec total\n|\n|t:|1783535329\n|move|p2a: Weavile|Triple Axel|p1a: Brute Bonnet\n|-supereffective|p1a: Brute Bonnet\n|-damage|p1a: Brute Bonnet|34/100\n|-hitcount|p1a: Brute Bonnet|1\n|move|p1a: Brute Bonnet|Spore|p2a: Weavile\n|-status|p2a: Weavile|slp|[from] move: Spore\n|\n|-heal|p1a: Brute Bonnet|41/100|[from] item: Leftovers\n|upkeep\n|turn|23\n|inactive|Time left: 300 sec this turn | 300 sec total\n|\n|t:|1783535330\n|switch|p2a: Dialga|Dialga, L73|266/266\n|-ability|p2a: Dialga|Pressure\n|move|p1a: Brute Bonnet|Crunch|p2a: Dialga\n|-damage|p2a: Dialga|176/266\n|\n|-heal|p2a: Dialga|192/266|[from] item: Leftovers\n|-heal|p1a: Brute Bonnet|47/100|[from] item: Leftovers\n|upkeep\n|turn|24\n|inactive|Time left: 300 sec this turn | 300 sec total\n|\n|t:|1783535331\n|-end|p1a: Brute Bonnet|Protosynthesis|[silent]\n|switch|p1a: Zapdos|Zapdos-Galar, L77|96/100\n|move|p2a: Dialga|Heavy Slam|p1a: Zapdos\n|-damage|p1a: Zapdos|49/100\n|\n|-heal|p2a: Dialga|208/266|[from] item: Leftovers\n|upkeep\n|turn|25\n|inactive|Time left: 300 sec this turn | 300 sec total\n|\n|t:|1783535332\n|switch|p2a: Uxie|Uxie, L83|205/260\n|move|p1a: Zapdos|Close Combat|p2a: Uxie\n|-resisted|p2a: Uxie\n|-damage|p2a: Uxie|145/260\n|-unboost|p1a: Zapdos|def|1\n|-unboost|p1a: Zapdos|spd|1\n|-damage|p1a: Zapdos|39/100|[from] item: Life Orb\n|\n|-heal|p2a: Uxie|161/260|[from] item: Leftovers\n|upkeep\n|turn|26\n|inactive|Time left: 300 sec this turn | 300 sec total\n|\n|t:|1783535333\n|switch|p1a: Brute Bonnet|Brute Bonnet, L80|47/100\n|move|p2a: Uxie|Psychic Noise|p1a: Brute Bonnet\n|-immune|p1a: Brute Bonnet\n|\n|-heal|p2a: Uxie|177/260|[from] item: Leftovers\n|-heal|p1a: Brute Bonnet|53/100|[from] item: Leftovers\n|upkeep\n|turn|27\n|inactive|Time left: 300 sec this turn | 300 sec total\n|\n|t:|1783535334\n|move|p1a: Brute Bonnet|Sucker Punch|p2a: Uxie\n|-supereffective|p2a: Uxie\n|-damage|p2a: Uxie|49/260\n|move|p2a: Uxie|U-turn|p1a: Brute Bonnet\n|-supereffective|p1a: Brute Bonnet\n|-damage|p1a: Brute Bonnet|4/100\n|inactive|Time left: 300 sec this turn | 300 sec total | 5 sec grace\n|\n|t:|1783535335\n|switch|p2a: Dialga|Dialga, L73|208/266|[from] U-turn\n|-ability|p2a: Dialga|Pressure\n|\n|-heal|p2a: Dialga|224/266|[from] item: Leftovers\n|-heal|p1a: Brute Bonnet|10/100|[from] item: Leftovers\n|upkeep\n|turn|28\n|inactive|Time left: 300 sec this turn | 300 sec total\n|\n|t:|1783535336\n|move|p1a: Brute Bonnet|Sucker Punch|p2a: Dialga\n|-damage|p2a: Dialga|151/266\n|move|p2a: Dialga|Heavy Slam|p1a: Brute Bonnet\n|-damage|p1a: Brute Bonnet|0 fnt\n|faint|p1a: Brute Bonnet\n|-end|p1a: Brute Bonnet|Protosynthesis|[silent]\n|\n|-heal|p2a: Dialga|167/266|[from] item: Leftovers\n|upkeep\n|\n|t:|1783535337\n|switch|p1a: Zapdos|Zapdos-Galar, L77|39/100\n|turn|29\n|inactive|Time left: 300 sec this turn | 300 sec total\n|\n|t:|1783535338\n|-terastallize|p2a: Dialga|Dragon\n|move|p1a: Zapdos|Close Combat|p2a: Dialga\n|-damage|p2a: Dialga|27/266\n|-unboost|p1a: Zapdos|def|1\n|-unboost|p1a: Zapdos|spd|1\n|-damage|p1a: Zapdos|29/100|[from] item: Life Orb\n|move|p2a: Dialga|Heavy Slam|p1a: Zapdos\n|-damage|p1a: Zapdos|0 fnt\n|faint|p1a: Zapdos\n|\n|-heal|p2a: Dialga|43/266|[from] item: Leftovers\n|upkeep\n|\n|t:|1783535339\n|switch|p1a: Deoxys|Deoxys-Attack, L72|91/100\n|-ability|p1a: Deoxys|Pressure\n|turn|30\n|inactive|Time left: 300 sec this turn | 300 sec total\n|\n|t:|1783535340\n|switch|p2a: Weavile|Weavile, L79, M|240/240 slp\n|move|p1a: Deoxys|Extreme Speed|p2a: Weavile\n|-damage|p2a: Weavile|114/240 slp\n|-damage|p1a: Deoxys|81/100|[from] item: Life Orb\n|\n|upkeep\n|turn|31\n|inactive|Time left: 300 sec this turn | 300 sec total\n|\n|t:|1783535341\n|move|p1a: Deoxys|Extreme Speed|p2a: Weavile\n|-damage|p2a: Weavile|5/240 slp\n|-damage|p1a: Deoxys|71/100|[from] item: Life Orb\n|cant|p2a: Weavile|slp\n|\n|upkeep\n|turn|32\n|inactive|Time left: 300 sec this turn | 300 sec total\n|\n|t:|1783535342\n|switch|p2a: Uxie|Uxie, L83|49/260\n|move|p1a: Deoxys|Knock Off|p2a: Uxie\n|-supereffective|p2a: Uxie\n|-damage|p2a: Uxie|0 fnt\n|-enditem|p2a: Uxie|Leftovers|[from] move: Knock Off|[of] p1a: Deoxys\n|faint|p2a: Uxie\n|-damage|p1a: Deoxys|61/100|[from] item: Life Orb\n|\n|upkeep\n|inactive|Time left: 300 sec this turn | 300 sec total | 5 sec grace\n|\n|t:|1783535343\n|switch|p2a: Dialga|Dialga, L73, tera:Dragon|43/266\n|-ability|p2a: Dialga|Pressure\n|turn|33\n|inactive|Time left: 300 sec this turn | 300 sec total\n|\n|t:|1783535343\n|-terastallize|p1a: Deoxys|Psychic\n|move|p1a: Deoxys|Extreme Speed|p2a: Dialga\n|-crit|p2a: Dialga\n|-damage|p2a: Dialga|0 fnt\n|faint|p2a: Dialga\n|-damage|p1a: Deoxys|51/100|[from] item: Life Orb\n|\n|upkeep\n|inactive|Time left: 300 sec this turn | 300 sec total | 5 sec grace\n|\n|t:|1783535344\n|switch|p2a: Weavile|Weavile, L79, M|5/240 slp\n|turn|34\n|inactive|Time left: 300 sec this turn | 300 sec total\n|\n|t:|1783535345\n|move|p1a: Deoxys|Extreme Speed|p2a: Weavile\n|-damage|p2a: Weavile|0 fnt\n|faint|p2a: Weavile\n|-damage|p1a: Deoxys|41/100|[from] item: Life Orb\n|\n|win|p0x1350334", "uploadtime": 1783535345, "views": 0, "rating": 0, "private": 0, "password": null, "_winner": "p0x1350334", "_our_name": "p0y13549d5"}