{"id": "battle-gen9randombattle-1417", "formatid": "gen9randombattle", "format": "[Gen 9] Random Battle", "players": ["p0x1417c80b", "p0y14173112"], "log": "|init|battle\n|title|p0x1417c80b vs. p0y14173112\n|j|\u2606p0x1417c80b\n|j|\u2606p0y14173112\n|t:|1783555525\n|gametype|singles\n|player|p1|p0x1417c80b|169|\n|player|p2|p0y14173112|1|\n|gen|9\n|tier|[Gen 9] Random Battle\n|rule|Species Clause: Limit one of each Pok\u00e9mon\n|rule|HP Percentage Mod: HP is shown in percentages\n|rule|Sleep Clause Mod: Limit one foe put to sleep\n|rule|Illusion Level Mod: Illusion disguises the Pok\u00e9mon's true level\n|\n|t:|1783555525\n|teamsize|p1|6\n|teamsize|p2|6\n|start\n|switch|p1a: Reshiram|Reshiram, L76|277/277\n|switch|p2a: Cryogonal|Cryogonal, L89|100/100\n|-ability|p1a: Reshiram|Turboblaze\n|turn|1\n|inactive|Battle timer is ON: inactive players will automatically lose when time's up. (requested by p0y14173112)\n|inactive|Time left: 300 sec this turn | 300 sec total | 60 sec grace\n|inactive|p0x1417c80b also wants the timer to be on.\n|\n|t:|1783555527\n|switch|p2a: Milotic|Milotic, L83, M|100/100\n|move|p1a: Reshiram|Outrage|p2a: Milotic\n|-damage|p2a: Milotic|53/100\n|\n|-heal|p2a: Milotic|60/100|[from] item: Leftovers\n|upkeep\n|turn|2\n|inactive|Time left: 300 sec this turn | 300 sec total\n|\n|t:|1783555528\n|move|p2a: Milotic|Recover|p2a: Milotic\n|-heal|p2a: Milotic|100/100\n|move|p1a: Reshiram|Outrage|p2a: Milotic|[from] lockedmove\n|-damage|p2a: Milotic|53/100\n|-start|p1a: Reshiram|confusion|[fatigue]\n|\n|-heal|p2a: Milotic|60/100|[from] item: Leftovers\n|upkeep\n|turn|3\n|inactive|Time left: 300 sec this turn | 300 sec total\n|\n|t:|1783555529\n|move|p2a: Milotic|Recover|p2a: Milotic\n|-heal|p2a: Milotic|100/100\n|-activate|p1a: Reshiram|confusion\n|-damage|p1a: Reshiram|248/277|[from] confusion\n|\n|upkeep\n|turn|4\n|inactive|Time left: 300 sec this turn | 300 sec total\n|\n|t:|1783555530\n|switch|p1a: Necrozma|Necrozma-Dawn-Wings, L76|272/272\n|move|p2a: Milotic|Scald|p1a: Necrozma\n|-damage|p1a: Necrozma|197/272\n|\n|upkeep\n|turn|5\n|inactive|Time left: 300 sec this turn | 300 sec total\n|\n|t:|1783555531\n|move|p2a: Milotic|Scald|p1a: Necrozma\n|-damage|p1a: Necrozma|121/272\n|move|p1a: Necrozma|Photon Geyser|p2a: Milotic\n|-damage|p2a: Milotic|56/100\n|-damage|p1a: Necrozma|94/272|[from] item: Life Orb\n|\n|-heal|p2a: Milotic|62/100|[from] item: Leftovers\n|upkeep\n|turn|6\n|inactive|Time left: 300 sec this turn | 300 sec total\n|\n|t:|1783555532\n|move|p2a: Milotic|Scald|p1a: Necrozma\n|-damage|p1a: Necrozma|28/272\n|-status|p1a: Necrozma|brn\n|move|p1a: Necrozma|Moongeist Beam|p2a: Milotic\n|-damage|p2a: Milotic|18/100\n|-damage|p1a: Necrozma|1/272 brn|[from] item: Life Orb\n|\n|-heal|p2a: Milotic|24/100|[from] item: Leftovers\n|-damage|p1a: Necrozma|0 fnt|[from] brn\n|faint|p1a: Necrozma\n|upkeep\n|inactive|Time left: 300 sec this turn | 300 sec total | 5 sec grace\n|\n|t:|1783555533\n|switch|p1a: Reshiram|Reshiram, L76|248/277\n|-ability|p1a: Reshiram|Turboblaze\n|turn|7\n|inactive|Time left: 300 sec this turn | 300 sec total\n|\n|t:|1783555534\n|move|p2a: Milotic|Recover|p2a: Milotic\n|-heal|p2a: Milotic|74/100\n|move|p1a: Reshiram|Dragon Dance|p1a: Reshiram\n|-boost|p1a: Reshiram|atk|1\n|-boost|p1a: Reshiram|spe|1\n|\n|-heal|p2a: Milotic|80/100|[from] item: Leftovers\n|upkeep\n|turn|8\n|inactive|Time left: 300 sec this turn | 300 sec total\n|\n|t:|1783555535\n|-terastallize|p1a: Reshiram|Dragon\n|move|p1a: Reshiram|Outrage|p2a: Milotic\n|-damage|p2a: Milotic|0 fnt\n|faint|p2a: Milotic\n|\n|upkeep\n|\n|t:|1783555536\n|switch|p2a: Medicham|Medicham, L86, M|100/100\n|turn|9\n|inactive|Time left: 300 sec this turn | 300 sec total\n|\n|t:|1783555537\n|-terastallize|p2a: Medicham|Fighting\n|move|p2a: Medicham|Close Combat|p1a: Reshiram\n|-damage|p1a: Reshiram|16/277\n|-unboost|p2a: Medicham|def|1\n|-unboost|p2a: Medicham|spd|1\n|move|p1a: Reshiram|Outrage|p2a: Medicham|[from] lockedmove\n|-damage|p2a: Medicham|0 fnt\n|faint|p2a: Medicham\n|\n|upkeep\n|\n|t:|1783555538\n|switch|p2a: Garganacl|Garganacl, L80, M|100/100\n|turn|10\n|inactive|Time left: 300 sec this turn | 300 sec total\n|\n|t:|1783555539\n|move|p2a: Garganacl|Protect|p2a: Garganacl\n|-singleturn|p2a: Garganacl|Protect\n|move|p1a: Reshiram|Outrage|p2a: Garganacl|[from] lockedmove\n|-activate|p2a: Garganacl|move: Protect\n|-start|p1a: Reshiram|confusion|[fatigue]\n|\n|upkeep\n|turn|11\n|inactive|Time left: 300 sec this turn | 300 sec total\n|\n|t:|1783555540\n|-activate|p1a: Reshiram|confusion\n|-damage|p1a: Reshiram|0 fnt|[from] confusion\n|faint|p1a: Reshiram\n|move|p2a: Garganacl|Salt Cure|p1: Reshiram|[notarget]\n|-fail|p2a: Garganacl\n|\n|upkeep\n|inactive|Time left: 300 sec this turn | 300 sec total | 5 sec grace\n|\n|t:|1783555541\n|switch|p1a: Tinkaton|Tinkaton, L82, F|274/274\n|-ability|p1a: Tinkaton|Mold Breaker\n|turn|12\n|inactive|Time left: 300 sec this turn | 300 sec total\n|\n|t:|1783555542\n|move|p1a: Tinkaton|Swords Dance|p1a: Tinkaton\n|-boost|p1a: Tinkaton|atk|2\n|move|p2a: Garganacl|Salt Cure|p1a: Tinkaton\n|-resisted|p1a: Tinkaton\n|-damage|p1a: Tinkaton|253/274\n|-start|p1a: Tinkaton|Salt Cure\n|\n|-heal|p1a: Tinkaton|270/274|[from] item: Leftovers\n|-damage|p1a: Tinkaton|202/274|[from] Salt Cure\n|upkeep\n|turn|13\n|inactive|Time left: 300 sec this turn | 300 sec total\n|\n|t:|1783555543\n|move|p2a: Garganacl|Protect|p2a: Garganacl\n|-singleturn|p2a: Garganacl|Protect\n|move|p1a: Tinkaton|Gigaton Hammer|p2a: Garganacl\n|-activate|p2a: Garganacl|move: Protect\n|\n|-heal|p1a: Tinkaton|219/274|[from] item: Leftovers\n|-damage|p1a: Tinkaton|151/274|[from] Salt Cure\n|upkeep\n|turn|14\n|inactive|Time left: 300 sec this turn | 300 sec total\n|\n|t:|1783555544\n|switch|p1a: Tsareena|Tsareena, L87, F|267/267\n|move|p2a: Garganacl|Stealth Rock|p1a: Tsareena\n|-sidestart|p1: p0x1417c80b|move: Stealth Rock\n|\n|upkeep\n|turn|15\n|inactive|Time left: 300 sec this turn | 300 sec total\n|\n|t:|1783555545\n|move|p2a: Garganacl|Protect|p2a: Garganacl\n|-singleturn|p2a: Garganacl|Protect\n|move|p1a: Tsareena|Power Whip|p2a: Garganacl\n|-activate|p2a: Garganacl|move: Protect\n|\n|upkeep\n|turn|16\n|inactive|Time left: 300 sec this turn | 300 sec total\n|\n|t:|1783555546\n|move|p1a: Tsareena|Power Whip|p2a: Garganacl\n|-supereffective|p2a: Garganacl\n|-damage|p2a: Garganacl|11/100\n|move|p2a: Garganacl|Salt Cure|p1a: Tsareena\n|-damage|p1a: Tsareena|227/267\n|-start|p1a: Tsareena|Salt Cure\n|\n|-heal|p2a: Garganacl|17/100|[from] item: Leftovers\n|-damage|p1a: Tsareena|194/267|[from] Salt Cure\n|upkeep\n|turn|17\n|inactive|Time left: 300 sec this turn | 300 sec total\n|\n|t:|1783555547\n|move|p2a: Garganacl|Protect|p2a: Garganacl\n|-singleturn|p2a: Garganacl|Protect\n|move|p1a: Tsareena|Power Whip|p2a: Garganacl\n|-activate|p2a: Garganacl|move: Protect\n|\n|-heal|p2a: Garganacl|24/100|[from] item: Leftovers\n|-damage|p1a: Tsareena|161/267|[from] Salt Cure\n|upkeep\n|turn|18\n|inactive|Time left: 300 sec this turn | 300 sec total\n|\n|t:|1783555548\n|move|p1a: Tsareena|Power Whip|p2a: Garganacl\n|-supereffective|p2a: Garganacl\n|-damage|p2a: Garganacl|0 fnt\n|faint|p2a: Garganacl\n|\n|-damage|p1a: Tsareena|128/267|[from] Salt Cure\n|upkeep\n|\n|t:|1783555549\n|switch|p2a: Wo-Chien|Wo-Chien, L83|100/100\n|-ability|p2a: Wo-Chien|Tablets of Ruin\n|turn|19\n|inactive|Time left: 300 sec this turn | 300 sec total\n|\n|t:|1783555550\n|move|p1a: Tsareena|U-turn|p2a: Wo-Chien\n|-supereffective|p2a: Wo-Chien\n|-damage|p2a: Wo-Chien|36/100\n|inactive|Time left: 300 sec this turn | 300 sec total | 5 sec grace\n|\n|t:|1783555551\n|switch|p1a: Tinkaton|Tinkaton, L82, F|151/274|[from] U-turn\n|-damage|p1a: Tinkaton|134/274|[from] Stealth Rock\n|-ability|p1a: Tinkaton|Mold Breaker\n|move|p2a: Wo-Chien|Ruination|p1a: Tinkaton\n|-damage|p1a: Tinkaton|67/274\n|\n|-heal|p1a: Tinkaton|84/274|[from] item: Leftovers\n|-heal|p2a: Wo-Chien|42/100|[from] item: Leftovers\n|upkeep\n|turn|20\n|inactive|Time left: 300 sec this turn | 300 sec total\n|\n|t:|1783555552\n|move|p2a: Wo-Chien|Protect|p2a: Wo-Chien\n|-singleturn|p2a: Wo-Chien|Protect\n|move|p1a: Tinkaton|Gigaton Hammer|p2a: Wo-Chien\n|-activate|p2a: Wo-Chien|move: Protect\n|\n|-heal|p1a: Tinkaton|101/274|[from] item: Leftovers\n|-heal|p2a: Wo-Chien|48/100|[from] item: Leftovers\n|upkeep\n|turn|21\n|inactive|Time left: 300 sec this turn | 300 sec total\n|\n|t:|1783555552\n|move|p1a: Tinkaton|Play Rough|p2a: Wo-Chien\n|-supereffective|p2a: Wo-Chien\n|-damage|p2a: Wo-Chien|10/100\n|move|p2a: Wo-Chien|Leech Seed|p1a: Tinkaton\n|-start|p1a: Tinkaton|move: Leech Seed\n|\n|-heal|p1a: Tinkaton|118/274|[from] item: Leftovers\n|-heal|p2a: Wo-Chien|16/100|[from] item: Leftovers\n|-damage|p1a: Tinkaton|84/274|[from] Leech Seed|[of] p2a: Wo-Chien\n|-heal|p2a: Wo-Chien|29/100|[silent]\n|upkeep\n|turn|22\n|inactive|Time left: 300 sec this turn | 300 sec total\n|\n|t:|1783555553\n|move|p2a: Wo-Chien|Protect|p2a: Wo-Chien\n|-singleturn|p2a: Wo-Chien|Protect\n|move|p1a: Tinkaton|Gigaton Hammer|p2a: Wo-Chien\n|-activate|p2a: Wo-Chien|move: Protect\n|\n|-heal|p1a: Tinkaton|101/274|[from] item: Leftovers\n|-heal|p2a: Wo-Chien|35/100|[from] item: Leftovers\n|-damage|p1a: Tinkaton|67/274|[from] Leech Seed|[of] p2a: Wo-Chien\n|-heal|p2a: Wo-Chien|47/100|[silent]\n|upkeep\n|turn|23\n|inactive|Time left: 300 sec this turn | 300 sec total\n|\n|t:|1783555554\n|switch|p2a: Hypno|Hypno, L95, M|100/100\n|move|p1a: Tinkaton|Play Rough|p2a: Hypno\n|-damage|p2a: Hypno|77/100\n|\n|-heal|p1a: Tinkaton|84/274|[from] item: Leftovers\n|-heal|p2a: Hypno|83/100|[from] item: Leftovers\n|-damage|p1a: Tinkaton|50/274|[from] Leech Seed|[of] p2a: Hypno\n|-heal|p2a: Hypno|94/100|[silent]\n|upkeep\n|turn|24\n|inactive|Time left: 300 sec this turn | 300 sec total\n|\n|t:|1783555555\n|move|p1a: Tinkaton|Gigaton Hammer|p2a: Hypno\n|-damage|p2a: Hypno|48/100\n|move|p2a: Hypno|Knock Off|p1a: Tinkaton\n|-resisted|p1a: Tinkaton\n|-damage|p1a: Tinkaton|10/274\n|-enditem|p1a: Tinkaton|Leftovers|[from] move: Knock Off|[of] p2a: Hypno\n|\n|-heal|p2a: Hypno|54/100|[from] item: Leftovers\n|-damage|p1a: Tinkaton|0 fnt|[from] Leech Seed|[of] p2a: Hypno\n|-heal|p2a: Hypno|57/100|[silent]\n|faint|p1a: Tinkaton\n|upkeep\n|inactive|Time left: 300 sec this turn | 300 sec total | 5 sec grace\n|\n|t:|1783555556\n|switch|p1a: Tsareena|Tsareena, L87, F|128/267\n|turn|25\n|inactive|Time left: 300 sec this turn | 300 sec total\n|\n|t:|1783555557\n|move|p2a: Hypno|Psychic Noise|p1a: Tsareena\n|-damage|p1a: Tsareena|49/267\n|-start|p1a: Tsareena|move: Heal Block\n|move|p1a: Tsareena|Power Whip|p2a: Hypno\n|-damage|p2a: Hypno|7/100\n|\n|-heal|p2a: Hypno|14/100|[from] item: Leftovers\n|upkeep\n|turn|26\n|inactive|Time left: 300 sec this turn | 300 sec total\n|\n|t:|1783555558\n|switch|p1a: Greninja|Greninja, L80, M|246/246\n|-damage|p1a: Greninja|216/246|[from] Stealth Rock\n|move|p2a: Hypno|Psychic Noise|p1a: Greninja\n|-immune|p1a: Greninja\n|\n|-heal|p2a: Hypno|20/100|[from] item: Leftovers\n|upkeep\n|turn|27\n|inactive|Time left: 300 sec this turn | 300 sec total\n|\n|t:|1783555559\n|move|p1a: Greninja|Gunk Shot|p2a: Hypno\n|-damage|p2a: Hypno|0 fnt\n|faint|p2a: Hypno\n|-ability|p1a: Greninja|Battle Bond|boost\n|-boost|p1a: Greninja|atk|1\n|-boost|p1a: Greninja|spa|1\n|-boost|p1a: Greninja|spe|1\n|-activate|p1a: Greninja|ability: Battle Bond\n|-damage|p1a: Greninja|192/246|[from] item: Life Orb\n|\n|upkeep\n|\n|t:|1783555560\n|switch|p2a: Cryogonal|Cryogonal, L89|100/100\n|turn|28\n|inactive|Time left: 300 sec this turn | 300 sec total\n|\n|t:|1783555561\n|move|p1a: Greninja|Gunk Shot|p2a: Cryogonal\n|-damage|p2a: Cryogonal|28/100\n|-damage|p1a: Greninja|168/246|[from] item: Life Orb\n|move|p2a: Cryogonal|Freeze-Dry|p1a: Greninja\n|-supereffective|p1a: Greninja\n|-damage|p1a: Greninja|0 fnt\n|faint|p1a: Greninja\n|\n|upkeep\n|inactive|Time left: 300 sec this turn | 300 sec total | 5 sec grace\n|\n|t:|1783555562\n|switch|p1a: Dedenne|Dedenne, L88, F|261/261\n|-damage|p1a: Dedenne|229/261|[from] Stealth Rock\n|turn|29\n|inactive|Time left: 300 sec this turn | 300 sec total\n|\n|t:|1783555563\n|move|p2a: Cryogonal|Recover|p2a: Cryogonal\n|-heal|p2a: Cryogonal|79/100\n|move|p1a: Dedenne|Nuzzle|p2a: Cryogonal\n|-damage|p2a: Cryogonal|70/100\n|-status|p2a: Cryogonal|par\n|\n|upkeep\n|turn|30\n|inactive|Time left: 300 sec this turn | 300 sec total\n|\n|t:|1783555564\n|move|p1a: Dedenne|Thunderbolt|p2a: Cryogonal\n|-damage|p2a: Cryogonal|48/100 par\n|move|p2a: Cryogonal|Freeze-Dry|p1a: Dedenne\n|-damage|p1a: Dedenne|130/261\n|-enditem|p1a: Dedenne|Sitrus Berry|[eat]\n|-heal|p1a: Dedenne|195/261|[from] item: Sitrus Berry\n|-heal|p1a: Dedenne|261/261|[from] ability: Cheek Pouch\n|\n|upkeep\n|turn|31\n|inactive|Time left: 300 sec this turn | 300 sec total\n|\n|t:|1783555564\n|move|p1a: Dedenne|Thunderbolt|p2a: Cryogonal\n|-damage|p2a: Cryogonal|27/100 par\n|move|p2a: Cryogonal|Freeze-Dry|p1a: Dedenne\n|-damage|p1a: Dedenne|174/261\n|\n|upkeep\n|turn|32\n|inactive|Time left: 300 sec this turn | 300 sec total\n|\n|t:|1783555565\n|move|p1a: Dedenne|U-turn|p2a: Cryogonal\n|-damage|p2a: Cryogonal|8/100 par\n|inactive|Time left: 300 sec this turn | 300 sec total | 5 sec grace\n|\n|t:|1783555566\n|switch|p1a: Tsareena|Tsareena, L87, F|49/267|[from] U-turn\n|move|p2a: Cryogonal|Recover|p2a: Cryogonal\n|-heal|p2a: Cryogonal|58/100 par\n|\n|upkeep\n|turn|33\n|inactive|Time left: 300 sec this turn | 300 sec total\n|\n|t:|1783555567\n|switch|p2a: Wo-Chien|Wo-Chien, L83|47/100\n|-ability|p2a: Wo-Chien|Tablets of Ruin\n|move|p1a: Tsareena|High Jump Kick|p2a: Wo-Chien\n|-supereffective|p2a: Wo-Chien\n|-damage|p2a: Wo-Chien|0 fnt\n|faint|p2a: Wo-Chien\n|\n|upkeep\n|\n|t:|1783555568\n|switch|p2a: Cryogonal|Cryogonal, L89|58/100 par\n|turn|34\n|inactive|Time left: 300 sec this turn | 300 sec total\n|\n|t:|1783555569\n|move|p1a: Tsareena|Power Whip|p2a: Cryogonal\n|-damage|p2a: Cryogonal|0 fnt\n|faint|p2a: Cryogonal\n|\n|win|p0x1417c80b", "uploadtime": 1783555569, "views": 0, "rating": 0, "private": 0, "password": null, "_winner": "p0x1417c80b", "_our_name": "p0x1417c80b"}