{"id": "battle-gen9randombattle-763", "formatid": "gen9randombattle", "format": "[Gen 9] Random Battle", "players": ["p0x7634df4", "p0y763e590"], "log": "|init|battle\n|title|p0x7634df4 vs. p0y763e590\n|j|\u2606p0x7634df4\n|j|\u2606p0y763e590\n|t:|1783548736\n|gametype|singles\n|player|p1|p0x7634df4|2|\n|player|p2|p0y763e590|102|\n|gen|9\n|tier|[Gen 9] Random Battle\n|rule|Species Clause: Limit one of each Pok\u00e9mon\n|rule|HP Percentage Mod: HP is shown in percentages\n|rule|Sleep Clause Mod: Limit one foe put to sleep\n|rule|Illusion Level Mod: Illusion disguises the Pok\u00e9mon's true level\n|\n|t:|1783548736\n|teamsize|p1|6\n|teamsize|p2|6\n|start\n|switch|p1a: Porygon-Z|Porygon-Z, L83|277/277\n|switch|p2a: Kommo-o|Kommo-o, L77, M|100/100\n|-ability|p1a: Porygon-Z|Download|boost\n|-boost|p1a: Porygon-Z|spa|1\n|turn|1\n|inactive|Battle timer is ON: inactive players will automatically lose when time's up. (requested by p0y763e590)\n|inactive|Time left: 300 sec this turn | 300 sec total | 60 sec grace\n|inactive|p0x7634df4 also wants the timer to be on.\n|\n|t:|1783548737\n|move|p1a: Porygon-Z|Tri Attack|p2a: Kommo-o\n|-damage|p2a: Kommo-o|42/100\n|move|p2a: Kommo-o|Drain Punch|p1a: Porygon-Z\n|-supereffective|p1a: Porygon-Z\n|-damage|p1a: Porygon-Z|91/277\n|-heal|p2a: Kommo-o|80/100|[from] drain|[of] p1a: Porygon-Z\n|\n|upkeep\n|turn|2\n|inactive|Time left: 300 sec this turn | 300 sec total\n|\n|t:|1783548738\n|move|p1a: Porygon-Z|Tri Attack|p2a: Kommo-o\n|-damage|p2a: Kommo-o|16/100\n|-status|p2a: Kommo-o|brn\n|move|p2a: Kommo-o|Drain Punch|p1a: Porygon-Z\n|-supereffective|p1a: Porygon-Z\n|-damage|p1a: Porygon-Z|7/277\n|-heal|p2a: Kommo-o|33/100 brn|[from] drain|[of] p1a: Porygon-Z\n|\n|-damage|p2a: Kommo-o|27/100 brn|[from] brn\n|upkeep\n|turn|3\n|inactive|Time left: 300 sec this turn | 300 sec total\n|\n|t:|1783548739\n|move|p1a: Porygon-Z|Tri Attack|p2a: Kommo-o\n|-damage|p2a: Kommo-o|0 fnt\n|faint|p2a: Kommo-o\n|\n|upkeep\n|\n|t:|1783548740\n|switch|p2a: Komala|Komala, L87, F|100/100\n|-ability|p2a: Komala|Comatose\n|turn|4\n|inactive|Time left: 300 sec this turn | 300 sec total\n|\n|t:|1783548741\n|move|p1a: Porygon-Z|Tri Attack|p2a: Komala\n|-damage|p2a: Komala|63/100\n|move|p2a: Komala|Body Slam|p1a: Porygon-Z\n|-crit|p1a: Porygon-Z\n|-damage|p1a: Porygon-Z|0 fnt\n|faint|p1a: Porygon-Z\n|\n|upkeep\n|inactive|Time left: 300 sec this turn | 300 sec total | 5 sec grace\n|\n|t:|1783548742\n|switch|p1a: Arbok|Arbok, L87, F|246/246\n|-ability|p1a: Arbok|Intimidate|boost\n|-unboost|p2a: Komala|atk|1\n|turn|5\n|inactive|Time left: 300 sec this turn | 300 sec total\n|\n|t:|1783548743\n|switch|p2a: Forretress|Forretress, L84, F|100/100\n|move|p1a: Arbok|Gunk Shot|p2a: Forretress\n|-immune|p2a: Forretress\n|\n|upkeep\n|turn|6\n|inactive|Time left: 300 sec this turn | 300 sec total\n|\n|t:|1783548744\n|move|p1a: Arbok|Glare|p2a: Forretress\n|-status|p2a: Forretress|par\n|move|p2a: Forretress|Stealth Rock|p1a: Arbok\n|-sidestart|p1: p0x7634df4|move: Stealth Rock\n|\n|upkeep\n|turn|7\n|inactive|Time left: 300 sec this turn | 300 sec total\n|\n|t:|1783548745\n|switch|p1a: Tatsugiri|Tatsugiri, L87, F|260/260\n|move|p2a: Forretress|Iron Head|p1a: Tatsugiri\n|-resisted|p1a: Tatsugiri\n|-damage|p1a: Tatsugiri|211/260\n|\n|upkeep\n|turn|8\n|inactive|Time left: 300 sec this turn | 300 sec total\n|\n|t:|1783548746\n|switch|p2a: Primarina|Primarina, L83, F|100/100\n|move|p1a: Tatsugiri|Rapid Spin|p2a: Primarina\n|-damage|p2a: Primarina|90/100\n|-boost|p1a: Tatsugiri|spe|1\n|-sideend|p1: p0x7634df4|Stealth Rock|[from] move: Rapid Spin|[of] p1a: Tatsugiri\n|\n|-heal|p2a: Primarina|96/100|[from] item: Leftovers\n|upkeep\n|turn|9\n|inactive|Time left: 300 sec this turn | 300 sec total\n|\n|t:|1783548747\n|-terastallize|p1a: Tatsugiri|Steel\n|move|p1a: Tatsugiri|Nasty Plot|p1a: Tatsugiri\n|-boost|p1a: Tatsugiri|spa|2\n|move|p2a: Primarina|Moonblast|p1a: Tatsugiri\n|-resisted|p1a: Tatsugiri\n|-damage|p1a: Tatsugiri|155/260\n|\n|-heal|p2a: Primarina|100/100|[from] item: Leftovers\n|upkeep\n|turn|10\n|inactive|Time left: 300 sec this turn | 300 sec total\n|\n|t:|1783548748\n|move|p1a: Tatsugiri|Surf|p2a: Primarina\n|-resisted|p2a: Primarina\n|-damage|p2a: Primarina|63/100\n|move|p2a: Primarina|Calm Mind|p2a: Primarina\n|-boost|p2a: Primarina|spa|1\n|-boost|p2a: Primarina|spd|1\n|\n|-heal|p2a: Primarina|69/100|[from] item: Leftovers\n|upkeep\n|turn|11\n|inactive|Time left: 300 sec this turn | 300 sec total\n|\n|t:|1783548749\n|move|p1a: Tatsugiri|Surf|p2a: Primarina\n|-resisted|p2a: Primarina\n|-damage|p2a: Primarina|46/100\n|move|p2a: Primarina|Moonblast|p1a: Tatsugiri\n|-resisted|p1a: Tatsugiri\n|-crit|p1a: Tatsugiri\n|-damage|p1a: Tatsugiri|20/260\n|\n|-heal|p2a: Primarina|52/100|[from] item: Leftovers\n|upkeep\n|turn|12\n|inactive|Time left: 300 sec this turn | 300 sec total\n|\n|t:|1783548750\n|move|p1a: Tatsugiri|Surf|p2a: Primarina\n|-resisted|p2a: Primarina\n|-damage|p2a: Primarina|28/100\n|move|p2a: Primarina|Draining Kiss|p1a: Tatsugiri\n|-resisted|p1a: Tatsugiri\n|-damage|p1a: Tatsugiri|0 fnt\n|-heal|p2a: Primarina|33/100|[from] drain|[of] p1a: Tatsugiri\n|faint|p1a: Tatsugiri\n|\n|-heal|p2a: Primarina|39/100|[from] item: Leftovers\n|upkeep\n|inactive|Time left: 300 sec this turn | 300 sec total | 5 sec grace\n|\n|t:|1783548751\n|switch|p1a: Arbok|Arbok, L87, F|246/246\n|-ability|p1a: Arbok|Intimidate|boost\n|-unboost|p2a: Primarina|atk|1\n|turn|13\n|inactive|Time left: 300 sec this turn | 300 sec total\n|\n|t:|1783548752\n|switch|p2a: Forretress|Forretress, L84, F|100/100 par\n|move|p1a: Arbok|Earthquake|p2a: Forretress\n|-damage|p2a: Forretress|77/100 par\n|-damage|p1a: Arbok|222/246|[from] item: Life Orb\n|\n|-heal|p2a: Forretress|83/100 par|[from] item: Leftovers\n|upkeep\n|turn|14\n|inactive|Time left: 300 sec this turn | 300 sec total\n|\n|t:|1783548753\n|switch|p1a: Misdreavus|Misdreavus, L90, F|254/254\n|cant|p2a: Forretress|par\n|\n|-heal|p2a: Forretress|89/100 par|[from] item: Leftovers\n|upkeep\n|turn|15\n|inactive|Time left: 300 sec this turn | 300 sec total\n|\n|t:|1783548754\n|switch|p2a: Komala|Komala, L87, F|63/100\n|-ability|p2a: Komala|Comatose\n|move|p1a: Misdreavus|Shadow Ball|p2a: Komala\n|-immune|p2a: Komala\n|\n|upkeep\n|turn|16\n|inactive|Time left: 300 sec this turn | 300 sec total\n|\n|t:|1783548755\n|move|p1a: Misdreavus|Calm Mind|p1a: Misdreavus\n|-boost|p1a: Misdreavus|spa|1\n|-boost|p1a: Misdreavus|spd|1\n|move|p2a: Komala|Knock Off|p1a: Misdreavus\n|-supereffective|p1a: Misdreavus\n|-damage|p1a: Misdreavus|120/254\n|-enditem|p1a: Misdreavus|Eviolite|[from] move: Knock Off|[of] p2a: Komala\n|\n|upkeep\n|turn|17\n|inactive|Time left: 300 sec this turn | 300 sec total\n|\n|t:|1783548756\n|move|p1a: Misdreavus|Draining Kiss|p2a: Komala\n|-damage|p2a: Komala|49/100\n|-heal|p1a: Misdreavus|147/254|[from] drain|[of] p2a: Komala\n|move|p2a: Komala|Knock Off|p1a: Misdreavus\n|-supereffective|p1a: Misdreavus\n|-damage|p1a: Misdreavus|15/254\n|\n|upkeep\n|turn|18\n|inactive|Time left: 300 sec this turn | 300 sec total\n|\n|t:|1783548757\n|move|p1a: Misdreavus|Draining Kiss|p2a: Komala\n|-damage|p2a: Komala|35/100\n|-heal|p1a: Misdreavus|41/254|[from] drain|[of] p2a: Komala\n|move|p2a: Komala|Knock Off|p1a: Misdreavus\n|-supereffective|p1a: Misdreavus\n|-damage|p1a: Misdreavus|0 fnt\n|faint|p1a: Misdreavus\n|\n|upkeep\n|inactive|Time left: 300 sec this turn | 300 sec total | 5 sec grace\n|\n|t:|1783548758\n|switch|p1a: Arbok|Arbok, L87, F|222/246\n|-ability|p1a: Arbok|Intimidate|boost\n|-unboost|p2a: Komala|atk|1\n|turn|19\n|inactive|Time left: 300 sec this turn | 300 sec total\n|\n|t:|1783548760\n|switch|p2a: Forretress|Forretress, L84, F|89/100 par\n|move|p1a: Arbok|Earthquake|p2a: Forretress\n|-damage|p2a: Forretress|65/100 par\n|-damage|p1a: Arbok|198/246|[from] item: Life Orb\n|\n|-heal|p2a: Forretress|71/100 par|[from] item: Leftovers\n|upkeep\n|turn|20\n|inactive|Time left: 300 sec this turn | 300 sec total\n|\n|t:|1783548761\n|switch|p1a: Dudunsparce|Dudunsparce-Three-Segment, L83, M|343/343\n|move|p2a: Forretress|Iron Head|p1a: Dudunsparce\n|-damage|p1a: Dudunsparce|259/343\n|\n|-heal|p1a: Dudunsparce|280/343|[from] item: Leftovers\n|-heal|p2a: Forretress|77/100 par|[from] item: Leftovers\n|upkeep\n|turn|21\n|inactive|Time left: 300 sec this turn | 300 sec total\n|\n|t:|1783548762\n|move|p1a: Dudunsparce|Boomburst|p2a: Forretress\n|-resisted|p2a: Forretress\n|-damage|p2a: Forretress|42/100 par\n|cant|p2a: Forretress|par\n|\n|-heal|p1a: Dudunsparce|301/343|[from] item: Leftovers\n|-heal|p2a: Forretress|48/100 par|[from] item: Leftovers\n|upkeep\n|turn|22\n|inactive|Time left: 300 sec this turn | 300 sec total\n|\n|t:|1783548763\n|move|p1a: Dudunsparce|Boomburst|p2a: Forretress\n|-resisted|p2a: Forretress\n|-damage|p2a: Forretress|12/100 par\n|move|p2a: Forretress|Volt Switch|p1a: Dudunsparce\n|-damage|p1a: Dudunsparce|259/343\n|\n|t:|1783548764\n|switch|p2a: Primarina|Primarina, L83, F|39/100|[from] Volt Switch\n|\n|-heal|p2a: Primarina|45/100|[from] item: Leftovers\n|-heal|p1a: Dudunsparce|280/343|[from] item: Leftovers\n|upkeep\n|turn|23\n|inactive|Time left: 300 sec this turn | 300 sec total\n|\n|t:|1783548765\n|move|p2a: Primarina|Calm Mind|p2a: Primarina\n|-boost|p2a: Primarina|spa|1\n|-boost|p2a: Primarina|spd|1\n|move|p1a: Dudunsparce|Boomburst|p2a: Primarina\n|-damage|p2a: Primarina|16/100\n|\n|-heal|p2a: Primarina|22/100|[from] item: Leftovers\n|-heal|p1a: Dudunsparce|301/343|[from] item: Leftovers\n|upkeep\n|turn|24\n|inactive|Time left: 300 sec this turn | 300 sec total\n|\n|t:|1783548766\n|move|p2a: Primarina|Draining Kiss|p1a: Dudunsparce\n|-damage|p1a: Dudunsparce|192/343\n|-heal|p2a: Primarina|53/100|[from] drain|[of] p1a: Dudunsparce\n|move|p1a: Dudunsparce|Earthquake|p2a: Primarina\n|-damage|p2a: Primarina|21/100\n|\n|-heal|p2a: Primarina|27/100|[from] item: Leftovers\n|-heal|p1a: Dudunsparce|213/343|[from] item: Leftovers\n|upkeep\n|turn|25\n|inactive|Time left: 300 sec this turn | 300 sec total\n|\n|t:|1783548767\n|switch|p1a: Arbok|Arbok, L87, F|198/246\n|-ability|p1a: Arbok|Intimidate|boost\n|-unboost|p2a: Primarina|atk|1\n|move|p2a: Primarina|Draining Kiss|p1a: Arbok\n|-resisted|p1a: Arbok\n|-damage|p1a: Arbok|149/246\n|-heal|p2a: Primarina|41/100|[from] drain|[of] p1a: Arbok\n|\n|-heal|p2a: Primarina|47/100|[from] item: Leftovers\n|upkeep\n|turn|26\n|inactive|Time left: 300 sec this turn | 300 sec total\n|\n|t:|1783548768\n|move|p1a: Arbok|Gunk Shot|p2a: Primarina\n|-supereffective|p2a: Primarina\n|-damage|p2a: Primarina|0 fnt\n|faint|p2a: Primarina\n|-damage|p1a: Arbok|125/246|[from] item: Life Orb\n|\n|upkeep\n|\n|t:|1783548769\n|switch|p2a: Pikachu|Pikachu, L93, M|100/100\n|turn|27\n|inactive|Time left: 300 sec this turn | 300 sec total\n|\n|t:|1783548770\n|move|p1a: Arbok|Sucker Punch|p2a: Pikachu\n|-damage|p2a: Pikachu|57/100\n|-damage|p1a: Arbok|101/246|[from] item: Life Orb\n|move|p2a: Pikachu|Volt Tackle|p1a: Arbok\n|-damage|p1a: Arbok|0 fnt\n|faint|p1a: Arbok\n|-damage|p2a: Pikachu|41/100|[from] Recoil\n|\n|upkeep\n|inactive|Time left: 300 sec this turn | 300 sec total | 5 sec grace\n|\n|t:|1783548771\n|switch|p1a: Grumpig|Grumpig, L92, F|297/297\n|turn|28\n|inactive|Time left: 300 sec this turn | 300 sec total\n|\n|t:|1783548772\n|move|p1a: Grumpig|Psychic|p2a: Pikachu\n|-damage|p2a: Pikachu|0 fnt\n|faint|p2a: Pikachu\n|\n|upkeep\n|\n|t:|1783548773\n|switch|p2a: Deoxys|Deoxys, L74|100/100\n|-ability|p2a: Deoxys|Pressure\n|turn|29\n|inactive|Time left: 300 sec this turn | 300 sec total\n|\n|t:|1783548774\n|switch|p1a: Dudunsparce|Dudunsparce-Three-Segment, L83, M|213/343\n|move|p2a: Deoxys|Knock Off|p1a: Dudunsparce\n|-damage|p1a: Dudunsparce|105/343\n|-ability|p1a: Dudunsparce|Rattled|boost\n|-boost|p1a: Dudunsparce|spe|1\n|-enditem|p1a: Dudunsparce|Leftovers|[from] move: Knock Off|[of] p2a: Deoxys\n|-damage|p2a: Deoxys|91/100|[from] item: Life Orb\n|\n|upkeep\n|turn|30\n|inactive|Time left: 300 sec this turn | 300 sec total\n|\n|t:|1783548775\n|move|p2a: Deoxys|Psycho Boost|p1a: Dudunsparce\n|-damage|p1a: Dudunsparce|0 fnt\n|-unboost|p2a: Deoxys|spa|2\n|faint|p1a: Dudunsparce\n|-damage|p2a: Deoxys|81/100|[from] item: Life Orb\n|\n|upkeep\n|inactive|Time left: 300 sec this turn | 300 sec total | 5 sec grace\n|\n|t:|1783548776\n|switch|p1a: Grumpig|Grumpig, L92, F|297/297\n|turn|31\n|inactive|Time left: 300 sec this turn | 300 sec total\n|\n|t:|1783548777\n|-terastallize|p2a: Deoxys|Psychic\n|move|p1a: Grumpig|Focus Blast|p2a: Deoxys\n|-resisted|p2a: Deoxys\n|-damage|p2a: Deoxys|39/100\n|move|p2a: Deoxys|Knock Off|p1a: Grumpig\n|-supereffective|p1a: Grumpig\n|-damage|p1a: Grumpig|53/297\n|-enditem|p1a: Grumpig|Choice Scarf|[from] move: Knock Off|[of] p2a: Deoxys\n|-damage|p2a: Deoxys|29/100|[from] item: Life Orb\n|\n|upkeep\n|turn|32\n|inactive|Time left: 300 sec this turn | 300 sec total\n|\n|t:|1783548778\n|move|p2a: Deoxys|Knock Off|p1a: Grumpig\n|-supereffective|p1a: Grumpig\n|-damage|p1a: Grumpig|0 fnt\n|faint|p1a: Grumpig\n|-damage|p2a: Deoxys|19/100|[from] item: Life Orb\n|\n|win|p0y763e590", "uploadtime": 1783548778, "views": 0, "rating": 0, "private": 0, "password": null, "_winner": "p0y763e590", "_our_name": "p0x7634df4"}