{"id": "battle-gen9randombattle-224", "formatid": "gen9randombattle", "format": "[Gen 9] Random Battle", "players": ["p0x2242860", "p0y224176e"], "log": "|init|battle\n|title|p0x2242860 vs. p0y224176e\n|j|\u2606p0x2242860\n|j|\u2606p0y224176e\n|t:|1783542166\n|gametype|singles\n|player|p1|p0x2242860|169|\n|player|p2|p0y224176e|265|\n|gen|9\n|tier|[Gen 9] Random Battle\n|rule|Species Clause: Limit one of each Pok\u00e9mon\n|rule|HP Percentage Mod: HP is shown in percentages\n|rule|Sleep Clause Mod: Limit one foe put to sleep\n|rule|Illusion Level Mod: Illusion disguises the Pok\u00e9mon's true level\n|\n|t:|1783542166\n|teamsize|p1|6\n|teamsize|p2|6\n|start\n|switch|p1a: Electivire|Electivire, L84, M|100/100\n|switch|p2a: Mabosstiff|Mabosstiff, L86, M|278/278\n|turn|1\n|inactive|Battle timer is ON: inactive players will automatically lose when time's up. (requested by p0x2242860)\n|inactive|Time left: 300 sec this turn | 300 sec total | 60 sec grace\n|inactive|p0y224176e also wants the timer to be on.\n|\n|t:|1783542168\n|move|p1a: Electivire|Supercell Slam|p2a: Mabosstiff\n|-damage|p2a: Mabosstiff|155/278\n|move|p2a: Mabosstiff|Crunch|p1a: Electivire\n|-damage|p1a: Electivire|52/100\n|\n|upkeep\n|turn|2\n|inactive|Time left: 300 sec this turn | 300 sec total\n|\n|t:|1783542169\n|move|p1a: Electivire|Supercell Slam|p2a: Mabosstiff\n|-damage|p2a: Mabosstiff|40/278\n|move|p2a: Mabosstiff|Crunch|p1a: Electivire\n|-damage|p1a: Electivire|4/100\n|\n|upkeep\n|turn|3\n|inactive|Time left: 300 sec this turn | 300 sec total\n|\n|t:|1783542171\n|move|p1a: Electivire|Supercell Slam|p2a: Mabosstiff\n|-damage|p2a: Mabosstiff|0 fnt\n|faint|p2a: Mabosstiff\n|\n|upkeep\n|inactive|Time left: 300 sec this turn | 300 sec total | 5 sec grace\n|\n|t:|1783542172\n|switch|p2a: Sandaconda|Sandaconda, L84, M|258/258\n|turn|4\n|inactive|Time left: 300 sec this turn | 300 sec total\n|\n|t:|1783542173\n|switch|p1a: Torterra|Torterra, L78, M|100/100\n|move|p2a: Sandaconda|Coil|p2a: Sandaconda\n|-boost|p2a: Sandaconda|atk|1\n|-boost|p2a: Sandaconda|def|1\n|-boost|p2a: Sandaconda|accuracy|1\n|\n|upkeep\n|turn|5\n|inactive|Time left: 300 sec this turn | 300 sec total\n|\n|t:|1783542174\n|move|p2a: Sandaconda|Coil|p2a: Sandaconda\n|-boost|p2a: Sandaconda|atk|1\n|-boost|p2a: Sandaconda|def|1\n|-boost|p2a: Sandaconda|accuracy|1\n|move|p1a: Torterra|Shell Smash|p1a: Torterra\n|-unboost|p1a: Torterra|def|1\n|-unboost|p1a: Torterra|spd|1\n|-boost|p1a: Torterra|atk|2\n|-boost|p1a: Torterra|spa|2\n|-boost|p1a: Torterra|spe|2\n|\n|upkeep\n|turn|6\n|inactive|Time left: 300 sec this turn | 300 sec total\n|\n|t:|1783542175\n|-terastallize|p2a: Sandaconda|Dragon\n|move|p1a: Torterra|Bullet Seed|p2a: Sandaconda\n|-resisted|p2a: Sandaconda\n|-damage|p2a: Sandaconda|249/258\n|-resisted|p2a: Sandaconda\n|-damage|p2a: Sandaconda|239/258\n|-resisted|p2a: Sandaconda\n|-damage|p2a: Sandaconda|229/258\n|-resisted|p2a: Sandaconda\n|-damage|p2a: Sandaconda|219/258\n|-resisted|p2a: Sandaconda\n|-damage|p2a: Sandaconda|209/258\n|-hitcount|p2a: Sandaconda|5\n|move|p2a: Sandaconda|Scale Shot|p1a: Torterra\n|-damage|p1a: Torterra|73/100\n|-damage|p1a: Torterra|44/100\n|-damage|p1a: Torterra|14/100\n|-damage|p1a: Torterra|0 fnt\n|faint|p1a: Torterra\n|-hitcount|p1: Torterra|4\n|-unboost|p2a: Sandaconda|def|1\n|-boost|p2a: Sandaconda|spe|1\n|\n|upkeep\n|\n|t:|1783542176\n|switch|p1a: Giratina|Giratina-Origin, L72|100/100\n|turn|7\n|inactive|Time left: 300 sec this turn | 300 sec total\n|\n|t:|1783542177\n|-terastallize|p1a: Giratina|Ghost\n|move|p2a: Sandaconda|Scale Shot|p1a: Giratina\n|-damage|p1a: Giratina|82/100\n|-damage|p1a: Giratina|65/100\n|-damage|p1a: Giratina|47/100\n|-damage|p1a: Giratina|30/100\n|-hitcount|p1a: Giratina|4\n|-unboost|p2a: Sandaconda|def|1\n|-boost|p2a: Sandaconda|spe|1\n|move|p1a: Giratina|Draco Meteor|p2a: Sandaconda\n|-supereffective|p2a: Sandaconda\n|-damage|p2a: Sandaconda|0 fnt\n|-unboost|p1a: Giratina|spa|2\n|faint|p2a: Sandaconda\n|\n|upkeep\n|inactive|Time left: 300 sec this turn | 300 sec total | 5 sec grace\n|\n|t:|1783542177\n|switch|p2a: Brambleghast|Brambleghast, L88, M|240/240\n|turn|8\n|inactive|Time left: 300 sec this turn | 300 sec total\n|\n|t:|1783542178\n|switch|p1a: Arcanine|Arcanine, L84, M|100/100\n|-ability|p1a: Arcanine|Intimidate|boost\n|-unboost|p2a: Brambleghast|atk|1\n|move|p2a: Brambleghast|Poltergeist|p1a: Arcanine\n|-activate|p1a: Arcanine|move: Poltergeist|Heavy-Duty Boots\n|-damage|p1a: Arcanine|66/100\n|\n|upkeep\n|turn|9\n|inactive|Time left: 300 sec this turn | 300 sec total\n|\n|t:|1783542179\n|switch|p2a: Slowking|Slowking, L88, F|310/310\n|move|p1a: Arcanine|Flare Blitz|p2a: Slowking\n|-resisted|p2a: Slowking\n|-damage|p2a: Slowking|241/310\n|-damage|p1a: Arcanine|58/100|[from] Recoil\n|\n|upkeep\n|turn|10\n|inactive|Time left: 300 sec this turn | 300 sec total\n|\n|t:|1783542179\n|switch|p1a: Electivire|Electivire, L84, M|4/100\n|move|p2a: Slowking|Scald|p1a: Electivire\n|-damage|p1a: Electivire|0 fnt\n|faint|p1a: Electivire\n|\n|upkeep\n|\n|t:|1783542180\n|switch|p1a: Decidueye|Decidueye, L88, F|100/100\n|turn|11\n|inactive|Time left: 300 sec this turn | 300 sec total\n|\n|t:|1783542181\n|switch|p2a: Dunsparce|Dunsparce, L86, M|312/312\n|move|p1a: Decidueye|Spirit Shackle|p2a: Dunsparce\n|-immune|p2a: Dunsparce\n|\n|upkeep\n|turn|12\n|inactive|Time left: 300 sec this turn | 300 sec total\n|\n|t:|1783542182\n|move|p1a: Decidueye|Knock Off|p2a: Dunsparce\n|-damage|p2a: Dunsparce|252/312\n|-enditem|p2a: Dunsparce|Eviolite|[from] move: Knock Off|[of] p1a: Decidueye\n|move|p2a: Dunsparce|Coil|p2a: Dunsparce\n|-boost|p2a: Dunsparce|atk|1\n|-boost|p2a: Dunsparce|def|1\n|-boost|p2a: Dunsparce|accuracy|1\n|\n|upkeep\n|turn|13\n|inactive|Time left: 300 sec this turn | 300 sec total\n|\n|t:|1783542183\n|move|p1a: Decidueye|Leaf Storm|p2a: Dunsparce\n|-damage|p2a: Dunsparce|51/312\n|-unboost|p1a: Decidueye|spa|2\n|move|p2a: Dunsparce|Roost|p2a: Dunsparce\n|-heal|p2a: Dunsparce|207/312\n|-singleturn|p2a: Dunsparce|move: Roost\n|\n|upkeep\n|turn|14\n|inactive|Time left: 300 sec this turn | 300 sec total\n|\n|t:|1783542184\n|move|p1a: Decidueye|U-turn|p2a: Dunsparce\n|-damage|p2a: Dunsparce|157/312\n|\n|t:|1783542184\n|switch|p1a: Giratina|Giratina-Origin, L72, tera:Ghost|30/100|[from] U-turn\n|move|p2a: Dunsparce|Roost|p2a: Dunsparce\n|-heal|p2a: Dunsparce|312/312\n|-singleturn|p2a: Dunsparce|move: Roost\n|\n|upkeep\n|turn|15\n|inactive|Time left: 300 sec this turn | 300 sec total\n|\n|t:|1783542186\n|move|p2a: Dunsparce|Coil|p2a: Dunsparce\n|-boost|p2a: Dunsparce|atk|1\n|-boost|p2a: Dunsparce|def|1\n|-boost|p2a: Dunsparce|accuracy|1\n|move|p1a: Giratina|Dragon Tail|p2a: Dunsparce\n|-crit|p2a: Dunsparce\n|-damage|p2a: Dunsparce|201/312\n|drag|p2a: Alomomola|Alomomola, L87, M|429/429\n|\n|upkeep\n|turn|16\n|inactive|Time left: 300 sec this turn | 300 sec total\n|\n|t:|1783542187\n|move|p1a: Giratina|Poltergeist|p2a: Alomomola\n|-activate|p2a: Alomomola|move: Poltergeist|Heavy-Duty Boots\n|-damage|p2a: Alomomola|259/429\n|move|p2a: Alomomola|Scald|p1a: Giratina\n|-damage|p1a: Giratina|13/100\n|\n|upkeep\n|turn|17\n|inactive|Time left: 300 sec this turn | 300 sec total\n|\n|t:|1783542188\n|move|p1a: Giratina|Poltergeist|p2a: Alomomola\n|-activate|p2a: Alomomola|move: Poltergeist|Heavy-Duty Boots\n|-damage|p2a: Alomomola|75/429\n|move|p2a: Alomomola|Flip Turn|p1a: Giratina\n|-damage|p1a: Giratina|0 fnt\n|faint|p1a: Giratina\n|inactive|Time left: 300 sec this turn | 300 sec total | 5 sec grace\n|\n|t:|1783542189\n|switch|p2a: Dunsparce|Dunsparce, L86, M|201/312|[from] Flip Turn\n|\n|upkeep\n|\n|t:|1783542190\n|switch|p1a: Delphox|Delphox, L84, F|100/100\n|turn|18\n|inactive|Time left: 300 sec this turn | 300 sec total\n|\n|t:|1783542191\n|switch|p2a: Slowking|Slowking, L88, F|310/310\n|move|p1a: Delphox|Nasty Plot|p1a: Delphox\n|-boost|p1a: Delphox|spa|2\n|\n|upkeep\n|turn|19\n|inactive|Time left: 300 sec this turn | 300 sec total\n|\n|t:|1783542192\n|move|p1a: Delphox|Psyshock|p2a: Slowking\n|-resisted|p2a: Slowking\n|-damage|p2a: Slowking|211/310\n|move|p2a: Slowking|Scald|p1a: Delphox\n|-supereffective|p1a: Delphox\n|-damage|p1a: Delphox|34/100\n|\n|upkeep\n|turn|20\n|inactive|Time left: 300 sec this turn | 300 sec total\n|\n|t:|1783542193\n|move|p1a: Delphox|Fire Blast|p2a: Slowking\n|-resisted|p2a: Slowking\n|-damage|p2a: Slowking|59/310\n|move|p2a: Slowking|Scald|p1a: Delphox\n|-supereffective|p1a: Delphox\n|-damage|p1a: Delphox|0 fnt\n|faint|p1a: Delphox\n|\n|upkeep\n|\n|t:|1783542194\n|switch|p1a: Decidueye|Decidueye, L88, F|100/100\n|turn|21\n|inactive|Time left: 300 sec this turn | 300 sec total\n|\n|t:|1783542195\n|switch|p2a: Dunsparce|Dunsparce, L86, M|201/312\n|move|p1a: Decidueye|Knock Off|p2a: Dunsparce\n|-damage|p2a: Dunsparce|143/312\n|\n|upkeep\n|turn|22\n|inactive|Time left: 300 sec this turn | 300 sec total\n|\n|t:|1783542197\n|move|p1a: Decidueye|Leaf Storm|p2a: Dunsparce\n|-damage|p2a: Dunsparce|0 fnt\n|-unboost|p1a: Decidueye|spa|2\n|faint|p2a: Dunsparce\n|\n|upkeep\n|inactive|Time left: 300 sec this turn | 300 sec total | 5 sec grace\n|\n|t:|1783542198\n|switch|p2a: Brambleghast|Brambleghast, L88, M|240/240\n|turn|23\n|inactive|Time left: 300 sec this turn | 300 sec total\n|\n|t:|1783542199\n|switch|p1a: Arcanine|Arcanine, L84, M|58/100\n|-ability|p1a: Arcanine|Intimidate|boost\n|-unboost|p2a: Brambleghast|atk|1\n|move|p2a: Brambleghast|Poltergeist|p1a: Arcanine|[miss]\n|-miss|p2a: Brambleghast|p1a: Arcanine\n|\n|upkeep\n|turn|24\n|inactive|Time left: 300 sec this turn | 300 sec total\n|\n|t:|1783542200\n|switch|p2a: Slowking|Slowking, L88, F|162/310\n|move|p1a: Arcanine|Flare Blitz|p2a: Slowking\n|-resisted|p2a: Slowking\n|-damage|p2a: Slowking|92/310\n|-damage|p1a: Arcanine|50/100|[from] Recoil\n|\n|upkeep\n|turn|25\n|inactive|Time left: 300 sec this turn | 300 sec total\n|\n|t:|1783542201\n|move|p1a: Arcanine|Morning Sun|p1a: Arcanine\n|-heal|p1a: Arcanine|99/100\n|move|p2a: Slowking|Slack Off|p2a: Slowking\n|-heal|p2a: Slowking|247/310\n|\n|upkeep\n|turn|26\n|inactive|Time left: 300 sec this turn | 300 sec total\n|\n|t:|1783542202\n|switch|p1a: Decidueye|Decidueye, L88, F|100/100\n|-prepare|p2a: Slowking|Chilly Reception|[premajor]\n|move|p2a: Slowking|Chilly Reception|p2a: Slowking\n|-weather|Snowscape\n|inactive|Time left: 300 sec this turn | 300 sec total | 5 sec grace\n|\n|t:|1783542203\n|switch|p2a: Brambleghast|Brambleghast, L88, M|240/240|[from] Chilly Reception\n|\n|-weather|Snowscape|[upkeep]\n|upkeep\n|turn|27\n|inactive|Time left: 300 sec this turn | 300 sec total\n|\n|t:|1783542204\n|switch|p1a: Arcanine|Arcanine, L84, M|99/100\n|-ability|p1a: Arcanine|Intimidate|boost\n|-unboost|p2a: Brambleghast|atk|1\n|move|p2a: Brambleghast|Poltergeist|p1a: Arcanine\n|-activate|p1a: Arcanine|move: Poltergeist|Heavy-Duty Boots\n|-damage|p1a: Arcanine|64/100\n|\n|-weather|Snowscape|[upkeep]\n|upkeep\n|turn|28\n|inactive|Time left: 300 sec this turn | 300 sec total\n|\n|t:|1783542205\n|switch|p2a: Alomomola|Alomomola, L87, M|218/429\n|switch|p1a: Decidueye|Decidueye, L88, F|100/100\n|\n|-weather|Snowscape|[upkeep]\n|upkeep\n|turn|29\n|inactive|Time left: 300 sec this turn | 300 sec total\n|\n|t:|1783542206\n|switch|p2a: Brambleghast|Brambleghast, L88, M|240/240\n|move|p1a: Decidueye|Leaf Storm|p2a: Brambleghast\n|-resisted|p2a: Brambleghast\n|-damage|p2a: Brambleghast|156/240\n|-unboost|p1a: Decidueye|spa|2\n|\n|-weather|Snowscape|[upkeep]\n|-heal|p2a: Brambleghast|171/240|[from] item: Leftovers\n|upkeep\n|turn|30\n|inactive|Time left: 300 sec this turn | 300 sec total\n|\n|t:|1783542207\n|switch|p1a: Arcanine|Arcanine, L84, M|64/100\n|-ability|p1a: Arcanine|Intimidate|boost\n|-unboost|p2a: Brambleghast|atk|1\n|move|p2a: Brambleghast|Poltergeist|p1a: Arcanine\n|-activate|p1a: Arcanine|move: Poltergeist|Heavy-Duty Boots\n|-damage|p1a: Arcanine|31/100\n|\n|-weather|none\n|-heal|p2a: Brambleghast|186/240|[from] item: Leftovers\n|upkeep\n|turn|31\n|inactive|Time left: 300 sec this turn | 300 sec total\n|\n|t:|1783542209\n|move|p2a: Brambleghast|Poltergeist|p1a: Arcanine\n|-activate|p1a: Arcanine|move: Poltergeist|Heavy-Duty Boots\n|-damage|p1a: Arcanine|0 fnt\n|faint|p1a: Arcanine\n|\n|-heal|p2a: Brambleghast|201/240|[from] item: Leftovers\n|upkeep\n|\n|t:|1783542210\n|switch|p1a: Decidueye|Decidueye, L88, F|100/100\n|turn|32\n|inactive|Time left: 300 sec this turn | 300 sec total\n|\n|t:|1783542211\n|move|p2a: Brambleghast|Strength Sap|p1a: Decidueye\n|-unboost|p1a: Decidueye|atk|1\n|-heal|p2a: Brambleghast|240/240\n|move|p1a: Decidueye|Spirit Shackle|p2a: Brambleghast\n|-supereffective|p2a: Brambleghast\n|-damage|p2a: Brambleghast|90/240\n|\n|-heal|p2a: Brambleghast|105/240|[from] item: Leftovers\n|upkeep\n|turn|33\n|inactive|Time left: 300 sec this turn | 300 sec total\n|\n|t:|1783542212\n|move|p2a: Brambleghast|Strength Sap|p1a: Decidueye\n|-unboost|p1a: Decidueye|atk|1\n|-heal|p2a: Brambleghast|240/240\n|move|p1a: Decidueye|Spirit Shackle|p2a: Brambleghast\n|-supereffective|p2a: Brambleghast\n|-damage|p2a: Brambleghast|126/240\n|\n|-heal|p2a: Brambleghast|141/240|[from] item: Leftovers\n|upkeep\n|turn|34\n|inactive|Time left: 300 sec this turn | 300 sec total\n|\n|t:|1783542213\n|move|p2a: Brambleghast|Poltergeist|p1a: Decidueye|[miss]\n|-miss|p2a: Brambleghast|p1a: Decidueye\n|move|p1a: Decidueye|Spirit Shackle|p2a: Brambleghast\n|-supereffective|p2a: Brambleghast\n|-damage|p2a: Brambleghast|15/240\n|\n|-heal|p2a: Brambleghast|30/240|[from] item: Leftovers\n|upkeep\n|turn|35\n|inactive|Time left: 300 sec this turn | 300 sec total\n|\n|t:|1783542214\n|move|p2a: Brambleghast|Strength Sap|p1a: Decidueye\n|-unboost|p1a: Decidueye|atk|1\n|-heal|p2a: Brambleghast|149/240\n|move|p1a: Decidueye|Spirit Shackle|p2a: Brambleghast\n|-supereffective|p2a: Brambleghast\n|-damage|p2a: Brambleghast|51/240\n|\n|-heal|p2a: Brambleghast|66/240|[from] item: Leftovers\n|upkeep\n|turn|36\n|inactive|Time left: 300 sec this turn | 300 sec total\n|\n|t:|1783542215\n|move|p2a: Brambleghast|Strength Sap|p1a: Decidueye\n|-unboost|p1a: Decidueye|atk|1\n|-heal|p2a: Brambleghast|161/240\n|move|p1a: Decidueye|Knock Off|p2a: Brambleghast\n|-supereffective|p2a: Brambleghast\n|-damage|p2a: Brambleghast|95/240\n|-enditem|p2a: Brambleghast|Leftovers|[from] move: Knock Off|[of] p1a: Decidueye\n|\n|upkeep\n|turn|37\n|inactive|Time left: 300 sec this turn | 300 sec total\n|\n|t:|1783542216\n|move|p2a: Brambleghast|Poltergeist|p1a: Decidueye\n|-activate|p1a: Decidueye|move: Poltergeist|Assault Vest\n|-supereffective|p1a: Decidueye\n|-damage|p1a: Decidueye|27/100\n|move|p1a: Decidueye|Knock Off|p2a: Brambleghast\n|-supereffective|p2a: Brambleghast\n|-damage|p2a: Brambleghast|55/240\n|\n|upkeep\n|turn|38\n|inactive|Time left: 300 sec this turn | 300 sec total\n|\n|t:|1783542216\n|move|p2a: Brambleghast|Poltergeist|p1a: Decidueye\n|-activate|p1a: Decidueye|move: Poltergeist|Assault Vest\n|-supereffective|p1a: Decidueye\n|-damage|p1a: Decidueye|0 fnt\n|faint|p1a: Decidueye\n|\n|win|p0y224176e", "uploadtime": 1783542216, "views": 0, "rating": 0, "private": 0, "password": null, "_winner": "p0y224176e", "_our_name": "p0y224176e"}