{"id": "battle-gen9randombattle-2111", "formatid": "gen9randombattle", "format": "[Gen 9] Random Battle", "players": ["p0x21119b59", "p0y21116b08"], "log": "|init|battle\n|title|p0x21119b59 vs. p0y21116b08\n|j|\u2606p0x21119b59\n|j|\u2606p0y21116b08\n|t:|1783564455\n|gametype|singles\n|player|p1|p0x21119b59|170|\n|player|p2|p0y21116b08|101|\n|gen|9\n|tier|[Gen 9] Random Battle\n|rule|Species Clause: Limit one of each Pok\u00e9mon\n|rule|HP Percentage Mod: HP is shown in percentages\n|rule|Sleep Clause Mod: Limit one foe put to sleep\n|rule|Illusion Level Mod: Illusion disguises the Pok\u00e9mon's true level\n|\n|t:|1783564455\n|teamsize|p1|6\n|teamsize|p2|6\n|start\n|switch|p1a: Ting-Lu|Ting-Lu, L78|370/370\n|switch|p2a: Articuno|Articuno, L86|100/100\n|-ability|p2a: Articuno|Pressure\n|-ability|p1a: Ting-Lu|Vessel of Ruin\n|turn|1\n|inactive|Battle timer is ON: inactive players will automatically lose when time's up. (requested by p0x21119b59)\n|inactive|p0y21116b08 also wants the timer to be on.\n|\n|t:|1783564456\n|move|p2a: Articuno|Freeze-Dry|p1a: Ting-Lu\n|-supereffective|p1a: Ting-Lu\n|-damage|p1a: Ting-Lu|232/370\n|-status|p1a: Ting-Lu|frz\n|cant|p1a: Ting-Lu|frz\n|\n|-heal|p1a: Ting-Lu|255/370 frz|[from] item: Leftovers\n|upkeep\n|turn|2\n|inactive|Time left: 300 sec this turn | 300 sec total\n|\n|t:|1783564457\n|move|p2a: Articuno|Freeze-Dry|p1a: Ting-Lu\n|-supereffective|p1a: Ting-Lu\n|-damage|p1a: Ting-Lu|109/370 frz\n|cant|p1a: Ting-Lu|frz\n|\n|-heal|p1a: Ting-Lu|132/370 frz|[from] item: Leftovers\n|upkeep\n|turn|3\n|inactive|Time left: 300 sec this turn | 300 sec total\n|\n|t:|1783564458\n|move|p2a: Articuno|Freeze-Dry|p1a: Ting-Lu\n|-supereffective|p1a: Ting-Lu\n|-damage|p1a: Ting-Lu|0 fnt\n|faint|p1a: Ting-Lu\n|\n|upkeep\n|inactive|Time left: 300 sec this turn | 300 sec total | 5 sec grace\n|\n|t:|1783564459\n|switch|p1a: Chandelure|Chandelure, L83, F|235/235\n|turn|4\n|inactive|Time left: 300 sec this turn | 300 sec total\n|\n|t:|1783564460\n|switch|p2a: Houndoom|Houndoom, L87, M|100/100\n|move|p1a: Chandelure|Fire Blast|p2a: Houndoom\n|-start|p2a: Houndoom|ability: Flash Fire\n|\n|upkeep\n|turn|5\n|inactive|Time left: 300 sec this turn | 300 sec total\n|\n|t:|1783564461\n|switch|p1a: Appletun|Appletun, L92, F|352/352\n|move|p2a: Houndoom|Nasty Plot|p2a: Houndoom\n|-boost|p2a: Houndoom|spa|2\n|\n|upkeep\n|turn|6\n|inactive|Time left: 300 sec this turn | 300 sec total\n|\n|t:|1783564463\n|move|p2a: Houndoom|Fire Blast|p1a: Appletun\n|-damage|p1a: Appletun|145/352\n|move|p1a: Appletun|Leech Seed|p2a: Houndoom\n|-start|p2a: Houndoom|move: Leech Seed\n|\n|-heal|p1a: Appletun|167/352|[from] item: Leftovers\n|-damage|p2a: Houndoom|88/100|[from] Leech Seed|[of] p1a: Appletun\n|-heal|p1a: Appletun|201/352|[silent]\n|upkeep\n|turn|7\n|inactive|Time left: 300 sec this turn | 300 sec total\n|\n|t:|1783564464\n|move|p2a: Houndoom|Dark Pulse|p1a: Appletun\n|-damage|p1a: Appletun|11/352\n|move|p1a: Appletun|Recover|p1a: Appletun\n|-heal|p1a: Appletun|187/352\n|\n|-heal|p1a: Appletun|209/352|[from] item: Leftovers\n|-damage|p2a: Houndoom|75/100|[from] Leech Seed|[of] p1a: Appletun\n|-heal|p1a: Appletun|243/352|[silent]\n|upkeep\n|turn|8\n|inactive|Time left: 300 sec this turn | 300 sec total\n|\n|t:|1783564465\n|move|p2a: Houndoom|Sludge Bomb|p1a: Appletun\n|-supereffective|p1a: Appletun\n|-damage|p1a: Appletun|0 fnt\n|faint|p1a: Appletun\n|\n|upkeep\n|inactive|Time left: 300 sec this turn | 300 sec total | 5 sec grace\n|\n|t:|1783564465\n|switch|p1a: Hydreigon|Hydreigon, L79, M|275/275\n|turn|9\n|inactive|Time left: 300 sec this turn | 300 sec total\n|\n|t:|1783564466\n|move|p2a: Houndoom|Fire Blast|p1a: Hydreigon\n|-resisted|p1a: Hydreigon\n|-damage|p1a: Hydreigon|46/275\n|-status|p1a: Hydreigon|brn\n|move|p1a: Hydreigon|Draco Meteor|p2a: Houndoom\n|-damage|p2a: Houndoom|0 fnt\n|-unboost|p1a: Hydreigon|spa|2\n|faint|p2a: Houndoom\n|\n|-damage|p1a: Hydreigon|29/275 brn|[from] brn\n|upkeep\n|\n|t:|1783564468\n|switch|p2a: Quaquaval|Quaquaval, L79, F|100/100\n|turn|10\n|inactive|Time left: 300 sec this turn | 300 sec total\n|\n|t:|1783564469\n|move|p1a: Hydreigon|Draco Meteor|p2a: Quaquaval|[miss]\n|-miss|p1a: Hydreigon|p2a: Quaquaval\n|move|p2a: Quaquaval|Aqua Step|p1a: Hydreigon\n|-resisted|p1a: Hydreigon\n|-crit|p1a: Hydreigon\n|-damage|p1a: Hydreigon|0 fnt\n|-boost|p2a: Quaquaval|spe|1\n|faint|p1a: Hydreigon\n|-ability|p2a: Quaquaval|Moxie|boost\n|-boost|p2a: Quaquaval|atk|1\n|\n|upkeep\n|inactive|Time left: 300 sec this turn | 300 sec total | 5 sec grace\n|\n|t:|1783564470\n|switch|p1a: Qwilfish|Qwilfish, L86, M|252/252\n|-ability|p1a: Qwilfish|Intimidate|boost\n|-unboost|p2a: Quaquaval|atk|1\n|turn|11\n|inactive|Time left: 300 sec this turn | 300 sec total\n|\n|t:|1783564471\n|move|p2a: Quaquaval|Swords Dance|p2a: Quaquaval\n|-boost|p2a: Quaquaval|atk|2\n|move|p1a: Qwilfish|Gunk Shot|p2a: Quaquaval\n|-crit|p2a: Quaquaval\n|-damage|p2a: Quaquaval|8/100\n|\n|-heal|p2a: Quaquaval|15/100|[from] item: Leftovers\n|upkeep\n|turn|12\n|inactive|Time left: 300 sec this turn | 300 sec total\n|\n|t:|1783564472\n|move|p2a: Quaquaval|Roost|p2a: Quaquaval\n|-heal|p2a: Quaquaval|65/100\n|-singleturn|p2a: Quaquaval|move: Roost\n|move|p1a: Qwilfish|Gunk Shot|p2a: Quaquaval\n|-damage|p2a: Quaquaval|8/100\n|\n|-heal|p2a: Quaquaval|14/100|[from] item: Leftovers\n|upkeep\n|turn|13\n|inactive|Time left: 300 sec this turn | 300 sec total\n|\n|t:|1783564473\n|move|p2a: Quaquaval|Roost|p2a: Quaquaval\n|-heal|p2a: Quaquaval|64/100\n|-singleturn|p2a: Quaquaval|move: Roost\n|move|p1a: Qwilfish|Flip Turn|p2a: Quaquaval\n|-resisted|p2a: Quaquaval\n|-damage|p2a: Quaquaval|49/100\n|inactive|Time left: 300 sec this turn | 300 sec total | 5 sec grace\n|\n|t:|1783564474\n|switch|p1a: Minun|Minun, L95, F|268/268|[from] Flip Turn\n|\n|-heal|p2a: Quaquaval|55/100|[from] item: Leftovers\n|upkeep\n|turn|14\n|inactive|Time left: 300 sec this turn | 300 sec total\n|\n|t:|1783564475\n|-terastallize|p1a: Minun|Fairy\n|move|p2a: Quaquaval|Close Combat|p1a: Minun\n|-resisted|p1a: Minun\n|-damage|p1a: Minun|107/268\n|-unboost|p2a: Quaquaval|def|1\n|-unboost|p2a: Quaquaval|spd|1\n|move|p1a: Minun|Thunderbolt|p2a: Quaquaval\n|-supereffective|p2a: Quaquaval\n|-damage|p2a: Quaquaval|0 fnt\n|faint|p2a: Quaquaval\n|-damage|p1a: Minun|81/268|[from] item: Life Orb\n|\n|upkeep\n|\n|t:|1783564476\n|switch|p2a: Flutter Mane|Flutter Mane, L74|100/100\n|turn|15\n|inactive|Time left: 300 sec this turn | 300 sec total\n|\n|t:|1783564477\n|move|p2a: Flutter Mane|Shadow Ball|p1a: Minun\n|-damage|p1a: Minun|0 fnt\n|faint|p1a: Minun\n|-damage|p2a: Flutter Mane|91/100|[from] item: Life Orb\n|\n|upkeep\n|inactive|Time left: 300 sec this turn | 300 sec total | 5 sec grace\n|\n|t:|1783564478\n|switch|p1a: Chandelure|Chandelure, L83, F|235/235\n|turn|16\n|inactive|Time left: 300 sec this turn | 300 sec total\n|\n|t:|1783564479\n|-terastallize|p2a: Flutter Mane|Fairy\n|move|p1a: Chandelure|Shadow Ball|p2a: Flutter Mane\n|-damage|p2a: Flutter Mane|48/100\n|move|p2a: Flutter Mane|Shadow Ball|p1a: Chandelure\n|-supereffective|p1a: Chandelure\n|-damage|p1a: Chandelure|0 fnt\n|faint|p1a: Chandelure\n|-damage|p2a: Flutter Mane|38/100|[from] item: Life Orb\n|\n|upkeep\n|inactive|Time left: 300 sec this turn | 300 sec total | 5 sec grace\n|\n|t:|1783564480\n|switch|p1a: Qwilfish|Qwilfish, L86, M|252/252\n|-ability|p1a: Qwilfish|Intimidate|boost\n|-unboost|p2a: Flutter Mane|atk|1\n|turn|17\n|inactive|Time left: 300 sec this turn | 300 sec total\n|\n|t:|1783564481\n|move|p2a: Flutter Mane|Thunderbolt|p1a: Qwilfish\n|-supereffective|p1a: Qwilfish\n|-damage|p1a: Qwilfish|31/252\n|-damage|p2a: Flutter Mane|28/100|[from] item: Life Orb\n|move|p1a: Qwilfish|Thunder Wave|p2a: Flutter Mane\n|-status|p2a: Flutter Mane|par\n|\n|upkeep\n|turn|18\n|inactive|Time left: 300 sec this turn | 300 sec total\n|\n|t:|1783564482\n|move|p1a: Qwilfish|Gunk Shot|p2a: Flutter Mane\n|-supereffective|p2a: Flutter Mane\n|-damage|p2a: Flutter Mane|0 fnt\n|faint|p2a: Flutter Mane\n|-end|p2a: Flutter Mane|Protosynthesis|[silent]\n|\n|upkeep\n|\n|t:|1783564483\n|switch|p2a: Donphan|Donphan, L84, M|100/100\n|turn|19\n|inactive|Time left: 300 sec this turn | 300 sec total\n|\n|t:|1783564484\n|move|p1a: Qwilfish|Pain Split|p2a: Donphan\n|-sethp|p2a: Donphan|56/100|[from] move: Pain Split|[silent]\n|-sethp|p1a: Qwilfish|159/252|[from] move: Pain Split\n|move|p2a: Donphan|Earthquake|p1a: Qwilfish\n|-supereffective|p1a: Qwilfish\n|-damage|p1a: Qwilfish|0 fnt\n|faint|p1a: Qwilfish\n|\n|win|p0y21116b08", "uploadtime": 1783564484, "views": 0, "rating": 0, "private": 0, "password": null, "_winner": "p0y21116b08", "_our_name": "p0x21119b59"}