{"id": "battle-gen9randombattle-1256", "formatid": "gen9randombattle", "format": "[Gen 9] Random Battle", "players": ["p0x1256b5cc", "p0y1256833d"], "log": "|init|battle\n|title|p0x1256b5cc vs. p0y1256833d\n|j|\u2606p0x1256b5cc\n|j|\u2606p0y1256833d\n|t:|1783554573\n|gametype|singles\n|player|p1|p0x1256b5cc|266|\n|player|p2|p0y1256833d|170|\n|gen|9\n|tier|[Gen 9] Random Battle\n|rule|Species Clause: Limit one of each Pok\u00e9mon\n|rule|HP Percentage Mod: HP is shown in percentages\n|rule|Sleep Clause Mod: Limit one foe put to sleep\n|rule|Illusion Level Mod: Illusion disguises the Pok\u00e9mon's true level\n|\n|t:|1783554573\n|teamsize|p1|6\n|teamsize|p2|6\n|start\n|switch|p1a: Tauros|Tauros-Paldea-Blaze, L81, M|100/100\n|switch|p2a: Okidogi|Okidogi, L77, M|262/262\n|turn|1\n|inactive|Battle timer is ON: inactive players will automatically lose when time's up. (requested by p0x1256b5cc)\n|inactive|Time left: 300 sec this turn | 300 sec total | 60 sec grace\n|inactive|p0y1256833d also wants the timer to be on.\n|\n|t:|1783554574\n|move|p1a: Tauros|Bulk Up|p1a: Tauros\n|-boost|p1a: Tauros|atk|1\n|-boost|p1a: Tauros|def|1\n|move|p2a: Okidogi|Knock Off|p1a: Tauros\n|-resisted|p1a: Tauros\n|-damage|p1a: Tauros|91/100\n|-enditem|p1a: Tauros|Sitrus Berry|[from] move: Knock Off|[of] p2a: Okidogi\n|\n|upkeep\n|turn|2\n|inactive|Time left: 300 sec this turn | 300 sec total\n|\n|t:|1783554575\n|move|p1a: Tauros|Raging Bull|p2a: Okidogi\n|-damage|p2a: Okidogi|138/262\n|move|p2a: Okidogi|Gunk Shot|p1a: Tauros\n|-damage|p1a: Tauros|58/100\n|\n|-heal|p2a: Okidogi|154/262|[from] item: Leftovers\n|upkeep\n|turn|3\n|inactive|Time left: 300 sec this turn | 300 sec total\n|\n|t:|1783554576\n|move|p1a: Tauros|Raging Bull|p2a: Okidogi\n|-damage|p2a: Okidogi|25/262\n|move|p2a: Okidogi|Drain Punch|p1a: Tauros\n|-damage|p1a: Tauros|37/100\n|-heal|p2a: Okidogi|51/262|[from] drain|[of] p1a: Tauros\n|\n|-heal|p2a: Okidogi|67/262|[from] item: Leftovers\n|upkeep\n|turn|4\n|inactive|Time left: 300 sec this turn | 300 sec total\n|\n|t:|1783554577\n|switch|p2a: Flygon|Flygon, L82, F|265/265\n|move|p1a: Tauros|Raging Bull|p2a: Flygon\n|-resisted|p2a: Flygon\n|-damage|p2a: Flygon|189/265\n|\n|upkeep\n|turn|5\n|inactive|Time left: 300 sec this turn | 300 sec total\n|\n|t:|1783554579\n|move|p2a: Flygon|Earthquake|p1a: Tauros\n|-supereffective|p1a: Tauros\n|-damage|p1a: Tauros|0 fnt\n|faint|p1a: Tauros\n|\n|upkeep\n|\n|t:|1783554580\n|switch|p1a: Minior|Minior-Orange, L79|100/100\n|-formechange|p1a: Minior|Minior-Meteor||[from] ability: Shields Down\n|turn|6\n|inactive|Time left: 300 sec this turn | 300 sec total\n|\n|t:|1783554581\n|switch|p2a: Zebstrika|Zebstrika, L87, F|272/272\n|move|p1a: Minior|Shell Smash|p1a: Minior\n|-unboost|p1a: Minior|def|1\n|-unboost|p1a: Minior|spd|1\n|-boost|p1a: Minior|atk|2\n|-boost|p1a: Minior|spa|2\n|-boost|p1a: Minior|spe|2\n|-enditem|p1a: Minior|White Herb\n|-clearnegativeboost|p1a: Minior|[silent]\n|\n|upkeep\n|turn|7\n|inactive|Time left: 300 sec this turn | 300 sec total\n|\n|t:|1783554582\n|-terastallize|p1a: Minior|Flying\n|move|p1a: Minior|Acrobatics|p2a: Zebstrika\n|-resisted|p2a: Zebstrika\n|-damage|p2a: Zebstrika|158/272\n|move|p2a: Zebstrika|Supercell Slam|p1a: Minior\n|-supereffective|p1a: Minior\n|-damage|p1a: Minior|0 fnt\n|faint|p1a: Minior\n|-damage|p2a: Zebstrika|131/272|[from] item: Life Orb\n|\n|upkeep\n|\n|t:|1783554583\n|switch|p1a: Grimmsnarl|Grimmsnarl, L83, M|100/100\n|turn|8\n|inactive|Time left: 300 sec this turn | 300 sec total\n|\n|t:|1783554585\n|move|p2a: Zebstrika|Volt Switch|p1a: Grimmsnarl\n|-damage|p1a: Grimmsnarl|64/100\n|-damage|p2a: Zebstrika|104/272|[from] item: Life Orb\n|inactive|Time left: 300 sec this turn | 300 sec total | 5 sec grace\n|\n|t:|1783554586\n|switch|p2a: Grimmsnarl|Grimmsnarl, L83, M|293/293|[from] Volt Switch\n|move|p1a: Grimmsnarl|Spirit Break|p2a: Grimmsnarl\n|-supereffective|p2a: Grimmsnarl\n|-damage|p2a: Grimmsnarl|39/293\n|-unboost|p2a: Grimmsnarl|spa|1\n|\n|upkeep\n|turn|9\n|inactive|Time left: 300 sec this turn | 300 sec total\n|\n|t:|1783554587\n|move|p1a: Grimmsnarl|Spirit Break|p2a: Grimmsnarl\n|-supereffective|p2a: Grimmsnarl\n|-damage|p2a: Grimmsnarl|0 fnt\n|faint|p2a: Grimmsnarl\n|\n|upkeep\n|inactive|Time left: 300 sec this turn | 300 sec total | 5 sec grace\n|\n|t:|1783554588\n|switch|p2a: Okidogi|Okidogi, L77, M|67/262\n|turn|10\n|inactive|Time left: 300 sec this turn | 300 sec total\n|\n|t:|1783554589\n|move|p2a: Okidogi|Gunk Shot|p1a: Grimmsnarl|[miss]\n|-miss|p2a: Okidogi|p1a: Grimmsnarl\n|move|p1a: Grimmsnarl|Spirit Break|p2a: Okidogi\n|-damage|p2a: Okidogi|0 fnt\n|faint|p2a: Okidogi\n|\n|upkeep\n|inactive|Time left: 300 sec this turn | 300 sec total | 5 sec grace\n|\n|t:|1783554590\n|switch|p2a: Cobalion|Cobalion, L80|277/277\n|turn|11\n|inactive|Time left: 300 sec this turn | 300 sec total\n|\n|t:|1783554590\n|move|p1a: Grimmsnarl|Reflect|p1a: Grimmsnarl\n|-sidestart|p1: p0x1256b5cc|Reflect\n|move|p2a: Cobalion|Flash Cannon|p1a: Grimmsnarl\n|-supereffective|p1a: Grimmsnarl\n|-damage|p1a: Grimmsnarl|3/100\n|\n|upkeep\n|turn|12\n|inactive|Time left: 300 sec this turn | 300 sec total\n|\n|t:|1783554591\n|move|p2a: Cobalion|Vacuum Wave|p1a: Grimmsnarl\n|-damage|p1a: Grimmsnarl|0 fnt\n|faint|p1a: Grimmsnarl\n|\n|upkeep\n|\n|t:|1783554592\n|switch|p1a: Charizard|Charizard, L85, F|100/100\n|turn|13\n|inactive|Time left: 300 sec this turn | 300 sec total\n|\n|t:|1783554593\n|move|p2a: Cobalion|Calm Mind|p2a: Cobalion\n|-boost|p2a: Cobalion|spa|1\n|-boost|p2a: Cobalion|spd|1\n|move|p1a: Charizard|Swords Dance|p1a: Charizard\n|-boost|p1a: Charizard|atk|2\n|\n|upkeep\n|turn|14\n|inactive|Time left: 300 sec this turn | 300 sec total\n|\n|t:|1783554594\n|move|p2a: Cobalion|Flash Cannon|p1a: Charizard\n|-resisted|p1a: Charizard\n|-damage|p1a: Charizard|81/100\n|-unboost|p1a: Charizard|spd|1\n|move|p1a: Charizard|Flare Blitz|p2a: Cobalion\n|-supereffective|p2a: Cobalion\n|-damage|p2a: Cobalion|0 fnt\n|faint|p2a: Cobalion\n|-damage|p1a: Charizard|47/100|[from] Recoil\n|\n|upkeep\n|inactive|Time left: 300 sec this turn | 300 sec total | 5 sec grace\n|\n|t:|1783554595\n|switch|p2a: Zebstrika|Zebstrika, L87, F|104/272\n|turn|15\n|inactive|Time left: 300 sec this turn | 300 sec total\n|\n|t:|1783554596\n|switch|p1a: Gastrodon|Gastrodon-East, L86, F|100/100\n|move|p2a: Zebstrika|Volt Switch|p1a: Gastrodon\n|-immune|p1a: Gastrodon\n|\n|upkeep\n|turn|16\n|inactive|Time left: 300 sec this turn | 300 sec total\n|\n|t:|1783554597\n|switch|p2a: Donphan|Donphan, L84, M|288/288\n|move|p1a: Gastrodon|Surf|p2a: Donphan\n|-supereffective|p2a: Donphan\n|-damage|p2a: Donphan|30/288\n|\n|-heal|p2a: Donphan|48/288|[from] item: Leftovers\n|upkeep\n|turn|17\n|inactive|Time left: 300 sec this turn | 300 sec total\n|\n|t:|1783554598\n|switch|p2a: Flygon|Flygon, L82, F|189/265\n|move|p1a: Gastrodon|Surf|p2a: Flygon\n|-damage|p2a: Flygon|90/265\n|\n|upkeep\n|turn|18\n|inactive|Time left: 300 sec this turn | 300 sec total\n|\n|t:|1783554599\n|move|p2a: Flygon|U-turn|p1a: Gastrodon\n|-damage|p1a: Gastrodon|92/100\n|inactive|Time left: 300 sec this turn | 300 sec total | 5 sec grace\n|\n|t:|1783554600\n|switch|p2a: Zebstrika|Zebstrika, L87, F|104/272|[from] U-turn\n|move|p1a: Gastrodon|Surf|p2a: Zebstrika\n|-crit|p2a: Zebstrika\n|-damage|p2a: Zebstrika|0 fnt\n|faint|p2a: Zebstrika\n|\n|-heal|p1a: Gastrodon|98/100|[from] item: Leftovers\n|-sideend|p1: p0x1256b5cc|Reflect\n|upkeep\n|inactive|Time left: 300 sec this turn | 300 sec total | 10 sec grace\n|\n|t:|1783554601\n|switch|p2a: Donphan|Donphan, L84, M|48/288\n|turn|19\n|inactive|Time left: 300 sec this turn | 300 sec total\n|\n|t:|1783554602\n|move|p2a: Donphan|Earthquake|p1a: Gastrodon\n|-damage|p1a: Gastrodon|57/100\n|move|p1a: Gastrodon|Surf|p2a: Donphan\n|-supereffective|p2a: Donphan\n|-damage|p2a: Donphan|0 fnt\n|faint|p2a: Donphan\n|\n|-heal|p1a: Gastrodon|63/100|[from] item: Leftovers\n|upkeep\n|inactive|Time left: 300 sec this turn | 300 sec total | 5 sec grace\n|\n|t:|1783554603\n|switch|p2a: Flygon|Flygon, L82, F|90/265\n|turn|20\n|inactive|Time left: 300 sec this turn | 300 sec total\n|\n|t:|1783554604\n|move|p2a: Flygon|Outrage|p1a: Gastrodon\n|-damage|p1a: Gastrodon|17/100\n|move|p1a: Gastrodon|Surf|p2a: Flygon\n|-damage|p2a: Flygon|0 fnt\n|faint|p2a: Flygon\n|\n|win|p0x1256b5cc", "uploadtime": 1783554604, "views": 0, "rating": 0, "private": 0, "password": null, "_winner": "p0x1256b5cc", "_our_name": "p0y1256833d"}