{"id": "battle-gen9randombattle-1276", "formatid": "gen9randombattle", "format": "[Gen 9] Random Battle", "players": ["p0x12760982", "p0y127671f8"], "log": "|init|battle\n|title|p0x12760982 vs. p0y127671f8\n|j|\u2606p0x12760982\n|j|\u2606p0y127671f8\n|t:|1783554804\n|gametype|singles\n|player|p1|p0x12760982|2|\n|player|p2|p0y127671f8|265|\n|gen|9\n|tier|[Gen 9] Random Battle\n|rule|Species Clause: Limit one of each Pok\u00e9mon\n|rule|HP Percentage Mod: HP is shown in percentages\n|rule|Sleep Clause Mod: Limit one foe put to sleep\n|rule|Illusion Level Mod: Illusion disguises the Pok\u00e9mon's true level\n|\n|t:|1783554804\n|teamsize|p1|6\n|teamsize|p2|6\n|start\n|switch|p1a: Samurott|Samurott-Hisui, L77, F|100/100\n|switch|p2a: Dragapult|Dragapult, L77, F|262/262\n|turn|1\n|inactive|Battle timer is ON: inactive players will automatically lose when time's up. (requested by p0y127671f8)\n|inactive|p0x12760982 also wants the timer to be on.\n|\n|t:|1783554805\n|move|p2a: Dragapult|Will-O-Wisp|p1a: Samurott\n|-status|p1a: Samurott|brn\n|move|p1a: Samurott|Ceaseless Edge|p2a: Dragapult\n|-supereffective|p2a: Dragapult\n|-damage|p2a: Dragapult|82/262\n|-start|p1a: Samurott|Disable|Ceaseless Edge|[from] ability: Cursed Body|[of] p2a: Dragapult\n|-sidestart|p2: p0y127671f8|Spikes\n|\n|-damage|p1a: Samurott|94/100 brn|[from] brn\n|upkeep\n|turn|2\n|inactive|Time left: 300 sec this turn | 300 sec total\n|\n|t:|1783554807\n|switch|p2a: Ting-Lu|Ting-Lu, L78|370/370\n|-damage|p2a: Ting-Lu|324/370|[from] Spikes\n|-ability|p2a: Ting-Lu|Vessel of Ruin\n|switch|p1a: Iron Crown|Iron Crown, L78|100/100\n|\n|-heal|p2a: Ting-Lu|347/370|[from] item: Leftovers\n|upkeep\n|turn|3\n|inactive|Time left: 300 sec this turn | 300 sec total\n|\n|t:|1783554808\n|-end|p1a: Iron Crown|Quark Drive|[silent]\n|switch|p1a: Samurott|Samurott-Hisui, L77, F|94/100 brn\n|move|p2a: Ting-Lu|Earthquake|p1a: Samurott\n|-damage|p1a: Samurott|50/100 brn\n|\n|-heal|p2a: Ting-Lu|370/370|[from] item: Leftovers\n|-damage|p1a: Samurott|44/100 brn|[from] brn\n|upkeep\n|turn|4\n|inactive|Time left: 300 sec this turn | 300 sec total\n|\n|t:|1783554809\n|move|p1a: Samurott|Ceaseless Edge|p2a: Ting-Lu\n|-resisted|p2a: Ting-Lu\n|-damage|p2a: Ting-Lu|344/370\n|-sidestart|p2: p0y127671f8|Spikes\n|move|p2a: Ting-Lu|Spikes|p1a: Samurott\n|-sidestart|p1: p0x12760982|Spikes\n|\n|-heal|p2a: Ting-Lu|367/370|[from] item: Leftovers\n|-damage|p1a: Samurott|38/100 brn|[from] brn\n|upkeep\n|turn|5\n|inactive|Time left: 300 sec this turn | 300 sec total\n|\n|t:|1783554810\n|move|p1a: Samurott|Ceaseless Edge|p2a: Ting-Lu\n|-resisted|p2a: Ting-Lu\n|-damage|p2a: Ting-Lu|338/370\n|-sidestart|p2: p0y127671f8|Spikes\n|move|p2a: Ting-Lu|Stealth Rock|p1a: Samurott\n|-sidestart|p1: p0x12760982|move: Stealth Rock\n|\n|-heal|p2a: Ting-Lu|361/370|[from] item: Leftovers\n|-damage|p1a: Samurott|32/100 brn|[from] brn\n|upkeep\n|turn|6\n|inactive|Time left: 300 sec this turn | 300 sec total\n|\n|t:|1783554811\n|move|p1a: Samurott|Ceaseless Edge|p2a: Ting-Lu\n|-resisted|p2a: Ting-Lu\n|-damage|p2a: Ting-Lu|335/370\n|move|p2a: Ting-Lu|Spikes|p1a: Samurott\n|-sidestart|p1: p0x12760982|Spikes\n|\n|-heal|p2a: Ting-Lu|358/370|[from] item: Leftovers\n|-damage|p1a: Samurott|26/100 brn|[from] brn\n|upkeep\n|turn|7\n|inactive|Time left: 300 sec this turn | 300 sec total\n|\n|t:|1783554813\n|move|p1a: Samurott|Ceaseless Edge|p2a: Ting-Lu\n|-resisted|p2a: Ting-Lu\n|-damage|p2a: Ting-Lu|330/370\n|move|p2a: Ting-Lu|Spikes|p1a: Samurott\n|-sidestart|p1: p0x12760982|Spikes\n|\n|-heal|p2a: Ting-Lu|353/370|[from] item: Leftovers\n|-damage|p1a: Samurott|20/100 brn|[from] brn\n|upkeep\n|turn|8\n|inactive|Time left: 300 sec this turn | 300 sec total\n|\n|t:|1783554814\n|move|p1a: Samurott|Ceaseless Edge|p2a: Ting-Lu\n|-resisted|p2a: Ting-Lu\n|-damage|p2a: Ting-Lu|326/370\n|move|p2a: Ting-Lu|Earthquake|p1a: Samurott\n|-damage|p1a: Samurott|0 fnt\n|faint|p1a: Samurott\n|\n|-heal|p2a: Ting-Lu|349/370|[from] item: Leftovers\n|upkeep\n|\n|t:|1783554815\n|switch|p1a: Slaking|Slaking, L84, M|100/100\n|-damage|p1a: Slaking|76/100|[from] Spikes\n|-damage|p1a: Slaking|63/100|[from] Stealth Rock\n|turn|9\n|inactive|Time left: 300 sec this turn | 300 sec total\n|\n|t:|1783554816\n|move|p1a: Slaking|Giga Impact|p2a: Ting-Lu\n|-crit|p2a: Ting-Lu\n|-damage|p2a: Ting-Lu|0 fnt\n|-mustrecharge|p1a: Slaking\n|faint|p2a: Ting-Lu\n|\n|upkeep\n|inactive|Time left: 300 sec this turn | 300 sec total | 5 sec grace\n|\n|t:|1783554817\n|switch|p2a: Dragapult|Dragapult, L77, F|82/262\n|turn|10\n|inactive|Time left: 300 sec this turn | 300 sec total\n|\n|t:|1783554818\n|move|p2a: Dragapult|Will-O-Wisp|p1a: Slaking\n|-status|p1a: Slaking|brn\n|cant|p1a: Slaking|recharge\n|\n|-damage|p1a: Slaking|57/100 brn|[from] brn\n|upkeep\n|turn|11\n|inactive|Time left: 300 sec this turn | 300 sec total\n|\n|t:|1783554819\n|move|p2a: Dragapult|Dragon Darts|p1a: Slaking\n|-damage|p1a: Slaking|46/100 brn\n|-anim|p2a: Dragapult|Dragon Darts|p1a: Slaking\n|-damage|p1a: Slaking|33/100 brn\n|move|p1a: Slaking|Giga Impact|p2a: Dragapult\n|-immune|p2a: Dragapult\n|\n|-damage|p1a: Slaking|27/100 brn|[from] brn\n|upkeep\n|turn|12\n|inactive|Time left: 300 sec this turn | 300 sec total\n|\n|t:|1783554820\n|move|p2a: Dragapult|Dragon Darts|p1a: Slaking\n|-damage|p1a: Slaking|15/100 brn\n|-anim|p2a: Dragapult|Dragon Darts|p1a: Slaking\n|-damage|p1a: Slaking|2/100 brn\n|cant|p1a: Slaking|ability: Truant\n|\n|-damage|p1a: Slaking|0 fnt|[from] brn\n|faint|p1a: Slaking\n|upkeep\n|\n|t:|1783554821\n|switch|p1a: Iron Crown|Iron Crown, L78|100/100\n|-damage|p1a: Iron Crown|75/100|[from] Spikes\n|-damage|p1a: Iron Crown|70/100|[from] Stealth Rock\n|turn|13\n|inactive|Time left: 300 sec this turn | 300 sec total\n|\n|t:|1783554822\n|move|p2a: Dragapult|Hex|p1a: Iron Crown\n|-supereffective|p1a: Iron Crown\n|-damage|p1a: Iron Crown|27/100\n|move|p1a: Iron Crown|Psyshock|p2a: Dragapult\n|-damage|p2a: Dragapult|0 fnt\n|faint|p2a: Dragapult\n|\n|-heal|p1a: Iron Crown|33/100|[from] item: Leftovers\n|upkeep\n|inactive|Time left: 300 sec this turn | 300 sec total | 5 sec grace\n|\n|t:|1783554823\n|switch|p2a: Gardevoir|Gardevoir, L83, F|249/249\n|-damage|p2a: Gardevoir|187/249|[from] Spikes\n|turn|14\n|inactive|Time left: 300 sec this turn | 300 sec total\n|\n|t:|1783554824\n|move|p2a: Gardevoir|Mystical Fire|p1a: Iron Crown\n|-supereffective|p1a: Iron Crown\n|-damage|p1a: Iron Crown|0 fnt\n|faint|p1a: Iron Crown\n|-end|p1a: Iron Crown|Quark Drive|[silent]\n|\n|upkeep\n|\n|t:|1783554825\n|switch|p1a: Mienshao|Mienshao, L83, F|100/100\n|-ability|p2a: Gardevoir|Reckless|Trace|[from] ability: Trace|[of] p1a: Mienshao\n|-damage|p1a: Mienshao|76/100|[from] Spikes\n|-damage|p1a: Mienshao|70/100|[from] Stealth Rock\n|turn|15\n|inactive|Time left: 300 sec this turn | 300 sec total\n|\n|t:|1783554826\n|move|p2a: Gardevoir|Mystical Fire|p1a: Mienshao\n|-damage|p1a: Mienshao|36/100\n|-unboost|p1a: Mienshao|spa|1\n|move|p1a: Mienshao|Knock Off|p2a: Gardevoir\n|-damage|p2a: Gardevoir|40/249\n|-enditem|p2a: Gardevoir|Choice Scarf|[from] move: Knock Off|[of] p1a: Mienshao\n|\n|upkeep\n|turn|16\n|inactive|Time left: 300 sec this turn | 300 sec total\n|\n|t:|1783554828\n|switch|p2a: Golem|Golem-Alola, L93, F|300/300\n|-damage|p2a: Golem|225/300|[from] Spikes\n|move|p1a: Mienshao|Knock Off|p2a: Golem\n|-damage|p2a: Golem|148/300\n|-enditem|p2a: Golem|Choice Band|[from] move: Knock Off|[of] p1a: Mienshao\n|\n|upkeep\n|turn|17\n|inactive|Time left: 300 sec this turn | 300 sec total\n|\n|t:|1783554829\n|move|p1a: Mienshao|Knock Off|p2a: Golem\n|-damage|p2a: Golem|88/300\n|move|p2a: Golem|Earthquake|p1a: Mienshao\n|-damage|p1a: Mienshao|0 fnt\n|faint|p1a: Mienshao\n|\n|upkeep\n|\n|t:|1783554830\n|switch|p1a: Raging Bolt|Raging Bolt, L78|100/100\n|-damage|p1a: Raging Bolt|76/100|[from] Spikes\n|-damage|p1a: Raging Bolt|63/100|[from] Stealth Rock\n|turn|18\n|inactive|Time left: 300 sec this turn | 300 sec total\n|\n|t:|1783554831\n|move|p1a: Raging Bolt|Draco Meteor|p2a: Golem\n|-damage|p2a: Golem|0 fnt\n|-unboost|p1a: Raging Bolt|spa|2\n|faint|p2a: Golem\n|\n|upkeep\n|inactive|Time left: 300 sec this turn | 300 sec total | 5 sec grace\n|\n|t:|1783554832\n|switch|p2a: Greedent|Greedent, L86, M|347/347\n|-damage|p2a: Greedent|261/347|[from] Spikes\n|turn|19\n|inactive|Time left: 300 sec this turn | 300 sec total\n|\n|t:|1783554833\n|move|p1a: Raging Bolt|Discharge|p2a: Greedent\n|-damage|p2a: Greedent|210/347\n|move|p2a: Greedent|Swords Dance|p2a: Greedent\n|-boost|p2a: Greedent|atk|2\n|\n|upkeep\n|turn|20\n|inactive|Time left: 300 sec this turn | 300 sec total\n|\n|t:|1783554834\n|move|p1a: Raging Bolt|Draco Meteor|p2a: Greedent\n|-damage|p2a: Greedent|120/347\n|-unboost|p1a: Raging Bolt|spa|2\n|-enditem|p2a: Greedent|Sitrus Berry|[eat]\n|-heal|p2a: Greedent|206/347|[from] item: Sitrus Berry\n|-heal|p2a: Greedent|321/347|[from] ability: Cheek Pouch\n|move|p2a: Greedent|Earthquake|p1a: Raging Bolt\n|-supereffective|p1a: Raging Bolt\n|-damage|p1a: Raging Bolt|0 fnt\n|faint|p1a: Raging Bolt\n|-end|p1a: Raging Bolt|Protosynthesis|[silent]\n|\n|upkeep\n|\n|t:|1783554835\n|switch|p1a: Muk|Muk, L86, F|100/100\n|-damage|p1a: Muk|76/100|[from] Spikes\n|-damage|p1a: Muk|63/100|[from] Stealth Rock\n|turn|21\n|inactive|Time left: 300 sec this turn | 300 sec total\n|\n|t:|1783554836\n|-terastallize|p1a: Muk|Dark\n|-terastallize|p2a: Greedent|Ghost\n|move|p1a: Muk|Shadow Sneak|p2a: Greedent\n|-supereffective|p2a: Greedent\n|-damage|p2a: Greedent|259/347\n|move|p2a: Greedent|Double-Edge|p1a: Muk\n|-damage|p1a: Muk|0 fnt\n|faint|p1a: Muk\n|-damage|p2a: Greedent|193/347|[from] Recoil\n|\n|win|p0y127671f8", "uploadtime": 1783554836, "views": 0, "rating": 0, "private": 0, "password": null, "_winner": "p0y127671f8", "_our_name": "p0y127671f8"}