{"id": "battle-gen9randombattle-1891", "formatid": "gen9randombattle", "format": "[Gen 9] Random Battle", "players": ["p0x189102e2", "p0y18910b3a"], "log": "|init|battle\n|title|p0x189102e2 vs. p0y18910b3a\n|j|\u2606p0x189102e2\n|j|\u2606p0y18910b3a\n|t:|1783561898\n|gametype|singles\n|player|p1|p0x189102e2|1|\n|player|p2|p0y18910b3a|170|\n|gen|9\n|tier|[Gen 9] Random Battle\n|rule|Species Clause: Limit one of each Pok\u00e9mon\n|rule|HP Percentage Mod: HP is shown in percentages\n|rule|Sleep Clause Mod: Limit one foe put to sleep\n|rule|Illusion Level Mod: Illusion disguises the Pok\u00e9mon's true level\n|\n|t:|1783561898\n|teamsize|p1|6\n|teamsize|p2|6\n|start\n|switch|p1a: Clawitzer|Clawitzer, L87, F|100/100\n|switch|p2a: Tsareena|Tsareena, L87, F|267/267\n|turn|1\n|inactive|Battle timer is ON: inactive players will automatically lose when time's up. (requested by p0y18910b3a)\n|inactive|p0x189102e2 also wants the timer to be on.\n|\n|t:|1783561900\n|switch|p1a: Fezandipiti|Fezandipiti, L82, M|100/100\n|move|p2a: Tsareena|Power Whip|p1a: Fezandipiti|[miss]\n|-miss|p2a: Tsareena|p1a: Fezandipiti\n|\n|upkeep\n|turn|2\n|inactive|Time left: 300 sec this turn | 300 sec total\n|\n|t:|1783561901\n|move|p1a: Fezandipiti|Gunk Shot|p2a: Tsareena\n|-supereffective|p2a: Tsareena\n|-damage|p2a: Tsareena|63/267\n|-status|p2a: Tsareena|psn\n|move|p2a: Tsareena|Power Whip|p1a: Fezandipiti\n|-resisted|p1a: Fezandipiti\n|-damage|p1a: Fezandipiti|71/100\n|\n|-heal|p1a: Fezandipiti|77/100|[from] item: Leftovers\n|-damage|p2a: Tsareena|30/267 psn|[from] psn\n|upkeep\n|turn|3\n|inactive|Time left: 300 sec this turn | 300 sec total\n|\n|t:|1783561902\n|switch|p2a: Vikavolt|Vikavolt, L83, M|263/263\n|move|p1a: Fezandipiti|Gunk Shot|p2a: Vikavolt\n|-damage|p2a: Vikavolt|149/263\n|\n|-heal|p1a: Fezandipiti|84/100|[from] item: Leftovers\n|upkeep\n|turn|4\n|inactive|Time left: 300 sec this turn | 300 sec total\n|\n|t:|1783561903\n|move|p1a: Fezandipiti|Moonblast|p2a: Vikavolt\n|-damage|p2a: Vikavolt|64/263\n|move|p2a: Vikavolt|Sticky Web|p1a: Fezandipiti\n|-sidestart|p1: p0x189102e2|move: Sticky Web\n|\n|-heal|p1a: Fezandipiti|90/100|[from] item: Leftovers\n|upkeep\n|turn|5\n|inactive|Time left: 300 sec this turn | 300 sec total\n|\n|t:|1783561904\n|switch|p2a: Camerupt|Camerupt, L91, F|275/275\n|move|p1a: Fezandipiti|Moonblast|p2a: Camerupt\n|-resisted|p2a: Camerupt\n|-damage|p2a: Camerupt|238/275\n|-unboost|p2a: Camerupt|spa|1\n|-status|p2a: Camerupt|tox|[from] ability: Toxic Chain|[of] p1a: Fezandipiti\n|\n|-heal|p1a: Fezandipiti|96/100|[from] item: Leftovers\n|-heal|p2a: Camerupt|255/275 tox|[from] item: Leftovers\n|-damage|p2a: Camerupt|238/275 tox|[from] psn\n|upkeep\n|turn|6\n|inactive|Time left: 300 sec this turn | 300 sec total\n|\n|t:|1783561905\n|switch|p1a: Cyclizar|Cyclizar, L84, F|100/100\n|move|p2a: Camerupt|Earthquake|p1a: Cyclizar\n|-damage|p1a: Cyclizar|34/100\n|\n|-heal|p2a: Camerupt|255/275 tox|[from] item: Leftovers\n|-damage|p2a: Camerupt|221/275 tox|[from] psn\n|upkeep\n|turn|7\n|inactive|Time left: 300 sec this turn | 300 sec total\n|\n|t:|1783561906\n|move|p1a: Cyclizar|Rapid Spin|p2a: Camerupt\n|-damage|p2a: Camerupt|164/275 tox\n|-boost|p1a: Cyclizar|spe|1\n|-sideend|p1: p0x189102e2|Sticky Web|[from] move: Rapid Spin|[of] p1a: Cyclizar\n|move|p2a: Camerupt|Earthquake|p1a: Cyclizar\n|-damage|p1a: Cyclizar|0 fnt\n|faint|p1a: Cyclizar\n|\n|-heal|p2a: Camerupt|181/275 tox|[from] item: Leftovers\n|-damage|p2a: Camerupt|130/275 tox|[from] psn\n|upkeep\n|\n|t:|1783561907\n|switch|p1a: Polteageist|Polteageist, L78|100/100\n|turn|8\n|inactive|Time left: 300 sec this turn | 300 sec total\n|\n|t:|1783561908\n|move|p1a: Polteageist|Shell Smash|p1a: Polteageist\n|-unboost|p1a: Polteageist|def|1\n|-unboost|p1a: Polteageist|spd|1\n|-boost|p1a: Polteageist|atk|2\n|-boost|p1a: Polteageist|spa|2\n|-boost|p1a: Polteageist|spe|2\n|-enditem|p1a: Polteageist|White Herb\n|-clearnegativeboost|p1a: Polteageist|[silent]\n|move|p2a: Camerupt|Earthquake|p1a: Polteageist\n|-damage|p1a: Polteageist|30/100\n|\n|-heal|p2a: Camerupt|147/275 tox|[from] item: Leftovers\n|-damage|p2a: Camerupt|79/275 tox|[from] psn\n|upkeep\n|turn|9\n|inactive|Time left: 300 sec this turn | 300 sec total\n|\n|t:|1783561909\n|move|p1a: Polteageist|Stored Power|p2a: Camerupt\n|-damage|p2a: Camerupt|0 fnt\n|faint|p2a: Camerupt\n|\n|upkeep\n|inactive|Time left: 300 sec this turn | 300 sec total | 5 sec grace\n|\n|t:|1783561910\n|switch|p2a: Hydreigon|Hydreigon, L79, M|275/275\n|turn|10\n|inactive|Time left: 300 sec this turn | 300 sec total\n|\n|t:|1783561911\n|-terastallize|p1a: Polteageist|Fighting\n|move|p1a: Polteageist|Tera Blast|p2a: Hydreigon|[anim] Tera Blast Fighting\n|-supereffective|p2a: Hydreigon\n|-damage|p2a: Hydreigon|0 fnt\n|faint|p2a: Hydreigon\n|\n|upkeep\n|inactive|Time left: 300 sec this turn | 300 sec total | 5 sec grace\n|\n|t:|1783561911\n|switch|p2a: Palkia|Palkia, L75|259/259\n|-ability|p2a: Palkia|Pressure\n|turn|11\n|inactive|Time left: 300 sec this turn | 300 sec total\n|\n|t:|1783561912\n|move|p1a: Polteageist|Stored Power|p2a: Palkia\n|-damage|p2a: Palkia|53/259\n|move|p2a: Palkia|Fire Blast|p1a: Polteageist\n|-damage|p1a: Polteageist|0 fnt\n|-start|p2a: Palkia|Disable|Fire Blast|[from] ability: Cursed Body|[of] p1a: Polteageist\n|faint|p1a: Polteageist\n|\n|upkeep\n|\n|t:|1783561913\n|switch|p1a: Lilligant|Lilligant, L86, F|100/100\n|turn|12\n|inactive|Time left: 300 sec this turn | 300 sec total\n|\n|t:|1783561914\n|switch|p2a: Leafeon|Leafeon, L88, F|258/258\n|move|p1a: Lilligant|Petal Dance|p2a: Leafeon\n|-resisted|p2a: Leafeon\n|-damage|p2a: Leafeon|144/258\n|-damage|p1a: Lilligant|91/100|[from] item: Life Orb\n|\n|upkeep\n|turn|13\n|inactive|Time left: 300 sec this turn | 300 sec total\n|\n|t:|1783561915\n|move|p2a: Leafeon|Swords Dance|p2a: Leafeon\n|-boost|p2a: Leafeon|atk|2\n|move|p1a: Lilligant|Petal Dance|p2a: Leafeon|[from] lockedmove\n|-resisted|p2a: Leafeon\n|-damage|p2a: Leafeon|31/258\n|-damage|p1a: Lilligant|81/100|[from] item: Life Orb\n|\n|upkeep\n|turn|14\n|inactive|Time left: 300 sec this turn | 300 sec total\n|\n|t:|1783561916\n|move|p2a: Leafeon|Knock Off|p1a: Lilligant\n|-damage|p1a: Lilligant|0 fnt\n|-enditem|p1a: Lilligant|Life Orb|[from] move: Knock Off|[of] p2a: Leafeon\n|faint|p1a: Lilligant\n|-damage|p2a: Leafeon|6/258|[from] item: Life Orb\n|\n|upkeep\n|\n|t:|1783561917\n|switch|p1a: Fezandipiti|Fezandipiti, L82, M|96/100\n|turn|15\n|inactive|Time left: 300 sec this turn | 300 sec total\n|\n|t:|1783561918\n|move|p2a: Leafeon|Synthesis|p2a: Leafeon\n|-heal|p2a: Leafeon|135/258\n|move|p1a: Fezandipiti|Gunk Shot|p2a: Leafeon\n|-supereffective|p2a: Leafeon\n|-damage|p2a: Leafeon|0 fnt\n|faint|p2a: Leafeon\n|\n|-heal|p1a: Fezandipiti|100/100|[from] item: Leftovers\n|upkeep\n|inactive|Time left: 300 sec this turn | 300 sec total | 5 sec grace\n|\n|t:|1783561919\n|switch|p2a: Tsareena|Tsareena, L87, F|30/267 psn\n|turn|16\n|inactive|Time left: 300 sec this turn | 300 sec total\n|\n|t:|1783561920\n|move|p1a: Fezandipiti|Moonblast|p2a: Tsareena\n|-damage|p2a: Tsareena|0 fnt\n|faint|p2a: Tsareena\n|\n|upkeep\n|inactive|Time left: 300 sec this turn | 300 sec total | 5 sec grace\n|\n|t:|1783561921\n|switch|p2a: Palkia|Palkia, L75|53/259\n|-ability|p2a: Palkia|Pressure\n|turn|17\n|inactive|Time left: 300 sec this turn | 300 sec total\n|\n|t:|1783561922\n|-terastallize|p2a: Palkia|Water\n|move|p1a: Fezandipiti|Moonblast|p2a: Palkia\n|-damage|p2a: Palkia|0 fnt\n|faint|p2a: Palkia\n|\n|upkeep\n|inactive|Time left: 300 sec this turn | 300 sec total | 5 sec grace\n|\n|t:|1783561922\n|switch|p2a: Vikavolt|Vikavolt, L83, M|64/263\n|turn|18\n|inactive|Time left: 300 sec this turn | 300 sec total\n|\n|t:|1783561923\n|move|p1a: Fezandipiti|Moonblast|p2a: Vikavolt\n|-damage|p2a: Vikavolt|0 fnt\n|faint|p2a: Vikavolt\n|\n|win|p0x189102e2", "uploadtime": 1783561923, "views": 0, "rating": 0, "private": 0, "password": null, "_winner": "p0x189102e2", "_our_name": "p0y18910b3a"}