{"id": "battle-gen9randombattle-2401", "formatid": "gen9randombattle", "format": "[Gen 9] Random Battle", "players": ["p0x2401a316", "p0y2401a6eb"], "log": "|init|battle\n|title|p0x2401a316 vs. p0y2401a6eb\n|j|\u2606p0x2401a316\n|j|\u2606p0y2401a6eb\n|t:|1783567845\n|gametype|singles\n|player|p1|p0x2401a316|1|\n|player|p2|p0y2401a6eb|2|\n|gen|9\n|tier|[Gen 9] Random Battle\n|rule|Species Clause: Limit one of each Pok\u00e9mon\n|rule|HP Percentage Mod: HP is shown in percentages\n|rule|Sleep Clause Mod: Limit one foe put to sleep\n|rule|Illusion Level Mod: Illusion disguises the Pok\u00e9mon's true level\n|\n|t:|1783567845\n|teamsize|p1|6\n|teamsize|p2|6\n|start\n|switch|p1a: Forretress|Forretress, L84, F|263/263\n|switch|p2a: Mienshao|Mienshao, L83, F|100/100\n|turn|1\n|inactive|Battle timer is ON: inactive players will automatically lose when time's up. (requested by p0y2401a6eb)\n|inactive|Time left: 300 sec this turn | 300 sec total | 60 sec grace\n|inactive|p0x2401a316 also wants the timer to be on.\n|\n|t:|1783567847\n|switch|p2a: Hatterene|Hatterene, L85, F|100/100\n|move|p1a: Forretress|Iron Head|p2a: Hatterene\n|-supereffective|p2a: Hatterene\n|-damage|p2a: Hatterene|34/100\n|\n|-heal|p2a: Hatterene|39/100|[from] item: Leftovers\n|upkeep\n|turn|2\n|inactive|Time left: 300 sec this turn | 300 sec total\n|\n|t:|1783567848\n|switch|p2a: Cloyster|Cloyster, L80, F|100/100\n|move|p1a: Forretress|Iron Head|p2a: Cloyster\n|-damage|p2a: Cloyster|78/100\n|\n|upkeep\n|turn|3\n|inactive|Time left: 300 sec this turn | 300 sec total\n|\n|t:|1783567849\n|move|p2a: Cloyster|Shell Smash|p2a: Cloyster\n|-unboost|p2a: Cloyster|def|1\n|-unboost|p2a: Cloyster|spd|1\n|-boost|p2a: Cloyster|atk|2\n|-boost|p2a: Cloyster|spa|2\n|-boost|p2a: Cloyster|spe|2\n|-enditem|p2a: Cloyster|White Herb\n|-clearnegativeboost|p2a: Cloyster|[silent]\n|move|p1a: Forretress|Body Press|p2a: Cloyster\n|-supereffective|p2a: Cloyster\n|-damage|p2a: Cloyster|32/100\n|\n|upkeep\n|turn|4\n|inactive|Time left: 300 sec this turn | 300 sec total\n|\n|t:|1783567851\n|move|p2a: Cloyster|Icicle Spear|p1a: Forretress\n|-resisted|p1a: Forretress\n|-damage|p1a: Forretress|247/263\n|-resisted|p1a: Forretress\n|-damage|p1a: Forretress|229/263\n|-resisted|p1a: Forretress\n|-damage|p1a: Forretress|214/263\n|-resisted|p1a: Forretress\n|-damage|p1a: Forretress|198/263\n|-resisted|p1a: Forretress\n|-damage|p1a: Forretress|181/263\n|-hitcount|p1a: Forretress|5\n|move|p1a: Forretress|Body Press|p2a: Cloyster\n|-supereffective|p2a: Cloyster\n|-crit|p2a: Cloyster\n|-damage|p2a: Cloyster|0 fnt\n|faint|p2a: Cloyster\n|\n|-heal|p1a: Forretress|197/263|[from] item: Leftovers\n|upkeep\n|\n|t:|1783567852\n|switch|p2a: Mienshao|Mienshao, L83, F|100/100\n|turn|5\n|inactive|Time left: 300 sec this turn | 300 sec total\n|\n|t:|1783567853\n|move|p2a: Mienshao|Swords Dance|p2a: Mienshao\n|-boost|p2a: Mienshao|atk|2\n|move|p1a: Forretress|Iron Head|p2a: Mienshao\n|-damage|p2a: Mienshao|56/100\n|\n|-heal|p1a: Forretress|213/263|[from] item: Leftovers\n|upkeep\n|turn|6\n|inactive|Time left: 300 sec this turn | 300 sec total\n|\n|t:|1783567854\n|move|p2a: Mienshao|Close Combat|p1a: Forretress\n|-damage|p1a: Forretress|0 fnt\n|-unboost|p2a: Mienshao|def|1\n|-unboost|p2a: Mienshao|spd|1\n|faint|p1a: Forretress\n|-damage|p2a: Mienshao|46/100|[from] item: Life Orb\n|\n|upkeep\n|inactive|Time left: 300 sec this turn | 300 sec total | 5 sec grace\n|\n|t:|1783567855\n|switch|p1a: Dedenne|Dedenne, L88, M|261/261\n|turn|7\n|inactive|Time left: 300 sec this turn | 300 sec total\n|\n|t:|1783567856\n|switch|p2a: Cresselia|Cresselia, L80, F|100/100\n|move|p1a: Dedenne|Thunderbolt|p2a: Cresselia\n|-damage|p2a: Cresselia|77/100\n|\n|-heal|p2a: Cresselia|83/100|[from] item: Leftovers\n|upkeep\n|turn|8\n|inactive|Time left: 300 sec this turn | 300 sec total\n|\n|t:|1783567857\n|move|p1a: Dedenne|Nuzzle|p2a: Cresselia\n|-damage|p2a: Cresselia|79/100\n|-status|p2a: Cresselia|par\n|move|p2a: Cresselia|Calm Mind|p2a: Cresselia\n|-boost|p2a: Cresselia|spa|1\n|-boost|p2a: Cresselia|spd|1\n|\n|-heal|p2a: Cresselia|85/100 par|[from] item: Leftovers\n|upkeep\n|turn|9\n|inactive|Time left: 300 sec this turn | 300 sec total\n|\n|t:|1783567858\n|switch|p1a: Kricketune|Kricketune, L99, M|312/312\n|move|p2a: Cresselia|Psyshock|p1a: Kricketune\n|-damage|p1a: Kricketune|185/312\n|\n|-heal|p2a: Cresselia|91/100 par|[from] item: Leftovers\n|upkeep\n|turn|10\n|inactive|Time left: 300 sec this turn | 300 sec total\n|\n|t:|1783567859\n|switch|p2a: Hatterene|Hatterene, L85, F|39/100\n|move|p1a: Kricketune|Pounce|p2a: Hatterene\n|-damage|p2a: Hatterene|0 fnt\n|faint|p2a: Hatterene\n|\n|upkeep\n|\n|t:|1783567860\n|switch|p2a: Ambipom|Ambipom, L84, M|100/100\n|turn|11\n|inactive|Time left: 300 sec this turn | 300 sec total\n|\n|t:|1783567861\n|-terastallize|p1a: Kricketune|Ghost\n|move|p2a: Ambipom|Triple Axel|p1a: Kricketune\n|-damage|p1a: Kricketune|141/312\n|-damage|p1a: Kricketune|64/312\n|-damage|p1a: Kricketune|0 fnt\n|faint|p1a: Kricketune\n|-hitcount|p1: Kricketune|3\n|\n|upkeep\n|inactive|Time left: 300 sec this turn | 300 sec total | 5 sec grace\n|\n|t:|1783567862\n|switch|p1a: Zamazenta|Zamazenta, L71|248/248\n|-ability|p1a: Zamazenta|Dauntless Shield|boost\n|-boost|p1a: Zamazenta|def|1\n|turn|12\n|inactive|Time left: 300 sec this turn | 300 sec total\n|\n|t:|1783567863\n|switch|p2a: Cresselia|Cresselia, L80, F|91/100 par\n|move|p1a: Zamazenta|Body Press|p2a: Cresselia\n|-resisted|p2a: Cresselia\n|-damage|p2a: Cresselia|77/100 par\n|\n|-heal|p2a: Cresselia|83/100 par|[from] item: Leftovers\n|upkeep\n|turn|13\n|inactive|Time left: 300 sec this turn | 300 sec total\n|\n|t:|1783567864\n|move|p1a: Zamazenta|Crunch|p2a: Cresselia\n|-supereffective|p2a: Cresselia\n|-damage|p2a: Cresselia|58/100 par\n|cant|p2a: Cresselia|par\n|\n|-heal|p2a: Cresselia|64/100 par|[from] item: Leftovers\n|upkeep\n|turn|14\n|inactive|Time left: 300 sec this turn | 300 sec total\n|\n|t:|1783567865\n|move|p1a: Zamazenta|Iron Defense|p1a: Zamazenta\n|-boost|p1a: Zamazenta|def|2\n|move|p2a: Cresselia|Calm Mind|p2a: Cresselia\n|-boost|p2a: Cresselia|spa|1\n|-boost|p2a: Cresselia|spd|1\n|\n|-heal|p2a: Cresselia|70/100 par|[from] item: Leftovers\n|upkeep\n|turn|15\n|inactive|Time left: 300 sec this turn | 300 sec total\n|\n|t:|1783567866\n|move|p1a: Zamazenta|Body Press|p2a: Cresselia\n|-resisted|p2a: Cresselia\n|-damage|p2a: Cresselia|47/100 par\n|move|p2a: Cresselia|Moonblast|p1a: Zamazenta\n|-supereffective|p1a: Zamazenta\n|-damage|p1a: Zamazenta|94/248\n|\n|-heal|p2a: Cresselia|53/100 par|[from] item: Leftovers\n|upkeep\n|turn|16\n|inactive|Time left: 300 sec this turn | 300 sec total\n|\n|t:|1783567867\n|move|p1a: Zamazenta|Rest|p1a: Zamazenta\n|-status|p1a: Zamazenta|slp|[from] move: Rest\n|-heal|p1a: Zamazenta|248/248 slp|[silent]\n|-enditem|p1a: Zamazenta|Chesto Berry|[eat]\n|-curestatus|p1a: Zamazenta|slp|[msg]\n|move|p2a: Cresselia|Moonblast|p1a: Zamazenta\n|-supereffective|p1a: Zamazenta\n|-damage|p1a: Zamazenta|104/248\n|-unboost|p1a: Zamazenta|spa|1\n|\n|-heal|p2a: Cresselia|60/100 par|[from] item: Leftovers\n|upkeep\n|turn|17\n|inactive|Time left: 300 sec this turn | 300 sec total\n|\n|t:|1783567868\n|move|p1a: Zamazenta|Body Press|p2a: Cresselia\n|-resisted|p2a: Cresselia\n|-damage|p2a: Cresselia|37/100 par\n|move|p2a: Cresselia|Moonblast|p1a: Zamazenta\n|-supereffective|p1a: Zamazenta\n|-damage|p1a: Zamazenta|0 fnt\n|faint|p1a: Zamazenta\n|\n|-heal|p2a: Cresselia|44/100 par|[from] item: Leftovers\n|upkeep\n|inactive|Time left: 300 sec this turn | 300 sec total | 5 sec grace\n|\n|t:|1783567869\n|switch|p1a: Electrode|Electrode-Hisui, L87|246/246\n|turn|18\n|inactive|Time left: 300 sec this turn | 300 sec total\n|\n|t:|1783567870\n|move|p1a: Electrode|Leech Seed|p2a: Cresselia\n|-start|p2a: Cresselia|move: Leech Seed\n|move|p2a: Cresselia|Calm Mind|p2a: Cresselia\n|-boost|p2a: Cresselia|spa|1\n|-boost|p2a: Cresselia|spd|1\n|\n|-heal|p2a: Cresselia|50/100 par|[from] item: Leftovers\n|-damage|p2a: Cresselia|37/100 par|[from] Leech Seed|[of] p1a: Electrode\n|upkeep\n|turn|19\n|inactive|Time left: 300 sec this turn | 300 sec total\n|\n|t:|1783567871\n|move|p1a: Electrode|Thunderbolt|p2a: Cresselia\n|-damage|p2a: Cresselia|26/100 par\n|move|p2a: Cresselia|Moonlight|p2a: Cresselia\n|-heal|p2a: Cresselia|76/100 par\n|\n|-heal|p2a: Cresselia|82/100 par|[from] item: Leftovers\n|-damage|p2a: Cresselia|70/100 par|[from] Leech Seed|[of] p1a: Electrode\n|upkeep\n|turn|20\n|inactive|Time left: 300 sec this turn | 300 sec total\n|\n|t:|1783567872\n|move|p1a: Electrode|Substitute|p1a: Electrode\n|-start|p1a: Electrode|Substitute\n|-damage|p1a: Electrode|185/246\n|move|p2a: Cresselia|Psyshock|p1a: Electrode\n|-end|p1a: Electrode|Substitute\n|\n|-heal|p1a: Electrode|200/246|[from] item: Leftovers\n|-heal|p2a: Cresselia|76/100 par|[from] item: Leftovers\n|-damage|p2a: Cresselia|63/100 par|[from] Leech Seed|[of] p1a: Electrode\n|-heal|p1a: Electrode|240/246|[silent]\n|upkeep\n|turn|21\n|inactive|Time left: 300 sec this turn | 300 sec total\n|\n|t:|1783567873\n|move|p1a: Electrode|Substitute|p1a: Electrode\n|-start|p1a: Electrode|Substitute\n|-damage|p1a: Electrode|179/246\n|move|p2a: Cresselia|Calm Mind|p2a: Cresselia\n|-boost|p2a: Cresselia|spa|1\n|-boost|p2a: Cresselia|spd|1\n|\n|-heal|p1a: Electrode|194/246|[from] item: Leftovers\n|-heal|p2a: Cresselia|70/100 par|[from] item: Leftovers\n|-damage|p2a: Cresselia|57/100 par|[from] Leech Seed|[of] p1a: Electrode\n|-heal|p1a: Electrode|234/246|[silent]\n|upkeep\n|turn|22\n|inactive|Time left: 300 sec this turn | 300 sec total\n|\n|t:|1783567874\n|move|p1a: Electrode|Thunderbolt|p2a: Cresselia\n|-damage|p2a: Cresselia|48/100 par\n|cant|p2a: Cresselia|par\n|\n|-heal|p1a: Electrode|246/246|[from] item: Leftovers\n|-heal|p2a: Cresselia|55/100 par|[from] item: Leftovers\n|-damage|p2a: Cresselia|42/100 par|[from] Leech Seed|[of] p1a: Electrode\n|upkeep\n|turn|23\n|inactive|Time left: 300 sec this turn | 300 sec total\n|\n|t:|1783567874\n|move|p1a: Electrode|Thunderbolt|p2a: Cresselia\n|-damage|p2a: Cresselia|33/100 par\n|move|p2a: Cresselia|Moonlight|p2a: Cresselia\n|-heal|p2a: Cresselia|83/100 par\n|\n|-heal|p2a: Cresselia|89/100 par|[from] item: Leftovers\n|-damage|p2a: Cresselia|76/100 par|[from] Leech Seed|[of] p1a: Electrode\n|upkeep\n|turn|24\n|inactive|Time left: 300 sec this turn | 300 sec total\n|\n|t:|1783567875\n|move|p1a: Electrode|Thunderbolt|p2a: Cresselia\n|-damage|p2a: Cresselia|67/100 par\n|move|p2a: Cresselia|Psyshock|p1a: Electrode\n|-end|p1a: Electrode|Substitute\n|\n|-heal|p2a: Cresselia|73/100 par|[from] item: Leftovers\n|-damage|p2a: Cresselia|61/100 par|[from] Leech Seed|[of] p1a: Electrode\n|upkeep\n|turn|25\n|inactive|Time left: 300 sec this turn | 300 sec total\n|\n|t:|1783567876\n|move|p1a: Electrode|Substitute|p1a: Electrode\n|-start|p1a: Electrode|Substitute\n|-damage|p1a: Electrode|185/246\n|cant|p2a: Cresselia|par\n|\n|-heal|p1a: Electrode|200/246|[from] item: Leftovers\n|-heal|p2a: Cresselia|67/100 par|[from] item: Leftovers\n|-damage|p2a: Cresselia|55/100 par|[from] Leech Seed|[of] p1a: Electrode\n|-heal|p1a: Electrode|240/246|[silent]\n|upkeep\n|turn|26\n|inactive|Time left: 300 sec this turn | 300 sec total\n|\n|t:|1783567877\n|move|p1a: Electrode|Giga Drain|p2a: Cresselia\n|-damage|p2a: Cresselia|47/100 par\n|-heal|p1a: Electrode|246/246|[from] drain|[of] p2a: Cresselia\n|move|p2a: Cresselia|Moonlight|p2a: Cresselia\n|-heal|p2a: Cresselia|97/100 par\n|\n|-heal|p2a: Cresselia|100/100 par|[from] item: Leftovers\n|-damage|p2a: Cresselia|88/100 par|[from] Leech Seed|[of] p1a: Electrode\n|upkeep\n|turn|27\n|inactive|Time left: 300 sec this turn | 300 sec total\n|\n|t:|1783567878\n|move|p1a: Electrode|Giga Drain|p2a: Cresselia\n|-damage|p2a: Cresselia|80/100 par\n|move|p2a: Cresselia|Moonblast|p1a: Electrode\n|-end|p1a: Electrode|Substitute\n|\n|-heal|p2a: Cresselia|86/100 par|[from] item: Leftovers\n|-damage|p2a: Cresselia|74/100 par|[from] Leech Seed|[of] p1a: Electrode\n|upkeep\n|turn|28\n|inactive|Time left: 300 sec this turn | 300 sec total\n|\n|t:|1783567879\n|move|p1a: Electrode|Substitute|p1a: Electrode\n|-start|p1a: Electrode|Substitute\n|-damage|p1a: Electrode|185/246\n|move|p2a: Cresselia|Psyshock|p1a: Electrode\n|-end|p1a: Electrode|Substitute\n|\n|-heal|p1a: Electrode|200/246|[from] item: Leftovers\n|-heal|p2a: Cresselia|80/100 par|[from] item: Leftovers\n|-damage|p2a: Cresselia|67/100 par|[from] Leech Seed|[of] p1a: Electrode\n|-heal|p1a: Electrode|240/246|[silent]\n|upkeep\n|turn|29\n|inactive|Time left: 300 sec this turn | 300 sec total\n|\n|t:|1783567880\n|move|p1a: Electrode|Substitute|p1a: Electrode\n|-start|p1a: Electrode|Substitute\n|-damage|p1a: Electrode|179/246\n|cant|p2a: Cresselia|par\n|\n|-heal|p1a: Electrode|194/246|[from] item: Leftovers\n|-heal|p2a: Cresselia|74/100 par|[from] item: Leftovers\n|-damage|p2a: Cresselia|61/100 par|[from] Leech Seed|[of] p1a: Electrode\n|-heal|p1a: Electrode|234/246|[silent]\n|upkeep\n|turn|30\n|inactive|Time left: 300 sec this turn | 300 sec total\n|\n|t:|1783567881\n|move|p1a: Electrode|Giga Drain|p2a: Cresselia\n|-damage|p2a: Cresselia|54/100 par\n|-heal|p1a: Electrode|246/246|[from] drain|[of] p2a: Cresselia\n|move|p2a: Cresselia|Moonblast|p1a: Electrode\n|-end|p1a: Electrode|Substitute\n|\n|-heal|p2a: Cresselia|60/100 par|[from] item: Leftovers\n|-damage|p2a: Cresselia|48/100 par|[from] Leech Seed|[of] p1a: Electrode\n|upkeep\n|turn|31\n|inactive|Time left: 300 sec this turn | 300 sec total\n|\n|t:|1783567882\n|switch|p1a: Garganacl|Garganacl, L80, M|291/291\n|move|p2a: Cresselia|Moonlight|p2a: Cresselia\n|-heal|p2a: Cresselia|97/100 par\n|\n|-heal|p2a: Cresselia|100/100 par|[from] item: Leftovers\n|-damage|p2a: Cresselia|88/100 par|[from] Leech Seed|[of] p1a: Garganacl\n|upkeep\n|turn|32\n|inactive|Time left: 300 sec this turn | 300 sec total\n|\n|t:|1783567883\n|move|p1a: Garganacl|Salt Cure|p2a: Cresselia\n|-damage|p2a: Cresselia|76/100 par\n|-start|p2a: Cresselia|Salt Cure\n|move|p2a: Cresselia|Moonblast|p1a: Garganacl\n|-damage|p1a: Garganacl|169/291\n|-unboost|p1a: Garganacl|spa|1\n|\n|-heal|p1a: Garganacl|187/291|[from] item: Leftovers\n|-heal|p2a: Cresselia|82/100 par|[from] item: Leftovers\n|-damage|p2a: Cresselia|70/100 par|[from] Leech Seed|[of] p1a: Garganacl\n|-heal|p1a: Garganacl|227/291|[silent]\n|-damage|p2a: Cresselia|57/100 par|[from] Salt Cure\n|upkeep\n|turn|33\n|inactive|Time left: 300 sec this turn | 300 sec total\n|\n|t:|1783567884\n|move|p1a: Garganacl|Body Press|p2a: Cresselia\n|-resisted|p2a: Cresselia\n|-damage|p2a: Cresselia|48/100 par\n|move|p2a: Cresselia|Moonlight|p2a: Cresselia\n|-heal|p2a: Cresselia|98/100 par\n|\n|-heal|p1a: Garganacl|245/291|[from] item: Leftovers\n|-heal|p2a: Cresselia|100/100 par|[from] item: Leftovers\n|-damage|p2a: Cresselia|88/100 par|[from] Leech Seed|[of] p1a: Garganacl\n|-heal|p1a: Garganacl|285/291|[silent]\n|-damage|p2a: Cresselia|76/100 par|[from] Salt Cure\n|upkeep\n|turn|34\n|inactive|Time left: 300 sec this turn | 300 sec total\n|\n|t:|1783567885\n|move|p1a: Garganacl|Salt Cure|p2a: Cresselia\n|-damage|p2a: Cresselia|64/100 par\n|move|p2a: Cresselia|Calm Mind|p2a: Cresselia\n|-boost|p2a: Cresselia|spa|1\n|-boost|p2a: Cresselia|spd|1\n|\n|-heal|p1a: Garganacl|291/291|[from] item: Leftovers\n|-heal|p2a: Cresselia|70/100 par|[from] item: Leftovers\n|-damage|p2a: Cresselia|58/100 par|[from] Leech Seed|[of] p1a: Garganacl\n|-damage|p2a: Cresselia|46/100 par|[from] Salt Cure\n|upkeep\n|turn|35\n|inactive|Time left: 300 sec this turn | 300 sec total\n|\n|t:|1783567886\n|move|p1a: Garganacl|Body Press|p2a: Cresselia\n|-resisted|p2a: Cresselia\n|-damage|p2a: Cresselia|36/100 par\n|move|p2a: Cresselia|Moonlight|p2a: Cresselia\n|-heal|p2a: Cresselia|86/100 par\n|\n|-heal|p2a: Cresselia|92/100 par|[from] item: Leftovers\n|-damage|p2a: Cresselia|80/100 par|[from] Leech Seed|[of] p1a: Garganacl\n|-damage|p2a: Cresselia|68/100 par|[from] Salt Cure\n|upkeep\n|turn|36\n|inactive|Time left: 300 sec this turn | 300 sec total\n|\n|t:|1783567887\n|move|p1a: Garganacl|Iron Defense|p1a: Garganacl\n|-boost|p1a: Garganacl|def|2\n|cant|p2a: Cresselia|par\n|\n|-heal|p2a: Cresselia|74/100 par|[from] item: Leftovers\n|-damage|p2a: Cresselia|61/100 par|[from] Leech Seed|[of] p1a: Garganacl\n|-damage|p2a: Cresselia|49/100 par|[from] Salt Cure\n|upkeep\n|turn|37\n|inactive|Time left: 300 sec this turn | 300 sec total\n|\n|t:|1783567888\n|move|p1a: Garganacl|Body Press|p2a: Cresselia\n|-resisted|p2a: Cresselia\n|-damage|p2a: Cresselia|31/100 par\n|move|p2a: Cresselia|Moonlight|p2a: Cresselia\n|-heal|p2a: Cresselia|81/100 par\n|\n|-heal|p2a: Cresselia|87/100 par|[from] item: Leftovers\n|-damage|p2a: Cresselia|75/100 par|[from] Leech Seed|[of] p1a: Garganacl\n|-damage|p2a: Cresselia|63/100 par|[from] Salt Cure\n|upkeep\n|turn|38\n|inactive|Time left: 300 sec this turn | 300 sec total\n|\n|t:|1783567889\n|move|p1a: Garganacl|Body Press|p2a: Cresselia\n|-resisted|p2a: Cresselia\n|-damage|p2a: Cresselia|45/100 par\n|move|p2a: Cresselia|Moonblast|p1a: Garganacl\n|-damage|p1a: Garganacl|141/291\n|\n|-heal|p1a: Garganacl|159/291|[from] item: Leftovers\n|-heal|p2a: Cresselia|52/100 par|[from] item: Leftovers\n|-damage|p2a: Cresselia|39/100 par|[from] Leech Seed|[of] p1a: Garganacl\n|-heal|p1a: Garganacl|199/291|[silent]\n|-damage|p2a: Cresselia|27/100 par|[from] Salt Cure\n|upkeep\n|turn|39\n|inactive|Time left: 300 sec this turn | 300 sec total\n|\n|t:|1783567890\n|move|p1a: Garganacl|Body Press|p2a: Cresselia\n|-resisted|p2a: Cresselia\n|-damage|p2a: Cresselia|9/100 par\n|move|p2a: Cresselia|Moonlight|p2a: Cresselia\n|-heal|p2a: Cresselia|59/100 par\n|\n|-heal|p1a: Garganacl|217/291|[from] item: Leftovers\n|-heal|p2a: Cresselia|65/100 par|[from] item: Leftovers\n|-damage|p2a: Cresselia|53/100 par|[from] Leech Seed|[of] p1a: Garganacl\n|-heal|p1a: Garganacl|257/291|[silent]\n|-damage|p2a: Cresselia|40/100 par|[from] Salt Cure\n|upkeep\n|turn|40\n|inactive|Time left: 300 sec this turn | 300 sec total\n|\n|t:|1783567892\n|move|p1a: Garganacl|Body Press|p2a: Cresselia\n|-resisted|p2a: Cresselia\n|-damage|p2a: Cresselia|23/100 par\n|move|p2a: Cresselia|Moonblast|p1a: Garganacl\n|-damage|p1a: Garganacl|88/291\n|-unboost|p1a: Garganacl|spa|1\n|\n|-heal|p1a: Garganacl|106/291|[from] item: Leftovers\n|-heal|p2a: Cresselia|29/100 par|[from] item: Leftovers\n|-damage|p2a: Cresselia|17/100 par|[from] Leech Seed|[of] p1a: Garganacl\n|-heal|p1a: Garganacl|146/291|[silent]\n|-damage|p2a: Cresselia|4/100 par|[from] Salt Cure\n|upkeep\n|turn|41\n|inactive|Time left: 300 sec this turn | 300 sec total\n|\n|t:|1783567893\n|switch|p2a: Mienshao|Mienshao, L83, F|79/100\n|move|p1a: Garganacl|Recover|p1a: Garganacl\n|-heal|p1a: Garganacl|291/291\n|\n|upkeep\n|turn|42\n|inactive|Time left: 300 sec this turn | 300 sec total\n|\n|t:|1783567894\n|switch|p2a: Cresselia|Cresselia, L80, F|4/100 par\n|move|p1a: Garganacl|Body Press|p2a: Cresselia\n|-resisted|p2a: Cresselia\n|-damage|p2a: Cresselia|0 fnt\n|faint|p2a: Cresselia\n|\n|upkeep\n|\n|t:|1783567895\n|switch|p2a: Mienshao|Mienshao, L83, F|100/100\n|turn|43\n|inactive|Time left: 300 sec this turn | 300 sec total\n|\n|t:|1783567896\n|move|p2a: Mienshao|Swords Dance|p2a: Mienshao\n|-boost|p2a: Mienshao|atk|2\n|move|p1a: Garganacl|Body Press|p2a: Mienshao\n|-damage|p2a: Mienshao|25/100\n|\n|upkeep\n|turn|44\n|inactive|Time left: 300 sec this turn | 300 sec total\n|\n|t:|1783567897\n|move|p2a: Mienshao|Close Combat|p1a: Garganacl\n|-supereffective|p1a: Garganacl\n|-damage|p1a: Garganacl|0 fnt\n|-unboost|p2a: Mienshao|def|1\n|-unboost|p2a: Mienshao|spd|1\n|faint|p1a: Garganacl\n|-damage|p2a: Mienshao|15/100|[from] item: Life Orb\n|\n|upkeep\n|inactive|Time left: 300 sec this turn | 300 sec total | 5 sec grace\n|\n|t:|1783567898\n|switch|p1a: Dedenne|Dedenne, L88, M|261/261\n|turn|45\n|inactive|Time left: 300 sec this turn | 300 sec total\n|\n|t:|1783567899\n|move|p1a: Dedenne|Thunderbolt|p2a: Mienshao\n|-damage|p2a: Mienshao|0 fnt\n|faint|p2a: Mienshao\n|\n|upkeep\n|\n|t:|1783567900\n|switch|p2a: Ambipom|Ambipom, L84, M|100/100\n|turn|46\n|inactive|Time left: 300 sec this turn | 300 sec total\n|\n|t:|1783567901\n|-terastallize|p2a: Ambipom|Ice\n|move|p2a: Ambipom|Triple Axel|p1a: Dedenne\n|-damage|p1a: Dedenne|192/261\n|-damage|p1a: Dedenne|71/261\n|-enditem|p1a: Dedenne|Sitrus Berry|[eat]\n|-heal|p1a: Dedenne|136/261|[from] item: Sitrus Berry\n|-heal|p1a: Dedenne|223/261|[from] ability: Cheek Pouch\n|-hitcount|p1a: Dedenne|2\n|move|p1a: Dedenne|Nuzzle|p2a: Ambipom\n|-damage|p2a: Ambipom|93/100\n|-status|p2a: Ambipom|par\n|\n|upkeep\n|turn|47\n|inactive|Time left: 300 sec this turn | 300 sec total\n|\n|t:|1783567902\n|move|p1a: Dedenne|Thunderbolt|p2a: Ambipom\n|-damage|p2a: Ambipom|51/100 par\n|move|p2a: Ambipom|Triple Axel|p1a: Dedenne\n|-damage|p1a: Dedenne|159/261\n|-hitcount|p1a: Dedenne|1\n|\n|upkeep\n|turn|48\n|inactive|Time left: 300 sec this turn | 300 sec total\n|\n|t:|1783567903\n|move|p1a: Dedenne|Thunderbolt|p2a: Ambipom\n|-damage|p2a: Ambipom|7/100 par\n|move|p2a: Ambipom|Triple Axel|p1a: Dedenne\n|-damage|p1a: Dedenne|95/261\n|-hitcount|p1a: Dedenne|1\n|\n|upkeep\n|turn|49\n|inactive|Time left: 300 sec this turn | 300 sec total\n|\n|t:|1783567904\n|move|p1a: Dedenne|Thunderbolt|p2a: Ambipom\n|-damage|p2a: Ambipom|0 fnt\n|faint|p2a: Ambipom\n|\n|upkeep\n|\n|t:|1783567905\n|switch|p2a: Grafaiai|Grafaiai, L86, F|100/100\n|turn|50\n|inactive|Time left: 300 sec this turn | 300 sec total\n|\n|t:|1783567906\n|move|p2a: Grafaiai|Gunk Shot|p1a: Dedenne|[miss]\n|-miss|p2a: Grafaiai|p1a: Dedenne\n|move|p1a: Dedenne|Thunderbolt|p2a: Grafaiai\n|-damage|p2a: Grafaiai|59/100\n|\n|upkeep\n|turn|51\n|inactive|Time left: 300 sec this turn | 300 sec total\n|\n|t:|1783567907\n|move|p2a: Grafaiai|Gunk Shot|p1a: Dedenne\n|-supereffective|p1a: Dedenne\n|-damage|p1a: Dedenne|0 fnt\n|faint|p1a: Dedenne\n|-damage|p2a: Grafaiai|49/100|[from] item: Life Orb\n|\n|upkeep\n|inactive|Time left: 300 sec this turn | 300 sec total | 5 sec grace\n|\n|t:|1783567908\n|switch|p1a: Electrode|Electrode-Hisui, L87|246/246\n|turn|52\n|inactive|Time left: 300 sec this turn | 300 sec total\n|\n|t:|1783567908\n|move|p1a: Electrode|Substitute|p1a: Electrode\n|-start|p1a: Electrode|Substitute\n|-damage|p1a: Electrode|185/246\n|move|p2a: Grafaiai|Swords Dance|p2a: Grafaiai\n|-boost|p2a: Grafaiai|atk|2\n|\n|-heal|p1a: Electrode|200/246|[from] item: Leftovers\n|upkeep\n|turn|53\n|inactive|Time left: 300 sec this turn | 300 sec total\n|\n|t:|1783567909\n|move|p1a: Electrode|Thunderbolt|p2a: Grafaiai\n|-damage|p2a: Grafaiai|13/100\n|move|p2a: Grafaiai|Swords Dance|p2a: Grafaiai\n|-boost|p2a: Grafaiai|atk|2\n|\n|-heal|p1a: Electrode|215/246|[from] item: Leftovers\n|upkeep\n|turn|54\n|inactive|Time left: 300 sec this turn | 300 sec total\n|\n|t:|1783567910\n|move|p1a: Electrode|Giga Drain|p2a: Grafaiai\n|-resisted|p2a: Grafaiai\n|-damage|p2a: Grafaiai|0 fnt\n|-heal|p1a: Electrode|231/246|[from] drain|[of] p2a: Grafaiai\n|faint|p2a: Grafaiai\n|\n|win|p0x2401a316", "uploadtime": 1783567910, "views": 0, "rating": 0, "private": 0, "password": null, "_winner": "p0x2401a316", "_our_name": "p0x2401a316"}