{"id": "battle-gen9randombattle-1779", "formatid": "gen9randombattle", "format": "[Gen 9] Random Battle", "players": ["p0x1779ed59", "p0y1779b7e2"], "log": "|init|battle\n|title|p0x1779ed59 vs. p0y1779b7e2\n|j|\u2606p0x1779ed59\n|j|\u2606p0y1779b7e2\n|t:|1783560628\n|gametype|singles\n|player|p1|p0x1779ed59|102|\n|player|p2|p0y1779b7e2|265|\n|gen|9\n|tier|[Gen 9] Random Battle\n|rule|Species Clause: Limit one of each Pok\u00e9mon\n|rule|HP Percentage Mod: HP is shown in percentages\n|rule|Sleep Clause Mod: Limit one foe put to sleep\n|rule|Illusion Level Mod: Illusion disguises the Pok\u00e9mon's true level\n|\n|t:|1783560628\n|teamsize|p1|6\n|teamsize|p2|6\n|start\n|switch|p1a: Chesnaught|Chesnaught, L84, F|285/285\n|switch|p2a: Oranguru|Oranguru, L92, F|100/100\n|turn|1\n|inactive|Battle timer is ON: inactive players will automatically lose when time's up. (requested by p0x1779ed59)\n|inactive|p0y1779b7e2 also wants the timer to be on.\n|\n|t:|1783560629\n|move|p2a: Oranguru|Nasty Plot|p2a: Oranguru\n|-boost|p2a: Oranguru|spa|2\n|move|p1a: Chesnaught|Iron Defense|p1a: Chesnaught\n|-boost|p1a: Chesnaught|def|2\n|\n|upkeep\n|turn|2\n|inactive|Time left: 300 sec this turn | 300 sec total\n|\n|t:|1783560630\n|switch|p2a: Armarouge|Armarouge, L80, M|100/100\n|-terastallize|p1a: Chesnaught|Steel\n|move|p1a: Chesnaught|Body Press|p2a: Armarouge\n|-resisted|p2a: Armarouge\n|-damage|p2a: Armarouge|65/100\n|-ability|p2a: Armarouge|Weak Armor|boost\n|-unboost|p2a: Armarouge|def|1\n|-boost|p2a: Armarouge|spe|2\n|\n|upkeep\n|turn|3\n|inactive|Time left: 300 sec this turn | 300 sec total\n|\n|t:|1783560631\n|switch|p1a: Giratina|Giratina, L75|349/349\n|-ability|p1a: Giratina|Pressure\n|move|p2a: Armarouge|Armor Cannon|p1a: Giratina\n|-resisted|p1a: Giratina\n|-damage|p1a: Giratina|257/349\n|-unboost|p2a: Armarouge|def|1\n|-unboost|p2a: Armarouge|spd|1\n|\n|-heal|p1a: Giratina|278/349|[from] item: Leftovers\n|upkeep\n|turn|4\n|inactive|Time left: 300 sec this turn | 300 sec total\n|\n|t:|1783560632\n|move|p2a: Armarouge|Armor Cannon|p1a: Giratina\n|-resisted|p1a: Giratina\n|-crit|p1a: Giratina\n|-damage|p1a: Giratina|141/349\n|-unboost|p2a: Armarouge|def|1\n|-unboost|p2a: Armarouge|spd|1\n|move|p1a: Giratina|Shadow Ball|p2a: Armarouge\n|-supereffective|p2a: Armarouge\n|-damage|p2a: Armarouge|0 fnt\n|faint|p2a: Armarouge\n|\n|-heal|p1a: Giratina|162/349|[from] item: Leftovers\n|upkeep\n|\n|t:|1783560633\n|switch|p2a: Mamoswine|Mamoswine, L81, F|100/100\n|turn|5\n|inactive|Time left: 300 sec this turn | 300 sec total\n|\n|t:|1783560634\n|move|p1a: Giratina|Will-O-Wisp|p2a: Mamoswine\n|-status|p2a: Mamoswine|brn\n|move|p2a: Mamoswine|Icicle Crash|p1a: Giratina\n|-supereffective|p1a: Giratina\n|-damage|p1a: Giratina|40/349\n|-damage|p2a: Mamoswine|91/100 brn|[from] item: Life Orb\n|\n|-heal|p1a: Giratina|61/349|[from] item: Leftovers\n|-damage|p2a: Mamoswine|84/100 brn|[from] brn\n|upkeep\n|turn|6\n|inactive|Time left: 300 sec this turn | 300 sec total\n|\n|t:|1783560634\n|move|p1a: Giratina|Rest|p1a: Giratina\n|-status|p1a: Giratina|slp|[from] move: Rest\n|-heal|p1a: Giratina|349/349 slp|[silent]\n|move|p2a: Mamoswine|Stealth Rock|p1a: Giratina\n|-sidestart|p1: p0x1779ed59|move: Stealth Rock\n|\n|-damage|p2a: Mamoswine|78/100 brn|[from] brn\n|upkeep\n|turn|7\n|inactive|Time left: 300 sec this turn | 300 sec total\n|\n|t:|1783560635\n|switch|p1a: Chesnaught|Chesnaught, L84, F, tera:Steel|285/285\n|-damage|p1a: Chesnaught|268/285|[from] Stealth Rock\n|switch|p2a: Blissey|Blissey, L85, F|100/100\n|\n|-heal|p1a: Chesnaught|285/285|[from] item: Leftovers\n|upkeep\n|turn|8\n|inactive|Time left: 300 sec this turn | 300 sec total\n|\n|t:|1783560636\n|-terastallize|p2a: Blissey|Ghost\n|move|p1a: Chesnaught|Body Press|p2a: Blissey\n|-immune|p2a: Blissey\n|move|p2a: Blissey|Heal Bell|p2a: Blissey\n|-activate|p2a: Blissey|move: Heal Bell\n|-curestatus|p2: Mamoswine|brn|[msg]\n|\n|upkeep\n|turn|9\n|inactive|Time left: 300 sec this turn | 300 sec total\n|\n|t:|1783560637\n|move|p1a: Chesnaught|Trailblaze|p2a: Blissey\n|-damage|p2a: Blissey|70/100\n|-boost|p1a: Chesnaught|spe|1\n|move|p2a: Blissey|Thunder Wave|p1a: Chesnaught\n|-status|p1a: Chesnaught|par\n|\n|-heal|p2a: Blissey|76/100|[from] item: Leftovers\n|upkeep\n|turn|10\n|inactive|Time left: 300 sec this turn | 300 sec total\n|\n|t:|1783560638\n|move|p2a: Blissey|Soft-Boiled|p2a: Blissey\n|-heal|p2a: Blissey|100/100\n|move|p1a: Chesnaught|Trailblaze|p2a: Blissey\n|-damage|p2a: Blissey|71/100\n|-boost|p1a: Chesnaught|spe|1\n|\n|-heal|p2a: Blissey|77/100|[from] item: Leftovers\n|upkeep\n|turn|11\n|inactive|Time left: 300 sec this turn | 300 sec total\n|\n|t:|1783560639\n|move|p1a: Chesnaught|Iron Defense|p1a: Chesnaught\n|-boost|p1a: Chesnaught|def|2\n|move|p2a: Blissey|Soft-Boiled|p2a: Blissey\n|-heal|p2a: Blissey|100/100\n|\n|upkeep\n|turn|12\n|inactive|Time left: 300 sec this turn | 300 sec total\n|\n|t:|1783560640\n|move|p1a: Chesnaught|Body Press|p2a: Blissey\n|-immune|p2a: Blissey\n|move|p2a: Blissey|Seismic Toss|p1a: Chesnaught\n|-damage|p1a: Chesnaught|200/285 par\n|\n|-heal|p1a: Chesnaught|217/285 par|[from] item: Leftovers\n|upkeep\n|turn|13\n|inactive|Time left: 300 sec this turn | 300 sec total\n|\n|t:|1783560641\n|move|p1a: Chesnaught|Trailblaze|p2a: Blissey\n|-damage|p2a: Blissey|70/100\n|-boost|p1a: Chesnaught|spe|1\n|move|p2a: Blissey|Seismic Toss|p1a: Chesnaught\n|-damage|p1a: Chesnaught|132/285 par\n|\n|-heal|p1a: Chesnaught|149/285 par|[from] item: Leftovers\n|-heal|p2a: Blissey|76/100|[from] item: Leftovers\n|upkeep\n|turn|14\n|inactive|Time left: 300 sec this turn | 300 sec total\n|\n|t:|1783560642\n|move|p1a: Chesnaught|Synthesis|p1a: Chesnaught\n|-heal|p1a: Chesnaught|285/285 par\n|move|p2a: Blissey|Seismic Toss|p1a: Chesnaught\n|-damage|p1a: Chesnaught|200/285 par\n|\n|-heal|p1a: Chesnaught|217/285 par|[from] item: Leftovers\n|-heal|p2a: Blissey|82/100|[from] item: Leftovers\n|upkeep\n|turn|15\n|inactive|Time left: 300 sec this turn | 300 sec total\n|\n|t:|1783560643\n|cant|p1a: Chesnaught|par\n|move|p2a: Blissey|Seismic Toss|p1a: Chesnaught\n|-damage|p1a: Chesnaught|132/285 par\n|\n|-heal|p1a: Chesnaught|149/285 par|[from] item: Leftovers\n|-heal|p2a: Blissey|88/100|[from] item: Leftovers\n|upkeep\n|turn|16\n|inactive|Time left: 300 sec this turn | 300 sec total\n|\n|t:|1783560644\n|move|p1a: Chesnaught|Synthesis|p1a: Chesnaught\n|-heal|p1a: Chesnaught|285/285 par\n|move|p2a: Blissey|Seismic Toss|p1a: Chesnaught\n|-damage|p1a: Chesnaught|200/285 par\n|\n|-heal|p1a: Chesnaught|217/285 par|[from] item: Leftovers\n|-heal|p2a: Blissey|94/100|[from] item: Leftovers\n|upkeep\n|turn|17\n|inactive|Time left: 300 sec this turn | 300 sec total\n|\n|t:|1783560644\n|move|p1a: Chesnaught|Trailblaze|p2a: Blissey\n|-damage|p2a: Blissey|66/100\n|-boost|p1a: Chesnaught|spe|1\n|move|p2a: Blissey|Seismic Toss|p1a: Chesnaught\n|-damage|p1a: Chesnaught|132/285 par\n|\n|-heal|p1a: Chesnaught|149/285 par|[from] item: Leftovers\n|-heal|p2a: Blissey|72/100|[from] item: Leftovers\n|upkeep\n|turn|18\n|inactive|Time left: 300 sec this turn | 300 sec total\n|\n|t:|1783560645\n|move|p1a: Chesnaught|Synthesis|p1a: Chesnaught\n|-heal|p1a: Chesnaught|285/285 par\n|move|p2a: Blissey|Seismic Toss|p1a: Chesnaught\n|-damage|p1a: Chesnaught|200/285 par\n|\n|-heal|p1a: Chesnaught|217/285 par|[from] item: Leftovers\n|-heal|p2a: Blissey|78/100|[from] item: Leftovers\n|upkeep\n|turn|19\n|inactive|Time left: 300 sec this turn | 300 sec total\n|\n|t:|1783560646\n|cant|p1a: Chesnaught|par\n|move|p2a: Blissey|Seismic Toss|p1a: Chesnaught\n|-damage|p1a: Chesnaught|132/285 par\n|\n|-heal|p1a: Chesnaught|149/285 par|[from] item: Leftovers\n|-heal|p2a: Blissey|84/100|[from] item: Leftovers\n|upkeep\n|turn|20\n|inactive|Time left: 300 sec this turn | 300 sec total\n|\n|t:|1783560647\n|move|p1a: Chesnaught|Synthesis|p1a: Chesnaught\n|-heal|p1a: Chesnaught|285/285 par\n|move|p2a: Blissey|Seismic Toss|p1a: Chesnaught\n|-damage|p1a: Chesnaught|200/285 par\n|\n|-heal|p1a: Chesnaught|217/285 par|[from] item: Leftovers\n|-heal|p2a: Blissey|90/100|[from] item: Leftovers\n|upkeep\n|turn|21\n|inactive|Time left: 300 sec this turn | 300 sec total\n|\n|t:|1783560648\n|move|p1a: Chesnaught|Iron Defense|p1a: Chesnaught\n|-boost|p1a: Chesnaught|def|2\n|move|p2a: Blissey|Seismic Toss|p1a: Chesnaught\n|-damage|p1a: Chesnaught|132/285 par\n|\n|-heal|p1a: Chesnaught|149/285 par|[from] item: Leftovers\n|-heal|p2a: Blissey|96/100|[from] item: Leftovers\n|upkeep\n|turn|22\n|inactive|Time left: 300 sec this turn | 300 sec total\n|\n|t:|1783560649\n|move|p1a: Chesnaught|Synthesis|p1a: Chesnaught\n|-heal|p1a: Chesnaught|285/285 par\n|move|p2a: Blissey|Seismic Toss|p1a: Chesnaught\n|-damage|p1a: Chesnaught|200/285 par\n|\n|-heal|p1a: Chesnaught|217/285 par|[from] item: Leftovers\n|-heal|p2a: Blissey|100/100|[from] item: Leftovers\n|upkeep\n|turn|23\n|inactive|Time left: 300 sec this turn | 300 sec total\n|\n|t:|1783560650\n|move|p1a: Chesnaught|Body Press|p2a: Blissey\n|-immune|p2a: Blissey\n|move|p2a: Blissey|Seismic Toss|p1a: Chesnaught\n|-damage|p1a: Chesnaught|132/285 par\n|\n|-heal|p1a: Chesnaught|149/285 par|[from] item: Leftovers\n|upkeep\n|turn|24\n|inactive|Time left: 300 sec this turn | 300 sec total\n|\n|t:|1783560651\n|move|p1a: Chesnaught|Synthesis|p1a: Chesnaught\n|-heal|p1a: Chesnaught|285/285 par\n|move|p2a: Blissey|Seismic Toss|p1a: Chesnaught\n|-damage|p1a: Chesnaught|200/285 par\n|\n|-heal|p1a: Chesnaught|217/285 par|[from] item: Leftovers\n|upkeep\n|turn|25\n|inactive|Time left: 300 sec this turn | 300 sec total\n|\n|t:|1783560652\n|move|p1a: Chesnaught|Body Press|p2a: Blissey\n|-immune|p2a: Blissey\n|move|p2a: Blissey|Seismic Toss|p1a: Chesnaught\n|-damage|p1a: Chesnaught|132/285 par\n|\n|-heal|p1a: Chesnaught|149/285 par|[from] item: Leftovers\n|upkeep\n|turn|26\n|inactive|Time left: 300 sec this turn | 300 sec total\n|\n|t:|1783560653\n|move|p1a: Chesnaught|Synthesis|p1a: Chesnaught\n|-heal|p1a: Chesnaught|285/285 par\n|move|p2a: Blissey|Seismic Toss|p1a: Chesnaught\n|-damage|p1a: Chesnaught|200/285 par\n|\n|-heal|p1a: Chesnaught|217/285 par|[from] item: Leftovers\n|upkeep\n|turn|27\n|inactive|Time left: 300 sec this turn | 300 sec total\n|\n|t:|1783560654\n|cant|p1a: Chesnaught|par\n|move|p2a: Blissey|Seismic Toss|p1a: Chesnaught\n|-damage|p1a: Chesnaught|132/285 par\n|\n|-heal|p1a: Chesnaught|149/285 par|[from] item: Leftovers\n|upkeep\n|turn|28\n|inactive|Time left: 300 sec this turn | 300 sec total\n|\n|t:|1783560655\n|move|p1a: Chesnaught|Synthesis|p1a: Chesnaught\n|-heal|p1a: Chesnaught|285/285 par\n|move|p2a: Blissey|Seismic Toss|p1a: Chesnaught\n|-damage|p1a: Chesnaught|200/285 par\n|\n|-heal|p1a: Chesnaught|217/285 par|[from] item: Leftovers\n|upkeep\n|turn|29\n|inactive|Time left: 300 sec this turn | 300 sec total\n|\n|t:|1783560655\n|move|p1a: Chesnaught|Trailblaze|p2a: Blissey\n|-damage|p2a: Blissey|69/100\n|-boost|p1a: Chesnaught|spe|1\n|move|p2a: Blissey|Seismic Toss|p1a: Chesnaught\n|-damage|p1a: Chesnaught|132/285 par\n|\n|-heal|p1a: Chesnaught|149/285 par|[from] item: Leftovers\n|-heal|p2a: Blissey|75/100|[from] item: Leftovers\n|upkeep\n|turn|30\n|inactive|Time left: 300 sec this turn | 300 sec total\n|\n|t:|1783560656\n|move|p1a: Chesnaught|Trailblaze|p2a: Blissey\n|-damage|p2a: Blissey|47/100\n|-boost|p1a: Chesnaught|spe|1\n|move|p2a: Blissey|Seismic Toss|p1a: Chesnaught\n|-damage|p1a: Chesnaught|64/285 par\n|\n|-heal|p1a: Chesnaught|81/285 par|[from] item: Leftovers\n|-heal|p2a: Blissey|53/100|[from] item: Leftovers\n|upkeep\n|turn|31\n|inactive|Time left: 300 sec this turn | 300 sec total\n|\n|t:|1783560657\n|move|p1a: Chesnaught|Body Press|p2a: Blissey\n|-immune|p2a: Blissey\n|move|p2a: Blissey|Seismic Toss|p1a: Chesnaught\n|-damage|p1a: Chesnaught|0 fnt\n|faint|p1a: Chesnaught\n|\n|-heal|p2a: Blissey|59/100|[from] item: Leftovers\n|upkeep\n|inactive|Time left: 300 sec this turn | 300 sec total | 5 sec grace\n|\n|t:|1783560658\n|switch|p1a: Iron Leaves|Iron Leaves, L80|275/275\n|-damage|p1a: Iron Leaves|241/275|[from] Stealth Rock\n|turn|32\n|inactive|Time left: 300 sec this turn | 300 sec total\n|\n|t:|1783560659\n|switch|p2a: Klefki|Klefki, L84, M|100/100\n|move|p1a: Iron Leaves|Leaf Blade|p2a: Klefki\n|-resisted|p2a: Klefki\n|-damage|p2a: Klefki|64/100\n|\n|-heal|p2a: Klefki|70/100|[from] item: Leftovers\n|upkeep\n|turn|33\n|inactive|Time left: 300 sec this turn | 300 sec total\n|\n|t:|1783560660\n|move|p2a: Klefki|Spikes|p1a: Iron Leaves\n|-sidestart|p1: p0x1779ed59|Spikes\n|move|p1a: Iron Leaves|Leaf Blade|p2a: Klefki\n|-resisted|p2a: Klefki\n|-crit|p2a: Klefki\n|-damage|p2a: Klefki|15/100\n|\n|-heal|p2a: Klefki|21/100|[from] item: Leftovers\n|upkeep\n|turn|34\n|inactive|Time left: 300 sec this turn | 300 sec total\n|\n|t:|1783560660\n|move|p2a: Klefki|Thunder Wave|p1a: Iron Leaves\n|-status|p1a: Iron Leaves|par\n|cant|p1a: Iron Leaves|par\n|\n|-heal|p2a: Klefki|27/100|[from] item: Leftovers\n|upkeep\n|turn|35\n|inactive|Time left: 300 sec this turn | 300 sec total\n|\n|t:|1783560661\n|move|p2a: Klefki|Spikes|p1a: Iron Leaves\n|-sidestart|p1: p0x1779ed59|Spikes\n|cant|p1a: Iron Leaves|par\n|\n|-heal|p2a: Klefki|33/100|[from] item: Leftovers\n|upkeep\n|turn|36\n|inactive|Time left: 300 sec this turn | 300 sec total\n|\n|t:|1783560662\n|move|p2a: Klefki|Spikes|p1a: Iron Leaves\n|-sidestart|p1: p0x1779ed59|Spikes\n|cant|p1a: Iron Leaves|par\n|\n|-heal|p2a: Klefki|39/100|[from] item: Leftovers\n|upkeep\n|turn|37\n|inactive|Time left: 300 sec this turn | 300 sec total\n|\n|t:|1783560663\n|move|p2a: Klefki|Play Rough|p1a: Iron Leaves\n|-damage|p1a: Iron Leaves|157/275 par\n|cant|p1a: Iron Leaves|par\n|\n|-heal|p2a: Klefki|45/100|[from] item: Leftovers\n|upkeep\n|turn|38\n|inactive|Time left: 300 sec this turn | 300 sec total\n|\n|t:|1783560664\n|move|p2a: Klefki|Play Rough|p1a: Iron Leaves\n|-damage|p1a: Iron Leaves|73/275 par\n|move|p1a: Iron Leaves|Leaf Blade|p2a: Klefki\n|-resisted|p2a: Klefki\n|-damage|p2a: Klefki|9/100\n|\n|-heal|p2a: Klefki|15/100|[from] item: Leftovers\n|upkeep\n|turn|39\n|inactive|Time left: 300 sec this turn | 300 sec total\n|\n|t:|1783560665\n|move|p2a: Klefki|Play Rough|p1a: Iron Leaves\n|-damage|p1a: Iron Leaves|0 fnt\n|faint|p1a: Iron Leaves\n|-end|p1a: Iron Leaves|Quark Drive|[silent]\n|\n|-heal|p2a: Klefki|21/100|[from] item: Leftovers\n|upkeep\n|inactive|Time left: 300 sec this turn | 300 sec total | 5 sec grace\n|\n|t:|1783560666\n|switch|p1a: Mightyena|Mightyena, L96, M|290/290\n|-damage|p1a: Mightyena|254/290|[from] Stealth Rock\n|-damage|p1a: Mightyena|182/290|[from] Spikes\n|-ability|p1a: Mightyena|Intimidate|boost\n|-unboost|p2a: Klefki|atk|1\n|turn|40\n|inactive|Time left: 300 sec this turn | 300 sec total\n|\n|t:|1783560667\n|switch|p2a: Golduck|Golduck, L90, M|100/100\n|-ability|p2a: Golduck|Cloud Nine\n|move|p1a: Mightyena|Throat Chop|p2a: Golduck\n|-damage|p2a: Golduck|65/100\n|-start|p2a: Golduck|Throat Chop|[silent]\n|\n|-heal|p2a: Golduck|72/100|[from] item: Leftovers\n|upkeep\n|turn|41\n|inactive|Time left: 300 sec this turn | 300 sec total\n|\n|t:|1783560668\n|move|p2a: Golduck|Nasty Plot|p2a: Golduck\n|-boost|p2a: Golduck|spa|2\n|move|p1a: Mightyena|Throat Chop|p2a: Golduck\n|-crit|p2a: Golduck\n|-damage|p2a: Golduck|13/100\n|\n|-heal|p2a: Golduck|19/100|[from] item: Leftovers\n|-end|p2a: Golduck|Throat Chop|[silent]\n|upkeep\n|turn|42\n|inactive|Time left: 300 sec this turn | 300 sec total\n|\n|t:|1783560669\n|move|p2a: Golduck|Hydro Pump|p1a: Mightyena\n|-damage|p1a: Mightyena|0 fnt\n|faint|p1a: Mightyena\n|\n|-heal|p2a: Golduck|26/100|[from] item: Leftovers\n|upkeep\n|inactive|Time left: 300 sec this turn | 300 sec total | 5 sec grace\n|\n|t:|1783560670\n|switch|p1a: Giratina|Giratina, L75|349/349 slp\n|-damage|p1a: Giratina|306/349 slp|[from] Stealth Rock\n|-damage|p1a: Giratina|219/349 slp|[from] Spikes\n|-ability|p1a: Giratina|Pressure\n|turn|43\n|inactive|Time left: 300 sec this turn | 300 sec total\n|\n|t:|1783560671\n|move|p2a: Golduck|Ice Beam|p1a: Giratina\n|-supereffective|p1a: Giratina\n|-damage|p1a: Giratina|0 fnt\n|faint|p1a: Giratina\n|\n|-heal|p2a: Golduck|32/100|[from] item: Leftovers\n|upkeep\n|inactive|Time left: 300 sec this turn | 300 sec total | 5 sec grace\n|\n|t:|1783560672\n|switch|p1a: Iron Crown|Iron Crown, L78|268/268\n|-damage|p1a: Iron Crown|252/268|[from] Stealth Rock\n|-damage|p1a: Iron Crown|185/268|[from] Spikes\n|turn|44\n|inactive|Time left: 300 sec this turn | 300 sec total\n|\n|t:|1783560673\n|move|p2a: Golduck|Hydro Pump|p1a: Iron Crown\n|-damage|p1a: Iron Crown|0 fnt\n|faint|p1a: Iron Crown\n|-end|p1a: Iron Crown|Quark Drive|[silent]\n|\n|-heal|p2a: Golduck|38/100|[from] item: Leftovers\n|upkeep\n|inactive|Time left: 300 sec this turn | 300 sec total | 5 sec grace\n|\n|t:|1783560674\n|switch|p1a: Swampert|Swampert, L83, F|302/302\n|-damage|p1a: Swampert|284/302|[from] Stealth Rock\n|-damage|p1a: Swampert|209/302|[from] Spikes\n|turn|45\n|inactive|Time left: 300 sec this turn | 300 sec total\n|\n|t:|1783560674\n|move|p2a: Golduck|Hydro Pump|p1a: Swampert\n|-damage|p1a: Swampert|0 fnt\n|faint|p1a: Swampert\n|\n|win|p0y1779b7e2", "uploadtime": 1783560674, "views": 0, "rating": 0, "private": 0, "password": null, "_winner": "p0y1779b7e2", "_our_name": "p0x1779ed59"}