{"id": "battle-gen9randombattle-105", "formatid": "gen9randombattle", "format": "[Gen 9] Random Battle", "players": ["p0x1058c75", "p0y105615c"], "log": "|init|battle\n|title|p0x1058c75 vs. p0y105615c\n|j|\u2606p0x1058c75\n|j|\u2606p0y105615c\n|t:|1783534482\n|gametype|singles\n|player|p1|p0x1058c75|170|\n|player|p2|p0y105615c|102|\n|gen|9\n|tier|[Gen 9] Random Battle\n|rule|Species Clause: Limit one of each Pok\u00e9mon\n|rule|HP Percentage Mod: HP is shown in percentages\n|rule|Sleep Clause Mod: Limit one foe put to sleep\n|rule|Illusion Level Mod: Illusion disguises the Pok\u00e9mon's true level\n|\n|t:|1783534482\n|teamsize|p1|6\n|teamsize|p2|6\n|start\n|switch|p1a: Iron Treads|Iron Treads, L77|100/100\n|switch|p2a: Samurott|Samurott, L88, M|310/310\n|turn|1\n|inactive|Battle timer is ON: inactive players will automatically lose when time's up. (requested by p0y105615c)\n|\n|t:|1783534484\n|move|p1a: Iron Treads|Stealth Rock|p2a: Samurott\n|-sidestart|p2: p0y105615c|move: Stealth Rock\n|move|p2a: Samurott|Swords Dance|p2a: Samurott\n|-boost|p2a: Samurott|atk|2\n|\n|upkeep\n|turn|2\n|inactive|Time left: 300 sec this turn | 300 sec total\n|inactive|p0x1058c75 also wants the timer to be on.\n|\n|t:|1783534485\n|move|p1a: Iron Treads|Iron Head|p2a: Samurott\n|-resisted|p2a: Samurott\n|-damage|p2a: Samurott|273/310\n|move|p2a: Samurott|Liquidation|p1a: Iron Treads\n|-supereffective|p1a: Iron Treads\n|-damage|p1a: Iron Treads|0 fnt\n|faint|p1a: Iron Treads\n|-end|p1a: Iron Treads|Quark Drive|[silent]\n|-damage|p2a: Samurott|242/310|[from] item: Life Orb\n|\n|upkeep\n|\n|t:|1783534487\n|switch|p1a: Salamence|Salamence, L77, F|100/100\n|turn|3\n|inactive|Time left: 300 sec this turn | 300 sec total\n|\n|t:|1783534488\n|-terastallize|p2a: Samurott|Dark\n|move|p1a: Salamence|Outrage|p2a: Samurott\n|-damage|p2a: Samurott|116/310\n|move|p2a: Samurott|Knock Off|p1a: Salamence\n|-damage|p1a: Salamence|0 fnt\n|-enditem|p1a: Salamence|Heavy-Duty Boots|[from] move: Knock Off|[of] p2a: Samurott\n|faint|p1a: Salamence\n|-damage|p2a: Samurott|85/310|[from] item: Life Orb\n|\n|upkeep\n|\n|t:|1783534489\n|switch|p1a: Slither Wing|Slither Wing, L81|100/100\n|turn|4\n|inactive|Time left: 300 sec this turn | 300 sec total\n|\n|t:|1783534490\n|switch|p2a: Weezing|Weezing, L88, M|258/258\n|-damage|p2a: Weezing|226/258|[from] Stealth Rock\n|move|p1a: Slither Wing|U-turn|p2a: Weezing\n|-resisted|p2a: Weezing\n|-damage|p2a: Weezing|193/258\n|\n|t:|1783534491\n|-end|p1a: Slither Wing|Protosynthesis|[silent]\n|switch|p1a: Deoxys|Deoxys, L74|100/100|[from] U-turn\n|-ability|p1a: Deoxys|Pressure\n|\n|-heal|p2a: Weezing|209/258|[from] item: Leftovers\n|upkeep\n|turn|5\n|inactive|Time left: 300 sec this turn | 300 sec total\n|\n|t:|1783534491\n|move|p1a: Deoxys|Psycho Boost|p2a: Weezing\n|-supereffective|p2a: Weezing\n|-damage|p2a: Weezing|0 fnt\n|-unboost|p1a: Deoxys|spa|2\n|faint|p2a: Weezing\n|-damage|p1a: Deoxys|91/100|[from] item: Life Orb\n|\n|upkeep\n|inactive|Time left: 300 sec this turn | 300 sec total | 5 sec grace\n|\n|t:|1783534492\n|switch|p2a: Zamazenta|Zamazenta-Crowned, L68|238/238\n|-damage|p2a: Zamazenta|231/238|[from] Stealth Rock\n|-ability|p2a: Zamazenta|Dauntless Shield|boost\n|-boost|p2a: Zamazenta|def|1\n|turn|6\n|inactive|Time left: 300 sec this turn | 300 sec total\n|\n|t:|1783534493\n|switch|p1a: Donphan|Donphan, L84, F|100/100\n|move|p2a: Zamazenta|Heavy Slam|p1a: Donphan\n|-damage|p1a: Donphan|71/100\n|\n|upkeep\n|turn|7\n|inactive|Time left: 300 sec this turn | 300 sec total\n|\n|t:|1783534494\n|move|p2a: Zamazenta|Iron Defense|p2a: Zamazenta\n|-boost|p2a: Zamazenta|def|2\n|move|p1a: Donphan|Earthquake|p2a: Zamazenta\n|-supereffective|p2a: Zamazenta\n|-damage|p2a: Zamazenta|93/238\n|\n|upkeep\n|turn|8\n|inactive|Time left: 300 sec this turn | 300 sec total\n|\n|t:|1783534495\n|move|p2a: Zamazenta|Body Press|p1a: Donphan\n|-damage|p1a: Donphan|23/100\n|move|p1a: Donphan|Earthquake|p2a: Zamazenta\n|-supereffective|p2a: Zamazenta\n|-damage|p2a: Zamazenta|0 fnt\n|faint|p2a: Zamazenta\n|\n|upkeep\n|inactive|Time left: 300 sec this turn | 300 sec total | 5 sec grace\n|\n|t:|1783534496\n|switch|p2a: Gurdurr|Gurdurr, L85, F|283/283\n|-damage|p2a: Gurdurr|266/283|[from] Stealth Rock\n|turn|9\n|inactive|Time left: 300 sec this turn | 300 sec total\n|\n|t:|1783534497\n|move|p1a: Donphan|Earthquake|p2a: Gurdurr\n|-damage|p2a: Gurdurr|142/283\n|move|p2a: Gurdurr|Drain Punch|p1a: Donphan\n|-damage|p1a: Donphan|0 fnt\n|-heal|p2a: Gurdurr|175/283|[from] drain|[of] p1a: Donphan\n|faint|p1a: Donphan\n|\n|upkeep\n|\n|t:|1783534498\n|switch|p1a: Deoxys|Deoxys, L74|91/100\n|-ability|p1a: Deoxys|Pressure\n|turn|10\n|inactive|Time left: 300 sec this turn | 300 sec total\n|\n|t:|1783534499\n|move|p1a: Deoxys|Psycho Boost|p2a: Gurdurr\n|-supereffective|p2a: Gurdurr\n|-damage|p2a: Gurdurr|0 fnt\n|-unboost|p1a: Deoxys|spa|2\n|faint|p2a: Gurdurr\n|-damage|p1a: Deoxys|81/100|[from] item: Life Orb\n|\n|upkeep\n|inactive|Time left: 300 sec this turn | 300 sec total | 5 sec grace\n|\n|t:|1783534500\n|switch|p2a: Houndstone|Houndstone, L86, M|264/264\n|-damage|p2a: Houndstone|231/264|[from] Stealth Rock\n|turn|11\n|inactive|Time left: 300 sec this turn | 300 sec total\n|\n|t:|1783534501\n|switch|p1a: Slither Wing|Slither Wing, L81|100/100\n|move|p2a: Houndstone|Poltergeist|p1a: Slither Wing\n|-activate|p1a: Slither Wing|move: Poltergeist|Heavy-Duty Boots\n|-damage|p1a: Slither Wing|46/100\n|\n|-heal|p2a: Houndstone|247/264|[from] item: Leftovers\n|upkeep\n|turn|12\n|inactive|Time left: 300 sec this turn | 300 sec total\n|\n|t:|1783534502\n|move|p1a: Slither Wing|Will-O-Wisp|p2a: Houndstone\n|-status|p2a: Houndstone|brn\n|move|p2a: Houndstone|Poltergeist|p1a: Slither Wing\n|-activate|p1a: Slither Wing|move: Poltergeist|Heavy-Duty Boots\n|-damage|p1a: Slither Wing|20/100\n|\n|-heal|p2a: Houndstone|263/264 brn|[from] item: Leftovers\n|-damage|p2a: Houndstone|247/264 brn|[from] brn\n|upkeep\n|turn|13\n|inactive|Time left: 300 sec this turn | 300 sec total\n|\n|t:|1783534503\n|move|p1a: Slither Wing|Morning Sun|p1a: Slither Wing\n|-heal|p1a: Slither Wing|70/100\n|move|p2a: Houndstone|Poltergeist|p1a: Slither Wing\n|-activate|p1a: Slither Wing|move: Poltergeist|Heavy-Duty Boots\n|-damage|p1a: Slither Wing|43/100\n|\n|-heal|p2a: Houndstone|263/264 brn|[from] item: Leftovers\n|-damage|p2a: Houndstone|247/264 brn|[from] brn\n|upkeep\n|turn|14\n|inactive|Time left: 300 sec this turn | 300 sec total\n|\n|t:|1783534505\n|move|p1a: Slither Wing|Morning Sun|p1a: Slither Wing\n|-heal|p1a: Slither Wing|93/100\n|move|p2a: Houndstone|Poltergeist|p1a: Slither Wing\n|-activate|p1a: Slither Wing|move: Poltergeist|Heavy-Duty Boots\n|-damage|p1a: Slither Wing|69/100\n|\n|-heal|p2a: Houndstone|263/264 brn|[from] item: Leftovers\n|-damage|p2a: Houndstone|247/264 brn|[from] brn\n|upkeep\n|turn|15\n|inactive|Time left: 300 sec this turn | 300 sec total\n|\n|t:|1783534506\n|move|p1a: Slither Wing|Morning Sun|p1a: Slither Wing\n|-heal|p1a: Slither Wing|100/100\n|move|p2a: Houndstone|Poltergeist|p1a: Slither Wing\n|-activate|p1a: Slither Wing|move: Poltergeist|Heavy-Duty Boots\n|-damage|p1a: Slither Wing|74/100\n|\n|-heal|p2a: Houndstone|263/264 brn|[from] item: Leftovers\n|-damage|p2a: Houndstone|247/264 brn|[from] brn\n|upkeep\n|turn|16\n|inactive|Time left: 300 sec this turn | 300 sec total\n|\n|t:|1783534507\n|move|p1a: Slither Wing|Morning Sun|p1a: Slither Wing\n|-heal|p1a: Slither Wing|100/100\n|move|p2a: Houndstone|Poltergeist|p1a: Slither Wing\n|-activate|p1a: Slither Wing|move: Poltergeist|Heavy-Duty Boots\n|-damage|p1a: Slither Wing|76/100\n|\n|-heal|p2a: Houndstone|263/264 brn|[from] item: Leftovers\n|-damage|p2a: Houndstone|247/264 brn|[from] brn\n|upkeep\n|turn|17\n|inactive|Time left: 300 sec this turn | 300 sec total\n|\n|t:|1783534508\n|move|p1a: Slither Wing|Morning Sun|p1a: Slither Wing\n|-heal|p1a: Slither Wing|100/100\n|move|p2a: Houndstone|Poltergeist|p1a: Slither Wing\n|-activate|p1a: Slither Wing|move: Poltergeist|Heavy-Duty Boots\n|-damage|p1a: Slither Wing|72/100\n|\n|-heal|p2a: Houndstone|263/264 brn|[from] item: Leftovers\n|-damage|p2a: Houndstone|247/264 brn|[from] brn\n|upkeep\n|turn|18\n|inactive|Time left: 300 sec this turn | 300 sec total\n|\n|t:|1783534510\n|move|p1a: Slither Wing|Morning Sun|p1a: Slither Wing\n|-heal|p1a: Slither Wing|100/100\n|move|p2a: Houndstone|Rest|p2a: Houndstone\n|-status|p2a: Houndstone|slp|[from] move: Rest\n|-heal|p2a: Houndstone|264/264 slp|[silent]\n|\n|upkeep\n|turn|19\n|inactive|Time left: 300 sec this turn | 300 sec total\n|\n|t:|1783534510\n|-end|p1a: Slither Wing|Protosynthesis|[silent]\n|switch|p1a: Slowking|Slowking, L88, F|100/100\n|cant|p2a: Houndstone|slp\n|move|p2a: Houndstone|Sleep Talk|p2a: Houndstone\n|move|p2a: Houndstone|Body Press|p1a: Slowking|[from] move: Sleep Talk\n|-resisted|p1a: Slowking\n|-damage|p1a: Slowking|90/100\n|\n|upkeep\n|turn|20\n|inactive|Time left: 300 sec this turn | 300 sec total\n|\n|t:|1783534512\n|cant|p2a: Houndstone|slp\n|move|p2a: Houndstone|Sleep Talk|p2a: Houndstone\n|move|p2a: Houndstone|Poltergeist|p1a: Slowking|[from] move: Sleep Talk\n|-activate|p1a: Slowking|move: Poltergeist|Heavy-Duty Boots\n|-supereffective|p1a: Slowking\n|-damage|p1a: Slowking|3/100\n|move|p1a: Slowking|Scald|p2a: Houndstone\n|-damage|p2a: Houndstone|173/264 slp\n|\n|-heal|p2a: Houndstone|189/264 slp|[from] item: Leftovers\n|upkeep\n|turn|21\n|inactive|Time left: 300 sec this turn | 300 sec total\n|\n|t:|1783534513\n|switch|p1a: Slither Wing|Slither Wing, L81|100/100\n|-curestatus|p2a: Houndstone|slp|[msg]\n|move|p2a: Houndstone|Body Press|p1a: Slither Wing\n|-resisted|p1a: Slither Wing\n|-damage|p1a: Slither Wing|88/100\n|\n|-heal|p2a: Houndstone|205/264|[from] item: Leftovers\n|upkeep\n|turn|22\n|inactive|Time left: 300 sec this turn | 300 sec total\n|\n|t:|1783534514\n|move|p1a: Slither Wing|Will-O-Wisp|p2a: Houndstone\n|-status|p2a: Houndstone|brn\n|move|p2a: Houndstone|Poltergeist|p1a: Slither Wing\n|-activate|p1a: Slither Wing|move: Poltergeist|Heavy-Duty Boots\n|-damage|p1a: Slither Wing|63/100\n|\n|-heal|p2a: Houndstone|221/264 brn|[from] item: Leftovers\n|-damage|p2a: Houndstone|205/264 brn|[from] brn\n|upkeep\n|turn|23\n|inactive|Time left: 300 sec this turn | 300 sec total\n|\n|t:|1783534515\n|move|p1a: Slither Wing|Morning Sun|p1a: Slither Wing\n|-heal|p1a: Slither Wing|100/100\n|move|p2a: Houndstone|Rest|p2a: Houndstone\n|-status|p2a: Houndstone|slp|[from] move: Rest\n|-heal|p2a: Houndstone|264/264 slp|[silent]\n|\n|upkeep\n|turn|24\n|inactive|Time left: 300 sec this turn | 300 sec total\n|\n|t:|1783534516\n|-end|p1a: Slither Wing|Protosynthesis|[silent]\n|switch|p1a: Slowking|Slowking, L88, F|36/100\n|cant|p2a: Houndstone|slp\n|move|p2a: Houndstone|Sleep Talk|p2a: Houndstone\n|move|p2a: Houndstone|Body Press|p1a: Slowking|[from] move: Sleep Talk\n|-resisted|p1a: Slowking\n|-damage|p1a: Slowking|27/100\n|\n|upkeep\n|turn|25\n|inactive|Time left: 300 sec this turn | 300 sec total\n|\n|t:|1783534517\n|cant|p2a: Houndstone|slp\n|move|p2a: Houndstone|Sleep Talk|p2a: Houndstone\n|move|p2a: Houndstone|Poltergeist|p1a: Slowking|[from] move: Sleep Talk\n|-activate|p1a: Slowking|move: Poltergeist|Heavy-Duty Boots\n|-supereffective|p1a: Slowking\n|-damage|p1a: Slowking|0 fnt\n|faint|p1a: Slowking\n|\n|upkeep\n|\n|t:|1783534518\n|switch|p1a: Deoxys|Deoxys, L74|81/100\n|-ability|p1a: Deoxys|Pressure\n|turn|26\n|inactive|Time left: 300 sec this turn | 300 sec total\n|\n|t:|1783534519\n|move|p1a: Deoxys|Knock Off|p2a: Houndstone\n|-supereffective|p2a: Houndstone\n|-damage|p2a: Houndstone|176/264 slp\n|-enditem|p2a: Houndstone|Leftovers|[from] move: Knock Off|[of] p1a: Deoxys\n|-damage|p1a: Deoxys|71/100|[from] item: Life Orb\n|-curestatus|p2a: Houndstone|slp|[msg]\n|move|p2a: Houndstone|Body Press|p1a: Deoxys\n|-resisted|p1a: Deoxys\n|-damage|p1a: Deoxys|47/100\n|\n|upkeep\n|turn|27\n|inactive|Time left: 300 sec this turn | 300 sec total\n|\n|t:|1783534520\n|move|p1a: Deoxys|Psycho Boost|p2a: Houndstone\n|-damage|p2a: Houndstone|0 fnt\n|-unboost|p1a: Deoxys|spa|2\n|faint|p2a: Houndstone\n|-damage|p1a: Deoxys|38/100|[from] item: Life Orb\n|\n|upkeep\n|inactive|Time left: 300 sec this turn | 300 sec total | 5 sec grace\n|\n|t:|1783534521\n|switch|p2a: Walking Wake|Walking Wake, L79|286/286\n|-damage|p2a: Walking Wake|251/286|[from] Stealth Rock\n|turn|28\n|inactive|Time left: 300 sec this turn | 300 sec total\n|\n|t:|1783534522\n|move|p1a: Deoxys|Superpower|p2a: Walking Wake\n|-damage|p2a: Walking Wake|118/286\n|-unboost|p1a: Deoxys|atk|1\n|-unboost|p1a: Deoxys|def|1\n|-damage|p1a: Deoxys|28/100|[from] item: Life Orb\n|move|p2a: Walking Wake|Flamethrower|p1a: Deoxys\n|-damage|p1a: Deoxys|0 fnt\n|faint|p1a: Deoxys\n|-damage|p2a: Walking Wake|90/286|[from] item: Life Orb\n|\n|upkeep\n|\n|t:|1783534523\n|switch|p1a: Slither Wing|Slither Wing, L81|100/100\n|turn|29\n|inactive|Time left: 300 sec this turn | 300 sec total\n|\n|t:|1783534524\n|-terastallize|p1a: Slither Wing|Steel\n|move|p2a: Walking Wake|Draco Meteor|p1a: Slither Wing\n|-resisted|p1a: Slither Wing\n|-damage|p1a: Slither Wing|65/100\n|-unboost|p2a: Walking Wake|spa|2\n|-damage|p2a: Walking Wake|62/286|[from] item: Life Orb\n|move|p1a: Slither Wing|U-turn|p2a: Walking Wake\n|-damage|p2a: Walking Wake|0 fnt\n|faint|p2a: Walking Wake\n|-end|p2a: Walking Wake|Protosynthesis|[silent]\n|\n|upkeep\n|inactive|Time left: 300 sec this turn | 300 sec total | 5 sec grace\n|\n|t:|1783534525\n|switch|p2a: Samurott|Samurott, L88, M, tera:Dark|85/310\n|-damage|p2a: Samurott|47/310|[from] Stealth Rock\n|turn|30\n|inactive|Time left: 300 sec this turn | 300 sec total\n|\n|t:|1783534526\n|move|p1a: Slither Wing|U-turn|p2a: Samurott\n|-supereffective|p2a: Samurott\n|-damage|p2a: Samurott|0 fnt\n|faint|p2a: Samurott\n|\n|win|p0x1058c75", "uploadtime": 1783534526, "views": 0, "rating": 0, "private": 0, "password": null, "_winner": "p0x1058c75", "_our_name": "p0y105615c"}