{"id": "battle-gen9randombattle-58", "formatid": "gen9randombattle", "format": "[Gen 9] Random Battle", "players": ["p0x0587187", "p0y0588ef2"], "log": "|init|battle\n|title|p0x0587187 vs. p0y0588ef2\n|j|\u2606p0x0587187\n|j|\u2606p0y0588ef2\n|t:|1783540138\n|gametype|singles\n|player|p1|p0x0587187|101|\n|player|p2|p0y0588ef2|169|\n|gen|9\n|tier|[Gen 9] Random Battle\n|rule|Species Clause: Limit one of each Pok\u00e9mon\n|rule|HP Percentage Mod: HP is shown in percentages\n|rule|Sleep Clause Mod: Limit one foe put to sleep\n|rule|Illusion Level Mod: Illusion disguises the Pok\u00e9mon's true level\n|\n|t:|1783540138\n|teamsize|p1|6\n|teamsize|p2|6\n|start\n|switch|p1a: Hitmontop|Hitmontop, L88, M|231/231\n|switch|p2a: Coalossal|Coalossal, L89, F|100/100\n|-ability|p1a: Hitmontop|Intimidate|boost\n|-unboost|p2a: Coalossal|atk|1\n|turn|1\n|inactive|Battle timer is ON: inactive players will automatically lose when time's up. (requested by p0y0588ef2)\n|inactive|Time left: 300 sec this turn | 300 sec total | 60 sec grace\n|inactive|p0x0587187 also wants the timer to be on.\n|\n|t:|1783540140\n|switch|p1a: Slowbro|Slowbro-Galar, L87, F|307/307\n|move|p2a: Coalossal|Stealth Rock|p1a: Slowbro\n|-sidestart|p1: p0x0587187|move: Stealth Rock\n|\n|upkeep\n|turn|2\n|inactive|Time left: 300 sec this turn | 300 sec total\n|\n|t:|1783540141\n|switch|p2a: Cobalion|Cobalion, L80|100/100\n|move|p1a: Slowbro|Shell Side Arm|p2a: Cobalion|[anim] Shell Side Arm Special\n|-immune|p2a: Cobalion\n|\n|upkeep\n|turn|3\n|inactive|Time left: 300 sec this turn | 300 sec total\n|\n|t:|1783540142\n|move|p2a: Cobalion|Calm Mind|p2a: Cobalion\n|-boost|p2a: Cobalion|spa|1\n|-boost|p2a: Cobalion|spd|1\n|move|p1a: Slowbro|Earthquake|p2a: Cobalion\n|-supereffective|p2a: Cobalion\n|-damage|p2a: Cobalion|59/100\n|\n|-heal|p2a: Cobalion|65/100|[from] item: Leftovers\n|upkeep\n|turn|4\n|inactive|Time left: 300 sec this turn | 300 sec total\n|\n|t:|1783540144\n|move|p2a: Cobalion|Calm Mind|p2a: Cobalion\n|-boost|p2a: Cobalion|spa|1\n|-boost|p2a: Cobalion|spd|1\n|move|p1a: Slowbro|Earthquake|p2a: Cobalion\n|-supereffective|p2a: Cobalion\n|-damage|p2a: Cobalion|26/100\n|\n|-heal|p2a: Cobalion|32/100|[from] item: Leftovers\n|upkeep\n|turn|5\n|inactive|Time left: 300 sec this turn | 300 sec total\n|\n|t:|1783540145\n|move|p2a: Cobalion|Flash Cannon|p1a: Slowbro\n|-damage|p1a: Slowbro|151/307\n|move|p1a: Slowbro|Earthquake|p2a: Cobalion\n|-supereffective|p2a: Cobalion\n|-damage|p2a: Cobalion|0 fnt\n|faint|p2a: Cobalion\n|\n|upkeep\n|\n|t:|1783540146\n|switch|p2a: Latios|Latios, L78, M|100/100\n|turn|6\n|inactive|Time left: 300 sec this turn | 300 sec total\n|\n|t:|1783540147\n|switch|p1a: Hitmontop|Hitmontop, L88, M|231/231\n|-damage|p1a: Hitmontop|217/231|[from] Stealth Rock\n|-ability|p1a: Hitmontop|Intimidate|boost\n|-unboost|p2a: Latios|atk|1\n|move|p2a: Latios|Luster Purge|p1a: Hitmontop\n|-supereffective|p1a: Hitmontop\n|-damage|p1a: Hitmontop|41/231\n|-unboost|p1a: Hitmontop|spd|1\n|\n|upkeep\n|turn|7\n|inactive|Time left: 300 sec this turn | 300 sec total\n|\n|t:|1783540149\n|move|p2a: Latios|Luster Purge|p1a: Hitmontop\n|-supereffective|p1a: Hitmontop\n|-damage|p1a: Hitmontop|0 fnt\n|faint|p1a: Hitmontop\n|\n|upkeep\n|inactive|Time left: 300 sec this turn | 300 sec total | 5 sec grace\n|\n|t:|1783540150\n|switch|p1a: Gallade|Gallade, L80, M|240/240\n|-damage|p1a: Gallade|225/240|[from] Stealth Rock\n|turn|8\n|inactive|Time left: 300 sec this turn | 300 sec total\n|\n|t:|1783540151\n|move|p2a: Latios|Luster Purge|p1a: Gallade\n|-damage|p1a: Gallade|93/240\n|-unboost|p1a: Gallade|spd|1\n|move|p1a: Gallade|Sacred Sword|p2a: Latios\n|-resisted|p2a: Latios\n|-damage|p2a: Latios|53/100\n|-damage|p1a: Gallade|69/240|[from] item: Life Orb\n|\n|upkeep\n|turn|9\n|inactive|Time left: 300 sec this turn | 300 sec total\n|\n|t:|1783540152\n|-terastallize|p1a: Gallade|Dark\n|move|p2a: Latios|Luster Purge|p1a: Gallade\n|-immune|p1a: Gallade\n|move|p1a: Gallade|Sacred Sword|p2a: Latios\n|-resisted|p2a: Latios\n|-damage|p2a: Latios|5/100\n|-damage|p1a: Gallade|45/240|[from] item: Life Orb\n|\n|upkeep\n|turn|10\n|inactive|Time left: 300 sec this turn | 300 sec total\n|\n|t:|1783540153\n|switch|p2a: Vespiquen|Vespiquen, L99, F|100/100\n|-ability|p2a: Vespiquen|Pressure\n|move|p1a: Gallade|Sacred Sword|p2a: Vespiquen\n|-resisted|p2a: Vespiquen\n|-damage|p2a: Vespiquen|87/100\n|-damage|p1a: Gallade|21/240|[from] item: Life Orb\n|\n|upkeep\n|turn|11\n|inactive|Time left: 300 sec this turn | 300 sec total\n|\n|t:|1783540154\n|switch|p1a: Rhydon|Rhydon, L85, F|317/317\n|-damage|p1a: Rhydon|298/317|[from] Stealth Rock\n|move|p2a: Vespiquen|Hurricane|p1a: Rhydon\n|-resisted|p1a: Rhydon\n|-damage|p1a: Rhydon|226/317\n|-start|p1a: Rhydon|confusion\n|\n|upkeep\n|turn|12\n|inactive|Time left: 300 sec this turn | 300 sec total\n|\n|t:|1783540155\n|move|p2a: Vespiquen|Toxic|p1a: Rhydon\n|-status|p1a: Rhydon|tox\n|-activate|p1a: Rhydon|confusion\n|-damage|p1a: Rhydon|198/317 tox|[from] confusion\n|\n|-damage|p1a: Rhydon|179/317 tox|[from] psn\n|upkeep\n|turn|13\n|inactive|Time left: 300 sec this turn | 300 sec total\n|\n|t:|1783540157\n|move|p2a: Vespiquen|Hurricane|p1a: Rhydon\n|-resisted|p1a: Rhydon\n|-crit|p1a: Rhydon\n|-damage|p1a: Rhydon|73/317 tox\n|-activate|p1a: Rhydon|confusion\n|-damage|p1a: Rhydon|46/317 tox|[from] confusion\n|\n|-damage|p1a: Rhydon|8/317 tox|[from] psn\n|upkeep\n|turn|14\n|inactive|Time left: 300 sec this turn | 300 sec total\n|\n|t:|1783540158\n|move|p2a: Vespiquen|U-turn|p1a: Rhydon\n|-damage|p1a: Rhydon|0 fnt\n|faint|p1a: Rhydon\n|\n|t:|1783540159\n|switch|p2a: Hitmonlee|Hitmonlee, L85, M|100/100|[from] U-turn\n|\n|upkeep\n|inactive|Time left: 300 sec this turn | 300 sec total | 10 sec grace\n|\n|t:|1783540160\n|switch|p1a: Slowbro|Slowbro-Galar, L87, F|253/307\n|-damage|p1a: Slowbro|215/307|[from] Stealth Rock\n|turn|15\n|inactive|Time left: 300 sec this turn | 300 sec total\n|\n|t:|1783540161\n|move|p2a: Hitmonlee|Knock Off|p1a: Slowbro\n|-supereffective|p1a: Slowbro\n|-damage|p1a: Slowbro|0 fnt\n|-damage|p2a: Hitmonlee|84/100|[from] item: Rocky Helmet|[of] p1a: Slowbro\n|-enditem|p1a: Slowbro|Rocky Helmet|[from] move: Knock Off|[of] p2a: Hitmonlee\n|faint|p1a: Slowbro\n|\n|upkeep\n|inactive|Time left: 300 sec this turn | 300 sec total | 5 sec grace\n|\n|t:|1783540162\n|switch|p1a: Cinderace|Cinderace, L77, F|249/249\n|-damage|p1a: Cinderace|187/249|[from] Stealth Rock\n|turn|16\n|inactive|Time left: 300 sec this turn | 300 sec total\n|\n|t:|1783540163\n|switch|p2a: Coalossal|Coalossal, L89, F|100/100\n|move|p1a: Cinderace|Pyro Ball|p2a: Coalossal|[miss]\n|-miss|p1a: Cinderace|p2a: Coalossal\n|\n|upkeep\n|turn|17\n|inactive|Time left: 300 sec this turn | 300 sec total\n|\n|t:|1783540164\n|move|p1a: Cinderace|Pyro Ball|p2a: Coalossal\n|-resisted|p2a: Coalossal\n|-damage|p2a: Coalossal|91/100\n|move|p2a: Coalossal|Stone Edge|p1a: Cinderace\n|-supereffective|p1a: Cinderace\n|-damage|p1a: Cinderace|0 fnt\n|faint|p1a: Cinderace\n|\n|upkeep\n|inactive|Time left: 300 sec this turn | 300 sec total | 5 sec grace\n|\n|t:|1783540165\n|switch|p1a: Ambipom|Ambipom, L84, M|263/263\n|-damage|p1a: Ambipom|231/263|[from] Stealth Rock\n|turn|18\n|inactive|Time left: 300 sec this turn | 300 sec total\n|\n|t:|1783540167\n|move|p1a: Ambipom|Fake Out|p2a: Coalossal\n|-resisted|p2a: Coalossal\n|-damage|p2a: Coalossal|83/100\n|cant|p2a: Coalossal|flinch\n|\n|upkeep\n|turn|19\n|inactive|Time left: 300 sec this turn | 300 sec total\n|\n|t:|1783540168\n|move|p1a: Ambipom|Knock Off|p2a: Coalossal\n|-damage|p2a: Coalossal|67/100\n|-enditem|p2a: Coalossal|Heavy-Duty Boots|[from] move: Knock Off|[of] p1a: Ambipom\n|move|p2a: Coalossal|Overheat|p1a: Ambipom\n|-damage|p1a: Ambipom|72/263\n|-unboost|p2a: Coalossal|spa|2\n|\n|upkeep\n|turn|20\n|inactive|Time left: 300 sec this turn | 300 sec total\n|\n|t:|1783540169\n|move|p1a: Ambipom|U-turn|p2a: Coalossal\n|-resisted|p2a: Coalossal\n|-damage|p2a: Coalossal|61/100\n|-status|p1a: Ambipom|brn|[from] ability: Flame Body|[of] p2a: Coalossal\n|inactive|Time left: 300 sec this turn | 300 sec total | 5 sec grace\n|\n|t:|1783540169\n|switch|p1a: Gallade|Gallade, L80, M, tera:Dark|21/240|[from] U-turn\n|-damage|p1a: Gallade|0 fnt|[from] Stealth Rock\n|faint|p1a: Gallade\n|move|p2a: Coalossal|Overheat|p1: Gallade|[notarget]\n|-fail|p2a: Coalossal\n|\n|upkeep\n|inactive|Time left: 300 sec this turn | 300 sec total | 10 sec grace\n|\n|t:|1783540170\n|switch|p1a: Ambipom|Ambipom, L84, M|72/263 brn\n|-damage|p1a: Ambipom|40/263 brn|[from] Stealth Rock\n|turn|21\n|inactive|Time left: 300 sec this turn | 300 sec total\n|\n|t:|1783540171\n|move|p1a: Ambipom|Fake Out|p2a: Coalossal\n|-resisted|p2a: Coalossal\n|-damage|p2a: Coalossal|57/100\n|cant|p2a: Coalossal|flinch\n|\n|-damage|p1a: Ambipom|24/263 brn|[from] brn\n|upkeep\n|turn|22\n|inactive|Time left: 300 sec this turn | 300 sec total\n|\n|t:|1783540172\n|-terastallize|p2a: Coalossal|Water\n|move|p1a: Ambipom|Knock Off|p2a: Coalossal\n|-damage|p2a: Coalossal|52/100\n|move|p2a: Coalossal|Rapid Spin|p1a: Ambipom\n|-damage|p1a: Ambipom|0 fnt\n|-boost|p2a: Coalossal|spe|1\n|faint|p1a: Ambipom\n|\n|win|p0y0588ef2", "uploadtime": 1783540172, "views": 0, "rating": 0, "private": 0, "password": null, "_winner": "p0y0588ef2", "_our_name": "p0x0587187"}