{"id": "battle-gen9randombattle-1083", "formatid": "gen9randombattle", "format": "[Gen 9] Random Battle", "players": ["p0x1083fba4", "p0y1083a62c"], "log": "|init|battle\n|title|p0x1083fba4 vs. p0y1083a62c\n|j|\u2606p0x1083fba4\n|j|\u2606p0y1083a62c\n|t:|1783552491\n|gametype|singles\n|player|p1|p0x1083fba4|170|\n|player|p2|p0y1083a62c|170|\n|gen|9\n|tier|[Gen 9] Random Battle\n|rule|Species Clause: Limit one of each Pok\u00e9mon\n|rule|HP Percentage Mod: HP is shown in percentages\n|rule|Sleep Clause Mod: Limit one foe put to sleep\n|rule|Illusion Level Mod: Illusion disguises the Pok\u00e9mon's true level\n|\n|t:|1783552491\n|teamsize|p1|6\n|teamsize|p2|6\n|start\n|switch|p1a: Heracross|Heracross, L80, F|100/100\n|switch|p2a: Giratina|Giratina-Origin, L72|335/335\n|turn|1\n|inactive|Battle timer is ON: inactive players will automatically lose when time's up. (requested by p0x1083fba4)\n|inactive|Time left: 300 sec this turn | 300 sec total | 60 sec grace\n|inactive|p0y1083a62c also wants the timer to be on.\n|\n|t:|1783552493\n|move|p1a: Heracross|Stone Edge|p2a: Giratina|[miss]\n|-miss|p1a: Heracross|p2a: Giratina\n|move|p2a: Giratina|Poltergeist|p1a: Heracross\n|-activate|p1a: Heracross|move: Poltergeist|Choice Band\n|-damage|p1a: Heracross|45/100\n|\n|upkeep\n|turn|2\n|inactive|Time left: 300 sec this turn | 300 sec total\n|\n|t:|1783552494\n|move|p1a: Heracross|Stone Edge|p2a: Giratina\n|-damage|p2a: Giratina|208/335\n|move|p2a: Giratina|Poltergeist|p1a: Heracross\n|-activate|p1a: Heracross|move: Poltergeist|Choice Band\n|-damage|p1a: Heracross|0 fnt\n|faint|p1a: Heracross\n|\n|upkeep\n|\n|t:|1783552495\n|switch|p1a: Zacian|Zacian, L69|100/100\n|-ability|p1a: Zacian|Intrepid Sword|boost\n|-boost|p1a: Zacian|atk|1\n|turn|3\n|inactive|Time left: 300 sec this turn | 300 sec total\n|\n|t:|1783552497\n|switch|p2a: Mimikyu|Mimikyu, L79, M|216/216\n|move|p1a: Zacian|Play Rough|p2a: Mimikyu\n|-activate|p2a: Mimikyu|ability: Disguise\n|-damage|p2a: Mimikyu|216/216\n|-unboost|p2a: Mimikyu|atk|1\n|detailschange|p2a: Mimikyu|Mimikyu-Busted, L79, M\n|-damage|p2a: Mimikyu|189/216|[from] pokemon: Mimikyu-Busted\n|\n|upkeep\n|turn|4\n|inactive|Time left: 300 sec this turn | 300 sec total\n|\n|t:|1783552498\n|switch|p2a: Torkoal|Torkoal, L88, M|266/266\n|-weather|SunnyDay|[from] ability: Drought|[of] p2a: Torkoal\n|move|p1a: Zacian|Play Rough|p2a: Torkoal\n|-resisted|p2a: Torkoal\n|-damage|p2a: Torkoal|204/266\n|\n|-weather|SunnyDay|[upkeep]\n|upkeep\n|turn|5\n|inactive|Time left: 300 sec this turn | 300 sec total\n|\n|t:|1783552499\n|move|p1a: Zacian|Play Rough|p2a: Torkoal\n|-resisted|p2a: Torkoal\n|-damage|p2a: Torkoal|145/266\n|-unboost|p2a: Torkoal|atk|1\n|move|p2a: Torkoal|Lava Plume|p1a: Zacian\n|-damage|p1a: Zacian|47/100\n|\n|-weather|SunnyDay|[upkeep]\n|upkeep\n|turn|6\n|inactive|Time left: 300 sec this turn | 300 sec total\n|\n|t:|1783552500\n|switch|p1a: Pelipper|Pelipper, L86, F|100/100\n|-weather|RainDance|[from] ability: Drizzle|[of] p1a: Pelipper\n|move|p2a: Torkoal|Lava Plume|p1a: Pelipper\n|-resisted|p1a: Pelipper\n|-damage|p1a: Pelipper|91/100\n|\n|-weather|RainDance|[upkeep]\n|upkeep\n|turn|7\n|inactive|Time left: 300 sec this turn | 300 sec total\n|\n|t:|1783552502\n|switch|p2a: Noctowl|Noctowl, L95, M|344/344\n|move|p1a: Pelipper|Weather Ball|p2a: Noctowl\n|-damage|p2a: Noctowl|152/344\n|\n|-weather|RainDance|[upkeep]\n|upkeep\n|turn|8\n|inactive|Time left: 300 sec this turn | 300 sec total\n|\n|t:|1783552503\n|move|p2a: Noctowl|Calm Mind|p2a: Noctowl\n|-boost|p2a: Noctowl|spa|1\n|-boost|p2a: Noctowl|spd|1\n|move|p1a: Pelipper|Weather Ball|p2a: Noctowl\n|-damage|p2a: Noctowl|16/344\n|\n|-weather|RainDance|[upkeep]\n|upkeep\n|turn|9\n|inactive|Time left: 300 sec this turn | 300 sec total\n|\n|t:|1783552504\n|move|p2a: Noctowl|Hurricane|p1a: Pelipper\n|-damage|p1a: Pelipper|1/100\n|move|p1a: Pelipper|Weather Ball|p2a: Noctowl\n|-damage|p2a: Noctowl|0 fnt\n|faint|p2a: Noctowl\n|\n|-weather|RainDance|[upkeep]\n|upkeep\n|inactive|Time left: 300 sec this turn | 300 sec total | 5 sec grace\n|\n|t:|1783552505\n|switch|p2a: Kricketune|Kricketune, L99, M|312/312\n|turn|10\n|inactive|Time left: 300 sec this turn | 300 sec total\n|\n|t:|1783552506\n|move|p2a: Kricketune|Knock Off|p1a: Pelipper\n|-damage|p1a: Pelipper|0 fnt\n|-enditem|p1a: Pelipper|Choice Specs|[from] move: Knock Off|[of] p2a: Kricketune\n|faint|p1a: Pelipper\n|\n|-weather|none\n|upkeep\n|\n|t:|1783552508\n|switch|p1a: Braviary|Braviary, L85, M|100/100\n|turn|11\n|inactive|Time left: 300 sec this turn | 300 sec total\n|\n|t:|1783552509\n|move|p1a: Braviary|Brave Bird|p2a: Kricketune\n|-supereffective|p2a: Kricketune\n|-damage|p2a: Kricketune|0 fnt\n|faint|p2a: Kricketune\n|-damage|p1a: Braviary|67/100|[from] Recoil\n|\n|upkeep\n|inactive|Time left: 300 sec this turn | 300 sec total | 5 sec grace\n|\n|t:|1783552510\n|switch|p2a: Flamigo|Flamigo, L82, F|269/269\n|turn|12\n|inactive|Time left: 300 sec this turn | 300 sec total\n|\n|t:|1783552511\n|move|p2a: Flamigo|Brave Bird|p1a: Braviary\n|-damage|p1a: Braviary|0 fnt\n|faint|p1a: Braviary\n|-damage|p2a: Flamigo|201/269|[from] Recoil\n|\n|upkeep\n|\n|t:|1783552512\n|switch|p1a: Samurott|Samurott-Hisui, L77, M|100/100\n|turn|13\n|inactive|Time left: 300 sec this turn | 300 sec total\n|\n|t:|1783552513\n|move|p2a: Flamigo|Brave Bird|p1a: Samurott\n|-damage|p1a: Samurott|17/100\n|-damage|p2a: Flamigo|128/269|[from] Recoil\n|move|p1a: Samurott|Razor Shell|p2a: Flamigo\n|-damage|p2a: Flamigo|0 fnt\n|faint|p2a: Flamigo\n|\n|upkeep\n|inactive|Time left: 300 sec this turn | 300 sec total | 5 sec grace\n|\n|t:|1783552514\n|switch|p2a: Torkoal|Torkoal, L88, M|145/266\n|-weather|SunnyDay|[from] ability: Drought|[of] p2a: Torkoal\n|turn|14\n|inactive|Time left: 300 sec this turn | 300 sec total\n|\n|t:|1783552515\n|move|p1a: Samurott|Razor Shell|p2a: Torkoal\n|-supereffective|p2a: Torkoal\n|-damage|p2a: Torkoal|43/266\n|-unboost|p2a: Torkoal|def|1\n|move|p2a: Torkoal|Solar Beam||[still]\n|-prepare|p2a: Torkoal|Solar Beam\n|-anim|p2a: Torkoal|Solar Beam|p1a: Samurott\n|-supereffective|p1a: Samurott\n|-damage|p1a: Samurott|0 fnt\n|faint|p1a: Samurott\n|\n|-weather|SunnyDay|[upkeep]\n|upkeep\n|\n|t:|1783552516\n|switch|p1a: Zacian|Zacian, L69|47/100\n|turn|15\n|inactive|Time left: 300 sec this turn | 300 sec total\n|\n|t:|1783552517\n|move|p1a: Zacian|Play Rough|p2a: Torkoal\n|-resisted|p2a: Torkoal\n|-damage|p2a: Torkoal|0 fnt\n|faint|p2a: Torkoal\n|\n|-weather|SunnyDay|[upkeep]\n|upkeep\n|inactive|Time left: 300 sec this turn | 300 sec total | 5 sec grace\n|\n|t:|1783552518\n|switch|p2a: Giratina|Giratina-Origin, L72|208/335\n|turn|16\n|inactive|Time left: 300 sec this turn | 300 sec total\n|\n|t:|1783552519\n|-terastallize|p2a: Giratina|Steel\n|move|p1a: Zacian|Play Rough|p2a: Giratina\n|-resisted|p2a: Giratina\n|-damage|p2a: Giratina|151/335\n|move|p2a: Giratina|Poltergeist|p1a: Zacian|[miss]\n|-miss|p2a: Giratina|p1a: Zacian\n|\n|-weather|SunnyDay|[upkeep]\n|upkeep\n|turn|17\n|inactive|Time left: 300 sec this turn | 300 sec total\n|\n|t:|1783552520\n|move|p1a: Zacian|Play Rough|p2a: Giratina|[miss]\n|-miss|p1a: Zacian|p2a: Giratina\n|move|p2a: Giratina|Will-O-Wisp|p1a: Zacian|[miss]\n|-miss|p2a: Giratina|p1a: Zacian\n|\n|-weather|SunnyDay|[upkeep]\n|upkeep\n|turn|18\n|inactive|Time left: 300 sec this turn | 300 sec total\n|\n|t:|1783552521\n|move|p1a: Zacian|Play Rough|p2a: Giratina\n|-resisted|p2a: Giratina\n|-damage|p2a: Giratina|94/335\n|-unboost|p2a: Giratina|atk|1\n|move|p2a: Giratina|Poltergeist|p1a: Zacian\n|-activate|p1a: Zacian|move: Poltergeist|Choice Band\n|-damage|p1a: Zacian|14/100\n|\n|-weather|none\n|upkeep\n|turn|19\n|inactive|Time left: 300 sec this turn | 300 sec total\n|\n|t:|1783552522\n|move|p1a: Zacian|Play Rough|p2a: Giratina\n|-resisted|p2a: Giratina\n|-damage|p2a: Giratina|30/335\n|move|p2a: Giratina|Poltergeist|p1a: Zacian\n|-activate|p1a: Zacian|move: Poltergeist|Choice Band\n|-damage|p1a: Zacian|0 fnt\n|faint|p1a: Zacian\n|\n|upkeep\n|\n|t:|1783552523\n|switch|p1a: Annihilape|Annihilape, L76, M|100/100\n|turn|20\n|inactive|Time left: 300 sec this turn | 300 sec total\n|\n|t:|1783552524\n|-terastallize|p1a: Annihilape|Steel\n|move|p1a: Annihilape|Rage Fist|p2a: Giratina\n|-damage|p2a: Giratina|0 fnt\n|faint|p2a: Giratina\n|\n|upkeep\n|inactive|Time left: 300 sec this turn | 300 sec total | 5 sec grace\n|\n|t:|1783552524\n|switch|p2a: Mimikyu|Mimikyu-Busted, L79, M|189/216\n|turn|21\n|inactive|Time left: 300 sec this turn | 300 sec total\n|\n|t:|1783552525\n|move|p2a: Mimikyu|Swords Dance|p2a: Mimikyu\n|-boost|p2a: Mimikyu|atk|2\n|move|p1a: Annihilape|Bulk Up|p1a: Annihilape\n|-boost|p1a: Annihilape|atk|1\n|-boost|p1a: Annihilape|def|1\n|\n|upkeep\n|turn|22\n|inactive|Time left: 300 sec this turn | 300 sec total\n|\n|t:|1783552526\n|move|p2a: Mimikyu|Drain Punch|p1a: Annihilape\n|-supereffective|p1a: Annihilape\n|-damage|p1a: Annihilape|41/100\n|-heal|p2a: Mimikyu|216/216|[from] drain|[of] p1a: Annihilape\n|-damage|p2a: Mimikyu|195/216|[from] item: Life Orb\n|move|p1a: Annihilape|Rage Fist|p2a: Mimikyu\n|-supereffective|p2a: Mimikyu\n|-damage|p2a: Mimikyu|0 fnt\n|faint|p2a: Mimikyu\n|\n|win|p0x1083fba4", "uploadtime": 1783552526, "views": 0, "rating": 0, "private": 0, "password": null, "_winner": "p0x1083fba4", "_our_name": "p0y1083a62c"}