{"id": "battle-gen9randombattle-833", "formatid": "gen9randombattle", "format": "[Gen 9] Random Battle", "players": ["p0x8332343", "p0y8335701"], "log": "|init|battle\n|title|p0x8332343 vs. p0y8335701\n|j|\u2606p0x8332343\n|j|\u2606p0y8335701\n|t:|1783549547\n|gametype|singles\n|player|p1|p0x8332343|1|\n|player|p2|p0y8335701|1|\n|gen|9\n|tier|[Gen 9] Random Battle\n|rule|Species Clause: Limit one of each Pok\u00e9mon\n|rule|HP Percentage Mod: HP is shown in percentages\n|rule|Sleep Clause Mod: Limit one foe put to sleep\n|rule|Illusion Level Mod: Illusion disguises the Pok\u00e9mon's true level\n|\n|t:|1783549547\n|teamsize|p1|6\n|teamsize|p2|6\n|start\n|switch|p1a: Iron Bundle|Iron Bundle, L78|215/215\n|switch|p2a: Charizard|Charizard, L85, M|100/100\n|turn|1\n|inactive|Battle timer is ON: inactive players will automatically lose when time's up. (requested by p0x8332343)\n|inactive|p0y8335701 also wants the timer to be on.\n|\n|t:|1783549549\n|move|p1a: Iron Bundle|Hydro Pump|p2a: Charizard\n|-supereffective|p2a: Charizard\n|-damage|p2a: Charizard|0 fnt\n|faint|p2a: Charizard\n|\n|upkeep\n|\n|t:|1783549551\n|switch|p2a: Sylveon|Sylveon, L85, F|100/100\n|turn|2\n|inactive|Time left: 300 sec this turn | 300 sec total\n|\n|t:|1783549552\n|-end|p1a: Iron Bundle|Quark Drive|[silent]\n|switch|p1a: Zangoose|Zangoose, L85, F|263/263\n|move|p2a: Sylveon|Hyper Voice|p1a: Zangoose\n|-damage|p1a: Zangoose|79/263\n|\n|-status|p1a: Zangoose|tox|[from] item: Toxic Orb\n|upkeep\n|turn|3\n|inactive|Time left: 300 sec this turn | 300 sec total\n|\n|t:|1783549553\n|move|p2a: Sylveon|Protect|p2a: Sylveon\n|-singleturn|p2a: Sylveon|Protect\n|move|p1a: Zangoose|Facade|p2a: Sylveon\n|-activate|p2a: Sylveon|move: Protect\n|\n|-damage|p1a: Zangoose|63/263 tox|[from] psn\n|upkeep\n|turn|4\n|inactive|Time left: 300 sec this turn | 300 sec total\n|\n|t:|1783549554\n|switch|p2a: Dipplin|Dipplin, L88, M|100/100\n|move|p1a: Zangoose|Facade|p2a: Dipplin\n|-damage|p2a: Dipplin|52/100\n|\n|-damage|p1a: Zangoose|31/263 tox|[from] psn\n|upkeep\n|turn|5\n|inactive|Time left: 300 sec this turn | 300 sec total\n|\n|t:|1783549555\n|move|p1a: Zangoose|Facade|p2a: Dipplin\n|-damage|p2a: Dipplin|2/100\n|move|p2a: Dipplin|Recover|p2a: Dipplin\n|-heal|p2a: Dipplin|52/100\n|\n|-damage|p1a: Zangoose|0 fnt|[from] psn\n|faint|p1a: Zangoose\n|upkeep\n|inactive|Time left: 300 sec this turn | 300 sec total | 5 sec grace\n|\n|t:|1783549556\n|switch|p1a: Arbok|Arbok, L87, M|246/246\n|-ability|p1a: Arbok|Intimidate|boost\n|-unboost|p2a: Dipplin|atk|1\n|turn|6\n|inactive|Time left: 300 sec this turn | 300 sec total\n|\n|t:|1783549557\n|move|p1a: Arbok|Gunk Shot|p2a: Dipplin\n|-supereffective|p2a: Dipplin\n|-damage|p2a: Dipplin|0 fnt\n|faint|p2a: Dipplin\n|-damage|p1a: Arbok|222/246|[from] item: Life Orb\n|\n|upkeep\n|\n|t:|1783549558\n|switch|p2a: Quagsire|Quagsire, L84, F|100/100\n|turn|7\n|inactive|Time left: 300 sec this turn | 300 sec total\n|\n|t:|1783549559\n|switch|p1a: Iron Bundle|Iron Bundle, L78|215/215\n|move|p2a: Quagsire|Earthquake|p1a: Iron Bundle\n|-damage|p1a: Iron Bundle|130/215\n|\n|upkeep\n|turn|8\n|inactive|Time left: 300 sec this turn | 300 sec total\n|\n|t:|1783549560\n|switch|p2a: Sylveon|Sylveon, L85, F|100/100\n|move|p1a: Iron Bundle|Freeze-Dry|p2a: Sylveon\n|-damage|p2a: Sylveon|69/100\n|\n|-heal|p2a: Sylveon|75/100|[from] item: Leftovers\n|upkeep\n|turn|9\n|inactive|Time left: 300 sec this turn | 300 sec total\n|\n|t:|1783549561\n|-end|p1a: Iron Bundle|Quark Drive|[silent]\n|switch|p1a: Arbok|Arbok, L87, M|222/246\n|-ability|p1a: Arbok|Intimidate|boost\n|-unboost|p2a: Sylveon|atk|1\n|move|p2a: Sylveon|Hyper Voice|p1a: Arbok\n|-resisted|p1a: Arbok\n|-damage|p1a: Arbok|156/246\n|\n|-heal|p2a: Sylveon|81/100|[from] item: Leftovers\n|upkeep\n|turn|10\n|inactive|Time left: 300 sec this turn | 300 sec total\n|\n|t:|1783549562\n|switch|p2a: Deoxys|Deoxys-Defense, L84|100/100\n|-ability|p2a: Deoxys|Pressure\n|move|p1a: Arbok|Gunk Shot|p2a: Deoxys\n|-damage|p2a: Deoxys|52/100\n|-damage|p1a: Arbok|132/246|[from] item: Life Orb\n|\n|upkeep\n|turn|11\n|inactive|Time left: 300 sec this turn | 300 sec total\n|\n|t:|1783549563\n|switch|p1a: Iron Bundle|Iron Bundle, L78|130/215\n|move|p2a: Deoxys|Psychic Noise|p1a: Iron Bundle\n|-damage|p1a: Iron Bundle|36/215\n|-start|p1a: Iron Bundle|move: Heal Block\n|\n|upkeep\n|turn|12\n|inactive|Time left: 300 sec this turn | 300 sec total\n|\n|t:|1783549564\n|move|p1a: Iron Bundle|Hydro Pump|p2a: Deoxys\n|-damage|p2a: Deoxys|0 fnt\n|faint|p2a: Deoxys\n|\n|-end|p1a: Iron Bundle|move: Heal Block\n|upkeep\n|\n|t:|1783549565\n|switch|p2a: Sylveon|Sylveon, L85, F|81/100\n|turn|13\n|inactive|Time left: 300 sec this turn | 300 sec total\n|\n|t:|1783549566\n|move|p1a: Iron Bundle|Hydro Pump|p2a: Sylveon\n|-damage|p2a: Sylveon|37/100\n|move|p2a: Sylveon|Calm Mind|p2a: Sylveon\n|-boost|p2a: Sylveon|spa|1\n|-boost|p2a: Sylveon|spd|1\n|\n|-heal|p2a: Sylveon|43/100|[from] item: Leftovers\n|upkeep\n|turn|14\n|inactive|Time left: 300 sec this turn | 300 sec total\n|\n|t:|1783549567\n|move|p1a: Iron Bundle|Hydro Pump|p2a: Sylveon\n|-damage|p2a: Sylveon|11/100\n|move|p2a: Sylveon|Hyper Voice|p1a: Iron Bundle\n|-damage|p1a: Iron Bundle|0 fnt\n|faint|p1a: Iron Bundle\n|-end|p1a: Iron Bundle|Quark Drive|[silent]\n|\n|-heal|p2a: Sylveon|17/100|[from] item: Leftovers\n|upkeep\n|inactive|Time left: 300 sec this turn | 300 sec total | 5 sec grace\n|\n|t:|1783549568\n|switch|p1a: Azumarill|Azumarill, L82, M|298/298\n|turn|15\n|inactive|Time left: 300 sec this turn | 300 sec total\n|\n|t:|1783549569\n|move|p2a: Sylveon|Protect|p2a: Sylveon\n|-singleturn|p2a: Sylveon|Protect\n|move|p1a: Azumarill|Aqua Jet|p2a: Sylveon\n|-activate|p2a: Sylveon|move: Protect\n|\n|-heal|p2a: Sylveon|23/100|[from] item: Leftovers\n|upkeep\n|turn|16\n|inactive|Time left: 300 sec this turn | 300 sec total\n|\n|t:|1783549570\n|move|p1a: Azumarill|Aqua Jet|p2a: Sylveon\n|-damage|p2a: Sylveon|0 fnt\n|faint|p2a: Sylveon\n|\n|upkeep\n|\n|t:|1783549571\n|switch|p2a: Quagsire|Quagsire, L84, F|100/100\n|turn|17\n|inactive|Time left: 300 sec this turn | 300 sec total\n|\n|t:|1783549572\n|switch|p1a: Arbok|Arbok, L87, M|132/246\n|-ability|p1a: Arbok|Intimidate|boost\n|-unboost|p2a: Quagsire|atk|1\n|move|p2a: Quagsire|Earthquake|p1a: Arbok\n|-supereffective|p1a: Arbok\n|-damage|p1a: Arbok|0 fnt\n|faint|p1a: Arbok\n|\n|upkeep\n|inactive|Time left: 300 sec this turn | 300 sec total | 5 sec grace\n|\n|t:|1783549573\n|switch|p1a: Azumarill|Azumarill, L82, M|298/298\n|turn|18\n|inactive|Time left: 300 sec this turn | 300 sec total\n|\n|t:|1783549573\n|move|p1a: Azumarill|Liquidation|p2a: Quagsire\n|-damage|p2a: Quagsire|45/100\n|-unboost|p2a: Quagsire|def|1\n|move|p2a: Quagsire|Toxic|p1a: Azumarill\n|-status|p1a: Azumarill|tox\n|\n|-heal|p2a: Quagsire|51/100|[from] item: Leftovers\n|-damage|p1a: Azumarill|280/298 tox|[from] psn\n|upkeep\n|turn|19\n|inactive|Time left: 300 sec this turn | 300 sec total\n|\n|t:|1783549574\n|switch|p2a: Swanna|Swanna, L89, M|100/100\n|move|p1a: Azumarill|Liquidation|p2a: Swanna\n|-resisted|p2a: Swanna\n|-damage|p2a: Swanna|68/100\n|\n|-damage|p1a: Azumarill|244/298 tox|[from] psn\n|upkeep\n|turn|20\n|inactive|Time left: 300 sec this turn | 300 sec total\n|\n|t:|1783549575\n|move|p2a: Swanna|Roost|p2a: Swanna\n|-heal|p2a: Swanna|100/100\n|-singleturn|p2a: Swanna|move: Roost\n|move|p1a: Azumarill|Liquidation|p2a: Swanna\n|-resisted|p2a: Swanna\n|-damage|p2a: Swanna|64/100\n|\n|-damage|p1a: Azumarill|190/298 tox|[from] psn\n|upkeep\n|turn|21\n|inactive|Time left: 300 sec this turn | 300 sec total\n|\n|t:|1783549576\n|move|p2a: Swanna|Roost|p2a: Swanna\n|-heal|p2a: Swanna|100/100\n|-singleturn|p2a: Swanna|move: Roost\n|move|p1a: Azumarill|Liquidation|p2a: Swanna\n|-resisted|p2a: Swanna\n|-damage|p2a: Swanna|66/100\n|-unboost|p2a: Swanna|def|1\n|\n|-damage|p1a: Azumarill|118/298 tox|[from] psn\n|upkeep\n|turn|22\n|inactive|Time left: 300 sec this turn | 300 sec total\n|\n|t:|1783549577\n|move|p2a: Swanna|Brave Bird|p1a: Azumarill\n|-damage|p1a: Azumarill|0 fnt\n|faint|p1a: Azumarill\n|-damage|p2a: Swanna|52/100|[from] Recoil\n|\n|upkeep\n|inactive|Time left: 300 sec this turn | 300 sec total | 5 sec grace\n|\n|t:|1783549578\n|switch|p1a: Regigigas|Regigigas, L84|322/322\n|-start|p1a: Regigigas|ability: Slow Start\n|turn|23\n|inactive|Time left: 300 sec this turn | 300 sec total\n|\n|t:|1783549579\n|switch|p2a: Quagsire|Quagsire, L84, F|51/100\n|move|p1a: Regigigas|Body Slam|p2a: Quagsire\n|-damage|p2a: Quagsire|28/100\n|\n|-heal|p2a: Quagsire|35/100|[from] item: Leftovers\n|upkeep\n|turn|24\n|inactive|Time left: 300 sec this turn | 300 sec total\n|\n|t:|1783549581\n|move|p1a: Regigigas|Body Slam|p2a: Quagsire\n|-damage|p2a: Quagsire|12/100\n|move|p2a: Quagsire|Recover|p2a: Quagsire\n|-heal|p2a: Quagsire|62/100\n|\n|-heal|p2a: Quagsire|68/100|[from] item: Leftovers\n|upkeep\n|turn|25\n|inactive|Time left: 300 sec this turn | 300 sec total\n|\n|t:|1783549582\n|move|p1a: Regigigas|Body Slam|p2a: Quagsire\n|-damage|p2a: Quagsire|44/100\n|-status|p2a: Quagsire|par\n|cant|p2a: Quagsire|par\n|\n|-heal|p2a: Quagsire|50/100 par|[from] item: Leftovers\n|upkeep\n|turn|26\n|inactive|Time left: 300 sec this turn | 300 sec total\n|\n|t:|1783549583\n|move|p1a: Regigigas|Knock Off|p2a: Quagsire\n|-crit|p2a: Quagsire\n|-damage|p2a: Quagsire|23/100 par\n|-enditem|p2a: Quagsire|Leftovers|[from] move: Knock Off|[of] p1a: Regigigas\n|move|p2a: Quagsire|Recover|p2a: Quagsire\n|-heal|p2a: Quagsire|73/100 par\n|\n|upkeep\n|turn|27\n|inactive|Time left: 300 sec this turn | 300 sec total\n|\n|t:|1783549584\n|move|p1a: Regigigas|Body Slam|p2a: Quagsire\n|-damage|p2a: Quagsire|49/100 par\n|move|p2a: Quagsire|Recover|p2a: Quagsire\n|-heal|p2a: Quagsire|99/100 par\n|\n|-end|p1a: Regigigas|Slow Start\n|upkeep\n|turn|28\n|inactive|Time left: 300 sec this turn | 300 sec total\n|\n|t:|1783549585\n|move|p1a: Regigigas|Body Slam|p2a: Quagsire\n|-damage|p2a: Quagsire|49/100 par\n|move|p2a: Quagsire|Recover|p2a: Quagsire\n|-heal|p2a: Quagsire|99/100 par\n|\n|upkeep\n|turn|29\n|inactive|Time left: 300 sec this turn | 300 sec total\n|\n|t:|1783549586\n|move|p1a: Regigigas|Body Slam|p2a: Quagsire\n|-damage|p2a: Quagsire|50/100 par\n|move|p2a: Quagsire|Recover|p2a: Quagsire\n|-heal|p2a: Quagsire|99/100 par\n|\n|upkeep\n|turn|30\n|inactive|Time left: 300 sec this turn | 300 sec total\n|\n|t:|1783549587\n|move|p1a: Regigigas|Body Slam|p2a: Quagsire\n|-damage|p2a: Quagsire|51/100 par\n|cant|p2a: Quagsire|par\n|\n|upkeep\n|turn|31\n|inactive|Time left: 300 sec this turn | 300 sec total\n|\n|t:|1783549588\n|move|p1a: Regigigas|Body Slam|p2a: Quagsire\n|-damage|p2a: Quagsire|6/100 par\n|move|p2a: Quagsire|Recover|p2a: Quagsire\n|-heal|p2a: Quagsire|56/100 par\n|\n|upkeep\n|turn|32\n|inactive|Time left: 300 sec this turn | 300 sec total\n|\n|t:|1783549589\n|move|p1a: Regigigas|Body Slam|p2a: Quagsire\n|-damage|p2a: Quagsire|7/100 par\n|move|p2a: Quagsire|Recover|p2a: Quagsire\n|-heal|p2a: Quagsire|57/100 par\n|\n|upkeep\n|turn|33\n|inactive|Time left: 300 sec this turn | 300 sec total\n|\n|t:|1783549591\n|move|p1a: Regigigas|Body Slam|p2a: Quagsire\n|-damage|p2a: Quagsire|11/100 par\n|move|p2a: Quagsire|Recover|p2a: Quagsire\n|-heal|p2a: Quagsire|61/100 par\n|\n|upkeep\n|turn|34\n|inactive|Time left: 300 sec this turn | 300 sec total\n|\n|t:|1783549592\n|move|p1a: Regigigas|Body Slam|p2a: Quagsire\n|-damage|p2a: Quagsire|12/100 par\n|move|p2a: Quagsire|Earthquake|p1a: Regigigas\n|-damage|p1a: Regigigas|246/322\n|\n|-heal|p1a: Regigigas|266/322|[from] item: Leftovers\n|upkeep\n|turn|35\n|inactive|Time left: 300 sec this turn | 300 sec total\n|\n|t:|1783549593\n|-terastallize|p1a: Regigigas|Ghost\n|move|p1a: Regigigas|Body Slam|p2a: Quagsire\n|-damage|p2a: Quagsire|0 fnt\n|faint|p2a: Quagsire\n|\n|-heal|p1a: Regigigas|286/322|[from] item: Leftovers\n|upkeep\n|\n|t:|1783549594\n|switch|p2a: Swanna|Swanna, L89, M|52/100\n|turn|36\n|inactive|Time left: 300 sec this turn | 300 sec total\n|\n|t:|1783549595\n|-terastallize|p2a: Swanna|Ground\n|move|p2a: Swanna|Roost|p2a: Swanna\n|-heal|p2a: Swanna|100/100\n|move|p1a: Regigigas|Body Slam|p2a: Swanna\n|-damage|p2a: Swanna|42/100\n|\n|-heal|p1a: Regigigas|306/322|[from] item: Leftovers\n|upkeep\n|turn|37\n|inactive|Time left: 300 sec this turn | 300 sec total\n|\n|t:|1783549596\n|move|p2a: Swanna|Roost|p2a: Swanna\n|-heal|p2a: Swanna|92/100\n|move|p1a: Regigigas|Body Slam|p2a: Swanna\n|-damage|p2a: Swanna|32/100\n|-status|p2a: Swanna|par\n|\n|-heal|p1a: Regigigas|322/322|[from] item: Leftovers\n|upkeep\n|turn|38\n|inactive|Time left: 300 sec this turn | 300 sec total\n|\n|t:|1783549597\n|move|p1a: Regigigas|Knock Off|p2a: Swanna\n|-damage|p2a: Swanna|0 fnt\n|-enditem|p2a: Swanna|Heavy-Duty Boots|[from] move: Knock Off|[of] p1a: Regigigas\n|faint|p2a: Swanna\n|\n|win|p0x8332343", "uploadtime": 1783549597, "views": 0, "rating": 0, "private": 0, "password": null, "_winner": "p0x8332343", "_our_name": "p0x8332343"}