{"id": "battle-gen9randombattle-1792", "formatid": "gen9randombattle", "format": "[Gen 9] Random Battle", "players": ["p0x17924bb7", "p0y179284f4"], "log": "|init|battle\n|title|p0x17924bb7 vs. p0y179284f4\n|j|\u2606p0x17924bb7\n|j|\u2606p0y179284f4\n|t:|1783559996\n|gametype|singles\n|player|p1|p0x17924bb7|169|\n|player|p2|p0y179284f4|101|\n|gen|9\n|tier|[Gen 9] Random Battle\n|rule|Species Clause: Limit one of each Pok\u00e9mon\n|rule|HP Percentage Mod: HP is shown in percentages\n|rule|Sleep Clause Mod: Limit one foe put to sleep\n|rule|Illusion Level Mod: Illusion disguises the Pok\u00e9mon's true level\n|\n|t:|1783559996\n|teamsize|p1|6\n|teamsize|p2|6\n|start\n|switch|p1a: Flutter Mane|Flutter Mane, L74|203/203\n|switch|p2a: Ursaluna|Ursaluna-Bloodmoon, L79, M|100/100\n|turn|1\n|inactive|Battle timer is ON: inactive players will automatically lose when time's up. (requested by p0y179284f4)\n|inactive|Time left: 300 sec this turn | 300 sec total | 60 sec grace\n|\n|t:|1783559997\n|move|p1a: Flutter Mane|Moonblast|p2a: Ursaluna\n|-damage|p2a: Ursaluna|34/100\n|move|p2a: Ursaluna|Blood Moon|p1a: Flutter Mane\n|-crit|p1a: Flutter Mane\n|-damage|p1a: Flutter Mane|13/203\n|\n|-heal|p2a: Ursaluna|40/100|[from] item: Leftovers\n|upkeep\n|turn|2\n|inactive|Time left: 300 sec this turn | 300 sec total\n|inactive|p0x17924bb7 also wants the timer to be on.\n|\n|t:|1783559999\n|move|p2a: Ursaluna|Vacuum Wave|p1a: Flutter Mane\n|-resisted|p1a: Flutter Mane\n|-damage|p1a: Flutter Mane|0 fnt\n|faint|p1a: Flutter Mane\n|-end|p1a: Flutter Mane|Protosynthesis|[silent]\n|\n|-heal|p2a: Ursaluna|46/100|[from] item: Leftovers\n|upkeep\n|inactive|Time left: 300 sec this turn | 300 sec total | 5 sec grace\n|\n|t:|1783559999\n|switch|p1a: Flareon|Flareon, L90, M|263/263\n|turn|3\n|inactive|Time left: 300 sec this turn | 300 sec total\n|\n|t:|1783560000\n|switch|p2a: Giratina|Giratina, L75|100/100\n|-ability|p2a: Giratina|Pressure\n|move|p1a: Flareon|Flare Blitz|p2a: Giratina\n|-resisted|p2a: Giratina\n|-damage|p2a: Giratina|77/100\n|-damage|p1a: Flareon|236/263|[from] Recoil\n|\n|-heal|p2a: Giratina|83/100|[from] item: Leftovers\n|-status|p1a: Flareon|tox|[from] item: Toxic Orb\n|upkeep\n|turn|4\n|inactive|Time left: 300 sec this turn | 300 sec total\n|\n|t:|1783560002\n|move|p1a: Flareon|Facade|p2a: Giratina\n|-immune|p2a: Giratina\n|move|p2a: Giratina|Dragon Tail|p1a: Flareon\n|-damage|p1a: Flareon|169/263 tox\n|drag|p1a: Cloyster|Cloyster, L80, F|211/211\n|\n|-heal|p2a: Giratina|89/100|[from] item: Leftovers\n|upkeep\n|turn|5\n|inactive|Time left: 300 sec this turn | 300 sec total\n|\n|t:|1783560002\n|move|p2a: Giratina|Shadow Ball|p1a: Cloyster\n|-damage|p1a: Cloyster|93/211\n|move|p1a: Cloyster|Shell Smash|p1a: Cloyster\n|-unboost|p1a: Cloyster|def|1\n|-unboost|p1a: Cloyster|spd|1\n|-boost|p1a: Cloyster|atk|2\n|-boost|p1a: Cloyster|spa|2\n|-boost|p1a: Cloyster|spe|2\n|-enditem|p1a: Cloyster|White Herb\n|-clearnegativeboost|p1a: Cloyster|[silent]\n|\n|-heal|p2a: Giratina|95/100|[from] item: Leftovers\n|upkeep\n|turn|6\n|inactive|Time left: 300 sec this turn | 300 sec total\n|\n|t:|1783560004\n|-terastallize|p2a: Giratina|Fairy\n|move|p1a: Cloyster|Icicle Spear|p2a: Giratina\n|-damage|p2a: Giratina|83/100\n|-damage|p2a: Giratina|70/100\n|-damage|p2a: Giratina|58/100\n|-damage|p2a: Giratina|45/100\n|-damage|p2a: Giratina|32/100\n|-hitcount|p2a: Giratina|5\n|move|p2a: Giratina|Shadow Ball|p1a: Cloyster\n|-damage|p1a: Cloyster|0 fnt\n|faint|p1a: Cloyster\n|\n|-heal|p2a: Giratina|38/100|[from] item: Leftovers\n|upkeep\n|inactive|Time left: 300 sec this turn | 300 sec total | 5 sec grace\n|\n|t:|1783560005\n|switch|p1a: Revavroom|Revavroom, L79, F|256/256\n|turn|7\n|inactive|Time left: 300 sec this turn | 300 sec total\n|\n|t:|1783560006\n|move|p1a: Revavroom|Gunk Shot|p2a: Giratina|[miss]\n|-miss|p1a: Revavroom|p2a: Giratina\n|move|p2a: Giratina|Dragon Tail|p1a: Revavroom\n|-resisted|p1a: Revavroom\n|-damage|p1a: Revavroom|230/256\n|drag|p1a: Bisharp|Bisharp, L79, F|232/232\n|\n|-heal|p2a: Giratina|44/100|[from] item: Leftovers\n|upkeep\n|turn|8\n|inactive|Time left: 300 sec this turn | 300 sec total\n|\n|t:|1783560007\n|move|p2a: Giratina|Will-O-Wisp|p1a: Bisharp\n|-status|p1a: Bisharp|brn\n|move|p1a: Bisharp|Swords Dance|p1a: Bisharp\n|-boost|p1a: Bisharp|atk|2\n|\n|-heal|p2a: Giratina|50/100|[from] item: Leftovers\n|-damage|p1a: Bisharp|218/232 brn|[from] brn\n|upkeep\n|turn|9\n|inactive|Time left: 300 sec this turn | 300 sec total\n|\n|t:|1783560008\n|switch|p2a: Ursaluna|Ursaluna-Bloodmoon, L79, M|46/100\n|move|p1a: Bisharp|Iron Head|p2a: Ursaluna\n|-damage|p2a: Ursaluna|20/100\n|\n|-heal|p2a: Ursaluna|26/100|[from] item: Leftovers\n|-damage|p1a: Bisharp|204/232 brn|[from] brn\n|upkeep\n|turn|10\n|inactive|Time left: 300 sec this turn | 300 sec total\n|\n|t:|1783560009\n|move|p1a: Bisharp|Iron Head|p2a: Ursaluna\n|-damage|p2a: Ursaluna|1/100\n|move|p2a: Ursaluna|Moonlight|p2a: Ursaluna\n|-heal|p2a: Ursaluna|51/100\n|\n|-heal|p2a: Ursaluna|57/100|[from] item: Leftovers\n|-damage|p1a: Bisharp|190/232 brn|[from] brn\n|upkeep\n|turn|11\n|inactive|Time left: 300 sec this turn | 300 sec total\n|\n|t:|1783560010\n|move|p1a: Bisharp|Iron Head|p2a: Ursaluna\n|-damage|p2a: Ursaluna|34/100\n|cant|p2a: Ursaluna|flinch\n|\n|-heal|p2a: Ursaluna|40/100|[from] item: Leftovers\n|-damage|p1a: Bisharp|176/232 brn|[from] brn\n|upkeep\n|turn|12\n|inactive|Time left: 300 sec this turn | 300 sec total\n|\n|t:|1783560011\n|move|p1a: Bisharp|Iron Head|p2a: Ursaluna\n|-damage|p2a: Ursaluna|16/100\n|cant|p2a: Ursaluna|flinch\n|\n|-heal|p2a: Ursaluna|23/100|[from] item: Leftovers\n|-damage|p1a: Bisharp|162/232 brn|[from] brn\n|upkeep\n|turn|13\n|inactive|Time left: 300 sec this turn | 300 sec total\n|\n|t:|1783560012\n|move|p2a: Ursaluna|Vacuum Wave|p1a: Bisharp\n|-supereffective|p1a: Bisharp\n|-crit|p1a: Bisharp\n|-damage|p1a: Bisharp|0 fnt\n|faint|p1a: Bisharp\n|\n|-heal|p2a: Ursaluna|29/100|[from] item: Leftovers\n|upkeep\n|inactive|Time left: 300 sec this turn | 300 sec total | 5 sec grace\n|\n|t:|1783560013\n|switch|p1a: Revavroom|Revavroom, L79, F|230/256\n|turn|14\n|inactive|Time left: 300 sec this turn | 300 sec total\n|\n|t:|1783560014\n|move|p1a: Revavroom|Shift Gear|p1a: Revavroom\n|-boost|p1a: Revavroom|spe|2\n|-boost|p1a: Revavroom|atk|1\n|move|p2a: Ursaluna|Moonlight|p2a: Ursaluna\n|-heal|p2a: Ursaluna|79/100\n|\n|-heal|p2a: Ursaluna|85/100|[from] item: Leftovers\n|upkeep\n|turn|15\n|inactive|Time left: 300 sec this turn | 300 sec total\n|\n|t:|1783560016\n|move|p1a: Revavroom|Iron Head|p2a: Ursaluna\n|-damage|p2a: Ursaluna|35/100\n|-damage|p1a: Revavroom|205/256|[from] item: Life Orb\n|move|p2a: Ursaluna|Blood Moon|p1a: Revavroom\n|-resisted|p1a: Revavroom\n|-damage|p1a: Revavroom|103/256\n|\n|-heal|p2a: Ursaluna|41/100|[from] item: Leftovers\n|upkeep\n|turn|16\n|inactive|Time left: 300 sec this turn | 300 sec total\n|\n|t:|1783560017\n|move|p2a: Ursaluna|Vacuum Wave|p1a: Revavroom\n|-damage|p1a: Revavroom|63/256\n|move|p1a: Revavroom|Iron Head|p2a: Ursaluna\n|-damage|p2a: Ursaluna|0 fnt\n|faint|p2a: Ursaluna\n|-damage|p1a: Revavroom|38/256|[from] item: Life Orb\n|\n|upkeep\n|\n|t:|1783560018\n|switch|p2a: Meowstic|Meowstic, L89, M|100/100\n|turn|17\n|inactive|Time left: 300 sec this turn | 300 sec total\n|\n|t:|1783560019\n|move|p2a: Meowstic|Reflect|p2a: Meowstic\n|-sidestart|p2: p0y179284f4|Reflect\n|move|p1a: Revavroom|Gunk Shot|p2a: Meowstic\n|-damage|p2a: Meowstic|47/100\n|-damage|p1a: Revavroom|13/256|[from] item: Life Orb\n|\n|upkeep\n|turn|18\n|inactive|Time left: 300 sec this turn | 300 sec total\n|\n|t:|1783560020\n|switch|p1a: Mightyena|Mightyena, L96, M|290/290\n|-ability|p1a: Mightyena|Intimidate|boost\n|-unboost|p2a: Meowstic|atk|1\n|move|p2a: Meowstic|Light Screen|p2a: Meowstic\n|-sidestart|p2: p0y179284f4|move: Light Screen\n|\n|upkeep\n|turn|19\n|inactive|Time left: 300 sec this turn | 300 sec total\n|\n|t:|1783560021\n|switch|p2a: Mamoswine|Mamoswine, L81, F|100/100\n|move|p1a: Mightyena|Super Fang|p2a: Mamoswine\n|-damage|p2a: Mamoswine|51/100\n|\n|upkeep\n|turn|20\n|inactive|Time left: 300 sec this turn | 300 sec total\n|\n|t:|1783560022\n|move|p1a: Mightyena|Super Fang|p2a: Mamoswine|[miss]\n|-miss|p1a: Mightyena|p2a: Mamoswine\n|move|p2a: Mamoswine|Earthquake|p1a: Mightyena\n|-damage|p1a: Mightyena|137/290\n|-damage|p2a: Mamoswine|41/100|[from] item: Life Orb\n|\n|upkeep\n|turn|21\n|inactive|Time left: 300 sec this turn | 300 sec total\n|\n|t:|1783560023\n|switch|p1a: Revavroom|Revavroom, L79, F|13/256\n|move|p2a: Mamoswine|Earthquake|p1a: Revavroom\n|-supereffective|p1a: Revavroom\n|-damage|p1a: Revavroom|0 fnt\n|faint|p1a: Revavroom\n|-damage|p2a: Mamoswine|31/100|[from] item: Life Orb\n|\n|upkeep\n|inactive|Time left: 300 sec this turn | 300 sec total | 5 sec grace\n|\n|t:|1783560024\n|switch|p1a: Mightyena|Mightyena, L96, M|137/290\n|-ability|p1a: Mightyena|Intimidate|boost\n|-unboost|p2a: Mamoswine|atk|1\n|turn|22\n|inactive|Time left: 300 sec this turn | 300 sec total\n|\n|t:|1783560025\n|move|p1a: Mightyena|Poison Fang|p2a: Mamoswine\n|-resisted|p2a: Mamoswine\n|-damage|p2a: Mamoswine|27/100\n|-status|p2a: Mamoswine|tox\n|move|p2a: Mamoswine|Earthquake|p1a: Mightyena\n|-damage|p1a: Mightyena|20/290\n|-damage|p2a: Mamoswine|17/100 tox|[from] item: Life Orb\n|\n|-damage|p2a: Mamoswine|11/100 tox|[from] psn\n|upkeep\n|turn|23\n|inactive|Time left: 300 sec this turn | 300 sec total\n|\n|t:|1783560026\n|switch|p1a: Flareon|Flareon, L90, M|169/263 tox\n|move|p2a: Mamoswine|Ice Shard|p1a: Flareon\n|-resisted|p1a: Flareon\n|-damage|p1a: Flareon|142/263 tox\n|-damage|p2a: Mamoswine|1/100 tox|[from] item: Life Orb\n|\n|-damage|p2a: Mamoswine|0 fnt|[from] psn\n|faint|p2a: Mamoswine\n|-damage|p1a: Flareon|126/263 tox|[from] psn\n|upkeep\n|\n|t:|1783560026\n|switch|p2a: Iron Bundle|Iron Bundle, L78|100/100\n|turn|24\n|inactive|Time left: 300 sec this turn | 300 sec total\n|\n|t:|1783560027\n|switch|p1a: Mightyena|Mightyena, L96, M|20/290\n|-ability|p1a: Mightyena|Intimidate|boost\n|-unboost|p2a: Iron Bundle|atk|1\n|move|p2a: Iron Bundle|Hydro Pump|p1a: Mightyena|[miss]\n|-miss|p2a: Iron Bundle|p1a: Mightyena\n|\n|-sideend|p2: p0y179284f4|Reflect\n|upkeep\n|turn|25\n|inactive|Time left: 300 sec this turn | 300 sec total\n|\n|t:|1783560028\n|switch|p1a: Flareon|Flareon, L90, M|126/263 tox\n|move|p2a: Iron Bundle|Ice Beam|p1a: Flareon\n|-resisted|p1a: Flareon\n|-damage|p1a: Flareon|83/263 tox\n|\n|-damage|p1a: Flareon|67/263 tox|[from] psn\n|-sideend|p2: p0y179284f4|move: Light Screen\n|upkeep\n|turn|26\n|inactive|Time left: 300 sec this turn | 300 sec total\n|\n|t:|1783560029\n|move|p2a: Iron Bundle|Ice Beam|p1a: Flareon\n|-resisted|p1a: Flareon\n|-damage|p1a: Flareon|28/263 tox\n|move|p1a: Flareon|Facade|p2a: Iron Bundle\n|-damage|p2a: Iron Bundle|7/100\n|\n|-damage|p1a: Flareon|0 fnt|[from] psn\n|faint|p1a: Flareon\n|upkeep\n|inactive|Time left: 300 sec this turn | 300 sec total | 5 sec grace\n|\n|t:|1783560030\n|switch|p1a: Mightyena|Mightyena, L96, M|20/290\n|-ability|p1a: Mightyena|Intimidate|boost\n|-unboost|p2a: Iron Bundle|atk|1\n|turn|27\n|inactive|Time left: 300 sec this turn | 300 sec total\n|\n|t:|1783560031\n|move|p2a: Iron Bundle|Freeze-Dry|p1a: Mightyena\n|-damage|p1a: Mightyena|0 fnt\n|faint|p1a: Mightyena\n|\n|win|p0y179284f4", "uploadtime": 1783560031, "views": 0, "rating": 0, "private": 0, "password": null, "_winner": "p0y179284f4", "_our_name": "p0x17924bb7"}