{"id": "battle-gen9randombattle-2840", "formatid": "gen9randombattle", "format": "[Gen 9] Random Battle", "players": ["p0x2840295e", "p0y2840114c"], "log": "|init|battle\n|title|p0x2840295e vs. p0y2840114c\n|j|\u2606p0x2840295e\n|j|\u2606p0y2840114c\n|t:|1783572716\n|gametype|singles\n|player|p1|p0x2840295e|101|\n|player|p2|p0y2840114c|102|\n|gen|9\n|tier|[Gen 9] Random Battle\n|rule|Species Clause: Limit one of each Pok\u00e9mon\n|rule|HP Percentage Mod: HP is shown in percentages\n|rule|Sleep Clause Mod: Limit one foe put to sleep\n|rule|Illusion Level Mod: Illusion disguises the Pok\u00e9mon's true level\n|\n|t:|1783572716\n|teamsize|p1|6\n|teamsize|p2|6\n|start\n|switch|p1a: Wo-Chien|Wo-Chien, L83|100/100\n|switch|p2a: Bellibolt|Bellibolt, L84, M|320/320\n|-ability|p1a: Wo-Chien|Tablets of Ruin\n|turn|1\n|inactive|Battle timer is ON: inactive players will automatically lose when time's up. (requested by p0y2840114c)\n|inactive|p0x2840295e also wants the timer to be on.\n|\n|t:|1783572717\n|move|p1a: Wo-Chien|Knock Off|p2a: Bellibolt\n|-damage|p2a: Bellibolt|229/320\n|-start|p2a: Bellibolt|Charge|Knock Off|[from] ability: Electromorphosis\n|-enditem|p2a: Bellibolt|Leftovers|[from] move: Knock Off|[of] p1a: Wo-Chien\n|move|p2a: Bellibolt|Toxic|p1a: Wo-Chien\n|-status|p1a: Wo-Chien|tox\n|\n|-damage|p1a: Wo-Chien|94/100 tox|[from] psn\n|upkeep\n|turn|2\n|inactive|Time left: 300 sec this turn | 300 sec total\n|\n|t:|1783572718\n|move|p1a: Wo-Chien|Leech Seed|p2a: Bellibolt\n|-start|p2a: Bellibolt|move: Leech Seed\n|move|p2a: Bellibolt|Slack Off|p2a: Bellibolt\n|-heal|p2a: Bellibolt|320/320\n|\n|-heal|p1a: Wo-Chien|100/100 tox|[from] item: Leftovers\n|-damage|p2a: Bellibolt|280/320|[from] Leech Seed|[of] p1a: Wo-Chien\n|-damage|p1a: Wo-Chien|88/100 tox|[from] psn\n|upkeep\n|turn|3\n|inactive|Time left: 300 sec this turn | 300 sec total\n|\n|t:|1783572719\n|switch|p2a: Porygon2|Porygon2, L81|270/270\n|-ability|p2a: Porygon2|Download|boost\n|-boost|p2a: Porygon2|atk|1\n|move|p1a: Wo-Chien|Ruination|p2a: Porygon2\n|-damage|p2a: Porygon2|135/270\n|\n|-heal|p1a: Wo-Chien|94/100 tox|[from] item: Leftovers\n|-damage|p1a: Wo-Chien|76/100 tox|[from] psn\n|upkeep\n|turn|4\n|inactive|Time left: 300 sec this turn | 300 sec total\n|\n|t:|1783572721\n|switch|p1a: Crabominable|Crabominable, L90, F|100/100\n|move|p2a: Porygon2|Recover|p2a: Porygon2\n|-heal|p2a: Porygon2|270/270\n|\n|upkeep\n|turn|5\n|inactive|Time left: 300 sec this turn | 300 sec total\n|\n|t:|1783572722\n|-terastallize|p2a: Porygon2|Fighting\n|move|p2a: Porygon2|Tera Blast|p1a: Crabominable|[anim] Tera Blast Fighting\n|-supereffective|p1a: Crabominable\n|-damage|p1a: Crabominable|35/100\n|move|p1a: Crabominable|Drain Punch|p2a: Porygon2\n|-damage|p2a: Porygon2|138/270\n|-heal|p1a: Crabominable|56/100|[from] drain|[of] p2a: Porygon2\n|\n|upkeep\n|turn|6\n|inactive|Time left: 300 sec this turn | 300 sec total\n|\n|t:|1783572723\n|-terastallize|p1a: Crabominable|Ground\n|move|p2a: Porygon2|Tera Blast|p1a: Crabominable|[anim] Tera Blast Fighting\n|-damage|p1a: Crabominable|22/100\n|move|p1a: Crabominable|Drain Punch|p2a: Porygon2\n|-damage|p2a: Porygon2|0 fnt\n|-heal|p1a: Crabominable|43/100|[from] drain|[of] p2a: Porygon2\n|faint|p2a: Porygon2\n|\n|upkeep\n|inactive|Time left: 300 sec this turn | 300 sec total | 5 sec grace\n|\n|t:|1783572724\n|switch|p2a: Urshifu|Urshifu, L74, F|270/270\n|turn|7\n|inactive|Time left: 300 sec this turn | 300 sec total\n|\n|t:|1783572724\n|move|p2a: Urshifu|Wicked Blow|p1a: Crabominable\n|-crit|p1a: Crabominable\n|-damage|p1a: Crabominable|0 fnt\n|faint|p1a: Crabominable\n|-damage|p2a: Urshifu|243/270|[from] item: Life Orb\n|\n|upkeep\n|\n|t:|1783572725\n|switch|p1a: Passimian|Passimian, L83, M|100/100\n|turn|8\n|inactive|Time left: 300 sec this turn | 300 sec total\n|\n|t:|1783572726\n|switch|p2a: Toxicroak|Toxicroak, L84, F|277/277\n|move|p1a: Passimian|Close Combat|p2a: Toxicroak\n|-resisted|p2a: Toxicroak\n|-damage|p2a: Toxicroak|151/277\n|-unboost|p1a: Passimian|def|1\n|-unboost|p1a: Passimian|spd|1\n|\n|upkeep\n|turn|9\n|inactive|Time left: 300 sec this turn | 300 sec total\n|\n|t:|1783572727\n|move|p2a: Toxicroak|Gunk Shot|p1a: Passimian\n|-damage|p1a: Passimian|8/100\n|-damage|p2a: Toxicroak|124/277|[from] item: Life Orb\n|move|p1a: Passimian|Close Combat|p2a: Toxicroak\n|-resisted|p2a: Toxicroak\n|-damage|p2a: Toxicroak|0 fnt\n|-unboost|p1a: Passimian|def|1\n|-unboost|p1a: Passimian|spd|1\n|faint|p2a: Toxicroak\n|\n|upkeep\n|inactive|Time left: 300 sec this turn | 300 sec total | 5 sec grace\n|\n|t:|1783572727\n|switch|p2a: Minior|Minior-Green, L79|224/224\n|-formechange|p2a: Minior|Minior-Meteor||[from] ability: Shields Down\n|turn|10\n|inactive|Time left: 300 sec this turn | 300 sec total\n|\n|t:|1783572728\n|move|p1a: Passimian|Close Combat|p2a: Minior\n|-damage|p2a: Minior|26/224\n|-unboost|p1a: Passimian|def|1\n|-unboost|p1a: Passimian|spd|1\n|move|p2a: Minior|Shell Smash|p2a: Minior\n|-unboost|p2a: Minior|def|1\n|-unboost|p2a: Minior|spd|1\n|-boost|p2a: Minior|atk|2\n|-boost|p2a: Minior|spa|2\n|-boost|p2a: Minior|spe|2\n|-enditem|p2a: Minior|White Herb\n|-clearnegativeboost|p2a: Minior|[silent]\n|\n|-formechange|p2a: Minior|Minior-Green||[from] ability: Shields Down\n|upkeep\n|turn|11\n|inactive|Time left: 300 sec this turn | 300 sec total\n|\n|t:|1783572729\n|move|p2a: Minior|Acrobatics|p1a: Passimian\n|-supereffective|p1a: Passimian\n|-damage|p1a: Passimian|0 fnt\n|faint|p1a: Passimian\n|\n|upkeep\n|\n|t:|1783572729\n|switch|p1a: Manaphy|Manaphy, L78|100/100\n|turn|12\n|inactive|Time left: 300 sec this turn | 300 sec total\n|\n|t:|1783572730\n|move|p2a: Minior|Acrobatics|p1a: Manaphy\n|-damage|p1a: Manaphy|22/100\n|move|p1a: Manaphy|Energy Ball|p2a: Minior\n|-damage|p2a: Minior|0 fnt\n|faint|p2a: Minior\n|\n|-heal|p1a: Manaphy|28/100|[from] item: Leftovers\n|upkeep\n|inactive|Time left: 300 sec this turn | 300 sec total | 5 sec grace\n|\n|t:|1783572731\n|switch|p2a: Bellibolt|Bellibolt, L84, M|280/320\n|turn|13\n|inactive|Time left: 300 sec this turn | 300 sec total\n|\n|t:|1783572732\n|switch|p1a: Wo-Chien|Wo-Chien, L83|76/100 tox\n|-ability|p1a: Wo-Chien|Tablets of Ruin\n|move|p2a: Bellibolt|Thunderbolt|p1a: Wo-Chien\n|-resisted|p1a: Wo-Chien\n|-damage|p1a: Wo-Chien|63/100 tox\n|\n|-heal|p1a: Wo-Chien|69/100 tox|[from] item: Leftovers\n|-damage|p1a: Wo-Chien|63/100 tox|[from] psn\n|upkeep\n|turn|14\n|inactive|Time left: 300 sec this turn | 300 sec total\n|\n|t:|1783572733\n|move|p1a: Wo-Chien|Leech Seed|p2a: Bellibolt\n|-start|p2a: Bellibolt|move: Leech Seed\n|move|p2a: Bellibolt|Thunderbolt|p1a: Wo-Chien\n|-resisted|p1a: Wo-Chien\n|-damage|p1a: Wo-Chien|50/100 tox\n|\n|-heal|p1a: Wo-Chien|56/100 tox|[from] item: Leftovers\n|-damage|p2a: Bellibolt|240/320|[from] Leech Seed|[of] p1a: Wo-Chien\n|-heal|p1a: Wo-Chien|71/100 tox|[silent]\n|-damage|p1a: Wo-Chien|58/100 tox|[from] psn\n|upkeep\n|turn|15\n|inactive|Time left: 300 sec this turn | 300 sec total\n|\n|t:|1783572734\n|switch|p2a: Urshifu|Urshifu, L74, F|243/270\n|move|p1a: Wo-Chien|Ruination|p2a: Urshifu\n|-damage|p2a: Urshifu|122/270\n|\n|-heal|p1a: Wo-Chien|64/100 tox|[from] item: Leftovers\n|-damage|p1a: Wo-Chien|46/100 tox|[from] psn\n|upkeep\n|turn|16\n|inactive|Time left: 300 sec this turn | 300 sec total\n|\n|t:|1783572735\n|switch|p1a: Manaphy|Manaphy, L78|28/100\n|move|p2a: Urshifu|Swords Dance|p2a: Urshifu\n|-boost|p2a: Urshifu|atk|2\n|\n|-heal|p1a: Manaphy|34/100|[from] item: Leftovers\n|upkeep\n|turn|17\n|inactive|Time left: 300 sec this turn | 300 sec total\n|\n|t:|1783572736\n|switch|p2a: Bellibolt|Bellibolt, L84, M|240/320\n|move|p1a: Manaphy|Surf|p2a: Bellibolt\n|-damage|p2a: Bellibolt|152/320\n|-start|p2a: Bellibolt|Charge|Surf|[from] ability: Electromorphosis\n|\n|-heal|p1a: Manaphy|40/100|[from] item: Leftovers\n|upkeep\n|turn|18\n|inactive|Time left: 300 sec this turn | 300 sec total\n|\n|t:|1783572737\n|move|p1a: Manaphy|Surf|p2a: Bellibolt\n|-damage|p2a: Bellibolt|70/320\n|-start|p2a: Bellibolt|Charge|Surf|[from] ability: Electromorphosis\n|move|p2a: Bellibolt|Slack Off|p2a: Bellibolt\n|-heal|p2a: Bellibolt|230/320\n|\n|-heal|p1a: Manaphy|46/100|[from] item: Leftovers\n|upkeep\n|turn|19\n|inactive|Time left: 300 sec this turn | 300 sec total\n|\n|t:|1783572738\n|switch|p1a: Wo-Chien|Wo-Chien, L83|46/100 tox\n|-ability|p1a: Wo-Chien|Tablets of Ruin\n|move|p2a: Bellibolt|Thunderbolt|p1a: Wo-Chien\n|-resisted|p1a: Wo-Chien\n|-damage|p1a: Wo-Chien|21/100 tox\n|-end|p2a: Bellibolt|Charge|[silent]\n|\n|-heal|p1a: Wo-Chien|27/100 tox|[from] item: Leftovers\n|-damage|p1a: Wo-Chien|21/100 tox|[from] psn\n|upkeep\n|turn|20\n|inactive|Time left: 300 sec this turn | 300 sec total\n|\n|t:|1783572739\n|move|p1a: Wo-Chien|Leech Seed|p2a: Bellibolt\n|-start|p2a: Bellibolt|move: Leech Seed\n|move|p2a: Bellibolt|Thunderbolt|p1a: Wo-Chien\n|-resisted|p1a: Wo-Chien\n|-damage|p1a: Wo-Chien|8/100 tox\n|\n|-heal|p1a: Wo-Chien|15/100 tox|[from] item: Leftovers\n|-damage|p2a: Bellibolt|190/320|[from] Leech Seed|[of] p1a: Wo-Chien\n|-heal|p1a: Wo-Chien|29/100 tox|[silent]\n|-damage|p1a: Wo-Chien|17/100 tox|[from] psn\n|upkeep\n|turn|21\n|inactive|Time left: 300 sec this turn | 300 sec total\n|\n|t:|1783572740\n|move|p1a: Wo-Chien|Ruination|p2a: Bellibolt\n|-damage|p2a: Bellibolt|95/320\n|-start|p2a: Bellibolt|Charge|Ruination|[from] ability: Electromorphosis\n|move|p2a: Bellibolt|Slack Off|p2a: Bellibolt\n|-heal|p2a: Bellibolt|255/320\n|\n|-heal|p1a: Wo-Chien|23/100 tox|[from] item: Leftovers\n|-damage|p2a: Bellibolt|215/320|[from] Leech Seed|[of] p1a: Wo-Chien\n|-heal|p1a: Wo-Chien|37/100 tox|[silent]\n|-damage|p1a: Wo-Chien|19/100 tox|[from] psn\n|upkeep\n|turn|22\n|inactive|Time left: 300 sec this turn | 300 sec total\n|\n|t:|1783572741\n|switch|p1a: Probopass|Probopass, L91, M|100/100\n|move|p2a: Bellibolt|Slack Off|p2a: Bellibolt\n|-heal|p2a: Bellibolt|320/320\n|\n|-damage|p2a: Bellibolt|280/320|[from] Leech Seed|[of] p1a: Probopass\n|upkeep\n|turn|23\n|inactive|Time left: 300 sec this turn | 300 sec total\n|\n|t:|1783572742\n|switch|p2a: Latias|Latias, L79, F|256/256\n|move|p1a: Probopass|Body Press|p2a: Latias\n|-resisted|p2a: Latias\n|-damage|p2a: Latias|210/256\n|\n|upkeep\n|turn|24\n|inactive|Time left: 300 sec this turn | 300 sec total\n|\n|t:|1783572743\n|move|p2a: Latias|Calm Mind|p2a: Latias\n|-boost|p2a: Latias|spa|1\n|-boost|p2a: Latias|spd|1\n|move|p1a: Probopass|Thunder Wave|p2a: Latias\n|-status|p2a: Latias|par\n|\n|upkeep\n|turn|25\n|inactive|Time left: 300 sec this turn | 300 sec total\n|\n|t:|1783572744\n|switch|p1a: Wo-Chien|Wo-Chien, L83|19/100 tox\n|-ability|p1a: Wo-Chien|Tablets of Ruin\n|move|p2a: Latias|Calm Mind|p2a: Latias\n|-boost|p2a: Latias|spa|1\n|-boost|p2a: Latias|spd|1\n|\n|-heal|p1a: Wo-Chien|25/100 tox|[from] item: Leftovers\n|-damage|p1a: Wo-Chien|19/100 tox|[from] psn\n|upkeep\n|turn|26\n|inactive|Time left: 300 sec this turn | 300 sec total\n|\n|t:|1783572745\n|move|p1a: Wo-Chien|Leech Seed|p2a: Latias\n|-start|p2a: Latias|move: Leech Seed\n|cant|p2a: Latias|par\n|\n|-heal|p1a: Wo-Chien|25/100 tox|[from] item: Leftovers\n|-damage|p2a: Latias|178/256 par|[from] Leech Seed|[of] p1a: Wo-Chien\n|-heal|p1a: Wo-Chien|37/100 tox|[silent]\n|-damage|p1a: Wo-Chien|24/100 tox|[from] psn\n|upkeep\n|turn|27\n|inactive|Time left: 300 sec this turn | 300 sec total\n|\n|t:|1783572746\n|switch|p2a: Bellibolt|Bellibolt, L84, M|280/320\n|move|p1a: Wo-Chien|Knock Off|p2a: Bellibolt\n|-damage|p2a: Bellibolt|220/320\n|-start|p2a: Bellibolt|Charge|Knock Off|[from] ability: Electromorphosis\n|\n|-heal|p1a: Wo-Chien|30/100 tox|[from] item: Leftovers\n|-damage|p1a: Wo-Chien|12/100 tox|[from] psn\n|upkeep\n|turn|28\n|inactive|Time left: 300 sec this turn | 300 sec total\n|\n|t:|1783572747\n|move|p1a: Wo-Chien|Leech Seed|p2a: Bellibolt\n|-start|p2a: Bellibolt|move: Leech Seed\n|move|p2a: Bellibolt|Slack Off|p2a: Bellibolt\n|-heal|p2a: Bellibolt|320/320\n|\n|-heal|p1a: Wo-Chien|18/100 tox|[from] item: Leftovers\n|-damage|p2a: Bellibolt|280/320|[from] Leech Seed|[of] p1a: Wo-Chien\n|-heal|p1a: Wo-Chien|33/100 tox|[silent]\n|-damage|p1a: Wo-Chien|8/100 tox|[from] psn\n|upkeep\n|turn|29\n|inactive|Time left: 300 sec this turn | 300 sec total\n|\n|t:|1783572748\n|switch|p2a: Urshifu|Urshifu, L74, F|122/270\n|move|p1a: Wo-Chien|Ruination|p2a: Urshifu\n|-damage|p2a: Urshifu|61/270\n|\n|-heal|p1a: Wo-Chien|14/100 tox|[from] item: Leftovers\n|-damage|p1a: Wo-Chien|0 fnt|[from] psn\n|faint|p1a: Wo-Chien\n|upkeep\n|\n|t:|1783572749\n|switch|p1a: Manaphy|Manaphy, L78|46/100\n|turn|30\n|inactive|Time left: 300 sec this turn | 300 sec total\n|\n|t:|1783572750\n|switch|p2a: Bellibolt|Bellibolt, L84, M|280/320\n|move|p1a: Manaphy|Surf|p2a: Bellibolt\n|-damage|p2a: Bellibolt|193/320\n|-start|p2a: Bellibolt|Charge|Surf|[from] ability: Electromorphosis\n|\n|-heal|p1a: Manaphy|52/100|[from] item: Leftovers\n|upkeep\n|turn|31\n|inactive|Time left: 300 sec this turn | 300 sec total\n|\n|t:|1783572751\n|move|p1a: Manaphy|Surf|p2a: Bellibolt\n|-damage|p2a: Bellibolt|105/320\n|-start|p2a: Bellibolt|Charge|Surf|[from] ability: Electromorphosis\n|move|p2a: Bellibolt|Thunderbolt|p1a: Manaphy\n|-supereffective|p1a: Manaphy\n|-damage|p1a: Manaphy|0 fnt\n|faint|p1a: Manaphy\n|-end|p2a: Bellibolt|Charge|[silent]\n|\n|upkeep\n|\n|t:|1783572752\n|switch|p1a: Ho-Oh|Ho-Oh, L71|100/100\n|turn|32\n|inactive|Time left: 300 sec this turn | 300 sec total\n|\n|t:|1783572753\n|switch|p2a: Latias|Latias, L79, F|178/256 par\n|move|p1a: Ho-Oh|Earthquake|p2a: Latias\n|-immune|p2a: Latias|[from] ability: Levitate\n|\n|upkeep\n|turn|33\n|inactive|Time left: 300 sec this turn | 300 sec total\n|\n|t:|1783572754\n|move|p1a: Ho-Oh|Brave Bird|p2a: Latias\n|-damage|p2a: Latias|51/256 par\n|-damage|p1a: Ho-Oh|85/100|[from] Recoil\n|cant|p2a: Latias|par\n|\n|upkeep\n|turn|34\n|inactive|Time left: 300 sec this turn | 300 sec total\n|\n|t:|1783572755\n|switch|p2a: Bellibolt|Bellibolt, L84, M|105/320\n|move|p1a: Ho-Oh|Brave Bird|p2a: Bellibolt\n|-resisted|p2a: Bellibolt\n|-damage|p2a: Bellibolt|48/320\n|-start|p2a: Bellibolt|Charge|Brave Bird|[from] ability: Electromorphosis\n|-damage|p1a: Ho-Oh|78/100|[from] Recoil\n|\n|upkeep\n|turn|35\n|inactive|Time left: 300 sec this turn | 300 sec total\n|\n|t:|1783572756\n|move|p1a: Ho-Oh|Brave Bird|p2a: Bellibolt\n|-resisted|p2a: Bellibolt\n|-damage|p2a: Bellibolt|0 fnt\n|faint|p2a: Bellibolt\n|-damage|p1a: Ho-Oh|72/100|[from] Recoil\n|\n|upkeep\n|inactive|Time left: 300 sec this turn | 300 sec total | 5 sec grace\n|\n|t:|1783572757\n|switch|p2a: Urshifu|Urshifu, L74, F|61/270\n|turn|36\n|inactive|Time left: 300 sec this turn | 300 sec total\n|\n|t:|1783572758\n|move|p2a: Urshifu|Poison Jab|p1a: Ho-Oh\n|-damage|p1a: Ho-Oh|42/100\n|-damage|p2a: Urshifu|34/270|[from] item: Life Orb\n|move|p1a: Ho-Oh|Brave Bird|p2a: Urshifu\n|-supereffective|p2a: Urshifu\n|-damage|p2a: Urshifu|0 fnt\n|faint|p2a: Urshifu\n|-damage|p1a: Ho-Oh|38/100|[from] Recoil\n|\n|upkeep\n|inactive|Time left: 300 sec this turn | 300 sec total | 5 sec grace\n|\n|t:|1783572759\n|switch|p2a: Latias|Latias, L79, F|51/256 par\n|turn|37\n|inactive|Time left: 300 sec this turn | 300 sec total\n|\n|t:|1783572760\n|move|p1a: Ho-Oh|Brave Bird|p2a: Latias\n|-damage|p2a: Latias|0 fnt\n|faint|p2a: Latias\n|-damage|p1a: Ho-Oh|32/100|[from] Recoil\n|\n|win|p0x2840295e", "uploadtime": 1783572760, "views": 0, "rating": 0, "private": 0, "password": null, "_winner": "p0x2840295e", "_our_name": "p0y2840114c"}