{"id": "battle-gen9randombattle-73", "formatid": "gen9randombattle", "format": "[Gen 9] Random Battle", "players": ["p0x07317f2", "p0y073542d"], "log": "|init|battle\n|title|p0x07317f2 vs. p0y073542d\n|j|\u2606p0x07317f2\n|j|\u2606p0y073542d\n|t:|1783534597\n|gametype|singles\n|player|p1|p0x07317f2|102|\n|player|p2|p0y073542d|170|\n|gen|9\n|tier|[Gen 9] Random Battle\n|rule|Species Clause: Limit one of each Pok\u00e9mon\n|rule|HP Percentage Mod: HP is shown in percentages\n|rule|Sleep Clause Mod: Limit one foe put to sleep\n|rule|Illusion Level Mod: Illusion disguises the Pok\u00e9mon's true level\n|\n|t:|1783534597\n|teamsize|p1|6\n|teamsize|p2|6\n|start\n|switch|p1a: Mesprit|Mesprit, L85|275/275\n|switch|p2a: Chandelure|Chandelure, L83, M|100/100\n|turn|1\n|inactive|Battle timer is ON: inactive players will automatically lose when time's up. (requested by p0y073542d)\n|inactive|Time left: 300 sec this turn | 300 sec total | 60 sec grace\n|\n|t:|1783534598\n|move|p2a: Chandelure|Fire Blast|p1a: Mesprit\n|-damage|p1a: Mesprit|128/275\n|move|p1a: Mesprit|Psychic|p2a: Chandelure\n|-damage|p2a: Chandelure|39/100\n|\n|upkeep\n|turn|2\n|inactive|Time left: 300 sec this turn | 300 sec total\n|inactive|p0x07317f2 also wants the timer to be on.\n|\n|t:|1783534600\n|move|p2a: Chandelure|Fire Blast|p1a: Mesprit\n|-damage|p1a: Mesprit|0 fnt\n|faint|p1a: Mesprit\n|\n|upkeep\n|inactive|Time left: 300 sec this turn | 300 sec total | 5 sec grace\n|\n|t:|1783534601\n|switch|p1a: Golurk|Golurk, L87|297/297\n|turn|3\n|inactive|Time left: 300 sec this turn | 300 sec total\n|\n|t:|1783534603\n|move|p2a: Chandelure|Fire Blast|p1a: Golurk\n|-damage|p1a: Golurk|128/297\n|move|p1a: Golurk|Earthquake|p2a: Chandelure\n|-supereffective|p2a: Chandelure\n|-damage|p2a: Chandelure|0 fnt\n|faint|p2a: Chandelure\n|\n|upkeep\n|\n|t:|1783534604\n|switch|p2a: Krookodile|Krookodile, L79, F|100/100\n|-ability|p2a: Krookodile|Intimidate|boost\n|-unboost|p1a: Golurk|atk|1\n|turn|4\n|inactive|Time left: 300 sec this turn | 300 sec total\n|\n|t:|1783534605\n|switch|p1a: Archaludon|Archaludon, L78, M|268/268\n|move|p2a: Krookodile|Knock Off|p1a: Archaludon\n|-damage|p1a: Archaludon|148/268\n|-ability|p1a: Archaludon|Stamina|boost\n|-boost|p1a: Archaludon|def|1\n|-enditem|p1a: Archaludon|Leftovers|[from] move: Knock Off|[of] p2a: Krookodile\n|\n|upkeep\n|turn|5\n|inactive|Time left: 300 sec this turn | 300 sec total\n|\n|t:|1783534606\n|switch|p2a: Iron Jugulis|Iron Jugulis, L77|100/100\n|move|p1a: Archaludon|Stealth Rock|p2a: Iron Jugulis\n|-sidestart|p2: p0y073542d|move: Stealth Rock\n|\n|upkeep\n|turn|6\n|inactive|Time left: 300 sec this turn | 300 sec total\n|\n|t:|1783534607\n|switch|p1a: Braviary|Braviary, L85, M|309/309\n|move|p2a: Iron Jugulis|Dark Pulse|p1a: Braviary\n|-damage|p1a: Braviary|158/309\n|\n|upkeep\n|turn|7\n|inactive|Time left: 300 sec this turn | 300 sec total\n|\n|t:|1783534608\n|move|p2a: Iron Jugulis|Dark Pulse|p1a: Braviary\n|-damage|p1a: Braviary|26/309\n|move|p1a: Braviary|Roost|p1a: Braviary\n|-heal|p1a: Braviary|181/309\n|-singleturn|p1a: Braviary|move: Roost\n|\n|upkeep\n|turn|8\n|inactive|Time left: 300 sec this turn | 300 sec total\n|\n|t:|1783534609\n|move|p2a: Iron Jugulis|Dark Pulse|p1a: Braviary\n|-damage|p1a: Braviary|37/309\n|cant|p1a: Braviary|flinch\n|\n|upkeep\n|turn|9\n|inactive|Time left: 300 sec this turn | 300 sec total\n|\n|t:|1783534611\n|move|p2a: Iron Jugulis|Dark Pulse|p1a: Braviary\n|-damage|p1a: Braviary|0 fnt\n|faint|p1a: Braviary\n|\n|upkeep\n|inactive|Time left: 300 sec this turn | 300 sec total | 5 sec grace\n|\n|t:|1783534612\n|switch|p1a: Persian|Persian, L92, F|269/269\n|turn|10\n|inactive|Time left: 300 sec this turn | 300 sec total\n|\n|t:|1783534613\n|move|p1a: Persian|Fake Out|p2a: Iron Jugulis\n|-damage|p2a: Iron Jugulis|71/100\n|cant|p2a: Iron Jugulis|flinch\n|\n|upkeep\n|turn|11\n|inactive|Time left: 300 sec this turn | 300 sec total\n|\n|t:|1783534614\n|-terastallize|p1a: Persian|Normal\n|move|p1a: Persian|Double-Edge|p2a: Iron Jugulis\n|-damage|p2a: Iron Jugulis|0 fnt\n|faint|p2a: Iron Jugulis\n|-end|p2a: Iron Jugulis|Quark Drive|[silent]\n|-damage|p1a: Persian|206/269|[from] Recoil\n|\n|upkeep\n|\n|t:|1783534615\n|switch|p2a: Krookodile|Krookodile, L79, F|100/100\n|-damage|p2a: Krookodile|94/100|[from] Stealth Rock\n|-ability|p2a: Krookodile|Intimidate|boost\n|-unboost|p1a: Persian|atk|1\n|turn|12\n|inactive|Time left: 300 sec this turn | 300 sec total\n|\n|t:|1783534616\n|move|p1a: Persian|U-turn|p2a: Krookodile\n|-supereffective|p2a: Krookodile\n|-damage|p2a: Krookodile|67/100\n|inactive|Time left: 300 sec this turn | 300 sec total | 5 sec grace\n|\n|t:|1783534617\n|switch|p1a: Jumpluff|Jumpluff, L87, F|271/271|[from] U-turn\n|move|p2a: Krookodile|Earthquake|p1a: Jumpluff\n|-immune|p1a: Jumpluff\n|\n|upkeep\n|turn|13\n|inactive|Time left: 300 sec this turn | 300 sec total\n|\n|t:|1783534618\n|switch|p2a: Gumshoos|Gumshoos, L95, F|100/100\n|-damage|p2a: Gumshoos|88/100|[from] Stealth Rock\n|move|p1a: Jumpluff|Acrobatics|p2a: Gumshoos\n|-crit|p2a: Gumshoos\n|-damage|p2a: Gumshoos|39/100\n|\n|upkeep\n|turn|14\n|inactive|Time left: 300 sec this turn | 300 sec total\n|\n|t:|1783534619\n|move|p1a: Jumpluff|Substitute|p1a: Jumpluff\n|-start|p1a: Jumpluff|Substitute\n|-damage|p1a: Jumpluff|204/271\n|move|p2a: Gumshoos|Double-Edge|p1a: Jumpluff\n|-end|p1a: Jumpluff|Substitute\n|-damage|p2a: Gumshoos|32/100|[from] Recoil|[of] p1a: Jumpluff\n|\n|upkeep\n|turn|15\n|inactive|Time left: 300 sec this turn | 300 sec total\n|\n|t:|1783534620\n|switch|p1a: Golurk|Golurk, L87|128/297\n|move|p2a: Gumshoos|Double-Edge|p1a: Golurk\n|-immune|p1a: Golurk\n|\n|upkeep\n|turn|16\n|inactive|Time left: 300 sec this turn | 300 sec total\n|\n|t:|1783534621\n|move|p1a: Golurk|Dynamic Punch|p2a: Gumshoos\n|-supereffective|p2a: Gumshoos\n|-damage|p2a: Gumshoos|0 fnt\n|faint|p2a: Gumshoos\n|\n|upkeep\n|\n|t:|1783534622\n|switch|p2a: Krookodile|Krookodile, L79, F|67/100\n|-damage|p2a: Krookodile|60/100|[from] Stealth Rock\n|-ability|p2a: Krookodile|Intimidate|boost\n|-unboost|p1a: Golurk|atk|1\n|turn|17\n|inactive|Time left: 300 sec this turn | 300 sec total\n|\n|t:|1783534623\n|move|p2a: Krookodile|Knock Off|p1a: Golurk\n|-supereffective|p1a: Golurk\n|-damage|p1a: Golurk|0 fnt\n|-enditem|p1a: Golurk|Choice Band|[from] move: Knock Off|[of] p2a: Krookodile\n|faint|p1a: Golurk\n|\n|upkeep\n|inactive|Time left: 300 sec this turn | 300 sec total | 5 sec grace\n|\n|t:|1783534624\n|switch|p1a: Jumpluff|Jumpluff, L87, F|204/271\n|turn|18\n|inactive|Time left: 300 sec this turn | 300 sec total\n|\n|t:|1783534625\n|move|p1a: Jumpluff|Strength Sap|p2a: Krookodile\n|-unboost|p2a: Krookodile|atk|1\n|-heal|p1a: Jumpluff|271/271\n|move|p2a: Krookodile|Knock Off|p1a: Jumpluff\n|-damage|p1a: Jumpluff|186/271\n|\n|upkeep\n|turn|19\n|inactive|Time left: 300 sec this turn | 300 sec total\n|\n|t:|1783534626\n|move|p1a: Jumpluff|Acrobatics|p2a: Krookodile\n|-damage|p2a: Krookodile|28/100\n|move|p2a: Krookodile|Knock Off|p1a: Jumpluff\n|-damage|p1a: Jumpluff|99/271\n|\n|upkeep\n|turn|20\n|inactive|Time left: 300 sec this turn | 300 sec total\n|\n|t:|1783534627\n|switch|p2a: Jirachi|Jirachi, L80|100/100\n|-damage|p2a: Jirachi|94/100|[from] Stealth Rock\n|move|p1a: Jumpluff|Strength Sap|p2a: Jirachi\n|-unboost|p2a: Jirachi|atk|1\n|-heal|p1a: Jumpluff|271/271\n|\n|-heal|p2a: Jirachi|100/100|[from] item: Leftovers\n|upkeep\n|turn|21\n|inactive|Time left: 300 sec this turn | 300 sec total\n|\n|t:|1783534628\n|switch|p2a: Krookodile|Krookodile, L79, F|28/100\n|-damage|p2a: Krookodile|22/100|[from] Stealth Rock\n|-ability|p2a: Krookodile|Intimidate|boost\n|-unboost|p1a: Jumpluff|atk|1\n|move|p1a: Jumpluff|Substitute|p1a: Jumpluff\n|-start|p1a: Jumpluff|Substitute\n|-damage|p1a: Jumpluff|204/271\n|\n|upkeep\n|turn|22\n|inactive|Time left: 300 sec this turn | 300 sec total\n|\n|t:|1783534629\n|switch|p2a: Jirachi|Jirachi, L80|100/100\n|-damage|p2a: Jirachi|94/100|[from] Stealth Rock\n|move|p1a: Jumpluff|Acrobatics|p2a: Jirachi\n|-resisted|p2a: Jirachi\n|-damage|p2a: Jirachi|86/100\n|\n|-heal|p2a: Jirachi|92/100|[from] item: Leftovers\n|upkeep\n|turn|23\n|inactive|Time left: 300 sec this turn | 300 sec total\n|\n|t:|1783534630\n|move|p2a: Jirachi|Protect|p2a: Jirachi\n|-singleturn|p2a: Jirachi|Protect\n|move|p1a: Jumpluff|Strength Sap|p2a: Jirachi\n|-activate|p2a: Jirachi|move: Protect\n|\n|-heal|p2a: Jirachi|98/100|[from] item: Leftovers\n|upkeep\n|turn|24\n|inactive|Time left: 300 sec this turn | 300 sec total\n|\n|t:|1783534631\n|move|p1a: Jumpluff|Leech Seed|p2a: Jirachi\n|-start|p2a: Jirachi|move: Leech Seed\n|move|p2a: Jirachi|Wish|p2a: Jirachi\n|\n|-heal|p2a: Jirachi|100/100|[from] item: Leftovers\n|-damage|p2a: Jirachi|88/100|[from] Leech Seed|[of] p1a: Jumpluff\n|-heal|p1a: Jumpluff|240/271|[silent]\n|upkeep\n|turn|25\n|inactive|Time left: 300 sec this turn | 300 sec total\n|\n|t:|1783534632\n|switch|p2a: Krookodile|Krookodile, L79, F|22/100\n|-damage|p2a: Krookodile|16/100|[from] Stealth Rock\n|-ability|p2a: Krookodile|Intimidate|boost\n|-immune|p1a: Jumpluff\n|move|p1a: Jumpluff|Acrobatics|p2a: Krookodile\n|-damage|p2a: Krookodile|0 fnt\n|faint|p2a: Krookodile\n|\n|upkeep\n|\n|t:|1783534633\n|switch|p2a: Jirachi|Jirachi, L80|88/100\n|-damage|p2a: Jirachi|82/100|[from] Stealth Rock\n|turn|26\n|inactive|Time left: 300 sec this turn | 300 sec total\n|\n|t:|1783534633\n|move|p2a: Jirachi|Protect|p2a: Jirachi\n|-singleturn|p2a: Jirachi|Protect\n|move|p1a: Jumpluff|Leech Seed|p2a: Jirachi\n|-activate|p2a: Jirachi|move: Protect\n|\n|-heal|p2a: Jirachi|88/100|[from] item: Leftovers\n|upkeep\n|turn|27\n|inactive|Time left: 300 sec this turn | 300 sec total\n|\n|t:|1783534634\n|move|p2a: Jirachi|Protect|p2a: Jirachi\n|-singleturn|p2a: Jirachi|Protect\n|move|p1a: Jumpluff|Leech Seed|p2a: Jirachi\n|-activate|p2a: Jirachi|move: Protect\n|\n|-heal|p2a: Jirachi|94/100|[from] item: Leftovers\n|upkeep\n|turn|28\n|inactive|Time left: 300 sec this turn | 300 sec total\n|\n|t:|1783534635\n|move|p1a: Jumpluff|Leech Seed|p2a: Jirachi\n|-start|p2a: Jirachi|move: Leech Seed\n|move|p2a: Jirachi|Body Slam|p1a: Jumpluff\n|-end|p1a: Jumpluff|Substitute\n|\n|-heal|p2a: Jirachi|100/100|[from] item: Leftovers\n|-damage|p2a: Jirachi|88/100|[from] Leech Seed|[of] p1a: Jumpluff\n|-heal|p1a: Jumpluff|271/271|[silent]\n|upkeep\n|turn|29\n|inactive|Time left: 300 sec this turn | 300 sec total\n|\n|t:|1783534636\n|switch|p1a: Persian|Persian, L92, F, tera:Normal|206/269\n|move|p2a: Jirachi|Body Slam|p1a: Persian\n|-damage|p1a: Persian|137/269\n|\n|-heal|p2a: Jirachi|94/100|[from] item: Leftovers\n|-damage|p2a: Jirachi|82/100|[from] Leech Seed|[of] p1a: Persian\n|-heal|p1a: Persian|173/269|[silent]\n|upkeep\n|turn|30\n|inactive|Time left: 300 sec this turn | 300 sec total\n|\n|t:|1783534637\n|move|p1a: Persian|Fake Out|p2a: Jirachi\n|-resisted|p2a: Jirachi\n|-damage|p2a: Jirachi|65/100\n|cant|p2a: Jirachi|flinch\n|\n|-heal|p2a: Jirachi|71/100|[from] item: Leftovers\n|-damage|p2a: Jirachi|59/100|[from] Leech Seed|[of] p1a: Persian\n|-heal|p1a: Persian|209/269|[silent]\n|upkeep\n|turn|31\n|inactive|Time left: 300 sec this turn | 300 sec total\n|\n|t:|1783534638\n|move|p1a: Persian|Knock Off|p2a: Jirachi\n|-supereffective|p2a: Jirachi\n|-damage|p2a: Jirachi|14/100\n|-enditem|p2a: Jirachi|Leftovers|[from] move: Knock Off|[of] p1a: Persian\n|move|p2a: Jirachi|Body Slam|p1a: Persian\n|-damage|p1a: Persian|137/269\n|\n|-damage|p2a: Jirachi|1/100|[from] Leech Seed|[of] p1a: Persian\n|-heal|p1a: Persian|173/269|[silent]\n|upkeep\n|turn|32\n|inactive|Time left: 300 sec this turn | 300 sec total\n|\n|t:|1783534639\n|move|p2a: Jirachi|Protect|p2a: Jirachi\n|-singleturn|p2a: Jirachi|Protect\n|move|p1a: Persian|Double-Edge|p2a: Jirachi\n|-activate|p2a: Jirachi|move: Protect\n|\n|-damage|p2a: Jirachi|0 fnt|[from] Leech Seed|[of] p1a: Persian\n|-heal|p1a: Persian|175/269|[silent]\n|faint|p2a: Jirachi\n|upkeep\n|\n|t:|1783534640\n|switch|p2a: Sceptile|Sceptile, L87, F|100/100\n|-damage|p2a: Sceptile|88/100|[from] Stealth Rock\n|turn|33\n|inactive|Time left: 300 sec this turn | 300 sec total\n|\n|t:|1783534641\n|move|p1a: Persian|Double-Edge|p2a: Sceptile\n|-damage|p2a: Sceptile|0 fnt\n|faint|p2a: Sceptile\n|-damage|p1a: Persian|99/269|[from] Recoil\n|\n|win|p0x07317f2", "uploadtime": 1783534641, "views": 0, "rating": 0, "private": 0, "password": null, "_winner": "p0x07317f2", "_our_name": "p0x07317f2"}