{"id": "battle-gen9randombattle-84", "formatid": "gen9randombattle", "format": "[Gen 9] Random Battle", "players": ["p0x084bf9a", "p0y084a735"], "log": "|init|battle\n|title|p0x084bf9a vs. p0y084a735\n|j|\u2606p0x084bf9a\n|j|\u2606p0y084a735\n|t:|1783534760\n|gametype|singles\n|player|p1|p0x084bf9a|265|\n|player|p2|p0y084a735|101|\n|gen|9\n|tier|[Gen 9] Random Battle\n|rule|Species Clause: Limit one of each Pok\u00e9mon\n|rule|HP Percentage Mod: HP is shown in percentages\n|rule|Sleep Clause Mod: Limit one foe put to sleep\n|rule|Illusion Level Mod: Illusion disguises the Pok\u00e9mon's true level\n|\n|t:|1783534760\n|teamsize|p1|6\n|teamsize|p2|6\n|start\n|switch|p1a: Inteleon|Inteleon, L81, F|246/246\n|switch|p2a: Garchomp|Garchomp, L74, F|100/100\n|turn|1\n|inactive|Battle timer is ON: inactive players will automatically lose when time's up. (requested by p0x084bf9a)\n|inactive|p0y084a735 also wants the timer to be on.\n|\n|t:|1783534762\n|move|p1a: Inteleon|Scald|p2a: Garchomp\n|-damage|p2a: Garchomp|41/100\n|move|p2a: Garchomp|Outrage|p1a: Inteleon\n|-damage|p1a: Inteleon|77/246\n|\n|upkeep\n|turn|2\n|inactive|Time left: 300 sec this turn | 300 sec total\n|\n|t:|1783534763\n|move|p1a: Inteleon|Scald|p2a: Garchomp\n|-crit|p2a: Garchomp\n|-damage|p2a: Garchomp|0 fnt\n|faint|p2a: Garchomp\n|\n|upkeep\n|\n|t:|1783534764\n|switch|p2a: Mew|Mew, L82|100/100\n|turn|3\n|inactive|Time left: 300 sec this turn | 300 sec total\n|\n|t:|1783534765\n|move|p1a: Inteleon|Scald|p2a: Mew\n|-damage|p2a: Mew|34/100\n|move|p2a: Mew|Psychic Fangs|p1a: Inteleon\n|-crit|p1a: Inteleon\n|-damage|p1a: Inteleon|0 fnt\n|faint|p1a: Inteleon\n|-damage|p2a: Mew|24/100|[from] item: Life Orb\n|\n|upkeep\n|inactive|Time left: 300 sec this turn | 300 sec total | 5 sec grace\n|\n|t:|1783534767\n|switch|p1a: Rillaboom|Rillaboom, L79, F|288/288\n|-fieldstart|move: Grassy Terrain|[from] ability: Grassy Surge|[of] p1a: Rillaboom\n|turn|4\n|inactive|Time left: 300 sec this turn | 300 sec total\n|\n|t:|1783534768\n|move|p1a: Rillaboom|Grassy Glide|p2a: Mew\n|-damage|p2a: Mew|0 fnt\n|faint|p2a: Mew\n|\n|upkeep\n|\n|t:|1783534769\n|switch|p2a: Chandelure|Chandelure, L83, F|100/100\n|turn|5\n|inactive|Time left: 300 sec this turn | 300 sec total\n|\n|t:|1783534771\n|switch|p1a: Raikou|Raikou, L81|278/278\n|-ability|p1a: Raikou|Pressure\n|move|p2a: Chandelure|Calm Mind|p2a: Chandelure\n|-boost|p2a: Chandelure|spa|1\n|-boost|p2a: Chandelure|spd|1\n|\n|upkeep\n|turn|6\n|inactive|Time left: 300 sec this turn | 300 sec total\n|\n|t:|1783534772\n|move|p1a: Raikou|Calm Mind|p1a: Raikou\n|-boost|p1a: Raikou|spa|1\n|-boost|p1a: Raikou|spd|1\n|move|p2a: Chandelure|Fire Blast|p1a: Raikou\n|-damage|p1a: Raikou|140/278\n|-status|p1a: Raikou|brn\n|\n|-heal|p1a: Raikou|157/278 brn|[from] Grassy Terrain\n|-heal|p1a: Raikou|174/278 brn|[from] item: Leftovers\n|-damage|p1a: Raikou|157/278 brn|[from] brn\n|upkeep\n|turn|7\n|inactive|Time left: 300 sec this turn | 300 sec total\n|\n|t:|1783534773\n|-terastallize|p1a: Raikou|Water\n|move|p1a: Raikou|Scald|p2a: Chandelure\n|-supereffective|p2a: Chandelure\n|-damage|p2a: Chandelure|26/100\n|move|p2a: Chandelure|Fire Blast|p1a: Raikou\n|-resisted|p1a: Raikou\n|-damage|p1a: Raikou|86/278 brn\n|\n|-heal|p1a: Raikou|103/278 brn|[from] Grassy Terrain\n|-heal|p1a: Raikou|120/278 brn|[from] item: Leftovers\n|-heal|p2a: Chandelure|32/100|[from] Grassy Terrain\n|-damage|p1a: Raikou|103/278 brn|[from] brn\n|upkeep\n|turn|8\n|inactive|Time left: 300 sec this turn | 300 sec total\n|\n|t:|1783534774\n|move|p1a: Raikou|Scald|p2a: Chandelure\n|-supereffective|p2a: Chandelure\n|-damage|p2a: Chandelure|0 fnt\n|faint|p2a: Chandelure\n|\n|-heal|p1a: Raikou|120/278 brn|[from] Grassy Terrain\n|-heal|p1a: Raikou|137/278 brn|[from] item: Leftovers\n|-damage|p1a: Raikou|120/278 brn|[from] brn\n|-fieldend|move: Grassy Terrain\n|upkeep\n|\n|t:|1783534775\n|switch|p2a: Qwilfish|Qwilfish-Hisui, L83, F|100/100\n|-ability|p2a: Qwilfish|Intimidate|boost\n|-unboost|p1a: Raikou|atk|1\n|turn|9\n|inactive|Time left: 300 sec this turn | 300 sec total\n|\n|t:|1783534776\n|move|p1a: Raikou|Scald|p2a: Qwilfish\n|-damage|p2a: Qwilfish|52/100\n|move|p2a: Qwilfish|Gunk Shot|p1a: Raikou|[miss]\n|-miss|p2a: Qwilfish|p1a: Raikou\n|\n|-heal|p1a: Raikou|137/278 brn|[from] item: Leftovers\n|-damage|p1a: Raikou|120/278 brn|[from] brn\n|upkeep\n|turn|10\n|inactive|Time left: 300 sec this turn | 300 sec total\n|\n|t:|1783534776\n|move|p1a: Raikou|Thunderbolt|p2a: Qwilfish\n|-damage|p2a: Qwilfish|0 fnt\n|faint|p2a: Qwilfish\n|\n|-heal|p1a: Raikou|137/278 brn|[from] item: Leftovers\n|-damage|p1a: Raikou|120/278 brn|[from] brn\n|upkeep\n|\n|t:|1783534777\n|switch|p2a: Skarmory|Skarmory, L80, M|100/100\n|turn|11\n|inactive|Time left: 300 sec this turn | 300 sec total\n|\n|t:|1783534778\n|move|p1a: Raikou|Thunderbolt|p2a: Skarmory\n|-supereffective|p2a: Skarmory\n|-ability|p2a: Skarmory|Sturdy\n|-damage|p2a: Skarmory|1/100\n|move|p2a: Skarmory|Brave Bird|p1a: Raikou\n|-damage|p1a: Raikou|3/278 brn\n|-damage|p2a: Skarmory|0 fnt|[from] Recoil\n|faint|p2a: Skarmory\n|\n|-heal|p1a: Raikou|20/278 brn|[from] item: Leftovers\n|-damage|p1a: Raikou|3/278 brn|[from] brn\n|upkeep\n|\n|t:|1783534779\n|switch|p2a: Venomoth|Venomoth, L84, F|100/100\n|turn|12\n|inactive|Time left: 300 sec this turn | 300 sec total\n|\n|t:|1783534780\n|move|p1a: Raikou|Thunderbolt|p2a: Venomoth\n|-damage|p2a: Venomoth|30/100\n|move|p2a: Venomoth|Quiver Dance|p2a: Venomoth\n|-boost|p2a: Venomoth|spa|1\n|-boost|p2a: Venomoth|spd|1\n|-boost|p2a: Venomoth|spe|1\n|\n|-heal|p1a: Raikou|20/278 brn|[from] item: Leftovers\n|-damage|p1a: Raikou|3/278 brn|[from] brn\n|upkeep\n|turn|13\n|inactive|Time left: 300 sec this turn | 300 sec total\n|\n|t:|1783534781\n|move|p2a: Venomoth|Sludge Wave|p1a: Raikou\n|-damage|p1a: Raikou|0 fnt\n|faint|p1a: Raikou\n|\n|upkeep\n|inactive|Time left: 300 sec this turn | 300 sec total | 5 sec grace\n|\n|t:|1783534781\n|switch|p1a: Klawf|Klawf, L90, F|272/272\n|turn|14\n|inactive|Time left: 300 sec this turn | 300 sec total\n|\n|t:|1783534782\n|move|p2a: Venomoth|Sleep Powder|p1a: Klawf\n|-status|p1a: Klawf|slp|[from] move: Sleep Powder\n|cant|p1a: Klawf|slp\n|\n|upkeep\n|turn|15\n|inactive|Time left: 300 sec this turn | 300 sec total\n|\n|t:|1783534783\n|switch|p1a: Glalie|Glalie, L96, F|309/309\n|move|p2a: Venomoth|Sludge Wave|p1a: Glalie\n|-damage|p1a: Glalie|173/309\n|\n|upkeep\n|turn|16\n|inactive|Time left: 300 sec this turn | 300 sec total\n|\n|t:|1783534784\n|-terastallize|p2a: Venomoth|Bug\n|move|p2a: Venomoth|Sludge Wave|p1a: Glalie\n|-damage|p1a: Glalie|34/309\n|move|p1a: Glalie|Earthquake|p2a: Venomoth\n|-resisted|p2a: Venomoth\n|-damage|p2a: Venomoth|9/100\n|\n|upkeep\n|turn|17\n|inactive|Time left: 300 sec this turn | 300 sec total\n|\n|t:|1783534785\n|move|p2a: Venomoth|Sludge Wave|p1a: Glalie\n|-damage|p1a: Glalie|0 fnt\n|faint|p1a: Glalie\n|\n|upkeep\n|inactive|Time left: 300 sec this turn | 300 sec total | 5 sec grace\n|\n|t:|1783534785\n|switch|p1a: Rillaboom|Rillaboom, L79, F|288/288\n|-fieldstart|move: Grassy Terrain|[from] ability: Grassy Surge|[of] p1a: Rillaboom\n|turn|18\n|inactive|Time left: 300 sec this turn | 300 sec total\n|\n|t:|1783534786\n|move|p1a: Rillaboom|Grassy Glide|p2a: Venomoth\n|-resisted|p2a: Venomoth\n|-damage|p2a: Venomoth|0 fnt\n|faint|p2a: Venomoth\n|\n|win|p0x084bf9a", "uploadtime": 1783534786, "views": 0, "rating": 0, "private": 0, "password": null, "_winner": "p0x084bf9a", "_our_name": "p0x084bf9a"}