{"id": "battle-gen9randombattle-173", "formatid": "gen9randombattle", "format": "[Gen 9] Random Battle", "players": ["p0x1736c39", "p0y173e789"], "log": "|init|battle\n|title|p0x1736c39 vs. p0y173e789\n|j|\u2606p0x1736c39\n|j|\u2606p0y173e789\n|t:|1783535238\n|gametype|singles\n|player|p1|p0x1736c39|102|\n|player|p2|p0y173e789|102|\n|gen|9\n|tier|[Gen 9] Random Battle\n|rule|Species Clause: Limit one of each Pok\u00e9mon\n|rule|HP Percentage Mod: HP is shown in percentages\n|rule|Sleep Clause Mod: Limit one foe put to sleep\n|rule|Illusion Level Mod: Illusion disguises the Pok\u00e9mon's true level\n|\n|t:|1783535238\n|teamsize|p1|6\n|teamsize|p2|6\n|start\n|switch|p1a: Emboar|Emboar, L84, F|322/322\n|switch|p2a: Politoed|Politoed, L88, M|100/100\n|-weather|RainDance|[from] ability: Drizzle|[of] p2a: Politoed\n|turn|1\n|inactive|Battle timer is ON: inactive players will automatically lose when time's up. (requested by p0y173e789)\n|inactive|Time left: 300 sec this turn | 300 sec total | 60 sec grace\n|inactive|p0x1736c39 also wants the timer to be on.\n|\n|t:|1783535240\n|switch|p1a: Slowking|Slowking, L88, F|310/310\n|move|p2a: Politoed|Weather Ball|p1a: Slowking\n|-resisted|p1a: Slowking\n|-damage|p1a: Slowking|202/310\n|\n|-weather|RainDance|[upkeep]\n|upkeep\n|turn|2\n|inactive|Time left: 300 sec this turn | 300 sec total\n|\n|t:|1783535241\n|move|p2a: Politoed|Weather Ball|p1a: Slowking\n|-resisted|p1a: Slowking\n|-damage|p1a: Slowking|97/310\n|-prepare|p1a: Slowking|Chilly Reception|[premajor]\n|move|p1a: Slowking|Chilly Reception|p1a: Slowking\n|-weather|Snowscape\n|inactive|Time left: 300 sec this turn | 300 sec total | 5 sec grace\n|\n|t:|1783535242\n|switch|p1a: Emboar|Emboar, L84, F|322/322|[from] Chilly Reception\n|\n|-weather|Snowscape|[upkeep]\n|upkeep\n|turn|3\n|inactive|Time left: 300 sec this turn | 300 sec total\n|\n|t:|1783535244\n|switch|p2a: Hariyama|Hariyama, L87, F|100/100\n|move|p1a: Emboar|Flare Blitz|p2a: Hariyama\n|-damage|p2a: Hariyama|36/100\n|-damage|p1a: Emboar|239/322|[from] Recoil\n|\n|-weather|Snowscape|[upkeep]\n|-status|p2a: Hariyama|brn|[from] item: Flame Orb\n|upkeep\n|turn|4\n|inactive|Time left: 300 sec this turn | 300 sec total\n|\n|t:|1783535245\n|switch|p2a: Politoed|Politoed, L88, M|100/100\n|-weather|RainDance|[from] ability: Drizzle|[of] p2a: Politoed\n|move|p1a: Emboar|Close Combat|p2a: Politoed\n|-crit|p2a: Politoed\n|-damage|p2a: Politoed|26/100\n|-unboost|p1a: Emboar|def|1\n|-unboost|p1a: Emboar|spd|1\n|\n|-weather|RainDance|[upkeep]\n|upkeep\n|turn|5\n|inactive|Time left: 300 sec this turn | 300 sec total\n|\n|t:|1783535246\n|switch|p1a: Tauros|Tauros-Paldea-Aqua, L81, M|254/254\n|-ability|p1a: Tauros|Intimidate|boost\n|-unboost|p2a: Politoed|atk|1\n|move|p2a: Politoed|Weather Ball|p1a: Tauros\n|-resisted|p1a: Tauros\n|-damage|p1a: Tauros|109/254\n|\n|-weather|RainDance|[upkeep]\n|upkeep\n|turn|6\n|inactive|Time left: 300 sec this turn | 300 sec total\n|\n|t:|1783535248\n|move|p1a: Tauros|Close Combat|p2a: Politoed\n|-damage|p2a: Politoed|0 fnt\n|-unboost|p1a: Tauros|def|1\n|-unboost|p1a: Tauros|spd|1\n|faint|p2a: Politoed\n|\n|-weather|RainDance|[upkeep]\n|upkeep\n|\n|t:|1783535249\n|switch|p2a: Ninetales|Ninetales, L85, M|100/100\n|-weather|SunnyDay|[from] ability: Drought|[of] p2a: Ninetales\n|turn|7\n|inactive|Time left: 300 sec this turn | 300 sec total\n|\n|t:|1783535250\n|switch|p1a: Slowking|Slowking, L88, F|200/310\n|move|p2a: Ninetales|Nasty Plot|p2a: Ninetales\n|-boost|p2a: Ninetales|spa|2\n|\n|-weather|SunnyDay|[upkeep]\n|upkeep\n|turn|8\n|inactive|Time left: 300 sec this turn | 300 sec total\n|\n|t:|1783535251\n|switch|p1a: Emboar|Emboar, L84, F|239/322\n|move|p2a: Ninetales|Solar Beam||[still]\n|-prepare|p2a: Ninetales|Solar Beam\n|-anim|p2a: Ninetales|Solar Beam|p1a: Emboar\n|-resisted|p1a: Emboar\n|-damage|p1a: Emboar|176/322\n|\n|-weather|SunnyDay|[upkeep]\n|upkeep\n|turn|9\n|inactive|Time left: 300 sec this turn | 300 sec total\n|\n|t:|1783535252\n|move|p2a: Ninetales|Fire Blast|p1a: Emboar\n|-resisted|p1a: Emboar\n|-damage|p1a: Emboar|40/322\n|move|p1a: Emboar|Close Combat|p2a: Ninetales\n|-crit|p2a: Ninetales\n|-damage|p2a: Ninetales|5/100\n|-unboost|p1a: Emboar|def|1\n|-unboost|p1a: Emboar|spd|1\n|\n|-weather|SunnyDay|[upkeep]\n|upkeep\n|turn|10\n|inactive|Time left: 300 sec this turn | 300 sec total\n|\n|t:|1783535253\n|move|p2a: Ninetales|Fire Blast|p1a: Emboar\n|-resisted|p1a: Emboar\n|-damage|p1a: Emboar|0 fnt\n|faint|p1a: Emboar\n|\n|-weather|SunnyDay|[upkeep]\n|upkeep\n|inactive|Time left: 300 sec this turn | 300 sec total | 5 sec grace\n|\n|t:|1783535254\n|switch|p1a: Flutter Mane|Flutter Mane, L74|203/203\n|-activate|p1a: Flutter Mane|ability: Protosynthesis\n|-start|p1a: Flutter Mane|protosynthesisspa\n|turn|11\n|inactive|Time left: 300 sec this turn | 300 sec total\n|\n|t:|1783535255\n|move|p1a: Flutter Mane|Moonblast|p2a: Ninetales\n|-resisted|p2a: Ninetales\n|-damage|p2a: Ninetales|0 fnt\n|faint|p2a: Ninetales\n|-damage|p1a: Flutter Mane|183/203|[from] item: Life Orb\n|\n|-weather|none\n|-end|p1a: Flutter Mane|Protosynthesis\n|upkeep\n|\n|t:|1783535256\n|switch|p2a: Tinkaton|Tinkaton, L82, F|100/100\n|-ability|p2a: Tinkaton|Mold Breaker\n|turn|12\n|inactive|Time left: 300 sec this turn | 300 sec total\n|\n|t:|1783535257\n|-end|p1a: Flutter Mane|Protosynthesis|[silent]\n|switch|p1a: Tauros|Tauros-Paldea-Aqua, L81, M|109/254\n|-ability|p1a: Tauros|Intimidate|boost\n|-unboost|p2a: Tinkaton|atk|1\n|move|p2a: Tinkaton|Gigaton Hammer|p1a: Tauros\n|-resisted|p1a: Tauros\n|-damage|p1a: Tauros|68/254\n|\n|upkeep\n|turn|13\n|inactive|Time left: 300 sec this turn | 300 sec total\n|\n|t:|1783535258\n|move|p1a: Tauros|Close Combat|p2a: Tinkaton\n|-damage|p2a: Tinkaton|20/100\n|-unboost|p1a: Tauros|def|1\n|-unboost|p1a: Tauros|spd|1\n|move|p2a: Tinkaton|Play Rough|p1a: Tauros\n|-supereffective|p1a: Tauros\n|-damage|p1a: Tauros|0 fnt\n|faint|p1a: Tauros\n|\n|-heal|p2a: Tinkaton|26/100|[from] item: Leftovers\n|upkeep\n|inactive|Time left: 300 sec this turn | 300 sec total | 5 sec grace\n|\n|t:|1783535259\n|switch|p1a: Flutter Mane|Flutter Mane, L74|183/203\n|turn|14\n|inactive|Time left: 300 sec this turn | 300 sec total\n|\n|t:|1783535260\n|move|p1a: Flutter Mane|Shadow Ball|p2a: Tinkaton\n|-damage|p2a: Tinkaton|0 fnt\n|faint|p2a: Tinkaton\n|-damage|p1a: Flutter Mane|163/203|[from] item: Life Orb\n|\n|upkeep\n|\n|t:|1783535261\n|switch|p2a: Beartic|Beartic, L91, M|100/100\n|turn|15\n|inactive|Time left: 300 sec this turn | 300 sec total\n|\n|t:|1783535262\n|-end|p1a: Flutter Mane|Protosynthesis|[silent]\n|switch|p1a: Granbull|Granbull, L88, M|302/302\n|-ability|p1a: Granbull|Intimidate|boost\n|-unboost|p2a: Beartic|atk|1\n|move|p2a: Beartic|Icicle Crash|p1a: Granbull\n|-damage|p1a: Granbull|209/302\n|\n|-heal|p1a: Granbull|227/302|[from] item: Leftovers\n|upkeep\n|turn|16\n|inactive|Time left: 300 sec this turn | 300 sec total\n|\n|t:|1783535263\n|move|p2a: Beartic|Swords Dance|p2a: Beartic\n|-boost|p2a: Beartic|atk|2\n|move|p1a: Granbull|Play Rough|p2a: Beartic\n|-damage|p2a: Beartic|64/100\n|\n|-heal|p1a: Granbull|245/302|[from] item: Leftovers\n|upkeep\n|turn|17\n|inactive|Time left: 300 sec this turn | 300 sec total\n|\n|t:|1783535264\n|move|p2a: Beartic|Icicle Crash|p1a: Granbull\n|-damage|p1a: Granbull|44/302\n|cant|p1a: Granbull|flinch\n|\n|-heal|p1a: Granbull|62/302|[from] item: Leftovers\n|upkeep\n|turn|18\n|inactive|Time left: 300 sec this turn | 300 sec total\n|\n|t:|1783535265\n|move|p2a: Beartic|Icicle Crash|p1a: Granbull\n|-damage|p1a: Granbull|0 fnt\n|faint|p1a: Granbull\n|\n|upkeep\n|inactive|Time left: 300 sec this turn | 300 sec total | 5 sec grace\n|\n|t:|1783535266\n|switch|p1a: Arbok|Arbok, L87, F|246/246\n|-ability|p1a: Arbok|Intimidate|boost\n|-unboost|p2a: Beartic|atk|1\n|turn|19\n|inactive|Time left: 300 sec this turn | 300 sec total\n|\n|t:|1783535267\n|move|p1a: Arbok|Coil|p1a: Arbok\n|-boost|p1a: Arbok|atk|1\n|-boost|p1a: Arbok|def|1\n|-boost|p1a: Arbok|accuracy|1\n|move|p2a: Beartic|Swords Dance|p2a: Beartic\n|-boost|p2a: Beartic|atk|2\n|\n|upkeep\n|turn|20\n|inactive|Time left: 300 sec this turn | 300 sec total\n|\n|t:|1783535268\n|move|p1a: Arbok|Coil|p1a: Arbok\n|-boost|p1a: Arbok|atk|1\n|-boost|p1a: Arbok|def|1\n|-boost|p1a: Arbok|accuracy|1\n|move|p2a: Beartic|Icicle Crash|p1a: Arbok\n|-damage|p1a: Arbok|101/246\n|\n|-heal|p1a: Arbok|116/246|[from] item: Leftovers\n|upkeep\n|turn|21\n|inactive|Time left: 300 sec this turn | 300 sec total\n|\n|t:|1783535269\n|move|p1a: Arbok|Gunk Shot|p2a: Beartic\n|-damage|p2a: Beartic|0 fnt\n|faint|p2a: Beartic\n|\n|-heal|p1a: Arbok|131/246|[from] item: Leftovers\n|upkeep\n|\n|t:|1783535270\n|switch|p2a: Illumise|Illumise, L91, F|100/100\n|turn|22\n|inactive|Time left: 300 sec this turn | 300 sec total\n|\n|t:|1783535271\n|move|p2a: Illumise|Thunder Wave|p1a: Arbok\n|-status|p1a: Arbok|par\n|cant|p1a: Arbok|par\n|\n|-heal|p1a: Arbok|146/246 par|[from] item: Leftovers\n|upkeep\n|turn|23\n|inactive|Time left: 300 sec this turn | 300 sec total\n|\n|t:|1783535273\n|move|p2a: Illumise|Bug Buzz|p1a: Arbok\n|-resisted|p1a: Arbok\n|-damage|p1a: Arbok|100/246 par\n|move|p1a: Arbok|Gunk Shot|p2a: Illumise\n|-damage|p2a: Illumise|3/100\n|-status|p2a: Illumise|psn\n|\n|-heal|p1a: Arbok|115/246 par|[from] item: Leftovers\n|-damage|p2a: Illumise|0 fnt|[from] psn\n|faint|p2a: Illumise\n|upkeep\n|\n|t:|1783535274\n|switch|p2a: Hariyama|Hariyama, L87, F|36/100 brn\n|turn|24\n|inactive|Time left: 300 sec this turn | 300 sec total\n|\n|t:|1783535275\n|switch|p1a: Flutter Mane|Flutter Mane, L74|163/203\n|move|p2a: Hariyama|Facade|p1a: Flutter Mane\n|-immune|p1a: Flutter Mane\n|\n|-damage|p2a: Hariyama|30/100 brn|[from] brn\n|upkeep\n|turn|25\n|inactive|Time left: 300 sec this turn | 300 sec total\n|\n|t:|1783535276\n|-terastallize|p1a: Flutter Mane|Electric\n|-terastallize|p2a: Hariyama|Normal\n|move|p1a: Flutter Mane|Moonblast|p2a: Hariyama\n|-damage|p2a: Hariyama|0 fnt\n|faint|p2a: Hariyama\n|-damage|p1a: Flutter Mane|143/203|[from] item: Life Orb\n|\n|win|p0x1736c39", "uploadtime": 1783535276, "views": 0, "rating": 0, "private": 0, "password": null, "_winner": "p0x1736c39", "_our_name": "p0x1736c39"}