{"id": "battle-gen9randombattle-2700", "formatid": "gen9randombattle", "format": "[Gen 9] Random Battle", "players": ["p0x270036ca", "p0y27006b4c"], "log": "|init|battle\n|title|p0x270036ca vs. p0y27006b4c\n|j|\u2606p0x270036ca\n|j|\u2606p0y27006b4c\n|t:|1783570144\n|gametype|singles\n|player|p1|p0x270036ca|101|\n|player|p2|p0y27006b4c|169|\n|gen|9\n|tier|[Gen 9] Random Battle\n|rule|Species Clause: Limit one of each Pok\u00e9mon\n|rule|HP Percentage Mod: HP is shown in percentages\n|rule|Sleep Clause Mod: Limit one foe put to sleep\n|rule|Illusion Level Mod: Illusion disguises the Pok\u00e9mon's true level\n|\n|t:|1783570144\n|teamsize|p1|6\n|teamsize|p2|6\n|start\n|switch|p1a: Gouging Fire|Gouging Fire, L74|100/100\n|switch|p2a: Delibird|Delibird, F|252/252\n|turn|1\n|inactive|Battle timer is ON: inactive players will automatically lose when time's up. (requested by p0y27006b4c)\n|inactive|p0x270036ca also wants the timer to be on.\n|\n|t:|1783570145\n|switch|p2a: Wyrdeer|Wyrdeer, L87, M|321/321\n|-ability|p2a: Wyrdeer|Intimidate|boost\n|-unboost|p1a: Gouging Fire|atk|1\n|move|p1a: Gouging Fire|Outrage|p2a: Wyrdeer\n|-damage|p2a: Wyrdeer|243/321\n|\n|-heal|p2a: Wyrdeer|263/321|[from] item: Leftovers\n|upkeep\n|turn|2\n|inactive|Time left: 300 sec this turn | 300 sec total\n|\n|t:|1783570146\n|move|p1a: Gouging Fire|Outrage|p2a: Wyrdeer|[from] lockedmove\n|-damage|p2a: Wyrdeer|173/321\n|move|p2a: Wyrdeer|Earthquake|p1a: Gouging Fire\n|-supereffective|p1a: Gouging Fire\n|-damage|p1a: Gouging Fire|46/100\n|\n|-heal|p2a: Wyrdeer|193/321|[from] item: Leftovers\n|upkeep\n|turn|3\n|inactive|Time left: 300 sec this turn | 300 sec total\n|\n|t:|1783570147\n|move|p1a: Gouging Fire|Outrage|p2a: Wyrdeer|[from] lockedmove\n|-damage|p2a: Wyrdeer|106/321\n|-start|p1a: Gouging Fire|confusion|[fatigue]\n|move|p2a: Wyrdeer|Earthquake|p1a: Gouging Fire\n|-supereffective|p1a: Gouging Fire\n|-damage|p1a: Gouging Fire|0 fnt\n|faint|p1a: Gouging Fire\n|-end|p1a: Gouging Fire|Protosynthesis|[silent]\n|\n|-heal|p2a: Wyrdeer|126/321|[from] item: Leftovers\n|upkeep\n|\n|t:|1783570148\n|switch|p1a: Mamoswine|Mamoswine, L81, M|100/100\n|turn|4\n|inactive|Time left: 300 sec this turn | 300 sec total\n|\n|t:|1783570149\n|switch|p2a: Mimikyu|Mimikyu, L79, M|216/216\n|move|p1a: Mamoswine|Knock Off|p2a: Mimikyu\n|-activate|p2a: Mimikyu|ability: Disguise\n|-damage|p2a: Mimikyu|216/216\n|-enditem|p2a: Mimikyu|Life Orb|[from] move: Knock Off|[of] p1a: Mamoswine\n|detailschange|p2a: Mimikyu|Mimikyu-Busted, L79, M\n|-damage|p2a: Mimikyu|189/216|[from] pokemon: Mimikyu-Busted\n|\n|upkeep\n|turn|5\n|inactive|Time left: 300 sec this turn | 300 sec total\n|\n|t:|1783570150\n|move|p2a: Mimikyu|Swords Dance|p2a: Mimikyu\n|-boost|p2a: Mimikyu|atk|2\n|move|p1a: Mamoswine|Knock Off|p2a: Mimikyu\n|-damage|p2a: Mimikyu|89/216\n|\n|upkeep\n|turn|6\n|inactive|Time left: 300 sec this turn | 300 sec total\n|\n|t:|1783570151\n|move|p2a: Mimikyu|Drain Punch|p1a: Mamoswine\n|-supereffective|p1a: Mamoswine\n|-damage|p1a: Mamoswine|36/100\n|-heal|p2a: Mimikyu|189/216|[from] drain|[of] p1a: Mamoswine\n|move|p1a: Mamoswine|Knock Off|p2a: Mimikyu\n|-damage|p2a: Mimikyu|104/216\n|\n|upkeep\n|turn|7\n|inactive|Time left: 300 sec this turn | 300 sec total\n|\n|t:|1783570153\n|switch|p1a: Enamorus|Enamorus-Therian, L83, F|100/100\n|move|p2a: Mimikyu|Play Rough|p1a: Enamorus|[miss]\n|-miss|p2a: Mimikyu|p1a: Enamorus\n|\n|upkeep\n|turn|8\n|inactive|Time left: 300 sec this turn | 300 sec total\n|\n|t:|1783570154\n|move|p2a: Mimikyu|Play Rough|p1a: Enamorus\n|-damage|p1a: Enamorus|47/100\n|move|p1a: Enamorus|Moonblast|p2a: Mimikyu\n|-damage|p2a: Mimikyu|0 fnt\n|faint|p2a: Mimikyu\n|\n|upkeep\n|inactive|Time left: 300 sec this turn | 300 sec total | 5 sec grace\n|\n|t:|1783570155\n|switch|p2a: Delibird|Delibird, F|252/252\n|turn|9\n|inactive|Time left: 300 sec this turn | 300 sec total\n|\n|t:|1783570156\n|move|p2a: Delibird|Freeze-Dry|p1a: Enamorus\n|-supereffective|p1a: Enamorus\n|-damage|p1a: Enamorus|0 fnt\n|faint|p1a: Enamorus\n|\n|upkeep\n|\n|t:|1783570157\n|switch|p1a: Raichu|Raichu, L88, M|100/100\n|turn|10\n|inactive|Time left: 300 sec this turn | 300 sec total\n|\n|t:|1783570158\n|switch|p2a: Ting-Lu|Ting-Lu, L78|370/370\n|-ability|p2a: Ting-Lu|Vessel of Ruin\n|move|p1a: Raichu|Thunderbolt|p2a: Ting-Lu\n|-immune|p2a: Ting-Lu\n|\n|upkeep\n|turn|11\n|inactive|Time left: 300 sec this turn | 300 sec total\n|\n|t:|1783570159\n|switch|p1a: Shiftry|Shiftry, L89, M|100/100\n|move|p2a: Ting-Lu|Earthquake|p1a: Shiftry\n|-resisted|p1a: Shiftry\n|-damage|p1a: Shiftry|80/100\n|\n|upkeep\n|turn|12\n|inactive|Time left: 300 sec this turn | 300 sec total\n|\n|t:|1783570160\n|move|p1a: Shiftry|Swords Dance|p1a: Shiftry\n|-boost|p1a: Shiftry|atk|2\n|move|p2a: Ting-Lu|Earthquake|p1a: Shiftry\n|-resisted|p1a: Shiftry\n|-damage|p1a: Shiftry|61/100\n|\n|upkeep\n|turn|13\n|inactive|Time left: 300 sec this turn | 300 sec total\n|\n|t:|1783570161\n|switch|p2a: Wyrdeer|Wyrdeer, L87, M|126/321\n|-ability|p2a: Wyrdeer|Intimidate|boost\n|-unboost|p1a: Shiftry|atk|1\n|move|p1a: Shiftry|Leaf Blade|p2a: Wyrdeer\n|-damage|p2a: Wyrdeer|0 fnt\n|faint|p2a: Wyrdeer\n|-damage|p1a: Shiftry|51/100|[from] item: Life Orb\n|\n|upkeep\n|inactive|Time left: 300 sec this turn | 300 sec total | 5 sec grace\n|\n|t:|1783570162\n|switch|p2a: Greedent|Greedent, L86, M|347/347\n|turn|14\n|inactive|Time left: 300 sec this turn | 300 sec total\n|\n|t:|1783570163\n|move|p1a: Shiftry|Knock Off|p2a: Greedent\n|-damage|p2a: Greedent|152/347\n|-enditem|p2a: Greedent|Sitrus Berry|[from] move: Knock Off|[of] p1a: Shiftry\n|-damage|p1a: Shiftry|41/100|[from] item: Life Orb\n|move|p2a: Greedent|Double-Edge|p1a: Shiftry\n|-damage|p1a: Shiftry|0 fnt\n|faint|p1a: Shiftry\n|-damage|p2a: Greedent|111/347|[from] Recoil\n|\n|upkeep\n|\n|t:|1783570164\n|switch|p1a: Mamoswine|Mamoswine, L81, M|36/100\n|turn|15\n|inactive|Time left: 300 sec this turn | 300 sec total\n|\n|t:|1783570165\n|move|p1a: Mamoswine|Icicle Crash|p2a: Greedent\n|-damage|p2a: Greedent|0 fnt\n|faint|p2a: Greedent\n|\n|upkeep\n|inactive|Time left: 300 sec this turn | 300 sec total | 5 sec grace\n|\n|t:|1783570166\n|switch|p2a: Quaquaval|Quaquaval, L79, M|264/264\n|turn|16\n|inactive|Time left: 300 sec this turn | 300 sec total\n|\n|t:|1783570167\n|move|p2a: Quaquaval|Aqua Step|p1a: Mamoswine\n|-supereffective|p1a: Mamoswine\n|-damage|p1a: Mamoswine|0 fnt\n|-boost|p2a: Quaquaval|spe|1\n|faint|p1a: Mamoswine\n|-ability|p2a: Quaquaval|Moxie|boost\n|-boost|p2a: Quaquaval|atk|1\n|-damage|p2a: Quaquaval|238/264|[from] item: Life Orb\n|\n|upkeep\n|\n|t:|1783570168\n|switch|p1a: Donphan|Donphan, L84, M|100/100\n|turn|17\n|inactive|Time left: 300 sec this turn | 300 sec total\n|\n|t:|1783570169\n|move|p2a: Quaquaval|Aqua Step|p1a: Donphan\n|-supereffective|p1a: Donphan\n|-damage|p1a: Donphan|5/100\n|-boost|p2a: Quaquaval|spe|1\n|-damage|p2a: Quaquaval|212/264|[from] item: Life Orb\n|move|p1a: Donphan|Earthquake|p2a: Quaquaval\n|-damage|p2a: Quaquaval|82/264\n|\n|-heal|p1a: Donphan|11/100|[from] item: Leftovers\n|upkeep\n|turn|18\n|inactive|Time left: 300 sec this turn | 300 sec total\n|\n|t:|1783570170\n|move|p2a: Quaquaval|Close Combat|p1a: Donphan\n|-damage|p1a: Donphan|0 fnt\n|-unboost|p2a: Quaquaval|def|1\n|-unboost|p2a: Quaquaval|spd|1\n|faint|p1a: Donphan\n|-ability|p2a: Quaquaval|Moxie|boost\n|-boost|p2a: Quaquaval|atk|1\n|-damage|p2a: Quaquaval|56/264|[from] item: Life Orb\n|\n|upkeep\n|\n|t:|1783570171\n|switch|p1a: Raichu|Raichu, L88, M|100/100\n|turn|19\n|inactive|Time left: 300 sec this turn | 300 sec total\n|\n|t:|1783570172\n|-terastallize|p2a: Quaquaval|Steel\n|move|p2a: Quaquaval|Close Combat|p1a: Raichu\n|-damage|p1a: Raichu|0 fnt\n|-unboost|p2a: Quaquaval|def|1\n|-unboost|p2a: Quaquaval|spd|1\n|faint|p1a: Raichu\n|-damage|p2a: Quaquaval|30/264|[from] item: Life Orb\n|\n|win|p0y27006b4c", "uploadtime": 1783570172, "views": 0, "rating": 0, "private": 0, "password": null, "_winner": "p0y27006b4c", "_our_name": "p0y27006b4c"}