{"id": "battle-gen9randombattle-905", "formatid": "gen9randombattle", "format": "[Gen 9] Random Battle", "players": ["p0x905368b", "p0y905b1e8"], "log": "|init|battle\n|title|p0x905368b vs. p0y905b1e8\n|j|\u2606p0x905368b\n|j|\u2606p0y905b1e8\n|t:|1783550397\n|gametype|singles\n|player|p1|p0x905368b|169|\n|player|p2|p0y905b1e8|101|\n|gen|9\n|tier|[Gen 9] Random Battle\n|rule|Species Clause: Limit one of each Pok\u00e9mon\n|rule|HP Percentage Mod: HP is shown in percentages\n|rule|Sleep Clause Mod: Limit one foe put to sleep\n|rule|Illusion Level Mod: Illusion disguises the Pok\u00e9mon's true level\n|\n|t:|1783550397\n|teamsize|p1|6\n|teamsize|p2|6\n|start\n|switch|p1a: Victreebel|Victreebel, L90, M|290/290\n|switch|p2a: Grimmsnarl|Grimmsnarl, L83, M|100/100\n|turn|1\n|inactive|Battle timer is ON: inactive players will automatically lose when time's up. (requested by p0y905b1e8)\n|inactive|Time left: 300 sec this turn | 300 sec total | 60 sec grace\n|inactive|p0x905368b also wants the timer to be on.\n|\n|t:|1783550399\n|move|p2a: Grimmsnarl|Light Screen|p2a: Grimmsnarl\n|-sidestart|p2: p0y905b1e8|move: Light Screen\n|move|p1a: Victreebel|Poison Jab|p2a: Grimmsnarl\n|-supereffective|p2a: Grimmsnarl\n|-damage|p2a: Grimmsnarl|0 fnt\n|faint|p2a: Grimmsnarl\n|-damage|p1a: Victreebel|261/290|[from] item: Life Orb\n|\n|upkeep\n|\n|t:|1783550400\n|switch|p2a: Medicham|Medicham, L86, F|100/100\n|turn|2\n|inactive|Time left: 300 sec this turn | 300 sec total\n|\n|t:|1783550402\n|switch|p1a: Articuno|Articuno-Galar, L84|288/288\n|move|p2a: Medicham|Close Combat|p1a: Articuno\n|-resisted|p1a: Articuno\n|-damage|p1a: Articuno|212/288\n|-unboost|p2a: Medicham|def|1\n|-unboost|p2a: Medicham|spd|1\n|\n|upkeep\n|turn|3\n|inactive|Time left: 300 sec this turn | 300 sec total\n|\n|t:|1783550403\n|move|p1a: Articuno|Calm Mind|p1a: Articuno\n|-boost|p1a: Articuno|spa|1\n|-boost|p1a: Articuno|spd|1\n|move|p2a: Medicham|Close Combat|p1a: Articuno\n|-resisted|p1a: Articuno\n|-damage|p1a: Articuno|142/288\n|-unboost|p2a: Medicham|def|1\n|-unboost|p2a: Medicham|spd|1\n|\n|upkeep\n|turn|4\n|inactive|Time left: 300 sec this turn | 300 sec total\n|\n|t:|1783550404\n|switch|p2a: Pincurchin|Pincurchin, M|100/100\n|-fieldstart|move: Electric Terrain|[from] ability: Electric Surge|[of] p2a: Pincurchin\n|move|p1a: Articuno|Freezing Glare|p2a: Pincurchin\n|-damage|p2a: Pincurchin|74/100\n|\n|-heal|p2a: Pincurchin|80/100|[from] item: Leftovers\n|upkeep\n|turn|5\n|inactive|Time left: 300 sec this turn | 300 sec total\n|\n|t:|1783550406\n|move|p1a: Articuno|Recover|p1a: Articuno\n|-heal|p1a: Articuno|286/288\n|move|p2a: Pincurchin|Zing Zap|p1a: Articuno\n|-supereffective|p1a: Articuno\n|-damage|p1a: Articuno|0 fnt\n|faint|p1a: Articuno\n|\n|-heal|p2a: Pincurchin|86/100|[from] item: Leftovers\n|upkeep\n|inactive|Time left: 300 sec this turn | 300 sec total | 5 sec grace\n|\n|t:|1783550407\n|switch|p1a: Victreebel|Victreebel, L90, M|261/290\n|turn|6\n|inactive|Time left: 300 sec this turn | 300 sec total\n|\n|t:|1783550408\n|move|p1a: Victreebel|Swords Dance|p1a: Victreebel\n|-boost|p1a: Victreebel|atk|2\n|move|p2a: Pincurchin|Zing Zap|p1a: Victreebel\n|-resisted|p1a: Victreebel\n|-damage|p1a: Victreebel|162/290\n|\n|-heal|p2a: Pincurchin|92/100|[from] item: Leftovers\n|upkeep\n|turn|7\n|inactive|Time left: 300 sec this turn | 300 sec total\n|\n|t:|1783550409\n|switch|p2a: Landorus|Landorus-Therian, L76, M|100/100\n|-ability|p2a: Landorus|Intimidate|boost\n|-unboost|p1a: Victreebel|atk|1\n|move|p1a: Victreebel|Power Whip|p2a: Landorus\n|-damage|p2a: Landorus|0 fnt\n|faint|p2a: Landorus\n|-damage|p1a: Victreebel|133/290|[from] item: Life Orb\n|\n|upkeep\n|\n|t:|1783550410\n|switch|p2a: Medicham|Medicham, L86, F|100/100\n|turn|8\n|inactive|Time left: 300 sec this turn | 300 sec total\n|\n|t:|1783550411\n|move|p1a: Victreebel|Sucker Punch|p2a: Medicham\n|-damage|p2a: Medicham|46/100\n|-damage|p1a: Victreebel|104/290|[from] item: Life Orb\n|move|p2a: Medicham|Close Combat|p1a: Victreebel\n|-resisted|p1a: Victreebel\n|-damage|p1a: Victreebel|0 fnt\n|-unboost|p2a: Medicham|def|1\n|-unboost|p2a: Medicham|spd|1\n|faint|p1a: Victreebel\n|\n|-sideend|p2: p0y905b1e8|move: Light Screen\n|-fieldend|move: Electric Terrain\n|upkeep\n|inactive|Time left: 300 sec this turn | 300 sec total | 5 sec grace\n|\n|t:|1783550412\n|switch|p1a: Smeargle|Smeargle, L95, M|258/258\n|turn|9\n|inactive|Time left: 300 sec this turn | 300 sec total\n|\n|t:|1783550413\n|-terastallize|p1a: Smeargle|Ghost\n|move|p1a: Smeargle|Sticky Web|p2a: Medicham\n|-sidestart|p2: p0y905b1e8|move: Sticky Web\n|move|p2a: Medicham|Close Combat|p1a: Smeargle\n|-immune|p1a: Smeargle\n|\n|upkeep\n|turn|10\n|inactive|Time left: 300 sec this turn | 300 sec total\n|\n|t:|1783550414\n|switch|p2a: Leavanny|Leavanny, L86, F|100/100\n|move|p1a: Smeargle|Stealth Rock|p2a: Leavanny\n|-sidestart|p2: p0y905b1e8|move: Stealth Rock\n|\n|upkeep\n|turn|11\n|inactive|Time left: 300 sec this turn | 300 sec total\n|\n|t:|1783550415\n|switch|p1a: Dudunsparce|Dudunsparce, L83, M|343/343\n|move|p2a: Leavanny|Sticky Web|p1a: Dudunsparce\n|-sidestart|p1: p0x905368b|move: Sticky Web\n|\n|upkeep\n|turn|12\n|inactive|Time left: 300 sec this turn | 300 sec total\n|\n|t:|1783550416\n|move|p2a: Leavanny|Lunge|p1a: Dudunsparce\n|-damage|p1a: Dudunsparce|235/343\n|-unboost|p1a: Dudunsparce|atk|1\n|-ability|p1a: Dudunsparce|Rattled|boost\n|-boost|p1a: Dudunsparce|spe|1\n|move|p1a: Dudunsparce|Boomburst|p2a: Leavanny\n|-damage|p2a: Leavanny|47/100\n|\n|-heal|p1a: Dudunsparce|256/343|[from] item: Leftovers\n|upkeep\n|turn|13\n|inactive|Time left: 300 sec this turn | 300 sec total\n|\n|t:|1783550417\n|move|p1a: Dudunsparce|Boomburst|p2a: Leavanny\n|-damage|p2a: Leavanny|0 fnt\n|faint|p2a: Leavanny\n|\n|-heal|p1a: Dudunsparce|277/343|[from] item: Leftovers\n|upkeep\n|\n|t:|1783550418\n|switch|p2a: Pincurchin|Pincurchin, M|92/100\n|-activate|p2a: Pincurchin|move: Sticky Web\n|-unboost|p2a: Pincurchin|spe|1\n|-damage|p2a: Pincurchin|80/100|[from] Stealth Rock\n|-fieldstart|move: Electric Terrain|[from] ability: Electric Surge|[of] p2a: Pincurchin\n|turn|14\n|inactive|Time left: 300 sec this turn | 300 sec total\n|\n|t:|1783550419\n|move|p1a: Dudunsparce|Boomburst|p2a: Pincurchin\n|-crit|p2a: Pincurchin\n|-damage|p2a: Pincurchin|17/100\n|move|p2a: Pincurchin|Zing Zap|p1a: Dudunsparce\n|-damage|p1a: Dudunsparce|111/343\n|\n|-heal|p1a: Dudunsparce|132/343|[from] item: Leftovers\n|-heal|p2a: Pincurchin|23/100|[from] item: Leftovers\n|upkeep\n|turn|15\n|inactive|Time left: 300 sec this turn | 300 sec total\n|\n|t:|1783550420\n|move|p1a: Dudunsparce|Boomburst|p2a: Pincurchin\n|-damage|p2a: Pincurchin|0 fnt\n|faint|p2a: Pincurchin\n|\n|-heal|p1a: Dudunsparce|153/343|[from] item: Leftovers\n|upkeep\n|\n|t:|1783550421\n|switch|p2a: Brute Bonnet|Brute Bonnet, L80|100/100\n|-activate|p2a: Brute Bonnet|move: Sticky Web\n|-unboost|p2a: Brute Bonnet|spe|1\n|-damage|p2a: Brute Bonnet|88/100|[from] Stealth Rock\n|turn|16\n|inactive|Time left: 300 sec this turn | 300 sec total\n|\n|t:|1783550422\n|move|p1a: Dudunsparce|Roost|p1a: Dudunsparce\n|-heal|p1a: Dudunsparce|325/343\n|-singleturn|p1a: Dudunsparce|move: Roost\n|move|p2a: Brute Bonnet|Close Combat|p1a: Dudunsparce\n|-supereffective|p1a: Dudunsparce\n|-damage|p1a: Dudunsparce|109/343\n|-unboost|p2a: Brute Bonnet|def|1\n|-unboost|p2a: Brute Bonnet|spd|1\n|\n|-heal|p1a: Dudunsparce|130/343|[from] item: Leftovers\n|-heal|p2a: Brute Bonnet|94/100|[from] item: Leftovers\n|upkeep\n|turn|17\n|inactive|Time left: 300 sec this turn | 300 sec total\n|\n|t:|1783550423\n|move|p1a: Dudunsparce|Boomburst|p2a: Brute Bonnet\n|-damage|p2a: Brute Bonnet|27/100\n|move|p2a: Brute Bonnet|Close Combat|p1a: Dudunsparce\n|-supereffective|p1a: Dudunsparce\n|-damage|p1a: Dudunsparce|0 fnt\n|-unboost|p2a: Brute Bonnet|def|1\n|-unboost|p2a: Brute Bonnet|spd|1\n|faint|p1a: Dudunsparce\n|\n|-heal|p2a: Brute Bonnet|34/100|[from] item: Leftovers\n|upkeep\n|inactive|Time left: 300 sec this turn | 300 sec total | 5 sec grace\n|\n|t:|1783550424\n|switch|p1a: Chesnaught|Chesnaught, L84, F|285/285\n|-activate|p1a: Chesnaught|move: Sticky Web\n|-unboost|p1a: Chesnaught|spe|1\n|turn|18\n|inactive|Time left: 300 sec this turn | 300 sec total\n|\n|t:|1783550425\n|move|p1a: Chesnaught|Iron Defense|p1a: Chesnaught\n|-boost|p1a: Chesnaught|def|2\n|move|p2a: Brute Bonnet|Close Combat|p1a: Chesnaught\n|-damage|p1a: Chesnaught|244/285\n|-unboost|p2a: Brute Bonnet|def|1\n|-unboost|p2a: Brute Bonnet|spd|1\n|\n|-heal|p1a: Chesnaught|261/285|[from] item: Leftovers\n|-heal|p2a: Brute Bonnet|40/100|[from] item: Leftovers\n|-fieldend|move: Electric Terrain\n|upkeep\n|turn|19\n|inactive|Time left: 300 sec this turn | 300 sec total\n|\n|t:|1783550426\n|-terastallize|p2a: Brute Bonnet|Poison\n|move|p2a: Brute Bonnet|Sucker Punch|p1a: Chesnaught\n|-resisted|p1a: Chesnaught\n|-damage|p1a: Chesnaught|245/285\n|move|p1a: Chesnaught|Body Press|p2a: Brute Bonnet\n|-resisted|p2a: Brute Bonnet\n|-damage|p2a: Brute Bonnet|0 fnt\n|faint|p2a: Brute Bonnet\n|-end|p2a: Brute Bonnet|Protosynthesis|[silent]\n|\n|-heal|p1a: Chesnaught|262/285|[from] item: Leftovers\n|upkeep\n|\n|t:|1783550427\n|switch|p2a: Medicham|Medicham, L86, F|46/100\n|-activate|p2a: Medicham|move: Sticky Web\n|-unboost|p2a: Medicham|spe|1\n|-damage|p2a: Medicham|40/100|[from] Stealth Rock\n|turn|20\n|inactive|Time left: 300 sec this turn | 300 sec total\n|\n|t:|1783550428\n|move|p2a: Medicham|Zen Headbutt|p1a: Chesnaught\n|-supereffective|p1a: Chesnaught\n|-damage|p1a: Chesnaught|104/285\n|move|p1a: Chesnaught|Body Press|p2a: Medicham\n|-resisted|p2a: Medicham\n|-damage|p2a: Medicham|0 fnt\n|faint|p2a: Medicham\n|\n|win|p0x905368b", "uploadtime": 1783550428, "views": 0, "rating": 0, "private": 0, "password": null, "_winner": "p0x905368b", "_our_name": "p0x905368b"}