{"id": "battle-gen9randombattle-1325", "formatid": "gen9randombattle", "format": "[Gen 9] Random Battle", "players": ["p0x1325fb34", "p0y1325b86c"], "log": "|init|battle\n|title|p0x1325fb34 vs. p0y1325b86c\n|j|\u2606p0x1325fb34\n|j|\u2606p0y1325b86c\n|t:|1783555381\n|gametype|singles\n|player|p1|p0x1325fb34|101|\n|player|p2|p0y1325b86c|265|\n|gen|9\n|tier|[Gen 9] Random Battle\n|rule|Species Clause: Limit one of each Pok\u00e9mon\n|rule|HP Percentage Mod: HP is shown in percentages\n|rule|Sleep Clause Mod: Limit one foe put to sleep\n|rule|Illusion Level Mod: Illusion disguises the Pok\u00e9mon's true level\n|\n|t:|1783555381\n|teamsize|p1|6\n|teamsize|p2|6\n|start\n|switch|p1a: Froslass|Froslass, L87, F|100/100\n|switch|p2a: Gallade|Gallade, L80, M|240/240\n|turn|1\n|inactive|Battle timer is ON: inactive players will automatically lose when time's up. (requested by p0y1325b86c)\n|inactive|p0x1325fb34 also wants the timer to be on.\n|\n|t:|1783555382\n|-terastallize|p2a: Gallade|Dark\n|move|p1a: Froslass|Will-O-Wisp|p2a: Gallade\n|-status|p2a: Gallade|brn\n|move|p2a: Gallade|Night Slash|p1a: Froslass\n|-supereffective|p1a: Froslass\n|-damage|p1a: Froslass|30/100\n|-damage|p2a: Gallade|216/240 brn|[from] item: Life Orb\n|\n|-damage|p2a: Gallade|201/240 brn|[from] brn\n|upkeep\n|turn|2\n|inactive|Time left: 300 sec this turn | 300 sec total\n|\n|t:|1783555383\n|switch|p1a: Overqwil|Overqwil, L82, M|100/100\n|-ability|p1a: Overqwil|Intimidate|boost\n|-unboost|p2a: Gallade|atk|1\n|move|p2a: Gallade|Psycho Cut|p1a: Overqwil\n|-immune|p1a: Overqwil\n|\n|-damage|p2a: Gallade|186/240 brn|[from] brn\n|upkeep\n|turn|3\n|inactive|Time left: 300 sec this turn | 300 sec total\n|\n|t:|1783555384\n|move|p1a: Overqwil|Swords Dance|p1a: Overqwil\n|-boost|p1a: Overqwil|atk|2\n|move|p2a: Gallade|Agility|p2a: Gallade\n|-boost|p2a: Gallade|spe|2\n|\n|-damage|p2a: Gallade|171/240 brn|[from] brn\n|upkeep\n|turn|4\n|inactive|Time left: 300 sec this turn | 300 sec total\n|\n|t:|1783555385\n|move|p2a: Gallade|Sacred Sword|p1a: Overqwil\n|-damage|p1a: Overqwil|74/100\n|-damage|p2a: Gallade|147/240 brn|[from] item: Life Orb\n|move|p1a: Overqwil|Swords Dance|p1a: Overqwil\n|-boost|p1a: Overqwil|atk|2\n|\n|-damage|p2a: Gallade|132/240 brn|[from] brn\n|upkeep\n|turn|5\n|inactive|Time left: 300 sec this turn | 300 sec total\n|\n|t:|1783555386\n|move|p2a: Gallade|Sacred Sword|p1a: Overqwil\n|-damage|p1a: Overqwil|50/100\n|-damage|p2a: Gallade|108/240 brn|[from] item: Life Orb\n|move|p1a: Overqwil|Scale Shot|p2a: Gallade\n|-damage|p2a: Gallade|26/240 brn\n|-damage|p2a: Gallade|0 fnt\n|faint|p2a: Gallade\n|-hitcount|p2: Gallade|2\n|-unboost|p1a: Overqwil|def|1\n|-boost|p1a: Overqwil|spe|1\n|\n|upkeep\n|inactive|Time left: 300 sec this turn | 300 sec total | 5 sec grace\n|\n|t:|1783555387\n|switch|p2a: Moltres|Moltres-Galar, L79|271/271\n|turn|6\n|inactive|Time left: 300 sec this turn | 300 sec total\n|\n|t:|1783555388\n|switch|p2a: Pecharunt|Pecharunt, L77|262/262\n|move|p1a: Overqwil|Gunk Shot|p2a: Pecharunt\n|-resisted|p2a: Pecharunt\n|-damage|p2a: Pecharunt|190/262\n|\n|upkeep\n|turn|7\n|inactive|Time left: 300 sec this turn | 300 sec total\n|\n|t:|1783555389\n|move|p1a: Overqwil|Crunch|p2a: Pecharunt\n|-supereffective|p2a: Pecharunt\n|-damage|p2a: Pecharunt|0 fnt\n|-damage|p1a: Overqwil|33/100|[from] item: Rocky Helmet|[of] p2a: Pecharunt\n|faint|p2a: Pecharunt\n|\n|upkeep\n|inactive|Time left: 300 sec this turn | 300 sec total | 5 sec grace\n|\n|t:|1783555390\n|switch|p2a: Moltres|Moltres-Galar, L79|271/271\n|turn|8\n|inactive|Time left: 300 sec this turn | 300 sec total\n|\n|t:|1783555391\n|move|p1a: Overqwil|Gunk Shot|p2a: Moltres|[miss]\n|-miss|p1a: Overqwil|p2a: Moltres\n|move|p2a: Moltres|Hurricane|p1a: Overqwil\n|-damage|p1a: Overqwil|0 fnt\n|faint|p1a: Overqwil\n|\n|upkeep\n|\n|t:|1783555392\n|switch|p1a: Froslass|Froslass, L87, F|30/100\n|turn|9\n|inactive|Time left: 300 sec this turn | 300 sec total\n|\n|t:|1783555393\n|-terastallize|p1a: Froslass|Ice\n|move|p1a: Froslass|Triple Axel|p2a: Moltres\n|-supereffective|p2a: Moltres\n|-damage|p2a: Moltres|215/271\n|-enditem|p2a: Moltres|Weakness Policy\n|-boost|p2a: Moltres|atk|2|[from] item: Weakness Policy\n|-boost|p2a: Moltres|spa|2|[from] item: Weakness Policy\n|-supereffective|p2a: Moltres\n|-damage|p2a: Moltres|99/271\n|-supereffective|p2a: Moltres\n|-damage|p2a: Moltres|0 fnt\n|faint|p2a: Moltres\n|-hitcount|p2: Moltres|3\n|\n|upkeep\n|inactive|Time left: 300 sec this turn | 300 sec total | 5 sec grace\n|\n|t:|1783555394\n|switch|p2a: Kyogre|Kyogre, L71|259/259\n|-weather|RainDance|[from] ability: Drizzle|[of] p2a: Kyogre\n|turn|10\n|inactive|Time left: 300 sec this turn | 300 sec total\n|\n|t:|1783555395\n|move|p1a: Froslass|Poltergeist|p2a: Kyogre\n|-activate|p2a: Kyogre|move: Poltergeist|Leftovers\n|-damage|p2a: Kyogre|127/259\n|move|p2a: Kyogre|Calm Mind|p2a: Kyogre\n|-boost|p2a: Kyogre|spa|1\n|-boost|p2a: Kyogre|spd|1\n|\n|-weather|RainDance|[upkeep]\n|-heal|p2a: Kyogre|143/259|[from] item: Leftovers\n|upkeep\n|turn|11\n|inactive|Time left: 300 sec this turn | 300 sec total\n|\n|t:|1783555396\n|move|p1a: Froslass|Poltergeist|p2a: Kyogre\n|-activate|p2a: Kyogre|move: Poltergeist|Leftovers\n|-damage|p2a: Kyogre|16/259\n|move|p2a: Kyogre|Thunder|p1a: Froslass\n|-damage|p1a: Froslass|0 fnt\n|faint|p1a: Froslass\n|\n|-weather|RainDance|[upkeep]\n|-heal|p2a: Kyogre|32/259|[from] item: Leftovers\n|upkeep\n|\n|t:|1783555398\n|switch|p1a: Mismagius|Mismagius, L86, F|100/100\n|turn|12\n|inactive|Time left: 300 sec this turn | 300 sec total\n|\n|t:|1783555399\n|move|p1a: Mismagius|Shadow Ball|p2a: Kyogre\n|-damage|p2a: Kyogre|0 fnt\n|faint|p2a: Kyogre\n|\n|-weather|RainDance|[upkeep]\n|upkeep\n|inactive|Time left: 300 sec this turn | 300 sec total | 5 sec grace\n|\n|t:|1783555400\n|switch|p2a: Cryogonal|Cryogonal, L89|287/287\n|turn|13\n|inactive|Time left: 300 sec this turn | 300 sec total\n|\n|t:|1783555401\n|move|p2a: Cryogonal|Freeze-Dry|p1a: Mismagius\n|-damage|p1a: Mismagius|72/100\n|move|p1a: Mismagius|Shadow Ball|p2a: Cryogonal\n|-damage|p2a: Cryogonal|187/287\n|\n|-weather|RainDance|[upkeep]\n|upkeep\n|turn|14\n|inactive|Time left: 300 sec this turn | 300 sec total\n|\n|t:|1783555402\n|move|p2a: Cryogonal|Recover|p2a: Cryogonal\n|-heal|p2a: Cryogonal|287/287\n|move|p1a: Mismagius|Shadow Ball|p2a: Cryogonal\n|-damage|p2a: Cryogonal|194/287\n|\n|-weather|none\n|upkeep\n|turn|15\n|inactive|Time left: 300 sec this turn | 300 sec total\n|\n|t:|1783555403\n|move|p2a: Cryogonal|Freeze-Dry|p1a: Mismagius\n|-damage|p1a: Mismagius|44/100\n|move|p1a: Mismagius|Shadow Ball|p2a: Cryogonal\n|-damage|p2a: Cryogonal|97/287\n|-unboost|p2a: Cryogonal|spd|1\n|\n|upkeep\n|turn|16\n|inactive|Time left: 300 sec this turn | 300 sec total\n|\n|t:|1783555405\n|move|p2a: Cryogonal|Recover|p2a: Cryogonal\n|-heal|p2a: Cryogonal|241/287\n|move|p1a: Mismagius|Shadow Ball|p2a: Cryogonal\n|-damage|p2a: Cryogonal|100/287\n|\n|upkeep\n|turn|17\n|inactive|Time left: 300 sec this turn | 300 sec total\n|\n|t:|1783555406\n|move|p2a: Cryogonal|Recover|p2a: Cryogonal\n|-heal|p2a: Cryogonal|244/287\n|move|p1a: Mismagius|Shadow Ball|p2a: Cryogonal\n|-damage|p2a: Cryogonal|112/287\n|\n|upkeep\n|turn|18\n|inactive|Time left: 300 sec this turn | 300 sec total\n|\n|t:|1783555407\n|move|p2a: Cryogonal|Recover|p2a: Cryogonal\n|-heal|p2a: Cryogonal|256/287\n|move|p1a: Mismagius|Shadow Ball|p2a: Cryogonal\n|-damage|p2a: Cryogonal|103/287\n|\n|upkeep\n|turn|19\n|inactive|Time left: 300 sec this turn | 300 sec total\n|\n|t:|1783555408\n|move|p2a: Cryogonal|Recover|p2a: Cryogonal\n|-heal|p2a: Cryogonal|247/287\n|move|p1a: Mismagius|Shadow Ball|p2a: Cryogonal\n|-damage|p2a: Cryogonal|97/287\n|-unboost|p2a: Cryogonal|spd|1\n|\n|upkeep\n|turn|20\n|inactive|Time left: 300 sec this turn | 300 sec total\n|\n|t:|1783555410\n|move|p2a: Cryogonal|Recover|p2a: Cryogonal\n|-heal|p2a: Cryogonal|241/287\n|move|p1a: Mismagius|Shadow Ball|p2a: Cryogonal\n|-damage|p2a: Cryogonal|40/287\n|-unboost|p2a: Cryogonal|spd|1\n|\n|upkeep\n|turn|21\n|inactive|Time left: 300 sec this turn | 300 sec total\n|\n|t:|1783555411\n|move|p2a: Cryogonal|Freeze-Dry|p1a: Mismagius\n|-damage|p1a: Mismagius|15/100\n|move|p1a: Mismagius|Shadow Ball|p2a: Cryogonal\n|-damage|p2a: Cryogonal|0 fnt\n|faint|p2a: Cryogonal\n|\n|upkeep\n|inactive|Time left: 300 sec this turn | 300 sec total | 5 sec grace\n|\n|t:|1783555412\n|switch|p2a: Swanna|Swanna, L89, F|278/278\n|turn|22\n|inactive|Time left: 300 sec this turn | 300 sec total\n|\n|t:|1783555413\n|move|p1a: Mismagius|Shadow Ball|p2a: Swanna\n|-damage|p2a: Swanna|112/278\n|-unboost|p2a: Swanna|spd|1\n|move|p2a: Swanna|Roost|p2a: Swanna\n|-heal|p2a: Swanna|251/278\n|-singleturn|p2a: Swanna|move: Roost\n|\n|upkeep\n|turn|23\n|inactive|Time left: 300 sec this turn | 300 sec total\n|\n|t:|1783555414\n|move|p1a: Mismagius|Shadow Ball|p2a: Swanna\n|-damage|p2a: Swanna|0 fnt\n|faint|p2a: Swanna\n|\n|win|p0x1325fb34", "uploadtime": 1783555414, "views": 0, "rating": 0, "private": 0, "password": null, "_winner": "p0x1325fb34", "_our_name": "p0y1325b86c"}