{"id": "battle-gen9randombattle-1867", "formatid": "gen9randombattle", "format": "[Gen 9] Random Battle", "players": ["p0x18671f70", "p0y186761bd"], "log": "|init|battle\n|title|p0x18671f70 vs. p0y186761bd\n|j|\u2606p0x18671f70\n|j|\u2606p0y186761bd\n|t:|1783561617\n|gametype|singles\n|player|p1|p0x18671f70|170|\n|player|p2|p0y186761bd|265|\n|gen|9\n|tier|[Gen 9] Random Battle\n|rule|Species Clause: Limit one of each Pok\u00e9mon\n|rule|HP Percentage Mod: HP is shown in percentages\n|rule|Sleep Clause Mod: Limit one foe put to sleep\n|rule|Illusion Level Mod: Illusion disguises the Pok\u00e9mon's true level\n|\n|t:|1783561617\n|teamsize|p1|6\n|teamsize|p2|6\n|start\n|switch|p1a: Toxicroak|Toxicroak, L84, M|277/277\n|switch|p2a: Umbreon|Umbreon, L84, M|100/100\n|turn|1\n|inactive|Battle timer is ON: inactive players will automatically lose when time's up. (requested by p0x18671f70)\n|inactive|p0y186761bd also wants the timer to be on.\n|\n|t:|1783561618\n|switch|p2a: Spiritomb|Spiritomb, L89, M|100/100\n|move|p1a: Toxicroak|Gunk Shot|p2a: Spiritomb\n|-resisted|p2a: Spiritomb\n|-damage|p2a: Spiritomb|69/100\n|-status|p2a: Spiritomb|psn\n|-damage|p1a: Toxicroak|250/277|[from] item: Life Orb\n|\n|-heal|p2a: Spiritomb|75/100 psn|[from] item: Leftovers\n|-damage|p2a: Spiritomb|62/100 psn|[from] psn\n|upkeep\n|turn|2\n|inactive|Time left: 300 sec this turn | 300 sec total\n|\n|t:|1783561619\n|move|p1a: Toxicroak|Swords Dance|p1a: Toxicroak\n|-boost|p1a: Toxicroak|atk|2\n|move|p2a: Spiritomb|Pain Split|p1a: Toxicroak\n|-sethp|p1a: Toxicroak|197/277|[from] move: Pain Split|[silent]\n|-sethp|p2a: Spiritomb|85/100 psn|[from] move: Pain Split\n|\n|-heal|p2a: Spiritomb|91/100 psn|[from] item: Leftovers\n|-damage|p2a: Spiritomb|78/100 psn|[from] psn\n|upkeep\n|turn|3\n|inactive|Time left: 300 sec this turn | 300 sec total\n|\n|t:|1783561620\n|move|p1a: Toxicroak|Gunk Shot|p2a: Spiritomb\n|-resisted|p2a: Spiritomb\n|-crit|p2a: Spiritomb\n|-damage|p2a: Spiritomb|0 fnt\n|faint|p2a: Spiritomb\n|-damage|p1a: Toxicroak|170/277|[from] item: Life Orb\n|\n|upkeep\n|\n|t:|1783561621\n|switch|p2a: Umbreon|Umbreon, L84, M|100/100\n|turn|4\n|inactive|Time left: 300 sec this turn | 300 sec total\n|\n|t:|1783561622\n|-terastallize|p2a: Umbreon|Poison\n|move|p1a: Toxicroak|Gunk Shot|p2a: Umbreon\n|-resisted|p2a: Umbreon\n|-damage|p2a: Umbreon|55/100\n|-damage|p1a: Toxicroak|143/277|[from] item: Life Orb\n|move|p2a: Umbreon|Foul Play|p1a: Toxicroak\n|-resisted|p1a: Toxicroak\n|-damage|p1a: Toxicroak|3/277\n|\n|-heal|p2a: Umbreon|61/100|[from] item: Leftovers\n|upkeep\n|turn|5\n|inactive|Time left: 300 sec this turn | 300 sec total\n|\n|t:|1783561623\n|move|p2a: Umbreon|Protect|p2a: Umbreon\n|-singleturn|p2a: Umbreon|Protect\n|move|p1a: Toxicroak|Gunk Shot|p2a: Umbreon\n|-activate|p2a: Umbreon|move: Protect\n|\n|-heal|p2a: Umbreon|67/100|[from] item: Leftovers\n|upkeep\n|turn|6\n|inactive|Time left: 300 sec this turn | 300 sec total\n|\n|t:|1783561624\n|move|p1a: Toxicroak|Gunk Shot|p2a: Umbreon\n|-resisted|p2a: Umbreon\n|-damage|p2a: Umbreon|20/100\n|-damage|p1a: Toxicroak|0 fnt|[from] item: Life Orb\n|faint|p1a: Toxicroak\n|move|p2a: Umbreon|Wish|p2a: Umbreon\n|\n|-heal|p2a: Umbreon|26/100|[from] item: Leftovers\n|upkeep\n|inactive|Time left: 300 sec this turn | 300 sec total | 5 sec grace\n|\n|t:|1783561625\n|switch|p1a: Salamence|Salamence, L77, F|273/273\n|-ability|p1a: Salamence|Intimidate|boost\n|-unboost|p2a: Umbreon|atk|1\n|turn|7\n|inactive|Time left: 300 sec this turn | 300 sec total\n|\n|t:|1783561626\n|move|p2a: Umbreon|Protect|p2a: Umbreon\n|-singleturn|p2a: Umbreon|Protect\n|move|p1a: Salamence|Dragon Dance|p1a: Salamence\n|-boost|p1a: Salamence|atk|1\n|-boost|p1a: Salamence|spe|1\n|\n|-heal|p2a: Umbreon|76/100|[from] move: Wish|[wisher] Umbreon\n|-heal|p2a: Umbreon|82/100|[from] item: Leftovers\n|upkeep\n|turn|8\n|inactive|Time left: 300 sec this turn | 300 sec total\n|\n|t:|1783561627\n|move|p1a: Salamence|Outrage|p2a: Umbreon\n|-damage|p2a: Umbreon|21/100\n|move|p2a: Umbreon|Foul Play|p1a: Salamence\n|-damage|p1a: Salamence|63/273\n|\n|-heal|p2a: Umbreon|27/100|[from] item: Leftovers\n|upkeep\n|turn|9\n|inactive|Time left: 300 sec this turn | 300 sec total\n|\n|t:|1783561628\n|move|p2a: Umbreon|Protect|p2a: Umbreon\n|-singleturn|p2a: Umbreon|Protect\n|move|p1a: Salamence|Outrage|p2a: Umbreon|[from] lockedmove\n|-activate|p2a: Umbreon|move: Protect\n|\n|-heal|p2a: Umbreon|33/100|[from] item: Leftovers\n|upkeep\n|turn|10\n|inactive|Time left: 300 sec this turn | 300 sec total\n|\n|t:|1783561629\n|move|p2a: Umbreon|Protect||[still]\n|-fail|p2a: Umbreon\n|move|p1a: Salamence|Outrage|p2a: Umbreon\n|-damage|p2a: Umbreon|0 fnt\n|faint|p2a: Umbreon\n|\n|upkeep\n|\n|t:|1783561630\n|switch|p2a: Samurott|Samurott, L88, M|100/100\n|turn|11\n|inactive|Time left: 300 sec this turn | 300 sec total\n|\n|t:|1783561631\n|move|p1a: Salamence|Outrage|p2a: Samurott|[from] lockedmove\n|-damage|p2a: Samurott|32/100\n|-start|p1a: Salamence|confusion|[fatigue]\n|move|p2a: Samurott|Liquidation|p1a: Salamence\n|-resisted|p1a: Salamence\n|-damage|p1a: Salamence|0 fnt\n|faint|p1a: Salamence\n|-damage|p2a: Samurott|22/100|[from] item: Life Orb\n|\n|upkeep\n|inactive|Time left: 300 sec this turn | 300 sec total | 5 sec grace\n|\n|t:|1783561632\n|switch|p1a: Tsareena|Tsareena, L87, F|267/267\n|turn|12\n|inactive|Time left: 300 sec this turn | 300 sec total\n|\n|t:|1783561634\n|switch|p2a: Gogoat|Gogoat, L88, F|100/100\n|move|p1a: Tsareena|Power Whip|p2a: Gogoat\n|-ability|p2a: Gogoat|Sap Sipper|boost\n|-boost|p2a: Gogoat|atk|1\n|\n|upkeep\n|turn|13\n|inactive|Time left: 300 sec this turn | 300 sec total\n|\n|t:|1783561635\n|move|p1a: Tsareena|Rapid Spin|p2a: Gogoat\n|-damage|p2a: Gogoat|84/100\n|-boost|p1a: Tsareena|spe|1\n|move|p2a: Gogoat|Bulk Up|p2a: Gogoat\n|-boost|p2a: Gogoat|atk|1\n|-boost|p2a: Gogoat|def|1\n|\n|-heal|p2a: Gogoat|90/100|[from] item: Leftovers\n|upkeep\n|turn|14\n|inactive|Time left: 300 sec this turn | 300 sec total\n|\n|t:|1783561636\n|move|p1a: Tsareena|Rapid Spin|p2a: Gogoat\n|-damage|p2a: Gogoat|80/100\n|-boost|p1a: Tsareena|spe|1\n|move|p2a: Gogoat|Bulk Up|p2a: Gogoat\n|-boost|p2a: Gogoat|atk|1\n|-boost|p2a: Gogoat|def|1\n|\n|-heal|p2a: Gogoat|86/100|[from] item: Leftovers\n|upkeep\n|turn|15\n|inactive|Time left: 300 sec this turn | 300 sec total\n|\n|t:|1783561637\n|move|p1a: Tsareena|Rapid Spin|p2a: Gogoat\n|-damage|p2a: Gogoat|79/100\n|-boost|p1a: Tsareena|spe|1\n|move|p2a: Gogoat|Horn Leech|p1a: Tsareena\n|-resisted|p1a: Tsareena\n|-damage|p1a: Tsareena|165/267\n|-heal|p2a: Gogoat|93/100|[from] drain|[of] p1a: Tsareena\n|\n|-heal|p2a: Gogoat|99/100|[from] item: Leftovers\n|upkeep\n|turn|16\n|inactive|Time left: 300 sec this turn | 300 sec total\n|\n|t:|1783561638\n|move|p1a: Tsareena|Rapid Spin|p2a: Gogoat\n|-damage|p2a: Gogoat|91/100\n|-boost|p1a: Tsareena|spe|1\n|move|p2a: Gogoat|Horn Leech|p1a: Tsareena\n|-resisted|p1a: Tsareena\n|-damage|p1a: Tsareena|62/267\n|-heal|p2a: Gogoat|100/100|[from] drain|[of] p1a: Tsareena\n|\n|upkeep\n|turn|17\n|inactive|Time left: 300 sec this turn | 300 sec total\n|\n|t:|1783561639\n|move|p1a: Tsareena|U-turn|p2a: Gogoat\n|-supereffective|p2a: Gogoat\n|-damage|p2a: Gogoat|79/100\n|inactive|Time left: 300 sec this turn | 300 sec total | 5 sec grace\n|\n|t:|1783561640\n|switch|p1a: Cacturne|Cacturne, L92, M|278/278|[from] U-turn\n|move|p2a: Gogoat|Horn Leech|p1a: Cacturne\n|-resisted|p1a: Cacturne\n|-damage|p1a: Cacturne|137/278\n|-heal|p2a: Gogoat|99/100|[from] drain|[of] p1a: Cacturne\n|\n|-heal|p2a: Gogoat|100/100|[from] item: Leftovers\n|upkeep\n|turn|18\n|inactive|Time left: 300 sec this turn | 300 sec total\n|\n|t:|1783561641\n|switch|p1a: Tsareena|Tsareena, L87, F|62/267\n|move|p2a: Gogoat|Horn Leech|p1a: Tsareena\n|-resisted|p1a: Tsareena\n|-damage|p1a: Tsareena|0 fnt\n|faint|p1a: Tsareena\n|\n|upkeep\n|inactive|Time left: 300 sec this turn | 300 sec total | 5 sec grace\n|\n|t:|1783561642\n|switch|p1a: Dusknoir|Dusknoir, L89, M|225/225\n|-item|p2a: Gogoat|Leftovers|[from] ability: Frisk|[of] p1a: Dusknoir\n|turn|19\n|inactive|Time left: 300 sec this turn | 300 sec total\n|\n|t:|1783561643\n|move|p2a: Gogoat|Horn Leech|p1a: Dusknoir\n|-damage|p1a: Dusknoir|66/225\n|move|p1a: Dusknoir|Pain Split|p2a: Gogoat\n|-sethp|p2a: Gogoat|60/100|[from] move: Pain Split|[silent]\n|-sethp|p1a: Dusknoir|213/225|[from] move: Pain Split\n|\n|-heal|p2a: Gogoat|66/100|[from] item: Leftovers\n|-heal|p1a: Dusknoir|225/225|[from] item: Leftovers\n|upkeep\n|turn|20\n|inactive|Time left: 300 sec this turn | 300 sec total\n|\n|t:|1783561645\n|move|p2a: Gogoat|Horn Leech|p1a: Dusknoir\n|-damage|p1a: Dusknoir|65/225\n|-heal|p2a: Gogoat|88/100|[from] drain|[of] p1a: Dusknoir\n|move|p1a: Dusknoir|Pain Split|p2a: Gogoat\n|-sethp|p2a: Gogoat|53/100|[from] move: Pain Split|[silent]\n|-sethp|p1a: Dusknoir|190/225|[from] move: Pain Split\n|\n|-heal|p2a: Gogoat|59/100|[from] item: Leftovers\n|-heal|p1a: Dusknoir|204/225|[from] item: Leftovers\n|upkeep\n|turn|21\n|inactive|Time left: 300 sec this turn | 300 sec total\n|\n|t:|1783561646\n|move|p2a: Gogoat|Horn Leech|p1a: Dusknoir\n|-damage|p1a: Dusknoir|41/225\n|-heal|p2a: Gogoat|82/100|[from] drain|[of] p1a: Dusknoir\n|move|p1a: Dusknoir|Pain Split|p2a: Gogoat\n|-sethp|p2a: Gogoat|47/100|[from] move: Pain Split|[silent]\n|-sethp|p1a: Dusknoir|167/225|[from] move: Pain Split\n|\n|-heal|p2a: Gogoat|53/100|[from] item: Leftovers\n|-heal|p1a: Dusknoir|181/225|[from] item: Leftovers\n|upkeep\n|turn|22\n|inactive|Time left: 300 sec this turn | 300 sec total\n|\n|t:|1783561647\n|move|p2a: Gogoat|Horn Leech|p1a: Dusknoir\n|-damage|p1a: Dusknoir|31/225\n|-heal|p2a: Gogoat|74/100|[from] drain|[of] p1a: Dusknoir\n|move|p1a: Dusknoir|Pain Split|p2a: Gogoat\n|-sethp|p2a: Gogoat|41/100|[from] move: Pain Split|[silent]\n|-sethp|p1a: Dusknoir|147/225|[from] move: Pain Split\n|\n|-heal|p2a: Gogoat|47/100|[from] item: Leftovers\n|-heal|p1a: Dusknoir|161/225|[from] item: Leftovers\n|upkeep\n|turn|23\n|inactive|Time left: 300 sec this turn | 300 sec total\n|\n|t:|1783561648\n|move|p2a: Gogoat|Horn Leech|p1a: Dusknoir\n|-damage|p1a: Dusknoir|13/225\n|-heal|p2a: Gogoat|68/100|[from] drain|[of] p1a: Dusknoir\n|move|p1a: Dusknoir|Pain Split|p2a: Gogoat\n|-sethp|p2a: Gogoat|36/100|[from] move: Pain Split|[silent]\n|-sethp|p1a: Dusknoir|128/225|[from] move: Pain Split\n|\n|-heal|p2a: Gogoat|42/100|[from] item: Leftovers\n|-heal|p1a: Dusknoir|142/225|[from] item: Leftovers\n|upkeep\n|turn|24\n|inactive|Time left: 300 sec this turn | 300 sec total\n|\n|t:|1783561649\n|move|p2a: Gogoat|Horn Leech|p1a: Dusknoir\n|-damage|p1a: Dusknoir|3/225\n|-heal|p2a: Gogoat|62/100|[from] drain|[of] p1a: Dusknoir\n|move|p1a: Dusknoir|Poltergeist|p2a: Gogoat\n|-activate|p2a: Gogoat|move: Poltergeist|Leftovers\n|-damage|p2a: Gogoat|37/100\n|\n|-heal|p2a: Gogoat|43/100|[from] item: Leftovers\n|-heal|p1a: Dusknoir|17/225|[from] item: Leftovers\n|upkeep\n|turn|25\n|inactive|Time left: 300 sec this turn | 300 sec total\n|\n|t:|1783561650\n|move|p2a: Gogoat|Horn Leech|p1a: Dusknoir\n|-damage|p1a: Dusknoir|0 fnt\n|-heal|p2a: Gogoat|45/100|[from] drain|[of] p1a: Dusknoir\n|faint|p1a: Dusknoir\n|\n|-heal|p2a: Gogoat|51/100|[from] item: Leftovers\n|upkeep\n|inactive|Time left: 300 sec this turn | 300 sec total | 5 sec grace\n|\n|t:|1783561651\n|switch|p1a: Cacturne|Cacturne, L92, M|137/278\n|turn|26\n|inactive|Time left: 300 sec this turn | 300 sec total\n|\n|t:|1783561652\n|move|p2a: Gogoat|Milk Drink|p2a: Gogoat\n|-heal|p2a: Gogoat|100/100\n|move|p1a: Cacturne|Swords Dance|p1a: Cacturne\n|-boost|p1a: Cacturne|atk|2\n|\n|upkeep\n|turn|27\n|inactive|Time left: 300 sec this turn | 300 sec total\n|\n|t:|1783561652\n|move|p2a: Gogoat|Rock Slide|p1a: Cacturne\n|-damage|p1a: Cacturne|0 fnt\n|faint|p1a: Cacturne\n|\n|upkeep\n|inactive|Time left: 300 sec this turn | 300 sec total | 5 sec grace\n|\n|t:|1783561653\n|switch|p1a: Comfey|Comfey, L85, F|225/225\n|turn|28\n|inactive|Time left: 300 sec this turn | 300 sec total\n|\n|t:|1783561654\n|move|p1a: Comfey|Synthesis|p1a: Comfey\n|-fail|p1a: Comfey|heal\n|move|p2a: Gogoat|Horn Leech|p1a: Comfey\n|-damage|p1a: Comfey|2/225\n|\n|-heal|p1a: Comfey|16/225|[from] item: Leftovers\n|upkeep\n|turn|29\n|inactive|Time left: 300 sec this turn | 300 sec total\n|\n|t:|1783561655\n|-terastallize|p1a: Comfey|Ground\n|move|p1a: Comfey|Synthesis|p1a: Comfey\n|-heal|p1a: Comfey|128/225\n|move|p2a: Gogoat|Horn Leech|p1a: Comfey\n|-supereffective|p1a: Comfey\n|-damage|p1a: Comfey|0 fnt\n|faint|p1a: Comfey\n|\n|win|p0y186761bd", "uploadtime": 1783561655, "views": 0, "rating": 0, "private": 0, "password": null, "_winner": "p0y186761bd", "_our_name": "p0x18671f70"}