{"id": "battle-gen9randombattle-611", "formatid": "gen9randombattle", "format": "[Gen 9] Random Battle", "players": ["p0x61133da", "p0y611791d"], "log": "|init|battle\n|title|p0x61133da vs. p0y611791d\n|j|\u2606p0x61133da\n|j|\u2606p0y611791d\n|t:|1783546910\n|gametype|singles\n|player|p1|p0x61133da|266|\n|player|p2|p0y611791d|101|\n|gen|9\n|tier|[Gen 9] Random Battle\n|rule|Species Clause: Limit one of each Pok\u00e9mon\n|rule|HP Percentage Mod: HP is shown in percentages\n|rule|Sleep Clause Mod: Limit one foe put to sleep\n|rule|Illusion Level Mod: Illusion disguises the Pok\u00e9mon's true level\n|\n|t:|1783546910\n|teamsize|p1|6\n|teamsize|p2|6\n|start\n|switch|p1a: Incineroar|Incineroar, L82, F|100/100\n|switch|p2a: Houndoom|Houndoom, L87, M|272/272\n|-ability|p1a: Incineroar|Intimidate|boost\n|-unboost|p2a: Houndoom|atk|1\n|turn|1\n|inactive|Battle timer is ON: inactive players will automatically lose when time's up. (requested by p0x61133da)\n|inactive|Time left: 300 sec this turn | 300 sec total | 60 sec grace\n|\n|t:|1783546911\n|move|p2a: Houndoom|Nasty Plot|p2a: Houndoom\n|-boost|p2a: Houndoom|spa|2\n|move|p1a: Incineroar|Knock Off|p2a: Houndoom\n|-resisted|p2a: Houndoom\n|-damage|p2a: Houndoom|194/272\n|-enditem|p2a: Houndoom|Heavy-Duty Boots|[from] move: Knock Off|[of] p1a: Incineroar\n|\n|upkeep\n|turn|2\n|inactive|Time left: 300 sec this turn | 300 sec total\n|inactive|p0y611791d also wants the timer to be on.\n|\n|t:|1783546912\n|move|p2a: Houndoom|Sludge Bomb|p1a: Incineroar\n|-damage|p1a: Incineroar|45/100\n|-status|p1a: Incineroar|psn\n|move|p1a: Incineroar|Trailblaze|p2a: Houndoom\n|-resisted|p2a: Houndoom\n|-damage|p2a: Houndoom|165/272\n|-boost|p1a: Incineroar|spe|1\n|\n|-damage|p1a: Incineroar|32/100 psn|[from] psn\n|upkeep\n|turn|3\n|inactive|Time left: 300 sec this turn | 300 sec total\n|\n|t:|1783546913\n|move|p1a: Incineroar|Knock Off|p2a: Houndoom\n|-resisted|p2a: Houndoom\n|-damage|p2a: Houndoom|110/272\n|move|p2a: Houndoom|Fire Blast|p1a: Incineroar\n|-resisted|p1a: Incineroar\n|-damage|p1a: Incineroar|0 fnt\n|faint|p1a: Incineroar\n|\n|upkeep\n|\n|t:|1783546914\n|switch|p1a: Zacian|Zacian, L69|100/100\n|-ability|p1a: Zacian|Intrepid Sword|boost\n|-boost|p1a: Zacian|atk|1\n|turn|4\n|inactive|Time left: 300 sec this turn | 300 sec total\n|\n|t:|1783546915\n|move|p1a: Zacian|Play Rough|p2a: Houndoom\n|-damage|p2a: Houndoom|0 fnt\n|faint|p2a: Houndoom\n|-damage|p1a: Zacian|91/100|[from] item: Life Orb\n|\n|upkeep\n|inactive|Time left: 300 sec this turn | 300 sec total | 5 sec grace\n|\n|t:|1783546916\n|switch|p2a: Pyroar|Pyroar, L88, F|295/295\n|-ability|p2a: Pyroar|Unnerve\n|turn|5\n|inactive|Time left: 300 sec this turn | 300 sec total\n|\n|t:|1783546917\n|move|p2a: Pyroar|Will-O-Wisp|p1a: Zacian\n|-status|p1a: Zacian|brn\n|move|p1a: Zacian|Close Combat|p2a: Pyroar\n|-supereffective|p2a: Pyroar\n|-damage|p2a: Pyroar|139/295\n|-unboost|p1a: Zacian|def|1\n|-unboost|p1a: Zacian|spd|1\n|-damage|p1a: Zacian|81/100 brn|[from] item: Life Orb\n|\n|-damage|p1a: Zacian|74/100 brn|[from] brn\n|upkeep\n|turn|6\n|inactive|Time left: 300 sec this turn | 300 sec total\n|\n|t:|1783546918\n|move|p2a: Pyroar|Fire Blast|p1a: Zacian|[miss]\n|-miss|p2a: Pyroar|p1a: Zacian\n|move|p1a: Zacian|Close Combat|p2a: Pyroar\n|-supereffective|p2a: Pyroar\n|-damage|p2a: Pyroar|0 fnt\n|-unboost|p1a: Zacian|def|1\n|-unboost|p1a: Zacian|spd|1\n|faint|p2a: Pyroar\n|-damage|p1a: Zacian|64/100 brn|[from] item: Life Orb\n|\n|-damage|p1a: Zacian|58/100 brn|[from] brn\n|upkeep\n|inactive|Time left: 300 sec this turn | 300 sec total | 5 sec grace\n|\n|t:|1783546919\n|switch|p2a: Gothitelle|Gothitelle, L90, M|272/272\n|turn|7\n|inactive|Time left: 300 sec this turn | 300 sec total\n|\n|t:|1783546920\n|move|p2a: Gothitelle|Psychic|p1a: Zacian\n|-damage|p1a: Zacian|0 fnt\n|faint|p1a: Zacian\n|\n|upkeep\n|\n|t:|1783546921\n|switch|p1a: Hydreigon|Hydreigon, L79, M|100/100\n|turn|8\n|inactive|Time left: 300 sec this turn | 300 sec total\n|\n|t:|1783546922\n|switch|p2a: Keldeo|Keldeo-Resolute, L79|273/273\n|move|p1a: Hydreigon|Nasty Plot|p1a: Hydreigon\n|-boost|p1a: Hydreigon|spa|2\n|\n|upkeep\n|turn|9\n|inactive|Time left: 300 sec this turn | 300 sec total\n|\n|t:|1783546923\n|move|p2a: Keldeo|Secret Sword|p1a: Hydreigon\n|-supereffective|p1a: Hydreigon\n|-damage|p1a: Hydreigon|9/100\n|-damage|p2a: Keldeo|246/273|[from] item: Life Orb\n|move|p1a: Hydreigon|Draco Meteor|p2a: Keldeo\n|-damage|p2a: Keldeo|0 fnt\n|-unboost|p1a: Hydreigon|spa|2\n|faint|p2a: Keldeo\n|-damage|p1a: Hydreigon|0 fnt|[from] item: Life Orb\n|faint|p1a: Hydreigon\n|\n|upkeep\n|inactive|Time left: 300 sec this turn | 300 sec total | 5 sec grace\n|\n|t:|1783546924\n|switch|p2a: Gothitelle|Gothitelle, L90, M|272/272\n|switch|p1a: Arboliva|Arboliva, L91, F|100/100\n|turn|10\n|inactive|Time left: 300 sec this turn | 300 sec total\n|\n|t:|1783546925\n|move|p2a: Gothitelle|Psychic|p1a: Arboliva\n|-damage|p1a: Arboliva|71/100\n|-fieldstart|move: Grassy Terrain|[from] ability: Seed Sower|[of] p1a: Arboliva\n|move|p1a: Arboliva|Hyper Voice|p2a: Gothitelle\n|-damage|p2a: Gothitelle|157/272\n|\n|-heal|p2a: Gothitelle|174/272|[from] Grassy Terrain\n|-heal|p1a: Arboliva|77/100|[from] Grassy Terrain\n|-heal|p1a: Arboliva|84/100|[from] item: Leftovers\n|upkeep\n|turn|11\n|inactive|Time left: 300 sec this turn | 300 sec total\n|\n|t:|1783546927\n|move|p2a: Gothitelle|Psychic|p1a: Arboliva\n|-damage|p1a: Arboliva|55/100\n|move|p1a: Arboliva|Energy Ball|p2a: Gothitelle\n|-damage|p2a: Gothitelle|32/272\n|\n|-heal|p2a: Gothitelle|49/272|[from] Grassy Terrain\n|-heal|p1a: Arboliva|62/100|[from] Grassy Terrain\n|-heal|p1a: Arboliva|68/100|[from] item: Leftovers\n|upkeep\n|turn|12\n|inactive|Time left: 300 sec this turn | 300 sec total\n|\n|t:|1783546928\n|move|p2a: Gothitelle|Psychic|p1a: Arboliva\n|-damage|p1a: Arboliva|38/100\n|move|p1a: Arboliva|Strength Sap|p2a: Gothitelle\n|-unboost|p2a: Gothitelle|atk|1\n|-heal|p1a: Arboliva|74/100\n|\n|-heal|p2a: Gothitelle|66/272|[from] Grassy Terrain\n|-heal|p1a: Arboliva|80/100|[from] Grassy Terrain\n|-heal|p1a: Arboliva|86/100|[from] item: Leftovers\n|upkeep\n|turn|13\n|inactive|Time left: 300 sec this turn | 300 sec total\n|\n|t:|1783546929\n|switch|p2a: Zarude|Zarude-Dada, L77|288/288\n|move|p1a: Arboliva|Energy Ball|p2a: Zarude\n|-resisted|p2a: Zarude\n|-damage|p2a: Zarude|204/288\n|\n|-heal|p2a: Zarude|222/288|[from] Grassy Terrain\n|-heal|p1a: Arboliva|92/100|[from] Grassy Terrain\n|-heal|p1a: Arboliva|98/100|[from] item: Leftovers\n|upkeep\n|turn|14\n|inactive|Time left: 300 sec this turn | 300 sec total\n|\n|t:|1783546930\n|move|p2a: Zarude|Swords Dance|p2a: Zarude\n|-boost|p2a: Zarude|atk|2\n|move|p1a: Arboliva|Hyper Voice|p2a: Zarude\n|-damage|p2a: Zarude|83/288\n|\n|-heal|p2a: Zarude|101/288|[from] Grassy Terrain\n|-heal|p1a: Arboliva|100/100|[from] Grassy Terrain\n|-fieldend|move: Grassy Terrain\n|upkeep\n|turn|15\n|inactive|Time left: 300 sec this turn | 300 sec total\n|\n|t:|1783546932\n|switch|p1a: Hawlucha|Hawlucha, L80, M|100/100\n|move|p2a: Zarude|Close Combat|p1a: Hawlucha\n|-resisted|p1a: Hawlucha\n|-damage|p1a: Hawlucha|50/100\n|-unboost|p2a: Zarude|def|1\n|-unboost|p2a: Zarude|spd|1\n|-damage|p2a: Zarude|73/288|[from] item: Life Orb\n|\n|upkeep\n|turn|16\n|inactive|Time left: 300 sec this turn | 300 sec total\n|\n|t:|1783546933\n|switch|p2a: Comfey|Comfey, L85, F|225/225\n|move|p1a: Hawlucha|Acrobatics|p2a: Comfey\n|-damage|p2a: Comfey|177/225\n|\n|-heal|p2a: Comfey|191/225|[from] item: Leftovers\n|upkeep\n|turn|17\n|inactive|Time left: 300 sec this turn | 300 sec total\n|\n|t:|1783546934\n|switch|p1a: Jirachi|Jirachi, L80|100/100\n|move|p2a: Comfey|Calm Mind|p2a: Comfey\n|-boost|p2a: Comfey|spa|1\n|-boost|p2a: Comfey|spd|1\n|\n|-heal|p2a: Comfey|205/225|[from] item: Leftovers\n|upkeep\n|turn|18\n|inactive|Time left: 300 sec this turn | 300 sec total\n|\n|t:|1783546935\n|-terastallize|p2a: Comfey|Poison\n|move|p2a: Comfey|Calm Mind|p2a: Comfey\n|-boost|p2a: Comfey|spa|1\n|-boost|p2a: Comfey|spd|1\n|move|p1a: Jirachi|Iron Head|p2a: Comfey\n|-damage|p2a: Comfey|132/225\n|\n|-heal|p2a: Comfey|146/225|[from] item: Leftovers\n|upkeep\n|turn|19\n|inactive|Time left: 300 sec this turn | 300 sec total\n|\n|t:|1783546936\n|move|p2a: Comfey|Calm Mind|p2a: Comfey\n|-boost|p2a: Comfey|spa|1\n|-boost|p2a: Comfey|spd|1\n|move|p1a: Jirachi|Body Slam|p2a: Comfey\n|-damage|p2a: Comfey|93/225\n|-status|p2a: Comfey|par\n|\n|-heal|p2a: Comfey|107/225 par|[from] item: Leftovers\n|upkeep\n|turn|20\n|inactive|Time left: 300 sec this turn | 300 sec total\n|\n|t:|1783546937\n|move|p2a: Comfey|Draining Kiss|p1a: Jirachi\n|-resisted|p1a: Jirachi\n|-damage|p1a: Jirachi|82/100\n|-heal|p2a: Comfey|147/225 par|[from] drain|[of] p1a: Jirachi\n|move|p1a: Jirachi|Iron Head|p2a: Comfey\n|-damage|p2a: Comfey|68/225 par\n|\n|-heal|p1a: Jirachi|88/100|[from] item: Leftovers\n|-heal|p2a: Comfey|82/225 par|[from] item: Leftovers\n|upkeep\n|turn|21\n|inactive|Time left: 300 sec this turn | 300 sec total\n|\n|t:|1783546939\n|move|p2a: Comfey|Draining Kiss|p1a: Jirachi\n|-resisted|p1a: Jirachi\n|-damage|p1a: Jirachi|68/100\n|-heal|p2a: Comfey|126/225 par|[from] drain|[of] p1a: Jirachi\n|move|p1a: Jirachi|Iron Head|p2a: Comfey\n|-damage|p2a: Comfey|53/225 par\n|\n|-heal|p1a: Jirachi|74/100|[from] item: Leftovers\n|-heal|p2a: Comfey|67/225 par|[from] item: Leftovers\n|upkeep\n|turn|22\n|inactive|Time left: 300 sec this turn | 300 sec total\n|\n|t:|1783546940\n|move|p2a: Comfey|Draining Kiss|p1a: Jirachi\n|-resisted|p1a: Jirachi\n|-damage|p1a: Jirachi|56/100\n|-heal|p2a: Comfey|108/225 par|[from] drain|[of] p1a: Jirachi\n|move|p1a: Jirachi|Iron Head|p2a: Comfey\n|-damage|p2a: Comfey|35/225 par\n|\n|-heal|p1a: Jirachi|62/100|[from] item: Leftovers\n|-heal|p2a: Comfey|49/225 par|[from] item: Leftovers\n|upkeep\n|turn|23\n|inactive|Time left: 300 sec this turn | 300 sec total\n|\n|t:|1783546941\n|move|p2a: Comfey|Draining Kiss|p1a: Jirachi\n|-resisted|p1a: Jirachi\n|-damage|p1a: Jirachi|42/100\n|-heal|p2a: Comfey|92/225 par|[from] drain|[of] p1a: Jirachi\n|move|p1a: Jirachi|Iron Head|p2a: Comfey\n|-damage|p2a: Comfey|13/225 par\n|\n|-heal|p1a: Jirachi|49/100|[from] item: Leftovers\n|-heal|p2a: Comfey|27/225 par|[from] item: Leftovers\n|upkeep\n|turn|24\n|inactive|Time left: 300 sec this turn | 300 sec total\n|\n|t:|1783546942\n|move|p2a: Comfey|Draining Kiss|p1a: Jirachi\n|-resisted|p1a: Jirachi\n|-damage|p1a: Jirachi|28/100\n|-heal|p2a: Comfey|73/225 par|[from] drain|[of] p1a: Jirachi\n|move|p1a: Jirachi|Iron Head|p2a: Comfey\n|-damage|p2a: Comfey|0 fnt\n|faint|p2a: Comfey\n|\n|-heal|p1a: Jirachi|34/100|[from] item: Leftovers\n|upkeep\n|inactive|Time left: 300 sec this turn | 300 sec total | 5 sec grace\n|\n|t:|1783546943\n|switch|p2a: Zarude|Zarude-Dada, L77|73/288\n|turn|25\n|inactive|Time left: 300 sec this turn | 300 sec total\n|\n|t:|1783546945\n|move|p2a: Zarude|Knock Off|p1a: Jirachi\n|-supereffective|p1a: Jirachi\n|-damage|p1a: Jirachi|0 fnt\n|-enditem|p1a: Jirachi|Leftovers|[from] move: Knock Off|[of] p2a: Zarude\n|faint|p1a: Jirachi\n|-damage|p2a: Zarude|45/288|[from] item: Life Orb\n|\n|upkeep\n|\n|t:|1783546945\n|switch|p1a: Arboliva|Arboliva, L91, F|100/100\n|turn|26\n|inactive|Time left: 300 sec this turn | 300 sec total\n|\n|t:|1783546946\n|-terastallize|p1a: Arboliva|Grass\n|move|p2a: Zarude|Power Whip|p1a: Arboliva\n|-resisted|p1a: Arboliva\n|-damage|p1a: Arboliva|76/100\n|-fieldstart|move: Grassy Terrain|[from] ability: Seed Sower|[of] p1a: Arboliva\n|-damage|p2a: Zarude|17/288|[from] item: Life Orb\n|move|p1a: Arboliva|Energy Ball|p2a: Zarude\n|-resisted|p2a: Zarude\n|-damage|p2a: Zarude|0 fnt\n|faint|p2a: Zarude\n|\n|-heal|p1a: Arboliva|83/100|[from] Grassy Terrain\n|-heal|p1a: Arboliva|89/100|[from] item: Leftovers\n|upkeep\n|inactive|Time left: 300 sec this turn | 300 sec total | 5 sec grace\n|\n|t:|1783546947\n|switch|p2a: Gothitelle|Gothitelle, L90, M|66/272\n|turn|27\n|inactive|Time left: 300 sec this turn | 300 sec total\n|\n|t:|1783546948\n|move|p2a: Gothitelle|Dark Pulse|p1a: Arboliva\n|-damage|p1a: Arboliva|73/100\n|move|p1a: Arboliva|Earth Power|p2a: Gothitelle\n|-damage|p2a: Gothitelle|0 fnt\n|faint|p2a: Gothitelle\n|\n|win|p0x61133da", "uploadtime": 1783546948, "views": 0, "rating": 0, "private": 0, "password": null, "_winner": "p0x61133da", "_our_name": "p0y611791d"}