{"id": "battle-gen9randombattle-136", "formatid": "gen9randombattle", "format": "[Gen 9] Random Battle", "players": ["p0x13603cb", "p0y13612ca"], "log": "|init|battle\n|title|p0x13603cb vs. p0y13612ca\n|j|\u2606p0x13603cb\n|j|\u2606p0y13612ca\n|t:|1783535307\n|gametype|singles\n|player|p1|p0x13603cb|169|\n|player|p2|p0y13612ca|102|\n|gen|9\n|tier|[Gen 9] Random Battle\n|rule|Species Clause: Limit one of each Pok\u00e9mon\n|rule|HP Percentage Mod: HP is shown in percentages\n|rule|Sleep Clause Mod: Limit one foe put to sleep\n|rule|Illusion Level Mod: Illusion disguises the Pok\u00e9mon's true level\n|\n|t:|1783535307\n|teamsize|p1|6\n|teamsize|p2|6\n|start\n|switch|p1a: Dragalge|Dragalge, L88, M|100/100\n|switch|p2a: Zapdos|Zapdos-Galar, L77|265/265\n|turn|1\n|inactive|Battle timer is ON: inactive players will automatically lose when time's up. (requested by p0x13603cb)\n|inactive|Time left: 300 sec this turn | 300 sec total | 60 sec grace\n|inactive|p0y13612ca also wants the timer to be on.\n|\n|t:|1783535309\n|move|p2a: Zapdos|Brave Bird|p1a: Dragalge\n|-crit|p1a: Dragalge\n|-damage|p1a: Dragalge|34/100\n|-damage|p2a: Zapdos|208/265|[from] Recoil\n|move|p1a: Dragalge|Sludge Wave|p2a: Zapdos\n|-crit|p2a: Zapdos\n|-damage|p2a: Zapdos|0 fnt\n|faint|p2a: Zapdos\n|\n|upkeep\n|inactive|Time left: 300 sec this turn | 300 sec total | 65 sec grace\n|\n|t:|1783535310\n|switch|p2a: Gumshoos|Gumshoos, L95, M|321/321\n|turn|2\n|inactive|Time left: 300 sec this turn | 300 sec total\n|\n|t:|1783535311\n|switch|p1a: Noivern|Noivern, L82, M|100/100\n|move|p2a: Gumshoos|Double-Edge|p1a: Noivern\n|-damage|p1a: Noivern|0 fnt\n|faint|p1a: Noivern\n|-damage|p2a: Gumshoos|231/321|[from] Recoil\n|\n|upkeep\n|\n|t:|1783535312\n|switch|p1a: Polteageist|Polteageist, L78|100/100\n|turn|3\n|inactive|Time left: 300 sec this turn | 300 sec total\n|\n|t:|1783535313\n|switch|p2a: Ursaluna|Ursaluna-Bloodmoon, L79, M|308/308\n|move|p1a: Polteageist|Shell Smash|p1a: Polteageist\n|-unboost|p1a: Polteageist|def|1\n|-unboost|p1a: Polteageist|spd|1\n|-boost|p1a: Polteageist|atk|2\n|-boost|p1a: Polteageist|spa|2\n|-boost|p1a: Polteageist|spe|2\n|-enditem|p1a: Polteageist|White Herb\n|-clearnegativeboost|p1a: Polteageist|[silent]\n|\n|upkeep\n|turn|4\n|inactive|Time left: 300 sec this turn | 300 sec total\n|\n|t:|1783535315\n|move|p1a: Polteageist|Stored Power|p2a: Ursaluna\n|-damage|p2a: Ursaluna|12/308\n|move|p2a: Ursaluna|Blood Moon|p1a: Polteageist\n|-damage|p1a: Polteageist|37/100\n|\n|-heal|p2a: Ursaluna|31/308|[from] item: Leftovers\n|upkeep\n|turn|5\n|inactive|Time left: 300 sec this turn | 300 sec total\n|\n|t:|1783535316\n|move|p1a: Polteageist|Tera Blast|p2a: Ursaluna\n|-damage|p2a: Ursaluna|0 fnt\n|faint|p2a: Ursaluna\n|\n|upkeep\n|inactive|Time left: 300 sec this turn | 300 sec total | 5 sec grace\n|\n|t:|1783535317\n|switch|p2a: Alomomola|Alomomola, L87, M|429/429\n|turn|6\n|inactive|Time left: 300 sec this turn | 300 sec total\n|\n|t:|1783535317\n|move|p1a: Polteageist|Stored Power|p2a: Alomomola\n|-damage|p2a: Alomomola|95/429\n|move|p2a: Alomomola|Flip Turn|p1a: Polteageist\n|-crit|p1a: Polteageist\n|-damage|p1a: Polteageist|0 fnt\n|-start|p2a: Alomomola|Disable|Flip Turn|[from] ability: Cursed Body|[of] p1a: Polteageist\n|faint|p1a: Polteageist\n|inactive|Time left: 300 sec this turn | 300 sec total | 5 sec grace\n|\n|t:|1783535318\n|switch|p2a: Gumshoos|Gumshoos, L95, M|231/321|[from] Flip Turn\n|\n|upkeep\n|\n|t:|1783535319\n|switch|p1a: Magmortar|Magmortar, L88, F|100/100\n|turn|7\n|inactive|Time left: 300 sec this turn | 300 sec total\n|\n|t:|1783535320\n|move|p1a: Magmortar|Focus Blast|p2a: Gumshoos\n|-supereffective|p2a: Gumshoos\n|-damage|p2a: Gumshoos|0 fnt\n|faint|p2a: Gumshoos\n|\n|upkeep\n|inactive|Time left: 300 sec this turn | 300 sec total | 5 sec grace\n|\n|t:|1783535321\n|switch|p2a: Cinderace|Cinderace, L77, F|249/249\n|turn|8\n|inactive|Time left: 300 sec this turn | 300 sec total\n|\n|t:|1783535322\n|move|p2a: Cinderace|Gunk Shot|p1a: Magmortar\n|-start|p2a: Cinderace|typechange|Poison|[from] ability: Libero\n|-damage|p1a: Magmortar|28/100\n|-status|p1a: Magmortar|psn\n|move|p1a: Magmortar|Earthquake|p2a: Cinderace\n|-supereffective|p2a: Cinderace\n|-damage|p2a: Cinderace|57/249\n|\n|-damage|p1a: Magmortar|16/100 psn|[from] psn\n|upkeep\n|turn|9\n|inactive|Time left: 300 sec this turn | 300 sec total\n|\n|t:|1783535323\n|switch|p1a: Garganacl|Garganacl, L80, M|100/100\n|move|p2a: Cinderace|Gunk Shot|p1a: Garganacl\n|-resisted|p1a: Garganacl\n|-damage|p1a: Garganacl|75/100\n|\n|-heal|p1a: Garganacl|81/100|[from] item: Leftovers\n|upkeep\n|turn|10\n|inactive|Time left: 300 sec this turn | 300 sec total\n|\n|t:|1783535324\n|move|p2a: Cinderace|Gunk Shot|p1a: Garganacl\n|-resisted|p1a: Garganacl\n|-damage|p1a: Garganacl|55/100\n|move|p1a: Garganacl|Salt Cure|p2a: Cinderace\n|-damage|p2a: Cinderace|6/249\n|-start|p2a: Cinderace|Salt Cure\n|\n|-heal|p1a: Garganacl|61/100|[from] item: Leftovers\n|-damage|p2a: Cinderace|0 fnt|[from] Salt Cure\n|faint|p2a: Cinderace\n|upkeep\n|inactive|Time left: 300 sec this turn | 300 sec total | 5 sec grace\n|\n|t:|1783535326\n|switch|p2a: Alomomola|Alomomola, L87, M|238/429\n|turn|11\n|inactive|Time left: 300 sec this turn | 300 sec total\n|\n|t:|1783535327\n|move|p2a: Alomomola|Flip Turn|p1a: Garganacl\n|-supereffective|p1a: Garganacl\n|-damage|p1a: Garganacl|32/100\n|inactive|Time left: 300 sec this turn | 300 sec total | 5 sec grace\n|\n|t:|1783535328\n|switch|p2a: Whimsicott|Whimsicott, L84, F|238/238|[from] Flip Turn\n|move|p1a: Garganacl|Recover|p1a: Garganacl\n|-heal|p1a: Garganacl|82/100\n|\n|-heal|p1a: Garganacl|88/100|[from] item: Leftovers\n|upkeep\n|turn|12\n|inactive|Time left: 300 sec this turn | 300 sec total\n|\n|t:|1783535328\n|move|p2a: Whimsicott|Leech Seed|p1a: Garganacl|[miss]\n|-miss|p2a: Whimsicott|p1a: Garganacl\n|move|p1a: Garganacl|Salt Cure|p2a: Whimsicott\n|-damage|p2a: Whimsicott|198/238\n|-start|p2a: Whimsicott|Salt Cure\n|\n|-heal|p2a: Whimsicott|212/238|[from] item: Leftovers\n|-heal|p1a: Garganacl|94/100|[from] item: Leftovers\n|-damage|p2a: Whimsicott|183/238|[from] Salt Cure\n|upkeep\n|turn|13\n|inactive|Time left: 300 sec this turn | 300 sec total\n|\n|t:|1783535329\n|move|p2a: Whimsicott|Leech Seed|p1a: Garganacl\n|-start|p1a: Garganacl|move: Leech Seed\n|move|p1a: Garganacl|Salt Cure|p2a: Whimsicott\n|-damage|p2a: Whimsicott|137/238\n|\n|-heal|p2a: Whimsicott|151/238|[from] item: Leftovers\n|-heal|p1a: Garganacl|100/100|[from] item: Leftovers\n|-damage|p1a: Garganacl|88/100|[from] Leech Seed|[of] p2a: Whimsicott\n|-heal|p2a: Whimsicott|187/238|[silent]\n|-damage|p2a: Whimsicott|158/238|[from] Salt Cure\n|upkeep\n|turn|14\n|inactive|Time left: 300 sec this turn | 300 sec total\n|\n|t:|1783535331\n|switch|p1a: Dragalge|Dragalge, L88, M|34/100\n|move|p2a: Whimsicott|Moonblast|p1a: Dragalge\n|-damage|p1a: Dragalge|16/100\n|\n|-heal|p2a: Whimsicott|172/238|[from] item: Leftovers\n|-damage|p2a: Whimsicott|143/238|[from] Salt Cure\n|upkeep\n|turn|15\n|inactive|Time left: 300 sec this turn | 300 sec total\n|\n|t:|1783535332\n|move|p2a: Whimsicott|Moonblast|p1a: Dragalge\n|-damage|p1a: Dragalge|0 fnt\n|faint|p1a: Dragalge\n|\n|-heal|p2a: Whimsicott|157/238|[from] item: Leftovers\n|-damage|p2a: Whimsicott|128/238|[from] Salt Cure\n|upkeep\n|\n|t:|1783535333\n|switch|p1a: Garganacl|Garganacl, L80, M|88/100\n|turn|16\n|inactive|Time left: 300 sec this turn | 300 sec total\n|\n|t:|1783535334\n|move|p1a: Garganacl|Protect|p1a: Garganacl\n|-singleturn|p1a: Garganacl|Protect\n|move|p2a: Whimsicott|Leech Seed|p1a: Garganacl\n|-activate|p1a: Garganacl|move: Protect\n|\n|-heal|p2a: Whimsicott|142/238|[from] item: Leftovers\n|-heal|p1a: Garganacl|94/100|[from] item: Leftovers\n|-damage|p2a: Whimsicott|113/238|[from] Salt Cure\n|upkeep\n|turn|17\n|inactive|Time left: 300 sec this turn | 300 sec total\n|\n|t:|1783535335\n|move|p2a: Whimsicott|Leech Seed|p1a: Garganacl\n|-start|p1a: Garganacl|move: Leech Seed\n|move|p1a: Garganacl|Salt Cure|p2a: Whimsicott\n|-damage|p2a: Whimsicott|74/238\n|\n|-heal|p2a: Whimsicott|88/238|[from] item: Leftovers\n|-heal|p1a: Garganacl|100/100|[from] item: Leftovers\n|-damage|p1a: Garganacl|88/100|[from] Leech Seed|[of] p2a: Whimsicott\n|-heal|p2a: Whimsicott|124/238|[silent]\n|-damage|p2a: Whimsicott|95/238|[from] Salt Cure\n|upkeep\n|turn|18\n|inactive|Time left: 300 sec this turn | 300 sec total\n|\n|t:|1783535335\n|switch|p1a: Blissey|Blissey, L85, F|100/100\n|move|p2a: Whimsicott|Moonblast|p1a: Blissey\n|-damage|p1a: Blissey|90/100\n|-unboost|p1a: Blissey|spa|1\n|\n|-heal|p2a: Whimsicott|109/238|[from] item: Leftovers\n|-heal|p1a: Blissey|96/100|[from] item: Leftovers\n|-damage|p2a: Whimsicott|80/238|[from] Salt Cure\n|upkeep\n|turn|19\n|inactive|Time left: 300 sec this turn | 300 sec total\n|\n|t:|1783535336\n|switch|p2a: Alomomola|Alomomola, L87, M|381/429\n|move|p1a: Blissey|Seismic Toss|p2a: Alomomola\n|-damage|p2a: Alomomola|296/429\n|\n|-heal|p1a: Blissey|100/100|[from] item: Leftovers\n|upkeep\n|turn|20\n|inactive|Time left: 300 sec this turn | 300 sec total\n|\n|t:|1783535337\n|move|p2a: Alomomola|Wish|p2a: Alomomola\n|move|p1a: Blissey|Seismic Toss|p2a: Alomomola\n|-damage|p2a: Alomomola|211/429\n|\n|upkeep\n|turn|21\n|inactive|Time left: 300 sec this turn | 300 sec total\n|\n|t:|1783535338\n|move|p2a: Alomomola|Scald|p1a: Blissey\n|-damage|p1a: Blissey|95/100\n|move|p1a: Blissey|Seismic Toss|p2a: Alomomola\n|-damage|p2a: Alomomola|126/429\n|\n|-heal|p2a: Alomomola|340/429|[from] move: Wish|[wisher] Alomomola\n|-heal|p1a: Blissey|100/100|[from] item: Leftovers\n|upkeep\n|turn|22\n|inactive|Time left: 300 sec this turn | 300 sec total\n|\n|t:|1783535339\n|move|p2a: Alomomola|Wish|p2a: Alomomola\n|move|p1a: Blissey|Seismic Toss|p2a: Alomomola\n|-damage|p2a: Alomomola|255/429\n|\n|upkeep\n|turn|23\n|inactive|Time left: 300 sec this turn | 300 sec total\n|\n|t:|1783535340\n|move|p2a: Alomomola|Scald|p1a: Blissey\n|-damage|p1a: Blissey|95/100\n|move|p1a: Blissey|Seismic Toss|p2a: Alomomola\n|-damage|p2a: Alomomola|170/429\n|\n|-heal|p2a: Alomomola|384/429|[from] move: Wish|[wisher] Alomomola\n|-heal|p1a: Blissey|100/100|[from] item: Leftovers\n|upkeep\n|turn|24\n|inactive|Time left: 300 sec this turn | 300 sec total\n|\n|t:|1783535342\n|move|p2a: Alomomola|Wish|p2a: Alomomola\n|move|p1a: Blissey|Thunder Wave|p2a: Alomomola\n|-status|p2a: Alomomola|par\n|\n|upkeep\n|turn|25\n|inactive|Time left: 300 sec this turn | 300 sec total\n|\n|t:|1783535343\n|switch|p1a: Garganacl|Garganacl, L80, M|88/100\n|cant|p2a: Alomomola|par\n|\n|-heal|p2a: Alomomola|429/429 par|[from] move: Wish|[wisher] Alomomola\n|-heal|p1a: Garganacl|94/100|[from] item: Leftovers\n|upkeep\n|turn|26\n|inactive|Time left: 300 sec this turn | 300 sec total\n|\n|t:|1783535343\n|move|p1a: Garganacl|Salt Cure|p2a: Alomomola\n|-damage|p2a: Alomomola|390/429 par\n|-start|p2a: Alomomola|Salt Cure\n|move|p2a: Alomomola|Flip Turn|p1a: Garganacl\n|-supereffective|p1a: Garganacl\n|-damage|p1a: Garganacl|65/100\n|inactive|Time left: 300 sec this turn | 300 sec total | 5 sec grace\n|\n|t:|1783535344\n|switch|p2a: Whimsicott|Whimsicott, L84, F|80/238|[from] Flip Turn\n|\n|-heal|p2a: Whimsicott|94/238|[from] item: Leftovers\n|-heal|p1a: Garganacl|71/100|[from] item: Leftovers\n|upkeep\n|turn|27\n|inactive|Time left: 300 sec this turn | 300 sec total\n|\n|t:|1783535345\n|move|p2a: Whimsicott|Leech Seed|p1a: Garganacl\n|-start|p1a: Garganacl|move: Leech Seed\n|move|p1a: Garganacl|Salt Cure|p2a: Whimsicott\n|-damage|p2a: Whimsicott|55/238\n|-start|p2a: Whimsicott|Salt Cure\n|\n|-heal|p2a: Whimsicott|69/238|[from] item: Leftovers\n|-heal|p1a: Garganacl|77/100|[from] item: Leftovers\n|-damage|p1a: Garganacl|65/100|[from] Leech Seed|[of] p2a: Whimsicott\n|-heal|p2a: Whimsicott|105/238|[silent]\n|-damage|p2a: Whimsicott|76/238|[from] Salt Cure\n|upkeep\n|turn|28\n|inactive|Time left: 300 sec this turn | 300 sec total\n|\n|t:|1783535346\n|switch|p1a: Blissey|Blissey, L85, F|100/100\n|move|p2a: Whimsicott|Leech Seed|p1a: Blissey|[miss]\n|-miss|p2a: Whimsicott|p1a: Blissey\n|\n|-heal|p2a: Whimsicott|90/238|[from] item: Leftovers\n|-damage|p2a: Whimsicott|61/238|[from] Salt Cure\n|upkeep\n|turn|29\n|inactive|Time left: 300 sec this turn | 300 sec total\n|\n|t:|1783535346\n|move|p2a: Whimsicott|Leech Seed|p1a: Blissey\n|-start|p1a: Blissey|move: Leech Seed\n|move|p1a: Blissey|Seismic Toss|p2a: Whimsicott\n|-damage|p2a: Whimsicott|0 fnt\n|faint|p2a: Whimsicott\n|\n|upkeep\n|inactive|Time left: 300 sec this turn | 300 sec total | 5 sec grace\n|\n|t:|1783535347\n|switch|p2a: Alomomola|Alomomola, L87, M|429/429 par\n|turn|30\n|inactive|Time left: 300 sec this turn | 300 sec total\n|\n|t:|1783535348\n|switch|p1a: Garganacl|Garganacl, L80, M|65/100\n|move|p2a: Alomomola|Scald|p1a: Garganacl\n|-supereffective|p1a: Garganacl\n|-crit|p1a: Garganacl\n|-damage|p1a: Garganacl|10/100\n|\n|-heal|p1a: Garganacl|17/100|[from] item: Leftovers\n|upkeep\n|turn|31\n|inactive|Time left: 300 sec this turn | 300 sec total\n|\n|t:|1783535349\n|move|p1a: Garganacl|Recover|p1a: Garganacl\n|-heal|p1a: Garganacl|67/100\n|cant|p2a: Alomomola|par\n|\n|-heal|p1a: Garganacl|73/100|[from] item: Leftovers\n|upkeep\n|turn|32\n|inactive|Time left: 300 sec this turn | 300 sec total\n|\n|t:|1783535350\n|cant|p2a: Alomomola|par\n|move|p1a: Garganacl|Salt Cure|p2a: Alomomola\n|-damage|p2a: Alomomola|389/429 par\n|-start|p2a: Alomomola|Salt Cure\n|\n|-heal|p1a: Garganacl|79/100|[from] item: Leftovers\n|-damage|p2a: Alomomola|282/429 par|[from] Salt Cure\n|upkeep\n|turn|33\n|inactive|Time left: 300 sec this turn | 300 sec total\n|\n|t:|1783535351\n|move|p1a: Garganacl|Recover|p1a: Garganacl\n|-heal|p1a: Garganacl|100/100\n|move|p2a: Alomomola|Wish|p2a: Alomomola\n|\n|-damage|p2a: Alomomola|175/429 par|[from] Salt Cure\n|upkeep\n|turn|34\n|inactive|Time left: 300 sec this turn | 300 sec total\n|\n|t:|1783535352\n|switch|p1a: Blissey|Blissey, L85, F|100/100\n|move|p2a: Alomomola|Scald|p1a: Blissey\n|-damage|p1a: Blissey|95/100\n|\n|-heal|p2a: Alomomola|389/429 par|[from] move: Wish|[wisher] Alomomola\n|-heal|p1a: Blissey|100/100|[from] item: Leftovers\n|-damage|p2a: Alomomola|282/429 par|[from] Salt Cure\n|upkeep\n|turn|35\n|inactive|Time left: 300 sec this turn | 300 sec total\n|\n|t:|1783535353\n|-terastallize|p2a: Alomomola|Poison\n|move|p1a: Blissey|Seismic Toss|p2a: Alomomola\n|-damage|p2a: Alomomola|197/429 par\n|move|p2a: Alomomola|Wish|p2a: Alomomola\n|\n|-damage|p2a: Alomomola|144/429 par|[from] Salt Cure\n|upkeep\n|turn|36\n|inactive|Time left: 300 sec this turn | 300 sec total\n|\n|t:|1783535354\n|move|p1a: Blissey|Seismic Toss|p2a: Alomomola\n|-damage|p2a: Alomomola|59/429 par\n|cant|p2a: Alomomola|par\n|\n|-heal|p2a: Alomomola|273/429 par|[from] move: Wish|[wisher] Alomomola\n|-damage|p2a: Alomomola|220/429 par|[from] Salt Cure\n|upkeep\n|turn|37\n|inactive|Time left: 300 sec this turn | 300 sec total\n|\n|t:|1783535354\n|move|p1a: Blissey|Seismic Toss|p2a: Alomomola\n|-damage|p2a: Alomomola|135/429 par\n|cant|p2a: Alomomola|par\n|\n|-damage|p2a: Alomomola|82/429 par|[from] Salt Cure\n|upkeep\n|turn|38\n|inactive|Time left: 300 sec this turn | 300 sec total\n|\n|t:|1783535355\n|move|p1a: Blissey|Seismic Toss|p2a: Alomomola\n|-damage|p2a: Alomomola|0 fnt\n|faint|p2a: Alomomola\n|\n|win|p0x13603cb", "uploadtime": 1783535355, "views": 0, "rating": 0, "private": 0, "password": null, "_winner": "p0x13603cb", "_our_name": "p0y13612ca"}