{"id": "battle-gen9randombattle-2178", "formatid": "gen9randombattle", "format": "[Gen 9] Random Battle", "players": ["p0x2178db63", "p0y2178f6ca"], "log": "|init|battle\n|title|p0x2178db63 vs. p0y2178f6ca\n|j|\u2606p0x2178db63\n|j|\u2606p0y2178f6ca\n|t:|1783564362\n|gametype|singles\n|player|p1|p0x2178db63|169|\n|player|p2|p0y2178f6ca|2|\n|gen|9\n|tier|[Gen 9] Random Battle\n|rule|Species Clause: Limit one of each Pok\u00e9mon\n|rule|HP Percentage Mod: HP is shown in percentages\n|rule|Sleep Clause Mod: Limit one foe put to sleep\n|rule|Illusion Level Mod: Illusion disguises the Pok\u00e9mon's true level\n|\n|t:|1783564362\n|teamsize|p1|6\n|teamsize|p2|6\n|start\n|switch|p1a: Golduck|Golduck, L90, F|100/100\n|switch|p2a: Illumise|Illumise, L91, F|266/266\n|-ability|p1a: Golduck|Cloud Nine\n|turn|1\n|inactive|Battle timer is ON: inactive players will automatically lose when time's up. (requested by p0x2178db63)\n|inactive|Time left: 300 sec this turn | 300 sec total | 60 sec grace\n|inactive|p0y2178f6ca also wants the timer to be on.\n|\n|t:|1783564363\n|move|p2a: Illumise|Bug Buzz|p1a: Golduck\n|-damage|p1a: Golduck|71/100\n|move|p1a: Golduck|Hydro Pump|p2a: Illumise\n|-damage|p2a: Illumise|65/266\n|\n|upkeep\n|turn|2\n|inactive|Time left: 300 sec this turn | 300 sec total\n|\n|t:|1783564364\n|move|p2a: Illumise|Bug Buzz|p1a: Golduck\n|-damage|p1a: Golduck|42/100\n|move|p1a: Golduck|Hydro Pump|p2a: Illumise\n|-damage|p2a: Illumise|0 fnt\n|faint|p2a: Illumise\n|\n|upkeep\n|inactive|Time left: 300 sec this turn | 300 sec total | 5 sec grace\n|\n|t:|1783564365\n|switch|p2a: Ambipom|Ambipom, L84, F|263/263\n|turn|3\n|inactive|Time left: 300 sec this turn | 300 sec total\n|\n|t:|1783564367\n|move|p2a: Ambipom|Double-Edge|p1a: Golduck\n|-damage|p1a: Golduck|0 fnt\n|faint|p1a: Golduck\n|-damage|p2a: Ambipom|223/263|[from] Recoil\n|\n|upkeep\n|\n|t:|1783564368\n|switch|p1a: Cloyster|Cloyster, L80, M|100/100\n|turn|4\n|inactive|Time left: 300 sec this turn | 300 sec total\n|\n|t:|1783564369\n|move|p2a: Ambipom|Double-Edge|p1a: Cloyster\n|-damage|p1a: Cloyster|49/100\n|-damage|p2a: Ambipom|187/263|[from] Recoil\n|move|p1a: Cloyster|Shell Smash|p1a: Cloyster\n|-unboost|p1a: Cloyster|def|1\n|-unboost|p1a: Cloyster|spd|1\n|-boost|p1a: Cloyster|atk|2\n|-boost|p1a: Cloyster|spa|2\n|-boost|p1a: Cloyster|spe|2\n|-enditem|p1a: Cloyster|White Herb\n|-clearnegativeboost|p1a: Cloyster|[silent]\n|\n|upkeep\n|turn|5\n|inactive|Time left: 300 sec this turn | 300 sec total\n|\n|t:|1783564370\n|move|p1a: Cloyster|Rock Blast|p2a: Ambipom|[miss]\n|-miss|p1a: Cloyster|p2a: Ambipom\n|move|p2a: Ambipom|Double-Edge|p1a: Cloyster\n|-damage|p1a: Cloyster|0 fnt\n|faint|p1a: Cloyster\n|-damage|p2a: Ambipom|153/263|[from] Recoil\n|\n|upkeep\n|\n|t:|1783564371\n|switch|p1a: Arboliva|Arboliva, L91, F|100/100\n|turn|6\n|inactive|Time left: 300 sec this turn | 300 sec total\n|\n|t:|1783564372\n|move|p2a: Ambipom|Double-Edge|p1a: Arboliva\n|-damage|p1a: Arboliva|44/100\n|-enditem|p1a: Arboliva|Sitrus Berry|[eat]\n|-heal|p1a: Arboliva|69/100|[from] item: Sitrus Berry\n|-damage|p2a: Ambipom|100/263|[from] Recoil\n|move|p1a: Arboliva|Hyper Voice|p2a: Ambipom\n|-damage|p2a: Ambipom|0 fnt\n|faint|p2a: Ambipom\n|\n|-item|p1a: Arboliva|Sitrus Berry|[from] ability: Harvest\n|upkeep\n|inactive|Time left: 300 sec this turn | 300 sec total | 5 sec grace\n|\n|t:|1783564373\n|switch|p2a: Emboar|Emboar, L84, M|322/322\n|turn|7\n|inactive|Time left: 300 sec this turn | 300 sec total\n|\n|t:|1783564374\n|move|p1a: Arboliva|Protect|p1a: Arboliva\n|-singleturn|p1a: Arboliva|Protect\n|move|p2a: Emboar|Flare Blitz|p1a: Arboliva\n|-activate|p1a: Arboliva|move: Protect\n|\n|upkeep\n|turn|8\n|inactive|Time left: 300 sec this turn | 300 sec total\n|\n|t:|1783564375\n|-terastallize|p1a: Arboliva|Water\n|move|p2a: Emboar|Flare Blitz|p1a: Arboliva\n|-resisted|p1a: Arboliva\n|-damage|p1a: Arboliva|27/100\n|-enditem|p1a: Arboliva|Sitrus Berry|[eat]\n|-heal|p1a: Arboliva|52/100|[from] item: Sitrus Berry\n|-damage|p2a: Emboar|281/322|[from] Recoil\n|move|p1a: Arboliva|Hyper Voice|p2a: Emboar\n|-damage|p2a: Emboar|118/322\n|\n|upkeep\n|turn|9\n|inactive|Time left: 300 sec this turn | 300 sec total\n|\n|t:|1783564377\n|move|p2a: Emboar|Flare Blitz|p1a: Arboliva\n|-resisted|p1a: Arboliva\n|-damage|p1a: Arboliva|9/100\n|-damage|p2a: Emboar|77/322|[from] Recoil\n|move|p1a: Arboliva|Hyper Voice|p2a: Emboar\n|-damage|p2a: Emboar|0 fnt\n|faint|p2a: Emboar\n|\n|upkeep\n|inactive|Time left: 300 sec this turn | 300 sec total | 5 sec grace\n|\n|t:|1783564378\n|switch|p2a: Rayquaza|Rayquaza, L72|270/270\n|-ability|p2a: Rayquaza|Air Lock\n|turn|10\n|inactive|Time left: 300 sec this turn | 300 sec total\n|\n|t:|1783564378\n|move|p2a: Rayquaza|Swords Dance|p2a: Rayquaza\n|-boost|p2a: Rayquaza|atk|2\n|move|p1a: Arboliva|Hyper Voice|p2a: Rayquaza\n|-damage|p2a: Rayquaza|107/270\n|\n|-item|p1a: Arboliva|Sitrus Berry|[from] ability: Harvest\n|upkeep\n|-enditem|p1a: Arboliva|Sitrus Berry|[eat]\n|-heal|p1a: Arboliva|34/100|[from] item: Sitrus Berry\n|turn|11\n|inactive|Time left: 300 sec this turn | 300 sec total\n|\n|t:|1783564379\n|move|p2a: Rayquaza|Earthquake|p1a: Arboliva\n|-damage|p1a: Arboliva|0 fnt\n|faint|p1a: Arboliva\n|\n|upkeep\n|\n|t:|1783564380\n|switch|p1a: Dodrio|Dodrio, L85, M|100/100\n|turn|12\n|inactive|Time left: 300 sec this turn | 300 sec total\n|\n|t:|1783564381\n|move|p2a: Rayquaza|Extreme Speed|p1a: Dodrio\n|-damage|p1a: Dodrio|41/100\n|move|p1a: Dodrio|Knock Off|p2a: Rayquaza\n|-damage|p2a: Rayquaza|0 fnt\n|-enditem|p2a: Rayquaza|Heavy-Duty Boots|[from] move: Knock Off|[of] p1a: Dodrio\n|faint|p2a: Rayquaza\n|\n|upkeep\n|inactive|Time left: 300 sec this turn | 300 sec total | 5 sec grace\n|\n|t:|1783564382\n|switch|p2a: Regieleki|Regieleki, L79|256/256\n|turn|13\n|inactive|Time left: 300 sec this turn | 300 sec total\n|\n|t:|1783564383\n|switch|p1a: Mew|Mew, L82|100/100\n|move|p2a: Regieleki|Volt Switch|p1a: Mew\n|-damage|p1a: Mew|70/100\n|inactive|Time left: 300 sec this turn | 300 sec total | 5 sec grace\n|\n|t:|1783564384\n|switch|p2a: Infernape|Infernape, L82, F|259/259|[from] Volt Switch\n|\n|upkeep\n|turn|14\n|inactive|Time left: 300 sec this turn | 300 sec total\n|\n|t:|1783564385\n|-terastallize|p2a: Infernape|Dark\n|move|p2a: Infernape|Knock Off|p1a: Mew\n|-supereffective|p1a: Mew\n|-crit|p1a: Mew\n|-damage|p1a: Mew|0 fnt\n|-enditem|p1a: Mew|Life Orb|[from] move: Knock Off|[of] p2a: Infernape\n|faint|p1a: Mew\n|-damage|p2a: Infernape|234/259|[from] item: Life Orb\n|\n|upkeep\n|\n|t:|1783564386\n|switch|p1a: Dodrio|Dodrio, L85, M|41/100\n|turn|15\n|inactive|Time left: 300 sec this turn | 300 sec total\n|\n|t:|1783564387\n|move|p1a: Dodrio|Double-Edge|p2a: Infernape\n|-damage|p2a: Infernape|0 fnt\n|faint|p2a: Infernape\n|-damage|p1a: Dodrio|9/100|[from] Recoil\n|\n|upkeep\n|inactive|Time left: 300 sec this turn | 300 sec total | 5 sec grace\n|\n|t:|1783564388\n|switch|p2a: Regieleki|Regieleki, L79|256/256\n|turn|16\n|inactive|Time left: 300 sec this turn | 300 sec total\n|\n|t:|1783564389\n|move|p2a: Regieleki|Thunderbolt|p1a: Dodrio\n|-supereffective|p1a: Dodrio\n|-crit|p1a: Dodrio\n|-damage|p1a: Dodrio|0 fnt\n|faint|p1a: Dodrio\n|\n|upkeep\n|\n|t:|1783564390\n|switch|p1a: Rabsca|Rabsca, L91, F|100/100\n|turn|17\n|inactive|Time left: 300 sec this turn | 300 sec total\n|\n|t:|1783564390\n|move|p2a: Regieleki|Thunderbolt|p1a: Rabsca\n|-damage|p1a: Rabsca|59/100\n|move|p1a: Rabsca|Bug Buzz|p2a: Regieleki\n|-damage|p2a: Regieleki|67/256\n|\n|upkeep\n|turn|18\n|inactive|Time left: 300 sec this turn | 300 sec total\n|\n|t:|1783564391\n|move|p2a: Regieleki|Thunderbolt|p1a: Rabsca\n|-damage|p1a: Rabsca|22/100\n|move|p1a: Rabsca|Bug Buzz|p2a: Regieleki\n|-damage|p2a: Regieleki|0 fnt\n|faint|p2a: Regieleki\n|\n|win|p0x2178db63", "uploadtime": 1783564391, "views": 0, "rating": 0, "private": 0, "password": null, "_winner": "p0x2178db63", "_our_name": "p0y2178f6ca"}