{"id": "battle-gen9randombattle-1704", "formatid": "gen9randombattle", "format": "[Gen 9] Random Battle", "players": ["p0x1704ddc5", "p0y17043a16"], "log": "|init|battle\n|title|p0x1704ddc5 vs. p0y17043a16\n|j|\u2606p0x1704ddc5\n|j|\u2606p0y17043a16\n|t:|1783558954\n|gametype|singles\n|player|p1|p0x1704ddc5|1|\n|player|p2|p0y17043a16|265|\n|gen|9\n|tier|[Gen 9] Random Battle\n|rule|Species Clause: Limit one of each Pok\u00e9mon\n|rule|HP Percentage Mod: HP is shown in percentages\n|rule|Sleep Clause Mod: Limit one foe put to sleep\n|rule|Illusion Level Mod: Illusion disguises the Pok\u00e9mon's true level\n|\n|t:|1783558954\n|teamsize|p1|6\n|teamsize|p2|6\n|start\n|switch|p1a: Yanmega|Yanmega, L82, M|100/100\n|switch|p2a: Terrakion|Terrakion, L79|273/273\n|turn|1\n|inactive|Battle timer is ON: inactive players will automatically lose when time's up. (requested by p0x1704ddc5)\n|inactive|Time left: 300 sec this turn | 300 sec total | 60 sec grace\n|inactive|p0y17043a16 also wants the timer to be on.\n|\n|t:|1783558956\n|move|p1a: Yanmega|Protect|p1a: Yanmega\n|-singleturn|p1a: Yanmega|Protect\n|move|p2a: Terrakion|Stone Edge|p1a: Yanmega\n|-activate|p1a: Yanmega|move: Protect\n|\n|-ability|p1a: Yanmega|Speed Boost|boost\n|-boost|p1a: Yanmega|spe|1\n|upkeep\n|turn|2\n|inactive|Time left: 300 sec this turn | 300 sec total\n|\n|t:|1783558956\n|-terastallize|p1a: Yanmega|Ground\n|move|p1a: Yanmega|Tera Blast|p2a: Terrakion|[anim] Tera Blast Ground\n|-supereffective|p2a: Terrakion\n|-damage|p2a: Terrakion|93/273\n|move|p2a: Terrakion|Stone Edge|p1a: Yanmega\n|-resisted|p1a: Yanmega\n|-damage|p1a: Yanmega|72/100\n|-damage|p2a: Terrakion|66/273|[from] item: Life Orb\n|\n|-ability|p1a: Yanmega|Speed Boost|boost\n|-boost|p1a: Yanmega|spe|1\n|upkeep\n|turn|3\n|inactive|Time left: 300 sec this turn | 300 sec total\n|\n|t:|1783558957\n|switch|p2a: Abomasnow|Abomasnow, L84, M|287/287\n|-weather|Snowscape|[from] ability: Snow Warning|[of] p2a: Abomasnow\n|move|p1a: Yanmega|Air Slash|p2a: Abomasnow\n|-supereffective|p2a: Abomasnow\n|-damage|p2a: Abomasnow|93/287\n|\n|-weather|Snowscape|[upkeep]\n|-ability|p1a: Yanmega|Speed Boost|boost\n|-boost|p1a: Yanmega|spe|1\n|upkeep\n|turn|4\n|inactive|Time left: 300 sec this turn | 300 sec total\n|\n|t:|1783558958\n|switch|p2a: Gholdengo|Gholdengo, L77|261/261\n|move|p1a: Yanmega|Air Slash|p2a: Gholdengo\n|-resisted|p2a: Gholdengo\n|-damage|p2a: Gholdengo|219/261\n|\n|-weather|Snowscape|[upkeep]\n|-heal|p2a: Gholdengo|235/261|[from] item: Leftovers\n|-ability|p1a: Yanmega|Speed Boost|boost\n|-boost|p1a: Yanmega|spe|1\n|upkeep\n|turn|5\n|inactive|Time left: 300 sec this turn | 300 sec total\n|\n|t:|1783558959\n|move|p1a: Yanmega|Tera Blast|p2a: Gholdengo|[anim] Tera Blast Ground\n|-supereffective|p2a: Gholdengo\n|-damage|p2a: Gholdengo|37/261\n|move|p2a: Gholdengo|Make It Rain|p1a: Yanmega\n|-damage|p1a: Yanmega|0 fnt\n|-unboost|p2a: Gholdengo|spa|1\n|faint|p1a: Yanmega\n|\n|-weather|Snowscape|[upkeep]\n|-heal|p2a: Gholdengo|53/261|[from] item: Leftovers\n|upkeep\n|\n|t:|1783558960\n|switch|p1a: Florges|Florges-White, L85, F|100/100\n|turn|6\n|inactive|Time left: 300 sec this turn | 300 sec total\n|\n|t:|1783558960\n|move|p1a: Florges|Moonblast|p2a: Gholdengo\n|-resisted|p2a: Gholdengo\n|-damage|p2a: Gholdengo|0 fnt\n|faint|p2a: Gholdengo\n|\n|-weather|Snowscape|[upkeep]\n|upkeep\n|inactive|Time left: 300 sec this turn | 300 sec total | 5 sec grace\n|\n|t:|1783558961\n|switch|p2a: Banette|Banette, L93, F|270/270\n|turn|7\n|inactive|Time left: 300 sec this turn | 300 sec total\n|\n|t:|1783558962\n|switch|p1a: Umbreon|Umbreon, L84, F|100/100\n|move|p2a: Banette|Poltergeist|p1a: Umbreon\n|-activate|p1a: Umbreon|move: Poltergeist|Leftovers\n|-resisted|p1a: Umbreon\n|-damage|p1a: Umbreon|69/100\n|-damage|p2a: Banette|243/270|[from] item: Life Orb\n|\n|-weather|none\n|-heal|p1a: Umbreon|75/100|[from] item: Leftovers\n|upkeep\n|turn|8\n|inactive|Time left: 300 sec this turn | 300 sec total\n|\n|t:|1783558963\n|switch|p2a: Glimmora|Glimmora, L75, M|248/248\n|move|p1a: Umbreon|Foul Play|p2a: Glimmora\n|-damage|p2a: Glimmora|205/248\n|-activate|p2a: Glimmora|ability: Toxic Debris\n|-sidestart|p1: p0x1704ddc5|move: Toxic Spikes\n|\n|-heal|p1a: Umbreon|81/100|[from] item: Leftovers\n|upkeep\n|turn|9\n|inactive|Time left: 300 sec this turn | 300 sec total\n|\n|t:|1783558964\n|move|p2a: Glimmora|Meteor Beam||[still]\n|-prepare|p2a: Glimmora|Meteor Beam\n|-boost|p2a: Glimmora|spa|1\n|-enditem|p2a: Glimmora|Power Herb\n|-anim|p2a: Glimmora|Meteor Beam|p1a: Umbreon\n|-damage|p1a: Umbreon|32/100\n|move|p1a: Umbreon|Wish|p1a: Umbreon\n|\n|-heal|p1a: Umbreon|38/100|[from] item: Leftovers\n|upkeep\n|turn|10\n|inactive|Time left: 300 sec this turn | 300 sec total\n|\n|t:|1783558965\n|move|p1a: Umbreon|Protect|p1a: Umbreon\n|-singleturn|p1a: Umbreon|Protect\n|move|p2a: Glimmora|Meteor Beam||[still]\n|-prepare|p2a: Glimmora|Meteor Beam\n|-boost|p2a: Glimmora|spa|1\n|\n|-heal|p1a: Umbreon|88/100|[from] move: Wish|[wisher] Umbreon\n|-heal|p1a: Umbreon|94/100|[from] item: Leftovers\n|upkeep\n|turn|11\n|inactive|Time left: 300 sec this turn | 300 sec total\n|\n|t:|1783558966\n|move|p2a: Glimmora|Meteor Beam|p1a: Umbreon|[from] lockedmove\n|-crit|p1a: Umbreon\n|-damage|p1a: Umbreon|0 fnt\n|faint|p1a: Umbreon\n|\n|upkeep\n|\n|t:|1783558967\n|switch|p1a: Trevenant|Trevenant, L89, M|100/100\n|-status|p1a: Trevenant|psn\n|turn|12\n|inactive|Time left: 300 sec this turn | 300 sec total\n|\n|t:|1783558968\n|move|p2a: Glimmora|Sludge Wave|p1a: Trevenant\n|-damage|p1a: Trevenant|34/100 psn\n|move|p1a: Trevenant|Wood Hammer|p2a: Glimmora\n|-damage|p2a: Glimmora|0 fnt\n|-activate|p2a: Glimmora|ability: Toxic Debris\n|-sidestart|p1: p0x1704ddc5|move: Toxic Spikes\n|faint|p2a: Glimmora\n|-damage|p1a: Trevenant|11/100 psn|[from] Recoil\n|\n|-damage|p1a: Trevenant|0 fnt|[from] psn\n|faint|p1a: Trevenant\n|upkeep\n|inactive|Time left: 300 sec this turn | 300 sec total | 5 sec grace\n|\n|t:|1783558969\n|switch|p2a: Banette|Banette, L93, F|243/270\n|switch|p1a: Florges|Florges-White, L85, F|100/100\n|-status|p1a: Florges|tox\n|turn|13\n|inactive|Time left: 300 sec this turn | 300 sec total\n|\n|t:|1783558970\n|move|p1a: Florges|Moonblast|p2a: Banette\n|-damage|p2a: Banette|117/270\n|move|p2a: Banette|Gunk Shot|p1a: Florges\n|-supereffective|p1a: Florges\n|-damage|p1a: Florges|0 fnt\n|faint|p1a: Florges\n|-damage|p2a: Banette|90/270|[from] item: Life Orb\n|\n|upkeep\n|\n|t:|1783558971\n|switch|p1a: Dipplin|Dipplin, L88, M|100/100\n|-status|p1a: Dipplin|tox\n|turn|14\n|inactive|Time left: 300 sec this turn | 300 sec total\n|\n|t:|1783558972\n|switch|p2a: Volbeat|Volbeat, L90, M|263/263\n|move|p1a: Dipplin|Dragon Pulse|p2a: Volbeat\n|-damage|p2a: Volbeat|163/263\n|\n|-damage|p1a: Dipplin|95/100 tox|[from] psn\n|upkeep\n|turn|15\n|inactive|Time left: 300 sec this turn | 300 sec total\n|\n|t:|1783558973\n|move|p2a: Volbeat|Lunge|p1a: Dipplin\n|-supereffective|p1a: Dipplin\n|-damage|p1a: Dipplin|66/100 tox\n|-unboost|p1a: Dipplin|atk|1\n|move|p1a: Dipplin|Dragon Pulse|p2a: Volbeat\n|-damage|p2a: Volbeat|66/263\n|\n|-damage|p1a: Dipplin|54/100 tox|[from] psn\n|upkeep\n|turn|16\n|inactive|Time left: 300 sec this turn | 300 sec total\n|\n|t:|1783558975\n|move|p2a: Volbeat|Roost|p2a: Volbeat\n|-heal|p2a: Volbeat|198/263\n|-singleturn|p2a: Volbeat|move: Roost\n|move|p1a: Dipplin|Dragon Pulse|p2a: Volbeat\n|-damage|p2a: Volbeat|108/263\n|\n|-damage|p1a: Dipplin|36/100 tox|[from] psn\n|upkeep\n|turn|17\n|inactive|Time left: 300 sec this turn | 300 sec total\n|\n|t:|1783558976\n|move|p2a: Volbeat|Roost|p2a: Volbeat\n|-heal|p2a: Volbeat|240/263\n|-singleturn|p2a: Volbeat|move: Roost\n|move|p1a: Dipplin|Dragon Pulse|p2a: Volbeat\n|-damage|p2a: Volbeat|152/263\n|\n|-damage|p1a: Dipplin|12/100 tox|[from] psn\n|upkeep\n|turn|18\n|inactive|Time left: 300 sec this turn | 300 sec total\n|\n|t:|1783558977\n|switch|p2a: Abomasnow|Abomasnow, L84, M|93/287\n|-weather|Snowscape|[from] ability: Snow Warning|[of] p2a: Abomasnow\n|move|p1a: Dipplin|Recover|p1a: Dipplin\n|-heal|p1a: Dipplin|62/100 tox\n|\n|-weather|Snowscape|[upkeep]\n|-damage|p1a: Dipplin|33/100 tox|[from] psn\n|upkeep\n|turn|19\n|inactive|Time left: 300 sec this turn | 300 sec total\n|\n|t:|1783558977\n|move|p2a: Abomasnow|Aurora Veil|p2a: Abomasnow\n|-sidestart|p2: p0y17043a16|move: Aurora Veil\n|move|p1a: Dipplin|Dragon Pulse|p2a: Abomasnow\n|-damage|p2a: Abomasnow|42/287\n|\n|-weather|Snowscape|[upkeep]\n|-damage|p1a: Dipplin|0 fnt|[from] psn\n|faint|p1a: Dipplin\n|upkeep\n|\n|t:|1783558978\n|switch|p1a: Primarina|Primarina, L83, F|100/100\n|-status|p1a: Primarina|tox\n|turn|20\n|inactive|Time left: 300 sec this turn | 300 sec total\n|\n|t:|1783558979\n|switch|p2a: Banette|Banette, L93, F|90/270\n|move|p1a: Primarina|Psychic|p2a: Banette\n|-damage|p2a: Banette|48/270\n|\n|-weather|Snowscape|[upkeep]\n|-damage|p1a: Primarina|95/100 tox|[from] psn\n|upkeep\n|turn|21\n|inactive|Time left: 300 sec this turn | 300 sec total\n|\n|t:|1783558980\n|-terastallize|p2a: Banette|Poison\n|move|p2a: Banette|Gunk Shot|p1a: Primarina\n|-supereffective|p1a: Primarina\n|-damage|p1a: Primarina|0 fnt\n|faint|p1a: Primarina\n|-damage|p2a: Banette|21/270|[from] item: Life Orb\n|\n|win|p0y17043a16", "uploadtime": 1783558980, "views": 0, "rating": 0, "private": 0, "password": null, "_winner": "p0y17043a16", "_our_name": "p0y17043a16"}