{"id": "battle-gen9randombattle-627", "formatid": "gen9randombattle", "format": "[Gen 9] Random Battle", "players": ["p0x627d925", "p0y627efa0"], "log": "|init|battle\n|title|p0x627d925 vs. p0y627efa0\n|j|\u2606p0x627d925\n|j|\u2606p0y627efa0\n|t:|1783546382\n|gametype|singles\n|player|p1|p0x627d925|102|\n|player|p2|p0y627efa0|266|\n|gen|9\n|tier|[Gen 9] Random Battle\n|rule|Species Clause: Limit one of each Pok\u00e9mon\n|rule|HP Percentage Mod: HP is shown in percentages\n|rule|Sleep Clause Mod: Limit one foe put to sleep\n|rule|Illusion Level Mod: Illusion disguises the Pok\u00e9mon's true level\n|\n|t:|1783546382\n|teamsize|p1|6\n|teamsize|p2|6\n|start\n|switch|p1a: Azelf|Azelf, L82|257/257\n|switch|p2a: Honchkrow|Honchkrow, L86, M|100/100\n|turn|1\n|inactive|Battle timer is ON: inactive players will automatically lose when time's up. (requested by p0y627efa0)\n|inactive|Time left: 300 sec this turn | 300 sec total | 60 sec grace\n|\n|t:|1783546384\n|switch|p1a: Baxcalibur|Baxcalibur, L75, F|295/295\n|move|p2a: Honchkrow|Brave Bird|p1a: Baxcalibur\n|-damage|p1a: Baxcalibur|130/295\n|-damage|p2a: Honchkrow|83/100|[from] Recoil\n|\n|upkeep\n|turn|2\n|inactive|Time left: 300 sec this turn | 300 sec total\n|inactive|p0x627d925 also wants the timer to be on.\n|\n|t:|1783546385\n|switch|p2a: Conkeldurr|Conkeldurr, L80, M|100/100\n|move|p1a: Baxcalibur|Glaive Rush|p2a: Conkeldurr\n|-damage|p2a: Conkeldurr|31/100\n|-singlemove|p1a: Baxcalibur|Glaive Rush|[silent]\n|\n|-status|p2a: Conkeldurr|brn|[from] item: Flame Orb\n|upkeep\n|turn|3\n|inactive|Time left: 300 sec this turn | 300 sec total\n|\n|t:|1783546386\n|move|p2a: Conkeldurr|Mach Punch|p1a: Baxcalibur\n|-supereffective|p1a: Baxcalibur\n|-damage|p1a: Baxcalibur|0 fnt\n|faint|p1a: Baxcalibur\n|\n|-damage|p2a: Conkeldurr|25/100 brn|[from] brn\n|upkeep\n|inactive|Time left: 300 sec this turn | 300 sec total | 5 sec grace\n|\n|t:|1783546387\n|switch|p1a: Serperior|Serperior, L79, F|248/248\n|turn|4\n|inactive|Time left: 300 sec this turn | 300 sec total\n|\n|t:|1783546388\n|switch|p2a: Gengar|Gengar, L81, M|100/100\n|move|p1a: Serperior|Leaf Storm|p2a: Gengar\n|-resisted|p2a: Gengar\n|-damage|p2a: Gengar|74/100\n|-boost|p1a: Serperior|spa|2\n|\n|upkeep\n|turn|5\n|inactive|Time left: 300 sec this turn | 300 sec total\n|\n|t:|1783546389\n|-terastallize|p1a: Serperior|Water\n|move|p2a: Gengar|Sludge Wave|p1a: Serperior\n|-damage|p1a: Serperior|104/248\n|-damage|p2a: Gengar|64/100|[from] item: Life Orb\n|move|p1a: Serperior|Leaf Storm|p2a: Gengar\n|-resisted|p2a: Gengar\n|-damage|p2a: Gengar|15/100\n|-boost|p1a: Serperior|spa|2\n|\n|-heal|p1a: Serperior|119/248|[from] item: Leftovers\n|upkeep\n|turn|6\n|inactive|Time left: 300 sec this turn | 300 sec total\n|\n|t:|1783546390\n|switch|p1a: Venusaur|Venusaur, L84, M|272/272\n|move|p2a: Gengar|Shadow Ball|p1a: Venusaur\n|-damage|p1a: Venusaur|147/272\n|-damage|p2a: Gengar|5/100|[from] item: Life Orb\n|\n|-heal|p1a: Venusaur|164/272|[from] item: Leftovers\n|upkeep\n|turn|7\n|inactive|Time left: 300 sec this turn | 300 sec total\n|\n|t:|1783546391\n|move|p2a: Gengar|Shadow Ball|p1a: Venusaur\n|-damage|p1a: Venusaur|38/272\n|-damage|p2a: Gengar|0 fnt|[from] item: Life Orb\n|faint|p2a: Gengar\n|move|p1a: Venusaur|Synthesis|p1a: Venusaur\n|-heal|p1a: Venusaur|174/272\n|\n|-heal|p1a: Venusaur|191/272|[from] item: Leftovers\n|upkeep\n|\n|t:|1783546392\n|switch|p2a: Meloetta|Meloetta, L82|100/100\n|turn|8\n|inactive|Time left: 300 sec this turn | 300 sec total\n|\n|t:|1783546393\n|move|p2a: Meloetta|Psyshock|p1a: Venusaur\n|-supereffective|p1a: Venusaur\n|-damage|p1a: Venusaur|0 fnt\n|faint|p1a: Venusaur\n|\n|upkeep\n|inactive|Time left: 300 sec this turn | 300 sec total | 5 sec grace\n|\n|t:|1783546394\n|switch|p1a: Greedent|Greedent, L86, M|347/347\n|turn|9\n|inactive|Time left: 300 sec this turn | 300 sec total\n|\n|t:|1783546395\n|move|p2a: Meloetta|Psyshock|p1a: Greedent\n|-damage|p1a: Greedent|220/347\n|move|p1a: Greedent|Swords Dance|p1a: Greedent\n|-boost|p1a: Greedent|atk|2\n|\n|upkeep\n|turn|10\n|inactive|Time left: 300 sec this turn | 300 sec total\n|\n|t:|1783546396\n|switch|p2a: Honchkrow|Honchkrow, L86, M|83/100\n|move|p1a: Greedent|Knock Off|p2a: Honchkrow\n|-resisted|p2a: Honchkrow\n|-damage|p2a: Honchkrow|50/100\n|-enditem|p2a: Honchkrow|Heavy-Duty Boots|[from] move: Knock Off|[of] p1a: Greedent\n|\n|upkeep\n|turn|11\n|inactive|Time left: 300 sec this turn | 300 sec total\n|\n|t:|1783546397\n|move|p2a: Honchkrow|Brave Bird|p1a: Greedent\n|-damage|p1a: Greedent|82/347\n|-enditem|p1a: Greedent|Sitrus Berry|[eat]\n|-heal|p1a: Greedent|168/347|[from] item: Sitrus Berry\n|-heal|p1a: Greedent|283/347|[from] ability: Cheek Pouch\n|-damage|p2a: Honchkrow|35/100|[from] Recoil\n|move|p1a: Greedent|Body Slam|p2a: Honchkrow\n|-damage|p2a: Honchkrow|0 fnt\n|faint|p2a: Honchkrow\n|\n|upkeep\n|\n|t:|1783546398\n|switch|p2a: Conkeldurr|Conkeldurr, L80, M|25/100 brn\n|turn|12\n|inactive|Time left: 300 sec this turn | 300 sec total\n|\n|t:|1783546399\n|switch|p1a: Azelf|Azelf, L82|257/257\n|move|p2a: Conkeldurr|Close Combat|p1a: Azelf\n|-resisted|p1a: Azelf\n|-damage|p1a: Azelf|113/257\n|-unboost|p2a: Conkeldurr|def|1\n|-unboost|p2a: Conkeldurr|spd|1\n|\n|-damage|p2a: Conkeldurr|19/100 brn|[from] brn\n|upkeep\n|turn|13\n|inactive|Time left: 300 sec this turn | 300 sec total\n|\n|t:|1783546400\n|switch|p2a: Meloetta|Meloetta, L82|100/100\n|move|p1a: Azelf|Knock Off|p2a: Meloetta\n|-supereffective|p2a: Meloetta\n|-damage|p2a: Meloetta|19/100\n|-enditem|p2a: Meloetta|Choice Specs|[from] move: Knock Off|[of] p1a: Azelf\n|-damage|p1a: Azelf|88/257|[from] item: Life Orb\n|\n|upkeep\n|turn|14\n|inactive|Time left: 300 sec this turn | 300 sec total\n|\n|t:|1783546401\n|move|p1a: Azelf|U-turn|p2a: Meloetta\n|-supereffective|p2a: Meloetta\n|-damage|p2a: Meloetta|0 fnt\n|faint|p2a: Meloetta\n|-damage|p1a: Azelf|63/257|[from] item: Life Orb\n|inactive|Time left: 300 sec this turn | 300 sec total | 5 sec grace\n|\n|t:|1783546402\n|switch|p1a: Serperior|Serperior, L79, F, tera:Water|119/248|[from] U-turn\n|\n|-heal|p1a: Serperior|134/248|[from] item: Leftovers\n|upkeep\n|\n|t:|1783546403\n|switch|p2a: Iron Treads|Iron Treads, L77|100/100\n|turn|15\n|inactive|Time left: 300 sec this turn | 300 sec total\n|\n|t:|1783546404\n|move|p1a: Serperior|Leech Seed|p2a: Iron Treads\n|-start|p2a: Iron Treads|move: Leech Seed\n|move|p2a: Iron Treads|Earthquake|p1a: Serperior\n|-damage|p1a: Serperior|31/248\n|\n|-heal|p1a: Serperior|46/248|[from] item: Leftovers\n|-damage|p2a: Iron Treads|88/100|[from] Leech Seed|[of] p1a: Serperior\n|-heal|p1a: Serperior|79/248|[silent]\n|upkeep\n|turn|16\n|inactive|Time left: 300 sec this turn | 300 sec total\n|\n|t:|1783546405\n|move|p1a: Serperior|Leaf Storm|p2a: Iron Treads\n|-damage|p2a: Iron Treads|36/100\n|-boost|p1a: Serperior|spa|2\n|move|p2a: Iron Treads|Earthquake|p1a: Serperior\n|-damage|p1a: Serperior|0 fnt\n|faint|p1a: Serperior\n|\n|-heal|p2a: Iron Treads|42/100|[from] item: Leftovers\n|upkeep\n|inactive|Time left: 300 sec this turn | 300 sec total | 5 sec grace\n|\n|t:|1783546406\n|switch|p1a: Greedent|Greedent, L86, M|283/347\n|turn|17\n|inactive|Time left: 300 sec this turn | 300 sec total\n|\n|t:|1783546407\n|move|p2a: Iron Treads|Iron Head|p1a: Greedent\n|-damage|p1a: Greedent|216/347\n|move|p1a: Greedent|Swords Dance|p1a: Greedent\n|-boost|p1a: Greedent|atk|2\n|\n|-heal|p2a: Iron Treads|48/100|[from] item: Leftovers\n|-damage|p2a: Iron Treads|36/100|[from] Leech Seed|[of] p1a: Greedent\n|-heal|p1a: Greedent|249/347|[silent]\n|upkeep\n|turn|18\n|inactive|Time left: 300 sec this turn | 300 sec total\n|\n|t:|1783546408\n|move|p2a: Iron Treads|Earthquake|p1a: Greedent\n|-damage|p1a: Greedent|156/347\n|move|p1a: Greedent|Body Slam|p2a: Iron Treads\n|-resisted|p2a: Iron Treads\n|-damage|p2a: Iron Treads|8/100\n|\n|-heal|p2a: Iron Treads|14/100|[from] item: Leftovers\n|-damage|p2a: Iron Treads|2/100|[from] Leech Seed|[of] p1a: Greedent\n|-heal|p1a: Greedent|189/347|[silent]\n|upkeep\n|turn|19\n|inactive|Time left: 300 sec this turn | 300 sec total\n|\n|t:|1783546409\n|move|p2a: Iron Treads|Iron Head|p1a: Greedent\n|-damage|p1a: Greedent|120/347\n|move|p1a: Greedent|Knock Off|p2a: Iron Treads\n|-damage|p2a: Iron Treads|0 fnt\n|-enditem|p2a: Iron Treads|Leftovers|[from] move: Knock Off|[of] p1a: Greedent\n|faint|p2a: Iron Treads\n|-end|p2a: Iron Treads|Quark Drive|[silent]\n|\n|upkeep\n|\n|t:|1783546410\n|switch|p2a: Conkeldurr|Conkeldurr, L80, M|19/100 brn\n|turn|20\n|inactive|Time left: 300 sec this turn | 300 sec total\n|\n|t:|1783546411\n|move|p2a: Conkeldurr|Facade|p1a: Greedent\n|-damage|p1a: Greedent|0 fnt\n|faint|p1a: Greedent\n|\n|-damage|p2a: Conkeldurr|13/100 brn|[from] brn\n|upkeep\n|inactive|Time left: 300 sec this turn | 300 sec total | 5 sec grace\n|\n|t:|1783546412\n|switch|p1a: Azelf|Azelf, L82|63/257\n|turn|21\n|inactive|Time left: 300 sec this turn | 300 sec total\n|\n|t:|1783546413\n|move|p1a: Azelf|Knock Off|p2a: Conkeldurr\n|-resisted|p2a: Conkeldurr\n|-damage|p2a: Conkeldurr|0 fnt\n|-enditem|p2a: Conkeldurr|Flame Orb|[from] move: Knock Off|[of] p1a: Azelf\n|faint|p2a: Conkeldurr\n|-damage|p1a: Azelf|38/257|[from] item: Life Orb\n|\n|upkeep\n|\n|t:|1783546414\n|switch|p2a: Palafin|Palafin, L77, F|100/100\n|turn|22\n|inactive|Time left: 300 sec this turn | 300 sec total\n|\n|t:|1783546415\n|-terastallize|p2a: Palafin|Water\n|move|p2a: Palafin|Jet Punch|p1a: Azelf\n|-damage|p1a: Azelf|0 fnt\n|faint|p1a: Azelf\n|\n|upkeep\n|inactive|Time left: 300 sec this turn | 300 sec total | 5 sec grace\n|\n|t:|1783546416\n|switch|p1a: Dialga|Dialga, L73|266/266\n|-ability|p1a: Dialga|Pressure\n|turn|23\n|inactive|Time left: 300 sec this turn | 300 sec total\n|\n|t:|1783546417\n|move|p2a: Palafin|Jet Punch|p1a: Dialga\n|-resisted|p1a: Dialga\n|-damage|p1a: Dialga|224/266\n|move|p1a: Dialga|Draco Meteor|p2a: Palafin\n|-damage|p2a: Palafin|27/100\n|-unboost|p1a: Dialga|spa|2\n|\n|-heal|p1a: Dialga|240/266|[from] item: Leftovers\n|upkeep\n|turn|24\n|inactive|Time left: 300 sec this turn | 300 sec total\n|\n|t:|1783546418\n|move|p2a: Palafin|Jet Punch|p1a: Dialga\n|-resisted|p1a: Dialga\n|-damage|p1a: Dialga|201/266\n|move|p1a: Dialga|Heavy Slam|p2a: Palafin\n|-resisted|p2a: Palafin\n|-damage|p2a: Palafin|0 fnt\n|faint|p2a: Palafin\n|\n|win|p0x627d925", "uploadtime": 1783546418, "views": 0, "rating": 0, "private": 0, "password": null, "_winner": "p0x627d925", "_our_name": "p0x627d925"}