{"id": "battle-gen9randombattle-2315", "formatid": "gen9randombattle", "format": "[Gen 9] Random Battle", "players": ["p0x2315a392", "p0y23151d33"], "log": "|init|battle\n|title|p0x2315a392 vs. p0y23151d33\n|j|\u2606p0x2315a392\n|j|\u2606p0y23151d33\n|t:|1783565859\n|gametype|singles\n|player|p1|p0x2315a392|2|\n|player|p2|p0y23151d33|102|\n|gen|9\n|tier|[Gen 9] Random Battle\n|rule|Species Clause: Limit one of each Pok\u00e9mon\n|rule|HP Percentage Mod: HP is shown in percentages\n|rule|Sleep Clause Mod: Limit one foe put to sleep\n|rule|Illusion Level Mod: Illusion disguises the Pok\u00e9mon's true level\n|\n|t:|1783565859\n|teamsize|p1|6\n|teamsize|p2|6\n|start\n|switch|p1a: Hawlucha|Hawlucha, L80, F|256/256\n|switch|p2a: Alcremie|Alcremie-Rainbow-Swirl, L90, F|100/100\n|turn|1\n|inactive|Battle timer is ON: inactive players will automatically lose when time's up. (requested by p0y23151d33)\n|inactive|Time left: 300 sec this turn | 300 sec total | 60 sec grace\n|inactive|p0x2315a392 also wants the timer to be on.\n|\n|t:|1783565861\n|switch|p1a: Azumarill|Azumarill, L82, F|298/298\n|move|p2a: Alcremie|Alluring Voice|p1a: Azumarill\n|-crit|p1a: Azumarill\n|-damage|p1a: Azumarill|132/298\n|-enditem|p1a: Azumarill|Sitrus Berry|[eat]\n|-heal|p1a: Azumarill|206/298|[from] item: Sitrus Berry\n|\n|upkeep\n|turn|2\n|inactive|Time left: 300 sec this turn | 300 sec total\n|\n|t:|1783565862\n|move|p2a: Alcremie|Alluring Voice|p1a: Azumarill\n|-damage|p1a: Azumarill|97/298\n|move|p1a: Azumarill|Liquidation|p2a: Alcremie\n|-damage|p2a: Alcremie|56/100\n|\n|-heal|p2a: Alcremie|62/100|[from] item: Leftovers\n|upkeep\n|turn|3\n|inactive|Time left: 300 sec this turn | 300 sec total\n|\n|t:|1783565863\n|move|p2a: Alcremie|Alluring Voice|p1a: Azumarill\n|-damage|p1a: Azumarill|0 fnt\n|faint|p1a: Azumarill\n|\n|-heal|p2a: Alcremie|68/100|[from] item: Leftovers\n|upkeep\n|inactive|Time left: 300 sec this turn | 300 sec total | 5 sec grace\n|\n|t:|1783565864\n|switch|p1a: Lycanroc|Lycanroc-Dusk, L81, M|254/254\n|turn|4\n|inactive|Time left: 300 sec this turn | 300 sec total\n|\n|t:|1783565865\n|move|p1a: Lycanroc|Stone Edge|p2a: Alcremie\n|-damage|p2a: Alcremie|2/100\n|move|p2a: Alcremie|Alluring Voice|p1a: Lycanroc\n|-damage|p1a: Lycanroc|109/254\n|\n|-heal|p2a: Alcremie|8/100|[from] item: Leftovers\n|upkeep\n|turn|5\n|inactive|Time left: 300 sec this turn | 300 sec total\n|\n|t:|1783565866\n|move|p1a: Lycanroc|Stone Edge|p2a: Alcremie|[miss]\n|-miss|p1a: Lycanroc|p2a: Alcremie\n|move|p2a: Alcremie|Alluring Voice|p1a: Lycanroc\n|-damage|p1a: Lycanroc|0 fnt\n|faint|p1a: Lycanroc\n|\n|-heal|p2a: Alcremie|14/100|[from] item: Leftovers\n|upkeep\n|inactive|Time left: 300 sec this turn | 300 sec total | 5 sec grace\n|\n|t:|1783565867\n|switch|p1a: Azelf|Azelf, L82|257/257\n|turn|6\n|inactive|Time left: 300 sec this turn | 300 sec total\n|\n|t:|1783565868\n|move|p1a: Azelf|Psychic|p2a: Alcremie\n|-damage|p2a: Alcremie|0 fnt\n|faint|p2a: Alcremie\n|\n|upkeep\n|\n|t:|1783565869\n|switch|p2a: Gyarados|Gyarados, L79, F|100/100\n|-ability|p2a: Gyarados|Intimidate|boost\n|-unboost|p1a: Azelf|atk|1\n|turn|7\n|inactive|Time left: 300 sec this turn | 300 sec total\n|\n|t:|1783565870\n|move|p1a: Azelf|Psychic|p2a: Gyarados\n|-damage|p2a: Gyarados|47/100\n|move|p2a: Gyarados|Dragon Dance|p2a: Gyarados\n|-boost|p2a: Gyarados|atk|1\n|-boost|p2a: Gyarados|spe|1\n|\n|upkeep\n|turn|8\n|inactive|Time left: 300 sec this turn | 300 sec total\n|\n|t:|1783565871\n|move|p2a: Gyarados|Waterfall|p1a: Azelf\n|-damage|p1a: Azelf|94/257\n|move|p1a: Azelf|Psychic|p2a: Gyarados\n|-damage|p2a: Gyarados|0 fnt\n|faint|p2a: Gyarados\n|\n|upkeep\n|\n|t:|1783565872\n|switch|p2a: Volcarona|Volcarona, L77, M|100/100\n|turn|9\n|inactive|Time left: 300 sec this turn | 300 sec total\n|\n|t:|1783565873\n|move|p1a: Azelf|Psychic|p2a: Volcarona\n|-damage|p2a: Volcarona|42/100\n|move|p2a: Volcarona|Quiver Dance|p2a: Volcarona\n|-boost|p2a: Volcarona|spa|1\n|-boost|p2a: Volcarona|spd|1\n|-boost|p2a: Volcarona|spe|1\n|\n|upkeep\n|turn|10\n|inactive|Time left: 300 sec this turn | 300 sec total\n|\n|t:|1783565874\n|switch|p1a: Bombirdier|Bombirdier, L85, F|258/258\n|move|p2a: Volcarona|Fiery Dance|p1a: Bombirdier\n|-damage|p1a: Bombirdier|116/258\n|-boost|p2a: Volcarona|spa|1\n|\n|upkeep\n|turn|11\n|inactive|Time left: 300 sec this turn | 300 sec total\n|\n|t:|1783565875\n|move|p1a: Bombirdier|Sucker Punch|p2a: Volcarona\n|-damage|p2a: Volcarona|0 fnt\n|faint|p2a: Volcarona\n|\n|upkeep\n|\n|t:|1783565876\n|switch|p2a: Miraidon|Miraidon, L65|100/100\n|-fieldstart|move: Electric Terrain|[from] ability: Hadron Engine|[of] p2a: Miraidon\n|turn|12\n|inactive|Time left: 300 sec this turn | 300 sec total\n|\n|t:|1783565877\n|switch|p1a: Ting-Lu|Ting-Lu, L78|370/370\n|-ability|p1a: Ting-Lu|Vessel of Ruin\n|move|p2a: Miraidon|Calm Mind|p2a: Miraidon\n|-boost|p2a: Miraidon|spa|1\n|-boost|p2a: Miraidon|spd|1\n|\n|upkeep\n|turn|13\n|inactive|Time left: 300 sec this turn | 300 sec total\n|\n|t:|1783565878\n|move|p2a: Miraidon|Draco Meteor|p1a: Ting-Lu\n|-crit|p1a: Ting-Lu\n|-damage|p1a: Ting-Lu|27/370\n|-unboost|p2a: Miraidon|spa|2\n|-damage|p2a: Miraidon|91/100|[from] item: Life Orb\n|move|p1a: Ting-Lu|Earthquake|p2a: Miraidon\n|-supereffective|p2a: Miraidon\n|-damage|p2a: Miraidon|0 fnt\n|faint|p2a: Miraidon\n|\n|-heal|p1a: Ting-Lu|50/370|[from] item: Leftovers\n|upkeep\n|\n|t:|1783565879\n|switch|p2a: Mienshao|Mienshao, L83, M|100/100\n|turn|14\n|inactive|Time left: 300 sec this turn | 300 sec total\n|\n|t:|1783565880\n|move|p2a: Mienshao|Triple Axel|p1a: Ting-Lu\n|-supereffective|p1a: Ting-Lu\n|-damage|p1a: Ting-Lu|8/370\n|-hitcount|p1a: Ting-Lu|1\n|-damage|p2a: Mienshao|91/100|[from] item: Life Orb\n|move|p1a: Ting-Lu|Earthquake|p2a: Mienshao\n|-damage|p2a: Mienshao|32/100\n|\n|-heal|p1a: Ting-Lu|31/370|[from] item: Leftovers\n|upkeep\n|turn|15\n|inactive|Time left: 300 sec this turn | 300 sec total\n|\n|t:|1783565881\n|move|p2a: Mienshao|Triple Axel|p1a: Ting-Lu\n|-supereffective|p1a: Ting-Lu\n|-damage|p1a: Ting-Lu|0 fnt\n|faint|p1a: Ting-Lu\n|-hitcount|p1: Ting-Lu|1\n|-damage|p2a: Mienshao|23/100|[from] item: Life Orb\n|\n|upkeep\n|inactive|Time left: 300 sec this turn | 300 sec total | 5 sec grace\n|\n|t:|1783565881\n|switch|p1a: Azelf|Azelf, L82|94/257\n|turn|16\n|inactive|Time left: 300 sec this turn | 300 sec total\n|\n|t:|1783565882\n|switch|p2a: Grumpig|Grumpig, L92, M|100/100\n|move|p1a: Azelf|Fire Blast|p2a: Grumpig\n|-damage|p2a: Grumpig|84/100\n|-status|p2a: Grumpig|brn\n|\n|-damage|p2a: Grumpig|78/100 brn|[from] brn\n|-fieldend|move: Electric Terrain\n|upkeep\n|turn|17\n|inactive|Time left: 300 sec this turn | 300 sec total\n|\n|t:|1783565884\n|switch|p1a: Bombirdier|Bombirdier, L85, F|116/258\n|move|p2a: Grumpig|Psychic|p1a: Bombirdier\n|-immune|p1a: Bombirdier\n|\n|-damage|p2a: Grumpig|72/100 brn|[from] brn\n|upkeep\n|turn|18\n|inactive|Time left: 300 sec this turn | 300 sec total\n|\n|t:|1783565885\n|move|p2a: Grumpig|Psychic|p1a: Bombirdier\n|-immune|p1a: Bombirdier\n|move|p1a: Bombirdier|Knock Off|p2a: Grumpig\n|-supereffective|p2a: Grumpig\n|-damage|p2a: Grumpig|0 fnt\n|-enditem|p2a: Grumpig|Choice Scarf|[from] move: Knock Off|[of] p1a: Bombirdier\n|faint|p2a: Grumpig\n|\n|upkeep\n|\n|t:|1783565886\n|switch|p2a: Mienshao|Mienshao, L83, M|56/100\n|turn|19\n|inactive|Time left: 300 sec this turn | 300 sec total\n|\n|t:|1783565886\n|-terastallize|p2a: Mienshao|Dark\n|-terastallize|p1a: Bombirdier|Steel\n|move|p2a: Mienshao|Triple Axel|p1a: Bombirdier\n|-resisted|p1a: Bombirdier\n|-damage|p1a: Bombirdier|104/258\n|-hitcount|p1a: Bombirdier|1\n|-damage|p2a: Mienshao|46/100|[from] item: Life Orb\n|move|p1a: Bombirdier|Brave Bird|p2a: Mienshao\n|-damage|p2a: Mienshao|0 fnt\n|faint|p2a: Mienshao\n|-damage|p1a: Bombirdier|67/258|[from] Recoil\n|\n|win|p0x2315a392", "uploadtime": 1783565886, "views": 0, "rating": 0, "private": 0, "password": null, "_winner": "p0x2315a392", "_our_name": "p0x2315a392"}