{"id": "battle-gen9randombattle-1925", "formatid": "gen9randombattle", "format": "[Gen 9] Random Battle", "players": ["p0x1925e1a1", "p0y1925d511"], "log": "|init|battle\n|title|p0x1925e1a1 vs. p0y1925d511\n|j|\u2606p0x1925e1a1\n|j|\u2606p0y1925d511\n|t:|1783562256\n|gametype|singles\n|player|p1|p0x1925e1a1|265|\n|player|p2|p0y1925d511|170|\n|gen|9\n|tier|[Gen 9] Random Battle\n|rule|Species Clause: Limit one of each Pok\u00e9mon\n|rule|HP Percentage Mod: HP is shown in percentages\n|rule|Sleep Clause Mod: Limit one foe put to sleep\n|rule|Illusion Level Mod: Illusion disguises the Pok\u00e9mon's true level\n|\n|t:|1783562256\n|teamsize|p1|6\n|teamsize|p2|6\n|start\n|switch|p1a: Minun|Minun, L95, F|100/100\n|switch|p2a: Annihilape|Annihilape, L76, M|292/292\n|turn|1\n|inactive|Battle timer is ON: inactive players will automatically lose when time's up. (requested by p0x1925e1a1)\n|inactive|Time left: 300 sec this turn | 300 sec total | 60 sec grace\n|\n|t:|1783562258\n|move|p1a: Minun|Nasty Plot|p1a: Minun\n|-boost|p1a: Minun|spa|2\n|move|p2a: Annihilape|Gunk Shot|p1a: Minun\n|-damage|p1a: Minun|62/100\n|\n|upkeep\n|turn|2\n|inactive|Time left: 300 sec this turn | 300 sec total\n|inactive|p0y1925d511 also wants the timer to be on.\n|\n|t:|1783562259\n|switch|p2a: Donphan|Donphan, L84, F|288/288\n|move|p1a: Minun|Thunderbolt|p2a: Donphan\n|-immune|p2a: Donphan\n|\n|upkeep\n|turn|3\n|inactive|Time left: 300 sec this turn | 300 sec total\n|\n|t:|1783562260\n|move|p1a: Minun|Grass Knot|p2a: Donphan\n|-supereffective|p2a: Donphan\n|-ability|p2a: Donphan|Sturdy\n|-damage|p2a: Donphan|1/288\n|-damage|p1a: Minun|53/100|[from] item: Life Orb\n|move|p2a: Donphan|Earthquake|p1a: Minun\n|-supereffective|p1a: Minun\n|-damage|p1a: Minun|0 fnt\n|faint|p1a: Minun\n|\n|upkeep\n|\n|t:|1783562261\n|switch|p1a: Basculin|Basculin, L86, F|100/100\n|turn|4\n|inactive|Time left: 300 sec this turn | 300 sec total\n|\n|t:|1783562262\n|switch|p2a: Mightyena|Mightyena, L96, M|290/290\n|-ability|p2a: Mightyena|Intimidate|boost\n|-unboost|p1a: Basculin|atk|1\n|move|p1a: Basculin|Wave Crash|p2a: Mightyena\n|-damage|p2a: Mightyena|108/290\n|-damage|p1a: Basculin|78/100|[from] Recoil\n|\n|upkeep\n|turn|5\n|inactive|Time left: 300 sec this turn | 300 sec total\n|\n|t:|1783562263\n|switch|p2a: Milotic|Milotic, L83, F|293/293\n|move|p1a: Basculin|Wave Crash|p2a: Milotic\n|-resisted|p2a: Milotic\n|-damage|p2a: Milotic|196/293\n|-damage|p1a: Basculin|65/100|[from] Recoil\n|\n|-heal|p2a: Milotic|214/293|[from] item: Leftovers\n|upkeep\n|turn|6\n|inactive|Time left: 300 sec this turn | 300 sec total\n|\n|t:|1783562264\n|move|p1a: Basculin|Wave Crash|p2a: Milotic\n|-resisted|p2a: Milotic\n|-damage|p2a: Milotic|126/293\n|-damage|p1a: Basculin|54/100|[from] Recoil\n|move|p2a: Milotic|Scald|p1a: Basculin\n|-resisted|p1a: Basculin\n|-damage|p1a: Basculin|33/100\n|\n|-heal|p2a: Milotic|144/293|[from] item: Leftovers\n|upkeep\n|turn|7\n|inactive|Time left: 300 sec this turn | 300 sec total\n|\n|t:|1783562265\n|move|p1a: Basculin|Wave Crash|p2a: Milotic\n|-resisted|p2a: Milotic\n|-damage|p2a: Milotic|55/293\n|-damage|p1a: Basculin|22/100|[from] Recoil\n|move|p2a: Milotic|Scald|p1a: Basculin\n|-resisted|p1a: Basculin\n|-damage|p1a: Basculin|1/100\n|-status|p1a: Basculin|brn\n|\n|-heal|p2a: Milotic|73/293|[from] item: Leftovers\n|-damage|p1a: Basculin|0 fnt|[from] brn\n|faint|p1a: Basculin\n|upkeep\n|\n|t:|1783562266\n|switch|p1a: Emboar|Emboar, L84, M|100/100\n|turn|8\n|inactive|Time left: 300 sec this turn | 300 sec total\n|\n|t:|1783562267\n|move|p1a: Emboar|Flare Blitz|p2a: Milotic\n|-resisted|p2a: Milotic\n|-damage|p2a: Milotic|0 fnt\n|faint|p2a: Milotic\n|-damage|p1a: Emboar|93/100|[from] Recoil\n|\n|upkeep\n|inactive|Time left: 300 sec this turn | 300 sec total | 5 sec grace\n|\n|t:|1783562268\n|switch|p2a: Annihilape|Annihilape, L76, M|292/292\n|turn|9\n|inactive|Time left: 300 sec this turn | 300 sec total\n|\n|t:|1783562269\n|move|p1a: Emboar|Flare Blitz|p2a: Annihilape\n|-damage|p2a: Annihilape|82/292\n|-damage|p1a: Emboar|72/100|[from] Recoil\n|move|p2a: Annihilape|Drain Punch|p1a: Emboar\n|-damage|p1a: Emboar|45/100\n|-heal|p2a: Annihilape|126/292|[from] drain|[of] p1a: Emboar\n|\n|-heal|p2a: Annihilape|144/292|[from] item: Leftovers\n|upkeep\n|turn|10\n|inactive|Time left: 300 sec this turn | 300 sec total\n|\n|t:|1783562270\n|switch|p2a: Mightyena|Mightyena, L96, M|108/290\n|-ability|p2a: Mightyena|Intimidate|boost\n|-unboost|p1a: Emboar|atk|1\n|move|p1a: Emboar|Flare Blitz|p2a: Mightyena\n|-damage|p2a: Mightyena|0 fnt\n|faint|p2a: Mightyena\n|-damage|p1a: Emboar|33/100|[from] Recoil\n|\n|upkeep\n|inactive|Time left: 300 sec this turn | 300 sec total | 5 sec grace\n|\n|t:|1783562271\n|switch|p2a: Articuno|Articuno, L86|295/295\n|-ability|p2a: Articuno|Pressure\n|turn|11\n|inactive|Time left: 300 sec this turn | 300 sec total\n|\n|t:|1783562272\n|move|p1a: Emboar|Flare Blitz|p2a: Articuno\n|-supereffective|p2a: Articuno\n|-damage|p2a: Articuno|65/295\n|-damage|p1a: Emboar|10/100|[from] Recoil\n|move|p2a: Articuno|Freeze-Dry|p1a: Emboar\n|-resisted|p1a: Emboar\n|-damage|p1a: Emboar|0 fnt\n|faint|p1a: Emboar\n|\n|upkeep\n|\n|t:|1783562273\n|switch|p1a: Girafarig|Girafarig, L89, F|100/100\n|turn|12\n|inactive|Time left: 300 sec this turn | 300 sec total\n|\n|t:|1783562274\n|switch|p2a: Donphan|Donphan, L84, F|1/288\n|move|p1a: Girafarig|Psyshock|p2a: Donphan\n|-damage|p2a: Donphan|0 fnt\n|faint|p2a: Donphan\n|\n|upkeep\n|inactive|Time left: 300 sec this turn | 300 sec total | 5 sec grace\n|\n|t:|1783562275\n|switch|p2a: Annihilape|Annihilape, L76, M|144/292\n|turn|13\n|inactive|Time left: 300 sec this turn | 300 sec total\n|\n|t:|1783562276\n|-terastallize|p2a: Annihilape|Steel\n|move|p1a: Girafarig|Psyshock|p2a: Annihilape\n|-resisted|p2a: Annihilape\n|-damage|p2a: Annihilape|94/292\n|move|p2a: Annihilape|Bulk Up|p2a: Annihilape\n|-boost|p2a: Annihilape|atk|1\n|-boost|p2a: Annihilape|def|1\n|\n|-heal|p2a: Annihilape|112/292|[from] item: Leftovers\n|upkeep\n|turn|14\n|inactive|Time left: 300 sec this turn | 300 sec total\n|\n|t:|1783562277\n|move|p1a: Girafarig|Nasty Plot|p1a: Girafarig\n|-boost|p1a: Girafarig|spa|2\n|move|p2a: Annihilape|Drain Punch|p1a: Girafarig\n|-damage|p1a: Girafarig|69/100\n|-heal|p2a: Annihilape|155/292|[from] drain|[of] p1a: Girafarig\n|\n|-heal|p2a: Annihilape|173/292|[from] item: Leftovers\n|upkeep\n|turn|15\n|inactive|Time left: 300 sec this turn | 300 sec total\n|\n|t:|1783562279\n|move|p1a: Girafarig|Thunderbolt|p2a: Annihilape\n|-damage|p2a: Annihilape|32/292\n|move|p2a: Annihilape|Drain Punch|p1a: Girafarig\n|-damage|p1a: Girafarig|35/100\n|-heal|p2a: Annihilape|78/292|[from] drain|[of] p1a: Girafarig\n|\n|-heal|p2a: Annihilape|96/292|[from] item: Leftovers\n|upkeep\n|turn|16\n|inactive|Time left: 300 sec this turn | 300 sec total\n|\n|t:|1783562280\n|move|p1a: Girafarig|Hyper Voice|p2a: Annihilape\n|-resisted|p2a: Annihilape\n|-damage|p2a: Annihilape|0 fnt\n|faint|p2a: Annihilape\n|\n|upkeep\n|inactive|Time left: 300 sec this turn | 300 sec total | 5 sec grace\n|\n|t:|1783562281\n|switch|p2a: Virizion|Virizion, L82|283/283\n|turn|17\n|inactive|Time left: 300 sec this turn | 300 sec total\n|\n|t:|1783562282\n|-terastallize|p1a: Girafarig|Normal\n|move|p2a: Virizion|Close Combat|p1a: Girafarig\n|-supereffective|p1a: Girafarig\n|-damage|p1a: Girafarig|0 fnt\n|-unboost|p2a: Virizion|def|1\n|-unboost|p2a: Virizion|spd|1\n|faint|p1a: Girafarig\n|-damage|p2a: Virizion|255/283|[from] item: Life Orb\n|\n|upkeep\n|\n|t:|1783562282\n|switch|p1a: Blaziken|Blaziken, L76, M|100/100\n|turn|18\n|inactive|Time left: 300 sec this turn | 300 sec total\n|\n|t:|1783562283\n|switch|p2a: Articuno|Articuno, L86|65/295\n|-ability|p2a: Articuno|Pressure\n|move|p1a: Blaziken|Close Combat|p2a: Articuno\n|-damage|p2a: Articuno|0 fnt\n|-unboost|p1a: Blaziken|def|1\n|-unboost|p1a: Blaziken|spd|1\n|faint|p2a: Articuno\n|-damage|p1a: Blaziken|91/100|[from] item: Life Orb\n|\n|-ability|p1a: Blaziken|Speed Boost|boost\n|-boost|p1a: Blaziken|spe|1\n|upkeep\n|inactive|Time left: 300 sec this turn | 300 sec total | 5 sec grace\n|\n|t:|1783562284\n|switch|p2a: Virizion|Virizion, L82|255/283\n|turn|19\n|inactive|Time left: 300 sec this turn | 300 sec total\n|\n|t:|1783562285\n|move|p1a: Blaziken|Flare Blitz|p2a: Virizion\n|-supereffective|p2a: Virizion\n|-damage|p2a: Virizion|0 fnt\n|faint|p2a: Virizion\n|-damage|p1a: Blaziken|57/100|[from] Recoil\n|-damage|p1a: Blaziken|47/100|[from] item: Life Orb\n|\n|win|p0x1925e1a1", "uploadtime": 1783562285, "views": 0, "rating": 0, "private": 0, "password": null, "_winner": "p0x1925e1a1", "_our_name": "p0y1925d511"}