{"id": "battle-gen9randombattle-1910", "formatid": "gen9randombattle", "format": "[Gen 9] Random Battle", "players": ["p0x1910afe7", "p0y1910440d"], "log": "|init|battle\n|title|p0x1910afe7 vs. p0y1910440d\n|j|\u2606p0x1910afe7\n|j|\u2606p0y1910440d\n|t:|1783562092\n|gametype|singles\n|player|p1|p0x1910afe7|266|\n|player|p2|p0y1910440d|102|\n|gen|9\n|tier|[Gen 9] Random Battle\n|rule|Species Clause: Limit one of each Pok\u00e9mon\n|rule|HP Percentage Mod: HP is shown in percentages\n|rule|Sleep Clause Mod: Limit one foe put to sleep\n|rule|Illusion Level Mod: Illusion disguises the Pok\u00e9mon's true level\n|\n|t:|1783562092\n|teamsize|p1|6\n|teamsize|p2|6\n|start\n|switch|p1a: Cinccino|Cinccino, L83, M|260/260\n|switch|p2a: Girafarig|Girafarig, L89, M|100/100\n|turn|1\n|inactive|Battle timer is ON: inactive players will automatically lose when time's up. (requested by p0y1910440d)\n|inactive|Time left: 300 sec this turn | 300 sec total | 60 sec grace\n|inactive|p0x1910afe7 also wants the timer to be on.\n|\n|t:|1783562093\n|move|p1a: Cinccino|Tail Slap|p2a: Girafarig\n|-damage|p2a: Girafarig|89/100\n|-damage|p2a: Girafarig|78/100\n|-damage|p2a: Girafarig|66/100\n|-damage|p2a: Girafarig|55/100\n|-hitcount|p2a: Girafarig|4\n|move|p2a: Girafarig|Nasty Plot|p2a: Girafarig\n|-boost|p2a: Girafarig|spa|2\n|\n|upkeep\n|turn|2\n|inactive|Time left: 300 sec this turn | 300 sec total\n|\n|t:|1783562094\n|-terastallize|p1a: Cinccino|Normal\n|move|p1a: Cinccino|Tail Slap|p2a: Girafarig\n|-damage|p2a: Girafarig|39/100\n|-damage|p2a: Girafarig|22/100\n|-damage|p2a: Girafarig|8/100\n|-damage|p2a: Girafarig|0 fnt\n|faint|p2a: Girafarig\n|-hitcount|p2: Girafarig|4\n|\n|upkeep\n|\n|t:|1783562095\n|switch|p2a: Kleavor|Kleavor, L78, M|100/100\n|turn|3\n|inactive|Time left: 300 sec this turn | 300 sec total\n|\n|t:|1783562097\n|move|p1a: Cinccino|Triple Axel|p2a: Kleavor\n|-damage|p2a: Kleavor|92/100\n|-damage|p2a: Kleavor|75/100\n|-damage|p2a: Kleavor|46/100\n|-hitcount|p2a: Kleavor|3\n|move|p2a: Kleavor|Stone Axe|p1a: Cinccino\n|-damage|p1a: Cinccino|107/260\n|-sidestart|p1: p0x1910afe7|move: Stealth Rock\n|\n|upkeep\n|turn|4\n|inactive|Time left: 300 sec this turn | 300 sec total\n|\n|t:|1783562098\n|switch|p2a: Vigoroth|Vigoroth, L85, F|100/100\n|move|p1a: Cinccino|Triple Axel|p2a: Vigoroth\n|-damage|p2a: Vigoroth|95/100\n|-damage|p2a: Vigoroth|84/100\n|-damage|p2a: Vigoroth|68/100\n|-hitcount|p2a: Vigoroth|3\n|\n|upkeep\n|turn|5\n|inactive|Time left: 300 sec this turn | 300 sec total\n|\n|t:|1783562099\n|move|p1a: Cinccino|Tidy Up|p1a: Cinccino\n|-sideend|p1: p0x1910afe7|Stealth Rock\n|-activate|p1a: Cinccino|move: Tidy Up\n|-boost|p1a: Cinccino|atk|1\n|-boost|p1a: Cinccino|spe|1\n|move|p2a: Vigoroth|Body Slam|p1a: Cinccino\n|-damage|p1a: Cinccino|2/260\n|-status|p1a: Cinccino|par\n|\n|upkeep\n|turn|6\n|inactive|Time left: 300 sec this turn | 300 sec total\n|\n|t:|1783562100\n|move|p2a: Vigoroth|Body Slam|p1a: Cinccino\n|-damage|p1a: Cinccino|0 fnt\n|faint|p1a: Cinccino\n|\n|upkeep\n|inactive|Time left: 300 sec this turn | 300 sec total | 5 sec grace\n|\n|t:|1783562101\n|switch|p1a: Hydrapple|Hydrapple, L83, M|312/312\n|turn|7\n|inactive|Time left: 300 sec this turn | 300 sec total\n|\n|t:|1783562102\n|move|p2a: Vigoroth|Slack Off|p2a: Vigoroth\n|-heal|p2a: Vigoroth|100/100\n|move|p1a: Hydrapple|Fickle Beam|p2a: Vigoroth\n|-damage|p2a: Vigoroth|50/100\n|\n|upkeep\n|turn|8\n|inactive|Time left: 300 sec this turn | 300 sec total\n|\n|t:|1783562103\n|move|p2a: Vigoroth|Slack Off|p2a: Vigoroth\n|-heal|p2a: Vigoroth|100/100\n|move|p1a: Hydrapple|Fickle Beam|p2a: Vigoroth\n|-damage|p2a: Vigoroth|55/100\n|\n|upkeep\n|turn|9\n|inactive|Time left: 300 sec this turn | 300 sec total\n|\n|t:|1783562104\n|move|p2a: Vigoroth|Slack Off|p2a: Vigoroth\n|-heal|p2a: Vigoroth|100/100\n|move|p1a: Hydrapple|Fickle Beam|p2a: Vigoroth\n|-damage|p2a: Vigoroth|55/100\n|\n|upkeep\n|turn|10\n|inactive|Time left: 300 sec this turn | 300 sec total\n|\n|t:|1783562105\n|move|p2a: Vigoroth|Slack Off|p2a: Vigoroth\n|-heal|p2a: Vigoroth|100/100\n|move|p1a: Hydrapple|Fickle Beam|p2a: Vigoroth\n|-damage|p2a: Vigoroth|49/100\n|\n|upkeep\n|turn|11\n|inactive|Time left: 300 sec this turn | 300 sec total\n|\n|t:|1783562106\n|move|p2a: Vigoroth|Slack Off|p2a: Vigoroth\n|-heal|p2a: Vigoroth|99/100\n|move|p1a: Hydrapple|Fickle Beam|p2a: Vigoroth|[anim] Fickle Beam All Out\n|-activate|p1a: Hydrapple|move: Fickle Beam\n|-damage|p2a: Vigoroth|3/100\n|\n|upkeep\n|turn|12\n|inactive|Time left: 300 sec this turn | 300 sec total\n|\n|t:|1783562107\n|move|p2a: Vigoroth|Slack Off|p2a: Vigoroth\n|-heal|p2a: Vigoroth|53/100\n|move|p1a: Hydrapple|Fickle Beam|p2a: Vigoroth\n|-damage|p2a: Vigoroth|1/100\n|\n|upkeep\n|turn|13\n|inactive|Time left: 300 sec this turn | 300 sec total\n|\n|t:|1783562108\n|move|p2a: Vigoroth|Slack Off|p2a: Vigoroth\n|-heal|p2a: Vigoroth|51/100\n|move|p1a: Hydrapple|Fickle Beam|p2a: Vigoroth|[anim] Fickle Beam All Out\n|-activate|p1a: Hydrapple|move: Fickle Beam\n|-damage|p2a: Vigoroth|0 fnt\n|faint|p2a: Vigoroth\n|\n|upkeep\n|\n|t:|1783562109\n|switch|p2a: Kleavor|Kleavor, L78, M|46/100\n|turn|14\n|inactive|Time left: 300 sec this turn | 300 sec total\n|\n|t:|1783562110\n|move|p2a: Kleavor|Stone Axe|p1a: Hydrapple\n|-damage|p1a: Hydrapple|206/312\n|-sidestart|p1: p0x1910afe7|move: Stealth Rock\n|move|p1a: Hydrapple|Fickle Beam|p2a: Kleavor\n|-damage|p2a: Kleavor|0 fnt\n|faint|p2a: Kleavor\n|\n|upkeep\n|\n|t:|1783562111\n|switch|p2a: Torterra|Torterra, L78, F|100/100\n|turn|15\n|inactive|Time left: 300 sec this turn | 300 sec total\n|\n|t:|1783562112\n|switch|p1a: Glastrier|Glastrier, L86|312/312\n|move|p2a: Torterra|Shell Smash|p2a: Torterra\n|-unboost|p2a: Torterra|def|1\n|-unboost|p2a: Torterra|spd|1\n|-boost|p2a: Torterra|atk|2\n|-boost|p2a: Torterra|spa|2\n|-boost|p2a: Torterra|spe|2\n|\n|upkeep\n|turn|16\n|inactive|Time left: 300 sec this turn | 300 sec total\n|\n|t:|1783562113\n|move|p2a: Torterra|Bullet Seed|p1a: Glastrier\n|-damage|p1a: Glastrier|278/312\n|-damage|p1a: Glastrier|239/312\n|-damage|p1a: Glastrier|203/312\n|-damage|p1a: Glastrier|167/312\n|-hitcount|p1a: Glastrier|4\n|move|p1a: Glastrier|Icicle Crash|p2a: Torterra\n|-supereffective|p2a: Torterra\n|-crit|p2a: Torterra\n|-damage|p2a: Torterra|0 fnt\n|faint|p2a: Torterra\n|-ability|p1a: Glastrier|Chilling Neigh|boost\n|-boost|p1a: Glastrier|atk|1\n|\n|upkeep\n|\n|t:|1783562114\n|switch|p2a: Misdreavus|Misdreavus, L90, M|100/100\n|turn|17\n|inactive|Time left: 300 sec this turn | 300 sec total\n|\n|t:|1783562115\n|move|p2a: Misdreavus|Will-O-Wisp|p1a: Glastrier\n|-status|p1a: Glastrier|brn\n|move|p1a: Glastrier|Swords Dance|p1a: Glastrier\n|-boost|p1a: Glastrier|atk|2\n|\n|-damage|p1a: Glastrier|148/312 brn|[from] brn\n|upkeep\n|turn|18\n|inactive|Time left: 300 sec this turn | 300 sec total\n|\n|t:|1783562116\n|move|p2a: Misdreavus|Shadow Ball|p1a: Glastrier\n|-damage|p1a: Glastrier|73/312 brn\n|move|p1a: Glastrier|Heavy Slam|p2a: Misdreavus\n|-damage|p2a: Misdreavus|49/100\n|\n|-damage|p1a: Glastrier|54/312 brn|[from] brn\n|upkeep\n|turn|19\n|inactive|Time left: 300 sec this turn | 300 sec total\n|\n|t:|1783562117\n|move|p2a: Misdreavus|Shadow Ball|p1a: Glastrier\n|-damage|p1a: Glastrier|0 fnt\n|faint|p1a: Glastrier\n|\n|upkeep\n|inactive|Time left: 300 sec this turn | 300 sec total | 5 sec grace\n|\n|t:|1783562117\n|switch|p1a: Lycanroc|Lycanroc-Dusk, L81, M|254/254\n|-damage|p1a: Lycanroc|223/254|[from] Stealth Rock\n|turn|20\n|inactive|Time left: 300 sec this turn | 300 sec total\n|\n|t:|1783562118\n|move|p1a: Lycanroc|Stone Edge|p2a: Misdreavus\n|-damage|p2a: Misdreavus|0 fnt\n|faint|p2a: Misdreavus\n|\n|upkeep\n|\n|t:|1783562119\n|switch|p2a: Electrode|Electrode-Hisui, L87|100/100\n|turn|21\n|inactive|Time left: 300 sec this turn | 300 sec total\n|\n|t:|1783562119\n|switch|p1a: Zekrom|Zekrom, L71|259/259\n|-damage|p1a: Zekrom|227/259|[from] Stealth Rock\n|-ability|p1a: Zekrom|Teravolt\n|move|p2a: Electrode|Giga Drain|p1a: Zekrom\n|-resisted|p1a: Zekrom\n|-damage|p1a: Zekrom|179/259\n|-damage|p2a: Electrode|91/100|[from] item: Life Orb\n|\n|-heal|p1a: Zekrom|195/259|[from] item: Leftovers\n|upkeep\n|turn|22\n|inactive|Time left: 300 sec this turn | 300 sec total\n|\n|t:|1783562120\n|-terastallize|p2a: Electrode|Electric\n|move|p2a: Electrode|Giga Drain|p1a: Zekrom\n|-resisted|p1a: Zekrom\n|-damage|p1a: Zekrom|147/259\n|-heal|p2a: Electrode|100/100|[from] drain|[of] p1a: Zekrom\n|-damage|p2a: Electrode|91/100|[from] item: Life Orb\n|move|p1a: Zekrom|Outrage|p2a: Electrode\n|-damage|p2a: Electrode|35/100\n|\n|-heal|p1a: Zekrom|163/259|[from] item: Leftovers\n|upkeep\n|turn|23\n|inactive|Time left: 300 sec this turn | 300 sec total\n|\n|t:|1783562121\n|move|p2a: Electrode|Thunderbolt|p1a: Zekrom\n|-resisted|p1a: Zekrom\n|-damage|p1a: Zekrom|125/259\n|-damage|p2a: Electrode|25/100|[from] item: Life Orb\n|move|p1a: Zekrom|Outrage|p2a: Electrode|[from] lockedmove\n|-damage|p2a: Electrode|0 fnt\n|-damage|p1a: Zekrom|61/259|[from] ability: Aftermath|[of] p2a: Electrode\n|faint|p2a: Electrode\n|-start|p1a: Zekrom|confusion|[fatigue]\n|\n|win|p0x1910afe7", "uploadtime": 1783562121, "views": 0, "rating": 0, "private": 0, "password": null, "_winner": "p0x1910afe7", "_our_name": "p0x1910afe7"}