{"id": "battle-gen9randombattle-1978", "formatid": "gen9randombattle", "format": "[Gen 9] Random Battle", "players": ["p0x19786d38", "p0y1978d346"], "log": "|init|battle\n|title|p0x19786d38 vs. p0y1978d346\n|j|\u2606p0x19786d38\n|j|\u2606p0y1978d346\n|t:|1783562168\n|gametype|singles\n|player|p1|p0x19786d38|266|\n|player|p2|p0y1978d346|265|\n|gen|9\n|tier|[Gen 9] Random Battle\n|rule|Species Clause: Limit one of each Pok\u00e9mon\n|rule|HP Percentage Mod: HP is shown in percentages\n|rule|Sleep Clause Mod: Limit one foe put to sleep\n|rule|Illusion Level Mod: Illusion disguises the Pok\u00e9mon's true level\n|\n|t:|1783562168\n|teamsize|p1|6\n|teamsize|p2|6\n|start\n|switch|p1a: Lilligant|Lilligant, L86, F|261/261\n|switch|p2a: Espathra|Espathra, L80, M|100/100\n|turn|1\n|inactive|Battle timer is ON: inactive players will automatically lose when time's up. (requested by p0y1978d346)\n|inactive|Time left: 300 sec this turn | 300 sec total | 60 sec grace\n|inactive|p0x19786d38 also wants the timer to be on.\n|\n|t:|1783562170\n|move|p2a: Espathra|Calm Mind|p2a: Espathra\n|-boost|p2a: Espathra|spa|1\n|-boost|p2a: Espathra|spd|1\n|move|p1a: Lilligant|Quiver Dance|p1a: Lilligant\n|-boost|p1a: Lilligant|spa|1\n|-boost|p1a: Lilligant|spd|1\n|-boost|p1a: Lilligant|spe|1\n|\n|-ability|p2a: Espathra|Speed Boost|boost\n|-boost|p2a: Espathra|spe|1\n|upkeep\n|turn|2\n|inactive|Time left: 300 sec this turn | 300 sec total\n|\n|t:|1783562170\n|move|p2a: Espathra|Calm Mind|p2a: Espathra\n|-boost|p2a: Espathra|spa|1\n|-boost|p2a: Espathra|spd|1\n|move|p1a: Lilligant|Quiver Dance|p1a: Lilligant\n|-boost|p1a: Lilligant|spa|1\n|-boost|p1a: Lilligant|spd|1\n|-boost|p1a: Lilligant|spe|1\n|\n|-ability|p2a: Espathra|Speed Boost|boost\n|-boost|p2a: Espathra|spe|1\n|upkeep\n|turn|3\n|inactive|Time left: 300 sec this turn | 300 sec total\n|\n|t:|1783562171\n|move|p2a: Espathra|Stored Power|p1a: Lilligant\n|-damage|p1a: Lilligant|98/261\n|move|p1a: Lilligant|Sleep Powder|p2a: Espathra\n|-status|p2a: Espathra|slp|[from] move: Sleep Powder\n|\n|-ability|p2a: Espathra|Speed Boost|boost\n|-boost|p2a: Espathra|spe|1\n|upkeep\n|turn|4\n|inactive|Time left: 300 sec this turn | 300 sec total\n|\n|t:|1783562172\n|switch|p2a: Iron Moth|Iron Moth, L78|100/100\n|move|p1a: Lilligant|Giga Drain|p2a: Iron Moth\n|-resisted|p2a: Iron Moth\n|-damage|p2a: Iron Moth|79/100\n|-heal|p1a: Lilligant|126/261|[from] drain|[of] p2a: Iron Moth\n|-damage|p1a: Lilligant|100/261|[from] item: Life Orb\n|\n|upkeep\n|turn|5\n|inactive|Time left: 300 sec this turn | 300 sec total\n|\n|t:|1783562173\n|-terastallize|p1a: Lilligant|Rock\n|move|p1a: Lilligant|Tera Blast|p2a: Iron Moth|[anim] Tera Blast Rock\n|-supereffective|p2a: Iron Moth\n|-crit|p2a: Iron Moth\n|-damage|p2a: Iron Moth|0 fnt\n|faint|p2a: Iron Moth\n|-end|p2a: Iron Moth|Quark Drive|[silent]\n|-damage|p1a: Lilligant|74/261|[from] item: Life Orb\n|\n|upkeep\n|\n|t:|1783562174\n|switch|p2a: Quagsire|Quagsire, L84, M|100/100\n|turn|6\n|inactive|Time left: 300 sec this turn | 300 sec total\n|\n|t:|1783562175\n|-terastallize|p2a: Quagsire|Steel\n|move|p1a: Lilligant|Giga Drain|p2a: Quagsire\n|-resisted|p2a: Quagsire\n|-damage|p2a: Quagsire|75/100\n|-heal|p1a: Lilligant|112/261|[from] drain|[of] p2a: Quagsire\n|-damage|p1a: Lilligant|86/261|[from] item: Life Orb\n|move|p2a: Quagsire|Earthquake|p1a: Lilligant\n|-supereffective|p1a: Lilligant\n|-damage|p1a: Lilligant|0 fnt\n|faint|p1a: Lilligant\n|\n|-heal|p2a: Quagsire|81/100|[from] item: Leftovers\n|upkeep\n|inactive|Time left: 300 sec this turn | 300 sec total | 5 sec grace\n|\n|t:|1783562176\n|switch|p1a: Kyogre|Kyogre, L71|259/259\n|-weather|RainDance|[from] ability: Drizzle|[of] p1a: Kyogre\n|turn|7\n|inactive|Time left: 300 sec this turn | 300 sec total\n|\n|t:|1783562177\n|switch|p2a: Araquanid|Araquanid, L82, F|100/100\n|move|p1a: Kyogre|Origin Pulse|p2a: Araquanid|[miss]\n|-miss|p1a: Kyogre|p2a: Araquanid\n|\n|-weather|RainDance|[upkeep]\n|upkeep\n|turn|8\n|inactive|Time left: 300 sec this turn | 300 sec total\n|\n|t:|1783562178\n|move|p1a: Kyogre|Thunder|p2a: Araquanid\n|-supereffective|p2a: Araquanid\n|-damage|p2a: Araquanid|52/100\n|-status|p2a: Araquanid|par\n|move|p2a: Araquanid|Sticky Web|p1a: Kyogre\n|-sidestart|p1: p0x19786d38|move: Sticky Web\n|\n|-weather|RainDance|[upkeep]\n|upkeep\n|turn|9\n|inactive|Time left: 300 sec this turn | 300 sec total\n|\n|t:|1783562179\n|move|p1a: Kyogre|Calm Mind|p1a: Kyogre\n|-boost|p1a: Kyogre|spa|1\n|-boost|p1a: Kyogre|spd|1\n|move|p2a: Araquanid|Liquidation|p1a: Kyogre\n|-resisted|p1a: Kyogre\n|-crit|p1a: Kyogre\n|-damage|p1a: Kyogre|73/259\n|\n|-weather|RainDance|[upkeep]\n|-heal|p1a: Kyogre|89/259|[from] item: Leftovers\n|upkeep\n|turn|10\n|inactive|Time left: 300 sec this turn | 300 sec total\n|\n|t:|1783562180\n|move|p1a: Kyogre|Thunder|p2a: Araquanid\n|-supereffective|p2a: Araquanid\n|-damage|p2a: Araquanid|0 fnt\n|faint|p2a: Araquanid\n|\n|-weather|RainDance|[upkeep]\n|-heal|p1a: Kyogre|105/259|[from] item: Leftovers\n|upkeep\n|\n|t:|1783562181\n|switch|p2a: Quagsire|Quagsire, L84, M, tera:Steel|81/100\n|turn|11\n|inactive|Time left: 300 sec this turn | 300 sec total\n|\n|t:|1783562182\n|move|p1a: Kyogre|Origin Pulse|p2a: Quagsire\n|-crit|p2a: Quagsire\n|-damage|p2a: Quagsire|0 fnt\n|faint|p2a: Quagsire\n|\n|-weather|none\n|-heal|p1a: Kyogre|121/259|[from] item: Leftovers\n|upkeep\n|\n|t:|1783562183\n|switch|p2a: Weezing|Weezing-Galar, L86, F|100/100\n|turn|12\n|inactive|Time left: 300 sec this turn | 300 sec total\n|\n|t:|1783562184\n|move|p1a: Kyogre|Origin Pulse|p2a: Weezing\n|-damage|p2a: Weezing|23/100\n|move|p2a: Weezing|Gunk Shot|p1a: Kyogre\n|-damage|p1a: Kyogre|0 fnt\n|faint|p1a: Kyogre\n|\n|-heal|p2a: Weezing|29/100|[from] item: Leftovers\n|upkeep\n|inactive|Time left: 300 sec this turn | 300 sec total | 5 sec grace\n|\n|t:|1783562185\n|switch|p1a: Gouging Fire|Gouging Fire, L74|277/277\n|turn|13\n|inactive|Time left: 300 sec this turn | 300 sec total\n|\n|t:|1783562186\n|move|p1a: Gouging Fire|Heat Crash|p2a: Weezing\n|-damage|p2a: Weezing|0 fnt\n|faint|p2a: Weezing\n|\n|upkeep\n|\n|t:|1783562187\n|switch|p2a: Jumpluff|Jumpluff, L87, M|100/100\n|turn|14\n|inactive|Time left: 300 sec this turn | 300 sec total\n|\n|t:|1783562188\n|move|p2a: Jumpluff|Substitute|p2a: Jumpluff\n|-start|p2a: Jumpluff|Substitute\n|-damage|p2a: Jumpluff|76/100\n|move|p1a: Gouging Fire|Dragon Dance|p1a: Gouging Fire\n|-boost|p1a: Gouging Fire|atk|1\n|-boost|p1a: Gouging Fire|spe|1\n|\n|upkeep\n|turn|15\n|inactive|Time left: 300 sec this turn | 300 sec total\n|\n|t:|1783562189\n|move|p1a: Gouging Fire|Heat Crash|p2a: Jumpluff\n|-supereffective|p2a: Jumpluff\n|-end|p2a: Jumpluff|Substitute\n|move|p2a: Jumpluff|Strength Sap|p1a: Gouging Fire\n|-unboost|p1a: Gouging Fire|atk|1\n|-heal|p2a: Jumpluff|100/100\n|\n|upkeep\n|turn|16\n|inactive|Time left: 300 sec this turn | 300 sec total\n|\n|t:|1783562190\n|move|p1a: Gouging Fire|Heat Crash|p2a: Jumpluff\n|-supereffective|p2a: Jumpluff\n|-damage|p2a: Jumpluff|0 fnt\n|faint|p2a: Jumpluff\n|\n|upkeep\n|\n|t:|1783562191\n|switch|p2a: Espathra|Espathra, L80, M|100/100 slp\n|turn|17\n|inactive|Time left: 300 sec this turn | 300 sec total\n|\n|t:|1783562192\n|cant|p2a: Espathra|slp\n|move|p1a: Gouging Fire|Outrage|p2a: Espathra\n|-damage|p2a: Espathra|48/100 slp\n|\n|-heal|p2a: Espathra|54/100 slp|[from] item: Leftovers\n|-ability|p2a: Espathra|Speed Boost|boost\n|-boost|p2a: Espathra|spe|1\n|upkeep\n|turn|18\n|inactive|Time left: 300 sec this turn | 300 sec total\n|\n|t:|1783562193\n|cant|p2a: Espathra|slp\n|move|p1a: Gouging Fire|Outrage|p2a: Espathra|[from] lockedmove\n|-damage|p2a: Espathra|0 fnt\n|faint|p2a: Espathra\n|-start|p1a: Gouging Fire|confusion|[fatigue]\n|\n|win|p0x19786d38", "uploadtime": 1783562193, "views": 0, "rating": 0, "private": 0, "password": null, "_winner": "p0x19786d38", "_our_name": "p0x19786d38"}