{"id": "battle-gen9randombattle-1719", "formatid": "gen9randombattle", "format": "[Gen 9] Random Battle", "players": ["p0x1719685b", "p0y17198d1d"], "log": "|init|battle\n|title|p0x1719685b vs. p0y17198d1d\n|j|\u2606p0x1719685b\n|j|\u2606p0y17198d1d\n|t:|1783559103\n|gametype|singles\n|player|p1|p0x1719685b|170|\n|player|p2|p0y17198d1d|102|\n|gen|9\n|tier|[Gen 9] Random Battle\n|rule|Species Clause: Limit one of each Pok\u00e9mon\n|rule|HP Percentage Mod: HP is shown in percentages\n|rule|Sleep Clause Mod: Limit one foe put to sleep\n|rule|Illusion Level Mod: Illusion disguises the Pok\u00e9mon's true level\n|\n|t:|1783559103\n|teamsize|p1|6\n|teamsize|p2|6\n|start\n|switch|p1a: Venusaur|Venusaur, L84, F|100/100\n|switch|p2a: Sneasler|Sneasler, L74, F|240/240\n|turn|1\n|inactive|Battle timer is ON: inactive players will automatically lose when time's up. (requested by p0y17198d1d)\n|\n|t:|1783559105\n|switch|p1a: Corviknight|Corviknight, L80, F|100/100\n|move|p2a: Sneasler|Dire Claw|p1a: Corviknight\n|-immune|p1a: Corviknight\n|\n|upkeep\n|turn|2\n|inactive|Time left: 300 sec this turn | 300 sec total\n|inactive|p0x1719685b also wants the timer to be on.\n|\n|t:|1783559106\n|switch|p2a: Basculegion|Basculegion-F, L83, F|335/335\n|move|p1a: Corviknight|Brave Bird|p2a: Basculegion\n|-damage|p2a: Basculegion|203/335\n|-damage|p1a: Corviknight|85/100|[from] Recoil\n|\n|upkeep\n|turn|3\n|inactive|Time left: 300 sec this turn | 300 sec total\n|\n|t:|1783559107\n|move|p2a: Basculegion|Shadow Ball|p1a: Corviknight\n|-damage|p1a: Corviknight|41/100\n|move|p1a: Corviknight|Brave Bird|p2a: Basculegion\n|-damage|p2a: Basculegion|58/335\n|-damage|p1a: Corviknight|24/100|[from] Recoil\n|\n|upkeep\n|turn|4\n|inactive|Time left: 300 sec this turn | 300 sec total\n|\n|t:|1783559108\n|switch|p1a: Chi-Yu|Chi-Yu, L77|100/100\n|-ability|p1a: Chi-Yu|Beads of Ruin\n|move|p2a: Basculegion|Shadow Ball|p1a: Chi-Yu\n|-resisted|p1a: Chi-Yu\n|-damage|p1a: Chi-Yu|78/100\n|\n|upkeep\n|turn|5\n|inactive|Time left: 300 sec this turn | 300 sec total\n|\n|t:|1783559109\n|switch|p2a: Roaring Moon|Roaring Moon, L72|270/270\n|-enditem|p2a: Roaring Moon|Booster Energy\n|-activate|p2a: Roaring Moon|ability: Protosynthesis|[fromitem]\n|-start|p2a: Roaring Moon|protosynthesisatk\n|move|p1a: Chi-Yu|Dark Pulse|p2a: Roaring Moon\n|-resisted|p2a: Roaring Moon\n|-damage|p2a: Roaring Moon|210/270\n|\n|upkeep\n|turn|6\n|inactive|Time left: 300 sec this turn | 300 sec total\n|\n|t:|1783559110\n|switch|p1a: Granbull|Granbull, L88, F|100/100\n|-ability|p1a: Granbull|Intimidate|boost\n|-unboost|p2a: Roaring Moon|atk|1\n|move|p2a: Roaring Moon|Outrage|p1a: Granbull\n|-immune|p1a: Granbull\n|\n|upkeep\n|turn|7\n|inactive|Time left: 300 sec this turn | 300 sec total\n|\n|t:|1783559111\n|move|p2a: Roaring Moon|Knock Off|p1a: Granbull\n|-resisted|p1a: Granbull\n|-damage|p1a: Granbull|84/100\n|-enditem|p1a: Granbull|Leftovers|[from] move: Knock Off|[of] p2a: Roaring Moon\n|move|p1a: Granbull|Play Rough|p2a: Roaring Moon\n|-supereffective|p2a: Roaring Moon\n|-damage|p2a: Roaring Moon|0 fnt\n|faint|p2a: Roaring Moon\n|-end|p2a: Roaring Moon|Protosynthesis|[silent]\n|\n|upkeep\n|inactive|Time left: 300 sec this turn | 300 sec total | 5 sec grace\n|\n|t:|1783559112\n|switch|p2a: Shaymin|Shaymin-Sky, L73|266/266\n|turn|8\n|inactive|Time left: 300 sec this turn | 300 sec total\n|\n|t:|1783559112\n|move|p2a: Shaymin|Air Slash|p1a: Granbull\n|-damage|p1a: Granbull|40/100\n|cant|p1a: Granbull|flinch\n|\n|upkeep\n|turn|9\n|inactive|Time left: 300 sec this turn | 300 sec total\n|\n|t:|1783559113\n|switch|p1a: Flareon|Flareon, L90, F|100/100\n|move|p2a: Shaymin|Air Slash|p1a: Flareon\n|-damage|p1a: Flareon|65/100\n|\n|-status|p1a: Flareon|tox|[from] item: Toxic Orb\n|upkeep\n|turn|10\n|inactive|Time left: 300 sec this turn | 300 sec total\n|\n|t:|1783559114\n|move|p2a: Shaymin|Air Slash|p1a: Flareon\n|-damage|p1a: Flareon|30/100 tox\n|cant|p1a: Flareon|flinch\n|\n|-damage|p1a: Flareon|24/100 tox|[from] psn\n|upkeep\n|turn|11\n|inactive|Time left: 300 sec this turn | 300 sec total\n|\n|t:|1783559115\n|switch|p1a: Grimmsnarl|Grimmsnarl, L83, M|100/100\n|move|p2a: Shaymin|Air Slash|p1a: Grimmsnarl\n|-damage|p1a: Grimmsnarl|59/100\n|\n|-heal|p1a: Grimmsnarl|65/100|[from] item: Leftovers\n|upkeep\n|turn|12\n|inactive|Time left: 300 sec this turn | 300 sec total\n|\n|t:|1783559116\n|move|p1a: Grimmsnarl|Thunder Wave|p2a: Shaymin\n|-status|p2a: Shaymin|par\n|move|p2a: Shaymin|Air Slash|p1a: Grimmsnarl\n|-damage|p1a: Grimmsnarl|24/100\n|\n|-heal|p1a: Grimmsnarl|31/100|[from] item: Leftovers\n|upkeep\n|turn|13\n|inactive|Time left: 300 sec this turn | 300 sec total\n|\n|t:|1783559117\n|move|p1a: Grimmsnarl|Spirit Break|p2a: Shaymin\n|-damage|p2a: Shaymin|146/266 par\n|-unboost|p2a: Shaymin|spa|1\n|move|p2a: Shaymin|Air Slash|p1a: Grimmsnarl\n|-damage|p1a: Grimmsnarl|5/100\n|\n|-heal|p1a: Grimmsnarl|11/100|[from] item: Leftovers\n|upkeep\n|turn|14\n|inactive|Time left: 300 sec this turn | 300 sec total\n|\n|t:|1783559119\n|move|p1a: Grimmsnarl|Spirit Break|p2a: Shaymin\n|-damage|p2a: Shaymin|37/266 par\n|-unboost|p2a: Shaymin|spa|1\n|move|p2a: Shaymin|Air Slash|p1a: Grimmsnarl\n|-damage|p1a: Grimmsnarl|0 fnt\n|faint|p1a: Grimmsnarl\n|\n|upkeep\n|\n|t:|1783559120\n|switch|p1a: Chi-Yu|Chi-Yu, L77|78/100\n|-ability|p1a: Chi-Yu|Beads of Ruin\n|turn|15\n|inactive|Time left: 300 sec this turn | 300 sec total\n|\n|t:|1783559121\n|move|p1a: Chi-Yu|Nasty Plot|p1a: Chi-Yu\n|-boost|p1a: Chi-Yu|spa|2\n|cant|p2a: Shaymin|par\n|\n|upkeep\n|turn|16\n|inactive|Time left: 300 sec this turn | 300 sec total\n|\n|t:|1783559122\n|move|p1a: Chi-Yu|Fire Blast|p2a: Shaymin\n|-supereffective|p2a: Shaymin\n|-damage|p2a: Shaymin|0 fnt\n|faint|p2a: Shaymin\n|\n|upkeep\n|inactive|Time left: 300 sec this turn | 300 sec total | 5 sec grace\n|\n|t:|1783559122\n|switch|p2a: Sneasler|Sneasler, L74, F|240/240\n|turn|17\n|inactive|Time left: 300 sec this turn | 300 sec total\n|\n|t:|1783559123\n|switch|p1a: Corviknight|Corviknight, L80, F|24/100\n|move|p2a: Sneasler|Close Combat|p1a: Corviknight\n|-damage|p1a: Corviknight|0 fnt\n|-unboost|p2a: Sneasler|def|1\n|-unboost|p2a: Sneasler|spd|1\n|-damage|p2a: Sneasler|200/240|[from] item: Rocky Helmet|[of] p1a: Corviknight\n|faint|p1a: Corviknight\n|\n|upkeep\n|\n|t:|1783559124\n|switch|p1a: Venusaur|Venusaur, L84, F|100/100\n|turn|18\n|inactive|Time left: 300 sec this turn | 300 sec total\n|\n|t:|1783559125\n|move|p2a: Sneasler|Close Combat|p1a: Venusaur\n|-resisted|p1a: Venusaur\n|-damage|p1a: Venusaur|68/100\n|-unboost|p2a: Sneasler|def|1\n|-unboost|p2a: Sneasler|spd|1\n|move|p1a: Venusaur|Sleep Powder|p2a: Sneasler|[miss]\n|-miss|p1a: Venusaur|p2a: Sneasler\n|\n|-heal|p1a: Venusaur|74/100|[from] item: Leftovers\n|upkeep\n|turn|19\n|inactive|Time left: 300 sec this turn | 300 sec total\n|\n|t:|1783559126\n|move|p2a: Sneasler|Close Combat|p1a: Venusaur\n|-resisted|p1a: Venusaur\n|-damage|p1a: Venusaur|41/100\n|-unboost|p2a: Sneasler|def|1\n|-unboost|p2a: Sneasler|spd|1\n|move|p1a: Venusaur|Sludge Bomb|p2a: Sneasler\n|-resisted|p2a: Sneasler\n|-damage|p2a: Sneasler|56/240\n|\n|-heal|p1a: Venusaur|48/100|[from] item: Leftovers\n|upkeep\n|turn|20\n|inactive|Time left: 300 sec this turn | 300 sec total\n|\n|t:|1783559127\n|move|p2a: Sneasler|Close Combat|p1a: Venusaur\n|-resisted|p1a: Venusaur\n|-damage|p1a: Venusaur|10/100\n|-unboost|p2a: Sneasler|def|1\n|-unboost|p2a: Sneasler|spd|1\n|move|p1a: Venusaur|Sludge Bomb|p2a: Sneasler\n|-resisted|p2a: Sneasler\n|-damage|p2a: Sneasler|0 fnt\n|faint|p2a: Sneasler\n|\n|-heal|p1a: Venusaur|16/100|[from] item: Leftovers\n|upkeep\n|inactive|Time left: 300 sec this turn | 300 sec total | 5 sec grace\n|\n|t:|1783559129\n|switch|p2a: Frosmoth|Frosmoth, L82, F|249/249\n|turn|21\n|inactive|Time left: 300 sec this turn | 300 sec total\n|\n|t:|1783559129\n|move|p1a: Venusaur|Sleep Powder|p2a: Frosmoth\n|-status|p2a: Frosmoth|slp|[from] move: Sleep Powder\n|cant|p2a: Frosmoth|slp\n|\n|-heal|p1a: Venusaur|23/100|[from] item: Leftovers\n|upkeep\n|turn|22\n|inactive|Time left: 300 sec this turn | 300 sec total\n|\n|t:|1783559131\n|move|p1a: Venusaur|Leech Seed|p2a: Frosmoth\n|-start|p2a: Frosmoth|move: Leech Seed\n|-curestatus|p2a: Frosmoth|slp|[msg]\n|move|p2a: Frosmoth|Quiver Dance|p2a: Frosmoth\n|-boost|p2a: Frosmoth|spa|1\n|-boost|p2a: Frosmoth|spd|1\n|-boost|p2a: Frosmoth|spe|1\n|\n|-heal|p1a: Venusaur|29/100|[from] item: Leftovers\n|-damage|p2a: Frosmoth|218/249|[from] Leech Seed|[of] p1a: Venusaur\n|-heal|p1a: Venusaur|40/100|[silent]\n|upkeep\n|turn|23\n|inactive|Time left: 300 sec this turn | 300 sec total\n|\n|t:|1783559132\n|move|p2a: Frosmoth|Ice Beam|p1a: Venusaur\n|-supereffective|p1a: Venusaur\n|-damage|p1a: Venusaur|0 fnt\n|faint|p1a: Venusaur\n|\n|upkeep\n|\n|t:|1783559133\n|switch|p1a: Chi-Yu|Chi-Yu, L77|78/100\n|-ability|p1a: Chi-Yu|Beads of Ruin\n|turn|24\n|inactive|Time left: 300 sec this turn | 300 sec total\n|\n|t:|1783559134\n|-terastallize|p2a: Frosmoth|Water\n|move|p2a: Frosmoth|Quiver Dance|p2a: Frosmoth\n|-boost|p2a: Frosmoth|spa|1\n|-boost|p2a: Frosmoth|spd|1\n|-boost|p2a: Frosmoth|spe|1\n|move|p1a: Chi-Yu|Fire Blast|p2a: Frosmoth\n|-resisted|p2a: Frosmoth\n|-damage|p2a: Frosmoth|199/249\n|\n|-damage|p2a: Frosmoth|168/249|[from] Leech Seed|[of] p1a: Chi-Yu\n|-heal|p1a: Chi-Yu|92/100|[silent]\n|upkeep\n|turn|25\n|inactive|Time left: 300 sec this turn | 300 sec total\n|\n|t:|1783559135\n|move|p2a: Frosmoth|Hurricane|p1a: Chi-Yu\n|-damage|p1a: Chi-Yu|19/100\n|-start|p1a: Chi-Yu|confusion\n|-activate|p1a: Chi-Yu|confusion\n|move|p1a: Chi-Yu|Dark Pulse|p2a: Frosmoth\n|-damage|p2a: Frosmoth|136/249\n|\n|-damage|p2a: Frosmoth|105/249|[from] Leech Seed|[of] p1a: Chi-Yu\n|-heal|p1a: Chi-Yu|33/100|[silent]\n|upkeep\n|turn|26\n|inactive|Time left: 300 sec this turn | 300 sec total\n|\n|t:|1783559136\n|move|p2a: Frosmoth|Ice Beam|p1a: Chi-Yu\n|-resisted|p1a: Chi-Yu\n|-damage|p1a: Chi-Yu|0 fnt\n|faint|p1a: Chi-Yu\n|\n|upkeep\n|\n|t:|1783559137\n|switch|p1a: Flareon|Flareon, L90, F|24/100 tox\n|turn|27\n|inactive|Time left: 300 sec this turn | 300 sec total\n|\n|t:|1783559138\n|-terastallize|p1a: Flareon|Normal\n|move|p1a: Flareon|Quick Attack|p2a: Frosmoth\n|-damage|p2a: Frosmoth|0 fnt\n|faint|p2a: Frosmoth\n|\n|-damage|p1a: Flareon|18/100 tox|[from] psn\n|upkeep\n|inactive|Time left: 300 sec this turn | 300 sec total | 5 sec grace\n|\n|t:|1783559139\n|switch|p2a: Basculegion|Basculegion-F, L83, F|58/335\n|turn|28\n|inactive|Time left: 300 sec this turn | 300 sec total\n|\n|t:|1783559140\n|move|p2a: Basculegion|Wave Crash|p1a: Flareon\n|-damage|p1a: Flareon|0 fnt\n|faint|p1a: Flareon\n|-damage|p2a: Basculegion|43/335|[from] Recoil\n|\n|upkeep\n|\n|t:|1783559141\n|switch|p1a: Granbull|Granbull, L88, F|40/100\n|-ability|p1a: Granbull|Intimidate|boost\n|-unboost|p2a: Basculegion|atk|1\n|turn|29\n|inactive|Time left: 300 sec this turn | 300 sec total\n|\n|t:|1783559142\n|move|p2a: Basculegion|Shadow Ball|p1a: Granbull\n|-damage|p1a: Granbull|0 fnt\n|faint|p1a: Granbull\n|\n|win|p0y17198d1d", "uploadtime": 1783559142, "views": 0, "rating": 0, "private": 0, "password": null, "_winner": "p0y17198d1d", "_our_name": "p0y17198d1d"}