{"id": "battle-gen9randombattle-755", "formatid": "gen9randombattle", "format": "[Gen 9] Random Battle", "players": ["p0x7556385", "p0y7557816"], "log": "|init|battle\n|title|p0x7556385 vs. p0y7557816\n|j|\u2606p0x7556385\n|j|\u2606p0y7557816\n|t:|1783548614\n|gametype|singles\n|player|p1|p0x7556385|1|\n|player|p2|p0y7557816|1|\n|gen|9\n|tier|[Gen 9] Random Battle\n|rule|Species Clause: Limit one of each Pok\u00e9mon\n|rule|HP Percentage Mod: HP is shown in percentages\n|rule|Sleep Clause Mod: Limit one foe put to sleep\n|rule|Illusion Level Mod: Illusion disguises the Pok\u00e9mon's true level\n|\n|t:|1783548614\n|teamsize|p1|6\n|teamsize|p2|6\n|start\n|switch|p1a: Beartic|Beartic, L91, F|321/321\n|switch|p2a: Arceus|Arceus-Psychic, L70|100/100\n|turn|1\n|inactive|Battle timer is ON: inactive players will automatically lose when time's up. (requested by p0y7557816)\n|inactive|Time left: 300 sec this turn | 300 sec total | 60 sec grace\n|inactive|p0x7556385 also wants the timer to be on.\n|\n|t:|1783548616\n|move|p2a: Arceus|Cosmic Power|p2a: Arceus\n|-boost|p2a: Arceus|def|1\n|-boost|p2a: Arceus|spd|1\n|move|p1a: Beartic|Swords Dance|p1a: Beartic\n|-boost|p1a: Beartic|atk|2\n|\n|upkeep\n|turn|2\n|inactive|Time left: 300 sec this turn | 300 sec total\n|\n|t:|1783548617\n|move|p2a: Arceus|Cosmic Power|p2a: Arceus\n|-boost|p2a: Arceus|def|1\n|-boost|p2a: Arceus|spd|1\n|move|p1a: Beartic|Earthquake|p2a: Arceus\n|-damage|p2a: Arceus|69/100\n|\n|upkeep\n|turn|3\n|inactive|Time left: 300 sec this turn | 300 sec total\n|\n|t:|1783548618\n|-terastallize|p1a: Beartic|Ground\n|move|p2a: Arceus|Body Press|p1a: Beartic\n|-damage|p1a: Beartic|230/321\n|move|p1a: Beartic|Earthquake|p2a: Arceus\n|-damage|p2a: Arceus|17/100\n|\n|upkeep\n|turn|4\n|inactive|Time left: 300 sec this turn | 300 sec total\n|\n|t:|1783548619\n|move|p2a: Arceus|Recover|p2a: Arceus\n|-heal|p2a: Arceus|67/100\n|move|p1a: Beartic|Earthquake|p2a: Arceus\n|-damage|p2a: Arceus|15/100\n|\n|upkeep\n|turn|5\n|inactive|Time left: 300 sec this turn | 300 sec total\n|\n|t:|1783548620\n|move|p2a: Arceus|Recover|p2a: Arceus\n|-heal|p2a: Arceus|65/100\n|move|p1a: Beartic|Earthquake|p2a: Arceus\n|-damage|p2a: Arceus|11/100\n|\n|upkeep\n|turn|6\n|inactive|Time left: 300 sec this turn | 300 sec total\n|\n|t:|1783548621\n|move|p2a: Arceus|Recover|p2a: Arceus\n|-heal|p2a: Arceus|61/100\n|move|p1a: Beartic|Earthquake|p2a: Arceus\n|-damage|p2a: Arceus|7/100\n|\n|upkeep\n|turn|7\n|inactive|Time left: 300 sec this turn | 300 sec total\n|\n|t:|1783548622\n|move|p2a: Arceus|Recover|p2a: Arceus\n|-heal|p2a: Arceus|57/100\n|move|p1a: Beartic|Earthquake|p2a: Arceus\n|-damage|p2a: Arceus|3/100\n|\n|upkeep\n|turn|8\n|inactive|Time left: 300 sec this turn | 300 sec total\n|\n|t:|1783548623\n|move|p2a: Arceus|Stored Power|p1a: Beartic\n|-damage|p1a: Beartic|121/321\n|move|p1a: Beartic|Earthquake|p2a: Arceus\n|-damage|p2a: Arceus|0 fnt\n|faint|p2a: Arceus\n|\n|upkeep\n|\n|t:|1783548624\n|switch|p2a: Dragonite|Dragonite, L74, M|100/100\n|turn|9\n|inactive|Time left: 300 sec this turn | 300 sec total\n|\n|t:|1783548626\n|move|p2a: Dragonite|Outrage|p1a: Beartic\n|-damage|p1a: Beartic|0 fnt\n|faint|p1a: Beartic\n|\n|upkeep\n|inactive|Time left: 300 sec this turn | 300 sec total | 5 sec grace\n|\n|t:|1783548627\n|switch|p1a: Misdreavus|Misdreavus, L90, M|254/254\n|turn|10\n|inactive|Time left: 300 sec this turn | 300 sec total\n|\n|t:|1783548628\n|move|p1a: Misdreavus|Will-O-Wisp|p2a: Dragonite|[miss]\n|-miss|p1a: Misdreavus|p2a: Dragonite\n|move|p2a: Dragonite|Outrage|p1a: Misdreavus|[from] lockedmove\n|-damage|p1a: Misdreavus|148/254\n|-start|p2a: Dragonite|confusion|[fatigue]\n|\n|upkeep\n|turn|11\n|inactive|Time left: 300 sec this turn | 300 sec total\n|\n|t:|1783548629\n|move|p1a: Misdreavus|Will-O-Wisp|p2a: Dragonite\n|-status|p2a: Dragonite|brn\n|-activate|p2a: Dragonite|confusion\n|move|p2a: Dragonite|Dragon Dance|p2a: Dragonite\n|-boost|p2a: Dragonite|atk|1\n|-boost|p2a: Dragonite|spe|1\n|\n|-damage|p2a: Dragonite|94/100 brn|[from] brn\n|upkeep\n|turn|12\n|inactive|Time left: 300 sec this turn | 300 sec total\n|\n|t:|1783548630\n|-activate|p2a: Dragonite|confusion\n|move|p2a: Dragonite|Dragon Dance|p2a: Dragonite\n|-boost|p2a: Dragonite|atk|1\n|-boost|p2a: Dragonite|spe|1\n|move|p1a: Misdreavus|Draining Kiss|p2a: Dragonite\n|-supereffective|p2a: Dragonite\n|-damage|p2a: Dragonite|64/100 brn\n|-heal|p1a: Misdreavus|207/254|[from] drain|[of] p2a: Dragonite\n|\n|-damage|p2a: Dragonite|58/100 brn|[from] brn\n|upkeep\n|turn|13\n|inactive|Time left: 300 sec this turn | 300 sec total\n|\n|t:|1783548631\n|-end|p2a: Dragonite|confusion\n|move|p2a: Dragonite|Outrage|p1a: Misdreavus\n|-damage|p1a: Misdreavus|105/254\n|move|p1a: Misdreavus|Draining Kiss|p2a: Dragonite\n|-supereffective|p2a: Dragonite\n|-damage|p2a: Dragonite|29/100 brn\n|-heal|p1a: Misdreavus|161/254|[from] drain|[of] p2a: Dragonite\n|\n|-damage|p2a: Dragonite|23/100 brn|[from] brn\n|upkeep\n|turn|14\n|inactive|Time left: 300 sec this turn | 300 sec total\n|\n|t:|1783548631\n|move|p2a: Dragonite|Outrage|p1a: Misdreavus|[from] lockedmove\n|-damage|p1a: Misdreavus|57/254\n|-start|p2a: Dragonite|confusion|[fatigue]\n|move|p1a: Misdreavus|Draining Kiss|p2a: Dragonite\n|-supereffective|p2a: Dragonite\n|-damage|p2a: Dragonite|0 fnt\n|-heal|p1a: Misdreavus|100/254|[from] drain|[of] p2a: Dragonite\n|faint|p2a: Dragonite\n|\n|upkeep\n|\n|t:|1783548632\n|switch|p2a: Greninja|Greninja, L80, M|100/100\n|turn|15\n|inactive|Time left: 300 sec this turn | 300 sec total\n|\n|t:|1783548633\n|switch|p1a: Tentacruel|Tentacruel, L84, F|272/272\n|move|p2a: Greninja|Dark Pulse|p1a: Tentacruel\n|-start|p2a: Greninja|typechange|Dark|[from] ability: Protean\n|-damage|p1a: Tentacruel|214/272\n|-damage|p2a: Greninja|91/100|[from] item: Life Orb\n|\n|upkeep\n|turn|16\n|inactive|Time left: 300 sec this turn | 300 sec total\n|\n|t:|1783548635\n|switch|p2a: Okidogi|Okidogi, L77, M|100/100\n|move|p1a: Tentacruel|Sludge Bomb|p2a: Okidogi\n|-resisted|p2a: Okidogi\n|-crit|p2a: Okidogi\n|-damage|p2a: Okidogi|76/100\n|\n|-heal|p2a: Okidogi|83/100|[from] item: Leftovers\n|upkeep\n|turn|17\n|inactive|Time left: 300 sec this turn | 300 sec total\n|\n|t:|1783548635\n|move|p1a: Tentacruel|Surf|p2a: Okidogi\n|-damage|p2a: Okidogi|45/100\n|move|p2a: Okidogi|Bulk Up|p2a: Okidogi\n|-boost|p2a: Okidogi|atk|1\n|-boost|p2a: Okidogi|def|1\n|\n|-heal|p2a: Okidogi|51/100|[from] item: Leftovers\n|upkeep\n|turn|18\n|inactive|Time left: 300 sec this turn | 300 sec total\n|\n|t:|1783548636\n|move|p1a: Tentacruel|Surf|p2a: Okidogi\n|-damage|p2a: Okidogi|19/100\n|move|p2a: Okidogi|Knock Off|p1a: Tentacruel\n|-damage|p1a: Tentacruel|90/272\n|-enditem|p1a: Tentacruel|Assault Vest|[from] move: Knock Off|[of] p2a: Okidogi\n|\n|-heal|p2a: Okidogi|25/100|[from] item: Leftovers\n|upkeep\n|turn|19\n|inactive|Time left: 300 sec this turn | 300 sec total\n|\n|t:|1783548637\n|switch|p2a: Lumineon|Lumineon, L93, F|100/100\n|move|p1a: Tentacruel|Surf|p2a: Lumineon\n|-ability|p2a: Lumineon|Storm Drain|boost\n|-boost|p2a: Lumineon|spa|1\n|\n|upkeep\n|turn|20\n|inactive|Time left: 300 sec this turn | 300 sec total\n|\n|t:|1783548638\n|move|p2a: Lumineon|Hydro Pump|p1a: Tentacruel\n|-resisted|p1a: Tentacruel\n|-damage|p1a: Tentacruel|28/272\n|move|p1a: Tentacruel|Sludge Bomb|p2a: Lumineon\n|-damage|p2a: Lumineon|74/100\n|\n|upkeep\n|turn|21\n|inactive|Time left: 300 sec this turn | 300 sec total\n|\n|t:|1783548639\n|move|p2a: Lumineon|Hydro Pump|p1a: Tentacruel\n|-resisted|p1a: Tentacruel\n|-damage|p1a: Tentacruel|0 fnt\n|faint|p1a: Tentacruel\n|\n|upkeep\n|inactive|Time left: 300 sec this turn | 300 sec total | 5 sec grace\n|\n|t:|1783548640\n|switch|p1a: Bellossom|Bellossom, L84, F|263/263\n|turn|22\n|inactive|Time left: 300 sec this turn | 300 sec total\n|\n|t:|1783548641\n|move|p2a: Lumineon|Ice Beam|p1a: Bellossom\n|-supereffective|p1a: Bellossom\n|-damage|p1a: Bellossom|101/263\n|move|p1a: Bellossom|Strength Sap|p2a: Lumineon\n|-unboost|p2a: Lumineon|atk|1\n|-heal|p1a: Bellossom|263/263\n|\n|upkeep\n|turn|23\n|inactive|Time left: 300 sec this turn | 300 sec total\n|\n|t:|1783548642\n|move|p2a: Lumineon|Ice Beam|p1a: Bellossom\n|-supereffective|p1a: Bellossom\n|-crit|p1a: Bellossom\n|-damage|p1a: Bellossom|11/263\n|move|p1a: Bellossom|Quiver Dance|p1a: Bellossom\n|-boost|p1a: Bellossom|spa|1\n|-boost|p1a: Bellossom|spd|1\n|-boost|p1a: Bellossom|spe|1\n|\n|-heal|p1a: Bellossom|27/263|[from] item: Leftovers\n|upkeep\n|turn|24\n|inactive|Time left: 300 sec this turn | 300 sec total\n|\n|t:|1783548643\n|move|p2a: Lumineon|Ice Beam|p1a: Bellossom\n|-supereffective|p1a: Bellossom\n|-damage|p1a: Bellossom|0 fnt\n|faint|p1a: Bellossom\n|\n|upkeep\n|inactive|Time left: 300 sec this turn | 300 sec total | 5 sec grace\n|\n|t:|1783548644\n|switch|p1a: Koraidon|Koraidon, L64|235/235\n|-weather|SunnyDay|[from] ability: Orichalcum Pulse|[of] p1a: Koraidon\n|-activate|p1a: Koraidon|Orichalcum Pulse|[source]\n|turn|25\n|inactive|Time left: 300 sec this turn | 300 sec total\n|\n|t:|1783548645\n|move|p2a: Lumineon|Ice Beam|p1a: Koraidon\n|-supereffective|p1a: Koraidon\n|-damage|p1a: Koraidon|11/235\n|move|p1a: Koraidon|Outrage|p2a: Lumineon\n|-damage|p2a: Lumineon|0 fnt\n|faint|p2a: Lumineon\n|\n|-weather|SunnyDay|[upkeep]\n|upkeep\n|\n|t:|1783548646\n|switch|p2a: Malamar|Malamar, L82, M|100/100\n|turn|26\n|inactive|Time left: 300 sec this turn | 300 sec total\n|\n|t:|1783548647\n|-terastallize|p2a: Malamar|Steel\n|move|p1a: Koraidon|Outrage|p2a: Malamar|[from] lockedmove\n|-resisted|p2a: Malamar\n|-damage|p2a: Malamar|64/100\n|-start|p1a: Koraidon|confusion|[fatigue]\n|move|p2a: Malamar|Superpower|p1a: Koraidon\n|-crit|p1a: Koraidon\n|-damage|p1a: Koraidon|0 fnt\n|-boost|p2a: Malamar|atk|1\n|-boost|p2a: Malamar|def|1\n|faint|p1a: Koraidon\n|\n|-weather|SunnyDay|[upkeep]\n|-heal|p2a: Malamar|70/100|[from] item: Leftovers\n|upkeep\n|inactive|Time left: 300 sec this turn | 300 sec total | 5 sec grace\n|\n|t:|1783548649\n|switch|p1a: Cinderace|Cinderace, L77, F|249/249\n|turn|27\n|inactive|Time left: 300 sec this turn | 300 sec total\n|\n|t:|1783548650\n|move|p1a: Cinderace|Pyro Ball|p2a: Malamar\n|-supereffective|p2a: Malamar\n|-damage|p2a: Malamar|0 fnt\n|faint|p2a: Malamar\n|\n|-weather|SunnyDay|[upkeep]\n|upkeep\n|\n|t:|1783548651\n|switch|p2a: Greninja|Greninja, L80, M|91/100\n|turn|28\n|inactive|Time left: 300 sec this turn | 300 sec total\n|\n|t:|1783548652\n|move|p2a: Greninja|Dark Pulse|p1a: Cinderace\n|-start|p2a: Greninja|typechange|Dark|[from] ability: Protean\n|-damage|p1a: Cinderace|119/249\n|-damage|p2a: Greninja|81/100|[from] item: Life Orb\n|move|p1a: Cinderace|High Jump Kick|p2a: Greninja|[miss]\n|-start|p1a: Cinderace|typechange|Fighting|[from] ability: Libero\n|-miss|p1a: Cinderace|p2a: Greninja\n|-damage|p1a: Cinderace|0 fnt|[from] highjumpkick\n|faint|p1a: Cinderace\n|\n|-weather|SunnyDay|[upkeep]\n|upkeep\n|inactive|Time left: 300 sec this turn | 300 sec total | 5 sec grace\n|\n|t:|1783548653\n|switch|p1a: Misdreavus|Misdreavus, L90, M|100/254\n|turn|29\n|inactive|Time left: 300 sec this turn | 300 sec total\n|\n|t:|1783548654\n|move|p2a: Greninja|Dark Pulse|p1a: Misdreavus\n|-supereffective|p1a: Misdreavus\n|-damage|p1a: Misdreavus|0 fnt\n|faint|p1a: Misdreavus\n|-damage|p2a: Greninja|71/100|[from] item: Life Orb\n|\n|win|p0y7557816", "uploadtime": 1783548654, "views": 0, "rating": 0, "private": 0, "password": null, "_winner": "p0y7557816", "_our_name": "p0x7556385"}