{"id": "battle-gen9randombattle-2035", "formatid": "gen9randombattle", "format": "[Gen 9] Random Battle", "players": ["p0x2035ac07", "p0y2035b0d2"], "log": "|init|battle\n|title|p0x2035ac07 vs. p0y2035b0d2\n|j|\u2606p0x2035ac07\n|j|\u2606p0y2035b0d2\n|t:|1783562801\n|gametype|singles\n|player|p1|p0x2035ac07|1|\n|player|p2|p0y2035b0d2|102|\n|gen|9\n|tier|[Gen 9] Random Battle\n|rule|Species Clause: Limit one of each Pok\u00e9mon\n|rule|HP Percentage Mod: HP is shown in percentages\n|rule|Sleep Clause Mod: Limit one foe put to sleep\n|rule|Illusion Level Mod: Illusion disguises the Pok\u00e9mon's true level\n|\n|t:|1783562801\n|teamsize|p1|6\n|teamsize|p2|6\n|start\n|switch|p1a: Amoonguss|Amoonguss, L82, F|321/321\n|switch|p2a: Snorlax|Snorlax, L82, M|100/100\n|turn|1\n|inactive|Battle timer is ON: inactive players will automatically lose when time's up. (requested by p0y2035b0d2)\n|inactive|Time left: 300 sec this turn | 300 sec total | 60 sec grace\n|inactive|p0x2035ac07 also wants the timer to be on.\n|\n|t:|1783562802\n|switch|p1a: Pecharunt|Pecharunt, L77|262/262\n|move|p2a: Snorlax|Body Slam|p1a: Pecharunt\n|-immune|p1a: Pecharunt\n|\n|upkeep\n|turn|2\n|inactive|Time left: 300 sec this turn | 300 sec total\n|\n|t:|1783562804\n|move|p1a: Pecharunt|Malignant Chain|p2a: Snorlax\n|-damage|p2a: Snorlax|83/100\n|-status|p2a: Snorlax|tox\n|-start|p2a: Snorlax|confusion|[from] ability: Poison Puppeteer|[of] p1a: Pecharunt\n|-activate|p2a: Snorlax|confusion\n|move|p2a: Snorlax|Body Slam|p1a: Pecharunt\n|-immune|p1a: Pecharunt\n|\n|-heal|p2a: Snorlax|89/100 tox|[from] item: Leftovers\n|-damage|p2a: Snorlax|83/100 tox|[from] psn\n|upkeep\n|turn|3\n|inactive|Time left: 300 sec this turn | 300 sec total\n|\n|t:|1783562805\n|switch|p2a: Arbok|Arbok, L87, M|100/100\n|-ability|p2a: Arbok|Intimidate|boost\n|-unboost|p1a: Pecharunt|atk|1\n|move|p1a: Pecharunt|Parting Shot|p2a: Arbok\n|-unboost|p2a: Arbok|atk|1\n|-unboost|p2a: Arbok|spa|1\n|inactive|Time left: 300 sec this turn | 300 sec total | 5 sec grace\n|\n|t:|1783562806\n|switch|p1a: Dodrio|Dodrio, L85, F|241/241|[from] Parting Shot\n|\n|upkeep\n|turn|4\n|inactive|Time left: 300 sec this turn | 300 sec total\n|\n|t:|1783562807\n|switch|p2a: Snorlax|Snorlax, L82, M|83/100 tox\n|move|p1a: Dodrio|Swords Dance|p1a: Dodrio\n|-boost|p1a: Dodrio|atk|2\n|\n|-heal|p2a: Snorlax|89/100 tox|[from] item: Leftovers\n|-damage|p2a: Snorlax|83/100 tox|[from] psn\n|upkeep\n|turn|5\n|inactive|Time left: 300 sec this turn | 300 sec total\n|\n|t:|1783562808\n|move|p1a: Dodrio|Brave Bird|p2a: Snorlax\n|-damage|p2a: Snorlax|0 fnt\n|faint|p2a: Snorlax\n|-damage|p1a: Dodrio|133/241|[from] Recoil\n|\n|upkeep\n|\n|t:|1783562809\n|switch|p2a: Arbok|Arbok, L87, M|100/100\n|-ability|p2a: Arbok|Intimidate|boost\n|-unboost|p1a: Dodrio|atk|1\n|turn|6\n|inactive|Time left: 300 sec this turn | 300 sec total\n|\n|t:|1783562810\n|move|p1a: Dodrio|Brave Bird|p2a: Arbok\n|-damage|p2a: Arbok|0 fnt\n|faint|p2a: Arbok\n|-damage|p1a: Dodrio|52/241|[from] Recoil\n|\n|upkeep\n|\n|t:|1783562811\n|switch|p2a: Excadrill|Excadrill, L79, F|100/100\n|-ability|p2a: Excadrill|Mold Breaker\n|turn|7\n|inactive|Time left: 300 sec this turn | 300 sec total\n|\n|t:|1783562812\n|move|p1a: Dodrio|Drill Run|p2a: Excadrill\n|-supereffective|p2a: Excadrill\n|-damage|p2a: Excadrill|15/100\n|move|p2a: Excadrill|Rapid Spin|p1a: Dodrio\n|-damage|p1a: Dodrio|7/241\n|-boost|p2a: Excadrill|spe|1\n|\n|upkeep\n|turn|8\n|inactive|Time left: 300 sec this turn | 300 sec total\n|\n|t:|1783562813\n|switch|p1a: Hydrapple|Hydrapple, L83, M|312/312\n|move|p2a: Excadrill|Rock Slide|p1a: Hydrapple|[miss]\n|-miss|p2a: Excadrill|p1a: Hydrapple\n|\n|upkeep\n|turn|9\n|inactive|Time left: 300 sec this turn | 300 sec total\n|\n|t:|1783562814\n|move|p2a: Excadrill|Rock Slide|p1a: Hydrapple|[miss]\n|-miss|p2a: Excadrill|p1a: Hydrapple\n|move|p1a: Hydrapple|Earth Power|p2a: Excadrill\n|-supereffective|p2a: Excadrill\n|-damage|p2a: Excadrill|0 fnt\n|faint|p2a: Excadrill\n|\n|upkeep\n|\n|t:|1783562815\n|switch|p2a: Zarude|Zarude, L77|100/100\n|turn|10\n|inactive|Time left: 300 sec this turn | 300 sec total\n|\n|t:|1783562815\n|move|p2a: Zarude|Swords Dance|p2a: Zarude\n|-boost|p2a: Zarude|atk|2\n|move|p1a: Hydrapple|Fickle Beam|p2a: Zarude\n|-damage|p2a: Zarude|67/100\n|\n|upkeep\n|turn|11\n|inactive|Time left: 300 sec this turn | 300 sec total\n|\n|t:|1783562816\n|move|p2a: Zarude|Knock Off|p1a: Hydrapple\n|-damage|p1a: Hydrapple|98/312\n|-enditem|p1a: Hydrapple|Assault Vest|[from] move: Knock Off|[of] p2a: Zarude\n|-damage|p2a: Zarude|57/100|[from] item: Life Orb\n|move|p1a: Hydrapple|Dragon Tail|p2a: Zarude\n|-damage|p2a: Zarude|39/100\n|drag|p2a: Chandelure|Chandelure, L83, M|100/100\n|\n|upkeep\n|turn|12\n|inactive|Time left: 300 sec this turn | 300 sec total\n|\n|t:|1783562817\n|switch|p1a: Dodrio|Dodrio, L85, F|7/241\n|move|p2a: Chandelure|Fire Blast|p1a: Dodrio\n|-damage|p1a: Dodrio|0 fnt\n|faint|p1a: Dodrio\n|\n|upkeep\n|inactive|Time left: 300 sec this turn | 300 sec total | 5 sec grace\n|\n|t:|1783562818\n|switch|p1a: Hydrapple|Hydrapple, L83, M|202/312\n|turn|13\n|inactive|Time left: 300 sec this turn | 300 sec total\n|\n|t:|1783562819\n|move|p2a: Chandelure|Fire Blast|p1a: Hydrapple\n|-damage|p1a: Hydrapple|27/312\n|move|p1a: Hydrapple|Fickle Beam|p2a: Chandelure\n|-damage|p2a: Chandelure|56/100\n|\n|upkeep\n|turn|14\n|inactive|Time left: 300 sec this turn | 300 sec total\n|\n|t:|1783562820\n|switch|p1a: Skeledirge|Skeledirge, L79, F|294/294\n|move|p2a: Chandelure|Shadow Ball|p1a: Skeledirge\n|-supereffective|p1a: Skeledirge\n|-damage|p1a: Skeledirge|10/294\n|\n|upkeep\n|turn|15\n|inactive|Time left: 300 sec this turn | 300 sec total\n|\n|t:|1783562822\n|move|p2a: Chandelure|Shadow Ball|p1a: Skeledirge\n|-supereffective|p1a: Skeledirge\n|-damage|p1a: Skeledirge|0 fnt\n|faint|p1a: Skeledirge\n|\n|upkeep\n|inactive|Time left: 300 sec this turn | 300 sec total | 5 sec grace\n|\n|t:|1783562823\n|switch|p1a: Pecharunt|Pecharunt, L77|262/262\n|turn|16\n|inactive|Time left: 300 sec this turn | 300 sec total\n|\n|t:|1783562824\n|move|p1a: Pecharunt|Shadow Ball|p2a: Chandelure\n|-supereffective|p2a: Chandelure\n|-damage|p2a: Chandelure|0 fnt\n|faint|p2a: Chandelure\n|\n|upkeep\n|\n|t:|1783562825\n|switch|p2a: Tatsugiri|Tatsugiri, L87, F|100/100\n|turn|17\n|inactive|Time left: 300 sec this turn | 300 sec total\n|\n|t:|1783562826\n|move|p2a: Tatsugiri|Nasty Plot|p2a: Tatsugiri\n|-boost|p2a: Tatsugiri|spa|2\n|move|p1a: Pecharunt|Parting Shot|p2a: Tatsugiri\n|-unboost|p2a: Tatsugiri|atk|1\n|-unboost|p2a: Tatsugiri|spa|1\n|inactive|Time left: 300 sec this turn | 300 sec total | 5 sec grace\n|\n|t:|1783562827\n|switch|p1a: Hydrapple|Hydrapple, L83, M|131/312|[from] Parting Shot\n|\n|upkeep\n|turn|18\n|inactive|Time left: 300 sec this turn | 300 sec total\n|\n|t:|1783562828\n|move|p2a: Tatsugiri|Draco Meteor|p1a: Hydrapple\n|-supereffective|p1a: Hydrapple\n|-damage|p1a: Hydrapple|0 fnt\n|-unboost|p2a: Tatsugiri|spa|2\n|faint|p1a: Hydrapple\n|\n|upkeep\n|inactive|Time left: 300 sec this turn | 300 sec total | 5 sec grace\n|\n|t:|1783562828\n|switch|p1a: Dialga|Dialga, L73|266/266\n|-ability|p1a: Dialga|Pressure\n|turn|19\n|inactive|Time left: 300 sec this turn | 300 sec total\n|\n|t:|1783562829\n|-terastallize|p2a: Tatsugiri|Water\n|move|p2a: Tatsugiri|Nasty Plot|p2a: Tatsugiri\n|-boost|p2a: Tatsugiri|spa|2\n|move|p1a: Dialga|Draco Meteor|p2a: Tatsugiri\n|-damage|p2a: Tatsugiri|49/100\n|-unboost|p1a: Dialga|spa|2\n|\n|upkeep\n|turn|20\n|inactive|Time left: 300 sec this turn | 300 sec total\n|\n|t:|1783562830\n|move|p2a: Tatsugiri|Draco Meteor|p1a: Dialga\n|-damage|p1a: Dialga|0 fnt\n|-unboost|p2a: Tatsugiri|spa|2\n|faint|p1a: Dialga\n|\n|upkeep\n|inactive|Time left: 300 sec this turn | 300 sec total | 5 sec grace\n|\n|t:|1783562831\n|switch|p1a: Amoonguss|Amoonguss, L82, F|321/321\n|turn|21\n|inactive|Time left: 300 sec this turn | 300 sec total\n|\n|t:|1783562832\n|switch|p2a: Zarude|Zarude, L77|39/100\n|move|p1a: Amoonguss|Giga Drain|p2a: Zarude\n|-resisted|p2a: Zarude\n|-damage|p2a: Zarude|26/100\n|\n|upkeep\n|turn|22\n|inactive|Time left: 300 sec this turn | 300 sec total\n|\n|t:|1783562833\n|move|p2a: Zarude|Knock Off|p1a: Amoonguss\n|-damage|p1a: Amoonguss|173/321\n|-damage|p2a: Zarude|10/100|[from] item: Rocky Helmet|[of] p1a: Amoonguss\n|-enditem|p1a: Amoonguss|Rocky Helmet|[from] move: Knock Off|[of] p2a: Zarude\n|-damage|p2a: Zarude|0 fnt|[from] item: Life Orb\n|faint|p2a: Zarude\n|move|p1a: Amoonguss|Sludge Bomb|p2: Zarude|[notarget]\n|-fail|p1a: Amoonguss\n|\n|upkeep\n|\n|t:|1783562834\n|switch|p2a: Tatsugiri|Tatsugiri, L87, F, tera:Water|49/100\n|turn|23\n|inactive|Time left: 300 sec this turn | 300 sec total\n|\n|t:|1783562834\n|move|p2a: Tatsugiri|Draco Meteor|p1a: Amoonguss|[miss]\n|-miss|p2a: Tatsugiri|p1a: Amoonguss\n|move|p1a: Amoonguss|Giga Drain|p2a: Tatsugiri\n|-supereffective|p2a: Tatsugiri\n|-damage|p2a: Tatsugiri|0 fnt\n|-heal|p1a: Amoonguss|236/321|[from] drain|[of] p2a: Tatsugiri\n|faint|p2a: Tatsugiri\n|\n|win|p0x2035ac07", "uploadtime": 1783562834, "views": 0, "rating": 0, "private": 0, "password": null, "_winner": "p0x2035ac07", "_our_name": "p0x2035ac07"}