{"id": "battle-gen9randombattle-1738", "formatid": "gen9randombattle", "format": "[Gen 9] Random Battle", "players": ["p0x1738d7fa", "p0y1738b883"], "log": "|init|battle\n|title|p0x1738d7fa vs. p0y1738b883\n|j|\u2606p0x1738d7fa\n|j|\u2606p0y1738b883\n|t:|1783559345\n|gametype|singles\n|player|p1|p0x1738d7fa|170|\n|player|p2|p0y1738b883|102|\n|gen|9\n|tier|[Gen 9] Random Battle\n|rule|Species Clause: Limit one of each Pok\u00e9mon\n|rule|HP Percentage Mod: HP is shown in percentages\n|rule|Sleep Clause Mod: Limit one foe put to sleep\n|rule|Illusion Level Mod: Illusion disguises the Pok\u00e9mon's true level\n|\n|t:|1783559345\n|teamsize|p1|6\n|teamsize|p2|6\n|start\n|switch|p1a: Stonjourner|Stonjourner, L91, M|100/100\n|switch|p2a: Veluza|Veluza, L85, M|292/292\n|turn|1\n|inactive|Battle timer is ON: inactive players will automatically lose when time's up. (requested by p0y1738b883)\n|inactive|p0x1738d7fa also wants the timer to be on.\n|\n|t:|1783559347\n|move|p1a: Stonjourner|Stone Edge|p2a: Veluza|[miss]\n|-miss|p1a: Stonjourner|p2a: Veluza\n|move|p2a: Veluza|Aqua Cutter|p1a: Stonjourner\n|-supereffective|p1a: Stonjourner\n|-crit|p1a: Stonjourner\n|-damage|p1a: Stonjourner|0 fnt\n|faint|p1a: Stonjourner\n|\n|upkeep\n|\n|t:|1783559348\n|switch|p1a: Weavile|Weavile, L79, F|100/100\n|turn|2\n|inactive|Time left: 300 sec this turn | 300 sec total\n|\n|t:|1783559349\n|move|p1a: Weavile|Knock Off|p2a: Veluza\n|-supereffective|p2a: Veluza\n|-damage|p2a: Veluza|0 fnt\n|-enditem|p2a: Veluza|Choice Band|[from] move: Knock Off|[of] p1a: Weavile\n|faint|p2a: Veluza\n|\n|upkeep\n|inactive|Time left: 300 sec this turn | 300 sec total | 5 sec grace\n|\n|t:|1783559351\n|switch|p2a: Masquerain|Masquerain, L87, M|264/264\n|-ability|p2a: Masquerain|Intimidate|boost\n|-unboost|p1a: Weavile|atk|1\n|turn|3\n|inactive|Time left: 300 sec this turn | 300 sec total\n|\n|t:|1783559352\n|move|p1a: Weavile|Knock Off|p2a: Masquerain\n|-damage|p2a: Masquerain|129/264\n|-enditem|p2a: Masquerain|Heavy-Duty Boots|[from] move: Knock Off|[of] p1a: Weavile\n|move|p2a: Masquerain|Bug Buzz|p1a: Weavile\n|-supereffective|p1a: Weavile\n|-crit|p1a: Weavile\n|-damage|p1a: Weavile|0 fnt\n|faint|p1a: Weavile\n|\n|upkeep\n|\n|t:|1783559353\n|switch|p1a: Kyurem|Kyurem-White, L73|100/100\n|-ability|p1a: Kyurem|Turboblaze\n|turn|4\n|inactive|Time left: 300 sec this turn | 300 sec total\n|\n|t:|1783559354\n|switch|p2a: Regice|Regice, L88|284/284\n|move|p1a: Kyurem|Freeze-Dry|p2a: Regice\n|-resisted|p2a: Regice\n|-damage|p2a: Regice|260/284\n|\n|upkeep\n|turn|5\n|inactive|Time left: 300 sec this turn | 300 sec total\n|\n|t:|1783559355\n|switch|p1a: Blaziken|Blaziken, L76, F|100/100\n|move|p2a: Regice|Ice Beam|p1a: Blaziken\n|-resisted|p1a: Blaziken\n|-damage|p1a: Blaziken|74/100\n|\n|upkeep\n|turn|6\n|inactive|Time left: 300 sec this turn | 300 sec total\n|\n|t:|1783559357\n|-terastallize|p2a: Regice|Electric\n|move|p1a: Blaziken|Swords Dance|p1a: Blaziken\n|-boost|p1a: Blaziken|atk|2\n|move|p2a: Regice|Thunderbolt|p1a: Blaziken\n|-damage|p1a: Blaziken|18/100\n|-status|p1a: Blaziken|par\n|\n|-ability|p1a: Blaziken|Speed Boost|boost\n|-boost|p1a: Blaziken|spe|1\n|upkeep\n|turn|7\n|inactive|Time left: 300 sec this turn | 300 sec total\n|\n|t:|1783559358\n|move|p1a: Blaziken|Protect|p1a: Blaziken\n|-singleturn|p1a: Blaziken|Protect\n|move|p2a: Regice|Thunderbolt|p1a: Blaziken\n|-activate|p1a: Blaziken|move: Protect\n|\n|-ability|p1a: Blaziken|Speed Boost|boost\n|-boost|p1a: Blaziken|spe|1\n|upkeep\n|turn|8\n|inactive|Time left: 300 sec this turn | 300 sec total\n|\n|t:|1783559359\n|switch|p2a: Masquerain|Masquerain, L87, M|129/264\n|-ability|p2a: Masquerain|Intimidate|boost\n|-unboost|p1a: Blaziken|atk|1\n|cant|p1a: Blaziken|par\n|\n|-ability|p1a: Blaziken|Speed Boost|boost\n|-boost|p1a: Blaziken|spe|1\n|upkeep\n|turn|9\n|inactive|Time left: 300 sec this turn | 300 sec total\n|\n|t:|1783559360\n|move|p1a: Blaziken|Flare Blitz|p2a: Masquerain\n|-supereffective|p2a: Masquerain\n|-damage|p2a: Masquerain|0 fnt\n|faint|p2a: Masquerain\n|-damage|p1a: Blaziken|0 fnt|[from] Recoil\n|faint|p1a: Blaziken\n|\n|upkeep\n|inactive|Time left: 300 sec this turn | 300 sec total | 5 sec grace\n|\n|t:|1783559361\n|switch|p2a: Regice|Regice, L88, tera:Electric|260/284\n|switch|p1a: Meowstic|Meowstic-F, L89, F|100/100\n|turn|10\n|inactive|Time left: 300 sec this turn | 300 sec total\n|\n|t:|1783559362\n|move|p1a: Meowstic|Nasty Plot|p1a: Meowstic\n|-boost|p1a: Meowstic|spa|2\n|move|p2a: Regice|Ice Beam|p1a: Meowstic\n|-damage|p1a: Meowstic|60/100\n|\n|upkeep\n|turn|11\n|inactive|Time left: 300 sec this turn | 300 sec total\n|\n|t:|1783559363\n|move|p1a: Meowstic|Psychic|p2a: Regice\n|-damage|p2a: Regice|130/284\n|-damage|p1a: Meowstic|51/100|[from] item: Life Orb\n|move|p2a: Regice|Ice Beam|p1a: Meowstic\n|-damage|p1a: Meowstic|12/100\n|\n|upkeep\n|turn|12\n|inactive|Time left: 300 sec this turn | 300 sec total\n|\n|t:|1783559365\n|move|p1a: Meowstic|Psychic|p2a: Regice\n|-damage|p2a: Regice|5/284\n|-damage|p1a: Meowstic|3/100|[from] item: Life Orb\n|move|p2a: Regice|Body Press|p1a: Meowstic\n|-resisted|p1a: Meowstic\n|-damage|p1a: Meowstic|0 fnt\n|faint|p1a: Meowstic\n|\n|upkeep\n|\n|t:|1783559366\n|switch|p1a: Kyurem|Kyurem-White, L73|100/100\n|-ability|p1a: Kyurem|Turboblaze\n|turn|13\n|inactive|Time left: 300 sec this turn | 300 sec total\n|\n|t:|1783559367\n|switch|p2a: Grimmsnarl|Grimmsnarl, L83, M|293/293\n|move|p1a: Kyurem|Freeze-Dry|p2a: Grimmsnarl\n|-damage|p2a: Grimmsnarl|196/293\n|\n|-heal|p2a: Grimmsnarl|214/293|[from] item: Leftovers\n|upkeep\n|turn|14\n|inactive|Time left: 300 sec this turn | 300 sec total\n|\n|t:|1783559368\n|move|p1a: Kyurem|Freeze-Dry|p2a: Grimmsnarl\n|-damage|p2a: Grimmsnarl|108/293\n|move|p2a: Grimmsnarl|Spirit Break|p1a: Kyurem\n|-supereffective|p1a: Kyurem\n|-damage|p1a: Kyurem|35/100\n|-unboost|p1a: Kyurem|spa|1\n|\n|-heal|p2a: Grimmsnarl|126/293|[from] item: Leftovers\n|upkeep\n|turn|15\n|inactive|Time left: 300 sec this turn | 300 sec total\n|\n|t:|1783559369\n|move|p1a: Kyurem|Freeze-Dry|p2a: Grimmsnarl\n|-damage|p2a: Grimmsnarl|53/293\n|move|p2a: Grimmsnarl|Spirit Break|p1a: Kyurem\n|-supereffective|p1a: Kyurem\n|-damage|p1a: Kyurem|0 fnt\n|faint|p1a: Kyurem\n|\n|-heal|p2a: Grimmsnarl|71/293|[from] item: Leftovers\n|upkeep\n|\n|t:|1783559370\n|switch|p1a: Corviknight|Corviknight, L80, F|100/100\n|-ability|p1a: Corviknight|Pressure\n|turn|16\n|inactive|Time left: 300 sec this turn | 300 sec total\n|\n|t:|1783559371\n|move|p2a: Grimmsnarl|Thunder Wave|p1a: Corviknight\n|-status|p1a: Corviknight|par\n|move|p1a: Corviknight|Brave Bird|p2a: Grimmsnarl\n|-damage|p2a: Grimmsnarl|0 fnt\n|faint|p2a: Grimmsnarl\n|-damage|p1a: Corviknight|93/100 par|[from] Recoil\n|\n|-heal|p1a: Corviknight|99/100 par|[from] item: Leftovers\n|upkeep\n|inactive|Time left: 300 sec this turn | 300 sec total | 5 sec grace\n|\n|t:|1783559372\n|switch|p2a: Regice|Regice, L88, tera:Electric|5/284\n|turn|17\n|inactive|Time left: 300 sec this turn | 300 sec total\n|\n|t:|1783559373\n|move|p2a: Regice|Thunderbolt|p1a: Corviknight\n|-supereffective|p1a: Corviknight\n|-damage|p1a: Corviknight|18/100 par\n|move|p1a: Corviknight|Roost|p1a: Corviknight\n|-heal|p1a: Corviknight|68/100 par\n|-singleturn|p1a: Corviknight|move: Roost\n|\n|-heal|p1a: Corviknight|74/100 par|[from] item: Leftovers\n|upkeep\n|turn|18\n|inactive|Time left: 300 sec this turn | 300 sec total\n|\n|t:|1783559374\n|move|p2a: Regice|Ice Beam|p1a: Corviknight\n|-damage|p1a: Corviknight|33/100 par\n|cant|p1a: Corviknight|par\n|\n|-heal|p1a: Corviknight|39/100 par|[from] item: Leftovers\n|upkeep\n|turn|19\n|inactive|Time left: 300 sec this turn | 300 sec total\n|\n|t:|1783559375\n|move|p2a: Regice|Ice Beam|p1a: Corviknight\n|-damage|p1a: Corviknight|0 fnt\n|faint|p1a: Corviknight\n|\n|win|p0y1738b883", "uploadtime": 1783559375, "views": 0, "rating": 0, "private": 0, "password": null, "_winner": "p0y1738b883", "_our_name": "p0y1738b883"}