{"id": "battle-gen9randombattle-2207", "formatid": "gen9randombattle", "format": "[Gen 9] Random Battle", "players": ["p0x2207ac5f", "p0y22075ddc"], "log": "|init|battle\n|title|p0x2207ac5f vs. p0y22075ddc\n|j|\u2606p0x2207ac5f\n|j|\u2606p0y22075ddc\n|t:|1783565585\n|gametype|singles\n|player|p1|p0x2207ac5f|266|\n|player|p2|p0y22075ddc|2|\n|gen|9\n|tier|[Gen 9] Random Battle\n|rule|Species Clause: Limit one of each Pok\u00e9mon\n|rule|HP Percentage Mod: HP is shown in percentages\n|rule|Sleep Clause Mod: Limit one foe put to sleep\n|rule|Illusion Level Mod: Illusion disguises the Pok\u00e9mon's true level\n|\n|t:|1783565585\n|teamsize|p1|6\n|teamsize|p2|6\n|start\n|switch|p1a: Delibird|Delibird, F|252/252\n|switch|p2a: Zangoose|Zangoose, L85, M|100/100\n|turn|1\n|inactive|Battle timer is ON: inactive players will automatically lose when time's up. (requested by p0x2207ac5f)\n|inactive|p0y22075ddc also wants the timer to be on.\n|\n|t:|1783565587\n|move|p1a: Delibird|Freeze-Dry|p2a: Zangoose\n|-crit|p2a: Zangoose\n|-damage|p2a: Zangoose|42/100\n|move|p2a: Zangoose|Knock Off|p1a: Delibird\n|-damage|p1a: Delibird|137/252\n|-enditem|p1a: Delibird|Heavy-Duty Boots|[from] move: Knock Off|[of] p2a: Zangoose\n|\n|-status|p2a: Zangoose|tox|[from] item: Toxic Orb\n|upkeep\n|turn|2\n|inactive|Time left: 300 sec this turn | 300 sec total\n|\n|t:|1783565588\n|switch|p2a: Magearna|Magearna, L77|100/100\n|move|p1a: Delibird|Brave Bird|p2a: Magearna\n|-resisted|p2a: Magearna\n|-damage|p2a: Magearna|79/100\n|-damage|p1a: Delibird|119/252|[from] Recoil\n|\n|upkeep\n|turn|3\n|inactive|Time left: 300 sec this turn | 300 sec total\n|\n|t:|1783565589\n|switch|p1a: Araquanid|Araquanid, L82, F|246/246\n|move|p2a: Magearna|Flash Cannon|p1a: Araquanid\n|-resisted|p1a: Araquanid\n|-damage|p1a: Araquanid|213/246\n|\n|upkeep\n|turn|4\n|inactive|Time left: 300 sec this turn | 300 sec total\n|\n|t:|1783565591\n|switch|p2a: Rotom|Rotom-Mow, L87|100/100\n|move|p1a: Araquanid|Sticky Web|p2a: Rotom\n|-sidestart|p2: p0y22075ddc|move: Sticky Web\n|\n|upkeep\n|turn|5\n|inactive|Time left: 300 sec this turn | 300 sec total\n|\n|t:|1783565592\n|move|p2a: Rotom|Nasty Plot|p2a: Rotom\n|-boost|p2a: Rotom|spa|2\n|move|p1a: Araquanid|Leech Life|p2a: Rotom\n|-supereffective|p2a: Rotom\n|-damage|p2a: Rotom|50/100\n|-heal|p1a: Araquanid|246/246|[from] drain|[of] p2a: Rotom\n|\n|-heal|p2a: Rotom|56/100|[from] item: Leftovers\n|upkeep\n|turn|6\n|inactive|Time left: 300 sec this turn | 300 sec total\n|\n|t:|1783565593\n|switch|p1a: Raging Bolt|Raging Bolt, L78|323/323\n|move|p2a: Rotom|Thunderbolt|p1a: Raging Bolt\n|-resisted|p1a: Raging Bolt\n|-damage|p1a: Raging Bolt|266/323\n|\n|-heal|p2a: Rotom|62/100|[from] item: Leftovers\n|-heal|p1a: Raging Bolt|286/323|[from] item: Leftovers\n|upkeep\n|turn|7\n|inactive|Time left: 300 sec this turn | 300 sec total\n|\n|t:|1783565594\n|move|p2a: Rotom|Thunderbolt|p1a: Raging Bolt\n|-resisted|p1a: Raging Bolt\n|-damage|p1a: Raging Bolt|225/323\n|move|p1a: Raging Bolt|Calm Mind|p1a: Raging Bolt\n|-boost|p1a: Raging Bolt|spa|1\n|-boost|p1a: Raging Bolt|spd|1\n|\n|-heal|p2a: Rotom|68/100|[from] item: Leftovers\n|-heal|p1a: Raging Bolt|245/323|[from] item: Leftovers\n|upkeep\n|turn|8\n|inactive|Time left: 300 sec this turn | 300 sec total\n|\n|t:|1783565595\n|move|p2a: Rotom|Leaf Storm|p1a: Raging Bolt\n|-resisted|p1a: Raging Bolt\n|-damage|p1a: Raging Bolt|137/323\n|-unboost|p2a: Rotom|spa|2\n|move|p1a: Raging Bolt|Draco Meteor|p2a: Rotom\n|-damage|p2a: Rotom|0 fnt\n|-unboost|p1a: Raging Bolt|spa|2\n|faint|p2a: Rotom\n|\n|-heal|p1a: Raging Bolt|157/323|[from] item: Leftovers\n|upkeep\n|\n|t:|1783565596\n|switch|p2a: Gardevoir|Gardevoir, L83, F|100/100\n|-activate|p2a: Gardevoir|move: Sticky Web\n|-unboost|p2a: Gardevoir|spe|1\n|turn|9\n|inactive|Time left: 300 sec this turn | 300 sec total\n|\n|t:|1783565598\n|-end|p1a: Raging Bolt|Protosynthesis|[silent]\n|switch|p1a: Regigigas|Regigigas, L84|322/322\n|-ability|p2a: Gardevoir|Slow Start|Trace|[from] ability: Trace|[of] p1a: Regigigas\n|-start|p2a: Gardevoir|ability: Slow Start\n|-start|p1a: Regigigas|ability: Slow Start\n|move|p2a: Gardevoir|Moonblast|p1a: Regigigas\n|-damage|p1a: Regigigas|175/322\n|\n|-heal|p1a: Regigigas|195/322|[from] item: Leftovers\n|upkeep\n|turn|10\n|inactive|Time left: 300 sec this turn | 300 sec total\n|\n|t:|1783565599\n|move|p1a: Regigigas|Body Slam|p2a: Gardevoir\n|-damage|p2a: Gardevoir|64/100\n|move|p2a: Gardevoir|Moonblast|p1a: Regigigas\n|-damage|p1a: Regigigas|42/322\n|-unboost|p1a: Regigigas|spa|1\n|\n|-heal|p1a: Regigigas|62/322|[from] item: Leftovers\n|upkeep\n|turn|11\n|inactive|Time left: 300 sec this turn | 300 sec total\n|\n|t:|1783565600\n|move|p1a: Regigigas|Rest|p1a: Regigigas\n|-status|p1a: Regigigas|slp|[from] move: Rest\n|-heal|p1a: Regigigas|322/322 slp|[silent]\n|move|p2a: Gardevoir|Moonblast|p1a: Regigigas\n|-damage|p1a: Regigigas|175/322 slp\n|\n|-heal|p1a: Regigigas|195/322 slp|[from] item: Leftovers\n|upkeep\n|turn|12\n|inactive|Time left: 300 sec this turn | 300 sec total\n|\n|t:|1783565601\n|switch|p1a: Groudon|Groudon, L72|263/263\n|-weather|SunnyDay|[from] ability: Drought|[of] p1a: Groudon\n|move|p2a: Gardevoir|Moonblast|p1a: Groudon\n|-damage|p1a: Groudon|70/263\n|\n|-weather|SunnyDay|[upkeep]\n|-heal|p1a: Groudon|86/263|[from] item: Leftovers\n|upkeep\n|turn|13\n|inactive|Time left: 300 sec this turn | 300 sec total\n|\n|t:|1783565603\n|switch|p2a: Rayquaza|Rayquaza, L72|100/100\n|-ability|p2a: Rayquaza|Air Lock\n|move|p1a: Groudon|Heat Crash|p2a: Rayquaza\n|-resisted|p2a: Rayquaza\n|-damage|p2a: Rayquaza|84/100\n|\n|-weather|SunnyDay|[upkeep]\n|-heal|p1a: Groudon|102/263|[from] item: Leftovers\n|upkeep\n|turn|14\n|inactive|Time left: 300 sec this turn | 300 sec total\n|\n|t:|1783565604\n|switch|p1a: Rampardos|Rampardos, L90, M|321/321\n|move|p2a: Rayquaza|Swords Dance|p2a: Rayquaza\n|-boost|p2a: Rayquaza|atk|2\n|\n|-weather|SunnyDay|[upkeep]\n|upkeep\n|turn|15\n|inactive|Time left: 300 sec this turn | 300 sec total\n|\n|t:|1783565605\n|move|p1a: Rampardos|Head Smash|p2a: Rayquaza|[miss]\n|-miss|p1a: Rampardos|p2a: Rayquaza\n|move|p2a: Rayquaza|Earthquake|p1a: Rampardos\n|-supereffective|p1a: Rampardos\n|-damage|p1a: Rampardos|0 fnt\n|faint|p1a: Rampardos\n|\n|-weather|SunnyDay|[upkeep]\n|upkeep\n|inactive|Time left: 300 sec this turn | 300 sec total | 5 sec grace\n|\n|t:|1783565606\n|switch|p1a: Delibird|Delibird, F|119/252\n|turn|16\n|inactive|Time left: 300 sec this turn | 300 sec total\n|\n|t:|1783565607\n|-terastallize|p2a: Rayquaza|Normal\n|move|p1a: Delibird|Freeze-Dry|p2a: Rayquaza\n|-damage|p2a: Rayquaza|52/100\n|move|p2a: Rayquaza|Dragon Ascent|p1a: Delibird\n|-damage|p1a: Delibird|0 fnt\n|-unboost|p2a: Rayquaza|def|1\n|-unboost|p2a: Rayquaza|spd|1\n|faint|p1a: Delibird\n|\n|-weather|none\n|upkeep\n|inactive|Time left: 300 sec this turn | 300 sec total | 5 sec grace\n|\n|t:|1783565608\n|switch|p1a: Regigigas|Regigigas, L84|195/322 slp\n|-start|p1a: Regigigas|ability: Slow Start\n|turn|17\n|inactive|Time left: 300 sec this turn | 300 sec total\n|\n|t:|1783565609\n|move|p2a: Rayquaza|Dragon Ascent|p1a: Regigigas\n|-crit|p1a: Regigigas\n|-damage|p1a: Regigigas|0 fnt\n|-unboost|p2a: Rayquaza|def|1\n|-unboost|p2a: Rayquaza|spd|1\n|faint|p1a: Regigigas\n|-end|p1a: Regigigas|Slow Start|[silent]\n|\n|upkeep\n|inactive|Time left: 300 sec this turn | 300 sec total | 5 sec grace\n|\n|t:|1783565610\n|switch|p1a: Raging Bolt|Raging Bolt, L78|157/323\n|turn|18\n|inactive|Time left: 300 sec this turn | 300 sec total\n|\n|t:|1783565611\n|move|p2a: Rayquaza|Extreme Speed|p1a: Raging Bolt\n|-damage|p1a: Raging Bolt|0 fnt\n|faint|p1a: Raging Bolt\n|-end|p1a: Raging Bolt|Protosynthesis|[silent]\n|\n|upkeep\n|inactive|Time left: 300 sec this turn | 300 sec total | 5 sec grace\n|\n|t:|1783565612\n|switch|p1a: Groudon|Groudon, L72|102/263\n|-weather|SunnyDay|[from] ability: Drought|[of] p1a: Groudon\n|turn|19\n|inactive|Time left: 300 sec this turn | 300 sec total\n|\n|t:|1783565613\n|move|p2a: Rayquaza|Dragon Ascent|p1a: Groudon\n|-damage|p1a: Groudon|0 fnt\n|-unboost|p2a: Rayquaza|def|1\n|-unboost|p2a: Rayquaza|spd|1\n|faint|p1a: Groudon\n|\n|-weather|SunnyDay|[upkeep]\n|upkeep\n|inactive|Time left: 300 sec this turn | 300 sec total | 5 sec grace\n|\n|t:|1783565614\n|switch|p1a: Araquanid|Araquanid, L82, F|246/246\n|turn|20\n|inactive|Time left: 300 sec this turn | 300 sec total\n|\n|t:|1783565615\n|-terastallize|p1a: Araquanid|Water\n|move|p2a: Rayquaza|Dragon Ascent|p1a: Araquanid\n|-damage|p1a: Araquanid|0 fnt\n|-unboost|p2a: Rayquaza|def|1\n|-unboost|p2a: Rayquaza|spd|1\n|faint|p1a: Araquanid\n|\n|win|p0y22075ddc", "uploadtime": 1783565615, "views": 0, "rating": 0, "private": 0, "password": null, "_winner": "p0y22075ddc", "_our_name": "p0x2207ac5f"}