{"id": "battle-gen9randombattle-765", "formatid": "gen9randombattle", "format": "[Gen 9] Random Battle", "players": ["p0x7653332", "p0y765ff67"], "log": "|init|battle\n|title|p0x7653332 vs. p0y765ff67\n|j|\u2606p0x7653332\n|j|\u2606p0y765ff67\n|t:|1783547994\n|gametype|singles\n|player|p1|p0x7653332|102|\n|player|p2|p0y765ff67|2|\n|gen|9\n|tier|[Gen 9] Random Battle\n|rule|Species Clause: Limit one of each Pok\u00e9mon\n|rule|HP Percentage Mod: HP is shown in percentages\n|rule|Sleep Clause Mod: Limit one foe put to sleep\n|rule|Illusion Level Mod: Illusion disguises the Pok\u00e9mon's true level\n|\n|t:|1783547994\n|teamsize|p1|6\n|teamsize|p2|6\n|start\n|switch|p1a: Gengar|Gengar, L81, M|230/230\n|switch|p2a: Rotom|Rotom-Mow, L87|100/100\n|turn|1\n|inactive|Battle timer is ON: inactive players will automatically lose when time's up. (requested by p0y765ff67)\n|inactive|Time left: 300 sec this turn | 300 sec total | 60 sec grace\n|inactive|p0x7653332 also wants the timer to be on.\n|\n|t:|1783547995\n|switch|p2a: Piloswine|Piloswine, L85, M|100/100\n|move|p1a: Gengar|Sludge Wave|p2a: Piloswine\n|-resisted|p2a: Piloswine\n|-damage|p2a: Piloswine|80/100\n|-damage|p1a: Gengar|207/230|[from] item: Life Orb\n|\n|upkeep\n|turn|2\n|inactive|Time left: 300 sec this turn | 300 sec total\n|\n|t:|1783547996\n|switch|p1a: Zamazenta|Zamazenta, L71|248/248\n|-ability|p1a: Zamazenta|Dauntless Shield|boost\n|-boost|p1a: Zamazenta|def|1\n|move|p2a: Piloswine|Earthquake|p1a: Zamazenta\n|-damage|p1a: Zamazenta|179/248\n|\n|upkeep\n|turn|3\n|inactive|Time left: 300 sec this turn | 300 sec total\n|\n|t:|1783547998\n|move|p1a: Zamazenta|Close Combat|p2a: Piloswine\n|-supereffective|p2a: Piloswine\n|-damage|p2a: Piloswine|2/100\n|-unboost|p1a: Zamazenta|def|1\n|-unboost|p1a: Zamazenta|spd|1\n|move|p2a: Piloswine|Stealth Rock|p1a: Zamazenta\n|-sidestart|p1: p0x7653332|move: Stealth Rock\n|\n|upkeep\n|turn|4\n|inactive|Time left: 300 sec this turn | 300 sec total\n|\n|t:|1783547999\n|switch|p2a: Cresselia|Cresselia, L80, F|100/100\n|move|p1a: Zamazenta|Close Combat|p2a: Cresselia\n|-resisted|p2a: Cresselia\n|-damage|p2a: Cresselia|76/100\n|-unboost|p1a: Zamazenta|def|1\n|-unboost|p1a: Zamazenta|spd|1\n|\n|-heal|p2a: Cresselia|83/100|[from] item: Leftovers\n|upkeep\n|turn|5\n|inactive|Time left: 300 sec this turn | 300 sec total\n|\n|t:|1783548000\n|switch|p1a: Espeon|Espeon, L84, F|246/246\n|-damage|p1a: Espeon|216/246|[from] Stealth Rock\n|move|p2a: Cresselia|Calm Mind|p2a: Cresselia\n|-boost|p2a: Cresselia|spa|1\n|-boost|p2a: Cresselia|spd|1\n|\n|-heal|p2a: Cresselia|89/100|[from] item: Leftovers\n|upkeep\n|turn|6\n|inactive|Time left: 300 sec this turn | 300 sec total\n|\n|t:|1783548001\n|move|p1a: Espeon|Calm Mind|p1a: Espeon\n|-boost|p1a: Espeon|spa|1\n|-boost|p1a: Espeon|spd|1\n|move|p2a: Cresselia|Moonblast|p1a: Espeon\n|-damage|p1a: Espeon|166/246\n|-unboost|p1a: Espeon|spa|1\n|\n|-heal|p2a: Cresselia|95/100|[from] item: Leftovers\n|upkeep\n|turn|7\n|inactive|Time left: 300 sec this turn | 300 sec total\n|\n|t:|1783548003\n|move|p1a: Espeon|Calm Mind|p1a: Espeon\n|-boost|p1a: Espeon|spa|1\n|-boost|p1a: Espeon|spd|1\n|move|p2a: Cresselia|Calm Mind|p2a: Cresselia\n|-boost|p2a: Cresselia|spa|1\n|-boost|p2a: Cresselia|spd|1\n|\n|-heal|p2a: Cresselia|100/100|[from] item: Leftovers\n|upkeep\n|turn|8\n|inactive|Time left: 300 sec this turn | 300 sec total\n|\n|t:|1783548004\n|move|p1a: Espeon|Calm Mind|p1a: Espeon\n|-boost|p1a: Espeon|spa|1\n|-boost|p1a: Espeon|spd|1\n|move|p2a: Cresselia|Psyshock|p1a: Espeon\n|-resisted|p1a: Espeon\n|-damage|p1a: Espeon|76/246\n|\n|upkeep\n|turn|9\n|inactive|Time left: 300 sec this turn | 300 sec total\n|\n|t:|1783548005\n|move|p1a: Espeon|Morning Sun|p1a: Espeon\n|-heal|p1a: Espeon|199/246\n|move|p2a: Cresselia|Psyshock|p1a: Espeon\n|-resisted|p1a: Espeon\n|-crit|p1a: Espeon\n|-damage|p1a: Espeon|79/246\n|\n|upkeep\n|turn|10\n|inactive|Time left: 300 sec this turn | 300 sec total\n|\n|t:|1783548006\n|move|p1a: Espeon|Morning Sun|p1a: Espeon\n|-heal|p1a: Espeon|202/246\n|move|p2a: Cresselia|Psyshock|p1a: Espeon\n|-resisted|p1a: Espeon\n|-damage|p1a: Espeon|112/246\n|\n|upkeep\n|turn|11\n|inactive|Time left: 300 sec this turn | 300 sec total\n|\n|t:|1783548007\n|move|p1a: Espeon|Morning Sun|p1a: Espeon\n|-heal|p1a: Espeon|235/246\n|move|p2a: Cresselia|Psyshock|p1a: Espeon\n|-resisted|p1a: Espeon\n|-damage|p1a: Espeon|146/246\n|\n|upkeep\n|turn|12\n|inactive|Time left: 300 sec this turn | 300 sec total\n|\n|t:|1783548008\n|move|p1a: Espeon|Morning Sun|p1a: Espeon\n|-heal|p1a: Espeon|246/246\n|move|p2a: Cresselia|Psyshock|p1a: Espeon\n|-resisted|p1a: Espeon\n|-damage|p1a: Espeon|162/246\n|\n|upkeep\n|turn|13\n|inactive|Time left: 300 sec this turn | 300 sec total\n|\n|t:|1783548009\n|move|p1a: Espeon|Morning Sun|p1a: Espeon\n|-heal|p1a: Espeon|246/246\n|move|p2a: Cresselia|Psyshock|p1a: Espeon\n|-resisted|p1a: Espeon\n|-damage|p1a: Espeon|165/246\n|\n|upkeep\n|turn|14\n|inactive|Time left: 300 sec this turn | 300 sec total\n|\n|t:|1783548011\n|move|p1a: Espeon|Morning Sun|p1a: Espeon\n|-heal|p1a: Espeon|246/246\n|move|p2a: Cresselia|Psyshock|p1a: Espeon\n|-resisted|p1a: Espeon\n|-damage|p1a: Espeon|163/246\n|\n|upkeep\n|turn|15\n|inactive|Time left: 300 sec this turn | 300 sec total\n|\n|t:|1783548012\n|move|p1a: Espeon|Morning Sun|p1a: Espeon\n|-heal|p1a: Espeon|246/246\n|move|p2a: Cresselia|Psyshock|p1a: Espeon\n|-resisted|p1a: Espeon\n|-damage|p1a: Espeon|157/246\n|\n|upkeep\n|turn|16\n|inactive|Time left: 300 sec this turn | 300 sec total\n|\n|t:|1783548013\n|move|p1a: Espeon|Morning Sun|p1a: Espeon\n|-heal|p1a: Espeon|246/246\n|move|p2a: Cresselia|Psyshock|p1a: Espeon\n|-resisted|p1a: Espeon\n|-damage|p1a: Espeon|168/246\n|\n|upkeep\n|turn|17\n|inactive|Time left: 300 sec this turn | 300 sec total\n|\n|t:|1783548014\n|move|p1a: Espeon|Calm Mind|p1a: Espeon\n|-boost|p1a: Espeon|spa|1\n|-boost|p1a: Espeon|spd|1\n|move|p2a: Cresselia|Psyshock|p1a: Espeon\n|-resisted|p1a: Espeon\n|-damage|p1a: Espeon|90/246\n|\n|upkeep\n|turn|18\n|inactive|Time left: 300 sec this turn | 300 sec total\n|\n|t:|1783548015\n|move|p1a: Espeon|Calm Mind|p1a: Espeon\n|-boost|p1a: Espeon|spa|1\n|-boost|p1a: Espeon|spd|1\n|move|p2a: Cresselia|Psyshock|p1a: Espeon\n|-resisted|p1a: Espeon\n|-damage|p1a: Espeon|1/246\n|\n|upkeep\n|turn|19\n|inactive|Time left: 300 sec this turn | 300 sec total\n|\n|t:|1783548017\n|move|p1a: Espeon|Psyshock|p2a: Cresselia\n|-resisted|p2a: Cresselia\n|-damage|p2a: Cresselia|48/100\n|-damage|p1a: Espeon|0 fnt|[from] item: Life Orb\n|faint|p1a: Espeon\n|move|p2a: Cresselia|Psyshock|p1: Espeon|[notarget]\n|-fail|p2a: Cresselia\n|\n|-heal|p2a: Cresselia|55/100|[from] item: Leftovers\n|upkeep\n|inactive|Time left: 300 sec this turn | 300 sec total | 5 sec grace\n|\n|t:|1783548018\n|switch|p1a: Chesnaught|Chesnaught, L84, F|285/285\n|-damage|p1a: Chesnaught|268/285|[from] Stealth Rock\n|turn|20\n|inactive|Time left: 300 sec this turn | 300 sec total\n|\n|t:|1783548019\n|-terastallize|p1a: Chesnaught|Water\n|move|p2a: Cresselia|Psyshock|p1a: Chesnaught\n|-damage|p1a: Chesnaught|169/285\n|move|p1a: Chesnaught|Knock Off|p2a: Cresselia\n|-supereffective|p2a: Cresselia\n|-damage|p2a: Cresselia|17/100\n|-enditem|p2a: Cresselia|Leftovers|[from] move: Knock Off|[of] p1a: Chesnaught\n|\n|-heal|p1a: Chesnaught|186/285|[from] item: Leftovers\n|upkeep\n|turn|21\n|inactive|Time left: 300 sec this turn | 300 sec total\n|\n|t:|1783548020\n|move|p2a: Cresselia|Moonlight|p2a: Cresselia\n|-heal|p2a: Cresselia|67/100\n|move|p1a: Chesnaught|Wood Hammer|p2a: Cresselia\n|-damage|p2a: Cresselia|29/100\n|-damage|p1a: Chesnaught|145/285|[from] Recoil\n|\n|-heal|p1a: Chesnaught|162/285|[from] item: Leftovers\n|upkeep\n|turn|22\n|inactive|Time left: 300 sec this turn | 300 sec total\n|\n|t:|1783548021\n|move|p2a: Cresselia|Moonlight|p2a: Cresselia\n|-heal|p2a: Cresselia|79/100\n|move|p1a: Chesnaught|Wood Hammer|p2a: Cresselia\n|-damage|p2a: Cresselia|43/100\n|-damage|p1a: Chesnaught|124/285|[from] Recoil\n|\n|-heal|p1a: Chesnaught|141/285|[from] item: Leftovers\n|upkeep\n|turn|23\n|inactive|Time left: 300 sec this turn | 300 sec total\n|\n|t:|1783548022\n|move|p2a: Cresselia|Moonblast|p1a: Chesnaught\n|-damage|p1a: Chesnaught|35/285\n|move|p1a: Chesnaught|Synthesis|p1a: Chesnaught\n|-heal|p1a: Chesnaught|177/285\n|\n|-heal|p1a: Chesnaught|194/285|[from] item: Leftovers\n|upkeep\n|turn|24\n|inactive|Time left: 300 sec this turn | 300 sec total\n|\n|t:|1783548024\n|move|p2a: Cresselia|Moonlight|p2a: Cresselia\n|-heal|p2a: Cresselia|93/100\n|move|p1a: Chesnaught|Synthesis|p1a: Chesnaught\n|-heal|p1a: Chesnaught|285/285\n|\n|upkeep\n|turn|25\n|inactive|Time left: 300 sec this turn | 300 sec total\n|\n|t:|1783548025\n|move|p2a: Cresselia|Calm Mind|p2a: Cresselia\n|-boost|p2a: Cresselia|spa|1\n|-boost|p2a: Cresselia|spd|1\n|move|p1a: Chesnaught|Wood Hammer|p2a: Cresselia\n|-damage|p2a: Cresselia|56/100\n|-damage|p1a: Chesnaught|245/285|[from] Recoil\n|\n|-heal|p1a: Chesnaught|262/285|[from] item: Leftovers\n|upkeep\n|turn|26\n|inactive|Time left: 300 sec this turn | 300 sec total\n|\n|t:|1783548026\n|move|p2a: Cresselia|Moonblast|p1a: Chesnaught\n|-damage|p1a: Chesnaught|130/285\n|move|p1a: Chesnaught|Synthesis|p1a: Chesnaught\n|-heal|p1a: Chesnaught|272/285\n|\n|-heal|p1a: Chesnaught|285/285|[from] item: Leftovers\n|upkeep\n|turn|27\n|inactive|Time left: 300 sec this turn | 300 sec total\n|\n|t:|1783548027\n|move|p2a: Cresselia|Moonblast|p1a: Chesnaught\n|-damage|p1a: Chesnaught|136/285\n|move|p1a: Chesnaught|Wood Hammer|p2a: Cresselia\n|-damage|p2a: Cresselia|19/100\n|-damage|p1a: Chesnaught|97/285|[from] Recoil\n|\n|-heal|p1a: Chesnaught|114/285|[from] item: Leftovers\n|upkeep\n|turn|28\n|inactive|Time left: 300 sec this turn | 300 sec total\n|\n|t:|1783548027\n|move|p2a: Cresselia|Moonlight|p2a: Cresselia\n|-heal|p2a: Cresselia|69/100\n|move|p1a: Chesnaught|Synthesis|p1a: Chesnaught\n|-heal|p1a: Chesnaught|256/285\n|\n|-heal|p1a: Chesnaught|273/285|[from] item: Leftovers\n|upkeep\n|turn|29\n|inactive|Time left: 300 sec this turn | 300 sec total\n|\n|t:|1783548028\n|move|p2a: Cresselia|Moonblast|p1a: Chesnaught\n|-damage|p1a: Chesnaught|139/285\n|-unboost|p1a: Chesnaught|spa|1\n|move|p1a: Chesnaught|Synthesis|p1a: Chesnaught\n|-heal|p1a: Chesnaught|281/285\n|\n|-heal|p1a: Chesnaught|285/285|[from] item: Leftovers\n|upkeep\n|turn|30\n|inactive|Time left: 300 sec this turn | 300 sec total\n|\n|t:|1783548029\n|move|p2a: Cresselia|Moonblast|p1a: Chesnaught\n|-damage|p1a: Chesnaught|137/285\n|-unboost|p1a: Chesnaught|spa|1\n|move|p1a: Chesnaught|Knock Off|p2a: Cresselia\n|-supereffective|p2a: Cresselia\n|-crit|p2a: Cresselia\n|-damage|p2a: Cresselia|29/100\n|\n|-heal|p1a: Chesnaught|154/285|[from] item: Leftovers\n|upkeep\n|turn|31\n|inactive|Time left: 300 sec this turn | 300 sec total\n|\n|t:|1783548030\n|move|p2a: Cresselia|Moonlight|p2a: Cresselia\n|-heal|p2a: Cresselia|79/100\n|move|p1a: Chesnaught|Synthesis|p1a: Chesnaught\n|-heal|p1a: Chesnaught|285/285\n|\n|upkeep\n|turn|32\n|inactive|Time left: 300 sec this turn | 300 sec total\n|\n|t:|1783548030\n|move|p2a: Cresselia|Psyshock|p1a: Chesnaught\n|-damage|p1a: Chesnaught|155/285\n|move|p1a: Chesnaught|Synthesis|p1a: Chesnaught\n|-heal|p1a: Chesnaught|285/285\n|\n|upkeep\n|turn|33\n|inactive|Time left: 300 sec this turn | 300 sec total\n|\n|t:|1783548031\n|move|p2a: Cresselia|Moonblast|p1a: Chesnaught\n|-damage|p1a: Chesnaught|131/285\n|move|p1a: Chesnaught|Synthesis|p1a: Chesnaught\n|-heal|p1a: Chesnaught|273/285\n|\n|-heal|p1a: Chesnaught|285/285|[from] item: Leftovers\n|upkeep\n|turn|34\n|inactive|Time left: 300 sec this turn | 300 sec total\n|\n|t:|1783548032\n|move|p2a: Cresselia|Moonblast|p1a: Chesnaught\n|-damage|p1a: Chesnaught|148/285\n|move|p1a: Chesnaught|Knock Off|p2a: Cresselia\n|-supereffective|p2a: Cresselia\n|-damage|p2a: Cresselia|50/100\n|\n|-heal|p1a: Chesnaught|165/285|[from] item: Leftovers\n|upkeep\n|turn|35\n|inactive|Time left: 300 sec this turn | 300 sec total\n|\n|t:|1783548033\n|move|p2a: Cresselia|Moonlight|p2a: Cresselia\n|-heal|p2a: Cresselia|99/100\n|move|p1a: Chesnaught|Wood Hammer|p2a: Cresselia\n|-damage|p2a: Cresselia|64/100\n|-damage|p1a: Chesnaught|127/285|[from] Recoil\n|\n|-heal|p1a: Chesnaught|144/285|[from] item: Leftovers\n|upkeep\n|turn|36\n|inactive|Time left: 300 sec this turn | 300 sec total\n|\n|t:|1783548033\n|move|p2a: Cresselia|Moonblast|p1a: Chesnaught\n|-damage|p1a: Chesnaught|0 fnt\n|faint|p1a: Chesnaught\n|\n|upkeep\n|inactive|Time left: 300 sec this turn | 300 sec total | 5 sec grace\n|\n|t:|1783548034\n|switch|p1a: Misdreavus|Misdreavus, L90, M|254/254\n|-damage|p1a: Misdreavus|223/254|[from] Stealth Rock\n|turn|37\n|inactive|Time left: 300 sec this turn | 300 sec total\n|\n|t:|1783548035\n|move|p1a: Misdreavus|Calm Mind|p1a: Misdreavus\n|-boost|p1a: Misdreavus|spa|1\n|-boost|p1a: Misdreavus|spd|1\n|move|p2a: Cresselia|Psyshock|p1a: Misdreavus\n|-damage|p1a: Misdreavus|100/254\n|\n|upkeep\n|turn|38\n|inactive|Time left: 300 sec this turn | 300 sec total\n|\n|t:|1783548036\n|move|p1a: Misdreavus|Shadow Ball|p2a: Cresselia\n|-supereffective|p2a: Cresselia\n|-crit|p2a: Cresselia\n|-damage|p2a: Cresselia|0 fnt\n|faint|p2a: Cresselia\n|\n|upkeep\n|\n|t:|1783548037\n|switch|p2a: Dachsbun|Dachsbun, L92, F|100/100\n|turn|39\n|inactive|Time left: 300 sec this turn | 300 sec total\n|\n|t:|1783548038\n|move|p2a: Dachsbun|Play Rough|p1a: Misdreavus\n|-damage|p1a: Misdreavus|24/254\n|move|p1a: Misdreavus|Shadow Ball|p2a: Dachsbun\n|-damage|p2a: Dachsbun|48/100\n|-unboost|p2a: Dachsbun|spd|1\n|\n|-heal|p2a: Dachsbun|54/100|[from] item: Leftovers\n|upkeep\n|turn|40\n|inactive|Time left: 300 sec this turn | 300 sec total\n|\n|t:|1783548039\n|move|p2a: Dachsbun|Play Rough|p1a: Misdreavus\n|-damage|p1a: Misdreavus|0 fnt\n|faint|p1a: Misdreavus\n|\n|-heal|p2a: Dachsbun|60/100|[from] item: Leftovers\n|upkeep\n|inactive|Time left: 300 sec this turn | 300 sec total | 5 sec grace\n|\n|t:|1783548040\n|switch|p1a: Gengar|Gengar, L81, M|207/230\n|-damage|p1a: Gengar|179/230|[from] Stealth Rock\n|turn|41\n|inactive|Time left: 300 sec this turn | 300 sec total\n|\n|t:|1783548041\n|switch|p2a: Salazzle|Salazzle, L83, F|100/100\n|move|p1a: Gengar|Nasty Plot|p1a: Gengar\n|-boost|p1a: Gengar|spa|2\n|\n|upkeep\n|turn|42\n|inactive|Time left: 300 sec this turn | 300 sec total\n|\n|t:|1783548042\n|move|p2a: Salazzle|Substitute|p2a: Salazzle\n|-start|p2a: Salazzle|Substitute\n|-damage|p2a: Salazzle|76/100\n|move|p1a: Gengar|Shadow Ball|p2a: Salazzle\n|-end|p2a: Salazzle|Substitute\n|-damage|p1a: Gengar|156/230|[from] item: Life Orb\n|\n|-heal|p2a: Salazzle|82/100|[from] item: Leftovers\n|upkeep\n|turn|43\n|inactive|Time left: 300 sec this turn | 300 sec total\n|\n|t:|1783548043\n|move|p2a: Salazzle|Flamethrower|p1a: Gengar\n|-damage|p1a: Gengar|44/230\n|-start|p2a: Salazzle|Disable|Flamethrower|[from] ability: Cursed Body|[of] p1a: Gengar\n|move|p1a: Gengar|Shadow Ball|p2a: Salazzle\n|-damage|p2a: Salazzle|0 fnt\n|faint|p2a: Salazzle\n|-damage|p1a: Gengar|21/230|[from] item: Life Orb\n|\n|upkeep\n|\n|t:|1783548044\n|switch|p2a: Piloswine|Piloswine, L85, M|2/100\n|turn|44\n|inactive|Time left: 300 sec this turn | 300 sec total\n|\n|t:|1783548045\n|move|p1a: Gengar|Shadow Ball|p2a: Piloswine\n|-damage|p2a: Piloswine|0 fnt\n|faint|p2a: Piloswine\n|-damage|p1a: Gengar|0 fnt|[from] item: Life Orb\n|faint|p1a: Gengar\n|\n|upkeep\n|inactive|Time left: 300 sec this turn | 300 sec total | 5 sec grace\n|\n|t:|1783548046\n|switch|p1a: Landorus|Landorus, L75, M|257/257\n|switch|p2a: Rotom|Rotom-Mow, L87|100/100\n|-damage|p1a: Landorus|225/257|[from] Stealth Rock\n|turn|45\n|inactive|Time left: 300 sec this turn | 300 sec total\n|\n|t:|1783548047\n|-terastallize|p2a: Rotom|Grass\n|move|p2a: Rotom|Leaf Storm|p1a: Landorus\n|-damage|p1a: Landorus|0 fnt\n|-unboost|p2a: Rotom|spa|2\n|faint|p1a: Landorus\n|\n|upkeep\n|inactive|Time left: 300 sec this turn | 300 sec total | 5 sec grace\n|\n|t:|1783548048\n|switch|p1a: Zamazenta|Zamazenta, L71|179/248\n|-damage|p1a: Zamazenta|164/248|[from] Stealth Rock\n|turn|46\n|inactive|Time left: 300 sec this turn | 300 sec total\n|\n|t:|1783548049\n|move|p1a: Zamazenta|Stone Edge|p2a: Rotom\n|-damage|p2a: Rotom|67/100\n|move|p2a: Rotom|Volt Switch|p1a: Zamazenta\n|-damage|p1a: Zamazenta|124/248\n|\n|t:|1783548050\n|switch|p2a: Dachsbun|Dachsbun, L92, F|60/100|[from] Volt Switch\n|\n|-heal|p2a: Dachsbun|66/100|[from] item: Leftovers\n|upkeep\n|turn|47\n|inactive|Time left: 300 sec this turn | 300 sec total\n|\n|t:|1783548051\n|move|p1a: Zamazenta|Stone Edge|p2a: Dachsbun\n|-damage|p2a: Dachsbun|38/100\n|move|p2a: Dachsbun|Play Rough|p1a: Zamazenta\n|-supereffective|p1a: Zamazenta\n|-damage|p1a: Zamazenta|0 fnt\n|faint|p1a: Zamazenta\n|\n|win|p0y765ff67", "uploadtime": 1783548051, "views": 0, "rating": 0, "private": 0, "password": null, "_winner": "p0y765ff67", "_our_name": "p0x7653332"}