{"id": "battle-gen9randombattle-1899", "formatid": "gen9randombattle", "format": "[Gen 9] Random Battle", "players": ["p0x18998b5a", "p0y18992474"], "log": "|init|battle\n|title|p0x18998b5a vs. p0y18992474\n|j|\u2606p0x18998b5a\n|j|\u2606p0y18992474\n|t:|1783561222\n|gametype|singles\n|player|p1|p0x18998b5a|1|\n|player|p2|p0y18992474|265|\n|gen|9\n|tier|[Gen 9] Random Battle\n|rule|Species Clause: Limit one of each Pok\u00e9mon\n|rule|HP Percentage Mod: HP is shown in percentages\n|rule|Sleep Clause Mod: Limit one foe put to sleep\n|rule|Illusion Level Mod: Illusion disguises the Pok\u00e9mon's true level\n|\n|t:|1783561222\n|teamsize|p1|6\n|teamsize|p2|6\n|start\n|switch|p1a: Mesprit|Mesprit, L85|100/100\n|switch|p2a: Palafin|Palafin, L77, F|281/281\n|turn|1\n|inactive|Battle timer is ON: inactive players will automatically lose when time's up. (requested by p0y18992474)\n|inactive|p0x18998b5a also wants the timer to be on.\n|\n|t:|1783561224\n|move|p1a: Mesprit|Psychic|p2a: Palafin\n|-damage|p2a: Palafin|143/281\n|move|p2a: Palafin|Bulk Up|p2a: Palafin\n|-boost|p2a: Palafin|atk|1\n|-boost|p2a: Palafin|def|1\n|\n|-heal|p2a: Palafin|160/281|[from] item: Leftovers\n|upkeep\n|turn|2\n|inactive|Time left: 300 sec this turn | 300 sec total\n|\n|t:|1783561225\n|move|p1a: Mesprit|Psychic|p2a: Palafin\n|-damage|p2a: Palafin|7/281\n|move|p2a: Palafin|Ice Punch|p1a: Mesprit\n|-damage|p1a: Mesprit|83/100\n|\n|-heal|p2a: Palafin|24/281|[from] item: Leftovers\n|upkeep\n|turn|3\n|inactive|Time left: 300 sec this turn | 300 sec total\n|\n|t:|1783561226\n|detailschange|p2a: Palafin|Palafin-Hero, L77, F\n|switch|p2a: Persian|Persian-Alola, L86, F|252/252\n|move|p1a: Mesprit|Psychic|p2a: Persian\n|-immune|p2a: Persian\n|\n|upkeep\n|turn|4\n|inactive|Time left: 300 sec this turn | 300 sec total\n|\n|t:|1783561227\n|move|p1a: Mesprit|Psychic|p2a: Persian\n|-immune|p2a: Persian\n|move|p2a: Persian|Nasty Plot|p2a: Persian\n|-boost|p2a: Persian|spa|2\n|\n|upkeep\n|turn|5\n|inactive|Time left: 300 sec this turn | 300 sec total\n|\n|t:|1783561228\n|switch|p1a: Minun|Minun, L95, M|100/100\n|move|p2a: Persian|Dark Pulse|p1a: Minun\n|-damage|p1a: Minun|31/100\n|-damage|p2a: Persian|227/252|[from] item: Life Orb\n|\n|upkeep\n|turn|6\n|inactive|Time left: 300 sec this turn | 300 sec total\n|\n|t:|1783561229\n|move|p2a: Persian|Dark Pulse|p1a: Minun\n|-damage|p1a: Minun|0 fnt\n|faint|p1a: Minun\n|-damage|p2a: Persian|202/252|[from] item: Life Orb\n|\n|upkeep\n|\n|t:|1783561230\n|switch|p1a: Mesprit|Mesprit, L85|83/100\n|turn|7\n|inactive|Time left: 300 sec this turn | 300 sec total\n|\n|t:|1783561231\n|-terastallize|p1a: Mesprit|Fairy\n|move|p1a: Mesprit|Dazzling Gleam|p2a: Persian\n|-supereffective|p2a: Persian\n|-damage|p2a: Persian|0 fnt\n|faint|p2a: Persian\n|\n|upkeep\n|inactive|Time left: 300 sec this turn | 300 sec total | 5 sec grace\n|\n|t:|1783561232\n|switch|p2a: Heatran|Heatran, L79, F|273/273\n|-item|p2a: Heatran|Air Balloon\n|turn|8\n|inactive|Time left: 300 sec this turn | 300 sec total\n|\n|t:|1783561233\n|move|p1a: Mesprit|Dazzling Gleam|p2a: Heatran\n|-resisted|p2a: Heatran\n|-damage|p2a: Heatran|252/273\n|-enditem|p2a: Heatran|Air Balloon\n|move|p2a: Heatran|Stealth Rock|p1a: Mesprit\n|-sidestart|p1: p0x18998b5a|move: Stealth Rock\n|\n|upkeep\n|turn|9\n|inactive|Time left: 300 sec this turn | 300 sec total\n|\n|t:|1783561235\n|switch|p1a: Toucannon|Toucannon, L88, M|100/100\n|move|p2a: Heatran|Heavy Slam|p1a: Toucannon\n|-damage|p1a: Toucannon|61/100\n|\n|upkeep\n|turn|10\n|inactive|Time left: 300 sec this turn | 300 sec total\n|\n|t:|1783561236\n|move|p2a: Heatran|Heavy Slam|p1a: Toucannon\n|-damage|p1a: Toucannon|20/100\n|move|p1a: Toucannon|Roost|p1a: Toucannon\n|-heal|p1a: Toucannon|70/100\n|-singleturn|p1a: Toucannon|move: Roost\n|\n|upkeep\n|turn|11\n|inactive|Time left: 300 sec this turn | 300 sec total\n|\n|t:|1783561237\n|move|p2a: Heatran|Heavy Slam|p1a: Toucannon\n|-damage|p1a: Toucannon|31/100\n|move|p1a: Toucannon|Roost|p1a: Toucannon\n|-heal|p1a: Toucannon|81/100\n|-singleturn|p1a: Toucannon|move: Roost\n|\n|upkeep\n|turn|12\n|inactive|Time left: 300 sec this turn | 300 sec total\n|\n|t:|1783561238\n|move|p2a: Heatran|Magma Storm|p1a: Toucannon\n|-crit|p1a: Toucannon\n|-damage|p1a: Toucannon|12/100\n|-activate|p1a: Toucannon|move: Magma Storm|[of] p2a: Heatran\n|move|p1a: Toucannon|Roost|p1a: Toucannon\n|-heal|p1a: Toucannon|62/100\n|-singleturn|p1a: Toucannon|move: Roost\n|\n|-damage|p1a: Toucannon|49/100|[from] move: Magma Storm|[partiallytrapped]\n|upkeep\n|turn|13\n|inactive|Time left: 300 sec this turn | 300 sec total\n|\n|t:|1783561239\n|move|p2a: Heatran|Magma Storm|p1a: Toucannon|[miss]\n|-miss|p2a: Heatran|p1a: Toucannon\n|move|p1a: Toucannon|Roost|p1a: Toucannon\n|-heal|p1a: Toucannon|99/100\n|-singleturn|p1a: Toucannon|move: Roost\n|\n|-damage|p1a: Toucannon|87/100|[from] move: Magma Storm|[partiallytrapped]\n|upkeep\n|turn|14\n|inactive|Time left: 300 sec this turn | 300 sec total\n|\n|t:|1783561240\n|move|p2a: Heatran|Heavy Slam|p1a: Toucannon\n|-damage|p1a: Toucannon|45/100\n|move|p1a: Toucannon|Roost|p1a: Toucannon\n|-heal|p1a: Toucannon|95/100\n|-singleturn|p1a: Toucannon|move: Roost\n|\n|-damage|p1a: Toucannon|83/100|[from] move: Magma Storm|[partiallytrapped]\n|upkeep\n|turn|15\n|inactive|Time left: 300 sec this turn | 300 sec total\n|\n|t:|1783561241\n|move|p2a: Heatran|Heavy Slam|p1a: Toucannon\n|-damage|p1a: Toucannon|42/100\n|move|p1a: Toucannon|Roost|p1a: Toucannon\n|-heal|p1a: Toucannon|92/100\n|-singleturn|p1a: Toucannon|move: Roost\n|\n|-damage|p1a: Toucannon|80/100|[from] move: Magma Storm|[partiallytrapped]\n|upkeep\n|turn|16\n|inactive|Time left: 300 sec this turn | 300 sec total\n|\n|t:|1783561242\n|switch|p2a: Raging Bolt|Raging Bolt, L78|323/323\n|move|p1a: Toucannon|Roost|p1a: Toucannon\n|-heal|p1a: Toucannon|100/100\n|-singleturn|p1a: Toucannon|move: Roost\n|\n|-end|p1a: Toucannon|Magma Storm|[partiallytrapped]|[silent]\n|upkeep\n|turn|17\n|inactive|Time left: 300 sec this turn | 300 sec total\n|\n|t:|1783561243\n|switch|p1a: Haxorus|Haxorus, L77, F|100/100\n|-damage|p1a: Haxorus|88/100|[from] Stealth Rock\n|-ability|p1a: Haxorus|Mold Breaker\n|move|p2a: Raging Bolt|Thunderbolt|p1a: Haxorus\n|-resisted|p1a: Haxorus\n|-damage|p1a: Haxorus|61/100\n|\n|upkeep\n|turn|18\n|inactive|Time left: 300 sec this turn | 300 sec total\n|\n|t:|1783561244\n|move|p1a: Haxorus|Outrage|p2a: Raging Bolt\n|-supereffective|p2a: Raging Bolt\n|-damage|p2a: Raging Bolt|23/323\n|move|p2a: Raging Bolt|Draco Meteor|p1a: Haxorus\n|-supereffective|p1a: Haxorus\n|-damage|p1a: Haxorus|0 fnt\n|-unboost|p2a: Raging Bolt|spa|2\n|faint|p1a: Haxorus\n|\n|-heal|p2a: Raging Bolt|43/323|[from] item: Leftovers\n|upkeep\n|\n|t:|1783561245\n|switch|p1a: Kleavor|Kleavor, L78, M|100/100\n|turn|19\n|inactive|Time left: 300 sec this turn | 300 sec total\n|\n|t:|1783561246\n|-end|p2a: Raging Bolt|Protosynthesis|[silent]\n|switch|p2a: Sandaconda|Sandaconda, L84, M|258/258\n|move|p1a: Kleavor|Stone Axe|p2a: Sandaconda\n|-resisted|p2a: Sandaconda\n|-damage|p2a: Sandaconda|217/258\n|-sidestart|p2: p0y18992474|move: Stealth Rock\n|\n|-heal|p2a: Sandaconda|233/258|[from] item: Leftovers\n|upkeep\n|turn|20\n|inactive|Time left: 300 sec this turn | 300 sec total\n|\n|t:|1783561246\n|switch|p1a: Toucannon|Toucannon, L88, M|100/100\n|move|p2a: Sandaconda|Coil|p2a: Sandaconda\n|-boost|p2a: Sandaconda|atk|1\n|-boost|p2a: Sandaconda|def|1\n|-boost|p2a: Sandaconda|accuracy|1\n|\n|-heal|p2a: Sandaconda|249/258|[from] item: Leftovers\n|upkeep\n|turn|21\n|inactive|Time left: 300 sec this turn | 300 sec total\n|\n|t:|1783561247\n|move|p2a: Sandaconda|Coil|p2a: Sandaconda\n|-boost|p2a: Sandaconda|atk|1\n|-boost|p2a: Sandaconda|def|1\n|-boost|p2a: Sandaconda|accuracy|1\n|move|p1a: Toucannon|Boomburst|p2a: Sandaconda\n|-damage|p2a: Sandaconda|77/258\n|\n|-heal|p2a: Sandaconda|93/258|[from] item: Leftovers\n|upkeep\n|turn|22\n|inactive|Time left: 300 sec this turn | 300 sec total\n|\n|t:|1783561248\n|switch|p1a: Mesprit|Mesprit, L85, tera:Fairy|83/100\n|-damage|p1a: Mesprit|70/100|[from] Stealth Rock\n|move|p2a: Sandaconda|Rest|p2a: Sandaconda\n|-status|p2a: Sandaconda|slp|[from] move: Rest\n|-heal|p2a: Sandaconda|258/258 slp|[silent]\n|\n|upkeep\n|turn|23\n|inactive|Time left: 300 sec this turn | 300 sec total\n|\n|t:|1783561249\n|move|p1a: Mesprit|Ice Beam|p2a: Sandaconda\n|-supereffective|p2a: Sandaconda\n|-damage|p2a: Sandaconda|100/258 slp\n|cant|p2a: Sandaconda|slp\n|\n|-heal|p2a: Sandaconda|116/258 slp|[from] item: Leftovers\n|upkeep\n|turn|24\n|inactive|Time left: 300 sec this turn | 300 sec total\n|\n|t:|1783561250\n|-terastallize|p2a: Sandaconda|Steel\n|move|p1a: Mesprit|Ice Beam|p2a: Sandaconda\n|-resisted|p2a: Sandaconda\n|-damage|p2a: Sandaconda|76/258 slp\n|cant|p2a: Sandaconda|slp\n|\n|-activate|p2a: Sandaconda|ability: Shed Skin\n|-curestatus|p2a: Sandaconda|slp|[msg]\n|-heal|p2a: Sandaconda|92/258|[from] item: Leftovers\n|upkeep\n|turn|25\n|inactive|Time left: 300 sec this turn | 300 sec total\n|\n|t:|1783561251\n|move|p1a: Mesprit|Ice Beam|p2a: Sandaconda\n|-resisted|p2a: Sandaconda\n|-crit|p2a: Sandaconda\n|-damage|p2a: Sandaconda|25/258\n|move|p2a: Sandaconda|Rest|p2a: Sandaconda\n|-status|p2a: Sandaconda|slp|[from] move: Rest\n|-heal|p2a: Sandaconda|258/258 slp|[silent]\n|\n|upkeep\n|turn|26\n|inactive|Time left: 300 sec this turn | 300 sec total\n|\n|t:|1783561252\n|switch|p1a: Volbeat|Volbeat, L90, M|100/100\n|cant|p2a: Sandaconda|slp\n|\n|upkeep\n|turn|27\n|inactive|Time left: 300 sec this turn | 300 sec total\n|\n|t:|1783561252\n|move|p1a: Volbeat|Encore|p2a: Sandaconda\n|-start|p2a: Sandaconda|Encore\n|cant|p2a: Sandaconda|slp\n|\n|-activate|p2a: Sandaconda|ability: Shed Skin\n|-curestatus|p2a: Sandaconda|slp|[msg]\n|upkeep\n|turn|28\n|inactive|Time left: 300 sec this turn | 300 sec total\n|\n|t:|1783561253\n|switch|p2a: Heatran|Heatran, L79, F|252/273\n|-damage|p2a: Heatran|218/273|[from] Stealth Rock\n|move|p1a: Volbeat|U-turn|p2a: Heatran\n|-resisted|p2a: Heatran\n|-damage|p2a: Heatran|203/273\n|\n|t:|1783561254\n|switch|p1a: Toucannon|Toucannon, L88, M|100/100|[from] U-turn\n|\n|upkeep\n|turn|29\n|inactive|Time left: 300 sec this turn | 300 sec total\n|\n|t:|1783561255\n|move|p2a: Heatran|Magma Storm|p1a: Toucannon|[miss]\n|-miss|p2a: Heatran|p1a: Toucannon\n|move|p1a: Toucannon|Boomburst|p2a: Heatran\n|-resisted|p2a: Heatran\n|-crit|p2a: Heatran\n|-damage|p2a: Heatran|110/273\n|\n|upkeep\n|turn|30\n|inactive|Time left: 300 sec this turn | 300 sec total\n|\n|t:|1783561256\n|move|p2a: Heatran|Magma Storm|p1a: Toucannon\n|-damage|p1a: Toucannon|58/100\n|-activate|p1a: Toucannon|move: Magma Storm|[of] p2a: Heatran\n|move|p1a: Toucannon|Boomburst|p2a: Heatran\n|-resisted|p2a: Heatran\n|-damage|p2a: Heatran|47/273\n|\n|-damage|p1a: Toucannon|46/100|[from] move: Magma Storm|[partiallytrapped]\n|upkeep\n|turn|31\n|inactive|Time left: 300 sec this turn | 300 sec total\n|\n|t:|1783561257\n|move|p2a: Heatran|Heavy Slam|p1a: Toucannon\n|-damage|p1a: Toucannon|8/100\n|move|p1a: Toucannon|Roost|p1a: Toucannon\n|-heal|p1a: Toucannon|58/100\n|-singleturn|p1a: Toucannon|move: Roost\n|\n|-damage|p1a: Toucannon|45/100|[from] move: Magma Storm|[partiallytrapped]\n|upkeep\n|turn|32\n|inactive|Time left: 300 sec this turn | 300 sec total\n|\n|t:|1783561258\n|move|p2a: Heatran|Heavy Slam|p1a: Toucannon\n|-damage|p1a: Toucannon|4/100\n|move|p1a: Toucannon|Knock Off|p2a: Heatran\n|-damage|p2a: Heatran|0 fnt\n|faint|p2a: Heatran\n|\n|-end|p1a: Toucannon|Magma Storm|[partiallytrapped]|[silent]\n|upkeep\n|inactive|Time left: 300 sec this turn | 300 sec total | 5 sec grace\n|\n|t:|1783561259\n|switch|p2a: Sandaconda|Sandaconda, L84, M, tera:Steel|258/258\n|-damage|p2a: Sandaconda|242/258|[from] Stealth Rock\n|turn|33\n|inactive|Time left: 300 sec this turn | 300 sec total\n|\n|t:|1783561260\n|move|p2a: Sandaconda|Stone Edge|p1a: Toucannon|[miss]\n|-miss|p2a: Sandaconda|p1a: Toucannon\n|move|p1a: Toucannon|Boomburst|p2a: Sandaconda\n|-resisted|p2a: Sandaconda\n|-damage|p2a: Sandaconda|161/258\n|\n|-heal|p2a: Sandaconda|177/258|[from] item: Leftovers\n|upkeep\n|turn|34\n|inactive|Time left: 300 sec this turn | 300 sec total\n|\n|t:|1783561261\n|move|p2a: Sandaconda|Stone Edge|p1a: Toucannon\n|-supereffective|p1a: Toucannon\n|-damage|p1a: Toucannon|0 fnt\n|faint|p1a: Toucannon\n|\n|-heal|p2a: Sandaconda|193/258|[from] item: Leftovers\n|upkeep\n|\n|t:|1783561261\n|switch|p1a: Mesprit|Mesprit, L85, tera:Fairy|70/100\n|-damage|p1a: Mesprit|58/100|[from] Stealth Rock\n|turn|35\n|inactive|Time left: 300 sec this turn | 300 sec total\n|\n|t:|1783561262\n|move|p1a: Mesprit|Shadow Ball|p2a: Sandaconda\n|-damage|p2a: Sandaconda|122/258\n|-unboost|p2a: Sandaconda|spd|1\n|move|p2a: Sandaconda|Coil|p2a: Sandaconda\n|-boost|p2a: Sandaconda|atk|1\n|-boost|p2a: Sandaconda|def|1\n|-boost|p2a: Sandaconda|accuracy|1\n|\n|-heal|p2a: Sandaconda|138/258|[from] item: Leftovers\n|upkeep\n|turn|36\n|inactive|Time left: 300 sec this turn | 300 sec total\n|\n|t:|1783561263\n|move|p1a: Mesprit|Shadow Ball|p2a: Sandaconda\n|-damage|p2a: Sandaconda|27/258\n|move|p2a: Sandaconda|Rest|p2a: Sandaconda\n|-status|p2a: Sandaconda|slp|[from] move: Rest\n|-heal|p2a: Sandaconda|258/258 slp|[silent]\n|\n|upkeep\n|turn|37\n|inactive|Time left: 300 sec this turn | 300 sec total\n|\n|t:|1783561264\n|move|p1a: Mesprit|Shadow Ball|p2a: Sandaconda\n|-damage|p2a: Sandaconda|150/258 slp\n|-unboost|p2a: Sandaconda|spd|1\n|cant|p2a: Sandaconda|slp\n|\n|-heal|p2a: Sandaconda|166/258 slp|[from] item: Leftovers\n|upkeep\n|turn|38\n|inactive|Time left: 300 sec this turn | 300 sec total\n|\n|t:|1783561266\n|switch|p2a: Palafin|Palafin-Hero, L77, F|24/281\n|-damage|p2a: Palafin|0 fnt|[from] Stealth Rock\n|faint|p2a: Palafin\n|move|p1a: Mesprit|Shadow Ball|p2: Palafin|[notarget]\n|-fail|p1a: Mesprit\n|\n|upkeep\n|inactive|Time left: 300 sec this turn | 300 sec total | 5 sec grace\n|\n|t:|1783561267\n|switch|p2a: Sandaconda|Sandaconda, L84, M, tera:Steel|166/258 slp\n|-damage|p2a: Sandaconda|150/258 slp|[from] Stealth Rock\n|turn|39\n|inactive|Time left: 300 sec this turn | 300 sec total\n|\n|t:|1783561268\n|move|p1a: Mesprit|Shadow Ball|p2a: Sandaconda\n|-damage|p2a: Sandaconda|78/258 slp\n|-unboost|p2a: Sandaconda|spd|1\n|cant|p2a: Sandaconda|slp\n|\n|-heal|p2a: Sandaconda|94/258 slp|[from] item: Leftovers\n|upkeep\n|turn|40\n|inactive|Time left: 300 sec this turn | 300 sec total\n|\n|t:|1783561269\n|switch|p2a: Raging Bolt|Raging Bolt, L78|43/323\n|-damage|p2a: Raging Bolt|3/323|[from] Stealth Rock\n|move|p1a: Mesprit|Shadow Ball|p2a: Raging Bolt\n|-damage|p2a: Raging Bolt|0 fnt\n|faint|p2a: Raging Bolt\n|-end|p2a: Raging Bolt|Protosynthesis|[silent]\n|\n|upkeep\n|inactive|Time left: 300 sec this turn | 300 sec total | 5 sec grace\n|\n|t:|1783561270\n|switch|p2a: Sandaconda|Sandaconda, L84, M, tera:Steel|94/258 slp\n|-damage|p2a: Sandaconda|78/258 slp|[from] Stealth Rock\n|turn|41\n|inactive|Time left: 300 sec this turn | 300 sec total\n|\n|t:|1783561271\n|move|p1a: Mesprit|Shadow Ball|p2a: Sandaconda\n|-damage|p2a: Sandaconda|1/258 slp\n|-curestatus|p2a: Sandaconda|slp|[msg]\n|move|p2a: Sandaconda|Rest|p2a: Sandaconda\n|-status|p2a: Sandaconda|slp|[from] move: Rest\n|-heal|p2a: Sandaconda|258/258 slp|[silent]\n|\n|upkeep\n|turn|42\n|inactive|Time left: 300 sec this turn | 300 sec total\n|\n|t:|1783561272\n|move|p1a: Mesprit|Shadow Ball|p2a: Sandaconda\n|-damage|p2a: Sandaconda|180/258 slp\n|cant|p2a: Sandaconda|slp\n|\n|-activate|p2a: Sandaconda|ability: Shed Skin\n|-curestatus|p2a: Sandaconda|slp|[msg]\n|-heal|p2a: Sandaconda|196/258|[from] item: Leftovers\n|upkeep\n|turn|43\n|inactive|Time left: 300 sec this turn | 300 sec total\n|\n|t:|1783561273\n|move|p1a: Mesprit|Shadow Ball|p2a: Sandaconda\n|-damage|p2a: Sandaconda|123/258\n|-unboost|p2a: Sandaconda|spd|1\n|move|p2a: Sandaconda|Coil|p2a: Sandaconda\n|-boost|p2a: Sandaconda|atk|1\n|-boost|p2a: Sandaconda|def|1\n|-boost|p2a: Sandaconda|accuracy|1\n|\n|-heal|p2a: Sandaconda|139/258|[from] item: Leftovers\n|upkeep\n|turn|44\n|inactive|Time left: 300 sec this turn | 300 sec total\n|\n|t:|1783561275\n|move|p1a: Mesprit|Shadow Ball|p2a: Sandaconda\n|-damage|p2a: Sandaconda|23/258\n|-unboost|p2a: Sandaconda|spd|1\n|move|p2a: Sandaconda|Rest|p2a: Sandaconda\n|-status|p2a: Sandaconda|slp|[from] move: Rest\n|-heal|p2a: Sandaconda|258/258 slp|[silent]\n|\n|-activate|p2a: Sandaconda|ability: Shed Skin\n|-curestatus|p2a: Sandaconda|slp|[msg]\n|upkeep\n|turn|45\n|inactive|Time left: 300 sec this turn | 300 sec total\n|\n|t:|1783561276\n|move|p1a: Mesprit|Shadow Ball|p2a: Sandaconda\n|-damage|p2a: Sandaconda|123/258\n|move|p2a: Sandaconda|Rest|p2a: Sandaconda\n|-status|p2a: Sandaconda|slp|[from] move: Rest\n|-heal|p2a: Sandaconda|258/258 slp|[silent]\n|\n|upkeep\n|turn|46\n|inactive|Time left: 300 sec this turn | 300 sec total\n|\n|t:|1783561277\n|switch|p2a: Sableye|Sableye, L88, M|231/231\n|-damage|p2a: Sableye|203/231|[from] Stealth Rock\n|move|p1a: Mesprit|Shadow Ball|p2a: Sableye\n|-damage|p2a: Sableye|134/231\n|-unboost|p2a: Sableye|spd|1\n|\n|-heal|p2a: Sableye|148/231|[from] item: Leftovers\n|upkeep\n|turn|47\n|inactive|Time left: 300 sec this turn | 300 sec total\n|\n|t:|1783561278\n|switch|p2a: Sandaconda|Sandaconda, L84, M, tera:Steel|258/258 slp\n|-damage|p2a: Sandaconda|242/258 slp|[from] Stealth Rock\n|move|p1a: Mesprit|Shadow Ball|p2a: Sandaconda\n|-damage|p2a: Sandaconda|168/258 slp\n|\n|-activate|p2a: Sandaconda|ability: Shed Skin\n|-curestatus|p2a: Sandaconda|slp|[msg]\n|-heal|p2a: Sandaconda|184/258|[from] item: Leftovers\n|upkeep\n|turn|48\n|inactive|Time left: 300 sec this turn | 300 sec total\n|\n|t:|1783561280\n|move|p1a: Mesprit|Shadow Ball|p2a: Sandaconda\n|-damage|p2a: Sandaconda|105/258\n|move|p2a: Sandaconda|Coil|p2a: Sandaconda\n|-boost|p2a: Sandaconda|atk|1\n|-boost|p2a: Sandaconda|def|1\n|-boost|p2a: Sandaconda|accuracy|1\n|\n|-heal|p2a: Sandaconda|121/258|[from] item: Leftovers\n|upkeep\n|turn|49\n|inactive|Time left: 300 sec this turn | 300 sec total\n|\n|t:|1783561281\n|switch|p1a: Volbeat|Volbeat, L90, M|100/100\n|move|p2a: Sandaconda|Rest|p2a: Sandaconda\n|-status|p2a: Sandaconda|slp|[from] move: Rest\n|-heal|p2a: Sandaconda|258/258 slp|[silent]\n|\n|-activate|p2a: Sandaconda|ability: Shed Skin\n|-curestatus|p2a: Sandaconda|slp|[msg]\n|upkeep\n|turn|50\n|inactive|Time left: 300 sec this turn | 300 sec total\n|\n|t:|1783561282\n|move|p1a: Volbeat|Encore|p2a: Sandaconda\n|-start|p2a: Sandaconda|Encore\n|move|p2a: Sandaconda|Rest|p2a: Sandaconda\n|-fail|p2a: Sandaconda|heal\n|\n|-end|p2a: Sandaconda|Encore\n|upkeep\n|turn|51\n|inactive|Time left: 300 sec this turn | 300 sec total\n|\n|t:|1783561283\n|move|p1a: Volbeat|Encore||[still]\n|-fail|p1a: Volbeat\n|move|p2a: Sandaconda|Stone Edge|p1a: Volbeat\n|-supereffective|p1a: Volbeat\n|-damage|p1a: Volbeat|8/100\n|\n|upkeep\n|turn|52\n|inactive|Time left: 300 sec this turn | 300 sec total\n|\n|t:|1783561284\n|move|p1a: Volbeat|Thunder Wave|p2a: Sandaconda\n|-status|p2a: Sandaconda|par\n|move|p2a: Sandaconda|Stone Edge|p1a: Volbeat\n|-supereffective|p1a: Volbeat\n|-damage|p1a: Volbeat|0 fnt\n|faint|p1a: Volbeat\n|\n|upkeep\n|\n|t:|1783561285\n|switch|p1a: Kleavor|Kleavor, L78, M|100/100\n|turn|53\n|inactive|Time left: 300 sec this turn | 300 sec total\n|\n|t:|1783561285\n|move|p1a: Kleavor|Close Combat|p2a: Sandaconda\n|-supereffective|p2a: Sandaconda\n|-damage|p2a: Sandaconda|162/258 par\n|-unboost|p1a: Kleavor|def|1\n|-unboost|p1a: Kleavor|spd|1\n|move|p2a: Sandaconda|Coil|p2a: Sandaconda\n|-boost|p2a: Sandaconda|atk|1\n|-boost|p2a: Sandaconda|def|1\n|-boost|p2a: Sandaconda|accuracy|1\n|\n|-heal|p2a: Sandaconda|178/258 par|[from] item: Leftovers\n|upkeep\n|turn|54\n|inactive|Time left: 300 sec this turn | 300 sec total\n|\n|t:|1783561286\n|move|p1a: Kleavor|Close Combat|p2a: Sandaconda\n|-supereffective|p2a: Sandaconda\n|-damage|p2a: Sandaconda|102/258 par\n|-unboost|p1a: Kleavor|def|1\n|-unboost|p1a: Kleavor|spd|1\n|move|p2a: Sandaconda|Earthquake|p1a: Kleavor\n|-crit|p1a: Kleavor\n|-damage|p1a: Kleavor|0 fnt\n|faint|p1a: Kleavor\n|\n|-activate|p2a: Sandaconda|ability: Shed Skin\n|-curestatus|p2a: Sandaconda|par|[msg]\n|-heal|p2a: Sandaconda|118/258|[from] item: Leftovers\n|upkeep\n|\n|t:|1783561287\n|switch|p1a: Mesprit|Mesprit, L85, tera:Fairy|58/100\n|-damage|p1a: Mesprit|46/100|[from] Stealth Rock\n|turn|55\n|inactive|Time left: 300 sec this turn | 300 sec total\n|\n|t:|1783561288\n|move|p1a: Mesprit|Shadow Ball|p2a: Sandaconda\n|-damage|p2a: Sandaconda|44/258\n|move|p2a: Sandaconda|Stone Edge|p1a: Mesprit\n|-crit|p1a: Mesprit\n|-damage|p1a: Mesprit|0 fnt\n|faint|p1a: Mesprit\n|\n|win|p0y18992474", "uploadtime": 1783561288, "views": 0, "rating": 0, "private": 0, "password": null, "_winner": "p0y18992474", "_our_name": "p0y18992474"}