{"id": "battle-gen9randombattle-12", "formatid": "gen9randombattle", "format": "[Gen 9] Random Battle", "players": ["p0x0122fb1", "p0y012099a"], "log": "|init|battle\n|title|p0x0122fb1 vs. p0y012099a\n|j|\u2606p0x0122fb1\n|j|\u2606p0y012099a\n|t:|1783539319\n|gametype|singles\n|player|p1|p0x0122fb1|102|\n|player|p2|p0y012099a|265|\n|gen|9\n|tier|[Gen 9] Random Battle\n|rule|Species Clause: Limit one of each Pok\u00e9mon\n|rule|HP Percentage Mod: HP is shown in percentages\n|rule|Sleep Clause Mod: Limit one foe put to sleep\n|rule|Illusion Level Mod: Illusion disguises the Pok\u00e9mon's true level\n|\n|t:|1783539319\n|teamsize|p1|6\n|teamsize|p2|6\n|start\n|switch|p1a: Camerupt|Camerupt, L91, F|275/275\n|switch|p2a: Kilowattrel|Kilowattrel, L83, M|100/100\n|turn|1\n|inactive|Battle timer is ON: inactive players will automatically lose when time's up. (requested by p0x0122fb1)\n|inactive|p0y012099a also wants the timer to be on.\n|\n|t:|1783539321\n|move|p2a: Kilowattrel|Hurricane|p1a: Camerupt\n|-damage|p1a: Camerupt|142/275\n|move|p1a: Camerupt|Overheat|p2a: Kilowattrel|[miss]\n|-miss|p1a: Camerupt|p2a: Kilowattrel\n|\n|-heal|p1a: Camerupt|159/275|[from] item: Leftovers\n|upkeep\n|turn|2\n|inactive|Time left: 300 sec this turn | 300 sec total\n|\n|t:|1783539322\n|move|p2a: Kilowattrel|Hurricane|p1a: Camerupt\n|-damage|p1a: Camerupt|21/275\n|-start|p1a: Camerupt|confusion\n|-activate|p1a: Camerupt|confusion\n|move|p1a: Camerupt|Overheat|p2a: Kilowattrel\n|-damage|p2a: Kilowattrel|17/100\n|-unboost|p1a: Camerupt|spa|2\n|\n|-heal|p1a: Camerupt|38/275|[from] item: Leftovers\n|upkeep\n|turn|3\n|inactive|Time left: 300 sec this turn | 300 sec total\n|\n|t:|1783539323\n|move|p2a: Kilowattrel|Roost|p2a: Kilowattrel\n|-heal|p2a: Kilowattrel|67/100\n|-singleturn|p2a: Kilowattrel|move: Roost\n|-end|p1a: Camerupt|confusion\n|move|p1a: Camerupt|Earthquake|p2a: Kilowattrel\n|-supereffective|p2a: Kilowattrel\n|-damage|p2a: Kilowattrel|0 fnt\n|faint|p2a: Kilowattrel\n|\n|-heal|p1a: Camerupt|55/275|[from] item: Leftovers\n|upkeep\n|\n|t:|1783539324\n|switch|p2a: Vikavolt|Vikavolt, L83, M|100/100\n|turn|4\n|inactive|Time left: 300 sec this turn | 300 sec total\n|\n|t:|1783539325\n|move|p1a: Camerupt|Overheat|p2a: Vikavolt\n|-supereffective|p2a: Vikavolt\n|-damage|p2a: Vikavolt|23/100\n|-unboost|p1a: Camerupt|spa|2\n|move|p2a: Vikavolt|Sticky Web|p1a: Camerupt\n|-sidestart|p1: p0x0122fb1|move: Sticky Web\n|\n|-heal|p1a: Camerupt|72/275|[from] item: Leftovers\n|upkeep\n|turn|5\n|inactive|Time left: 300 sec this turn | 300 sec total\n|\n|t:|1783539326\n|move|p1a: Camerupt|Stealth Rock|p2a: Vikavolt\n|-sidestart|p2: p0y012099a|move: Stealth Rock\n|move|p2a: Vikavolt|Bug Buzz|p1a: Camerupt\n|-resisted|p1a: Camerupt\n|-damage|p1a: Camerupt|0 fnt\n|faint|p1a: Camerupt\n|\n|upkeep\n|inactive|Time left: 300 sec this turn | 300 sec total | 5 sec grace\n|\n|t:|1783539327\n|switch|p1a: Malamar|Malamar, L82, M|275/275\n|-activate|p1a: Malamar|move: Sticky Web\n|-boost|p1a: Malamar|spe|1\n|turn|6\n|inactive|Time left: 300 sec this turn | 300 sec total\n|\n|t:|1783539328\n|move|p1a: Malamar|Knock Off|p2a: Vikavolt\n|-damage|p2a: Vikavolt|0 fnt\n|-enditem|p2a: Vikavolt|Heavy-Duty Boots|[from] move: Knock Off|[of] p1a: Malamar\n|faint|p2a: Vikavolt\n|\n|upkeep\n|\n|t:|1783539329\n|switch|p2a: Iron Valiant|Iron Valiant, L78|100/100\n|-damage|p2a: Iron Valiant|94/100|[from] Stealth Rock\n|turn|7\n|inactive|Time left: 300 sec this turn | 300 sec total\n|\n|t:|1783539330\n|move|p1a: Malamar|Superpower|p2a: Iron Valiant\n|-resisted|p2a: Iron Valiant\n|-damage|p2a: Iron Valiant|77/100\n|-boost|p1a: Malamar|atk|1\n|-boost|p1a: Malamar|def|1\n|move|p2a: Iron Valiant|Moonblast|p1a: Malamar\n|-supereffective|p1a: Malamar\n|-damage|p1a: Malamar|0 fnt\n|faint|p1a: Malamar\n|-damage|p2a: Iron Valiant|67/100|[from] item: Life Orb\n|\n|upkeep\n|inactive|Time left: 300 sec this turn | 300 sec total | 5 sec grace\n|\n|t:|1783539331\n|switch|p1a: Volcarona|Volcarona, L77, M|257/257\n|turn|8\n|inactive|Time left: 300 sec this turn | 300 sec total\n|\n|t:|1783539332\n|move|p2a: Iron Valiant|Calm Mind|p2a: Iron Valiant\n|-boost|p2a: Iron Valiant|spa|1\n|-boost|p2a: Iron Valiant|spd|1\n|move|p1a: Volcarona|Quiver Dance|p1a: Volcarona\n|-boost|p1a: Volcarona|spa|1\n|-boost|p1a: Volcarona|spd|1\n|-boost|p1a: Volcarona|spe|1\n|\n|upkeep\n|turn|9\n|inactive|Time left: 300 sec this turn | 300 sec total\n|\n|t:|1783539333\n|move|p1a: Volcarona|Fire Blast|p2a: Iron Valiant\n|-damage|p2a: Iron Valiant|0 fnt\n|faint|p2a: Iron Valiant\n|-end|p2a: Iron Valiant|Quark Drive|[silent]\n|\n|upkeep\n|\n|t:|1783539334\n|switch|p2a: Suicune|Suicune, L82|100/100\n|-damage|p2a: Suicune|88/100|[from] Stealth Rock\n|-ability|p2a: Suicune|Pressure\n|turn|10\n|inactive|Time left: 300 sec this turn | 300 sec total\n|\n|t:|1783539335\n|move|p1a: Volcarona|Quiver Dance|p1a: Volcarona\n|-boost|p1a: Volcarona|spa|1\n|-boost|p1a: Volcarona|spd|1\n|-boost|p1a: Volcarona|spe|1\n|move|p2a: Suicune|Calm Mind|p2a: Suicune\n|-boost|p2a: Suicune|spa|1\n|-boost|p2a: Suicune|spd|1\n|\n|-heal|p2a: Suicune|94/100|[from] item: Leftovers\n|upkeep\n|turn|11\n|inactive|Time left: 300 sec this turn | 300 sec total\n|\n|t:|1783539336\n|move|p1a: Volcarona|Quiver Dance|p1a: Volcarona\n|-boost|p1a: Volcarona|spa|1\n|-boost|p1a: Volcarona|spd|1\n|-boost|p1a: Volcarona|spe|1\n|move|p2a: Suicune|Calm Mind|p2a: Suicune\n|-boost|p2a: Suicune|spa|1\n|-boost|p2a: Suicune|spd|1\n|\n|-heal|p2a: Suicune|99/100|[from] item: Leftovers\n|upkeep\n|turn|12\n|inactive|Time left: 300 sec this turn | 300 sec total\n|\n|t:|1783539337\n|move|p1a: Volcarona|Quiver Dance|p1a: Volcarona\n|-boost|p1a: Volcarona|spa|1\n|-boost|p1a: Volcarona|spd|1\n|-boost|p1a: Volcarona|spe|1\n|move|p2a: Suicune|Scald|p1a: Volcarona\n|-supereffective|p1a: Volcarona\n|-damage|p1a: Volcarona|155/257\n|\n|-heal|p2a: Suicune|100/100|[from] item: Leftovers\n|upkeep\n|turn|13\n|inactive|Time left: 300 sec this turn | 300 sec total\n|\n|t:|1783539338\n|move|p1a: Volcarona|Giga Drain|p2a: Suicune\n|-supereffective|p2a: Suicune\n|-damage|p2a: Suicune|56/100\n|-heal|p1a: Volcarona|221/257|[from] drain|[of] p2a: Suicune\n|move|p2a: Suicune|Scald|p1a: Volcarona\n|-supereffective|p1a: Volcarona\n|-damage|p1a: Volcarona|125/257\n|\n|-heal|p2a: Suicune|62/100|[from] item: Leftovers\n|upkeep\n|turn|14\n|inactive|Time left: 300 sec this turn | 300 sec total\n|\n|t:|1783539340\n|-terastallize|p2a: Suicune|Steel\n|move|p1a: Volcarona|Giga Drain|p2a: Suicune\n|-resisted|p2a: Suicune\n|-damage|p2a: Suicune|50/100\n|-heal|p1a: Volcarona|143/257|[from] drain|[of] p2a: Suicune\n|move|p2a: Suicune|Substitute|p2a: Suicune\n|-start|p2a: Suicune|Substitute\n|-damage|p2a: Suicune|25/100\n|\n|-heal|p2a: Suicune|31/100|[from] item: Leftovers\n|upkeep\n|turn|15\n|inactive|Time left: 300 sec this turn | 300 sec total\n|\n|t:|1783539341\n|move|p1a: Volcarona|Fire Blast|p2a: Suicune\n|-supereffective|p2a: Suicune\n|-end|p2a: Suicune|Substitute\n|move|p2a: Suicune|Scald|p1a: Volcarona\n|-supereffective|p1a: Volcarona\n|-damage|p1a: Volcarona|47/257\n|\n|-heal|p2a: Suicune|37/100|[from] item: Leftovers\n|upkeep\n|turn|16\n|inactive|Time left: 300 sec this turn | 300 sec total\n|\n|t:|1783539342\n|move|p1a: Volcarona|Morning Sun|p1a: Volcarona\n|-heal|p1a: Volcarona|175/257\n|move|p2a: Suicune|Scald|p1a: Volcarona\n|-supereffective|p1a: Volcarona\n|-damage|p1a: Volcarona|71/257\n|\n|-heal|p2a: Suicune|43/100|[from] item: Leftovers\n|upkeep\n|turn|17\n|inactive|Time left: 300 sec this turn | 300 sec total\n|\n|t:|1783539343\n|move|p1a: Volcarona|Fire Blast|p2a: Suicune\n|-supereffective|p2a: Suicune\n|-damage|p2a: Suicune|0 fnt\n|faint|p2a: Suicune\n|\n|upkeep\n|\n|t:|1783539344\n|switch|p2a: Cyclizar|Cyclizar, L84, F|100/100\n|turn|18\n|inactive|Time left: 300 sec this turn | 300 sec total\n|\n|t:|1783539345\n|-terastallize|p1a: Volcarona|Fire\n|move|p1a: Volcarona|Fire Blast|p2a: Cyclizar\n|-resisted|p2a: Cyclizar\n|-damage|p2a: Cyclizar|0 fnt\n|faint|p2a: Cyclizar\n|\n|upkeep\n|\n|t:|1783539345\n|switch|p2a: Glaceon|Glaceon, L94, F|100/100\n|turn|19\n|inactive|Time left: 300 sec this turn | 300 sec total\n|\n|t:|1783539346\n|move|p2a: Glaceon|Protect|p2a: Glaceon\n|-singleturn|p2a: Glaceon|Protect\n|move|p1a: Volcarona|Fire Blast|p2a: Glaceon\n|-activate|p2a: Glaceon|move: Protect\n|\n|upkeep\n|turn|20\n|inactive|Time left: 300 sec this turn | 300 sec total\n|\n|t:|1783539347\n|move|p2a: Glaceon|Protect||[still]\n|-fail|p2a: Glaceon\n|move|p1a: Volcarona|Fire Blast|p2a: Glaceon\n|-supereffective|p2a: Glaceon\n|-damage|p2a: Glaceon|0 fnt\n|faint|p2a: Glaceon\n|\n|win|p0x0122fb1", "uploadtime": 1783539347, "views": 0, "rating": 0, "private": 0, "password": null, "_winner": "p0x0122fb1", "_our_name": "p0x0122fb1"}