{"id": "battle-gen9randombattle-131", "formatid": "gen9randombattle", "format": "[Gen 9] Random Battle", "players": ["p0x131570a", "p0y1313910"], "log": "|init|battle\n|title|p0x131570a vs. p0y1313910\n|j|\u2606p0x131570a\n|j|\u2606p0y1313910\n|t:|1783535262\n|gametype|singles\n|player|p1|p0x131570a|101|\n|player|p2|p0y1313910|1|\n|gen|9\n|tier|[Gen 9] Random Battle\n|rule|Species Clause: Limit one of each Pok\u00e9mon\n|rule|HP Percentage Mod: HP is shown in percentages\n|rule|Sleep Clause Mod: Limit one foe put to sleep\n|rule|Illusion Level Mod: Illusion disguises the Pok\u00e9mon's true level\n|\n|t:|1783535262\n|teamsize|p1|6\n|teamsize|p2|6\n|start\n|switch|p1a: Plusle|Plusle, L95, M|268/268\n|switch|p2a: Chi-Yu|Chi-Yu, L77|100/100\n|-ability|p2a: Chi-Yu|Beads of Ruin\n|turn|1\n|inactive|Battle timer is ON: inactive players will automatically lose when time's up. (requested by p0y1313910)\n|inactive|Time left: 300 sec this turn | 300 sec total | 60 sec grace\n|inactive|p0x131570a also wants the timer to be on.\n|\n|t:|1783535263\n|move|p1a: Plusle|Thunderbolt|p2a: Chi-Yu\n|-damage|p2a: Chi-Yu|37/100\n|-status|p2a: Chi-Yu|par\n|-damage|p1a: Plusle|242/268|[from] item: Life Orb\n|move|p2a: Chi-Yu|Overheat|p1a: Plusle\n|-damage|p1a: Plusle|0 fnt\n|-unboost|p2a: Chi-Yu|spa|2\n|faint|p1a: Plusle\n|\n|upkeep\n|inactive|Time left: 300 sec this turn | 300 sec total | 65 sec grace\n|\n|t:|1783535264\n|switch|p1a: Flygon|Flygon, L82, F|265/265\n|turn|2\n|inactive|Time left: 300 sec this turn | 300 sec total\n|\n|t:|1783535265\n|switch|p2a: Chesnaught|Chesnaught, L84, F|100/100\n|move|p1a: Flygon|Outrage|p2a: Chesnaught\n|-damage|p2a: Chesnaught|67/100\n|\n|-heal|p2a: Chesnaught|73/100|[from] item: Leftovers\n|upkeep\n|turn|3\n|inactive|Time left: 300 sec this turn | 300 sec total\n|\n|t:|1783535266\n|move|p1a: Flygon|Outrage|p2a: Chesnaught|[from] lockedmove\n|-damage|p2a: Chesnaught|41/100\n|-start|p1a: Flygon|confusion|[fatigue]\n|move|p2a: Chesnaught|Iron Defense|p2a: Chesnaught\n|-boost|p2a: Chesnaught|def|2\n|\n|-heal|p2a: Chesnaught|47/100|[from] item: Leftovers\n|upkeep\n|turn|4\n|inactive|Time left: 300 sec this turn | 300 sec total\n|\n|t:|1783535267\n|switch|p1a: Diancie|Diancie, L82|216/216\n|move|p2a: Chesnaught|Body Press|p1a: Diancie\n|-damage|p1a: Diancie|90/216\n|\n|-heal|p2a: Chesnaught|53/100|[from] item: Leftovers\n|-heal|p1a: Diancie|103/216|[from] item: Leftovers\n|upkeep\n|turn|5\n|inactive|Time left: 300 sec this turn | 300 sec total\n|\n|t:|1783535268\n|-terastallize|p1a: Diancie|Fairy\n|move|p2a: Chesnaught|Body Press|p1a: Diancie\n|-resisted|p1a: Diancie\n|-damage|p1a: Diancie|40/216\n|move|p1a: Diancie|Draining Kiss|p2a: Chesnaught\n|-supereffective|p2a: Chesnaught\n|-damage|p2a: Chesnaught|0 fnt\n|-heal|p1a: Diancie|153/216|[from] drain|[of] p2a: Chesnaught\n|faint|p2a: Chesnaught\n|\n|-heal|p1a: Diancie|166/216|[from] item: Leftovers\n|upkeep\n|\n|t:|1783535269\n|switch|p2a: Serperior|Serperior, L79, F|100/100\n|turn|6\n|inactive|Time left: 300 sec this turn | 300 sec total\n|\n|t:|1783535270\n|move|p2a: Serperior|Leaf Storm|p1a: Diancie\n|-damage|p1a: Diancie|80/216\n|-boost|p2a: Serperior|spa|2\n|-damage|p2a: Serperior|91/100|[from] item: Life Orb\n|move|p1a: Diancie|Draining Kiss|p2a: Serperior\n|-damage|p2a: Serperior|58/100\n|-heal|p1a: Diancie|142/216|[from] drain|[of] p2a: Serperior\n|\n|-heal|p1a: Diancie|155/216|[from] item: Leftovers\n|upkeep\n|turn|7\n|inactive|Time left: 300 sec this turn | 300 sec total\n|\n|t:|1783535271\n|move|p2a: Serperior|Leaf Storm|p1a: Diancie\n|-damage|p1a: Diancie|0 fnt\n|-boost|p2a: Serperior|spa|2\n|faint|p1a: Diancie\n|-damage|p2a: Serperior|48/100|[from] item: Life Orb\n|\n|upkeep\n|inactive|Time left: 300 sec this turn | 300 sec total | 5 sec grace\n|\n|t:|1783535272\n|switch|p1a: Flygon|Flygon, L82, F|265/265\n|turn|8\n|inactive|Time left: 300 sec this turn | 300 sec total\n|\n|t:|1783535273\n|move|p1a: Flygon|Outrage|p2a: Serperior\n|-damage|p2a: Serperior|0 fnt\n|faint|p2a: Serperior\n|\n|upkeep\n|\n|t:|1783535274\n|switch|p2a: Ceruledge|Ceruledge, L78, M|100/100\n|turn|9\n|inactive|Time left: 300 sec this turn | 300 sec total\n|\n|t:|1783535275\n|-terastallize|p2a: Ceruledge|Fighting\n|move|p1a: Flygon|Outrage|p2a: Ceruledge|[from] lockedmove\n|-crit|p2a: Ceruledge\n|-damage|p2a: Ceruledge|16/100\n|-ability|p2a: Ceruledge|Weak Armor|boost\n|-unboost|p2a: Ceruledge|def|1\n|-boost|p2a: Ceruledge|spe|2\n|-start|p1a: Flygon|confusion|[fatigue]\n|move|p2a: Ceruledge|Swords Dance|p2a: Ceruledge\n|-boost|p2a: Ceruledge|atk|2\n|\n|upkeep\n|turn|10\n|inactive|Time left: 300 sec this turn | 300 sec total\n|\n|t:|1783535276\n|move|p2a: Ceruledge|Close Combat|p1a: Flygon\n|-damage|p1a: Flygon|0 fnt\n|-unboost|p2a: Ceruledge|def|1\n|-unboost|p2a: Ceruledge|spd|1\n|faint|p1a: Flygon\n|\n|upkeep\n|inactive|Time left: 300 sec this turn | 300 sec total | 5 sec grace\n|\n|t:|1783535277\n|switch|p1a: Pincurchin|Pincurchin, F|258/258\n|-fieldstart|move: Electric Terrain|[from] ability: Electric Surge|[of] p1a: Pincurchin\n|turn|11\n|inactive|Time left: 300 sec this turn | 300 sec total\n|\n|t:|1783535278\n|move|p2a: Ceruledge|Close Combat|p1a: Pincurchin\n|-damage|p1a: Pincurchin|62/258\n|-unboost|p2a: Ceruledge|def|1\n|-unboost|p2a: Ceruledge|spd|1\n|move|p1a: Pincurchin|Thunderbolt|p2a: Ceruledge\n|-damage|p2a: Ceruledge|0 fnt\n|faint|p2a: Ceruledge\n|\n|-heal|p1a: Pincurchin|78/258|[from] item: Leftovers\n|upkeep\n|\n|t:|1783535279\n|switch|p2a: Chi-Yu|Chi-Yu, L77|37/100 par\n|-ability|p2a: Chi-Yu|Beads of Ruin\n|turn|12\n|inactive|Time left: 300 sec this turn | 300 sec total\n|\n|t:|1783535279\n|switch|p1a: Blissey|Blissey, L85, F|572/572\n|move|p2a: Chi-Yu|Dark Pulse|p1a: Blissey\n|-damage|p1a: Blissey|445/572\n|\n|-heal|p1a: Blissey|480/572|[from] item: Leftovers\n|upkeep\n|turn|13\n|inactive|Time left: 300 sec this turn | 300 sec total\n|\n|t:|1783535280\n|move|p1a: Blissey|Seismic Toss|p2a: Chi-Yu\n|-damage|p2a: Chi-Yu|0 fnt\n|faint|p2a: Chi-Yu\n|\n|-heal|p1a: Blissey|515/572|[from] item: Leftovers\n|upkeep\n|\n|t:|1783535281\n|switch|p2a: Girafarig|Girafarig, L89, F|100/100\n|turn|14\n|inactive|Time left: 300 sec this turn | 300 sec total\n|\n|t:|1783535282\n|move|p2a: Girafarig|Nasty Plot|p2a: Girafarig\n|-boost|p2a: Girafarig|spa|2\n|move|p1a: Blissey|Thunder Wave|p2a: Girafarig\n|-status|p2a: Girafarig|par\n|\n|-heal|p1a: Blissey|550/572|[from] item: Leftovers\n|upkeep\n|turn|15\n|inactive|Time left: 300 sec this turn | 300 sec total\n|\n|t:|1783535283\n|move|p1a: Blissey|Seismic Toss|p2a: Girafarig\n|-damage|p2a: Girafarig|69/100 par\n|move|p2a: Girafarig|Psyshock|p1a: Blissey\n|-crit|p1a: Blissey\n|-damage|p1a: Blissey|0 fnt\n|faint|p1a: Blissey\n|\n|-fieldend|move: Electric Terrain\n|upkeep\n|inactive|Time left: 300 sec this turn | 300 sec total | 5 sec grace\n|\n|t:|1783535284\n|switch|p1a: Kingdra|Kingdra, L84, F|263/263\n|turn|16\n|inactive|Time left: 300 sec this turn | 300 sec total\n|\n|t:|1783535285\n|move|p1a: Kingdra|Hurricane|p2a: Girafarig\n|-damage|p2a: Girafarig|41/100 par\n|-damage|p1a: Kingdra|237/263|[from] item: Life Orb\n|move|p2a: Girafarig|Dazzling Gleam|p1a: Kingdra\n|-supereffective|p1a: Kingdra\n|-damage|p1a: Kingdra|9/263\n|\n|upkeep\n|turn|17\n|inactive|Time left: 300 sec this turn | 300 sec total\n|\n|t:|1783535286\n|move|p1a: Kingdra|Hurricane|p2a: Girafarig\n|-damage|p2a: Girafarig|12/100 par\n|-damage|p1a: Kingdra|0 fnt|[from] item: Life Orb\n|faint|p1a: Kingdra\n|move|p2a: Girafarig|Dazzling Gleam|p1: Kingdra|[notarget]\n|-fail|p2a: Girafarig\n|\n|upkeep\n|inactive|Time left: 300 sec this turn | 300 sec total | 5 sec grace\n|\n|t:|1783535287\n|switch|p1a: Pincurchin|Pincurchin, F|78/258\n|-fieldstart|move: Electric Terrain|[from] ability: Electric Surge|[of] p1a: Pincurchin\n|turn|18\n|inactive|Time left: 300 sec this turn | 300 sec total\n|\n|t:|1783535288\n|cant|p2a: Girafarig|par\n|move|p1a: Pincurchin|Recover|p1a: Pincurchin\n|-heal|p1a: Pincurchin|207/258\n|\n|-heal|p1a: Pincurchin|223/258|[from] item: Leftovers\n|upkeep\n|turn|19\n|inactive|Time left: 300 sec this turn | 300 sec total\n|\n|t:|1783535289\n|move|p2a: Girafarig|Psyshock|p1a: Pincurchin\n|-damage|p1a: Pincurchin|72/258\n|move|p1a: Pincurchin|Recover|p1a: Pincurchin\n|-heal|p1a: Pincurchin|201/258\n|\n|-heal|p1a: Pincurchin|217/258|[from] item: Leftovers\n|upkeep\n|turn|20\n|inactive|Time left: 300 sec this turn | 300 sec total\n|\n|t:|1783535290\n|move|p2a: Girafarig|Psyshock|p1a: Pincurchin\n|-damage|p1a: Pincurchin|79/258\n|move|p1a: Pincurchin|Recover|p1a: Pincurchin\n|-heal|p1a: Pincurchin|208/258\n|\n|-heal|p1a: Pincurchin|224/258|[from] item: Leftovers\n|upkeep\n|turn|21\n|inactive|Time left: 300 sec this turn | 300 sec total\n|\n|t:|1783535291\n|cant|p2a: Girafarig|par\n|move|p1a: Pincurchin|Recover|p1a: Pincurchin\n|-heal|p1a: Pincurchin|258/258\n|\n|upkeep\n|turn|22\n|inactive|Time left: 300 sec this turn | 300 sec total\n|\n|t:|1783535292\n|move|p2a: Girafarig|Psyshock|p1a: Pincurchin\n|-damage|p1a: Pincurchin|123/258\n|move|p1a: Pincurchin|Recover|p1a: Pincurchin\n|-heal|p1a: Pincurchin|252/258\n|\n|-heal|p1a: Pincurchin|258/258|[from] item: Leftovers\n|-fieldend|move: Electric Terrain\n|upkeep\n|turn|23\n|inactive|Time left: 300 sec this turn | 300 sec total\n|\n|t:|1783535293\n|cant|p2a: Girafarig|par\n|move|p1a: Pincurchin|Scald|p2a: Girafarig\n|-damage|p2a: Girafarig|0 fnt\n|faint|p2a: Girafarig\n|\n|upkeep\n|\n|t:|1783535293\n|switch|p2a: Rotom|Rotom-Wash, L82|100/100\n|turn|24\n|inactive|Time left: 300 sec this turn | 300 sec total\n|\n|t:|1783535294\n|move|p2a: Rotom|Hydro Pump|p1a: Pincurchin\n|-damage|p1a: Pincurchin|164/258\n|move|p1a: Pincurchin|Thunderbolt|p2a: Rotom\n|-damage|p2a: Rotom|50/100\n|\n|-heal|p2a: Rotom|56/100|[from] item: Leftovers\n|-heal|p1a: Pincurchin|180/258|[from] item: Leftovers\n|upkeep\n|turn|25\n|inactive|Time left: 300 sec this turn | 300 sec total\n|\n|t:|1783535295\n|move|p2a: Rotom|Hydro Pump|p1a: Pincurchin\n|-damage|p1a: Pincurchin|69/258\n|move|p1a: Pincurchin|Recover|p1a: Pincurchin\n|-heal|p1a: Pincurchin|198/258\n|\n|-heal|p2a: Rotom|62/100|[from] item: Leftovers\n|-heal|p1a: Pincurchin|214/258|[from] item: Leftovers\n|upkeep\n|turn|26\n|inactive|Time left: 300 sec this turn | 300 sec total\n|\n|t:|1783535296\n|move|p2a: Rotom|Hydro Pump|p1a: Pincurchin|[miss]\n|-miss|p2a: Rotom|p1a: Pincurchin\n|move|p1a: Pincurchin|Thunderbolt|p2a: Rotom\n|-damage|p2a: Rotom|6/100\n|\n|-heal|p2a: Rotom|12/100|[from] item: Leftovers\n|-heal|p1a: Pincurchin|230/258|[from] item: Leftovers\n|upkeep\n|turn|27\n|inactive|Time left: 300 sec this turn | 300 sec total\n|\n|t:|1783535297\n|move|p2a: Rotom|Pain Split|p1a: Pincurchin\n|-sethp|p1a: Pincurchin|127/258|[from] move: Pain Split|[silent]\n|-sethp|p2a: Rotom|59/100|[from] move: Pain Split\n|move|p1a: Pincurchin|Thunderbolt|p2a: Rotom\n|-damage|p2a: Rotom|9/100\n|\n|-heal|p2a: Rotom|15/100|[from] item: Leftovers\n|-heal|p1a: Pincurchin|143/258|[from] item: Leftovers\n|upkeep\n|turn|28\n|inactive|Time left: 300 sec this turn | 300 sec total\n|\n|t:|1783535298\n|move|p2a: Rotom|Hydro Pump|p1a: Pincurchin\n|-damage|p1a: Pincurchin|47/258\n|move|p1a: Pincurchin|Thunderbolt|p2a: Rotom\n|-damage|p2a: Rotom|0 fnt\n|faint|p2a: Rotom\n|\n|win|p0x131570a", "uploadtime": 1783535298, "views": 0, "rating": 0, "private": 0, "password": null, "_winner": "p0x131570a", "_our_name": "p0x131570a"}