{"id": "battle-gen9randombattle-773", "formatid": "gen9randombattle", "format": "[Gen 9] Random Battle", "players": ["p0x7739433", "p0y7736075"], "log": "|init|battle\n|title|p0x7739433 vs. p0y7736075\n|j|\u2606p0x7739433\n|j|\u2606p0y7736075\n|t:|1783548831\n|gametype|singles\n|player|p1|p0x7739433|2|\n|player|p2|p0y7736075|2|\n|gen|9\n|tier|[Gen 9] Random Battle\n|rule|Species Clause: Limit one of each Pok\u00e9mon\n|rule|HP Percentage Mod: HP is shown in percentages\n|rule|Sleep Clause Mod: Limit one foe put to sleep\n|rule|Illusion Level Mod: Illusion disguises the Pok\u00e9mon's true level\n|\n|t:|1783548831\n|teamsize|p1|6\n|teamsize|p2|6\n|start\n|switch|p1a: Espeon|Espeon, L84, F|100/100\n|switch|p2a: Appletun|Appletun, L92, F|352/352\n|turn|1\n|inactive|Battle timer is ON: inactive players will automatically lose when time's up. (requested by p0y7736075)\n|inactive|p0x7739433 also wants the timer to be on.\n|\n|t:|1783548833\n|move|p1a: Espeon|Calm Mind|p1a: Espeon\n|-boost|p1a: Espeon|spa|1\n|-boost|p1a: Espeon|spd|1\n|move|p2a: Appletun|Apple Acid|p1a: Espeon\n|-damage|p1a: Espeon|76/100\n|-unboost|p1a: Espeon|spd|1\n|\n|upkeep\n|turn|2\n|inactive|Time left: 300 sec this turn | 300 sec total\n|\n|t:|1783548834\n|move|p1a: Espeon|Alluring Voice|p2a: Appletun\n|-supereffective|p2a: Appletun\n|-damage|p2a: Appletun|69/352\n|-damage|p1a: Espeon|66/100|[from] item: Life Orb\n|move|p2a: Appletun|Apple Acid|p1a: Espeon\n|-damage|p1a: Espeon|29/100\n|-unboost|p1a: Espeon|spd|1\n|\n|-heal|p2a: Appletun|91/352|[from] item: Leftovers\n|upkeep\n|turn|3\n|inactive|Time left: 300 sec this turn | 300 sec total\n|\n|t:|1783548835\n|switch|p2a: Indeedee|Indeedee-F, L90, F|272/272\n|-fieldstart|move: Psychic Terrain|[from] ability: Psychic Surge|[of] p2a: Indeedee\n|move|p1a: Espeon|Psyshock|p2a: Indeedee\n|-resisted|p2a: Indeedee\n|-damage|p2a: Indeedee|104/272\n|-damage|p1a: Espeon|20/100|[from] item: Life Orb\n|\n|upkeep\n|turn|4\n|inactive|Time left: 300 sec this turn | 300 sec total\n|\n|t:|1783548836\n|move|p2a: Indeedee|Psychic|p1a: Espeon\n|-resisted|p1a: Espeon\n|-damage|p1a: Espeon|0 fnt\n|faint|p1a: Espeon\n|\n|upkeep\n|\n|t:|1783548838\n|switch|p1a: Dachsbun|Dachsbun, L92, F|100/100\n|turn|5\n|inactive|Time left: 300 sec this turn | 300 sec total\n|\n|t:|1783548839\n|move|p2a: Indeedee|Psychic|p1a: Dachsbun\n|-damage|p1a: Dachsbun|50/100\n|move|p1a: Dachsbun|Play Rough|p2a: Indeedee\n|-damage|p2a: Indeedee|0 fnt\n|faint|p2a: Indeedee\n|\n|-heal|p1a: Dachsbun|56/100|[from] item: Leftovers\n|upkeep\n|inactive|Time left: 300 sec this turn | 300 sec total | 5 sec grace\n|\n|t:|1783548840\n|switch|p2a: Drednaw|Drednaw, L81, F|278/278\n|turn|6\n|inactive|Time left: 300 sec this turn | 300 sec total\n|\n|t:|1783548841\n|switch|p1a: Tauros|Tauros-Paldea-Combat, L82, M|100/100\n|-ability|p1a: Tauros|Intimidate|boost\n|-unboost|p2a: Drednaw|atk|1\n|-enditem|p2a: Drednaw|White Herb\n|-clearnegativeboost|p2a: Drednaw|[silent]\n|move|p2a: Drednaw|Shell Smash|p2a: Drednaw\n|-unboost|p2a: Drednaw|def|1\n|-unboost|p2a: Drednaw|spd|1\n|-boost|p2a: Drednaw|atk|2\n|-boost|p2a: Drednaw|spa|2\n|-boost|p2a: Drednaw|spe|2\n|\n|upkeep\n|turn|7\n|inactive|Time left: 300 sec this turn | 300 sec total\n|\n|t:|1783548842\n|-terastallize|p2a: Drednaw|Water\n|move|p2a: Drednaw|Liquidation|p1a: Tauros\n|-damage|p1a: Tauros|8/100\n|move|p1a: Tauros|Close Combat|p2a: Drednaw\n|-damage|p2a: Drednaw|0 fnt\n|-unboost|p1a: Tauros|def|1\n|-unboost|p1a: Tauros|spd|1\n|faint|p2a: Drednaw\n|\n|-fieldend|move: Psychic Terrain\n|upkeep\n|inactive|Time left: 300 sec this turn | 300 sec total | 5 sec grace\n|\n|t:|1783548843\n|switch|p2a: Infernape|Infernape, L82, F|259/259\n|turn|8\n|inactive|Time left: 300 sec this turn | 300 sec total\n|\n|t:|1783548844\n|switch|p1a: Dachsbun|Dachsbun, L92, F|56/100\n|move|p2a: Infernape|U-turn|p1a: Dachsbun\n|-resisted|p1a: Dachsbun\n|-damage|p1a: Dachsbun|46/100\n|inactive|Time left: 300 sec this turn | 300 sec total | 5 sec grace\n|\n|t:|1783548845\n|switch|p2a: Zekrom|Zekrom, L71|259/259|[from] U-turn\n|-ability|p2a: Zekrom|Teravolt\n|\n|-heal|p1a: Dachsbun|52/100|[from] item: Leftovers\n|upkeep\n|turn|9\n|inactive|Time left: 300 sec this turn | 300 sec total\n|\n|t:|1783548846\n|move|p1a: Dachsbun|Play Rough|p2a: Zekrom|[miss]\n|-miss|p1a: Dachsbun|p2a: Zekrom\n|move|p2a: Zekrom|Dragon Dance|p2a: Zekrom\n|-boost|p2a: Zekrom|atk|1\n|-boost|p2a: Zekrom|spe|1\n|\n|-heal|p1a: Dachsbun|58/100|[from] item: Leftovers\n|upkeep\n|turn|10\n|inactive|Time left: 300 sec this turn | 300 sec total\n|\n|t:|1783548847\n|switch|p1a: Tauros|Tauros-Paldea-Combat, L82, M|8/100\n|-ability|p1a: Tauros|Intimidate|boost\n|-unboost|p2a: Zekrom|atk|1\n|move|p2a: Zekrom|Bolt Strike|p1a: Tauros\n|-damage|p1a: Tauros|0 fnt\n|faint|p1a: Tauros\n|\n|upkeep\n|\n|t:|1783548848\n|switch|p1a: Ribombee|Ribombee, L83, F|100/100\n|turn|11\n|inactive|Time left: 300 sec this turn | 300 sec total\n|\n|t:|1783548849\n|move|p1a: Ribombee|Quiver Dance|p1a: Ribombee\n|-boost|p1a: Ribombee|spa|1\n|-boost|p1a: Ribombee|spd|1\n|-boost|p1a: Ribombee|spe|1\n|move|p2a: Zekrom|Dragon Dance|p2a: Zekrom\n|-boost|p2a: Zekrom|atk|1\n|-boost|p2a: Zekrom|spe|1\n|\n|upkeep\n|turn|12\n|inactive|Time left: 300 sec this turn | 300 sec total\n|\n|t:|1783548850\n|move|p1a: Ribombee|Moonblast|p2a: Zekrom\n|-supereffective|p2a: Zekrom\n|-damage|p2a: Zekrom|0 fnt\n|faint|p2a: Zekrom\n|\n|upkeep\n|inactive|Time left: 300 sec this turn | 300 sec total | 5 sec grace\n|\n|t:|1783548851\n|switch|p2a: Infernape|Infernape, L82, F|259/259\n|turn|13\n|inactive|Time left: 300 sec this turn | 300 sec total\n|\n|t:|1783548852\n|-terastallize|p1a: Ribombee|Ground\n|move|p1a: Ribombee|Tera Blast|p2a: Infernape|[anim] Tera Blast Ground\n|-supereffective|p2a: Infernape\n|-damage|p2a: Infernape|0 fnt\n|faint|p2a: Infernape\n|\n|upkeep\n|inactive|Time left: 300 sec this turn | 300 sec total | 5 sec grace\n|\n|t:|1783548853\n|switch|p2a: Appletun|Appletun, L92, F|91/352\n|turn|14\n|inactive|Time left: 300 sec this turn | 300 sec total\n|\n|t:|1783548854\n|switch|p2a: Gallade|Gallade, L80, M|240/240\n|move|p1a: Ribombee|Moonblast|p2a: Gallade\n|-supereffective|p2a: Gallade\n|-damage|p2a: Gallade|0 fnt\n|faint|p2a: Gallade\n|\n|upkeep\n|inactive|Time left: 300 sec this turn | 300 sec total | 5 sec grace\n|\n|t:|1783548855\n|switch|p2a: Appletun|Appletun, L92, F|91/352\n|turn|15\n|inactive|Time left: 300 sec this turn | 300 sec total\n|\n|t:|1783548856\n|move|p1a: Ribombee|Moonblast|p2a: Appletun\n|-supereffective|p2a: Appletun\n|-damage|p2a: Appletun|0 fnt\n|faint|p2a: Appletun\n|\n|win|p0x7739433", "uploadtime": 1783548856, "views": 0, "rating": 0, "private": 0, "password": null, "_winner": "p0x7739433", "_our_name": "p0y7736075"}