{"id": "battle-gen9randombattle-1865", "formatid": "gen9randombattle", "format": "[Gen 9] Random Battle", "players": ["p0x1865f88a", "p0y186586ee"], "log": "|init|battle\n|title|p0x1865f88a vs. p0y186586ee\n|j|\u2606p0x1865f88a\n|j|\u2606p0y186586ee\n|t:|1783560870\n|gametype|singles\n|player|p1|p0x1865f88a|170|\n|player|p2|p0y186586ee|169|\n|gen|9\n|tier|[Gen 9] Random Battle\n|rule|Species Clause: Limit one of each Pok\u00e9mon\n|rule|HP Percentage Mod: HP is shown in percentages\n|rule|Sleep Clause Mod: Limit one foe put to sleep\n|rule|Illusion Level Mod: Illusion disguises the Pok\u00e9mon's true level\n|\n|t:|1783560870\n|teamsize|p1|6\n|teamsize|p2|6\n|start\n|switch|p1a: Carbink|Carbink, L90|236/236\n|switch|p2a: Necrozma|Necrozma-Dusk-Mane, L69|100/100\n|turn|1\n|inactive|Battle timer is ON: inactive players will automatically lose when time's up. (requested by p0x1865f88a)\n|\n|t:|1783560871\n|move|p2a: Necrozma|Sunsteel Strike|p1a: Carbink\n|-supereffective|p1a: Carbink\n|-damage|p1a: Carbink|0 fnt\n|faint|p1a: Carbink\n|\n|upkeep\n|inactive|Time left: 300 sec this turn | 300 sec total | 65 sec grace\n|inactive|p0y186586ee also wants the timer to be on.\n|\n|t:|1783560872\n|switch|p1a: Brambleghast|Brambleghast, L88, M|240/240\n|turn|2\n|inactive|Time left: 300 sec this turn | 300 sec total\n|\n|t:|1783560873\n|move|p1a: Brambleghast|Leech Seed|p2a: Necrozma|[miss]\n|-miss|p1a: Brambleghast|p2a: Necrozma\n|move|p2a: Necrozma|Dragon Dance|p2a: Necrozma\n|-boost|p2a: Necrozma|atk|1\n|-boost|p2a: Necrozma|spe|1\n|\n|upkeep\n|turn|3\n|inactive|Time left: 300 sec this turn | 300 sec total\n|\n|t:|1783560874\n|move|p2a: Necrozma|Photon Geyser|p1a: Brambleghast\n|-damage|p1a: Brambleghast|53/240\n|move|p1a: Brambleghast|Leech Seed|p2a: Necrozma\n|-start|p2a: Necrozma|move: Leech Seed\n|\n|-heal|p1a: Brambleghast|68/240|[from] item: Leftovers\n|-damage|p2a: Necrozma|88/100|[from] Leech Seed|[of] p1a: Brambleghast\n|-heal|p1a: Brambleghast|99/240|[silent]\n|upkeep\n|turn|4\n|inactive|Time left: 300 sec this turn | 300 sec total\n|\n|t:|1783560874\n|switch|p1a: Mesprit|Mesprit, L85|275/275\n|move|p2a: Necrozma|Sunsteel Strike|p1a: Mesprit\n|-damage|p1a: Mesprit|128/275\n|\n|-heal|p1a: Mesprit|145/275|[from] item: Leftovers\n|-damage|p2a: Necrozma|75/100|[from] Leech Seed|[of] p1a: Mesprit\n|-heal|p1a: Mesprit|176/275|[silent]\n|upkeep\n|turn|5\n|inactive|Time left: 300 sec this turn | 300 sec total\n|\n|t:|1783560875\n|-terastallize|p2a: Necrozma|Steel\n|move|p2a: Necrozma|Sunsteel Strike|p1a: Mesprit\n|-damage|p1a: Mesprit|0 fnt\n|faint|p1a: Mesprit\n|\n|upkeep\n|inactive|Time left: 300 sec this turn | 300 sec total | 5 sec grace\n|\n|t:|1783560876\n|switch|p1a: Okidogi|Okidogi, L77, M|262/262\n|turn|6\n|inactive|Time left: 300 sec this turn | 300 sec total\n|\n|t:|1783560877\n|-terastallize|p1a: Okidogi|Dark\n|move|p2a: Necrozma|Sunsteel Strike|p1a: Okidogi\n|-damage|p1a: Okidogi|74/262\n|move|p1a: Okidogi|Knock Off|p2a: Necrozma\n|-damage|p2a: Necrozma|37/100\n|-enditem|p2a: Necrozma|Weakness Policy|[from] move: Knock Off|[of] p1a: Okidogi\n|\n|-damage|p2a: Necrozma|24/100|[from] Leech Seed|[of] p1a: Okidogi\n|-heal|p1a: Okidogi|105/262|[silent]\n|upkeep\n|turn|7\n|inactive|Time left: 300 sec this turn | 300 sec total\n|\n|t:|1783560878\n|move|p2a: Necrozma|Sunsteel Strike|p1a: Okidogi\n|-damage|p1a: Okidogi|0 fnt\n|faint|p1a: Okidogi\n|\n|upkeep\n|inactive|Time left: 300 sec this turn | 300 sec total | 5 sec grace\n|\n|t:|1783560879\n|switch|p1a: Terapagos|Terapagos, L77, F|265/265\n|-activate|p1a: Terapagos|ability: Tera Shift\n|detailschange|p1a: Terapagos|Terapagos-Terastal, L77, F\n|-heal|p1a: Terapagos|273/273|[silent]\n|turn|8\n|inactive|Time left: 300 sec this turn | 300 sec total\n|\n|t:|1783560880\n|move|p2a: Necrozma|Sunsteel Strike|p1a: Terapagos\n|-damage|p1a: Terapagos|79/273\n|move|p1a: Terapagos|Tera Starstorm|p2a: Necrozma\n|-resisted|p2a: Necrozma\n|-damage|p2a: Necrozma|1/100\n|\n|-damage|p2a: Necrozma|0 fnt|[from] Leech Seed|[of] p1a: Terapagos\n|-heal|p1a: Terapagos|81/273|[silent]\n|faint|p2a: Necrozma\n|upkeep\n|\n|t:|1783560880\n|switch|p2a: Revavroom|Revavroom, L79, M|100/100\n|turn|9\n|inactive|Time left: 300 sec this turn | 300 sec total\n|\n|t:|1783560882\n|move|p2a: Revavroom|Iron Head|p1a: Terapagos\n|-damage|p1a: Terapagos|0 fnt\n|faint|p1a: Terapagos\n|-damage|p2a: Revavroom|91/100|[from] item: Life Orb\n|\n|upkeep\n|inactive|Time left: 300 sec this turn | 300 sec total | 5 sec grace\n|\n|t:|1783560882\n|switch|p1a: Brambleghast|Brambleghast, L88, M|99/240\n|turn|10\n|inactive|Time left: 300 sec this turn | 300 sec total\n|\n|t:|1783560883\n|move|p1a: Brambleghast|Substitute|p1a: Brambleghast\n|-start|p1a: Brambleghast|Substitute\n|-damage|p1a: Brambleghast|39/240\n|move|p2a: Revavroom|Shift Gear|p2a: Revavroom\n|-boost|p2a: Revavroom|spe|2\n|-boost|p2a: Revavroom|atk|1\n|\n|-heal|p1a: Brambleghast|54/240|[from] item: Leftovers\n|upkeep\n|turn|11\n|inactive|Time left: 300 sec this turn | 300 sec total\n|\n|t:|1783560884\n|move|p2a: Revavroom|Iron Head|p1a: Brambleghast\n|-end|p1a: Brambleghast|Substitute\n|-damage|p2a: Revavroom|81/100|[from] item: Life Orb\n|move|p1a: Brambleghast|Poltergeist|p2a: Revavroom\n|-activate|p2a: Revavroom|move: Poltergeist|Life Orb\n|-damage|p2a: Revavroom|20/100\n|\n|-heal|p1a: Brambleghast|69/240|[from] item: Leftovers\n|upkeep\n|turn|12\n|inactive|Time left: 300 sec this turn | 300 sec total\n|\n|t:|1783560885\n|move|p2a: Revavroom|Gunk Shot|p1a: Brambleghast\n|-damage|p1a: Brambleghast|0 fnt\n|faint|p1a: Brambleghast\n|-damage|p2a: Revavroom|10/100|[from] item: Life Orb\n|\n|upkeep\n|inactive|Time left: 300 sec this turn | 300 sec total | 5 sec grace\n|\n|t:|1783560886\n|switch|p1a: Kyurem|Kyurem-White, L73|303/303\n|-ability|p1a: Kyurem|Turboblaze\n|turn|13\n|inactive|Time left: 300 sec this turn | 300 sec total\n|\n|t:|1783560887\n|move|p2a: Revavroom|Iron Head|p1a: Kyurem\n|-supereffective|p1a: Kyurem\n|-damage|p1a: Kyurem|0 fnt\n|faint|p1a: Kyurem\n|-damage|p2a: Revavroom|0 fnt|[from] item: Life Orb\n|faint|p2a: Revavroom\n|\n|win|p0y186586ee", "uploadtime": 1783560887, "views": 0, "rating": 0, "private": 0, "password": null, "_winner": "p0y186586ee", "_our_name": "p0x1865f88a"}