{"id": "battle-gen9randombattle-1497", "formatid": "gen9randombattle", "format": "[Gen 9] Random Battle", "players": ["p0x149774e8", "p0y1497784d"], "log": "|init|battle\n|title|p0x149774e8 vs. p0y1497784d\n|j|\u2606p0x149774e8\n|j|\u2606p0y1497784d\n|t:|1783557400\n|gametype|singles\n|player|p1|p0x149774e8|2|\n|player|p2|p0y1497784d|170|\n|gen|9\n|tier|[Gen 9] Random Battle\n|rule|Species Clause: Limit one of each Pok\u00e9mon\n|rule|HP Percentage Mod: HP is shown in percentages\n|rule|Sleep Clause Mod: Limit one foe put to sleep\n|rule|Illusion Level Mod: Illusion disguises the Pok\u00e9mon's true level\n|\n|t:|1783557400\n|teamsize|p1|6\n|teamsize|p2|6\n|start\n|switch|p1a: Tauros|Tauros-Paldea-Aqua, L81, M|254/254\n|switch|p2a: Noivern|Noivern, L82, F|100/100\n|-ability|p1a: Tauros|Intimidate|boost\n|-unboost|p2a: Noivern|atk|1\n|turn|1\n|inactive|Battle timer is ON: inactive players will automatically lose when time's up. (requested by p0x149774e8)\n|inactive|p0y1497784d also wants the timer to be on.\n|\n|t:|1783557402\n|move|p2a: Noivern|Hurricane|p1a: Tauros|[miss]\n|-miss|p2a: Noivern|p1a: Tauros\n|move|p1a: Tauros|Stone Edge|p2a: Noivern\n|-supereffective|p2a: Noivern\n|-damage|p2a: Noivern|15/100\n|\n|upkeep\n|turn|2\n|inactive|Time left: 300 sec this turn | 300 sec total\n|\n|t:|1783557403\n|switch|p1a: Rhydon|Rhydon, L85, M|317/317\n|move|p2a: Noivern|Hurricane|p1a: Rhydon|[miss]\n|-miss|p2a: Noivern|p1a: Rhydon\n|\n|upkeep\n|turn|3\n|inactive|Time left: 300 sec this turn | 300 sec total\n|\n|t:|1783557405\n|move|p2a: Noivern|Draco Meteor|p1a: Rhydon\n|-damage|p1a: Rhydon|178/317\n|-unboost|p2a: Noivern|spa|2\n|move|p1a: Rhydon|Swords Dance|p1a: Rhydon\n|-boost|p1a: Rhydon|atk|2\n|\n|upkeep\n|turn|4\n|inactive|Time left: 300 sec this turn | 300 sec total\n|\n|t:|1783557406\n|move|p2a: Noivern|Hurricane|p1a: Rhydon|[miss]\n|-miss|p2a: Noivern|p1a: Rhydon\n|move|p1a: Rhydon|Earthquake|p2a: Noivern\n|-immune|p2a: Noivern\n|\n|upkeep\n|turn|5\n|inactive|Time left: 300 sec this turn | 300 sec total\n|\n|t:|1783557407\n|move|p2a: Noivern|Draco Meteor|p1a: Rhydon\n|-damage|p1a: Rhydon|114/317\n|-unboost|p2a: Noivern|spa|2\n|move|p1a: Rhydon|Stone Edge|p2a: Noivern\n|-supereffective|p2a: Noivern\n|-damage|p2a: Noivern|0 fnt\n|faint|p2a: Noivern\n|\n|upkeep\n|\n|t:|1783557408\n|switch|p2a: Lucario|Lucario, L84, M|100/100\n|turn|6\n|inactive|Time left: 300 sec this turn | 300 sec total\n|\n|t:|1783557409\n|-terastallize|p1a: Rhydon|Grass\n|move|p2a: Lucario|Close Combat|p1a: Rhydon\n|-damage|p1a: Rhydon|3/317\n|-unboost|p2a: Lucario|def|1\n|-unboost|p2a: Lucario|spd|1\n|move|p1a: Rhydon|Earthquake|p2a: Lucario\n|-supereffective|p2a: Lucario\n|-damage|p2a: Lucario|0 fnt\n|faint|p2a: Lucario\n|\n|upkeep\n|\n|t:|1783557410\n|switch|p2a: Meganium|Meganium, L90, M|100/100\n|turn|7\n|inactive|Time left: 300 sec this turn | 300 sec total\n|\n|t:|1783557411\n|move|p2a: Meganium|Petal Blizzard|p1a: Rhydon\n|-resisted|p1a: Rhydon\n|-damage|p1a: Rhydon|0 fnt\n|faint|p1a: Rhydon\n|\n|upkeep\n|inactive|Time left: 300 sec this turn | 300 sec total | 5 sec grace\n|\n|t:|1783557412\n|switch|p1a: Qwilfish|Qwilfish, L86, F|252/252\n|-ability|p1a: Qwilfish|Intimidate|boost\n|-unboost|p2a: Meganium|atk|1\n|turn|8\n|inactive|Time left: 300 sec this turn | 300 sec total\n|\n|t:|1783557414\n|move|p1a: Qwilfish|Gunk Shot|p2a: Meganium\n|-supereffective|p2a: Meganium\n|-damage|p2a: Meganium|27/100\n|move|p2a: Meganium|Swords Dance|p2a: Meganium\n|-boost|p2a: Meganium|atk|2\n|\n|-heal|p2a: Meganium|34/100|[from] item: Leftovers\n|upkeep\n|turn|9\n|inactive|Time left: 300 sec this turn | 300 sec total\n|\n|t:|1783557415\n|move|p1a: Qwilfish|Gunk Shot|p2a: Meganium|[miss]\n|-miss|p1a: Qwilfish|p2a: Meganium\n|move|p2a: Meganium|Petal Blizzard|p1a: Qwilfish\n|-damage|p1a: Qwilfish|47/252\n|\n|-heal|p2a: Meganium|40/100|[from] item: Leftovers\n|upkeep\n|turn|10\n|inactive|Time left: 300 sec this turn | 300 sec total\n|\n|t:|1783557416\n|move|p2a: Meganium|Knock Off|p1a: Qwilfish\n|-damage|p1a: Qwilfish|0 fnt\n|-enditem|p1a: Qwilfish|Heavy-Duty Boots|[from] move: Knock Off|[of] p2a: Meganium\n|faint|p1a: Qwilfish\n|\n|-heal|p2a: Meganium|46/100|[from] item: Leftovers\n|upkeep\n|inactive|Time left: 300 sec this turn | 300 sec total | 5 sec grace\n|\n|t:|1783557417\n|switch|p1a: Tauros|Tauros-Paldea-Aqua, L81, M|254/254\n|-ability|p1a: Tauros|Intimidate|boost\n|-unboost|p2a: Meganium|atk|1\n|turn|11\n|inactive|Time left: 300 sec this turn | 300 sec total\n|\n|t:|1783557418\n|switch|p2a: Dragapult|Dragapult, L77, M|100/100\n|move|p1a: Tauros|Close Combat|p2a: Dragapult\n|-immune|p2a: Dragapult\n|\n|upkeep\n|turn|12\n|inactive|Time left: 300 sec this turn | 300 sec total\n|\n|t:|1783557419\n|switch|p1a: Malamar|Malamar, L82, M|275/275\n|move|p2a: Dragapult|Shadow Ball|p1a: Malamar\n|-damage|p1a: Malamar|157/275\n|\n|-heal|p1a: Malamar|174/275|[from] item: Leftovers\n|upkeep\n|turn|13\n|inactive|Time left: 300 sec this turn | 300 sec total\n|\n|t:|1783557420\n|move|p2a: Dragapult|Shadow Ball|p1a: Malamar\n|-damage|p1a: Malamar|48/275\n|move|p1a: Malamar|Knock Off|p2a: Dragapult\n|-supereffective|p2a: Dragapult\n|-damage|p2a: Dragapult|16/100\n|-enditem|p2a: Dragapult|Choice Specs|[from] move: Knock Off|[of] p1a: Malamar\n|\n|-heal|p1a: Malamar|65/275|[from] item: Leftovers\n|upkeep\n|turn|14\n|inactive|Time left: 300 sec this turn | 300 sec total\n|\n|t:|1783557421\n|switch|p1a: Terrakion|Terrakion, L79|273/273\n|move|p2a: Dragapult|Shadow Ball|p1a: Terrakion\n|-damage|p1a: Terrakion|189/273\n|\n|upkeep\n|turn|15\n|inactive|Time left: 300 sec this turn | 300 sec total\n|\n|t:|1783557423\n|move|p2a: Dragapult|Draco Meteor|p1a: Terrakion\n|-damage|p1a: Terrakion|68/273\n|-unboost|p2a: Dragapult|spa|2\n|move|p1a: Terrakion|Swords Dance|p1a: Terrakion\n|-boost|p1a: Terrakion|atk|2\n|\n|upkeep\n|turn|16\n|inactive|Time left: 300 sec this turn | 300 sec total\n|\n|t:|1783557424\n|move|p2a: Dragapult|Draco Meteor|p1a: Terrakion\n|-damage|p1a: Terrakion|4/273\n|-unboost|p2a: Dragapult|spa|2\n|move|p1a: Terrakion|Swords Dance|p1a: Terrakion\n|-boost|p1a: Terrakion|atk|2\n|\n|upkeep\n|turn|17\n|inactive|Time left: 300 sec this turn | 300 sec total\n|\n|t:|1783557425\n|move|p2a: Dragapult|U-turn|p1a: Terrakion\n|-resisted|p1a: Terrakion\n|-damage|p1a: Terrakion|0 fnt\n|faint|p1a: Terrakion\n|\n|t:|1783557426\n|switch|p2a: Meganium|Meganium, L90, M|46/100|[from] U-turn\n|\n|-heal|p2a: Meganium|52/100|[from] item: Leftovers\n|upkeep\n|inactive|Time left: 300 sec this turn | 300 sec total | 10 sec grace\n|\n|t:|1783557427\n|switch|p1a: Tauros|Tauros-Paldea-Aqua, L81, M|254/254\n|-ability|p1a: Tauros|Intimidate|boost\n|-unboost|p2a: Meganium|atk|1\n|turn|18\n|inactive|Time left: 300 sec this turn | 300 sec total\n|\n|t:|1783557428\n|switch|p2a: Dragapult|Dragapult, L77, M|16/100\n|move|p1a: Tauros|Close Combat|p2a: Dragapult\n|-immune|p2a: Dragapult\n|\n|upkeep\n|turn|19\n|inactive|Time left: 300 sec this turn | 300 sec total\n|\n|t:|1783557429\n|move|p2a: Dragapult|Shadow Ball|p1a: Tauros\n|-damage|p1a: Tauros|169/254\n|-unboost|p1a: Tauros|spd|1\n|move|p1a: Tauros|Close Combat|p2a: Dragapult\n|-immune|p2a: Dragapult\n|\n|upkeep\n|turn|20\n|inactive|Time left: 300 sec this turn | 300 sec total\n|\n|t:|1783557430\n|move|p2a: Dragapult|Shadow Ball|p1a: Tauros\n|-damage|p1a: Tauros|40/254\n|move|p1a: Tauros|Close Combat|p2a: Dragapult\n|-immune|p2a: Dragapult\n|\n|upkeep\n|turn|21\n|inactive|Time left: 300 sec this turn | 300 sec total\n|\n|t:|1783557431\n|move|p2a: Dragapult|Shadow Ball|p1a: Tauros\n|-damage|p1a: Tauros|0 fnt\n|faint|p1a: Tauros\n|\n|upkeep\n|inactive|Time left: 300 sec this turn | 300 sec total | 5 sec grace\n|\n|t:|1783557432\n|switch|p1a: Serperior|Serperior, L79, M|248/248\n|turn|22\n|inactive|Time left: 300 sec this turn | 300 sec total\n|\n|t:|1783557433\n|switch|p2a: Salazzle|Salazzle, L83, F|100/100\n|move|p1a: Serperior|Leaf Storm|p2a: Salazzle\n|-resisted|p2a: Salazzle\n|-damage|p2a: Salazzle|83/100\n|-boost|p1a: Serperior|spa|2\n|-damage|p1a: Serperior|224/248|[from] item: Life Orb\n|\n|upkeep\n|turn|23\n|inactive|Time left: 300 sec this turn | 300 sec total\n|\n|t:|1783557434\n|move|p2a: Salazzle|Fire Blast|p1a: Serperior\n|-supereffective|p1a: Serperior\n|-damage|p1a: Serperior|0 fnt\n|faint|p1a: Serperior\n|\n|upkeep\n|inactive|Time left: 300 sec this turn | 300 sec total | 5 sec grace\n|\n|t:|1783557435\n|switch|p1a: Malamar|Malamar, L82, M|65/275\n|turn|24\n|inactive|Time left: 300 sec this turn | 300 sec total\n|\n|t:|1783557436\n|-terastallize|p2a: Salazzle|Grass\n|move|p2a: Salazzle|Tera Blast|p1a: Malamar|[anim] Tera Blast Grass\n|-damage|p1a: Malamar|0 fnt\n|faint|p1a: Malamar\n|\n|win|p0y1497784d", "uploadtime": 1783557436, "views": 0, "rating": 0, "private": 0, "password": null, "_winner": "p0y1497784d", "_our_name": "p0x149774e8"}