{"id": "battle-gen9randombattle-2128", "formatid": "gen9randombattle", "format": "[Gen 9] Random Battle", "players": ["p0x2128bde3", "p0y2128bf52"], "log": "|init|battle\n|title|p0x2128bde3 vs. p0y2128bf52\n|j|\u2606p0x2128bde3\n|j|\u2606p0y2128bf52\n|t:|1783563852\n|gametype|singles\n|player|p1|p0x2128bde3|169|\n|player|p2|p0y2128bf52|102|\n|gen|9\n|tier|[Gen 9] Random Battle\n|rule|Species Clause: Limit one of each Pok\u00e9mon\n|rule|HP Percentage Mod: HP is shown in percentages\n|rule|Sleep Clause Mod: Limit one foe put to sleep\n|rule|Illusion Level Mod: Illusion disguises the Pok\u00e9mon's true level\n|\n|t:|1783563852\n|teamsize|p1|6\n|teamsize|p2|6\n|start\n|switch|p1a: Hitmontop|Hitmontop, L88, M|231/231\n|switch|p2a: Venusaur|Venusaur, L84, F|100/100\n|turn|1\n|inactive|Battle timer is ON: inactive players will automatically lose when time's up. (requested by p0x2128bde3)\n|\n|t:|1783563854\n|move|p2a: Venusaur|Sleep Powder|p1a: Hitmontop\n|-status|p1a: Hitmontop|slp|[from] move: Sleep Powder\n|cant|p1a: Hitmontop|slp\n|\n|upkeep\n|turn|2\n|inactive|Time left: 300 sec this turn | 300 sec total\n|inactive|p0y2128bf52 also wants the timer to be on.\n|\n|t:|1783563855\n|switch|p2a: Araquanid|Araquanid, L82, F|100/100\n|-curestatus|p1a: Hitmontop|slp|[msg]\n|move|p1a: Hitmontop|Bulk Up|p1a: Hitmontop\n|-boost|p1a: Hitmontop|atk|1\n|-boost|p1a: Hitmontop|def|1\n|\n|upkeep\n|turn|3\n|inactive|Time left: 300 sec this turn | 300 sec total\n|\n|t:|1783563856\n|move|p1a: Hitmontop|Rapid Spin|p2a: Araquanid\n|-damage|p2a: Araquanid|67/100\n|-boost|p1a: Hitmontop|spe|1\n|move|p2a: Araquanid|Sticky Web|p1a: Hitmontop\n|-sidestart|p1: p0x2128bde3|move: Sticky Web\n|\n|upkeep\n|turn|4\n|inactive|Time left: 300 sec this turn | 300 sec total\n|\n|t:|1783563857\n|move|p1a: Hitmontop|Rapid Spin|p2a: Araquanid\n|-damage|p2a: Araquanid|31/100\n|-boost|p1a: Hitmontop|spe|1\n|-sideend|p1: p0x2128bde3|Sticky Web|[from] move: Rapid Spin|[of] p1a: Hitmontop\n|move|p2a: Araquanid|Sticky Web|p1a: Hitmontop\n|-sidestart|p1: p0x2128bde3|move: Sticky Web\n|\n|upkeep\n|turn|5\n|inactive|Time left: 300 sec this turn | 300 sec total\n|\n|t:|1783563858\n|switch|p2a: Wyrdeer|Wyrdeer, L87, M|100/100\n|-ability|p2a: Wyrdeer|Intimidate|boost\n|-unboost|p1a: Hitmontop|atk|1\n|move|p1a: Hitmontop|Rapid Spin|p2a: Wyrdeer\n|-damage|p2a: Wyrdeer|81/100\n|-boost|p1a: Hitmontop|spe|1\n|-sideend|p1: p0x2128bde3|Sticky Web|[from] move: Rapid Spin|[of] p1a: Hitmontop\n|\n|upkeep\n|turn|6\n|inactive|Time left: 300 sec this turn | 300 sec total\n|\n|t:|1783563859\n|move|p1a: Hitmontop|Triple Axel|p2a: Wyrdeer\n|-damage|p2a: Wyrdeer|74/100\n|-crit|p2a: Wyrdeer\n|-damage|p2a: Wyrdeer|50/100\n|-damage|p2a: Wyrdeer|28/100\n|-hitcount|p2a: Wyrdeer|3\n|move|p2a: Wyrdeer|Psychic Noise|p1a: Hitmontop\n|-supereffective|p1a: Hitmontop\n|-damage|p1a: Hitmontop|93/231\n|-start|p1a: Hitmontop|move: Heal Block\n|\n|upkeep\n|turn|7\n|inactive|Time left: 300 sec this turn | 300 sec total\n|\n|t:|1783563860\n|switch|p2a: Iron Hands|Iron Hands, L79|100/100\n|move|p1a: Hitmontop|Triple Axel|p2a: Iron Hands\n|-damage|p2a: Iron Hands|95/100\n|-damage|p2a: Iron Hands|83/100\n|-damage|p2a: Iron Hands|67/100\n|-hitcount|p2a: Iron Hands|3\n|\n|-end|p1a: Hitmontop|move: Heal Block\n|upkeep\n|turn|8\n|inactive|Time left: 300 sec this turn | 300 sec total\n|\n|t:|1783563861\n|move|p1a: Hitmontop|Bulk Up|p1a: Hitmontop\n|-boost|p1a: Hitmontop|atk|1\n|-boost|p1a: Hitmontop|def|1\n|move|p2a: Iron Hands|Thunder Punch|p1a: Hitmontop\n|-damage|p1a: Hitmontop|47/231\n|\n|-heal|p1a: Hitmontop|61/231|[from] item: Leftovers\n|upkeep\n|turn|9\n|inactive|Time left: 300 sec this turn | 300 sec total\n|\n|t:|1783563862\n|-terastallize|p1a: Hitmontop|Ice\n|move|p1a: Hitmontop|Triple Axel|p2a: Iron Hands\n|-damage|p2a: Iron Hands|54/100\n|-damage|p2a: Iron Hands|31/100\n|-damage|p2a: Iron Hands|0 fnt\n|faint|p2a: Iron Hands\n|-end|p2a: Iron Hands|Quark Drive|[silent]\n|-hitcount|p2: Iron Hands|3\n|\n|-heal|p1a: Hitmontop|75/231|[from] item: Leftovers\n|upkeep\n|\n|t:|1783563863\n|switch|p2a: Venusaur|Venusaur, L84, F|100/100\n|turn|10\n|inactive|Time left: 300 sec this turn | 300 sec total\n|\n|t:|1783563864\n|-terastallize|p2a: Venusaur|Water\n|move|p1a: Hitmontop|Triple Axel|p2a: Venusaur\n|-resisted|p2a: Venusaur\n|-damage|p2a: Venusaur|91/100\n|-resisted|p2a: Venusaur\n|-damage|p2a: Venusaur|72/100\n|-resisted|p2a: Venusaur\n|-damage|p2a: Venusaur|43/100\n|-hitcount|p2a: Venusaur|3\n|move|p2a: Venusaur|Sludge Bomb|p1a: Hitmontop\n|-damage|p1a: Hitmontop|2/231\n|\n|-heal|p1a: Hitmontop|16/231|[from] item: Leftovers\n|-heal|p2a: Venusaur|49/100|[from] item: Leftovers\n|upkeep\n|turn|11\n|inactive|Time left: 300 sec this turn | 300 sec total\n|\n|t:|1783563865\n|switch|p2a: Wyrdeer|Wyrdeer, L87, M|28/100\n|-ability|p2a: Wyrdeer|Intimidate|boost\n|-unboost|p1a: Hitmontop|atk|1\n|move|p1a: Hitmontop|Close Combat|p2a: Wyrdeer\n|-damage|p2a: Wyrdeer|0 fnt\n|-unboost|p1a: Hitmontop|def|1\n|-unboost|p1a: Hitmontop|spd|1\n|faint|p2a: Wyrdeer\n|\n|-heal|p1a: Hitmontop|30/231|[from] item: Leftovers\n|upkeep\n|\n|t:|1783563866\n|switch|p2a: Glalie|Glalie, L96, F|100/100\n|turn|12\n|inactive|Time left: 300 sec this turn | 300 sec total\n|\n|t:|1783563867\n|move|p1a: Hitmontop|Close Combat|p2a: Glalie\n|-supereffective|p2a: Glalie\n|-damage|p2a: Glalie|15/100\n|-unboost|p1a: Hitmontop|def|1\n|-unboost|p1a: Hitmontop|spd|1\n|move|p2a: Glalie|Earthquake|p1a: Hitmontop\n|-damage|p1a: Hitmontop|0 fnt\n|faint|p1a: Hitmontop\n|\n|upkeep\n|inactive|Time left: 300 sec this turn | 300 sec total | 5 sec grace\n|\n|t:|1783563868\n|switch|p1a: Zebstrika|Zebstrika, L87, F|272/272\n|turn|13\n|inactive|Time left: 300 sec this turn | 300 sec total\n|\n|t:|1783563869\n|move|p1a: Zebstrika|Supercell Slam|p2a: Glalie\n|-damage|p2a: Glalie|0 fnt\n|faint|p2a: Glalie\n|-damage|p1a: Zebstrika|245/272|[from] item: Life Orb\n|\n|upkeep\n|\n|t:|1783563869\n|switch|p2a: Chien-Pao|Chien-Pao, L72|100/100\n|-ability|p2a: Chien-Pao|Sword of Ruin\n|turn|14\n|inactive|Time left: 300 sec this turn | 300 sec total\n|\n|t:|1783563870\n|switch|p2a: Venusaur|Venusaur, L84, F, tera:Water|49/100\n|move|p1a: Zebstrika|Supercell Slam|p2a: Venusaur\n|-supereffective|p2a: Venusaur\n|-damage|p2a: Venusaur|0 fnt\n|faint|p2a: Venusaur\n|-damage|p1a: Zebstrika|218/272|[from] item: Life Orb\n|\n|upkeep\n|\n|t:|1783563871\n|switch|p2a: Chien-Pao|Chien-Pao, L72|100/100\n|-ability|p2a: Chien-Pao|Sword of Ruin\n|turn|15\n|inactive|Time left: 300 sec this turn | 300 sec total\n|\n|t:|1783563871\n|switch|p2a: Araquanid|Araquanid, L82, F|31/100\n|move|p1a: Zebstrika|Supercell Slam|p2a: Araquanid\n|-supereffective|p2a: Araquanid\n|-damage|p2a: Araquanid|0 fnt\n|faint|p2a: Araquanid\n|-damage|p1a: Zebstrika|191/272|[from] item: Life Orb\n|\n|upkeep\n|\n|t:|1783563872\n|switch|p2a: Chien-Pao|Chien-Pao, L72|100/100\n|-ability|p2a: Chien-Pao|Sword of Ruin\n|turn|16\n|inactive|Time left: 300 sec this turn | 300 sec total\n|\n|t:|1783563873\n|move|p1a: Zebstrika|Overheat|p2a: Chien-Pao\n|-supereffective|p2a: Chien-Pao\n|-damage|p2a: Chien-Pao|0 fnt\n|-unboost|p1a: Zebstrika|spa|2\n|faint|p2a: Chien-Pao\n|-damage|p1a: Zebstrika|164/272|[from] item: Life Orb\n|\n|win|p0x2128bde3", "uploadtime": 1783563873, "views": 0, "rating": 0, "private": 0, "password": null, "_winner": "p0x2128bde3", "_our_name": "p0x2128bde3"}