{"id": "battle-gen9randombattle-2616", "formatid": "gen9randombattle", "format": "[Gen 9] Random Battle", "players": ["p0x2616d032", "p0y2616d277"], "log": "|init|battle\n|title|p0x2616d032 vs. p0y2616d277\n|j|\u2606p0x2616d032\n|j|\u2606p0y2616d277\n|t:|1783569227\n|gametype|singles\n|player|p1|p0x2616d032|1|\n|player|p2|p0y2616d277|1|\n|gen|9\n|tier|[Gen 9] Random Battle\n|rule|Species Clause: Limit one of each Pok\u00e9mon\n|rule|HP Percentage Mod: HP is shown in percentages\n|rule|Sleep Clause Mod: Limit one foe put to sleep\n|rule|Illusion Level Mod: Illusion disguises the Pok\u00e9mon's true level\n|\n|t:|1783569227\n|teamsize|p1|6\n|teamsize|p2|6\n|start\n|switch|p1a: Arceus|Arceus, L68|100/100\n|switch|p2a: Infernape|Infernape, L82, M|259/259\n|turn|1\n|inactive|Battle timer is ON: inactive players will automatically lose when time's up. (requested by p0y2616d277)\n|inactive|p0x2616d032 also wants the timer to be on.\n|\n|t:|1783569228\n|switch|p1a: Golurk|Golurk, L87|100/100\n|move|p2a: Infernape|Close Combat|p1a: Golurk\n|-immune|p1a: Golurk\n|\n|upkeep\n|turn|2\n|inactive|Time left: 300 sec this turn | 300 sec total\n|\n|t:|1783569229\n|switch|p2a: Jumpluff|Jumpluff, L87, M|271/271\n|move|p1a: Golurk|Dynamic Punch|p2a: Jumpluff\n|-resisted|p2a: Jumpluff\n|-crit|p2a: Jumpluff\n|-damage|p2a: Jumpluff|171/271\n|-start|p2a: Jumpluff|confusion\n|-damage|p1a: Golurk|91/100|[from] item: Life Orb\n|\n|upkeep\n|turn|3\n|inactive|Time left: 300 sec this turn | 300 sec total\n|\n|t:|1783569230\n|-activate|p2a: Jumpluff|confusion\n|move|p2a: Jumpluff|Leech Seed|p1a: Golurk\n|-start|p1a: Golurk|move: Leech Seed\n|move|p1a: Golurk|Stealth Rock|p2a: Jumpluff\n|-sidestart|p2: p0y2616d277|move: Stealth Rock\n|\n|-damage|p1a: Golurk|78/100|[from] Leech Seed|[of] p2a: Jumpluff\n|-heal|p2a: Jumpluff|208/271|[silent]\n|upkeep\n|turn|4\n|inactive|Time left: 300 sec this turn | 300 sec total\n|\n|t:|1783569231\n|switch|p1a: Flygon|Flygon, L82, M|100/100\n|-end|p2a: Jumpluff|confusion\n|move|p2a: Jumpluff|Leech Seed|p1a: Flygon\n|-start|p1a: Flygon|move: Leech Seed\n|\n|-damage|p1a: Flygon|88/100|[from] Leech Seed|[of] p2a: Jumpluff\n|-heal|p2a: Jumpluff|241/271|[silent]\n|upkeep\n|turn|5\n|inactive|Time left: 300 sec this turn | 300 sec total\n|\n|t:|1783569232\n|switch|p1a: Rotom|Rotom-Mow, L87|100/100\n|move|p2a: Jumpluff|Acrobatics|p1a: Rotom\n|-damage|p1a: Rotom|73/100\n|\n|upkeep\n|turn|6\n|inactive|Time left: 300 sec this turn | 300 sec total\n|\n|t:|1783569233\n|move|p1a: Rotom|Thunderbolt|p2a: Jumpluff\n|-damage|p2a: Jumpluff|142/271\n|move|p2a: Jumpluff|Strength Sap|p1a: Rotom\n|-unboost|p1a: Rotom|atk|1\n|-heal|p2a: Jumpluff|260/271\n|\n|upkeep\n|turn|7\n|inactive|Time left: 300 sec this turn | 300 sec total\n|\n|t:|1783569234\n|move|p1a: Rotom|Thunderbolt|p2a: Jumpluff\n|-damage|p2a: Jumpluff|164/271\n|move|p2a: Jumpluff|Acrobatics|p1a: Rotom\n|-damage|p1a: Rotom|44/100\n|\n|upkeep\n|turn|8\n|inactive|Time left: 300 sec this turn | 300 sec total\n|\n|t:|1783569235\n|move|p1a: Rotom|Thunderbolt|p2a: Jumpluff\n|-damage|p2a: Jumpluff|74/271\n|move|p2a: Jumpluff|Strength Sap|p1a: Rotom\n|-unboost|p1a: Rotom|atk|1\n|-heal|p2a: Jumpluff|152/271\n|\n|upkeep\n|turn|9\n|inactive|Time left: 300 sec this turn | 300 sec total\n|\n|t:|1783569237\n|move|p1a: Rotom|Thunderbolt|p2a: Jumpluff\n|-damage|p2a: Jumpluff|46/271\n|-status|p2a: Jumpluff|par\n|cant|p2a: Jumpluff|par\n|\n|upkeep\n|turn|10\n|inactive|Time left: 300 sec this turn | 300 sec total\n|\n|t:|1783569238\n|move|p1a: Rotom|Thunderbolt|p2a: Jumpluff\n|-damage|p2a: Jumpluff|0 fnt\n|faint|p2a: Jumpluff\n|\n|upkeep\n|inactive|Time left: 300 sec this turn | 300 sec total | 5 sec grace\n|\n|t:|1783569239\n|switch|p2a: Regidrago|Regidrago, L77|435/435\n|-damage|p2a: Regidrago|381/435|[from] Stealth Rock\n|turn|11\n|inactive|Time left: 300 sec this turn | 300 sec total\n|\n|t:|1783569240\n|move|p1a: Rotom|Thunderbolt|p2a: Regidrago\n|-resisted|p2a: Regidrago\n|-damage|p2a: Regidrago|290/435\n|move|p2a: Regidrago|Outrage|p1a: Rotom\n|-damage|p1a: Rotom|0 fnt\n|faint|p1a: Rotom\n|\n|upkeep\n|\n|t:|1783569241\n|switch|p1a: Furret|Furret, L94, M|100/100\n|-item|p2a: Regidrago|Choice Scarf|[from] ability: Frisk|[of] p1a: Furret\n|turn|12\n|inactive|Time left: 300 sec this turn | 300 sec total\n|\n|t:|1783569242\n|move|p2a: Regidrago|Outrage|p1a: Furret|[from] lockedmove\n|-damage|p1a: Furret|46/100\n|-start|p2a: Regidrago|confusion|[fatigue]\n|move|p1a: Furret|Double-Edge|p2a: Regidrago\n|-crit|p2a: Regidrago\n|-damage|p2a: Regidrago|0 fnt\n|faint|p2a: Regidrago\n|-damage|p1a: Furret|16/100|[from] Recoil\n|\n|upkeep\n|inactive|Time left: 300 sec this turn | 300 sec total | 5 sec grace\n|\n|t:|1783569243\n|switch|p2a: Golem|Golem, L87, F|281/281\n|-damage|p2a: Golem|264/281|[from] Stealth Rock\n|turn|13\n|inactive|Time left: 300 sec this turn | 300 sec total\n|\n|t:|1783569244\n|move|p1a: Furret|Double-Edge|p2a: Golem\n|-resisted|p2a: Golem\n|-damage|p2a: Golem|198/281\n|-damage|p1a: Furret|9/100|[from] Recoil\n|move|p2a: Golem|Earthquake|p1a: Furret\n|-damage|p1a: Furret|0 fnt\n|faint|p1a: Furret\n|\n|upkeep\n|\n|t:|1783569245\n|switch|p1a: Golurk|Golurk, L87|78/100\n|turn|14\n|inactive|Time left: 300 sec this turn | 300 sec total\n|\n|t:|1783569246\n|switch|p2a: Cresselia|Cresselia, L80, F|323/323\n|-damage|p2a: Cresselia|283/323|[from] Stealth Rock\n|move|p1a: Golurk|Earthquake|p2a: Cresselia\n|-immune|p2a: Cresselia|[from] ability: Levitate\n|\n|-heal|p2a: Cresselia|303/323|[from] item: Leftovers\n|upkeep\n|turn|15\n|inactive|Time left: 300 sec this turn | 300 sec total\n|\n|t:|1783569247\n|-terastallize|p2a: Cresselia|Electric\n|move|p2a: Cresselia|Calm Mind|p2a: Cresselia\n|-boost|p2a: Cresselia|spa|1\n|-boost|p2a: Cresselia|spd|1\n|move|p1a: Golurk|Poltergeist|p2a: Cresselia\n|-activate|p2a: Cresselia|move: Poltergeist|Leftovers\n|-damage|p2a: Cresselia|142/323\n|-damage|p1a: Golurk|69/100|[from] item: Life Orb\n|\n|-heal|p2a: Cresselia|162/323|[from] item: Leftovers\n|upkeep\n|turn|16\n|inactive|Time left: 300 sec this turn | 300 sec total\n|\n|t:|1783569248\n|move|p2a: Cresselia|Moonlight|p2a: Cresselia\n|-heal|p2a: Cresselia|323/323\n|move|p1a: Golurk|Poltergeist|p2a: Cresselia\n|-activate|p2a: Cresselia|move: Poltergeist|Leftovers\n|-damage|p2a: Cresselia|146/323\n|-damage|p1a: Golurk|59/100|[from] item: Life Orb\n|\n|-heal|p2a: Cresselia|166/323|[from] item: Leftovers\n|upkeep\n|turn|17\n|inactive|Time left: 300 sec this turn | 300 sec total\n|\n|t:|1783569249\n|move|p2a: Cresselia|Moonlight|p2a: Cresselia\n|-heal|p2a: Cresselia|323/323\n|move|p1a: Golurk|Dynamic Punch|p2a: Cresselia\n|-damage|p2a: Cresselia|222/323\n|-start|p2a: Cresselia|confusion\n|-damage|p1a: Golurk|49/100|[from] item: Life Orb\n|\n|-heal|p2a: Cresselia|242/323|[from] item: Leftovers\n|upkeep\n|turn|18\n|inactive|Time left: 300 sec this turn | 300 sec total\n|\n|t:|1783569250\n|-activate|p2a: Cresselia|confusion\n|move|p2a: Cresselia|Psyshock|p1a: Golurk\n|-crit|p1a: Golurk\n|-damage|p1a: Golurk|0 fnt\n|faint|p1a: Golurk\n|\n|-heal|p2a: Cresselia|262/323|[from] item: Leftovers\n|upkeep\n|\n|t:|1783569251\n|switch|p1a: Flygon|Flygon, L82, M|88/100\n|turn|19\n|inactive|Time left: 300 sec this turn | 300 sec total\n|\n|t:|1783569251\n|move|p1a: Flygon|Dragon Dance|p1a: Flygon\n|-boost|p1a: Flygon|atk|1\n|-boost|p1a: Flygon|spe|1\n|-activate|p2a: Cresselia|confusion\n|-damage|p2a: Cresselia|247/323|[from] confusion\n|\n|-heal|p2a: Cresselia|267/323|[from] item: Leftovers\n|upkeep\n|turn|20\n|inactive|Time left: 300 sec this turn | 300 sec total\n|\n|t:|1783569252\n|move|p1a: Flygon|Outrage|p2a: Cresselia\n|-damage|p2a: Cresselia|114/323\n|-end|p2a: Cresselia|confusion\n|move|p2a: Cresselia|Psyshock|p1a: Flygon\n|-damage|p1a: Flygon|44/100\n|\n|-heal|p2a: Cresselia|134/323|[from] item: Leftovers\n|upkeep\n|turn|21\n|inactive|Time left: 300 sec this turn | 300 sec total\n|\n|t:|1783569253\n|switch|p2a: Magnezone|Magnezone, L85|258/258\n|-damage|p2a: Magnezone|242/258|[from] Stealth Rock\n|move|p1a: Flygon|Outrage|p2a: Magnezone|[from] lockedmove\n|-resisted|p2a: Magnezone\n|-damage|p2a: Magnezone|168/258\n|-start|p1a: Flygon|confusion|[fatigue]\n|-enditem|p1a: Flygon|Lum Berry|[eat]\n|-end|p1a: Flygon|confusion\n|\n|-heal|p2a: Magnezone|184/258|[from] item: Leftovers\n|upkeep\n|turn|22\n|inactive|Time left: 300 sec this turn | 300 sec total\n|\n|t:|1783569254\n|move|p1a: Flygon|Earthquake|p2a: Magnezone\n|-supereffective|p2a: Magnezone\n|-damage|p2a: Magnezone|0 fnt\n|faint|p2a: Magnezone\n|\n|upkeep\n|inactive|Time left: 300 sec this turn | 300 sec total | 5 sec grace\n|\n|t:|1783569255\n|switch|p2a: Infernape|Infernape, L82, M|259/259\n|-damage|p2a: Infernape|227/259|[from] Stealth Rock\n|turn|23\n|inactive|Time left: 300 sec this turn | 300 sec total\n|\n|t:|1783569256\n|move|p2a: Infernape|Close Combat|p1a: Flygon\n|-damage|p1a: Flygon|0 fnt\n|-unboost|p2a: Infernape|def|1\n|-unboost|p2a: Infernape|spd|1\n|faint|p1a: Flygon\n|\n|upkeep\n|\n|t:|1783569258\n|switch|p1a: Scovillain|Scovillain, L91, F|100/100\n|turn|24\n|inactive|Time left: 300 sec this turn | 300 sec total\n|\n|t:|1783569259\n|move|p2a: Infernape|Close Combat|p1a: Scovillain\n|-damage|p1a: Scovillain|46/100\n|-unboost|p2a: Infernape|def|1\n|-unboost|p2a: Infernape|spd|1\n|move|p1a: Scovillain|Stomping Tantrum|p2a: Infernape\n|-supereffective|p2a: Infernape\n|-damage|p2a: Infernape|0 fnt\n|faint|p2a: Infernape\n|\n|upkeep\n|inactive|Time left: 300 sec this turn | 300 sec total | 5 sec grace\n|\n|t:|1783569260\n|switch|p2a: Cresselia|Cresselia, L80, F, tera:Electric|134/323\n|-damage|p2a: Cresselia|94/323|[from] Stealth Rock\n|turn|25\n|inactive|Time left: 300 sec this turn | 300 sec total\n|\n|t:|1783569261\n|move|p1a: Scovillain|Energy Ball|p2a: Cresselia\n|-damage|p2a: Cresselia|0 fnt\n|faint|p2a: Cresselia\n|\n|upkeep\n|inactive|Time left: 300 sec this turn | 300 sec total | 5 sec grace\n|\n|t:|1783569261\n|switch|p2a: Golem|Golem, L87, F|198/281\n|-damage|p2a: Golem|181/281|[from] Stealth Rock\n|turn|26\n|inactive|Time left: 300 sec this turn | 300 sec total\n|\n|t:|1783569262\n|move|p1a: Scovillain|Energy Ball|p2a: Golem\n|-supereffective|p2a: Golem\n|-damage|p2a: Golem|0 fnt\n|faint|p2a: Golem\n|\n|win|p0x2616d032", "uploadtime": 1783569262, "views": 0, "rating": 0, "private": 0, "password": null, "_winner": "p0x2616d032", "_our_name": "p0y2616d277"}