{"id": "battle-gen9randombattle-1584", "formatid": "gen9randombattle", "format": "[Gen 9] Random Battle", "players": ["p0x15846793", "p0y158481fb"], "log": "|init|battle\n|title|p0x15846793 vs. p0y158481fb\n|j|\u2606p0x15846793\n|j|\u2606p0y158481fb\n|t:|1783558343\n|gametype|singles\n|player|p1|p0x15846793|265|\n|player|p2|p0y158481fb|2|\n|gen|9\n|tier|[Gen 9] Random Battle\n|rule|Species Clause: Limit one of each Pok\u00e9mon\n|rule|HP Percentage Mod: HP is shown in percentages\n|rule|Sleep Clause Mod: Limit one foe put to sleep\n|rule|Illusion Level Mod: Illusion disguises the Pok\u00e9mon's true level\n|\n|t:|1783558343\n|teamsize|p1|6\n|teamsize|p2|6\n|start\n|switch|p1a: Polteageist|Polteageist-Antique, L78|100/100\n|switch|p2a: Mimikyu|Mimikyu, L79, M|216/216\n|turn|1\n|inactive|Battle timer is ON: inactive players will automatically lose when time's up. (requested by p0x15846793)\n|inactive|Time left: 300 sec this turn | 300 sec total | 60 sec grace\n|inactive|p0y158481fb also wants the timer to be on.\n|\n|t:|1783558344\n|move|p2a: Mimikyu|Shadow Claw|p1a: Polteageist\n|-supereffective|p1a: Polteageist\n|-crit|p1a: Polteageist\n|-damage|p1a: Polteageist|0 fnt\n|faint|p1a: Polteageist\n|-damage|p2a: Mimikyu|195/216|[from] item: Life Orb\n|\n|upkeep\n|\n|t:|1783558345\n|switch|p1a: Thundurus|Thundurus, L80, M|100/100\n|turn|2\n|inactive|Time left: 300 sec this turn | 300 sec total\n|\n|t:|1783558346\n|move|p1a: Thundurus|Grass Knot|p2a: Mimikyu\n|-activate|p2a: Mimikyu|ability: Disguise\n|-damage|p2a: Mimikyu|195/216\n|detailschange|p2a: Mimikyu|Mimikyu-Busted, L79, M\n|-damage|p2a: Mimikyu|168/216|[from] pokemon: Mimikyu-Busted\n|move|p2a: Mimikyu|Swords Dance|p2a: Mimikyu\n|-boost|p2a: Mimikyu|atk|2\n|\n|upkeep\n|turn|3\n|inactive|Time left: 300 sec this turn | 300 sec total\n|\n|t:|1783558348\n|move|p1a: Thundurus|Acrobatics|p2a: Mimikyu\n|-damage|p2a: Mimikyu|26/216\n|move|p2a: Mimikyu|Play Rough|p1a: Thundurus|[miss]\n|-miss|p2a: Mimikyu|p1a: Thundurus\n|\n|upkeep\n|turn|4\n|inactive|Time left: 300 sec this turn | 300 sec total\n|\n|t:|1783558349\n|move|p2a: Mimikyu|Shadow Sneak|p1a: Thundurus\n|-damage|p1a: Thundurus|58/100\n|-damage|p2a: Mimikyu|5/216|[from] item: Life Orb\n|move|p1a: Thundurus|Thunderbolt|p2a: Mimikyu\n|-damage|p2a: Mimikyu|0 fnt\n|faint|p2a: Mimikyu\n|\n|upkeep\n|inactive|Time left: 300 sec this turn | 300 sec total | 5 sec grace\n|\n|t:|1783558351\n|switch|p2a: Oranguru|Oranguru, L92, M|315/315\n|turn|5\n|inactive|Time left: 300 sec this turn | 300 sec total\n|\n|t:|1783558352\n|move|p1a: Thundurus|U-turn|p2a: Oranguru\n|-supereffective|p2a: Oranguru\n|-damage|p2a: Oranguru|209/315\n|\n|t:|1783558353\n|switch|p1a: Frosmoth|Frosmoth, L82, M|100/100|[from] U-turn\n|move|p2a: Oranguru|Hyper Voice|p1a: Frosmoth\n|-damage|p1a: Frosmoth|70/100\n|\n|upkeep\n|turn|6\n|inactive|Time left: 300 sec this turn | 300 sec total\n|\n|t:|1783558354\n|move|p2a: Oranguru|Hyper Voice|p1a: Frosmoth\n|-damage|p1a: Frosmoth|38/100\n|move|p1a: Frosmoth|Quiver Dance|p1a: Frosmoth\n|-boost|p1a: Frosmoth|spa|1\n|-boost|p1a: Frosmoth|spd|1\n|-boost|p1a: Frosmoth|spe|1\n|\n|upkeep\n|turn|7\n|inactive|Time left: 300 sec this turn | 300 sec total\n|\n|t:|1783558356\n|switch|p2a: Araquanid|Araquanid, L82, F|246/246\n|move|p1a: Frosmoth|Ice Beam|p2a: Araquanid\n|-resisted|p2a: Araquanid\n|-damage|p2a: Araquanid|188/246\n|\n|upkeep\n|turn|8\n|inactive|Time left: 300 sec this turn | 300 sec total\n|\n|t:|1783558357\n|move|p1a: Frosmoth|Ice Beam|p2a: Araquanid\n|-resisted|p2a: Araquanid\n|-damage|p2a: Araquanid|129/246\n|move|p2a: Araquanid|Liquidation|p1a: Frosmoth\n|-damage|p1a: Frosmoth|0 fnt\n|faint|p1a: Frosmoth\n|\n|upkeep\n|\n|t:|1783558358\n|switch|p1a: Thundurus|Thundurus, L80, M|58/100\n|turn|9\n|inactive|Time left: 300 sec this turn | 300 sec total\n|\n|t:|1783558359\n|switch|p2a: Oranguru|Oranguru, L92, M|209/315\n|move|p1a: Thundurus|Thunderbolt|p2a: Oranguru\n|-damage|p2a: Oranguru|121/315\n|\n|upkeep\n|turn|10\n|inactive|Time left: 300 sec this turn | 300 sec total\n|\n|t:|1783558360\n|move|p1a: Thundurus|Acrobatics|p2a: Oranguru\n|-damage|p2a: Oranguru|10/315\n|move|p2a: Oranguru|Hyper Voice|p1a: Thundurus\n|-damage|p1a: Thundurus|0 fnt\n|faint|p1a: Thundurus\n|\n|upkeep\n|\n|t:|1783558361\n|switch|p1a: Pachirisu|Pachirisu, L96, M|100/100\n|turn|11\n|inactive|Time left: 300 sec this turn | 300 sec total\n|\n|t:|1783558362\n|switch|p2a: Hitmonchan|Hitmonchan, L87, M|229/229\n|move|p1a: Pachirisu|Discharge|p2a: Hitmonchan\n|-damage|p2a: Hitmonchan|174/229\n|\n|-heal|p2a: Hitmonchan|188/229|[from] item: Leftovers\n|upkeep\n|turn|12\n|inactive|Time left: 300 sec this turn | 300 sec total\n|\n|t:|1783558363\n|move|p1a: Pachirisu|Discharge|p2a: Hitmonchan\n|-damage|p2a: Hitmonchan|139/229\n|move|p2a: Hitmonchan|Swords Dance|p2a: Hitmonchan\n|-boost|p2a: Hitmonchan|atk|2\n|\n|-heal|p2a: Hitmonchan|153/229|[from] item: Leftovers\n|upkeep\n|turn|13\n|inactive|Time left: 300 sec this turn | 300 sec total\n|\n|t:|1783558364\n|move|p1a: Pachirisu|Encore|p2a: Hitmonchan\n|-start|p2a: Hitmonchan|Encore\n|move|p2a: Hitmonchan|Swords Dance|p2a: Hitmonchan\n|-boost|p2a: Hitmonchan|atk|2\n|\n|-heal|p2a: Hitmonchan|167/229|[from] item: Leftovers\n|upkeep\n|turn|14\n|inactive|Time left: 300 sec this turn | 300 sec total\n|\n|t:|1783558365\n|switch|p1a: Palafin|Palafin, L77, M|100/100\n|move|p2a: Hitmonchan|Swords Dance|p2a: Hitmonchan\n|-boost|p2a: Hitmonchan|atk|2\n|\n|-heal|p2a: Hitmonchan|181/229|[from] item: Leftovers\n|upkeep\n|turn|15\n|inactive|Time left: 300 sec this turn | 300 sec total\n|\n|t:|1783558366\n|switch|p2a: Iron Bundle|Iron Bundle, L78|215/215\n|move|p1a: Palafin|Wave Crash|p2a: Iron Bundle\n|-resisted|p2a: Iron Bundle\n|-damage|p2a: Iron Bundle|161/215\n|-damage|p1a: Palafin|94/100|[from] Recoil\n|\n|upkeep\n|turn|16\n|inactive|Time left: 300 sec this turn | 300 sec total\n|\n|t:|1783558367\n|detailschange|p1a: Palafin|Palafin-Hero, L77, M\n|switch|p1a: Snorlax|Snorlax, L82, F|100/100\n|move|p2a: Iron Bundle|Freeze-Dry|p1a: Snorlax\n|-damage|p1a: Snorlax|91/100\n|\n|upkeep\n|turn|17\n|inactive|Time left: 300 sec this turn | 300 sec total\n|\n|t:|1783558368\n|move|p2a: Iron Bundle|Ice Beam|p1a: Snorlax\n|-damage|p1a: Snorlax|79/100\n|move|p1a: Snorlax|Body Slam|p2a: Iron Bundle\n|-damage|p2a: Iron Bundle|85/215\n|-status|p2a: Iron Bundle|par\n|\n|upkeep\n|turn|18\n|inactive|Time left: 300 sec this turn | 300 sec total\n|\n|t:|1783558369\n|-end|p2a: Iron Bundle|Quark Drive|[silent]\n|switch|p2a: Klawf|Klawf, L90, F|272/272\n|move|p1a: Snorlax|Body Slam|p2a: Klawf\n|-resisted|p2a: Klawf\n|-damage|p2a: Klawf|239/272\n|\n|upkeep\n|turn|19\n|inactive|Time left: 300 sec this turn | 300 sec total\n|\n|t:|1783558370\n|switch|p1a: Palafin|Palafin-Hero, L77, M|94/100\n|-activate|p1a: Palafin|ability: Zero to Hero\n|move|p2a: Klawf|Knock Off|p1a: Palafin\n|-damage|p1a: Palafin|63/100\n|-enditem|p1a: Palafin|Choice Band|[from] move: Knock Off|[of] p2a: Klawf\n|\n|upkeep\n|turn|20\n|inactive|Time left: 300 sec this turn | 300 sec total\n|\n|t:|1783558371\n|switch|p2a: Araquanid|Araquanid, L82, F|129/246\n|move|p1a: Palafin|Wave Crash|p2a: Araquanid\n|-resisted|p2a: Araquanid\n|-damage|p2a: Araquanid|44/246\n|-damage|p1a: Palafin|53/100|[from] Recoil\n|\n|upkeep\n|turn|21\n|inactive|Time left: 300 sec this turn | 300 sec total\n|\n|t:|1783558372\n|move|p1a: Palafin|Wave Crash|p2a: Araquanid\n|-resisted|p2a: Araquanid\n|-damage|p2a: Araquanid|0 fnt\n|faint|p2a: Araquanid\n|-damage|p1a: Palafin|47/100|[from] Recoil\n|\n|upkeep\n|inactive|Time left: 300 sec this turn | 300 sec total | 5 sec grace\n|\n|t:|1783558373\n|switch|p2a: Hitmonchan|Hitmonchan, L87, M|181/229\n|turn|22\n|inactive|Time left: 300 sec this turn | 300 sec total\n|\n|t:|1783558373\n|move|p1a: Palafin|Wave Crash|p2a: Hitmonchan\n|-damage|p2a: Hitmonchan|21/229\n|-damage|p1a: Palafin|29/100|[from] Recoil\n|move|p2a: Hitmonchan|Drain Punch|p1a: Palafin\n|-damage|p1a: Palafin|0 fnt\n|-heal|p2a: Hitmonchan|61/229|[from] drain|[of] p1a: Palafin\n|faint|p1a: Palafin\n|\n|-heal|p2a: Hitmonchan|75/229|[from] item: Leftovers\n|upkeep\n|\n|t:|1783558374\n|switch|p1a: Snorlax|Snorlax, L82, F|79/100\n|turn|23\n|inactive|Time left: 300 sec this turn | 300 sec total\n|\n|t:|1783558375\n|-terastallize|p1a: Snorlax|Poison\n|move|p2a: Hitmonchan|Drain Punch|p1a: Snorlax\n|-resisted|p1a: Snorlax\n|-damage|p1a: Snorlax|62/100\n|-heal|p2a: Hitmonchan|108/229|[from] drain|[of] p1a: Snorlax\n|move|p1a: Snorlax|Body Slam|p2a: Hitmonchan\n|-damage|p2a: Hitmonchan|15/229\n|-status|p2a: Hitmonchan|par\n|\n|-heal|p2a: Hitmonchan|29/229 par|[from] item: Leftovers\n|upkeep\n|turn|24\n|inactive|Time left: 300 sec this turn | 300 sec total\n|\n|t:|1783558376\n|move|p1a: Snorlax|Body Slam|p2a: Hitmonchan\n|-damage|p2a: Hitmonchan|0 fnt\n|faint|p2a: Hitmonchan\n|\n|upkeep\n|inactive|Time left: 300 sec this turn | 300 sec total | 5 sec grace\n|\n|t:|1783558377\n|switch|p2a: Oranguru|Oranguru, L92, M|10/315\n|turn|25\n|inactive|Time left: 300 sec this turn | 300 sec total\n|\n|t:|1783558378\n|switch|p1a: Pachirisu|Pachirisu, L96, M|100/100\n|move|p2a: Oranguru|Psyshock|p1a: Pachirisu\n|-damage|p1a: Pachirisu|44/100\n|\n|upkeep\n|turn|26\n|inactive|Time left: 300 sec this turn | 300 sec total\n|\n|t:|1783558379\n|switch|p2a: Klawf|Klawf, L90, F|272/272\n|move|p1a: Pachirisu|Discharge|p2a: Klawf\n|-damage|p2a: Klawf|188/272\n|\n|upkeep\n|turn|27\n|inactive|Time left: 300 sec this turn | 300 sec total\n|\n|t:|1783558380\n|move|p2a: Klawf|High Horsepower|p1a: Pachirisu\n|-supereffective|p1a: Pachirisu\n|-damage|p1a: Pachirisu|0 fnt\n|faint|p1a: Pachirisu\n|\n|upkeep\n|\n|t:|1783558380\n|switch|p1a: Snorlax|Snorlax, L82, F, tera:Poison|62/100\n|turn|28\n|inactive|Time left: 300 sec this turn | 300 sec total\n|\n|t:|1783558381\n|move|p2a: Klawf|High Horsepower|p1a: Snorlax|[miss]\n|-miss|p2a: Klawf|p1a: Snorlax\n|move|p1a: Snorlax|Rest|p1a: Snorlax\n|-status|p1a: Snorlax|slp|[from] move: Rest\n|-heal|p1a: Snorlax|100/100 slp|[silent]\n|-enditem|p1a: Snorlax|Chesto Berry|[eat]\n|-curestatus|p1a: Snorlax|slp|[msg]\n|\n|upkeep\n|turn|29\n|inactive|Time left: 300 sec this turn | 300 sec total\n|\n|t:|1783558382\n|move|p2a: Klawf|High Horsepower|p1a: Snorlax\n|-supereffective|p1a: Snorlax\n|-damage|p1a: Snorlax|54/100\n|move|p1a: Snorlax|Curse|p1a: Snorlax\n|-unboost|p1a: Snorlax|spe|1\n|-boost|p1a: Snorlax|atk|1\n|-boost|p1a: Snorlax|def|1\n|\n|upkeep\n|turn|30\n|inactive|Time left: 300 sec this turn | 300 sec total\n|\n|t:|1783558383\n|move|p2a: Klawf|High Horsepower|p1a: Snorlax\n|-supereffective|p1a: Snorlax\n|-damage|p1a: Snorlax|19/100\n|move|p1a: Snorlax|Rest|p1a: Snorlax\n|-status|p1a: Snorlax|slp|[from] move: Rest\n|-heal|p1a: Snorlax|100/100 slp|[silent]\n|\n|upkeep\n|turn|31\n|inactive|Time left: 300 sec this turn | 300 sec total\n|\n|t:|1783558384\n|move|p2a: Klawf|High Horsepower|p1a: Snorlax\n|-supereffective|p1a: Snorlax\n|-damage|p1a: Snorlax|65/100 slp\n|cant|p1a: Snorlax|slp\n|\n|upkeep\n|turn|32\n|inactive|Time left: 300 sec this turn | 300 sec total\n|\n|t:|1783558385\n|move|p2a: Klawf|High Horsepower|p1a: Snorlax\n|-supereffective|p1a: Snorlax\n|-damage|p1a: Snorlax|33/100 slp\n|cant|p1a: Snorlax|slp\n|\n|upkeep\n|turn|33\n|inactive|Time left: 300 sec this turn | 300 sec total\n|\n|t:|1783558386\n|move|p2a: Klawf|High Horsepower|p1a: Snorlax|[miss]\n|-miss|p2a: Klawf|p1a: Snorlax\n|-curestatus|p1a: Snorlax|slp|[msg]\n|move|p1a: Snorlax|Rest|p1a: Snorlax\n|-status|p1a: Snorlax|slp|[from] move: Rest\n|-heal|p1a: Snorlax|100/100 slp|[silent]\n|\n|upkeep\n|turn|34\n|inactive|Time left: 300 sec this turn | 300 sec total\n|\n|t:|1783558387\n|move|p2a: Klawf|High Horsepower|p1a: Snorlax\n|-supereffective|p1a: Snorlax\n|-damage|p1a: Snorlax|66/100 slp\n|cant|p1a: Snorlax|slp\n|\n|upkeep\n|turn|35\n|inactive|Time left: 300 sec this turn | 300 sec total\n|\n|t:|1783558388\n|move|p2a: Klawf|High Horsepower|p1a: Snorlax\n|-supereffective|p1a: Snorlax\n|-damage|p1a: Snorlax|33/100 slp\n|cant|p1a: Snorlax|slp\n|\n|upkeep\n|turn|36\n|inactive|Time left: 300 sec this turn | 300 sec total\n|\n|t:|1783558389\n|move|p2a: Klawf|High Horsepower|p1a: Snorlax\n|-supereffective|p1a: Snorlax\n|-damage|p1a: Snorlax|0 fnt\n|faint|p1a: Snorlax\n|\n|win|p0y158481fb", "uploadtime": 1783558389, "views": 0, "rating": 0, "private": 0, "password": null, "_winner": "p0y158481fb", "_our_name": "p0y158481fb"}