{"id": "battle-gen9randombattle-2677", "formatid": "gen9randombattle", "format": "[Gen 9] Random Battle", "players": ["p0x2677dc19", "p0y26772b13"], "log": "|init|battle\n|title|p0x2677dc19 vs. p0y26772b13\n|j|\u2606p0x2677dc19\n|j|\u2606p0y26772b13\n|t:|1783570905\n|gametype|singles\n|player|p1|p0x2677dc19|101|\n|player|p2|p0y26772b13|265|\n|gen|9\n|tier|[Gen 9] Random Battle\n|rule|Species Clause: Limit one of each Pok\u00e9mon\n|rule|HP Percentage Mod: HP is shown in percentages\n|rule|Sleep Clause Mod: Limit one foe put to sleep\n|rule|Illusion Level Mod: Illusion disguises the Pok\u00e9mon's true level\n|\n|t:|1783570905\n|teamsize|p1|6\n|teamsize|p2|6\n|start\n|switch|p1a: Spectrier|Spectrier, L75|274/274\n|switch|p2a: Arceus|Arceus-Dragon, L71|100/100\n|turn|1\n|inactive|Battle timer is ON: inactive players will automatically lose when time's up. (requested by p0x2677dc19)\n|inactive|p0y26772b13 also wants the timer to be on.\n|\n|t:|1783570906\n|switch|p1a: Pecharunt|Pecharunt, L77|262/262\n|move|p2a: Arceus|Calm Mind|p2a: Arceus\n|-boost|p2a: Arceus|spa|1\n|-boost|p2a: Arceus|spd|1\n|\n|upkeep\n|turn|2\n|inactive|Time left: 300 sec this turn | 300 sec total\n|\n|t:|1783570907\n|move|p2a: Arceus|Judgment|p1a: Pecharunt\n|-damage|p1a: Pecharunt|72/262\n|move|p1a: Pecharunt|Parting Shot|p2a: Arceus\n|-unboost|p2a: Arceus|atk|1\n|-unboost|p2a: Arceus|spa|1\n|inactive|Time left: 300 sec this turn | 300 sec total | 5 sec grace\n|\n|t:|1783570908\n|switch|p1a: Salamence|Salamence, L77, F|273/273|[from] Parting Shot\n|-ability|p1a: Salamence|Intimidate|boost\n|-unboost|p2a: Arceus|atk|1\n|\n|upkeep\n|turn|3\n|inactive|Time left: 300 sec this turn | 300 sec total\n|\n|t:|1783570909\n|move|p2a: Arceus|Judgment|p1a: Salamence\n|-supereffective|p1a: Salamence\n|-damage|p1a: Salamence|33/273\n|move|p1a: Salamence|Outrage|p2a: Arceus\n|-supereffective|p2a: Arceus\n|-damage|p2a: Arceus|8/100\n|\n|upkeep\n|turn|4\n|inactive|Time left: 300 sec this turn | 300 sec total\n|\n|t:|1783570910\n|move|p2a: Arceus|Judgment|p1a: Salamence\n|-supereffective|p1a: Salamence\n|-damage|p1a: Salamence|0 fnt\n|faint|p1a: Salamence\n|\n|upkeep\n|inactive|Time left: 300 sec this turn | 300 sec total | 5 sec grace\n|\n|t:|1783570911\n|switch|p1a: Spectrier|Spectrier, L75|274/274\n|turn|5\n|inactive|Time left: 300 sec this turn | 300 sec total\n|\n|t:|1783570912\n|switch|p2a: Alcremie|Alcremie-Ruby-Cream, L90, F|100/100\n|move|p1a: Spectrier|Nasty Plot|p1a: Spectrier\n|-boost|p1a: Spectrier|spa|2\n|\n|upkeep\n|turn|6\n|inactive|Time left: 300 sec this turn | 300 sec total\n|\n|t:|1783570913\n|move|p1a: Spectrier|Shadow Ball|p2a: Alcremie\n|-damage|p2a: Alcremie|47/100\n|-unboost|p2a: Alcremie|spd|1\n|move|p2a: Alcremie|Calm Mind|p2a: Alcremie\n|-boost|p2a: Alcremie|spa|1\n|-boost|p2a: Alcremie|spd|1\n|\n|-heal|p2a: Alcremie|53/100|[from] item: Leftovers\n|upkeep\n|turn|7\n|inactive|Time left: 300 sec this turn | 300 sec total\n|\n|t:|1783570914\n|move|p1a: Spectrier|Shadow Ball|p2a: Alcremie\n|-damage|p2a: Alcremie|0 fnt\n|faint|p2a: Alcremie\n|-ability|p1a: Spectrier|Grim Neigh|boost\n|-boost|p1a: Spectrier|spa|1\n|\n|upkeep\n|\n|t:|1783570915\n|switch|p2a: Gardevoir|Gardevoir, L83, F|100/100\n|-ability|p2a: Gardevoir|Grim Neigh|Trace|[from] ability: Trace|[of] p1a: Spectrier\n|turn|8\n|inactive|Time left: 300 sec this turn | 300 sec total\n|\n|t:|1783570916\n|-terastallize|p2a: Gardevoir|Fairy\n|move|p2a: Gardevoir|Moonblast|p1a: Spectrier\n|-damage|p1a: Spectrier|92/274\n|-unboost|p1a: Spectrier|spa|1\n|move|p1a: Spectrier|Shadow Ball|p2a: Gardevoir\n|-crit|p2a: Gardevoir\n|-damage|p2a: Gardevoir|9/100\n|\n|-heal|p1a: Spectrier|109/274|[from] item: Leftovers\n|upkeep\n|turn|9\n|inactive|Time left: 300 sec this turn | 300 sec total\n|\n|t:|1783570917\n|switch|p1a: Magnezone|Magnezone, L85|258/258\n|move|p2a: Gardevoir|Moonblast|p1a: Magnezone\n|-resisted|p1a: Magnezone\n|-damage|p1a: Magnezone|173/258\n|-unboost|p1a: Magnezone|spa|1\n|\n|-heal|p1a: Magnezone|189/258|[from] item: Leftovers\n|upkeep\n|turn|10\n|inactive|Time left: 300 sec this turn | 300 sec total\n|\n|t:|1783570918\n|move|p2a: Gardevoir|Moonblast|p1a: Magnezone\n|-resisted|p1a: Magnezone\n|-damage|p1a: Magnezone|110/258\n|move|p1a: Magnezone|Flash Cannon|p2a: Gardevoir\n|-supereffective|p2a: Gardevoir\n|-damage|p2a: Gardevoir|0 fnt\n|faint|p2a: Gardevoir\n|\n|-heal|p1a: Magnezone|126/258|[from] item: Leftovers\n|upkeep\n|\n|t:|1783570919\n|switch|p2a: Calyrex|Calyrex-Shadow, L64|100/100\n|-ability|p2a: Calyrex|As One\n|-ability|p2a: Calyrex|Unnerve\n|turn|11\n|inactive|Time left: 300 sec this turn | 300 sec total\n|\n|t:|1783570920\n|switch|p1a: Bellibolt|Bellibolt, L84, F|320/320\n|move|p2a: Calyrex|Astral Barrage|p1a: Bellibolt\n|-damage|p1a: Bellibolt|168/320\n|-start|p1a: Bellibolt|Charge|Astral Barrage|[from] ability: Electromorphosis\n|-damage|p2a: Calyrex|91/100|[from] item: Life Orb\n|\n|-heal|p1a: Bellibolt|188/320|[from] item: Leftovers\n|upkeep\n|turn|12\n|inactive|Time left: 300 sec this turn | 300 sec total\n|\n|t:|1783570921\n|move|p2a: Calyrex|Astral Barrage|p1a: Bellibolt\n|-damage|p1a: Bellibolt|28/320\n|-start|p1a: Bellibolt|Charge|Astral Barrage|[from] ability: Electromorphosis\n|-damage|p2a: Calyrex|81/100|[from] item: Life Orb\n|move|p1a: Bellibolt|Thunderbolt|p2a: Calyrex\n|-damage|p2a: Calyrex|0 fnt\n|faint|p2a: Calyrex\n|-end|p1a: Bellibolt|Charge|[silent]\n|\n|-heal|p1a: Bellibolt|48/320|[from] item: Leftovers\n|upkeep\n|\n|t:|1783570922\n|switch|p2a: Arceus|Arceus-Dragon, L71|8/100\n|turn|13\n|inactive|Time left: 300 sec this turn | 300 sec total\n|\n|t:|1783570923\n|move|p2a: Arceus|Recover|p2a: Arceus\n|-heal|p2a: Arceus|58/100\n|move|p1a: Bellibolt|Slack Off|p1a: Bellibolt\n|-heal|p1a: Bellibolt|208/320\n|\n|-heal|p1a: Bellibolt|228/320|[from] item: Leftovers\n|upkeep\n|turn|14\n|inactive|Time left: 300 sec this turn | 300 sec total\n|\n|t:|1783570925\n|move|p2a: Arceus|Calm Mind|p2a: Arceus\n|-boost|p2a: Arceus|spa|1\n|-boost|p2a: Arceus|spd|1\n|move|p1a: Bellibolt|Volt Switch|p2a: Arceus\n|-resisted|p2a: Arceus\n|-damage|p2a: Arceus|50/100\n|inactive|Time left: 300 sec this turn | 300 sec total | 5 sec grace\n|\n|t:|1783570926\n|switch|p1a: Magnezone|Magnezone, L85|126/258|[from] Volt Switch\n|\n|-heal|p1a: Magnezone|142/258|[from] item: Leftovers\n|upkeep\n|turn|15\n|inactive|Time left: 300 sec this turn | 300 sec total\n|\n|t:|1783570927\n|switch|p1a: Bellibolt|Bellibolt, L84, F|228/320\n|move|p2a: Arceus|Fire Blast|p1a: Bellibolt|[miss]\n|-miss|p2a: Arceus|p1a: Bellibolt\n|\n|-heal|p1a: Bellibolt|248/320|[from] item: Leftovers\n|upkeep\n|turn|16\n|inactive|Time left: 300 sec this turn | 300 sec total\n|\n|t:|1783570928\n|move|p2a: Arceus|Judgment|p1a: Bellibolt\n|-damage|p1a: Bellibolt|77/320\n|-start|p1a: Bellibolt|Charge|Judgment|[from] ability: Electromorphosis\n|move|p1a: Bellibolt|Volt Switch|p2a: Arceus\n|-resisted|p2a: Arceus\n|-damage|p2a: Arceus|35/100\n|-end|p1a: Bellibolt|Charge|[silent]\n|inactive|Time left: 300 sec this turn | 300 sec total | 5 sec grace\n|\n|t:|1783570929\n|switch|p1a: Sceptile|Sceptile, L87, M|264/264|[from] Volt Switch\n|\n|upkeep\n|turn|17\n|inactive|Time left: 300 sec this turn | 300 sec total\n|\n|t:|1783570929\n|-terastallize|p1a: Sceptile|Ground\n|move|p1a: Sceptile|Earthquake|p2a: Arceus\n|-damage|p2a: Arceus|0 fnt\n|faint|p2a: Arceus\n|-damage|p1a: Sceptile|238/264|[from] item: Life Orb\n|\n|upkeep\n|\n|t:|1783570930\n|switch|p2a: Hawlucha|Hawlucha, L80, M|100/100\n|turn|18\n|inactive|Time left: 300 sec this turn | 300 sec total\n|\n|t:|1783570931\n|move|p1a: Sceptile|Shed Tail|p1a: Sceptile\n|-start|p1a: Sceptile|Substitute|[from] move: Shed Tail\n|-damage|p1a: Sceptile|106/264\n|inactive|Time left: 300 sec this turn | 300 sec total | 5 sec grace\n|\n|t:|1783570932\n|switch|p1a: Pecharunt|Pecharunt, L77|72/262|[from] Shed Tail\n|move|p2a: Hawlucha|Swords Dance|p2a: Hawlucha\n|-boost|p2a: Hawlucha|atk|2\n|\n|upkeep\n|turn|19\n|inactive|Time left: 300 sec this turn | 300 sec total\n|\n|t:|1783570933\n|move|p2a: Hawlucha|Stone Edge|p1a: Pecharunt\n|-end|p1a: Pecharunt|Substitute\n|move|p1a: Pecharunt|Malignant Chain|p2a: Hawlucha\n|-damage|p2a: Hawlucha|58/100\n|\n|upkeep\n|turn|20\n|inactive|Time left: 300 sec this turn | 300 sec total\n|\n|t:|1783570934\n|move|p2a: Hawlucha|Stone Edge|p1a: Pecharunt\n|-damage|p1a: Pecharunt|0 fnt\n|faint|p1a: Pecharunt\n|\n|upkeep\n|inactive|Time left: 300 sec this turn | 300 sec total | 5 sec grace\n|\n|t:|1783570934\n|switch|p1a: Spectrier|Spectrier, L75|109/274\n|turn|21\n|inactive|Time left: 300 sec this turn | 300 sec total\n|\n|t:|1783570935\n|move|p1a: Spectrier|Shadow Ball|p2a: Hawlucha\n|-damage|p2a: Hawlucha|7/100\n|move|p2a: Hawlucha|Stone Edge|p1a: Spectrier\n|-damage|p1a: Spectrier|0 fnt\n|faint|p1a: Spectrier\n|\n|upkeep\n|inactive|Time left: 300 sec this turn | 300 sec total | 5 sec grace\n|\n|t:|1783570936\n|switch|p1a: Sceptile|Sceptile, L87, M, tera:Ground|106/264\n|turn|22\n|inactive|Time left: 300 sec this turn | 300 sec total\n|\n|t:|1783570937\n|switch|p2a: Tentacruel|Tentacruel, L84, M|100/100\n|move|p1a: Sceptile|Rock Slide|p2a: Tentacruel\n|-damage|p2a: Tentacruel|70/100\n|-damage|p1a: Sceptile|80/264|[from] item: Life Orb\n|\n|upkeep\n|turn|23\n|inactive|Time left: 300 sec this turn | 300 sec total\n|\n|t:|1783570938\n|switch|p2a: Hawlucha|Hawlucha, L80, M|7/100\n|move|p1a: Sceptile|Earthquake|p2a: Hawlucha\n|-immune|p2a: Hawlucha\n|\n|upkeep\n|turn|24\n|inactive|Time left: 300 sec this turn | 300 sec total\n|\n|t:|1783570939\n|switch|p2a: Tentacruel|Tentacruel, L84, M|70/100\n|move|p1a: Sceptile|Leaf Storm|p2a: Tentacruel\n|-damage|p2a: Tentacruel|9/100\n|-unboost|p1a: Sceptile|spa|2\n|-damage|p1a: Sceptile|54/264|[from] item: Life Orb\n|\n|upkeep\n|turn|25\n|inactive|Time left: 300 sec this turn | 300 sec total\n|\n|t:|1783570940\n|move|p1a: Sceptile|Rock Slide|p2a: Tentacruel\n|-damage|p2a: Tentacruel|0 fnt\n|faint|p2a: Tentacruel\n|-damage|p1a: Sceptile|28/264|[from] item: Life Orb\n|\n|upkeep\n|\n|t:|1783570940\n|switch|p2a: Hawlucha|Hawlucha, L80, M|7/100\n|turn|26\n|inactive|Time left: 300 sec this turn | 300 sec total\n|\n|t:|1783570941\n|move|p1a: Sceptile|Rock Slide|p2a: Hawlucha\n|-damage|p2a: Hawlucha|0 fnt\n|faint|p2a: Hawlucha\n|-damage|p1a: Sceptile|2/264|[from] item: Life Orb\n|\n|win|p0x2677dc19", "uploadtime": 1783570941, "views": 0, "rating": 0, "private": 0, "password": null, "_winner": "p0x2677dc19", "_our_name": "p0x2677dc19"}