{"id": "battle-gen9randombattle-1544", "formatid": "gen9randombattle", "format": "[Gen 9] Random Battle", "players": ["p0x1544bd54", "p0y15442f4d"], "log": "|init|battle\n|title|p0x1544bd54 vs. p0y15442f4d\n|j|\u2606p0x1544bd54\n|j|\u2606p0y15442f4d\n|t:|1783557929\n|gametype|singles\n|player|p1|p0x1544bd54|1|\n|player|p2|p0y15442f4d|266|\n|gen|9\n|tier|[Gen 9] Random Battle\n|rule|Species Clause: Limit one of each Pok\u00e9mon\n|rule|HP Percentage Mod: HP is shown in percentages\n|rule|Sleep Clause Mod: Limit one foe put to sleep\n|rule|Illusion Level Mod: Illusion disguises the Pok\u00e9mon's true level\n|\n|t:|1783557929\n|teamsize|p1|6\n|teamsize|p2|6\n|start\n|switch|p1a: Minior|Minior-Indigo, L79|100/100\n|switch|p2a: Corviknight|Corviknight, L80, M|288/288\n|-formechange|p1a: Minior|Minior-Meteor||[from] ability: Shields Down\n|turn|1\n|inactive|Battle timer is ON: inactive players will automatically lose when time's up. (requested by p0x1544bd54)\n|inactive|Time left: 300 sec this turn | 300 sec total | 60 sec grace\n|inactive|p0y15442f4d also wants the timer to be on.\n|\n|t:|1783557931\n|switch|p2a: Baxcalibur|Baxcalibur, L75, F|295/295\n|move|p1a: Minior|Shell Smash|p1a: Minior\n|-unboost|p1a: Minior|def|1\n|-unboost|p1a: Minior|spd|1\n|-boost|p1a: Minior|atk|2\n|-boost|p1a: Minior|spa|2\n|-boost|p1a: Minior|spe|2\n|-enditem|p1a: Minior|White Herb\n|-clearnegativeboost|p1a: Minior|[silent]\n|\n|upkeep\n|turn|2\n|inactive|Time left: 300 sec this turn | 300 sec total\n|\n|t:|1783557932\n|-terastallize|p1a: Minior|Water\n|move|p1a: Minior|Acrobatics|p2a: Baxcalibur\n|-crit|p2a: Baxcalibur\n|-damage|p2a: Baxcalibur|67/295\n|move|p2a: Baxcalibur|Icicle Spear|p1a: Minior\n|-resisted|p1a: Minior\n|-damage|p1a: Minior|94/100\n|-resisted|p1a: Minior\n|-damage|p1a: Minior|88/100\n|-resisted|p1a: Minior\n|-damage|p1a: Minior|82/100\n|-resisted|p1a: Minior\n|-damage|p1a: Minior|75/100\n|-resisted|p1a: Minior\n|-damage|p1a: Minior|70/100\n|-hitcount|p1a: Minior|5\n|\n|upkeep\n|turn|3\n|inactive|Time left: 300 sec this turn | 300 sec total\n|\n|t:|1783557933\n|switch|p2a: Corviknight|Corviknight, L80, M|288/288\n|move|p1a: Minior|Power Gem|p2a: Corviknight\n|-damage|p2a: Corviknight|164/288\n|\n|-heal|p2a: Corviknight|182/288|[from] item: Leftovers\n|upkeep\n|turn|4\n|inactive|Time left: 300 sec this turn | 300 sec total\n|\n|t:|1783557934\n|move|p1a: Minior|Power Gem|p2a: Corviknight\n|-damage|p2a: Corviknight|73/288\n|move|p2a: Corviknight|Roost|p2a: Corviknight\n|-heal|p2a: Corviknight|217/288\n|-singleturn|p2a: Corviknight|move: Roost\n|\n|-heal|p2a: Corviknight|235/288|[from] item: Leftovers\n|upkeep\n|turn|5\n|inactive|Time left: 300 sec this turn | 300 sec total\n|\n|t:|1783557935\n|move|p1a: Minior|Power Gem|p2a: Corviknight\n|-damage|p2a: Corviknight|111/288\n|move|p2a: Corviknight|Brave Bird|p1a: Minior\n|-damage|p1a: Minior|25/100\n|-damage|p2a: Corviknight|78/288|[from] Recoil\n|\n|-heal|p2a: Corviknight|96/288|[from] item: Leftovers\n|-formechange|p1a: Minior|Minior-Indigo||[from] ability: Shields Down\n|upkeep\n|turn|6\n|inactive|Time left: 300 sec this turn | 300 sec total\n|\n|t:|1783557936\n|move|p1a: Minior|Power Gem|p2a: Corviknight\n|-damage|p2a: Corviknight|0 fnt\n|faint|p2a: Corviknight\n|\n|upkeep\n|inactive|Time left: 300 sec this turn | 300 sec total | 5 sec grace\n|\n|t:|1783557937\n|switch|p2a: Snorlax|Snorlax, L82, M|397/397\n|turn|7\n|inactive|Time left: 300 sec this turn | 300 sec total\n|\n|t:|1783557938\n|move|p1a: Minior|Acrobatics|p2a: Snorlax\n|-damage|p2a: Snorlax|145/397\n|move|p2a: Snorlax|Crunch|p1a: Minior\n|-damage|p1a: Minior|0 fnt\n|faint|p1a: Minior\n|\n|-heal|p2a: Snorlax|169/397|[from] item: Leftovers\n|upkeep\n|\n|t:|1783557939\n|switch|p1a: Bruxish|Bruxish, L85, M|100/100\n|turn|8\n|inactive|Time left: 300 sec this turn | 300 sec total\n|\n|t:|1783557940\n|switch|p2a: Araquanid|Araquanid, L82, F|246/246\n|move|p1a: Bruxish|Psychic Fangs|p2a: Araquanid\n|-damage|p2a: Araquanid|50/246\n|-damage|p1a: Bruxish|91/100|[from] item: Life Orb\n|\n|upkeep\n|turn|9\n|inactive|Time left: 300 sec this turn | 300 sec total\n|\n|t:|1783557941\n|move|p1a: Bruxish|Psychic Fangs|p2a: Araquanid\n|-damage|p2a: Araquanid|0 fnt\n|faint|p2a: Araquanid\n|-damage|p1a: Bruxish|81/100|[from] item: Life Orb\n|\n|upkeep\n|inactive|Time left: 300 sec this turn | 300 sec total | 5 sec grace\n|\n|t:|1783557942\n|switch|p2a: Hypno|Hypno, L95, F|315/315\n|turn|10\n|inactive|Time left: 300 sec this turn | 300 sec total\n|\n|t:|1783557943\n|move|p1a: Bruxish|Swords Dance|p1a: Bruxish\n|-boost|p1a: Bruxish|atk|2\n|move|p2a: Hypno|Toxic|p1a: Bruxish\n|-status|p1a: Bruxish|tox\n|\n|-damage|p1a: Bruxish|75/100 tox|[from] psn\n|upkeep\n|turn|11\n|inactive|Time left: 300 sec this turn | 300 sec total\n|\n|t:|1783557944\n|move|p2a: Hypno|Protect|p2a: Hypno\n|-singleturn|p2a: Hypno|Protect\n|move|p1a: Bruxish|Crunch|p2a: Hypno\n|-activate|p2a: Hypno|move: Protect\n|\n|-damage|p1a: Bruxish|63/100 tox|[from] psn\n|upkeep\n|turn|12\n|inactive|Time left: 300 sec this turn | 300 sec total\n|\n|t:|1783557945\n|switch|p2a: Baxcalibur|Baxcalibur, L75, F|67/295\n|move|p1a: Bruxish|Crunch|p2a: Baxcalibur\n|-damage|p2a: Baxcalibur|0 fnt\n|faint|p2a: Baxcalibur\n|-damage|p1a: Bruxish|53/100 tox|[from] item: Life Orb\n|\n|-damage|p1a: Bruxish|36/100 tox|[from] psn\n|upkeep\n|inactive|Time left: 300 sec this turn | 300 sec total | 5 sec grace\n|\n|t:|1783557946\n|switch|p2a: Hypno|Hypno, L95, F|315/315\n|turn|13\n|inactive|Time left: 300 sec this turn | 300 sec total\n|\n|t:|1783557947\n|move|p2a: Hypno|Protect|p2a: Hypno\n|-singleturn|p2a: Hypno|Protect\n|move|p1a: Bruxish|Crunch|p2a: Hypno\n|-activate|p2a: Hypno|move: Protect\n|\n|-damage|p1a: Bruxish|12/100 tox|[from] psn\n|upkeep\n|turn|14\n|inactive|Time left: 300 sec this turn | 300 sec total\n|\n|t:|1783557948\n|switch|p2a: Snorlax|Snorlax, L82, M|169/397\n|move|p1a: Bruxish|Wave Crash|p2a: Snorlax\n|-damage|p2a: Snorlax|0 fnt\n|faint|p2a: Snorlax\n|-damage|p1a: Bruxish|0 fnt|[from] Recoil\n|faint|p1a: Bruxish\n|\n|upkeep\n|inactive|Time left: 300 sec this turn | 300 sec total | 5 sec grace\n|\n|t:|1783557949\n|switch|p1a: Minun|Minun, L95, M|100/100\n|switch|p2a: Dragalge|Dragalge, L88, M|258/258\n|turn|15\n|inactive|Time left: 300 sec this turn | 300 sec total\n|\n|t:|1783557950\n|switch|p1a: Masquerain|Masquerain, L87, F|100/100\n|-ability|p1a: Masquerain|Intimidate|boost\n|-unboost|p2a: Dragalge|atk|1\n|move|p2a: Dragalge|Sludge Wave|p1a: Masquerain\n|-damage|p1a: Masquerain|44/100\n|\n|upkeep\n|turn|16\n|inactive|Time left: 300 sec this turn | 300 sec total\n|\n|t:|1783557951\n|move|p1a: Masquerain|Quiver Dance|p1a: Masquerain\n|-boost|p1a: Masquerain|spa|1\n|-boost|p1a: Masquerain|spd|1\n|-boost|p1a: Masquerain|spe|1\n|move|p2a: Dragalge|Sludge Wave|p1a: Masquerain\n|-damage|p1a: Masquerain|6/100\n|\n|upkeep\n|turn|17\n|inactive|Time left: 300 sec this turn | 300 sec total\n|\n|t:|1783557952\n|move|p1a: Masquerain|Hurricane|p2a: Dragalge\n|-damage|p2a: Dragalge|164/258\n|move|p2a: Dragalge|Sludge Wave|p1a: Masquerain\n|-damage|p1a: Masquerain|0 fnt\n|faint|p1a: Masquerain\n|\n|upkeep\n|\n|t:|1783557953\n|switch|p1a: Arcanine|Arcanine-Hisui, L79, F|100/100\n|turn|18\n|inactive|Time left: 300 sec this turn | 300 sec total\n|\n|t:|1783557954\n|-terastallize|p2a: Dragalge|Fighting\n|move|p1a: Arcanine|Flare Blitz|p2a: Dragalge\n|-damage|p2a: Dragalge|47/258\n|move|p2a: Dragalge|Focus Blast|p1a: Arcanine\n|-supereffective|p1a: Arcanine\n|-damage|p1a: Arcanine|0 fnt\n|faint|p1a: Arcanine\n|\n|upkeep\n|\n|t:|1783557955\n|switch|p1a: Sawsbuck|Sawsbuck-Summer, L88, F|100/100\n|turn|19\n|inactive|Time left: 300 sec this turn | 300 sec total\n|\n|t:|1783557955\n|move|p1a: Sawsbuck|Horn Leech|p2a: Dragalge\n|-damage|p2a: Dragalge|0 fnt\n|faint|p2a: Dragalge\n|-damage|p1a: Sawsbuck|91/100|[from] item: Life Orb\n|\n|upkeep\n|inactive|Time left: 300 sec this turn | 300 sec total | 5 sec grace\n|\n|t:|1783557956\n|switch|p2a: Hypno|Hypno, L95, F|315/315\n|turn|20\n|inactive|Time left: 300 sec this turn | 300 sec total\n|\n|t:|1783557957\n|move|p1a: Sawsbuck|Swords Dance|p1a: Sawsbuck\n|-boost|p1a: Sawsbuck|atk|2\n|move|p2a: Hypno|Focus Blast|p1a: Sawsbuck\n|-supereffective|p1a: Sawsbuck\n|-damage|p1a: Sawsbuck|17/100\n|\n|upkeep\n|turn|21\n|inactive|Time left: 300 sec this turn | 300 sec total\n|\n|t:|1783557958\n|move|p2a: Hypno|Protect|p2a: Hypno\n|-singleturn|p2a: Hypno|Protect\n|move|p1a: Sawsbuck|Horn Leech|p2a: Hypno\n|-activate|p2a: Hypno|move: Protect\n|\n|upkeep\n|turn|22\n|inactive|Time left: 300 sec this turn | 300 sec total\n|\n|t:|1783557959\n|move|p1a: Sawsbuck|Horn Leech|p2a: Hypno\n|-damage|p2a: Hypno|54/315\n|-heal|p1a: Sawsbuck|63/100|[from] drain|[of] p2a: Hypno\n|-damage|p1a: Sawsbuck|53/100|[from] item: Life Orb\n|move|p2a: Hypno|Focus Blast|p1a: Sawsbuck|[miss]\n|-miss|p2a: Hypno|p1a: Sawsbuck\n|\n|-heal|p2a: Hypno|73/315|[from] item: Leftovers\n|upkeep\n|turn|23\n|inactive|Time left: 300 sec this turn | 300 sec total\n|\n|t:|1783557960\n|move|p2a: Hypno|Protect|p2a: Hypno\n|-singleturn|p2a: Hypno|Protect\n|move|p1a: Sawsbuck|Horn Leech|p2a: Hypno\n|-activate|p2a: Hypno|move: Protect\n|\n|-heal|p2a: Hypno|92/315|[from] item: Leftovers\n|upkeep\n|turn|24\n|inactive|Time left: 300 sec this turn | 300 sec total\n|\n|t:|1783557961\n|move|p1a: Sawsbuck|Headbutt|p2a: Hypno\n|-damage|p2a: Hypno|0 fnt\n|faint|p2a: Hypno\n|-damage|p1a: Sawsbuck|43/100|[from] item: Life Orb\n|\n|win|p0x1544bd54", "uploadtime": 1783557961, "views": 0, "rating": 0, "private": 0, "password": null, "_winner": "p0x1544bd54", "_our_name": "p0y15442f4d"}