{"id": "battle-gen9randombattle-1002", "formatid": "gen9randombattle", "format": "[Gen 9] Random Battle", "players": ["p0x1002c594", "p0y1002f4bc"], "log": "|init|battle\n|title|p0x1002c594 vs. p0y1002f4bc\n|j|\u2606p0x1002c594\n|j|\u2606p0y1002f4bc\n|t:|1783551529\n|gametype|singles\n|player|p1|p0x1002c594|1|\n|player|p2|p0y1002f4bc|170|\n|gen|9\n|tier|[Gen 9] Random Battle\n|rule|Species Clause: Limit one of each Pok\u00e9mon\n|rule|HP Percentage Mod: HP is shown in percentages\n|rule|Sleep Clause Mod: Limit one foe put to sleep\n|rule|Illusion Level Mod: Illusion disguises the Pok\u00e9mon's true level\n|\n|t:|1783551529\n|teamsize|p1|6\n|teamsize|p2|6\n|start\n|switch|p1a: Regidrago|Regidrago, L77|100/100\n|switch|p2a: Perrserker|Perrserker, L89, F|269/269\n|turn|1\n|inactive|Battle timer is ON: inactive players will automatically lose when time's up. (requested by p0y1002f4bc)\n|inactive|p0x1002c594 also wants the timer to be on.\n|\n|t:|1783551530\n|move|p1a: Regidrago|Dragon Energy|p2a: Perrserker\n|-resisted|p2a: Perrserker\n|-damage|p2a: Perrserker|138/269\n|move|p2a: Perrserker|Iron Head|p1a: Regidrago\n|-damage|p1a: Regidrago|39/100\n|-damage|p2a: Perrserker|112/269|[from] item: Life Orb\n|\n|upkeep\n|turn|2\n|inactive|Time left: 300 sec this turn | 300 sec total\n|\n|t:|1783551532\n|move|p1a: Regidrago|Dragon Energy|p2a: Perrserker\n|-resisted|p2a: Perrserker\n|-damage|p2a: Perrserker|64/269\n|move|p2a: Perrserker|Stealth Rock|p1a: Regidrago\n|-sidestart|p1: p0x1002c594|move: Stealth Rock\n|\n|upkeep\n|turn|3\n|inactive|Time left: 300 sec this turn | 300 sec total\n|\n|t:|1783551532\n|move|p1a: Regidrago|Dragon Energy|p2a: Perrserker\n|-resisted|p2a: Perrserker\n|-damage|p2a: Perrserker|14/269\n|move|p2a: Perrserker|Iron Head|p1a: Regidrago\n|-damage|p1a: Regidrago|0 fnt\n|faint|p1a: Regidrago\n|-damage|p2a: Perrserker|0 fnt|[from] item: Life Orb\n|faint|p2a: Perrserker\n|\n|upkeep\n|inactive|Time left: 300 sec this turn | 300 sec total | 5 sec grace\n|\n|t:|1783551533\n|switch|p1a: Perrserker|Perrserker, L89, F|100/100\n|switch|p2a: Necrozma|Necrozma, L80|286/286\n|-damage|p1a: Perrserker|95/100|[from] Stealth Rock\n|turn|4\n|inactive|Time left: 300 sec this turn | 300 sec total\n|\n|t:|1783551534\n|move|p2a: Necrozma|Earthquake|p1a: Perrserker\n|-supereffective|p1a: Perrserker\n|-damage|p1a: Perrserker|34/100\n|-damage|p2a: Necrozma|258/286|[from] item: Life Orb\n|move|p1a: Perrserker|Knock Off|p2a: Necrozma\n|-supereffective|p2a: Necrozma\n|-damage|p2a: Necrozma|42/286\n|-enditem|p2a: Necrozma|Life Orb|[from] move: Knock Off|[of] p1a: Perrserker\n|-damage|p1a: Perrserker|24/100|[from] item: Life Orb\n|\n|upkeep\n|turn|5\n|inactive|Time left: 300 sec this turn | 300 sec total\n|\n|t:|1783551535\n|switch|p1a: Incineroar|Incineroar, L82, M|100/100\n|-ability|p1a: Incineroar|Intimidate|boost\n|-unboost|p2a: Necrozma|atk|1\n|move|p2a: Necrozma|Photon Geyser|p1a: Incineroar\n|-immune|p1a: Incineroar\n|\n|upkeep\n|turn|6\n|inactive|Time left: 300 sec this turn | 300 sec total\n|\n|t:|1783551536\n|move|p2a: Necrozma|Earthquake|p1a: Incineroar\n|-supereffective|p1a: Incineroar\n|-damage|p1a: Incineroar|67/100\n|move|p1a: Incineroar|Swords Dance|p1a: Incineroar\n|-boost|p1a: Incineroar|atk|2\n|\n|upkeep\n|turn|7\n|inactive|Time left: 300 sec this turn | 300 sec total\n|\n|t:|1783551537\n|move|p2a: Necrozma|Earthquake|p1a: Incineroar\n|-supereffective|p1a: Incineroar\n|-damage|p1a: Incineroar|35/100\n|move|p1a: Incineroar|Trailblaze|p2a: Necrozma\n|-damage|p2a: Necrozma|0 fnt\n|-boost|p1a: Incineroar|spe|1\n|faint|p2a: Necrozma\n|\n|upkeep\n|inactive|Time left: 300 sec this turn | 300 sec total | 5 sec grace\n|\n|t:|1783551538\n|switch|p2a: Decidueye|Decidueye-Hisui, L87, F|295/295\n|turn|8\n|inactive|Time left: 300 sec this turn | 300 sec total\n|\n|t:|1783551539\n|-terastallize|p2a: Decidueye|Water\n|move|p1a: Incineroar|Flare Blitz|p2a: Decidueye\n|-resisted|p2a: Decidueye\n|-damage|p2a: Decidueye|153/295\n|-status|p2a: Decidueye|brn\n|-damage|p1a: Incineroar|19/100|[from] Recoil\n|move|p2a: Decidueye|Triple Arrows|p1a: Incineroar\n|-supereffective|p1a: Incineroar\n|-damage|p1a: Incineroar|0 fnt\n|faint|p1a: Incineroar\n|\n|-heal|p2a: Decidueye|171/295 brn|[from] item: Leftovers\n|-damage|p2a: Decidueye|153/295 brn|[from] brn\n|upkeep\n|\n|t:|1783551540\n|switch|p1a: Minun|Minun, L95, F|100/100\n|-damage|p1a: Minun|88/100|[from] Stealth Rock\n|turn|9\n|inactive|Time left: 300 sec this turn | 300 sec total\n|\n|t:|1783551541\n|move|p1a: Minun|Nasty Plot|p1a: Minun\n|-boost|p1a: Minun|spa|2\n|move|p2a: Decidueye|Triple Arrows|p1a: Minun\n|-damage|p1a: Minun|59/100\n|-unboost|p1a: Minun|def|1\n|\n|-heal|p2a: Decidueye|171/295 brn|[from] item: Leftovers\n|-damage|p2a: Decidueye|153/295 brn|[from] brn\n|upkeep\n|turn|10\n|inactive|Time left: 300 sec this turn | 300 sec total\n|\n|t:|1783551542\n|move|p1a: Minun|Thunderbolt|p2a: Decidueye\n|-supereffective|p2a: Decidueye\n|-damage|p2a: Decidueye|0 fnt\n|faint|p2a: Decidueye\n|-damage|p1a: Minun|50/100|[from] item: Life Orb\n|\n|upkeep\n|inactive|Time left: 300 sec this turn | 300 sec total | 5 sec grace\n|\n|t:|1783551543\n|switch|p2a: Rillaboom|Rillaboom, L79, M|288/288\n|-fieldstart|move: Grassy Terrain|[from] ability: Grassy Surge|[of] p2a: Rillaboom\n|turn|11\n|inactive|Time left: 300 sec this turn | 300 sec total\n|\n|t:|1783551544\n|switch|p1a: Wigglytuff|Wigglytuff, L96, F|100/100\n|-damage|p1a: Wigglytuff|88/100|[from] Stealth Rock\n|move|p2a: Rillaboom|Grassy Glide|p1a: Wigglytuff\n|-damage|p1a: Wigglytuff|56/100\n|-damage|p2a: Rillaboom|260/288|[from] item: Life Orb\n|\n|-heal|p2a: Rillaboom|278/288|[from] Grassy Terrain\n|-heal|p1a: Wigglytuff|62/100|[from] Grassy Terrain\n|-heal|p1a: Wigglytuff|68/100|[from] item: Leftovers\n|upkeep\n|turn|12\n|inactive|Time left: 300 sec this turn | 300 sec total\n|\n|t:|1783551545\n|-terastallize|p1a: Wigglytuff|Poison\n|move|p2a: Rillaboom|Wood Hammer|p1a: Wigglytuff\n|-resisted|p1a: Wigglytuff\n|-crit|p1a: Wigglytuff\n|-damage|p1a: Wigglytuff|12/100\n|-damage|p2a: Rillaboom|200/288|[from] Recoil\n|-damage|p2a: Rillaboom|172/288|[from] item: Life Orb\n|move|p1a: Wigglytuff|Fire Blast|p2a: Rillaboom|[miss]\n|-miss|p1a: Wigglytuff|p2a: Rillaboom\n|\n|-heal|p2a: Rillaboom|190/288|[from] Grassy Terrain\n|-heal|p1a: Wigglytuff|18/100|[from] Grassy Terrain\n|-heal|p1a: Wigglytuff|25/100|[from] item: Leftovers\n|upkeep\n|turn|13\n|inactive|Time left: 300 sec this turn | 300 sec total\n|\n|t:|1783551547\n|move|p2a: Rillaboom|High Horsepower|p1a: Wigglytuff\n|-supereffective|p1a: Wigglytuff\n|-damage|p1a: Wigglytuff|0 fnt\n|faint|p1a: Wigglytuff\n|-damage|p2a: Rillaboom|162/288|[from] item: Life Orb\n|\n|-heal|p2a: Rillaboom|180/288|[from] Grassy Terrain\n|upkeep\n|\n|t:|1783551547\n|switch|p1a: Perrserker|Perrserker, L89, F|24/100\n|-damage|p1a: Perrserker|18/100|[from] Stealth Rock\n|turn|14\n|inactive|Time left: 300 sec this turn | 300 sec total\n|\n|t:|1783551549\n|move|p2a: Rillaboom|Wood Hammer|p1a: Perrserker\n|-resisted|p1a: Perrserker\n|-damage|p1a: Perrserker|0 fnt\n|faint|p1a: Perrserker\n|-damage|p2a: Rillaboom|164/288|[from] Recoil\n|-damage|p2a: Rillaboom|136/288|[from] item: Life Orb\n|\n|-heal|p2a: Rillaboom|154/288|[from] Grassy Terrain\n|upkeep\n|\n|t:|1783551549\n|switch|p1a: Minun|Minun, L95, F|50/100\n|-damage|p1a: Minun|37/100|[from] Stealth Rock\n|turn|15\n|inactive|Time left: 300 sec this turn | 300 sec total\n|\n|t:|1783551550\n|move|p2a: Rillaboom|Grassy Glide|p1a: Minun\n|-damage|p1a: Minun|0 fnt\n|faint|p1a: Minun\n|-damage|p2a: Rillaboom|126/288|[from] item: Life Orb\n|\n|-heal|p2a: Rillaboom|144/288|[from] Grassy Terrain\n|-fieldend|move: Grassy Terrain\n|upkeep\n|\n|t:|1783551551\n|switch|p1a: Hoopa|Hoopa-Unbound, L80|100/100\n|-damage|p1a: Hoopa|88/100|[from] Stealth Rock\n|turn|16\n|inactive|Time left: 300 sec this turn | 300 sec total\n|\n|t:|1783551552\n|move|p2a: Rillaboom|Wood Hammer|p1a: Hoopa\n|-damage|p1a: Hoopa|0 fnt\n|faint|p1a: Hoopa\n|-damage|p2a: Rillaboom|69/288|[from] Recoil\n|-damage|p2a: Rillaboom|41/288|[from] item: Life Orb\n|\n|win|p0y1002f4bc", "uploadtime": 1783551552, "views": 0, "rating": 0, "private": 0, "password": null, "_winner": "p0y1002f4bc", "_our_name": "p0y1002f4bc"}