{"id": "battle-gen9randombattle-1480", "formatid": "gen9randombattle", "format": "[Gen 9] Random Battle", "players": ["p0x1480d903", "p0y1480b92e"], "log": "|init|battle\n|title|p0x1480d903 vs. p0y1480b92e\n|j|\u2606p0x1480d903\n|j|\u2606p0y1480b92e\n|t:|1783557218\n|gametype|singles\n|player|p1|p0x1480d903|2|\n|player|p2|p0y1480b92e|265|\n|gen|9\n|tier|[Gen 9] Random Battle\n|rule|Species Clause: Limit one of each Pok\u00e9mon\n|rule|HP Percentage Mod: HP is shown in percentages\n|rule|Sleep Clause Mod: Limit one foe put to sleep\n|rule|Illusion Level Mod: Illusion disguises the Pok\u00e9mon's true level\n|\n|t:|1783557218\n|teamsize|p1|6\n|teamsize|p2|6\n|start\n|switch|p1a: Dudunsparce|Dudunsparce-Three-Segment, L83, F|343/343\n|switch|p2a: Bombirdier|Bombirdier, L85, M|100/100\n|turn|1\n|inactive|Battle timer is ON: inactive players will automatically lose when time's up. (requested by p0y1480b92e)\n|inactive|p0x1480d903 also wants the timer to be on.\n|\n|t:|1783557219\n|move|p2a: Bombirdier|Knock Off|p1a: Dudunsparce\n|-damage|p1a: Dudunsparce|231/343\n|-ability|p1a: Dudunsparce|Rattled|boost\n|-boost|p1a: Dudunsparce|spe|1\n|-enditem|p1a: Dudunsparce|Leftovers|[from] move: Knock Off|[of] p2a: Bombirdier\n|move|p1a: Dudunsparce|Boomburst|p2a: Bombirdier\n|-damage|p2a: Bombirdier|45/100\n|\n|upkeep\n|turn|2\n|inactive|Time left: 300 sec this turn | 300 sec total | 60 sec grace\n|\n|t:|1783557220\n|switch|p2a: Ceruledge|Ceruledge, L78, F|100/100\n|move|p1a: Dudunsparce|Boomburst|p2a: Ceruledge\n|-immune|p2a: Ceruledge\n|\n|upkeep\n|turn|3\n|inactive|Time left: 300 sec this turn | 300 sec total\n|\n|t:|1783557222\n|move|p1a: Dudunsparce|Roost|p1a: Dudunsparce\n|-heal|p1a: Dudunsparce|343/343\n|-singleturn|p1a: Dudunsparce|move: Roost\n|move|p2a: Ceruledge|Swords Dance|p2a: Ceruledge\n|-boost|p2a: Ceruledge|atk|2\n|\n|upkeep\n|turn|4\n|inactive|Time left: 300 sec this turn | 300 sec total\n|\n|t:|1783557223\n|move|p1a: Dudunsparce|Earthquake|p2a: Ceruledge\n|-supereffective|p2a: Ceruledge\n|-damage|p2a: Ceruledge|30/100\n|-ability|p2a: Ceruledge|Weak Armor|boost\n|-unboost|p2a: Ceruledge|def|1\n|-boost|p2a: Ceruledge|spe|2\n|move|p2a: Ceruledge|Bitter Blade|p1a: Dudunsparce\n|-damage|p1a: Dudunsparce|135/343\n|-heal|p2a: Ceruledge|73/100|[from] drain|[of] p1a: Dudunsparce\n|\n|upkeep\n|turn|5\n|inactive|Time left: 300 sec this turn | 300 sec total\n|\n|t:|1783557224\n|move|p2a: Ceruledge|Bitter Blade|p1a: Dudunsparce\n|-damage|p1a: Dudunsparce|0 fnt\n|-heal|p2a: Ceruledge|100/100|[from] drain|[of] p1a: Dudunsparce\n|faint|p1a: Dudunsparce\n|\n|upkeep\n|inactive|Time left: 300 sec this turn | 300 sec total | 5 sec grace\n|\n|t:|1783557225\n|switch|p1a: Lycanroc|Lycanroc-Dusk, L81, F|254/254\n|turn|6\n|inactive|Time left: 300 sec this turn | 300 sec total\n|\n|t:|1783557226\n|move|p1a: Lycanroc|Accelerock|p2a: Ceruledge\n|-supereffective|p2a: Ceruledge\n|-damage|p2a: Ceruledge|0 fnt\n|faint|p2a: Ceruledge\n|\n|upkeep\n|\n|t:|1783557227\n|switch|p2a: Donphan|Donphan, L84, M|100/100\n|turn|7\n|inactive|Time left: 300 sec this turn | 300 sec total\n|\n|t:|1783557228\n|switch|p1a: Golduck|Golduck, L90, F|290/290\n|-ability|p1a: Golduck|Cloud Nine\n|move|p2a: Donphan|Ice Spinner|p1a: Golduck\n|-resisted|p1a: Golduck\n|-damage|p1a: Golduck|255/290\n|\n|-heal|p1a: Golduck|273/290|[from] item: Leftovers\n|upkeep\n|turn|8\n|inactive|Time left: 300 sec this turn | 300 sec total\n|\n|t:|1783557229\n|switch|p2a: Quaquaval|Quaquaval, L79, F|100/100\n|move|p1a: Golduck|Nasty Plot|p1a: Golduck\n|-boost|p1a: Golduck|spa|2\n|\n|-heal|p1a: Golduck|290/290|[from] item: Leftovers\n|upkeep\n|turn|9\n|inactive|Time left: 300 sec this turn | 300 sec total\n|\n|t:|1783557230\n|switch|p2a: Sunflora|Sunflora, F|100/100\n|move|p1a: Golduck|Grass Knot|p2a: Sunflora\n|-resisted|p2a: Sunflora\n|-damage|p2a: Sunflora|96/100\n|\n|upkeep\n|turn|10\n|inactive|Time left: 300 sec this turn | 300 sec total\n|\n|t:|1783557231\n|move|p1a: Golduck|Ice Beam|p2a: Sunflora\n|-supereffective|p2a: Sunflora\n|-damage|p2a: Sunflora|18/100\n|move|p2a: Sunflora|Solar Beam||[still]\n|-prepare|p2a: Sunflora|Solar Beam\n|\n|upkeep\n|turn|11\n|inactive|Time left: 300 sec this turn | 300 sec total\n|\n|t:|1783557232\n|move|p1a: Golduck|Ice Beam|p2a: Sunflora\n|-supereffective|p2a: Sunflora\n|-damage|p2a: Sunflora|0 fnt\n|faint|p2a: Sunflora\n|\n|upkeep\n|\n|t:|1783557233\n|switch|p2a: Forretress|Forretress, L84, F|100/100\n|turn|12\n|inactive|Time left: 300 sec this turn | 300 sec total\n|\n|t:|1783557234\n|move|p1a: Golduck|Hydro Pump|p2a: Forretress\n|-ability|p2a: Forretress|Sturdy\n|-damage|p2a: Forretress|1/100\n|move|p2a: Forretress|Thunder Wave|p1a: Golduck\n|-status|p1a: Golduck|par\n|\n|-heal|p2a: Forretress|7/100|[from] item: Leftovers\n|upkeep\n|turn|13\n|inactive|Time left: 300 sec this turn | 300 sec total\n|\n|t:|1783557236\n|move|p2a: Forretress|Spikes|p1a: Golduck\n|-sidestart|p1: p0x1480d903|Spikes\n|move|p1a: Golduck|Grass Knot|p2a: Forretress\n|-resisted|p2a: Forretress\n|-damage|p2a: Forretress|0 fnt\n|faint|p2a: Forretress\n|\n|upkeep\n|\n|t:|1783557237\n|switch|p2a: Bombirdier|Bombirdier, L85, M|45/100\n|turn|14\n|inactive|Time left: 300 sec this turn | 300 sec total\n|\n|t:|1783557237\n|move|p2a: Bombirdier|Knock Off|p1a: Golduck\n|-damage|p1a: Golduck|185/290 par\n|-enditem|p1a: Golduck|Leftovers|[from] move: Knock Off|[of] p2a: Bombirdier\n|move|p1a: Golduck|Hydro Pump|p2a: Bombirdier|[miss]\n|-miss|p1a: Golduck|p2a: Bombirdier\n|\n|upkeep\n|turn|15\n|inactive|Time left: 300 sec this turn | 300 sec total\n|\n|t:|1783557238\n|move|p2a: Bombirdier|Brave Bird|p1a: Golduck\n|-damage|p1a: Golduck|50/290 par\n|-damage|p2a: Bombirdier|27/100|[from] Recoil\n|cant|p1a: Golduck|par\n|\n|upkeep\n|turn|16\n|inactive|Time left: 300 sec this turn | 300 sec total\n|\n|t:|1783557239\n|move|p2a: Bombirdier|Knock Off|p1a: Golduck\n|-damage|p1a: Golduck|0 fnt\n|faint|p1a: Golduck\n|\n|upkeep\n|inactive|Time left: 300 sec this turn | 300 sec total | 5 sec grace\n|\n|t:|1783557240\n|switch|p1a: Lycanroc|Lycanroc-Dusk, L81, F|254/254\n|-damage|p1a: Lycanroc|223/254|[from] Spikes\n|turn|17\n|inactive|Time left: 300 sec this turn | 300 sec total\n|\n|t:|1783557241\n|move|p1a: Lycanroc|Close Combat|p2a: Bombirdier\n|-damage|p2a: Bombirdier|0 fnt\n|-unboost|p1a: Lycanroc|def|1\n|-unboost|p1a: Lycanroc|spd|1\n|faint|p2a: Bombirdier\n|\n|upkeep\n|\n|t:|1783557241\n|switch|p2a: Donphan|Donphan, L84, M|100/100\n|turn|18\n|inactive|Time left: 300 sec this turn | 300 sec total\n|\n|t:|1783557242\n|move|p1a: Lycanroc|Close Combat|p2a: Donphan\n|-damage|p2a: Donphan|52/100\n|-unboost|p1a: Lycanroc|def|1\n|-unboost|p1a: Lycanroc|spd|1\n|move|p2a: Donphan|Earthquake|p1a: Lycanroc\n|-supereffective|p1a: Lycanroc\n|-damage|p1a: Lycanroc|0 fnt\n|faint|p1a: Lycanroc\n|\n|-heal|p2a: Donphan|58/100|[from] item: Leftovers\n|upkeep\n|inactive|Time left: 300 sec this turn | 300 sec total | 5 sec grace\n|\n|t:|1783557243\n|switch|p1a: Farigiraf|Farigiraf, L90, F|362/362\n|-damage|p1a: Farigiraf|317/362|[from] Spikes\n|turn|19\n|inactive|Time left: 300 sec this turn | 300 sec total\n|\n|t:|1783557244\n|-terastallize|p2a: Donphan|Steel\n|move|p1a: Farigiraf|Psychic Noise|p2a: Donphan\n|-resisted|p2a: Donphan\n|-damage|p2a: Donphan|37/100\n|-start|p2a: Donphan|move: Heal Block\n|move|p2a: Donphan|Rapid Spin|p1a: Farigiraf\n|-crit|p1a: Farigiraf\n|-damage|p1a: Farigiraf|248/362\n|-boost|p2a: Donphan|spe|1\n|\n|-heal|p1a: Farigiraf|270/362|[from] item: Leftovers\n|upkeep\n|turn|20\n|inactive|Time left: 300 sec this turn | 300 sec total\n|\n|t:|1783557245\n|move|p2a: Donphan|Earthquake|p1a: Farigiraf\n|-damage|p1a: Farigiraf|128/362\n|move|p1a: Farigiraf|Psychic Noise|p2a: Donphan\n|-resisted|p2a: Donphan\n|-damage|p2a: Donphan|15/100\n|\n|-heal|p1a: Farigiraf|150/362|[from] item: Leftovers\n|-end|p2a: Donphan|move: Heal Block\n|upkeep\n|turn|21\n|inactive|Time left: 300 sec this turn | 300 sec total\n|\n|t:|1783557246\n|-terastallize|p1a: Farigiraf|Water\n|move|p2a: Donphan|Earthquake|p1a: Farigiraf\n|-damage|p1a: Farigiraf|8/362\n|move|p1a: Farigiraf|Psychic Noise|p2a: Donphan\n|-resisted|p2a: Donphan\n|-damage|p2a: Donphan|0 fnt\n|faint|p2a: Donphan\n|\n|-heal|p1a: Farigiraf|30/362|[from] item: Leftovers\n|upkeep\n|\n|t:|1783557247\n|switch|p2a: Quaquaval|Quaquaval, L79, F|100/100\n|turn|22\n|inactive|Time left: 300 sec this turn | 300 sec total\n|\n|t:|1783557248\n|move|p2a: Quaquaval|Aqua Step|p1a: Farigiraf\n|-resisted|p1a: Farigiraf\n|-damage|p1a: Farigiraf|0 fnt\n|-boost|p2a: Quaquaval|spe|1\n|faint|p1a: Farigiraf\n|-ability|p2a: Quaquaval|Moxie|boost\n|-boost|p2a: Quaquaval|atk|1\n|\n|upkeep\n|inactive|Time left: 300 sec this turn | 300 sec total | 5 sec grace\n|\n|t:|1783557249\n|switch|p1a: Dipplin|Dipplin, L88, F|284/284\n|-damage|p1a: Dipplin|249/284|[from] Spikes\n|turn|23\n|inactive|Time left: 300 sec this turn | 300 sec total\n|\n|t:|1783557250\n|move|p2a: Quaquaval|Aqua Step|p1a: Dipplin\n|-resisted|p1a: Dipplin\n|-damage|p1a: Dipplin|230/284\n|-boost|p2a: Quaquaval|spe|1\n|move|p1a: Dipplin|Giga Drain|p2a: Quaquaval\n|-supereffective|p2a: Quaquaval\n|-damage|p2a: Quaquaval|18/100\n|-heal|p1a: Dipplin|284/284|[from] drain|[of] p2a: Quaquaval\n|\n|-heal|p2a: Quaquaval|24/100|[from] item: Leftovers\n|upkeep\n|turn|24\n|inactive|Time left: 300 sec this turn | 300 sec total\n|\n|t:|1783557251\n|move|p2a: Quaquaval|Roost|p2a: Quaquaval\n|-heal|p2a: Quaquaval|74/100\n|-singleturn|p2a: Quaquaval|move: Roost\n|move|p1a: Dipplin|Giga Drain|p2a: Quaquaval\n|-supereffective|p2a: Quaquaval\n|-damage|p2a: Quaquaval|0 fnt\n|faint|p2a: Quaquaval\n|\n|win|p0x1480d903", "uploadtime": 1783557251, "views": 0, "rating": 0, "private": 0, "password": null, "_winner": "p0x1480d903", "_our_name": "p0x1480d903"}