{"id": "battle-gen9randombattle-2337", "formatid": "gen9randombattle", "format": "[Gen 9] Random Battle", "players": ["p0x2337820b", "p0y23374978"], "log": "|init|battle\n|title|p0x2337820b vs. p0y23374978\n|j|\u2606p0x2337820b\n|j|\u2606p0y23374978\n|t:|1783567122\n|gametype|singles\n|player|p1|p0x2337820b|101|\n|player|p2|p0y23374978|101|\n|gen|9\n|tier|[Gen 9] Random Battle\n|rule|Species Clause: Limit one of each Pok\u00e9mon\n|rule|HP Percentage Mod: HP is shown in percentages\n|rule|Sleep Clause Mod: Limit one foe put to sleep\n|rule|Illusion Level Mod: Illusion disguises the Pok\u00e9mon's true level\n|\n|t:|1783567122\n|teamsize|p1|6\n|teamsize|p2|6\n|start\n|switch|p1a: Scrafty|Scrafty, L83, F|100/100\n|switch|p2a: Tentacruel|Tentacruel, L84, M|272/272\n|-ability|p1a: Scrafty|Intimidate|boost\n|-unboost|p2a: Tentacruel|atk|1\n|turn|1\n|inactive|Battle timer is ON: inactive players will automatically lose when time's up. (requested by p0y23374978)\n|inactive|p0x2337820b also wants the timer to be on.\n|\n|t:|1783567124\n|switch|p2a: Golem|Golem, L87, F|281/281\n|move|p1a: Scrafty|Knock Off|p2a: Golem\n|-damage|p2a: Golem|206/281\n|-enditem|p2a: Golem|Weakness Policy|[from] move: Knock Off|[of] p1a: Scrafty\n|\n|upkeep\n|turn|2\n|inactive|Time left: 300 sec this turn | 300 sec total\n|\n|t:|1783567125\n|move|p1a: Scrafty|Dragon Dance|p1a: Scrafty\n|-boost|p1a: Scrafty|atk|1\n|-boost|p1a: Scrafty|spe|1\n|move|p2a: Golem|Earthquake|p1a: Scrafty\n|-damage|p1a: Scrafty|56/100\n|\n|-heal|p1a: Scrafty|62/100|[from] item: Leftovers\n|upkeep\n|turn|3\n|inactive|Time left: 300 sec this turn | 300 sec total\n|\n|t:|1783567126\n|switch|p2a: Tentacruel|Tentacruel, L84, M|272/272\n|move|p1a: Scrafty|Drain Punch|p2a: Tentacruel\n|-resisted|p2a: Tentacruel\n|-damage|p2a: Tentacruel|205/272\n|-damage|p1a: Scrafty|48/100|[from] ability: Liquid Ooze|[of] p2a: Tentacruel\n|\n|-heal|p1a: Scrafty|54/100|[from] item: Leftovers\n|-heal|p2a: Tentacruel|222/272|[from] item: Leftovers\n|upkeep\n|turn|4\n|inactive|Time left: 300 sec this turn | 300 sec total\n|\n|t:|1783567128\n|move|p2a: Tentacruel|Sludge Bomb|p1a: Scrafty\n|-damage|p1a: Scrafty|26/100\n|move|p1a: Scrafty|Knock Off|p2a: Tentacruel\n|-damage|p2a: Tentacruel|54/272\n|-enditem|p2a: Tentacruel|Leftovers|[from] move: Knock Off|[of] p1a: Scrafty\n|\n|-heal|p1a: Scrafty|32/100|[from] item: Leftovers\n|upkeep\n|turn|5\n|inactive|Time left: 300 sec this turn | 300 sec total\n|\n|t:|1783567129\n|move|p1a: Scrafty|Drain Punch|p2a: Tentacruel\n|-resisted|p2a: Tentacruel\n|-damage|p2a: Tentacruel|0 fnt\n|-damage|p1a: Scrafty|21/100|[from] ability: Liquid Ooze|[of] p2a: Tentacruel\n|faint|p2a: Tentacruel\n|\n|-heal|p1a: Scrafty|27/100|[from] item: Leftovers\n|upkeep\n|inactive|Time left: 300 sec this turn | 300 sec total | 5 sec grace\n|\n|t:|1783567130\n|switch|p2a: Appletun|Appletun, L92, F|352/352\n|turn|6\n|inactive|Time left: 300 sec this turn | 300 sec total\n|\n|t:|1783567131\n|move|p1a: Scrafty|Drain Punch|p2a: Appletun\n|-damage|p2a: Appletun|241/352\n|-heal|p1a: Scrafty|50/100|[from] drain|[of] p2a: Appletun\n|move|p2a: Appletun|Apple Acid|p1a: Scrafty\n|-damage|p1a: Scrafty|18/100\n|-unboost|p1a: Scrafty|spd|1\n|\n|-heal|p1a: Scrafty|24/100|[from] item: Leftovers\n|-heal|p2a: Appletun|263/352|[from] item: Leftovers\n|upkeep\n|turn|7\n|inactive|Time left: 300 sec this turn | 300 sec total\n|\n|t:|1783567132\n|move|p1a: Scrafty|Knock Off|p2a: Appletun\n|-damage|p2a: Appletun|125/352\n|-enditem|p2a: Appletun|Leftovers|[from] move: Knock Off|[of] p1a: Scrafty\n|move|p2a: Appletun|Apple Acid|p1a: Scrafty\n|-damage|p1a: Scrafty|0 fnt\n|faint|p1a: Scrafty\n|\n|upkeep\n|\n|t:|1783567133\n|switch|p1a: Slaking|Slaking, L84, M|100/100\n|turn|8\n|inactive|Time left: 300 sec this turn | 300 sec total\n|\n|t:|1783567134\n|switch|p2a: Golem|Golem, L87, F|206/281\n|move|p1a: Slaking|Giga Impact|p2a: Golem\n|-resisted|p2a: Golem\n|-damage|p2a: Golem|127/281\n|-mustrecharge|p1a: Slaking\n|\n|upkeep\n|turn|9\n|inactive|Time left: 300 sec this turn | 300 sec total\n|\n|t:|1783567135\n|cant|p1a: Slaking|recharge\n|move|p2a: Golem|Stone Edge|p1a: Slaking\n|-damage|p1a: Slaking|72/100\n|\n|upkeep\n|turn|10\n|inactive|Time left: 300 sec this turn | 300 sec total\n|\n|t:|1783567136\n|move|p1a: Slaking|Giga Impact|p2a: Golem\n|-resisted|p2a: Golem\n|-damage|p2a: Golem|42/281\n|-mustrecharge|p1a: Slaking\n|move|p2a: Golem|Earthquake|p1a: Slaking\n|-damage|p1a: Slaking|40/100\n|\n|upkeep\n|turn|11\n|inactive|Time left: 300 sec this turn | 300 sec total\n|\n|t:|1783567137\n|cant|p1a: Slaking|recharge\n|move|p2a: Golem|Explosion|p1a: Slaking\n|-damage|p1a: Slaking|0 fnt\n|faint|p2a: Golem\n|faint|p1a: Slaking\n|\n|upkeep\n|inactive|Time left: 300 sec this turn | 300 sec total | 5 sec grace\n|\n|t:|1783567138\n|switch|p1a: Vaporeon|Vaporeon, L86, M|100/100\n|switch|p2a: Vigoroth|Vigoroth, L85, F|275/275\n|turn|12\n|inactive|Time left: 300 sec this turn | 300 sec total\n|\n|t:|1783567139\n|move|p2a: Vigoroth|Bulk Up|p2a: Vigoroth\n|-boost|p2a: Vigoroth|atk|1\n|-boost|p2a: Vigoroth|def|1\n|move|p1a: Vaporeon|Calm Mind|p1a: Vaporeon\n|-boost|p1a: Vaporeon|spa|1\n|-boost|p1a: Vaporeon|spd|1\n|\n|upkeep\n|turn|13\n|inactive|Time left: 300 sec this turn | 300 sec total\n|\n|t:|1783567140\n|move|p2a: Vigoroth|Body Slam|p1a: Vaporeon\n|-damage|p1a: Vaporeon|56/100\n|move|p1a: Vaporeon|Scald|p2a: Vigoroth\n|-damage|p2a: Vigoroth|136/275\n|\n|-heal|p1a: Vaporeon|62/100|[from] item: Leftovers\n|upkeep\n|turn|14\n|inactive|Time left: 300 sec this turn | 300 sec total\n|\n|t:|1783567141\n|move|p2a: Vigoroth|Body Slam|p1a: Vaporeon\n|-damage|p1a: Vaporeon|21/100\n|move|p1a: Vaporeon|Scald|p2a: Vigoroth\n|-damage|p2a: Vigoroth|0 fnt\n|faint|p2a: Vigoroth\n|\n|-heal|p1a: Vaporeon|27/100|[from] item: Leftovers\n|upkeep\n|inactive|Time left: 300 sec this turn | 300 sec total | 5 sec grace\n|\n|t:|1783567142\n|switch|p2a: Appletun|Appletun, L92, F|125/352\n|turn|15\n|inactive|Time left: 300 sec this turn | 300 sec total\n|\n|t:|1783567143\n|move|p1a: Vaporeon|Protect|p1a: Vaporeon\n|-singleturn|p1a: Vaporeon|Protect\n|move|p2a: Appletun|Apple Acid|p1a: Vaporeon\n|-activate|p1a: Vaporeon|move: Protect\n|\n|-heal|p1a: Vaporeon|33/100|[from] item: Leftovers\n|upkeep\n|turn|16\n|inactive|Time left: 300 sec this turn | 300 sec total\n|\n|t:|1783567144\n|move|p1a: Vaporeon|Calm Mind|p1a: Vaporeon\n|-boost|p1a: Vaporeon|spa|1\n|-boost|p1a: Vaporeon|spd|1\n|move|p2a: Appletun|Apple Acid|p1a: Vaporeon\n|-supereffective|p1a: Vaporeon\n|-damage|p1a: Vaporeon|6/100\n|-unboost|p1a: Vaporeon|spd|1\n|\n|-heal|p1a: Vaporeon|12/100|[from] item: Leftovers\n|upkeep\n|turn|17\n|inactive|Time left: 300 sec this turn | 300 sec total\n|\n|t:|1783567145\n|move|p1a: Vaporeon|Protect|p1a: Vaporeon\n|-singleturn|p1a: Vaporeon|Protect\n|move|p2a: Appletun|Recover|p2a: Appletun\n|-heal|p2a: Appletun|301/352\n|\n|-heal|p1a: Vaporeon|18/100|[from] item: Leftovers\n|upkeep\n|turn|18\n|inactive|Time left: 300 sec this turn | 300 sec total\n|\n|t:|1783567146\n|-terastallize|p1a: Vaporeon|Poison\n|move|p1a: Vaporeon|Calm Mind|p1a: Vaporeon\n|-boost|p1a: Vaporeon|spa|1\n|-boost|p1a: Vaporeon|spd|1\n|move|p2a: Appletun|Apple Acid|p1a: Vaporeon\n|-resisted|p1a: Vaporeon\n|-damage|p1a: Vaporeon|11/100\n|-unboost|p1a: Vaporeon|spd|1\n|\n|-heal|p1a: Vaporeon|17/100|[from] item: Leftovers\n|upkeep\n|turn|19\n|inactive|Time left: 300 sec this turn | 300 sec total\n|\n|t:|1783567147\n|move|p1a: Vaporeon|Protect|p1a: Vaporeon\n|-singleturn|p1a: Vaporeon|Protect\n|move|p2a: Appletun|Dragon Tail|p1a: Vaporeon\n|-activate|p1a: Vaporeon|move: Protect\n|\n|-heal|p1a: Vaporeon|23/100|[from] item: Leftovers\n|upkeep\n|turn|20\n|inactive|Time left: 300 sec this turn | 300 sec total\n|\n|t:|1783567147\n|move|p1a: Vaporeon|Scald|p2a: Appletun\n|-resisted|p2a: Appletun\n|-damage|p2a: Appletun|242/352\n|move|p2a: Appletun|Dragon Tail|p1a: Vaporeon\n|-damage|p1a: Vaporeon|0 fnt\n|faint|p1a: Vaporeon\n|\n|upkeep\n|\n|t:|1783567148\n|switch|p1a: Uxie|Uxie, L83|100/100\n|turn|21\n|inactive|Time left: 300 sec this turn | 300 sec total\n|\n|t:|1783567149\n|move|p1a: Uxie|Encore|p2a: Appletun\n|-start|p2a: Appletun|Encore\n|move|p2a: Appletun|Dragon Tail|p1a: Uxie\n|-damage|p1a: Uxie|81/100\n|drag|p1a: Pincurchin|Pincurchin, F|100/100\n|-fieldstart|move: Electric Terrain|[from] ability: Electric Surge|[of] p1a: Pincurchin\n|\n|upkeep\n|turn|22\n|inactive|Time left: 300 sec this turn | 300 sec total\n|\n|t:|1783567150\n|move|p1a: Pincurchin|Discharge|p2a: Appletun\n|-resisted|p2a: Appletun\n|-damage|p2a: Appletun|203/352\n|move|p2a: Appletun|Dragon Tail|p1a: Pincurchin\n|-damage|p1a: Pincurchin|78/100\n|drag|p1a: Plusle|Plusle, L95, F|100/100\n|\n|upkeep\n|turn|23\n|inactive|Time left: 300 sec this turn | 300 sec total\n|\n|t:|1783567151\n|move|p1a: Plusle|Alluring Voice|p2a: Appletun\n|-supereffective|p2a: Appletun\n|-damage|p2a: Appletun|37/352\n|-damage|p1a: Plusle|91/100|[from] item: Life Orb\n|move|p2a: Appletun|Dragon Tail|p1a: Plusle\n|-damage|p1a: Plusle|55/100\n|drag|p1a: Pincurchin|Pincurchin, F|78/100\n|\n|-heal|p1a: Pincurchin|85/100|[from] item: Leftovers\n|-end|p2a: Appletun|Encore\n|upkeep\n|turn|24\n|inactive|Time left: 300 sec this turn | 300 sec total\n|\n|t:|1783567152\n|move|p2a: Appletun|Recover|p2a: Appletun\n|-heal|p2a: Appletun|213/352\n|move|p1a: Pincurchin|Toxic Spikes|p2a: Appletun\n|-sidestart|p2: p0y23374978|move: Toxic Spikes\n|\n|-heal|p1a: Pincurchin|91/100|[from] item: Leftovers\n|upkeep\n|turn|25\n|inactive|Time left: 300 sec this turn | 300 sec total\n|\n|t:|1783567153\n|move|p2a: Appletun|Apple Acid|p1a: Pincurchin\n|-damage|p1a: Pincurchin|54/100\n|-unboost|p1a: Pincurchin|spd|1\n|move|p1a: Pincurchin|Discharge|p2a: Appletun\n|-resisted|p2a: Appletun\n|-damage|p2a: Appletun|175/352\n|-status|p2a: Appletun|par\n|\n|-heal|p1a: Pincurchin|60/100|[from] item: Leftovers\n|-fieldend|move: Electric Terrain\n|upkeep\n|turn|26\n|inactive|Time left: 300 sec this turn | 300 sec total\n|\n|t:|1783567154\n|move|p1a: Pincurchin|Recover|p1a: Pincurchin\n|-heal|p1a: Pincurchin|100/100\n|move|p2a: Appletun|Apple Acid|p1a: Pincurchin\n|-damage|p1a: Pincurchin|47/100\n|-unboost|p1a: Pincurchin|spd|1\n|\n|-heal|p1a: Pincurchin|53/100|[from] item: Leftovers\n|upkeep\n|turn|27\n|inactive|Time left: 300 sec this turn | 300 sec total\n|\n|t:|1783567155\n|move|p1a: Pincurchin|Recover|p1a: Pincurchin\n|-heal|p1a: Pincurchin|100/100\n|move|p2a: Appletun|Apple Acid|p1a: Pincurchin\n|-damage|p1a: Pincurchin|28/100\n|-unboost|p1a: Pincurchin|spd|1\n|\n|-heal|p1a: Pincurchin|34/100|[from] item: Leftovers\n|upkeep\n|turn|28\n|inactive|Time left: 300 sec this turn | 300 sec total\n|\n|t:|1783567156\n|switch|p1a: Uxie|Uxie, L83|81/100\n|move|p2a: Appletun|Apple Acid|p1a: Uxie\n|-damage|p1a: Uxie|50/100\n|-unboost|p1a: Uxie|spd|1\n|\n|-heal|p1a: Uxie|56/100|[from] item: Leftovers\n|upkeep\n|turn|29\n|inactive|Time left: 300 sec this turn | 300 sec total\n|\n|t:|1783567157\n|move|p1a: Uxie|Psychic Noise|p2a: Appletun\n|-damage|p2a: Appletun|114/352 par\n|-start|p2a: Appletun|move: Heal Block\n|cant|p2a: Appletun|par\n|\n|-heal|p1a: Uxie|62/100|[from] item: Leftovers\n|upkeep\n|turn|30\n|inactive|Time left: 300 sec this turn | 300 sec total\n|\n|t:|1783567158\n|move|p1a: Uxie|U-turn|p2a: Appletun\n|-supereffective|p2a: Appletun\n|-damage|p2a: Appletun|26/352 par\n|\n|t:|1783567159\n|switch|p1a: Pincurchin|Pincurchin, F|34/100|[from] U-turn\n|-fieldstart|move: Electric Terrain|[from] ability: Electric Surge|[of] p1a: Pincurchin\n|move|p2a: Appletun|Apple Acid|p1a: Pincurchin\n|-damage|p1a: Pincurchin|1/100\n|-unboost|p1a: Pincurchin|spd|1\n|\n|-heal|p1a: Pincurchin|7/100|[from] item: Leftovers\n|-end|p2a: Appletun|move: Heal Block\n|upkeep\n|turn|31\n|inactive|Time left: 300 sec this turn | 300 sec total\n|\n|t:|1783567160\n|move|p1a: Pincurchin|Recover|p1a: Pincurchin\n|-heal|p1a: Pincurchin|57/100\n|move|p2a: Appletun|Apple Acid|p1a: Pincurchin\n|-damage|p1a: Pincurchin|1/100\n|-unboost|p1a: Pincurchin|spd|1\n|\n|-heal|p1a: Pincurchin|7/100|[from] item: Leftovers\n|upkeep\n|turn|32\n|inactive|Time left: 300 sec this turn | 300 sec total\n|\n|t:|1783567161\n|move|p1a: Pincurchin|Discharge|p2a: Appletun\n|-resisted|p2a: Appletun\n|-damage|p2a: Appletun|0 fnt\n|faint|p2a: Appletun\n|\n|-heal|p1a: Pincurchin|14/100|[from] item: Leftovers\n|upkeep\n|inactive|Time left: 300 sec this turn | 300 sec total | 5 sec grace\n|\n|t:|1783567162\n|switch|p2a: Chimecho|Chimecho, L93, M|290/290\n|turn|33\n|inactive|Time left: 300 sec this turn | 300 sec total\n|\n|t:|1783567163\n|switch|p1a: Uxie|Uxie, L83|62/100\n|move|p2a: Chimecho|Dazzling Gleam|p1a: Uxie\n|-damage|p1a: Uxie|41/100\n|\n|-heal|p1a: Uxie|47/100|[from] item: Leftovers\n|upkeep\n|turn|34\n|inactive|Time left: 300 sec this turn | 300 sec total\n|\n|t:|1783567164\n|move|p1a: Uxie|Knock Off|p2a: Chimecho\n|-supereffective|p2a: Chimecho\n|-damage|p2a: Chimecho|176/290\n|-enditem|p2a: Chimecho|Leftovers|[from] move: Knock Off|[of] p1a: Uxie\n|move|p2a: Chimecho|Cosmic Power|p2a: Chimecho\n|-boost|p2a: Chimecho|def|1\n|-boost|p2a: Chimecho|spd|1\n|\n|-heal|p1a: Uxie|53/100|[from] item: Leftovers\n|-fieldend|move: Electric Terrain\n|upkeep\n|turn|35\n|inactive|Time left: 300 sec this turn | 300 sec total\n|\n|t:|1783567166\n|move|p1a: Uxie|Encore|p2a: Chimecho\n|-start|p2a: Chimecho|Encore\n|move|p2a: Chimecho|Cosmic Power|p2a: Chimecho\n|-boost|p2a: Chimecho|def|1\n|-boost|p2a: Chimecho|spd|1\n|\n|-heal|p1a: Uxie|59/100|[from] item: Leftovers\n|upkeep\n|turn|36\n|inactive|Time left: 300 sec this turn | 300 sec total\n|\n|t:|1783567167\n|move|p1a: Uxie|Knock Off|p2a: Chimecho\n|-supereffective|p2a: Chimecho\n|-crit|p2a: Chimecho\n|-damage|p2a: Chimecho|62/290\n|move|p2a: Chimecho|Cosmic Power|p2a: Chimecho\n|-boost|p2a: Chimecho|def|1\n|-boost|p2a: Chimecho|spd|1\n|\n|-heal|p1a: Uxie|65/100|[from] item: Leftovers\n|upkeep\n|turn|37\n|inactive|Time left: 300 sec this turn | 300 sec total\n|\n|t:|1783567168\n|move|p1a: Uxie|Knock Off|p2a: Chimecho\n|-supereffective|p2a: Chimecho\n|-damage|p2a: Chimecho|28/290\n|move|p2a: Chimecho|Cosmic Power|p2a: Chimecho\n|-boost|p2a: Chimecho|def|1\n|-boost|p2a: Chimecho|spd|1\n|\n|-heal|p1a: Uxie|72/100|[from] item: Leftovers\n|-end|p2a: Chimecho|Encore\n|upkeep\n|turn|38\n|inactive|Time left: 300 sec this turn | 300 sec total\n|\n|t:|1783567169\n|move|p1a: Uxie|Encore|p2a: Chimecho\n|-start|p2a: Chimecho|Encore\n|move|p2a: Chimecho|Cosmic Power|p2a: Chimecho\n|-boost|p2a: Chimecho|def|1\n|-boost|p2a: Chimecho|spd|1\n|\n|-heal|p1a: Uxie|78/100|[from] item: Leftovers\n|upkeep\n|turn|39\n|inactive|Time left: 300 sec this turn | 300 sec total\n|\n|t:|1783567170\n|move|p1a: Uxie|Knock Off|p2a: Chimecho\n|-supereffective|p2a: Chimecho\n|-damage|p2a: Chimecho|6/290\n|move|p2a: Chimecho|Cosmic Power|p2a: Chimecho\n|-boost|p2a: Chimecho|def|1\n|-boost|p2a: Chimecho|spd|1\n|\n|-heal|p1a: Uxie|84/100|[from] item: Leftovers\n|upkeep\n|turn|40\n|inactive|Time left: 300 sec this turn | 300 sec total\n|\n|t:|1783567171\n|move|p1a: Uxie|Knock Off|p2a: Chimecho\n|-supereffective|p2a: Chimecho\n|-damage|p2a: Chimecho|0 fnt\n|faint|p2a: Chimecho\n|\n|-heal|p1a: Uxie|90/100|[from] item: Leftovers\n|upkeep\n|inactive|Time left: 300 sec this turn | 300 sec total | 5 sec grace\n|\n|t:|1783567172\n|switch|p2a: Meloetta|Meloetta, L82|298/298\n|-status|p2a: Meloetta|psn\n|turn|41\n|inactive|Time left: 300 sec this turn | 300 sec total\n|\n|t:|1783567173\n|move|p1a: Uxie|Knock Off|p2a: Meloetta\n|-supereffective|p2a: Meloetta\n|-damage|p2a: Meloetta|170/298 psn\n|-enditem|p2a: Meloetta|Life Orb|[from] move: Knock Off|[of] p1a: Uxie\n|move|p2a: Meloetta|Knock Off|p1a: Uxie\n|-supereffective|p1a: Uxie\n|-damage|p1a: Uxie|60/100\n|-enditem|p1a: Uxie|Leftovers|[from] move: Knock Off|[of] p2a: Meloetta\n|\n|-damage|p2a: Meloetta|133/298 psn|[from] psn\n|upkeep\n|turn|42\n|inactive|Time left: 300 sec this turn | 300 sec total\n|\n|t:|1783567174\n|-terastallize|p2a: Meloetta|Fighting\n|move|p1a: Uxie|U-turn|p2a: Meloetta\n|-resisted|p2a: Meloetta\n|-damage|p2a: Meloetta|111/298 psn\n|\n|t:|1783567175\n|switch|p1a: Pincurchin|Pincurchin, F|14/100|[from] U-turn\n|-fieldstart|move: Electric Terrain|[from] ability: Electric Surge|[of] p1a: Pincurchin\n|move|p2a: Meloetta|Knock Off|p1a: Pincurchin\n|-damage|p1a: Pincurchin|0 fnt\n|-enditem|p1a: Pincurchin|Leftovers|[from] move: Knock Off|[of] p2a: Meloetta\n|faint|p1a: Pincurchin\n|\n|-damage|p2a: Meloetta|74/298 psn|[from] psn\n|upkeep\n|\n|t:|1783567176\n|switch|p1a: Plusle|Plusle, L95, F|55/100\n|turn|43\n|inactive|Time left: 300 sec this turn | 300 sec total\n|\n|t:|1783567177\n|move|p1a: Plusle|Nasty Plot|p1a: Plusle\n|-boost|p1a: Plusle|spa|2\n|move|p2a: Meloetta|Knock Off|p1a: Plusle\n|-damage|p1a: Plusle|23/100\n|-enditem|p1a: Plusle|Life Orb|[from] move: Knock Off|[of] p2a: Meloetta\n|\n|-damage|p2a: Meloetta|37/298 psn|[from] psn\n|upkeep\n|turn|44\n|inactive|Time left: 300 sec this turn | 300 sec total\n|\n|t:|1783567178\n|move|p1a: Plusle|Alluring Voice|p2a: Meloetta\n|-supereffective|p2a: Meloetta\n|-damage|p2a: Meloetta|0 fnt\n|faint|p2a: Meloetta\n|\n|win|p0x2337820b", "uploadtime": 1783567178, "views": 0, "rating": 0, "private": 0, "password": null, "_winner": "p0x2337820b", "_our_name": "p0y23374978"}