{"id": "battle-gen9randombattle-1917", "formatid": "gen9randombattle", "format": "[Gen 9] Random Battle", "players": ["p0x1917e8b1", "p0y1917946c"], "log": "|init|battle\n|title|p0x1917e8b1 vs. p0y1917946c\n|j|\u2606p0x1917e8b1\n|j|\u2606p0y1917946c\n|t:|1783561452\n|gametype|singles\n|player|p1|p0x1917e8b1|169|\n|player|p2|p0y1917946c|266|\n|gen|9\n|tier|[Gen 9] Random Battle\n|rule|Species Clause: Limit one of each Pok\u00e9mon\n|rule|HP Percentage Mod: HP is shown in percentages\n|rule|Sleep Clause Mod: Limit one foe put to sleep\n|rule|Illusion Level Mod: Illusion disguises the Pok\u00e9mon's true level\n|\n|t:|1783561452\n|teamsize|p1|6\n|teamsize|p2|6\n|start\n|switch|p1a: Keldeo|Keldeo-Resolute, L79|273/273\n|switch|p2a: Sableye|Sableye, L88, M|100/100\n|turn|1\n|inactive|Battle timer is ON: inactive players will automatically lose when time's up. (requested by p0y1917946c)\n|inactive|Time left: 300 sec this turn | 300 sec total | 60 sec grace\n|\n|t:|1783561454\n|move|p1a: Keldeo|Surf|p2a: Sableye\n|-damage|p2a: Sableye|49/100\n|move|p2a: Sableye|Knock Off|p1a: Keldeo\n|-resisted|p1a: Keldeo\n|-damage|p1a: Keldeo|222/273\n|-ability|p1a: Keldeo|Justified|boost\n|-boost|p1a: Keldeo|atk|1\n|-enditem|p1a: Keldeo|Leftovers|[from] move: Knock Off|[of] p2a: Sableye\n|\n|-heal|p2a: Sableye|55/100|[from] item: Leftovers\n|upkeep\n|turn|2\n|inactive|Time left: 300 sec this turn | 300 sec total\n|inactive|p0x1917e8b1 also wants the timer to be on.\n|\n|t:|1783561455\n|move|p2a: Sableye|Thunder Wave|p1a: Keldeo\n|-status|p1a: Keldeo|par\n|move|p1a: Keldeo|Surf|p2a: Sableye\n|-damage|p2a: Sableye|3/100\n|\n|-heal|p2a: Sableye|9/100|[from] item: Leftovers\n|upkeep\n|turn|3\n|inactive|Time left: 300 sec this turn | 300 sec total\n|\n|t:|1783561456\n|move|p2a: Sableye|Recover|p2a: Sableye\n|-heal|p2a: Sableye|59/100\n|cant|p1a: Keldeo|par\n|\n|-heal|p2a: Sableye|65/100|[from] item: Leftovers\n|upkeep\n|turn|4\n|inactive|Time left: 300 sec this turn | 300 sec total\n|\n|t:|1783561457\n|move|p2a: Sableye|Recover|p2a: Sableye\n|-heal|p2a: Sableye|100/100\n|move|p1a: Keldeo|Calm Mind|p1a: Keldeo\n|-boost|p1a: Keldeo|spa|1\n|-boost|p1a: Keldeo|spd|1\n|\n|upkeep\n|turn|5\n|inactive|Time left: 300 sec this turn | 300 sec total\n|\n|t:|1783561458\n|move|p2a: Sableye|Encore|p1a: Keldeo\n|-start|p1a: Keldeo|Encore\n|move|p1a: Keldeo|Calm Mind|p1a: Keldeo\n|-boost|p1a: Keldeo|spa|1\n|-boost|p1a: Keldeo|spd|1\n|\n|upkeep\n|turn|6\n|inactive|Time left: 300 sec this turn | 300 sec total\n|\n|t:|1783561459\n|switch|p2a: Azelf|Azelf, L82|100/100\n|move|p1a: Keldeo|Calm Mind|p1a: Keldeo\n|-boost|p1a: Keldeo|spa|1\n|-boost|p1a: Keldeo|spd|1\n|\n|upkeep\n|turn|7\n|inactive|Time left: 300 sec this turn | 300 sec total\n|\n|t:|1783561460\n|move|p2a: Azelf|Psyshock|p1a: Keldeo\n|-supereffective|p1a: Keldeo\n|-damage|p1a: Keldeo|0 fnt\n|faint|p1a: Keldeo\n|\n|upkeep\n|inactive|Time left: 300 sec this turn | 300 sec total | 5 sec grace\n|\n|t:|1783561461\n|switch|p1a: Kyogre|Kyogre, L71|259/259\n|-weather|RainDance|[from] ability: Drizzle|[of] p1a: Kyogre\n|turn|8\n|inactive|Time left: 300 sec this turn | 300 sec total\n|\n|t:|1783561463\n|move|p1a: Kyogre|Water Spout|p2a: Azelf\n|-damage|p2a: Azelf|0 fnt\n|faint|p2a: Azelf\n|\n|-weather|RainDance|[upkeep]\n|upkeep\n|\n|t:|1783561463\n|switch|p2a: Milotic|Milotic, L83, F|100/100\n|turn|9\n|inactive|Time left: 300 sec this turn | 300 sec total\n|\n|t:|1783561465\n|move|p1a: Kyogre|Water Spout|p2a: Milotic\n|-resisted|p2a: Milotic\n|-damage|p2a: Milotic|68/100\n|move|p2a: Milotic|Scald|p1a: Kyogre\n|-resisted|p1a: Kyogre\n|-damage|p1a: Kyogre|208/259\n|-status|p1a: Kyogre|brn\n|\n|-weather|RainDance|[upkeep]\n|-heal|p2a: Milotic|74/100|[from] item: Leftovers\n|-damage|p1a: Kyogre|192/259 brn|[from] brn\n|upkeep\n|turn|10\n|inactive|Time left: 300 sec this turn | 300 sec total\n|\n|t:|1783561465\n|move|p1a: Kyogre|Water Spout|p2a: Milotic\n|-resisted|p2a: Milotic\n|-damage|p2a: Milotic|49/100\n|move|p2a: Milotic|Scald|p1a: Kyogre\n|-resisted|p1a: Kyogre\n|-damage|p1a: Kyogre|139/259 brn\n|\n|-weather|RainDance|[upkeep]\n|-heal|p2a: Milotic|55/100|[from] item: Leftovers\n|-damage|p1a: Kyogre|123/259 brn|[from] brn\n|upkeep\n|turn|11\n|inactive|Time left: 300 sec this turn | 300 sec total\n|\n|t:|1783561466\n|move|p1a: Kyogre|Water Spout|p2a: Milotic\n|-resisted|p2a: Milotic\n|-damage|p2a: Milotic|41/100\n|move|p2a: Milotic|Scald|p1a: Kyogre\n|-resisted|p1a: Kyogre\n|-damage|p1a: Kyogre|73/259 brn\n|\n|-weather|RainDance|[upkeep]\n|-heal|p2a: Milotic|47/100|[from] item: Leftovers\n|-damage|p1a: Kyogre|57/259 brn|[from] brn\n|upkeep\n|turn|12\n|inactive|Time left: 300 sec this turn | 300 sec total\n|\n|t:|1783561467\n|switch|p1a: Ho-Oh|Ho-Oh, L71|268/268\n|move|p2a: Milotic|Scald|p1a: Ho-Oh\n|-supereffective|p1a: Ho-Oh\n|-damage|p1a: Ho-Oh|52/268\n|\n|-weather|none\n|-heal|p2a: Milotic|53/100|[from] item: Leftovers\n|upkeep\n|turn|13\n|inactive|Time left: 300 sec this turn | 300 sec total\n|\n|t:|1783561468\n|switch|p1a: Iron Thorns|Iron Thorns, L83|302/302\n|move|p2a: Milotic|Scald|p1a: Iron Thorns\n|-supereffective|p1a: Iron Thorns\n|-damage|p1a: Iron Thorns|188/302\n|\n|-heal|p2a: Milotic|60/100|[from] item: Leftovers\n|upkeep\n|turn|14\n|inactive|Time left: 300 sec this turn | 300 sec total\n|\n|t:|1783561469\n|move|p2a: Milotic|Scald|p1a: Iron Thorns\n|-supereffective|p1a: Iron Thorns\n|-crit|p1a: Iron Thorns\n|-damage|p1a: Iron Thorns|0 fnt\n|faint|p1a: Iron Thorns\n|-end|p1a: Iron Thorns|Quark Drive|[silent]\n|\n|-heal|p2a: Milotic|66/100|[from] item: Leftovers\n|upkeep\n|inactive|Time left: 300 sec this turn | 300 sec total | 5 sec grace\n|\n|t:|1783561470\n|switch|p1a: Ho-Oh|Ho-Oh, L71|141/268\n|turn|15\n|inactive|Time left: 300 sec this turn | 300 sec total\n|\n|t:|1783561471\n|move|p2a: Milotic|Scald|p1a: Ho-Oh\n|-supereffective|p1a: Ho-Oh\n|-damage|p1a: Ho-Oh|13/268\n|move|p1a: Ho-Oh|Recover|p1a: Ho-Oh\n|-heal|p1a: Ho-Oh|147/268\n|\n|-heal|p2a: Milotic|72/100|[from] item: Leftovers\n|upkeep\n|turn|16\n|inactive|Time left: 300 sec this turn | 300 sec total\n|\n|t:|1783561471\n|move|p2a: Milotic|Scald|p1a: Ho-Oh\n|-supereffective|p1a: Ho-Oh\n|-damage|p1a: Ho-Oh|19/268\n|move|p1a: Ho-Oh|Recover|p1a: Ho-Oh\n|-heal|p1a: Ho-Oh|153/268\n|\n|-heal|p2a: Milotic|78/100|[from] item: Leftovers\n|upkeep\n|turn|17\n|inactive|Time left: 300 sec this turn | 300 sec total\n|\n|t:|1783561472\n|move|p2a: Milotic|Scald|p1a: Ho-Oh\n|-supereffective|p1a: Ho-Oh\n|-damage|p1a: Ho-Oh|33/268\n|move|p1a: Ho-Oh|Recover|p1a: Ho-Oh\n|-heal|p1a: Ho-Oh|167/268\n|\n|-heal|p2a: Milotic|84/100|[from] item: Leftovers\n|upkeep\n|turn|18\n|inactive|Time left: 300 sec this turn | 300 sec total\n|\n|t:|1783561473\n|move|p2a: Milotic|Scald|p1a: Ho-Oh\n|-supereffective|p1a: Ho-Oh\n|-crit|p1a: Ho-Oh\n|-damage|p1a: Ho-Oh|0 fnt\n|faint|p1a: Ho-Oh\n|\n|-heal|p2a: Milotic|90/100|[from] item: Leftovers\n|upkeep\n|inactive|Time left: 300 sec this turn | 300 sec total | 5 sec grace\n|\n|t:|1783561474\n|switch|p1a: Stantler|Stantler, L92, F|284/284\n|-ability|p1a: Stantler|Intimidate|boost\n|-unboost|p2a: Milotic|atk|1\n|-ability|p2a: Milotic|Competitive|boost\n|-boost|p2a: Milotic|spa|2\n|turn|19\n|inactive|Time left: 300 sec this turn | 300 sec total\n|\n|t:|1783561475\n|move|p1a: Stantler|Body Slam|p2a: Milotic\n|-damage|p2a: Milotic|50/100\n|move|p2a: Milotic|Scald|p1a: Stantler\n|-damage|p1a: Stantler|164/284\n|-status|p1a: Stantler|brn\n|\n|-heal|p2a: Milotic|56/100|[from] item: Leftovers\n|-damage|p1a: Stantler|147/284 brn|[from] brn\n|upkeep\n|turn|20\n|inactive|Time left: 300 sec this turn | 300 sec total\n|\n|t:|1783561476\n|move|p1a: Stantler|Body Slam|p2a: Milotic\n|-damage|p2a: Milotic|36/100\n|move|p2a: Milotic|Recover|p2a: Milotic\n|-heal|p2a: Milotic|87/100\n|\n|-heal|p2a: Milotic|93/100|[from] item: Leftovers\n|-damage|p1a: Stantler|130/284 brn|[from] brn\n|upkeep\n|turn|21\n|inactive|Time left: 300 sec this turn | 300 sec total\n|\n|t:|1783561477\n|move|p1a: Stantler|Thunder Wave|p2a: Milotic\n|-status|p2a: Milotic|par\n|cant|p2a: Milotic|par\n|\n|-heal|p2a: Milotic|99/100 par|[from] item: Leftovers\n|-damage|p1a: Stantler|113/284 brn|[from] brn\n|upkeep\n|turn|22\n|inactive|Time left: 300 sec this turn | 300 sec total\n|\n|t:|1783561478\n|move|p1a: Stantler|Earthquake|p2a: Milotic\n|-damage|p2a: Milotic|84/100 par\n|cant|p2a: Milotic|par\n|\n|-heal|p2a: Milotic|91/100 par|[from] item: Leftovers\n|-damage|p1a: Stantler|96/284 brn|[from] brn\n|upkeep\n|turn|23\n|inactive|Time left: 300 sec this turn | 300 sec total\n|\n|t:|1783561479\n|move|p1a: Stantler|Body Slam|p2a: Milotic\n|-damage|p2a: Milotic|71/100 par\n|move|p2a: Milotic|Scald|p1a: Stantler\n|-damage|p1a: Stantler|0 fnt\n|faint|p1a: Stantler\n|\n|-heal|p2a: Milotic|77/100 par|[from] item: Leftovers\n|upkeep\n|inactive|Time left: 300 sec this turn | 300 sec total | 5 sec grace\n|\n|t:|1783561481\n|switch|p1a: Kyogre|Kyogre, L71|57/259 brn\n|-weather|RainDance|[from] ability: Drizzle|[of] p1a: Kyogre\n|turn|24\n|inactive|Time left: 300 sec this turn | 300 sec total\n|\n|t:|1783561482\n|move|p1a: Kyogre|Thunder|p2a: Milotic\n|-supereffective|p2a: Milotic\n|-damage|p2a: Milotic|38/100 par\n|cant|p2a: Milotic|par\n|\n|-weather|RainDance|[upkeep]\n|-heal|p2a: Milotic|44/100 par|[from] item: Leftovers\n|-damage|p1a: Kyogre|41/259 brn|[from] brn\n|upkeep\n|turn|25\n|inactive|Time left: 300 sec this turn | 300 sec total\n|\n|t:|1783561483\n|-terastallize|p2a: Milotic|Steel\n|move|p1a: Kyogre|Thunder|p2a: Milotic\n|-damage|p2a: Milotic|23/100 par\n|move|p2a: Milotic|Recover|p2a: Milotic\n|-heal|p2a: Milotic|73/100 par\n|\n|-weather|RainDance|[upkeep]\n|-heal|p2a: Milotic|79/100 par|[from] item: Leftovers\n|-damage|p1a: Kyogre|25/259 brn|[from] brn\n|upkeep\n|turn|26\n|inactive|Time left: 300 sec this turn | 300 sec total\n|\n|t:|1783561484\n|move|p1a: Kyogre|Thunder|p2a: Milotic\n|-damage|p2a: Milotic|59/100 par\n|move|p2a: Milotic|Scald|p1a: Kyogre\n|-resisted|p1a: Kyogre\n|-damage|p1a: Kyogre|0 fnt\n|faint|p1a: Kyogre\n|\n|-weather|RainDance|[upkeep]\n|-heal|p2a: Milotic|65/100 par|[from] item: Leftovers\n|upkeep\n|inactive|Time left: 300 sec this turn | 300 sec total | 5 sec grace\n|\n|t:|1783561484\n|switch|p1a: Salamence|Salamence, L77, M|273/273\n|-ability|p1a: Salamence|Intimidate|boost\n|-unboost|p2a: Milotic|atk|1\n|-ability|p2a: Milotic|Competitive|boost\n|-boost|p2a: Milotic|spa|2\n|turn|27\n|inactive|Time left: 300 sec this turn | 300 sec total\n|\n|t:|1783561485\n|move|p1a: Salamence|Earthquake|p2a: Milotic\n|-supereffective|p2a: Milotic\n|-damage|p2a: Milotic|3/100 par\n|move|p2a: Milotic|Ice Beam|p1a: Salamence\n|-supereffective|p1a: Salamence\n|-damage|p1a: Salamence|0 fnt\n|faint|p1a: Salamence\n|\n|win|p0y1917946c", "uploadtime": 1783561485, "views": 0, "rating": 0, "private": 0, "password": null, "_winner": "p0y1917946c", "_our_name": "p0x1917e8b1"}