{"id": "battle-gen9randombattle-784", "formatid": "gen9randombattle", "format": "[Gen 9] Random Battle", "players": ["p0x78493a0", "p0y7842ab1"], "log": "|init|battle\n|title|p0x78493a0 vs. p0y7842ab1\n|j|\u2606p0x78493a0\n|j|\u2606p0y7842ab1\n|t:|1783548221\n|gametype|singles\n|player|p1|p0x78493a0|102|\n|player|p2|p0y7842ab1|265|\n|gen|9\n|tier|[Gen 9] Random Battle\n|rule|Species Clause: Limit one of each Pok\u00e9mon\n|rule|HP Percentage Mod: HP is shown in percentages\n|rule|Sleep Clause Mod: Limit one foe put to sleep\n|rule|Illusion Level Mod: Illusion disguises the Pok\u00e9mon's true level\n|\n|t:|1783548221\n|teamsize|p1|6\n|teamsize|p2|6\n|start\n|switch|p1a: Delibird|Delibird, F|252/252\n|switch|p2a: Dusknoir|Dusknoir, L89, M|100/100\n|-item|p1a: Delibird|Heavy-Duty Boots|[from] ability: Frisk|[of] p2a: Dusknoir\n|turn|1\n|inactive|Battle timer is ON: inactive players will automatically lose when time's up. (requested by p0y7842ab1)\n|inactive|Time left: 300 sec this turn | 300 sec total | 60 sec grace\n|\n|t:|1783548222\n|move|p1a: Delibird|Brave Bird|p2a: Dusknoir|[miss]\n|-miss|p1a: Delibird|p2a: Dusknoir\n|move|p2a: Dusknoir|Poltergeist|p1a: Delibird\n|-activate|p1a: Delibird|move: Poltergeist|Heavy-Duty Boots\n|-damage|p1a: Delibird|63/252\n|\n|upkeep\n|turn|2\n|inactive|Time left: 300 sec this turn | 300 sec total\n|inactive|p0x78493a0 also wants the timer to be on.\n|\n|t:|1783548223\n|switch|p1a: Lurantis|Lurantis, L87, F|264/264\n|move|p2a: Dusknoir|Poltergeist|p1a: Lurantis\n|-activate|p1a: Lurantis|move: Poltergeist|Leftovers\n|-damage|p1a: Lurantis|140/264\n|\n|-heal|p1a: Lurantis|156/264|[from] item: Leftovers\n|upkeep\n|turn|3\n|inactive|Time left: 300 sec this turn | 300 sec total\n|\n|t:|1783548224\n|move|p2a: Dusknoir|Poltergeist|p1a: Lurantis|[miss]\n|-miss|p2a: Dusknoir|p1a: Lurantis\n|move|p1a: Lurantis|Leaf Storm|p2a: Dusknoir\n|-damage|p2a: Dusknoir|63/100\n|-boost|p1a: Lurantis|spa|2\n|\n|-heal|p2a: Dusknoir|69/100|[from] item: Leftovers\n|-heal|p1a: Lurantis|172/264|[from] item: Leftovers\n|upkeep\n|turn|4\n|inactive|Time left: 300 sec this turn | 300 sec total\n|\n|t:|1783548225\n|move|p2a: Dusknoir|Poltergeist|p1a: Lurantis|[miss]\n|-miss|p2a: Dusknoir|p1a: Lurantis\n|move|p1a: Lurantis|Leaf Storm|p2a: Dusknoir|[miss]\n|-miss|p1a: Lurantis|p2a: Dusknoir\n|\n|-heal|p2a: Dusknoir|75/100|[from] item: Leftovers\n|-heal|p1a: Lurantis|188/264|[from] item: Leftovers\n|upkeep\n|turn|5\n|inactive|Time left: 300 sec this turn | 300 sec total\n|\n|t:|1783548226\n|move|p2a: Dusknoir|Poltergeist|p1a: Lurantis\n|-activate|p1a: Lurantis|move: Poltergeist|Leftovers\n|-damage|p1a: Lurantis|67/264\n|move|p1a: Lurantis|Leaf Storm|p2a: Dusknoir\n|-damage|p2a: Dusknoir|0 fnt\n|-boost|p1a: Lurantis|spa|2\n|faint|p2a: Dusknoir\n|\n|-heal|p1a: Lurantis|83/264|[from] item: Leftovers\n|upkeep\n|\n|t:|1783548227\n|switch|p2a: Lucario|Lucario, L84, F|100/100\n|turn|6\n|inactive|Time left: 300 sec this turn | 300 sec total\n|\n|t:|1783548228\n|move|p2a: Lucario|Close Combat|p1a: Lurantis\n|-damage|p1a: Lurantis|0 fnt\n|-unboost|p2a: Lucario|def|1\n|-unboost|p2a: Lucario|spd|1\n|faint|p1a: Lurantis\n|\n|upkeep\n|inactive|Time left: 300 sec this turn | 300 sec total | 5 sec grace\n|\n|t:|1783548230\n|switch|p1a: Kricketune|Kricketune, L99, F|312/312\n|turn|7\n|inactive|Time left: 300 sec this turn | 300 sec total\n|\n|t:|1783548230\n|move|p2a: Lucario|Close Combat|p1a: Kricketune\n|-resisted|p1a: Kricketune\n|-damage|p1a: Kricketune|187/312\n|-unboost|p2a: Lucario|def|1\n|-unboost|p2a: Lucario|spd|1\n|move|p1a: Kricketune|Sticky Web|p2a: Lucario\n|-sidestart|p2: p0y7842ab1|move: Sticky Web\n|\n|upkeep\n|turn|8\n|inactive|Time left: 300 sec this turn | 300 sec total\n|\n|t:|1783548231\n|move|p2a: Lucario|Close Combat|p1a: Kricketune\n|-resisted|p1a: Kricketune\n|-damage|p1a: Kricketune|51/312\n|-unboost|p2a: Lucario|def|1\n|-unboost|p2a: Lucario|spd|1\n|move|p1a: Kricketune|Knock Off|p2a: Lucario\n|-resisted|p2a: Lucario\n|-damage|p2a: Lucario|53/100\n|-ability|p2a: Lucario|Justified|boost\n|-boost|p2a: Lucario|atk|1\n|-enditem|p2a: Lucario|Choice Band|[from] move: Knock Off|[of] p1a: Kricketune\n|\n|upkeep\n|turn|9\n|inactive|Time left: 300 sec this turn | 300 sec total\n|\n|t:|1783548233\n|switch|p1a: Sandy Shocks|Sandy Shocks, L80|267/267\n|move|p2a: Lucario|Meteor Mash|p1a: Sandy Shocks\n|-resisted|p1a: Sandy Shocks\n|-damage|p1a: Sandy Shocks|190/267\n|\n|-heal|p1a: Sandy Shocks|206/267|[from] item: Leftovers\n|upkeep\n|turn|10\n|inactive|Time left: 300 sec this turn | 300 sec total\n|\n|t:|1783548234\n|move|p2a: Lucario|Extreme Speed|p1a: Sandy Shocks\n|-damage|p1a: Sandy Shocks|119/267\n|move|p1a: Sandy Shocks|Thunderbolt|p2a: Lucario\n|-damage|p2a: Lucario|0 fnt\n|faint|p2a: Lucario\n|\n|-heal|p1a: Sandy Shocks|135/267|[from] item: Leftovers\n|upkeep\n|\n|t:|1783548235\n|switch|p2a: Victreebel|Victreebel, L90, M|100/100\n|-activate|p2a: Victreebel|move: Sticky Web\n|-unboost|p2a: Victreebel|spe|1\n|turn|11\n|inactive|Time left: 300 sec this turn | 300 sec total\n|\n|t:|1783548236\n|move|p1a: Sandy Shocks|Earth Power|p2a: Victreebel\n|-damage|p2a: Victreebel|58/100\n|move|p2a: Victreebel|Power Whip|p1a: Sandy Shocks\n|-supereffective|p1a: Sandy Shocks\n|-damage|p1a: Sandy Shocks|0 fnt\n|faint|p1a: Sandy Shocks\n|-end|p1a: Sandy Shocks|Protosynthesis|[silent]\n|-damage|p2a: Victreebel|48/100|[from] item: Life Orb\n|\n|upkeep\n|inactive|Time left: 300 sec this turn | 300 sec total | 5 sec grace\n|\n|t:|1783548237\n|switch|p1a: Delibird|Delibird, F|63/252\n|turn|12\n|inactive|Time left: 300 sec this turn | 300 sec total\n|\n|t:|1783548238\n|move|p1a: Delibird|Ice Shard|p2a: Victreebel\n|-supereffective|p2a: Victreebel\n|-damage|p2a: Victreebel|3/100\n|move|p2a: Victreebel|Sludge Wave|p1a: Delibird\n|-damage|p1a: Delibird|0 fnt\n|faint|p1a: Delibird\n|-damage|p2a: Victreebel|0 fnt|[from] item: Life Orb\n|faint|p2a: Victreebel\n|\n|upkeep\n|inactive|Time left: 300 sec this turn | 300 sec total | 5 sec grace\n|\n|t:|1783548239\n|switch|p1a: Kricketune|Kricketune, L99, F|51/312\n|switch|p2a: Tinkaton|Tinkaton, L82, F|100/100\n|-activate|p2a: Tinkaton|move: Sticky Web\n|-unboost|p2a: Tinkaton|spe|1\n|-ability|p2a: Tinkaton|Mold Breaker\n|turn|13\n|inactive|Time left: 300 sec this turn | 300 sec total\n|\n|t:|1783548240\n|move|p1a: Kricketune|Knock Off|p2a: Tinkaton\n|-resisted|p2a: Tinkaton\n|-damage|p2a: Tinkaton|83/100\n|-enditem|p2a: Tinkaton|Leftovers|[from] move: Knock Off|[of] p1a: Kricketune\n|move|p2a: Tinkaton|Gigaton Hammer|p1a: Kricketune\n|-damage|p1a: Kricketune|0 fnt\n|faint|p1a: Kricketune\n|\n|upkeep\n|inactive|Time left: 300 sec this turn | 300 sec total | 5 sec grace\n|\n|t:|1783548241\n|switch|p1a: Blissey|Blissey, L85, F|572/572\n|turn|14\n|inactive|Time left: 300 sec this turn | 300 sec total\n|\n|t:|1783548242\n|move|p1a: Blissey|Thunder Wave|p2a: Tinkaton\n|-status|p2a: Tinkaton|par\n|cant|p2a: Tinkaton|par\n|\n|upkeep\n|turn|15\n|inactive|Time left: 300 sec this turn | 300 sec total\n|\n|t:|1783548244\n|move|p1a: Blissey|Seismic Toss|p2a: Tinkaton\n|-damage|p2a: Tinkaton|52/100 par\n|move|p2a: Tinkaton|Play Rough|p1a: Blissey\n|-damage|p1a: Blissey|341/572\n|\n|-heal|p1a: Blissey|376/572|[from] item: Leftovers\n|upkeep\n|turn|16\n|inactive|Time left: 300 sec this turn | 300 sec total\n|\n|t:|1783548245\n|move|p1a: Blissey|Soft-Boiled|p1a: Blissey\n|-heal|p1a: Blissey|572/572\n|move|p2a: Tinkaton|Gigaton Hammer|p1a: Blissey\n|-damage|p1a: Blissey|188/572\n|\n|-heal|p1a: Blissey|223/572|[from] item: Leftovers\n|upkeep\n|turn|17\n|inactive|Time left: 300 sec this turn | 300 sec total\n|\n|t:|1783548246\n|move|p1a: Blissey|Seismic Toss|p2a: Tinkaton\n|-damage|p2a: Tinkaton|21/100 par\n|move|p2a: Tinkaton|Play Rough|p1a: Blissey\n|-damage|p1a: Blissey|19/572\n|\n|-heal|p1a: Blissey|54/572|[from] item: Leftovers\n|upkeep\n|turn|18\n|inactive|Time left: 300 sec this turn | 300 sec total\n|\n|t:|1783548247\n|move|p1a: Blissey|Soft-Boiled|p1a: Blissey\n|-heal|p1a: Blissey|340/572\n|move|p2a: Tinkaton|Gigaton Hammer|p1a: Blissey\n|-damage|p1a: Blissey|0 fnt\n|faint|p1a: Blissey\n|\n|upkeep\n|inactive|Time left: 300 sec this turn | 300 sec total | 5 sec grace\n|\n|t:|1783548248\n|switch|p1a: Cyclizar|Cyclizar, L84, M|255/255\n|turn|19\n|inactive|Time left: 300 sec this turn | 300 sec total\n|\n|t:|1783548249\n|move|p1a: Cyclizar|Rapid Spin|p2a: Tinkaton\n|-resisted|p2a: Tinkaton\n|-damage|p2a: Tinkaton|11/100 par\n|-boost|p1a: Cyclizar|spe|1\n|cant|p2a: Tinkaton|par\n|\n|upkeep\n|turn|20\n|inactive|Time left: 300 sec this turn | 300 sec total\n|\n|t:|1783548250\n|move|p1a: Cyclizar|Rapid Spin|p2a: Tinkaton\n|-resisted|p2a: Tinkaton\n|-damage|p2a: Tinkaton|0 fnt\n|-boost|p1a: Cyclizar|spe|1\n|faint|p2a: Tinkaton\n|\n|upkeep\n|\n|t:|1783548251\n|switch|p2a: Floatzel|Floatzel, L86, M|100/100\n|-activate|p2a: Floatzel|move: Sticky Web\n|-unboost|p2a: Floatzel|spe|1\n|turn|21\n|inactive|Time left: 300 sec this turn | 300 sec total\n|\n|t:|1783548252\n|-terastallize|p2a: Floatzel|Steel\n|move|p1a: Cyclizar|Knock Off|p2a: Floatzel\n|-damage|p2a: Floatzel|68/100\n|-enditem|p2a: Floatzel|Leftovers|[from] move: Knock Off|[of] p1a: Cyclizar\n|move|p2a: Floatzel|Ice Spinner|p1a: Cyclizar\n|-supereffective|p1a: Cyclizar\n|-crit|p1a: Cyclizar\n|-damage|p1a: Cyclizar|11/255\n|\n|upkeep\n|turn|22\n|inactive|Time left: 300 sec this turn | 300 sec total\n|\n|t:|1783548253\n|-terastallize|p1a: Cyclizar|Fairy\n|move|p1a: Cyclizar|Knock Off|p2a: Floatzel\n|-damage|p2a: Floatzel|48/100\n|move|p2a: Floatzel|Wave Crash|p1a: Cyclizar\n|-damage|p1a: Cyclizar|0 fnt\n|faint|p1a: Cyclizar\n|-damage|p2a: Floatzel|47/100|[from] Recoil\n|\n|win|p0y7842ab1", "uploadtime": 1783548253, "views": 0, "rating": 0, "private": 0, "password": null, "_winner": "p0y7842ab1", "_our_name": "p0x78493a0"}