{"id": "battle-gen9randombattle-490", "formatid": "gen9randombattle", "format": "[Gen 9] Random Battle", "players": ["p0x490c40a", "p0y490dbee"], "log": "|init|battle\n|title|p0x490c40a vs. p0y490dbee\n|j|\u2606p0x490c40a\n|j|\u2606p0y490dbee\n|t:|1783545463\n|gametype|singles\n|player|p1|p0x490c40a|266|\n|player|p2|p0y490dbee|1|\n|gen|9\n|tier|[Gen 9] Random Battle\n|rule|Species Clause: Limit one of each Pok\u00e9mon\n|rule|HP Percentage Mod: HP is shown in percentages\n|rule|Sleep Clause Mod: Limit one foe put to sleep\n|rule|Illusion Level Mod: Illusion disguises the Pok\u00e9mon's true level\n|\n|t:|1783545463\n|teamsize|p1|6\n|teamsize|p2|6\n|start\n|switch|p1a: Leavanny|Leavanny, L86, M|100/100\n|switch|p2a: Grafaiai|Grafaiai, L86, F|249/249\n|turn|1\n|inactive|Battle timer is ON: inactive players will automatically lose when time's up. (requested by p0x490c40a)\n|inactive|Time left: 300 sec this turn | 300 sec total | 60 sec grace\n|inactive|p0y490dbee also wants the timer to be on.\n|\n|t:|1783545464\n|move|p2a: Grafaiai|Gunk Shot|p1a: Leavanny\n|-supereffective|p1a: Leavanny\n|-damage|p1a: Leavanny|0 fnt\n|faint|p1a: Leavanny\n|-damage|p2a: Grafaiai|225/249|[from] item: Life Orb\n|\n|upkeep\n|\n|t:|1783545466\n|switch|p1a: Piloswine|Piloswine, L85, F|100/100\n|turn|2\n|inactive|Time left: 300 sec this turn | 300 sec total\n|\n|t:|1783545467\n|switch|p2a: Cryogonal|Cryogonal, L89|287/287\n|move|p1a: Piloswine|Earthquake|p2a: Cryogonal\n|-immune|p2a: Cryogonal|[from] ability: Levitate\n|\n|upkeep\n|turn|3\n|inactive|Time left: 300 sec this turn | 300 sec total\n|\n|t:|1783545468\n|move|p2a: Cryogonal|Flash Cannon|p1a: Piloswine\n|-supereffective|p1a: Piloswine\n|-damage|p1a: Piloswine|65/100\n|move|p1a: Piloswine|Earthquake|p2a: Cryogonal\n|-immune|p2a: Cryogonal|[from] ability: Levitate\n|\n|upkeep\n|turn|4\n|inactive|Time left: 300 sec this turn | 300 sec total\n|\n|t:|1783545469\n|move|p2a: Cryogonal|Flash Cannon|p1a: Piloswine\n|-supereffective|p1a: Piloswine\n|-crit|p1a: Piloswine\n|-damage|p1a: Piloswine|9/100\n|move|p1a: Piloswine|Icicle Crash|p2a: Cryogonal\n|-resisted|p2a: Cryogonal\n|-damage|p2a: Cryogonal|220/287\n|\n|upkeep\n|turn|5\n|inactive|Time left: 300 sec this turn | 300 sec total\n|\n|t:|1783545471\n|switch|p1a: Milotic|Milotic, L83, F|100/100\n|move|p2a: Cryogonal|Freeze-Dry|p1a: Milotic\n|-supereffective|p1a: Milotic\n|-crit|p1a: Milotic\n|-damage|p1a: Milotic|38/100\n|-status|p1a: Milotic|frz\n|\n|-heal|p1a: Milotic|45/100 frz|[from] item: Leftovers\n|upkeep\n|turn|6\n|inactive|Time left: 300 sec this turn | 300 sec total\n|\n|t:|1783545472\n|move|p2a: Cryogonal|Freeze-Dry|p1a: Milotic\n|-supereffective|p1a: Milotic\n|-damage|p1a: Milotic|0 fnt\n|faint|p1a: Milotic\n|\n|upkeep\n|\n|t:|1783545473\n|switch|p1a: Bruxish|Bruxish, L85, F|100/100\n|turn|7\n|inactive|Time left: 300 sec this turn | 300 sec total\n|\n|t:|1783545474\n|move|p1a: Bruxish|Psychic Fangs|p2a: Cryogonal\n|-crit|p2a: Cryogonal\n|-damage|p2a: Cryogonal|0 fnt\n|faint|p2a: Cryogonal\n|\n|upkeep\n|inactive|Time left: 300 sec this turn | 300 sec total | 5 sec grace\n|\n|t:|1783545475\n|switch|p2a: Kingambit|Kingambit, L74, M|270/270\n|-activate|p2a: Kingambit|ability: Supreme Overlord\n|-start|p2a: Kingambit|fallen1|[silent]\n|turn|8\n|inactive|Time left: 300 sec this turn | 300 sec total\n|\n|t:|1783545477\n|switch|p1a: Duraludon|Duraludon, L82, F|100/100\n|move|p2a: Kingambit|Kowtow Cleave|p1a: Duraludon\n|-damage|p1a: Duraludon|80/100\n|\n|upkeep\n|turn|9\n|inactive|Time left: 300 sec this turn | 300 sec total\n|\n|t:|1783545478\n|move|p1a: Duraludon|Body Press|p2a: Kingambit\n|-supereffective|p2a: Kingambit\n|-damage|p2a: Kingambit|42/270\n|move|p2a: Kingambit|Swords Dance|p2a: Kingambit\n|-boost|p2a: Kingambit|atk|2\n|\n|-heal|p2a: Kingambit|58/270|[from] item: Leftovers\n|upkeep\n|turn|10\n|inactive|Time left: 300 sec this turn | 300 sec total\n|\n|t:|1783545479\n|move|p2a: Kingambit|Sucker Punch|p1a: Duraludon\n|-damage|p1a: Duraludon|43/100\n|move|p1a: Duraludon|Body Press|p2a: Kingambit\n|-supereffective|p2a: Kingambit\n|-damage|p2a: Kingambit|0 fnt\n|faint|p2a: Kingambit\n|-end|p2a: Kingambit|fallen1|[silent]\n|\n|upkeep\n|inactive|Time left: 300 sec this turn | 300 sec total | 5 sec grace\n|\n|t:|1783545480\n|switch|p2a: Mewtwo|Mewtwo, L72|272/272\n|-ability|p2a: Mewtwo|Pressure\n|turn|11\n|inactive|Time left: 300 sec this turn | 300 sec total\n|\n|t:|1783545481\n|switch|p1a: Bruxish|Bruxish, L85, F|100/100\n|move|p2a: Mewtwo|Fire Blast|p1a: Bruxish\n|-resisted|p1a: Bruxish\n|-damage|p1a: Bruxish|75/100\n|-damage|p2a: Mewtwo|245/272|[from] item: Life Orb\n|\n|upkeep\n|turn|12\n|inactive|Time left: 300 sec this turn | 300 sec total\n|\n|t:|1783545482\n|move|p1a: Bruxish|Crunch|p2a: Mewtwo\n|-supereffective|p2a: Mewtwo\n|-damage|p2a: Mewtwo|41/272\n|move|p2a: Mewtwo|Dark Pulse|p1a: Bruxish\n|-supereffective|p1a: Bruxish\n|-damage|p1a: Bruxish|2/100\n|-damage|p2a: Mewtwo|14/272|[from] item: Life Orb\n|\n|upkeep\n|turn|13\n|inactive|Time left: 300 sec this turn | 300 sec total\n|\n|t:|1783545484\n|move|p1a: Bruxish|Crunch|p2a: Mewtwo\n|-supereffective|p2a: Mewtwo\n|-damage|p2a: Mewtwo|0 fnt\n|faint|p2a: Mewtwo\n|\n|upkeep\n|inactive|Time left: 300 sec this turn | 300 sec total | 5 sec grace\n|\n|t:|1783545485\n|switch|p2a: Squawkabilly|Squawkabilly-White, L89, F|291/291\n|turn|14\n|inactive|Time left: 300 sec this turn | 300 sec total\n|\n|t:|1783545486\n|move|p2a: Squawkabilly|Quick Attack|p1a: Bruxish\n|-damage|p1a: Bruxish|0 fnt\n|faint|p1a: Bruxish\n|\n|upkeep\n|\n|t:|1783545486\n|switch|p1a: Duraludon|Duraludon, L82, F|43/100\n|turn|15\n|inactive|Time left: 300 sec this turn | 300 sec total\n|\n|t:|1783545487\n|switch|p2a: Toxtricity|Toxtricity, L82, F|257/257\n|move|p1a: Duraludon|Flash Cannon|p2a: Toxtricity\n|-resisted|p2a: Toxtricity\n|-damage|p2a: Toxtricity|203/257\n|-unboost|p2a: Toxtricity|spd|1\n|\n|upkeep\n|turn|16\n|inactive|Time left: 300 sec this turn | 300 sec total\n|\n|t:|1783545488\n|move|p2a: Toxtricity|Boomburst|p1a: Duraludon\n|-resisted|p1a: Duraludon\n|-damage|p1a: Duraludon|15/100\n|move|p1a: Duraludon|Draco Meteor|p2a: Toxtricity\n|-damage|p2a: Toxtricity|0 fnt\n|-unboost|p1a: Duraludon|spa|2\n|faint|p2a: Toxtricity\n|\n|upkeep\n|inactive|Time left: 300 sec this turn | 300 sec total | 5 sec grace\n|\n|t:|1783545489\n|switch|p2a: Squawkabilly|Squawkabilly-White, L89, F|291/291\n|turn|17\n|inactive|Time left: 300 sec this turn | 300 sec total\n|\n|t:|1783545490\n|move|p2a: Squawkabilly|Double-Edge|p1a: Duraludon\n|-resisted|p1a: Duraludon\n|-damage|p1a: Duraludon|0 fnt\n|faint|p1a: Duraludon\n|-damage|p2a: Squawkabilly|279/291|[from] Recoil\n|\n|upkeep\n|\n|t:|1783545491\n|switch|p1a: Piloswine|Piloswine, L85, F|9/100\n|turn|18\n|inactive|Time left: 300 sec this turn | 300 sec total\n|\n|t:|1783545492\n|move|p2a: Squawkabilly|Double-Edge|p1a: Piloswine\n|-damage|p1a: Piloswine|0 fnt\n|faint|p1a: Piloswine\n|-damage|p2a: Squawkabilly|271/291|[from] Recoil\n|\n|upkeep\n|\n|t:|1783545492\n|switch|p1a: Chansey|Chansey, L85, F|100/100\n|turn|19\n|inactive|Time left: 300 sec this turn | 300 sec total\n|\n|t:|1783545493\n|-terastallize|p2a: Squawkabilly|Normal\n|move|p2a: Squawkabilly|Double-Edge|p1a: Chansey\n|-damage|p1a: Chansey|0 fnt\n|faint|p1a: Chansey\n|-damage|p2a: Squawkabilly|85/291|[from] Recoil\n|\n|win|p0y490dbee", "uploadtime": 1783545493, "views": 0, "rating": 0, "private": 0, "password": null, "_winner": "p0y490dbee", "_our_name": "p0y490dbee"}