{"id": "battle-gen9randombattle-2981", "formatid": "gen9randombattle", "format": "[Gen 9] Random Battle", "players": ["p0x29826d55", "p0y2982d6f1"], "log": "|init|battle\n|title|p0x29826d55 vs. p0y2982d6f1\n|j|\u2606p0x29826d55\n|j|\u2606p0y2982d6f1\n|t:|1783574330\n|gametype|singles\n|player|p1|p0x29826d55|169|\n|player|p2|p0y2982d6f1|170|\n|gen|9\n|tier|[Gen 9] Random Battle\n|rule|Species Clause: Limit one of each Pok\u00e9mon\n|rule|HP Percentage Mod: HP is shown in percentages\n|rule|Sleep Clause Mod: Limit one foe put to sleep\n|rule|Illusion Level Mod: Illusion disguises the Pok\u00e9mon's true level\n|\n|t:|1783574330\n|teamsize|p1|6\n|teamsize|p2|6\n|start\n|switch|p1a: Ogerpon|Ogerpon-Hearthflame, L74, F|239/239\n|switch|p2a: Hariyama|Hariyama, L87, M|100/100\n|-ability|p1a: Ogerpon|Mold Breaker\n|turn|1\n|inactive|Battle timer is ON: inactive players will automatically lose when time's up. (requested by p0y2982d6f1)\n|inactive|Time left: 300 sec this turn | 300 sec total | 60 sec grace\n|\n|t:|1783574331\n|move|p1a: Ogerpon|Knock Off|p2a: Hariyama\n|-resisted|p2a: Hariyama\n|-damage|p2a: Hariyama|88/100\n|-enditem|p2a: Hariyama|Assault Vest|[from] move: Knock Off|[of] p1a: Ogerpon\n|move|p2a: Hariyama|Close Combat|p1a: Ogerpon\n|-damage|p1a: Ogerpon|62/239\n|-unboost|p2a: Hariyama|def|1\n|-unboost|p2a: Hariyama|spd|1\n|\n|upkeep\n|turn|2\n|inactive|Time left: 300 sec this turn | 300 sec total\n|inactive|p0x29826d55 also wants the timer to be on.\n|\n|t:|1783574332\n|switch|p2a: Rayquaza|Rayquaza, L72|100/100\n|-ability|p2a: Rayquaza|Air Lock\n|move|p1a: Ogerpon|Ivy Cudgel|p2a: Rayquaza|[anim] Ivy Cudgel Fire\n|-resisted|p2a: Rayquaza\n|-damage|p2a: Rayquaza|75/100\n|\n|upkeep\n|turn|3\n|inactive|Time left: 300 sec this turn | 300 sec total\n|\n|t:|1783574333\n|move|p1a: Ogerpon|Ivy Cudgel|p2a: Rayquaza|[anim] Ivy Cudgel Fire\n|-resisted|p2a: Rayquaza\n|-damage|p2a: Rayquaza|49/100\n|move|p2a: Rayquaza|Outrage|p1a: Ogerpon\n|-damage|p1a: Ogerpon|0 fnt\n|faint|p1a: Ogerpon\n|\n|upkeep\n|inactive|Time left: 300 sec this turn | 300 sec total | 5 sec grace\n|\n|t:|1783574334\n|switch|p1a: Masquerain|Masquerain, L87, M|264/264\n|-ability|p1a: Masquerain|Intimidate|boost\n|-unboost|p2a: Rayquaza|atk|1\n|turn|4\n|inactive|Time left: 300 sec this turn | 300 sec total\n|\n|t:|1783574336\n|move|p1a: Masquerain|Sticky Web|p2a: Rayquaza\n|-sidestart|p2: p0y2982d6f1|move: Sticky Web\n|move|p2a: Rayquaza|Outrage|p1a: Masquerain|[from] lockedmove\n|-damage|p1a: Masquerain|153/264\n|\n|upkeep\n|turn|5\n|inactive|Time left: 300 sec this turn | 300 sec total\n|\n|t:|1783574337\n|move|p1a: Masquerain|Hurricane|p2a: Rayquaza|[miss]\n|-miss|p1a: Masquerain|p2a: Rayquaza\n|move|p2a: Rayquaza|Outrage|p1a: Masquerain|[from] lockedmove\n|-damage|p1a: Masquerain|51/264\n|-start|p2a: Rayquaza|confusion|[fatigue]\n|\n|upkeep\n|turn|6\n|inactive|Time left: 300 sec this turn | 300 sec total\n|\n|t:|1783574338\n|switch|p2a: Vikavolt|Vikavolt, L83, F|100/100\n|move|p1a: Masquerain|Hurricane|p2a: Vikavolt|[miss]\n|-miss|p1a: Masquerain|p2a: Vikavolt\n|\n|upkeep\n|turn|7\n|inactive|Time left: 300 sec this turn | 300 sec total\n|\n|t:|1783574339\n|move|p1a: Masquerain|Bug Buzz|p2a: Vikavolt\n|-damage|p2a: Vikavolt|54/100\n|move|p2a: Vikavolt|Sticky Web|p1a: Masquerain\n|-sidestart|p1: p0x29826d55|move: Sticky Web\n|\n|upkeep\n|turn|8\n|inactive|Time left: 300 sec this turn | 300 sec total\n|\n|t:|1783574340\n|move|p1a: Masquerain|Hurricane|p2a: Vikavolt\n|-damage|p2a: Vikavolt|0 fnt\n|faint|p2a: Vikavolt\n|\n|upkeep\n|\n|t:|1783574341\n|switch|p2a: Grumpig|Grumpig, L92, M|100/100\n|-activate|p2a: Grumpig|move: Sticky Web\n|-unboost|p2a: Grumpig|spe|1\n|turn|9\n|inactive|Time left: 300 sec this turn | 300 sec total\n|\n|t:|1783574342\n|move|p2a: Grumpig|Psychic|p1a: Masquerain\n|-damage|p1a: Masquerain|0 fnt\n|faint|p1a: Masquerain\n|\n|upkeep\n|inactive|Time left: 300 sec this turn | 300 sec total | 5 sec grace\n|\n|t:|1783574343\n|switch|p1a: Iron Boulder|Iron Boulder, L77|265/265\n|-activate|p1a: Iron Boulder|move: Sticky Web\n|-unboost|p1a: Iron Boulder|spe|1\n|-enditem|p1a: Iron Boulder|Booster Energy\n|-activate|p1a: Iron Boulder|ability: Quark Drive|[fromitem]\n|-start|p1a: Iron Boulder|quarkdriveatk\n|turn|10\n|inactive|Time left: 300 sec this turn | 300 sec total\n|\n|t:|1783574344\n|move|p2a: Grumpig|Psychic|p1a: Iron Boulder\n|-resisted|p1a: Iron Boulder\n|-damage|p1a: Iron Boulder|218/265\n|move|p1a: Iron Boulder|Swords Dance|p1a: Iron Boulder\n|-boost|p1a: Iron Boulder|atk|2\n|\n|upkeep\n|turn|11\n|inactive|Time left: 300 sec this turn | 300 sec total\n|\n|t:|1783574345\n|move|p2a: Grumpig|Psychic|p1a: Iron Boulder\n|-resisted|p1a: Iron Boulder\n|-damage|p1a: Iron Boulder|172/265\n|-unboost|p1a: Iron Boulder|spd|1\n|move|p1a: Iron Boulder|Mighty Cleave|p2a: Grumpig\n|-damage|p2a: Grumpig|6/100\n|\n|upkeep\n|turn|12\n|inactive|Time left: 300 sec this turn | 300 sec total\n|\n|t:|1783574346\n|move|p2a: Grumpig|Psychic|p1a: Iron Boulder\n|-resisted|p1a: Iron Boulder\n|-crit|p1a: Iron Boulder\n|-damage|p1a: Iron Boulder|70/265\n|move|p1a: Iron Boulder|Zen Headbutt|p2a: Grumpig\n|-resisted|p2a: Grumpig\n|-damage|p2a: Grumpig|0 fnt\n|faint|p2a: Grumpig\n|\n|upkeep\n|\n|t:|1783574347\n|switch|p2a: Rayquaza|Rayquaza, L72|49/100\n|-ability|p2a: Rayquaza|Air Lock\n|turn|13\n|inactive|Time left: 300 sec this turn | 300 sec total\n|\n|t:|1783574348\n|-end|p1a: Iron Boulder|Quark Drive|[silent]\n|switch|p1a: Granbull|Granbull, L88, F|302/302\n|-activate|p1a: Granbull|move: Sticky Web\n|-unboost|p1a: Granbull|spe|1\n|-ability|p1a: Granbull|Intimidate|boost\n|-unboost|p2a: Rayquaza|atk|1\n|move|p2a: Rayquaza|Earthquake|p1a: Granbull\n|-damage|p1a: Granbull|251/302\n|\n|-heal|p1a: Granbull|269/302|[from] item: Leftovers\n|upkeep\n|turn|14\n|inactive|Time left: 300 sec this turn | 300 sec total\n|\n|t:|1783574349\n|switch|p2a: Hariyama|Hariyama, L87, M|88/100\n|-activate|p2a: Hariyama|move: Sticky Web\n|-unboost|p2a: Hariyama|spe|1\n|move|p1a: Granbull|Play Rough|p2a: Hariyama\n|-supereffective|p2a: Hariyama\n|-damage|p2a: Hariyama|9/100\n|\n|-heal|p1a: Granbull|287/302|[from] item: Leftovers\n|upkeep\n|turn|15\n|inactive|Time left: 300 sec this turn | 300 sec total\n|\n|t:|1783574350\n|switch|p1a: Dipplin|Dipplin, L88, M|284/284\n|-activate|p1a: Dipplin|move: Sticky Web\n|-unboost|p1a: Dipplin|spe|1\n|move|p2a: Hariyama|Heavy Slam|p1a: Dipplin\n|-damage|p1a: Dipplin|222/284\n|\n|upkeep\n|turn|16\n|inactive|Time left: 300 sec this turn | 300 sec total\n|\n|t:|1783574351\n|move|p2a: Hariyama|Close Combat|p1a: Dipplin\n|-damage|p1a: Dipplin|131/284\n|-unboost|p2a: Hariyama|def|1\n|-unboost|p2a: Hariyama|spd|1\n|move|p1a: Dipplin|Recover|p1a: Dipplin\n|-heal|p1a: Dipplin|273/284\n|\n|upkeep\n|turn|17\n|inactive|Time left: 300 sec this turn | 300 sec total\n|\n|t:|1783574353\n|move|p2a: Hariyama|Knock Off|p1a: Dipplin\n|-damage|p1a: Dipplin|226/284\n|-activate|p1a: Dipplin|ability: Sticky Hold\n|move|p1a: Dipplin|Dragon Pulse|p2a: Hariyama\n|-damage|p2a: Hariyama|0 fnt\n|faint|p2a: Hariyama\n|\n|upkeep\n|\n|t:|1783574354\n|switch|p2a: Rayquaza|Rayquaza, L72|49/100\n|-ability|p2a: Rayquaza|Air Lock\n|turn|18\n|inactive|Time left: 300 sec this turn | 300 sec total\n|\n|t:|1783574355\n|move|p2a: Rayquaza|Outrage|p1a: Dipplin\n|-supereffective|p1a: Dipplin\n|-damage|p1a: Dipplin|76/284\n|move|p1a: Dipplin|Dragon Pulse|p2a: Rayquaza\n|-supereffective|p2a: Rayquaza\n|-damage|p2a: Rayquaza|0 fnt\n|faint|p2a: Rayquaza\n|\n|upkeep\n|\n|t:|1783574356\n|switch|p2a: Maushold|Maushold-Four, L76|100/100\n|-activate|p2a: Maushold|move: Sticky Web\n|-unboost|p2a: Maushold|spe|1\n|turn|19\n|inactive|Time left: 300 sec this turn | 300 sec total\n|\n|t:|1783574356\n|move|p2a: Maushold|Population Bomb|p1a: Dipplin\n|-damage|p1a: Dipplin|63/284\n|-damage|p1a: Dipplin|50/284\n|-damage|p1a: Dipplin|37/284\n|-damage|p1a: Dipplin|24/284\n|-damage|p1a: Dipplin|11/284\n|-damage|p1a: Dipplin|0 fnt\n|faint|p1a: Dipplin\n|-hitcount|p1: Dipplin|6\n|\n|upkeep\n|inactive|Time left: 300 sec this turn | 300 sec total | 5 sec grace\n|\n|t:|1783574357\n|switch|p1a: Iron Boulder|Iron Boulder, L77|70/265\n|-activate|p1a: Iron Boulder|move: Sticky Web\n|-unboost|p1a: Iron Boulder|spe|1\n|turn|20\n|inactive|Time left: 300 sec this turn | 300 sec total\n|\n|t:|1783574358\n|switch|p2a: Tauros|Tauros, L82, M|100/100\n|-activate|p2a: Tauros|move: Sticky Web\n|-unboost|p2a: Tauros|spe|1\n|-terastallize|p1a: Iron Boulder|Fighting\n|move|p1a: Iron Boulder|Close Combat|p2a: Tauros\n|-supereffective|p2a: Tauros\n|-damage|p2a: Tauros|0 fnt\n|-unboost|p1a: Iron Boulder|def|1\n|-unboost|p1a: Iron Boulder|spd|1\n|faint|p2a: Tauros\n|\n|upkeep\n|\n|t:|1783574359\n|switch|p2a: Maushold|Maushold-Four, L76|100/100\n|-activate|p2a: Maushold|move: Sticky Web\n|-unboost|p2a: Maushold|spe|1\n|turn|21\n|inactive|Time left: 300 sec this turn | 300 sec total\n|\n|t:|1783574360\n|move|p1a: Iron Boulder|Close Combat|p2a: Maushold\n|-supereffective|p2a: Maushold\n|-damage|p2a: Maushold|0 fnt\n|-unboost|p1a: Iron Boulder|def|1\n|-unboost|p1a: Iron Boulder|spd|1\n|faint|p2a: Maushold\n|\n|win|p0x29826d55", "uploadtime": 1783574360, "views": 0, "rating": 0, "private": 0, "password": null, "_winner": "p0x29826d55", "_our_name": "p0x29826d55"}