{"id": "battle-gen9randombattle-268", "formatid": "gen9randombattle", "format": "[Gen 9] Random Battle", "players": ["p0x268c48e", "p0y2689854"], "log": "|init|battle\n|title|p0x268c48e vs. p0y2689854\n|j|\u2606p0x268c48e\n|j|\u2606p0y2689854\n|t:|1783536383\n|gametype|singles\n|player|p1|p0x268c48e|2|\n|player|p2|p0y2689854|169|\n|gen|9\n|tier|[Gen 9] Random Battle\n|rule|Species Clause: Limit one of each Pok\u00e9mon\n|rule|HP Percentage Mod: HP is shown in percentages\n|rule|Sleep Clause Mod: Limit one foe put to sleep\n|rule|Illusion Level Mod: Illusion disguises the Pok\u00e9mon's true level\n|\n|t:|1783536383\n|teamsize|p1|6\n|teamsize|p2|6\n|start\n|switch|p1a: Deoxys|Deoxys-Defense, L84|100/100\n|switch|p2a: Landorus|Landorus, L75, M|257/257\n|-ability|p1a: Deoxys|Pressure\n|turn|1\n|inactive|Battle timer is ON: inactive players will automatically lose when time's up. (requested by p0x268c48e)\n|inactive|Time left: 300 sec this turn | 300 sec total | 60 sec grace\n|inactive|p0y2689854 also wants the timer to be on.\n|\n|t:|1783536384\n|move|p1a: Deoxys|Night Shade|p2a: Landorus\n|-damage|p2a: Landorus|173/257\n|move|p2a: Landorus|Stealth Rock|p1a: Deoxys\n|-sidestart|p1: p0x268c48e|move: Stealth Rock\n|\n|upkeep\n|turn|2\n|inactive|Time left: 300 sec this turn | 300 sec total\n|\n|t:|1783536386\n|move|p1a: Deoxys|Night Shade|p2a: Landorus\n|-damage|p2a: Landorus|89/257\n|move|p2a: Landorus|Earth Power|p1a: Deoxys\n|-damage|p1a: Deoxys|58/100\n|\n|-heal|p1a: Deoxys|63/100|[from] item: Leftovers\n|upkeep\n|turn|3\n|inactive|Time left: 300 sec this turn | 300 sec total\n|\n|t:|1783536387\n|move|p1a: Deoxys|Cosmic Power|p1a: Deoxys\n|-boost|p1a: Deoxys|def|1\n|-boost|p1a: Deoxys|spd|1\n|move|p2a: Landorus|Earth Power|p1a: Deoxys\n|-damage|p1a: Deoxys|35/100\n|\n|-heal|p1a: Deoxys|41/100|[from] item: Leftovers\n|upkeep\n|turn|4\n|inactive|Time left: 300 sec this turn | 300 sec total\n|\n|t:|1783536388\n|switch|p2a: Rotom|Rotom, L88|231/231\n|move|p1a: Deoxys|Recover|p1a: Deoxys\n|-heal|p1a: Deoxys|91/100\n|\n|-heal|p1a: Deoxys|97/100|[from] item: Leftovers\n|upkeep\n|turn|5\n|inactive|Time left: 300 sec this turn | 300 sec total\n|\n|t:|1783536389\n|move|p2a: Rotom|Nasty Plot|p2a: Rotom\n|-boost|p2a: Rotom|spa|2\n|move|p1a: Deoxys|Cosmic Power|p1a: Deoxys\n|-boost|p1a: Deoxys|def|1\n|-boost|p1a: Deoxys|spd|1\n|\n|-heal|p1a: Deoxys|100/100|[from] item: Leftovers\n|upkeep\n|turn|6\n|inactive|Time left: 300 sec this turn | 300 sec total\n|\n|t:|1783536390\n|move|p2a: Rotom|Shadow Ball|p1a: Deoxys\n|-supereffective|p1a: Deoxys\n|-damage|p1a: Deoxys|32/100\n|-damage|p2a: Rotom|208/231|[from] item: Life Orb\n|move|p1a: Deoxys|Night Shade|p2a: Rotom\n|-damage|p2a: Rotom|124/231\n|\n|-heal|p1a: Deoxys|38/100|[from] item: Leftovers\n|upkeep\n|turn|7\n|inactive|Time left: 300 sec this turn | 300 sec total\n|\n|t:|1783536392\n|switch|p1a: Arboliva|Arboliva, L91, F|100/100\n|-damage|p1a: Arboliva|88/100|[from] Stealth Rock\n|move|p2a: Rotom|Shadow Ball|p1a: Arboliva\n|-immune|p1a: Arboliva\n|\n|-heal|p1a: Arboliva|94/100|[from] item: Leftovers\n|upkeep\n|turn|8\n|inactive|Time left: 300 sec this turn | 300 sec total\n|\n|t:|1783536393\n|switch|p2a: Cresselia|Cresselia, L80, F|323/323\n|move|p1a: Arboliva|Energy Ball|p2a: Cresselia\n|-damage|p2a: Cresselia|200/323\n|\n|-heal|p2a: Cresselia|220/323|[from] item: Leftovers\n|-heal|p1a: Arboliva|100/100|[from] item: Leftovers\n|upkeep\n|turn|9\n|inactive|Time left: 300 sec this turn | 300 sec total\n|\n|t:|1783536394\n|move|p2a: Cresselia|Calm Mind|p2a: Cresselia\n|-boost|p2a: Cresselia|spa|1\n|-boost|p2a: Cresselia|spd|1\n|move|p1a: Arboliva|Energy Ball|p2a: Cresselia\n|-damage|p2a: Cresselia|141/323\n|\n|-heal|p2a: Cresselia|161/323|[from] item: Leftovers\n|upkeep\n|turn|10\n|inactive|Time left: 300 sec this turn | 300 sec total\n|\n|t:|1783536396\n|move|p2a: Cresselia|Calm Mind|p2a: Cresselia\n|-boost|p2a: Cresselia|spa|1\n|-boost|p2a: Cresselia|spd|1\n|move|p1a: Arboliva|Energy Ball|p2a: Cresselia\n|-damage|p2a: Cresselia|103/323\n|\n|-heal|p2a: Cresselia|123/323|[from] item: Leftovers\n|upkeep\n|turn|11\n|inactive|Time left: 300 sec this turn | 300 sec total\n|\n|t:|1783536397\n|move|p2a: Cresselia|Moonlight|p2a: Cresselia\n|-heal|p2a: Cresselia|284/323\n|move|p1a: Arboliva|Energy Ball|p2a: Cresselia\n|-damage|p2a: Cresselia|227/323\n|\n|-heal|p2a: Cresselia|247/323|[from] item: Leftovers\n|upkeep\n|turn|12\n|inactive|Time left: 300 sec this turn | 300 sec total\n|\n|t:|1783536398\n|move|p2a: Cresselia|Calm Mind|p2a: Cresselia\n|-boost|p2a: Cresselia|spa|1\n|-boost|p2a: Cresselia|spd|1\n|move|p1a: Arboliva|Strength Sap|p2a: Cresselia\n|-unboost|p2a: Cresselia|atk|1\n|\n|-heal|p2a: Cresselia|267/323|[from] item: Leftovers\n|upkeep\n|turn|13\n|inactive|Time left: 300 sec this turn | 300 sec total\n|\n|t:|1783536399\n|move|p2a: Cresselia|Psyshock|p1a: Arboliva\n|-damage|p1a: Arboliva|46/100\n|-fieldstart|move: Grassy Terrain|[from] ability: Seed Sower|[of] p1a: Arboliva\n|move|p1a: Arboliva|Strength Sap|p2a: Cresselia\n|-unboost|p2a: Cresselia|atk|1\n|-heal|p1a: Arboliva|73/100\n|\n|-heal|p2a: Cresselia|287/323|[from] item: Leftovers\n|-heal|p1a: Arboliva|79/100|[from] Grassy Terrain\n|-heal|p1a: Arboliva|85/100|[from] item: Leftovers\n|upkeep\n|turn|14\n|inactive|Time left: 300 sec this turn | 300 sec total\n|\n|t:|1783536400\n|move|p2a: Cresselia|Psyshock|p1a: Arboliva\n|-damage|p1a: Arboliva|36/100\n|move|p1a: Arboliva|Strength Sap|p2a: Cresselia\n|-unboost|p2a: Cresselia|atk|1\n|-heal|p1a: Arboliva|56/100\n|\n|-heal|p2a: Cresselia|307/323|[from] item: Leftovers\n|-heal|p1a: Arboliva|63/100|[from] Grassy Terrain\n|-heal|p1a: Arboliva|69/100|[from] item: Leftovers\n|upkeep\n|turn|15\n|inactive|Time left: 300 sec this turn | 300 sec total\n|\n|t:|1783536400\n|move|p2a: Cresselia|Psyshock|p1a: Arboliva\n|-damage|p1a: Arboliva|17/100\n|move|p1a: Arboliva|Strength Sap|p2a: Cresselia\n|-unboost|p2a: Cresselia|atk|1\n|-heal|p1a: Arboliva|33/100\n|\n|-heal|p2a: Cresselia|323/323|[from] item: Leftovers\n|-heal|p1a: Arboliva|39/100|[from] Grassy Terrain\n|-heal|p1a: Arboliva|45/100|[from] item: Leftovers\n|upkeep\n|turn|16\n|inactive|Time left: 300 sec this turn | 300 sec total\n|\n|t:|1783536401\n|switch|p1a: Deoxys|Deoxys-Defense, L84|38/100\n|-damage|p1a: Deoxys|26/100|[from] Stealth Rock\n|-ability|p1a: Deoxys|Pressure\n|move|p2a: Cresselia|Psyshock|p1a: Deoxys\n|-resisted|p1a: Deoxys\n|-crit|p1a: Deoxys\n|-damage|p1a: Deoxys|0 fnt\n|faint|p1a: Deoxys\n|\n|upkeep\n|\n|t:|1783536402\n|switch|p1a: Gliscor|Gliscor, L76, M|100/100\n|-damage|p1a: Gliscor|88/100|[from] Stealth Rock\n|turn|17\n|inactive|Time left: 300 sec this turn | 300 sec total\n|\n|t:|1783536403\n|move|p1a: Gliscor|Toxic|p2a: Cresselia\n|-status|p2a: Cresselia|tox\n|move|p2a: Cresselia|Psyshock|p1a: Gliscor\n|-damage|p1a: Gliscor|32/100\n|\n|-damage|p2a: Cresselia|303/323 tox|[from] psn\n|-fieldend|move: Grassy Terrain\n|-status|p1a: Gliscor|tox|[from] item: Toxic Orb\n|upkeep\n|turn|18\n|inactive|Time left: 300 sec this turn | 300 sec total\n|\n|t:|1783536404\n|move|p1a: Gliscor|Protect|p1a: Gliscor\n|-singleturn|p1a: Gliscor|Protect\n|move|p2a: Cresselia|Psyshock|p1a: Gliscor\n|-activate|p1a: Gliscor|move: Protect\n|\n|-heal|p2a: Cresselia|323/323 tox|[from] item: Leftovers\n|-heal|p1a: Gliscor|44/100 tox|[from] ability: Poison Heal\n|-damage|p2a: Cresselia|283/323 tox|[from] psn\n|upkeep\n|turn|19\n|inactive|Time left: 300 sec this turn | 300 sec total\n|\n|t:|1783536405\n|move|p1a: Gliscor|Substitute|p1a: Gliscor\n|-start|p1a: Gliscor|Substitute\n|-damage|p1a: Gliscor|19/100 tox\n|move|p2a: Cresselia|Psyshock|p1a: Gliscor\n|-end|p1a: Gliscor|Substitute\n|\n|-heal|p2a: Cresselia|303/323 tox|[from] item: Leftovers\n|-heal|p1a: Gliscor|31/100 tox|[from] ability: Poison Heal\n|-damage|p2a: Cresselia|243/323 tox|[from] psn\n|upkeep\n|turn|20\n|inactive|Time left: 300 sec this turn | 300 sec total\n|\n|t:|1783536406\n|move|p1a: Gliscor|Substitute|p1a: Gliscor\n|-start|p1a: Gliscor|Substitute\n|-damage|p1a: Gliscor|7/100 tox\n|move|p2a: Cresselia|Psyshock|p1a: Gliscor\n|-end|p1a: Gliscor|Substitute\n|\n|-heal|p2a: Cresselia|263/323 tox|[from] item: Leftovers\n|-heal|p1a: Gliscor|19/100 tox|[from] ability: Poison Heal\n|-damage|p2a: Cresselia|183/323 tox|[from] psn\n|upkeep\n|turn|21\n|inactive|Time left: 300 sec this turn | 300 sec total\n|\n|t:|1783536407\n|move|p1a: Gliscor|Protect|p1a: Gliscor\n|-singleturn|p1a: Gliscor|Protect\n|move|p2a: Cresselia|Moonlight|p2a: Cresselia\n|-heal|p2a: Cresselia|323/323 tox\n|\n|-heal|p1a: Gliscor|31/100 tox|[from] ability: Poison Heal\n|-damage|p2a: Cresselia|223/323 tox|[from] psn\n|upkeep\n|turn|22\n|inactive|Time left: 300 sec this turn | 300 sec total\n|\n|t:|1783536408\n|move|p1a: Gliscor|Substitute|p1a: Gliscor\n|-start|p1a: Gliscor|Substitute\n|-damage|p1a: Gliscor|6/100 tox\n|move|p2a: Cresselia|Moonblast|p1a: Gliscor\n|-end|p1a: Gliscor|Substitute\n|\n|-heal|p2a: Cresselia|243/323 tox|[from] item: Leftovers\n|-heal|p1a: Gliscor|18/100 tox|[from] ability: Poison Heal\n|-damage|p2a: Cresselia|123/323 tox|[from] psn\n|upkeep\n|turn|23\n|inactive|Time left: 300 sec this turn | 300 sec total\n|\n|t:|1783536409\n|move|p1a: Gliscor|Protect|p1a: Gliscor\n|-singleturn|p1a: Gliscor|Protect\n|move|p2a: Cresselia|Moonlight|p2a: Cresselia\n|-heal|p2a: Cresselia|284/323 tox\n|\n|-heal|p2a: Cresselia|304/323 tox|[from] item: Leftovers\n|-heal|p1a: Gliscor|31/100 tox|[from] ability: Poison Heal\n|-damage|p2a: Cresselia|164/323 tox|[from] psn\n|upkeep\n|turn|24\n|inactive|Time left: 300 sec this turn | 300 sec total\n|\n|t:|1783536410\n|move|p1a: Gliscor|Substitute|p1a: Gliscor\n|-start|p1a: Gliscor|Substitute\n|-damage|p1a: Gliscor|6/100 tox\n|move|p2a: Cresselia|Moonblast|p1a: Gliscor\n|-end|p1a: Gliscor|Substitute\n|\n|-heal|p2a: Cresselia|184/323 tox|[from] item: Leftovers\n|-heal|p1a: Gliscor|18/100 tox|[from] ability: Poison Heal\n|-damage|p2a: Cresselia|24/323 tox|[from] psn\n|upkeep\n|turn|25\n|inactive|Time left: 300 sec this turn | 300 sec total\n|\n|t:|1783536411\n|move|p1a: Gliscor|Protect|p1a: Gliscor\n|-singleturn|p1a: Gliscor|Protect\n|move|p2a: Cresselia|Psyshock|p1a: Gliscor\n|-activate|p1a: Gliscor|move: Protect\n|\n|-heal|p2a: Cresselia|44/323 tox|[from] item: Leftovers\n|-heal|p1a: Gliscor|30/100 tox|[from] ability: Poison Heal\n|-damage|p2a: Cresselia|0 fnt|[from] psn\n|faint|p2a: Cresselia\n|upkeep\n|inactive|Time left: 300 sec this turn | 300 sec total | 5 sec grace\n|\n|t:|1783536413\n|switch|p2a: Espeon|Espeon, L84, F|246/246\n|turn|26\n|inactive|Time left: 300 sec this turn | 300 sec total\n|\n|t:|1783536414\n|switch|p1a: Hatterene|Hatterene, L85, F|100/100\n|-damage|p1a: Hatterene|88/100|[from] Stealth Rock\n|move|p2a: Espeon|Psychic|p1a: Hatterene\n|-resisted|p1a: Hatterene\n|-damage|p1a: Hatterene|64/100\n|\n|upkeep\n|turn|27\n|inactive|Time left: 300 sec this turn | 300 sec total\n|\n|t:|1783536415\n|switch|p2a: Tinkaton|Tinkaton, L82, F|274/274\n|-ability|p2a: Tinkaton|Mold Breaker\n|move|p1a: Hatterene|Draining Kiss|p2a: Tinkaton\n|-resisted|p2a: Tinkaton\n|-damage|p2a: Tinkaton|240/274\n|-heal|p1a: Hatterene|75/100|[from] drain|[of] p2a: Tinkaton\n|\n|-heal|p2a: Tinkaton|257/274|[from] item: Leftovers\n|upkeep\n|turn|28\n|inactive|Time left: 300 sec this turn | 300 sec total\n|\n|t:|1783536416\n|-terastallize|p1a: Hatterene|Steel\n|move|p2a: Tinkaton|Gigaton Hammer|p1a: Hatterene\n|-resisted|p1a: Hatterene\n|-damage|p1a: Hatterene|49/100\n|move|p1a: Hatterene|Mystical Fire|p2a: Tinkaton\n|-supereffective|p2a: Tinkaton\n|-damage|p2a: Tinkaton|127/274\n|-unboost|p2a: Tinkaton|spa|1\n|\n|-heal|p2a: Tinkaton|144/274|[from] item: Leftovers\n|upkeep\n|turn|29\n|inactive|Time left: 300 sec this turn | 300 sec total\n|\n|t:|1783536417\n|move|p2a: Tinkaton|Swords Dance|p2a: Tinkaton\n|-boost|p2a: Tinkaton|atk|2\n|move|p1a: Hatterene|Mystical Fire|p2a: Tinkaton\n|-supereffective|p2a: Tinkaton\n|-damage|p2a: Tinkaton|2/274\n|-unboost|p2a: Tinkaton|spa|1\n|\n|-heal|p2a: Tinkaton|19/274|[from] item: Leftovers\n|upkeep\n|turn|30\n|inactive|Time left: 300 sec this turn | 300 sec total\n|\n|t:|1783536418\n|move|p2a: Tinkaton|Gigaton Hammer|p1a: Hatterene\n|-resisted|p1a: Hatterene\n|-damage|p1a: Hatterene|0 fnt\n|faint|p1a: Hatterene\n|\n|-heal|p2a: Tinkaton|36/274|[from] item: Leftovers\n|upkeep\n|\n|t:|1783536419\n|switch|p1a: Vigoroth|Vigoroth, L85, M|100/100\n|-damage|p1a: Vigoroth|88/100|[from] Stealth Rock\n|turn|31\n|inactive|Time left: 300 sec this turn | 300 sec total\n|\n|t:|1783536420\n|switch|p2a: Rotom|Rotom, L88|124/231\n|move|p1a: Vigoroth|Body Slam|p2a: Rotom\n|-immune|p2a: Rotom\n|\n|upkeep\n|turn|32\n|inactive|Time left: 300 sec this turn | 300 sec total\n|\n|t:|1783536421\n|move|p2a: Rotom|Will-O-Wisp|p1a: Vigoroth\n|-status|p1a: Vigoroth|brn\n|move|p1a: Vigoroth|Knock Off|p2a: Rotom\n|-supereffective|p2a: Rotom\n|-damage|p2a: Rotom|56/231\n|-enditem|p2a: Rotom|Life Orb|[from] move: Knock Off|[of] p1a: Vigoroth\n|\n|-damage|p1a: Vigoroth|82/100 brn|[from] brn\n|upkeep\n|turn|33\n|inactive|Time left: 300 sec this turn | 300 sec total\n|\n|t:|1783536423\n|move|p2a: Rotom|Nasty Plot|p2a: Rotom\n|-boost|p2a: Rotom|spa|2\n|move|p1a: Vigoroth|Bulk Up|p1a: Vigoroth\n|-boost|p1a: Vigoroth|atk|1\n|-boost|p1a: Vigoroth|def|1\n|\n|-damage|p1a: Vigoroth|76/100 brn|[from] brn\n|upkeep\n|turn|34\n|inactive|Time left: 300 sec this turn | 300 sec total\n|\n|t:|1783536424\n|move|p2a: Rotom|Thunderbolt|p1a: Vigoroth\n|-damage|p1a: Vigoroth|8/100 brn\n|move|p1a: Vigoroth|Knock Off|p2a: Rotom\n|-supereffective|p2a: Rotom\n|-damage|p2a: Rotom|0 fnt\n|faint|p2a: Rotom\n|\n|-damage|p1a: Vigoroth|2/100 brn|[from] brn\n|upkeep\n|inactive|Time left: 300 sec this turn | 300 sec total | 5 sec grace\n|\n|t:|1783536425\n|switch|p2a: Espeon|Espeon, L84, F|246/246\n|turn|35\n|inactive|Time left: 300 sec this turn | 300 sec total\n|\n|t:|1783536426\n|move|p2a: Espeon|Psychic|p1a: Vigoroth\n|-damage|p1a: Vigoroth|0 fnt\n|faint|p1a: Vigoroth\n|\n|upkeep\n|\n|t:|1783536427\n|switch|p1a: Alcremie|Alcremie-Caramel-Swirl, L90, F|100/100\n|-damage|p1a: Alcremie|88/100|[from] Stealth Rock\n|turn|36\n|inactive|Time left: 300 sec this turn | 300 sec total\n|\n|t:|1783536428\n|move|p2a: Espeon|Psychic|p1a: Alcremie\n|-damage|p1a: Alcremie|40/100\n|move|p1a: Alcremie|Recover|p1a: Alcremie\n|-heal|p1a: Alcremie|90/100\n|\n|-heal|p1a: Alcremie|96/100|[from] item: Leftovers\n|upkeep\n|turn|37\n|inactive|Time left: 300 sec this turn | 300 sec total\n|\n|t:|1783536429\n|move|p2a: Espeon|Psychic|p1a: Alcremie\n|-damage|p1a: Alcremie|47/100\n|move|p1a: Alcremie|Recover|p1a: Alcremie\n|-heal|p1a: Alcremie|97/100\n|\n|-heal|p1a: Alcremie|100/100|[from] item: Leftovers\n|upkeep\n|turn|38\n|inactive|Time left: 300 sec this turn | 300 sec total\n|\n|t:|1783536430\n|move|p2a: Espeon|Psychic|p1a: Alcremie\n|-damage|p1a: Alcremie|47/100\n|move|p1a: Alcremie|Alluring Voice|p2a: Espeon\n|-damage|p2a: Espeon|137/246\n|\n|-heal|p1a: Alcremie|53/100|[from] item: Leftovers\n|upkeep\n|turn|39\n|inactive|Time left: 300 sec this turn | 300 sec total\n|\n|t:|1783536432\n|-terastallize|p2a: Espeon|Psychic\n|move|p2a: Espeon|Psychic|p1a: Alcremie\n|-crit|p1a: Alcremie\n|-damage|p1a: Alcremie|0 fnt\n|faint|p1a: Alcremie\n|\n|upkeep\n|\n|t:|1783536433\n|switch|p1a: Gliscor|Gliscor, L76, M|30/100 tox\n|-damage|p1a: Gliscor|18/100 tox|[from] Stealth Rock\n|turn|40\n|inactive|Time left: 300 sec this turn | 300 sec total\n|\n|t:|1783536434\n|move|p1a: Gliscor|Protect|p1a: Gliscor\n|-singleturn|p1a: Gliscor|Protect\n|move|p2a: Espeon|Psychic|p1a: Gliscor\n|-activate|p1a: Gliscor|move: Protect\n|\n|-heal|p1a: Gliscor|30/100 tox|[from] ability: Poison Heal\n|upkeep\n|turn|41\n|inactive|Time left: 300 sec this turn | 300 sec total\n|\n|t:|1783536435\n|move|p1a: Gliscor|Protect||[still]\n|-fail|p1a: Gliscor\n|move|p2a: Espeon|Psychic|p1a: Gliscor\n|-damage|p1a: Gliscor|0 fnt\n|faint|p1a: Gliscor\n|\n|upkeep\n|\n|t:|1783536436\n|switch|p1a: Arboliva|Arboliva, L91, F|45/100\n|-damage|p1a: Arboliva|33/100|[from] Stealth Rock\n|turn|42\n|inactive|Time left: 300 sec this turn | 300 sec total\n|\n|t:|1783536437\n|move|p2a: Espeon|Psychic|p1a: Arboliva\n|-damage|p1a: Arboliva|0 fnt\n|-fieldstart|move: Grassy Terrain|[from] ability: Seed Sower|[of] p1a: Arboliva\n|faint|p1a: Arboliva\n|\n|win|p0y2689854", "uploadtime": 1783536437, "views": 0, "rating": 0, "private": 0, "password": null, "_winner": "p0y2689854", "_our_name": "p0y2689854"}