{"id": "battle-gen9randombattle-105", "formatid": "gen9randombattle", "format": "[Gen 9] Random Battle", "players": ["p0x105d3f1", "p0y10574dc"], "log": "|init|battle\n|title|p0x105d3f1 vs. p0y10574dc\n|j|\u2606p0x105d3f1\n|j|\u2606p0y10574dc\n|t:|1783540401\n|gametype|singles\n|player|p1|p0x105d3f1|265|\n|player|p2|p0y10574dc|169|\n|gen|9\n|tier|[Gen 9] Random Battle\n|rule|Species Clause: Limit one of each Pok\u00e9mon\n|rule|HP Percentage Mod: HP is shown in percentages\n|rule|Sleep Clause Mod: Limit one foe put to sleep\n|rule|Illusion Level Mod: Illusion disguises the Pok\u00e9mon's true level\n|\n|t:|1783540401\n|teamsize|p1|6\n|teamsize|p2|6\n|start\n|switch|p1a: Hypno|Hypno, L95, F|100/100\n|switch|p2a: Phione|Phione, L91|293/293\n|turn|1\n|inactive|Battle timer is ON: inactive players will automatically lose when time's up. (requested by p0y10574dc)\n|\n|t:|1783540402\n|move|p2a: Phione|Scald|p1a: Hypno\n|-damage|p1a: Hypno|81/100\n|move|p1a: Hypno|Toxic|p2a: Phione\n|-status|p2a: Phione|tox\n|\n|-heal|p1a: Hypno|87/100|[from] item: Leftovers\n|-damage|p2a: Phione|275/293 tox|[from] psn\n|upkeep\n|turn|2\n|inactive|Time left: 300 sec this turn | 300 sec total\n|inactive|p0x105d3f1 also wants the timer to be on.\n|\n|t:|1783540403\n|switch|p2a: Wyrdeer|Wyrdeer, L87, M|321/321\n|-ability|p2a: Wyrdeer|Intimidate|boost\n|-unboost|p1a: Hypno|atk|1\n|move|p1a: Hypno|Focus Blast|p2a: Wyrdeer\n|-damage|p2a: Wyrdeer|227/321\n|\n|-heal|p1a: Hypno|93/100|[from] item: Leftovers\n|-heal|p2a: Wyrdeer|247/321|[from] item: Leftovers\n|upkeep\n|turn|3\n|inactive|Time left: 300 sec this turn | 300 sec total\n|\n|t:|1783540404\n|move|p1a: Hypno|Toxic|p2a: Wyrdeer\n|-status|p2a: Wyrdeer|tox\n|move|p2a: Wyrdeer|Megahorn|p1a: Hypno\n|-supereffective|p1a: Hypno\n|-damage|p1a: Hypno|29/100\n|\n|-heal|p1a: Hypno|35/100|[from] item: Leftovers\n|-heal|p2a: Wyrdeer|267/321 tox|[from] item: Leftovers\n|-damage|p2a: Wyrdeer|247/321 tox|[from] psn\n|upkeep\n|turn|4\n|inactive|Time left: 300 sec this turn | 300 sec total\n|\n|t:|1783540405\n|move|p1a: Hypno|Focus Blast|p2a: Wyrdeer|[miss]\n|-miss|p1a: Hypno|p2a: Wyrdeer\n|move|p2a: Wyrdeer|Earthquake|p1a: Hypno\n|-damage|p1a: Hypno|9/100\n|\n|-heal|p1a: Hypno|15/100|[from] item: Leftovers\n|-heal|p2a: Wyrdeer|267/321 tox|[from] item: Leftovers\n|-damage|p2a: Wyrdeer|227/321 tox|[from] psn\n|upkeep\n|turn|5\n|inactive|Time left: 300 sec this turn | 300 sec total\n|\n|t:|1783540406\n|switch|p1a: Minior|Minior-Violet, L79|100/100\n|-formechange|p1a: Minior|Minior-Meteor||[from] ability: Shields Down\n|move|p2a: Wyrdeer|Earthquake|p1a: Minior\n|-immune|p1a: Minior\n|\n|-heal|p2a: Wyrdeer|247/321 tox|[from] item: Leftovers\n|-damage|p2a: Wyrdeer|187/321 tox|[from] psn\n|upkeep\n|turn|6\n|inactive|Time left: 300 sec this turn | 300 sec total\n|\n|t:|1783540407\n|switch|p2a: Carbink|Carbink, L90|236/236\n|move|p1a: Minior|Shell Smash|p1a: Minior\n|-unboost|p1a: Minior|def|1\n|-unboost|p1a: Minior|spd|1\n|-boost|p1a: Minior|atk|2\n|-boost|p1a: Minior|spa|2\n|-boost|p1a: Minior|spe|2\n|-enditem|p1a: Minior|White Herb\n|-clearnegativeboost|p1a: Minior|[silent]\n|\n|upkeep\n|turn|7\n|inactive|Time left: 300 sec this turn | 300 sec total\n|\n|t:|1783540408\n|move|p1a: Minior|Earthquake|p2a: Carbink\n|-supereffective|p2a: Carbink\n|-damage|p2a: Carbink|122/236\n|move|p2a: Carbink|Iron Defense|p2a: Carbink\n|-boost|p2a: Carbink|def|2\n|\n|upkeep\n|turn|8\n|inactive|Time left: 300 sec this turn | 300 sec total\n|\n|t:|1783540409\n|-terastallize|p1a: Minior|Flying\n|-terastallize|p2a: Carbink|Fighting\n|move|p1a: Minior|Acrobatics|p2a: Carbink\n|-supereffective|p2a: Carbink\n|-damage|p2a: Carbink|0 fnt\n|faint|p2a: Carbink\n|\n|upkeep\n|inactive|Time left: 300 sec this turn | 300 sec total | 5 sec grace\n|\n|t:|1783540410\n|switch|p2a: Wyrdeer|Wyrdeer, L87, M|187/321 tox\n|-ability|p2a: Wyrdeer|Intimidate|boost\n|-unboost|p1a: Minior|atk|1\n|turn|9\n|inactive|Time left: 300 sec this turn | 300 sec total\n|\n|t:|1783540411\n|move|p1a: Minior|Shell Smash|p1a: Minior\n|-unboost|p1a: Minior|def|1\n|-unboost|p1a: Minior|spd|1\n|-boost|p1a: Minior|atk|2\n|-boost|p1a: Minior|spa|2\n|-boost|p1a: Minior|spe|2\n|move|p2a: Wyrdeer|Psychic Noise|p1a: Minior\n|-damage|p1a: Minior|41/100\n|-start|p1a: Minior|move: Heal Block\n|\n|-heal|p2a: Wyrdeer|207/321 tox|[from] item: Leftovers\n|-damage|p2a: Wyrdeer|187/321 tox|[from] psn\n|-formechange|p1a: Minior|Minior-Violet||[from] ability: Shields Down\n|upkeep\n|turn|10\n|inactive|Time left: 300 sec this turn | 300 sec total\n|\n|t:|1783540412\n|move|p1a: Minior|Acrobatics|p2a: Wyrdeer\n|-damage|p2a: Wyrdeer|0 fnt\n|faint|p2a: Wyrdeer\n|\n|-end|p1a: Minior|move: Heal Block\n|upkeep\n|inactive|Time left: 300 sec this turn | 300 sec total | 5 sec grace\n|\n|t:|1783540413\n|switch|p2a: Arceus|Arceus-Psychic, L70|284/284\n|turn|11\n|inactive|Time left: 300 sec this turn | 300 sec total\n|\n|t:|1783540414\n|move|p1a: Minior|Acrobatics|p2a: Arceus\n|-damage|p2a: Arceus|0 fnt\n|faint|p2a: Arceus\n|\n|upkeep\n|inactive|Time left: 300 sec this turn | 300 sec total | 5 sec grace\n|\n|t:|1783540415\n|switch|p2a: Chansey|Chansey, L85, F|564/564\n|turn|12\n|inactive|Time left: 300 sec this turn | 300 sec total\n|\n|t:|1783540416\n|move|p1a: Minior|Acrobatics|p2a: Chansey\n|-damage|p2a: Chansey|0 fnt\n|faint|p2a: Chansey\n|\n|upkeep\n|inactive|Time left: 300 sec this turn | 300 sec total | 5 sec grace\n|\n|t:|1783540417\n|switch|p2a: Meowscarada|Meowscarada, L78, M|247/247\n|turn|13\n|inactive|Time left: 300 sec this turn | 300 sec total\n|\n|t:|1783540418\n|move|p1a: Minior|Acrobatics|p2a: Meowscarada\n|-supereffective|p2a: Meowscarada\n|-damage|p2a: Meowscarada|0 fnt\n|faint|p2a: Meowscarada\n|\n|upkeep\n|inactive|Time left: 300 sec this turn | 300 sec total | 5 sec grace\n|\n|t:|1783540419\n|switch|p2a: Phione|Phione, L91|275/293 tox\n|turn|14\n|inactive|Time left: 300 sec this turn | 300 sec total\n|\n|t:|1783540420\n|move|p1a: Minior|Acrobatics|p2a: Phione\n|-damage|p2a: Phione|0 fnt\n|faint|p2a: Phione\n|\n|win|p0x105d3f1", "uploadtime": 1783540420, "views": 0, "rating": 0, "private": 0, "password": null, "_winner": "p0x105d3f1", "_our_name": "p0y10574dc"}