{"id": "battle-gen9randombattle-749", "formatid": "gen9randombattle", "format": "[Gen 9] Random Battle", "players": ["p0x74970be", "p0y7499da0"], "log": "|init|battle\n|title|p0x74970be vs. p0y7499da0\n|j|\u2606p0x74970be\n|j|\u2606p0y7499da0\n|t:|1783547818\n|gametype|singles\n|player|p1|p0x74970be|170|\n|player|p2|p0y7499da0|101|\n|gen|9\n|tier|[Gen 9] Random Battle\n|rule|Species Clause: Limit one of each Pok\u00e9mon\n|rule|HP Percentage Mod: HP is shown in percentages\n|rule|Sleep Clause Mod: Limit one foe put to sleep\n|rule|Illusion Level Mod: Illusion disguises the Pok\u00e9mon's true level\n|\n|t:|1783547818\n|teamsize|p1|6\n|teamsize|p2|6\n|start\n|switch|p1a: Palafin|Palafin, L77, M|281/281\n|switch|p2a: Oricorio|Oricorio-Pa'u, L87, F|100/100\n|turn|1\n|inactive|Battle timer is ON: inactive players will automatically lose when time's up. (requested by p0y7499da0)\n|inactive|Time left: 300 sec this turn | 300 sec total | 60 sec grace\n|inactive|p0x74970be also wants the timer to be on.\n|\n|t:|1783547820\n|switch|p2a: Ursaluna|Ursaluna, L79, M|100/100\n|move|p1a: Palafin|Flip Turn|p2a: Ursaluna\n|-supereffective|p2a: Ursaluna\n|-damage|p2a: Ursaluna|68/100\n|inactive|Time left: 300 sec this turn | 300 sec total | 65 sec grace\n|\n|t:|1783547821\n|detailschange|p1a: Palafin|Palafin-Hero, L77, M\n|switch|p1a: Ariados|Ariados, L95, F|287/287|[from] Flip Turn\n|\n|-status|p2a: Ursaluna|brn|[from] item: Flame Orb\n|upkeep\n|turn|2\n|inactive|Time left: 300 sec this turn | 300 sec total\n|\n|t:|1783547823\n|move|p1a: Ariados|Sticky Web|p2a: Ursaluna\n|-sidestart|p2: p0y7499da0|move: Sticky Web\n|move|p2a: Ursaluna|Facade|p1a: Ariados\n|-damage|p1a: Ariados|10/287\n|\n|-damage|p2a: Ursaluna|62/100 brn|[from] brn\n|upkeep\n|turn|3\n|inactive|Time left: 300 sec this turn | 300 sec total\n|\n|t:|1783547824\n|switch|p2a: Iron Hands|Iron Hands, L79|100/100\n|-activate|p2a: Iron Hands|move: Sticky Web\n|-unboost|p2a: Iron Hands|spe|1\n|move|p1a: Ariados|Megahorn|p2a: Iron Hands\n|-resisted|p2a: Iron Hands\n|-damage|p2a: Iron Hands|71/100\n|\n|-heal|p2a: Iron Hands|77/100|[from] item: Leftovers\n|upkeep\n|turn|4\n|inactive|Time left: 300 sec this turn | 300 sec total\n|\n|t:|1783547825\n|move|p1a: Ariados|Megahorn|p2a: Iron Hands\n|-resisted|p2a: Iron Hands\n|-damage|p2a: Iron Hands|51/100\n|move|p2a: Iron Hands|Swords Dance|p2a: Iron Hands\n|-boost|p2a: Iron Hands|atk|2\n|\n|-heal|p2a: Iron Hands|58/100|[from] item: Leftovers\n|upkeep\n|turn|5\n|inactive|Time left: 300 sec this turn | 300 sec total\n|\n|t:|1783547826\n|move|p1a: Ariados|Poison Jab|p2a: Iron Hands\n|-damage|p2a: Iron Hands|35/100\n|-status|p2a: Iron Hands|psn\n|move|p2a: Iron Hands|Ice Punch|p1a: Ariados\n|-damage|p1a: Ariados|0 fnt\n|faint|p1a: Ariados\n|\n|-heal|p2a: Iron Hands|41/100 psn|[from] item: Leftovers\n|-damage|p2a: Iron Hands|29/100 psn|[from] psn\n|upkeep\n|inactive|Time left: 300 sec this turn | 300 sec total | 5 sec grace\n|\n|t:|1783547827\n|switch|p1a: Palafin|Palafin-Hero, L77, M|281/281\n|-activate|p1a: Palafin|ability: Zero to Hero\n|turn|6\n|inactive|Time left: 300 sec this turn | 300 sec total\n|\n|t:|1783547828\n|move|p1a: Palafin|Wave Crash|p2a: Iron Hands\n|-damage|p2a: Iron Hands|0 fnt\n|faint|p2a: Iron Hands\n|-end|p2a: Iron Hands|Quark Drive|[silent]\n|-damage|p1a: Palafin|246/281|[from] Recoil\n|\n|upkeep\n|\n|t:|1783547829\n|switch|p2a: Veluza|Veluza, L85, M|100/100\n|-activate|p2a: Veluza|move: Sticky Web\n|-unboost|p2a: Veluza|spe|1\n|turn|7\n|inactive|Time left: 300 sec this turn | 300 sec total\n|\n|t:|1783547830\n|move|p1a: Palafin|Wave Crash|p2a: Veluza\n|-resisted|p2a: Veluza\n|-damage|p2a: Veluza|55/100\n|-damage|p1a: Palafin|202/281|[from] Recoil\n|move|p2a: Veluza|Fillet Away|p2a: Veluza\n|-boost|p2a: Veluza|atk|2\n|-boost|p2a: Veluza|spa|2\n|-boost|p2a: Veluza|spe|2\n|-damage|p2a: Veluza|5/100\n|-enditem|p2a: Veluza|Sitrus Berry|[eat]\n|-heal|p2a: Veluza|30/100|[from] item: Sitrus Berry\n|\n|upkeep\n|turn|8\n|inactive|Time left: 300 sec this turn | 300 sec total\n|\n|t:|1783547831\n|move|p2a: Veluza|Psycho Cut|p1a: Palafin\n|-damage|p1a: Palafin|0 fnt\n|faint|p1a: Palafin\n|\n|upkeep\n|inactive|Time left: 300 sec this turn | 300 sec total | 5 sec grace\n|\n|t:|1783547832\n|switch|p1a: Sandaconda|Sandaconda, L84, M|258/258\n|turn|9\n|inactive|Time left: 300 sec this turn | 300 sec total\n|\n|t:|1783547833\n|-terastallize|p1a: Sandaconda|Dragon\n|move|p2a: Veluza|Psycho Cut|p1a: Sandaconda\n|-damage|p1a: Sandaconda|84/258\n|move|p1a: Sandaconda|Earthquake|p2a: Veluza\n|-damage|p2a: Veluza|0 fnt\n|faint|p2a: Veluza\n|\n|upkeep\n|\n|t:|1783547834\n|switch|p2a: Oricorio|Oricorio-Pa'u, L87, F|100/100\n|turn|10\n|inactive|Time left: 300 sec this turn | 300 sec total\n|\n|t:|1783547835\n|move|p2a: Oricorio|Quiver Dance|p2a: Oricorio\n|-boost|p2a: Oricorio|spa|1\n|-boost|p2a: Oricorio|spd|1\n|-boost|p2a: Oricorio|spe|1\n|move|p1a: Sandaconda|Rock Blast|p2a: Oricorio\n|-supereffective|p2a: Oricorio\n|-damage|p2a: Oricorio|84/100\n|-supereffective|p2a: Oricorio\n|-damage|p2a: Oricorio|66/100\n|-supereffective|p2a: Oricorio\n|-damage|p2a: Oricorio|49/100\n|-supereffective|p2a: Oricorio\n|-damage|p2a: Oricorio|34/100\n|-supereffective|p2a: Oricorio\n|-damage|p2a: Oricorio|17/100\n|-hitcount|p2a: Oricorio|5\n|\n|upkeep\n|turn|11\n|inactive|Time left: 300 sec this turn | 300 sec total\n|\n|t:|1783547836\n|move|p2a: Oricorio|Roost|p2a: Oricorio\n|-heal|p2a: Oricorio|67/100\n|-singleturn|p2a: Oricorio|move: Roost\n|move|p1a: Sandaconda|Scale Shot|p2a: Oricorio\n|-damage|p2a: Oricorio|55/100\n|-damage|p2a: Oricorio|42/100\n|-damage|p2a: Oricorio|30/100\n|-damage|p2a: Oricorio|18/100\n|-hitcount|p2a: Oricorio|4\n|-unboost|p1a: Sandaconda|def|1\n|-boost|p1a: Sandaconda|spe|1\n|\n|upkeep\n|turn|12\n|inactive|Time left: 300 sec this turn | 300 sec total\n|\n|t:|1783547837\n|move|p2a: Oricorio|Revelation Dance|p1a: Sandaconda\n|-crit|p1a: Sandaconda\n|-damage|p1a: Sandaconda|0 fnt\n|faint|p1a: Sandaconda\n|\n|upkeep\n|inactive|Time left: 300 sec this turn | 300 sec total | 5 sec grace\n|\n|t:|1783547837\n|switch|p1a: Indeedee|Indeedee-F, L90, F|272/272\n|-fieldstart|move: Psychic Terrain|[from] ability: Psychic Surge|[of] p1a: Indeedee\n|turn|13\n|inactive|Time left: 300 sec this turn | 300 sec total\n|\n|t:|1783547838\n|move|p2a: Oricorio|Roost|p2a: Oricorio\n|-heal|p2a: Oricorio|68/100\n|-singleturn|p2a: Oricorio|move: Roost\n|move|p1a: Indeedee|Calm Mind|p1a: Indeedee\n|-boost|p1a: Indeedee|spa|1\n|-boost|p1a: Indeedee|spd|1\n|\n|upkeep\n|turn|14\n|inactive|Time left: 300 sec this turn | 300 sec total\n|\n|t:|1783547839\n|move|p2a: Oricorio|Quiver Dance|p2a: Oricorio\n|-boost|p2a: Oricorio|spa|1\n|-boost|p2a: Oricorio|spd|1\n|-boost|p2a: Oricorio|spe|1\n|move|p1a: Indeedee|Psyshock|p2a: Oricorio\n|-resisted|p2a: Oricorio\n|-damage|p2a: Oricorio|16/100\n|-damage|p1a: Indeedee|245/272|[from] item: Life Orb\n|\n|upkeep\n|turn|15\n|inactive|Time left: 300 sec this turn | 300 sec total\n|\n|t:|1783547840\n|move|p2a: Oricorio|Roost|p2a: Oricorio\n|-heal|p2a: Oricorio|66/100\n|-singleturn|p2a: Oricorio|move: Roost\n|move|p1a: Indeedee|Psyshock|p2a: Oricorio\n|-resisted|p2a: Oricorio\n|-damage|p2a: Oricorio|17/100\n|-damage|p1a: Indeedee|218/272|[from] item: Life Orb\n|\n|upkeep\n|turn|16\n|inactive|Time left: 300 sec this turn | 300 sec total\n|\n|t:|1783547841\n|move|p2a: Oricorio|Roost|p2a: Oricorio\n|-heal|p2a: Oricorio|67/100\n|-singleturn|p2a: Oricorio|move: Roost\n|move|p1a: Indeedee|Psyshock|p2a: Oricorio\n|-resisted|p2a: Oricorio\n|-damage|p2a: Oricorio|19/100\n|-damage|p1a: Indeedee|191/272|[from] item: Life Orb\n|\n|upkeep\n|turn|17\n|inactive|Time left: 300 sec this turn | 300 sec total\n|\n|t:|1783547842\n|move|p2a: Oricorio|Roost|p2a: Oricorio\n|-heal|p2a: Oricorio|69/100\n|-singleturn|p2a: Oricorio|move: Roost\n|move|p1a: Indeedee|Psyshock|p2a: Oricorio\n|-resisted|p2a: Oricorio\n|-damage|p2a: Oricorio|20/100\n|-damage|p1a: Indeedee|164/272|[from] item: Life Orb\n|\n|-fieldend|move: Psychic Terrain\n|upkeep\n|turn|18\n|inactive|Time left: 300 sec this turn | 300 sec total\n|\n|t:|1783547843\n|move|p2a: Oricorio|Roost|p2a: Oricorio\n|-heal|p2a: Oricorio|70/100\n|-singleturn|p2a: Oricorio|move: Roost\n|move|p1a: Indeedee|Shadow Ball|p2a: Oricorio\n|-supereffective|p2a: Oricorio\n|-damage|p2a: Oricorio|17/100\n|-damage|p1a: Indeedee|137/272|[from] item: Life Orb\n|\n|upkeep\n|turn|19\n|inactive|Time left: 300 sec this turn | 300 sec total\n|\n|t:|1783547844\n|move|p2a: Oricorio|Roost|p2a: Oricorio\n|-heal|p2a: Oricorio|67/100\n|-singleturn|p2a: Oricorio|move: Roost\n|move|p1a: Indeedee|Psyshock|p2a: Oricorio\n|-resisted|p2a: Oricorio\n|-damage|p2a: Oricorio|28/100\n|-damage|p1a: Indeedee|110/272|[from] item: Life Orb\n|\n|upkeep\n|turn|20\n|inactive|Time left: 300 sec this turn | 300 sec total\n|\n|t:|1783547845\n|move|p2a: Oricorio|Hurricane|p1a: Indeedee\n|-damage|p1a: Indeedee|0 fnt\n|faint|p1a: Indeedee\n|\n|upkeep\n|inactive|Time left: 300 sec this turn | 300 sec total | 5 sec grace\n|\n|t:|1783547846\n|switch|p1a: Heatran|Heatran, L79, F|273/273\n|-item|p1a: Heatran|Air Balloon\n|turn|21\n|inactive|Time left: 300 sec this turn | 300 sec total\n|\n|t:|1783547847\n|move|p2a: Oricorio|Hurricane|p1a: Heatran\n|-resisted|p1a: Heatran\n|-damage|p1a: Heatran|155/273\n|-enditem|p1a: Heatran|Air Balloon\n|move|p1a: Heatran|Heavy Slam|p2a: Oricorio\n|-damage|p2a: Oricorio|0 fnt\n|faint|p2a: Oricorio\n|\n|upkeep\n|\n|t:|1783547848\n|switch|p2a: Quaquaval|Quaquaval, L79, M|100/100\n|-activate|p2a: Quaquaval|move: Sticky Web\n|-unboost|p2a: Quaquaval|spe|1\n|turn|22\n|inactive|Time left: 300 sec this turn | 300 sec total\n|\n|t:|1783547849\n|switch|p1a: Cresselia|Cresselia, L80, F|323/323\n|move|p2a: Quaquaval|Aqua Step|p1a: Cresselia\n|-damage|p1a: Cresselia|245/323\n|-boost|p2a: Quaquaval|spe|1\n|\n|-heal|p1a: Cresselia|265/323|[from] item: Leftovers\n|upkeep\n|turn|23\n|inactive|Time left: 300 sec this turn | 300 sec total\n|\n|t:|1783547850\n|-terastallize|p2a: Quaquaval|Steel\n|move|p1a: Cresselia|Calm Mind|p1a: Cresselia\n|-boost|p1a: Cresselia|spa|1\n|-boost|p1a: Cresselia|spd|1\n|move|p2a: Quaquaval|Swords Dance|p2a: Quaquaval\n|-boost|p2a: Quaquaval|atk|2\n|\n|-heal|p1a: Cresselia|285/323|[from] item: Leftovers\n|upkeep\n|turn|24\n|inactive|Time left: 300 sec this turn | 300 sec total\n|\n|t:|1783547851\n|move|p1a: Cresselia|Moonlight|p1a: Cresselia\n|-heal|p1a: Cresselia|323/323\n|move|p2a: Quaquaval|Aqua Step|p1a: Cresselia\n|-damage|p1a: Cresselia|173/323\n|-boost|p2a: Quaquaval|spe|1\n|\n|-heal|p1a: Cresselia|193/323|[from] item: Leftovers\n|upkeep\n|turn|25\n|inactive|Time left: 300 sec this turn | 300 sec total\n|\n|t:|1783547853\n|move|p2a: Quaquaval|Aqua Step|p1a: Cresselia\n|-damage|p1a: Cresselia|33/323\n|-boost|p2a: Quaquaval|spe|1\n|move|p1a: Cresselia|Moonlight|p1a: Cresselia\n|-heal|p1a: Cresselia|194/323\n|\n|-heal|p1a: Cresselia|214/323|[from] item: Leftovers\n|upkeep\n|turn|26\n|inactive|Time left: 300 sec this turn | 300 sec total\n|\n|t:|1783547854\n|move|p2a: Quaquaval|Swords Dance|p2a: Quaquaval\n|-boost|p2a: Quaquaval|atk|2\n|move|p1a: Cresselia|Moonlight|p1a: Cresselia\n|-heal|p1a: Cresselia|323/323\n|\n|upkeep\n|turn|27\n|inactive|Time left: 300 sec this turn | 300 sec total\n|\n|t:|1783547855\n|move|p2a: Quaquaval|Aqua Step|p1a: Cresselia\n|-damage|p1a: Cresselia|98/323\n|-boost|p2a: Quaquaval|spe|1\n|move|p1a: Cresselia|Moonlight|p1a: Cresselia\n|-heal|p1a: Cresselia|259/323\n|\n|-heal|p1a: Cresselia|279/323|[from] item: Leftovers\n|upkeep\n|turn|28\n|inactive|Time left: 300 sec this turn | 300 sec total\n|\n|t:|1783547856\n|move|p2a: Quaquaval|Aqua Step|p1a: Cresselia\n|-damage|p1a: Cresselia|57/323\n|-boost|p2a: Quaquaval|spe|1\n|move|p1a: Cresselia|Moonlight|p1a: Cresselia\n|-heal|p1a: Cresselia|218/323\n|\n|-heal|p1a: Cresselia|238/323|[from] item: Leftovers\n|upkeep\n|turn|29\n|inactive|Time left: 300 sec this turn | 300 sec total\n|\n|t:|1783547857\n|move|p2a: Quaquaval|Aqua Step|p1a: Cresselia\n|-damage|p1a: Cresselia|16/323\n|-boost|p2a: Quaquaval|spe|1\n|move|p1a: Cresselia|Moonblast|p2a: Quaquaval\n|-resisted|p2a: Quaquaval\n|-crit|p2a: Quaquaval\n|-damage|p2a: Quaquaval|75/100\n|-unboost|p2a: Quaquaval|spa|1\n|\n|-heal|p2a: Quaquaval|82/100|[from] item: Leftovers\n|-heal|p1a: Cresselia|36/323|[from] item: Leftovers\n|upkeep\n|turn|30\n|inactive|Time left: 300 sec this turn | 300 sec total\n|\n|t:|1783547858\n|move|p2a: Quaquaval|Aqua Step|p1a: Cresselia\n|-damage|p1a: Cresselia|0 fnt\n|-boost|p2a: Quaquaval|spe|1\n|faint|p1a: Cresselia\n|-ability|p2a: Quaquaval|Moxie|boost\n|-boost|p2a: Quaquaval|atk|1\n|\n|-heal|p2a: Quaquaval|88/100|[from] item: Leftovers\n|upkeep\n|inactive|Time left: 300 sec this turn | 300 sec total | 5 sec grace\n|\n|t:|1783547859\n|switch|p1a: Heatran|Heatran, L79, F|155/273\n|turn|31\n|inactive|Time left: 300 sec this turn | 300 sec total\n|\n|t:|1783547860\n|move|p2a: Quaquaval|Aqua Step|p1a: Heatran\n|-supereffective|p1a: Heatran\n|-damage|p1a: Heatran|0 fnt\n|faint|p1a: Heatran\n|\n|win|p0y7499da0", "uploadtime": 1783547860, "views": 0, "rating": 0, "private": 0, "password": null, "_winner": "p0y7499da0", "_our_name": "p0x74970be"}