{"id": "battle-gen9randombattle-2004", "formatid": "gen9randombattle", "format": "[Gen 9] Random Battle", "players": ["p0x200464a9", "p0y2004f6eb"], "log": "|init|battle\n|title|p0x200464a9 vs. p0y2004f6eb\n|j|\u2606p0x200464a9\n|j|\u2606p0y2004f6eb\n|t:|1783562469\n|gametype|singles\n|player|p1|p0x200464a9|102|\n|player|p2|p0y2004f6eb|102|\n|gen|9\n|tier|[Gen 9] Random Battle\n|rule|Species Clause: Limit one of each Pok\u00e9mon\n|rule|HP Percentage Mod: HP is shown in percentages\n|rule|Sleep Clause Mod: Limit one foe put to sleep\n|rule|Illusion Level Mod: Illusion disguises the Pok\u00e9mon's true level\n|\n|t:|1783562469\n|teamsize|p1|6\n|teamsize|p2|6\n|start\n|switch|p1a: Veluza|Veluza, L85, F|292/292\n|switch|p2a: Mimikyu|Mimikyu, L79, M|100/100\n|turn|1\n|inactive|Battle timer is ON: inactive players will automatically lose when time's up. (requested by p0x200464a9)\n|inactive|p0y2004f6eb also wants the timer to be on.\n|\n|t:|1783562470\n|move|p2a: Mimikyu|Swords Dance|p2a: Mimikyu\n|-boost|p2a: Mimikyu|atk|2\n|move|p1a: Veluza|Aqua Cutter|p2a: Mimikyu\n|-activate|p2a: Mimikyu|ability: Disguise\n|-damage|p2a: Mimikyu|100/100\n|detailschange|p2a: Mimikyu|Mimikyu-Busted, L79, M\n|-damage|p2a: Mimikyu|88/100|[from] pokemon: Mimikyu-Busted\n|\n|upkeep\n|turn|2\n|inactive|Time left: 300 sec this turn | 300 sec total\n|\n|t:|1783562471\n|-terastallize|p2a: Mimikyu|Fairy\n|-terastallize|p1a: Veluza|Water\n|move|p2a: Mimikyu|Play Rough|p1a: Veluza\n|-crit|p1a: Veluza\n|-damage|p1a: Veluza|0 fnt\n|faint|p1a: Veluza\n|-damage|p2a: Mimikyu|78/100|[from] item: Life Orb\n|\n|upkeep\n|inactive|Time left: 300 sec this turn | 300 sec total | 5 sec grace\n|\n|t:|1783562472\n|switch|p1a: Dugtrio|Dugtrio-Alola, L84, M|196/196\n|turn|3\n|inactive|Time left: 300 sec this turn | 300 sec total\n|\n|t:|1783562473\n|switch|p2a: Zapdos|Zapdos, L78|100/100\n|move|p1a: Dugtrio|Iron Head|p2a: Zapdos\n|-resisted|p2a: Zapdos\n|-damage|p2a: Zapdos|79/100\n|-damage|p1a: Dugtrio|177/196|[from] item: Life Orb\n|\n|upkeep\n|turn|4\n|inactive|Time left: 300 sec this turn | 300 sec total\n|\n|t:|1783562474\n|switch|p1a: Meowstic|Meowstic, L89, M|277/277\n|move|p2a: Zapdos|Heat Wave|p1a: Meowstic\n|-damage|p1a: Meowstic|202/277\n|\n|upkeep\n|turn|5\n|inactive|Time left: 300 sec this turn | 300 sec total\n|\n|t:|1783562475\n|move|p1a: Meowstic|Light Screen|p1a: Meowstic\n|-sidestart|p1: p0x200464a9|move: Light Screen\n|move|p2a: Zapdos|Hurricane|p1a: Meowstic\n|-damage|p1a: Meowstic|135/277\n|\n|upkeep\n|turn|6\n|inactive|Time left: 300 sec this turn | 300 sec total\n|\n|t:|1783562476\n|move|p1a: Meowstic|Psychic Noise|p2a: Zapdos\n|-damage|p2a: Zapdos|49/100\n|-start|p2a: Zapdos|move: Heal Block\n|move|p2a: Zapdos|Discharge|p1a: Meowstic\n|-damage|p1a: Meowstic|88/277\n|\n|upkeep\n|turn|7\n|inactive|Time left: 300 sec this turn | 300 sec total\n|\n|t:|1783562477\n|move|p1a: Meowstic|Reflect|p1a: Meowstic\n|-sidestart|p1: p0x200464a9|Reflect\n|move|p2a: Zapdos|Discharge|p1a: Meowstic\n|-damage|p1a: Meowstic|43/277\n|\n|-end|p2a: Zapdos|move: Heal Block\n|upkeep\n|turn|8\n|inactive|Time left: 300 sec this turn | 300 sec total\n|\n|t:|1783562478\n|move|p1a: Meowstic|Psychic Noise|p2a: Zapdos\n|-damage|p2a: Zapdos|20/100\n|-start|p2a: Zapdos|move: Heal Block\n|move|p2a: Zapdos|Hurricane|p1a: Meowstic\n|-damage|p1a: Meowstic|0 fnt\n|faint|p1a: Meowstic\n|\n|upkeep\n|inactive|Time left: 300 sec this turn | 300 sec total | 5 sec grace\n|\n|t:|1783562479\n|switch|p1a: Crabominable|Crabominable, L90, M|321/321\n|turn|9\n|inactive|Time left: 300 sec this turn | 300 sec total\n|\n|t:|1783562479\n|move|p2a: Zapdos|Heat Wave|p1a: Crabominable\n|-supereffective|p1a: Crabominable\n|-damage|p1a: Crabominable|267/321\n|move|p1a: Crabominable|Drain Punch|p2a: Zapdos\n|-resisted|p2a: Zapdos\n|-damage|p2a: Zapdos|0 fnt\n|-heal|p1a: Crabominable|293/321|[from] drain|[of] p2a: Zapdos\n|-status|p1a: Crabominable|par|[from] ability: Static|[of] p2a: Zapdos\n|faint|p2a: Zapdos\n|\n|upkeep\n|\n|t:|1783562480\n|switch|p2a: Ariados|Ariados, L95, M|100/100\n|turn|10\n|inactive|Time left: 300 sec this turn | 300 sec total\n|\n|t:|1783562482\n|move|p2a: Ariados|Sticky Web|p1a: Crabominable\n|-sidestart|p1: p0x200464a9|move: Sticky Web\n|move|p1a: Crabominable|Earthquake|p2a: Ariados\n|-damage|p2a: Ariados|61/100\n|\n|upkeep\n|turn|11\n|inactive|Time left: 300 sec this turn | 300 sec total\n|\n|t:|1783562483\n|switch|p2a: Stantler|Stantler, L92, M|100/100\n|-ability|p2a: Stantler|Intimidate|boost\n|-unboost|p1a: Crabominable|atk|1\n|cant|p1a: Crabominable|par\n|\n|upkeep\n|turn|12\n|inactive|Time left: 300 sec this turn | 300 sec total\n|\n|t:|1783562484\n|switch|p2a: Yanmega|Yanmega, L82, F|100/100\n|move|p1a: Crabominable|Ice Hammer|p2a: Yanmega\n|-supereffective|p2a: Yanmega\n|-damage|p2a: Yanmega|7/100\n|-unboost|p1a: Crabominable|spe|1\n|\n|-sideend|p1: p0x200464a9|move: Light Screen\n|upkeep\n|turn|13\n|inactive|Time left: 300 sec this turn | 300 sec total\n|\n|t:|1783562485\n|switch|p1a: Arceus|Arceus-Water, L71|288/288\n|-activate|p1a: Arceus|move: Sticky Web\n|-unboost|p1a: Arceus|spe|1\n|move|p2a: Yanmega|Air Slash|p1a: Arceus\n|-crit|p1a: Arceus\n|-damage|p1a: Arceus|96/288\n|\n|upkeep\n|turn|14\n|inactive|Time left: 300 sec this turn | 300 sec total\n|\n|t:|1783562486\n|move|p2a: Yanmega|Air Slash|p1a: Arceus\n|-damage|p1a: Arceus|0 fnt\n|faint|p1a: Arceus\n|\n|-sideend|p1: p0x200464a9|Reflect\n|upkeep\n|inactive|Time left: 300 sec this turn | 300 sec total | 5 sec grace\n|\n|t:|1783562487\n|switch|p1a: Dugtrio|Dugtrio-Alola, L84, M|177/196\n|-activate|p1a: Dugtrio|move: Sticky Web\n|-unboost|p1a: Dugtrio|spe|1\n|turn|15\n|inactive|Time left: 300 sec this turn | 300 sec total\n|\n|t:|1783562488\n|move|p1a: Dugtrio|Sucker Punch|p2a: Yanmega\n|-damage|p2a: Yanmega|0 fnt\n|faint|p2a: Yanmega\n|-damage|p1a: Dugtrio|158/196|[from] item: Life Orb\n|\n|upkeep\n|\n|t:|1783562489\n|switch|p2a: Sneasler|Sneasler, L74, M|100/100\n|turn|16\n|inactive|Time left: 300 sec this turn | 300 sec total\n|\n|t:|1783562490\n|switch|p1a: Zamazenta|Zamazenta, L71|248/248\n|-activate|p1a: Zamazenta|move: Sticky Web\n|-unboost|p1a: Zamazenta|spe|1\n|-ability|p1a: Zamazenta|Dauntless Shield|boost\n|-boost|p1a: Zamazenta|def|1\n|move|p2a: Sneasler|Close Combat|p1a: Zamazenta\n|-damage|p1a: Zamazenta|175/248\n|-unboost|p2a: Sneasler|def|1\n|-unboost|p2a: Sneasler|spd|1\n|-enditem|p2a: Sneasler|White Herb\n|-clearnegativeboost|p2a: Sneasler|[silent]\n|\n|-heal|p1a: Zamazenta|190/248|[from] item: Leftovers\n|upkeep\n|turn|17\n|inactive|Time left: 300 sec this turn | 300 sec total\n|\n|t:|1783562491\n|move|p2a: Sneasler|Swords Dance|p2a: Sneasler\n|-boost|p2a: Sneasler|atk|2\n|move|p1a: Zamazenta|Iron Defense|p1a: Zamazenta\n|-boost|p1a: Zamazenta|def|2\n|\n|-heal|p1a: Zamazenta|205/248|[from] item: Leftovers\n|upkeep\n|turn|18\n|inactive|Time left: 300 sec this turn | 300 sec total\n|\n|t:|1783562492\n|move|p2a: Sneasler|Acrobatics|p1a: Zamazenta\n|-supereffective|p1a: Zamazenta\n|-crit|p1a: Zamazenta\n|-damage|p1a: Zamazenta|0 fnt\n|faint|p1a: Zamazenta\n|\n|upkeep\n|inactive|Time left: 300 sec this turn | 300 sec total | 5 sec grace\n|\n|t:|1783562493\n|switch|p1a: Dugtrio|Dugtrio-Alola, L84, M|158/196\n|-activate|p1a: Dugtrio|move: Sticky Web\n|-unboost|p1a: Dugtrio|spe|1\n|turn|19\n|inactive|Time left: 300 sec this turn | 300 sec total\n|\n|t:|1783562494\n|switch|p1a: Crabominable|Crabominable, L90, M|293/321 par\n|-activate|p1a: Crabominable|move: Sticky Web\n|-unboost|p1a: Crabominable|spe|1\n|move|p2a: Sneasler|Close Combat|p1a: Crabominable\n|-supereffective|p1a: Crabominable\n|-damage|p1a: Crabominable|0 fnt\n|-unboost|p2a: Sneasler|def|1\n|-unboost|p2a: Sneasler|spd|1\n|faint|p1a: Crabominable\n|\n|upkeep\n|inactive|Time left: 300 sec this turn | 300 sec total | 5 sec grace\n|\n|t:|1783562495\n|switch|p1a: Dugtrio|Dugtrio-Alola, L84, M|158/196\n|-activate|p1a: Dugtrio|move: Sticky Web\n|-unboost|p1a: Dugtrio|spe|1\n|turn|20\n|inactive|Time left: 300 sec this turn | 300 sec total\n|\n|t:|1783562496\n|move|p1a: Dugtrio|Sucker Punch|p2a: Sneasler\n|-resisted|p2a: Sneasler\n|-damage|p2a: Sneasler|71/100\n|-damage|p1a: Dugtrio|139/196|[from] item: Life Orb\n|move|p2a: Sneasler|Close Combat|p1a: Dugtrio\n|-supereffective|p1a: Dugtrio\n|-damage|p1a: Dugtrio|0 fnt\n|-unboost|p2a: Sneasler|def|1\n|-unboost|p2a: Sneasler|spd|1\n|-ability|p1a: Dugtrio|Tangling Hair\n|-unboost|p2a: Sneasler|spe|1\n|faint|p1a: Dugtrio\n|\n|win|p0y2004f6eb", "uploadtime": 1783562496, "views": 0, "rating": 0, "private": 0, "password": null, "_winner": "p0y2004f6eb", "_our_name": "p0x200464a9"}