{"id": "battle-gen9randombattle-2951", "formatid": "gen9randombattle", "format": "[Gen 9] Random Battle", "players": ["p0x29511fac", "p0y29516c2d"], "log": "|init|battle\n|title|p0x29511fac vs. p0y29516c2d\n|j|\u2606p0x29511fac\n|j|\u2606p0y29516c2d\n|t:|1783573013\n|gametype|singles\n|player|p1|p0x29511fac|266|\n|player|p2|p0y29516c2d|169|\n|gen|9\n|tier|[Gen 9] Random Battle\n|rule|Species Clause: Limit one of each Pok\u00e9mon\n|rule|HP Percentage Mod: HP is shown in percentages\n|rule|Sleep Clause Mod: Limit one foe put to sleep\n|rule|Illusion Level Mod: Illusion disguises the Pok\u00e9mon's true level\n|\n|t:|1783573013\n|teamsize|p1|6\n|teamsize|p2|6\n|start\n|switch|p1a: Archaludon|Archaludon, L78, F|268/268\n|switch|p2a: Girafarig|Girafarig, L89, F|100/100\n|turn|1\n|inactive|Battle timer is ON: inactive players will automatically lose when time's up. (requested by p0x29511fac)\n|inactive|p0y29516c2d also wants the timer to be on.\n|\n|t:|1783573014\n|move|p2a: Girafarig|Nasty Plot|p2a: Girafarig\n|-boost|p2a: Girafarig|spa|2\n|move|p1a: Archaludon|Flash Cannon|p2a: Girafarig\n|-crit|p2a: Girafarig\n|-damage|p2a: Girafarig|64/100\n|\n|upkeep\n|turn|2\n|inactive|Time left: 300 sec this turn | 300 sec total\n|\n|t:|1783573015\n|move|p2a: Girafarig|Nasty Plot|p2a: Girafarig\n|-boost|p2a: Girafarig|spa|2\n|move|p1a: Archaludon|Flash Cannon|p2a: Girafarig\n|-damage|p2a: Girafarig|38/100\n|\n|upkeep\n|turn|3\n|inactive|Time left: 300 sec this turn | 300 sec total\n|\n|t:|1783573016\n|move|p2a: Girafarig|Hyper Voice|p1a: Archaludon\n|-resisted|p1a: Archaludon\n|-damage|p1a: Archaludon|55/268\n|-ability|p1a: Archaludon|Stamina|boost\n|-boost|p1a: Archaludon|def|1\n|move|p1a: Archaludon|Draco Meteor|p2a: Girafarig\n|-crit|p2a: Girafarig\n|-damage|p2a: Girafarig|0 fnt\n|-unboost|p1a: Archaludon|spa|2\n|faint|p2a: Girafarig\n|\n|-heal|p1a: Archaludon|71/268|[from] item: Leftovers\n|upkeep\n|\n|t:|1783573017\n|switch|p2a: Reuniclus|Reuniclus, L88, F|100/100\n|turn|4\n|inactive|Time left: 300 sec this turn | 300 sec total\n|\n|t:|1783573018\n|switch|p1a: Ampharos|Ampharos, L88, M|302/302\n|move|p2a: Reuniclus|Psychic|p1a: Ampharos\n|-damage|p1a: Ampharos|203/302\n|\n|upkeep\n|turn|5\n|inactive|Time left: 300 sec this turn | 300 sec total\n|\n|t:|1783573019\n|move|p1a: Ampharos|Thunderbolt|p2a: Reuniclus\n|-damage|p2a: Reuniclus|66/100\n|move|p2a: Reuniclus|Psychic|p1a: Ampharos\n|-damage|p1a: Ampharos|89/302\n|\n|upkeep\n|turn|6\n|inactive|Time left: 300 sec this turn | 300 sec total\n|\n|t:|1783573021\n|move|p1a: Ampharos|Volt Switch|p2a: Reuniclus\n|-damage|p2a: Reuniclus|37/100\n|inactive|Time left: 300 sec this turn | 300 sec total | 5 sec grace\n|\n|t:|1783573021\n|switch|p1a: Mabosstiff|Mabosstiff, L86, M|278/278|[from] Volt Switch\n|move|p2a: Reuniclus|Psychic|p1a: Mabosstiff\n|-immune|p1a: Mabosstiff\n|\n|upkeep\n|turn|7\n|inactive|Time left: 300 sec this turn | 300 sec total\n|\n|t:|1783573023\n|move|p1a: Mabosstiff|Crunch|p2a: Reuniclus\n|-supereffective|p2a: Reuniclus\n|-damage|p2a: Reuniclus|0 fnt\n|faint|p2a: Reuniclus\n|\n|upkeep\n|\n|t:|1783573023\n|switch|p2a: Moltres|Moltres-Galar, L79|100/100\n|turn|8\n|inactive|Time left: 300 sec this turn | 300 sec total\n|\n|t:|1783573024\n|move|p1a: Mabosstiff|Crunch|p2a: Moltres\n|-resisted|p2a: Moltres\n|-damage|p2a: Moltres|71/100\n|-unboost|p2a: Moltres|def|1\n|move|p2a: Moltres|Nasty Plot|p2a: Moltres\n|-boost|p2a: Moltres|spa|2\n|\n|upkeep\n|turn|9\n|inactive|Time left: 300 sec this turn | 300 sec total\n|\n|t:|1783573025\n|move|p1a: Mabosstiff|Crunch|p2a: Moltres\n|-resisted|p2a: Moltres\n|-damage|p2a: Moltres|26/100\n|-ability|p2a: Moltres|Berserk|boost\n|-boost|p2a: Moltres|spa|1\n|move|p2a: Moltres|Hurricane|p1a: Mabosstiff|[miss]\n|-miss|p2a: Moltres|p1a: Mabosstiff\n|\n|upkeep\n|turn|10\n|inactive|Time left: 300 sec this turn | 300 sec total\n|\n|t:|1783573026\n|move|p1a: Mabosstiff|Crunch|p2a: Moltres\n|-resisted|p2a: Moltres\n|-damage|p2a: Moltres|0 fnt\n|faint|p2a: Moltres\n|\n|upkeep\n|\n|t:|1783573027\n|switch|p2a: Heatran|Heatran, L79, F|100/100\n|-item|p2a: Heatran|Air Balloon\n|turn|11\n|inactive|Time left: 300 sec this turn | 300 sec total\n|\n|t:|1783573028\n|move|p1a: Mabosstiff|Crunch|p2a: Heatran\n|-damage|p2a: Heatran|51/100\n|-enditem|p2a: Heatran|Air Balloon\n|move|p2a: Heatran|Lava Plume|p1a: Mabosstiff\n|-damage|p1a: Mabosstiff|163/278\n|\n|upkeep\n|turn|12\n|inactive|Time left: 300 sec this turn | 300 sec total\n|\n|t:|1783573029\n|move|p1a: Mabosstiff|Crunch|p2a: Heatran\n|-crit|p2a: Heatran\n|-damage|p2a: Heatran|0 fnt\n|faint|p2a: Heatran\n|\n|upkeep\n|\n|t:|1783573030\n|switch|p2a: Thundurus|Thundurus, L80, M|100/100\n|turn|13\n|inactive|Time left: 300 sec this turn | 300 sec total\n|\n|t:|1783573031\n|move|p2a: Thundurus|Focus Blast|p1a: Mabosstiff\n|-supereffective|p1a: Mabosstiff\n|-damage|p1a: Mabosstiff|0 fnt\n|faint|p1a: Mabosstiff\n|\n|upkeep\n|inactive|Time left: 300 sec this turn | 300 sec total | 5 sec grace\n|\n|t:|1783573032\n|switch|p1a: Walking Wake|Walking Wake, L79|286/286\n|turn|14\n|inactive|Time left: 300 sec this turn | 300 sec total\n|\n|t:|1783573033\n|move|p2a: Thundurus|Nasty Plot|p2a: Thundurus\n|-boost|p2a: Thundurus|spa|2\n|move|p1a: Walking Wake|Draco Meteor|p2a: Thundurus\n|-damage|p2a: Thundurus|0 fnt\n|-unboost|p1a: Walking Wake|spa|2\n|faint|p2a: Thundurus\n|\n|upkeep\n|\n|t:|1783573034\n|switch|p2a: Regigigas|Regigigas, L84|100/100\n|-start|p2a: Regigigas|ability: Slow Start\n|turn|15\n|inactive|Time left: 300 sec this turn | 300 sec total\n|\n|t:|1783573035\n|-end|p1a: Walking Wake|Protosynthesis|[silent]\n|switch|p1a: Archaludon|Archaludon, L78, F|71/268\n|move|p2a: Regigigas|Substitute|p2a: Regigigas\n|-start|p2a: Regigigas|Substitute\n|-damage|p2a: Regigigas|76/100\n|\n|-heal|p1a: Archaludon|87/268|[from] item: Leftovers\n|-heal|p2a: Regigigas|82/100|[from] item: Leftovers\n|upkeep\n|turn|16\n|inactive|Time left: 300 sec this turn | 300 sec total\n|\n|t:|1783573036\n|move|p1a: Archaludon|Body Press|p2a: Regigigas\n|-supereffective|p2a: Regigigas\n|-end|p2a: Regigigas|Substitute\n|move|p2a: Regigigas|Knock Off|p1a: Archaludon\n|-damage|p1a: Archaludon|48/268\n|-ability|p1a: Archaludon|Stamina|boost\n|-boost|p1a: Archaludon|def|1\n|-enditem|p1a: Archaludon|Leftovers|[from] move: Knock Off|[of] p2a: Regigigas\n|\n|-heal|p2a: Regigigas|88/100|[from] item: Leftovers\n|upkeep\n|turn|17\n|inactive|Time left: 300 sec this turn | 300 sec total\n|\n|t:|1783573037\n|move|p2a: Regigigas|Protect|p2a: Regigigas\n|-singleturn|p2a: Regigigas|Protect\n|move|p1a: Archaludon|Flash Cannon|p2a: Regigigas\n|-activate|p2a: Regigigas|move: Protect\n|\n|-heal|p2a: Regigigas|94/100|[from] item: Leftovers\n|upkeep\n|turn|18\n|inactive|Time left: 300 sec this turn | 300 sec total\n|\n|t:|1783573038\n|move|p1a: Archaludon|Body Press|p2a: Regigigas\n|-supereffective|p2a: Regigigas\n|-damage|p2a: Regigigas|48/100\n|move|p2a: Regigigas|Substitute|p2a: Regigigas\n|-start|p2a: Regigigas|Substitute\n|-damage|p2a: Regigigas|23/100\n|\n|-heal|p2a: Regigigas|30/100|[from] item: Leftovers\n|upkeep\n|turn|19\n|inactive|Time left: 300 sec this turn | 300 sec total\n|\n|t:|1783573039\n|move|p2a: Regigigas|Protect|p2a: Regigigas\n|-singleturn|p2a: Regigigas|Protect\n|move|p1a: Archaludon|Body Press|p2a: Regigigas\n|-activate|p2a: Regigigas|move: Protect\n|\n|-heal|p2a: Regigigas|36/100|[from] item: Leftovers\n|-end|p2a: Regigigas|Slow Start\n|upkeep\n|turn|20\n|inactive|Time left: 300 sec this turn | 300 sec total\n|\n|t:|1783573040\n|move|p2a: Regigigas|Body Slam|p1a: Archaludon\n|-resisted|p1a: Archaludon\n|-damage|p1a: Archaludon|15/268\n|-ability|p1a: Archaludon|Stamina|boost\n|-boost|p1a: Archaludon|def|1\n|move|p1a: Archaludon|Body Press|p2a: Regigigas\n|-supereffective|p2a: Regigigas\n|-end|p2a: Regigigas|Substitute\n|\n|-heal|p2a: Regigigas|42/100|[from] item: Leftovers\n|upkeep\n|turn|21\n|inactive|Time left: 300 sec this turn | 300 sec total\n|\n|t:|1783573041\n|move|p2a: Regigigas|Body Slam|p1a: Archaludon\n|-resisted|p1a: Archaludon\n|-damage|p1a: Archaludon|0 fnt\n|faint|p1a: Archaludon\n|\n|-heal|p2a: Regigigas|48/100|[from] item: Leftovers\n|upkeep\n|inactive|Time left: 300 sec this turn | 300 sec total | 5 sec grace\n|\n|t:|1783573041\n|switch|p1a: Walking Wake|Walking Wake, L79|286/286\n|turn|22\n|inactive|Time left: 300 sec this turn | 300 sec total\n|\n|t:|1783573042\n|move|p2a: Regigigas|Protect|p2a: Regigigas\n|-singleturn|p2a: Regigigas|Protect\n|move|p1a: Walking Wake|Draco Meteor|p2a: Regigigas\n|-activate|p2a: Regigigas|move: Protect\n|\n|-heal|p2a: Regigigas|55/100|[from] item: Leftovers\n|upkeep\n|turn|23\n|inactive|Time left: 300 sec this turn | 300 sec total\n|\n|t:|1783573043\n|move|p2a: Regigigas|Protect|p2a: Regigigas\n|-singleturn|p2a: Regigigas|Protect\n|move|p1a: Walking Wake|Draco Meteor|p2a: Regigigas\n|-activate|p2a: Regigigas|move: Protect\n|\n|-heal|p2a: Regigigas|61/100|[from] item: Leftovers\n|upkeep\n|turn|24\n|inactive|Time left: 300 sec this turn | 300 sec total\n|\n|t:|1783573044\n|move|p1a: Walking Wake|Draco Meteor|p2a: Regigigas\n|-damage|p2a: Regigigas|0 fnt\n|-unboost|p1a: Walking Wake|spa|2\n|faint|p2a: Regigigas\n|-end|p2a: Regigigas|Slow Start|[silent]\n|\n|win|p0x29511fac", "uploadtime": 1783573044, "views": 0, "rating": 0, "private": 0, "password": null, "_winner": "p0x29511fac", "_our_name": "p0x29511fac"}