{"id": "battle-gen9randombattle-1090", "formatid": "gen9randombattle", "format": "[Gen 9] Random Battle", "players": ["p0x1090f8e5", "p0y1090c825"], "log": "|init|battle\n|title|p0x1090f8e5 vs. p0y1090c825\n|j|\u2606p0x1090f8e5\n|j|\u2606p0y1090c825\n|t:|1783552566\n|gametype|singles\n|player|p1|p0x1090f8e5|170|\n|player|p2|p0y1090c825|170|\n|gen|9\n|tier|[Gen 9] Random Battle\n|rule|Species Clause: Limit one of each Pok\u00e9mon\n|rule|HP Percentage Mod: HP is shown in percentages\n|rule|Sleep Clause Mod: Limit one foe put to sleep\n|rule|Illusion Level Mod: Illusion disguises the Pok\u00e9mon's true level\n|\n|t:|1783552566\n|teamsize|p1|6\n|teamsize|p2|6\n|start\n|switch|p1a: Flygon|Flygon, L82, M|265/265\n|switch|p2a: Lurantis|Lurantis, L87, M|100/100\n|turn|1\n|inactive|Battle timer is ON: inactive players will automatically lose when time's up. (requested by p0y1090c825)\n|inactive|Time left: 300 sec this turn | 300 sec total | 60 sec grace\n|inactive|p0x1090f8e5 also wants the timer to be on.\n|\n|t:|1783552567\n|move|p1a: Flygon|Outrage|p2a: Lurantis\n|-damage|p2a: Lurantis|56/100\n|move|p2a: Lurantis|Leaf Storm|p1a: Flygon\n|-damage|p1a: Flygon|130/265\n|-boost|p2a: Lurantis|spa|2\n|\n|-heal|p2a: Lurantis|62/100|[from] item: Leftovers\n|upkeep\n|turn|2\n|inactive|Time left: 300 sec this turn | 300 sec total\n|\n|t:|1783552568\n|switch|p2a: Dachsbun|Dachsbun, L92, M|100/100\n|move|p1a: Flygon|Outrage|p2a: Dachsbun|[from] lockedmove\n|-immune|p2a: Dachsbun\n|-start|p1a: Flygon|confusion|[fatigue]\n|-enditem|p1a: Flygon|Lum Berry|[eat]\n|-end|p1a: Flygon|confusion\n|\n|upkeep\n|turn|3\n|inactive|Time left: 300 sec this turn | 300 sec total\n|\n|t:|1783552569\n|switch|p1a: Suicune|Suicune, L82|298/298\n|-ability|p1a: Suicune|Pressure\n|move|p2a: Dachsbun|Play Rough|p1a: Suicune\n|-damage|p1a: Suicune|219/298\n|\n|-heal|p1a: Suicune|237/298|[from] item: Leftovers\n|upkeep\n|turn|4\n|inactive|Time left: 300 sec this turn | 300 sec total\n|\n|t:|1783552571\n|switch|p2a: Lurantis|Lurantis, L87, M|62/100\n|move|p1a: Suicune|Calm Mind|p1a: Suicune\n|-boost|p1a: Suicune|spa|1\n|-boost|p1a: Suicune|spd|1\n|\n|-heal|p1a: Suicune|255/298|[from] item: Leftovers\n|-heal|p2a: Lurantis|68/100|[from] item: Leftovers\n|upkeep\n|turn|5\n|inactive|Time left: 300 sec this turn | 300 sec total\n|\n|t:|1783552571\n|move|p1a: Suicune|Ice Beam|p2a: Lurantis\n|-supereffective|p2a: Lurantis\n|-damage|p2a: Lurantis|2/100\n|move|p2a: Lurantis|Leaf Storm|p1a: Suicune\n|-supereffective|p1a: Suicune\n|-damage|p1a: Suicune|111/298\n|-boost|p2a: Lurantis|spa|2\n|\n|-heal|p1a: Suicune|129/298|[from] item: Leftovers\n|-heal|p2a: Lurantis|8/100|[from] item: Leftovers\n|upkeep\n|turn|6\n|inactive|Time left: 300 sec this turn | 300 sec total\n|\n|t:|1783552572\n|move|p1a: Suicune|Ice Beam|p2a: Lurantis\n|-supereffective|p2a: Lurantis\n|-damage|p2a: Lurantis|0 fnt\n|faint|p2a: Lurantis\n|\n|-heal|p1a: Suicune|147/298|[from] item: Leftovers\n|upkeep\n|\n|t:|1783552574\n|switch|p2a: Vivillon|Vivillon-Savanna, L83, M|100/100\n|turn|7\n|inactive|Time left: 300 sec this turn | 300 sec total\n|\n|t:|1783552575\n|move|p2a: Vivillon|Sleep Powder|p1a: Suicune\n|-status|p1a: Suicune|slp|[from] move: Sleep Powder\n|cant|p1a: Suicune|slp\n|\n|-heal|p1a: Suicune|165/298 slp|[from] item: Leftovers\n|upkeep\n|turn|8\n|inactive|Time left: 300 sec this turn | 300 sec total\n|\n|t:|1783552576\n|move|p2a: Vivillon|Quiver Dance|p2a: Vivillon\n|-boost|p2a: Vivillon|spa|1\n|-boost|p2a: Vivillon|spd|1\n|-boost|p2a: Vivillon|spe|1\n|-curestatus|p1a: Suicune|slp|[msg]\n|move|p1a: Suicune|Ice Beam|p2a: Vivillon\n|-supereffective|p2a: Vivillon\n|-damage|p2a: Vivillon|39/100\n|\n|-heal|p1a: Suicune|183/298|[from] item: Leftovers\n|upkeep\n|turn|9\n|inactive|Time left: 300 sec this turn | 300 sec total\n|\n|t:|1783552577\n|move|p2a: Vivillon|Sleep Powder|p1a: Suicune\n|-status|p1a: Suicune|slp|[from] move: Sleep Powder\n|cant|p1a: Suicune|slp\n|\n|-heal|p1a: Suicune|201/298 slp|[from] item: Leftovers\n|upkeep\n|turn|10\n|inactive|Time left: 300 sec this turn | 300 sec total\n|\n|t:|1783552578\n|move|p2a: Vivillon|Hurricane|p1a: Suicune|[miss]\n|-miss|p2a: Vivillon|p1a: Suicune\n|-curestatus|p1a: Suicune|slp|[msg]\n|move|p1a: Suicune|Ice Beam|p2a: Vivillon\n|-supereffective|p2a: Vivillon\n|-damage|p2a: Vivillon|0 fnt\n|faint|p2a: Vivillon\n|\n|-heal|p1a: Suicune|219/298|[from] item: Leftovers\n|upkeep\n|\n|t:|1783552579\n|switch|p2a: Clawitzer|Clawitzer, L87, M|100/100\n|turn|11\n|inactive|Time left: 300 sec this turn | 300 sec total\n|\n|t:|1783552580\n|move|p1a: Suicune|Calm Mind|p1a: Suicune\n|-boost|p1a: Suicune|spa|1\n|-boost|p1a: Suicune|spd|1\n|move|p2a: Clawitzer|Aura Sphere|p1a: Suicune\n|-damage|p1a: Suicune|152/298\n|\n|-heal|p1a: Suicune|170/298|[from] item: Leftovers\n|upkeep\n|turn|12\n|inactive|Time left: 300 sec this turn | 300 sec total\n|\n|t:|1783552581\n|move|p1a: Suicune|Ice Beam|p2a: Clawitzer\n|-resisted|p2a: Clawitzer\n|-damage|p2a: Clawitzer|79/100\n|-status|p2a: Clawitzer|frz\n|cant|p2a: Clawitzer|frz\n|\n|-heal|p1a: Suicune|188/298|[from] item: Leftovers\n|upkeep\n|turn|13\n|inactive|Time left: 300 sec this turn | 300 sec total\n|\n|t:|1783552582\n|move|p1a: Suicune|Scald|p2a: Clawitzer\n|-resisted|p2a: Clawitzer\n|-damage|p2a: Clawitzer|52/100 frz\n|-curestatus|p2a: Clawitzer|frz|[msg]\n|move|p2a: Clawitzer|Aura Sphere|p1a: Suicune\n|-damage|p1a: Suicune|118/298\n|\n|-heal|p1a: Suicune|136/298|[from] item: Leftovers\n|upkeep\n|turn|14\n|inactive|Time left: 300 sec this turn | 300 sec total\n|\n|t:|1783552584\n|move|p1a: Suicune|Scald|p2a: Clawitzer\n|-resisted|p2a: Clawitzer\n|-damage|p2a: Clawitzer|27/100\n|move|p2a: Clawitzer|Aura Sphere|p1a: Suicune\n|-damage|p1a: Suicune|70/298\n|\n|-heal|p1a: Suicune|88/298|[from] item: Leftovers\n|upkeep\n|turn|15\n|inactive|Time left: 300 sec this turn | 300 sec total\n|\n|t:|1783552585\n|move|p1a: Suicune|Scald|p2a: Clawitzer\n|-resisted|p2a: Clawitzer\n|-damage|p2a: Clawitzer|0 fnt\n|faint|p2a: Clawitzer\n|\n|-heal|p1a: Suicune|106/298|[from] item: Leftovers\n|upkeep\n|\n|t:|1783552586\n|switch|p2a: Lycanroc|Lycanroc, L86, M|100/100\n|turn|16\n|inactive|Time left: 300 sec this turn | 300 sec total\n|\n|t:|1783552587\n|move|p2a: Lycanroc|Stone Edge|p1a: Suicune\n|-damage|p1a: Suicune|0 fnt\n|faint|p1a: Suicune\n|-damage|p2a: Lycanroc|91/100|[from] item: Life Orb\n|\n|upkeep\n|inactive|Time left: 300 sec this turn | 300 sec total | 5 sec grace\n|\n|t:|1783552588\n|switch|p1a: Banette|Banette, L93, M|270/270\n|turn|17\n|inactive|Time left: 300 sec this turn | 300 sec total\n|\n|t:|1783552589\n|move|p2a: Lycanroc|Stone Edge|p1a: Banette\n|-damage|p1a: Banette|97/270\n|-damage|p2a: Lycanroc|81/100|[from] item: Life Orb\n|move|p1a: Banette|Poltergeist|p2a: Lycanroc\n|-activate|p2a: Lycanroc|move: Poltergeist|Life Orb\n|-damage|p2a: Lycanroc|0 fnt\n|faint|p2a: Lycanroc\n|-damage|p1a: Banette|70/270|[from] item: Life Orb\n|\n|upkeep\n|\n|t:|1783552590\n|switch|p2a: Dachsbun|Dachsbun, L92, M|100/100\n|turn|18\n|inactive|Time left: 300 sec this turn | 300 sec total\n|\n|t:|1783552591\n|switch|p1a: Groudon|Groudon, L72|263/263\n|-weather|SunnyDay|[from] ability: Drought|[of] p1a: Groudon\n|move|p2a: Dachsbun|Play Rough|p1a: Groudon\n|-damage|p1a: Groudon|190/263\n|-unboost|p1a: Groudon|atk|1\n|\n|-weather|SunnyDay|[upkeep]\n|-heal|p1a: Groudon|206/263|[from] item: Leftovers\n|upkeep\n|turn|19\n|inactive|Time left: 300 sec this turn | 300 sec total\n|\n|t:|1783552592\n|move|p2a: Dachsbun|Play Rough|p1a: Groudon|[miss]\n|-miss|p2a: Dachsbun|p1a: Groudon\n|move|p1a: Groudon|Swords Dance|p1a: Groudon\n|-boost|p1a: Groudon|atk|2\n|\n|-weather|SunnyDay|[upkeep]\n|-heal|p1a: Groudon|222/263|[from] item: Leftovers\n|upkeep\n|turn|20\n|inactive|Time left: 300 sec this turn | 300 sec total\n|\n|t:|1783552593\n|move|p2a: Dachsbun|Play Rough|p1a: Groudon\n|-damage|p1a: Groudon|144/263\n|move|p1a: Groudon|Swords Dance|p1a: Groudon\n|-boost|p1a: Groudon|atk|2\n|\n|-weather|SunnyDay|[upkeep]\n|-heal|p1a: Groudon|160/263|[from] item: Leftovers\n|upkeep\n|turn|21\n|inactive|Time left: 300 sec this turn | 300 sec total\n|\n|t:|1783552594\n|move|p2a: Dachsbun|Protect|p2a: Dachsbun\n|-singleturn|p2a: Dachsbun|Protect\n|move|p1a: Groudon|Precipice Blades|p2a: Dachsbun\n|-activate|p2a: Dachsbun|move: Protect\n|\n|-weather|SunnyDay|[upkeep]\n|-heal|p1a: Groudon|176/263|[from] item: Leftovers\n|upkeep\n|turn|22\n|inactive|Time left: 300 sec this turn | 300 sec total\n|\n|t:|1783552596\n|move|p2a: Dachsbun|Play Rough|p1a: Groudon\n|-damage|p1a: Groudon|89/263\n|move|p1a: Groudon|Precipice Blades|p2a: Dachsbun|[miss]\n|-miss|p1a: Groudon|p2a: Dachsbun\n|\n|-weather|none\n|-heal|p1a: Groudon|105/263|[from] item: Leftovers\n|upkeep\n|turn|23\n|inactive|Time left: 300 sec this turn | 300 sec total\n|\n|t:|1783552597\n|move|p2a: Dachsbun|Play Rough|p1a: Groudon\n|-damage|p1a: Groudon|21/263\n|-unboost|p1a: Groudon|atk|1\n|move|p1a: Groudon|Precipice Blades|p2a: Dachsbun|[miss]\n|-miss|p1a: Groudon|p2a: Dachsbun\n|\n|-heal|p1a: Groudon|37/263|[from] item: Leftovers\n|upkeep\n|turn|24\n|inactive|Time left: 300 sec this turn | 300 sec total\n|\n|t:|1783552598\n|move|p2a: Dachsbun|Play Rough|p1a: Groudon\n|-damage|p1a: Groudon|0 fnt\n|faint|p1a: Groudon\n|\n|upkeep\n|inactive|Time left: 300 sec this turn | 300 sec total | 5 sec grace\n|\n|t:|1783552599\n|switch|p1a: Grimmsnarl|Grimmsnarl, L83, M|293/293\n|turn|25\n|inactive|Time left: 300 sec this turn | 300 sec total\n|\n|t:|1783552601\n|move|p1a: Grimmsnarl|Parting Shot|p2a: Dachsbun\n|-unboost|p2a: Dachsbun|atk|1\n|-unboost|p2a: Dachsbun|spa|1\n|inactive|Time left: 300 sec this turn | 300 sec total | 5 sec grace\n|\n|t:|1783552601\n|switch|p1a: Gurdurr|Gurdurr, L85, F|283/283|[from] Parting Shot\n|move|p2a: Dachsbun|Play Rough|p1a: Gurdurr\n|-supereffective|p1a: Gurdurr\n|-damage|p1a: Gurdurr|193/283\n|\n|upkeep\n|turn|26\n|inactive|Time left: 300 sec this turn | 300 sec total\n|\n|t:|1783552602\n|move|p2a: Dachsbun|Play Rough|p1a: Gurdurr\n|-supereffective|p1a: Gurdurr\n|-damage|p1a: Gurdurr|109/283\n|move|p1a: Gurdurr|Bulk Up|p1a: Gurdurr\n|-boost|p1a: Gurdurr|atk|1\n|-boost|p1a: Gurdurr|def|1\n|\n|upkeep\n|turn|27\n|inactive|Time left: 300 sec this turn | 300 sec total\n|\n|t:|1783552603\n|move|p2a: Dachsbun|Play Rough|p1a: Gurdurr\n|-supereffective|p1a: Gurdurr\n|-damage|p1a: Gurdurr|47/283\n|-unboost|p1a: Gurdurr|atk|1\n|move|p1a: Gurdurr|Drain Punch|p2a: Dachsbun\n|-resisted|p2a: Dachsbun\n|-damage|p2a: Dachsbun|88/100\n|-heal|p1a: Gurdurr|64/283|[from] drain|[of] p2a: Dachsbun\n|\n|-heal|p2a: Dachsbun|93/100|[from] item: Leftovers\n|upkeep\n|turn|28\n|inactive|Time left: 300 sec this turn | 300 sec total\n|\n|t:|1783552604\n|move|p2a: Dachsbun|Play Rough|p1a: Gurdurr\n|-supereffective|p1a: Gurdurr\n|-damage|p1a: Gurdurr|2/283\n|move|p1a: Gurdurr|Knock Off|p2a: Dachsbun\n|-resisted|p2a: Dachsbun\n|-damage|p2a: Dachsbun|83/100\n|-enditem|p2a: Dachsbun|Leftovers|[from] move: Knock Off|[of] p1a: Gurdurr\n|\n|upkeep\n|turn|29\n|inactive|Time left: 300 sec this turn | 300 sec total\n|\n|t:|1783552606\n|switch|p1a: Grimmsnarl|Grimmsnarl, L83, M|293/293\n|move|p2a: Dachsbun|Play Rough|p1a: Grimmsnarl\n|-supereffective|p1a: Grimmsnarl\n|-damage|p1a: Grimmsnarl|131/293\n|\n|-heal|p1a: Grimmsnarl|149/293|[from] item: Leftovers\n|upkeep\n|turn|30\n|inactive|Time left: 300 sec this turn | 300 sec total\n|\n|t:|1783552606\n|move|p1a: Grimmsnarl|Parting Shot|p2a: Dachsbun\n|-unboost|p2a: Dachsbun|atk|1\n|-unboost|p2a: Dachsbun|spa|1\n|inactive|Time left: 300 sec this turn | 300 sec total | 5 sec grace\n|\n|t:|1783552607\n|switch|p1a: Gurdurr|Gurdurr, L85, F|2/283|[from] Parting Shot\n|move|p2a: Dachsbun|Play Rough|p1a: Gurdurr\n|-supereffective|p1a: Gurdurr\n|-damage|p1a: Gurdurr|0 fnt\n|faint|p1a: Gurdurr\n|\n|upkeep\n|inactive|Time left: 300 sec this turn | 300 sec total | 10 sec grace\n|\n|t:|1783552608\n|switch|p1a: Banette|Banette, L93, M|70/270\n|turn|31\n|inactive|Time left: 300 sec this turn | 300 sec total\n|\n|t:|1783552609\n|switch|p2a: Arboliva|Arboliva, L91, F|100/100\n|move|p1a: Banette|Poltergeist|p2a: Arboliva\n|-immune|p2a: Arboliva\n|\n|upkeep\n|turn|32\n|inactive|Time left: 300 sec this turn | 300 sec total\n|\n|t:|1783552611\n|move|p1a: Banette|Gunk Shot|p2a: Arboliva\n|-supereffective|p2a: Arboliva\n|-damage|p2a: Arboliva|0 fnt\n|faint|p2a: Arboliva\n|-damage|p1a: Banette|43/270|[from] item: Life Orb\n|\n|upkeep\n|\n|t:|1783552612\n|switch|p2a: Dachsbun|Dachsbun, L92, M|83/100\n|turn|33\n|inactive|Time left: 300 sec this turn | 300 sec total\n|\n|t:|1783552613\n|move|p1a: Banette|Shadow Sneak|p2a: Dachsbun\n|-damage|p2a: Dachsbun|61/100\n|-damage|p1a: Banette|16/270|[from] item: Life Orb\n|move|p2a: Dachsbun|Play Rough|p1a: Banette\n|-damage|p1a: Banette|0 fnt\n|faint|p1a: Banette\n|\n|upkeep\n|inactive|Time left: 300 sec this turn | 300 sec total | 5 sec grace\n|\n|t:|1783552614\n|switch|p1a: Grimmsnarl|Grimmsnarl, L83, M|149/293\n|turn|34\n|inactive|Time left: 300 sec this turn | 300 sec total\n|\n|t:|1783552615\n|move|p1a: Grimmsnarl|Parting Shot|p2a: Dachsbun\n|-unboost|p2a: Dachsbun|atk|1\n|-unboost|p2a: Dachsbun|spa|1\n|inactive|Time left: 300 sec this turn | 300 sec total | 5 sec grace\n|\n|t:|1783552616\n|switch|p1a: Flygon|Flygon, L82, M|130/265|[from] Parting Shot\n|move|p2a: Dachsbun|Play Rough|p1a: Flygon\n|-supereffective|p1a: Flygon\n|-damage|p1a: Flygon|0 fnt\n|faint|p1a: Flygon\n|\n|upkeep\n|inactive|Time left: 300 sec this turn | 300 sec total | 10 sec grace\n|\n|t:|1783552617\n|switch|p1a: Grimmsnarl|Grimmsnarl, L83, M|149/293\n|turn|35\n|inactive|Time left: 300 sec this turn | 300 sec total\n|\n|t:|1783552617\n|-terastallize|p2a: Dachsbun|Steel\n|-terastallize|p1a: Grimmsnarl|Poison\n|move|p1a: Grimmsnarl|Parting Shot|p2a: Dachsbun\n|-unboost|p2a: Dachsbun|atk|1\n|-unboost|p2a: Dachsbun|spa|1\n|move|p2a: Dachsbun|Body Press|p1a: Grimmsnarl\n|-resisted|p1a: Grimmsnarl\n|-damage|p1a: Grimmsnarl|101/293\n|\n|-heal|p1a: Grimmsnarl|119/293|[from] item: Leftovers\n|upkeep\n|turn|36\n|inactive|Time left: 300 sec this turn | 300 sec total\n|\n|t:|1783552619\n|move|p1a: Grimmsnarl|Thunder Wave|p2a: Dachsbun\n|-status|p2a: Dachsbun|par\n|move|p2a: Dachsbun|Body Press|p1a: Grimmsnarl\n|-resisted|p1a: Grimmsnarl\n|-damage|p1a: Grimmsnarl|67/293\n|\n|-heal|p1a: Grimmsnarl|85/293|[from] item: Leftovers\n|upkeep\n|turn|37\n|inactive|Time left: 300 sec this turn | 300 sec total\n|\n|t:|1783552619\n|move|p1a: Grimmsnarl|Sucker Punch|p2a: Dachsbun\n|-damage|p2a: Dachsbun|37/100 par\n|move|p2a: Dachsbun|Body Press|p1a: Grimmsnarl\n|-resisted|p1a: Grimmsnarl\n|-damage|p1a: Grimmsnarl|36/293\n|\n|-heal|p1a: Grimmsnarl|54/293|[from] item: Leftovers\n|upkeep\n|turn|38\n|inactive|Time left: 300 sec this turn | 300 sec total\n|\n|t:|1783552621\n|move|p1a: Grimmsnarl|Spirit Break|p2a: Dachsbun\n|-resisted|p2a: Dachsbun\n|-damage|p2a: Dachsbun|25/100 par\n|-unboost|p2a: Dachsbun|spa|1\n|cant|p2a: Dachsbun|par\n|\n|-heal|p1a: Grimmsnarl|72/293|[from] item: Leftovers\n|upkeep\n|turn|39\n|inactive|Time left: 300 sec this turn | 300 sec total\n|\n|t:|1783552622\n|move|p1a: Grimmsnarl|Spirit Break|p2a: Dachsbun\n|-resisted|p2a: Dachsbun\n|-damage|p2a: Dachsbun|11/100 par\n|-unboost|p2a: Dachsbun|spa|1\n|move|p2a: Dachsbun|Wish|p2a: Dachsbun\n|\n|-heal|p1a: Grimmsnarl|90/293|[from] item: Leftovers\n|upkeep\n|turn|40\n|inactive|Time left: 300 sec this turn | 300 sec total\n|\n|t:|1783552623\n|move|p2a: Dachsbun|Protect|p2a: Dachsbun\n|-singleturn|p2a: Dachsbun|Protect\n|move|p1a: Grimmsnarl|Spirit Break|p2a: Dachsbun\n|-activate|p2a: Dachsbun|move: Protect\n|\n|-heal|p2a: Dachsbun|61/100 par|[from] move: Wish|[wisher] Dachsbun\n|-heal|p1a: Grimmsnarl|108/293|[from] item: Leftovers\n|upkeep\n|turn|41\n|inactive|Time left: 300 sec this turn | 300 sec total\n|\n|t:|1783552624\n|move|p1a: Grimmsnarl|Spirit Break|p2a: Dachsbun\n|-resisted|p2a: Dachsbun\n|-damage|p2a: Dachsbun|47/100 par\n|-unboost|p2a: Dachsbun|spa|1\n|move|p2a: Dachsbun|Body Press|p1a: Grimmsnarl\n|-resisted|p1a: Grimmsnarl\n|-damage|p1a: Grimmsnarl|57/293\n|\n|-heal|p1a: Grimmsnarl|75/293|[from] item: Leftovers\n|upkeep\n|turn|42\n|inactive|Time left: 300 sec this turn | 300 sec total\n|\n|t:|1783552625\n|move|p1a: Grimmsnarl|Sucker Punch||[still]\n|-fail|p1a: Grimmsnarl\n|cant|p2a: Dachsbun|par\n|\n|-heal|p1a: Grimmsnarl|93/293|[from] item: Leftovers\n|upkeep\n|turn|43\n|inactive|Time left: 300 sec this turn | 300 sec total\n|\n|t:|1783552626\n|move|p1a: Grimmsnarl|Parting Shot|p2a: Dachsbun\n|-unboost|p2a: Dachsbun|atk|1\n|-unboost|p2a: Dachsbun|spa|1\n|cant|p2a: Dachsbun|par\n|\n|-heal|p1a: Grimmsnarl|111/293|[from] item: Leftovers\n|upkeep\n|turn|44\n|inactive|Time left: 300 sec this turn | 300 sec total\n|\n|t:|1783552627\n|move|p1a: Grimmsnarl|Spirit Break|p2a: Dachsbun\n|-resisted|p2a: Dachsbun\n|-damage|p2a: Dachsbun|33/100 par\n|move|p2a: Dachsbun|Wish|p2a: Dachsbun\n|\n|-heal|p1a: Grimmsnarl|129/293|[from] item: Leftovers\n|upkeep\n|turn|45\n|inactive|Time left: 300 sec this turn | 300 sec total\n|\n|t:|1783552628\n|move|p1a: Grimmsnarl|Sucker Punch|p2a: Dachsbun\n|-damage|p2a: Dachsbun|6/100 par\n|cant|p2a: Dachsbun|par\n|\n|-heal|p2a: Dachsbun|56/100 par|[from] move: Wish|[wisher] Dachsbun\n|-heal|p1a: Grimmsnarl|147/293|[from] item: Leftovers\n|upkeep\n|turn|46\n|inactive|Time left: 300 sec this turn | 300 sec total\n|\n|t:|1783552629\n|move|p1a: Grimmsnarl|Sucker Punch||[still]\n|-fail|p1a: Grimmsnarl\n|cant|p2a: Dachsbun|par\n|\n|-heal|p1a: Grimmsnarl|165/293|[from] item: Leftovers\n|upkeep\n|turn|47\n|inactive|Time left: 300 sec this turn | 300 sec total\n|\n|t:|1783552630\n|move|p1a: Grimmsnarl|Parting Shot|p2a: Dachsbun\n|-unboost|p2a: Dachsbun|atk|1\n|-unboost|p2a: Dachsbun|spa|0\n|cant|p2a: Dachsbun|par\n|\n|-heal|p1a: Grimmsnarl|183/293|[from] item: Leftovers\n|upkeep\n|turn|48\n|inactive|Time left: 300 sec this turn | 300 sec total\n|\n|t:|1783552631\n|move|p1a: Grimmsnarl|Spirit Break|p2a: Dachsbun\n|-resisted|p2a: Dachsbun\n|-damage|p2a: Dachsbun|42/100 par\n|move|p2a: Dachsbun|Wish|p2a: Dachsbun\n|\n|-heal|p1a: Grimmsnarl|201/293|[from] item: Leftovers\n|upkeep\n|turn|49\n|inactive|Time left: 300 sec this turn | 300 sec total\n|\n|t:|1783552632\n|move|p1a: Grimmsnarl|Sucker Punch|p2a: Dachsbun\n|-damage|p2a: Dachsbun|18/100 par\n|move|p2a: Dachsbun|Body Press|p1a: Grimmsnarl\n|-resisted|p1a: Grimmsnarl\n|-damage|p1a: Grimmsnarl|156/293\n|\n|-heal|p2a: Dachsbun|68/100 par|[from] move: Wish|[wisher] Dachsbun\n|-heal|p1a: Grimmsnarl|174/293|[from] item: Leftovers\n|upkeep\n|turn|50\n|inactive|Time left: 300 sec this turn | 300 sec total\n|\n|t:|1783552633\n|move|p1a: Grimmsnarl|Sucker Punch||[still]\n|-fail|p1a: Grimmsnarl\n|move|p2a: Dachsbun|Wish|p2a: Dachsbun\n|\n|-heal|p1a: Grimmsnarl|192/293|[from] item: Leftovers\n|upkeep\n|turn|51\n|inactive|Time left: 300 sec this turn | 300 sec total\n|\n|t:|1783552634\n|move|p1a: Grimmsnarl|Thunder Wave|p2a: Dachsbun\n|-fail|p2a: Dachsbun|par\n|move|p2a: Dachsbun|Body Press|p1a: Grimmsnarl\n|-resisted|p1a: Grimmsnarl\n|-damage|p1a: Grimmsnarl|142/293\n|\n|-heal|p2a: Dachsbun|100/100 par|[from] move: Wish|[wisher] Dachsbun\n|-heal|p1a: Grimmsnarl|160/293|[from] item: Leftovers\n|upkeep\n|turn|52\n|inactive|Time left: 300 sec this turn | 300 sec total\n|\n|t:|1783552635\n|move|p1a: Grimmsnarl|Sucker Punch|p2a: Dachsbun\n|-damage|p2a: Dachsbun|77/100 par\n|move|p2a: Dachsbun|Body Press|p1a: Grimmsnarl\n|-resisted|p1a: Grimmsnarl\n|-damage|p1a: Grimmsnarl|110/293\n|\n|-heal|p1a: Grimmsnarl|128/293|[from] item: Leftovers\n|upkeep\n|turn|53\n|inactive|Time left: 300 sec this turn | 300 sec total\n|\n|t:|1783552636\n|move|p1a: Grimmsnarl|Spirit Break|p2a: Dachsbun\n|-resisted|p2a: Dachsbun\n|-damage|p2a: Dachsbun|62/100 par\n|move|p2a: Dachsbun|Wish|p2a: Dachsbun\n|\n|-heal|p1a: Grimmsnarl|146/293|[from] item: Leftovers\n|upkeep\n|turn|54\n|inactive|Time left: 300 sec this turn | 300 sec total\n|\n|t:|1783552637\n|move|p1a: Grimmsnarl|Spirit Break|p2a: Dachsbun\n|-resisted|p2a: Dachsbun\n|-damage|p2a: Dachsbun|49/100 par\n|cant|p2a: Dachsbun|par\n|\n|-heal|p2a: Dachsbun|99/100 par|[from] move: Wish|[wisher] Dachsbun\n|-heal|p1a: Grimmsnarl|164/293|[from] item: Leftovers\n|upkeep\n|turn|55\n|inactive|Time left: 300 sec this turn | 300 sec total\n|\n|t:|1783552638\n|move|p1a: Grimmsnarl|Sucker Punch|p2a: Dachsbun\n|-damage|p2a: Dachsbun|72/100 par\n|move|p2a: Dachsbun|Body Press|p1a: Grimmsnarl\n|-resisted|p1a: Grimmsnarl\n|-damage|p1a: Grimmsnarl|116/293\n|\n|-heal|p1a: Grimmsnarl|134/293|[from] item: Leftovers\n|upkeep\n|turn|56\n|inactive|Time left: 300 sec this turn | 300 sec total\n|\n|t:|1783552640\n|move|p1a: Grimmsnarl|Spirit Break|p2a: Dachsbun\n|-resisted|p2a: Dachsbun\n|-damage|p2a: Dachsbun|58/100 par\n|cant|p2a: Dachsbun|par\n|\n|-heal|p1a: Grimmsnarl|152/293|[from] item: Leftovers\n|upkeep\n|turn|57\n|inactive|Time left: 300 sec this turn | 300 sec total\n|\n|t:|1783552641\n|move|p1a: Grimmsnarl|Spirit Break|p2a: Dachsbun\n|-resisted|p2a: Dachsbun\n|-damage|p2a: Dachsbun|44/100 par\n|move|p2a: Dachsbun|Wish|p2a: Dachsbun\n|\n|-heal|p1a: Grimmsnarl|170/293|[from] item: Leftovers\n|upkeep\n|turn|58\n|inactive|Time left: 300 sec this turn | 300 sec total\n|\n|t:|1783552642\n|move|p1a: Grimmsnarl|Spirit Break|p2a: Dachsbun\n|-resisted|p2a: Dachsbun\n|-damage|p2a: Dachsbun|30/100 par\n|move|p2a: Dachsbun|Body Press|p1a: Grimmsnarl\n|-resisted|p1a: Grimmsnarl\n|-damage|p1a: Grimmsnarl|124/293\n|\n|-heal|p2a: Dachsbun|80/100 par|[from] move: Wish|[wisher] Dachsbun\n|-heal|p1a: Grimmsnarl|142/293|[from] item: Leftovers\n|upkeep\n|turn|59\n|inactive|Time left: 300 sec this turn | 300 sec total\n|\n|t:|1783552643\n|move|p1a: Grimmsnarl|Parting Shot|p2a: Dachsbun\n|-unboost|p2a: Dachsbun|atk|1\n|-unboost|p2a: Dachsbun|spa|0\n|move|p2a: Dachsbun|Wish|p2a: Dachsbun\n|\n|-heal|p1a: Grimmsnarl|160/293|[from] item: Leftovers\n|upkeep\n|turn|60\n|inactive|Time left: 300 sec this turn | 300 sec total\n|\n|t:|1783552644\n|move|p1a: Grimmsnarl|Spirit Break|p2a: Dachsbun\n|-resisted|p2a: Dachsbun\n|-damage|p2a: Dachsbun|66/100 par\n|cant|p2a: Dachsbun|par\n|\n|-heal|p2a: Dachsbun|100/100 par|[from] move: Wish|[wisher] Dachsbun\n|-heal|p1a: Grimmsnarl|178/293|[from] item: Leftovers\n|upkeep\n|turn|61\n|inactive|Time left: 300 sec this turn | 300 sec total\n|\n|t:|1783552645\n|move|p1a: Grimmsnarl|Spirit Break|p2a: Dachsbun\n|-resisted|p2a: Dachsbun\n|-damage|p2a: Dachsbun|88/100 par\n|move|p2a: Dachsbun|Body Press|p1a: Grimmsnarl\n|-resisted|p1a: Grimmsnarl\n|-damage|p1a: Grimmsnarl|129/293\n|\n|-heal|p1a: Grimmsnarl|147/293|[from] item: Leftovers\n|upkeep\n|turn|62\n|inactive|Time left: 300 sec this turn | 300 sec total\n|\n|t:|1783552646\n|move|p1a: Grimmsnarl|Spirit Break|p2a: Dachsbun\n|-resisted|p2a: Dachsbun\n|-damage|p2a: Dachsbun|75/100 par\n|cant|p2a: Dachsbun|par\n|\n|-heal|p1a: Grimmsnarl|165/293|[from] item: Leftovers\n|upkeep\n|turn|63\n|inactive|Time left: 300 sec this turn | 300 sec total\n|\n|t:|1783552647\n|move|p1a: Grimmsnarl|Spirit Break|p2a: Dachsbun\n|-resisted|p2a: Dachsbun\n|-damage|p2a: Dachsbun|61/100 par\n|cant|p2a: Dachsbun|par\n|\n|-heal|p1a: Grimmsnarl|183/293|[from] item: Leftovers\n|upkeep\n|turn|64\n|inactive|Time left: 300 sec this turn | 300 sec total\n|\n|t:|1783552648\n|move|p1a: Grimmsnarl|Spirit Break|p2a: Dachsbun\n|-resisted|p2a: Dachsbun\n|-crit|p2a: Dachsbun\n|-damage|p2a: Dachsbun|42/100 par\n|move|p2a: Dachsbun|Wish|p2a: Dachsbun\n|\n|-heal|p1a: Grimmsnarl|201/293|[from] item: Leftovers\n|upkeep\n|turn|65\n|inactive|Time left: 300 sec this turn | 300 sec total\n|\n|t:|1783552649\n|move|p1a: Grimmsnarl|Spirit Break|p2a: Dachsbun\n|-resisted|p2a: Dachsbun\n|-damage|p2a: Dachsbun|27/100 par\n|move|p2a: Dachsbun|Body Press|p1a: Grimmsnarl\n|-resisted|p1a: Grimmsnarl\n|-damage|p1a: Grimmsnarl|157/293\n|\n|-heal|p2a: Dachsbun|77/100 par|[from] move: Wish|[wisher] Dachsbun\n|-heal|p1a: Grimmsnarl|175/293|[from] item: Leftovers\n|upkeep\n|turn|66\n|inactive|Time left: 300 sec this turn | 300 sec total\n|\n|t:|1783552650\n|move|p1a: Grimmsnarl|Spirit Break|p2a: Dachsbun\n|-resisted|p2a: Dachsbun\n|-damage|p2a: Dachsbun|63/100 par\n|cant|p2a: Dachsbun|par\n|\n|-heal|p1a: Grimmsnarl|193/293|[from] item: Leftovers\n|upkeep\n|turn|67\n|inactive|Time left: 300 sec this turn | 300 sec total\n|\n|t:|1783552652\n|move|p1a: Grimmsnarl|Spirit Break|p2a: Dachsbun\n|-resisted|p2a: Dachsbun\n|-damage|p2a: Dachsbun|50/100 par\n|move|p2a: Dachsbun|Wish|p2a: Dachsbun\n|\n|-heal|p1a: Grimmsnarl|211/293|[from] item: Leftovers\n|upkeep\n|turn|68\n|inactive|Time left: 300 sec this turn | 300 sec total\n|\n|t:|1783552653\n|move|p1a: Grimmsnarl|Spirit Break|p2a: Dachsbun\n|-resisted|p2a: Dachsbun\n|-damage|p2a: Dachsbun|35/100 par\n|move|p2a: Dachsbun|Body Press|p1a: Grimmsnarl\n|-resisted|p1a: Grimmsnarl\n|-crit|p1a: Grimmsnarl\n|-damage|p1a: Grimmsnarl|140/293\n|\n|-heal|p2a: Dachsbun|85/100 par|[from] move: Wish|[wisher] Dachsbun\n|-heal|p1a: Grimmsnarl|158/293|[from] item: Leftovers\n|upkeep\n|turn|69\n|inactive|Time left: 300 sec this turn | 300 sec total\n|\n|t:|1783552654\n|move|p1a: Grimmsnarl|Spirit Break|p2a: Dachsbun\n|-resisted|p2a: Dachsbun\n|-damage|p2a: Dachsbun|70/100 par\n|move|p2a: Dachsbun|Wish|p2a: Dachsbun\n|\n|-heal|p1a: Grimmsnarl|176/293|[from] item: Leftovers\n|upkeep\n|turn|70\n|inactive|Time left: 300 sec this turn | 300 sec total\n|\n|t:|1783552655\n|move|p1a: Grimmsnarl|Spirit Break|p2a: Dachsbun\n|-resisted|p2a: Dachsbun\n|-damage|p2a: Dachsbun|56/100 par\n|move|p2a: Dachsbun|Body Press|p1a: Grimmsnarl\n|-resisted|p1a: Grimmsnarl\n|-damage|p1a: Grimmsnarl|126/293\n|\n|-heal|p2a: Dachsbun|100/100 par|[from] move: Wish|[wisher] Dachsbun\n|-heal|p1a: Grimmsnarl|144/293|[from] item: Leftovers\n|upkeep\n|turn|71\n|inactive|Time left: 300 sec this turn | 300 sec total\n|\n|t:|1783552656\n|move|p1a: Grimmsnarl|Parting Shot|p2a: Dachsbun\n|-unboost|p2a: Dachsbun|atk|1\n|-unboost|p2a: Dachsbun|spa|0\n|move|p2a: Dachsbun|Body Press|p1a: Grimmsnarl\n|-resisted|p1a: Grimmsnarl\n|-damage|p1a: Grimmsnarl|99/293\n|\n|-heal|p1a: Grimmsnarl|117/293|[from] item: Leftovers\n|upkeep\n|turn|72\n|inactive|Time left: 300 sec this turn | 300 sec total\n|\n|t:|1783552657\n|move|p1a: Grimmsnarl|Parting Shot|p2a: Dachsbun\n|-unboost|p2a: Dachsbun|atk|0\n|-unboost|p2a: Dachsbun|spa|0\n|cant|p2a: Dachsbun|par\n|\n|-heal|p1a: Grimmsnarl|135/293|[from] item: Leftovers\n|upkeep\n|turn|73\n|inactive|Time left: 300 sec this turn | 300 sec total\n|\n|t:|1783552658\n|move|p1a: Grimmsnarl|Thunder Wave|p2a: Dachsbun|[miss]\n|-miss|p1a: Grimmsnarl|p2a: Dachsbun\n|move|p2a: Dachsbun|Body Press|p1a: Grimmsnarl\n|-resisted|p1a: Grimmsnarl\n|-damage|p1a: Grimmsnarl|90/293\n|\n|-heal|p1a: Grimmsnarl|108/293|[from] item: Leftovers\n|upkeep\n|turn|74\n|inactive|Time left: 300 sec this turn | 300 sec total\n|\n|t:|1783552659\n|move|p1a: Grimmsnarl|Parting Shot|p2a: Dachsbun\n|-unboost|p2a: Dachsbun|atk|0\n|-unboost|p2a: Dachsbun|spa|0\n|move|p2a: Dachsbun|Wish|p2a: Dachsbun\n|\n|-heal|p1a: Grimmsnarl|126/293|[from] item: Leftovers\n|upkeep\n|turn|75\n|inactive|Time left: 300 sec this turn | 300 sec total\n|\n|t:|1783552660\n|move|p1a: Grimmsnarl|Parting Shot|p2a: Dachsbun\n|-unboost|p2a: Dachsbun|atk|0\n|-unboost|p2a: Dachsbun|spa|0\n|move|p2a: Dachsbun|Body Press|p1a: Grimmsnarl\n|-resisted|p1a: Grimmsnarl\n|-damage|p1a: Grimmsnarl|80/293\n|\n|-heal|p1a: Grimmsnarl|98/293|[from] item: Leftovers\n|upkeep\n|turn|76\n|inactive|Time left: 300 sec this turn | 300 sec total\n|\n|t:|1783552661\n|move|p2a: Dachsbun|Protect|p2a: Dachsbun\n|-singleturn|p2a: Dachsbun|Protect\n|move|p1a: Grimmsnarl|Parting Shot|p2a: Dachsbun\n|-activate|p2a: Dachsbun|move: Protect\n|\n|-heal|p1a: Grimmsnarl|116/293|[from] item: Leftovers\n|upkeep\n|turn|77\n|inactive|Time left: 300 sec this turn | 300 sec total\n|\n|t:|1783552662\n|move|p1a: Grimmsnarl|Thunder Wave|p2a: Dachsbun\n|-fail|p2a: Dachsbun|par\n|cant|p2a: Dachsbun|par\n|\n|-heal|p1a: Grimmsnarl|134/293|[from] item: Leftovers\n|upkeep\n|turn|78\n|inactive|Time left: 300 sec this turn | 300 sec total\n|\n|t:|1783552663\n|move|p1a: Grimmsnarl|Parting Shot|p2a: Dachsbun\n|-unboost|p2a: Dachsbun|atk|0\n|-unboost|p2a: Dachsbun|spa|0\n|cant|p2a: Dachsbun|par\n|\n|-heal|p1a: Grimmsnarl|152/293|[from] item: Leftovers\n|upkeep\n|turn|79\n|inactive|Time left: 300 sec this turn | 300 sec total\n|\n|t:|1783552664\n|move|p1a: Grimmsnarl|Spirit Break|p2a: Dachsbun\n|-resisted|p2a: Dachsbun\n|-damage|p2a: Dachsbun|87/100 par\n|cant|p2a: Dachsbun|par\n|\n|-heal|p1a: Grimmsnarl|170/293|[from] item: Leftovers\n|upkeep\n|turn|80\n|inactive|Time left: 300 sec this turn | 300 sec total\n|\n|t:|1783552665\n|move|p2a: Dachsbun|Protect|p2a: Dachsbun\n|-singleturn|p2a: Dachsbun|Protect\n|move|p1a: Grimmsnarl|Thunder Wave|p2a: Dachsbun\n|-activate|p2a: Dachsbun|move: Protect\n|\n|-heal|p1a: Grimmsnarl|188/293|[from] item: Leftovers\n|upkeep\n|turn|81\n|inactive|Time left: 300 sec this turn | 300 sec total\n|\n|t:|1783552666\n|move|p1a: Grimmsnarl|Spirit Break|p2a: Dachsbun\n|-resisted|p2a: Dachsbun\n|-damage|p2a: Dachsbun|73/100 par\n|cant|p2a: Dachsbun|par\n|\n|-heal|p1a: Grimmsnarl|206/293|[from] item: Leftovers\n|upkeep\n|turn|82\n|inactive|Time left: 300 sec this turn | 300 sec total\n|\n|t:|1783552667\n|move|p1a: Grimmsnarl|Parting Shot|p2a: Dachsbun\n|-unboost|p2a: Dachsbun|atk|0\n|-unboost|p2a: Dachsbun|spa|0\n|cant|p2a: Dachsbun|par\n|\n|-heal|p1a: Grimmsnarl|224/293|[from] item: Leftovers\n|upkeep\n|turn|83\n|inactive|Time left: 300 sec this turn | 300 sec total\n|\n|t:|1783552667\n|move|p1a: Grimmsnarl|Parting Shot|p2a: Dachsbun\n|-unboost|p2a: Dachsbun|atk|0\n|-unboost|p2a: Dachsbun|spa|0\n|cant|p2a: Dachsbun|par\n|\n|-heal|p1a: Grimmsnarl|242/293|[from] item: Leftovers\n|upkeep\n|turn|84\n|inactive|Time left: 300 sec this turn | 300 sec total\n|\n|t:|1783552668\n|move|p1a: Grimmsnarl|Thunder Wave|p2a: Dachsbun|[miss]\n|-miss|p1a: Grimmsnarl|p2a: Dachsbun\n|cant|p2a: Dachsbun|par\n|\n|-heal|p1a: Grimmsnarl|260/293|[from] item: Leftovers\n|upkeep\n|turn|85\n|inactive|Time left: 300 sec this turn | 300 sec total\n|\n|t:|1783552669\n|move|p1a: Grimmsnarl|Parting Shot|p2a: Dachsbun\n|-unboost|p2a: Dachsbun|atk|0\n|-unboost|p2a: Dachsbun|spa|0\n|move|p2a: Dachsbun|Wish|p2a: Dachsbun\n|\n|-heal|p1a: Grimmsnarl|278/293|[from] item: Leftovers\n|upkeep\n|turn|86\n|inactive|Time left: 300 sec this turn | 300 sec total\n|\n|t:|1783552670\n|move|p1a: Grimmsnarl|Thunder Wave|p2a: Dachsbun\n|-fail|p2a: Dachsbun|par\n|cant|p2a: Dachsbun|par\n|\n|-heal|p2a: Dachsbun|100/100 par|[from] move: Wish|[wisher] Dachsbun\n|-heal|p1a: Grimmsnarl|293/293|[from] item: Leftovers\n|upkeep\n|turn|87\n|inactive|Time left: 300 sec this turn | 300 sec total\n|\n|t:|1783552671\n|move|p1a: Grimmsnarl|Parting Shot|p2a: Dachsbun\n|-unboost|p2a: Dachsbun|atk|0\n|-unboost|p2a: Dachsbun|spa|0\n|move|p2a: Dachsbun|Wish|p2a: Dachsbun\n|\n|upkeep\n|turn|88\n|inactive|Time left: 300 sec this turn | 300 sec total\n|\n|t:|1783552672\n|move|p2a: Dachsbun|Protect|p2a: Dachsbun\n|-singleturn|p2a: Dachsbun|Protect\n|move|p1a: Grimmsnarl|Thunder Wave|p2a: Dachsbun\n|-activate|p2a: Dachsbun|move: Protect\n|\n|upkeep\n|turn|89\n|inactive|Time left: 300 sec this turn | 300 sec total\n|\n|t:|1783552673\n|cant|p2a: Dachsbun|par\n|move|p1a: Grimmsnarl|Thunder Wave|p2a: Dachsbun\n|-fail|p2a: Dachsbun|par\n|\n|upkeep\n|turn|90\n|inactive|Time left: 300 sec this turn | 300 sec total\n|\n|t:|1783552674\n|move|p1a: Grimmsnarl|Parting Shot|p2a: Dachsbun\n|-unboost|p2a: Dachsbun|atk|0\n|-unboost|p2a: Dachsbun|spa|0\n|move|p2a: Dachsbun|Wish|p2a: Dachsbun\n|\n|upkeep\n|turn|91\n|inactive|Time left: 300 sec this turn | 300 sec total\n|\n|t:|1783552676\n|move|p1a: Grimmsnarl|Thunder Wave|p2a: Dachsbun\n|-fail|p2a: Dachsbun|par\n|cant|p2a: Dachsbun|par\n|\n|upkeep\n|turn|92\n|inactive|Time left: 300 sec this turn | 300 sec total\n|\n|t:|1783552677\n|move|p1a: Grimmsnarl|Thunder Wave|p2a: Dachsbun\n|-fail|p2a: Dachsbun|par\n|cant|p2a: Dachsbun|par\n|\n|upkeep\n|turn|93\n|inactive|Time left: 300 sec this turn | 300 sec total\n|\n|t:|1783552678\n|move|p1a: Grimmsnarl|Thunder Wave|p2a: Dachsbun|[miss]\n|-miss|p1a: Grimmsnarl|p2a: Dachsbun\n|move|p2a: Dachsbun|Wish|p2a: Dachsbun\n|\n|upkeep\n|turn|94\n|inactive|Time left: 300 sec this turn | 300 sec total\n|\n|t:|1783552679\n|move|p1a: Grimmsnarl|Parting Shot|p2a: Dachsbun\n|-unboost|p2a: Dachsbun|atk|0\n|-unboost|p2a: Dachsbun|spa|0\n|move|p2a: Dachsbun|Wish||[still]\n|-fail|p2a: Dachsbun\n|\n|upkeep\n|turn|95\n|inactive|Time left: 300 sec this turn | 300 sec total\n|\n|t:|1783552680\n|move|p2a: Dachsbun|Protect|p2a: Dachsbun\n|-singleturn|p2a: Dachsbun|Protect\n|move|p1a: Grimmsnarl|Thunder Wave|p2a: Dachsbun\n|-activate|p2a: Dachsbun|move: Protect\n|\n|upkeep\n|turn|96\n|inactive|Time left: 300 sec this turn | 300 sec total\n|\n|t:|1783552681\n|move|p2a: Dachsbun|Protect||[still]\n|-fail|p2a: Dachsbun\n|move|p1a: Grimmsnarl|Thunder Wave|p2a: Dachsbun\n|-fail|p2a: Dachsbun|par\n|\n|upkeep\n|turn|97\n|inactive|Time left: 300 sec this turn | 300 sec total\n|\n|t:|1783552682\n|cant|p2a: Dachsbun|par\n|move|p1a: Grimmsnarl|Parting Shot|p2a: Dachsbun\n|-unboost|p2a: Dachsbun|atk|0\n|-unboost|p2a: Dachsbun|spa|0\n|\n|upkeep\n|turn|98\n|inactive|Time left: 300 sec this turn | 300 sec total\n|\n|t:|1783552683\n|cant|p2a: Dachsbun|par\n|move|p1a: Grimmsnarl|Parting Shot|p2a: Dachsbun\n|-unboost|p2a: Dachsbun|atk|0\n|-unboost|p2a: Dachsbun|spa|0\n|\n|upkeep\n|turn|99\n|inactive|Time left: 300 sec this turn | 300 sec total\n|\n|t:|1783552685\n|move|p2a: Dachsbun|Protect|p2a: Dachsbun\n|-singleturn|p2a: Dachsbun|Protect\n|move|p1a: Grimmsnarl|Thunder Wave|p2a: Dachsbun\n|-activate|p2a: Dachsbun|move: Protect\n|\n|upkeep\n|turn|100\n|inactive|Time left: 300 sec this turn | 300 sec total\n|\n|t:|1783552686\n|move|p2a: Dachsbun|Protect||[still]\n|-fail|p2a: Dachsbun\n|move|p1a: Grimmsnarl|Thunder Wave|p2a: Dachsbun\n|-fail|p2a: Dachsbun|par\n|\n|upkeep\n|turn|101\n|inactive|Time left: 300 sec this turn | 300 sec total\n|\n|t:|1783552687\n|move|p2a: Dachsbun|Protect|p2a: Dachsbun\n|-singleturn|p2a: Dachsbun|Protect\n|move|p1a: Grimmsnarl|Parting Shot|p2a: Dachsbun\n|-activate|p2a: Dachsbun|move: Protect\n|\n|upkeep\n|turn|102\n|inactive|Time left: 300 sec this turn | 300 sec total\n|\n|t:|1783552688\n|move|p2a: Dachsbun|Protect|p2a: Dachsbun\n|-singleturn|p2a: Dachsbun|Protect\n|move|p1a: Grimmsnarl|Parting Shot|p2a: Dachsbun\n|-activate|p2a: Dachsbun|move: Protect\n|\n|upkeep\n|turn|103\n|inactive|Time left: 300 sec this turn | 300 sec total\n|\n|t:|1783552689\n|cant|p2a: Dachsbun|par\n|move|p1a: Grimmsnarl|Parting Shot|p2a: Dachsbun\n|-unboost|p2a: Dachsbun|atk|0\n|-unboost|p2a: Dachsbun|spa|0\n|\n|upkeep\n|turn|104\n|inactive|Time left: 300 sec this turn | 300 sec total\n|\n|t:|1783552690\n|cant|p2a: Dachsbun|par\n|move|p1a: Grimmsnarl|Parting Shot|p2a: Dachsbun\n|-unboost|p2a: Dachsbun|atk|0\n|-unboost|p2a: Dachsbun|spa|0\n|\n|upkeep\n|turn|105\n|inactive|Time left: 300 sec this turn | 300 sec total\n|\n|t:|1783552691\n|cant|p2a: Dachsbun|par\n|move|p1a: Grimmsnarl|Parting Shot|p2a: Dachsbun\n|-unboost|p2a: Dachsbun|atk|0\n|-unboost|p2a: Dachsbun|spa|0\n|\n|upkeep\n|turn|106\n|inactive|Time left: 300 sec this turn | 300 sec total\n|\n|t:|1783552691\n|move|p2a: Dachsbun|Protect|p2a: Dachsbun\n|-singleturn|p2a: Dachsbun|Protect\n|move|p1a: Grimmsnarl|Parting Shot|p2a: Dachsbun\n|-activate|p2a: Dachsbun|move: Protect\n|\n|upkeep\n|turn|107\n|inactive|Time left: 300 sec this turn | 300 sec total\n|\n|t:|1783552692\n|move|p2a: Dachsbun|Protect|p2a: Dachsbun\n|-singleturn|p2a: Dachsbun|Protect\n|move|p1a: Grimmsnarl|Thunder Wave|p2a: Dachsbun\n|-activate|p2a: Dachsbun|move: Protect\n|\n|upkeep\n|turn|108\n|inactive|Time left: 300 sec this turn | 300 sec total\n|\n|t:|1783552693\n|move|p2a: Dachsbun|Protect||[still]\n|-fail|p2a: Dachsbun\n|move|p1a: Grimmsnarl|Parting Shot|p2a: Dachsbun\n|-unboost|p2a: Dachsbun|atk|0\n|-unboost|p2a: Dachsbun|spa|0\n|\n|upkeep\n|turn|109\n|inactive|Time left: 300 sec this turn | 300 sec total\n|\n|t:|1783552694\n|move|p2a: Dachsbun|Protect|p2a: Dachsbun\n|-singleturn|p2a: Dachsbun|Protect\n|move|p1a: Grimmsnarl|Parting Shot|p2a: Dachsbun\n|-activate|p2a: Dachsbun|move: Protect\n|\n|upkeep\n|turn|110\n|inactive|Time left: 300 sec this turn | 300 sec total\n|\n|t:|1783552696\n|cant|p2a: Dachsbun|par\n|move|p1a: Grimmsnarl|Parting Shot|p2a: Dachsbun\n|-unboost|p2a: Dachsbun|atk|0\n|-unboost|p2a: Dachsbun|spa|0\n|\n|upkeep\n|turn|111\n|inactive|Time left: 300 sec this turn | 300 sec total\n|\n|t:|1783552697\n|cant|p2a: Dachsbun|par\n|move|p1a: Grimmsnarl|Parting Shot|p2a: Dachsbun\n|-unboost|p2a: Dachsbun|atk|0\n|-unboost|p2a: Dachsbun|spa|0\n|\n|upkeep\n|turn|112\n|inactive|Time left: 300 sec this turn | 300 sec total\n|\n|t:|1783552698\n|cant|p2a: Dachsbun|par\n|move|p1a: Grimmsnarl|Thunder Wave|p2a: Dachsbun\n|-fail|p2a: Dachsbun|par\n|\n|upkeep\n|turn|113\n|inactive|Time left: 300 sec this turn | 300 sec total\n|\n|t:|1783552699\n|cant|p2a: Dachsbun|par\n|move|p1a: Grimmsnarl|Parting Shot|p2a: Dachsbun\n|-unboost|p2a: Dachsbun|atk|0\n|-unboost|p2a: Dachsbun|spa|0\n|\n|upkeep\n|turn|114\n|inactive|Time left: 300 sec this turn | 300 sec total\n|\n|t:|1783552700\n|cant|p2a: Dachsbun|par\n|move|p1a: Grimmsnarl|Thunder Wave|p2a: Dachsbun\n|-fail|p2a: Dachsbun|par\n|\n|upkeep\n|turn|115\n|inactive|Time left: 300 sec this turn | 300 sec total\n|\n|t:|1783552702\n|cant|p2a: Dachsbun|par\n|move|p1a: Grimmsnarl|Thunder Wave|p2a: Dachsbun\n|-fail|p2a: Dachsbun|par\n|\n|upkeep\n|turn|116\n|inactive|Time left: 300 sec this turn | 300 sec total\n|\n|t:|1783552704\n|move|p2a: Dachsbun|Protect|p2a: Dachsbun\n|-singleturn|p2a: Dachsbun|Protect\n|move|p1a: Grimmsnarl|Thunder Wave|p2a: Dachsbun\n|-activate|p2a: Dachsbun|move: Protect\n|\n|upkeep\n|turn|117\n|inactive|Time left: 300 sec this turn | 300 sec total\n|\n|t:|1783552705\n|move|p1a: Grimmsnarl|Thunder Wave|p2a: Dachsbun\n|-fail|p2a: Dachsbun|par\n|-activate|p2a: Dachsbun|move: Struggle\n|move|p2a: Dachsbun|Struggle|p1a: Grimmsnarl\n|-damage|p1a: Grimmsnarl|281/293\n|-damage|p2a: Dachsbun|75/100 par|[from] recoil\n|\n|-heal|p1a: Grimmsnarl|293/293|[from] item: Leftovers\n|upkeep\n|turn|118\n|inactive|Time left: 300 sec this turn | 300 sec total\n|\n|t:|1783552707\n|move|p1a: Grimmsnarl|Thunder Wave|p2a: Dachsbun\n|-fail|p2a: Dachsbun|par\n|-activate|p2a: Dachsbun|move: Struggle\n|move|p2a: Dachsbun|Struggle|p1a: Grimmsnarl\n|-damage|p1a: Grimmsnarl|280/293\n|-damage|p2a: Dachsbun|50/100 par|[from] recoil\n|\n|-heal|p1a: Grimmsnarl|293/293|[from] item: Leftovers\n|upkeep\n|turn|119\n|inactive|Time left: 300 sec this turn | 300 sec total\n|\n|t:|1783552708\n|move|p1a: Grimmsnarl|Thunder Wave|p2a: Dachsbun\n|-fail|p2a: Dachsbun|par\n|-activate|p2a: Dachsbun|move: Struggle\n|move|p2a: Dachsbun|Struggle|p1a: Grimmsnarl\n|-damage|p1a: Grimmsnarl|279/293\n|-damage|p2a: Dachsbun|25/100 par|[from] recoil\n|\n|-heal|p1a: Grimmsnarl|293/293|[from] item: Leftovers\n|upkeep\n|turn|120\n|inactive|Time left: 300 sec this turn | 300 sec total\n|\n|t:|1783552708\n|move|p1a: Grimmsnarl|Thunder Wave|p2a: Dachsbun\n|-fail|p2a: Dachsbun|par\n|-activate|p2a: Dachsbun|move: Struggle\n|move|p2a: Dachsbun|Struggle|p1a: Grimmsnarl\n|-damage|p1a: Grimmsnarl|281/293\n|-damage|p2a: Dachsbun|0 fnt|[from] recoil\n|faint|p2a: Dachsbun\n|\n|win|p0x1090f8e5", "uploadtime": 1783552708, "views": 0, "rating": 0, "private": 0, "password": null, "_winner": "p0x1090f8e5", "_our_name": "p0x1090f8e5"}