{"id": "battle-gen9randombattle-451", "formatid": "gen9randombattle", "format": "[Gen 9] Random Battle", "players": ["p0x451c729", "p0y45112f6"], "log": "|init|battle\n|title|p0x451c729 vs. p0y45112f6\n|j|\u2606p0x451c729\n|j|\u2606p0y45112f6\n|t:|1783544990\n|gametype|singles\n|player|p1|p0x451c729|1|\n|player|p2|p0y45112f6|169|\n|gen|9\n|tier|[Gen 9] Random Battle\n|rule|Species Clause: Limit one of each Pok\u00e9mon\n|rule|HP Percentage Mod: HP is shown in percentages\n|rule|Sleep Clause Mod: Limit one foe put to sleep\n|rule|Illusion Level Mod: Illusion disguises the Pok\u00e9mon's true level\n|\n|t:|1783544990\n|teamsize|p1|6\n|teamsize|p2|6\n|start\n|switch|p1a: Oranguru|Oranguru, L92, F|100/100\n|switch|p2a: Skarmory|Skarmory, L80, F|235/235\n|turn|1\n|inactive|Battle timer is ON: inactive players will automatically lose when time's up. (requested by p0y45112f6)\n|inactive|p0x451c729 also wants the timer to be on.\n|\n|t:|1783544992\n|switch|p2a: Luxray|Luxray, L88, M|283/283\n|move|p1a: Oranguru|Nasty Plot|p1a: Oranguru\n|-boost|p1a: Oranguru|spa|2\n|\n|-status|p2a: Luxray|brn|[from] item: Flame Orb\n|upkeep\n|turn|2\n|inactive|Time left: 300 sec this turn | 300 sec total\n|\n|t:|1783544993\n|move|p2a: Luxray|Facade|p1a: Oranguru\n|-damage|p1a: Oranguru|37/100\n|move|p1a: Oranguru|Hyper Voice|p2a: Luxray\n|-damage|p2a: Luxray|5/283 brn\n|-damage|p1a: Oranguru|27/100|[from] item: Life Orb\n|\n|-damage|p2a: Luxray|0 fnt|[from] brn\n|faint|p2a: Luxray\n|upkeep\n|inactive|Time left: 300 sec this turn | 300 sec total | 5 sec grace\n|\n|t:|1783544994\n|switch|p2a: Bronzong|Bronzong, L88|261/261\n|turn|3\n|inactive|Time left: 300 sec this turn | 300 sec total\n|\n|t:|1783544995\n|move|p1a: Oranguru|Thunderbolt|p2a: Bronzong\n|-damage|p2a: Bronzong|128/261\n|-damage|p1a: Oranguru|18/100|[from] item: Life Orb\n|move|p2a: Bronzong|Iron Head|p1a: Oranguru\n|-damage|p1a: Oranguru|0 fnt\n|faint|p1a: Oranguru\n|\n|-heal|p2a: Bronzong|144/261|[from] item: Leftovers\n|upkeep\n|\n|t:|1783544996\n|switch|p1a: Armarouge|Armarouge, L80, F|100/100\n|turn|4\n|inactive|Time left: 300 sec this turn | 300 sec total\n|\n|t:|1783544998\n|move|p1a: Armarouge|Armor Cannon|p2a: Bronzong\n|-supereffective|p2a: Bronzong\n|-damage|p2a: Bronzong|0 fnt\n|-unboost|p1a: Armarouge|def|1\n|-unboost|p1a: Armarouge|spd|1\n|faint|p2a: Bronzong\n|\n|upkeep\n|inactive|Time left: 300 sec this turn | 300 sec total | 5 sec grace\n|\n|t:|1783544999\n|switch|p2a: Articuno|Articuno-Galar, L84|288/288\n|turn|5\n|inactive|Time left: 300 sec this turn | 300 sec total\n|\n|t:|1783545000\n|move|p2a: Articuno|Calm Mind|p2a: Articuno\n|-boost|p2a: Articuno|spa|1\n|-boost|p2a: Articuno|spd|1\n|move|p1a: Armarouge|Meteor Beam||[still]\n|-prepare|p1a: Armarouge|Meteor Beam\n|-boost|p1a: Armarouge|spa|1\n|-enditem|p1a: Armarouge|Power Herb\n|-anim|p1a: Armarouge|Meteor Beam|p2a: Articuno\n|-supereffective|p2a: Articuno\n|-crit|p2a: Articuno\n|-damage|p2a: Articuno|0 fnt\n|faint|p2a: Articuno\n|\n|upkeep\n|inactive|Time left: 300 sec this turn | 300 sec total | 5 sec grace\n|\n|t:|1783545001\n|switch|p2a: Dudunsparce|Dudunsparce-Three-Segment, L83, M|343/343\n|turn|6\n|inactive|Time left: 300 sec this turn | 300 sec total\n|\n|t:|1783545002\n|move|p1a: Armarouge|Armor Cannon|p2a: Dudunsparce\n|-damage|p2a: Dudunsparce|78/343\n|-unboost|p1a: Armarouge|def|1\n|-unboost|p1a: Armarouge|spd|1\n|move|p2a: Dudunsparce|Boomburst|p1a: Armarouge\n|-damage|p1a: Armarouge|0 fnt\n|faint|p1a: Armarouge\n|\n|-heal|p2a: Dudunsparce|99/343|[from] item: Leftovers\n|upkeep\n|\n|t:|1783545003\n|switch|p1a: Pikachu|Pikachu-Original, L93, M|100/100\n|turn|7\n|inactive|Time left: 300 sec this turn | 300 sec total\n|\n|t:|1783545004\n|move|p1a: Pikachu|Volt Switch|p2a: Dudunsparce\n|-damage|p2a: Dudunsparce|0 fnt\n|faint|p2a: Dudunsparce\n|\n|t:|1783545005\n|switch|p1a: Zacian|Zacian, L69|100/100|[from] Volt Switch\n|-ability|p1a: Zacian|Intrepid Sword|boost\n|-boost|p1a: Zacian|atk|1\n|\n|upkeep\n|inactive|Time left: 300 sec this turn | 300 sec total | 10 sec grace\n|\n|t:|1783545006\n|switch|p2a: Skarmory|Skarmory, L80, F|235/235\n|turn|8\n|inactive|Time left: 300 sec this turn | 300 sec total\n|\n|t:|1783545007\n|move|p1a: Zacian|Play Rough|p2a: Skarmory\n|-resisted|p2a: Skarmory\n|-damage|p2a: Skarmory|175/235\n|move|p2a: Skarmory|Iron Defense|p2a: Skarmory\n|-boost|p2a: Skarmory|def|2\n|\n|-heal|p2a: Skarmory|189/235|[from] item: Leftovers\n|upkeep\n|turn|9\n|inactive|Time left: 300 sec this turn | 300 sec total\n|\n|t:|1783545008\n|move|p1a: Zacian|Play Rough|p2a: Skarmory\n|-resisted|p2a: Skarmory\n|-damage|p2a: Skarmory|159/235\n|-unboost|p2a: Skarmory|atk|1\n|move|p2a: Skarmory|Body Press|p1a: Zacian\n|-resisted|p1a: Zacian\n|-damage|p1a: Zacian|70/100\n|\n|-heal|p2a: Skarmory|173/235|[from] item: Leftovers\n|upkeep\n|turn|10\n|inactive|Time left: 300 sec this turn | 300 sec total\n|\n|t:|1783545010\n|move|p1a: Zacian|Play Rough|p2a: Skarmory\n|-resisted|p2a: Skarmory\n|-damage|p2a: Skarmory|143/235\n|move|p2a: Skarmory|Body Press|p1a: Zacian\n|-resisted|p1a: Zacian\n|-damage|p1a: Zacian|41/100\n|\n|-heal|p2a: Skarmory|157/235|[from] item: Leftovers\n|upkeep\n|turn|11\n|inactive|Time left: 300 sec this turn | 300 sec total\n|\n|t:|1783545011\n|move|p1a: Zacian|Play Rough|p2a: Skarmory\n|-resisted|p2a: Skarmory\n|-damage|p2a: Skarmory|125/235\n|move|p2a: Skarmory|Body Press|p1a: Zacian\n|-resisted|p1a: Zacian\n|-damage|p1a: Zacian|14/100\n|\n|-heal|p2a: Skarmory|139/235|[from] item: Leftovers\n|upkeep\n|turn|12\n|inactive|Time left: 300 sec this turn | 300 sec total\n|\n|t:|1783545012\n|move|p1a: Zacian|Play Rough|p2a: Skarmory\n|-resisted|p2a: Skarmory\n|-damage|p2a: Skarmory|107/235\n|move|p2a: Skarmory|Roost|p2a: Skarmory\n|-heal|p2a: Skarmory|225/235\n|-singleturn|p2a: Skarmory|move: Roost\n|\n|-heal|p2a: Skarmory|235/235|[from] item: Leftovers\n|upkeep\n|turn|13\n|inactive|Time left: 300 sec this turn | 300 sec total\n|\n|t:|1783545013\n|move|p1a: Zacian|Play Rough|p2a: Skarmory\n|-resisted|p2a: Skarmory\n|-crit|p2a: Skarmory\n|-damage|p2a: Skarmory|147/235\n|move|p2a: Skarmory|Body Press|p1a: Zacian\n|-resisted|p1a: Zacian\n|-damage|p1a: Zacian|0 fnt\n|faint|p1a: Zacian\n|\n|-heal|p2a: Skarmory|161/235|[from] item: Leftovers\n|upkeep\n|\n|t:|1783545014\n|switch|p1a: Pikachu|Pikachu-Original, L93, M|100/100\n|turn|14\n|inactive|Time left: 300 sec this turn | 300 sec total\n|\n|t:|1783545015\n|switch|p2a: Froslass|Froslass, L87, F|263/263\n|-terastallize|p1a: Pikachu|Water\n|move|p1a: Pikachu|Surf|p2a: Froslass\n|-damage|p2a: Froslass|104/263\n|-start|p1a: Pikachu|Disable|Surf|[from] ability: Cursed Body|[of] p2a: Froslass\n|\n|upkeep\n|turn|15\n|inactive|Time left: 300 sec this turn | 300 sec total\n|\n|t:|1783545016\n|move|p2a: Froslass|Destiny Bond|p2a: Froslass\n|-singlemove|p2a: Froslass|Destiny Bond\n|move|p1a: Pikachu|Knock Off|p2a: Froslass\n|-supereffective|p2a: Froslass\n|-damage|p2a: Froslass|0 fnt\n|-enditem|p2a: Froslass|Wide Lens|[from] move: Knock Off|[of] p1a: Pikachu\n|faint|p2a: Froslass\n|-activate|p2a: Froslass|move: Destiny Bond\n|faint|p1a: Pikachu\n|\n|upkeep\n|inactive|Time left: 300 sec this turn | 300 sec total | 5 sec grace\n|\n|t:|1783545017\n|switch|p2a: Skarmory|Skarmory, L80, F|161/235\n|switch|p1a: Sneasler|Sneasler, L74, F|100/100\n|turn|16\n|inactive|Time left: 300 sec this turn | 300 sec total\n|\n|t:|1783545018\n|move|p1a: Sneasler|Close Combat|p2a: Skarmory\n|-damage|p2a: Skarmory|31/235\n|-unboost|p1a: Sneasler|def|1\n|-unboost|p1a: Sneasler|spd|1\n|move|p2a: Skarmory|Iron Defense|p2a: Skarmory\n|-boost|p2a: Skarmory|def|2\n|\n|-heal|p2a: Skarmory|45/235|[from] item: Leftovers\n|upkeep\n|turn|17\n|inactive|Time left: 300 sec this turn | 300 sec total\n|\n|t:|1783545019\n|move|p1a: Sneasler|Close Combat|p2a: Skarmory\n|-damage|p2a: Skarmory|0 fnt\n|-unboost|p1a: Sneasler|def|1\n|-unboost|p1a: Sneasler|spd|1\n|faint|p2a: Skarmory\n|\n|win|p0x451c729", "uploadtime": 1783545019, "views": 0, "rating": 0, "private": 0, "password": null, "_winner": "p0x451c729", "_our_name": "p0y45112f6"}