{"id": "battle-gen9randombattle-2227", "formatid": "gen9randombattle", "format": "[Gen 9] Random Battle", "players": ["p0x2227b60d", "p0y2227e440"], "log": "|init|battle\n|title|p0x2227b60d vs. p0y2227e440\n|j|\u2606p0x2227b60d\n|j|\u2606p0y2227e440\n|t:|1783565798\n|gametype|singles\n|player|p1|p0x2227b60d|169|\n|player|p2|p0y2227e440|265|\n|gen|9\n|tier|[Gen 9] Random Battle\n|rule|Species Clause: Limit one of each Pok\u00e9mon\n|rule|HP Percentage Mod: HP is shown in percentages\n|rule|Sleep Clause Mod: Limit one foe put to sleep\n|rule|Illusion Level Mod: Illusion disguises the Pok\u00e9mon's true level\n|\n|t:|1783565798\n|teamsize|p1|6\n|teamsize|p2|6\n|start\n|switch|p1a: Drednaw|Drednaw, L81, M|100/100\n|switch|p2a: Exeggutor|Exeggutor-Alola, L89, F|314/314\n|turn|1\n|inactive|Battle timer is ON: inactive players will automatically lose when time's up. (requested by p0x2227b60d)\n|inactive|Time left: 300 sec this turn | 300 sec total | 60 sec grace\n|inactive|p0y2227e440 also wants the timer to be on.\n|\n|t:|1783565800\n|switch|p1a: Ho-Oh|Ho-Oh, L71|100/100\n|move|p2a: Exeggutor|Wood Hammer|p1a: Ho-Oh\n|-resisted|p1a: Ho-Oh\n|-damage|p1a: Ho-Oh|86/100\n|-damage|p2a: Exeggutor|301/314|[from] Recoil\n|\n|upkeep\n|turn|2\n|inactive|Time left: 300 sec this turn | 300 sec total\n|\n|t:|1783565801\n|move|p1a: Ho-Oh|Brave Bird|p2a: Exeggutor\n|-supereffective|p2a: Exeggutor\n|-damage|p2a: Exeggutor|85/314\n|-enditem|p2a: Exeggutor|Sitrus Berry|[eat]\n|-heal|p2a: Exeggutor|163/314|[from] item: Sitrus Berry\n|-damage|p1a: Ho-Oh|59/100|[from] Recoil\n|move|p2a: Exeggutor|Stun Spore|p1a: Ho-Oh\n|-status|p1a: Ho-Oh|par\n|\n|upkeep\n|turn|3\n|inactive|Time left: 300 sec this turn | 300 sec total\n|\n|t:|1783565803\n|move|p2a: Exeggutor|Wood Hammer|p1a: Ho-Oh\n|-resisted|p1a: Ho-Oh\n|-damage|p1a: Ho-Oh|44/100 par\n|-damage|p2a: Exeggutor|150/314|[from] Recoil\n|move|p1a: Ho-Oh|Recover|p1a: Ho-Oh\n|-heal|p1a: Ho-Oh|94/100 par\n|\n|-item|p2a: Exeggutor|Sitrus Berry|[from] ability: Harvest\n|upkeep\n|-enditem|p2a: Exeggutor|Sitrus Berry|[eat]\n|-heal|p2a: Exeggutor|228/314|[from] item: Sitrus Berry\n|turn|4\n|inactive|Time left: 300 sec this turn | 300 sec total\n|\n|t:|1783565804\n|move|p2a: Exeggutor|Wood Hammer|p1a: Ho-Oh\n|-resisted|p1a: Ho-Oh\n|-damage|p1a: Ho-Oh|77/100 par\n|-damage|p2a: Exeggutor|213/314|[from] Recoil\n|move|p1a: Ho-Oh|Sacred Fire|p2a: Exeggutor\n|-damage|p2a: Exeggutor|125/314\n|\n|upkeep\n|turn|5\n|inactive|Time left: 300 sec this turn | 300 sec total\n|\n|t:|1783565805\n|move|p2a: Exeggutor|Draco Meteor|p1a: Ho-Oh\n|-damage|p1a: Ho-Oh|23/100 par\n|-unboost|p2a: Exeggutor|spa|2\n|cant|p1a: Ho-Oh|par\n|\n|upkeep\n|turn|6\n|inactive|Time left: 300 sec this turn | 300 sec total\n|\n|t:|1783565806\n|switch|p2a: Miraidon|Miraidon, L65|238/238\n|-fieldstart|move: Electric Terrain|[from] ability: Hadron Engine|[of] p2a: Miraidon\n|switch|p1a: Drednaw|Drednaw, L81, M|100/100\n|\n|upkeep\n|turn|7\n|inactive|Time left: 300 sec this turn | 300 sec total\n|\n|t:|1783565807\n|-terastallize|p1a: Drednaw|Ground\n|move|p2a: Miraidon|Electro Drift|p1a: Drednaw\n|-immune|p1a: Drednaw\n|move|p1a: Drednaw|Shell Smash|p1a: Drednaw\n|-unboost|p1a: Drednaw|def|1\n|-unboost|p1a: Drednaw|spd|1\n|-boost|p1a: Drednaw|atk|2\n|-boost|p1a: Drednaw|spa|2\n|-boost|p1a: Drednaw|spe|2\n|-enditem|p1a: Drednaw|White Herb\n|-clearnegativeboost|p1a: Drednaw|[silent]\n|\n|upkeep\n|turn|8\n|inactive|Time left: 300 sec this turn | 300 sec total\n|\n|t:|1783565808\n|switch|p2a: Exeggutor|Exeggutor-Alola, L89, F|125/314\n|move|p1a: Drednaw|Earthquake|p2a: Exeggutor\n|-resisted|p2a: Exeggutor\n|-damage|p2a: Exeggutor|24/314\n|\n|-item|p2a: Exeggutor|Sitrus Berry|[from] ability: Harvest\n|upkeep\n|-enditem|p2a: Exeggutor|Sitrus Berry|[eat]\n|-heal|p2a: Exeggutor|102/314|[from] item: Sitrus Berry\n|turn|9\n|inactive|Time left: 300 sec this turn | 300 sec total\n|\n|t:|1783565809\n|move|p1a: Drednaw|Earthquake|p2a: Exeggutor\n|-resisted|p2a: Exeggutor\n|-damage|p2a: Exeggutor|0 fnt\n|faint|p2a: Exeggutor\n|\n|upkeep\n|inactive|Time left: 300 sec this turn | 300 sec total | 5 sec grace\n|\n|t:|1783565810\n|switch|p2a: Hypno|Hypno, L95, M|315/315\n|turn|10\n|inactive|Time left: 300 sec this turn | 300 sec total\n|\n|t:|1783565811\n|move|p1a: Drednaw|Earthquake|p2a: Hypno\n|-damage|p2a: Hypno|62/315\n|move|p2a: Hypno|Encore|p1a: Drednaw\n|-start|p1a: Drednaw|Encore\n|\n|-heal|p2a: Hypno|81/315|[from] item: Leftovers\n|-fieldend|move: Electric Terrain\n|upkeep\n|turn|11\n|inactive|Time left: 300 sec this turn | 300 sec total\n|\n|t:|1783565812\n|move|p1a: Drednaw|Earthquake|p2a: Hypno\n|-damage|p2a: Hypno|0 fnt\n|faint|p2a: Hypno\n|\n|upkeep\n|inactive|Time left: 300 sec this turn | 300 sec total | 5 sec grace\n|\n|t:|1783565813\n|switch|p2a: Magnezone|Magnezone, L85|258/258\n|turn|12\n|inactive|Time left: 300 sec this turn | 300 sec total\n|\n|t:|1783565814\n|-terastallize|p2a: Magnezone|Flying\n|move|p1a: Drednaw|Earthquake|p2a: Magnezone\n|-immune|p2a: Magnezone\n|move|p2a: Magnezone|Flash Cannon|p1a: Drednaw\n|-damage|p1a: Drednaw|53/100\n|\n|upkeep\n|turn|13\n|inactive|Time left: 300 sec this turn | 300 sec total\n|\n|t:|1783565815\n|move|p1a: Drednaw|Earthquake|p2a: Magnezone\n|-immune|p2a: Magnezone\n|move|p2a: Magnezone|Flash Cannon|p1a: Drednaw\n|-damage|p1a: Drednaw|5/100\n|\n|-end|p1a: Drednaw|Encore\n|upkeep\n|turn|14\n|inactive|Time left: 300 sec this turn | 300 sec total\n|\n|t:|1783565816\n|move|p1a: Drednaw|Stone Edge|p2a: Magnezone\n|-supereffective|p2a: Magnezone\n|-damage|p2a: Magnezone|0 fnt\n|faint|p2a: Magnezone\n|\n|upkeep\n|inactive|Time left: 300 sec this turn | 300 sec total | 5 sec grace\n|\n|t:|1783565817\n|switch|p2a: Sceptile|Sceptile, L87, F|264/264\n|turn|15\n|inactive|Time left: 300 sec this turn | 300 sec total\n|\n|t:|1783565817\n|move|p1a: Drednaw|Stone Edge|p2a: Sceptile|[miss]\n|-miss|p1a: Drednaw|p2a: Sceptile\n|move|p2a: Sceptile|Leaf Blade|p1a: Drednaw\n|-supereffective|p1a: Drednaw\n|-damage|p1a: Drednaw|0 fnt\n|faint|p1a: Drednaw\n|-damage|p2a: Sceptile|238/264|[from] item: Life Orb\n|\n|upkeep\n|\n|t:|1783565818\n|switch|p1a: Tornadus|Tornadus, L82, M|100/100\n|turn|16\n|inactive|Time left: 300 sec this turn | 300 sec total\n|\n|t:|1783565820\n|move|p2a: Sceptile|Rock Slide|p1a: Tornadus\n|-supereffective|p1a: Tornadus\n|-damage|p1a: Tornadus|40/100\n|-damage|p2a: Sceptile|212/264|[from] item: Life Orb\n|move|p1a: Tornadus|Bleakwind Storm|p2a: Sceptile|[miss]\n|-miss|p1a: Tornadus|p2a: Sceptile\n|\n|upkeep\n|turn|17\n|inactive|Time left: 300 sec this turn | 300 sec total\n|\n|t:|1783565821\n|move|p2a: Sceptile|Rock Slide|p1a: Tornadus\n|-supereffective|p1a: Tornadus\n|-damage|p1a: Tornadus|0 fnt\n|faint|p1a: Tornadus\n|-damage|p2a: Sceptile|186/264|[from] item: Life Orb\n|\n|upkeep\n|\n|t:|1783565822\n|switch|p1a: Indeedee|Indeedee-F, L90, F|100/100\n|-fieldstart|move: Psychic Terrain|[from] ability: Psychic Surge|[of] p1a: Indeedee\n|turn|18\n|inactive|Time left: 300 sec this turn | 300 sec total\n|\n|t:|1783565823\n|move|p2a: Sceptile|Leaf Blade|p1a: Indeedee\n|-damage|p1a: Indeedee|48/100\n|-damage|p2a: Sceptile|160/264|[from] item: Life Orb\n|move|p1a: Indeedee|Psychic|p2a: Sceptile\n|-damage|p2a: Sceptile|0 fnt\n|faint|p2a: Sceptile\n|-damage|p1a: Indeedee|38/100|[from] item: Life Orb\n|\n|upkeep\n|inactive|Time left: 300 sec this turn | 300 sec total | 5 sec grace\n|\n|t:|1783565825\n|switch|p2a: Miraidon|Miraidon, L65|238/238\n|-fieldstart|move: Electric Terrain|[from] ability: Hadron Engine|[of] p2a: Miraidon\n|turn|19\n|inactive|Time left: 300 sec this turn | 300 sec total\n|\n|t:|1783565826\n|switch|p1a: Wo-Chien|Wo-Chien, L83|100/100\n|-ability|p1a: Wo-Chien|Tablets of Ruin\n|move|p2a: Miraidon|Calm Mind|p2a: Miraidon\n|-boost|p2a: Miraidon|spa|1\n|-boost|p2a: Miraidon|spd|1\n|\n|upkeep\n|turn|20\n|inactive|Time left: 300 sec this turn | 300 sec total\n|\n|t:|1783565827\n|move|p2a: Miraidon|Calm Mind|p2a: Miraidon\n|-boost|p2a: Miraidon|spa|1\n|-boost|p2a: Miraidon|spd|1\n|move|p1a: Wo-Chien|Leech Seed|p2a: Miraidon\n|-start|p2a: Miraidon|move: Leech Seed\n|\n|-damage|p2a: Miraidon|209/238|[from] Leech Seed|[of] p1a: Wo-Chien\n|upkeep\n|turn|21\n|inactive|Time left: 300 sec this turn | 300 sec total\n|\n|t:|1783565828\n|move|p2a: Miraidon|Draco Meteor|p1a: Wo-Chien\n|-damage|p1a: Wo-Chien|0 fnt\n|-unboost|p2a: Miraidon|spa|2\n|faint|p1a: Wo-Chien\n|-damage|p2a: Miraidon|186/238|[from] item: Life Orb\n|\n|upkeep\n|\n|t:|1783565829\n|switch|p1a: Arceus|Arceus-Steel, L70|100/100\n|turn|22\n|inactive|Time left: 300 sec this turn | 300 sec total\n|\n|t:|1783565830\n|switch|p2a: Sneasler|Sneasler, L74, M|240/240\n|move|p1a: Arceus|Earthquake|p2a: Sneasler\n|-supereffective|p2a: Sneasler\n|-damage|p2a: Sneasler|68/240\n|\n|upkeep\n|turn|23\n|inactive|Time left: 300 sec this turn | 300 sec total\n|\n|t:|1783565831\n|switch|p1a: Indeedee|Indeedee-F, L90, F|38/100\n|-fieldstart|move: Psychic Terrain|[from] ability: Psychic Surge|[of] p1a: Indeedee\n|move|p2a: Sneasler|Close Combat|p1a: Indeedee\n|-damage|p1a: Indeedee|0 fnt\n|-unboost|p2a: Sneasler|def|1\n|-unboost|p2a: Sneasler|spd|1\n|faint|p1a: Indeedee\n|\n|upkeep\n|\n|t:|1783565832\n|switch|p1a: Ho-Oh|Ho-Oh, L71|56/100 par\n|turn|24\n|inactive|Time left: 300 sec this turn | 300 sec total\n|\n|t:|1783565833\n|move|p2a: Sneasler|Close Combat|p1a: Ho-Oh\n|-resisted|p1a: Ho-Oh\n|-damage|p1a: Ho-Oh|17/100 par\n|-unboost|p2a: Sneasler|def|1\n|-unboost|p2a: Sneasler|spd|1\n|move|p1a: Ho-Oh|Brave Bird|p2a: Sneasler\n|-supereffective|p2a: Sneasler\n|-damage|p2a: Sneasler|0 fnt\n|faint|p2a: Sneasler\n|-damage|p1a: Ho-Oh|8/100 par|[from] Recoil\n|\n|upkeep\n|inactive|Time left: 300 sec this turn | 300 sec total | 5 sec grace\n|\n|t:|1783565834\n|switch|p2a: Miraidon|Miraidon, L65|186/238\n|-fieldstart|move: Electric Terrain|[from] ability: Hadron Engine|[of] p2a: Miraidon\n|turn|25\n|inactive|Time left: 300 sec this turn | 300 sec total\n|\n|t:|1783565835\n|move|p2a: Miraidon|Calm Mind|p2a: Miraidon\n|-boost|p2a: Miraidon|spa|1\n|-boost|p2a: Miraidon|spd|1\n|move|p1a: Ho-Oh|Earthquake|p2a: Miraidon\n|-supereffective|p2a: Miraidon\n|-damage|p2a: Miraidon|40/238\n|\n|upkeep\n|turn|26\n|inactive|Time left: 300 sec this turn | 300 sec total\n|\n|t:|1783565836\n|move|p2a: Miraidon|Calm Mind|p2a: Miraidon\n|-boost|p2a: Miraidon|spa|1\n|-boost|p2a: Miraidon|spd|1\n|cant|p1a: Ho-Oh|par\n|\n|upkeep\n|turn|27\n|inactive|Time left: 300 sec this turn | 300 sec total\n|\n|t:|1783565837\n|switch|p1a: Arceus|Arceus-Steel, L70|100/100\n|move|p2a: Miraidon|Calm Mind|p2a: Miraidon\n|-boost|p2a: Miraidon|spa|1\n|-boost|p2a: Miraidon|spd|1\n|\n|upkeep\n|turn|28\n|inactive|Time left: 300 sec this turn | 300 sec total\n|\n|t:|1783565838\n|move|p2a: Miraidon|Calm Mind|p2a: Miraidon\n|-boost|p2a: Miraidon|spa|1\n|-boost|p2a: Miraidon|spd|1\n|move|p1a: Arceus|Will-O-Wisp|p2a: Miraidon\n|-status|p2a: Miraidon|brn\n|\n|-damage|p2a: Miraidon|26/238 brn|[from] brn\n|upkeep\n|turn|29\n|inactive|Time left: 300 sec this turn | 300 sec total\n|\n|t:|1783565839\n|move|p2a: Miraidon|Draco Meteor|p1a: Arceus\n|-resisted|p1a: Arceus\n|-damage|p1a: Arceus|0 fnt\n|-unboost|p2a: Miraidon|spa|2\n|faint|p1a: Arceus\n|-damage|p2a: Miraidon|3/238 brn|[from] item: Life Orb\n|\n|-damage|p2a: Miraidon|0 fnt|[from] brn\n|faint|p2a: Miraidon\n|\n|win|p0x2227b60d", "uploadtime": 1783565839, "views": 0, "rating": 0, "private": 0, "password": null, "_winner": "p0x2227b60d", "_our_name": "p0y2227e440"}