{"id": "battle-gen9randombattle-2300", "formatid": "gen9randombattle", "format": "[Gen 9] Random Battle", "players": ["p0x2300774e", "p0y23000dc0"], "log": "|init|battle\n|title|p0x2300774e vs. p0y23000dc0\n|j|\u2606p0x2300774e\n|j|\u2606p0y23000dc0\n|t:|1783565701\n|gametype|singles\n|player|p1|p0x2300774e|2|\n|player|p2|p0y23000dc0|2|\n|gen|9\n|tier|[Gen 9] Random Battle\n|rule|Species Clause: Limit one of each Pok\u00e9mon\n|rule|HP Percentage Mod: HP is shown in percentages\n|rule|Sleep Clause Mod: Limit one foe put to sleep\n|rule|Illusion Level Mod: Illusion disguises the Pok\u00e9mon's true level\n|\n|t:|1783565701\n|teamsize|p1|6\n|teamsize|p2|6\n|start\n|switch|p1a: Gurdurr|Gurdurr, L85, F|283/283\n|switch|p2a: Skarmory|Skarmory, L80, F|100/100\n|turn|1\n|inactive|Battle timer is ON: inactive players will automatically lose when time's up. (requested by p0y23000dc0)\n|inactive|Time left: 300 sec this turn | 300 sec total | 60 sec grace\n|inactive|p0x2300774e also wants the timer to be on.\n|\n|t:|1783565702\n|move|p2a: Skarmory|Iron Defense|p2a: Skarmory\n|-boost|p2a: Skarmory|def|2\n|move|p1a: Gurdurr|Drain Punch|p2a: Skarmory\n|-damage|p2a: Skarmory|87/100\n|\n|-heal|p2a: Skarmory|93/100|[from] item: Leftovers\n|upkeep\n|turn|2\n|inactive|Time left: 300 sec this turn | 300 sec total\n|\n|t:|1783565704\n|move|p2a: Skarmory|Body Press|p1a: Gurdurr\n|-damage|p1a: Gurdurr|191/283\n|move|p1a: Gurdurr|Knock Off|p2a: Skarmory\n|-damage|p2a: Skarmory|81/100\n|-enditem|p2a: Skarmory|Leftovers|[from] move: Knock Off|[of] p1a: Gurdurr\n|\n|upkeep\n|turn|3\n|inactive|Time left: 300 sec this turn | 300 sec total\n|\n|t:|1783565705\n|move|p2a: Skarmory|Body Press|p1a: Gurdurr\n|-damage|p1a: Gurdurr|104/283\n|move|p1a: Gurdurr|Drain Punch|p2a: Skarmory\n|-damage|p2a: Skarmory|68/100\n|-heal|p1a: Gurdurr|120/283|[from] drain|[of] p2a: Skarmory\n|\n|upkeep\n|turn|4\n|inactive|Time left: 300 sec this turn | 300 sec total\n|\n|t:|1783565706\n|move|p2a: Skarmory|Body Press|p1a: Gurdurr\n|-damage|p1a: Gurdurr|30/283\n|move|p1a: Gurdurr|Drain Punch|p2a: Skarmory\n|-damage|p2a: Skarmory|55/100\n|-heal|p1a: Gurdurr|46/283|[from] drain|[of] p2a: Skarmory\n|\n|upkeep\n|turn|5\n|inactive|Time left: 300 sec this turn | 300 sec total\n|\n|t:|1783565707\n|switch|p1a: Rhydon|Rhydon, L85, M|317/317\n|move|p2a: Skarmory|Body Press|p1a: Rhydon\n|-supereffective|p1a: Rhydon\n|-damage|p1a: Rhydon|183/317\n|\n|upkeep\n|turn|6\n|inactive|Time left: 300 sec this turn | 300 sec total\n|\n|t:|1783565709\n|-terastallize|p1a: Rhydon|Fairy\n|move|p2a: Skarmory|Roost|p2a: Skarmory\n|-heal|p2a: Skarmory|100/100\n|-singleturn|p2a: Skarmory|move: Roost\n|move|p1a: Rhydon|Swords Dance|p1a: Rhydon\n|-boost|p1a: Rhydon|atk|2\n|\n|upkeep\n|turn|7\n|inactive|Time left: 300 sec this turn | 300 sec total\n|\n|t:|1783565710\n|move|p2a: Skarmory|Iron Defense|p2a: Skarmory\n|-boost|p2a: Skarmory|def|2\n|move|p1a: Rhydon|Stone Edge|p2a: Skarmory|[miss]\n|-miss|p1a: Rhydon|p2a: Skarmory\n|\n|upkeep\n|turn|8\n|inactive|Time left: 300 sec this turn | 300 sec total\n|\n|t:|1783565711\n|move|p2a: Skarmory|Body Press|p1a: Rhydon\n|-resisted|p1a: Rhydon\n|-crit|p1a: Rhydon\n|-damage|p1a: Rhydon|98/317\n|move|p1a: Rhydon|Swords Dance|p1a: Rhydon\n|-boost|p1a: Rhydon|atk|2\n|\n|upkeep\n|turn|9\n|inactive|Time left: 300 sec this turn | 300 sec total\n|\n|t:|1783565712\n|move|p2a: Skarmory|Body Press|p1a: Rhydon\n|-resisted|p1a: Rhydon\n|-damage|p1a: Rhydon|46/317\n|move|p1a: Rhydon|Stone Edge|p2a: Skarmory\n|-crit|p2a: Skarmory\n|-ability|p2a: Skarmory|Sturdy\n|-damage|p2a: Skarmory|1/100\n|\n|upkeep\n|turn|10\n|inactive|Time left: 300 sec this turn | 300 sec total\n|\n|t:|1783565713\n|move|p2a: Skarmory|Body Press|p1a: Rhydon\n|-resisted|p1a: Rhydon\n|-damage|p1a: Rhydon|0 fnt\n|faint|p1a: Rhydon\n|\n|upkeep\n|inactive|Time left: 300 sec this turn | 300 sec total | 5 sec grace\n|\n|t:|1783565714\n|switch|p1a: Chi-Yu|Chi-Yu, L77|211/211\n|-ability|p1a: Chi-Yu|Beads of Ruin\n|turn|11\n|inactive|Time left: 300 sec this turn | 300 sec total\n|\n|t:|1783565715\n|move|p1a: Chi-Yu|Dark Pulse|p2a: Skarmory\n|-damage|p2a: Skarmory|0 fnt\n|faint|p2a: Skarmory\n|\n|upkeep\n|\n|t:|1783565716\n|switch|p2a: Gouging Fire|Gouging Fire, L74|100/100\n|turn|12\n|inactive|Time left: 300 sec this turn | 300 sec total\n|\n|t:|1783565717\n|move|p1a: Chi-Yu|Dark Pulse|p2a: Gouging Fire\n|-damage|p2a: Gouging Fire|51/100\n|move|p2a: Gouging Fire|Dragon Dance|p2a: Gouging Fire\n|-boost|p2a: Gouging Fire|atk|1\n|-boost|p2a: Gouging Fire|spe|1\n|\n|upkeep\n|turn|13\n|inactive|Time left: 300 sec this turn | 300 sec total\n|\n|t:|1783565718\n|switch|p1a: Gurdurr|Gurdurr, L85, F|46/283\n|move|p2a: Gouging Fire|Outrage|p1a: Gurdurr\n|-damage|p1a: Gurdurr|0 fnt\n|faint|p1a: Gurdurr\n|\n|upkeep\n|inactive|Time left: 300 sec this turn | 300 sec total | 5 sec grace\n|\n|t:|1783565719\n|switch|p1a: Toucannon|Toucannon, L88, F|284/284\n|turn|14\n|inactive|Time left: 300 sec this turn | 300 sec total\n|\n|t:|1783565719\n|move|p2a: Gouging Fire|Outrage|p1a: Toucannon|[from] lockedmove\n|-damage|p1a: Toucannon|107/284\n|-start|p2a: Gouging Fire|confusion|[fatigue]\n|move|p1a: Toucannon|Boomburst|p2a: Gouging Fire\n|-damage|p2a: Gouging Fire|0 fnt\n|faint|p2a: Gouging Fire\n|-end|p2a: Gouging Fire|Protosynthesis|[silent]\n|\n|upkeep\n|\n|t:|1783565720\n|switch|p2a: Feraligatr|Feraligatr, L79, M|100/100\n|turn|15\n|inactive|Time left: 300 sec this turn | 300 sec total\n|\n|t:|1783565721\n|switch|p1a: Tsareena|Tsareena, L87, F|267/267\n|move|p2a: Feraligatr|Liquidation|p1a: Tsareena\n|-resisted|p1a: Tsareena\n|-damage|p1a: Tsareena|201/267\n|\n|upkeep\n|turn|16\n|inactive|Time left: 300 sec this turn | 300 sec total\n|\n|t:|1783565722\n|switch|p2a: Moltres|Moltres, L81|100/100\n|move|p1a: Tsareena|Power Whip|p2a: Moltres|[miss]\n|-miss|p1a: Tsareena|p2a: Moltres\n|\n|upkeep\n|turn|17\n|inactive|Time left: 300 sec this turn | 300 sec total\n|\n|t:|1783565723\n|switch|p1a: Chi-Yu|Chi-Yu, L77|211/211\n|-ability|p1a: Chi-Yu|Beads of Ruin\n|move|p2a: Moltres|Brave Bird|p1a: Chi-Yu\n|-damage|p1a: Chi-Yu|70/211\n|-damage|p2a: Moltres|84/100|[from] Recoil\n|\n|upkeep\n|turn|18\n|inactive|Time left: 300 sec this turn | 300 sec total\n|\n|t:|1783565724\n|move|p1a: Chi-Yu|Dark Pulse|p2a: Moltres\n|-damage|p2a: Moltres|33/100\n|move|p2a: Moltres|Brave Bird|p1a: Chi-Yu\n|-damage|p1a: Chi-Yu|0 fnt\n|faint|p1a: Chi-Yu\n|-damage|p2a: Moltres|24/100|[from] Recoil\n|\n|upkeep\n|inactive|Time left: 300 sec this turn | 300 sec total | 5 sec grace\n|\n|t:|1783565725\n|switch|p1a: Volbeat|Volbeat, L90, M|263/263\n|turn|19\n|inactive|Time left: 300 sec this turn | 300 sec total\n|\n|t:|1783565726\n|move|p1a: Volbeat|Encore|p2a: Moltres\n|-start|p2a: Moltres|Encore\n|move|p2a: Moltres|Brave Bird|p1a: Volbeat\n|-supereffective|p1a: Volbeat\n|-damage|p1a: Volbeat|0 fnt\n|faint|p1a: Volbeat\n|-damage|p2a: Moltres|0 fnt|[from] Recoil\n|faint|p2a: Moltres\n|\n|upkeep\n|inactive|Time left: 300 sec this turn | 300 sec total | 5 sec grace\n|\n|t:|1783565727\n|switch|p1a: Tsareena|Tsareena, L87, F|201/267\n|switch|p2a: Ludicolo|Ludicolo, L90, F|100/100\n|turn|20\n|inactive|Time left: 300 sec this turn | 300 sec total\n|\n|t:|1783565728\n|-terastallize|p2a: Ludicolo|Grass\n|move|p2a: Ludicolo|Ice Beam|p1a: Tsareena\n|-supereffective|p1a: Tsareena\n|-damage|p1a: Tsareena|53/267\n|-damage|p2a: Ludicolo|90/100|[from] item: Life Orb\n|move|p1a: Tsareena|Synthesis|p1a: Tsareena\n|-heal|p1a: Tsareena|186/267\n|\n|upkeep\n|turn|21\n|inactive|Time left: 300 sec this turn | 300 sec total\n|\n|t:|1783565729\n|move|p2a: Ludicolo|Ice Beam|p1a: Tsareena\n|-supereffective|p1a: Tsareena\n|-damage|p1a: Tsareena|33/267\n|-status|p1a: Tsareena|frz\n|-damage|p2a: Ludicolo|80/100|[from] item: Life Orb\n|cant|p1a: Tsareena|frz\n|\n|upkeep\n|turn|22\n|inactive|Time left: 300 sec this turn | 300 sec total\n|\n|t:|1783565730\n|switch|p1a: Toucannon|Toucannon, L88, F|107/284\n|move|p2a: Ludicolo|Ice Beam|p1a: Toucannon\n|-supereffective|p1a: Toucannon\n|-damage|p1a: Toucannon|0 fnt\n|faint|p1a: Toucannon\n|-damage|p2a: Ludicolo|70/100|[from] item: Life Orb\n|\n|upkeep\n|inactive|Time left: 300 sec this turn | 300 sec total | 5 sec grace\n|\n|t:|1783565730\n|switch|p1a: Tsareena|Tsareena, L87, F|33/267 frz\n|turn|23\n|inactive|Time left: 300 sec this turn | 300 sec total\n|\n|t:|1783565731\n|move|p2a: Ludicolo|Giga Drain|p1a: Tsareena\n|-resisted|p1a: Tsareena\n|-damage|p1a: Tsareena|0 fnt\n|-heal|p2a: Ludicolo|76/100|[from] drain|[of] p1a: Tsareena\n|faint|p1a: Tsareena\n|-damage|p2a: Ludicolo|66/100|[from] item: Life Orb\n|\n|win|p0y23000dc0", "uploadtime": 1783565731, "views": 0, "rating": 0, "private": 0, "password": null, "_winner": "p0y23000dc0", "_our_name": "p0x2300774e"}