{"id": "battle-gen9randombattle-238", "formatid": "gen9randombattle", "format": "[Gen 9] Random Battle", "players": ["p0x2380980", "p0y2386150"], "log": "|init|battle\n|title|p0x2380980 vs. p0y2386150\n|j|\u2606p0x2380980\n|j|\u2606p0y2386150\n|t:|1783541855\n|gametype|singles\n|player|p1|p0x2380980|101|\n|player|p2|p0y2386150|265|\n|gen|9\n|tier|[Gen 9] Random Battle\n|rule|Species Clause: Limit one of each Pok\u00e9mon\n|rule|HP Percentage Mod: HP is shown in percentages\n|rule|Sleep Clause Mod: Limit one foe put to sleep\n|rule|Illusion Level Mod: Illusion disguises the Pok\u00e9mon's true level\n|\n|t:|1783541855\n|teamsize|p1|6\n|teamsize|p2|6\n|start\n|switch|p1a: Basculegion|Basculegion-F, L83, F|100/100\n|switch|p2a: Hitmontop|Hitmontop, L88, M|231/231\n|turn|1\n|inactive|Battle timer is ON: inactive players will automatically lose when time's up. (requested by p0x2380980)\n|inactive|Time left: 300 sec this turn | 300 sec total | 60 sec grace\n|inactive|p0y2386150 also wants the timer to be on.\n|\n|t:|1783541857\n|move|p1a: Basculegion|Hydro Pump|p2a: Hitmontop|[miss]\n|-miss|p1a: Basculegion|p2a: Hitmontop\n|move|p2a: Hitmontop|Triple Axel|p1a: Basculegion\n|-resisted|p1a: Basculegion\n|-damage|p1a: Basculegion|96/100\n|-resisted|p1a: Basculegion\n|-damage|p1a: Basculegion|88/100\n|-resisted|p1a: Basculegion\n|-damage|p1a: Basculegion|75/100\n|-hitcount|p1a: Basculegion|3\n|\n|upkeep\n|turn|2\n|inactive|Time left: 300 sec this turn | 300 sec total\n|\n|t:|1783541858\n|move|p1a: Basculegion|Wave Crash|p2a: Hitmontop\n|-damage|p2a: Hitmontop|97/231\n|-damage|p1a: Basculegion|61/100|[from] Recoil\n|move|p2a: Hitmontop|Bulk Up|p2a: Hitmontop\n|-boost|p2a: Hitmontop|atk|1\n|-boost|p2a: Hitmontop|def|1\n|\n|-heal|p2a: Hitmontop|111/231|[from] item: Leftovers\n|upkeep\n|turn|3\n|inactive|Time left: 300 sec this turn | 300 sec total\n|\n|t:|1783541859\n|move|p1a: Basculegion|Hydro Pump|p2a: Hitmontop\n|-damage|p2a: Hitmontop|0 fnt\n|faint|p2a: Hitmontop\n|\n|upkeep\n|inactive|Time left: 300 sec this turn | 300 sec total | 5 sec grace\n|\n|t:|1783541860\n|switch|p2a: Reshiram|Reshiram, L76|277/277\n|-ability|p2a: Reshiram|Turboblaze\n|turn|4\n|inactive|Time left: 300 sec this turn | 300 sec total\n|\n|t:|1783541861\n|-terastallize|p2a: Reshiram|Dragon\n|move|p2a: Reshiram|Outrage|p1a: Basculegion\n|-damage|p1a: Basculegion|0 fnt\n|faint|p1a: Basculegion\n|\n|upkeep\n|\n|t:|1783541862\n|switch|p1a: Tauros|Tauros-Paldea-Combat, L82, M|100/100\n|-ability|p1a: Tauros|Intimidate|boost\n|-unboost|p2a: Reshiram|atk|1\n|turn|5\n|inactive|Time left: 300 sec this turn | 300 sec total\n|\n|t:|1783541863\n|move|p1a: Tauros|Close Combat|p2a: Reshiram\n|-damage|p2a: Reshiram|81/277\n|-unboost|p1a: Tauros|def|1\n|-unboost|p1a: Tauros|spd|1\n|move|p2a: Reshiram|Outrage|p1a: Tauros|[from] lockedmove\n|-damage|p1a: Tauros|41/100\n|-start|p2a: Reshiram|confusion|[fatigue]\n|\n|upkeep\n|turn|6\n|inactive|Time left: 300 sec this turn | 300 sec total\n|\n|t:|1783541864\n|switch|p2a: Iron Moth|Iron Moth, L78|253/253\n|move|p1a: Tauros|Close Combat|p2a: Iron Moth\n|-resisted|p2a: Iron Moth\n|-damage|p2a: Iron Moth|121/253\n|-unboost|p1a: Tauros|def|1\n|-unboost|p1a: Tauros|spd|1\n|\n|upkeep\n|turn|7\n|inactive|Time left: 300 sec this turn | 300 sec total\n|\n|t:|1783541865\n|switch|p1a: Oinkologne|Oinkologne-F, L92, F|100/100\n|move|p2a: Iron Moth|Fiery Dance|p1a: Oinkologne\n|-damage|p1a: Oinkologne|76/100\n|\n|-heal|p1a: Oinkologne|82/100|[from] item: Leftovers\n|upkeep\n|turn|8\n|inactive|Time left: 300 sec this turn | 300 sec total\n|\n|t:|1783541867\n|move|p2a: Iron Moth|Toxic Spikes|p1a: Oinkologne\n|-sidestart|p1: p0x2380980|move: Toxic Spikes\n|move|p1a: Oinkologne|Body Slam|p2a: Iron Moth\n|-damage|p2a: Iron Moth|0 fnt\n|faint|p2a: Iron Moth\n|-end|p2a: Iron Moth|Quark Drive|[silent]\n|\n|-heal|p1a: Oinkologne|89/100|[from] item: Leftovers\n|upkeep\n|inactive|Time left: 300 sec this turn | 300 sec total | 5 sec grace\n|\n|t:|1783541868\n|switch|p2a: Reshiram|Reshiram, L76, tera:Dragon|81/277\n|-ability|p2a: Reshiram|Turboblaze\n|turn|9\n|inactive|Time left: 300 sec this turn | 300 sec total\n|\n|t:|1783541869\n|move|p2a: Reshiram|Outrage|p1a: Oinkologne\n|-damage|p1a: Oinkologne|41/100\n|move|p1a: Oinkologne|Body Slam|p2a: Reshiram\n|-damage|p2a: Reshiram|0 fnt\n|faint|p2a: Reshiram\n|\n|-heal|p1a: Oinkologne|47/100|[from] item: Leftovers\n|upkeep\n|inactive|Time left: 300 sec this turn | 300 sec total | 5 sec grace\n|\n|t:|1783541870\n|switch|p2a: Furret|Furret, L94, F|312/312\n|-item|p1a: Oinkologne|Leftovers|[from] ability: Frisk|[of] p2a: Furret\n|turn|10\n|inactive|Time left: 300 sec this turn | 300 sec total\n|\n|t:|1783541871\n|move|p2a: Furret|Double-Edge|p1a: Oinkologne\n|-damage|p1a: Oinkologne|0 fnt\n|faint|p1a: Oinkologne\n|-damage|p2a: Furret|257/312|[from] Recoil\n|-damage|p2a: Furret|226/312|[from] item: Life Orb\n|\n|upkeep\n|\n|t:|1783541872\n|switch|p1a: Tauros|Tauros-Paldea-Combat, L82, M|41/100\n|-status|p1a: Tauros|psn\n|-ability|p1a: Tauros|Intimidate|boost\n|-unboost|p2a: Furret|atk|1\n|turn|11\n|inactive|Time left: 300 sec this turn | 300 sec total\n|\n|t:|1783541873\n|move|p2a: Furret|Double-Edge|p1a: Tauros\n|-damage|p1a: Tauros|1/100 psn\n|-damage|p2a: Furret|192/312|[from] Recoil\n|-damage|p2a: Furret|161/312|[from] item: Life Orb\n|move|p1a: Tauros|Close Combat|p2a: Furret\n|-supereffective|p2a: Furret\n|-damage|p2a: Furret|0 fnt\n|-unboost|p1a: Tauros|def|1\n|-unboost|p1a: Tauros|spd|1\n|faint|p2a: Furret\n|\n|-damage|p1a: Tauros|0 fnt|[from] psn\n|faint|p1a: Tauros\n|upkeep\n|inactive|Time left: 300 sec this turn | 300 sec total | 5 sec grace\n|\n|t:|1783541874\n|switch|p2a: Politoed|Politoed, L88, F|302/302\n|switch|p1a: Scovillain|Scovillain, L91, M|100/100\n|-status|p1a: Scovillain|psn\n|-weather|RainDance|[from] ability: Drizzle|[of] p2a: Politoed\n|turn|12\n|inactive|Time left: 300 sec this turn | 300 sec total\n|\n|t:|1783541875\n|-terastallize|p1a: Scovillain|Grass\n|move|p1a: Scovillain|Energy Ball|p2a: Politoed\n|-supereffective|p2a: Politoed\n|-damage|p2a: Politoed|0 fnt\n|faint|p2a: Politoed\n|\n|-weather|RainDance|[upkeep]\n|-damage|p1a: Scovillain|88/100 psn|[from] psn\n|upkeep\n|inactive|Time left: 300 sec this turn | 300 sec total | 5 sec grace\n|\n|t:|1783541876\n|switch|p2a: Wigglytuff|Wigglytuff, L96, M|424/424\n|turn|13\n|inactive|Time left: 300 sec this turn | 300 sec total\n|\n|t:|1783541877\n|move|p1a: Scovillain|Energy Ball|p2a: Wigglytuff\n|-damage|p2a: Wigglytuff|128/424\n|move|p2a: Wigglytuff|Wish|p2a: Wigglytuff\n|\n|-weather|RainDance|[upkeep]\n|-heal|p2a: Wigglytuff|154/424|[from] item: Leftovers\n|-damage|p1a: Scovillain|76/100 psn|[from] psn\n|upkeep\n|turn|14\n|inactive|Time left: 300 sec this turn | 300 sec total\n|\n|t:|1783541878\n|move|p2a: Wigglytuff|Protect|p2a: Wigglytuff\n|-singleturn|p2a: Wigglytuff|Protect\n|move|p1a: Scovillain|Energy Ball|p2a: Wigglytuff\n|-activate|p2a: Wigglytuff|move: Protect\n|\n|-weather|RainDance|[upkeep]\n|-heal|p2a: Wigglytuff|366/424|[from] move: Wish|[wisher] Wigglytuff\n|-heal|p2a: Wigglytuff|392/424|[from] item: Leftovers\n|-damage|p1a: Scovillain|63/100 psn|[from] psn\n|upkeep\n|turn|15\n|inactive|Time left: 300 sec this turn | 300 sec total\n|\n|t:|1783541879\n|move|p1a: Scovillain|Energy Ball|p2a: Wigglytuff\n|-damage|p2a: Wigglytuff|58/424\n|move|p2a: Wigglytuff|Wish|p2a: Wigglytuff\n|\n|-weather|RainDance|[upkeep]\n|-heal|p2a: Wigglytuff|84/424|[from] item: Leftovers\n|-damage|p1a: Scovillain|51/100 psn|[from] psn\n|upkeep\n|turn|16\n|inactive|Time left: 300 sec this turn | 300 sec total\n|\n|t:|1783541880\n|move|p2a: Wigglytuff|Protect|p2a: Wigglytuff\n|-singleturn|p2a: Wigglytuff|Protect\n|move|p1a: Scovillain|Energy Ball|p2a: Wigglytuff\n|-activate|p2a: Wigglytuff|move: Protect\n|\n|-weather|none\n|-heal|p2a: Wigglytuff|296/424|[from] move: Wish|[wisher] Wigglytuff\n|-heal|p2a: Wigglytuff|322/424|[from] item: Leftovers\n|-damage|p1a: Scovillain|38/100 psn|[from] psn\n|upkeep\n|turn|17\n|inactive|Time left: 300 sec this turn | 300 sec total\n|\n|t:|1783541881\n|move|p1a: Scovillain|Energy Ball|p2a: Wigglytuff\n|-damage|p2a: Wigglytuff|26/424\n|move|p2a: Wigglytuff|Wish|p2a: Wigglytuff\n|\n|-heal|p2a: Wigglytuff|52/424|[from] item: Leftovers\n|-damage|p1a: Scovillain|26/100 psn|[from] psn\n|upkeep\n|turn|18\n|inactive|Time left: 300 sec this turn | 300 sec total\n|\n|t:|1783541881\n|move|p2a: Wigglytuff|Protect|p2a: Wigglytuff\n|-singleturn|p2a: Wigglytuff|Protect\n|move|p1a: Scovillain|Energy Ball|p2a: Wigglytuff\n|-activate|p2a: Wigglytuff|move: Protect\n|\n|-heal|p2a: Wigglytuff|264/424|[from] move: Wish|[wisher] Wigglytuff\n|-heal|p2a: Wigglytuff|290/424|[from] item: Leftovers\n|-damage|p1a: Scovillain|14/100 psn|[from] psn\n|upkeep\n|turn|19\n|inactive|Time left: 300 sec this turn | 300 sec total\n|\n|t:|1783541882\n|move|p2a: Wigglytuff|Protect||[still]\n|-fail|p2a: Wigglytuff\n|move|p1a: Scovillain|Energy Ball|p2a: Wigglytuff\n|-damage|p2a: Wigglytuff|0 fnt\n|faint|p2a: Wigglytuff\n|\n|win|p0x2380980", "uploadtime": 1783541882, "views": 0, "rating": 0, "private": 0, "password": null, "_winner": "p0x2380980", "_our_name": "p0y2386150"}