{"id": "battle-gen9randombattle-2097", "formatid": "gen9randombattle", "format": "[Gen 9] Random Battle", "players": ["p0x2097771e", "p0y2097311c"], "log": "|init|battle\n|title|p0x2097771e vs. p0y2097311c\n|j|\u2606p0x2097771e\n|j|\u2606p0y2097311c\n|t:|1783564276\n|gametype|singles\n|player|p1|p0x2097771e|2|\n|player|p2|p0y2097311c|266|\n|gen|9\n|tier|[Gen 9] Random Battle\n|rule|Species Clause: Limit one of each Pok\u00e9mon\n|rule|HP Percentage Mod: HP is shown in percentages\n|rule|Sleep Clause Mod: Limit one foe put to sleep\n|rule|Illusion Level Mod: Illusion disguises the Pok\u00e9mon's true level\n|\n|t:|1783564276\n|teamsize|p1|6\n|teamsize|p2|6\n|start\n|switch|p1a: Fezandipiti|Fezandipiti, L82, M|100/100\n|switch|p2a: Lapras|Lapras, L87, F|367/367\n|turn|1\n|inactive|Battle timer is ON: inactive players will automatically lose when time's up. (requested by p0x2097771e)\n|inactive|Time left: 300 sec this turn | 300 sec total | 60 sec grace\n|inactive|p0y2097311c also wants the timer to be on.\n|\n|t:|1783564278\n|move|p1a: Fezandipiti|Gunk Shot|p2a: Lapras\n|-damage|p2a: Lapras|238/367\n|move|p2a: Lapras|Sparkling Aria|p1a: Fezandipiti\n|-damage|p1a: Fezandipiti|60/100\n|\n|-heal|p1a: Fezandipiti|66/100|[from] item: Leftovers\n|upkeep\n|turn|2\n|inactive|Time left: 300 sec this turn | 300 sec total\n|\n|t:|1783564279\n|move|p1a: Fezandipiti|Gunk Shot|p2a: Lapras\n|-damage|p2a: Lapras|126/367\n|-status|p2a: Lapras|psn\n|move|p2a: Lapras|Sparkling Aria|p1a: Fezandipiti\n|-damage|p1a: Fezandipiti|26/100\n|\n|-heal|p1a: Fezandipiti|33/100|[from] item: Leftovers\n|-damage|p2a: Lapras|81/367 psn|[from] psn\n|upkeep\n|turn|3\n|inactive|Time left: 300 sec this turn | 300 sec total\n|\n|t:|1783564280\n|move|p1a: Fezandipiti|Roost|p1a: Fezandipiti\n|-heal|p1a: Fezandipiti|83/100\n|-singleturn|p1a: Fezandipiti|move: Roost\n|move|p2a: Lapras|Sparkling Aria|p1a: Fezandipiti\n|-damage|p1a: Fezandipiti|44/100\n|\n|-heal|p1a: Fezandipiti|50/100|[from] item: Leftovers\n|-damage|p2a: Lapras|36/367 psn|[from] psn\n|upkeep\n|turn|4\n|inactive|Time left: 300 sec this turn | 300 sec total\n|\n|t:|1783564281\n|switch|p2a: Corviknight|Corviknight, L80, F|288/288\n|move|p1a: Fezandipiti|Moonblast|p2a: Corviknight\n|-resisted|p2a: Corviknight\n|-damage|p2a: Corviknight|246/288\n|-ability|p2a: Corviknight|Mirror Armor\n|-unboost|p1a: Fezandipiti|spa|1\n|\n|-heal|p1a: Fezandipiti|56/100|[from] item: Leftovers\n|-heal|p2a: Corviknight|264/288|[from] item: Leftovers\n|upkeep\n|turn|5\n|inactive|Time left: 300 sec this turn | 300 sec total\n|\n|t:|1783564283\n|move|p1a: Fezandipiti|Roost|p1a: Fezandipiti\n|-heal|p1a: Fezandipiti|100/100\n|-singleturn|p1a: Fezandipiti|move: Roost\n|move|p2a: Corviknight|Brave Bird|p1a: Fezandipiti\n|-damage|p1a: Fezandipiti|61/100\n|-damage|p2a: Corviknight|227/288|[from] Recoil\n|\n|-heal|p1a: Fezandipiti|67/100|[from] item: Leftovers\n|-heal|p2a: Corviknight|245/288|[from] item: Leftovers\n|upkeep\n|turn|6\n|inactive|Time left: 300 sec this turn | 300 sec total\n|\n|t:|1783564284\n|move|p1a: Fezandipiti|Moonblast|p2a: Corviknight\n|-resisted|p2a: Corviknight\n|-damage|p2a: Corviknight|217/288\n|move|p2a: Corviknight|Brave Bird|p1a: Fezandipiti\n|-damage|p1a: Fezandipiti|24/100\n|-damage|p2a: Corviknight|178/288|[from] Recoil\n|\n|-heal|p1a: Fezandipiti|30/100|[from] item: Leftovers\n|-heal|p2a: Corviknight|196/288|[from] item: Leftovers\n|upkeep\n|turn|7\n|inactive|Time left: 300 sec this turn | 300 sec total\n|\n|t:|1783564285\n|move|p1a: Fezandipiti|Roost|p1a: Fezandipiti\n|-heal|p1a: Fezandipiti|80/100\n|-singleturn|p1a: Fezandipiti|move: Roost\n|move|p2a: Corviknight|Brave Bird|p1a: Fezandipiti\n|-damage|p1a: Fezandipiti|42/100\n|-damage|p2a: Corviknight|161/288|[from] Recoil\n|\n|-heal|p1a: Fezandipiti|48/100|[from] item: Leftovers\n|-heal|p2a: Corviknight|179/288|[from] item: Leftovers\n|upkeep\n|turn|8\n|inactive|Time left: 300 sec this turn | 300 sec total\n|\n|t:|1783564286\n|move|p1a: Fezandipiti|Roost|p1a: Fezandipiti\n|-heal|p1a: Fezandipiti|98/100\n|-singleturn|p1a: Fezandipiti|move: Roost\n|move|p2a: Corviknight|Roost|p2a: Corviknight\n|-heal|p2a: Corviknight|288/288\n|-singleturn|p2a: Corviknight|move: Roost\n|\n|-heal|p1a: Fezandipiti|100/100|[from] item: Leftovers\n|upkeep\n|turn|9\n|inactive|Time left: 300 sec this turn | 300 sec total\n|\n|t:|1783564287\n|move|p1a: Fezandipiti|Moonblast|p2a: Corviknight\n|-resisted|p2a: Corviknight\n|-damage|p2a: Corviknight|260/288\n|-ability|p2a: Corviknight|Mirror Armor\n|-unboost|p1a: Fezandipiti|spa|1\n|move|p2a: Corviknight|Brave Bird|p1a: Fezandipiti\n|-damage|p1a: Fezandipiti|62/100\n|-damage|p2a: Corviknight|225/288|[from] Recoil\n|\n|-heal|p1a: Fezandipiti|68/100|[from] item: Leftovers\n|-heal|p2a: Corviknight|243/288|[from] item: Leftovers\n|upkeep\n|turn|10\n|inactive|Time left: 300 sec this turn | 300 sec total\n|\n|t:|1783564288\n|switch|p1a: Floatzel|Floatzel, L86, M|100/100\n|move|p2a: Corviknight|Brave Bird|p1a: Floatzel\n|-damage|p1a: Floatzel|50/100\n|-damage|p2a: Corviknight|195/288|[from] Recoil\n|\n|-heal|p2a: Corviknight|213/288|[from] item: Leftovers\n|upkeep\n|turn|11\n|inactive|Time left: 300 sec this turn | 300 sec total\n|\n|t:|1783564289\n|move|p1a: Floatzel|Wave Crash|p2a: Corviknight\n|-damage|p2a: Corviknight|9/288\n|-damage|p1a: Floatzel|27/100|[from] Recoil\n|move|p2a: Corviknight|Brave Bird|p1a: Floatzel\n|-damage|p1a: Floatzel|0 fnt\n|faint|p1a: Floatzel\n|-damage|p2a: Corviknight|0 fnt|[from] Recoil\n|faint|p2a: Corviknight\n|\n|upkeep\n|inactive|Time left: 300 sec this turn | 300 sec total | 5 sec grace\n|\n|t:|1783564290\n|switch|p1a: Azelf|Azelf, L82|100/100\n|switch|p2a: Froslass|Froslass, L87, F|263/263\n|turn|12\n|inactive|Time left: 300 sec this turn | 300 sec total\n|\n|t:|1783564292\n|-terastallize|p1a: Azelf|Fairy\n|move|p2a: Froslass|Poltergeist|p1a: Azelf\n|-activate|p1a: Azelf|move: Poltergeist|Life Orb\n|-crit|p1a: Azelf\n|-damage|p1a: Azelf|31/100\n|move|p1a: Azelf|Fire Blast|p2a: Froslass\n|-supereffective|p2a: Froslass\n|-damage|p2a: Froslass|13/263\n|-damage|p1a: Azelf|22/100|[from] item: Life Orb\n|\n|upkeep\n|turn|13\n|inactive|Time left: 300 sec this turn | 300 sec total\n|\n|t:|1783564293\n|switch|p1a: Alcremie|Alcremie-Rainbow-Swirl, L90, F|100/100\n|move|p2a: Froslass|Triple Axel|p1a: Alcremie\n|-damage|p1a: Alcremie|93/100\n|-damage|p1a: Alcremie|75/100\n|-damage|p1a: Alcremie|53/100\n|-hitcount|p1a: Alcremie|3\n|\n|-heal|p1a: Alcremie|59/100|[from] item: Leftovers\n|upkeep\n|turn|14\n|inactive|Time left: 300 sec this turn | 300 sec total\n|\n|t:|1783564294\n|-terastallize|p2a: Froslass|Ice\n|move|p2a: Froslass|Triple Axel|p1a: Alcremie\n|-damage|p1a: Alcremie|50/100\n|-crit|p1a: Alcremie\n|-damage|p1a: Alcremie|20/100\n|-damage|p1a: Alcremie|0 fnt\n|faint|p1a: Alcremie\n|-hitcount|p1: Alcremie|3\n|\n|upkeep\n|\n|t:|1783564295\n|switch|p1a: Urshifu|Urshifu-Rapid-Strike, L75, F|100/100\n|turn|15\n|inactive|Time left: 300 sec this turn | 300 sec total\n|\n|t:|1783564296\n|move|p1a: Urshifu|Aqua Jet|p2a: Froslass\n|-damage|p2a: Froslass|0 fnt\n|faint|p2a: Froslass\n|\n|upkeep\n|inactive|Time left: 300 sec this turn | 300 sec total | 5 sec grace\n|\n|t:|1783564297\n|switch|p2a: Raikou|Raikou, L81|278/278\n|-ability|p2a: Raikou|Pressure\n|turn|16\n|inactive|Time left: 300 sec this turn | 300 sec total\n|\n|t:|1783564298\n|switch|p1a: Venusaur|Venusaur, L84, F|100/100\n|move|p2a: Raikou|Scald|p1a: Venusaur\n|-resisted|p1a: Venusaur\n|-damage|p1a: Venusaur|91/100\n|\n|-heal|p1a: Venusaur|98/100|[from] item: Leftovers\n|upkeep\n|turn|17\n|inactive|Time left: 300 sec this turn | 300 sec total\n|\n|t:|1783564299\n|move|p2a: Raikou|Calm Mind|p2a: Raikou\n|-boost|p2a: Raikou|spa|1\n|-boost|p2a: Raikou|spd|1\n|move|p1a: Venusaur|Sludge Bomb|p2a: Raikou\n|-damage|p2a: Raikou|218/278\n|\n|-heal|p1a: Venusaur|100/100|[from] item: Leftovers\n|upkeep\n|turn|18\n|inactive|Time left: 300 sec this turn | 300 sec total\n|\n|t:|1783564300\n|move|p2a: Raikou|Calm Mind|p2a: Raikou\n|-boost|p2a: Raikou|spa|1\n|-boost|p2a: Raikou|spd|1\n|move|p1a: Venusaur|Leech Seed|p2a: Raikou\n|-start|p2a: Raikou|move: Leech Seed\n|\n|-damage|p2a: Raikou|184/278|[from] Leech Seed|[of] p1a: Venusaur\n|upkeep\n|turn|19\n|inactive|Time left: 300 sec this turn | 300 sec total\n|\n|t:|1783564301\n|move|p2a: Raikou|Thunderbolt|p1a: Venusaur\n|-resisted|p1a: Venusaur\n|-damage|p1a: Venusaur|69/100\n|move|p1a: Venusaur|Sludge Bomb|p2a: Raikou\n|-damage|p2a: Raikou|133/278\n|\n|-heal|p1a: Venusaur|75/100|[from] item: Leftovers\n|-damage|p2a: Raikou|99/278|[from] Leech Seed|[of] p1a: Venusaur\n|-heal|p1a: Venusaur|87/100|[silent]\n|upkeep\n|turn|20\n|inactive|Time left: 300 sec this turn | 300 sec total\n|\n|t:|1783564302\n|move|p2a: Raikou|Volt Switch|p1a: Venusaur\n|-resisted|p1a: Venusaur\n|-damage|p1a: Venusaur|62/100\n|inactive|Time left: 300 sec this turn | 300 sec total | 5 sec grace\n|\n|t:|1783564303\n|switch|p2a: Uxie|Uxie, L83|260/260|[from] Volt Switch\n|move|p1a: Venusaur|Sludge Bomb|p2a: Uxie\n|-crit|p2a: Uxie\n|-damage|p2a: Uxie|157/260\n|\n|-heal|p2a: Uxie|173/260|[from] item: Leftovers\n|-heal|p1a: Venusaur|69/100|[from] item: Leftovers\n|upkeep\n|turn|21\n|inactive|Time left: 300 sec this turn | 300 sec total\n|\n|t:|1783564304\n|move|p2a: Uxie|Psychic Noise|p1a: Venusaur\n|-supereffective|p1a: Venusaur\n|-damage|p1a: Venusaur|29/100\n|-start|p1a: Venusaur|move: Heal Block\n|move|p1a: Venusaur|Leech Seed|p2a: Uxie\n|-start|p2a: Uxie|move: Leech Seed\n|\n|-heal|p2a: Uxie|189/260|[from] item: Leftovers\n|-damage|p2a: Uxie|157/260|[from] Leech Seed|[of] p1a: Venusaur\n|upkeep\n|turn|22\n|inactive|Time left: 300 sec this turn | 300 sec total\n|\n|t:|1783564304\n|switch|p1a: Fezandipiti|Fezandipiti, L82, M|68/100\n|move|p2a: Uxie|Psychic Noise|p1a: Fezandipiti\n|-supereffective|p1a: Fezandipiti\n|-damage|p1a: Fezandipiti|31/100\n|-start|p1a: Fezandipiti|move: Heal Block\n|\n|-heal|p2a: Uxie|173/260|[from] item: Leftovers\n|-damage|p2a: Uxie|141/260|[from] Leech Seed|[of] p1a: Fezandipiti\n|upkeep\n|turn|23\n|inactive|Time left: 300 sec this turn | 300 sec total\n|\n|t:|1783564305\n|move|p1a: Fezandipiti|Moonblast|p2a: Uxie\n|-damage|p2a: Uxie|87/260\n|-unboost|p2a: Uxie|spa|1\n|move|p2a: Uxie|Psychic Noise|p1a: Fezandipiti\n|-supereffective|p1a: Fezandipiti\n|-damage|p1a: Fezandipiti|4/100\n|\n|-heal|p2a: Uxie|103/260|[from] item: Leftovers\n|-damage|p2a: Uxie|71/260|[from] Leech Seed|[of] p1a: Fezandipiti\n|-end|p1a: Fezandipiti|move: Heal Block\n|upkeep\n|turn|24\n|inactive|Time left: 300 sec this turn | 300 sec total\n|\n|t:|1783564306\n|switch|p2a: Raikou|Raikou, L81|99/278\n|-ability|p2a: Raikou|Pressure\n|move|p1a: Fezandipiti|Roost|p1a: Fezandipiti\n|-heal|p1a: Fezandipiti|54/100\n|-singleturn|p1a: Fezandipiti|move: Roost\n|\n|-heal|p1a: Fezandipiti|61/100|[from] item: Leftovers\n|upkeep\n|turn|25\n|inactive|Time left: 300 sec this turn | 300 sec total\n|\n|t:|1783564307\n|move|p2a: Raikou|Scald|p1a: Fezandipiti\n|-damage|p1a: Fezandipiti|44/100\n|move|p1a: Fezandipiti|Gunk Shot|p2a: Raikou\n|-crit|p2a: Raikou\n|-damage|p2a: Raikou|0 fnt\n|faint|p2a: Raikou\n|\n|-heal|p1a: Fezandipiti|50/100|[from] item: Leftovers\n|upkeep\n|inactive|Time left: 300 sec this turn | 300 sec total | 5 sec grace\n|\n|t:|1783564308\n|switch|p2a: Uxie|Uxie, L83|71/260\n|turn|26\n|inactive|Time left: 300 sec this turn | 300 sec total\n|\n|t:|1783564309\n|move|p1a: Fezandipiti|Gunk Shot|p2a: Uxie\n|-damage|p2a: Uxie|0 fnt\n|faint|p2a: Uxie\n|\n|-heal|p1a: Fezandipiti|56/100|[from] item: Leftovers\n|upkeep\n|inactive|Time left: 300 sec this turn | 300 sec total | 5 sec grace\n|\n|t:|1783564310\n|switch|p2a: Lapras|Lapras, L87, F|36/367 psn\n|turn|27\n|inactive|Time left: 300 sec this turn | 300 sec total\n|\n|t:|1783564311\n|move|p1a: Fezandipiti|Roost|p1a: Fezandipiti\n|-heal|p1a: Fezandipiti|100/100\n|-singleturn|p1a: Fezandipiti|move: Roost\n|move|p2a: Lapras|Ice Beam|p1a: Fezandipiti\n|-damage|p1a: Fezandipiti|63/100\n|\n|-heal|p1a: Fezandipiti|69/100|[from] item: Leftovers\n|-damage|p2a: Lapras|0 fnt|[from] psn\n|faint|p2a: Lapras\n|upkeep\n|inactive|Time left: 300 sec this turn | 300 sec total | 5 sec grace\n|\n|t:|1783564312\n|switch|p2a: Flapple|Flapple, L88, F|266/266\n|turn|28\n|inactive|Time left: 300 sec this turn | 300 sec total\n|\n|t:|1783564313\n|move|p1a: Fezandipiti|Moonblast|p2a: Flapple\n|-supereffective|p2a: Flapple\n|-damage|p2a: Flapple|74/266\n|move|p2a: Flapple|Grav Apple|p1a: Fezandipiti\n|-resisted|p1a: Fezandipiti\n|-damage|p1a: Fezandipiti|21/100\n|-unboost|p1a: Fezandipiti|def|1\n|\n|-heal|p1a: Fezandipiti|27/100|[from] item: Leftovers\n|upkeep\n|turn|29\n|inactive|Time left: 300 sec this turn | 300 sec total\n|\n|t:|1783564314\n|move|p1a: Fezandipiti|Moonblast|p2a: Flapple\n|-supereffective|p2a: Flapple\n|-damage|p2a: Flapple|0 fnt\n|faint|p2a: Flapple\n|\n|win|p0x2097771e", "uploadtime": 1783564314, "views": 0, "rating": 0, "private": 0, "password": null, "_winner": "p0x2097771e", "_our_name": "p0y2097311c"}