{"id": "battle-gen9randombattle-789", "formatid": "gen9randombattle", "format": "[Gen 9] Random Battle", "players": ["p0x78962fa", "p0y7892047"], "log": "|init|battle\n|title|p0x78962fa vs. p0y7892047\n|j|\u2606p0x78962fa\n|j|\u2606p0y7892047\n|t:|1783549021\n|gametype|singles\n|player|p1|p0x78962fa|1|\n|player|p2|p0y7892047|170|\n|gen|9\n|tier|[Gen 9] Random Battle\n|rule|Species Clause: Limit one of each Pok\u00e9mon\n|rule|HP Percentage Mod: HP is shown in percentages\n|rule|Sleep Clause Mod: Limit one foe put to sleep\n|rule|Illusion Level Mod: Illusion disguises the Pok\u00e9mon's true level\n|\n|t:|1783549021\n|teamsize|p1|6\n|teamsize|p2|6\n|start\n|switch|p1a: Iron Bundle|Iron Bundle, L78|100/100\n|switch|p2a: Blaziken|Blaziken, L76, M|247/247\n|turn|1\n|inactive|Battle timer is ON: inactive players will automatically lose when time's up. (requested by p0y7892047)\n|inactive|p0x78962fa also wants the timer to be on.\n|\n|t:|1783549022\n|move|p1a: Iron Bundle|Hydro Pump|p2a: Blaziken\n|-supereffective|p2a: Blaziken\n|-damage|p2a: Blaziken|0 fnt\n|faint|p2a: Blaziken\n|\n|upkeep\n|inactive|Time left: 300 sec this turn | 300 sec total | 65 sec grace\n|\n|t:|1783549024\n|switch|p2a: Dragalge|Dragalge, L88, M|258/258\n|turn|2\n|inactive|Time left: 300 sec this turn | 300 sec total\n|\n|t:|1783549025\n|move|p1a: Iron Bundle|Flip Turn|p2a: Dragalge\n|-resisted|p2a: Dragalge\n|-damage|p2a: Dragalge|234/258\n|\n|t:|1783549026\n|-end|p1a: Iron Bundle|Quark Drive|[silent]\n|switch|p1a: Okidogi|Okidogi, L77, M|100/100|[from] Flip Turn\n|move|p2a: Dragalge|Sludge Wave|p1a: Okidogi\n|-resisted|p1a: Okidogi\n|-damage|p1a: Okidogi|79/100\n|\n|upkeep\n|turn|3\n|inactive|Time left: 300 sec this turn | 300 sec total\n|\n|t:|1783549028\n|move|p1a: Okidogi|Knock Off|p2a: Dragalge\n|-damage|p2a: Dragalge|170/258\n|-enditem|p2a: Dragalge|Assault Vest|[from] move: Knock Off|[of] p1a: Okidogi\n|move|p2a: Dragalge|Sludge Wave|p1a: Okidogi\n|-resisted|p1a: Okidogi\n|-damage|p1a: Okidogi|57/100\n|\n|upkeep\n|turn|4\n|inactive|Time left: 300 sec this turn | 300 sec total\n|\n|t:|1783549029\n|move|p1a: Okidogi|Drain Punch|p2a: Dragalge\n|-resisted|p2a: Dragalge\n|-damage|p2a: Dragalge|131/258\n|-heal|p1a: Okidogi|64/100|[from] drain|[of] p2a: Dragalge\n|move|p2a: Dragalge|Draco Meteor|p1a: Okidogi\n|-crit|p1a: Okidogi\n|-damage|p1a: Okidogi|0 fnt\n|-unboost|p2a: Dragalge|spa|2\n|faint|p1a: Okidogi\n|\n|upkeep\n|\n|t:|1783549030\n|switch|p1a: Yanmega|Yanmega, L82, M|100/100\n|turn|5\n|inactive|Time left: 300 sec this turn | 300 sec total\n|\n|t:|1783549031\n|switch|p2a: Regice|Regice, L88|284/284\n|move|p1a: Yanmega|Bug Buzz|p2a: Regice\n|-damage|p2a: Regice|209/284\n|\n|upkeep\n|turn|6\n|inactive|Time left: 300 sec this turn | 300 sec total\n|\n|t:|1783549032\n|switch|p1a: Archaludon|Archaludon, L78, F|100/100\n|move|p2a: Regice|Ice Beam|p1a: Archaludon\n|-damage|p1a: Archaludon|45/100\n|-ability|p1a: Archaludon|Stamina|boost\n|-boost|p1a: Archaludon|def|1\n|\n|upkeep\n|turn|7\n|inactive|Time left: 300 sec this turn | 300 sec total\n|\n|t:|1783549034\n|move|p1a: Archaludon|Iron Head|p2a: Regice\n|-supereffective|p2a: Regice\n|-damage|p2a: Regice|59/284\n|move|p2a: Regice|Ice Beam|p1a: Archaludon\n|-damage|p1a: Archaludon|0 fnt\n|faint|p1a: Archaludon\n|\n|upkeep\n|\n|t:|1783549034\n|switch|p1a: Yanmega|Yanmega, L82, M|100/100\n|turn|8\n|inactive|Time left: 300 sec this turn | 300 sec total\n|\n|t:|1783549036\n|move|p1a: Yanmega|Bug Buzz|p2a: Regice\n|-damage|p2a: Regice|0 fnt\n|faint|p2a: Regice\n|\n|upkeep\n|inactive|Time left: 300 sec this turn | 300 sec total | 5 sec grace\n|\n|t:|1783549037\n|switch|p2a: Dudunsparce|Dudunsparce, L83, F|343/343\n|turn|9\n|inactive|Time left: 300 sec this turn | 300 sec total\n|\n|t:|1783549038\n|move|p1a: Yanmega|Bug Buzz|p2a: Dudunsparce\n|-damage|p2a: Dudunsparce|154/343\n|-ability|p2a: Dudunsparce|Rattled|boost\n|-boost|p2a: Dudunsparce|spe|1\n|move|p2a: Dudunsparce|Boomburst|p1a: Yanmega\n|-damage|p1a: Yanmega|28/100\n|\n|-heal|p2a: Dudunsparce|175/343|[from] item: Leftovers\n|upkeep\n|turn|10\n|inactive|Time left: 300 sec this turn | 300 sec total\n|\n|t:|1783549039\n|switch|p1a: Girafarig|Girafarig, L89, F|100/100\n|move|p2a: Dudunsparce|Boomburst|p1a: Girafarig\n|-damage|p1a: Girafarig|59/100\n|\n|-heal|p2a: Dudunsparce|196/343|[from] item: Leftovers\n|upkeep\n|turn|11\n|inactive|Time left: 300 sec this turn | 300 sec total\n|\n|t:|1783549040\n|move|p2a: Dudunsparce|Boomburst|p1a: Girafarig\n|-damage|p1a: Girafarig|22/100\n|move|p1a: Girafarig|Nasty Plot|p1a: Girafarig\n|-boost|p1a: Girafarig|spa|2\n|\n|-heal|p2a: Dudunsparce|217/343|[from] item: Leftovers\n|upkeep\n|turn|12\n|inactive|Time left: 300 sec this turn | 300 sec total\n|\n|t:|1783549041\n|move|p2a: Dudunsparce|Boomburst|p1a: Girafarig\n|-damage|p1a: Girafarig|0 fnt\n|faint|p1a: Girafarig\n|\n|-heal|p2a: Dudunsparce|238/343|[from] item: Leftovers\n|upkeep\n|\n|t:|1783549042\n|switch|p1a: Iron Bundle|Iron Bundle, L78|100/100\n|turn|13\n|inactive|Time left: 300 sec this turn | 300 sec total\n|\n|t:|1783549043\n|move|p1a: Iron Bundle|Hydro Pump|p2a: Dudunsparce\n|-damage|p2a: Dudunsparce|93/343\n|move|p2a: Dudunsparce|Boomburst|p1a: Iron Bundle\n|-damage|p1a: Iron Bundle|11/100\n|\n|-heal|p2a: Dudunsparce|114/343|[from] item: Leftovers\n|upkeep\n|turn|14\n|inactive|Time left: 300 sec this turn | 300 sec total\n|\n|t:|1783549044\n|move|p1a: Iron Bundle|Hydro Pump|p2a: Dudunsparce\n|-damage|p2a: Dudunsparce|0 fnt\n|faint|p2a: Dudunsparce\n|\n|upkeep\n|inactive|Time left: 300 sec this turn | 300 sec total | 5 sec grace\n|\n|t:|1783549045\n|switch|p2a: Houndstone|Houndstone, L86, M|264/264\n|turn|15\n|inactive|Time left: 300 sec this turn | 300 sec total\n|\n|t:|1783549046\n|move|p2a: Houndstone|Shadow Sneak|p1a: Iron Bundle\n|-damage|p1a: Iron Bundle|0 fnt\n|faint|p1a: Iron Bundle\n|-end|p1a: Iron Bundle|Quark Drive|[silent]\n|\n|upkeep\n|\n|t:|1783549047\n|switch|p1a: Volbeat|Volbeat, L90, M|100/100\n|turn|16\n|inactive|Time left: 300 sec this turn | 300 sec total\n|\n|t:|1783549048\n|move|p1a: Volbeat|Thunder Wave|p2a: Houndstone\n|-status|p2a: Houndstone|par\n|cant|p2a: Houndstone|par\n|\n|upkeep\n|turn|17\n|inactive|Time left: 300 sec this turn | 300 sec total\n|\n|t:|1783549049\n|move|p1a: Volbeat|U-turn|p2a: Houndstone\n|-resisted|p2a: Houndstone\n|-damage|p2a: Houndstone|248/264 par\n|\n|t:|1783549050\n|switch|p1a: Yanmega|Yanmega, L82, M|28/100|[from] U-turn\n|move|p2a: Houndstone|Poltergeist|p1a: Yanmega\n|-activate|p1a: Yanmega|move: Poltergeist|Choice Specs\n|-damage|p1a: Yanmega|0 fnt\n|faint|p1a: Yanmega\n|\n|upkeep\n|\n|t:|1783549051\n|switch|p1a: Volbeat|Volbeat, L90, M|100/100\n|turn|18\n|inactive|Time left: 300 sec this turn | 300 sec total\n|\n|t:|1783549052\n|move|p1a: Volbeat|U-turn|p2a: Houndstone\n|-resisted|p2a: Houndstone\n|-damage|p2a: Houndstone|234/264 par\n|move|p2a: Houndstone|Poltergeist|p1a: Volbeat\n|-activate|p1a: Volbeat|move: Poltergeist|Heavy-Duty Boots\n|-damage|p1a: Volbeat|47/100\n|\n|upkeep\n|turn|19\n|inactive|Time left: 300 sec this turn | 300 sec total\n|\n|t:|1783549053\n|switch|p2a: Samurott|Samurott-Hisui, L77, M|265/265\n|move|p1a: Volbeat|Roost|p1a: Volbeat\n|-heal|p1a: Volbeat|97/100\n|-singleturn|p1a: Volbeat|move: Roost\n|\n|upkeep\n|turn|20\n|inactive|Time left: 300 sec this turn | 300 sec total\n|\n|t:|1783549054\n|-terastallize|p2a: Samurott|Dark\n|move|p1a: Volbeat|U-turn|p2a: Samurott\n|-supereffective|p2a: Samurott\n|-damage|p2a: Samurott|107/265\n|move|p2a: Samurott|Ceaseless Edge|p1a: Volbeat\n|-damage|p1a: Volbeat|25/100\n|-sidestart|p1: p0x78962fa|Spikes\n|\n|upkeep\n|turn|21\n|inactive|Time left: 300 sec this turn | 300 sec total\n|\n|t:|1783549055\n|move|p1a: Volbeat|U-turn|p2a: Samurott\n|-supereffective|p2a: Samurott\n|-damage|p2a: Samurott|0 fnt\n|faint|p2a: Samurott\n|\n|upkeep\n|inactive|Time left: 300 sec this turn | 300 sec total | 5 sec grace\n|\n|t:|1783549056\n|switch|p2a: Dragalge|Dragalge, L88, M|131/258\n|turn|22\n|inactive|Time left: 300 sec this turn | 300 sec total\n|\n|t:|1783549056\n|-terastallize|p1a: Volbeat|Steel\n|move|p1a: Volbeat|Roost|p1a: Volbeat\n|-heal|p1a: Volbeat|75/100\n|move|p2a: Dragalge|Focus Blast|p1a: Volbeat\n|-supereffective|p1a: Volbeat\n|-damage|p1a: Volbeat|4/100\n|\n|upkeep\n|turn|23\n|inactive|Time left: 300 sec this turn | 300 sec total\n|\n|t:|1783549057\n|move|p1a: Volbeat|Roost|p1a: Volbeat\n|-heal|p1a: Volbeat|54/100\n|move|p2a: Dragalge|Focus Blast|p1a: Volbeat\n|-supereffective|p1a: Volbeat\n|-crit|p1a: Volbeat\n|-damage|p1a: Volbeat|0 fnt\n|faint|p1a: Volbeat\n|\n|win|p0y7892047", "uploadtime": 1783549057, "views": 0, "rating": 0, "private": 0, "password": null, "_winner": "p0y7892047", "_our_name": "p0y7892047"}