{"id": "battle-gen9randombattle-100", "formatid": "gen9randombattle", "format": "[Gen 9] Random Battle", "players": ["p0x1002136", "p0y100f229"], "log": "|init|battle\n|title|p0x1002136 vs. p0y100f229\n|j|\u2606p0x1002136\n|j|\u2606p0y100f229\n|t:|1783534404\n|gametype|singles\n|player|p1|p0x1002136|170|\n|player|p2|p0y100f229|102|\n|gen|9\n|tier|[Gen 9] Random Battle\n|rule|Species Clause: Limit one of each Pok\u00e9mon\n|rule|HP Percentage Mod: HP is shown in percentages\n|rule|Sleep Clause Mod: Limit one foe put to sleep\n|rule|Illusion Level Mod: Illusion disguises the Pok\u00e9mon's true level\n|\n|t:|1783534404\n|teamsize|p1|6\n|teamsize|p2|6\n|start\n|switch|p1a: Mudsdale|Mudsdale, L83, F|100/100\n|switch|p2a: Vespiquen|Vespiquen, L99, F|299/299\n|-ability|p2a: Vespiquen|Pressure\n|turn|1\n|inactive|Battle timer is ON: inactive players will automatically lose when time's up. (requested by p0x1002136)\n|inactive|Time left: 300 sec this turn | 300 sec total | 60 sec grace\n|inactive|p0y100f229 also wants the timer to be on.\n|\n|t:|1783534406\n|move|p2a: Vespiquen|Air Slash|p1a: Mudsdale\n|-crit|p1a: Mudsdale\n|-damage|p1a: Mudsdale|54/100\n|-ability|p1a: Mudsdale|Stamina|boost\n|-boost|p1a: Mudsdale|def|1\n|move|p1a: Mudsdale|Stealth Rock|p2a: Vespiquen\n|-sidestart|p2: p0y100f229|move: Stealth Rock\n|\n|-heal|p1a: Mudsdale|60/100|[from] item: Leftovers\n|upkeep\n|turn|2\n|inactive|Time left: 300 sec this turn | 300 sec total\n|\n|t:|1783534407\n|move|p2a: Vespiquen|Toxic|p1a: Mudsdale\n|-status|p1a: Mudsdale|tox\n|move|p1a: Mudsdale|Stone Edge|p2a: Vespiquen\n|-supereffective|p2a: Vespiquen\n|-damage|p2a: Vespiquen|47/299\n|\n|-heal|p1a: Mudsdale|66/100 tox|[from] item: Leftovers\n|-damage|p1a: Mudsdale|60/100 tox|[from] psn\n|upkeep\n|turn|3\n|inactive|Time left: 300 sec this turn | 300 sec total\n|\n|t:|1783534408\n|move|p2a: Vespiquen|Roost|p2a: Vespiquen\n|-heal|p2a: Vespiquen|197/299\n|-singleturn|p2a: Vespiquen|move: Roost\n|move|p1a: Mudsdale|Stone Edge|p2a: Vespiquen\n|-supereffective|p2a: Vespiquen\n|-damage|p2a: Vespiquen|71/299\n|\n|-heal|p1a: Mudsdale|66/100 tox|[from] item: Leftovers\n|-damage|p1a: Mudsdale|54/100 tox|[from] psn\n|upkeep\n|turn|4\n|inactive|Time left: 300 sec this turn | 300 sec total\n|\n|t:|1783534409\n|move|p2a: Vespiquen|Roost|p2a: Vespiquen\n|-heal|p2a: Vespiquen|221/299\n|-singleturn|p2a: Vespiquen|move: Roost\n|move|p1a: Mudsdale|Heavy Slam|p2a: Vespiquen\n|-damage|p2a: Vespiquen|145/299\n|\n|-heal|p1a: Mudsdale|60/100 tox|[from] item: Leftovers\n|-damage|p1a: Mudsdale|43/100 tox|[from] psn\n|upkeep\n|turn|5\n|inactive|Time left: 300 sec this turn | 300 sec total\n|\n|t:|1783534410\n|move|p2a: Vespiquen|Roost|p2a: Vespiquen\n|-heal|p2a: Vespiquen|295/299\n|-singleturn|p2a: Vespiquen|move: Roost\n|move|p1a: Mudsdale|Stone Edge|p2a: Vespiquen\n|-supereffective|p2a: Vespiquen\n|-crit|p2a: Vespiquen\n|-damage|p2a: Vespiquen|87/299\n|\n|-heal|p1a: Mudsdale|49/100 tox|[from] item: Leftovers\n|-damage|p1a: Mudsdale|25/100 tox|[from] psn\n|upkeep\n|turn|6\n|inactive|Time left: 300 sec this turn | 300 sec total\n|\n|t:|1783534411\n|move|p2a: Vespiquen|Roost|p2a: Vespiquen\n|-heal|p2a: Vespiquen|237/299\n|-singleturn|p2a: Vespiquen|move: Roost\n|move|p1a: Mudsdale|Stone Edge|p2a: Vespiquen\n|-supereffective|p2a: Vespiquen\n|-damage|p2a: Vespiquen|109/299\n|\n|-heal|p1a: Mudsdale|31/100 tox|[from] item: Leftovers\n|-damage|p1a: Mudsdale|1/100 tox|[from] psn\n|upkeep\n|turn|7\n|inactive|Time left: 300 sec this turn | 300 sec total\n|\n|t:|1783534413\n|switch|p1a: Girafarig|Girafarig, L89, F|100/100\n|move|p2a: Vespiquen|Roost|p2a: Vespiquen\n|-heal|p2a: Vespiquen|259/299\n|-singleturn|p2a: Vespiquen|move: Roost\n|\n|upkeep\n|turn|8\n|inactive|Time left: 300 sec this turn | 300 sec total\n|\n|t:|1783534414\n|move|p1a: Girafarig|Nasty Plot|p1a: Girafarig\n|-boost|p1a: Girafarig|spa|2\n|move|p2a: Vespiquen|Air Slash|p1a: Girafarig\n|-damage|p1a: Girafarig|74/100\n|\n|upkeep\n|turn|9\n|inactive|Time left: 300 sec this turn | 300 sec total\n|\n|t:|1783534415\n|move|p1a: Girafarig|Thunderbolt|p2a: Vespiquen\n|-supereffective|p2a: Vespiquen\n|-damage|p2a: Vespiquen|43/299\n|-status|p2a: Vespiquen|par\n|move|p2a: Vespiquen|U-turn|p1a: Girafarig\n|-supereffective|p1a: Girafarig\n|-damage|p1a: Girafarig|26/100\n|inactive|Time left: 300 sec this turn | 300 sec total | 5 sec grace\n|\n|t:|1783534416\n|switch|p2a: Sandy Shocks|Sandy Shocks, L80|267/267|[from] U-turn\n|\n|upkeep\n|turn|10\n|inactive|Time left: 300 sec this turn | 300 sec total\n|\n|t:|1783534417\n|switch|p1a: Hydreigon|Hydreigon, L79, M|100/100\n|move|p2a: Sandy Shocks|Earth Power|p1a: Hydreigon\n|-immune|p1a: Hydreigon|[from] ability: Levitate\n|\n|upkeep\n|turn|11\n|inactive|Time left: 300 sec this turn | 300 sec total\n|\n|t:|1783534419\n|move|p2a: Sandy Shocks|Thunder Wave|p1a: Hydreigon\n|-status|p1a: Hydreigon|par\n|cant|p1a: Hydreigon|par\n|\n|upkeep\n|turn|12\n|inactive|Time left: 300 sec this turn | 300 sec total\n|\n|t:|1783534420\n|move|p2a: Sandy Shocks|Thunderbolt|p1a: Hydreigon\n|-resisted|p1a: Hydreigon\n|-damage|p1a: Hydreigon|79/100 par\n|move|p1a: Hydreigon|Nasty Plot|p1a: Hydreigon\n|-boost|p1a: Hydreigon|spa|2\n|\n|upkeep\n|turn|13\n|inactive|Time left: 300 sec this turn | 300 sec total\n|\n|t:|1783534421\n|-end|p2a: Sandy Shocks|Protosynthesis|[silent]\n|switch|p2a: Vespiquen|Vespiquen, L99, F|43/299 par\n|-ability|p2a: Vespiquen|Pressure\n|move|p1a: Hydreigon|Dark Pulse|p2a: Vespiquen\n|-damage|p2a: Vespiquen|0 fnt\n|faint|p2a: Vespiquen\n|-damage|p1a: Hydreigon|70/100 par|[from] item: Life Orb\n|\n|upkeep\n|inactive|Time left: 300 sec this turn | 300 sec total | 5 sec grace\n|\n|t:|1783534422\n|switch|p2a: Cetitan|Cetitan, L82, M|413/413\n|-damage|p2a: Cetitan|310/413|[from] Stealth Rock\n|turn|14\n|inactive|Time left: 300 sec this turn | 300 sec total\n|\n|t:|1783534423\n|-terastallize|p1a: Hydreigon|Steel\n|move|p2a: Cetitan|Icicle Crash|p1a: Hydreigon\n|-resisted|p1a: Hydreigon\n|-damage|p1a: Hydreigon|38/100 par\n|move|p1a: Hydreigon|Dark Pulse|p2a: Cetitan\n|-damage|p2a: Cetitan|0 fnt\n|faint|p2a: Cetitan\n|-damage|p1a: Hydreigon|28/100 par|[from] item: Life Orb\n|\n|upkeep\n|inactive|Time left: 300 sec this turn | 300 sec total | 5 sec grace\n|\n|t:|1783534424\n|switch|p2a: Sandy Shocks|Sandy Shocks, L80|267/267\n|turn|15\n|inactive|Time left: 300 sec this turn | 300 sec total\n|\n|t:|1783534425\n|switch|p1a: Dusknoir|Dusknoir, L89, F|100/100\n|-item|p2a: Sandy Shocks|Heavy-Duty Boots|[from] ability: Frisk|[of] p1a: Dusknoir\n|move|p2a: Sandy Shocks|Thunderbolt|p1a: Dusknoir\n|-crit|p1a: Dusknoir\n|-damage|p1a: Dusknoir|55/100\n|\n|-heal|p1a: Dusknoir|61/100|[from] item: Leftovers\n|upkeep\n|turn|16\n|inactive|Time left: 300 sec this turn | 300 sec total\n|\n|t:|1783534426\n|move|p2a: Sandy Shocks|Thunder Wave|p1a: Dusknoir\n|-status|p1a: Dusknoir|par\n|move|p1a: Dusknoir|Pain Split|p2a: Sandy Shocks\n|-sethp|p2a: Sandy Shocks|201/267|[from] move: Pain Split|[silent]\n|-sethp|p1a: Dusknoir|90/100 par|[from] move: Pain Split\n|\n|-heal|p1a: Dusknoir|96/100 par|[from] item: Leftovers\n|upkeep\n|turn|17\n|inactive|Time left: 300 sec this turn | 300 sec total\n|\n|t:|1783534427\n|move|p2a: Sandy Shocks|Thunderbolt|p1a: Dusknoir\n|-damage|p1a: Dusknoir|65/100 par\n|move|p1a: Dusknoir|Earthquake|p2a: Sandy Shocks\n|-supereffective|p2a: Sandy Shocks\n|-damage|p2a: Sandy Shocks|33/267\n|\n|-heal|p1a: Dusknoir|72/100 par|[from] item: Leftovers\n|upkeep\n|turn|18\n|inactive|Time left: 300 sec this turn | 300 sec total\n|\n|t:|1783534429\n|move|p1a: Dusknoir|Shadow Sneak|p2a: Sandy Shocks\n|-damage|p2a: Sandy Shocks|0 fnt\n|faint|p2a: Sandy Shocks\n|-end|p2a: Sandy Shocks|Protosynthesis|[silent]\n|\n|-heal|p1a: Dusknoir|78/100 par|[from] item: Leftovers\n|upkeep\n|inactive|Time left: 300 sec this turn | 300 sec total | 5 sec grace\n|\n|t:|1783534430\n|switch|p2a: Leafeon|Leafeon, L88, F|258/258\n|-damage|p2a: Leafeon|226/258|[from] Stealth Rock\n|turn|19\n|inactive|Time left: 300 sec this turn | 300 sec total\n|\n|t:|1783534431\n|move|p2a: Leafeon|Swords Dance|p2a: Leafeon\n|-boost|p2a: Leafeon|atk|2\n|move|p1a: Dusknoir|Pain Split|p2a: Leafeon\n|-sethp|p2a: Leafeon|200/258|[from] move: Pain Split|[silent]\n|-sethp|p1a: Dusknoir|89/100 par|[from] move: Pain Split\n|\n|-heal|p2a: Leafeon|216/258|[from] item: Leftovers\n|-heal|p1a: Dusknoir|96/100 par|[from] item: Leftovers\n|upkeep\n|turn|20\n|inactive|Time left: 300 sec this turn | 300 sec total\n|\n|t:|1783534432\n|switch|p1a: Mudsdale|Mudsdale, L83, F|1/100 tox\n|move|p2a: Leafeon|Leaf Blade|p1a: Mudsdale\n|-supereffective|p1a: Mudsdale\n|-damage|p1a: Mudsdale|0 fnt\n|faint|p1a: Mudsdale\n|\n|-heal|p2a: Leafeon|232/258|[from] item: Leftovers\n|upkeep\n|\n|t:|1783534432\n|switch|p1a: Girafarig|Girafarig, L89, F|26/100\n|turn|21\n|inactive|Time left: 300 sec this turn | 300 sec total\n|\n|t:|1783534433\n|switch|p1a: Dondozo|Dondozo, L78, F|100/100\n|move|p2a: Leafeon|Double-Edge|p1a: Dondozo\n|-damage|p1a: Dondozo|75/100\n|-damage|p2a: Leafeon|201/258|[from] Recoil\n|\n|-heal|p2a: Leafeon|217/258|[from] item: Leftovers\n|-heal|p1a: Dondozo|81/100|[from] item: Leftovers\n|upkeep\n|turn|22\n|inactive|Time left: 300 sec this turn | 300 sec total\n|\n|t:|1783534434\n|switch|p1a: Girafarig|Girafarig, L89, F|26/100\n|move|p2a: Leafeon|Leaf Blade|p1a: Girafarig\n|-ability|p1a: Girafarig|Sap Sipper|boost\n|-boost|p1a: Girafarig|atk|1\n|\n|-heal|p2a: Leafeon|233/258|[from] item: Leftovers\n|upkeep\n|turn|23\n|inactive|Time left: 300 sec this turn | 300 sec total\n|\n|t:|1783534435\n|switch|p1a: Dusknoir|Dusknoir, L89, F|96/100 par\n|-item|p2a: Leafeon|Leftovers|[from] ability: Frisk|[of] p1a: Dusknoir\n|move|p2a: Leafeon|Double-Edge|p1a: Dusknoir\n|-immune|p1a: Dusknoir\n|\n|-heal|p2a: Leafeon|249/258|[from] item: Leftovers\n|-heal|p1a: Dusknoir|100/100 par|[from] item: Leftovers\n|upkeep\n|turn|24\n|inactive|Time left: 300 sec this turn | 300 sec total\n|\n|t:|1783534436\n|move|p2a: Leafeon|Leaf Blade|p1a: Dusknoir\n|-damage|p1a: Dusknoir|32/100 par\n|move|p1a: Dusknoir|Pain Split|p2a: Leafeon\n|-sethp|p2a: Leafeon|160/258|[from] move: Pain Split|[silent]\n|-sethp|p1a: Dusknoir|72/100 par|[from] move: Pain Split\n|\n|-heal|p2a: Leafeon|176/258|[from] item: Leftovers\n|-heal|p1a: Dusknoir|78/100 par|[from] item: Leftovers\n|upkeep\n|turn|25\n|inactive|Time left: 300 sec this turn | 300 sec total\n|\n|t:|1783534437\n|move|p2a: Leafeon|Leaf Blade|p1a: Dusknoir\n|-damage|p1a: Dusknoir|4/100 par\n|move|p1a: Dusknoir|Poltergeist|p2a: Leafeon|[miss]\n|-miss|p1a: Dusknoir|p2a: Leafeon\n|\n|-heal|p2a: Leafeon|192/258|[from] item: Leftovers\n|-heal|p1a: Dusknoir|11/100 par|[from] item: Leftovers\n|upkeep\n|turn|26\n|inactive|Time left: 300 sec this turn | 300 sec total\n|\n|t:|1783534438\n|move|p2a: Leafeon|Leaf Blade|p1a: Dusknoir\n|-damage|p1a: Dusknoir|0 fnt\n|faint|p1a: Dusknoir\n|\n|-heal|p2a: Leafeon|208/258|[from] item: Leftovers\n|upkeep\n|\n|t:|1783534439\n|switch|p1a: Kingdra|Kingdra, L84, F|100/100\n|turn|27\n|inactive|Time left: 300 sec this turn | 300 sec total\n|\n|t:|1783534440\n|move|p2a: Leafeon|Leaf Blade|p1a: Kingdra\n|-damage|p1a: Kingdra|15/100\n|move|p1a: Kingdra|Draco Meteor|p2a: Leafeon\n|-damage|p2a: Leafeon|4/258\n|-unboost|p1a: Kingdra|spa|2\n|-damage|p1a: Kingdra|5/100|[from] item: Life Orb\n|\n|-heal|p2a: Leafeon|20/258|[from] item: Leftovers\n|upkeep\n|turn|28\n|inactive|Time left: 300 sec this turn | 300 sec total\n|\n|t:|1783534441\n|switch|p1a: Girafarig|Girafarig, L89, F|26/100\n|move|p2a: Leafeon|Leaf Blade|p1a: Girafarig\n|-ability|p1a: Girafarig|Sap Sipper|boost\n|-boost|p1a: Girafarig|atk|1\n|\n|-heal|p2a: Leafeon|36/258|[from] item: Leftovers\n|upkeep\n|turn|29\n|inactive|Time left: 300 sec this turn | 300 sec total\n|\n|t:|1783534442\n|switch|p1a: Dondozo|Dondozo, L78, F|81/100\n|move|p2a: Leafeon|Double-Edge|p1a: Dondozo\n|-damage|p1a: Dondozo|54/100\n|-damage|p2a: Leafeon|4/258|[from] Recoil\n|\n|-heal|p2a: Leafeon|20/258|[from] item: Leftovers\n|-heal|p1a: Dondozo|60/100|[from] item: Leftovers\n|upkeep\n|turn|30\n|inactive|Time left: 300 sec this turn | 300 sec total\n|\n|t:|1783534443\n|move|p2a: Leafeon|Leaf Blade|p1a: Dondozo\n|-supereffective|p1a: Dondozo\n|-crit|p1a: Dondozo\n|-damage|p1a: Dondozo|0 fnt\n|faint|p1a: Dondozo\n|\n|-heal|p2a: Leafeon|36/258|[from] item: Leftovers\n|upkeep\n|\n|t:|1783534444\n|switch|p1a: Hydreigon|Hydreigon, L79, M, tera:Steel|28/100 par\n|turn|31\n|inactive|Time left: 300 sec this turn | 300 sec total\n|\n|t:|1783534445\n|switch|p1a: Girafarig|Girafarig, L89, F|26/100\n|move|p2a: Leafeon|Double-Edge|p1a: Girafarig\n|-damage|p1a: Girafarig|0 fnt\n|faint|p1a: Girafarig\n|-damage|p2a: Leafeon|13/258|[from] Recoil\n|\n|-heal|p2a: Leafeon|29/258|[from] item: Leftovers\n|upkeep\n|\n|t:|1783534446\n|switch|p1a: Kingdra|Kingdra, L84, F|5/100\n|turn|32\n|inactive|Time left: 300 sec this turn | 300 sec total\n|\n|t:|1783534447\n|-terastallize|p2a: Leafeon|Normal\n|move|p2a: Leafeon|Double-Edge|p1a: Kingdra\n|-damage|p1a: Kingdra|0 fnt\n|faint|p1a: Kingdra\n|-damage|p2a: Leafeon|25/258|[from] Recoil\n|\n|-heal|p2a: Leafeon|41/258|[from] item: Leftovers\n|upkeep\n|\n|t:|1783534448\n|switch|p1a: Hydreigon|Hydreigon, L79, M, tera:Steel|28/100 par\n|turn|33\n|inactive|Time left: 300 sec this turn | 300 sec total\n|\n|t:|1783534449\n|move|p2a: Leafeon|Double-Edge|p1a: Hydreigon\n|-resisted|p1a: Hydreigon\n|-damage|p1a: Hydreigon|0 fnt\n|faint|p1a: Hydreigon\n|-damage|p2a: Leafeon|16/258|[from] Recoil\n|\n|win|p0y100f229", "uploadtime": 1783534449, "views": 0, "rating": 0, "private": 0, "password": null, "_winner": "p0y100f229", "_our_name": "p0y100f229"}