{"id": "battle-gen9randombattle-360", "formatid": "gen9randombattle", "format": "[Gen 9] Random Battle", "players": ["p0x3600872", "p0y3609310"], "log": "|init|battle\n|title|p0x3600872 vs. p0y3609310\n|j|\u2606p0x3600872\n|j|\u2606p0y3609310\n|t:|1783543293\n|gametype|singles\n|player|p1|p0x3600872|1|\n|player|p2|p0y3609310|265|\n|gen|9\n|tier|[Gen 9] Random Battle\n|rule|Species Clause: Limit one of each Pok\u00e9mon\n|rule|HP Percentage Mod: HP is shown in percentages\n|rule|Sleep Clause Mod: Limit one foe put to sleep\n|rule|Illusion Level Mod: Illusion disguises the Pok\u00e9mon's true level\n|\n|t:|1783543293\n|teamsize|p1|6\n|teamsize|p2|6\n|start\n|switch|p1a: Darkrai|Darkrai, L77|234/234\n|switch|p2a: Plusle|Plusle, L95, F|100/100\n|turn|1\n|inactive|Battle timer is ON: inactive players will automatically lose when time's up. (requested by p0x3600872)\n|inactive|p0y3609310 also wants the timer to be on.\n|\n|t:|1783543295\n|move|p1a: Darkrai|Hypnosis|p2a: Plusle\n|-status|p2a: Plusle|slp|[from] move: Hypnosis\n|cant|p2a: Plusle|slp\n|\n|-damage|p2a: Plusle|88/100 slp|[from] ability: Bad Dreams|[of] p1a: Darkrai\n|upkeep\n|turn|2\n|inactive|Time left: 300 sec this turn | 300 sec total\n|\n|t:|1783543296\n|switch|p2a: Poliwrath|Poliwrath, L88, M|100/100\n|move|p1a: Darkrai|Nasty Plot|p1a: Darkrai\n|-boost|p1a: Darkrai|spa|2\n|\n|upkeep\n|turn|3\n|inactive|Time left: 300 sec this turn | 300 sec total\n|\n|t:|1783543298\n|move|p1a: Darkrai|Dark Pulse|p2a: Poliwrath\n|-resisted|p2a: Poliwrath\n|-damage|p2a: Poliwrath|75/100\n|-damage|p1a: Darkrai|211/234|[from] item: Life Orb\n|move|p2a: Poliwrath|Circle Throw|p1a: Darkrai\n|-supereffective|p1a: Darkrai\n|-damage|p1a: Darkrai|59/234\n|drag|p1a: Groudon|Groudon, L72|263/263\n|-weather|SunnyDay|[from] ability: Drought|[of] p1a: Groudon\n|\n|-weather|SunnyDay|[upkeep]\n|upkeep\n|turn|4\n|inactive|Time left: 300 sec this turn | 300 sec total\n|\n|t:|1783543299\n|move|p1a: Groudon|Stealth Rock|p2a: Poliwrath\n|-sidestart|p2: p0y3609310|move: Stealth Rock\n|move|p2a: Poliwrath|Circle Throw|p1a: Groudon\n|-damage|p1a: Groudon|203/263\n|drag|p1a: Venusaur|Venusaur, L84, M|272/272\n|\n|-weather|SunnyDay|[upkeep]\n|upkeep\n|turn|5\n|inactive|Time left: 300 sec this turn | 300 sec total\n|\n|t:|1783543300\n|move|p1a: Venusaur|Giga Drain|p2a: Poliwrath\n|-supereffective|p2a: Poliwrath\n|-damage|p2a: Poliwrath|43/100\n|move|p2a: Poliwrath|Knock Off|p1a: Venusaur\n|-damage|p1a: Venusaur|193/272\n|-enditem|p1a: Venusaur|Leftovers|[from] move: Knock Off|[of] p2a: Poliwrath\n|\n|-weather|SunnyDay|[upkeep]\n|upkeep\n|turn|6\n|inactive|Time left: 300 sec this turn | 300 sec total\n|\n|t:|1783543301\n|switch|p2a: Ho-Oh|Ho-Oh, L71|100/100\n|move|p1a: Venusaur|Giga Drain|p2a: Ho-Oh\n|-resisted|p2a: Ho-Oh\n|-damage|p2a: Ho-Oh|95/100\n|-heal|p1a: Venusaur|200/272|[from] drain|[of] p2a: Ho-Oh\n|\n|-weather|SunnyDay|[upkeep]\n|upkeep\n|turn|7\n|inactive|Time left: 300 sec this turn | 300 sec total\n|\n|t:|1783543303\n|move|p1a: Venusaur|Substitute|p1a: Venusaur\n|-start|p1a: Venusaur|Substitute\n|-damage|p1a: Venusaur|132/272\n|move|p2a: Ho-Oh|Sacred Fire|p1a: Venusaur\n|-supereffective|p1a: Venusaur\n|-end|p1a: Venusaur|Substitute\n|\n|-weather|none\n|upkeep\n|turn|8\n|inactive|Time left: 300 sec this turn | 300 sec total\n|\n|t:|1783543304\n|switch|p1a: Garchomp|Garchomp, L74, M|282/282\n|move|p2a: Ho-Oh|Sacred Fire|p1a: Garchomp\n|-resisted|p1a: Garchomp\n|-damage|p1a: Garchomp|234/282\n|\n|upkeep\n|turn|9\n|inactive|Time left: 300 sec this turn | 300 sec total\n|\n|t:|1783543305\n|move|p1a: Garchomp|Outrage|p2a: Ho-Oh\n|-damage|p2a: Ho-Oh|45/100\n|move|p2a: Ho-Oh|Sacred Fire|p1a: Garchomp\n|-resisted|p1a: Garchomp\n|-damage|p1a: Garchomp|182/282\n|\n|upkeep\n|turn|10\n|inactive|Time left: 300 sec this turn | 300 sec total\n|\n|t:|1783543306\n|switch|p2a: Piloswine|Piloswine, L85, F|100/100\n|-damage|p2a: Piloswine|88/100|[from] Stealth Rock\n|move|p1a: Garchomp|Outrage|p2a: Piloswine|[from] lockedmove\n|-damage|p2a: Piloswine|61/100\n|-start|p1a: Garchomp|confusion|[fatigue]\n|\n|upkeep\n|turn|11\n|inactive|Time left: 300 sec this turn | 300 sec total\n|\n|t:|1783543307\n|switch|p1a: Heracross|Heracross, L80, F|259/259\n|move|p2a: Piloswine|Icicle Crash|p1a: Heracross\n|-damage|p1a: Heracross|139/259\n|\n|upkeep\n|turn|12\n|inactive|Time left: 300 sec this turn | 300 sec total\n|\n|t:|1783543308\n|move|p1a: Heracross|Close Combat|p2a: Piloswine\n|-supereffective|p2a: Piloswine\n|-damage|p2a: Piloswine|0 fnt\n|-unboost|p1a: Heracross|def|1\n|-unboost|p1a: Heracross|spd|1\n|faint|p2a: Piloswine\n|-ability|p1a: Heracross|Moxie|boost\n|-boost|p1a: Heracross|atk|1\n|\n|upkeep\n|\n|t:|1783543309\n|switch|p2a: Spectrier|Spectrier, L75|100/100\n|-damage|p2a: Spectrier|88/100|[from] Stealth Rock\n|turn|13\n|inactive|Time left: 300 sec this turn | 300 sec total\n|\n|t:|1783543310\n|switch|p1a: Meloetta|Meloetta, L82|298/298\n|move|p2a: Spectrier|Nasty Plot|p2a: Spectrier\n|-boost|p2a: Spectrier|spa|2\n|\n|upkeep\n|turn|14\n|inactive|Time left: 300 sec this turn | 300 sec total\n|\n|t:|1783543311\n|move|p2a: Spectrier|Will-O-Wisp|p1a: Meloetta\n|-status|p1a: Meloetta|brn\n|move|p1a: Meloetta|Knock Off|p2a: Spectrier\n|-supereffective|p2a: Spectrier\n|-damage|p2a: Spectrier|50/100\n|-enditem|p2a: Spectrier|Life Orb|[from] move: Knock Off|[of] p1a: Meloetta\n|-damage|p1a: Meloetta|269/298 brn|[from] item: Life Orb\n|\n|-damage|p1a: Meloetta|251/298 brn|[from] brn\n|upkeep\n|turn|15\n|inactive|Time left: 300 sec this turn | 300 sec total\n|\n|t:|1783543312\n|move|p2a: Spectrier|Draining Kiss|p1a: Meloetta\n|-damage|p1a: Meloetta|186/298 brn\n|-heal|p2a: Spectrier|68/100|[from] drain|[of] p1a: Meloetta\n|move|p1a: Meloetta|Knock Off|p2a: Spectrier\n|-supereffective|p2a: Spectrier\n|-damage|p2a: Spectrier|41/100\n|-damage|p1a: Meloetta|157/298 brn|[from] item: Life Orb\n|\n|-damage|p1a: Meloetta|139/298 brn|[from] brn\n|upkeep\n|turn|16\n|inactive|Time left: 300 sec this turn | 300 sec total\n|\n|t:|1783543314\n|move|p2a: Spectrier|Draining Kiss|p1a: Meloetta\n|-damage|p1a: Meloetta|78/298 brn\n|-heal|p2a: Spectrier|57/100|[from] drain|[of] p1a: Meloetta\n|move|p1a: Meloetta|Triple Axel|p2a: Spectrier\n|-damage|p2a: Spectrier|54/100\n|-damage|p2a: Spectrier|46/100\n|-damage|p2a: Spectrier|33/100\n|-hitcount|p2a: Spectrier|3\n|-damage|p1a: Meloetta|49/298 brn|[from] item: Life Orb\n|\n|-damage|p1a: Meloetta|31/298 brn|[from] brn\n|upkeep\n|turn|17\n|inactive|Time left: 300 sec this turn | 300 sec total\n|\n|t:|1783543315\n|move|p2a: Spectrier|Draining Kiss|p1a: Meloetta\n|-damage|p1a: Meloetta|0 fnt\n|-heal|p2a: Spectrier|42/100|[from] drain|[of] p1a: Meloetta\n|faint|p1a: Meloetta\n|-ability|p2a: Spectrier|Grim Neigh|boost\n|-boost|p2a: Spectrier|spa|1\n|\n|upkeep\n|inactive|Time left: 300 sec this turn | 300 sec total | 5 sec grace\n|\n|t:|1783543316\n|switch|p1a: Venusaur|Venusaur, L84, M|132/272\n|turn|18\n|inactive|Time left: 300 sec this turn | 300 sec total\n|\n|t:|1783543317\n|move|p2a: Spectrier|Shadow Ball|p1a: Venusaur\n|-damage|p1a: Venusaur|0 fnt\n|faint|p1a: Venusaur\n|-ability|p2a: Spectrier|Grim Neigh|boost\n|-boost|p2a: Spectrier|spa|1\n|\n|upkeep\n|inactive|Time left: 300 sec this turn | 300 sec total | 5 sec grace\n|\n|t:|1783543318\n|switch|p1a: Heracross|Heracross, L80, F|139/259\n|turn|19\n|inactive|Time left: 300 sec this turn | 300 sec total\n|\n|t:|1783543319\n|switch|p1a: Darkrai|Darkrai, L77|59/234\n|-terastallize|p2a: Spectrier|Fairy\n|move|p2a: Spectrier|Draining Kiss|p1a: Darkrai\n|-supereffective|p1a: Darkrai\n|-damage|p1a: Darkrai|0 fnt\n|-heal|p2a: Spectrier|58/100|[from] drain|[of] p1a: Darkrai\n|faint|p1a: Darkrai\n|-ability|p2a: Spectrier|Grim Neigh|boost\n|-boost|p2a: Spectrier|spa|1\n|\n|upkeep\n|inactive|Time left: 300 sec this turn | 300 sec total | 5 sec grace\n|\n|t:|1783543320\n|switch|p1a: Groudon|Groudon, L72|203/263\n|-weather|SunnyDay|[from] ability: Drought|[of] p1a: Groudon\n|turn|20\n|inactive|Time left: 300 sec this turn | 300 sec total\n|\n|t:|1783543321\n|-terastallize|p1a: Groudon|Fire\n|move|p2a: Spectrier|Shadow Ball|p1a: Groudon\n|-damage|p1a: Groudon|0 fnt\n|faint|p1a: Groudon\n|-ability|p2a: Spectrier|Grim Neigh|boost\n|-boost|p2a: Spectrier|spa|1\n|\n|-weather|SunnyDay|[upkeep]\n|upkeep\n|inactive|Time left: 300 sec this turn | 300 sec total | 5 sec grace\n|\n|t:|1783543322\n|switch|p1a: Garchomp|Garchomp, L74, M|182/282\n|turn|21\n|inactive|Time left: 300 sec this turn | 300 sec total\n|\n|t:|1783543323\n|move|p2a: Spectrier|Draining Kiss|p1a: Garchomp\n|-supereffective|p1a: Garchomp\n|-damage|p1a: Garchomp|0 fnt\n|-heal|p2a: Spectrier|100/100|[from] drain|[of] p1a: Garchomp\n|-damage|p2a: Spectrier|88/100|[from] ability: Rough Skin|[of] p1a: Garchomp\n|-damage|p2a: Spectrier|72/100|[from] item: Rocky Helmet|[of] p1a: Garchomp\n|faint|p1a: Garchomp\n|\n|-weather|SunnyDay|[upkeep]\n|upkeep\n|inactive|Time left: 300 sec this turn | 300 sec total | 5 sec grace\n|\n|t:|1783543324\n|switch|p1a: Heracross|Heracross, L80, F|139/259\n|turn|22\n|inactive|Time left: 300 sec this turn | 300 sec total\n|\n|t:|1783543324\n|move|p2a: Spectrier|Shadow Ball|p1a: Heracross\n|-damage|p1a: Heracross|0 fnt\n|faint|p1a: Heracross\n|\n|win|p0y3609310", "uploadtime": 1783543324, "views": 0, "rating": 0, "private": 0, "password": null, "_winner": "p0y3609310", "_our_name": "p0x3600872"}