{"id": "battle-gen9randombattle-240", "formatid": "gen9randombattle", "format": "[Gen 9] Random Battle", "players": ["p0x240939b", "p0y2404434"], "log": "|init|battle\n|title|p0x240939b vs. p0y2404434\n|j|\u2606p0x240939b\n|j|\u2606p0y2404434\n|t:|1783542359\n|gametype|singles\n|player|p1|p0x240939b|1|\n|player|p2|p0y2404434|2|\n|gen|9\n|tier|[Gen 9] Random Battle\n|rule|Species Clause: Limit one of each Pok\u00e9mon\n|rule|HP Percentage Mod: HP is shown in percentages\n|rule|Sleep Clause Mod: Limit one foe put to sleep\n|rule|Illusion Level Mod: Illusion disguises the Pok\u00e9mon's true level\n|\n|t:|1783542359\n|teamsize|p1|6\n|teamsize|p2|6\n|start\n|switch|p1a: Samurott|Samurott, L88, F|310/310\n|switch|p2a: Emboar|Emboar, L84, M|100/100\n|turn|1\n|inactive|Battle timer is ON: inactive players will automatically lose when time's up. (requested by p0y2404434)\n|inactive|Time left: 300 sec this turn | 300 sec total | 60 sec grace\n|\n|t:|1783542360\n|move|p1a: Samurott|Liquidation|p2a: Emboar\n|-supereffective|p2a: Emboar\n|-damage|p2a: Emboar|6/100\n|-damage|p1a: Samurott|279/310|[from] item: Life Orb\n|move|p2a: Emboar|Bulk Up|p2a: Emboar\n|-boost|p2a: Emboar|atk|1\n|-boost|p2a: Emboar|def|1\n|\n|-heal|p2a: Emboar|12/100|[from] item: Leftovers\n|upkeep\n|turn|2\n|inactive|Time left: 300 sec this turn | 300 sec total\n|inactive|p0x240939b also wants the timer to be on.\n|\n|t:|1783542362\n|move|p1a: Samurott|Liquidation|p2a: Emboar\n|-supereffective|p2a: Emboar\n|-damage|p2a: Emboar|0 fnt\n|faint|p2a: Emboar\n|-damage|p1a: Samurott|248/310|[from] item: Life Orb\n|\n|upkeep\n|\n|t:|1783542363\n|switch|p2a: Yanmega|Yanmega, L82, F|100/100\n|turn|3\n|inactive|Time left: 300 sec this turn | 300 sec total\n|\n|t:|1783542364\n|move|p2a: Yanmega|Bug Buzz|p1a: Samurott\n|-damage|p1a: Samurott|62/310\n|-unboost|p1a: Samurott|spd|1\n|move|p1a: Samurott|Swords Dance|p1a: Samurott\n|-boost|p1a: Samurott|atk|2\n|\n|upkeep\n|turn|4\n|inactive|Time left: 300 sec this turn | 300 sec total\n|\n|t:|1783542365\n|move|p1a: Samurott|Aqua Jet|p2a: Yanmega\n|-damage|p2a: Yanmega|28/100\n|-damage|p1a: Samurott|31/310|[from] item: Life Orb\n|move|p2a: Yanmega|Bug Buzz|p1a: Samurott\n|-damage|p1a: Samurott|0 fnt\n|faint|p1a: Samurott\n|\n|upkeep\n|inactive|Time left: 300 sec this turn | 300 sec total | 5 sec grace\n|\n|t:|1783542366\n|switch|p1a: Glastrier|Glastrier, L86|312/312\n|turn|5\n|inactive|Time left: 300 sec this turn | 300 sec total\n|\n|t:|1783542367\n|move|p2a: Yanmega|Bug Buzz|p1a: Glastrier\n|-damage|p1a: Glastrier|192/312\n|-unboost|p1a: Glastrier|spd|1\n|move|p1a: Glastrier|Heavy Slam|p2a: Yanmega\n|-damage|p2a: Yanmega|0 fnt\n|faint|p2a: Yanmega\n|-ability|p1a: Glastrier|Chilling Neigh|boost\n|-boost|p1a: Glastrier|atk|1\n|\n|upkeep\n|\n|t:|1783542368\n|switch|p2a: Walking Wake|Walking Wake, L79|100/100\n|turn|6\n|inactive|Time left: 300 sec this turn | 300 sec total\n|\n|t:|1783542369\n|switch|p1a: Cresselia|Cresselia, L80, F|323/323\n|move|p2a: Walking Wake|Hydro Pump|p1a: Cresselia\n|-damage|p1a: Cresselia|179/323\n|\n|-heal|p1a: Cresselia|199/323|[from] item: Leftovers\n|upkeep\n|turn|7\n|inactive|Time left: 300 sec this turn | 300 sec total\n|\n|t:|1783542371\n|move|p2a: Walking Wake|Hydro Pump|p1a: Cresselia\n|-damage|p1a: Cresselia|34/323\n|move|p1a: Cresselia|Moonlight|p1a: Cresselia\n|-heal|p1a: Cresselia|195/323\n|\n|-heal|p1a: Cresselia|215/323|[from] item: Leftovers\n|upkeep\n|turn|8\n|inactive|Time left: 300 sec this turn | 300 sec total\n|\n|t:|1783542372\n|move|p2a: Walking Wake|Hydro Pump|p1a: Cresselia\n|-damage|p1a: Cresselia|50/323\n|move|p1a: Cresselia|Moonlight|p1a: Cresselia\n|-heal|p1a: Cresselia|211/323\n|\n|-heal|p1a: Cresselia|231/323|[from] item: Leftovers\n|upkeep\n|turn|9\n|inactive|Time left: 300 sec this turn | 300 sec total\n|\n|t:|1783542373\n|move|p2a: Walking Wake|Hydro Pump|p1a: Cresselia\n|-damage|p1a: Cresselia|86/323\n|move|p1a: Cresselia|Moonlight|p1a: Cresselia\n|-heal|p1a: Cresselia|247/323\n|\n|-heal|p1a: Cresselia|267/323|[from] item: Leftovers\n|upkeep\n|turn|10\n|inactive|Time left: 300 sec this turn | 300 sec total\n|\n|t:|1783542374\n|move|p2a: Walking Wake|Hydro Pump|p1a: Cresselia\n|-damage|p1a: Cresselia|110/323\n|move|p1a: Cresselia|Calm Mind|p1a: Cresselia\n|-boost|p1a: Cresselia|spa|1\n|-boost|p1a: Cresselia|spd|1\n|\n|-heal|p1a: Cresselia|130/323|[from] item: Leftovers\n|upkeep\n|turn|11\n|inactive|Time left: 300 sec this turn | 300 sec total\n|\n|t:|1783542375\n|move|p2a: Walking Wake|Hydro Pump|p1a: Cresselia|[miss]\n|-miss|p2a: Walking Wake|p1a: Cresselia\n|move|p1a: Cresselia|Moonlight|p1a: Cresselia\n|-heal|p1a: Cresselia|291/323\n|\n|-heal|p1a: Cresselia|311/323|[from] item: Leftovers\n|upkeep\n|turn|12\n|inactive|Time left: 300 sec this turn | 300 sec total\n|\n|t:|1783542376\n|move|p2a: Walking Wake|Hydro Pump|p1a: Cresselia|[miss]\n|-miss|p2a: Walking Wake|p1a: Cresselia\n|move|p1a: Cresselia|Calm Mind|p1a: Cresselia\n|-boost|p1a: Cresselia|spa|1\n|-boost|p1a: Cresselia|spd|1\n|\n|-heal|p1a: Cresselia|323/323|[from] item: Leftovers\n|upkeep\n|turn|13\n|inactive|Time left: 300 sec this turn | 300 sec total\n|\n|t:|1783542378\n|move|p2a: Walking Wake|Hydro Pump|p1a: Cresselia\n|-damage|p1a: Cresselia|248/323\n|move|p1a: Cresselia|Moonblast|p2a: Walking Wake\n|-supereffective|p2a: Walking Wake\n|-damage|p2a: Walking Wake|25/100\n|\n|-heal|p1a: Cresselia|268/323|[from] item: Leftovers\n|upkeep\n|turn|14\n|inactive|Time left: 300 sec this turn | 300 sec total\n|\n|t:|1783542379\n|-end|p2a: Walking Wake|Protosynthesis|[silent]\n|switch|p2a: Cetitan|Cetitan, L82, M|100/100\n|move|p1a: Cresselia|Moonblast|p2a: Cetitan\n|-damage|p2a: Cetitan|64/100\n|\n|-heal|p1a: Cresselia|288/323|[from] item: Leftovers\n|upkeep\n|turn|15\n|inactive|Time left: 300 sec this turn | 300 sec total\n|\n|t:|1783542380\n|move|p1a: Cresselia|Psyshock|p2a: Cetitan\n|-damage|p2a: Cetitan|27/100\n|-enditem|p2a: Cetitan|Sitrus Berry|[eat]\n|-heal|p2a: Cetitan|52/100|[from] item: Sitrus Berry\n|move|p2a: Cetitan|Ice Spinner|p1a: Cresselia\n|-damage|p1a: Cresselia|201/323\n|\n|-heal|p1a: Cresselia|221/323|[from] item: Leftovers\n|upkeep\n|turn|16\n|inactive|Time left: 300 sec this turn | 300 sec total\n|\n|t:|1783542381\n|move|p1a: Cresselia|Psyshock|p2a: Cetitan\n|-damage|p2a: Cetitan|12/100\n|move|p2a: Cetitan|Ice Spinner|p1a: Cresselia\n|-damage|p1a: Cresselia|145/323\n|\n|-heal|p1a: Cresselia|165/323|[from] item: Leftovers\n|upkeep\n|turn|17\n|inactive|Time left: 300 sec this turn | 300 sec total\n|\n|t:|1783542382\n|move|p1a: Cresselia|Moonlight|p1a: Cresselia\n|-heal|p1a: Cresselia|323/323\n|move|p2a: Cetitan|Belly Drum||[still]\n|-fail|p2a: Cetitan\n|\n|upkeep\n|turn|18\n|inactive|Time left: 300 sec this turn | 300 sec total\n|\n|t:|1783542383\n|move|p1a: Cresselia|Psyshock|p2a: Cetitan\n|-damage|p2a: Cetitan|0 fnt\n|faint|p2a: Cetitan\n|\n|upkeep\n|\n|t:|1783542384\n|switch|p2a: Lanturn|Lanturn, L89, M|100/100\n|turn|19\n|inactive|Time left: 300 sec this turn | 300 sec total\n|\n|t:|1783542385\n|move|p1a: Cresselia|Psyshock|p2a: Lanturn\n|-damage|p2a: Lanturn|54/100\n|move|p2a: Lanturn|Thunder Wave|p1a: Cresselia\n|-status|p1a: Cresselia|par\n|\n|-heal|p2a: Lanturn|60/100|[from] item: Leftovers\n|upkeep\n|turn|20\n|inactive|Time left: 300 sec this turn | 300 sec total\n|\n|t:|1783542386\n|move|p2a: Lanturn|Ice Beam|p1a: Cresselia\n|-damage|p1a: Cresselia|299/323 par\n|cant|p1a: Cresselia|par\n|\n|-heal|p2a: Lanturn|66/100|[from] item: Leftovers\n|-heal|p1a: Cresselia|319/323 par|[from] item: Leftovers\n|upkeep\n|turn|21\n|inactive|Time left: 300 sec this turn | 300 sec total\n|\n|t:|1783542387\n|move|p2a: Lanturn|Ice Beam|p1a: Cresselia\n|-damage|p1a: Cresselia|295/323 par\n|move|p1a: Cresselia|Psyshock|p2a: Lanturn\n|-damage|p2a: Lanturn|19/100\n|\n|-heal|p2a: Lanturn|25/100|[from] item: Leftovers\n|-heal|p1a: Cresselia|315/323 par|[from] item: Leftovers\n|upkeep\n|turn|22\n|inactive|Time left: 300 sec this turn | 300 sec total\n|\n|t:|1783542388\n|move|p2a: Lanturn|Ice Beam|p1a: Cresselia\n|-damage|p1a: Cresselia|288/323 par\n|move|p1a: Cresselia|Psyshock|p2a: Lanturn\n|-damage|p2a: Lanturn|0 fnt\n|faint|p2a: Lanturn\n|\n|-heal|p1a: Cresselia|308/323 par|[from] item: Leftovers\n|upkeep\n|\n|t:|1783542389\n|switch|p2a: Heracross|Heracross, L80, F|100/100\n|turn|23\n|inactive|Time left: 300 sec this turn | 300 sec total\n|\n|t:|1783542390\n|-terastallize|p1a: Cresselia|Poison\n|move|p2a: Heracross|Megahorn|p1a: Cresselia\n|-resisted|p1a: Cresselia\n|-crit|p1a: Cresselia\n|-damage|p1a: Cresselia|215/323 par\n|move|p1a: Cresselia|Psyshock|p2a: Heracross\n|-supereffective|p2a: Heracross\n|-damage|p2a: Heracross|0 fnt\n|faint|p2a: Heracross\n|\n|-heal|p1a: Cresselia|235/323 par|[from] item: Leftovers\n|upkeep\n|\n|t:|1783542391\n|switch|p2a: Walking Wake|Walking Wake, L79|25/100\n|turn|24\n|inactive|Time left: 300 sec this turn | 300 sec total\n|\n|t:|1783542392\n|move|p2a: Walking Wake|Flamethrower|p1a: Cresselia\n|-damage|p1a: Cresselia|191/323 par\n|move|p1a: Cresselia|Psyshock|p2a: Walking Wake\n|-damage|p2a: Walking Wake|0 fnt\n|faint|p2a: Walking Wake\n|-end|p2a: Walking Wake|Protosynthesis|[silent]\n|\n|win|p0x240939b", "uploadtime": 1783542392, "views": 0, "rating": 0, "private": 0, "password": null, "_winner": "p0x240939b", "_our_name": "p0x240939b"}