{"id": "battle-gen9randombattle-901", "formatid": "gen9randombattle", "format": "[Gen 9] Random Battle", "players": ["p0x901f4c5", "p0y901753f"], "log": "|init|battle\n|title|p0x901f4c5 vs. p0y901753f\n|j|\u2606p0x901f4c5\n|j|\u2606p0y901753f\n|t:|1783550356\n|gametype|singles\n|player|p1|p0x901f4c5|169|\n|player|p2|p0y901753f|169|\n|gen|9\n|tier|[Gen 9] Random Battle\n|rule|Species Clause: Limit one of each Pok\u00e9mon\n|rule|HP Percentage Mod: HP is shown in percentages\n|rule|Sleep Clause Mod: Limit one foe put to sleep\n|rule|Illusion Level Mod: Illusion disguises the Pok\u00e9mon's true level\n|\n|t:|1783550356\n|teamsize|p1|6\n|teamsize|p2|6\n|start\n|switch|p1a: Hawlucha|Hawlucha, L80, F|100/100\n|switch|p2a: Yanmega|Yanmega, L82, F|275/275\n|turn|1\n|inactive|Battle timer is ON: inactive players will automatically lose when time's up. (requested by p0y901753f)\n|inactive|p0x901f4c5 also wants the timer to be on.\n|\n|t:|1783550357\n|switch|p1a: Dewgong|Dewgong, L94, M|100/100\n|move|p2a: Yanmega|Air Slash|p1a: Dewgong\n|-damage|p1a: Dewgong|85/100\n|\n|-ability|p2a: Yanmega|Speed Boost|boost\n|-boost|p2a: Yanmega|spe|1\n|upkeep\n|turn|2\n|inactive|Time left: 300 sec this turn | 300 sec total\n|\n|t:|1783550359\n|move|p2a: Yanmega|Air Slash|p1a: Dewgong\n|-damage|p1a: Dewgong|70/100\n|move|p1a: Dewgong|Ice Beam|p2a: Yanmega\n|-supereffective|p2a: Yanmega\n|-damage|p2a: Yanmega|27/275\n|\n|-ability|p2a: Yanmega|Speed Boost|boost\n|-boost|p2a: Yanmega|spe|1\n|upkeep\n|turn|3\n|inactive|Time left: 300 sec this turn | 300 sec total\n|\n|t:|1783550361\n|move|p2a: Yanmega|Protect|p2a: Yanmega\n|-singleturn|p2a: Yanmega|Protect\n|move|p1a: Dewgong|Knock Off|p2a: Yanmega\n|-activate|p2a: Yanmega|move: Protect\n|\n|-ability|p2a: Yanmega|Speed Boost|boost\n|-boost|p2a: Yanmega|spe|1\n|upkeep\n|turn|4\n|inactive|Time left: 300 sec this turn | 300 sec total\n|\n|t:|1783550362\n|move|p2a: Yanmega|Air Slash|p1a: Dewgong\n|-damage|p1a: Dewgong|55/100\n|cant|p1a: Dewgong|flinch\n|\n|-ability|p2a: Yanmega|Speed Boost|boost\n|-boost|p2a: Yanmega|spe|1\n|upkeep\n|turn|5\n|inactive|Time left: 300 sec this turn | 300 sec total\n|\n|t:|1783550363\n|move|p2a: Yanmega|Air Slash|p1a: Dewgong|[miss]\n|-miss|p2a: Yanmega|p1a: Dewgong\n|move|p1a: Dewgong|Ice Beam|p2a: Yanmega\n|-supereffective|p2a: Yanmega\n|-damage|p2a: Yanmega|0 fnt\n|faint|p2a: Yanmega\n|\n|upkeep\n|inactive|Time left: 300 sec this turn | 300 sec total | 5 sec grace\n|\n|t:|1783550364\n|switch|p2a: Cinderace|Cinderace, L77, M|249/249\n|turn|6\n|inactive|Time left: 300 sec this turn | 300 sec total\n|\n|t:|1783550365\n|move|p2a: Cinderace|High Jump Kick|p1a: Dewgong|[miss]\n|-start|p2a: Cinderace|typechange|Fighting|[from] ability: Libero\n|-miss|p2a: Cinderace|p1a: Dewgong\n|-damage|p2a: Cinderace|125/249|[from] highjumpkick\n|move|p1a: Dewgong|Hydro Pump|p2a: Cinderace\n|-damage|p2a: Cinderace|0 fnt\n|faint|p2a: Cinderace\n|\n|upkeep\n|inactive|Time left: 300 sec this turn | 300 sec total | 5 sec grace\n|\n|t:|1783550366\n|switch|p2a: Miraidon|Miraidon, L65|238/238\n|-fieldstart|move: Electric Terrain|[from] ability: Hadron Engine|[of] p2a: Miraidon\n|turn|7\n|inactive|Time left: 300 sec this turn | 300 sec total\n|\n|t:|1783550367\n|-terastallize|p1a: Dewgong|Steel\n|move|p2a: Miraidon|Electro Drift|p1a: Dewgong\n|-damage|p1a: Dewgong|19/100\n|move|p1a: Dewgong|Ice Beam|p2a: Miraidon\n|-supereffective|p2a: Miraidon\n|-damage|p2a: Miraidon|58/238\n|-status|p2a: Miraidon|frz\n|\n|upkeep\n|turn|8\n|inactive|Time left: 300 sec this turn | 300 sec total\n|\n|t:|1783550369\n|cant|p2a: Miraidon|frz\n|move|p1a: Dewgong|Knock Off|p2a: Miraidon\n|-damage|p2a: Miraidon|0 fnt\n|-enditem|p2a: Miraidon|Choice Specs|[from] move: Knock Off|[of] p1a: Dewgong\n|faint|p2a: Miraidon\n|\n|upkeep\n|inactive|Time left: 300 sec this turn | 300 sec total | 5 sec grace\n|\n|t:|1783550370\n|switch|p2a: Eiscue|Eiscue, L88, M|274/274\n|turn|9\n|inactive|Time left: 300 sec this turn | 300 sec total\n|\n|t:|1783550371\n|move|p1a: Dewgong|Hydro Pump|p2a: Eiscue\n|-damage|p2a: Eiscue|174/274\n|move|p2a: Eiscue|Belly Drum|p2a: Eiscue\n|-damage|p2a: Eiscue|37/274\n|-setboost|p2a: Eiscue|atk|6|[from] move: Belly Drum\n|-enditem|p2a: Eiscue|Sitrus Berry|[eat]\n|-heal|p2a: Eiscue|105/274|[from] item: Sitrus Berry\n|\n|upkeep\n|turn|10\n|inactive|Time left: 300 sec this turn | 300 sec total\n|\n|t:|1783550372\n|move|p1a: Dewgong|Hydro Pump|p2a: Eiscue\n|-damage|p2a: Eiscue|8/274\n|move|p2a: Eiscue|Liquidation|p1a: Dewgong\n|-damage|p1a: Dewgong|0 fnt\n|faint|p1a: Dewgong\n|\n|upkeep\n|\n|t:|1783550373\n|switch|p1a: Revavroom|Revavroom, L79, M|100/100\n|turn|11\n|inactive|Time left: 300 sec this turn | 300 sec total\n|\n|t:|1783550374\n|move|p1a: Revavroom|Gunk Shot|p2a: Eiscue\n|-activate|p2a: Eiscue|ability: Ice Face\n|-damage|p2a: Eiscue|8/274\n|detailschange|p2a: Eiscue|Eiscue-Noice, L88, M\n|-damage|p1a: Revavroom|91/100|[from] item: Life Orb\n|move|p2a: Eiscue|Liquidation|p1a: Revavroom\n|-damage|p1a: Revavroom|4/100\n|\n|-fieldend|move: Electric Terrain\n|upkeep\n|turn|12\n|inactive|Time left: 300 sec this turn | 300 sec total\n|\n|t:|1783550375\n|move|p2a: Eiscue|Liquidation|p1a: Revavroom\n|-damage|p1a: Revavroom|0 fnt\n|faint|p1a: Revavroom\n|\n|upkeep\n|\n|t:|1783550376\n|switch|p1a: Gouging Fire|Gouging Fire, L74|100/100\n|turn|13\n|inactive|Time left: 300 sec this turn | 300 sec total\n|\n|t:|1783550377\n|-terastallize|p2a: Eiscue|Water\n|move|p2a: Eiscue|Liquidation|p1a: Gouging Fire\n|-damage|p1a: Gouging Fire|0 fnt\n|faint|p1a: Gouging Fire\n|-end|p1a: Gouging Fire|Protosynthesis|[silent]\n|\n|upkeep\n|\n|t:|1783550378\n|switch|p1a: Sunflora|Sunflora, F|100/100\n|turn|14\n|inactive|Time left: 300 sec this turn | 300 sec total\n|\n|t:|1783550379\n|move|p2a: Eiscue|Ice Spinner|p1a: Sunflora\n|-supereffective|p1a: Sunflora\n|-damage|p1a: Sunflora|0 fnt\n|faint|p1a: Sunflora\n|\n|upkeep\n|\n|t:|1783550380\n|switch|p1a: Hawlucha|Hawlucha, L80, F|100/100\n|turn|15\n|inactive|Time left: 300 sec this turn | 300 sec total\n|\n|t:|1783550381\n|move|p2a: Eiscue|Liquidation|p1a: Hawlucha\n|-damage|p1a: Hawlucha|0 fnt\n|faint|p1a: Hawlucha\n|\n|upkeep\n|\n|t:|1783550382\n|switch|p1a: Jumpluff|Jumpluff, L87, F|100/100\n|turn|16\n|inactive|Time left: 300 sec this turn | 300 sec total\n|\n|t:|1783550383\n|move|p2a: Eiscue|Ice Spinner|p1a: Jumpluff\n|-supereffective|p1a: Jumpluff\n|-damage|p1a: Jumpluff|0 fnt\n|faint|p1a: Jumpluff\n|\n|win|p0y901753f", "uploadtime": 1783550383, "views": 0, "rating": 0, "private": 0, "password": null, "_winner": "p0y901753f", "_our_name": "p0y901753f"}