{"id": "battle-gen9randombattle-2257", "formatid": "gen9randombattle", "format": "[Gen 9] Random Battle", "players": ["p0x22577fc2", "p0y2257d46c"], "log": "|init|battle\n|title|p0x22577fc2 vs. p0y2257d46c\n|j|\u2606p0x22577fc2\n|j|\u2606p0y2257d46c\n|t:|1783565233\n|gametype|singles\n|player|p1|p0x22577fc2|101|\n|player|p2|p0y2257d46c|102|\n|gen|9\n|tier|[Gen 9] Random Battle\n|rule|Species Clause: Limit one of each Pok\u00e9mon\n|rule|HP Percentage Mod: HP is shown in percentages\n|rule|Sleep Clause Mod: Limit one foe put to sleep\n|rule|Illusion Level Mod: Illusion disguises the Pok\u00e9mon's true level\n|\n|t:|1783565233\n|teamsize|p1|6\n|teamsize|p2|6\n|start\n|switch|p1a: Torkoal|Torkoal, L88, M|100/100\n|switch|p2a: Necrozma|Necrozma-Dawn-Wings, L76|272/272\n|-weather|SunnyDay|[from] ability: Drought|[of] p1a: Torkoal\n|turn|1\n|inactive|Battle timer is ON: inactive players will automatically lose when time's up. (requested by p0x22577fc2)\n|inactive|Time left: 300 sec this turn | 300 sec total | 60 sec grace\n|inactive|p0y2257d46c also wants the timer to be on.\n|\n|t:|1783565234\n|switch|p1a: Weavile|Weavile, L79, F|100/100\n|move|p2a: Necrozma|Photon Geyser|p1a: Weavile\n|-immune|p1a: Weavile\n|\n|-weather|SunnyDay|[upkeep]\n|upkeep\n|turn|2\n|inactive|Time left: 300 sec this turn | 300 sec total\n|\n|t:|1783565235\n|-terastallize|p2a: Necrozma|Fighting\n|move|p1a: Weavile|Knock Off|p2a: Necrozma\n|-resisted|p2a: Necrozma\n|-damage|p2a: Necrozma|195/272\n|-enditem|p2a: Necrozma|Life Orb|[from] move: Knock Off|[of] p1a: Weavile\n|move|p2a: Necrozma|Brick Break|p1a: Weavile\n|-supereffective|p1a: Weavile\n|-damage|p1a: Weavile|0 fnt\n|faint|p1a: Weavile\n|\n|-weather|SunnyDay|[upkeep]\n|upkeep\n|\n|t:|1783565236\n|switch|p1a: Pelipper|Pelipper, L86, F|100/100\n|-weather|RainDance|[from] ability: Drizzle|[of] p1a: Pelipper\n|turn|3\n|inactive|Time left: 300 sec this turn | 300 sec total\n|\n|t:|1783565237\n|move|p1a: Pelipper|Weather Ball|p2a: Necrozma\n|-damage|p2a: Necrozma|5/272\n|move|p2a: Necrozma|Moongeist Beam|p1a: Pelipper\n|-damage|p1a: Pelipper|34/100\n|\n|-weather|RainDance|[upkeep]\n|upkeep\n|turn|4\n|inactive|Time left: 300 sec this turn | 300 sec total\n|\n|t:|1783565238\n|move|p1a: Pelipper|Weather Ball|p2a: Necrozma\n|-damage|p2a: Necrozma|0 fnt\n|faint|p2a: Necrozma\n|\n|-weather|RainDance|[upkeep]\n|upkeep\n|inactive|Time left: 300 sec this turn | 300 sec total | 5 sec grace\n|\n|t:|1783565239\n|switch|p2a: Florges|Florges-White, L85, F|271/271\n|turn|5\n|inactive|Time left: 300 sec this turn | 300 sec total\n|\n|t:|1783565240\n|switch|p1a: Wigglytuff|Wigglytuff, L96, M|100/100\n|move|p2a: Florges|Moonblast|p1a: Wigglytuff\n|-damage|p1a: Wigglytuff|67/100\n|-unboost|p1a: Wigglytuff|spa|1\n|-ability|p1a: Wigglytuff|Competitive|boost\n|-boost|p1a: Wigglytuff|spa|2\n|\n|-weather|RainDance|[upkeep]\n|-heal|p1a: Wigglytuff|73/100|[from] item: Leftovers\n|upkeep\n|turn|6\n|inactive|Time left: 300 sec this turn | 300 sec total\n|\n|t:|1783565241\n|move|p2a: Florges|Calm Mind|p2a: Florges\n|-boost|p2a: Florges|spa|1\n|-boost|p2a: Florges|spd|1\n|move|p1a: Wigglytuff|Dazzling Gleam|p2a: Florges\n|-damage|p2a: Florges|213/271\n|\n|-weather|RainDance|[upkeep]\n|-heal|p2a: Florges|229/271|[from] item: Leftovers\n|-heal|p1a: Wigglytuff|80/100|[from] item: Leftovers\n|upkeep\n|turn|7\n|inactive|Time left: 300 sec this turn | 300 sec total\n|\n|t:|1783565242\n|move|p2a: Florges|Moonblast|p1a: Wigglytuff\n|-damage|p1a: Wigglytuff|23/100\n|move|p1a: Wigglytuff|Thunder Wave|p2a: Florges\n|-status|p2a: Florges|par\n|\n|-weather|none\n|-heal|p1a: Wigglytuff|29/100|[from] item: Leftovers\n|-heal|p2a: Florges|245/271 par|[from] item: Leftovers\n|upkeep\n|turn|8\n|inactive|Time left: 300 sec this turn | 300 sec total\n|\n|t:|1783565243\n|move|p1a: Wigglytuff|Dazzling Gleam|p2a: Florges\n|-damage|p2a: Florges|176/271 par\n|move|p2a: Florges|Moonblast|p1a: Wigglytuff\n|-damage|p1a: Wigglytuff|0 fnt\n|faint|p1a: Wigglytuff\n|\n|-heal|p2a: Florges|192/271 par|[from] item: Leftovers\n|upkeep\n|\n|t:|1783565244\n|switch|p1a: Pelipper|Pelipper, L86, F|34/100\n|-weather|RainDance|[from] ability: Drizzle|[of] p1a: Pelipper\n|turn|9\n|inactive|Time left: 300 sec this turn | 300 sec total\n|\n|t:|1783565245\n|move|p1a: Pelipper|Weather Ball|p2a: Florges\n|-damage|p2a: Florges|78/271 par\n|move|p2a: Florges|Moonblast|p1a: Pelipper\n|-damage|p1a: Pelipper|0 fnt\n|faint|p1a: Pelipper\n|\n|-weather|RainDance|[upkeep]\n|-heal|p2a: Florges|94/271 par|[from] item: Leftovers\n|upkeep\n|\n|t:|1783565246\n|switch|p1a: Snorlax|Snorlax, L82, F|100/100\n|turn|10\n|inactive|Time left: 300 sec this turn | 300 sec total\n|\n|t:|1783565247\n|switch|p2a: Chandelure|Chandelure, L83, M|235/235\n|move|p1a: Snorlax|Body Slam|p2a: Chandelure\n|-immune|p2a: Chandelure\n|\n|-weather|RainDance|[upkeep]\n|upkeep\n|turn|11\n|inactive|Time left: 300 sec this turn | 300 sec total\n|\n|t:|1783565248\n|move|p2a: Chandelure|Calm Mind|p2a: Chandelure\n|-boost|p2a: Chandelure|spa|1\n|-boost|p2a: Chandelure|spd|1\n|move|p1a: Snorlax|Body Slam|p2a: Chandelure\n|-immune|p2a: Chandelure\n|\n|-weather|RainDance|[upkeep]\n|upkeep\n|turn|12\n|inactive|Time left: 300 sec this turn | 300 sec total\n|\n|t:|1783565250\n|move|p2a: Chandelure|Flame Charge|p1a: Snorlax\n|-damage|p1a: Snorlax|98/100\n|-boost|p2a: Chandelure|spe|1\n|move|p1a: Snorlax|Curse|p1a: Snorlax\n|-unboost|p1a: Snorlax|spe|1\n|-boost|p1a: Snorlax|atk|1\n|-boost|p1a: Snorlax|def|1\n|\n|-weather|RainDance|[upkeep]\n|-heal|p1a: Snorlax|100/100|[from] item: Leftovers\n|upkeep\n|turn|13\n|inactive|Time left: 300 sec this turn | 300 sec total\n|\n|t:|1783565251\n|move|p2a: Chandelure|Calm Mind|p2a: Chandelure\n|-boost|p2a: Chandelure|spa|1\n|-boost|p2a: Chandelure|spd|1\n|move|p1a: Snorlax|Curse|p1a: Snorlax\n|-unboost|p1a: Snorlax|spe|1\n|-boost|p1a: Snorlax|atk|1\n|-boost|p1a: Snorlax|def|1\n|\n|-weather|none\n|upkeep\n|turn|14\n|inactive|Time left: 300 sec this turn | 300 sec total\n|\n|t:|1783565252\n|move|p2a: Chandelure|Shadow Ball|p1a: Snorlax\n|-immune|p1a: Snorlax\n|move|p1a: Snorlax|Curse|p1a: Snorlax\n|-unboost|p1a: Snorlax|spe|1\n|-boost|p1a: Snorlax|atk|1\n|-boost|p1a: Snorlax|def|1\n|\n|upkeep\n|turn|15\n|inactive|Time left: 300 sec this turn | 300 sec total\n|\n|t:|1783565253\n|move|p2a: Chandelure|Flame Charge|p1a: Snorlax\n|-crit|p1a: Snorlax\n|-damage|p1a: Snorlax|92/100\n|-boost|p2a: Chandelure|spe|1\n|move|p1a: Snorlax|Body Slam|p2a: Chandelure\n|-immune|p2a: Chandelure\n|\n|-heal|p1a: Snorlax|98/100|[from] item: Leftovers\n|upkeep\n|turn|16\n|inactive|Time left: 300 sec this turn | 300 sec total\n|\n|t:|1783565254\n|move|p2a: Chandelure|Calm Mind|p2a: Chandelure\n|-boost|p2a: Chandelure|spa|1\n|-boost|p2a: Chandelure|spd|1\n|move|p1a: Snorlax|Curse|p1a: Snorlax\n|-unboost|p1a: Snorlax|spe|1\n|-boost|p1a: Snorlax|atk|1\n|-boost|p1a: Snorlax|def|1\n|\n|-heal|p1a: Snorlax|100/100|[from] item: Leftovers\n|upkeep\n|turn|17\n|inactive|Time left: 300 sec this turn | 300 sec total\n|\n|t:|1783565255\n|move|p2a: Chandelure|Shadow Ball|p1a: Snorlax\n|-immune|p1a: Snorlax\n|move|p1a: Snorlax|Body Slam|p2a: Chandelure\n|-immune|p2a: Chandelure\n|\n|upkeep\n|turn|18\n|inactive|Time left: 300 sec this turn | 300 sec total\n|\n|t:|1783565256\n|move|p2a: Chandelure|Fire Blast|p1a: Snorlax|[miss]\n|-miss|p2a: Chandelure|p1a: Snorlax\n|move|p1a: Snorlax|Body Slam|p2a: Chandelure\n|-immune|p2a: Chandelure\n|\n|upkeep\n|turn|19\n|inactive|Time left: 300 sec this turn | 300 sec total\n|\n|t:|1783565257\n|move|p2a: Chandelure|Calm Mind|p2a: Chandelure\n|-boost|p2a: Chandelure|spa|1\n|-boost|p2a: Chandelure|spd|1\n|move|p1a: Snorlax|Curse|p1a: Snorlax\n|-unboost|p1a: Snorlax|spe|1\n|-boost|p1a: Snorlax|atk|1\n|-boost|p1a: Snorlax|def|1\n|\n|upkeep\n|turn|20\n|inactive|Time left: 300 sec this turn | 300 sec total\n|\n|t:|1783565258\n|move|p2a: Chandelure|Shadow Ball|p1a: Snorlax\n|-immune|p1a: Snorlax\n|move|p1a: Snorlax|Curse|p1a: Snorlax\n|-unboost|p1a: Snorlax|spe|1\n|-boost|p1a: Snorlax|atk|1\n|-boost|p1a: Snorlax|def|1\n|\n|upkeep\n|turn|21\n|inactive|Time left: 300 sec this turn | 300 sec total\n|\n|t:|1783565259\n|move|p2a: Chandelure|Fire Blast|p1a: Snorlax\n|-damage|p1a: Snorlax|48/100\n|move|p1a: Snorlax|Curse|p1a: Snorlax\n|\n|-heal|p1a: Snorlax|54/100|[from] item: Leftovers\n|upkeep\n|turn|22\n|inactive|Time left: 300 sec this turn | 300 sec total\n|\n|t:|1783565260\n|move|p2a: Chandelure|Fire Blast|p1a: Snorlax\n|-damage|p1a: Snorlax|6/100\n|move|p1a: Snorlax|Rest|p1a: Snorlax\n|-status|p1a: Snorlax|slp|[from] move: Rest\n|-heal|p1a: Snorlax|100/100 slp|[silent]\n|\n|upkeep\n|turn|23\n|inactive|Time left: 300 sec this turn | 300 sec total\n|\n|t:|1783565262\n|move|p2a: Chandelure|Fire Blast|p1a: Snorlax\n|-crit|p1a: Snorlax\n|-damage|p1a: Snorlax|23/100 slp\n|cant|p1a: Snorlax|slp\n|\n|-heal|p1a: Snorlax|29/100 slp|[from] item: Leftovers\n|upkeep\n|turn|24\n|inactive|Time left: 300 sec this turn | 300 sec total\n|\n|t:|1783565264\n|move|p2a: Chandelure|Fire Blast|p1a: Snorlax\n|-damage|p1a: Snorlax|0 fnt\n|faint|p1a: Snorlax\n|\n|upkeep\n|\n|t:|1783565265\n|switch|p1a: Alomomola|Alomomola, L87, F|100/100\n|turn|25\n|inactive|Time left: 300 sec this turn | 300 sec total\n|\n|t:|1783565266\n|-terastallize|p1a: Alomomola|Steel\n|move|p1a: Alomomola|Protect|p1a: Alomomola\n|-singleturn|p1a: Alomomola|Protect\n|move|p2a: Chandelure|Shadow Ball|p1a: Alomomola\n|-activate|p1a: Alomomola|move: Protect\n|\n|upkeep\n|turn|26\n|inactive|Time left: 300 sec this turn | 300 sec total\n|\n|t:|1783565267\n|move|p1a: Alomomola|Protect|p1a: Alomomola\n|-singleturn|p1a: Alomomola|Protect\n|move|p2a: Chandelure|Shadow Ball|p1a: Alomomola\n|-activate|p1a: Alomomola|move: Protect\n|\n|upkeep\n|turn|27\n|inactive|Time left: 300 sec this turn | 300 sec total\n|\n|t:|1783565267\n|move|p1a: Alomomola|Protect||[still]\n|-fail|p1a: Alomomola\n|move|p2a: Chandelure|Shadow Ball|p1a: Alomomola\n|-damage|p1a: Alomomola|0 fnt\n|faint|p1a: Alomomola\n|\n|upkeep\n|\n|t:|1783565268\n|switch|p1a: Torkoal|Torkoal, L88, M|100/100\n|-weather|SunnyDay|[from] ability: Drought|[of] p1a: Torkoal\n|turn|28\n|inactive|Time left: 300 sec this turn | 300 sec total\n|\n|t:|1783565269\n|move|p2a: Chandelure|Shadow Ball|p1a: Torkoal\n|-damage|p1a: Torkoal|0 fnt\n|faint|p1a: Torkoal\n|\n|win|p0y2257d46c", "uploadtime": 1783565269, "views": 0, "rating": 0, "private": 0, "password": null, "_winner": "p0y2257d46c", "_our_name": "p0y2257d46c"}