{"id": "battle-gen9randombattle-1750", "formatid": "gen9randombattle", "format": "[Gen 9] Random Battle", "players": ["p0x1750cab7", "p0y17508367"], "log": "|init|battle\n|title|p0x1750cab7 vs. p0y17508367\n|j|\u2606p0x1750cab7\n|j|\u2606p0y17508367\n|t:|1783560209\n|gametype|singles\n|player|p1|p0x1750cab7|266|\n|player|p2|p0y17508367|169|\n|gen|9\n|tier|[Gen 9] Random Battle\n|rule|Species Clause: Limit one of each Pok\u00e9mon\n|rule|HP Percentage Mod: HP is shown in percentages\n|rule|Sleep Clause Mod: Limit one foe put to sleep\n|rule|Illusion Level Mod: Illusion disguises the Pok\u00e9mon's true level\n|\n|t:|1783560209\n|teamsize|p1|6\n|teamsize|p2|6\n|start\n|switch|p1a: Rhyperior|Rhyperior, L82, M|323/323\n|switch|p2a: Bellossom|Bellossom, L84, M|100/100\n|turn|1\n|inactive|Battle timer is ON: inactive players will automatically lose when time's up. (requested by p0y17508367)\n|inactive|Time left: 300 sec this turn | 300 sec total | 60 sec grace\n|inactive|p0x1750cab7 also wants the timer to be on.\n|\n|t:|1783560211\n|-terastallize|p1a: Rhyperior|Rock\n|move|p2a: Bellossom|Quiver Dance|p2a: Bellossom\n|-boost|p2a: Bellossom|spa|1\n|-boost|p2a: Bellossom|spd|1\n|-boost|p2a: Bellossom|spe|1\n|move|p1a: Rhyperior|Stone Edge|p2a: Bellossom\n|-damage|p2a: Bellossom|31/100\n|\n|-heal|p2a: Bellossom|37/100|[from] item: Leftovers\n|upkeep\n|turn|2\n|inactive|Time left: 300 sec this turn | 300 sec total\n|\n|t:|1783560211\n|move|p2a: Bellossom|Strength Sap|p1a: Rhyperior\n|-unboost|p1a: Rhyperior|atk|1\n|-heal|p2a: Bellossom|100/100\n|move|p1a: Rhyperior|Stone Edge|p2a: Bellossom\n|-damage|p2a: Bellossom|55/100\n|\n|-heal|p2a: Bellossom|61/100|[from] item: Leftovers\n|upkeep\n|turn|3\n|inactive|Time left: 300 sec this turn | 300 sec total\n|\n|t:|1783560212\n|move|p2a: Bellossom|Quiver Dance|p2a: Bellossom\n|-boost|p2a: Bellossom|spa|1\n|-boost|p2a: Bellossom|spd|1\n|-boost|p2a: Bellossom|spe|1\n|move|p1a: Rhyperior|Stone Edge|p2a: Bellossom|[miss]\n|-miss|p1a: Rhyperior|p2a: Bellossom\n|\n|-heal|p2a: Bellossom|67/100|[from] item: Leftovers\n|upkeep\n|turn|4\n|inactive|Time left: 300 sec this turn | 300 sec total\n|\n|t:|1783560213\n|switch|p1a: Mandibuzz|Mandibuzz, L85, F|326/326\n|move|p2a: Bellossom|Giga Drain|p1a: Mandibuzz\n|-resisted|p1a: Mandibuzz\n|-damage|p1a: Mandibuzz|253/326\n|-heal|p2a: Bellossom|81/100|[from] drain|[of] p1a: Mandibuzz\n|\n|-heal|p2a: Bellossom|87/100|[from] item: Leftovers\n|upkeep\n|turn|5\n|inactive|Time left: 300 sec this turn | 300 sec total\n|\n|t:|1783560214\n|move|p2a: Bellossom|Quiver Dance|p2a: Bellossom\n|-boost|p2a: Bellossom|spa|1\n|-boost|p2a: Bellossom|spd|1\n|-boost|p2a: Bellossom|spe|1\n|move|p1a: Mandibuzz|Toxic|p2a: Bellossom\n|-status|p2a: Bellossom|tox\n|\n|-heal|p2a: Bellossom|93/100 tox|[from] item: Leftovers\n|-damage|p2a: Bellossom|87/100 tox|[from] psn\n|upkeep\n|turn|6\n|inactive|Time left: 300 sec this turn | 300 sec total\n|\n|t:|1783560216\n|move|p2a: Bellossom|Giga Drain|p1a: Mandibuzz\n|-resisted|p1a: Mandibuzz\n|-damage|p1a: Mandibuzz|172/326\n|-heal|p2a: Bellossom|100/100 tox|[from] drain|[of] p1a: Mandibuzz\n|move|p1a: Mandibuzz|Brave Bird|p2a: Bellossom\n|-supereffective|p2a: Bellossom\n|-damage|p2a: Bellossom|31/100 tox\n|-damage|p1a: Mandibuzz|112/326|[from] Recoil\n|\n|-heal|p2a: Bellossom|37/100 tox|[from] item: Leftovers\n|-damage|p2a: Bellossom|25/100 tox|[from] psn\n|upkeep\n|turn|7\n|inactive|Time left: 300 sec this turn | 300 sec total\n|\n|t:|1783560217\n|move|p2a: Bellossom|Strength Sap|p1a: Mandibuzz\n|-unboost|p1a: Mandibuzz|atk|1\n|-heal|p2a: Bellossom|86/100 tox\n|move|p1a: Mandibuzz|Knock Off|p2a: Bellossom\n|-damage|p2a: Bellossom|66/100 tox\n|-enditem|p2a: Bellossom|Leftovers|[from] move: Knock Off|[of] p1a: Mandibuzz\n|\n|-damage|p2a: Bellossom|48/100 tox|[from] psn\n|upkeep\n|turn|8\n|inactive|Time left: 300 sec this turn | 300 sec total\n|\n|t:|1783560218\n|move|p2a: Bellossom|Strength Sap|p1a: Mandibuzz\n|-unboost|p1a: Mandibuzz|atk|1\n|-heal|p2a: Bellossom|88/100 tox\n|move|p1a: Mandibuzz|Brave Bird|p2a: Bellossom\n|-supereffective|p2a: Bellossom\n|-damage|p2a: Bellossom|50/100 tox\n|-damage|p1a: Mandibuzz|78/326|[from] Recoil\n|\n|-damage|p2a: Bellossom|25/100 tox|[from] psn\n|upkeep\n|turn|9\n|inactive|Time left: 300 sec this turn | 300 sec total\n|\n|t:|1783560219\n|move|p2a: Bellossom|Giga Drain|p1a: Mandibuzz\n|-resisted|p1a: Mandibuzz\n|-damage|p1a: Mandibuzz|0 fnt\n|-heal|p2a: Bellossom|40/100 tox|[from] drain|[of] p1a: Mandibuzz\n|faint|p1a: Mandibuzz\n|\n|-damage|p2a: Bellossom|10/100 tox|[from] psn\n|upkeep\n|inactive|Time left: 300 sec this turn | 300 sec total | 5 sec grace\n|\n|t:|1783560219\n|switch|p1a: Mamoswine|Mamoswine, L81, M|311/311\n|turn|10\n|inactive|Time left: 300 sec this turn | 300 sec total\n|\n|t:|1783560220\n|move|p1a: Mamoswine|Ice Shard|p2a: Bellossom\n|-supereffective|p2a: Bellossom\n|-damage|p2a: Bellossom|0 fnt\n|faint|p2a: Bellossom\n|\n|upkeep\n|\n|t:|1783560221\n|switch|p2a: Blastoise|Blastoise, L80, F|100/100\n|turn|11\n|inactive|Time left: 300 sec this turn | 300 sec total\n|\n|t:|1783560222\n|switch|p1a: Kingdra|Kingdra, L84, F|263/263\n|move|p2a: Blastoise|Shell Smash|p2a: Blastoise\n|-unboost|p2a: Blastoise|def|1\n|-unboost|p2a: Blastoise|spd|1\n|-boost|p2a: Blastoise|atk|2\n|-boost|p2a: Blastoise|spa|2\n|-boost|p2a: Blastoise|spe|2\n|-enditem|p2a: Blastoise|White Herb\n|-clearnegativeboost|p2a: Blastoise|[silent]\n|\n|upkeep\n|turn|12\n|inactive|Time left: 300 sec this turn | 300 sec total\n|\n|t:|1783560223\n|move|p2a: Blastoise|Earthquake|p1a: Kingdra\n|-damage|p1a: Kingdra|159/263\n|move|p1a: Kingdra|Outrage|p2a: Blastoise\n|-damage|p2a: Blastoise|54/100\n|\n|upkeep\n|turn|13\n|inactive|Time left: 300 sec this turn | 300 sec total\n|\n|t:|1783560224\n|move|p2a: Blastoise|Earthquake|p1a: Kingdra\n|-damage|p1a: Kingdra|58/263\n|move|p1a: Kingdra|Outrage|p2a: Blastoise|[from] lockedmove\n|-crit|p2a: Blastoise\n|-damage|p2a: Blastoise|0 fnt\n|faint|p2a: Blastoise\n|\n|upkeep\n|\n|t:|1783560225\n|switch|p2a: Azumarill|Azumarill, L82, F|100/100\n|turn|14\n|inactive|Time left: 300 sec this turn | 300 sec total\n|\n|t:|1783560226\n|move|p1a: Kingdra|Outrage|p2a: Azumarill|[from] lockedmove\n|-immune|p2a: Azumarill\n|-start|p1a: Kingdra|confusion|[fatigue]\n|-enditem|p1a: Kingdra|Lum Berry|[eat]\n|-end|p1a: Kingdra|confusion\n|move|p2a: Azumarill|Belly Drum|p2a: Azumarill\n|-damage|p2a: Azumarill|50/100\n|-setboost|p2a: Azumarill|atk|6|[from] move: Belly Drum\n|-enditem|p2a: Azumarill|Sitrus Berry|[eat]\n|-heal|p2a: Azumarill|75/100|[from] item: Sitrus Berry\n|\n|upkeep\n|turn|15\n|inactive|Time left: 300 sec this turn | 300 sec total\n|\n|t:|1783560227\n|move|p1a: Kingdra|Wave Crash|p2a: Azumarill\n|-resisted|p2a: Azumarill\n|-damage|p2a: Azumarill|53/100\n|-damage|p1a: Kingdra|36/263|[from] Recoil\n|move|p2a: Azumarill|Liquidation|p1a: Kingdra\n|-resisted|p1a: Kingdra\n|-damage|p1a: Kingdra|0 fnt\n|faint|p1a: Kingdra\n|\n|upkeep\n|inactive|Time left: 300 sec this turn | 300 sec total | 5 sec grace\n|\n|t:|1783560228\n|switch|p1a: Lanturn|Lanturn, L89, F|367/367\n|turn|16\n|inactive|Time left: 300 sec this turn | 300 sec total\n|\n|t:|1783560229\n|switch|p2a: Dunsparce|Dunsparce, L86, M|100/100\n|move|p1a: Lanturn|Thunderbolt|p2a: Dunsparce\n|-damage|p2a: Dunsparce|76/100\n|\n|upkeep\n|turn|17\n|inactive|Time left: 300 sec this turn | 300 sec total\n|\n|t:|1783560229\n|move|p1a: Lanturn|Scald|p2a: Dunsparce\n|-damage|p2a: Dunsparce|55/100\n|-status|p2a: Dunsparce|brn\n|move|p2a: Dunsparce|Coil|p2a: Dunsparce\n|-boost|p2a: Dunsparce|atk|1\n|-boost|p2a: Dunsparce|def|1\n|-boost|p2a: Dunsparce|accuracy|1\n|\n|-damage|p2a: Dunsparce|49/100 brn|[from] brn\n|upkeep\n|turn|18\n|inactive|Time left: 300 sec this turn | 300 sec total\n|\n|t:|1783560230\n|move|p1a: Lanturn|Thunderbolt|p2a: Dunsparce\n|-crit|p2a: Dunsparce\n|-damage|p2a: Dunsparce|14/100 brn\n|move|p2a: Dunsparce|Roost|p2a: Dunsparce\n|-heal|p2a: Dunsparce|64/100 brn\n|-singleturn|p2a: Dunsparce|move: Roost\n|\n|-damage|p2a: Dunsparce|58/100 brn|[from] brn\n|upkeep\n|turn|19\n|inactive|Time left: 300 sec this turn | 300 sec total\n|\n|t:|1783560232\n|switch|p1a: Rhyperior|Rhyperior, L82, M, tera:Rock|323/323\n|move|p2a: Dunsparce|Roost|p2a: Dunsparce\n|-heal|p2a: Dunsparce|100/100 brn\n|-singleturn|p2a: Dunsparce|move: Roost\n|\n|-damage|p2a: Dunsparce|94/100 brn|[from] brn\n|upkeep\n|turn|20\n|inactive|Time left: 300 sec this turn | 300 sec total\n|\n|t:|1783560233\n|move|p2a: Dunsparce|Coil|p2a: Dunsparce\n|-boost|p2a: Dunsparce|atk|1\n|-boost|p2a: Dunsparce|def|1\n|-boost|p2a: Dunsparce|accuracy|1\n|move|p1a: Rhyperior|Rock Polish|p1a: Rhyperior\n|-boost|p1a: Rhyperior|spe|2\n|\n|-damage|p2a: Dunsparce|88/100 brn|[from] brn\n|upkeep\n|turn|21\n|inactive|Time left: 300 sec this turn | 300 sec total\n|\n|t:|1783560234\n|move|p1a: Rhyperior|Rock Polish|p1a: Rhyperior\n|-boost|p1a: Rhyperior|spe|2\n|move|p2a: Dunsparce|Coil|p2a: Dunsparce\n|-boost|p2a: Dunsparce|atk|1\n|-boost|p2a: Dunsparce|def|1\n|-boost|p2a: Dunsparce|accuracy|1\n|\n|-damage|p2a: Dunsparce|82/100 brn|[from] brn\n|upkeep\n|turn|22\n|inactive|Time left: 300 sec this turn | 300 sec total\n|\n|t:|1783560235\n|move|p1a: Rhyperior|Earthquake|p2a: Dunsparce\n|-damage|p2a: Dunsparce|69/100 brn\n|move|p2a: Dunsparce|Coil|p2a: Dunsparce\n|-boost|p2a: Dunsparce|atk|1\n|-boost|p2a: Dunsparce|def|1\n|-boost|p2a: Dunsparce|accuracy|1\n|\n|-damage|p2a: Dunsparce|63/100 brn|[from] brn\n|upkeep\n|turn|23\n|inactive|Time left: 300 sec this turn | 300 sec total\n|\n|t:|1783560236\n|move|p1a: Rhyperior|Stone Edge|p2a: Dunsparce\n|-damage|p2a: Dunsparce|47/100 brn\n|move|p2a: Dunsparce|Roost|p2a: Dunsparce\n|-heal|p2a: Dunsparce|97/100 brn\n|-singleturn|p2a: Dunsparce|move: Roost\n|\n|-damage|p2a: Dunsparce|91/100 brn|[from] brn\n|upkeep\n|turn|24\n|inactive|Time left: 300 sec this turn | 300 sec total\n|\n|t:|1783560237\n|move|p1a: Rhyperior|Earthquake|p2a: Dunsparce\n|-damage|p2a: Dunsparce|79/100 brn\n|move|p2a: Dunsparce|Body Slam|p1a: Rhyperior\n|-resisted|p1a: Rhyperior\n|-damage|p1a: Rhyperior|280/323\n|\n|-damage|p2a: Dunsparce|73/100 brn|[from] brn\n|upkeep\n|turn|25\n|inactive|Time left: 300 sec this turn | 300 sec total\n|\n|t:|1783560238\n|-terastallize|p2a: Dunsparce|Ground\n|move|p1a: Rhyperior|Earthquake|p2a: Dunsparce\n|-damage|p2a: Dunsparce|62/100 brn\n|move|p2a: Dunsparce|Earthquake|p1a: Rhyperior\n|-supereffective|p1a: Rhyperior\n|-damage|p1a: Rhyperior|132/323\n|-enditem|p1a: Rhyperior|Weakness Policy\n|-boost|p1a: Rhyperior|atk|2|[from] item: Weakness Policy\n|-boost|p1a: Rhyperior|spa|2|[from] item: Weakness Policy\n|\n|-damage|p2a: Dunsparce|56/100 brn|[from] brn\n|upkeep\n|turn|26\n|inactive|Time left: 300 sec this turn | 300 sec total\n|\n|t:|1783560239\n|move|p1a: Rhyperior|Earthquake|p2a: Dunsparce\n|-damage|p2a: Dunsparce|32/100 brn\n|move|p2a: Dunsparce|Earthquake|p1a: Rhyperior\n|-supereffective|p1a: Rhyperior\n|-damage|p1a: Rhyperior|0 fnt\n|faint|p1a: Rhyperior\n|\n|-damage|p2a: Dunsparce|25/100 brn|[from] brn\n|upkeep\n|inactive|Time left: 300 sec this turn | 300 sec total | 5 sec grace\n|\n|t:|1783560240\n|switch|p1a: Hoopa|Hoopa, L85|275/275\n|turn|27\n|inactive|Time left: 300 sec this turn | 300 sec total\n|\n|t:|1783560241\n|move|p1a: Hoopa|Shadow Ball|p2a: Dunsparce\n|-damage|p2a: Dunsparce|0 fnt\n|faint|p2a: Dunsparce\n|\n|upkeep\n|\n|t:|1783560242\n|switch|p2a: Dodrio|Dodrio, L85, M|100/100\n|turn|28\n|inactive|Time left: 300 sec this turn | 300 sec total\n|\n|t:|1783560243\n|switch|p1a: Lanturn|Lanturn, L89, F|367/367\n|move|p2a: Dodrio|Double-Edge|p1a: Lanturn\n|-damage|p1a: Lanturn|88/367\n|-damage|p2a: Dodrio|62/100|[from] Recoil\n|\n|-heal|p1a: Lanturn|110/367|[from] item: Leftovers\n|upkeep\n|turn|29\n|inactive|Time left: 300 sec this turn | 300 sec total\n|\n|t:|1783560243\n|switch|p1a: Hoopa|Hoopa, L85|275/275\n|move|p2a: Dodrio|Double-Edge|p1a: Hoopa\n|-immune|p1a: Hoopa\n|\n|upkeep\n|turn|30\n|inactive|Time left: 300 sec this turn | 300 sec total\n|\n|t:|1783560244\n|switch|p2a: Electrode|Electrode, L92|100/100\n|move|p1a: Hoopa|Psychic|p2a: Electrode\n|-crit|p2a: Electrode\n|-damage|p2a: Electrode|19/100\n|\n|upkeep\n|turn|31\n|inactive|Time left: 300 sec this turn | 300 sec total\n|\n|t:|1783560245\n|switch|p1a: Lanturn|Lanturn, L89, F|110/367\n|move|p2a: Electrode|Foul Play|p1a: Lanturn\n|-damage|p1a: Lanturn|61/367\n|\n|-heal|p1a: Lanturn|83/367|[from] item: Leftovers\n|upkeep\n|turn|32\n|inactive|Time left: 300 sec this turn | 300 sec total\n|\n|t:|1783560246\n|move|p2a: Electrode|Foul Play|p1a: Lanturn\n|-damage|p1a: Lanturn|37/367\n|move|p1a: Lanturn|Thunderbolt|p2a: Electrode\n|-resisted|p2a: Electrode\n|-damage|p2a: Electrode|4/100\n|\n|-heal|p1a: Lanturn|59/367|[from] item: Leftovers\n|upkeep\n|turn|33\n|inactive|Time left: 300 sec this turn | 300 sec total\n|\n|t:|1783560247\n|move|p2a: Electrode|Foul Play|p1a: Lanturn\n|-damage|p1a: Lanturn|10/367\n|move|p1a: Lanturn|Ice Beam|p2a: Electrode\n|-damage|p2a: Electrode|0 fnt\n|faint|p2a: Electrode\n|\n|-heal|p1a: Lanturn|32/367|[from] item: Leftovers\n|upkeep\n|\n|t:|1783560248\n|switch|p2a: Dodrio|Dodrio, L85, M|62/100\n|turn|34\n|inactive|Time left: 300 sec this turn | 300 sec total\n|\n|t:|1783560249\n|switch|p2a: Azumarill|Azumarill, L82, F|53/100\n|move|p1a: Lanturn|Thunderbolt|p2a: Azumarill\n|-supereffective|p2a: Azumarill\n|-damage|p2a: Azumarill|0 fnt\n|faint|p2a: Azumarill\n|\n|-heal|p1a: Lanturn|54/367|[from] item: Leftovers\n|upkeep\n|\n|t:|1783560249\n|switch|p2a: Dodrio|Dodrio, L85, M|62/100\n|turn|35\n|inactive|Time left: 300 sec this turn | 300 sec total\n|\n|t:|1783560250\n|move|p2a: Dodrio|Knock Off|p1a: Lanturn\n|-damage|p1a: Lanturn|0 fnt\n|-enditem|p1a: Lanturn|Leftovers|[from] move: Knock Off|[of] p2a: Dodrio\n|faint|p1a: Lanturn\n|\n|upkeep\n|inactive|Time left: 300 sec this turn | 300 sec total | 5 sec grace\n|\n|t:|1783560251\n|switch|p1a: Hoopa|Hoopa, L85|275/275\n|turn|36\n|inactive|Time left: 300 sec this turn | 300 sec total\n|\n|t:|1783560252\n|move|p1a: Hoopa|Psychic|p2a: Dodrio\n|-damage|p2a: Dodrio|0 fnt\n|faint|p2a: Dodrio\n|\n|win|p0x1750cab7", "uploadtime": 1783560252, "views": 0, "rating": 0, "private": 0, "password": null, "_winner": "p0x1750cab7", "_our_name": "p0x1750cab7"}