{"id": "battle-gen9randombattle-147", "formatid": "gen9randombattle", "format": "[Gen 9] Random Battle", "players": ["p0x1473567", "p0y147e505"], "log": "|init|battle\n|title|p0x1473567 vs. p0y147e505\n|j|\u2606p0x1473567\n|j|\u2606p0y147e505\n|t:|1783534960\n|gametype|singles\n|player|p1|p0x1473567|102|\n|player|p2|p0y147e505|170|\n|gen|9\n|tier|[Gen 9] Random Battle\n|rule|Species Clause: Limit one of each Pok\u00e9mon\n|rule|HP Percentage Mod: HP is shown in percentages\n|rule|Sleep Clause Mod: Limit one foe put to sleep\n|rule|Illusion Level Mod: Illusion disguises the Pok\u00e9mon's true level\n|\n|t:|1783534960\n|teamsize|p1|6\n|teamsize|p2|6\n|start\n|switch|p1a: Conkeldurr|Conkeldurr, L80, F|100/100\n|switch|p2a: Cramorant|Cramorant, L86, M|261/261\n|turn|1\n|inactive|Battle timer is ON: inactive players will automatically lose when time's up. (requested by p0x1473567)\n|inactive|Time left: 300 sec this turn | 300 sec total | 60 sec grace\n|inactive|p0y147e505 also wants the timer to be on.\n|\n|t:|1783534961\n|move|p2a: Cramorant|Surf|p1a: Conkeldurr\n|-formechange|p2a: Cramorant|Cramorant-Gulping|\n|-damage|p1a: Conkeldurr|63/100\n|move|p1a: Conkeldurr|Knock Off|p2a: Cramorant\n|-damage|p2a: Cramorant|136/261\n|-damage|p1a: Conkeldurr|38/100|[from] ability: Gulp Missile|[of] p2a: Cramorant\n|-unboost|p1a: Conkeldurr|def|1\n|-formechange|p2a: Cramorant|Cramorant|\n|-enditem|p2a: Cramorant|Heavy-Duty Boots|[from] move: Knock Off|[of] p1a: Conkeldurr\n|\n|-status|p1a: Conkeldurr|brn|[from] item: Flame Orb\n|upkeep\n|turn|2\n|inactive|Time left: 300 sec this turn | 300 sec total\n|\n|t:|1783534962\n|switch|p1a: Lunala|Lunala, L70|100/100\n|move|p2a: Cramorant|Surf|p1a: Lunala\n|-formechange|p2a: Cramorant|Cramorant-Gulping|\n|-damage|p1a: Lunala|85/100\n|\n|-heal|p1a: Lunala|91/100|[from] item: Leftovers\n|upkeep\n|turn|3\n|inactive|Time left: 300 sec this turn | 300 sec total\n|\n|t:|1783534963\n|move|p2a: Cramorant|Roost|p2a: Cramorant\n|-heal|p2a: Cramorant|261/261\n|-singleturn|p2a: Cramorant|move: Roost\n|move|p1a: Lunala|Calm Mind|p1a: Lunala\n|-boost|p1a: Lunala|spa|1\n|-boost|p1a: Lunala|spd|1\n|\n|-heal|p1a: Lunala|97/100|[from] item: Leftovers\n|upkeep\n|turn|4\n|inactive|Time left: 300 sec this turn | 300 sec total\n|\n|t:|1783534964\n|move|p2a: Cramorant|Brave Bird|p1a: Lunala\n|-damage|p1a: Lunala|52/100\n|-damage|p2a: Cramorant|215/261|[from] Recoil\n|move|p1a: Lunala|Calm Mind|p1a: Lunala\n|-boost|p1a: Lunala|spa|1\n|-boost|p1a: Lunala|spd|1\n|\n|-heal|p1a: Lunala|58/100|[from] item: Leftovers\n|upkeep\n|turn|5\n|inactive|Time left: 300 sec this turn | 300 sec total\n|\n|t:|1783534965\n|move|p2a: Cramorant|Brave Bird|p1a: Lunala\n|-damage|p1a: Lunala|11/100\n|-damage|p2a: Cramorant|166/261|[from] Recoil\n|move|p1a: Lunala|Moonlight|p1a: Lunala\n|-heal|p1a: Lunala|61/100\n|\n|-heal|p1a: Lunala|67/100|[from] item: Leftovers\n|upkeep\n|turn|6\n|inactive|Time left: 300 sec this turn | 300 sec total\n|\n|t:|1783534966\n|move|p2a: Cramorant|Brave Bird|p1a: Lunala\n|-damage|p1a: Lunala|19/100\n|-damage|p2a: Cramorant|117/261|[from] Recoil\n|move|p1a: Lunala|Moonlight|p1a: Lunala\n|-heal|p1a: Lunala|69/100\n|\n|-heal|p1a: Lunala|75/100|[from] item: Leftovers\n|upkeep\n|turn|7\n|inactive|Time left: 300 sec this turn | 300 sec total\n|\n|t:|1783534968\n|move|p2a: Cramorant|Roost|p2a: Cramorant\n|-heal|p2a: Cramorant|248/261\n|-singleturn|p2a: Cramorant|move: Roost\n|move|p1a: Lunala|Moonlight|p1a: Lunala\n|-heal|p1a: Lunala|100/100\n|\n|upkeep\n|turn|8\n|inactive|Time left: 300 sec this turn | 300 sec total\n|\n|t:|1783534969\n|move|p2a: Cramorant|Brave Bird|p1a: Lunala\n|-damage|p1a: Lunala|79/100\n|-damage|p2a: Cramorant|227/261|[from] Recoil\n|move|p1a: Lunala|Moongeist Beam|p2a: Cramorant\n|-damage|p2a: Cramorant|44/261\n|-damage|p1a: Lunala|54/100|[from] ability: Gulp Missile|[of] p2a: Cramorant\n|-unboost|p1a: Lunala|def|1\n|-formechange|p2a: Cramorant|Cramorant|\n|\n|-heal|p1a: Lunala|61/100|[from] item: Leftovers\n|upkeep\n|turn|9\n|inactive|Time left: 300 sec this turn | 300 sec total\n|\n|t:|1783534970\n|move|p2a: Cramorant|Brave Bird|p1a: Lunala\n|-damage|p1a: Lunala|0 fnt\n|faint|p1a: Lunala\n|-damage|p2a: Cramorant|0 fnt|[from] Recoil\n|faint|p2a: Cramorant\n|\n|upkeep\n|inactive|Time left: 300 sec this turn | 300 sec total | 5 sec grace\n|\n|t:|1783534971\n|switch|p2a: Meowstic|Meowstic, L89, M|277/277\n|switch|p1a: Appletun|Appletun, L92, M|100/100\n|turn|10\n|inactive|Time left: 300 sec this turn | 300 sec total\n|\n|t:|1783534972\n|move|p2a: Meowstic|Light Screen|p2a: Meowstic\n|-sidestart|p2: p0y147e505|move: Light Screen\n|move|p1a: Appletun|Apple Acid|p2a: Meowstic\n|-damage|p2a: Meowstic|228/277\n|-unboost|p2a: Meowstic|spd|1\n|\n|upkeep\n|turn|11\n|inactive|Time left: 300 sec this turn | 300 sec total\n|\n|t:|1783534973\n|move|p2a: Meowstic|Reflect|p2a: Meowstic\n|-sidestart|p2: p0y147e505|Reflect\n|move|p1a: Appletun|Apple Acid|p2a: Meowstic\n|-damage|p2a: Meowstic|155/277\n|-unboost|p2a: Meowstic|spd|1\n|\n|upkeep\n|turn|12\n|inactive|Time left: 300 sec this turn | 300 sec total\n|\n|t:|1783534974\n|switch|p2a: Darkrai|Darkrai, L77|234/234\n|move|p1a: Appletun|Leech Seed|p2a: Darkrai\n|-start|p2a: Darkrai|move: Leech Seed\n|\n|-damage|p2a: Darkrai|205/234|[from] Leech Seed|[of] p1a: Appletun\n|upkeep\n|turn|13\n|inactive|Time left: 300 sec this turn | 300 sec total\n|\n|t:|1783534976\n|move|p2a: Darkrai|Nasty Plot|p2a: Darkrai\n|-boost|p2a: Darkrai|spa|2\n|move|p1a: Appletun|Apple Acid|p2a: Darkrai\n|-damage|p2a: Darkrai|154/234\n|-unboost|p2a: Darkrai|spd|1\n|\n|-heal|p2a: Darkrai|168/234|[from] item: Leftovers\n|-damage|p2a: Darkrai|139/234|[from] Leech Seed|[of] p1a: Appletun\n|upkeep\n|turn|14\n|inactive|Time left: 300 sec this turn | 300 sec total\n|\n|t:|1783534977\n|switch|p1a: Swalot|Swalot, L90, F|100/100\n|move|p2a: Darkrai|Dark Pulse|p1a: Swalot\n|-damage|p1a: Swalot|42/100\n|\n|-heal|p2a: Darkrai|153/234|[from] item: Leftovers\n|-heal|p1a: Swalot|48/100|[from] item: Leftovers\n|-damage|p2a: Darkrai|124/234|[from] Leech Seed|[of] p1a: Swalot\n|-heal|p1a: Swalot|57/100|[silent]\n|upkeep\n|turn|15\n|inactive|Time left: 300 sec this turn | 300 sec total\n|\n|t:|1783534978\n|move|p1a: Swalot|Protect|p1a: Swalot\n|-singleturn|p1a: Swalot|Protect\n|move|p2a: Darkrai|Dark Pulse|p1a: Swalot\n|-activate|p1a: Swalot|move: Protect\n|\n|-heal|p2a: Darkrai|138/234|[from] item: Leftovers\n|-heal|p1a: Swalot|63/100|[from] item: Leftovers\n|-damage|p2a: Darkrai|109/234|[from] Leech Seed|[of] p1a: Swalot\n|-heal|p1a: Swalot|72/100|[silent]\n|upkeep\n|turn|16\n|inactive|Time left: 300 sec this turn | 300 sec total\n|\n|t:|1783534979\n|move|p2a: Darkrai|Dark Pulse|p1a: Swalot\n|-damage|p1a: Swalot|16/100\n|move|p1a: Swalot|Toxic|p2a: Darkrai\n|-status|p2a: Darkrai|tox\n|\n|-heal|p2a: Darkrai|123/234 tox|[from] item: Leftovers\n|-heal|p1a: Swalot|23/100|[from] item: Leftovers\n|-damage|p2a: Darkrai|94/234 tox|[from] Leech Seed|[of] p1a: Swalot\n|-heal|p1a: Swalot|31/100|[silent]\n|-damage|p2a: Darkrai|80/234 tox|[from] psn\n|upkeep\n|turn|17\n|inactive|Time left: 300 sec this turn | 300 sec total\n|\n|t:|1783534980\n|move|p1a: Swalot|Protect|p1a: Swalot\n|-singleturn|p1a: Swalot|Protect\n|move|p2a: Darkrai|Dark Pulse|p1a: Swalot\n|-activate|p1a: Swalot|move: Protect\n|\n|-heal|p2a: Darkrai|94/234 tox|[from] item: Leftovers\n|-heal|p1a: Swalot|38/100|[from] item: Leftovers\n|-damage|p2a: Darkrai|65/234 tox|[from] Leech Seed|[of] p1a: Swalot\n|-heal|p1a: Swalot|47/100|[silent]\n|-damage|p2a: Darkrai|37/234 tox|[from] psn\n|-sideend|p2: p0y147e505|move: Light Screen\n|upkeep\n|turn|18\n|inactive|Time left: 300 sec this turn | 300 sec total\n|\n|t:|1783534981\n|switch|p1a: Appletun|Appletun, L92, M|100/100\n|move|p2a: Darkrai|Dark Pulse|p1a: Appletun\n|-damage|p1a: Appletun|51/100\n|\n|-heal|p2a: Darkrai|51/234 tox|[from] item: Leftovers\n|-heal|p1a: Appletun|57/100|[from] item: Leftovers\n|-damage|p2a: Darkrai|22/234 tox|[from] Leech Seed|[of] p1a: Appletun\n|-heal|p1a: Appletun|65/100|[silent]\n|-damage|p2a: Darkrai|0 fnt|[from] psn\n|faint|p2a: Darkrai\n|-sideend|p2: p0y147e505|Reflect\n|upkeep\n|inactive|Time left: 300 sec this turn | 300 sec total | 5 sec grace\n|\n|t:|1783534982\n|switch|p2a: Meowstic|Meowstic, L89, M|155/277\n|turn|19\n|inactive|Time left: 300 sec this turn | 300 sec total\n|\n|t:|1783534983\n|move|p2a: Meowstic|Light Screen|p2a: Meowstic\n|-sidestart|p2: p0y147e505|move: Light Screen\n|move|p1a: Appletun|Apple Acid|p2a: Meowstic\n|-damage|p2a: Meowstic|106/277\n|-unboost|p2a: Meowstic|spd|1\n|\n|-heal|p1a: Appletun|72/100|[from] item: Leftovers\n|upkeep\n|turn|20\n|inactive|Time left: 300 sec this turn | 300 sec total\n|\n|t:|1783534984\n|move|p2a: Meowstic|Reflect|p2a: Meowstic\n|-sidestart|p2: p0y147e505|Reflect\n|move|p1a: Appletun|Leech Seed|p2a: Meowstic\n|-start|p2a: Meowstic|move: Leech Seed\n|\n|-heal|p1a: Appletun|78/100|[from] item: Leftovers\n|-damage|p2a: Meowstic|72/277|[from] Leech Seed|[of] p1a: Appletun\n|-heal|p1a: Appletun|87/100|[silent]\n|upkeep\n|turn|21\n|inactive|Time left: 300 sec this turn | 300 sec total\n|\n|t:|1783534985\n|switch|p2a: Qwilfish|Qwilfish, L86, M|252/252\n|-ability|p2a: Qwilfish|Intimidate|boost\n|-unboost|p1a: Appletun|atk|1\n|move|p1a: Appletun|Leech Seed|p2a: Qwilfish\n|-start|p2a: Qwilfish|move: Leech Seed\n|\n|-heal|p1a: Appletun|94/100|[from] item: Leftovers\n|-damage|p2a: Qwilfish|221/252|[from] Leech Seed|[of] p1a: Appletun\n|-heal|p1a: Appletun|100/100|[silent]\n|upkeep\n|turn|22\n|inactive|Time left: 300 sec this turn | 300 sec total\n|\n|t:|1783534985\n|switch|p1a: Swalot|Swalot, L90, F|47/100\n|move|p2a: Qwilfish|Flip Turn|p1a: Swalot\n|-damage|p1a: Swalot|27/100\n|inactive|Time left: 300 sec this turn | 300 sec total | 5 sec grace\n|\n|t:|1783534986\n|switch|p2a: Ursaring|Ursaring, L84, F|288/288|[from] Flip Turn\n|\n|-heal|p1a: Swalot|33/100|[from] item: Leftovers\n|-status|p2a: Ursaring|tox|[from] item: Toxic Orb\n|upkeep\n|turn|23\n|inactive|Time left: 300 sec this turn | 300 sec total\n|\n|t:|1783534987\n|move|p1a: Swalot|Protect|p1a: Swalot\n|-singleturn|p1a: Swalot|Protect\n|move|p2a: Ursaring|Swords Dance|p2a: Ursaring\n|-boost|p2a: Ursaring|atk|2\n|\n|-heal|p1a: Swalot|39/100|[from] item: Leftovers\n|-damage|p2a: Ursaring|270/288 tox|[from] psn\n|upkeep\n|turn|24\n|inactive|Time left: 300 sec this turn | 300 sec total\n|\n|t:|1783534988\n|move|p1a: Swalot|Protect||[still]\n|-fail|p1a: Swalot\n|move|p2a: Ursaring|Facade|p1a: Swalot\n|-damage|p1a: Swalot|0 fnt\n|faint|p1a: Swalot\n|\n|-damage|p2a: Ursaring|234/288 tox|[from] psn\n|upkeep\n|\n|t:|1783534989\n|switch|p1a: Appletun|Appletun, L92, M|100/100\n|turn|25\n|inactive|Time left: 300 sec this turn | 300 sec total\n|\n|t:|1783534990\n|-terastallize|p1a: Appletun|Steel\n|move|p2a: Ursaring|Facade|p1a: Appletun\n|-resisted|p1a: Appletun\n|-damage|p1a: Appletun|49/100\n|move|p1a: Appletun|Leech Seed|p2a: Ursaring\n|-start|p2a: Ursaring|move: Leech Seed\n|\n|-heal|p1a: Appletun|55/100|[from] item: Leftovers\n|-damage|p2a: Ursaring|198/288 tox|[from] Leech Seed|[of] p1a: Appletun\n|-heal|p1a: Appletun|65/100|[silent]\n|-damage|p2a: Ursaring|144/288 tox|[from] psn\n|upkeep\n|turn|26\n|inactive|Time left: 300 sec this turn | 300 sec total\n|\n|t:|1783534992\n|switch|p1a: Slowking|Slowking-Galar, L85, M|100/100\n|move|p2a: Ursaring|Close Combat|p1a: Slowking\n|-resisted|p1a: Slowking\n|-damage|p1a: Slowking|81/100\n|-unboost|p2a: Ursaring|def|1\n|-unboost|p2a: Ursaring|spd|1\n|\n|-damage|p2a: Ursaring|108/288 tox|[from] Leech Seed|[of] p1a: Slowking\n|-heal|p1a: Slowking|93/100|[silent]\n|-damage|p2a: Ursaring|36/288 tox|[from] psn\n|-sideend|p2: p0y147e505|move: Light Screen\n|upkeep\n|turn|27\n|inactive|Time left: 300 sec this turn | 300 sec total\n|\n|t:|1783534993\n|switch|p1a: Appletun|Appletun, L92, M, tera:Steel|65/100\n|move|p2a: Ursaring|Facade|p1a: Appletun\n|-resisted|p1a: Appletun\n|-damage|p1a: Appletun|11/100\n|\n|-heal|p1a: Appletun|17/100|[from] item: Leftovers\n|-damage|p2a: Ursaring|0 fnt|[from] Leech Seed|[of] p1a: Appletun\n|-heal|p1a: Appletun|27/100|[silent]\n|faint|p2a: Ursaring\n|-sideend|p2: p0y147e505|Reflect\n|upkeep\n|inactive|Time left: 300 sec this turn | 300 sec total | 5 sec grace\n|\n|t:|1783534994\n|switch|p2a: Meowstic|Meowstic, L89, M|72/277\n|turn|28\n|inactive|Time left: 300 sec this turn | 300 sec total\n|\n|t:|1783534995\n|move|p2a: Meowstic|Light Screen|p2a: Meowstic\n|-sidestart|p2: p0y147e505|move: Light Screen\n|move|p1a: Appletun|Recover|p1a: Appletun\n|-heal|p1a: Appletun|77/100\n|\n|-heal|p1a: Appletun|83/100|[from] item: Leftovers\n|upkeep\n|turn|29\n|inactive|Time left: 300 sec this turn | 300 sec total\n|\n|t:|1783534996\n|move|p2a: Meowstic|Reflect|p2a: Meowstic\n|-sidestart|p2: p0y147e505|Reflect\n|move|p1a: Appletun|Leech Seed|p2a: Meowstic\n|-start|p2a: Meowstic|move: Leech Seed\n|\n|-heal|p1a: Appletun|90/100|[from] item: Leftovers\n|-damage|p2a: Meowstic|38/277|[from] Leech Seed|[of] p1a: Appletun\n|-heal|p1a: Appletun|99/100|[silent]\n|upkeep\n|turn|30\n|inactive|Time left: 300 sec this turn | 300 sec total\n|\n|t:|1783534997\n|switch|p2a: Qwilfish|Qwilfish, L86, M|221/252\n|-ability|p2a: Qwilfish|Intimidate|boost\n|-unboost|p1a: Appletun|atk|1\n|move|p1a: Appletun|Apple Acid|p2a: Qwilfish\n|-damage|p2a: Qwilfish|155/252\n|-unboost|p2a: Qwilfish|spd|1\n|\n|-heal|p1a: Appletun|100/100|[from] item: Leftovers\n|upkeep\n|turn|31\n|inactive|Time left: 300 sec this turn | 300 sec total\n|\n|t:|1783534998\n|move|p2a: Qwilfish|Flip Turn|p1a: Appletun\n|-damage|p1a: Appletun|82/100\n|inactive|Time left: 300 sec this turn | 300 sec total | 5 sec grace\n|\n|t:|1783534999\n|switch|p2a: Hypno|Hypno, L95, F|315/315|[from] Flip Turn\n|move|p1a: Appletun|Apple Acid|p2a: Hypno\n|-damage|p2a: Hypno|277/315\n|-unboost|p2a: Hypno|spd|1\n|\n|-heal|p2a: Hypno|296/315|[from] item: Leftovers\n|-heal|p1a: Appletun|88/100|[from] item: Leftovers\n|upkeep\n|turn|32\n|inactive|Time left: 300 sec this turn | 300 sec total\n|\n|t:|1783535000\n|move|p2a: Hypno|Psychic Noise|p1a: Appletun\n|-resisted|p1a: Appletun\n|-damage|p1a: Appletun|77/100\n|-start|p1a: Appletun|move: Heal Block\n|move|p1a: Appletun|Leech Seed|p2a: Hypno\n|-start|p2a: Hypno|move: Leech Seed\n|\n|-heal|p2a: Hypno|315/315|[from] item: Leftovers\n|-damage|p2a: Hypno|276/315|[from] Leech Seed|[of] p1a: Appletun\n|upkeep\n|turn|33\n|inactive|Time left: 300 sec this turn | 300 sec total\n|\n|t:|1783535001\n|switch|p2a: Qwilfish|Qwilfish, L86, M|155/252\n|-ability|p2a: Qwilfish|Intimidate|boost\n|-unboost|p1a: Appletun|atk|1\n|move|p1a: Appletun|Apple Acid|p2a: Qwilfish\n|-damage|p2a: Qwilfish|87/252\n|-unboost|p2a: Qwilfish|spd|1\n|\n|-end|p1a: Appletun|move: Heal Block\n|upkeep\n|turn|34\n|inactive|Time left: 300 sec this turn | 300 sec total\n|\n|t:|1783535002\n|move|p2a: Qwilfish|Pain Split|p1a: Appletun\n|-sethp|p1a: Appletun|51/100|[from] move: Pain Split|[silent]\n|-sethp|p2a: Qwilfish|178/252|[from] move: Pain Split\n|move|p1a: Appletun|Apple Acid|p2a: Qwilfish\n|-damage|p2a: Qwilfish|73/252\n|-unboost|p2a: Qwilfish|spd|1\n|\n|-heal|p1a: Appletun|57/100|[from] item: Leftovers\n|upkeep\n|turn|35\n|inactive|Time left: 300 sec this turn | 300 sec total\n|\n|t:|1783535003\n|move|p2a: Qwilfish|Flip Turn|p1a: Appletun\n|-damage|p1a: Appletun|39/100\n|inactive|Time left: 300 sec this turn | 300 sec total | 5 sec grace\n|\n|t:|1783535004\n|switch|p2a: Hypno|Hypno, L95, F|276/315|[from] Flip Turn\n|move|p1a: Appletun|Recover|p1a: Appletun\n|-heal|p1a: Appletun|89/100\n|\n|-heal|p2a: Hypno|295/315|[from] item: Leftovers\n|-heal|p1a: Appletun|95/100|[from] item: Leftovers\n|-sideend|p2: p0y147e505|move: Light Screen\n|upkeep\n|turn|36\n|inactive|Time left: 300 sec this turn | 300 sec total\n|\n|t:|1783535005\n|switch|p1a: Slowking|Slowking-Galar, L85, M|100/100\n|move|p2a: Hypno|Knock Off|p1a: Slowking\n|-supereffective|p1a: Slowking\n|-damage|p1a: Slowking|52/100\n|-enditem|p1a: Slowking|Heavy-Duty Boots|[from] move: Knock Off|[of] p2a: Hypno\n|\n|-heal|p2a: Hypno|314/315|[from] item: Leftovers\n|-sideend|p2: p0y147e505|Reflect\n|upkeep\n|turn|37\n|inactive|Time left: 300 sec this turn | 300 sec total\n|\n|t:|1783535006\n|switch|p1a: Appletun|Appletun, L92, M, tera:Steel|95/100\n|move|p2a: Hypno|Psychic Noise|p1a: Appletun\n|-resisted|p1a: Appletun\n|-damage|p1a: Appletun|83/100\n|-start|p1a: Appletun|move: Heal Block\n|\n|-heal|p2a: Hypno|315/315|[from] item: Leftovers\n|upkeep\n|turn|38\n|inactive|Time left: 300 sec this turn | 300 sec total\n|\n|t:|1783535007\n|move|p2a: Hypno|Knock Off|p1a: Appletun\n|-damage|p1a: Appletun|65/100\n|-enditem|p1a: Appletun|Leftovers|[from] move: Knock Off|[of] p2a: Hypno\n|move|p1a: Appletun|Apple Acid|p2a: Hypno\n|-damage|p2a: Hypno|245/315\n|-unboost|p2a: Hypno|spd|1\n|\n|-heal|p2a: Hypno|264/315|[from] item: Leftovers\n|-end|p1a: Appletun|move: Heal Block\n|upkeep\n|turn|39\n|inactive|Time left: 300 sec this turn | 300 sec total\n|\n|t:|1783535008\n|move|p2a: Hypno|Psychic Noise|p1a: Appletun\n|-resisted|p1a: Appletun\n|-damage|p1a: Appletun|54/100\n|-start|p1a: Appletun|move: Heal Block\n|move|p1a: Appletun|Apple Acid|p2a: Hypno\n|-damage|p2a: Hypno|161/315\n|-unboost|p2a: Hypno|spd|1\n|\n|-heal|p2a: Hypno|180/315|[from] item: Leftovers\n|upkeep\n|turn|40\n|inactive|Time left: 300 sec this turn | 300 sec total\n|\n|t:|1783535010\n|switch|p2a: Qwilfish|Qwilfish, L86, M|73/252\n|-ability|p2a: Qwilfish|Intimidate|boost\n|-unboost|p1a: Appletun|atk|1\n|move|p1a: Appletun|Apple Acid|p2a: Qwilfish\n|-damage|p2a: Qwilfish|0 fnt\n|faint|p2a: Qwilfish\n|\n|-end|p1a: Appletun|move: Heal Block\n|upkeep\n|inactive|Time left: 300 sec this turn | 300 sec total | 5 sec grace\n|\n|t:|1783535010\n|switch|p2a: Meowstic|Meowstic, L89, M|38/277\n|turn|41\n|inactive|Time left: 300 sec this turn | 300 sec total\n|\n|t:|1783535011\n|move|p2a: Meowstic|Light Screen|p2a: Meowstic\n|-sidestart|p2: p0y147e505|move: Light Screen\n|move|p1a: Appletun|Apple Acid|p2a: Meowstic\n|-damage|p2a: Meowstic|0 fnt\n|faint|p2a: Meowstic\n|\n|upkeep\n|inactive|Time left: 300 sec this turn | 300 sec total | 5 sec grace\n|\n|t:|1783535012\n|switch|p2a: Hypno|Hypno, L95, F|180/315\n|turn|42\n|inactive|Time left: 300 sec this turn | 300 sec total\n|\n|t:|1783535013\n|move|p2a: Hypno|Knock Off|p1a: Appletun\n|-damage|p1a: Appletun|41/100\n|move|p1a: Appletun|Leech Seed|p2a: Hypno\n|-start|p2a: Hypno|move: Leech Seed\n|\n|-heal|p2a: Hypno|199/315|[from] item: Leftovers\n|-damage|p2a: Hypno|160/315|[from] Leech Seed|[of] p1a: Appletun\n|-heal|p1a: Appletun|52/100|[silent]\n|upkeep\n|turn|43\n|inactive|Time left: 300 sec this turn | 300 sec total\n|\n|t:|1783535014\n|move|p2a: Hypno|Psychic Noise|p1a: Appletun\n|-resisted|p1a: Appletun\n|-damage|p1a: Appletun|41/100\n|-start|p1a: Appletun|move: Heal Block\n|move|p1a: Appletun|Apple Acid|p2a: Hypno\n|-damage|p2a: Hypno|122/315\n|-unboost|p2a: Hypno|spd|1\n|\n|-heal|p2a: Hypno|141/315|[from] item: Leftovers\n|-damage|p2a: Hypno|102/315|[from] Leech Seed|[of] p1a: Appletun\n|upkeep\n|turn|44\n|inactive|Time left: 300 sec this turn | 300 sec total\n|\n|t:|1783535015\n|-terastallize|p2a: Hypno|Fairy\n|move|p2a: Hypno|Knock Off|p1a: Appletun\n|-damage|p1a: Appletun|27/100\n|move|p1a: Appletun|Draco Meteor|p2a: Hypno\n|-immune|p2a: Hypno\n|\n|-heal|p2a: Hypno|121/315|[from] item: Leftovers\n|-damage|p2a: Hypno|82/315|[from] Leech Seed|[of] p1a: Appletun\n|-end|p1a: Appletun|move: Heal Block\n|upkeep\n|turn|45\n|inactive|Time left: 300 sec this turn | 300 sec total\n|\n|t:|1783535016\n|switch|p1a: Slowking|Slowking-Galar, L85, M|86/100\n|move|p2a: Hypno|Encore||[still]\n|-fail|p2a: Hypno\n|\n|-heal|p2a: Hypno|101/315|[from] item: Leftovers\n|-damage|p2a: Hypno|62/315|[from] Leech Seed|[of] p1a: Slowking\n|-heal|p1a: Slowking|99/100|[silent]\n|upkeep\n|turn|46\n|inactive|Time left: 300 sec this turn | 300 sec total\n|\n|t:|1783535017\n|move|p2a: Hypno|Encore||[still]\n|-fail|p2a: Hypno\n|move|p1a: Slowking|Psychic Noise|p2a: Hypno\n|-damage|p2a: Hypno|17/315\n|-start|p2a: Hypno|move: Heal Block\n|\n|-damage|p2a: Hypno|0 fnt|[from] Leech Seed|[of] p1a: Slowking\n|-heal|p1a: Slowking|100/100|[silent]\n|faint|p2a: Hypno\n|\n|win|p0x1473567", "uploadtime": 1783535017, "views": 0, "rating": 0, "private": 0, "password": null, "_winner": "p0x1473567", "_our_name": "p0y147e505"}