{"id": "battle-gen9randombattle-897", "formatid": "gen9randombattle", "format": "[Gen 9] Random Battle", "players": ["p0x897c565", "p0y897660a"], "log": "|init|battle\n|title|p0x897c565 vs. p0y897660a\n|j|\u2606p0x897c565\n|j|\u2606p0y897660a\n|t:|1783550313\n|gametype|singles\n|player|p1|p0x897c565|1|\n|player|p2|p0y897660a|169|\n|gen|9\n|tier|[Gen 9] Random Battle\n|rule|Species Clause: Limit one of each Pok\u00e9mon\n|rule|HP Percentage Mod: HP is shown in percentages\n|rule|Sleep Clause Mod: Limit one foe put to sleep\n|rule|Illusion Level Mod: Illusion disguises the Pok\u00e9mon's true level\n|\n|t:|1783550313\n|teamsize|p1|6\n|teamsize|p2|6\n|start\n|switch|p1a: Clodsire|Clodsire, L81, F|100/100\n|switch|p2a: Arceus|Arceus-Ground, L70|284/284\n|turn|1\n|inactive|Battle timer is ON: inactive players will automatically lose when time's up. (requested by p0y897660a)\n|inactive|p0x897c565 also wants the timer to be on.\n|\n|t:|1783550314\n|move|p2a: Arceus|Dragon Dance|p2a: Arceus\n|-boost|p2a: Arceus|atk|1\n|-boost|p2a: Arceus|spe|1\n|move|p1a: Clodsire|Toxic Spikes|p2a: Arceus\n|-sidestart|p2: p0y897660a|move: Toxic Spikes\n|\n|upkeep\n|turn|2\n|inactive|Time left: 300 sec this turn | 300 sec total\n|\n|t:|1783550315\n|switch|p1a: Samurott|Samurott, L88, F|100/100\n|move|p2a: Arceus|Dragon Dance|p2a: Arceus\n|-boost|p2a: Arceus|atk|1\n|-boost|p2a: Arceus|spe|1\n|\n|upkeep\n|turn|3\n|inactive|Time left: 300 sec this turn | 300 sec total\n|\n|t:|1783550316\n|-terastallize|p2a: Arceus|Steel\n|move|p2a: Arceus|Earthquake|p1a: Samurott\n|-damage|p1a: Samurott|27/100\n|move|p1a: Samurott|Liquidation|p2a: Arceus\n|-damage|p2a: Arceus|85/284\n|-unboost|p2a: Arceus|def|1\n|-damage|p1a: Samurott|17/100|[from] item: Life Orb\n|\n|upkeep\n|turn|4\n|inactive|Time left: 300 sec this turn | 300 sec total\n|\n|t:|1783550317\n|move|p2a: Arceus|Earthquake|p1a: Samurott\n|-damage|p1a: Samurott|0 fnt\n|faint|p1a: Samurott\n|\n|upkeep\n|\n|t:|1783550318\n|switch|p1a: Whiscash|Whiscash, L88, F|100/100\n|turn|5\n|inactive|Time left: 300 sec this turn | 300 sec total\n|\n|t:|1783550319\n|move|p2a: Arceus|Earthquake|p1a: Whiscash\n|-damage|p1a: Whiscash|29/100\n|move|p1a: Whiscash|Earthquake|p2a: Arceus\n|-supereffective|p2a: Arceus\n|-damage|p2a: Arceus|0 fnt\n|faint|p2a: Arceus\n|-damage|p1a: Whiscash|19/100|[from] item: Life Orb\n|\n|upkeep\n|inactive|Time left: 300 sec this turn | 300 sec total | 5 sec grace\n|\n|t:|1783550320\n|switch|p2a: Weezing|Weezing-Galar, L86, M|252/252\n|turn|6\n|inactive|Time left: 300 sec this turn | 300 sec total\n|\n|t:|1783550321\n|move|p1a: Whiscash|Dragon Dance|p1a: Whiscash\n|-boost|p1a: Whiscash|atk|1\n|-boost|p1a: Whiscash|spe|1\n|move|p2a: Weezing|Strange Steam|p1a: Whiscash\n|-damage|p1a: Whiscash|0 fnt\n|faint|p1a: Whiscash\n|\n|upkeep\n|\n|t:|1783550321\n|switch|p1a: Cinderace|Cinderace, L77, F|100/100\n|turn|7\n|inactive|Time left: 300 sec this turn | 300 sec total\n|\n|t:|1783550322\n|move|p1a: Cinderace|Pyro Ball|p2a: Weezing\n|-damage|p2a: Weezing|110/252\n|move|p2a: Weezing|Gunk Shot|p1a: Cinderace\n|-damage|p1a: Cinderace|41/100\n|-status|p1a: Cinderace|psn\n|\n|-heal|p2a: Weezing|125/252|[from] item: Leftovers\n|-damage|p1a: Cinderace|29/100 psn|[from] psn\n|upkeep\n|turn|8\n|inactive|Time left: 300 sec this turn | 300 sec total\n|\n|t:|1783550323\n|move|p1a: Cinderace|Pyro Ball|p2a: Weezing\n|-damage|p2a: Weezing|0 fnt\n|faint|p2a: Weezing\n|\n|-damage|p1a: Cinderace|16/100 psn|[from] psn\n|upkeep\n|inactive|Time left: 300 sec this turn | 300 sec total | 5 sec grace\n|\n|t:|1783550324\n|switch|p2a: Sableye|Sableye, L88, F|231/231\n|-status|p2a: Sableye|psn\n|turn|9\n|inactive|Time left: 300 sec this turn | 300 sec total\n|\n|t:|1783550326\n|move|p1a: Cinderace|Pyro Ball|p2a: Sableye\n|-damage|p2a: Sableye|30/231 psn\n|move|p2a: Sableye|Knock Off|p1a: Cinderace\n|-damage|p1a: Cinderace|0 fnt\n|-enditem|p1a: Cinderace|Choice Band|[from] move: Knock Off|[of] p2a: Sableye\n|faint|p1a: Cinderace\n|\n|-heal|p2a: Sableye|44/231 psn|[from] item: Leftovers\n|-damage|p2a: Sableye|16/231 psn|[from] psn\n|upkeep\n|\n|t:|1783550326\n|switch|p1a: Grafaiai|Grafaiai, L86, M|100/100\n|turn|10\n|inactive|Time left: 300 sec this turn | 300 sec total\n|\n|t:|1783550328\n|move|p2a: Sableye|Will-O-Wisp|p1a: Grafaiai\n|-status|p1a: Grafaiai|brn\n|move|p1a: Grafaiai|Knock Off|p2a: Sableye\n|-damage|p2a: Sableye|0 fnt\n|-enditem|p2a: Sableye|Leftovers|[from] move: Knock Off|[of] p1a: Grafaiai\n|faint|p2a: Sableye\n|\n|-damage|p1a: Grafaiai|94/100 brn|[from] brn\n|upkeep\n|inactive|Time left: 300 sec this turn | 300 sec total | 5 sec grace\n|\n|t:|1783550328\n|switch|p2a: Copperajah|Copperajah, L86, M|350/350\n|turn|11\n|inactive|Time left: 300 sec this turn | 300 sec total\n|\n|t:|1783550329\n|move|p1a: Grafaiai|Parting Shot|p2a: Copperajah\n|-unboost|p2a: Copperajah|atk|1\n|-unboost|p2a: Copperajah|spa|1\n|\n|t:|1783550330\n|switch|p1a: Furret|Furret, L94, M|100/100|[from] Parting Shot\n|-item|p2a: Copperajah|Life Orb|[from] ability: Frisk|[of] p1a: Furret\n|move|p2a: Copperajah|Iron Head|p1a: Furret\n|-damage|p1a: Furret|53/100\n|\n|upkeep\n|turn|12\n|inactive|Time left: 300 sec this turn | 300 sec total\n|\n|t:|1783550332\n|move|p1a: Furret|Knock Off|p2a: Copperajah\n|-damage|p2a: Copperajah|231/350\n|-enditem|p2a: Copperajah|Life Orb|[from] move: Knock Off|[of] p1a: Furret\n|move|p2a: Copperajah|Iron Head|p1a: Furret\n|-damage|p1a: Furret|14/100\n|\n|upkeep\n|turn|13\n|inactive|Time left: 300 sec this turn | 300 sec total\n|\n|t:|1783550333\n|move|p1a: Furret|Knock Off|p2a: Copperajah\n|-damage|p2a: Copperajah|144/350\n|move|p2a: Copperajah|Iron Head|p1a: Furret\n|-damage|p1a: Furret|0 fnt\n|faint|p1a: Furret\n|\n|upkeep\n|\n|t:|1783550334\n|switch|p1a: Clodsire|Clodsire, L81, F|100/100\n|turn|14\n|inactive|Time left: 300 sec this turn | 300 sec total\n|\n|t:|1783550335\n|move|p2a: Copperajah|Iron Head|p1a: Clodsire\n|-damage|p1a: Clodsire|39/100\n|move|p1a: Clodsire|Earthquake|p2a: Copperajah\n|-supereffective|p2a: Copperajah\n|-damage|p2a: Copperajah|0 fnt\n|faint|p2a: Copperajah\n|\n|-heal|p1a: Clodsire|45/100|[from] item: Leftovers\n|upkeep\n|inactive|Time left: 300 sec this turn | 300 sec total | 5 sec grace\n|\n|t:|1783550336\n|switch|p2a: Gogoat|Gogoat, L88, M|360/360\n|-status|p2a: Gogoat|psn\n|turn|15\n|inactive|Time left: 300 sec this turn | 300 sec total\n|\n|t:|1783550337\n|move|p2a: Gogoat|Earthquake|p1a: Clodsire\n|-supereffective|p1a: Clodsire\n|-crit|p1a: Clodsire\n|-damage|p1a: Clodsire|0 fnt\n|faint|p1a: Clodsire\n|\n|-damage|p2a: Gogoat|315/360 psn|[from] psn\n|upkeep\n|\n|t:|1783550338\n|switch|p1a: Grafaiai|Grafaiai, L86, M|94/100 brn\n|turn|16\n|inactive|Time left: 300 sec this turn | 300 sec total\n|\n|t:|1783550339\n|-terastallize|p1a: Grafaiai|Dark\n|move|p1a: Grafaiai|Parting Shot|p2a: Gogoat\n|-unboost|p2a: Gogoat|atk|1\n|-unboost|p2a: Gogoat|spa|1\n|move|p2a: Gogoat|Earthquake|p1a: Grafaiai\n|-damage|p1a: Grafaiai|69/100 brn\n|\n|-heal|p2a: Gogoat|337/360 psn|[from] item: Leftovers\n|-damage|p2a: Gogoat|292/360 psn|[from] psn\n|-damage|p1a: Grafaiai|63/100 brn|[from] brn\n|upkeep\n|turn|17\n|inactive|Time left: 300 sec this turn | 300 sec total\n|\n|t:|1783550340\n|move|p1a: Grafaiai|Gunk Shot|p2a: Gogoat|[miss]\n|-miss|p1a: Grafaiai|p2a: Gogoat\n|move|p2a: Gogoat|Horn Leech|p1a: Grafaiai\n|-damage|p1a: Grafaiai|36/100 brn\n|-heal|p2a: Gogoat|326/360 psn|[from] drain|[of] p1a: Grafaiai\n|\n|-heal|p2a: Gogoat|348/360 psn|[from] item: Leftovers\n|-damage|p2a: Gogoat|303/360 psn|[from] psn\n|-damage|p1a: Grafaiai|30/100 brn|[from] brn\n|upkeep\n|turn|18\n|inactive|Time left: 300 sec this turn | 300 sec total\n|\n|t:|1783550341\n|move|p1a: Grafaiai|Knock Off|p2a: Gogoat\n|-damage|p2a: Gogoat|241/360 psn\n|-enditem|p2a: Gogoat|Leftovers|[from] move: Knock Off|[of] p1a: Grafaiai\n|move|p2a: Gogoat|Earthquake|p1a: Grafaiai\n|-damage|p1a: Grafaiai|5/100 brn\n|\n|-damage|p2a: Gogoat|196/360 psn|[from] psn\n|-damage|p1a: Grafaiai|0 fnt|[from] brn\n|faint|p1a: Grafaiai\n|\n|win|p0y897660a", "uploadtime": 1783550341, "views": 0, "rating": 0, "private": 0, "password": null, "_winner": "p0y897660a", "_our_name": "p0y897660a"}