{"id": "battle-gen9randombattle-1873", "formatid": "gen9randombattle", "format": "[Gen 9] Random Battle", "players": ["p0x18734328", "p0y1873a2db"], "log": "|init|battle\n|title|p0x18734328 vs. p0y1873a2db\n|j|\u2606p0x18734328\n|j|\u2606p0y1873a2db\n|t:|1783560939\n|gametype|singles\n|player|p1|p0x18734328|2|\n|player|p2|p0y1873a2db|102|\n|gen|9\n|tier|[Gen 9] Random Battle\n|rule|Species Clause: Limit one of each Pok\u00e9mon\n|rule|HP Percentage Mod: HP is shown in percentages\n|rule|Sleep Clause Mod: Limit one foe put to sleep\n|rule|Illusion Level Mod: Illusion disguises the Pok\u00e9mon's true level\n|\n|t:|1783560939\n|teamsize|p1|6\n|teamsize|p2|6\n|start\n|switch|p1a: Cryogonal|Cryogonal, L89|100/100\n|switch|p2a: Gothitelle|Gothitelle, L90, M|272/272\n|turn|1\n|inactive|Battle timer is ON: inactive players will automatically lose when time's up. (requested by p0y1873a2db)\n|\n|t:|1783560941\n|switch|p2a: Blaziken|Blaziken, L76, F|247/247\n|move|p1a: Cryogonal|Rapid Spin|p2a: Blaziken\n|-damage|p2a: Blaziken|212/247\n|-boost|p1a: Cryogonal|spe|1\n|\n|upkeep\n|turn|2\n|inactive|Time left: 300 sec this turn | 300 sec total\n|inactive|p0x18734328 also wants the timer to be on.\n|\n|t:|1783560942\n|switch|p1a: Carbink|Carbink, L90|100/100\n|move|p2a: Blaziken|Close Combat|p1a: Carbink\n|-damage|p1a: Carbink|56/100\n|-unboost|p2a: Blaziken|def|1\n|-unboost|p2a: Blaziken|spd|1\n|-damage|p2a: Blaziken|188/247|[from] item: Life Orb\n|\n|-heal|p1a: Carbink|62/100|[from] item: Leftovers\n|-ability|p2a: Blaziken|Speed Boost|boost\n|-boost|p2a: Blaziken|spe|1\n|upkeep\n|turn|3\n|inactive|Time left: 300 sec this turn | 300 sec total\n|\n|t:|1783560943\n|switch|p2a: Polteageist|Polteageist-Antique, L78|222/222\n|move|p1a: Carbink|Body Press|p2a: Polteageist\n|-immune|p2a: Polteageist\n|\n|-heal|p1a: Carbink|68/100|[from] item: Leftovers\n|upkeep\n|turn|4\n|inactive|Time left: 300 sec this turn | 300 sec total\n|\n|t:|1783560944\n|move|p2a: Polteageist|Shell Smash|p2a: Polteageist\n|-unboost|p2a: Polteageist|def|1\n|-unboost|p2a: Polteageist|spd|1\n|-boost|p2a: Polteageist|atk|2\n|-boost|p2a: Polteageist|spa|2\n|-boost|p2a: Polteageist|spe|2\n|-enditem|p2a: Polteageist|White Herb\n|-clearnegativeboost|p2a: Polteageist|[silent]\n|move|p1a: Carbink|Rock Polish|p1a: Carbink\n|-boost|p1a: Carbink|spe|2\n|\n|-heal|p1a: Carbink|74/100|[from] item: Leftovers\n|upkeep\n|turn|5\n|inactive|Time left: 300 sec this turn | 300 sec total\n|\n|t:|1783560945\n|switch|p1a: Hydrapple|Hydrapple, L83, F|100/100\n|move|p2a: Polteageist|Stored Power|p1a: Hydrapple\n|-damage|p1a: Hydrapple|47/100\n|\n|upkeep\n|turn|6\n|inactive|Time left: 300 sec this turn | 300 sec total\n|\n|t:|1783560946\n|-terastallize|p1a: Hydrapple|Steel\n|move|p2a: Polteageist|Stored Power|p1a: Hydrapple\n|-resisted|p1a: Hydrapple\n|-damage|p1a: Hydrapple|24/100\n|move|p1a: Hydrapple|Dragon Tail|p2a: Polteageist\n|-damage|p2a: Polteageist|150/222\n|drag|p2a: Bronzong|Bronzong, L88|261/261\n|\n|upkeep\n|turn|7\n|inactive|Time left: 300 sec this turn | 300 sec total\n|\n|t:|1783560947\n|switch|p1a: Suicune|Suicune, L82|100/100\n|-ability|p1a: Suicune|Pressure\n|move|p2a: Bronzong|Earthquake|p1a: Suicune\n|-crit|p1a: Suicune\n|-damage|p1a: Suicune|68/100\n|\n|-heal|p1a: Suicune|74/100|[from] item: Leftovers\n|upkeep\n|turn|8\n|inactive|Time left: 300 sec this turn | 300 sec total\n|\n|t:|1783560948\n|move|p1a: Suicune|Calm Mind|p1a: Suicune\n|-boost|p1a: Suicune|spa|1\n|-boost|p1a: Suicune|spd|1\n|move|p2a: Bronzong|Stealth Rock|p1a: Suicune\n|-sidestart|p1: p0x18734328|move: Stealth Rock\n|\n|-heal|p1a: Suicune|80/100|[from] item: Leftovers\n|upkeep\n|turn|9\n|inactive|Time left: 300 sec this turn | 300 sec total\n|\n|t:|1783560949\n|switch|p2a: Polteageist|Polteageist-Antique, L78|150/222\n|move|p1a: Suicune|Scald|p2a: Polteageist\n|-damage|p2a: Polteageist|48/222\n|\n|-heal|p1a: Suicune|86/100|[from] item: Leftovers\n|upkeep\n|turn|10\n|inactive|Time left: 300 sec this turn | 300 sec total\n|\n|t:|1783560950\n|switch|p2a: Plusle|Plusle, L95, F|268/268\n|move|p1a: Suicune|Scald|p2a: Plusle\n|-damage|p2a: Plusle|160/268\n|\n|-heal|p1a: Suicune|92/100|[from] item: Leftovers\n|upkeep\n|turn|11\n|inactive|Time left: 300 sec this turn | 300 sec total\n|\n|t:|1783560951\n|move|p2a: Plusle|Nasty Plot|p2a: Plusle\n|-boost|p2a: Plusle|spa|2\n|move|p1a: Suicune|Scald|p2a: Plusle\n|-crit|p2a: Plusle\n|-damage|p2a: Plusle|0 fnt\n|faint|p2a: Plusle\n|\n|-heal|p1a: Suicune|98/100|[from] item: Leftovers\n|upkeep\n|inactive|Time left: 300 sec this turn | 300 sec total | 5 sec grace\n|\n|t:|1783560952\n|switch|p2a: Furret|Furret, L94, M|312/312\n|-item|p1a: Suicune|Leftovers|[from] ability: Frisk|[of] p2a: Furret\n|turn|12\n|inactive|Time left: 300 sec this turn | 300 sec total\n|\n|t:|1783560952\n|move|p2a: Furret|Double-Edge|p1a: Suicune\n|-damage|p1a: Suicune|45/100\n|-damage|p2a: Furret|260/312|[from] Recoil\n|move|p1a: Suicune|Scald|p2a: Furret\n|-damage|p2a: Furret|109/312\n|\n|-heal|p1a: Suicune|52/100|[from] item: Leftovers\n|upkeep\n|turn|13\n|inactive|Time left: 300 sec this turn | 300 sec total\n|\n|t:|1783560953\n|switch|p1a: Carbink|Carbink, L90|74/100\n|-damage|p1a: Carbink|62/100|[from] Stealth Rock\n|move|p2a: Furret|Double-Edge|p1a: Carbink\n|-resisted|p1a: Carbink\n|-damage|p1a: Carbink|37/100\n|-damage|p2a: Furret|90/312|[from] Recoil\n|\n|-heal|p1a: Carbink|42/100|[from] item: Leftovers\n|upkeep\n|turn|14\n|inactive|Time left: 300 sec this turn | 300 sec total\n|\n|t:|1783560954\n|move|p2a: Furret|Double-Edge|p1a: Carbink\n|-resisted|p1a: Carbink\n|-damage|p1a: Carbink|15/100\n|-damage|p2a: Furret|69/312|[from] Recoil\n|move|p1a: Carbink|Moonblast|p2a: Furret\n|-damage|p2a: Furret|0 fnt\n|faint|p2a: Furret\n|\n|-heal|p1a: Carbink|21/100|[from] item: Leftovers\n|upkeep\n|inactive|Time left: 300 sec this turn | 300 sec total | 5 sec grace\n|\n|t:|1783560955\n|switch|p2a: Blaziken|Blaziken, L76, F|188/247\n|turn|15\n|inactive|Time left: 300 sec this turn | 300 sec total\n|\n|t:|1783560956\n|move|p2a: Blaziken|Close Combat|p1a: Carbink\n|-damage|p1a: Carbink|0 fnt\n|-unboost|p2a: Blaziken|def|1\n|-unboost|p2a: Blaziken|spd|1\n|faint|p1a: Carbink\n|-damage|p2a: Blaziken|164/247|[from] item: Life Orb\n|\n|-ability|p2a: Blaziken|Speed Boost|boost\n|-boost|p2a: Blaziken|spe|1\n|upkeep\n|\n|t:|1783560957\n|switch|p1a: Cramorant|Cramorant, L86, M|100/100\n|turn|16\n|inactive|Time left: 300 sec this turn | 300 sec total\n|\n|t:|1783560958\n|move|p2a: Blaziken|Stone Edge|p1a: Cramorant\n|-supereffective|p1a: Cramorant\n|-crit|p1a: Cramorant\n|-damage|p1a: Cramorant|0 fnt\n|faint|p1a: Cramorant\n|-damage|p2a: Blaziken|140/247|[from] item: Life Orb\n|\n|-ability|p2a: Blaziken|Speed Boost|boost\n|-boost|p2a: Blaziken|spe|1\n|upkeep\n|\n|t:|1783560958\n|switch|p1a: Arceus|Arceus-Fire, L72|100/100\n|-damage|p1a: Arceus|76/100|[from] Stealth Rock\n|turn|17\n|inactive|Time left: 300 sec this turn | 300 sec total\n|\n|t:|1783560959\n|move|p2a: Blaziken|Stone Edge|p1a: Arceus\n|-supereffective|p1a: Arceus\n|-damage|p1a: Arceus|18/100\n|-damage|p2a: Blaziken|116/247|[from] item: Life Orb\n|move|p1a: Arceus|Judgment|p2a: Blaziken\n|-resisted|p2a: Blaziken\n|-damage|p2a: Blaziken|0 fnt\n|faint|p2a: Blaziken\n|\n|upkeep\n|inactive|Time left: 300 sec this turn | 300 sec total | 5 sec grace\n|\n|t:|1783560960\n|switch|p2a: Gothitelle|Gothitelle, L90, M|272/272\n|turn|18\n|inactive|Time left: 300 sec this turn | 300 sec total\n|\n|t:|1783560961\n|move|p2a: Gothitelle|Psychic|p1a: Arceus\n|-damage|p1a: Arceus|0 fnt\n|faint|p1a: Arceus\n|\n|upkeep\n|\n|t:|1783560962\n|switch|p1a: Cryogonal|Cryogonal, L89|100/100\n|turn|19\n|inactive|Time left: 300 sec this turn | 300 sec total\n|\n|t:|1783560963\n|move|p2a: Gothitelle|Psychic|p1a: Cryogonal\n|-damage|p1a: Cryogonal|74/100\n|move|p1a: Cryogonal|Rapid Spin|p2a: Gothitelle\n|-damage|p2a: Gothitelle|248/272\n|-boost|p1a: Cryogonal|spe|1\n|-sideend|p1: p0x18734328|Stealth Rock|[from] move: Rapid Spin|[of] p1a: Cryogonal\n|\n|upkeep\n|turn|20\n|inactive|Time left: 300 sec this turn | 300 sec total\n|\n|t:|1783560964\n|switch|p2a: Bronzong|Bronzong, L88|261/261\n|move|p1a: Cryogonal|Rapid Spin|p2a: Bronzong\n|-resisted|p2a: Bronzong\n|-damage|p2a: Bronzong|252/261\n|-boost|p1a: Cryogonal|spe|1\n|\n|-heal|p2a: Bronzong|261/261|[from] item: Leftovers\n|upkeep\n|turn|21\n|inactive|Time left: 300 sec this turn | 300 sec total\n|\n|t:|1783560965\n|switch|p1a: Suicune|Suicune, L82|52/100\n|-ability|p1a: Suicune|Pressure\n|move|p2a: Bronzong|Psychic Noise|p1a: Suicune\n|-damage|p1a: Suicune|31/100\n|-start|p1a: Suicune|move: Heal Block\n|\n|upkeep\n|turn|22\n|inactive|Time left: 300 sec this turn | 300 sec total\n|\n|t:|1783560966\n|move|p1a: Suicune|Calm Mind|p1a: Suicune\n|-boost|p1a: Suicune|spa|1\n|-boost|p1a: Suicune|spd|1\n|move|p2a: Bronzong|Earthquake|p1a: Suicune\n|-damage|p1a: Suicune|9/100\n|\n|-end|p1a: Suicune|move: Heal Block\n|upkeep\n|turn|23\n|inactive|Time left: 300 sec this turn | 300 sec total\n|\n|t:|1783560967\n|move|p1a: Suicune|Scald|p2a: Bronzong\n|-damage|p2a: Bronzong|180/261\n|move|p2a: Bronzong|Psychic Noise|p1a: Suicune\n|-damage|p1a: Suicune|0 fnt\n|faint|p1a: Suicune\n|\n|-heal|p2a: Bronzong|196/261|[from] item: Leftovers\n|upkeep\n|\n|t:|1783560968\n|switch|p1a: Hydrapple|Hydrapple, L83, F, tera:Steel|57/100\n|turn|24\n|inactive|Time left: 300 sec this turn | 300 sec total\n|\n|t:|1783560969\n|switch|p1a: Cryogonal|Cryogonal, L89|74/100\n|move|p2a: Bronzong|Hypnosis|p1a: Cryogonal|[miss]\n|-miss|p2a: Bronzong|p1a: Cryogonal\n|\n|-heal|p2a: Bronzong|212/261|[from] item: Leftovers\n|upkeep\n|turn|25\n|inactive|Time left: 300 sec this turn | 300 sec total\n|\n|t:|1783560970\n|move|p1a: Cryogonal|Rapid Spin|p2a: Bronzong\n|-resisted|p2a: Bronzong\n|-damage|p2a: Bronzong|203/261\n|-boost|p1a: Cryogonal|spe|1\n|move|p2a: Bronzong|Psychic Noise|p1a: Cryogonal\n|-damage|p1a: Cryogonal|55/100\n|-start|p1a: Cryogonal|move: Heal Block\n|\n|-heal|p2a: Bronzong|219/261|[from] item: Leftovers\n|upkeep\n|turn|26\n|inactive|Time left: 300 sec this turn | 300 sec total\n|\n|t:|1783560971\n|move|p1a: Cryogonal|Freeze-Dry|p2a: Bronzong\n|-resisted|p2a: Bronzong\n|-damage|p2a: Bronzong|189/261\n|move|p2a: Bronzong|Hypnosis|p1a: Cryogonal|[miss]\n|-miss|p2a: Bronzong|p1a: Cryogonal\n|\n|-heal|p2a: Bronzong|205/261|[from] item: Leftovers\n|-end|p1a: Cryogonal|move: Heal Block\n|upkeep\n|turn|27\n|inactive|Time left: 300 sec this turn | 300 sec total\n|\n|t:|1783560972\n|move|p1a: Cryogonal|Recover|p1a: Cryogonal\n|-heal|p1a: Cryogonal|100/100\n|move|p2a: Bronzong|Hypnosis|p1a: Cryogonal\n|-status|p1a: Cryogonal|slp|[from] move: Hypnosis\n|\n|-heal|p2a: Bronzong|221/261|[from] item: Leftovers\n|upkeep\n|turn|28\n|inactive|Time left: 300 sec this turn | 300 sec total\n|\n|t:|1783560973\n|switch|p2a: Polteageist|Polteageist-Antique, L78|48/222\n|cant|p1a: Cryogonal|slp\n|\n|upkeep\n|turn|29\n|inactive|Time left: 300 sec this turn | 300 sec total\n|\n|t:|1783560974\n|cant|p1a: Cryogonal|slp\n|move|p2a: Polteageist|Strength Sap|p1a: Cryogonal\n|-unboost|p1a: Cryogonal|atk|1\n|-heal|p2a: Polteageist|188/222\n|\n|upkeep\n|turn|30\n|inactive|Time left: 300 sec this turn | 300 sec total\n|\n|t:|1783560975\n|switch|p1a: Hydrapple|Hydrapple, L83, F, tera:Steel|90/100\n|move|p2a: Polteageist|Strength Sap|p1a: Hydrapple\n|-unboost|p1a: Hydrapple|atk|1\n|-heal|p2a: Polteageist|222/222\n|\n|upkeep\n|turn|31\n|inactive|Time left: 300 sec this turn | 300 sec total\n|\n|t:|1783560976\n|move|p2a: Polteageist|Shadow Ball|p1a: Hydrapple\n|-damage|p1a: Hydrapple|69/100\n|move|p1a: Hydrapple|Fickle Beam|p2a: Polteageist\n|-damage|p2a: Polteageist|126/222\n|-start|p1a: Hydrapple|Disable|Fickle Beam|[from] ability: Cursed Body|[of] p2a: Polteageist\n|\n|upkeep\n|turn|32\n|inactive|Time left: 300 sec this turn | 300 sec total\n|\n|t:|1783560976\n|move|p2a: Polteageist|Strength Sap|p1a: Hydrapple\n|-unboost|p1a: Hydrapple|atk|1\n|-heal|p2a: Polteageist|222/222\n|move|p1a: Hydrapple|Leaf Storm|p2a: Polteageist\n|-damage|p2a: Polteageist|89/222\n|-unboost|p1a: Hydrapple|spa|2\n|\n|upkeep\n|turn|33\n|inactive|Time left: 300 sec this turn | 300 sec total\n|\n|t:|1783560977\n|switch|p1a: Cryogonal|Cryogonal, L89|100/100 slp\n|move|p2a: Polteageist|Strength Sap|p1a: Cryogonal\n|-unboost|p1a: Cryogonal|atk|1\n|-heal|p2a: Polteageist|222/222\n|\n|upkeep\n|turn|34\n|inactive|Time left: 300 sec this turn | 300 sec total\n|\n|t:|1783560978\n|switch|p1a: Hydrapple|Hydrapple, L83, F, tera:Steel|100/100\n|move|p2a: Polteageist|Shell Smash|p2a: Polteageist\n|-unboost|p2a: Polteageist|def|1\n|-unboost|p2a: Polteageist|spd|1\n|-boost|p2a: Polteageist|atk|2\n|-boost|p2a: Polteageist|spa|2\n|-boost|p2a: Polteageist|spe|2\n|\n|upkeep\n|turn|35\n|inactive|Time left: 300 sec this turn | 300 sec total\n|\n|t:|1783560979\n|move|p2a: Polteageist|Shadow Ball|p1a: Hydrapple\n|-crit|p1a: Hydrapple\n|-damage|p1a: Hydrapple|35/100\n|-unboost|p1a: Hydrapple|spd|1\n|move|p1a: Hydrapple|Dragon Tail|p2a: Polteageist\n|-damage|p2a: Polteageist|119/222\n|-start|p1a: Hydrapple|Disable|Dragon Tail|[from] ability: Cursed Body|[of] p2a: Polteageist\n|drag|p2a: Gothitelle|Gothitelle, L90, M|248/272\n|\n|upkeep\n|turn|36\n|inactive|Time left: 300 sec this turn | 300 sec total\n|\n|t:|1783560980\n|move|p2a: Gothitelle|Focus Blast|p1a: Hydrapple\n|-supereffective|p1a: Hydrapple\n|-damage|p1a: Hydrapple|0 fnt\n|faint|p1a: Hydrapple\n|\n|upkeep\n|\n|t:|1783560981\n|switch|p1a: Cryogonal|Cryogonal, L89|100/100 slp\n|turn|37\n|inactive|Time left: 300 sec this turn | 300 sec total\n|\n|t:|1783560982\n|-terastallize|p2a: Gothitelle|Fighting\n|move|p2a: Gothitelle|Focus Blast|p1a: Cryogonal\n|-supereffective|p1a: Cryogonal\n|-damage|p1a: Cryogonal|27/100 slp\n|cant|p1a: Cryogonal|slp\n|\n|upkeep\n|turn|38\n|inactive|Time left: 300 sec this turn | 300 sec total\n|\n|t:|1783560983\n|move|p2a: Gothitelle|Focus Blast|p1a: Cryogonal\n|-supereffective|p1a: Cryogonal\n|-damage|p1a: Cryogonal|0 fnt\n|faint|p1a: Cryogonal\n|\n|win|p0y1873a2db", "uploadtime": 1783560983, "views": 0, "rating": 0, "private": 0, "password": null, "_winner": "p0y1873a2db", "_our_name": "p0y1873a2db"}