{"id": "battle-gen9randombattle-154", "formatid": "gen9randombattle", "format": "[Gen 9] Random Battle", "players": ["p0x1544cf4", "p0y154f48e"], "log": "|init|battle\n|title|p0x1544cf4 vs. p0y154f48e\n|j|\u2606p0x1544cf4\n|j|\u2606p0y154f48e\n|t:|1783540946\n|gametype|singles\n|player|p1|p0x1544cf4|169|\n|player|p2|p0y154f48e|2|\n|gen|9\n|tier|[Gen 9] Random Battle\n|rule|Species Clause: Limit one of each Pok\u00e9mon\n|rule|HP Percentage Mod: HP is shown in percentages\n|rule|Sleep Clause Mod: Limit one foe put to sleep\n|rule|Illusion Level Mod: Illusion disguises the Pok\u00e9mon's true level\n|\n|t:|1783540946\n|teamsize|p1|6\n|teamsize|p2|6\n|start\n|switch|p1a: Hariyama|Hariyama, L87, F|100/100\n|switch|p2a: Honchkrow|Honchkrow, L86, M|312/312\n|turn|1\n|inactive|Battle timer is ON: inactive players will automatically lose when time's up. (requested by p0y154f48e)\n|inactive|p0x1544cf4 also wants the timer to be on.\n|\n|t:|1783540947\n|switch|p1a: Drednaw|Drednaw, L81, F|100/100\n|move|p2a: Honchkrow|Brave Bird|p1a: Drednaw\n|-resisted|p1a: Drednaw\n|-damage|p1a: Drednaw|71/100\n|-damage|p2a: Honchkrow|285/312|[from] Recoil\n|\n|upkeep\n|turn|2\n|inactive|Time left: 300 sec this turn | 300 sec total\n|\n|t:|1783540949\n|move|p2a: Honchkrow|Brave Bird|p1a: Drednaw\n|-resisted|p1a: Drednaw\n|-damage|p1a: Drednaw|42/100\n|-damage|p2a: Honchkrow|258/312|[from] Recoil\n|move|p1a: Drednaw|Shell Smash|p1a: Drednaw\n|-unboost|p1a: Drednaw|def|1\n|-unboost|p1a: Drednaw|spd|1\n|-boost|p1a: Drednaw|atk|2\n|-boost|p1a: Drednaw|spa|2\n|-boost|p1a: Drednaw|spe|2\n|-enditem|p1a: Drednaw|White Herb\n|-clearnegativeboost|p1a: Drednaw|[silent]\n|\n|upkeep\n|turn|3\n|inactive|Time left: 300 sec this turn | 300 sec total\n|\n|t:|1783540950\n|-terastallize|p2a: Honchkrow|Dark\n|move|p2a: Honchkrow|Sucker Punch|p1a: Drednaw\n|-damage|p1a: Drednaw|0 fnt\n|faint|p1a: Drednaw\n|-ability|p2a: Honchkrow|Moxie|boost\n|-boost|p2a: Honchkrow|atk|1\n|\n|upkeep\n|\n|t:|1783540951\n|switch|p1a: Clefable|Clefable, L83, F|100/100\n|turn|4\n|inactive|Time left: 300 sec this turn | 300 sec total\n|\n|t:|1783540952\n|move|p2a: Honchkrow|Brave Bird|p1a: Clefable\n|-damage|p1a: Clefable|0 fnt\n|faint|p1a: Clefable\n|-ability|p2a: Honchkrow|Moxie|boost\n|-boost|p2a: Honchkrow|atk|1\n|-damage|p2a: Honchkrow|161/312|[from] Recoil\n|\n|upkeep\n|\n|t:|1783540953\n|switch|p1a: Skeledirge|Skeledirge, L79, F|100/100\n|turn|5\n|inactive|Time left: 300 sec this turn | 300 sec total\n|\n|t:|1783540954\n|-terastallize|p1a: Skeledirge|Fairy\n|move|p2a: Honchkrow|Sucker Punch|p1a: Skeledirge\n|-resisted|p1a: Skeledirge\n|-damage|p1a: Skeledirge|81/100\n|move|p1a: Skeledirge|Torch Song|p2a: Honchkrow\n|-damage|p2a: Honchkrow|43/312\n|-boost|p1a: Skeledirge|spa|1\n|\n|upkeep\n|turn|6\n|inactive|Time left: 300 sec this turn | 300 sec total\n|\n|t:|1783540955\n|move|p2a: Honchkrow|Brave Bird|p1a: Skeledirge\n|-damage|p1a: Skeledirge|30/100\n|-damage|p2a: Honchkrow|0 fnt|[from] Recoil\n|faint|p2a: Honchkrow\n|move|p1a: Skeledirge|Slack Off|p1a: Skeledirge\n|-heal|p1a: Skeledirge|80/100\n|\n|upkeep\n|inactive|Time left: 300 sec this turn | 300 sec total | 5 sec grace\n|\n|t:|1783540956\n|switch|p2a: Volcanion|Volcanion, L79|255/255\n|turn|7\n|inactive|Time left: 300 sec this turn | 300 sec total\n|\n|t:|1783540957\n|switch|p1a: Hariyama|Hariyama, L87, F|100/100\n|move|p2a: Volcanion|Steam Eruption|p1a: Hariyama\n|-damage|p1a: Hariyama|33/100\n|\n|-status|p1a: Hariyama|brn|[from] item: Flame Orb\n|upkeep\n|turn|8\n|inactive|Time left: 300 sec this turn | 300 sec total\n|\n|t:|1783540958\n|switch|p1a: Chimecho|Chimecho, L93, M|100/100\n|move|p2a: Volcanion|Steam Eruption|p1a: Chimecho|[miss]\n|-miss|p2a: Volcanion|p1a: Chimecho\n|\n|upkeep\n|turn|9\n|inactive|Time left: 300 sec this turn | 300 sec total\n|\n|t:|1783540959\n|move|p1a: Chimecho|Cosmic Power|p1a: Chimecho\n|-boost|p1a: Chimecho|def|1\n|-boost|p1a: Chimecho|spd|1\n|move|p2a: Volcanion|Steam Eruption|p1a: Chimecho|[miss]\n|-miss|p2a: Volcanion|p1a: Chimecho\n|\n|upkeep\n|turn|10\n|inactive|Time left: 300 sec this turn | 300 sec total\n|\n|t:|1783540960\n|move|p1a: Chimecho|Cosmic Power|p1a: Chimecho\n|-boost|p1a: Chimecho|def|1\n|-boost|p1a: Chimecho|spd|1\n|move|p2a: Volcanion|Steam Eruption|p1a: Chimecho\n|-damage|p1a: Chimecho|70/100\n|\n|-heal|p1a: Chimecho|77/100|[from] item: Leftovers\n|upkeep\n|turn|11\n|inactive|Time left: 300 sec this turn | 300 sec total\n|\n|t:|1783540961\n|move|p1a: Chimecho|Stored Power|p2a: Volcanion\n|-damage|p2a: Volcanion|110/255\n|move|p2a: Volcanion|Steam Eruption|p1a: Chimecho\n|-damage|p1a: Chimecho|47/100\n|\n|-heal|p1a: Chimecho|54/100|[from] item: Leftovers\n|upkeep\n|turn|12\n|inactive|Time left: 300 sec this turn | 300 sec total\n|\n|t:|1783540963\n|switch|p2a: Ho-Oh|Ho-Oh, L71|268/268\n|move|p1a: Chimecho|Stored Power|p2a: Ho-Oh\n|-damage|p2a: Ho-Oh|177/268\n|\n|-heal|p1a: Chimecho|60/100|[from] item: Leftovers\n|upkeep\n|turn|13\n|inactive|Time left: 300 sec this turn | 300 sec total\n|\n|t:|1783540964\n|move|p1a: Chimecho|Stored Power|p2a: Ho-Oh\n|-damage|p2a: Ho-Oh|86/268\n|move|p2a: Ho-Oh|Recover|p2a: Ho-Oh\n|-heal|p2a: Ho-Oh|220/268\n|\n|-heal|p1a: Chimecho|66/100|[from] item: Leftovers\n|upkeep\n|turn|14\n|inactive|Time left: 300 sec this turn | 300 sec total\n|\n|t:|1783540965\n|move|p1a: Chimecho|Cosmic Power|p1a: Chimecho\n|-boost|p1a: Chimecho|def|1\n|-boost|p1a: Chimecho|spd|1\n|move|p2a: Ho-Oh|Sacred Fire|p1a: Chimecho\n|-damage|p1a: Chimecho|53/100\n|\n|-heal|p1a: Chimecho|59/100|[from] item: Leftovers\n|upkeep\n|turn|15\n|inactive|Time left: 300 sec this turn | 300 sec total\n|\n|t:|1783540966\n|move|p1a: Chimecho|Stored Power|p2a: Ho-Oh\n|-damage|p2a: Ho-Oh|75/268\n|move|p2a: Ho-Oh|Recover|p2a: Ho-Oh\n|-heal|p2a: Ho-Oh|209/268\n|\n|-heal|p1a: Chimecho|65/100|[from] item: Leftovers\n|upkeep\n|turn|16\n|inactive|Time left: 300 sec this turn | 300 sec total\n|\n|t:|1783540968\n|move|p1a: Chimecho|Stored Power|p2a: Ho-Oh\n|-crit|p2a: Ho-Oh\n|-damage|p2a: Ho-Oh|0 fnt\n|faint|p2a: Ho-Oh\n|\n|-heal|p1a: Chimecho|71/100|[from] item: Leftovers\n|upkeep\n|inactive|Time left: 300 sec this turn | 300 sec total | 5 sec grace\n|\n|t:|1783540969\n|switch|p2a: Gardevoir|Gardevoir, L83, M|249/249\n|-ability|p2a: Gardevoir|Levitate|Trace|[from] ability: Trace|[of] p1a: Chimecho\n|turn|17\n|inactive|Time left: 300 sec this turn | 300 sec total\n|\n|t:|1783540970\n|move|p2a: Gardevoir|Moonblast|p1a: Chimecho\n|-damage|p1a: Chimecho|57/100\n|-unboost|p1a: Chimecho|spa|1\n|move|p1a: Chimecho|Stored Power|p2a: Gardevoir\n|-resisted|p2a: Gardevoir\n|-damage|p2a: Gardevoir|201/249\n|\n|-heal|p1a: Chimecho|63/100|[from] item: Leftovers\n|upkeep\n|turn|18\n|inactive|Time left: 300 sec this turn | 300 sec total\n|\n|t:|1783540971\n|move|p2a: Gardevoir|Moonblast|p1a: Chimecho\n|-damage|p1a: Chimecho|48/100\n|-unboost|p1a: Chimecho|spa|1\n|move|p1a: Chimecho|Stored Power|p2a: Gardevoir\n|-resisted|p2a: Gardevoir\n|-damage|p2a: Gardevoir|165/249\n|\n|-heal|p1a: Chimecho|55/100|[from] item: Leftovers\n|upkeep\n|turn|19\n|inactive|Time left: 300 sec this turn | 300 sec total\n|\n|t:|1783540973\n|move|p2a: Gardevoir|Moonblast|p1a: Chimecho\n|-crit|p1a: Chimecho\n|-damage|p1a: Chimecho|0 fnt\n|faint|p1a: Chimecho\n|\n|upkeep\n|\n|t:|1783540974\n|switch|p1a: Shaymin|Shaymin-Sky, L73|100/100\n|turn|20\n|inactive|Time left: 300 sec this turn | 300 sec total\n|\n|t:|1783540975\n|move|p2a: Gardevoir|Moonblast|p1a: Shaymin\n|-damage|p1a: Shaymin|45/100\n|move|p1a: Shaymin|Air Slash|p2a: Gardevoir\n|-crit|p2a: Gardevoir\n|-damage|p2a: Gardevoir|72/249\n|\n|-heal|p1a: Shaymin|51/100|[from] item: Leftovers\n|upkeep\n|turn|21\n|inactive|Time left: 300 sec this turn | 300 sec total\n|\n|t:|1783540976\n|move|p2a: Gardevoir|Moonblast|p1a: Shaymin\n|-damage|p1a: Shaymin|0 fnt\n|faint|p1a: Shaymin\n|\n|upkeep\n|\n|t:|1783540978\n|switch|p1a: Skeledirge|Skeledirge, L79, F, tera:Fairy|80/100\n|turn|22\n|inactive|Time left: 300 sec this turn | 300 sec total\n|\n|t:|1783540979\n|switch|p2a: Volcanion|Volcanion, L79|110/255\n|move|p1a: Skeledirge|Slack Off|p1a: Skeledirge\n|-heal|p1a: Skeledirge|100/100\n|\n|upkeep\n|turn|23\n|inactive|Time left: 300 sec this turn | 300 sec total\n|\n|t:|1783540980\n|move|p2a: Volcanion|Sludge Bomb|p1a: Skeledirge\n|-supereffective|p1a: Skeledirge\n|-damage|p1a: Skeledirge|15/100\n|move|p1a: Skeledirge|Slack Off|p1a: Skeledirge\n|-heal|p1a: Skeledirge|65/100\n|\n|upkeep\n|turn|24\n|inactive|Time left: 300 sec this turn | 300 sec total\n|\n|t:|1783540981\n|move|p2a: Volcanion|Sludge Bomb|p1a: Skeledirge\n|-supereffective|p1a: Skeledirge\n|-damage|p1a: Skeledirge|0 fnt\n|faint|p1a: Skeledirge\n|\n|upkeep\n|\n|t:|1783540982\n|switch|p1a: Hariyama|Hariyama, L87, F|33/100 brn\n|turn|25\n|inactive|Time left: 300 sec this turn | 300 sec total\n|\n|t:|1783540982\n|move|p2a: Volcanion|Sludge Bomb|p1a: Hariyama\n|-damage|p1a: Hariyama|0 fnt\n|faint|p1a: Hariyama\n|\n|win|p0y154f48e", "uploadtime": 1783540982, "views": 0, "rating": 0, "private": 0, "password": null, "_winner": "p0y154f48e", "_our_name": "p0y154f48e"}