{"id": "battle-gen9randombattle-1863", "formatid": "gen9randombattle", "format": "[Gen 9] Random Battle", "players": ["p0x1863a1fa", "p0y186358bc"], "log": "|init|battle\n|title|p0x1863a1fa vs. p0y186358bc\n|j|\u2606p0x1863a1fa\n|j|\u2606p0y186358bc\n|t:|1783560839\n|gametype|singles\n|player|p1|p0x1863a1fa|102|\n|player|p2|p0y186358bc|170|\n|gen|9\n|tier|[Gen 9] Random Battle\n|rule|Species Clause: Limit one of each Pok\u00e9mon\n|rule|HP Percentage Mod: HP is shown in percentages\n|rule|Sleep Clause Mod: Limit one foe put to sleep\n|rule|Illusion Level Mod: Illusion disguises the Pok\u00e9mon's true level\n|\n|t:|1783560839\n|teamsize|p1|6\n|teamsize|p2|6\n|start\n|switch|p1a: Okidogi|Okidogi, L77, M|262/262\n|switch|p2a: Hatterene|Hatterene, L85, F|100/100\n|turn|1\n|inactive|Battle timer is ON: inactive players will automatically lose when time's up. (requested by p0y186358bc)\n|inactive|Time left: 300 sec this turn | 300 sec total | 60 sec grace\n|inactive|p0x1863a1fa also wants the timer to be on.\n|\n|t:|1783560841\n|move|p1a: Okidogi|Gunk Shot|p2a: Hatterene\n|-supereffective|p2a: Hatterene\n|-damage|p2a: Hatterene|0 fnt\n|faint|p2a: Hatterene\n|\n|upkeep\n|\n|t:|1783560842\n|switch|p2a: Chi-Yu|Chi-Yu, L77|100/100\n|-ability|p2a: Chi-Yu|Beads of Ruin\n|turn|2\n|inactive|Time left: 300 sec this turn | 300 sec total\n|\n|t:|1783560843\n|move|p2a: Chi-Yu|Psychic|p1a: Okidogi\n|-supereffective|p1a: Okidogi\n|-damage|p1a: Okidogi|0 fnt\n|faint|p1a: Okidogi\n|\n|upkeep\n|inactive|Time left: 300 sec this turn | 300 sec total | 5 sec grace\n|\n|t:|1783560844\n|switch|p1a: Flapple|Flapple, L88, M|266/266\n|turn|3\n|inactive|Time left: 300 sec this turn | 300 sec total\n|\n|t:|1783560845\n|move|p2a: Chi-Yu|Psychic|p1a: Flapple\n|-damage|p1a: Flapple|95/266\n|move|p1a: Flapple|Outrage|p2a: Chi-Yu\n|-damage|p2a: Chi-Yu|0 fnt\n|faint|p2a: Chi-Yu\n|\n|upkeep\n|\n|t:|1783560846\n|switch|p2a: Basculin|Basculin-Blue-Striped, L86, F|100/100\n|turn|4\n|inactive|Time left: 300 sec this turn | 300 sec total\n|\n|t:|1783560847\n|move|p2a: Basculin|Double-Edge|p1a: Flapple\n|-damage|p1a: Flapple|0 fnt\n|faint|p1a: Flapple\n|-damage|p2a: Basculin|89/100|[from] Recoil\n|\n|upkeep\n|inactive|Time left: 300 sec this turn | 300 sec total | 5 sec grace\n|\n|t:|1783560848\n|switch|p1a: Clefable|Clefable, L83, M|293/293\n|turn|5\n|inactive|Time left: 300 sec this turn | 300 sec total\n|\n|t:|1783560849\n|switch|p2a: Dusknoir|Dusknoir, L89, M|100/100\n|-item|p1a: Clefable|Life Orb|[from] ability: Frisk|[of] p2a: Dusknoir\n|move|p1a: Clefable|Moonblast|p2a: Dusknoir\n|-damage|p2a: Dusknoir|64/100\n|\n|upkeep\n|turn|6\n|inactive|Time left: 300 sec this turn | 300 sec total\n|\n|t:|1783560850\n|switch|p1a: Stantler|Stantler, L92, M|284/284\n|-ability|p1a: Stantler|Intimidate|boost\n|-unboost|p2a: Dusknoir|atk|1\n|move|p2a: Dusknoir|Pain Split|p1a: Stantler\n|-sethp|p1a: Stantler|213/284|[from] move: Pain Split|[silent]\n|-sethp|p2a: Dusknoir|95/100|[from] move: Pain Split\n|\n|upkeep\n|turn|7\n|inactive|Time left: 300 sec this turn | 300 sec total\n|\n|t:|1783560851\n|switch|p2a: Basculin|Basculin-Blue-Striped, L86, F|89/100\n|move|p1a: Stantler|Throat Chop|p2a: Basculin\n|-damage|p2a: Basculin|56/100\n|-start|p2a: Basculin|Throat Chop|[silent]\n|\n|upkeep\n|turn|8\n|inactive|Time left: 300 sec this turn | 300 sec total\n|\n|t:|1783560852\n|move|p2a: Basculin|Wave Crash|p1a: Stantler\n|-damage|p1a: Stantler|3/284\n|-damage|p2a: Basculin|30/100|[from] Recoil\n|move|p1a: Stantler|Earthquake|p2a: Basculin\n|-damage|p2a: Basculin|0 fnt\n|faint|p2a: Basculin\n|\n|upkeep\n|\n|t:|1783560853\n|switch|p2a: Cresselia|Cresselia, L80, F|100/100\n|turn|9\n|inactive|Time left: 300 sec this turn | 300 sec total\n|\n|t:|1783560854\n|move|p1a: Stantler|Thunder Wave|p2a: Cresselia\n|-status|p2a: Cresselia|par\n|move|p2a: Cresselia|Calm Mind|p2a: Cresselia\n|-boost|p2a: Cresselia|spa|1\n|-boost|p2a: Cresselia|spd|1\n|\n|upkeep\n|turn|10\n|inactive|Time left: 300 sec this turn | 300 sec total\n|\n|t:|1783560855\n|move|p1a: Stantler|Throat Chop|p2a: Cresselia\n|-supereffective|p2a: Cresselia\n|-damage|p2a: Cresselia|62/100 par\n|-start|p2a: Cresselia|Throat Chop|[silent]\n|cant|p2a: Cresselia|par\n|\n|-heal|p2a: Cresselia|68/100 par|[from] item: Leftovers\n|upkeep\n|turn|11\n|inactive|Time left: 300 sec this turn | 300 sec total\n|\n|t:|1783560856\n|move|p1a: Stantler|Throat Chop|p2a: Cresselia\n|-supereffective|p2a: Cresselia\n|-damage|p2a: Cresselia|34/100 par\n|move|p2a: Cresselia|Calm Mind|p2a: Cresselia\n|-boost|p2a: Cresselia|spa|1\n|-boost|p2a: Cresselia|spd|1\n|\n|-heal|p2a: Cresselia|40/100 par|[from] item: Leftovers\n|-end|p2a: Cresselia|Throat Chop|[silent]\n|upkeep\n|turn|12\n|inactive|Time left: 300 sec this turn | 300 sec total\n|\n|t:|1783560857\n|move|p1a: Stantler|Body Slam|p2a: Cresselia\n|-damage|p2a: Cresselia|14/100 par\n|move|p2a: Cresselia|Moonlight|p2a: Cresselia\n|-heal|p2a: Cresselia|64/100 par\n|\n|-heal|p2a: Cresselia|70/100 par|[from] item: Leftovers\n|upkeep\n|turn|13\n|inactive|Time left: 300 sec this turn | 300 sec total\n|\n|t:|1783560858\n|move|p1a: Stantler|Throat Chop|p2a: Cresselia\n|-supereffective|p2a: Cresselia\n|-damage|p2a: Cresselia|33/100 par\n|-start|p2a: Cresselia|Throat Chop|[silent]\n|move|p2a: Cresselia|Thunderbolt|p1a: Stantler\n|-damage|p1a: Stantler|0 fnt\n|faint|p1a: Stantler\n|\n|-heal|p2a: Cresselia|39/100 par|[from] item: Leftovers\n|upkeep\n|inactive|Time left: 300 sec this turn | 300 sec total | 5 sec grace\n|\n|t:|1783560859\n|switch|p1a: Honchkrow|Honchkrow, L86, M|312/312\n|turn|14\n|inactive|Time left: 300 sec this turn | 300 sec total\n|\n|t:|1783560860\n|-terastallize|p2a: Cresselia|Electric\n|move|p1a: Honchkrow|Brave Bird|p2a: Cresselia\n|-resisted|p2a: Cresselia\n|-damage|p2a: Cresselia|18/100 par\n|-damage|p1a: Honchkrow|289/312|[from] Recoil\n|cant|p2a: Cresselia|par\n|\n|-heal|p2a: Cresselia|24/100 par|[from] item: Leftovers\n|-end|p2a: Cresselia|Throat Chop|[silent]\n|upkeep\n|turn|15\n|inactive|Time left: 300 sec this turn | 300 sec total\n|\n|t:|1783560861\n|move|p1a: Honchkrow|Lash Out|p2a: Cresselia\n|-damage|p2a: Cresselia|0 fnt\n|faint|p2a: Cresselia\n|-ability|p1a: Honchkrow|Moxie|boost\n|-boost|p1a: Honchkrow|atk|1\n|\n|upkeep\n|\n|t:|1783560862\n|switch|p2a: Dusknoir|Dusknoir, L89, M|95/100\n|-item|p1a: Honchkrow|Heavy-Duty Boots|[from] ability: Frisk|[of] p2a: Dusknoir\n|turn|16\n|inactive|Time left: 300 sec this turn | 300 sec total\n|\n|t:|1783560863\n|switch|p2a: Feraligatr|Feraligatr, L79, M|100/100\n|-terastallize|p1a: Honchkrow|Dark\n|move|p1a: Honchkrow|Lash Out|p2a: Feraligatr\n|-damage|p2a: Feraligatr|28/100\n|\n|upkeep\n|turn|17\n|inactive|Time left: 300 sec this turn | 300 sec total\n|\n|t:|1783560864\n|switch|p2a: Dusknoir|Dusknoir, L89, M|95/100\n|-item|p1a: Honchkrow|Heavy-Duty Boots|[from] ability: Frisk|[of] p2a: Dusknoir\n|move|p1a: Honchkrow|Lash Out|p2a: Dusknoir\n|-supereffective|p2a: Dusknoir\n|-crit|p2a: Dusknoir\n|-damage|p2a: Dusknoir|0 fnt\n|faint|p2a: Dusknoir\n|-ability|p1a: Honchkrow|Moxie|boost\n|-boost|p1a: Honchkrow|atk|1\n|\n|upkeep\n|\n|t:|1783560865\n|switch|p2a: Feraligatr|Feraligatr, L79, M|28/100\n|turn|18\n|inactive|Time left: 300 sec this turn | 300 sec total\n|\n|t:|1783560866\n|move|p1a: Honchkrow|Lash Out|p2a: Feraligatr\n|-damage|p2a: Feraligatr|0 fnt\n|faint|p2a: Feraligatr\n|\n|win|p0x1863a1fa", "uploadtime": 1783560866, "views": 0, "rating": 0, "private": 0, "password": null, "_winner": "p0x1863a1fa", "_our_name": "p0x1863a1fa"}