{"id": "battle-gen9randombattle-2866", "formatid": "gen9randombattle", "format": "[Gen 9] Random Battle", "players": ["p0x28662e07", "p0y2866167c"], "log": "|init|battle\n|title|p0x28662e07 vs. p0y2866167c\n|j|\u2606p0x28662e07\n|j|\u2606p0y2866167c\n|t:|1783572043\n|gametype|singles\n|player|p1|p0x28662e07|265|\n|player|p2|p0y2866167c|2|\n|gen|9\n|tier|[Gen 9] Random Battle\n|rule|Species Clause: Limit one of each Pok\u00e9mon\n|rule|HP Percentage Mod: HP is shown in percentages\n|rule|Sleep Clause Mod: Limit one foe put to sleep\n|rule|Illusion Level Mod: Illusion disguises the Pok\u00e9mon's true level\n|\n|t:|1783572043\n|teamsize|p1|6\n|teamsize|p2|6\n|start\n|switch|p1a: Mewtwo|Mewtwo, L72|272/272\n|switch|p2a: Kleavor|Kleavor, L78, M|100/100\n|-ability|p1a: Mewtwo|Pressure\n|turn|1\n|inactive|Battle timer is ON: inactive players will automatically lose when time's up. (requested by p0x28662e07)\n|inactive|p0y2866167c also wants the timer to be on.\n|\n|t:|1783572044\n|move|p2a: Kleavor|X-Scissor|p1a: Mewtwo\n|-supereffective|p1a: Mewtwo\n|-crit|p1a: Mewtwo\n|-damage|p1a: Mewtwo|0 fnt\n|faint|p1a: Mewtwo\n|\n|upkeep\n|inactive|Time left: 300 sec this turn | 300 sec total | 65 sec grace\n|\n|t:|1783572045\n|switch|p1a: Clawitzer|Clawitzer, L87, M|265/265\n|turn|2\n|inactive|Time left: 300 sec this turn | 300 sec total\n|\n|t:|1783572047\n|move|p2a: Kleavor|X-Scissor|p1a: Clawitzer\n|-crit|p1a: Clawitzer\n|-damage|p1a: Clawitzer|46/265\n|move|p1a: Clawitzer|Water Pulse|p2a: Kleavor\n|-supereffective|p2a: Kleavor\n|-damage|p2a: Kleavor|0 fnt\n|faint|p2a: Kleavor\n|\n|upkeep\n|\n|t:|1783572048\n|switch|p2a: Iron Leaves|Iron Leaves, L80|100/100\n|turn|3\n|inactive|Time left: 300 sec this turn | 300 sec total\n|\n|t:|1783572049\n|switch|p1a: Bronzong|Bronzong, L88|261/261\n|move|p2a: Iron Leaves|Psyblade|p1a: Bronzong\n|-resisted|p1a: Bronzong\n|-damage|p1a: Bronzong|235/261\n|\n|-heal|p1a: Bronzong|251/261|[from] item: Leftovers\n|upkeep\n|turn|4\n|inactive|Time left: 300 sec this turn | 300 sec total\n|\n|t:|1783572051\n|move|p2a: Iron Leaves|Psyblade|p1a: Bronzong\n|-resisted|p1a: Bronzong\n|-damage|p1a: Bronzong|223/261\n|move|p1a: Bronzong|Iron Head|p2a: Iron Leaves\n|-damage|p2a: Iron Leaves|68/100\n|\n|-heal|p1a: Bronzong|239/261|[from] item: Leftovers\n|upkeep\n|turn|5\n|inactive|Time left: 300 sec this turn | 300 sec total\n|\n|t:|1783572052\n|move|p2a: Iron Leaves|Psyblade|p1a: Bronzong\n|-resisted|p1a: Bronzong\n|-damage|p1a: Bronzong|211/261\n|move|p1a: Bronzong|Iron Defense|p1a: Bronzong\n|-boost|p1a: Bronzong|def|2\n|\n|-heal|p1a: Bronzong|227/261|[from] item: Leftovers\n|upkeep\n|turn|6\n|inactive|Time left: 300 sec this turn | 300 sec total\n|\n|t:|1783572053\n|move|p2a: Iron Leaves|Psyblade|p1a: Bronzong\n|-resisted|p1a: Bronzong\n|-crit|p1a: Bronzong\n|-damage|p1a: Bronzong|182/261\n|move|p1a: Bronzong|Iron Head|p2a: Iron Leaves\n|-damage|p2a: Iron Leaves|36/100\n|\n|-heal|p1a: Bronzong|198/261|[from] item: Leftovers\n|upkeep\n|turn|7\n|inactive|Time left: 300 sec this turn | 300 sec total\n|\n|t:|1783572054\n|move|p2a: Iron Leaves|Psyblade|p1a: Bronzong\n|-resisted|p1a: Bronzong\n|-damage|p1a: Bronzong|185/261\n|move|p1a: Bronzong|Body Press|p2a: Iron Leaves\n|-resisted|p2a: Iron Leaves\n|-damage|p2a: Iron Leaves|11/100\n|\n|-heal|p1a: Bronzong|201/261|[from] item: Leftovers\n|upkeep\n|turn|8\n|inactive|Time left: 300 sec this turn | 300 sec total\n|\n|t:|1783572055\n|-end|p2a: Iron Leaves|Quark Drive|[silent]\n|switch|p2a: Chimecho|Chimecho, L93, F|100/100\n|move|p1a: Bronzong|Body Press|p2a: Chimecho\n|-resisted|p2a: Chimecho\n|-damage|p2a: Chimecho|78/100\n|\n|-heal|p2a: Chimecho|84/100|[from] item: Leftovers\n|-heal|p1a: Bronzong|217/261|[from] item: Leftovers\n|upkeep\n|turn|9\n|inactive|Time left: 300 sec this turn | 300 sec total\n|\n|t:|1783572057\n|move|p2a: Chimecho|Cosmic Power|p2a: Chimecho\n|-boost|p2a: Chimecho|def|1\n|-boost|p2a: Chimecho|spd|1\n|move|p1a: Bronzong|Body Press|p2a: Chimecho\n|-resisted|p2a: Chimecho\n|-damage|p2a: Chimecho|69/100\n|\n|-heal|p2a: Chimecho|76/100|[from] item: Leftovers\n|-heal|p1a: Bronzong|233/261|[from] item: Leftovers\n|upkeep\n|turn|10\n|inactive|Time left: 300 sec this turn | 300 sec total\n|\n|t:|1783572058\n|move|p2a: Chimecho|Cosmic Power|p2a: Chimecho\n|-boost|p2a: Chimecho|def|1\n|-boost|p2a: Chimecho|spd|1\n|move|p1a: Bronzong|Psychic Noise|p2a: Chimecho\n|-resisted|p2a: Chimecho\n|-damage|p2a: Chimecho|69/100\n|-start|p2a: Chimecho|move: Heal Block\n|\n|-heal|p1a: Bronzong|249/261|[from] item: Leftovers\n|upkeep\n|turn|11\n|inactive|Time left: 300 sec this turn | 300 sec total\n|\n|t:|1783572059\n|move|p2a: Chimecho|Cosmic Power|p2a: Chimecho\n|-boost|p2a: Chimecho|def|1\n|-boost|p2a: Chimecho|spd|1\n|move|p1a: Bronzong|Iron Head|p2a: Chimecho\n|-damage|p2a: Chimecho|56/100\n|\n|-heal|p1a: Bronzong|261/261|[from] item: Leftovers\n|-end|p2a: Chimecho|move: Heal Block\n|upkeep\n|turn|12\n|inactive|Time left: 300 sec this turn | 300 sec total\n|\n|t:|1783572060\n|move|p2a: Chimecho|Recover|p2a: Chimecho\n|-heal|p2a: Chimecho|100/100\n|move|p1a: Bronzong|Iron Head|p2a: Chimecho\n|-damage|p2a: Chimecho|88/100\n|\n|-heal|p2a: Chimecho|94/100|[from] item: Leftovers\n|upkeep\n|turn|13\n|inactive|Time left: 300 sec this turn | 300 sec total\n|\n|t:|1783572061\n|move|p2a: Chimecho|Cosmic Power|p2a: Chimecho\n|-boost|p2a: Chimecho|def|1\n|-boost|p2a: Chimecho|spd|1\n|move|p1a: Bronzong|Iron Defense|p1a: Bronzong\n|-boost|p1a: Bronzong|def|2\n|\n|-heal|p2a: Chimecho|99/100|[from] item: Leftovers\n|upkeep\n|turn|14\n|inactive|Time left: 300 sec this turn | 300 sec total\n|\n|t:|1783572062\n|move|p2a: Chimecho|Stored Power|p1a: Bronzong\n|-resisted|p1a: Bronzong\n|-damage|p1a: Bronzong|217/261\n|move|p1a: Bronzong|Body Press|p2a: Chimecho\n|-resisted|p2a: Chimecho\n|-damage|p2a: Chimecho|88/100\n|\n|-heal|p2a: Chimecho|95/100|[from] item: Leftovers\n|-heal|p1a: Bronzong|233/261|[from] item: Leftovers\n|upkeep\n|turn|15\n|inactive|Time left: 300 sec this turn | 300 sec total\n|\n|t:|1783572063\n|move|p2a: Chimecho|Stored Power|p1a: Bronzong\n|-resisted|p1a: Bronzong\n|-damage|p1a: Bronzong|187/261\n|move|p1a: Bronzong|Body Press|p2a: Chimecho\n|-resisted|p2a: Chimecho\n|-damage|p2a: Chimecho|82/100\n|\n|-heal|p2a: Chimecho|88/100|[from] item: Leftovers\n|-heal|p1a: Bronzong|203/261|[from] item: Leftovers\n|upkeep\n|turn|16\n|inactive|Time left: 300 sec this turn | 300 sec total\n|\n|t:|1783572064\n|move|p2a: Chimecho|Stored Power|p1a: Bronzong\n|-resisted|p1a: Bronzong\n|-damage|p1a: Bronzong|159/261\n|move|p1a: Bronzong|Body Press|p2a: Chimecho\n|-resisted|p2a: Chimecho\n|-damage|p2a: Chimecho|77/100\n|\n|-heal|p2a: Chimecho|83/100|[from] item: Leftovers\n|-heal|p1a: Bronzong|175/261|[from] item: Leftovers\n|upkeep\n|turn|17\n|inactive|Time left: 300 sec this turn | 300 sec total\n|\n|t:|1783572065\n|move|p2a: Chimecho|Stored Power|p1a: Bronzong\n|-resisted|p1a: Bronzong\n|-damage|p1a: Bronzong|135/261\n|move|p1a: Bronzong|Body Press|p2a: Chimecho\n|-resisted|p2a: Chimecho\n|-damage|p2a: Chimecho|72/100\n|\n|-heal|p2a: Chimecho|78/100|[from] item: Leftovers\n|-heal|p1a: Bronzong|151/261|[from] item: Leftovers\n|upkeep\n|turn|18\n|inactive|Time left: 300 sec this turn | 300 sec total\n|\n|t:|1783572067\n|move|p2a: Chimecho|Stored Power|p1a: Bronzong\n|-resisted|p1a: Bronzong\n|-damage|p1a: Bronzong|105/261\n|move|p1a: Bronzong|Body Press|p2a: Chimecho\n|-resisted|p2a: Chimecho\n|-damage|p2a: Chimecho|66/100\n|\n|-heal|p2a: Chimecho|73/100|[from] item: Leftovers\n|-heal|p1a: Bronzong|121/261|[from] item: Leftovers\n|upkeep\n|turn|19\n|inactive|Time left: 300 sec this turn | 300 sec total\n|\n|t:|1783572068\n|move|p2a: Chimecho|Stored Power|p1a: Bronzong\n|-resisted|p1a: Bronzong\n|-damage|p1a: Bronzong|79/261\n|move|p1a: Bronzong|Psychic Noise|p2a: Chimecho\n|-resisted|p2a: Chimecho\n|-damage|p2a: Chimecho|69/100\n|-start|p2a: Chimecho|move: Heal Block\n|\n|-heal|p1a: Bronzong|95/261|[from] item: Leftovers\n|upkeep\n|turn|20\n|inactive|Time left: 300 sec this turn | 300 sec total\n|\n|t:|1783572070\n|move|p2a: Chimecho|Stored Power|p1a: Bronzong\n|-resisted|p1a: Bronzong\n|-crit|p1a: Bronzong\n|-damage|p1a: Bronzong|34/261\n|move|p1a: Bronzong|Body Press|p2a: Chimecho\n|-resisted|p2a: Chimecho\n|-damage|p2a: Chimecho|56/100\n|\n|-heal|p1a: Bronzong|50/261|[from] item: Leftovers\n|-end|p2a: Chimecho|move: Heal Block\n|upkeep\n|turn|21\n|inactive|Time left: 300 sec this turn | 300 sec total\n|\n|t:|1783572071\n|move|p2a: Chimecho|Stored Power|p1a: Bronzong\n|-resisted|p1a: Bronzong\n|-damage|p1a: Bronzong|6/261\n|move|p1a: Bronzong|Psychic Noise|p2a: Chimecho\n|-resisted|p2a: Chimecho\n|-damage|p2a: Chimecho|52/100\n|-start|p2a: Chimecho|move: Heal Block\n|\n|-heal|p1a: Bronzong|22/261|[from] item: Leftovers\n|upkeep\n|turn|22\n|inactive|Time left: 300 sec this turn | 300 sec total\n|\n|t:|1783572073\n|move|p2a: Chimecho|Stored Power|p1a: Bronzong\n|-resisted|p1a: Bronzong\n|-damage|p1a: Bronzong|0 fnt\n|faint|p1a: Bronzong\n|\n|-end|p2a: Chimecho|move: Heal Block\n|upkeep\n|inactive|Time left: 300 sec this turn | 300 sec total | 5 sec grace\n|\n|t:|1783572074\n|switch|p1a: Lumineon|Lumineon, L93, M|279/279\n|turn|23\n|inactive|Time left: 300 sec this turn | 300 sec total\n|\n|t:|1783572075\n|move|p1a: Lumineon|Hydro Pump|p2a: Chimecho\n|-damage|p2a: Chimecho|40/100\n|move|p2a: Chimecho|Stored Power|p1a: Lumineon\n|-damage|p1a: Lumineon|57/279\n|\n|-heal|p2a: Chimecho|47/100|[from] item: Leftovers\n|upkeep\n|turn|24\n|inactive|Time left: 300 sec this turn | 300 sec total\n|\n|t:|1783572076\n|move|p1a: Lumineon|Ice Beam|p2a: Chimecho\n|-damage|p2a: Chimecho|40/100\n|move|p2a: Chimecho|Stored Power|p1a: Lumineon\n|-damage|p1a: Lumineon|0 fnt\n|faint|p1a: Lumineon\n|\n|-heal|p2a: Chimecho|47/100|[from] item: Leftovers\n|upkeep\n|inactive|Time left: 300 sec this turn | 300 sec total | 5 sec grace\n|\n|t:|1783572077\n|switch|p1a: Toxtricity|Toxtricity, L82, F|257/257\n|turn|25\n|inactive|Time left: 300 sec this turn | 300 sec total\n|\n|t:|1783572078\n|switch|p1a: Clawitzer|Clawitzer, L87, M|46/265\n|move|p2a: Chimecho|Stored Power|p1a: Clawitzer\n|-damage|p1a: Clawitzer|0 fnt\n|faint|p1a: Clawitzer\n|\n|-heal|p2a: Chimecho|53/100|[from] item: Leftovers\n|upkeep\n|inactive|Time left: 300 sec this turn | 300 sec total | 5 sec grace\n|\n|t:|1783572079\n|switch|p1a: Toxtricity|Toxtricity, L82, F|257/257\n|turn|26\n|inactive|Time left: 300 sec this turn | 300 sec total\n|\n|t:|1783572080\n|move|p1a: Toxtricity|Overdrive|p2a: Chimecho\n|-damage|p2a: Chimecho|40/100\n|move|p2a: Chimecho|Stored Power|p1a: Toxtricity\n|-supereffective|p1a: Toxtricity\n|-damage|p1a: Toxtricity|0 fnt\n|faint|p1a: Toxtricity\n|\n|-heal|p2a: Chimecho|47/100|[from] item: Leftovers\n|upkeep\n|inactive|Time left: 300 sec this turn | 300 sec total | 5 sec grace\n|\n|t:|1783572081\n|switch|p1a: Pawmot|Pawmot, L80, M|243/243\n|turn|27\n|inactive|Time left: 300 sec this turn | 300 sec total\n|\n|t:|1783572082\n|move|p1a: Pawmot|Ice Punch|p2a: Chimecho\n|-damage|p2a: Chimecho|36/100\n|-damage|p1a: Pawmot|219/243|[from] item: Life Orb\n|move|p2a: Chimecho|Stored Power|p1a: Pawmot\n|-supereffective|p1a: Pawmot\n|-damage|p1a: Pawmot|0 fnt\n|faint|p1a: Pawmot\n|\n|win|p0y2866167c", "uploadtime": 1783572082, "views": 0, "rating": 0, "private": 0, "password": null, "_winner": "p0y2866167c", "_our_name": "p0x28662e07"}