{"id": "battle-gen9randombattle-182", "formatid": "gen9randombattle", "format": "[Gen 9] Random Battle", "players": ["p0x182947e", "p0y18204c2"], "log": "|init|battle\n|title|p0x182947e vs. p0y18204c2\n|j|\u2606p0x182947e\n|j|\u2606p0y18204c2\n|t:|1783535344\n|gametype|singles\n|player|p1|p0x182947e|266|\n|player|p2|p0y18204c2|170|\n|gen|9\n|tier|[Gen 9] Random Battle\n|rule|Species Clause: Limit one of each Pok\u00e9mon\n|rule|HP Percentage Mod: HP is shown in percentages\n|rule|Sleep Clause Mod: Limit one foe put to sleep\n|rule|Illusion Level Mod: Illusion disguises the Pok\u00e9mon's true level\n|\n|t:|1783535344\n|teamsize|p1|6\n|teamsize|p2|6\n|start\n|switch|p1a: Florges|Florges-Yellow, L85, F|271/271\n|switch|p2a: Minior|Minior-Violet, L79|100/100\n|-formechange|p2a: Minior|Minior-Meteor||[from] ability: Shields Down\n|turn|1\n|inactive|Battle timer is ON: inactive players will automatically lose when time's up. (requested by p0x182947e)\n|inactive|p0y18204c2 also wants the timer to be on.\n|\n|t:|1783535346\n|move|p1a: Florges|Moonblast|p2a: Minior\n|-damage|p2a: Minior|49/100\n|-unboost|p2a: Minior|spa|1\n|-enditem|p2a: Minior|White Herb\n|-clearnegativeboost|p2a: Minior|[silent]\n|move|p2a: Minior|Shell Smash|p2a: Minior\n|-unboost|p2a: Minior|def|1\n|-unboost|p2a: Minior|spd|1\n|-boost|p2a: Minior|atk|2\n|-boost|p2a: Minior|spa|2\n|-boost|p2a: Minior|spe|2\n|\n|-formechange|p2a: Minior|Minior-Violet||[from] ability: Shields Down\n|upkeep\n|turn|2\n|inactive|Time left: 300 sec this turn | 300 sec total\n|\n|t:|1783535347\n|-terastallize|p2a: Minior|Flying\n|move|p2a: Minior|Acrobatics|p1a: Florges\n|-damage|p1a: Florges|0 fnt\n|faint|p1a: Florges\n|\n|upkeep\n|inactive|Time left: 300 sec this turn | 300 sec total | 5 sec grace\n|\n|t:|1783535347\n|switch|p1a: Basculin|Basculin-Blue-Striped, L86, M|261/261\n|turn|3\n|inactive|Time left: 300 sec this turn | 300 sec total\n|\n|t:|1783535349\n|move|p1a: Basculin|Aqua Jet|p2a: Minior\n|-damage|p2a: Minior|0 fnt\n|faint|p2a: Minior\n|\n|upkeep\n|\n|t:|1783535350\n|switch|p2a: Gholdengo|Gholdengo, L77|100/100\n|turn|4\n|inactive|Time left: 300 sec this turn | 300 sec total\n|\n|t:|1783535351\n|switch|p1a: Palkia|Palkia, L75|259/259\n|-ability|p1a: Palkia|Pressure\n|move|p2a: Gholdengo|Shadow Ball|p1a: Palkia\n|-damage|p1a: Palkia|186/259\n|\n|upkeep\n|turn|5\n|inactive|Time left: 300 sec this turn | 300 sec total\n|\n|t:|1783535352\n|move|p1a: Palkia|Fire Blast|p2a: Gholdengo\n|-supereffective|p2a: Gholdengo\n|-damage|p2a: Gholdengo|0 fnt\n|faint|p2a: Gholdengo\n|\n|upkeep\n|\n|t:|1783535353\n|switch|p2a: Deoxys|Deoxys-Defense, L84|100/100\n|-ability|p2a: Deoxys|Pressure\n|turn|6\n|inactive|Time left: 300 sec this turn | 300 sec total\n|\n|t:|1783535354\n|move|p2a: Deoxys|Stealth Rock|p1a: Palkia\n|-sidestart|p1: p0x182947e|move: Stealth Rock\n|move|p1a: Palkia|Fire Blast|p2a: Deoxys\n|-damage|p2a: Deoxys|62/100\n|\n|-heal|p2a: Deoxys|67/100|[from] item: Leftovers\n|upkeep\n|turn|7\n|inactive|Time left: 300 sec this turn | 300 sec total\n|\n|t:|1783535355\n|move|p2a: Deoxys|Knock Off|p1a: Palkia\n|-damage|p1a: Palkia|129/259\n|-enditem|p1a: Palkia|Choice Specs|[from] move: Knock Off|[of] p2a: Deoxys\n|move|p1a: Palkia|Fire Blast|p2a: Deoxys\n|-damage|p2a: Deoxys|42/100\n|\n|-heal|p2a: Deoxys|48/100|[from] item: Leftovers\n|upkeep\n|turn|8\n|inactive|Time left: 300 sec this turn | 300 sec total\n|\n|t:|1783535357\n|move|p2a: Deoxys|Recover|p2a: Deoxys\n|-heal|p2a: Deoxys|98/100\n|move|p1a: Palkia|Spacial Rend|p2a: Deoxys\n|-damage|p2a: Deoxys|60/100\n|\n|-heal|p2a: Deoxys|66/100|[from] item: Leftovers\n|upkeep\n|turn|9\n|inactive|Time left: 300 sec this turn | 300 sec total\n|\n|t:|1783535358\n|move|p2a: Deoxys|Recover|p2a: Deoxys\n|-heal|p2a: Deoxys|100/100\n|move|p1a: Palkia|Hydro Pump|p2a: Deoxys\n|-damage|p2a: Deoxys|65/100\n|\n|-heal|p2a: Deoxys|71/100|[from] item: Leftovers\n|upkeep\n|turn|10\n|inactive|Time left: 300 sec this turn | 300 sec total\n|\n|t:|1783535359\n|move|p2a: Deoxys|Recover|p2a: Deoxys\n|-heal|p2a: Deoxys|100/100\n|move|p1a: Palkia|Spacial Rend|p2a: Deoxys\n|-damage|p2a: Deoxys|63/100\n|\n|-heal|p2a: Deoxys|69/100|[from] item: Leftovers\n|upkeep\n|turn|11\n|inactive|Time left: 300 sec this turn | 300 sec total\n|\n|t:|1783535360\n|move|p2a: Deoxys|Recover|p2a: Deoxys\n|-heal|p2a: Deoxys|100/100\n|move|p1a: Palkia|Hydro Pump|p2a: Deoxys|[miss]\n|-miss|p1a: Palkia|p2a: Deoxys\n|\n|upkeep\n|turn|12\n|inactive|Time left: 300 sec this turn | 300 sec total\n|\n|t:|1783535361\n|move|p2a: Deoxys|Knock Off|p1a: Palkia\n|-damage|p1a: Palkia|94/259\n|move|p1a: Palkia|Spacial Rend|p2a: Deoxys\n|-damage|p2a: Deoxys|67/100\n|\n|-heal|p2a: Deoxys|73/100|[from] item: Leftovers\n|upkeep\n|turn|13\n|inactive|Time left: 300 sec this turn | 300 sec total\n|\n|t:|1783535363\n|move|p2a: Deoxys|Psychic Noise|p1a: Palkia\n|-damage|p1a: Palkia|39/259\n|-start|p1a: Palkia|move: Heal Block\n|move|p1a: Palkia|Spacial Rend|p2a: Deoxys\n|-damage|p2a: Deoxys|42/100\n|\n|-heal|p2a: Deoxys|48/100|[from] item: Leftovers\n|upkeep\n|turn|14\n|inactive|Time left: 300 sec this turn | 300 sec total\n|\n|t:|1783535364\n|switch|p1a: Skuntank|Skuntank, L84, F|310/310\n|-damage|p1a: Skuntank|272/310|[from] Stealth Rock\n|move|p2a: Deoxys|Recover|p2a: Deoxys\n|-heal|p2a: Deoxys|98/100\n|\n|-heal|p2a: Deoxys|100/100|[from] item: Leftovers\n|upkeep\n|turn|15\n|inactive|Time left: 300 sec this turn | 300 sec total\n|\n|t:|1783535365\n|switch|p2a: Sandy Shocks|Sandy Shocks, L80|100/100\n|move|p1a: Skuntank|Knock Off|p2a: Sandy Shocks\n|-damage|p2a: Sandy Shocks|52/100\n|-enditem|p2a: Sandy Shocks|Heavy-Duty Boots|[from] move: Knock Off|[of] p1a: Skuntank\n|-damage|p1a: Skuntank|241/310|[from] item: Life Orb\n|\n|upkeep\n|turn|16\n|inactive|Time left: 300 sec this turn | 300 sec total\n|\n|t:|1783535366\n|switch|p1a: Palkia|Palkia, L75|39/259\n|-damage|p1a: Palkia|7/259|[from] Stealth Rock\n|-ability|p1a: Palkia|Pressure\n|move|p2a: Sandy Shocks|Earth Power|p1a: Palkia\n|-damage|p1a: Palkia|0 fnt\n|faint|p1a: Palkia\n|\n|upkeep\n|inactive|Time left: 300 sec this turn | 300 sec total | 5 sec grace\n|\n|t:|1783535367\n|switch|p1a: Basculin|Basculin-Blue-Striped, L86, M|261/261\n|-damage|p1a: Basculin|229/261|[from] Stealth Rock\n|turn|17\n|inactive|Time left: 300 sec this turn | 300 sec total\n|\n|t:|1783535368\n|-end|p2a: Sandy Shocks|Protosynthesis|[silent]\n|switch|p2a: Virizion|Virizion, L82|100/100\n|move|p1a: Basculin|Wave Crash|p2a: Virizion\n|-resisted|p2a: Virizion\n|-damage|p2a: Virizion|50/100\n|-damage|p1a: Basculin|182/261|[from] Recoil\n|\n|upkeep\n|turn|18\n|inactive|Time left: 300 sec this turn | 300 sec total\n|\n|t:|1783535369\n|switch|p1a: Archaludon|Archaludon, L78, M|268/268\n|-damage|p1a: Archaludon|252/268|[from] Stealth Rock\n|move|p2a: Virizion|Leaf Blade|p1a: Archaludon\n|-resisted|p1a: Archaludon\n|-damage|p1a: Archaludon|230/268\n|-ability|p1a: Archaludon|Stamina|boost\n|-boost|p1a: Archaludon|def|1\n|-damage|p2a: Virizion|40/100|[from] item: Life Orb\n|\n|-heal|p1a: Archaludon|246/268|[from] item: Leftovers\n|upkeep\n|turn|19\n|inactive|Time left: 300 sec this turn | 300 sec total\n|\n|t:|1783535370\n|switch|p2a: Sandy Shocks|Sandy Shocks, L80|52/100\n|move|p1a: Archaludon|Body Press|p2a: Sandy Shocks\n|-damage|p2a: Sandy Shocks|17/100\n|\n|-heal|p1a: Archaludon|262/268|[from] item: Leftovers\n|upkeep\n|turn|20\n|inactive|Time left: 300 sec this turn | 300 sec total\n|\n|t:|1783535371\n|-terastallize|p1a: Archaludon|Fighting\n|move|p2a: Sandy Shocks|Earth Power|p1a: Archaludon\n|-crit|p1a: Archaludon\n|-damage|p1a: Archaludon|54/268\n|-ability|p1a: Archaludon|Stamina|boost\n|-boost|p1a: Archaludon|def|1\n|move|p1a: Archaludon|Flash Cannon|p2a: Sandy Shocks\n|-resisted|p2a: Sandy Shocks\n|-damage|p2a: Sandy Shocks|0 fnt\n|faint|p2a: Sandy Shocks\n|-end|p2a: Sandy Shocks|Protosynthesis|[silent]\n|\n|-heal|p1a: Archaludon|70/268|[from] item: Leftovers\n|upkeep\n|\n|t:|1783535373\n|switch|p2a: Deoxys|Deoxys-Defense, L84|100/100\n|-ability|p2a: Deoxys|Pressure\n|turn|21\n|inactive|Time left: 300 sec this turn | 300 sec total\n|\n|t:|1783535374\n|switch|p1a: Skuntank|Skuntank, L84, F|241/310\n|-damage|p1a: Skuntank|203/310|[from] Stealth Rock\n|move|p2a: Deoxys|Psychic Noise|p1a: Skuntank\n|-immune|p1a: Skuntank\n|\n|upkeep\n|turn|22\n|inactive|Time left: 300 sec this turn | 300 sec total\n|\n|t:|1783535375\n|move|p2a: Deoxys|Knock Off|p1a: Skuntank\n|-resisted|p1a: Skuntank\n|-damage|p1a: Skuntank|173/310\n|-enditem|p1a: Skuntank|Life Orb|[from] move: Knock Off|[of] p2a: Deoxys\n|move|p1a: Skuntank|Gunk Shot|p2a: Deoxys\n|-damage|p2a: Deoxys|67/100\n|\n|-heal|p2a: Deoxys|72/100|[from] item: Leftovers\n|upkeep\n|turn|23\n|inactive|Time left: 300 sec this turn | 300 sec total\n|\n|t:|1783535376\n|switch|p2a: Virizion|Virizion, L82|40/100\n|move|p1a: Skuntank|Gunk Shot|p2a: Virizion|[miss]\n|-miss|p1a: Skuntank|p2a: Virizion\n|\n|upkeep\n|turn|24\n|inactive|Time left: 300 sec this turn | 300 sec total\n|\n|t:|1783535377\n|move|p2a: Virizion|Close Combat|p1a: Skuntank\n|-damage|p1a: Skuntank|8/310\n|-unboost|p2a: Virizion|def|1\n|-unboost|p2a: Virizion|spd|1\n|-damage|p2a: Virizion|31/100|[from] item: Life Orb\n|move|p1a: Skuntank|Gunk Shot|p2a: Virizion\n|-supereffective|p2a: Virizion\n|-damage|p2a: Virizion|0 fnt\n|faint|p2a: Virizion\n|\n|upkeep\n|\n|t:|1783535378\n|switch|p2a: Illumise|Illumise, L91, F|100/100\n|turn|25\n|inactive|Time left: 300 sec this turn | 300 sec total\n|\n|t:|1783535379\n|move|p2a: Illumise|Bug Buzz|p1a: Skuntank\n|-damage|p1a: Skuntank|0 fnt\n|faint|p1a: Skuntank\n|\n|upkeep\n|inactive|Time left: 300 sec this turn | 300 sec total | 5 sec grace\n|\n|t:|1783535380\n|switch|p1a: Basculin|Basculin-Blue-Striped, L86, M|182/261\n|-damage|p1a: Basculin|150/261|[from] Stealth Rock\n|turn|26\n|inactive|Time left: 300 sec this turn | 300 sec total\n|\n|t:|1783535381\n|move|p2a: Illumise|Thunder Wave|p1a: Basculin\n|-status|p1a: Basculin|par\n|cant|p1a: Basculin|par\n|\n|upkeep\n|turn|27\n|inactive|Time left: 300 sec this turn | 300 sec total\n|\n|t:|1783535382\n|switch|p2a: Deoxys|Deoxys-Defense, L84|72/100\n|-ability|p2a: Deoxys|Pressure\n|move|p1a: Basculin|Wave Crash|p2a: Deoxys\n|-damage|p2a: Deoxys|0 fnt\n|faint|p2a: Deoxys\n|-damage|p1a: Basculin|98/261 par|[from] Recoil\n|\n|upkeep\n|\n|t:|1783535382\n|switch|p2a: Illumise|Illumise, L91, F|100/100\n|turn|28\n|inactive|Time left: 300 sec this turn | 300 sec total\n|\n|t:|1783535383\n|move|p2a: Illumise|Bug Buzz|p1a: Basculin\n|-damage|p1a: Basculin|0 fnt\n|faint|p1a: Basculin\n|\n|upkeep\n|inactive|Time left: 300 sec this turn | 300 sec total | 5 sec grace\n|\n|t:|1783535384\n|switch|p1a: Flutter Mane|Flutter Mane, L74|203/203\n|-damage|p1a: Flutter Mane|178/203|[from] Stealth Rock\n|turn|29\n|inactive|Time left: 300 sec this turn | 300 sec total\n|\n|t:|1783535385\n|move|p2a: Illumise|Thunder Wave|p1a: Flutter Mane\n|-status|p1a: Flutter Mane|par\n|cant|p1a: Flutter Mane|par\n|\n|upkeep\n|turn|30\n|inactive|Time left: 300 sec this turn | 300 sec total\n|\n|t:|1783535386\n|move|p2a: Illumise|Thunder Wave|p1a: Flutter Mane\n|-fail|p1a: Flutter Mane|par\n|move|p1a: Flutter Mane|Calm Mind|p1a: Flutter Mane\n|-boost|p1a: Flutter Mane|spa|1\n|-boost|p1a: Flutter Mane|spd|1\n|\n|upkeep\n|turn|31\n|inactive|Time left: 300 sec this turn | 300 sec total\n|\n|t:|1783535387\n|move|p2a: Illumise|Encore|p1a: Flutter Mane\n|-start|p1a: Flutter Mane|Encore\n|move|p1a: Flutter Mane|Calm Mind|p1a: Flutter Mane\n|-boost|p1a: Flutter Mane|spa|1\n|-boost|p1a: Flutter Mane|spd|1\n|\n|upkeep\n|turn|32\n|inactive|Time left: 300 sec this turn | 300 sec total\n|\n|t:|1783535388\n|move|p2a: Illumise|Bug Buzz|p1a: Flutter Mane\n|-resisted|p1a: Flutter Mane\n|-damage|p1a: Flutter Mane|169/203 par\n|move|p1a: Flutter Mane|Calm Mind|p1a: Flutter Mane\n|-boost|p1a: Flutter Mane|spa|1\n|-boost|p1a: Flutter Mane|spd|1\n|\n|upkeep\n|turn|33\n|inactive|Time left: 300 sec this turn | 300 sec total\n|\n|t:|1783535389\n|move|p2a: Illumise|Bug Buzz|p1a: Flutter Mane\n|-resisted|p1a: Flutter Mane\n|-damage|p1a: Flutter Mane|162/203 par\n|move|p1a: Flutter Mane|Calm Mind|p1a: Flutter Mane\n|-boost|p1a: Flutter Mane|spa|1\n|-boost|p1a: Flutter Mane|spd|1\n|\n|-end|p1a: Flutter Mane|Encore\n|upkeep\n|turn|34\n|inactive|Time left: 300 sec this turn | 300 sec total\n|\n|t:|1783535390\n|move|p2a: Illumise|Encore|p1a: Flutter Mane\n|-start|p1a: Flutter Mane|Encore\n|cant|p1a: Flutter Mane|par\n|\n|upkeep\n|turn|35\n|inactive|Time left: 300 sec this turn | 300 sec total\n|\n|t:|1783535391\n|move|p2a: Illumise|Bug Buzz|p1a: Flutter Mane\n|-resisted|p1a: Flutter Mane\n|-damage|p1a: Flutter Mane|156/203 par\n|move|p1a: Flutter Mane|Calm Mind|p1a: Flutter Mane\n|-boost|p1a: Flutter Mane|spa|1\n|-boost|p1a: Flutter Mane|spd|1\n|\n|upkeep\n|turn|36\n|inactive|Time left: 300 sec this turn | 300 sec total\n|\n|t:|1783535392\n|move|p2a: Illumise|Thunder Wave|p1a: Flutter Mane\n|-fail|p1a: Flutter Mane|par\n|move|p1a: Flutter Mane|Calm Mind|p1a: Flutter Mane\n|-boost|p1a: Flutter Mane|spa|1\n|-boost|p1a: Flutter Mane|spd|1\n|\n|-end|p1a: Flutter Mane|Encore\n|upkeep\n|turn|37\n|inactive|Time left: 300 sec this turn | 300 sec total\n|\n|t:|1783535393\n|move|p2a: Illumise|Encore|p1a: Flutter Mane\n|-start|p1a: Flutter Mane|Encore\n|move|p1a: Flutter Mane|Calm Mind|p1a: Flutter Mane\n|-boost|p1a: Flutter Mane|spa|0\n|-boost|p1a: Flutter Mane|spd|0\n|\n|upkeep\n|turn|38\n|inactive|Time left: 300 sec this turn | 300 sec total\n|\n|t:|1783535394\n|move|p2a: Illumise|Bug Buzz|p1a: Flutter Mane\n|-resisted|p1a: Flutter Mane\n|-damage|p1a: Flutter Mane|151/203 par\n|move|p1a: Flutter Mane|Calm Mind|p1a: Flutter Mane\n|-boost|p1a: Flutter Mane|spa|0\n|-boost|p1a: Flutter Mane|spd|0\n|\n|upkeep\n|turn|39\n|inactive|Time left: 300 sec this turn | 300 sec total\n|\n|t:|1783535395\n|move|p2a: Illumise|Thunder Wave|p1a: Flutter Mane\n|-fail|p1a: Flutter Mane|par\n|move|p1a: Flutter Mane|Calm Mind|p1a: Flutter Mane\n|-boost|p1a: Flutter Mane|spa|0\n|-boost|p1a: Flutter Mane|spd|0\n|\n|-end|p1a: Flutter Mane|Encore\n|upkeep\n|turn|40\n|inactive|Time left: 300 sec this turn | 300 sec total\n|\n|t:|1783535396\n|move|p2a: Illumise|Encore|p1a: Flutter Mane\n|-start|p1a: Flutter Mane|Encore\n|move|p1a: Flutter Mane|Calm Mind|p1a: Flutter Mane\n|-boost|p1a: Flutter Mane|spa|0\n|-boost|p1a: Flutter Mane|spd|0\n|\n|upkeep\n|turn|41\n|inactive|Time left: 300 sec this turn | 300 sec total\n|\n|t:|1783535397\n|move|p2a: Illumise|Encore||[still]\n|-fail|p2a: Illumise\n|move|p1a: Flutter Mane|Calm Mind|p1a: Flutter Mane\n|-boost|p1a: Flutter Mane|spa|0\n|-boost|p1a: Flutter Mane|spd|0\n|\n|upkeep\n|turn|42\n|inactive|Time left: 300 sec this turn | 300 sec total\n|\n|t:|1783535398\n|move|p2a: Illumise|Thunder Wave|p1a: Flutter Mane\n|-fail|p1a: Flutter Mane|par\n|cant|p1a: Flutter Mane|par\n|\n|-end|p1a: Flutter Mane|Encore\n|upkeep\n|turn|43\n|inactive|Time left: 300 sec this turn | 300 sec total\n|\n|t:|1783535399\n|move|p2a: Illumise|Encore|p1a: Flutter Mane\n|-start|p1a: Flutter Mane|Encore\n|move|p1a: Flutter Mane|Calm Mind|p1a: Flutter Mane\n|-boost|p1a: Flutter Mane|spa|0\n|-boost|p1a: Flutter Mane|spd|0\n|\n|upkeep\n|turn|44\n|inactive|Time left: 300 sec this turn | 300 sec total\n|\n|t:|1783535401\n|move|p2a: Illumise|Roost||[still]\n|-fail|p2a: Illumise|heal\n|cant|p1a: Flutter Mane|par\n|\n|upkeep\n|turn|45\n|inactive|Time left: 300 sec this turn | 300 sec total\n|\n|t:|1783535402\n|move|p2a: Illumise|Bug Buzz|p1a: Flutter Mane\n|-resisted|p1a: Flutter Mane\n|-crit|p1a: Flutter Mane\n|-damage|p1a: Flutter Mane|125/203 par\n|cant|p1a: Flutter Mane|par\n|\n|-end|p1a: Flutter Mane|Encore\n|upkeep\n|turn|46\n|inactive|Time left: 300 sec this turn | 300 sec total\n|\n|t:|1783535403\n|move|p2a: Illumise|Encore|p1a: Flutter Mane\n|-start|p1a: Flutter Mane|Encore\n|move|p1a: Flutter Mane|Calm Mind|p1a: Flutter Mane\n|-boost|p1a: Flutter Mane|spa|0\n|-boost|p1a: Flutter Mane|spd|0\n|\n|upkeep\n|turn|47\n|inactive|Time left: 300 sec this turn | 300 sec total\n|\n|t:|1783535404\n|move|p2a: Illumise|Roost||[still]\n|-fail|p2a: Illumise|heal\n|move|p1a: Flutter Mane|Calm Mind|p1a: Flutter Mane\n|-boost|p1a: Flutter Mane|spa|0\n|-boost|p1a: Flutter Mane|spd|0\n|\n|upkeep\n|turn|48\n|inactive|Time left: 300 sec this turn | 300 sec total\n|\n|t:|1783535405\n|move|p2a: Illumise|Bug Buzz|p1a: Flutter Mane\n|-resisted|p1a: Flutter Mane\n|-damage|p1a: Flutter Mane|121/203 par\n|move|p1a: Flutter Mane|Calm Mind|p1a: Flutter Mane\n|-boost|p1a: Flutter Mane|spa|0\n|-boost|p1a: Flutter Mane|spd|0\n|\n|-end|p1a: Flutter Mane|Encore\n|upkeep\n|turn|49\n|inactive|Time left: 300 sec this turn | 300 sec total\n|\n|t:|1783535406\n|move|p2a: Illumise|Encore|p1a: Flutter Mane\n|-start|p1a: Flutter Mane|Encore\n|move|p1a: Flutter Mane|Calm Mind|p1a: Flutter Mane\n|-boost|p1a: Flutter Mane|spa|0\n|-boost|p1a: Flutter Mane|spd|0\n|\n|upkeep\n|turn|50\n|inactive|Time left: 300 sec this turn | 300 sec total\n|\n|t:|1783535407\n|move|p2a: Illumise|Bug Buzz|p1a: Flutter Mane\n|-resisted|p1a: Flutter Mane\n|-damage|p1a: Flutter Mane|117/203 par\n|cant|p1a: Flutter Mane|par\n|\n|upkeep\n|turn|51\n|inactive|Time left: 300 sec this turn | 300 sec total\n|\n|t:|1783535409\n|move|p2a: Illumise|Bug Buzz|p1a: Flutter Mane\n|-resisted|p1a: Flutter Mane\n|-damage|p1a: Flutter Mane|113/203 par\n|cant|p1a: Flutter Mane|par\n|\n|-end|p1a: Flutter Mane|Encore\n|upkeep\n|turn|52\n|inactive|Time left: 300 sec this turn | 300 sec total\n|\n|t:|1783535410\n|move|p2a: Illumise|Roost||[still]\n|-fail|p2a: Illumise|heal\n|cant|p1a: Flutter Mane|par\n|\n|upkeep\n|turn|53\n|inactive|Time left: 300 sec this turn | 300 sec total\n|\n|t:|1783535411\n|move|p2a: Illumise|Roost||[still]\n|-fail|p2a: Illumise|heal\n|move|p1a: Flutter Mane|Moonblast|p2a: Illumise\n|-damage|p2a: Illumise|0 fnt\n|faint|p2a: Illumise\n|-damage|p1a: Flutter Mane|93/203 par|[from] item: Life Orb\n|\n|win|p0x182947e", "uploadtime": 1783535411, "views": 0, "rating": 0, "private": 0, "password": null, "_winner": "p0x182947e", "_our_name": "p0x182947e"}