{"id": "battle-gen9randombattle-48", "formatid": "gen9randombattle", "format": "[Gen 9] Random Battle", "players": ["p0x0485dea", "p0y048ecf7"], "log": "|init|battle\n|title|p0x0485dea vs. p0y048ecf7\n|j|\u2606p0x0485dea\n|j|\u2606p0y048ecf7\n|t:|1783539716\n|gametype|singles\n|player|p1|p0x0485dea|169|\n|player|p2|p0y048ecf7|266|\n|gen|9\n|tier|[Gen 9] Random Battle\n|rule|Species Clause: Limit one of each Pok\u00e9mon\n|rule|HP Percentage Mod: HP is shown in percentages\n|rule|Sleep Clause Mod: Limit one foe put to sleep\n|rule|Illusion Level Mod: Illusion disguises the Pok\u00e9mon's true level\n|\n|t:|1783539716\n|teamsize|p1|6\n|teamsize|p2|6\n|start\n|switch|p1a: Goodra|Goodra-Hisui, L82, M|100/100\n|switch|p2a: Gengar|Gengar, L81, F|230/230\n|turn|1\n|inactive|Battle timer is ON: inactive players will automatically lose when time's up. (requested by p0y048ecf7)\n|inactive|p0x0485dea also wants the timer to be on.\n|\n|t:|1783539718\n|switch|p2a: Incineroar|Incineroar, L82, M|290/290\n|-ability|p2a: Incineroar|Intimidate|boost\n|-unboost|p1a: Goodra|atk|1\n|move|p1a: Goodra|Earthquake|p2a: Incineroar\n|-supereffective|p2a: Incineroar\n|-damage|p2a: Incineroar|202/290\n|\n|upkeep\n|turn|2\n|inactive|Time left: 300 sec this turn | 300 sec total\n|\n|t:|1783539719\n|switch|p1a: Krookodile|Krookodile, L79, M|100/100\n|-ability|p1a: Krookodile|Intimidate|boost\n|-unboost|p2a: Incineroar|atk|1\n|move|p2a: Incineroar|Knock Off|p1a: Krookodile\n|-resisted|p1a: Krookodile\n|-damage|p1a: Krookodile|86/100\n|-enditem|p1a: Krookodile|Life Orb|[from] move: Knock Off|[of] p2a: Incineroar\n|\n|upkeep\n|turn|3\n|inactive|Time left: 300 sec this turn | 300 sec total\n|\n|t:|1783539720\n|switch|p2a: Glaceon|Glaceon, L94, F|275/275\n|move|p1a: Krookodile|Earthquake|p2a: Glaceon\n|-damage|p2a: Glaceon|197/275\n|\n|upkeep\n|turn|4\n|inactive|Time left: 300 sec this turn | 300 sec total\n|\n|t:|1783539722\n|move|p1a: Krookodile|Stealth Rock|p2a: Glaceon\n|-sidestart|p2: p0y048ecf7|move: Stealth Rock\n|move|p2a: Glaceon|Freeze-Dry|p1a: Krookodile\n|-supereffective|p1a: Krookodile\n|-damage|p1a: Krookodile|0 fnt\n|faint|p1a: Krookodile\n|\n|upkeep\n|\n|t:|1783539723\n|switch|p1a: Chi-Yu|Chi-Yu, L77|100/100\n|-ability|p1a: Chi-Yu|Beads of Ruin\n|turn|5\n|inactive|Time left: 300 sec this turn | 300 sec total\n|\n|t:|1783539724\n|switch|p2a: Incineroar|Incineroar, L82, M|202/290\n|-ability|p2a: Incineroar|Intimidate|boost\n|-unboost|p1a: Chi-Yu|atk|1\n|move|p1a: Chi-Yu|Flamethrower|p2a: Incineroar\n|-resisted|p2a: Incineroar\n|-damage|p2a: Incineroar|97/290\n|\n|upkeep\n|turn|6\n|inactive|Time left: 300 sec this turn | 300 sec total\n|\n|t:|1783539725\n|move|p1a: Chi-Yu|Flamethrower|p2a: Incineroar\n|-resisted|p2a: Incineroar\n|-damage|p2a: Incineroar|0 fnt\n|faint|p2a: Incineroar\n|\n|upkeep\n|inactive|Time left: 300 sec this turn | 300 sec total | 5 sec grace\n|\n|t:|1783539726\n|switch|p2a: Gumshoos|Gumshoos, L95, M|321/321\n|-damage|p2a: Gumshoos|281/321|[from] Stealth Rock\n|turn|7\n|inactive|Time left: 300 sec this turn | 300 sec total\n|\n|t:|1783539727\n|-terastallize|p1a: Chi-Yu|Fire\n|move|p1a: Chi-Yu|Flamethrower|p2a: Gumshoos\n|-damage|p2a: Gumshoos|0 fnt\n|faint|p2a: Gumshoos\n|\n|upkeep\n|inactive|Time left: 300 sec this turn | 300 sec total | 5 sec grace\n|\n|t:|1783539728\n|switch|p2a: Dondozo|Dondozo, L78, F|362/362\n|-damage|p2a: Dondozo|317/362|[from] Stealth Rock\n|turn|8\n|inactive|Time left: 300 sec this turn | 300 sec total\n|\n|t:|1783539729\n|switch|p1a: Pecharunt|Pecharunt, L77|100/100\n|move|p2a: Dondozo|Wave Crash|p1a: Pecharunt\n|-damage|p1a: Pecharunt|73/100\n|-damage|p2a: Dondozo|293/362|[from] Recoil\n|\n|-heal|p1a: Pecharunt|79/100|[from] item: Leftovers\n|-heal|p2a: Dondozo|315/362|[from] item: Leftovers\n|upkeep\n|turn|9\n|inactive|Time left: 300 sec this turn | 300 sec total\n|\n|t:|1783539730\n|move|p1a: Pecharunt|Malignant Chain|p2a: Dondozo\n|-damage|p2a: Dondozo|197/362\n|move|p2a: Dondozo|Wave Crash|p1a: Pecharunt\n|-damage|p1a: Pecharunt|49/100\n|-damage|p2a: Dondozo|171/362|[from] Recoil\n|\n|-heal|p1a: Pecharunt|55/100|[from] item: Leftovers\n|-heal|p2a: Dondozo|193/362|[from] item: Leftovers\n|upkeep\n|turn|10\n|inactive|Time left: 300 sec this turn | 300 sec total\n|\n|t:|1783539731\n|move|p1a: Pecharunt|Malignant Chain|p2a: Dondozo\n|-damage|p2a: Dondozo|91/362\n|move|p2a: Dondozo|Rest|p2a: Dondozo\n|-status|p2a: Dondozo|slp|[from] move: Rest\n|-heal|p2a: Dondozo|362/362 slp|[silent]\n|\n|-heal|p1a: Pecharunt|62/100|[from] item: Leftovers\n|upkeep\n|turn|11\n|inactive|Time left: 300 sec this turn | 300 sec total\n|\n|t:|1783539732\n|move|p1a: Pecharunt|Recover|p1a: Pecharunt\n|-heal|p1a: Pecharunt|100/100\n|cant|p2a: Dondozo|slp\n|move|p2a: Dondozo|Sleep Talk|p2a: Dondozo\n|move|p2a: Dondozo|Wave Crash|p1a: Pecharunt|[from] move: Sleep Talk\n|-damage|p1a: Pecharunt|70/100\n|-damage|p2a: Dondozo|336/362 slp|[from] Recoil\n|\n|-heal|p1a: Pecharunt|76/100|[from] item: Leftovers\n|-heal|p2a: Dondozo|358/362 slp|[from] item: Leftovers\n|upkeep\n|turn|12\n|inactive|Time left: 300 sec this turn | 300 sec total\n|\n|t:|1783539733\n|move|p1a: Pecharunt|Malignant Chain|p2a: Dondozo\n|-damage|p2a: Dondozo|256/362 slp\n|cant|p2a: Dondozo|slp\n|move|p2a: Dondozo|Sleep Talk|p2a: Dondozo\n|move|p2a: Dondozo|Curse|p2a: Dondozo|[from] move: Sleep Talk\n|-unboost|p2a: Dondozo|spe|1\n|-boost|p2a: Dondozo|atk|1\n|-boost|p2a: Dondozo|def|1\n|\n|-heal|p1a: Pecharunt|83/100|[from] item: Leftovers\n|-heal|p2a: Dondozo|278/362 slp|[from] item: Leftovers\n|upkeep\n|turn|13\n|inactive|Time left: 300 sec this turn | 300 sec total\n|\n|t:|1783539734\n|move|p1a: Pecharunt|Malignant Chain|p2a: Dondozo\n|-damage|p2a: Dondozo|175/362 slp\n|-curestatus|p2a: Dondozo|slp|[msg]\n|move|p2a: Dondozo|Wave Crash|p1a: Pecharunt\n|-damage|p1a: Pecharunt|37/100\n|-damage|p2a: Dondozo|135/362|[from] Recoil\n|\n|-heal|p1a: Pecharunt|43/100|[from] item: Leftovers\n|-heal|p2a: Dondozo|157/362|[from] item: Leftovers\n|upkeep\n|turn|14\n|inactive|Time left: 300 sec this turn | 300 sec total\n|\n|t:|1783539735\n|move|p1a: Pecharunt|Recover|p1a: Pecharunt\n|-heal|p1a: Pecharunt|93/100\n|move|p2a: Dondozo|Wave Crash|p1a: Pecharunt\n|-damage|p1a: Pecharunt|47/100\n|-damage|p2a: Dondozo|117/362|[from] Recoil\n|\n|-heal|p1a: Pecharunt|53/100|[from] item: Leftovers\n|-heal|p2a: Dondozo|139/362|[from] item: Leftovers\n|upkeep\n|turn|15\n|inactive|Time left: 300 sec this turn | 300 sec total\n|\n|t:|1783539737\n|move|p1a: Pecharunt|Recover|p1a: Pecharunt\n|-heal|p1a: Pecharunt|100/100\n|move|p2a: Dondozo|Rest|p2a: Dondozo\n|-status|p2a: Dondozo|slp|[from] move: Rest\n|-heal|p2a: Dondozo|362/362 slp|[silent]\n|\n|upkeep\n|turn|16\n|inactive|Time left: 300 sec this turn | 300 sec total\n|\n|t:|1783539738\n|move|p1a: Pecharunt|Malignant Chain|p2a: Dondozo\n|-damage|p2a: Dondozo|256/362 slp\n|cant|p2a: Dondozo|slp\n|move|p2a: Dondozo|Sleep Talk|p2a: Dondozo\n|move|p2a: Dondozo|Wave Crash|p1a: Pecharunt|[from] move: Sleep Talk\n|-damage|p1a: Pecharunt|59/100\n|-damage|p2a: Dondozo|220/362 slp|[from] Recoil\n|\n|-heal|p1a: Pecharunt|65/100|[from] item: Leftovers\n|-heal|p2a: Dondozo|242/362 slp|[from] item: Leftovers\n|upkeep\n|turn|17\n|inactive|Time left: 300 sec this turn | 300 sec total\n|\n|t:|1783539739\n|move|p1a: Pecharunt|Malignant Chain|p2a: Dondozo\n|-damage|p2a: Dondozo|130/362 slp\n|cant|p2a: Dondozo|slp\n|move|p2a: Dondozo|Sleep Talk|p2a: Dondozo\n|move|p2a: Dondozo|Rest||[from] move: Sleep Talk|[still]\n|-fail|p2a: Dondozo\n|\n|-heal|p1a: Pecharunt|71/100|[from] item: Leftovers\n|-heal|p2a: Dondozo|152/362 slp|[from] item: Leftovers\n|upkeep\n|turn|18\n|inactive|Time left: 300 sec this turn | 300 sec total\n|\n|t:|1783539740\n|move|p1a: Pecharunt|Malignant Chain|p2a: Dondozo\n|-damage|p2a: Dondozo|44/362 slp\n|-curestatus|p2a: Dondozo|slp|[msg]\n|move|p2a: Dondozo|Wave Crash|p1a: Pecharunt\n|-damage|p1a: Pecharunt|28/100\n|-damage|p2a: Dondozo|6/362|[from] Recoil\n|\n|-heal|p1a: Pecharunt|34/100|[from] item: Leftovers\n|-heal|p2a: Dondozo|28/362|[from] item: Leftovers\n|upkeep\n|turn|19\n|inactive|Time left: 300 sec this turn | 300 sec total\n|\n|t:|1783539741\n|move|p1a: Pecharunt|Malignant Chain|p2a: Dondozo\n|-damage|p2a: Dondozo|0 fnt\n|faint|p2a: Dondozo\n|\n|-heal|p1a: Pecharunt|40/100|[from] item: Leftovers\n|upkeep\n|inactive|Time left: 300 sec this turn | 300 sec total | 5 sec grace\n|\n|t:|1783539742\n|switch|p2a: Glaceon|Glaceon, L94, F|197/275\n|turn|20\n|inactive|Time left: 300 sec this turn | 300 sec total\n|\n|t:|1783539743\n|move|p1a: Pecharunt|Recover|p1a: Pecharunt\n|-heal|p1a: Pecharunt|90/100\n|move|p2a: Glaceon|Calm Mind|p2a: Glaceon\n|-boost|p2a: Glaceon|spa|1\n|-boost|p2a: Glaceon|spd|1\n|\n|-heal|p1a: Pecharunt|96/100|[from] item: Leftovers\n|upkeep\n|turn|21\n|inactive|Time left: 300 sec this turn | 300 sec total\n|\n|t:|1783539744\n|move|p1a: Pecharunt|Parting Shot|p2a: Glaceon\n|-unboost|p2a: Glaceon|atk|1\n|-unboost|p2a: Glaceon|spa|1\n|\n|t:|1783539745\n|switch|p1a: Chi-Yu|Chi-Yu, L77, tera:Fire|100/100|[from] Parting Shot\n|-ability|p1a: Chi-Yu|Beads of Ruin\n|move|p2a: Glaceon|Freeze-Dry|p1a: Chi-Yu\n|-resisted|p1a: Chi-Yu\n|-damage|p1a: Chi-Yu|78/100\n|\n|upkeep\n|turn|22\n|inactive|Time left: 300 sec this turn | 300 sec total\n|\n|t:|1783539746\n|move|p2a: Glaceon|Protect|p2a: Glaceon\n|-singleturn|p2a: Glaceon|Protect\n|move|p1a: Chi-Yu|Flamethrower|p2a: Glaceon\n|-activate|p2a: Glaceon|move: Protect\n|\n|upkeep\n|turn|23\n|inactive|Time left: 300 sec this turn | 300 sec total\n|\n|t:|1783539747\n|-terastallize|p2a: Glaceon|Water\n|move|p1a: Chi-Yu|Flamethrower|p2a: Glaceon\n|-resisted|p2a: Glaceon\n|-damage|p2a: Glaceon|123/275\n|move|p2a: Glaceon|Calm Mind|p2a: Glaceon\n|-boost|p2a: Glaceon|spa|1\n|-boost|p2a: Glaceon|spd|1\n|\n|upkeep\n|turn|24\n|inactive|Time left: 300 sec this turn | 300 sec total\n|\n|t:|1783539748\n|move|p1a: Chi-Yu|Flamethrower|p2a: Glaceon\n|-resisted|p2a: Glaceon\n|-damage|p2a: Glaceon|67/275\n|move|p2a: Glaceon|Wish|p2a: Glaceon\n|\n|upkeep\n|turn|25\n|inactive|Time left: 300 sec this turn | 300 sec total\n|\n|t:|1783539749\n|move|p1a: Chi-Yu|Flamethrower|p2a: Glaceon\n|-resisted|p2a: Glaceon\n|-crit|p2a: Glaceon\n|-damage|p2a: Glaceon|0 fnt\n|faint|p2a: Glaceon\n|\n|upkeep\n|inactive|Time left: 300 sec this turn | 300 sec total | 5 sec grace\n|\n|t:|1783539750\n|switch|p2a: Gengar|Gengar, L81, F|230/230\n|-damage|p2a: Gengar|202/230|[from] Stealth Rock\n|turn|26\n|inactive|Time left: 300 sec this turn | 300 sec total\n|\n|t:|1783539751\n|move|p2a: Gengar|Sludge Wave|p1a: Chi-Yu\n|-damage|p1a: Chi-Yu|18/100\n|-damage|p2a: Gengar|179/230|[from] item: Life Orb\n|move|p1a: Chi-Yu|Flamethrower|p2a: Gengar\n|-damage|p2a: Gengar|0 fnt\n|faint|p2a: Gengar\n|\n|upkeep\n|inactive|Time left: 300 sec this turn | 300 sec total | 5 sec grace\n|\n|t:|1783539752\n|switch|p2a: Corviknight|Corviknight, L80, M|288/288\n|-damage|p2a: Corviknight|252/288|[from] Stealth Rock\n|turn|27\n|inactive|Time left: 300 sec this turn | 300 sec total\n|\n|t:|1783539753\n|move|p1a: Chi-Yu|Flamethrower|p2a: Corviknight\n|-supereffective|p2a: Corviknight\n|-damage|p2a: Corviknight|0 fnt\n|faint|p2a: Corviknight\n|\n|win|p0x0485dea", "uploadtime": 1783539753, "views": 0, "rating": 0, "private": 0, "password": null, "_winner": "p0x0485dea", "_our_name": "p0y048ecf7"}