{"id": "battle-gen9randombattle-2075", "formatid": "gen9randombattle", "format": "[Gen 9] Random Battle", "players": ["p0x2075afdc", "p0y2075b8ee"], "log": "|init|battle\n|title|p0x2075afdc vs. p0y2075b8ee\n|j|\u2606p0x2075afdc\n|j|\u2606p0y2075b8ee\n|t:|1783563227\n|gametype|singles\n|player|p1|p0x2075afdc|170|\n|player|p2|p0y2075b8ee|266|\n|gen|9\n|tier|[Gen 9] Random Battle\n|rule|Species Clause: Limit one of each Pok\u00e9mon\n|rule|HP Percentage Mod: HP is shown in percentages\n|rule|Sleep Clause Mod: Limit one foe put to sleep\n|rule|Illusion Level Mod: Illusion disguises the Pok\u00e9mon's true level\n|\n|t:|1783563227\n|teamsize|p1|6\n|teamsize|p2|6\n|start\n|switch|p1a: Dunsparce|Dunsparce, L86, M|312/312\n|switch|p2a: Cinccino|Cinccino, L83, M|100/100\n|turn|1\n|inactive|Battle timer is ON: inactive players will automatically lose when time's up. (requested by p0x2075afdc)\n|inactive|p0y2075b8ee also wants the timer to be on.\n|\n|t:|1783563229\n|switch|p2a: Flapple|Flapple, L88, F|100/100\n|move|p1a: Dunsparce|Body Slam|p2a: Flapple\n|-damage|p2a: Flapple|73/100\n|-status|p2a: Flapple|par\n|-enditem|p2a: Flapple|Lum Berry|[eat]\n|-curestatus|p2a: Flapple|par|[msg]\n|\n|upkeep\n|turn|2\n|inactive|Time left: 300 sec this turn | 300 sec total\n|\n|t:|1783563230\n|move|p2a: Flapple|Outrage|p1a: Dunsparce\n|-damage|p1a: Dunsparce|129/312\n|move|p1a: Dunsparce|Body Slam|p2a: Flapple\n|-damage|p2a: Flapple|43/100\n|-status|p2a: Flapple|par\n|\n|upkeep\n|turn|3\n|inactive|Time left: 300 sec this turn | 300 sec total\n|\n|t:|1783563231\n|move|p1a: Dunsparce|Coil|p1a: Dunsparce\n|-boost|p1a: Dunsparce|atk|1\n|-boost|p1a: Dunsparce|def|1\n|-boost|p1a: Dunsparce|accuracy|1\n|move|p2a: Flapple|Outrage|p1a: Dunsparce|[from] lockedmove|[miss]\n|-miss|p2a: Flapple|p1a: Dunsparce\n|-start|p2a: Flapple|confusion|[fatigue]\n|\n|upkeep\n|turn|4\n|inactive|Time left: 300 sec this turn | 300 sec total\n|\n|t:|1783563232\n|move|p1a: Dunsparce|Roost|p1a: Dunsparce\n|-heal|p1a: Dunsparce|285/312\n|-singleturn|p1a: Dunsparce|move: Roost\n|-activate|p2a: Flapple|confusion\n|move|p2a: Flapple|Outrage|p1a: Dunsparce|[miss]\n|-miss|p2a: Flapple|p1a: Dunsparce\n|\n|upkeep\n|turn|5\n|inactive|Time left: 300 sec this turn | 300 sec total\n|\n|t:|1783563233\n|move|p1a: Dunsparce|Body Slam|p2a: Flapple\n|-damage|p2a: Flapple|0 fnt\n|faint|p2a: Flapple\n|\n|upkeep\n|\n|t:|1783563234\n|switch|p2a: Oranguru|Oranguru, L92, M|100/100\n|turn|6\n|inactive|Time left: 300 sec this turn | 300 sec total\n|\n|t:|1783563235\n|move|p2a: Oranguru|Nasty Plot|p2a: Oranguru\n|-boost|p2a: Oranguru|spa|2\n|move|p1a: Dunsparce|Body Slam|p2a: Oranguru\n|-damage|p2a: Oranguru|62/100\n|-status|p2a: Oranguru|par\n|\n|-heal|p2a: Oranguru|68/100 par|[from] item: Leftovers\n|upkeep\n|turn|7\n|inactive|Time left: 300 sec this turn | 300 sec total\n|\n|t:|1783563236\n|move|p1a: Dunsparce|Body Slam|p2a: Oranguru\n|-damage|p2a: Oranguru|32/100 par\n|move|p2a: Oranguru|Focus Blast|p1a: Dunsparce|[miss]\n|-miss|p2a: Oranguru|p1a: Dunsparce\n|\n|-heal|p2a: Oranguru|38/100 par|[from] item: Leftovers\n|upkeep\n|turn|8\n|inactive|Time left: 300 sec this turn | 300 sec total\n|\n|t:|1783563237\n|move|p1a: Dunsparce|Body Slam|p2a: Oranguru\n|-damage|p2a: Oranguru|3/100 par\n|cant|p2a: Oranguru|par\n|\n|-heal|p2a: Oranguru|9/100 par|[from] item: Leftovers\n|upkeep\n|turn|9\n|inactive|Time left: 300 sec this turn | 300 sec total\n|\n|t:|1783563238\n|move|p1a: Dunsparce|Body Slam|p2a: Oranguru\n|-damage|p2a: Oranguru|0 fnt\n|faint|p2a: Oranguru\n|\n|upkeep\n|\n|t:|1783563239\n|switch|p2a: Crabominable|Crabominable, L90, F|100/100\n|turn|10\n|inactive|Time left: 300 sec this turn | 300 sec total\n|\n|t:|1783563240\n|move|p2a: Crabominable|Drain Punch|p1a: Dunsparce\n|-supereffective|p1a: Dunsparce\n|-damage|p1a: Dunsparce|139/312\n|move|p1a: Dunsparce|Body Slam|p2a: Crabominable\n|-damage|p2a: Crabominable|61/100\n|\n|upkeep\n|turn|11\n|inactive|Time left: 300 sec this turn | 300 sec total\n|\n|t:|1783563241\n|-terastallize|p1a: Dunsparce|Ghost\n|move|p2a: Crabominable|Drain Punch|p1a: Dunsparce\n|-immune|p1a: Dunsparce\n|move|p1a: Dunsparce|Body Slam|p2a: Crabominable\n|-damage|p2a: Crabominable|25/100\n|-status|p2a: Crabominable|par\n|\n|upkeep\n|turn|12\n|inactive|Time left: 300 sec this turn | 300 sec total\n|\n|t:|1783563242\n|switch|p2a: Raging Bolt|Raging Bolt, L78|100/100\n|-enditem|p2a: Raging Bolt|Booster Energy\n|-activate|p2a: Raging Bolt|ability: Protosynthesis|[fromitem]\n|-start|p2a: Raging Bolt|protosynthesisspa\n|move|p1a: Dunsparce|Body Slam|p2a: Raging Bolt\n|-damage|p2a: Raging Bolt|62/100\n|\n|upkeep\n|turn|13\n|inactive|Time left: 300 sec this turn | 300 sec total\n|\n|t:|1783563243\n|-terastallize|p2a: Raging Bolt|Electric\n|move|p2a: Raging Bolt|Thunderbolt|p1a: Dunsparce\n|-damage|p1a: Dunsparce|0 fnt\n|faint|p1a: Dunsparce\n|\n|upkeep\n|inactive|Time left: 300 sec this turn | 300 sec total | 5 sec grace\n|\n|t:|1783563244\n|switch|p1a: Bellibolt|Bellibolt, L84, F|320/320\n|turn|14\n|inactive|Time left: 300 sec this turn | 300 sec total\n|\n|t:|1783563245\n|move|p2a: Raging Bolt|Calm Mind|p2a: Raging Bolt\n|-boost|p2a: Raging Bolt|spa|1\n|-boost|p2a: Raging Bolt|spd|1\n|move|p1a: Bellibolt|Toxic|p2a: Raging Bolt\n|-status|p2a: Raging Bolt|tox\n|\n|-damage|p2a: Raging Bolt|56/100 tox|[from] psn\n|upkeep\n|turn|15\n|inactive|Time left: 300 sec this turn | 300 sec total\n|\n|t:|1783563246\n|move|p2a: Raging Bolt|Dragon Pulse|p1a: Bellibolt\n|-damage|p1a: Bellibolt|104/320\n|-start|p1a: Bellibolt|Charge|Dragon Pulse|[from] ability: Electromorphosis\n|move|p1a: Bellibolt|Slack Off|p1a: Bellibolt\n|-heal|p1a: Bellibolt|264/320\n|\n|-heal|p1a: Bellibolt|284/320|[from] item: Leftovers\n|-damage|p2a: Raging Bolt|44/100 tox|[from] psn\n|upkeep\n|turn|16\n|inactive|Time left: 300 sec this turn | 300 sec total\n|\n|t:|1783563247\n|move|p2a: Raging Bolt|Dragon Pulse|p1a: Bellibolt\n|-damage|p1a: Bellibolt|64/320\n|-start|p1a: Bellibolt|Charge|Dragon Pulse|[from] ability: Electromorphosis\n|move|p1a: Bellibolt|Slack Off|p1a: Bellibolt\n|-heal|p1a: Bellibolt|224/320\n|\n|-heal|p1a: Bellibolt|244/320|[from] item: Leftovers\n|-damage|p2a: Raging Bolt|25/100 tox|[from] psn\n|upkeep\n|turn|17\n|inactive|Time left: 300 sec this turn | 300 sec total\n|\n|t:|1783563248\n|move|p2a: Raging Bolt|Dragon Pulse|p1a: Bellibolt\n|-damage|p1a: Bellibolt|36/320\n|-start|p1a: Bellibolt|Charge|Dragon Pulse|[from] ability: Electromorphosis\n|move|p1a: Bellibolt|Slack Off|p1a: Bellibolt\n|-heal|p1a: Bellibolt|196/320\n|\n|-heal|p1a: Bellibolt|216/320|[from] item: Leftovers\n|-damage|p2a: Raging Bolt|0 fnt|[from] psn\n|faint|p2a: Raging Bolt\n|-end|p2a: Raging Bolt|Protosynthesis|[silent]\n|upkeep\n|\n|t:|1783563249\n|switch|p2a: Gastrodon|Gastrodon-East, L86, F|100/100\n|turn|18\n|inactive|Time left: 300 sec this turn | 300 sec total\n|\n|t:|1783563250\n|switch|p1a: Giratina|Giratina, L75|349/349\n|-ability|p1a: Giratina|Pressure\n|move|p2a: Gastrodon|Earthquake|p1a: Giratina\n|-damage|p1a: Giratina|261/349\n|\n|-heal|p1a: Giratina|282/349|[from] item: Leftovers\n|upkeep\n|turn|19\n|inactive|Time left: 300 sec this turn | 300 sec total\n|\n|t:|1783563251\n|move|p1a: Giratina|Calm Mind|p1a: Giratina\n|-boost|p1a: Giratina|spa|1\n|-boost|p1a: Giratina|spd|1\n|move|p2a: Gastrodon|Stealth Rock|p1a: Giratina\n|-sidestart|p1: p0x2075afdc|move: Stealth Rock\n|\n|-heal|p1a: Giratina|303/349|[from] item: Leftovers\n|upkeep\n|turn|20\n|inactive|Time left: 300 sec this turn | 300 sec total\n|\n|t:|1783563252\n|move|p1a: Giratina|Calm Mind|p1a: Giratina\n|-boost|p1a: Giratina|spa|1\n|-boost|p1a: Giratina|spd|1\n|move|p2a: Gastrodon|Earthquake|p1a: Giratina\n|-damage|p1a: Giratina|215/349\n|\n|-heal|p1a: Giratina|236/349|[from] item: Leftovers\n|upkeep\n|turn|21\n|inactive|Time left: 300 sec this turn | 300 sec total\n|\n|t:|1783563253\n|move|p1a: Giratina|Dragon Pulse|p2a: Gastrodon\n|-damage|p2a: Gastrodon|55/100\n|move|p2a: Gastrodon|Earthquake|p1a: Giratina\n|-damage|p1a: Giratina|154/349\n|\n|-heal|p1a: Giratina|175/349|[from] item: Leftovers\n|-heal|p2a: Gastrodon|61/100|[from] item: Leftovers\n|upkeep\n|turn|22\n|inactive|Time left: 300 sec this turn | 300 sec total\n|\n|t:|1783563254\n|move|p1a: Giratina|Dragon Pulse|p2a: Gastrodon\n|-damage|p2a: Gastrodon|11/100\n|move|p2a: Gastrodon|Recover|p2a: Gastrodon\n|-heal|p2a: Gastrodon|61/100\n|\n|-heal|p1a: Giratina|196/349|[from] item: Leftovers\n|-heal|p2a: Gastrodon|67/100|[from] item: Leftovers\n|upkeep\n|turn|23\n|inactive|Time left: 300 sec this turn | 300 sec total\n|\n|t:|1783563255\n|switch|p2a: Cinccino|Cinccino, L83, M|100/100\n|move|p1a: Giratina|Dragon Pulse|p2a: Cinccino\n|-damage|p2a: Cinccino|20/100\n|\n|-heal|p1a: Giratina|217/349|[from] item: Leftovers\n|upkeep\n|turn|24\n|inactive|Time left: 300 sec this turn | 300 sec total\n|\n|t:|1783563256\n|move|p2a: Cinccino|Triple Axel|p1a: Giratina\n|-supereffective|p1a: Giratina\n|-damage|p1a: Giratina|181/349\n|-supereffective|p1a: Giratina\n|-damage|p1a: Giratina|109/349\n|-supereffective|p1a: Giratina\n|-damage|p1a: Giratina|5/349\n|-hitcount|p1a: Giratina|3\n|move|p1a: Giratina|Dragon Pulse|p2a: Cinccino\n|-damage|p2a: Cinccino|0 fnt\n|faint|p2a: Cinccino\n|\n|-heal|p1a: Giratina|26/349|[from] item: Leftovers\n|upkeep\n|\n|t:|1783563256\n|switch|p2a: Crabominable|Crabominable, L90, F|25/100 par\n|turn|25\n|inactive|Time left: 300 sec this turn | 300 sec total\n|\n|t:|1783563257\n|move|p1a: Giratina|Dragon Pulse|p2a: Crabominable\n|-damage|p2a: Crabominable|0 fnt\n|faint|p2a: Crabominable\n|\n|-heal|p1a: Giratina|47/349|[from] item: Leftovers\n|upkeep\n|\n|t:|1783563258\n|switch|p2a: Gastrodon|Gastrodon-East, L86, F|67/100\n|turn|26\n|inactive|Time left: 300 sec this turn | 300 sec total\n|\n|t:|1783563259\n|move|p1a: Giratina|Rest|p1a: Giratina\n|-status|p1a: Giratina|slp|[from] move: Rest\n|-heal|p1a: Giratina|349/349 slp|[silent]\n|move|p2a: Gastrodon|Recover|p2a: Gastrodon\n|-heal|p2a: Gastrodon|100/100\n|\n|upkeep\n|turn|27\n|inactive|Time left: 300 sec this turn | 300 sec total\n|\n|t:|1783563260\n|cant|p1a: Giratina|slp\n|move|p1a: Giratina|Sleep Talk|p1a: Giratina\n|move|p1a: Giratina|Calm Mind|p1a: Giratina|[from] move: Sleep Talk\n|-boost|p1a: Giratina|spa|1\n|-boost|p1a: Giratina|spd|1\n|move|p2a: Gastrodon|Earthquake|p1a: Giratina\n|-damage|p1a: Giratina|270/349 slp\n|\n|-heal|p1a: Giratina|291/349 slp|[from] item: Leftovers\n|upkeep\n|turn|28\n|inactive|Time left: 300 sec this turn | 300 sec total\n|\n|t:|1783563261\n|cant|p1a: Giratina|slp\n|move|p1a: Giratina|Sleep Talk|p1a: Giratina\n|move|p1a: Giratina|Dragon Pulse|p2a: Gastrodon|[from] move: Sleep Talk\n|-damage|p2a: Gastrodon|41/100\n|move|p2a: Gastrodon|Recover|p2a: Gastrodon\n|-heal|p2a: Gastrodon|91/100\n|\n|-heal|p1a: Giratina|312/349 slp|[from] item: Leftovers\n|-heal|p2a: Gastrodon|97/100|[from] item: Leftovers\n|upkeep\n|turn|29\n|inactive|Time left: 300 sec this turn | 300 sec total\n|\n|t:|1783563262\n|-curestatus|p1a: Giratina|slp|[msg]\n|move|p1a: Giratina|Dragon Pulse|p2a: Gastrodon\n|-damage|p2a: Gastrodon|39/100\n|move|p2a: Gastrodon|Recover|p2a: Gastrodon\n|-heal|p2a: Gastrodon|90/100\n|\n|-heal|p1a: Giratina|333/349|[from] item: Leftovers\n|-heal|p2a: Gastrodon|96/100|[from] item: Leftovers\n|upkeep\n|turn|30\n|inactive|Time left: 300 sec this turn | 300 sec total\n|\n|t:|1783563263\n|move|p1a: Giratina|Dragon Pulse|p2a: Gastrodon\n|-damage|p2a: Gastrodon|35/100\n|move|p2a: Gastrodon|Recover|p2a: Gastrodon\n|-heal|p2a: Gastrodon|85/100\n|\n|-heal|p1a: Giratina|349/349|[from] item: Leftovers\n|-heal|p2a: Gastrodon|91/100|[from] item: Leftovers\n|upkeep\n|turn|31\n|inactive|Time left: 300 sec this turn | 300 sec total\n|\n|t:|1783563264\n|move|p1a: Giratina|Dragon Pulse|p2a: Gastrodon\n|-damage|p2a: Gastrodon|35/100\n|move|p2a: Gastrodon|Recover|p2a: Gastrodon\n|-heal|p2a: Gastrodon|85/100\n|\n|-heal|p2a: Gastrodon|91/100|[from] item: Leftovers\n|upkeep\n|turn|32\n|inactive|Time left: 300 sec this turn | 300 sec total\n|\n|t:|1783563265\n|move|p1a: Giratina|Dragon Pulse|p2a: Gastrodon\n|-damage|p2a: Gastrodon|30/100\n|move|p2a: Gastrodon|Recover|p2a: Gastrodon\n|-heal|p2a: Gastrodon|80/100\n|\n|-heal|p2a: Gastrodon|86/100|[from] item: Leftovers\n|upkeep\n|turn|33\n|inactive|Time left: 300 sec this turn | 300 sec total\n|\n|t:|1783563266\n|move|p1a: Giratina|Dragon Pulse|p2a: Gastrodon\n|-damage|p2a: Gastrodon|27/100\n|move|p2a: Gastrodon|Recover|p2a: Gastrodon\n|-heal|p2a: Gastrodon|78/100\n|\n|-heal|p2a: Gastrodon|84/100|[from] item: Leftovers\n|upkeep\n|turn|34\n|inactive|Time left: 300 sec this turn | 300 sec total\n|\n|t:|1783563267\n|move|p1a: Giratina|Dragon Pulse|p2a: Gastrodon\n|-damage|p2a: Gastrodon|20/100\n|move|p2a: Gastrodon|Sludge Bomb|p1a: Giratina\n|-resisted|p1a: Giratina\n|-damage|p1a: Giratina|338/349\n|\n|-heal|p1a: Giratina|349/349|[from] item: Leftovers\n|-heal|p2a: Gastrodon|26/100|[from] item: Leftovers\n|upkeep\n|turn|35\n|inactive|Time left: 300 sec this turn | 300 sec total\n|\n|t:|1783563268\n|move|p1a: Giratina|Dragon Pulse|p2a: Gastrodon\n|-damage|p2a: Gastrodon|0 fnt\n|faint|p2a: Gastrodon\n|\n|win|p0x2075afdc", "uploadtime": 1783563268, "views": 0, "rating": 0, "private": 0, "password": null, "_winner": "p0x2075afdc", "_our_name": "p0x2075afdc"}