{"id": "battle-gen9randombattle-2552", "formatid": "gen9randombattle", "format": "[Gen 9] Random Battle", "players": ["p0x25528de7", "p0y2552903d"], "log": "|init|battle\n|title|p0x25528de7 vs. p0y2552903d\n|j|\u2606p0x25528de7\n|j|\u2606p0y2552903d\n|t:|1783569506\n|gametype|singles\n|player|p1|p0x25528de7|170|\n|player|p2|p0y2552903d|101|\n|gen|9\n|tier|[Gen 9] Random Battle\n|rule|Species Clause: Limit one of each Pok\u00e9mon\n|rule|HP Percentage Mod: HP is shown in percentages\n|rule|Sleep Clause Mod: Limit one foe put to sleep\n|rule|Illusion Level Mod: Illusion disguises the Pok\u00e9mon's true level\n|\n|t:|1783569506\n|teamsize|p1|6\n|teamsize|p2|6\n|start\n|switch|p1a: Lokix|Lokix, L82, M|251/251\n|switch|p2a: Noivern|Noivern, L82, F|100/100\n|turn|1\n|inactive|Battle timer is ON: inactive players will automatically lose when time's up. (requested by p0y2552903d)\n|inactive|Time left: 300 sec this turn | 300 sec total | 60 sec grace\n|\n|t:|1783569508\n|switch|p1a: Copperajah|Copperajah, L86, F|350/350\n|move|p2a: Noivern|Hurricane|p1a: Copperajah\n|-resisted|p1a: Copperajah\n|-damage|p1a: Copperajah|248/350\n|-start|p1a: Copperajah|confusion\n|\n|upkeep\n|turn|2\n|inactive|Time left: 300 sec this turn | 300 sec total\n|inactive|p0x25528de7 also wants the timer to be on.\n|\n|t:|1783569509\n|move|p2a: Noivern|Hurricane|p1a: Copperajah\n|-resisted|p1a: Copperajah\n|-damage|p1a: Copperajah|146/350\n|-activate|p1a: Copperajah|confusion\n|-damage|p1a: Copperajah|104/350|[from] confusion\n|\n|upkeep\n|turn|3\n|inactive|Time left: 300 sec this turn | 300 sec total\n|\n|t:|1783569511\n|move|p2a: Noivern|Hurricane|p1a: Copperajah\n|-resisted|p1a: Copperajah\n|-damage|p1a: Copperajah|2/350\n|-activate|p1a: Copperajah|confusion\n|-damage|p1a: Copperajah|0 fnt|[from] confusion\n|faint|p1a: Copperajah\n|\n|upkeep\n|inactive|Time left: 300 sec this turn | 300 sec total | 5 sec grace\n|\n|t:|1783569512\n|switch|p1a: Toucannon|Toucannon, L88, F|284/284\n|turn|4\n|inactive|Time left: 300 sec this turn | 300 sec total\n|\n|t:|1783569513\n|move|p2a: Noivern|Hurricane|p1a: Toucannon\n|-damage|p1a: Toucannon|115/284\n|move|p1a: Toucannon|Boomburst|p2a: Noivern\n|-damage|p2a: Noivern|44/100\n|\n|upkeep\n|turn|5\n|inactive|Time left: 300 sec this turn | 300 sec total\n|\n|t:|1783569514\n|-singleturn|p1a: Toucannon|move: Beak Blast\n|move|p2a: Noivern|Hurricane|p1a: Toucannon\n|-damage|p1a: Toucannon|0 fnt\n|faint|p1a: Toucannon\n|\n|upkeep\n|inactive|Time left: 300 sec this turn | 300 sec total | 5 sec grace\n|\n|t:|1783569515\n|switch|p1a: Eelektross|Eelektross, L87, F|290/290\n|turn|6\n|inactive|Time left: 300 sec this turn | 300 sec total\n|\n|t:|1783569516\n|move|p2a: Noivern|Hurricane|p1a: Eelektross\n|-resisted|p1a: Eelektross\n|-damage|p1a: Eelektross|231/290\n|-start|p1a: Eelektross|confusion\n|-activate|p1a: Eelektross|confusion\n|move|p1a: Eelektross|Knock Off|p2a: Noivern\n|-crit|p2a: Noivern\n|-damage|p2a: Noivern|0 fnt\n|-enditem|p2a: Noivern|Choice Specs|[from] move: Knock Off|[of] p1a: Eelektross\n|faint|p2a: Noivern\n|\n|upkeep\n|\n|t:|1783569517\n|switch|p2a: Bellossom|Bellossom, L84, F|100/100\n|turn|7\n|inactive|Time left: 300 sec this turn | 300 sec total\n|\n|t:|1783569518\n|-activate|p1a: Eelektross|confusion\n|move|p1a: Eelektross|U-turn|p2a: Bellossom\n|-supereffective|p2a: Bellossom\n|-damage|p2a: Bellossom|58/100\n|inactive|Time left: 300 sec this turn | 300 sec total | 5 sec grace\n|\n|t:|1783569519\n|switch|p1a: Lokix|Lokix, L82, M|251/251|[from] U-turn\n|move|p2a: Bellossom|Quiver Dance|p2a: Bellossom\n|-boost|p2a: Bellossom|spa|1\n|-boost|p2a: Bellossom|spd|1\n|-boost|p2a: Bellossom|spe|1\n|\n|-heal|p2a: Bellossom|64/100|[from] item: Leftovers\n|upkeep\n|turn|8\n|inactive|Time left: 300 sec this turn | 300 sec total\n|\n|t:|1783569520\n|-terastallize|p1a: Lokix|Bug\n|-terastallize|p2a: Bellossom|Rock\n|move|p2a: Bellossom|Tera Blast|p1a: Lokix|[anim] Tera Blast Rock\n|-supereffective|p1a: Lokix\n|-damage|p1a: Lokix|0 fnt\n|faint|p1a: Lokix\n|\n|-heal|p2a: Bellossom|70/100|[from] item: Leftovers\n|upkeep\n|inactive|Time left: 300 sec this turn | 300 sec total | 5 sec grace\n|\n|t:|1783569521\n|switch|p1a: Hawlucha|Hawlucha, L80, F|256/256\n|turn|9\n|inactive|Time left: 300 sec this turn | 300 sec total\n|\n|t:|1783569522\n|switch|p2a: Pincurchin|Pincurchin, M|100/100\n|-fieldstart|move: Electric Terrain|[from] ability: Electric Surge|[of] p2a: Pincurchin\n|move|p1a: Hawlucha|Close Combat|p2a: Pincurchin\n|-damage|p2a: Pincurchin|66/100\n|-unboost|p1a: Hawlucha|def|1\n|-unboost|p1a: Hawlucha|spd|1\n|-enditem|p1a: Hawlucha|White Herb\n|-clearnegativeboost|p1a: Hawlucha|[silent]\n|\n|-heal|p2a: Pincurchin|73/100|[from] item: Leftovers\n|upkeep\n|turn|10\n|inactive|Time left: 300 sec this turn | 300 sec total\n|\n|t:|1783569523\n|switch|p1a: Appletun|Appletun, L92, F|352/352\n|move|p2a: Pincurchin|Discharge|p1a: Appletun\n|-resisted|p1a: Appletun\n|-damage|p1a: Appletun|316/352\n|\n|-heal|p1a: Appletun|338/352|[from] item: Leftovers\n|-heal|p2a: Pincurchin|79/100|[from] item: Leftovers\n|upkeep\n|turn|11\n|inactive|Time left: 300 sec this turn | 300 sec total\n|\n|t:|1783569524\n|move|p1a: Appletun|Apple Acid|p2a: Pincurchin\n|-damage|p2a: Pincurchin|41/100\n|-unboost|p2a: Pincurchin|spd|1\n|move|p2a: Pincurchin|Recover|p2a: Pincurchin\n|-heal|p2a: Pincurchin|91/100\n|\n|-heal|p1a: Appletun|352/352|[from] item: Leftovers\n|-heal|p2a: Pincurchin|97/100|[from] item: Leftovers\n|upkeep\n|turn|12\n|inactive|Time left: 300 sec this turn | 300 sec total\n|\n|t:|1783569525\n|switch|p2a: Misdreavus|Misdreavus, L90, F|100/100\n|move|p1a: Appletun|Apple Acid|p2a: Misdreavus\n|-damage|p2a: Misdreavus|75/100\n|-unboost|p2a: Misdreavus|spd|1\n|\n|upkeep\n|turn|13\n|inactive|Time left: 300 sec this turn | 300 sec total\n|\n|t:|1783569525\n|move|p2a: Misdreavus|Calm Mind|p2a: Misdreavus\n|-boost|p2a: Misdreavus|spa|1\n|-boost|p2a: Misdreavus|spd|1\n|move|p1a: Appletun|Apple Acid|p2a: Misdreavus\n|-damage|p2a: Misdreavus|48/100\n|-unboost|p2a: Misdreavus|spd|1\n|\n|-fieldend|move: Electric Terrain\n|upkeep\n|turn|14\n|inactive|Time left: 300 sec this turn | 300 sec total\n|\n|t:|1783569526\n|move|p2a: Misdreavus|Calm Mind|p2a: Misdreavus\n|-boost|p2a: Misdreavus|spa|1\n|-boost|p2a: Misdreavus|spd|1\n|move|p1a: Appletun|Apple Acid|p2a: Misdreavus\n|-crit|p2a: Misdreavus\n|-damage|p2a: Misdreavus|11/100\n|-unboost|p2a: Misdreavus|spd|1\n|\n|upkeep\n|turn|15\n|inactive|Time left: 300 sec this turn | 300 sec total\n|\n|t:|1783569527\n|move|p2a: Misdreavus|Draining Kiss|p1a: Appletun\n|-supereffective|p1a: Appletun\n|-damage|p1a: Appletun|194/352\n|-heal|p2a: Misdreavus|58/100|[from] drain|[of] p1a: Appletun\n|move|p1a: Appletun|Apple Acid|p2a: Misdreavus\n|-damage|p2a: Misdreavus|22/100\n|-unboost|p2a: Misdreavus|spd|1\n|\n|-heal|p1a: Appletun|216/352|[from] item: Leftovers\n|upkeep\n|turn|16\n|inactive|Time left: 300 sec this turn | 300 sec total\n|\n|t:|1783569528\n|move|p2a: Misdreavus|Draining Kiss|p1a: Appletun\n|-supereffective|p1a: Appletun\n|-damage|p1a: Appletun|82/352\n|-heal|p2a: Misdreavus|62/100|[from] drain|[of] p1a: Appletun\n|move|p1a: Appletun|Draco Meteor|p2a: Misdreavus\n|-damage|p2a: Misdreavus|0 fnt\n|-unboost|p1a: Appletun|spa|2\n|faint|p2a: Misdreavus\n|\n|-heal|p1a: Appletun|104/352|[from] item: Leftovers\n|upkeep\n|\n|t:|1783569529\n|switch|p2a: Bellossom|Bellossom, L84, F, tera:Rock|70/100\n|turn|17\n|inactive|Time left: 300 sec this turn | 300 sec total\n|\n|t:|1783569530\n|move|p2a: Bellossom|Quiver Dance|p2a: Bellossom\n|-boost|p2a: Bellossom|spa|1\n|-boost|p2a: Bellossom|spd|1\n|-boost|p2a: Bellossom|spe|1\n|move|p1a: Appletun|Recover|p1a: Appletun\n|-heal|p1a: Appletun|280/352\n|\n|-heal|p2a: Bellossom|76/100|[from] item: Leftovers\n|-heal|p1a: Appletun|302/352|[from] item: Leftovers\n|upkeep\n|turn|18\n|inactive|Time left: 300 sec this turn | 300 sec total\n|\n|t:|1783569531\n|move|p2a: Bellossom|Quiver Dance|p2a: Bellossom\n|-boost|p2a: Bellossom|spa|1\n|-boost|p2a: Bellossom|spd|1\n|-boost|p2a: Bellossom|spe|1\n|move|p1a: Appletun|Leech Seed|p2a: Bellossom\n|-start|p2a: Bellossom|move: Leech Seed\n|\n|-heal|p2a: Bellossom|82/100|[from] item: Leftovers\n|-heal|p1a: Appletun|324/352|[from] item: Leftovers\n|-damage|p2a: Bellossom|70/100|[from] Leech Seed|[of] p1a: Appletun\n|-heal|p1a: Appletun|352/352|[silent]\n|upkeep\n|turn|19\n|inactive|Time left: 300 sec this turn | 300 sec total\n|\n|t:|1783569532\n|switch|p1a: Eelektross|Eelektross, L87, F|231/290\n|move|p2a: Bellossom|Quiver Dance|p2a: Bellossom\n|-boost|p2a: Bellossom|spa|1\n|-boost|p2a: Bellossom|spd|1\n|-boost|p2a: Bellossom|spe|1\n|\n|-heal|p2a: Bellossom|76/100|[from] item: Leftovers\n|-damage|p2a: Bellossom|64/100|[from] Leech Seed|[of] p1a: Eelektross\n|-heal|p1a: Eelektross|263/290|[silent]\n|upkeep\n|turn|20\n|inactive|Time left: 300 sec this turn | 300 sec total\n|\n|t:|1783569533\n|move|p2a: Bellossom|Giga Drain|p1a: Eelektross\n|-damage|p1a: Eelektross|140/290\n|-heal|p2a: Bellossom|88/100|[from] drain|[of] p1a: Eelektross\n|move|p1a: Eelektross|Knock Off|p2a: Bellossom\n|-crit|p2a: Bellossom\n|-damage|p2a: Bellossom|44/100\n|-enditem|p2a: Bellossom|Leftovers|[from] move: Knock Off|[of] p1a: Eelektross\n|\n|-damage|p2a: Bellossom|32/100|[from] Leech Seed|[of] p1a: Eelektross\n|-heal|p1a: Eelektross|172/290|[silent]\n|upkeep\n|turn|21\n|inactive|Time left: 300 sec this turn | 300 sec total\n|\n|t:|1783569534\n|switch|p1a: Appletun|Appletun, L92, F|352/352\n|move|p2a: Bellossom|Strength Sap|p1a: Appletun\n|-unboost|p1a: Appletun|atk|1\n|-heal|p2a: Bellossom|93/100\n|\n|-damage|p2a: Bellossom|81/100|[from] Leech Seed|[of] p1a: Appletun\n|upkeep\n|turn|22\n|inactive|Time left: 300 sec this turn | 300 sec total\n|\n|t:|1783569535\n|move|p2a: Bellossom|Quiver Dance|p2a: Bellossom\n|-boost|p2a: Bellossom|spa|1\n|-boost|p2a: Bellossom|spd|1\n|-boost|p2a: Bellossom|spe|1\n|move|p1a: Appletun|Apple Acid|p2a: Bellossom\n|-supereffective|p2a: Bellossom\n|-damage|p2a: Bellossom|56/100\n|-unboost|p2a: Bellossom|spd|1\n|\n|-damage|p2a: Bellossom|43/100|[from] Leech Seed|[of] p1a: Appletun\n|upkeep\n|turn|23\n|inactive|Time left: 300 sec this turn | 300 sec total\n|\n|t:|1783569536\n|move|p2a: Bellossom|Tera Blast|p1a: Appletun|[anim] Tera Blast Rock\n|-damage|p1a: Appletun|102/352\n|move|p1a: Appletun|Apple Acid|p2a: Bellossom\n|-supereffective|p2a: Bellossom\n|-damage|p2a: Bellossom|16/100\n|-unboost|p2a: Bellossom|spd|1\n|\n|-heal|p1a: Appletun|124/352|[from] item: Leftovers\n|-damage|p2a: Bellossom|4/100|[from] Leech Seed|[of] p1a: Appletun\n|-heal|p1a: Appletun|156/352|[silent]\n|upkeep\n|turn|24\n|inactive|Time left: 300 sec this turn | 300 sec total\n|\n|t:|1783569537\n|switch|p1a: Eelektross|Eelektross, L87, F|172/290\n|move|p2a: Bellossom|Strength Sap|p1a: Eelektross\n|-unboost|p1a: Eelektross|atk|1\n|-heal|p2a: Bellossom|99/100\n|\n|-damage|p2a: Bellossom|87/100|[from] Leech Seed|[of] p1a: Eelektross\n|-heal|p1a: Eelektross|204/290|[silent]\n|upkeep\n|turn|25\n|inactive|Time left: 300 sec this turn | 300 sec total\n|\n|t:|1783569538\n|move|p2a: Bellossom|Tera Blast|p1a: Eelektross|[anim] Tera Blast Rock\n|-crit|p1a: Eelektross\n|-damage|p1a: Eelektross|0 fnt\n|faint|p1a: Eelektross\n|\n|upkeep\n|inactive|Time left: 300 sec this turn | 300 sec total | 5 sec grace\n|\n|t:|1783569539\n|switch|p1a: Hawlucha|Hawlucha, L80, F|256/256\n|turn|26\n|inactive|Time left: 300 sec this turn | 300 sec total\n|\n|t:|1783569539\n|switch|p1a: Appletun|Appletun, L92, F|156/352\n|move|p2a: Bellossom|Tera Blast|p1a: Appletun|[anim] Tera Blast Rock\n|-damage|p1a: Appletun|0 fnt\n|faint|p1a: Appletun\n|\n|upkeep\n|inactive|Time left: 300 sec this turn | 300 sec total | 5 sec grace\n|\n|t:|1783569540\n|switch|p1a: Hawlucha|Hawlucha, L80, F|256/256\n|turn|27\n|inactive|Time left: 300 sec this turn | 300 sec total\n|\n|t:|1783569541\n|move|p2a: Bellossom|Tera Blast|p1a: Hawlucha|[anim] Tera Blast Rock\n|-damage|p1a: Hawlucha|0 fnt\n|faint|p1a: Hawlucha\n|\n|win|p0y2552903d", "uploadtime": 1783569541, "views": 0, "rating": 0, "private": 0, "password": null, "_winner": "p0y2552903d", "_our_name": "p0x25528de7"}