{"id": "battle-gen9randombattle-451", "formatid": "gen9randombattle", "format": "[Gen 9] Random Battle", "players": ["p0x45134f9", "p0y4518fad"], "log": "|init|battle\n|title|p0x45134f9 vs. p0y4518fad\n|j|\u2606p0x45134f9\n|j|\u2606p0y4518fad\n|t:|1783544285\n|gametype|singles\n|player|p1|p0x45134f9|2|\n|player|p2|p0y4518fad|2|\n|gen|9\n|tier|[Gen 9] Random Battle\n|rule|Species Clause: Limit one of each Pok\u00e9mon\n|rule|HP Percentage Mod: HP is shown in percentages\n|rule|Sleep Clause Mod: Limit one foe put to sleep\n|rule|Illusion Level Mod: Illusion disguises the Pok\u00e9mon's true level\n|\n|t:|1783544285\n|teamsize|p1|6\n|teamsize|p2|6\n|start\n|switch|p1a: Spidops|Spidops, L96, M|100/100\n|switch|p2a: Medicham|Medicham, L86, M|243/243\n|turn|1\n|inactive|Battle timer is ON: inactive players will automatically lose when time's up. (requested by p0y4518fad)\n|inactive|p0x45134f9 also wants the timer to be on.\n|\n|t:|1783544287\n|move|p2a: Medicham|Zen Headbutt|p1a: Spidops\n|-damage|p1a: Spidops|47/100\n|move|p1a: Spidops|Sticky Web|p2a: Medicham\n|-sidestart|p2: p0y4518fad|move: Sticky Web\n|\n|upkeep\n|turn|2\n|inactive|Time left: 300 sec this turn | 300 sec total\n|\n|t:|1783544288\n|switch|p1a: Mightyena|Mightyena, L96, M|100/100\n|-ability|p1a: Mightyena|Intimidate|boost\n|-unboost|p2a: Medicham|atk|1\n|move|p2a: Medicham|Zen Headbutt|p1a: Mightyena\n|-immune|p1a: Mightyena\n|\n|upkeep\n|turn|3\n|inactive|Time left: 300 sec this turn | 300 sec total\n|\n|t:|1783544289\n|switch|p2a: Bastiodon|Bastiodon, L89, F|252/252\n|-activate|p2a: Bastiodon|move: Sticky Web\n|-unboost|p2a: Bastiodon|spe|1\n|move|p1a: Mightyena|Super Fang|p2a: Bastiodon|[miss]\n|-miss|p1a: Mightyena|p2a: Bastiodon\n|\n|upkeep\n|turn|4\n|inactive|Time left: 300 sec this turn | 300 sec total\n|\n|t:|1783544290\n|switch|p1a: Hydrapple|Hydrapple, L83, M|100/100\n|move|p2a: Bastiodon|Body Press|p1a: Hydrapple\n|-damage|p1a: Hydrapple|75/100\n|\n|upkeep\n|turn|5\n|inactive|Time left: 300 sec this turn | 300 sec total\n|\n|t:|1783544291\n|switch|p2a: Noctowl|Noctowl, L95, F|344/344\n|move|p1a: Hydrapple|Nasty Plot|p1a: Hydrapple\n|-boost|p1a: Hydrapple|spa|2\n|\n|upkeep\n|turn|6\n|inactive|Time left: 300 sec this turn | 300 sec total\n|\n|t:|1783544292\n|move|p2a: Noctowl|Hurricane|p1a: Hydrapple\n|-supereffective|p1a: Hydrapple\n|-damage|p1a: Hydrapple|0 fnt\n|faint|p1a: Hydrapple\n|\n|upkeep\n|\n|t:|1783544293\n|switch|p1a: Magnezone|Magnezone, L85|100/100\n|turn|7\n|inactive|Time left: 300 sec this turn | 300 sec total\n|\n|t:|1783544294\n|move|p2a: Noctowl|Nasty Plot|p2a: Noctowl\n|-boost|p2a: Noctowl|spa|2\n|move|p1a: Magnezone|Discharge|p2a: Noctowl\n|-supereffective|p2a: Noctowl\n|-damage|p2a: Noctowl|86/344\n|-status|p2a: Noctowl|par\n|\n|upkeep\n|turn|8\n|inactive|Time left: 300 sec this turn | 300 sec total\n|\n|t:|1783544296\n|-terastallize|p2a: Noctowl|Ground\n|move|p1a: Magnezone|Flash Cannon|p2a: Noctowl\n|-damage|p2a: Noctowl|1/344 par\n|move|p2a: Noctowl|Roost|p2a: Noctowl\n|-heal|p2a: Noctowl|173/344 par\n|\n|upkeep\n|turn|9\n|inactive|Time left: 300 sec this turn | 300 sec total\n|\n|t:|1783544297\n|move|p1a: Magnezone|Flash Cannon|p2a: Noctowl\n|-damage|p2a: Noctowl|74/344 par\n|move|p2a: Noctowl|Roost|p2a: Noctowl\n|-heal|p2a: Noctowl|246/344 par\n|\n|upkeep\n|turn|10\n|inactive|Time left: 300 sec this turn | 300 sec total\n|\n|t:|1783544298\n|move|p1a: Magnezone|Iron Defense|p1a: Magnezone\n|-boost|p1a: Magnezone|def|2\n|move|p2a: Noctowl|Hyper Voice|p1a: Magnezone\n|-resisted|p1a: Magnezone\n|-damage|p1a: Magnezone|19/100\n|\n|-heal|p1a: Magnezone|25/100|[from] item: Leftovers\n|upkeep\n|turn|11\n|inactive|Time left: 300 sec this turn | 300 sec total\n|\n|t:|1783544299\n|-terastallize|p1a: Magnezone|Fighting\n|move|p1a: Magnezone|Body Press|p2a: Noctowl\n|-damage|p2a: Noctowl|0 fnt\n|faint|p2a: Noctowl\n|\n|-heal|p1a: Magnezone|32/100|[from] item: Leftovers\n|upkeep\n|inactive|Time left: 300 sec this turn | 300 sec total | 5 sec grace\n|\n|t:|1783544300\n|switch|p2a: Vaporeon|Vaporeon, L86, M|364/364\n|-activate|p2a: Vaporeon|move: Sticky Web\n|-unboost|p2a: Vaporeon|spe|1\n|turn|12\n|inactive|Time left: 300 sec this turn | 300 sec total\n|\n|t:|1783544301\n|move|p1a: Magnezone|Discharge|p2a: Vaporeon\n|-supereffective|p2a: Vaporeon\n|-crit|p2a: Vaporeon\n|-damage|p2a: Vaporeon|50/364\n|-status|p2a: Vaporeon|par\n|move|p2a: Vaporeon|Scald|p1a: Magnezone\n|-damage|p1a: Magnezone|0 fnt\n|faint|p1a: Magnezone\n|\n|-heal|p2a: Vaporeon|72/364 par|[from] item: Leftovers\n|upkeep\n|\n|t:|1783544302\n|switch|p1a: Girafarig|Girafarig, L89, F|100/100\n|turn|13\n|inactive|Time left: 300 sec this turn | 300 sec total\n|\n|t:|1783544303\n|move|p1a: Girafarig|Nasty Plot|p1a: Girafarig\n|-boost|p1a: Girafarig|spa|2\n|move|p2a: Vaporeon|Scald|p1a: Girafarig\n|-damage|p1a: Girafarig|70/100\n|\n|-heal|p2a: Vaporeon|94/364 par|[from] item: Leftovers\n|upkeep\n|turn|14\n|inactive|Time left: 300 sec this turn | 300 sec total\n|\n|t:|1783544304\n|switch|p2a: Bastiodon|Bastiodon, L89, F|252/252\n|-activate|p2a: Bastiodon|move: Sticky Web\n|-unboost|p2a: Bastiodon|spe|1\n|move|p1a: Girafarig|Hyper Voice|p2a: Bastiodon\n|-immune|p2a: Bastiodon|[from] ability: Soundproof\n|\n|upkeep\n|turn|15\n|inactive|Time left: 300 sec this turn | 300 sec total\n|\n|t:|1783544306\n|move|p1a: Girafarig|Nasty Plot|p1a: Girafarig\n|-boost|p1a: Girafarig|spa|2\n|move|p2a: Bastiodon|Foul Play|p1a: Girafarig\n|-supereffective|p1a: Girafarig\n|-damage|p1a: Girafarig|43/100\n|\n|upkeep\n|turn|16\n|inactive|Time left: 300 sec this turn | 300 sec total\n|\n|t:|1783544307\n|move|p1a: Girafarig|Thunderbolt|p2a: Bastiodon\n|-damage|p2a: Bastiodon|130/252\n|move|p2a: Bastiodon|Body Press|p1a: Girafarig\n|-damage|p1a: Girafarig|11/100\n|\n|upkeep\n|turn|17\n|inactive|Time left: 300 sec this turn | 300 sec total\n|\n|t:|1783544308\n|move|p1a: Girafarig|Thunderbolt|p2a: Bastiodon\n|-damage|p2a: Bastiodon|5/252\n|move|p2a: Bastiodon|Foul Play|p1a: Girafarig\n|-supereffective|p1a: Girafarig\n|-damage|p1a: Girafarig|0 fnt\n|faint|p1a: Girafarig\n|\n|upkeep\n|\n|t:|1783544309\n|switch|p1a: Komala|Komala, L87, F|100/100\n|-ability|p1a: Komala|Comatose\n|turn|18\n|inactive|Time left: 300 sec this turn | 300 sec total\n|\n|t:|1783544310\n|move|p1a: Komala|Rapid Spin|p2a: Bastiodon\n|-resisted|p2a: Bastiodon\n|-damage|p2a: Bastiodon|0 fnt\n|-boost|p1a: Komala|spe|1\n|faint|p2a: Bastiodon\n|\n|upkeep\n|inactive|Time left: 300 sec this turn | 300 sec total | 5 sec grace\n|\n|t:|1783544311\n|switch|p2a: Koraidon|Koraidon, L64|235/235\n|-activate|p2a: Koraidon|move: Sticky Web\n|-unboost|p2a: Koraidon|spe|1\n|-weather|SunnyDay|[from] ability: Orichalcum Pulse|[of] p2a: Koraidon\n|-activate|p2a: Koraidon|Orichalcum Pulse|[source]\n|turn|19\n|inactive|Time left: 300 sec this turn | 300 sec total\n|\n|t:|1783544312\n|switch|p1a: Mightyena|Mightyena, L96, M|100/100\n|-ability|p1a: Mightyena|Intimidate|boost\n|-unboost|p2a: Koraidon|atk|1\n|move|p2a: Koraidon|Collision Course|p1a: Mightyena\n|-supereffective|p1a: Mightyena\n|-damage|p1a: Mightyena|34/100\n|\n|-weather|SunnyDay|[upkeep]\n|upkeep\n|turn|20\n|inactive|Time left: 300 sec this turn | 300 sec total\n|\n|t:|1783544314\n|switch|p2a: Vaporeon|Vaporeon, L86, M|94/364 par\n|-activate|p2a: Vaporeon|move: Sticky Web\n|-unboost|p2a: Vaporeon|spe|1\n|move|p1a: Mightyena|Play Rough|p2a: Vaporeon\n|-damage|p2a: Vaporeon|0 fnt\n|faint|p2a: Vaporeon\n|\n|-weather|SunnyDay|[upkeep]\n|upkeep\n|inactive|Time left: 300 sec this turn | 300 sec total | 5 sec grace\n|\n|t:|1783544315\n|switch|p2a: Lokix|Lokix, L82, M|251/251\n|-activate|p2a: Lokix|move: Sticky Web\n|-unboost|p2a: Lokix|spe|1\n|turn|21\n|inactive|Time left: 300 sec this turn | 300 sec total\n|\n|t:|1783544316\n|move|p2a: Lokix|First Impression|p1a: Mightyena\n|-supereffective|p1a: Mightyena\n|-damage|p1a: Mightyena|0 fnt\n|faint|p1a: Mightyena\n|\n|-weather|SunnyDay|[upkeep]\n|upkeep\n|\n|t:|1783544317\n|switch|p1a: Komala|Komala, L87, F|100/100\n|-ability|p1a: Komala|Comatose\n|turn|22\n|inactive|Time left: 300 sec this turn | 300 sec total\n|\n|t:|1783544318\n|move|p1a: Komala|Body Slam|p2a: Lokix\n|-damage|p2a: Lokix|121/251\n|move|p2a: Lokix|U-turn|p1a: Komala\n|-damage|p1a: Komala|62/100\n|inactive|Time left: 300 sec this turn | 300 sec total | 5 sec grace\n|\n|t:|1783544319\n|switch|p2a: Medicham|Medicham, L86, M|243/243|[from] U-turn\n|-activate|p2a: Medicham|move: Sticky Web\n|-unboost|p2a: Medicham|spe|1\n|\n|-weather|SunnyDay|[upkeep]\n|upkeep\n|turn|23\n|inactive|Time left: 300 sec this turn | 300 sec total\n|\n|t:|1783544320\n|move|p1a: Komala|Body Slam|p2a: Medicham\n|-crit|p2a: Medicham\n|-damage|p2a: Medicham|74/243\n|move|p2a: Medicham|Close Combat|p1a: Komala\n|-supereffective|p1a: Komala\n|-damage|p1a: Komala|0 fnt\n|-unboost|p2a: Medicham|def|1\n|-unboost|p2a: Medicham|spd|1\n|faint|p1a: Komala\n|\n|-weather|none\n|upkeep\n|\n|t:|1783544321\n|switch|p1a: Spidops|Spidops, L96, M|47/100\n|turn|24\n|inactive|Time left: 300 sec this turn | 300 sec total\n|\n|t:|1783544322\n|move|p2a: Medicham|Close Combat|p1a: Spidops\n|-resisted|p1a: Spidops\n|-damage|p1a: Spidops|1/100\n|-unboost|p2a: Medicham|def|1\n|-unboost|p2a: Medicham|spd|1\n|move|p1a: Spidops|Spikes|p2a: Medicham\n|-sidestart|p2: p0y4518fad|Spikes\n|\n|upkeep\n|turn|25\n|inactive|Time left: 300 sec this turn | 300 sec total\n|\n|t:|1783544323\n|move|p2a: Medicham|Close Combat|p1a: Spidops\n|-resisted|p1a: Spidops\n|-damage|p1a: Spidops|0 fnt\n|-unboost|p2a: Medicham|def|1\n|-unboost|p2a: Medicham|spd|1\n|faint|p1a: Spidops\n|\n|win|p0y4518fad", "uploadtime": 1783544323, "views": 0, "rating": 0, "private": 0, "password": null, "_winner": "p0y4518fad", "_our_name": "p0y4518fad"}