{"id": "battle-gen9randombattle-2794", "formatid": "gen9randombattle", "format": "[Gen 9] Random Battle", "players": ["p0x27944fcc", "p0y2794bccd"], "log": "|init|battle\n|title|p0x27944fcc vs. p0y2794bccd\n|j|\u2606p0x27944fcc\n|j|\u2606p0y2794bccd\n|t:|1783572188\n|gametype|singles\n|player|p1|p0x27944fcc|265|\n|player|p2|p0y2794bccd|102|\n|gen|9\n|tier|[Gen 9] Random Battle\n|rule|Species Clause: Limit one of each Pok\u00e9mon\n|rule|HP Percentage Mod: HP is shown in percentages\n|rule|Sleep Clause Mod: Limit one foe put to sleep\n|rule|Illusion Level Mod: Illusion disguises the Pok\u00e9mon's true level\n|\n|t:|1783572188\n|teamsize|p1|6\n|teamsize|p2|6\n|start\n|switch|p1a: Flareon|Flareon, L90, F|100/100\n|switch|p2a: Perrserker|Perrserker, L89, F|269/269\n|turn|1\n|inactive|Battle timer is ON: inactive players will automatically lose when time's up. (requested by p0y2794bccd)\n|\n|t:|1783572189\n|-terastallize|p2a: Perrserker|Fighting\n|move|p1a: Flareon|Flare Blitz|p2a: Perrserker\n|-damage|p2a: Perrserker|101/269\n|-damage|p1a: Flareon|80/100|[from] Recoil\n|move|p2a: Perrserker|Close Combat|p1a: Flareon\n|-damage|p1a: Flareon|0 fnt\n|-unboost|p2a: Perrserker|def|1\n|-unboost|p2a: Perrserker|spd|1\n|faint|p1a: Flareon\n|-damage|p2a: Perrserker|75/269|[from] item: Life Orb\n|\n|upkeep\n|inactive|p0x27944fcc also wants the timer to be on.\n|\n|t:|1783572190\n|switch|p1a: Squawkabilly|Squawkabilly-Blue, L85, F|100/100\n|turn|2\n|inactive|Time left: 300 sec this turn | 300 sec total\n|\n|t:|1783572192\n|switch|p2a: Lycanroc|Lycanroc-Midnight, L89, M|296/296\n|move|p1a: Squawkabilly|Facade|p2a: Lycanroc\n|-resisted|p2a: Lycanroc\n|-damage|p2a: Lycanroc|253/296\n|\n|-status|p1a: Squawkabilly|brn|[from] item: Flame Orb\n|upkeep\n|turn|3\n|inactive|Time left: 300 sec this turn | 300 sec total\n|\n|t:|1783572193\n|switch|p1a: Golurk|Golurk, L87|100/100\n|move|p2a: Lycanroc|Stone Edge|p1a: Golurk\n|-resisted|p1a: Golurk\n|-damage|p1a: Golurk|68/100\n|-damage|p2a: Lycanroc|224/296|[from] item: Life Orb\n|\n|upkeep\n|turn|4\n|inactive|Time left: 300 sec this turn | 300 sec total\n|\n|t:|1783572194\n|switch|p2a: Thundurus|Thundurus, L80, M|258/258\n|move|p1a: Golurk|Dynamic Punch|p2a: Thundurus\n|-resisted|p2a: Thundurus\n|-damage|p2a: Thundurus|184/258\n|-start|p2a: Thundurus|confusion\n|-damage|p1a: Golurk|58/100|[from] item: Life Orb\n|\n|upkeep\n|turn|5\n|inactive|Time left: 300 sec this turn | 300 sec total\n|\n|t:|1783572196\n|-activate|p2a: Thundurus|confusion\n|-damage|p2a: Thundurus|144/258|[from] confusion\n|move|p1a: Golurk|Stealth Rock|p2a: Thundurus\n|-sidestart|p2: p0y2794bccd|move: Stealth Rock\n|\n|upkeep\n|turn|6\n|inactive|Time left: 300 sec this turn | 300 sec total\n|\n|t:|1783572197\n|-activate|p2a: Thundurus|confusion\n|-damage|p2a: Thundurus|106/258|[from] confusion\n|move|p1a: Golurk|Poltergeist||[still]\n|-fail|p1a: Golurk\n|\n|upkeep\n|turn|7\n|inactive|Time left: 300 sec this turn | 300 sec total\n|\n|t:|1783572198\n|-activate|p2a: Thundurus|confusion\n|move|p2a: Thundurus|Acrobatics|p1a: Golurk\n|-damage|p1a: Golurk|16/100\n|move|p1a: Golurk|Dynamic Punch|p2a: Thundurus\n|-resisted|p2a: Thundurus\n|-damage|p2a: Thundurus|35/258\n|-damage|p1a: Golurk|7/100|[from] item: Life Orb\n|\n|upkeep\n|turn|8\n|inactive|Time left: 300 sec this turn | 300 sec total\n|\n|t:|1783572200\n|switch|p2a: Conkeldurr|Conkeldurr, L80, F|299/299\n|-damage|p2a: Conkeldurr|281/299|[from] Stealth Rock\n|move|p1a: Golurk|Dynamic Punch|p2a: Conkeldurr\n|-damage|p2a: Conkeldurr|172/299\n|-start|p2a: Conkeldurr|confusion\n|-damage|p1a: Golurk|0 fnt|[from] item: Life Orb\n|faint|p1a: Golurk\n|\n|-status|p2a: Conkeldurr|brn|[from] item: Flame Orb\n|upkeep\n|\n|t:|1783572201\n|switch|p1a: Keldeo|Keldeo-Resolute, L79|100/100\n|turn|9\n|inactive|Time left: 300 sec this turn | 300 sec total\n|\n|t:|1783572202\n|switch|p2a: Gogoat|Gogoat, L88, F|360/360\n|-damage|p2a: Gogoat|315/360|[from] Stealth Rock\n|move|p1a: Keldeo|Hydro Pump|p2a: Gogoat\n|-resisted|p2a: Gogoat\n|-damage|p2a: Gogoat|236/360\n|-damage|p1a: Keldeo|91/100|[from] item: Life Orb\n|\n|-heal|p2a: Gogoat|258/360|[from] item: Leftovers\n|upkeep\n|turn|10\n|inactive|Time left: 300 sec this turn | 300 sec total\n|\n|t:|1783572203\n|switch|p1a: Reshiram|Reshiram, L76|100/100\n|-ability|p1a: Reshiram|Turboblaze\n|move|p2a: Gogoat|Horn Leech|p1a: Reshiram\n|-resisted|p1a: Reshiram\n|-damage|p1a: Reshiram|93/100\n|-heal|p2a: Gogoat|269/360|[from] drain|[of] p1a: Reshiram\n|\n|-heal|p2a: Gogoat|291/360|[from] item: Leftovers\n|upkeep\n|turn|11\n|inactive|Time left: 300 sec this turn | 300 sec total\n|\n|t:|1783572204\n|switch|p2a: Lycanroc|Lycanroc-Midnight, L89, M|224/296\n|-damage|p2a: Lycanroc|187/296|[from] Stealth Rock\n|move|p1a: Reshiram|Flare Blitz|p2a: Lycanroc\n|-resisted|p2a: Lycanroc\n|-damage|p2a: Lycanroc|124/296\n|-damage|p1a: Reshiram|85/100|[from] Recoil\n|\n|upkeep\n|turn|12\n|inactive|Time left: 300 sec this turn | 300 sec total\n|\n|t:|1783572205\n|-terastallize|p1a: Reshiram|Dragon\n|move|p2a: Lycanroc|Stone Edge|p1a: Reshiram\n|-damage|p1a: Reshiram|17/100\n|-damage|p2a: Lycanroc|95/296|[from] item: Life Orb\n|move|p1a: Reshiram|Outrage|p2a: Lycanroc\n|-damage|p2a: Lycanroc|0 fnt\n|faint|p2a: Lycanroc\n|\n|upkeep\n|inactive|Time left: 300 sec this turn | 300 sec total | 5 sec grace\n|\n|t:|1783572206\n|switch|p2a: Conkeldurr|Conkeldurr, L80, F|172/299 brn\n|-damage|p2a: Conkeldurr|154/299 brn|[from] Stealth Rock\n|turn|13\n|inactive|Time left: 300 sec this turn | 300 sec total\n|\n|t:|1783572207\n|move|p2a: Conkeldurr|Mach Punch|p1a: Reshiram\n|-damage|p1a: Reshiram|0 fnt\n|faint|p1a: Reshiram\n|\n|-damage|p2a: Conkeldurr|136/299 brn|[from] brn\n|upkeep\n|\n|t:|1783572208\n|switch|p1a: Squawkabilly|Squawkabilly-Blue, L85, F|100/100 brn\n|turn|14\n|inactive|Time left: 300 sec this turn | 300 sec total\n|\n|t:|1783572209\n|switch|p2a: Thundurus|Thundurus, L80, M|35/258\n|-damage|p2a: Thundurus|0 fnt|[from] Stealth Rock\n|faint|p2a: Thundurus\n|move|p1a: Squawkabilly|Facade|p2: Thundurus|[notarget]\n|-fail|p1a: Squawkabilly\n|\n|-damage|p1a: Squawkabilly|94/100 brn|[from] brn\n|upkeep\n|inactive|Time left: 300 sec this turn | 300 sec total | 5 sec grace\n|\n|t:|1783572210\n|switch|p2a: Perrserker|Perrserker, L89, F, tera:Fighting|75/269\n|-damage|p2a: Perrserker|59/269|[from] Stealth Rock\n|turn|15\n|inactive|Time left: 300 sec this turn | 300 sec total\n|\n|t:|1783572211\n|move|p1a: Squawkabilly|Facade|p2a: Perrserker\n|-damage|p2a: Perrserker|0 fnt\n|faint|p2a: Perrserker\n|\n|-damage|p1a: Squawkabilly|88/100 brn|[from] brn\n|upkeep\n|inactive|Time left: 300 sec this turn | 300 sec total | 5 sec grace\n|\n|t:|1783572212\n|switch|p2a: Ludicolo|Ludicolo, L90, M|290/290\n|-damage|p2a: Ludicolo|254/290|[from] Stealth Rock\n|turn|16\n|inactive|Time left: 300 sec this turn | 300 sec total\n|\n|t:|1783572213\n|switch|p2a: Gogoat|Gogoat, L88, F|291/360\n|-damage|p2a: Gogoat|246/360|[from] Stealth Rock\n|move|p1a: Squawkabilly|Brave Bird|p2a: Gogoat\n|-supereffective|p2a: Gogoat\n|-damage|p2a: Gogoat|0 fnt\n|faint|p2a: Gogoat\n|-damage|p1a: Squawkabilly|59/100 brn|[from] Recoil\n|\n|-damage|p1a: Squawkabilly|53/100 brn|[from] brn\n|upkeep\n|inactive|Time left: 300 sec this turn | 300 sec total | 5 sec grace\n|\n|t:|1783572214\n|switch|p2a: Conkeldurr|Conkeldurr, L80, F|136/299 brn\n|-damage|p2a: Conkeldurr|118/299 brn|[from] Stealth Rock\n|turn|17\n|inactive|Time left: 300 sec this turn | 300 sec total\n|\n|t:|1783572215\n|move|p2a: Conkeldurr|Mach Punch|p1a: Squawkabilly\n|-damage|p1a: Squawkabilly|12/100 brn\n|move|p1a: Squawkabilly|Facade|p2a: Conkeldurr\n|-damage|p2a: Conkeldurr|0 fnt\n|faint|p2a: Conkeldurr\n|\n|-damage|p1a: Squawkabilly|6/100 brn|[from] brn\n|upkeep\n|inactive|Time left: 300 sec this turn | 300 sec total | 5 sec grace\n|\n|t:|1783572215\n|switch|p2a: Ludicolo|Ludicolo, L90, M|254/290\n|-damage|p2a: Ludicolo|218/290|[from] Stealth Rock\n|turn|18\n|inactive|Time left: 300 sec this turn | 300 sec total\n|\n|t:|1783572216\n|move|p1a: Squawkabilly|Facade|p2a: Ludicolo\n|-damage|p2a: Ludicolo|0 fnt\n|faint|p2a: Ludicolo\n|\n|win|p0x27944fcc", "uploadtime": 1783572216, "views": 0, "rating": 0, "private": 0, "password": null, "_winner": "p0x27944fcc", "_our_name": "p0y2794bccd"}