{"id": "battle-gen9randombattle-73", "formatid": "gen9randombattle", "format": "[Gen 9] Random Battle", "players": ["p0x07389bf", "p0y0732d82"], "log": "|init|battle\n|title|p0x07389bf vs. p0y0732d82\n|j|\u2606p0x07389bf\n|j|\u2606p0y0732d82\n|t:|1783540311\n|gametype|singles\n|player|p1|p0x07389bf|266|\n|player|p2|p0y0732d82|265|\n|gen|9\n|tier|[Gen 9] Random Battle\n|rule|Species Clause: Limit one of each Pok\u00e9mon\n|rule|HP Percentage Mod: HP is shown in percentages\n|rule|Sleep Clause Mod: Limit one foe put to sleep\n|rule|Illusion Level Mod: Illusion disguises the Pok\u00e9mon's true level\n|\n|t:|1783540311\n|teamsize|p1|6\n|teamsize|p2|6\n|start\n|switch|p1a: Floatzel|Floatzel, L86, M|286/286\n|switch|p2a: Noctowl|Noctowl, L95, M|100/100\n|turn|1\n|inactive|Battle timer is ON: inactive players will automatically lose when time's up. (requested by p0y0732d82)\n|inactive|Time left: 300 sec this turn | 300 sec total | 60 sec grace\n|inactive|p0x07389bf also wants the timer to be on.\n|\n|t:|1783540312\n|move|p1a: Floatzel|Ice Spinner|p2a: Noctowl\n|-supereffective|p2a: Noctowl\n|-damage|p2a: Noctowl|51/100\n|move|p2a: Noctowl|Hyper Voice|p1a: Floatzel\n|-damage|p1a: Floatzel|130/286\n|\n|-heal|p1a: Floatzel|147/286|[from] item: Leftovers\n|upkeep\n|turn|2\n|inactive|Time left: 300 sec this turn | 300 sec total\n|\n|t:|1783540313\n|switch|p2a: Veluza|Veluza, L85, M|100/100\n|move|p1a: Floatzel|Wave Crash|p2a: Veluza\n|-resisted|p2a: Veluza\n|-damage|p2a: Veluza|72/100\n|-damage|p1a: Floatzel|119/286|[from] Recoil\n|\n|-heal|p1a: Floatzel|136/286|[from] item: Leftovers\n|upkeep\n|turn|3\n|inactive|Time left: 300 sec this turn | 300 sec total\n|\n|t:|1783540315\n|switch|p1a: Luxray|Luxray, L88, F|284/284\n|-ability|p1a: Luxray|Intimidate|boost\n|-unboost|p2a: Veluza|atk|1\n|move|p2a: Veluza|Fillet Away|p2a: Veluza\n|-boost|p2a: Veluza|atk|2\n|-boost|p2a: Veluza|spa|2\n|-boost|p2a: Veluza|spe|2\n|-damage|p2a: Veluza|22/100\n|-enditem|p2a: Veluza|Sitrus Berry|[eat]\n|-heal|p2a: Veluza|47/100|[from] item: Sitrus Berry\n|\n|upkeep\n|turn|4\n|inactive|Time left: 300 sec this turn | 300 sec total\n|\n|t:|1783540316\n|move|p2a: Veluza|Aqua Cutter|p1a: Luxray\n|-damage|p1a: Luxray|97/284\n|move|p1a: Luxray|Volt Switch|p2a: Veluza\n|-supereffective|p2a: Veluza\n|-damage|p2a: Veluza|0 fnt\n|faint|p2a: Veluza\n|inactive|Time left: 300 sec this turn | 300 sec total | 5 sec grace\n|\n|t:|1783540317\n|switch|p1a: Flareon|Flareon, L90, M|263/263|[from] Volt Switch\n|\n|-status|p1a: Flareon|tox|[from] item: Toxic Orb\n|upkeep\n|\n|t:|1783540318\n|switch|p2a: Kricketune|Kricketune, L99, M|100/100\n|turn|5\n|inactive|Time left: 300 sec this turn | 300 sec total\n|\n|t:|1783540319\n|move|p2a: Kricketune|Sticky Web|p1a: Flareon\n|-sidestart|p1: p0x07389bf|move: Sticky Web\n|move|p1a: Flareon|Flare Blitz|p2a: Kricketune\n|-supereffective|p2a: Kricketune\n|-damage|p2a: Kricketune|0 fnt\n|faint|p2a: Kricketune\n|-damage|p1a: Flareon|160/263 tox|[from] Recoil\n|\n|-damage|p1a: Flareon|144/263 tox|[from] psn\n|upkeep\n|\n|t:|1783540320\n|switch|p2a: Noctowl|Noctowl, L95, M|51/100\n|turn|6\n|inactive|Time left: 300 sec this turn | 300 sec total\n|\n|t:|1783540321\n|move|p2a: Noctowl|Hyper Voice|p1a: Flareon\n|-damage|p1a: Flareon|51/263 tox\n|move|p1a: Flareon|Facade|p2a: Noctowl\n|-damage|p2a: Noctowl|0 fnt\n|faint|p2a: Noctowl\n|\n|-damage|p1a: Flareon|19/263 tox|[from] psn\n|upkeep\n|\n|t:|1783540322\n|switch|p2a: Tentacruel|Tentacruel, L84, M|100/100\n|turn|7\n|inactive|Time left: 300 sec this turn | 300 sec total\n|\n|t:|1783540323\n|switch|p1a: Baxcalibur|Baxcalibur, L75, M|295/295\n|-activate|p1a: Baxcalibur|move: Sticky Web\n|-unboost|p1a: Baxcalibur|spe|1\n|move|p2a: Tentacruel|Rapid Spin|p1a: Baxcalibur\n|-damage|p1a: Baxcalibur|267/295\n|-boost|p2a: Tentacruel|spe|1\n|\n|upkeep\n|turn|8\n|inactive|Time left: 300 sec this turn | 300 sec total\n|\n|t:|1783540324\n|move|p2a: Tentacruel|Toxic Spikes|p1a: Baxcalibur\n|-sidestart|p1: p0x07389bf|move: Toxic Spikes\n|move|p1a: Baxcalibur|Glaive Rush|p2a: Tentacruel\n|-damage|p2a: Tentacruel|0 fnt\n|-singlemove|p1a: Baxcalibur|Glaive Rush|[silent]\n|faint|p2a: Tentacruel\n|\n|upkeep\n|\n|t:|1783540325\n|switch|p2a: Illumise|Illumise, L91, F|100/100\n|turn|9\n|inactive|Time left: 300 sec this turn | 300 sec total\n|\n|t:|1783540326\n|move|p2a: Illumise|Bug Buzz|p1a: Baxcalibur\n|-damage|p1a: Baxcalibur|51/295\n|move|p1a: Baxcalibur|Glaive Rush|p2a: Illumise\n|-damage|p2a: Illumise|10/100\n|-singlemove|p1a: Baxcalibur|Glaive Rush|[silent]\n|\n|upkeep\n|turn|10\n|inactive|Time left: 300 sec this turn | 300 sec total\n|\n|t:|1783540327\n|move|p2a: Illumise|Bug Buzz|p1a: Baxcalibur\n|-damage|p1a: Baxcalibur|0 fnt\n|faint|p1a: Baxcalibur\n|\n|upkeep\n|inactive|Time left: 300 sec this turn | 300 sec total | 5 sec grace\n|\n|t:|1783540329\n|switch|p1a: Hitmonlee|Hitmonlee, L85, M|223/223\n|-activate|p1a: Hitmonlee|move: Sticky Web\n|-unboost|p1a: Hitmonlee|spe|1\n|-status|p1a: Hitmonlee|psn\n|turn|11\n|inactive|Time left: 300 sec this turn | 300 sec total\n|\n|t:|1783540330\n|move|p2a: Illumise|Roost|p2a: Illumise\n|-heal|p2a: Illumise|60/100\n|-singleturn|p2a: Illumise|move: Roost\n|move|p1a: Hitmonlee|High Jump Kick|p2a: Illumise\n|-resisted|p2a: Illumise\n|-damage|p2a: Illumise|0 fnt\n|faint|p2a: Illumise\n|\n|-damage|p1a: Hitmonlee|196/223 psn|[from] psn\n|upkeep\n|\n|t:|1783540331\n|switch|p2a: Clodsire|Clodsire, L81, F|100/100\n|turn|12\n|inactive|Time left: 300 sec this turn | 300 sec total\n|\n|t:|1783540332\n|-terastallize|p1a: Hitmonlee|Fighting\n|move|p1a: Hitmonlee|High Jump Kick|p2a: Clodsire\n|-resisted|p2a: Clodsire\n|-damage|p2a: Clodsire|17/100\n|move|p2a: Clodsire|Recover|p2a: Clodsire\n|-heal|p2a: Clodsire|68/100\n|\n|-heal|p2a: Clodsire|74/100|[from] item: Leftovers\n|-damage|p1a: Hitmonlee|169/223 psn|[from] psn\n|upkeep\n|turn|13\n|inactive|Time left: 300 sec this turn | 300 sec total\n|\n|t:|1783540333\n|move|p1a: Hitmonlee|High Jump Kick|p2a: Clodsire\n|-resisted|p2a: Clodsire\n|-damage|p2a: Clodsire|0 fnt\n|faint|p2a: Clodsire\n|\n|win|p0x07389bf", "uploadtime": 1783540333, "views": 0, "rating": 0, "private": 0, "password": null, "_winner": "p0x07389bf", "_our_name": "p0x07389bf"}