{"id": "battle-gen9randombattle-1957", "formatid": "gen9randombattle", "format": "[Gen 9] Random Battle", "players": ["p0x1957b951", "p0y19571f1d"], "log": "|init|battle\n|title|p0x1957b951 vs. p0y19571f1d\n|j|\u2606p0x1957b951\n|j|\u2606p0y19571f1d\n|t:|1783562646\n|gametype|singles\n|player|p1|p0x1957b951|102|\n|player|p2|p0y19571f1d|102|\n|gen|9\n|tier|[Gen 9] Random Battle\n|rule|Species Clause: Limit one of each Pok\u00e9mon\n|rule|HP Percentage Mod: HP is shown in percentages\n|rule|Sleep Clause Mod: Limit one foe put to sleep\n|rule|Illusion Level Mod: Illusion disguises the Pok\u00e9mon's true level\n|\n|t:|1783562646\n|teamsize|p1|6\n|teamsize|p2|6\n|start\n|switch|p1a: Arcanine|Arcanine-Hisui, L79, F|279/279\n|switch|p2a: Iron Leaves|Iron Leaves, L80|100/100\n|turn|1\n|inactive|Battle timer is ON: inactive players will automatically lose when time's up. (requested by p0x1957b951)\n|inactive|p0y19571f1d also wants the timer to be on.\n|\n|t:|1783562647\n|switch|p1a: Banette|Banette, L93, F|270/270\n|move|p2a: Iron Leaves|Close Combat|p1a: Banette\n|-immune|p1a: Banette\n|\n|upkeep\n|turn|2\n|inactive|Time left: 300 sec this turn | 300 sec total\n|\n|t:|1783562648\n|-end|p2a: Iron Leaves|Quark Drive|[silent]\n|switch|p2a: Hariyama|Hariyama, L87, F|100/100\n|move|p1a: Banette|Swords Dance|p1a: Banette\n|-boost|p1a: Banette|atk|2\n|\n|-status|p2a: Hariyama|brn|[from] item: Flame Orb\n|upkeep\n|turn|3\n|inactive|Time left: 300 sec this turn | 300 sec total\n|\n|t:|1783562649\n|move|p1a: Banette|Gunk Shot|p2a: Hariyama\n|-damage|p2a: Hariyama|0 fnt\n|faint|p2a: Hariyama\n|-damage|p1a: Banette|243/270|[from] item: Life Orb\n|\n|upkeep\n|\n|t:|1783562650\n|switch|p2a: Charizard|Charizard, L85, M|100/100\n|turn|4\n|inactive|Time left: 300 sec this turn | 300 sec total\n|\n|t:|1783562651\n|move|p2a: Charizard|Flare Blitz|p1a: Banette\n|-crit|p1a: Banette\n|-damage|p1a: Banette|44/270\n|-damage|p2a: Charizard|76/100|[from] Recoil\n|move|p1a: Banette|Poltergeist|p2a: Charizard\n|-activate|p2a: Charizard|move: Poltergeist|Heavy-Duty Boots\n|-damage|p2a: Charizard|0 fnt\n|faint|p2a: Charizard\n|-damage|p1a: Banette|17/270|[from] item: Life Orb\n|\n|upkeep\n|\n|t:|1783562652\n|switch|p2a: Toedscruel|Toedscruel, L87, F|100/100\n|turn|5\n|inactive|Time left: 300 sec this turn | 300 sec total\n|\n|t:|1783562653\n|move|p1a: Banette|Shadow Sneak|p2a: Toedscruel\n|-damage|p2a: Toedscruel|28/100\n|-damage|p1a: Banette|0 fnt|[from] item: Life Orb\n|faint|p1a: Banette\n|move|p2a: Toedscruel|Knock Off|p1: Banette|[notarget]\n|-fail|p2a: Toedscruel\n|\n|upkeep\n|inactive|Time left: 300 sec this turn | 300 sec total | 5 sec grace\n|\n|t:|1783562654\n|switch|p1a: Sawsbuck|Sawsbuck-Winter, L88, F|284/284\n|turn|6\n|inactive|Time left: 300 sec this turn | 300 sec total\n|\n|t:|1783562655\n|move|p2a: Toedscruel|Knock Off|p1a: Sawsbuck\n|-damage|p1a: Sawsbuck|221/284\n|-enditem|p1a: Sawsbuck|Life Orb|[from] move: Knock Off|[of] p2a: Toedscruel\n|move|p1a: Sawsbuck|Swords Dance|p1a: Sawsbuck\n|-boost|p1a: Sawsbuck|atk|2\n|\n|upkeep\n|turn|7\n|inactive|Time left: 300 sec this turn | 300 sec total\n|\n|t:|1783562656\n|move|p2a: Toedscruel|Earth Power|p1a: Sawsbuck\n|-resisted|p1a: Sawsbuck\n|-damage|p1a: Sawsbuck|173/284\n|move|p1a: Sawsbuck|Horn Leech|p2a: Toedscruel\n|-damage|p2a: Toedscruel|0 fnt\n|-heal|p1a: Sawsbuck|212/284|[from] drain|[of] p2a: Toedscruel\n|faint|p2a: Toedscruel\n|\n|upkeep\n|\n|t:|1783562657\n|switch|p2a: Gothitelle|Gothitelle, L90, M|100/100\n|turn|8\n|inactive|Time left: 300 sec this turn | 300 sec total\n|\n|t:|1783562658\n|move|p2a: Gothitelle|Focus Blast|p1a: Sawsbuck\n|-supereffective|p1a: Sawsbuck\n|-damage|p1a: Sawsbuck|10/284\n|move|p1a: Sawsbuck|Horn Leech|p2a: Gothitelle\n|-damage|p2a: Gothitelle|45/100\n|-heal|p1a: Sawsbuck|85/284|[from] drain|[of] p2a: Gothitelle\n|\n|upkeep\n|turn|9\n|inactive|Time left: 300 sec this turn | 300 sec total\n|\n|t:|1783562660\n|move|p2a: Gothitelle|Focus Blast|p1a: Sawsbuck|[miss]\n|-miss|p2a: Gothitelle|p1a: Sawsbuck\n|move|p1a: Sawsbuck|Horn Leech|p2a: Gothitelle\n|-damage|p2a: Gothitelle|0 fnt\n|-heal|p1a: Sawsbuck|146/284|[from] drain|[of] p2a: Gothitelle\n|faint|p2a: Gothitelle\n|\n|upkeep\n|\n|t:|1783562661\n|switch|p2a: Iron Leaves|Iron Leaves, L80|100/100\n|turn|10\n|inactive|Time left: 300 sec this turn | 300 sec total\n|\n|t:|1783562661\n|-end|p2a: Iron Leaves|Quark Drive|[silent]\n|switch|p2a: Polteageist|Polteageist-Antique, L78|100/100\n|move|p1a: Sawsbuck|Double-Edge|p2a: Polteageist\n|-immune|p2a: Polteageist\n|\n|upkeep\n|turn|11\n|inactive|Time left: 300 sec this turn | 300 sec total\n|\n|t:|1783562662\n|switch|p2a: Iron Leaves|Iron Leaves, L80|100/100\n|move|p1a: Sawsbuck|Horn Leech|p2a: Iron Leaves\n|-resisted|p2a: Iron Leaves\n|-damage|p2a: Iron Leaves|67/100\n|-heal|p1a: Sawsbuck|192/284|[from] drain|[of] p2a: Iron Leaves\n|\n|upkeep\n|turn|12\n|inactive|Time left: 300 sec this turn | 300 sec total\n|\n|t:|1783562663\n|-end|p2a: Iron Leaves|Quark Drive|[silent]\n|switch|p2a: Polteageist|Polteageist-Antique, L78|100/100\n|move|p1a: Sawsbuck|Double-Edge|p2a: Polteageist\n|-immune|p2a: Polteageist\n|\n|upkeep\n|turn|13\n|inactive|Time left: 300 sec this turn | 300 sec total\n|\n|t:|1783562664\n|switch|p2a: Iron Leaves|Iron Leaves, L80|67/100\n|move|p1a: Sawsbuck|Horn Leech|p2a: Iron Leaves\n|-resisted|p2a: Iron Leaves\n|-damage|p2a: Iron Leaves|34/100\n|-heal|p1a: Sawsbuck|238/284|[from] drain|[of] p2a: Iron Leaves\n|\n|upkeep\n|turn|14\n|inactive|Time left: 300 sec this turn | 300 sec total\n|\n|t:|1783562665\n|-terastallize|p1a: Sawsbuck|Ground\n|move|p1a: Sawsbuck|High Horsepower|p2a: Iron Leaves\n|-resisted|p2a: Iron Leaves\n|-damage|p2a: Iron Leaves|0 fnt\n|faint|p2a: Iron Leaves\n|-end|p2a: Iron Leaves|Quark Drive|[silent]\n|\n|upkeep\n|\n|t:|1783562666\n|switch|p2a: Polteageist|Polteageist-Antique, L78|100/100\n|turn|15\n|inactive|Time left: 300 sec this turn | 300 sec total\n|\n|t:|1783562667\n|move|p1a: Sawsbuck|High Horsepower|p2a: Polteageist\n|-crit|p2a: Polteageist\n|-damage|p2a: Polteageist|0 fnt\n|faint|p2a: Polteageist\n|\n|win|p0x1957b951", "uploadtime": 1783562667, "views": 0, "rating": 0, "private": 0, "password": null, "_winner": "p0x1957b951", "_our_name": "p0x1957b951"}