{"id": "battle-gen9randombattle-1615", "formatid": "gen9randombattle", "format": "[Gen 9] Random Battle", "players": ["p0x16157488", "p0y161514f8"], "log": "|init|battle\n|title|p0x16157488 vs. p0y161514f8\n|j|\u2606p0x16157488\n|j|\u2606p0y161514f8\n|t:|1783558695\n|gametype|singles\n|player|p1|p0x16157488|101|\n|player|p2|p0y161514f8|1|\n|gen|9\n|tier|[Gen 9] Random Battle\n|rule|Species Clause: Limit one of each Pok\u00e9mon\n|rule|HP Percentage Mod: HP is shown in percentages\n|rule|Sleep Clause Mod: Limit one foe put to sleep\n|rule|Illusion Level Mod: Illusion disguises the Pok\u00e9mon's true level\n|\n|t:|1783558695\n|teamsize|p1|6\n|teamsize|p2|6\n|start\n|switch|p1a: Vileplume|Vileplume, L85, F|100/100\n|switch|p2a: Heatran|Heatran, L79, M|273/273\n|-item|p2a: Heatran|Air Balloon\n|turn|1\n|inactive|Battle timer is ON: inactive players will automatically lose when time's up. (requested by p0y161514f8)\n|\n|t:|1783558696\n|move|p2a: Heatran|Stealth Rock|p1a: Vileplume\n|-sidestart|p1: p0x16157488|move: Stealth Rock\n|move|p1a: Vileplume|Strength Sap|p2a: Heatran\n|-unboost|p2a: Heatran|atk|1\n|\n|upkeep\n|turn|2\n|inactive|Time left: 300 sec this turn | 300 sec total\n|inactive|p0x16157488 also wants the timer to be on.\n|\n|t:|1783558697\n|move|p2a: Heatran|Lava Plume|p1a: Vileplume\n|-supereffective|p1a: Vileplume\n|-damage|p1a: Vileplume|25/100\n|-status|p1a: Vileplume|brn\n|move|p1a: Vileplume|Strength Sap|p2a: Heatran\n|-unboost|p2a: Heatran|atk|1\n|-heal|p1a: Vileplume|72/100 brn\n|\n|-heal|p1a: Vileplume|78/100 brn|[from] item: Leftovers\n|-damage|p1a: Vileplume|72/100 brn|[from] brn\n|upkeep\n|turn|3\n|inactive|Time left: 300 sec this turn | 300 sec total\n|\n|t:|1783558698\n|move|p2a: Heatran|Lava Plume|p1a: Vileplume\n|-supereffective|p1a: Vileplume\n|-damage|p1a: Vileplume|4/100 brn\n|move|p1a: Vileplume|Giga Drain|p2a: Heatran\n|-resisted|p2a: Heatran\n|-damage|p2a: Heatran|253/273\n|-heal|p1a: Vileplume|8/100 brn|[from] drain|[of] p2a: Heatran\n|-enditem|p2a: Heatran|Air Balloon\n|\n|-heal|p1a: Vileplume|14/100 brn|[from] item: Leftovers\n|-damage|p1a: Vileplume|8/100 brn|[from] brn\n|upkeep\n|turn|4\n|inactive|Time left: 300 sec this turn | 300 sec total\n|\n|t:|1783558699\n|move|p2a: Heatran|Lava Plume|p1a: Vileplume\n|-supereffective|p1a: Vileplume\n|-damage|p1a: Vileplume|0 fnt\n|faint|p1a: Vileplume\n|\n|upkeep\n|\n|t:|1783558700\n|switch|p1a: Hitmonchan|Hitmonchan, L87, M|100/100\n|-damage|p1a: Hitmonchan|94/100|[from] Stealth Rock\n|turn|5\n|inactive|Time left: 300 sec this turn | 300 sec total\n|\n|t:|1783558701\n|switch|p2a: Floatzel|Floatzel, L86, F|286/286\n|move|p1a: Hitmonchan|Swords Dance|p1a: Hitmonchan\n|-boost|p1a: Hitmonchan|atk|2\n|\n|-heal|p1a: Hitmonchan|100/100|[from] item: Leftovers\n|upkeep\n|turn|6\n|inactive|Time left: 300 sec this turn | 300 sec total\n|\n|t:|1783558702\n|-terastallize|p2a: Floatzel|Water\n|move|p2a: Floatzel|Wave Crash|p1a: Hitmonchan\n|-damage|p1a: Hitmonchan|0 fnt\n|faint|p1a: Hitmonchan\n|-damage|p2a: Floatzel|210/286|[from] Recoil\n|\n|upkeep\n|\n|t:|1783558702\n|switch|p1a: Lumineon|Lumineon, L93, F|100/100\n|turn|7\n|inactive|Time left: 300 sec this turn | 300 sec total\n|\n|t:|1783558703\n|switch|p2a: Snorlax|Snorlax, L82, M|397/397\n|move|p1a: Lumineon|Ice Beam|p2a: Snorlax\n|-crit|p2a: Snorlax\n|-damage|p2a: Snorlax|356/397\n|\n|upkeep\n|turn|8\n|inactive|Time left: 300 sec this turn | 300 sec total\n|\n|t:|1783558705\n|switch|p1a: Golem|Golem, L87, F|100/100\n|-damage|p1a: Golem|94/100|[from] Stealth Rock\n|move|p2a: Snorlax|Body Slam|p1a: Golem\n|-resisted|p1a: Golem\n|-crit|p1a: Golem\n|-damage|p1a: Golem|78/100\n|\n|upkeep\n|turn|9\n|inactive|Time left: 300 sec this turn | 300 sec total\n|\n|t:|1783558706\n|move|p1a: Golem|Stone Edge|p2a: Snorlax|[miss]\n|-miss|p1a: Golem|p2a: Snorlax\n|move|p2a: Snorlax|Curse|p2a: Snorlax\n|-unboost|p2a: Snorlax|spe|1\n|-boost|p2a: Snorlax|atk|1\n|-boost|p2a: Snorlax|def|1\n|\n|upkeep\n|turn|10\n|inactive|Time left: 300 sec this turn | 300 sec total\n|\n|t:|1783558707\n|move|p1a: Golem|Stone Edge|p2a: Snorlax\n|-damage|p2a: Snorlax|248/397\n|move|p2a: Snorlax|Earthquake|p1a: Golem\n|-supereffective|p1a: Golem\n|-damage|p1a: Golem|26/100\n|-enditem|p1a: Golem|Weakness Policy\n|-boost|p1a: Golem|atk|2|[from] item: Weakness Policy\n|-boost|p1a: Golem|spa|2|[from] item: Weakness Policy\n|\n|upkeep\n|turn|11\n|inactive|Time left: 300 sec this turn | 300 sec total\n|\n|t:|1783558708\n|move|p1a: Golem|Earthquake|p2a: Snorlax\n|-damage|p2a: Snorlax|38/397\n|move|p2a: Snorlax|Earthquake|p1a: Golem\n|-supereffective|p1a: Golem\n|-damage|p1a: Golem|0 fnt\n|faint|p1a: Golem\n|\n|upkeep\n|\n|t:|1783558709\n|switch|p1a: Mandibuzz|Mandibuzz, L85, F|100/100\n|turn|12\n|inactive|Time left: 300 sec this turn | 300 sec total\n|\n|t:|1783558710\n|move|p1a: Mandibuzz|Foul Play|p2a: Snorlax\n|-damage|p2a: Snorlax|0 fnt\n|faint|p2a: Snorlax\n|\n|upkeep\n|inactive|Time left: 300 sec this turn | 300 sec total | 5 sec grace\n|\n|t:|1783558711\n|switch|p2a: Pawmot|Pawmot, L80, F|243/243\n|turn|13\n|inactive|Time left: 300 sec this turn | 300 sec total\n|\n|t:|1783558712\n|move|p2a: Pawmot|Double Shock|p1a: Mandibuzz\n|-supereffective|p1a: Mandibuzz\n|-damage|p1a: Mandibuzz|6/100\n|-start|p2a: Pawmot|typechange|???/Fighting|[from] move: Double Shock\n|-damage|p2a: Pawmot|219/243|[from] item: Life Orb\n|move|p1a: Mandibuzz|Foul Play|p2a: Pawmot\n|-resisted|p2a: Pawmot\n|-damage|p2a: Pawmot|144/243\n|\n|upkeep\n|turn|14\n|inactive|Time left: 300 sec this turn | 300 sec total\n|\n|t:|1783558713\n|move|p2a: Pawmot|Knock Off|p1a: Mandibuzz\n|-resisted|p1a: Mandibuzz\n|-damage|p1a: Mandibuzz|0 fnt\n|-enditem|p1a: Mandibuzz|Heavy-Duty Boots|[from] move: Knock Off|[of] p2a: Pawmot\n|faint|p1a: Mandibuzz\n|-damage|p2a: Pawmot|120/243|[from] item: Life Orb\n|\n|upkeep\n|\n|t:|1783558714\n|switch|p1a: Meowstic|Meowstic, L89, M|100/100\n|-damage|p1a: Meowstic|88/100|[from] Stealth Rock\n|turn|15\n|inactive|Time left: 300 sec this turn | 300 sec total\n|\n|t:|1783558715\n|switch|p2a: Heatran|Heatran, L79, M|253/273\n|move|p1a: Meowstic|Psychic Noise|p2a: Heatran\n|-resisted|p2a: Heatran\n|-damage|p2a: Heatran|216/273\n|-start|p2a: Heatran|move: Heal Block\n|\n|upkeep\n|turn|16\n|inactive|Time left: 300 sec this turn | 300 sec total\n|\n|t:|1783558716\n|move|p1a: Meowstic|Light Screen|p1a: Meowstic\n|-sidestart|p1: p0x16157488|move: Light Screen\n|move|p2a: Heatran|Heavy Slam|p1a: Meowstic\n|-damage|p1a: Meowstic|46/100\n|\n|-end|p2a: Heatran|move: Heal Block\n|upkeep\n|turn|17\n|inactive|Time left: 300 sec this turn | 300 sec total\n|\n|t:|1783558717\n|move|p1a: Meowstic|Reflect|p1a: Meowstic\n|-sidestart|p1: p0x16157488|Reflect\n|move|p2a: Heatran|Heavy Slam|p1a: Meowstic\n|-damage|p1a: Meowstic|26/100\n|\n|upkeep\n|turn|18\n|inactive|Time left: 300 sec this turn | 300 sec total\n|\n|t:|1783558718\n|move|p1a: Meowstic|Psychic Noise|p2a: Heatran\n|-resisted|p2a: Heatran\n|-damage|p2a: Heatran|178/273\n|-start|p2a: Heatran|move: Heal Block\n|move|p2a: Heatran|Heavy Slam|p1a: Meowstic\n|-damage|p1a: Meowstic|7/100\n|\n|upkeep\n|turn|19\n|inactive|Time left: 300 sec this turn | 300 sec total\n|\n|t:|1783558718\n|switch|p1a: Lumineon|Lumineon, L93, F|100/100\n|move|p2a: Heatran|Heavy Slam|p1a: Lumineon\n|-resisted|p1a: Lumineon\n|-damage|p1a: Lumineon|92/100\n|\n|-end|p2a: Heatran|move: Heal Block\n|upkeep\n|turn|20\n|inactive|Time left: 300 sec this turn | 300 sec total\n|\n|t:|1783558719\n|switch|p2a: Reshiram|Reshiram, L76|277/277\n|-ability|p2a: Reshiram|Turboblaze\n|move|p1a: Lumineon|Hydro Pump|p2a: Reshiram\n|-damage|p2a: Reshiram|172/277\n|\n|upkeep\n|turn|21\n|inactive|Time left: 300 sec this turn | 300 sec total\n|\n|t:|1783558720\n|move|p1a: Lumineon|Hydro Pump|p2a: Reshiram|[miss]\n|-miss|p1a: Lumineon|p2a: Reshiram\n|move|p2a: Reshiram|Will-O-Wisp|p1a: Lumineon\n|-status|p1a: Lumineon|brn\n|\n|-damage|p1a: Lumineon|85/100 brn|[from] brn\n|upkeep\n|turn|22\n|inactive|Time left: 300 sec this turn | 300 sec total\n|\n|t:|1783558721\n|move|p1a: Lumineon|Hydro Pump|p2a: Reshiram\n|-damage|p2a: Reshiram|75/277\n|move|p2a: Reshiram|Earth Power|p1a: Lumineon\n|-damage|p1a: Lumineon|73/100 brn\n|\n|-damage|p1a: Lumineon|66/100 brn|[from] brn\n|upkeep\n|turn|23\n|inactive|Time left: 300 sec this turn | 300 sec total\n|\n|t:|1783558722\n|switch|p2a: Floatzel|Floatzel, L86, F, tera:Water|210/286\n|move|p1a: Lumineon|Hydro Pump|p2a: Floatzel\n|-resisted|p2a: Floatzel\n|-damage|p2a: Floatzel|129/286\n|\n|-damage|p1a: Lumineon|60/100 brn|[from] brn\n|-sideend|p1: p0x16157488|move: Light Screen\n|upkeep\n|turn|24\n|inactive|Time left: 300 sec this turn | 300 sec total\n|\n|t:|1783558723\n|move|p2a: Floatzel|Crunch|p1a: Lumineon\n|-damage|p1a: Lumineon|44/100 brn\n|move|p1a: Lumineon|Ice Beam|p2a: Floatzel\n|-resisted|p2a: Floatzel\n|-damage|p2a: Floatzel|88/286\n|\n|-damage|p1a: Lumineon|38/100 brn|[from] brn\n|-sideend|p1: p0x16157488|Reflect\n|upkeep\n|turn|25\n|inactive|Time left: 300 sec this turn | 300 sec total\n|\n|t:|1783558724\n|switch|p1a: Meowstic|Meowstic, L89, M|7/100\n|-damage|p1a: Meowstic|0 fnt|[from] Stealth Rock\n|faint|p1a: Meowstic\n|move|p2a: Floatzel|Crunch|p1: Meowstic|[notarget]\n|-fail|p2a: Floatzel\n|\n|upkeep\n|\n|t:|1783558725\n|switch|p1a: Lumineon|Lumineon, L93, F|38/100 brn\n|turn|26\n|inactive|Time left: 300 sec this turn | 300 sec total\n|\n|t:|1783558726\n|-terastallize|p1a: Lumineon|Ground\n|move|p2a: Floatzel|Crunch|p1a: Lumineon\n|-damage|p1a: Lumineon|3/100 brn\n|move|p1a: Lumineon|Hydro Pump|p2a: Floatzel\n|-resisted|p2a: Floatzel\n|-damage|p2a: Floatzel|8/286\n|\n|-damage|p1a: Lumineon|0 fnt|[from] brn\n|faint|p1a: Lumineon\n|\n|win|p0y161514f8", "uploadtime": 1783558726, "views": 0, "rating": 0, "private": 0, "password": null, "_winner": "p0y161514f8", "_our_name": "p0y161514f8"}