{"id": "battle-gen9randombattle-2140", "formatid": "gen9randombattle", "format": "[Gen 9] Random Battle", "players": ["p0x2140fb36", "p0y2140a149"], "log": "|init|battle\n|title|p0x2140fb36 vs. p0y2140a149\n|j|\u2606p0x2140fb36\n|j|\u2606p0y2140a149\n|t:|1783564761\n|gametype|singles\n|player|p1|p0x2140fb36|1|\n|player|p2|p0y2140a149|101|\n|gen|9\n|tier|[Gen 9] Random Battle\n|rule|Species Clause: Limit one of each Pok\u00e9mon\n|rule|HP Percentage Mod: HP is shown in percentages\n|rule|Sleep Clause Mod: Limit one foe put to sleep\n|rule|Illusion Level Mod: Illusion disguises the Pok\u00e9mon's true level\n|\n|t:|1783564761\n|teamsize|p1|6\n|teamsize|p2|6\n|start\n|switch|p1a: Pachirisu|Pachirisu, L96, F|271/271\n|switch|p2a: Lurantis|Lurantis, L87, M|100/100\n|turn|1\n|inactive|Battle timer is ON: inactive players will automatically lose when time's up. (requested by p0x2140fb36)\n|inactive|p0y2140a149 also wants the timer to be on.\n|\n|t:|1783564762\n|move|p1a: Pachirisu|U-turn|p2a: Lurantis\n|-supereffective|p2a: Lurantis\n|-damage|p2a: Lurantis|71/100\n|inactive|Time left: 300 sec this turn | 300 sec total | 65 sec grace\n|\n|t:|1783564763\n|switch|p1a: Tornadus|Tornadus, L82, M|263/263|[from] U-turn\n|move|p2a: Lurantis|Leaf Storm|p1a: Tornadus\n|-resisted|p1a: Tornadus\n|-damage|p1a: Tornadus|194/263\n|-boost|p2a: Lurantis|spa|2\n|\n|upkeep\n|turn|2\n|inactive|Time left: 300 sec this turn | 300 sec total\n|\n|t:|1783564765\n|move|p1a: Tornadus|Bleakwind Storm|p2a: Lurantis\n|-supereffective|p2a: Lurantis\n|-damage|p2a: Lurantis|0 fnt\n|faint|p2a: Lurantis\n|\n|upkeep\n|\n|t:|1783564765\n|switch|p2a: Regice|Regice, L88|100/100\n|turn|3\n|inactive|Time left: 300 sec this turn | 300 sec total\n|\n|t:|1783564767\n|switch|p1a: Conkeldurr|Conkeldurr, L80, M|299/299\n|move|p2a: Regice|Ice Beam|p1a: Conkeldurr\n|-damage|p1a: Conkeldurr|146/299\n|\n|-status|p1a: Conkeldurr|brn|[from] item: Flame Orb\n|upkeep\n|turn|4\n|inactive|Time left: 300 sec this turn | 300 sec total\n|\n|t:|1783564768\n|switch|p1a: Snorlax|Snorlax, L82, M|397/397\n|move|p2a: Regice|Ice Beam|p1a: Snorlax\n|-damage|p1a: Snorlax|349/397\n|\n|upkeep\n|turn|5\n|inactive|Time left: 300 sec this turn | 300 sec total\n|\n|t:|1783564769\n|move|p2a: Regice|Ice Beam|p1a: Snorlax\n|-damage|p1a: Snorlax|298/397\n|move|p1a: Snorlax|Body Slam|p2a: Regice\n|-damage|p2a: Regice|72/100\n|\n|upkeep\n|turn|6\n|inactive|Time left: 300 sec this turn | 300 sec total\n|\n|t:|1783564770\n|move|p2a: Regice|Ice Beam|p1a: Snorlax\n|-damage|p1a: Snorlax|249/397\n|move|p1a: Snorlax|Body Slam|p2a: Regice\n|-damage|p2a: Regice|41/100\n|-status|p2a: Regice|par\n|\n|upkeep\n|turn|7\n|inactive|Time left: 300 sec this turn | 300 sec total\n|\n|t:|1783564771\n|move|p1a: Snorlax|Earthquake|p2a: Regice\n|-damage|p2a: Regice|19/100 par\n|move|p2a: Regice|Rest|p2a: Regice\n|-status|p2a: Regice|slp|[from] move: Rest\n|-heal|p2a: Regice|100/100 slp|[silent]\n|\n|upkeep\n|turn|8\n|inactive|Time left: 300 sec this turn | 300 sec total\n|\n|t:|1783564773\n|switch|p2a: Kommo-o|Kommo-o, L77, F|100/100\n|move|p1a: Snorlax|Body Slam|p2a: Kommo-o\n|-damage|p2a: Kommo-o|66/100\n|\n|upkeep\n|turn|9\n|inactive|Time left: 300 sec this turn | 300 sec total\n|\n|t:|1783564774\n|move|p2a: Kommo-o|Clangorous Soul|p2a: Kommo-o\n|-boost|p2a: Kommo-o|atk|1\n|-boost|p2a: Kommo-o|def|1\n|-boost|p2a: Kommo-o|spa|1\n|-boost|p2a: Kommo-o|spd|1\n|-boost|p2a: Kommo-o|spe|1\n|-damage|p2a: Kommo-o|33/100\n|-enditem|p2a: Kommo-o|Throat Spray\n|-boost|p2a: Kommo-o|spa|1|[from] item: Throat Spray\n|move|p1a: Snorlax|Earthquake|p2a: Kommo-o\n|-damage|p2a: Kommo-o|16/100\n|\n|upkeep\n|turn|10\n|inactive|Time left: 300 sec this turn | 300 sec total\n|\n|t:|1783564775\n|switch|p1a: Tropius|Tropius, L91, F|328/328\n|move|p2a: Kommo-o|Drain Punch|p1a: Tropius\n|-resisted|p1a: Tropius\n|-damage|p1a: Tropius|278/328\n|-heal|p2a: Kommo-o|27/100|[from] drain|[of] p1a: Tropius\n|\n|upkeep\n|turn|11\n|inactive|Time left: 300 sec this turn | 300 sec total\n|\n|t:|1783564776\n|-terastallize|p2a: Kommo-o|Steel\n|move|p2a: Kommo-o|Drain Punch|p1a: Tropius\n|-resisted|p1a: Tropius\n|-damage|p1a: Tropius|227/328\n|-heal|p2a: Kommo-o|37/100|[from] drain|[of] p1a: Tropius\n|move|p1a: Tropius|Air Slash|p2a: Kommo-o\n|-resisted|p2a: Kommo-o\n|-damage|p2a: Kommo-o|29/100\n|\n|upkeep\n|turn|12\n|inactive|Time left: 300 sec this turn | 300 sec total\n|\n|t:|1783564777\n|move|p2a: Kommo-o|Clanging Scales|p1a: Tropius\n|-damage|p1a: Tropius|25/328\n|-enditem|p1a: Tropius|Sitrus Berry|[eat]\n|-heal|p1a: Tropius|107/328|[from] item: Sitrus Berry\n|-unboost|p2a: Kommo-o|def|1\n|move|p1a: Tropius|Leech Seed|p2a: Kommo-o\n|-start|p2a: Kommo-o|move: Leech Seed\n|\n|-damage|p2a: Kommo-o|16/100|[from] Leech Seed|[of] p1a: Tropius\n|-heal|p1a: Tropius|137/328|[silent]\n|-item|p1a: Tropius|Sitrus Berry|[from] ability: Harvest\n|upkeep\n|-enditem|p1a: Tropius|Sitrus Berry|[eat]\n|-heal|p1a: Tropius|219/328|[from] item: Sitrus Berry\n|turn|13\n|inactive|Time left: 300 sec this turn | 300 sec total\n|\n|t:|1783564778\n|move|p2a: Kommo-o|Drain Punch|p1a: Tropius\n|-resisted|p1a: Tropius\n|-damage|p1a: Tropius|168/328\n|-heal|p2a: Kommo-o|27/100|[from] drain|[of] p1a: Tropius\n|move|p1a: Tropius|Air Slash|p2a: Kommo-o\n|-resisted|p2a: Kommo-o\n|-damage|p2a: Kommo-o|17/100\n|\n|-damage|p2a: Kommo-o|5/100|[from] Leech Seed|[of] p1a: Tropius\n|-heal|p1a: Tropius|198/328|[silent]\n|-item|p1a: Tropius|Sitrus Berry|[from] ability: Harvest\n|upkeep\n|turn|14\n|inactive|Time left: 300 sec this turn | 300 sec total\n|\n|t:|1783564779\n|move|p1a: Tropius|Protect|p1a: Tropius\n|-singleturn|p1a: Tropius|Protect\n|move|p2a: Kommo-o|Drain Punch|p1a: Tropius\n|-activate|p1a: Tropius|move: Protect\n|\n|-damage|p2a: Kommo-o|0 fnt|[from] Leech Seed|[of] p1a: Tropius\n|-heal|p1a: Tropius|208/328|[silent]\n|faint|p2a: Kommo-o\n|upkeep\n|\n|t:|1783564780\n|switch|p2a: Dodrio|Dodrio, L85, M|100/100\n|turn|15\n|inactive|Time left: 300 sec this turn | 300 sec total\n|\n|t:|1783564781\n|move|p2a: Dodrio|Brave Bird|p1a: Tropius\n|-supereffective|p1a: Tropius\n|-damage|p1a: Tropius|0 fnt\n|faint|p1a: Tropius\n|-damage|p2a: Dodrio|72/100|[from] Recoil\n|\n|upkeep\n|inactive|Time left: 300 sec this turn | 300 sec total | 5 sec grace\n|\n|t:|1783564782\n|switch|p1a: Pachirisu|Pachirisu, L96, F|271/271\n|turn|16\n|inactive|Time left: 300 sec this turn | 300 sec total\n|\n|t:|1783564783\n|switch|p2a: Iron Treads|Iron Treads, L77|100/100\n|move|p1a: Pachirisu|Discharge|p2a: Iron Treads\n|-immune|p2a: Iron Treads\n|\n|upkeep\n|turn|17\n|inactive|Time left: 300 sec this turn | 300 sec total\n|\n|t:|1783564784\n|move|p1a: Pachirisu|Super Fang|p2a: Iron Treads\n|-damage|p2a: Iron Treads|51/100\n|move|p2a: Iron Treads|Earthquake|p1a: Pachirisu\n|-supereffective|p1a: Pachirisu\n|-damage|p1a: Pachirisu|59/271\n|\n|upkeep\n|turn|18\n|inactive|Time left: 300 sec this turn | 300 sec total\n|\n|t:|1783564785\n|move|p1a: Pachirisu|Super Fang|p2a: Iron Treads\n|-damage|p2a: Iron Treads|26/100\n|move|p2a: Iron Treads|Rapid Spin|p1a: Pachirisu\n|-damage|p1a: Pachirisu|23/271\n|-boost|p2a: Iron Treads|spe|1\n|\n|upkeep\n|turn|19\n|inactive|Time left: 300 sec this turn | 300 sec total\n|\n|t:|1783564786\n|switch|p1a: Latios|Latios, L78, M|253/253\n|move|p2a: Iron Treads|Iron Head|p1a: Latios\n|-damage|p1a: Latios|168/253\n|\n|upkeep\n|turn|20\n|inactive|Time left: 300 sec this turn | 300 sec total\n|\n|t:|1783564787\n|move|p2a: Iron Treads|Knock Off|p1a: Latios\n|-supereffective|p1a: Latios\n|-damage|p1a: Latios|22/253\n|-enditem|p1a: Latios|Choice Specs|[from] move: Knock Off|[of] p2a: Iron Treads\n|move|p1a: Latios|Aura Sphere|p2a: Iron Treads\n|-supereffective|p2a: Iron Treads\n|-crit|p2a: Iron Treads\n|-damage|p2a: Iron Treads|0 fnt\n|faint|p2a: Iron Treads\n|-end|p2a: Iron Treads|Quark Drive|[silent]\n|\n|upkeep\n|\n|t:|1783564788\n|switch|p2a: Dodrio|Dodrio, L85, M|72/100\n|turn|21\n|inactive|Time left: 300 sec this turn | 300 sec total\n|\n|t:|1783564788\n|move|p2a: Dodrio|Double-Edge|p1a: Latios\n|-damage|p1a: Latios|0 fnt\n|faint|p1a: Latios\n|-damage|p2a: Dodrio|69/100|[from] Recoil\n|\n|upkeep\n|inactive|Time left: 300 sec this turn | 300 sec total | 5 sec grace\n|\n|t:|1783564789\n|switch|p1a: Pachirisu|Pachirisu, L96, F|23/271\n|turn|22\n|inactive|Time left: 300 sec this turn | 300 sec total\n|\n|t:|1783564790\n|switch|p2a: Dunsparce|Dunsparce, L86, F|100/100\n|move|p1a: Pachirisu|Discharge|p2a: Dunsparce\n|-damage|p2a: Dunsparce|83/100\n|\n|upkeep\n|turn|23\n|inactive|Time left: 300 sec this turn | 300 sec total\n|\n|t:|1783564791\n|move|p1a: Pachirisu|Super Fang|p2a: Dunsparce|[miss]\n|-miss|p1a: Pachirisu|p2a: Dunsparce\n|move|p2a: Dunsparce|Coil|p2a: Dunsparce\n|-boost|p2a: Dunsparce|atk|1\n|-boost|p2a: Dunsparce|def|1\n|-boost|p2a: Dunsparce|accuracy|1\n|\n|upkeep\n|turn|24\n|inactive|Time left: 300 sec this turn | 300 sec total\n|\n|t:|1783564792\n|move|p1a: Pachirisu|Super Fang|p2a: Dunsparce|[miss]\n|-miss|p1a: Pachirisu|p2a: Dunsparce\n|move|p2a: Dunsparce|Coil|p2a: Dunsparce\n|-boost|p2a: Dunsparce|atk|1\n|-boost|p2a: Dunsparce|def|1\n|-boost|p2a: Dunsparce|accuracy|1\n|\n|upkeep\n|turn|25\n|inactive|Time left: 300 sec this turn | 300 sec total\n|\n|t:|1783564793\n|move|p1a: Pachirisu|Encore|p2a: Dunsparce\n|-start|p2a: Dunsparce|Encore\n|move|p2a: Dunsparce|Coil|p2a: Dunsparce\n|-boost|p2a: Dunsparce|atk|1\n|-boost|p2a: Dunsparce|def|1\n|-boost|p2a: Dunsparce|accuracy|1\n|\n|upkeep\n|turn|26\n|inactive|Time left: 300 sec this turn | 300 sec total\n|\n|t:|1783564794\n|switch|p1a: Tornadus|Tornadus, L82, M|194/263\n|move|p2a: Dunsparce|Coil|p2a: Dunsparce\n|-boost|p2a: Dunsparce|atk|1\n|-boost|p2a: Dunsparce|def|1\n|-boost|p2a: Dunsparce|accuracy|1\n|\n|upkeep\n|turn|27\n|inactive|Time left: 300 sec this turn | 300 sec total\n|\n|t:|1783564794\n|-terastallize|p1a: Tornadus|Fighting\n|move|p1a: Tornadus|Focus Blast|p2a: Dunsparce|[miss]\n|-miss|p1a: Tornadus|p2a: Dunsparce\n|move|p2a: Dunsparce|Coil|p2a: Dunsparce\n|-boost|p2a: Dunsparce|atk|1\n|-boost|p2a: Dunsparce|def|1\n|-boost|p2a: Dunsparce|accuracy|1\n|\n|-end|p2a: Dunsparce|Encore\n|upkeep\n|turn|28\n|inactive|Time left: 300 sec this turn | 300 sec total\n|\n|t:|1783564795\n|move|p1a: Tornadus|Focus Blast|p2a: Dunsparce|[miss]\n|-miss|p1a: Tornadus|p2a: Dunsparce\n|move|p2a: Dunsparce|Earthquake|p1a: Tornadus\n|-damage|p1a: Tornadus|0 fnt\n|faint|p1a: Tornadus\n|\n|upkeep\n|inactive|Time left: 300 sec this turn | 300 sec total | 5 sec grace\n|\n|t:|1783564796\n|switch|p1a: Pachirisu|Pachirisu, L96, F|23/271\n|turn|29\n|inactive|Time left: 300 sec this turn | 300 sec total\n|\n|t:|1783564797\n|move|p1a: Pachirisu|Discharge|p2a: Dunsparce\n|-damage|p2a: Dunsparce|65/100\n|-status|p2a: Dunsparce|par\n|cant|p2a: Dunsparce|par\n|\n|upkeep\n|turn|30\n|inactive|Time left: 300 sec this turn | 300 sec total\n|\n|t:|1783564798\n|move|p1a: Pachirisu|Super Fang|p2a: Dunsparce\n|-damage|p2a: Dunsparce|33/100 par\n|move|p2a: Dunsparce|Roost|p2a: Dunsparce\n|-heal|p2a: Dunsparce|83/100 par\n|-singleturn|p2a: Dunsparce|move: Roost\n|\n|upkeep\n|turn|31\n|inactive|Time left: 300 sec this turn | 300 sec total\n|\n|t:|1783564799\n|move|p1a: Pachirisu|Encore|p2a: Dunsparce\n|-start|p2a: Dunsparce|Encore\n|move|p2a: Dunsparce|Roost|p2a: Dunsparce\n|-heal|p2a: Dunsparce|100/100 par\n|-singleturn|p2a: Dunsparce|move: Roost\n|\n|upkeep\n|turn|32\n|inactive|Time left: 300 sec this turn | 300 sec total\n|\n|t:|1783564800\n|move|p1a: Pachirisu|Super Fang|p2a: Dunsparce\n|-damage|p2a: Dunsparce|50/100 par\n|move|p2a: Dunsparce|Roost|p2a: Dunsparce\n|-heal|p2a: Dunsparce|100/100 par\n|-singleturn|p2a: Dunsparce|move: Roost\n|\n|upkeep\n|turn|33\n|inactive|Time left: 300 sec this turn | 300 sec total\n|\n|t:|1783564801\n|move|p1a: Pachirisu|Discharge|p2a: Dunsparce\n|-damage|p2a: Dunsparce|83/100 par\n|move|p2a: Dunsparce|Roost|p2a: Dunsparce\n|-heal|p2a: Dunsparce|100/100 par\n|-singleturn|p2a: Dunsparce|move: Roost\n|\n|-end|p2a: Dunsparce|Encore\n|upkeep\n|turn|34\n|inactive|Time left: 300 sec this turn | 300 sec total\n|\n|t:|1783564802\n|move|p1a: Pachirisu|Encore|p2a: Dunsparce\n|-start|p2a: Dunsparce|Encore\n|move|p2a: Dunsparce|Roost||[still]\n|-fail|p2a: Dunsparce|heal\n|\n|upkeep\n|turn|35\n|inactive|Time left: 300 sec this turn | 300 sec total\n|\n|t:|1783564803\n|move|p1a: Pachirisu|Encore||[still]\n|-fail|p1a: Pachirisu\n|move|p2a: Dunsparce|Roost||[still]\n|-fail|p2a: Dunsparce|heal\n|\n|upkeep\n|turn|36\n|inactive|Time left: 300 sec this turn | 300 sec total\n|\n|t:|1783564803\n|move|p1a: Pachirisu|Encore||[still]\n|-fail|p1a: Pachirisu\n|cant|p2a: Dunsparce|par\n|\n|-end|p2a: Dunsparce|Encore\n|upkeep\n|turn|37\n|inactive|Time left: 300 sec this turn | 300 sec total\n|\n|t:|1783564804\n|move|p1a: Pachirisu|Encore|p2a: Dunsparce\n|-start|p2a: Dunsparce|Encore\n|move|p2a: Dunsparce|Roost||[still]\n|-fail|p2a: Dunsparce|heal\n|\n|upkeep\n|turn|38\n|inactive|Time left: 300 sec this turn | 300 sec total\n|\n|t:|1783564805\n|switch|p2a: Dodrio|Dodrio, L85, M|69/100\n|move|p1a: Pachirisu|Super Fang|p2a: Dodrio\n|-damage|p2a: Dodrio|35/100\n|\n|upkeep\n|turn|39\n|inactive|Time left: 300 sec this turn | 300 sec total\n|\n|t:|1783564807\n|switch|p2a: Dunsparce|Dunsparce, L86, F|100/100 par\n|move|p1a: Pachirisu|Discharge|p2a: Dunsparce\n|-damage|p2a: Dunsparce|83/100 par\n|\n|upkeep\n|turn|40\n|inactive|Time left: 300 sec this turn | 300 sec total\n|\n|t:|1783564807\n|move|p1a: Pachirisu|Super Fang|p2a: Dunsparce\n|-damage|p2a: Dunsparce|42/100 par\n|cant|p2a: Dunsparce|par\n|\n|upkeep\n|turn|41\n|inactive|Time left: 300 sec this turn | 300 sec total\n|\n|t:|1783564808\n|move|p1a: Pachirisu|U-turn|p2a: Dunsparce\n|-damage|p2a: Dunsparce|33/100 par\n|inactive|Time left: 300 sec this turn | 300 sec total | 5 sec grace\n|\n|t:|1783564809\n|switch|p1a: Conkeldurr|Conkeldurr, L80, M|146/299 brn|[from] U-turn\n|move|p2a: Dunsparce|Coil|p2a: Dunsparce\n|-boost|p2a: Dunsparce|atk|1\n|-boost|p2a: Dunsparce|def|1\n|-boost|p2a: Dunsparce|accuracy|1\n|\n|-damage|p1a: Conkeldurr|128/299 brn|[from] brn\n|upkeep\n|turn|42\n|inactive|Time left: 300 sec this turn | 300 sec total\n|\n|t:|1783564811\n|move|p1a: Conkeldurr|Close Combat|p2a: Dunsparce\n|-supereffective|p2a: Dunsparce\n|-damage|p2a: Dunsparce|0 fnt\n|-unboost|p1a: Conkeldurr|def|1\n|-unboost|p1a: Conkeldurr|spd|1\n|faint|p2a: Dunsparce\n|\n|-damage|p1a: Conkeldurr|110/299 brn|[from] brn\n|upkeep\n|\n|t:|1783564812\n|switch|p2a: Regice|Regice, L88|100/100 slp\n|turn|43\n|inactive|Time left: 300 sec this turn | 300 sec total\n|\n|t:|1783564813\n|switch|p1a: Snorlax|Snorlax, L82, M|249/397\n|cant|p2a: Regice|slp\n|move|p2a: Regice|Sleep Talk|p2a: Regice\n|move|p2a: Regice|Thunderbolt|p1a: Snorlax|[from] move: Sleep Talk\n|-damage|p1a: Snorlax|192/397\n|\n|upkeep\n|turn|44\n|inactive|Time left: 300 sec this turn | 300 sec total\n|\n|t:|1783564814\n|cant|p2a: Regice|slp\n|move|p2a: Regice|Sleep Talk|p2a: Regice\n|move|p2a: Regice|Rest||[from] move: Sleep Talk|[still]\n|-fail|p2a: Regice\n|move|p1a: Snorlax|Rest|p1a: Snorlax\n|-status|p1a: Snorlax|slp|[from] move: Rest\n|-heal|p1a: Snorlax|397/397 slp|[silent]\n|-enditem|p1a: Snorlax|Chesto Berry|[eat]\n|-curestatus|p1a: Snorlax|slp|[msg]\n|\n|upkeep\n|turn|45\n|inactive|Time left: 300 sec this turn | 300 sec total\n|\n|t:|1783564815\n|-curestatus|p2a: Regice|slp|[msg]\n|move|p2a: Regice|Thunderbolt|p1a: Snorlax\n|-damage|p1a: Snorlax|332/397\n|move|p1a: Snorlax|Body Slam|p2a: Regice\n|-damage|p2a: Regice|72/100\n|\n|upkeep\n|turn|46\n|inactive|Time left: 300 sec this turn | 300 sec total\n|\n|t:|1783564816\n|move|p2a: Regice|Thunderbolt|p1a: Snorlax\n|-damage|p1a: Snorlax|271/397\n|move|p1a: Snorlax|Body Slam|p2a: Regice\n|-damage|p2a: Regice|44/100\n|\n|upkeep\n|turn|47\n|inactive|Time left: 300 sec this turn | 300 sec total\n|\n|t:|1783564817\n|move|p2a: Regice|Rest|p2a: Regice\n|-status|p2a: Regice|slp|[from] move: Rest\n|-heal|p2a: Regice|100/100 slp|[silent]\n|move|p1a: Snorlax|Body Slam|p2a: Regice\n|-damage|p2a: Regice|72/100 slp\n|\n|upkeep\n|turn|48\n|inactive|Time left: 300 sec this turn | 300 sec total\n|\n|t:|1783564818\n|cant|p2a: Regice|slp\n|move|p2a: Regice|Sleep Talk|p2a: Regice\n|move|p2a: Regice|Thunderbolt|p1a: Snorlax|[from] move: Sleep Talk\n|-damage|p1a: Snorlax|206/397\n|move|p1a: Snorlax|Body Slam|p2a: Regice\n|-damage|p2a: Regice|42/100 slp\n|\n|upkeep\n|turn|49\n|inactive|Time left: 300 sec this turn | 300 sec total\n|\n|t:|1783564819\n|cant|p2a: Regice|slp\n|move|p2a: Regice|Sleep Talk|p2a: Regice\n|move|p2a: Regice|Ice Beam|p1a: Snorlax|[from] move: Sleep Talk\n|-damage|p1a: Snorlax|161/397\n|move|p1a: Snorlax|Curse|p1a: Snorlax\n|-unboost|p1a: Snorlax|spe|1\n|-boost|p1a: Snorlax|atk|1\n|-boost|p1a: Snorlax|def|1\n|\n|upkeep\n|turn|50\n|inactive|Time left: 300 sec this turn | 300 sec total\n|\n|t:|1783564820\n|-curestatus|p2a: Regice|slp|[msg]\n|move|p2a: Regice|Rest|p2a: Regice\n|-status|p2a: Regice|slp|[from] move: Rest\n|-heal|p2a: Regice|100/100 slp|[silent]\n|move|p1a: Snorlax|Body Slam|p2a: Regice\n|-crit|p2a: Regice\n|-damage|p2a: Regice|38/100 slp\n|\n|upkeep\n|turn|51\n|inactive|Time left: 300 sec this turn | 300 sec total\n|\n|t:|1783564821\n|cant|p2a: Regice|slp\n|move|p2a: Regice|Sleep Talk|p2a: Regice\n|move|p2a: Regice|Rest||[from] move: Sleep Talk|[still]\n|-fail|p2a: Regice\n|move|p1a: Snorlax|Body Slam|p2a: Regice\n|-damage|p2a: Regice|0 fnt\n|faint|p2a: Regice\n|\n|upkeep\n|\n|t:|1783564821\n|switch|p2a: Dodrio|Dodrio, L85, M|35/100\n|turn|52\n|inactive|Time left: 300 sec this turn | 300 sec total\n|\n|t:|1783564822\n|move|p2a: Dodrio|Drill Run|p1a: Snorlax\n|-damage|p1a: Snorlax|109/397\n|move|p1a: Snorlax|Body Slam|p2a: Dodrio\n|-damage|p2a: Dodrio|0 fnt\n|faint|p2a: Dodrio\n|\n|win|p0x2140fb36", "uploadtime": 1783564822, "views": 0, "rating": 0, "private": 0, "password": null, "_winner": "p0x2140fb36", "_our_name": "p0x2140fb36"}