{"id": "battle-gen9randombattle-2492", "formatid": "gen9randombattle", "format": "[Gen 9] Random Battle", "players": ["p0x24924184", "p0y2492fc0d"], "log": "|init|battle\n|title|p0x24924184 vs. p0y2492fc0d\n|j|\u2606p0x24924184\n|j|\u2606p0y2492fc0d\n|t:|1783568887\n|gametype|singles\n|player|p1|p0x24924184|265|\n|player|p2|p0y2492fc0d|102|\n|gen|9\n|tier|[Gen 9] Random Battle\n|rule|Species Clause: Limit one of each Pok\u00e9mon\n|rule|HP Percentage Mod: HP is shown in percentages\n|rule|Sleep Clause Mod: Limit one foe put to sleep\n|rule|Illusion Level Mod: Illusion disguises the Pok\u00e9mon's true level\n|\n|t:|1783568887\n|teamsize|p1|6\n|teamsize|p2|6\n|start\n|switch|p1a: Cloyster|Cloyster, L80, F|211/211\n|switch|p2a: Perrserker|Perrserker, L89, F|100/100\n|turn|1\n|inactive|Battle timer is ON: inactive players will automatically lose when time's up. (requested by p0x24924184)\n|inactive|p0y2492fc0d also wants the timer to be on.\n|\n|t:|1783568888\n|move|p1a: Cloyster|Shell Smash|p1a: Cloyster\n|-unboost|p1a: Cloyster|def|1\n|-unboost|p1a: Cloyster|spd|1\n|-boost|p1a: Cloyster|atk|2\n|-boost|p1a: Cloyster|spa|2\n|-boost|p1a: Cloyster|spe|2\n|-enditem|p1a: Cloyster|White Herb\n|-clearnegativeboost|p1a: Cloyster|[silent]\n|move|p2a: Perrserker|Close Combat|p1a: Cloyster\n|-supereffective|p1a: Cloyster\n|-damage|p1a: Cloyster|0 fnt\n|-unboost|p2a: Perrserker|def|1\n|-unboost|p2a: Perrserker|spd|1\n|faint|p1a: Cloyster\n|\n|upkeep\n|inactive|Time left: 300 sec this turn | 300 sec total | 65 sec grace\n|\n|t:|1783568889\n|switch|p1a: Armarouge|Armarouge, L80, M|267/267\n|turn|2\n|inactive|Time left: 300 sec this turn | 300 sec total\n|\n|t:|1783568891\n|switch|p2a: Araquanid|Araquanid, L82, M|100/100\n|move|p1a: Armarouge|Meteor Beam||[still]\n|-prepare|p1a: Armarouge|Meteor Beam\n|-boost|p1a: Armarouge|spa|1\n|-enditem|p1a: Armarouge|Power Herb\n|-anim|p1a: Armarouge|Meteor Beam|p2a: Araquanid\n|-supereffective|p2a: Araquanid\n|-damage|p2a: Araquanid|15/100\n|\n|upkeep\n|turn|3\n|inactive|Time left: 300 sec this turn | 300 sec total\n|\n|t:|1783568892\n|switch|p2a: Dachsbun|Dachsbun, L92, M|100/100\n|move|p1a: Armarouge|Armor Cannon|p2a: Dachsbun\n|-ability|p2a: Dachsbun|Well-Baked Body|boost\n|-boost|p2a: Dachsbun|def|2\n|\n|upkeep\n|turn|4\n|inactive|Time left: 300 sec this turn | 300 sec total\n|\n|t:|1783568893\n|move|p2a: Dachsbun|Yawn|p1a: Armarouge\n|-start|p1a: Armarouge|move: Yawn|[of] p2a: Dachsbun\n|move|p1a: Armarouge|Meteor Beam||[still]\n|-prepare|p1a: Armarouge|Meteor Beam\n|-boost|p1a: Armarouge|spa|1\n|\n|upkeep\n|turn|5\n|inactive|Time left: 300 sec this turn | 300 sec total\n|\n|t:|1783568894\n|move|p2a: Dachsbun|Protect|p2a: Dachsbun\n|-singleturn|p2a: Dachsbun|Protect\n|move|p1a: Armarouge|Meteor Beam|p2a: Dachsbun|[from] lockedmove\n|-activate|p2a: Dachsbun|move: Protect\n|\n|-end|p1a: Armarouge|move: Yawn|[silent]\n|-status|p1a: Armarouge|slp\n|upkeep\n|turn|6\n|inactive|Time left: 300 sec this turn | 300 sec total\n|\n|t:|1783568895\n|switch|p2a: Darkrai|Darkrai, L77|100/100\n|cant|p1a: Armarouge|slp\n|\n|-damage|p1a: Armarouge|234/267 slp|[from] ability: Bad Dreams|[of] p2a: Darkrai\n|upkeep\n|turn|7\n|inactive|Time left: 300 sec this turn | 300 sec total\n|\n|t:|1783568896\n|move|p2a: Darkrai|Dark Pulse|p1a: Armarouge\n|-supereffective|p1a: Armarouge\n|-damage|p1a: Armarouge|12/267 slp\n|cant|p1a: Armarouge|slp\n|\n|-damage|p1a: Armarouge|0 fnt|[from] ability: Bad Dreams|[of] p2a: Darkrai\n|faint|p1a: Armarouge\n|upkeep\n|inactive|Time left: 300 sec this turn | 300 sec total | 5 sec grace\n|\n|t:|1783568897\n|switch|p1a: Inteleon|Inteleon, L81, M|246/246\n|turn|8\n|inactive|Time left: 300 sec this turn | 300 sec total\n|\n|t:|1783568898\n|move|p1a: Inteleon|Scald|p2a: Darkrai\n|-damage|p2a: Darkrai|32/100\n|move|p2a: Darkrai|Sludge Bomb|p1a: Inteleon\n|-damage|p1a: Inteleon|158/246\n|-status|p1a: Inteleon|psn\n|\n|-heal|p2a: Darkrai|38/100|[from] item: Leftovers\n|-damage|p1a: Inteleon|128/246 psn|[from] psn\n|upkeep\n|turn|9\n|inactive|Time left: 300 sec this turn | 300 sec total\n|\n|t:|1783568899\n|switch|p2a: Komala|Komala, L87, F|100/100\n|-ability|p2a: Komala|Comatose\n|move|p1a: Inteleon|Scald|p2a: Komala\n|-damage|p2a: Komala|63/100\n|\n|-damage|p1a: Inteleon|98/246 psn|[from] psn\n|upkeep\n|turn|10\n|inactive|Time left: 300 sec this turn | 300 sec total\n|\n|t:|1783568900\n|move|p1a: Inteleon|Scald|p2a: Komala\n|-damage|p2a: Komala|30/100\n|move|p2a: Komala|Rapid Spin|p1a: Inteleon\n|-damage|p1a: Inteleon|22/246 psn\n|-boost|p2a: Komala|spe|1\n|\n|-damage|p1a: Inteleon|0 fnt|[from] psn\n|faint|p1a: Inteleon\n|upkeep\n|inactive|Time left: 300 sec this turn | 300 sec total | 5 sec grace\n|\n|t:|1783568901\n|switch|p1a: Ogerpon|Ogerpon-Hearthflame, L74, F|239/239\n|-ability|p1a: Ogerpon|Mold Breaker\n|turn|11\n|inactive|Time left: 300 sec this turn | 300 sec total\n|\n|t:|1783568902\n|move|p2a: Komala|Body Slam|p1a: Ogerpon\n|-damage|p1a: Ogerpon|112/239\n|move|p1a: Ogerpon|Horn Leech|p2a: Komala\n|-damage|p2a: Komala|0 fnt\n|-heal|p1a: Ogerpon|150/239|[from] drain|[of] p2a: Komala\n|faint|p2a: Komala\n|\n|upkeep\n|\n|t:|1783568903\n|switch|p2a: Darkrai|Darkrai, L77|38/100\n|turn|12\n|inactive|Time left: 300 sec this turn | 300 sec total\n|\n|t:|1783568903\n|-terastallize|p1a: Ogerpon|Fire\n|detailschange|p1a: Ogerpon|Ogerpon-Hearthflame-Tera, L74, F, tera:Fire\n|-ability|p1a: Ogerpon|Embody Aspect (Hearthflame)|boost\n|-boost|p1a: Ogerpon|atk|1\n|move|p2a: Darkrai|Sludge Bomb|p1a: Ogerpon\n|-damage|p1a: Ogerpon|78/239\n|move|p1a: Ogerpon|Ivy Cudgel|p2a: Darkrai|[anim] Ivy Cudgel Fire\n|-damage|p2a: Darkrai|0 fnt\n|faint|p2a: Darkrai\n|\n|upkeep\n|\n|t:|1783568904\n|switch|p2a: Sceptile|Sceptile, L87, F|100/100\n|turn|13\n|inactive|Time left: 300 sec this turn | 300 sec total\n|\n|t:|1783568905\n|move|p2a: Sceptile|Earthquake|p1a: Ogerpon\n|-supereffective|p1a: Ogerpon\n|-damage|p1a: Ogerpon|0 fnt\n|faint|p1a: Ogerpon\n|detailschange|p1: Ogerpon|Ogerpon-Hearthflame, L74, F|[silent]\n|-damage|p2a: Sceptile|91/100|[from] item: Life Orb\n|\n|upkeep\n|inactive|Time left: 300 sec this turn | 300 sec total | 5 sec grace\n|\n|t:|1783568906\n|switch|p1a: Lilligant|Lilligant, L86, F|261/261\n|turn|14\n|inactive|Time left: 300 sec this turn | 300 sec total\n|\n|t:|1783568907\n|move|p2a: Sceptile|Shed Tail|p2a: Sceptile\n|-start|p2a: Sceptile|Substitute|[from] move: Shed Tail\n|-damage|p2a: Sceptile|41/100\n|\n|t:|1783568908\n|switch|p2a: Perrserker|Perrserker, L89, F|100/100|[from] Shed Tail\n|move|p1a: Lilligant|Quiver Dance|p1a: Lilligant\n|-boost|p1a: Lilligant|spa|1\n|-boost|p1a: Lilligant|spd|1\n|-boost|p1a: Lilligant|spe|1\n|\n|upkeep\n|turn|15\n|inactive|Time left: 300 sec this turn | 300 sec total\n|\n|t:|1783568909\n|move|p1a: Lilligant|Alluring Voice|p2a: Perrserker\n|-resisted|p2a: Perrserker\n|-damage|p2a: Perrserker|73/100\n|-damage|p1a: Lilligant|235/261|[from] item: Life Orb\n|move|p2a: Perrserker|Iron Head|p1a: Lilligant\n|-damage|p1a: Lilligant|0 fnt\n|faint|p1a: Lilligant\n|\n|upkeep\n|inactive|Time left: 300 sec this turn | 300 sec total | 5 sec grace\n|\n|t:|1783568910\n|switch|p1a: Sneasler|Sneasler, L74, M|240/240\n|turn|16\n|inactive|Time left: 300 sec this turn | 300 sec total\n|\n|t:|1783568911\n|-terastallize|p2a: Perrserker|Fighting\n|move|p1a: Sneasler|Dire Claw|p2a: Perrserker\n|-end|p2a: Perrserker|Substitute\n|move|p2a: Perrserker|Iron Head|p1a: Sneasler\n|-damage|p1a: Sneasler|0 fnt\n|faint|p1a: Sneasler\n|\n|win|p0y2492fc0d", "uploadtime": 1783568911, "views": 0, "rating": 0, "private": 0, "password": null, "_winner": "p0y2492fc0d", "_our_name": "p0x24924184"}