{"id": "battle-gen9randombattle-1696", "formatid": "gen9randombattle", "format": "[Gen 9] Random Battle", "players": ["p0x16965988", "p0y1696ffc4"], "log": "|init|battle\n|title|p0x16965988 vs. p0y1696ffc4\n|j|\u2606p0x16965988\n|j|\u2606p0y1696ffc4\n|t:|1783559661\n|gametype|singles\n|player|p1|p0x16965988|266|\n|player|p2|p0y1696ffc4|2|\n|gen|9\n|tier|[Gen 9] Random Battle\n|rule|Species Clause: Limit one of each Pok\u00e9mon\n|rule|HP Percentage Mod: HP is shown in percentages\n|rule|Sleep Clause Mod: Limit one foe put to sleep\n|rule|Illusion Level Mod: Illusion disguises the Pok\u00e9mon's true level\n|\n|t:|1783559661\n|teamsize|p1|6\n|teamsize|p2|6\n|start\n|switch|p1a: Exeggutor|Exeggutor, L89, F|100/100\n|switch|p2a: Floatzel|Floatzel, L86, M|286/286\n|turn|1\n|inactive|Battle timer is ON: inactive players will automatically lose when time's up. (requested by p0x16965988)\n|inactive|Time left: 300 sec this turn | 300 sec total | 60 sec grace\n|inactive|p0y1696ffc4 also wants the timer to be on.\n|\n|t:|1783559663\n|switch|p2a: Bombirdier|Bombirdier, L85, F|258/258\n|move|p1a: Exeggutor|Psychic Noise|p2a: Bombirdier\n|-immune|p2a: Bombirdier\n|\n|upkeep\n|turn|2\n|inactive|Time left: 300 sec this turn | 300 sec total\n|\n|t:|1783559664\n|move|p1a: Exeggutor|Protect|p1a: Exeggutor\n|-singleturn|p1a: Exeggutor|Protect\n|move|p2a: Bombirdier|Knock Off|p1a: Exeggutor\n|-activate|p1a: Exeggutor|move: Protect\n|\n|upkeep\n|turn|3\n|inactive|Time left: 300 sec this turn | 300 sec total\n|\n|t:|1783559665\n|switch|p1a: Toxapex|Toxapex, L82, F|100/100\n|move|p2a: Bombirdier|Knock Off|p1a: Toxapex\n|-damage|p1a: Toxapex|47/100\n|-enditem|p1a: Toxapex|Leftovers|[from] move: Knock Off|[of] p2a: Bombirdier\n|\n|upkeep\n|turn|4\n|inactive|Time left: 300 sec this turn | 300 sec total\n|\n|t:|1783559666\n|move|p2a: Bombirdier|Knock Off|p1a: Toxapex\n|-damage|p1a: Toxapex|11/100\n|move|p1a: Toxapex|Recover|p1a: Toxapex\n|-heal|p1a: Toxapex|61/100\n|\n|upkeep\n|turn|5\n|inactive|Time left: 300 sec this turn | 300 sec total\n|\n|t:|1783559667\n|move|p2a: Bombirdier|Knock Off|p1a: Toxapex\n|-damage|p1a: Toxapex|26/100\n|move|p1a: Toxapex|Recover|p1a: Toxapex\n|-heal|p1a: Toxapex|76/100\n|\n|upkeep\n|turn|6\n|inactive|Time left: 300 sec this turn | 300 sec total\n|\n|t:|1783559668\n|move|p2a: Bombirdier|Knock Off|p1a: Toxapex\n|-damage|p1a: Toxapex|39/100\n|move|p1a: Toxapex|Toxic|p2a: Bombirdier\n|-status|p2a: Bombirdier|tox\n|\n|-damage|p2a: Bombirdier|242/258 tox|[from] psn\n|upkeep\n|turn|7\n|inactive|Time left: 300 sec this turn | 300 sec total\n|\n|t:|1783559669\n|move|p2a: Bombirdier|Knock Off|p1a: Toxapex\n|-damage|p1a: Toxapex|6/100\n|move|p1a: Toxapex|Recover|p1a: Toxapex\n|-heal|p1a: Toxapex|56/100\n|\n|-damage|p2a: Bombirdier|210/258 tox|[from] psn\n|upkeep\n|turn|8\n|inactive|Time left: 300 sec this turn | 300 sec total\n|\n|t:|1783559670\n|move|p2a: Bombirdier|Knock Off|p1a: Toxapex\n|-damage|p1a: Toxapex|21/100\n|move|p1a: Toxapex|Recover|p1a: Toxapex\n|-heal|p1a: Toxapex|71/100\n|\n|-damage|p2a: Bombirdier|162/258 tox|[from] psn\n|upkeep\n|turn|9\n|inactive|Time left: 300 sec this turn | 300 sec total\n|\n|t:|1783559671\n|move|p2a: Bombirdier|Knock Off|p1a: Toxapex\n|-damage|p1a: Toxapex|34/100\n|move|p1a: Toxapex|Recover|p1a: Toxapex\n|-heal|p1a: Toxapex|84/100\n|\n|-damage|p2a: Bombirdier|98/258 tox|[from] psn\n|upkeep\n|turn|10\n|inactive|Time left: 300 sec this turn | 300 sec total\n|\n|t:|1783559672\n|move|p2a: Bombirdier|Knock Off|p1a: Toxapex\n|-damage|p1a: Toxapex|47/100\n|move|p1a: Toxapex|Liquidation|p2a: Bombirdier\n|-damage|p2a: Bombirdier|34/258 tox\n|\n|-damage|p2a: Bombirdier|0 fnt|[from] psn\n|faint|p2a: Bombirdier\n|upkeep\n|inactive|Time left: 300 sec this turn | 300 sec total | 5 sec grace\n|\n|t:|1783559673\n|switch|p2a: Stonjourner|Stonjourner, L91, M|330/330\n|turn|11\n|inactive|Time left: 300 sec this turn | 300 sec total\n|\n|t:|1783559674\n|switch|p1a: Mesprit|Mesprit, L85|100/100\n|move|p2a: Stonjourner|Stone Edge|p1a: Mesprit\n|-damage|p1a: Mesprit|33/100\n|-damage|p2a: Stonjourner|297/330|[from] item: Life Orb\n|\n|upkeep\n|turn|12\n|inactive|Time left: 300 sec this turn | 300 sec total\n|\n|t:|1783559676\n|move|p1a: Mesprit|Psychic|p2a: Stonjourner\n|-damage|p2a: Stonjourner|0 fnt\n|faint|p2a: Stonjourner\n|\n|upkeep\n|inactive|Time left: 300 sec this turn | 300 sec total | 5 sec grace\n|\n|t:|1783559676\n|switch|p2a: Floatzel|Floatzel, L86, M|286/286\n|turn|13\n|inactive|Time left: 300 sec this turn | 300 sec total\n|\n|t:|1783559677\n|switch|p1a: Toxapex|Toxapex, L82, F|80/100\n|move|p2a: Floatzel|Wave Crash|p1a: Toxapex\n|-resisted|p1a: Toxapex\n|-damage|p1a: Toxapex|48/100\n|-damage|p2a: Floatzel|263/286|[from] Recoil\n|\n|upkeep\n|turn|14\n|inactive|Time left: 300 sec this turn | 300 sec total\n|\n|t:|1783559679\n|move|p2a: Floatzel|Wave Crash|p1a: Toxapex\n|-resisted|p1a: Toxapex\n|-damage|p1a: Toxapex|13/100\n|-damage|p2a: Floatzel|238/286|[from] Recoil\n|move|p1a: Toxapex|Recover|p1a: Toxapex\n|-heal|p1a: Toxapex|63/100\n|\n|upkeep\n|turn|15\n|inactive|Time left: 300 sec this turn | 300 sec total\n|\n|t:|1783559680\n|move|p2a: Floatzel|Wave Crash|p1a: Toxapex\n|-resisted|p1a: Toxapex\n|-damage|p1a: Toxapex|28/100\n|-damage|p2a: Floatzel|213/286|[from] Recoil\n|move|p1a: Toxapex|Toxic|p2a: Floatzel\n|-status|p2a: Floatzel|tox\n|\n|-damage|p2a: Floatzel|196/286 tox|[from] psn\n|upkeep\n|turn|16\n|inactive|Time left: 300 sec this turn | 300 sec total\n|\n|t:|1783559681\n|switch|p1a: Exeggutor|Exeggutor, L89, F|100/100\n|move|p2a: Floatzel|Wave Crash|p1a: Exeggutor\n|-resisted|p1a: Exeggutor\n|-damage|p1a: Exeggutor|66/100\n|-damage|p2a: Floatzel|160/286 tox|[from] Recoil\n|\n|-damage|p2a: Floatzel|126/286 tox|[from] psn\n|upkeep\n|turn|17\n|inactive|Time left: 300 sec this turn | 300 sec total\n|\n|t:|1783559682\n|move|p2a: Floatzel|Wave Crash|p1a: Exeggutor\n|-resisted|p1a: Exeggutor\n|-crit|p1a: Exeggutor\n|-damage|p1a: Exeggutor|13/100\n|-enditem|p1a: Exeggutor|Sitrus Berry|[eat]\n|-heal|p1a: Exeggutor|38/100|[from] item: Sitrus Berry\n|-damage|p2a: Floatzel|72/286 tox|[from] Recoil\n|move|p1a: Exeggutor|Psychic Noise|p2a: Floatzel\n|-crit|p2a: Floatzel\n|-damage|p2a: Floatzel|0 fnt\n|faint|p2a: Floatzel\n|\n|-item|p1a: Exeggutor|Sitrus Berry|[from] ability: Harvest\n|upkeep\n|-enditem|p1a: Exeggutor|Sitrus Berry|[eat]\n|-heal|p1a: Exeggutor|63/100|[from] item: Sitrus Berry\n|inactive|Time left: 300 sec this turn | 300 sec total | 5 sec grace\n|\n|t:|1783559683\n|switch|p2a: Venomoth|Venomoth, L84, F|255/255\n|turn|18\n|inactive|Time left: 300 sec this turn | 300 sec total\n|\n|t:|1783559684\n|switch|p1a: Zapdos|Zapdos-Galar, L77|100/100\n|move|p2a: Venomoth|Quiver Dance|p2a: Venomoth\n|-boost|p2a: Venomoth|spa|1\n|-boost|p2a: Venomoth|spd|1\n|-boost|p2a: Venomoth|spe|1\n|\n|upkeep\n|turn|19\n|inactive|Time left: 300 sec this turn | 300 sec total\n|\n|t:|1783559684\n|move|p2a: Venomoth|Sleep Powder|p1a: Zapdos\n|-status|p1a: Zapdos|slp|[from] move: Sleep Powder\n|cant|p1a: Zapdos|slp\n|\n|upkeep\n|turn|20\n|inactive|Time left: 300 sec this turn | 300 sec total\n|\n|t:|1783559685\n|cant|p1a: Zapdos|slp\n|move|p2a: Venomoth|Sludge Wave|p1a: Zapdos\n|-damage|p1a: Zapdos|42/100 slp\n|\n|upkeep\n|turn|21\n|inactive|Time left: 300 sec this turn | 300 sec total\n|\n|t:|1783559686\n|cant|p1a: Zapdos|slp\n|move|p2a: Venomoth|Sludge Wave|p1a: Zapdos\n|-damage|p1a: Zapdos|0 fnt\n|faint|p1a: Zapdos\n|\n|upkeep\n|\n|t:|1783559687\n|switch|p1a: Basculin|Basculin-Blue-Striped, L86, F|100/100\n|turn|22\n|inactive|Time left: 300 sec this turn | 300 sec total\n|\n|t:|1783559688\n|-terastallize|p2a: Venomoth|Water\n|move|p2a: Venomoth|Quiver Dance|p2a: Venomoth\n|-boost|p2a: Venomoth|spa|1\n|-boost|p2a: Venomoth|spd|1\n|-boost|p2a: Venomoth|spe|1\n|move|p1a: Basculin|Wave Crash|p2a: Venomoth\n|-resisted|p2a: Venomoth\n|-damage|p2a: Venomoth|84/255\n|-damage|p1a: Basculin|79/100|[from] Recoil\n|\n|upkeep\n|turn|23\n|inactive|Time left: 300 sec this turn | 300 sec total\n|\n|t:|1783559689\n|switch|p1a: Mesprit|Mesprit, L85|33/100\n|move|p2a: Venomoth|Bug Buzz|p1a: Mesprit\n|-supereffective|p1a: Mesprit\n|-damage|p1a: Mesprit|0 fnt\n|faint|p1a: Mesprit\n|\n|upkeep\n|\n|t:|1783559690\n|switch|p1a: Iron Moth|Iron Moth, L78|100/100\n|turn|24\n|inactive|Time left: 300 sec this turn | 300 sec total\n|\n|t:|1783559691\n|move|p2a: Venomoth|Sleep Powder|p1a: Iron Moth\n|-status|p1a: Iron Moth|slp|[from] move: Sleep Powder\n|cant|p1a: Iron Moth|slp\n|\n|upkeep\n|turn|25\n|inactive|Time left: 300 sec this turn | 300 sec total\n|\n|t:|1783559692\n|move|p2a: Venomoth|Sludge Wave|p1a: Iron Moth\n|-resisted|p1a: Iron Moth\n|-damage|p1a: Iron Moth|36/100 slp\n|cant|p1a: Iron Moth|slp\n|\n|upkeep\n|turn|26\n|inactive|Time left: 300 sec this turn | 300 sec total\n|\n|t:|1783559693\n|move|p2a: Venomoth|Sludge Wave|p1a: Iron Moth\n|-resisted|p1a: Iron Moth\n|-damage|p1a: Iron Moth|0 fnt\n|faint|p1a: Iron Moth\n|-end|p1a: Iron Moth|Quark Drive|[silent]\n|\n|upkeep\n|\n|t:|1783559694\n|switch|p1a: Toxapex|Toxapex, L82, F|62/100\n|turn|27\n|inactive|Time left: 300 sec this turn | 300 sec total\n|\n|t:|1783559695\n|move|p2a: Venomoth|Sludge Wave|p1a: Toxapex\n|-resisted|p1a: Toxapex\n|-damage|p1a: Toxapex|0 fnt\n|faint|p1a: Toxapex\n|\n|upkeep\n|\n|t:|1783559696\n|switch|p1a: Exeggutor|Exeggutor, L89, F|63/100\n|turn|28\n|inactive|Time left: 300 sec this turn | 300 sec total\n|\n|t:|1783559697\n|-terastallize|p1a: Exeggutor|Steel\n|move|p2a: Venomoth|Bug Buzz|p1a: Exeggutor\n|-resisted|p1a: Exeggutor\n|-damage|p1a: Exeggutor|6/100\n|-unboost|p1a: Exeggutor|spd|1\n|move|p1a: Exeggutor|Leech Seed|p2a: Venomoth\n|-start|p2a: Venomoth|move: Leech Seed\n|\n|-damage|p2a: Venomoth|53/255|[from] Leech Seed|[of] p1a: Exeggutor\n|-heal|p1a: Exeggutor|16/100|[silent]\n|-item|p1a: Exeggutor|Sitrus Berry|[from] ability: Harvest\n|upkeep\n|-enditem|p1a: Exeggutor|Sitrus Berry|[eat]\n|-heal|p1a: Exeggutor|41/100|[from] item: Sitrus Berry\n|turn|29\n|inactive|Time left: 300 sec this turn | 300 sec total\n|\n|t:|1783559698\n|move|p1a: Exeggutor|Protect|p1a: Exeggutor\n|-singleturn|p1a: Exeggutor|Protect\n|move|p2a: Venomoth|Bug Buzz|p1a: Exeggutor\n|-activate|p1a: Exeggutor|move: Protect\n|\n|-damage|p2a: Venomoth|22/255|[from] Leech Seed|[of] p1a: Exeggutor\n|-heal|p1a: Exeggutor|50/100|[silent]\n|-item|p1a: Exeggutor|Sitrus Berry|[from] ability: Harvest\n|upkeep\n|-enditem|p1a: Exeggutor|Sitrus Berry|[eat]\n|-heal|p1a: Exeggutor|75/100|[from] item: Sitrus Berry\n|turn|30\n|inactive|Time left: 300 sec this turn | 300 sec total\n|\n|t:|1783559698\n|move|p1a: Exeggutor|Protect|p1a: Exeggutor\n|-singleturn|p1a: Exeggutor|Protect\n|move|p2a: Venomoth|Bug Buzz|p1a: Exeggutor\n|-activate|p1a: Exeggutor|move: Protect\n|\n|-damage|p2a: Venomoth|0 fnt|[from] Leech Seed|[of] p1a: Exeggutor\n|-heal|p1a: Exeggutor|83/100|[silent]\n|faint|p2a: Venomoth\n|upkeep\n|inactive|Time left: 300 sec this turn | 300 sec total | 5 sec grace\n|\n|t:|1783559699\n|switch|p2a: Magcargo|Magcargo, L95, M|268/268\n|turn|31\n|inactive|Time left: 300 sec this turn | 300 sec total\n|\n|t:|1783559700\n|switch|p1a: Basculin|Basculin-Blue-Striped, L86, F|79/100\n|move|p2a: Magcargo|Lava Plume|p1a: Basculin\n|-resisted|p1a: Basculin\n|-damage|p1a: Basculin|54/100\n|\n|upkeep\n|turn|32\n|inactive|Time left: 300 sec this turn | 300 sec total\n|\n|t:|1783559701\n|move|p1a: Basculin|Wave Crash|p2a: Magcargo\n|-supereffective|p2a: Magcargo\n|-damage|p2a: Magcargo|0 fnt\n|-status|p1a: Basculin|brn|[from] ability: Flame Body|[of] p2a: Magcargo\n|faint|p2a: Magcargo\n|-damage|p1a: Basculin|20/100 brn|[from] Recoil\n|\n|-damage|p1a: Basculin|14/100 brn|[from] brn\n|upkeep\n|inactive|Time left: 300 sec this turn | 300 sec total | 5 sec grace\n|\n|t:|1783559702\n|switch|p2a: Quagsire|Quagsire, L84, F|297/297\n|turn|33\n|inactive|Time left: 300 sec this turn | 300 sec total\n|\n|t:|1783559703\n|switch|p1a: Exeggutor|Exeggutor, L89, F, tera:Steel|83/100\n|move|p2a: Quagsire|Recover||[still]\n|-fail|p2a: Quagsire|heal\n|\n|-item|p1a: Exeggutor|Sitrus Berry|[from] ability: Harvest\n|upkeep\n|turn|34\n|inactive|Time left: 300 sec this turn | 300 sec total\n|\n|t:|1783559704\n|move|p1a: Exeggutor|Psychic Noise|p2a: Quagsire\n|-damage|p2a: Quagsire|164/297\n|-start|p2a: Quagsire|move: Heal Block\n|move|p2a: Quagsire|Earthquake|p1a: Exeggutor\n|-supereffective|p1a: Exeggutor\n|-damage|p1a: Exeggutor|21/100\n|-enditem|p1a: Exeggutor|Sitrus Berry|[eat]\n|-heal|p1a: Exeggutor|46/100|[from] item: Sitrus Berry\n|\n|upkeep\n|turn|35\n|inactive|Time left: 300 sec this turn | 300 sec total\n|\n|t:|1783559705\n|move|p1a: Exeggutor|Psychic Noise|p2a: Quagsire\n|-damage|p2a: Quagsire|22/297\n|move|p2a: Quagsire|Toxic|p1a: Exeggutor\n|-immune|p1a: Exeggutor\n|\n|-end|p2a: Quagsire|move: Heal Block\n|upkeep\n|turn|36\n|inactive|Time left: 300 sec this turn | 300 sec total\n|\n|t:|1783559706\n|move|p1a: Exeggutor|Psychic Noise|p2a: Quagsire\n|-damage|p2a: Quagsire|0 fnt\n|faint|p2a: Quagsire\n|\n|win|p0x16965988", "uploadtime": 1783559706, "views": 0, "rating": 0, "private": 0, "password": null, "_winner": "p0x16965988", "_our_name": "p0y1696ffc4"}