{"id": "battle-gen9randombattle-2481", "formatid": "gen9randombattle", "format": "[Gen 9] Random Battle", "players": ["p0x2481f326", "p0y24816a0f"], "log": "|init|battle\n|title|p0x2481f326 vs. p0y24816a0f\n|j|\u2606p0x2481f326\n|j|\u2606p0y24816a0f\n|t:|1783568756\n|gametype|singles\n|player|p1|p0x2481f326|169|\n|player|p2|p0y24816a0f|265|\n|gen|9\n|tier|[Gen 9] Random Battle\n|rule|Species Clause: Limit one of each Pok\u00e9mon\n|rule|HP Percentage Mod: HP is shown in percentages\n|rule|Sleep Clause Mod: Limit one foe put to sleep\n|rule|Illusion Level Mod: Illusion disguises the Pok\u00e9mon's true level\n|\n|t:|1783568756\n|teamsize|p1|6\n|teamsize|p2|6\n|start\n|switch|p1a: Salazzle|Salazzle, L83, F|249/249\n|switch|p2a: Armarouge|Armarouge, L80, F|100/100\n|turn|1\n|inactive|Battle timer is ON: inactive players will automatically lose when time's up. (requested by p0y24816a0f)\n|inactive|Time left: 300 sec this turn | 300 sec total | 60 sec grace\n|inactive|p0x2481f326 also wants the timer to be on.\n|\n|t:|1783568757\n|switch|p1a: Ting-Lu|Ting-Lu, L78|370/370\n|-ability|p1a: Ting-Lu|Vessel of Ruin\n|move|p2a: Armarouge|Meteor Beam||[still]\n|-prepare|p2a: Armarouge|Meteor Beam\n|-boost|p2a: Armarouge|spa|1\n|-enditem|p2a: Armarouge|Power Herb\n|-anim|p2a: Armarouge|Meteor Beam|p1a: Ting-Lu\n|-resisted|p1a: Ting-Lu\n|-damage|p1a: Ting-Lu|310/370\n|\n|-heal|p1a: Ting-Lu|333/370|[from] item: Leftovers\n|upkeep\n|turn|2\n|inactive|Time left: 300 sec this turn | 300 sec total\n|\n|t:|1783568759\n|move|p2a: Armarouge|Armor Cannon|p1a: Ting-Lu\n|-damage|p1a: Ting-Lu|141/370\n|-unboost|p2a: Armarouge|def|1\n|-unboost|p2a: Armarouge|spd|1\n|move|p1a: Ting-Lu|Earthquake|p2a: Armarouge\n|-supereffective|p2a: Armarouge\n|-damage|p2a: Armarouge|0 fnt\n|faint|p2a: Armarouge\n|\n|-heal|p1a: Ting-Lu|164/370|[from] item: Leftovers\n|upkeep\n|\n|t:|1783568760\n|switch|p2a: Meowscarada|Meowscarada, L78, M|100/100\n|turn|3\n|inactive|Time left: 300 sec this turn | 300 sec total\n|\n|t:|1783568761\n|switch|p1a: Salazzle|Salazzle, L83, F|249/249\n|move|p2a: Meowscarada|Triple Axel|p1a: Salazzle\n|-start|p2a: Meowscarada|typechange|Ice|[from] ability: Protean\n|-resisted|p1a: Salazzle\n|-damage|p1a: Salazzle|230/249\n|-resisted|p1a: Salazzle\n|-damage|p1a: Salazzle|192/249\n|-resisted|p1a: Salazzle\n|-damage|p1a: Salazzle|136/249\n|-hitcount|p1a: Salazzle|3\n|\n|upkeep\n|turn|4\n|inactive|Time left: 300 sec this turn | 300 sec total\n|\n|t:|1783568762\n|move|p1a: Salazzle|Fire Blast|p2a: Meowscarada\n|-supereffective|p2a: Meowscarada\n|-damage|p2a: Meowscarada|0 fnt\n|faint|p2a: Meowscarada\n|\n|upkeep\n|\n|t:|1783568763\n|switch|p2a: Glimmora|Glimmora, L75, F|100/100\n|turn|5\n|inactive|Time left: 300 sec this turn | 300 sec total\n|\n|t:|1783568764\n|switch|p1a: Ting-Lu|Ting-Lu, L78|164/370\n|-ability|p1a: Ting-Lu|Vessel of Ruin\n|move|p2a: Glimmora|Meteor Beam||[still]\n|-prepare|p2a: Glimmora|Meteor Beam\n|-boost|p2a: Glimmora|spa|1\n|-enditem|p2a: Glimmora|Power Herb\n|-anim|p2a: Glimmora|Meteor Beam|p1a: Ting-Lu\n|-resisted|p1a: Ting-Lu\n|-crit|p1a: Ting-Lu\n|-damage|p1a: Ting-Lu|42/370\n|\n|-heal|p1a: Ting-Lu|65/370|[from] item: Leftovers\n|upkeep\n|turn|6\n|inactive|Time left: 300 sec this turn | 300 sec total\n|\n|t:|1783568765\n|move|p2a: Glimmora|Earth Power|p1a: Ting-Lu\n|-damage|p1a: Ting-Lu|0 fnt\n|faint|p1a: Ting-Lu\n|\n|upkeep\n|inactive|Time left: 300 sec this turn | 300 sec total | 5 sec grace\n|\n|t:|1783568766\n|switch|p1a: Meowstic|Meowstic-F, L89, F|277/277\n|turn|7\n|inactive|Time left: 300 sec this turn | 300 sec total\n|\n|t:|1783568767\n|-terastallize|p2a: Glimmora|Grass\n|move|p1a: Meowstic|Psyshock|p2a: Glimmora\n|-damage|p2a: Glimmora|48/100\n|-damage|p1a: Meowstic|250/277|[from] item: Life Orb\n|move|p2a: Glimmora|Meteor Beam||[still]\n|-prepare|p2a: Glimmora|Meteor Beam\n|-boost|p2a: Glimmora|spa|1\n|\n|upkeep\n|turn|8\n|inactive|Time left: 300 sec this turn | 300 sec total\n|\n|t:|1783568769\n|move|p1a: Meowstic|Psyshock|p2a: Glimmora\n|-damage|p2a: Glimmora|5/100\n|-damage|p1a: Meowstic|223/277|[from] item: Life Orb\n|move|p2a: Glimmora|Meteor Beam|p1a: Meowstic|[from] lockedmove\n|-damage|p1a: Meowstic|0 fnt\n|faint|p1a: Meowstic\n|\n|upkeep\n|inactive|Time left: 300 sec this turn | 300 sec total | 5 sec grace\n|\n|t:|1783568770\n|switch|p1a: Salazzle|Salazzle, L83, F|136/249\n|turn|9\n|inactive|Time left: 300 sec this turn | 300 sec total\n|\n|t:|1783568771\n|move|p1a: Salazzle|Tera Blast|p2a: Glimmora\n|-damage|p2a: Glimmora|0 fnt\n|faint|p2a: Glimmora\n|\n|upkeep\n|\n|t:|1783568771\n|switch|p2a: Pelipper|Pelipper, L86, F|100/100\n|-weather|RainDance|[from] ability: Drizzle|[of] p2a: Pelipper\n|turn|10\n|inactive|Time left: 300 sec this turn | 300 sec total\n|\n|t:|1783568772\n|move|p1a: Salazzle|Sludge Wave|p2a: Pelipper\n|-damage|p2a: Pelipper|44/100\n|move|p2a: Pelipper|Hurricane|p1a: Salazzle\n|-damage|p1a: Salazzle|0 fnt\n|faint|p1a: Salazzle\n|\n|-weather|RainDance|[upkeep]\n|upkeep\n|inactive|Time left: 300 sec this turn | 300 sec total | 5 sec grace\n|\n|t:|1783568773\n|switch|p1a: Kingdra|Kingdra, L84, M|263/263\n|turn|11\n|inactive|Time left: 300 sec this turn | 300 sec total\n|\n|t:|1783568775\n|move|p1a: Kingdra|Hurricane|p2a: Pelipper\n|-damage|p2a: Pelipper|0 fnt\n|faint|p2a: Pelipper\n|-damage|p1a: Kingdra|237/263|[from] item: Life Orb\n|\n|-weather|RainDance|[upkeep]\n|upkeep\n|\n|t:|1783568776\n|switch|p2a: Qwilfish|Qwilfish-Hisui, L83, M|100/100\n|-ability|p2a: Qwilfish|Intimidate|boost\n|-unboost|p1a: Kingdra|atk|1\n|turn|12\n|inactive|Time left: 300 sec this turn | 300 sec total\n|\n|t:|1783568776\n|move|p1a: Kingdra|Hurricane|p2a: Qwilfish\n|-damage|p2a: Qwilfish|63/100\n|-damage|p1a: Kingdra|211/263|[from] item: Life Orb\n|move|p2a: Qwilfish|Gunk Shot|p1a: Kingdra|[miss]\n|-miss|p2a: Qwilfish|p1a: Kingdra\n|\n|-weather|RainDance|[upkeep]\n|upkeep\n|turn|13\n|inactive|Time left: 300 sec this turn | 300 sec total\n|\n|t:|1783568777\n|move|p1a: Kingdra|Draco Meteor|p2a: Qwilfish\n|-damage|p2a: Qwilfish|0 fnt\n|-unboost|p1a: Kingdra|spa|2\n|faint|p2a: Qwilfish\n|-damage|p1a: Kingdra|185/263|[from] item: Life Orb\n|\n|-weather|RainDance|[upkeep]\n|upkeep\n|\n|t:|1783568778\n|switch|p2a: Whimsicott|Whimsicott, L84, F|100/100\n|turn|14\n|inactive|Time left: 300 sec this turn | 300 sec total\n|\n|t:|1783568779\n|switch|p1a: Garganacl|Garganacl, L80, F|291/291\n|move|p2a: Whimsicott|Substitute|p2a: Whimsicott\n|-start|p2a: Whimsicott|Substitute\n|-damage|p2a: Whimsicott|76/100\n|\n|-weather|none\n|-heal|p2a: Whimsicott|82/100|[from] item: Leftovers\n|upkeep\n|turn|15\n|inactive|Time left: 300 sec this turn | 300 sec total\n|\n|t:|1783568780\n|move|p2a: Whimsicott|Leech Seed|p1a: Garganacl|[miss]\n|-miss|p2a: Whimsicott|p1a: Garganacl\n|move|p1a: Garganacl|Salt Cure|p2a: Whimsicott\n|-activate|p2a: Whimsicott|move: Substitute|[damage]\n|\n|-heal|p2a: Whimsicott|87/100|[from] item: Leftovers\n|upkeep\n|turn|16\n|inactive|Time left: 300 sec this turn | 300 sec total\n|\n|t:|1783568781\n|move|p2a: Whimsicott|Leech Seed|p1a: Garganacl\n|-start|p1a: Garganacl|move: Leech Seed\n|move|p1a: Garganacl|Salt Cure|p2a: Whimsicott\n|-end|p2a: Whimsicott|Substitute\n|\n|-heal|p2a: Whimsicott|93/100|[from] item: Leftovers\n|-damage|p1a: Garganacl|255/291|[from] Leech Seed|[of] p2a: Whimsicott\n|-heal|p2a: Whimsicott|100/100|[silent]\n|upkeep\n|turn|17\n|inactive|Time left: 300 sec this turn | 300 sec total\n|\n|t:|1783568782\n|move|p2a: Whimsicott|Moonblast|p1a: Garganacl\n|-damage|p1a: Garganacl|165/291\n|-unboost|p1a: Garganacl|spa|1\n|move|p1a: Garganacl|Salt Cure|p2a: Whimsicott\n|-damage|p2a: Whimsicott|83/100\n|-start|p2a: Whimsicott|Salt Cure\n|\n|-heal|p2a: Whimsicott|89/100|[from] item: Leftovers\n|-heal|p1a: Garganacl|183/291|[from] item: Leftovers\n|-damage|p1a: Garganacl|147/291|[from] Leech Seed|[of] p2a: Whimsicott\n|-heal|p2a: Whimsicott|100/100|[silent]\n|-damage|p2a: Whimsicott|88/100|[from] Salt Cure\n|upkeep\n|turn|18\n|inactive|Time left: 300 sec this turn | 300 sec total\n|\n|t:|1783568783\n|switch|p1a: Spidops|Spidops, L96, F|271/271\n|move|p2a: Whimsicott|Moonblast|p1a: Spidops\n|-damage|p1a: Spidops|190/271\n|\n|-heal|p2a: Whimsicott|94/100|[from] item: Leftovers\n|-damage|p2a: Whimsicott|82/100|[from] Salt Cure\n|upkeep\n|turn|19\n|inactive|Time left: 300 sec this turn | 300 sec total\n|\n|t:|1783568784\n|move|p2a: Whimsicott|Moonblast|p1a: Spidops\n|-crit|p1a: Spidops\n|-damage|p1a: Spidops|75/271\n|-unboost|p1a: Spidops|spa|1\n|move|p1a: Spidops|Knock Off|p2a: Whimsicott\n|-resisted|p2a: Whimsicott\n|-damage|p2a: Whimsicott|66/100\n|-enditem|p2a: Whimsicott|Leftovers|[from] move: Knock Off|[of] p1a: Spidops\n|\n|-damage|p2a: Whimsicott|54/100|[from] Salt Cure\n|upkeep\n|turn|20\n|inactive|Time left: 300 sec this turn | 300 sec total\n|\n|t:|1783568785\n|switch|p1a: Kingdra|Kingdra, L84, M|185/263\n|move|p2a: Whimsicott|Leech Seed|p1a: Kingdra\n|-start|p1a: Kingdra|move: Leech Seed\n|\n|-damage|p1a: Kingdra|153/263|[from] Leech Seed|[of] p2a: Whimsicott\n|-heal|p2a: Whimsicott|68/100|[silent]\n|-damage|p2a: Whimsicott|56/100|[from] Salt Cure\n|upkeep\n|turn|21\n|inactive|Time left: 300 sec this turn | 300 sec total\n|\n|t:|1783568786\n|-terastallize|p1a: Kingdra|Water\n|move|p2a: Whimsicott|Substitute|p2a: Whimsicott\n|-start|p2a: Whimsicott|Substitute\n|-damage|p2a: Whimsicott|31/100\n|move|p1a: Kingdra|Wave Crash|p2a: Whimsicott\n|-resisted|p2a: Whimsicott\n|-end|p2a: Whimsicott|Substitute\n|-damage|p1a: Kingdra|134/263|[from] Recoil|[of] p2a: Whimsicott\n|-damage|p1a: Kingdra|108/263|[from] item: Life Orb\n|\n|-damage|p1a: Kingdra|76/263|[from] Leech Seed|[of] p2a: Whimsicott\n|-heal|p2a: Whimsicott|44/100|[silent]\n|-damage|p2a: Whimsicott|32/100|[from] Salt Cure\n|upkeep\n|turn|22\n|inactive|Time left: 300 sec this turn | 300 sec total\n|\n|t:|1783568787\n|move|p2a: Whimsicott|Moonblast|p1a: Kingdra\n|-damage|p1a: Kingdra|0 fnt\n|faint|p1a: Kingdra\n|\n|-damage|p2a: Whimsicott|20/100|[from] Salt Cure\n|upkeep\n|inactive|Time left: 300 sec this turn | 300 sec total | 5 sec grace\n|\n|t:|1783568788\n|switch|p1a: Garganacl|Garganacl, L80, F|147/291\n|turn|23\n|inactive|Time left: 300 sec this turn | 300 sec total\n|\n|t:|1783568789\n|move|p2a: Whimsicott|Leech Seed|p1a: Garganacl\n|-start|p1a: Garganacl|move: Leech Seed\n|move|p1a: Garganacl|Body Press|p2a: Whimsicott\n|-resisted|p2a: Whimsicott\n|-damage|p2a: Whimsicott|6/100\n|\n|-heal|p1a: Garganacl|165/291|[from] item: Leftovers\n|-damage|p1a: Garganacl|129/291|[from] Leech Seed|[of] p2a: Whimsicott\n|-heal|p2a: Whimsicott|21/100|[silent]\n|-damage|p2a: Whimsicott|8/100|[from] Salt Cure\n|upkeep\n|turn|24\n|inactive|Time left: 300 sec this turn | 300 sec total\n|\n|t:|1783568790\n|move|p2a: Whimsicott|Substitute|p2a: Whimsicott\n|-fail|p2a: Whimsicott|move: Substitute|[weak]\n|move|p1a: Garganacl|Body Press|p2a: Whimsicott\n|-resisted|p2a: Whimsicott\n|-damage|p2a: Whimsicott|0 fnt\n|faint|p2a: Whimsicott\n|\n|win|p0x2481f326", "uploadtime": 1783568790, "views": 0, "rating": 0, "private": 0, "password": null, "_winner": "p0x2481f326", "_our_name": "p0x2481f326"}