{"id": "battle-gen9randombattle-610", "formatid": "gen9randombattle", "format": "[Gen 9] Random Battle", "players": ["p0x610cb09", "p0y610f5d4"], "log": "|init|battle\n|title|p0x610cb09 vs. p0y610f5d4\n|j|\u2606p0x610cb09\n|j|\u2606p0y610f5d4\n|t:|1783546892\n|gametype|singles\n|player|p1|p0x610cb09|1|\n|player|p2|p0y610f5d4|2|\n|gen|9\n|tier|[Gen 9] Random Battle\n|rule|Species Clause: Limit one of each Pok\u00e9mon\n|rule|HP Percentage Mod: HP is shown in percentages\n|rule|Sleep Clause Mod: Limit one foe put to sleep\n|rule|Illusion Level Mod: Illusion disguises the Pok\u00e9mon's true level\n|\n|t:|1783546892\n|teamsize|p1|6\n|teamsize|p2|6\n|start\n|switch|p1a: Masquerain|Masquerain, L87, F|264/264\n|switch|p2a: Toucannon|Toucannon, L88, F|100/100\n|-ability|p1a: Masquerain|Intimidate|boost\n|-unboost|p2a: Toucannon|atk|1\n|turn|1\n|inactive|Battle timer is ON: inactive players will automatically lose when time's up. (requested by p0y610f5d4)\n|inactive|Time left: 300 sec this turn | 300 sec total | 60 sec grace\n|inactive|p0x610cb09 also wants the timer to be on.\n|\n|t:|1783546893\n|-singleturn|p2a: Toucannon|move: Beak Blast\n|move|p1a: Masquerain|Quiver Dance|p1a: Masquerain\n|-boost|p1a: Masquerain|spa|1\n|-boost|p1a: Masquerain|spd|1\n|-boost|p1a: Masquerain|spe|1\n|move|p2a: Toucannon|Beak Blast|p1a: Masquerain\n|-supereffective|p1a: Masquerain\n|-damage|p1a: Masquerain|24/264\n|\n|upkeep\n|turn|2\n|inactive|Time left: 300 sec this turn | 300 sec total\n|\n|t:|1783546895\n|-singleturn|p2a: Toucannon|move: Beak Blast\n|move|p1a: Masquerain|Hurricane|p2a: Toucannon\n|-damage|p2a: Toucannon|32/100\n|move|p2a: Toucannon|Beak Blast|p1a: Masquerain\n|-supereffective|p1a: Masquerain\n|-damage|p1a: Masquerain|0 fnt\n|faint|p1a: Masquerain\n|\n|upkeep\n|inactive|Time left: 300 sec this turn | 300 sec total | 5 sec grace\n|\n|t:|1783546896\n|switch|p1a: Chien-Pao|Chien-Pao, L72|234/234\n|-ability|p1a: Chien-Pao|Sword of Ruin\n|turn|3\n|inactive|Time left: 300 sec this turn | 300 sec total\n|\n|t:|1783546897\n|switch|p2a: Grimmsnarl|Grimmsnarl, L83, M|100/100\n|move|p1a: Chien-Pao|Sacred Sword|p2a: Grimmsnarl\n|-crit|p2a: Grimmsnarl\n|-damage|p2a: Grimmsnarl|32/100\n|\n|upkeep\n|turn|4\n|inactive|Time left: 300 sec this turn | 300 sec total\n|\n|t:|1783546899\n|move|p1a: Chien-Pao|Sacred Sword|p2a: Grimmsnarl\n|-damage|p2a: Grimmsnarl|0 fnt\n|faint|p2a: Grimmsnarl\n|\n|upkeep\n|\n|t:|1783546899\n|switch|p2a: Dragalge|Dragalge, L88, M|100/100\n|turn|5\n|inactive|Time left: 300 sec this turn | 300 sec total\n|\n|t:|1783546901\n|switch|p1a: Gyarados|Gyarados, L79, M|280/280\n|-ability|p1a: Gyarados|Intimidate|boost\n|-unboost|p2a: Dragalge|atk|1\n|move|p2a: Dragalge|Sludge Wave|p1a: Gyarados\n|-damage|p1a: Gyarados|74/280\n|\n|upkeep\n|turn|6\n|inactive|Time left: 300 sec this turn | 300 sec total\n|\n|t:|1783546902\n|move|p1a: Gyarados|Earthquake|p2a: Dragalge\n|-supereffective|p2a: Dragalge\n|-damage|p2a: Dragalge|45/100\n|move|p2a: Dragalge|Sludge Wave|p1a: Gyarados\n|-damage|p1a: Gyarados|0 fnt\n|faint|p1a: Gyarados\n|\n|upkeep\n|inactive|Time left: 300 sec this turn | 300 sec total | 5 sec grace\n|\n|t:|1783546903\n|switch|p1a: Chien-Pao|Chien-Pao, L72|234/234\n|-ability|p1a: Chien-Pao|Sword of Ruin\n|turn|7\n|inactive|Time left: 300 sec this turn | 300 sec total\n|\n|t:|1783546904\n|-terastallize|p2a: Dragalge|Fighting\n|move|p1a: Chien-Pao|Icicle Crash|p2a: Dragalge\n|-damage|p2a: Dragalge|0 fnt\n|faint|p2a: Dragalge\n|\n|upkeep\n|\n|t:|1783546905\n|switch|p2a: Slowbro|Slowbro-Galar, L87, F|100/100\n|turn|8\n|inactive|Time left: 300 sec this turn | 300 sec total\n|\n|t:|1783546905\n|move|p1a: Chien-Pao|Icicle Crash|p2a: Slowbro\n|-damage|p2a: Slowbro|57/100\n|cant|p2a: Slowbro|flinch\n|\n|upkeep\n|turn|9\n|inactive|Time left: 300 sec this turn | 300 sec total\n|\n|t:|1783546906\n|move|p1a: Chien-Pao|Icicle Crash|p2a: Slowbro\n|-damage|p2a: Slowbro|13/100\n|move|p2a: Slowbro|Shell Side Arm|p1a: Chien-Pao|[anim] Shell Side Arm Special\n|-damage|p1a: Chien-Pao|95/234\n|-hint|Special Shell Side Arm\n|-status|p1a: Chien-Pao|psn\n|\n|-damage|p1a: Chien-Pao|66/234 psn|[from] psn\n|upkeep\n|turn|10\n|inactive|Time left: 300 sec this turn | 300 sec total\n|\n|t:|1783546907\n|switch|p2a: Toucannon|Toucannon, L88, F|32/100\n|move|p1a: Chien-Pao|Icicle Crash|p2a: Toucannon\n|-supereffective|p2a: Toucannon\n|-damage|p2a: Toucannon|0 fnt\n|faint|p2a: Toucannon\n|\n|-damage|p1a: Chien-Pao|37/234 psn|[from] psn\n|upkeep\n|\n|t:|1783546908\n|switch|p2a: Delibird|Delibird, M|100/100\n|turn|11\n|inactive|Time left: 300 sec this turn | 300 sec total\n|\n|t:|1783546908\n|move|p2a: Delibird|Ice Shard|p1a: Chien-Pao|[miss]\n|-miss|p2a: Delibird|p1a: Chien-Pao\n|move|p1a: Chien-Pao|Icicle Crash|p2a: Delibird\n|-damage|p2a: Delibird|11/100\n|\n|-damage|p1a: Chien-Pao|8/234 psn|[from] psn\n|upkeep\n|turn|12\n|inactive|Time left: 300 sec this turn | 300 sec total\n|\n|t:|1783546909\n|move|p2a: Delibird|Ice Shard|p1a: Chien-Pao\n|-resisted|p1a: Chien-Pao\n|-damage|p1a: Chien-Pao|0 fnt\n|faint|p1a: Chien-Pao\n|\n|upkeep\n|inactive|Time left: 300 sec this turn | 300 sec total | 5 sec grace\n|\n|t:|1783546910\n|switch|p1a: Gengar|Gengar, L81, M, shiny|230/230\n|turn|13\n|inactive|Time left: 300 sec this turn | 300 sec total\n|\n|t:|1783546911\n|move|p2a: Delibird|Ice Shard|p1a: Gengar|[miss]\n|-miss|p2a: Delibird|p1a: Gengar\n|move|p1a: Gengar|Sludge Wave|p2a: Delibird\n|-damage|p2a: Delibird|0 fnt\n|faint|p2a: Delibird\n|-damage|p1a: Gengar|207/230|[from] item: Life Orb\n|\n|upkeep\n|\n|t:|1783546911\n|switch|p2a: Regidrago|Regidrago, L77|100/100\n|turn|14\n|inactive|Time left: 300 sec this turn | 300 sec total\n|\n|t:|1783546912\n|switch|p1a: Flapple|Flapple, L88, M|266/266\n|move|p2a: Regidrago|Dragon Dance|p2a: Regidrago\n|-boost|p2a: Regidrago|atk|1\n|-boost|p2a: Regidrago|spe|1\n|\n|upkeep\n|turn|15\n|inactive|Time left: 300 sec this turn | 300 sec total\n|\n|t:|1783546913\n|-terastallize|p1a: Flapple|Fire\n|move|p2a: Regidrago|Earthquake|p1a: Flapple\n|-supereffective|p1a: Flapple\n|-damage|p1a: Flapple|45/266\n|-damage|p2a: Regidrago|91/100|[from] item: Life Orb\n|move|p1a: Flapple|Outrage|p2a: Regidrago\n|-supereffective|p2a: Regidrago\n|-damage|p2a: Regidrago|0 fnt\n|faint|p2a: Regidrago\n|\n|upkeep\n|\n|t:|1783546914\n|switch|p2a: Slowbro|Slowbro-Galar, L87, F|46/100\n|turn|16\n|inactive|Time left: 300 sec this turn | 300 sec total\n|\n|t:|1783546915\n|move|p1a: Flapple|Outrage|p2a: Slowbro|[from] lockedmove\n|-damage|p2a: Slowbro|0 fnt\n|faint|p2a: Slowbro\n|\n|win|p0x610cb09", "uploadtime": 1783546915, "views": 0, "rating": 0, "private": 0, "password": null, "_winner": "p0x610cb09", "_our_name": "p0x610cb09"}