{"id": "battle-gen9randombattle-2438", "formatid": "gen9randombattle", "format": "[Gen 9] Random Battle", "players": ["p0x2438ef5c", "p0y24387096"], "log": "|init|battle\n|title|p0x2438ef5c vs. p0y24387096\n|j|\u2606p0x2438ef5c\n|j|\u2606p0y24387096\n|t:|1783568270\n|gametype|singles\n|player|p1|p0x2438ef5c|170|\n|player|p2|p0y24387096|2|\n|gen|9\n|tier|[Gen 9] Random Battle\n|rule|Species Clause: Limit one of each Pok\u00e9mon\n|rule|HP Percentage Mod: HP is shown in percentages\n|rule|Sleep Clause Mod: Limit one foe put to sleep\n|rule|Illusion Level Mod: Illusion disguises the Pok\u00e9mon's true level\n|\n|t:|1783568270\n|teamsize|p1|6\n|teamsize|p2|6\n|start\n|switch|p1a: Golem|Golem, L87, M|281/281\n|switch|p2a: Coalossal|Coalossal, L89, F|100/100\n|turn|1\n|inactive|Battle timer is ON: inactive players will automatically lose when time's up. (requested by p0y24387096)\n|inactive|Time left: 300 sec this turn | 300 sec total | 60 sec grace\n|inactive|p0x2438ef5c also wants the timer to be on.\n|\n|t:|1783568271\n|switch|p2a: Mudsdale|Mudsdale, L83, F|100/100\n|move|p1a: Golem|Earthquake|p2a: Mudsdale\n|-damage|p2a: Mudsdale|61/100\n|-ability|p2a: Mudsdale|Stamina|boost\n|-boost|p2a: Mudsdale|def|1\n|\n|-heal|p2a: Mudsdale|67/100|[from] item: Leftovers\n|upkeep\n|turn|2\n|inactive|Time left: 300 sec this turn | 300 sec total\n|\n|t:|1783568273\n|move|p1a: Golem|Earthquake|p2a: Mudsdale\n|-damage|p2a: Mudsdale|40/100\n|-ability|p2a: Mudsdale|Stamina|boost\n|-boost|p2a: Mudsdale|def|1\n|move|p2a: Mudsdale|Stealth Rock|p1a: Golem\n|-sidestart|p1: p0x2438ef5c|move: Stealth Rock\n|\n|-heal|p2a: Mudsdale|46/100|[from] item: Leftovers\n|upkeep\n|turn|3\n|inactive|Time left: 300 sec this turn | 300 sec total\n|\n|t:|1783568274\n|move|p1a: Golem|Earthquake|p2a: Mudsdale\n|-damage|p2a: Mudsdale|24/100\n|-ability|p2a: Mudsdale|Stamina|boost\n|-boost|p2a: Mudsdale|def|1\n|move|p2a: Mudsdale|Earthquake|p1a: Golem\n|-supereffective|p1a: Golem\n|-damage|p1a: Golem|105/281\n|\n|-heal|p2a: Mudsdale|30/100|[from] item: Leftovers\n|upkeep\n|turn|4\n|inactive|Time left: 300 sec this turn | 300 sec total\n|\n|t:|1783568275\n|switch|p1a: Misdreavus|Misdreavus, L90, F|254/254\n|-damage|p1a: Misdreavus|223/254|[from] Stealth Rock\n|move|p2a: Mudsdale|Earthquake|p1a: Misdreavus\n|-immune|p1a: Misdreavus|[from] ability: Levitate\n|\n|-heal|p2a: Mudsdale|36/100|[from] item: Leftovers\n|upkeep\n|turn|5\n|inactive|Time left: 300 sec this turn | 300 sec total\n|\n|t:|1783568276\n|move|p1a: Misdreavus|Will-O-Wisp|p2a: Mudsdale\n|-status|p2a: Mudsdale|brn\n|move|p2a: Mudsdale|Heavy Slam|p1a: Misdreavus\n|-damage|p1a: Misdreavus|181/254\n|\n|-heal|p2a: Mudsdale|42/100 brn|[from] item: Leftovers\n|-damage|p2a: Mudsdale|36/100 brn|[from] brn\n|upkeep\n|turn|6\n|inactive|Time left: 300 sec this turn | 300 sec total\n|\n|t:|1783568276\n|move|p1a: Misdreavus|Shadow Ball|p2a: Mudsdale\n|-damage|p2a: Mudsdale|4/100 brn\n|-ability|p2a: Mudsdale|Stamina|boost\n|-boost|p2a: Mudsdale|def|1\n|move|p2a: Mudsdale|Heavy Slam|p1a: Misdreavus\n|-damage|p1a: Misdreavus|141/254\n|\n|-heal|p2a: Mudsdale|10/100 brn|[from] item: Leftovers\n|-damage|p2a: Mudsdale|4/100 brn|[from] brn\n|upkeep\n|turn|7\n|inactive|Time left: 300 sec this turn | 300 sec total\n|\n|t:|1783568277\n|switch|p2a: Incineroar|Incineroar, L82, F|100/100\n|-ability|p2a: Incineroar|Intimidate|boost\n|-unboost|p1a: Misdreavus|atk|1\n|move|p1a: Misdreavus|Calm Mind|p1a: Misdreavus\n|-boost|p1a: Misdreavus|spa|1\n|-boost|p1a: Misdreavus|spd|1\n|\n|upkeep\n|turn|8\n|inactive|Time left: 300 sec this turn | 300 sec total\n|\n|t:|1783568278\n|-terastallize|p1a: Misdreavus|Fairy\n|move|p2a: Incineroar|Knock Off|p1a: Misdreavus\n|-resisted|p1a: Misdreavus\n|-damage|p1a: Misdreavus|96/254\n|-enditem|p1a: Misdreavus|Eviolite|[from] move: Knock Off|[of] p2a: Incineroar\n|move|p1a: Misdreavus|Draining Kiss|p2a: Incineroar\n|-damage|p2a: Incineroar|63/100\n|-heal|p1a: Misdreavus|177/254|[from] drain|[of] p2a: Incineroar\n|\n|upkeep\n|turn|9\n|inactive|Time left: 300 sec this turn | 300 sec total\n|\n|t:|1783568279\n|switch|p2a: Mudsdale|Mudsdale, L83, F|4/100 brn\n|move|p1a: Misdreavus|Draining Kiss|p2a: Mudsdale\n|-crit|p2a: Mudsdale\n|-damage|p2a: Mudsdale|0 fnt\n|-heal|p1a: Misdreavus|185/254|[from] drain|[of] p2a: Mudsdale\n|faint|p2a: Mudsdale\n|\n|upkeep\n|\n|t:|1783568280\n|switch|p2a: Bruxish|Bruxish, L85, F|100/100\n|turn|10\n|inactive|Time left: 300 sec this turn | 300 sec total\n|\n|t:|1783568281\n|switch|p1a: Mesprit|Mesprit, L85|275/275\n|-damage|p1a: Mesprit|241/275|[from] Stealth Rock\n|move|p2a: Bruxish|Psychic Fangs|p1a: Mesprit\n|-resisted|p1a: Mesprit\n|-damage|p1a: Mesprit|139/275\n|\n|-heal|p1a: Mesprit|156/275|[from] item: Leftovers\n|upkeep\n|turn|11\n|inactive|Time left: 300 sec this turn | 300 sec total\n|\n|t:|1783568282\n|move|p2a: Bruxish|Psychic Fangs|p1a: Mesprit\n|-resisted|p1a: Mesprit\n|-damage|p1a: Mesprit|63/275\n|move|p1a: Mesprit|Knock Off|p2a: Bruxish\n|-supereffective|p2a: Bruxish\n|-damage|p2a: Bruxish|30/100\n|-enditem|p2a: Bruxish|Choice Band|[from] move: Knock Off|[of] p1a: Mesprit\n|\n|-heal|p1a: Mesprit|80/275|[from] item: Leftovers\n|upkeep\n|turn|12\n|inactive|Time left: 300 sec this turn | 300 sec total\n|\n|t:|1783568284\n|move|p2a: Bruxish|Crunch|p1a: Mesprit\n|-supereffective|p1a: Mesprit\n|-damage|p1a: Mesprit|0 fnt\n|faint|p1a: Mesprit\n|\n|upkeep\n|inactive|Time left: 300 sec this turn | 300 sec total | 5 sec grace\n|\n|t:|1783568285\n|switch|p1a: Lucario|Lucario, L84, M|255/255\n|-damage|p1a: Lucario|248/255|[from] Stealth Rock\n|turn|13\n|inactive|Time left: 300 sec this turn | 300 sec total\n|\n|t:|1783568286\n|move|p1a: Lucario|Extreme Speed|p2a: Bruxish\n|-damage|p2a: Bruxish|0 fnt\n|faint|p2a: Bruxish\n|-damage|p1a: Lucario|223/255|[from] item: Life Orb\n|\n|upkeep\n|\n|t:|1783568287\n|switch|p2a: Incineroar|Incineroar, L82, F|63/100\n|-ability|p2a: Incineroar|Intimidate|boost\n|-unboost|p1a: Lucario|atk|1\n|turn|14\n|inactive|Time left: 300 sec this turn | 300 sec total\n|\n|t:|1783568288\n|switch|p1a: Golem|Golem, L87, M|105/281\n|-damage|p1a: Golem|88/281|[from] Stealth Rock\n|move|p2a: Incineroar|Flare Blitz|p1a: Golem\n|-resisted|p1a: Golem\n|-damage|p1a: Golem|35/281\n|-damage|p2a: Incineroar|57/100|[from] Recoil\n|\n|upkeep\n|turn|15\n|inactive|Time left: 300 sec this turn | 300 sec total\n|-enditem|p1a: Golem|Custap Berry|[eat]\n|-activate|p1a: Golem|item: Custap Berry|[consumed]\n|\n|t:|1783568289\n|move|p1a: Golem|Earthquake|p2a: Incineroar\n|-supereffective|p2a: Incineroar\n|-damage|p2a: Incineroar|0 fnt\n|faint|p2a: Incineroar\n|\n|upkeep\n|\n|t:|1783568290\n|switch|p2a: Minun|Minun, L95, M|100/100\n|turn|16\n|inactive|Time left: 300 sec this turn | 300 sec total\n|\n|t:|1783568291\n|move|p2a: Minun|Alluring Voice|p1a: Golem\n|-damage|p1a: Golem|0 fnt\n|faint|p1a: Golem\n|-damage|p2a: Minun|91/100|[from] item: Life Orb\n|\n|upkeep\n|inactive|Time left: 300 sec this turn | 300 sec total | 5 sec grace\n|\n|t:|1783568292\n|switch|p1a: Sudowoodo|Sudowoodo, L94, F|284/284\n|-damage|p1a: Sudowoodo|249/284|[from] Stealth Rock\n|turn|17\n|inactive|Time left: 300 sec this turn | 300 sec total\n|\n|t:|1783568293\n|move|p2a: Minun|Thunderbolt|p1a: Sudowoodo\n|-damage|p1a: Sudowoodo|113/284\n|-damage|p2a: Minun|81/100|[from] item: Life Orb\n|move|p1a: Sudowoodo|Head Smash|p2a: Minun|[miss]\n|-miss|p1a: Sudowoodo|p2a: Minun\n|\n|upkeep\n|turn|18\n|inactive|Time left: 300 sec this turn | 300 sec total\n|\n|t:|1783568294\n|move|p2a: Minun|Thunderbolt|p1a: Sudowoodo\n|-damage|p1a: Sudowoodo|0 fnt\n|faint|p1a: Sudowoodo\n|-damage|p2a: Minun|71/100|[from] item: Life Orb\n|\n|upkeep\n|inactive|Time left: 300 sec this turn | 300 sec total | 5 sec grace\n|\n|t:|1783568295\n|switch|p1a: Mewtwo|Mewtwo, L72|272/272\n|-ability|p1a: Mewtwo|Unnerve\n|-damage|p1a: Mewtwo|238/272|[from] Stealth Rock\n|turn|19\n|inactive|Time left: 300 sec this turn | 300 sec total\n|\n|t:|1783568296\n|move|p2a: Minun|Thunderbolt|p1a: Mewtwo\n|-crit|p1a: Mewtwo\n|-damage|p1a: Mewtwo|20/272\n|-damage|p2a: Minun|62/100|[from] item: Life Orb\n|move|p1a: Mewtwo|Psystrike|p2a: Minun\n|-damage|p2a: Minun|0 fnt\n|faint|p2a: Minun\n|-damage|p1a: Mewtwo|0 fnt|[from] item: Life Orb\n|faint|p1a: Mewtwo\n|\n|upkeep\n|inactive|Time left: 300 sec this turn | 300 sec total | 5 sec grace\n|\n|t:|1783568297\n|switch|p2a: Coalossal|Coalossal, L89, F|100/100\n|switch|p1a: Misdreavus|Misdreavus, L90, F, tera:Fairy|185/254\n|-damage|p1a: Misdreavus|154/254|[from] Stealth Rock\n|turn|20\n|inactive|Time left: 300 sec this turn | 300 sec total\n|\n|t:|1783568298\n|move|p1a: Misdreavus|Shadow Ball|p2a: Coalossal\n|-damage|p2a: Coalossal|76/100\n|move|p2a: Coalossal|Stone Edge|p1a: Misdreavus\n|-crit|p1a: Misdreavus\n|-damage|p1a: Misdreavus|0 fnt\n|faint|p1a: Misdreavus\n|\n|upkeep\n|inactive|Time left: 300 sec this turn | 300 sec total | 5 sec grace\n|\n|t:|1783568299\n|switch|p1a: Lucario|Lucario, L84, M|223/255\n|-damage|p1a: Lucario|216/255|[from] Stealth Rock\n|turn|21\n|inactive|Time left: 300 sec this turn | 300 sec total\n|\n|t:|1783568299\n|-terastallize|p2a: Coalossal|Water\n|move|p1a: Lucario|Close Combat|p2a: Coalossal\n|-damage|p2a: Coalossal|33/100\n|-unboost|p1a: Lucario|def|1\n|-unboost|p1a: Lucario|spd|1\n|-status|p1a: Lucario|brn|[from] ability: Flame Body|[of] p2a: Coalossal\n|-damage|p1a: Lucario|191/255 brn|[from] item: Life Orb\n|move|p2a: Coalossal|Overheat|p1a: Lucario\n|-supereffective|p1a: Lucario\n|-damage|p1a: Lucario|0 fnt\n|-unboost|p2a: Coalossal|spa|2\n|faint|p1a: Lucario\n|\n|win|p0y24387096", "uploadtime": 1783568299, "views": 0, "rating": 0, "private": 0, "password": null, "_winner": "p0y24387096", "_our_name": "p0x2438ef5c"}