{"id": "battle-gen9randombattle-2197", "formatid": "gen9randombattle", "format": "[Gen 9] Random Battle", "players": ["p0x2197c01e", "p0y2197d835"], "log": "|init|battle\n|title|p0x2197c01e vs. p0y2197d835\n|j|\u2606p0x2197c01e\n|j|\u2606p0y2197d835\n|t:|1783565462\n|gametype|singles\n|player|p1|p0x2197c01e|266|\n|player|p2|p0y2197d835|2|\n|gen|9\n|tier|[Gen 9] Random Battle\n|rule|Species Clause: Limit one of each Pok\u00e9mon\n|rule|HP Percentage Mod: HP is shown in percentages\n|rule|Sleep Clause Mod: Limit one foe put to sleep\n|rule|Illusion Level Mod: Illusion disguises the Pok\u00e9mon's true level\n|\n|t:|1783565462\n|teamsize|p1|6\n|teamsize|p2|6\n|start\n|switch|p1a: Sceptile|Sceptile, L87, M|264/264\n|switch|p2a: Toxtricity|Toxtricity, L82, M|100/100\n|turn|1\n|inactive|Battle timer is ON: inactive players will automatically lose when time's up. (requested by p0x2197c01e)\n|inactive|p0y2197d835 also wants the timer to be on.\n|\n|t:|1783565463\n|switch|p2a: Arboliva|Arboliva, L91, M|100/100\n|move|p1a: Sceptile|Earthquake|p2a: Arboliva\n|-resisted|p2a: Arboliva\n|-damage|p2a: Arboliva|88/100\n|-fieldstart|move: Grassy Terrain|[from] ability: Seed Sower|[of] p2a: Arboliva\n|-damage|p1a: Sceptile|238/264|[from] item: Life Orb\n|\n|-heal|p1a: Sceptile|254/264|[from] Grassy Terrain\n|-heal|p2a: Arboliva|94/100|[from] Grassy Terrain\n|-heal|p2a: Arboliva|100/100|[from] item: Leftovers\n|upkeep\n|turn|2\n|inactive|Time left: 300 sec this turn | 300 sec total\n|\n|t:|1783565464\n|move|p1a: Sceptile|Giga Drain|p2a: Arboliva\n|-resisted|p2a: Arboliva\n|-damage|p2a: Arboliva|79/100\n|-heal|p1a: Sceptile|264/264|[from] drain|[of] p2a: Arboliva\n|-damage|p1a: Sceptile|238/264|[from] item: Life Orb\n|move|p2a: Arboliva|Hyper Voice|p1a: Sceptile\n|-damage|p1a: Sceptile|97/264\n|\n|-heal|p1a: Sceptile|113/264|[from] Grassy Terrain\n|-heal|p2a: Arboliva|85/100|[from] Grassy Terrain\n|-heal|p2a: Arboliva|92/100|[from] item: Leftovers\n|upkeep\n|turn|3\n|inactive|Time left: 300 sec this turn | 300 sec total\n|\n|t:|1783565465\n|move|p1a: Sceptile|Focus Blast|p2a: Arboliva\n|-supereffective|p2a: Arboliva\n|-damage|p2a: Arboliva|25/100\n|-damage|p1a: Sceptile|87/264|[from] item: Life Orb\n|move|p2a: Arboliva|Hyper Voice|p1a: Sceptile\n|-damage|p1a: Sceptile|0 fnt\n|faint|p1a: Sceptile\n|\n|-heal|p2a: Arboliva|32/100|[from] Grassy Terrain\n|-heal|p2a: Arboliva|38/100|[from] item: Leftovers\n|upkeep\n|inactive|Time left: 300 sec this turn | 300 sec total | 5 sec grace\n|\n|t:|1783565466\n|switch|p1a: Mesprit|Mesprit, L85|275/275\n|turn|4\n|inactive|Time left: 300 sec this turn | 300 sec total\n|\n|t:|1783565468\n|move|p1a: Mesprit|Psychic|p2a: Arboliva\n|-damage|p2a: Arboliva|0 fnt\n|faint|p2a: Arboliva\n|\n|upkeep\n|\n|t:|1783565469\n|switch|p2a: Roaring Moon|Roaring Moon, L72|100/100\n|turn|5\n|inactive|Time left: 300 sec this turn | 300 sec total\n|\n|t:|1783565470\n|switch|p1a: Groudon|Groudon, L72|263/263\n|-weather|SunnyDay|[from] ability: Drought|[of] p1a: Groudon\n|-activate|p2a: Roaring Moon|ability: Protosynthesis\n|-start|p2a: Roaring Moon|protosynthesisatk\n|move|p2a: Roaring Moon|Dragon Dance|p2a: Roaring Moon\n|-boost|p2a: Roaring Moon|atk|1\n|-boost|p2a: Roaring Moon|spe|1\n|\n|-weather|SunnyDay|[upkeep]\n|-fieldend|move: Grassy Terrain\n|upkeep\n|turn|6\n|inactive|Time left: 300 sec this turn | 300 sec total\n|\n|t:|1783565471\n|-terastallize|p2a: Roaring Moon|Dragon\n|move|p2a: Roaring Moon|Outrage|p1a: Groudon\n|-damage|p1a: Groudon|1/263\n|move|p1a: Groudon|Precipice Blades|p2a: Roaring Moon\n|-damage|p2a: Roaring Moon|33/100\n|\n|-weather|SunnyDay|[upkeep]\n|-heal|p1a: Groudon|17/263|[from] item: Leftovers\n|upkeep\n|turn|7\n|inactive|Time left: 300 sec this turn | 300 sec total\n|\n|t:|1783565472\n|move|p2a: Roaring Moon|Outrage|p1a: Groudon|[from] lockedmove\n|-damage|p1a: Groudon|0 fnt\n|faint|p1a: Groudon\n|-start|p2a: Roaring Moon|confusion|[fatigue]\n|-enditem|p2a: Roaring Moon|Lum Berry|[eat]\n|-end|p2a: Roaring Moon|confusion\n|\n|-weather|SunnyDay|[upkeep]\n|upkeep\n|inactive|Time left: 300 sec this turn | 300 sec total | 5 sec grace\n|\n|t:|1783565473\n|switch|p1a: Mesprit|Mesprit, L85|275/275\n|turn|8\n|inactive|Time left: 300 sec this turn | 300 sec total\n|\n|t:|1783565474\n|-terastallize|p1a: Mesprit|Fairy\n|move|p2a: Roaring Moon|Knock Off|p1a: Mesprit\n|-resisted|p1a: Mesprit\n|-damage|p1a: Mesprit|194/275\n|-enditem|p1a: Mesprit|Choice Specs|[from] move: Knock Off|[of] p2a: Roaring Moon\n|move|p1a: Mesprit|Psychic|p2a: Roaring Moon\n|-damage|p2a: Roaring Moon|0 fnt\n|faint|p2a: Roaring Moon\n|-end|p2a: Roaring Moon|Protosynthesis|[silent]\n|\n|-weather|SunnyDay|[upkeep]\n|upkeep\n|\n|t:|1783565475\n|switch|p2a: Porygon-Z|Porygon-Z, L83|100/100\n|turn|9\n|inactive|Time left: 300 sec this turn | 300 sec total\n|\n|t:|1783565477\n|switch|p1a: Tyranitar|Tyranitar, L78, M|284/284\n|-weather|Sandstorm|[from] ability: Sand Stream|[of] p1a: Tyranitar\n|move|p2a: Porygon-Z|Nasty Plot|p2a: Porygon-Z\n|-boost|p2a: Porygon-Z|spa|2\n|\n|-weather|Sandstorm|[upkeep]\n|-damage|p2a: Porygon-Z|94/100|[from] Sandstorm\n|upkeep\n|turn|10\n|inactive|Time left: 300 sec this turn | 300 sec total\n|\n|t:|1783565478\n|move|p2a: Porygon-Z|Tera Blast|p1a: Tyranitar\n|-resisted|p1a: Tyranitar\n|-damage|p1a: Tyranitar|154/284\n|-damage|p2a: Porygon-Z|85/100|[from] item: Life Orb\n|move|p1a: Tyranitar|Knock Off|p2a: Porygon-Z\n|-damage|p2a: Porygon-Z|32/100\n|-enditem|p2a: Porygon-Z|Life Orb|[from] move: Knock Off|[of] p1a: Tyranitar\n|\n|-weather|Sandstorm|[upkeep]\n|-damage|p2a: Porygon-Z|25/100|[from] Sandstorm\n|-heal|p1a: Tyranitar|171/284|[from] item: Leftovers\n|upkeep\n|turn|11\n|inactive|Time left: 300 sec this turn | 300 sec total\n|\n|t:|1783565479\n|move|p2a: Porygon-Z|Tera Blast|p1a: Tyranitar\n|-resisted|p1a: Tyranitar\n|-damage|p1a: Tyranitar|71/284\n|move|p1a: Tyranitar|Knock Off|p2a: Porygon-Z\n|-damage|p2a: Porygon-Z|0 fnt\n|faint|p2a: Porygon-Z\n|\n|-weather|Sandstorm|[upkeep]\n|-heal|p1a: Tyranitar|88/284|[from] item: Leftovers\n|upkeep\n|\n|t:|1783565480\n|switch|p2a: Toxtricity|Toxtricity, L82, M|100/100\n|turn|12\n|inactive|Time left: 300 sec this turn | 300 sec total\n|\n|t:|1783565481\n|move|p2a: Toxtricity|Overdrive|p1a: Tyranitar\n|-damage|p1a: Tyranitar|6/284\n|-enditem|p2a: Toxtricity|Throat Spray\n|-boost|p2a: Toxtricity|spa|1|[from] item: Throat Spray\n|move|p1a: Tyranitar|Knock Off|p2a: Toxtricity\n|-damage|p2a: Toxtricity|63/100\n|\n|-weather|Sandstorm|[upkeep]\n|-damage|p2a: Toxtricity|57/100|[from] Sandstorm\n|-heal|p1a: Tyranitar|23/284|[from] item: Leftovers\n|upkeep\n|turn|13\n|inactive|Time left: 300 sec this turn | 300 sec total\n|\n|t:|1783565483\n|move|p2a: Toxtricity|Shift Gear|p2a: Toxtricity\n|-boost|p2a: Toxtricity|spe|2\n|-boost|p2a: Toxtricity|atk|1\n|move|p1a: Tyranitar|Stone Edge|p2a: Toxtricity\n|-damage|p2a: Toxtricity|1/100\n|\n|-weather|none\n|-heal|p1a: Tyranitar|40/284|[from] item: Leftovers\n|upkeep\n|turn|14\n|inactive|Time left: 300 sec this turn | 300 sec total\n|\n|t:|1783565484\n|move|p2a: Toxtricity|Boomburst|p1a: Tyranitar\n|-resisted|p1a: Tyranitar\n|-damage|p1a: Tyranitar|0 fnt\n|faint|p1a: Tyranitar\n|\n|upkeep\n|inactive|Time left: 300 sec this turn | 300 sec total | 5 sec grace\n|\n|t:|1783565485\n|switch|p1a: Dudunsparce|Dudunsparce-Three-Segment, L83, F|343/343\n|turn|15\n|inactive|Time left: 300 sec this turn | 300 sec total\n|\n|t:|1783565486\n|move|p2a: Toxtricity|Boomburst|p1a: Dudunsparce\n|-damage|p1a: Dudunsparce|117/343\n|move|p1a: Dudunsparce|Earthquake|p2a: Toxtricity\n|-supereffective|p2a: Toxtricity\n|-damage|p2a: Toxtricity|0 fnt\n|faint|p2a: Toxtricity\n|\n|-heal|p1a: Dudunsparce|138/343|[from] item: Leftovers\n|upkeep\n|\n|t:|1783565487\n|switch|p2a: Slither Wing|Slither Wing, L81|100/100\n|turn|16\n|inactive|Time left: 300 sec this turn | 300 sec total\n|\n|t:|1783565487\n|switch|p1a: Mesprit|Mesprit, L85, tera:Fairy|194/275\n|move|p2a: Slither Wing|First Impression|p1a: Mesprit\n|-resisted|p1a: Mesprit\n|-damage|p1a: Mesprit|130/275\n|-damage|p2a: Slither Wing|90/100|[from] item: Life Orb\n|\n|upkeep\n|turn|17\n|inactive|Time left: 300 sec this turn | 300 sec total\n|\n|t:|1783565489\n|move|p1a: Mesprit|Psychic|p2a: Slither Wing\n|-supereffective|p2a: Slither Wing\n|-damage|p2a: Slither Wing|15/100\n|move|p2a: Slither Wing|Close Combat|p1a: Mesprit\n|-resisted|p1a: Mesprit\n|-damage|p1a: Mesprit|44/275\n|-unboost|p2a: Slither Wing|def|1\n|-unboost|p2a: Slither Wing|spd|1\n|-damage|p2a: Slither Wing|5/100|[from] item: Life Orb\n|\n|upkeep\n|turn|18\n|inactive|Time left: 300 sec this turn | 300 sec total\n|\n|t:|1783565490\n|move|p1a: Mesprit|U-turn|p2a: Slither Wing\n|-resisted|p2a: Slither Wing\n|-damage|p2a: Slither Wing|0 fnt\n|faint|p2a: Slither Wing\n|-end|p2a: Slither Wing|Protosynthesis|[silent]\n|inactive|Time left: 300 sec this turn | 300 sec total | 5 sec grace\n|\n|t:|1783565491\n|switch|p1a: Dudunsparce|Dudunsparce-Three-Segment, L83, F|138/343|[from] U-turn\n|\n|-heal|p1a: Dudunsparce|159/343|[from] item: Leftovers\n|upkeep\n|\n|t:|1783565492\n|switch|p2a: Garchomp|Garchomp, L74, M|100/100\n|turn|19\n|inactive|Time left: 300 sec this turn | 300 sec total\n|\n|t:|1783565493\n|switch|p1a: Flamigo|Flamigo, L82, M|269/269\n|move|p2a: Garchomp|Swords Dance|p2a: Garchomp\n|-boost|p2a: Garchomp|atk|2\n|\n|upkeep\n|turn|20\n|inactive|Time left: 300 sec this turn | 300 sec total\n|\n|t:|1783565494\n|switch|p1a: Dudunsparce|Dudunsparce-Three-Segment, L83, F|159/343\n|move|p2a: Garchomp|Scale Shot|p1a: Dudunsparce|[miss]\n|-miss|p2a: Garchomp|p1a: Dudunsparce\n|\n|-heal|p1a: Dudunsparce|180/343|[from] item: Leftovers\n|upkeep\n|turn|21\n|inactive|Time left: 300 sec this turn | 300 sec total\n|\n|t:|1783565495\n|move|p2a: Garchomp|Earthquake|p1a: Dudunsparce\n|-damage|p1a: Dudunsparce|0 fnt\n|faint|p1a: Dudunsparce\n|\n|upkeep\n|inactive|Time left: 300 sec this turn | 300 sec total | 5 sec grace\n|\n|t:|1783565496\n|switch|p1a: Flamigo|Flamigo, L82, M|269/269\n|turn|22\n|inactive|Time left: 300 sec this turn | 300 sec total\n|\n|t:|1783565496\n|switch|p1a: Mesprit|Mesprit, L85, tera:Fairy|44/275\n|move|p2a: Garchomp|Scale Shot|p1a: Mesprit\n|-immune|p1a: Mesprit\n|\n|upkeep\n|turn|23\n|inactive|Time left: 300 sec this turn | 300 sec total\n|\n|t:|1783565497\n|switch|p1a: Flamigo|Flamigo, L82, M|269/269\n|move|p2a: Garchomp|Stone Edge|p1a: Flamigo\n|-damage|p1a: Flamigo|106/269\n|\n|upkeep\n|turn|24\n|inactive|Time left: 300 sec this turn | 300 sec total\n|\n|t:|1783565498\n|move|p1a: Flamigo|Close Combat|p2a: Garchomp\n|-damage|p2a: Garchomp|37/100\n|-unboost|p1a: Flamigo|def|1\n|-unboost|p1a: Flamigo|spd|1\n|-damage|p1a: Flamigo|73/269|[from] ability: Rough Skin|[of] p2a: Garchomp\n|-damage|p1a: Flamigo|47/269|[from] item: Life Orb\n|move|p2a: Garchomp|Scale Shot|p1a: Flamigo\n|-damage|p1a: Flamigo|0 fnt\n|faint|p1a: Flamigo\n|-hitcount|p1: Flamigo|1\n|-unboost|p2a: Garchomp|def|1\n|-boost|p2a: Garchomp|spe|1\n|\n|upkeep\n|inactive|Time left: 300 sec this turn | 300 sec total | 5 sec grace\n|\n|t:|1783565499\n|switch|p1a: Mesprit|Mesprit, L85, tera:Fairy|44/275\n|turn|25\n|inactive|Time left: 300 sec this turn | 300 sec total\n|\n|t:|1783565500\n|move|p2a: Garchomp|Stone Edge|p1a: Mesprit\n|-damage|p1a: Mesprit|0 fnt\n|faint|p1a: Mesprit\n|\n|win|p0y2197d835", "uploadtime": 1783565500, "views": 0, "rating": 0, "private": 0, "password": null, "_winner": "p0y2197d835", "_our_name": "p0x2197c01e"}