{"id": "battle-gen9randombattle-1754", "formatid": "gen9randombattle", "format": "[Gen 9] Random Battle", "players": ["p0x1754f7cd", "p0y1754eb41"], "log": "|init|battle\n|title|p0x1754f7cd vs. p0y1754eb41\n|j|\u2606p0x1754f7cd\n|j|\u2606p0y1754eb41\n|t:|1783559570\n|gametype|singles\n|player|p1|p0x1754f7cd|265|\n|player|p2|p0y1754eb41|266|\n|gen|9\n|tier|[Gen 9] Random Battle\n|rule|Species Clause: Limit one of each Pok\u00e9mon\n|rule|HP Percentage Mod: HP is shown in percentages\n|rule|Sleep Clause Mod: Limit one foe put to sleep\n|rule|Illusion Level Mod: Illusion disguises the Pok\u00e9mon's true level\n|\n|t:|1783559570\n|teamsize|p1|6\n|teamsize|p2|6\n|start\n|switch|p1a: Barraskewda|Barraskewda, L81, F|231/231\n|switch|p2a: Toucannon|Toucannon, L88, M|100/100\n|turn|1\n|inactive|Battle timer is ON: inactive players will automatically lose when time's up. (requested by p0x1754f7cd)\n|inactive|p0y1754eb41 also wants the timer to be on.\n|\n|t:|1783559572\n|move|p1a: Barraskewda|Flip Turn|p2a: Toucannon\n|-damage|p2a: Toucannon|57/100\n|inactive|Time left: 300 sec this turn | 300 sec total | 65 sec grace\n|\n|t:|1783559573\n|switch|p1a: Greedent|Greedent, L86, M|347/347|[from] Flip Turn\n|move|p2a: Toucannon|Bullet Seed|p1a: Greedent\n|-damage|p1a: Greedent|326/347\n|-damage|p1a: Greedent|304/347\n|-damage|p1a: Greedent|282/347\n|-damage|p1a: Greedent|261/347\n|-damage|p1a: Greedent|240/347\n|-hitcount|p1a: Greedent|5\n|\n|upkeep\n|turn|2\n|inactive|Time left: 300 sec this turn | 300 sec total\n|\n|t:|1783559575\n|move|p2a: Toucannon|Roost|p2a: Toucannon\n|-heal|p2a: Toucannon|100/100\n|-singleturn|p2a: Toucannon|move: Roost\n|move|p1a: Greedent|Swords Dance|p1a: Greedent\n|-boost|p1a: Greedent|atk|2\n|\n|upkeep\n|turn|3\n|inactive|Time left: 300 sec this turn | 300 sec total\n|\n|t:|1783559575\n|move|p2a: Toucannon|Boomburst|p1a: Greedent\n|-damage|p1a: Greedent|96/347\n|-enditem|p1a: Greedent|Sitrus Berry|[eat]\n|-heal|p1a: Greedent|182/347|[from] item: Sitrus Berry\n|-heal|p1a: Greedent|297/347|[from] ability: Cheek Pouch\n|move|p1a: Greedent|Body Slam|p2a: Toucannon\n|-damage|p2a: Toucannon|27/100\n|\n|upkeep\n|turn|4\n|inactive|Time left: 300 sec this turn | 300 sec total\n|\n|t:|1783559576\n|move|p2a: Toucannon|Boomburst|p1a: Greedent\n|-damage|p1a: Greedent|143/347\n|move|p1a: Greedent|Knock Off|p2a: Toucannon\n|-damage|p2a: Toucannon|0 fnt\n|-enditem|p2a: Toucannon|Heavy-Duty Boots|[from] move: Knock Off|[of] p1a: Greedent\n|faint|p2a: Toucannon\n|\n|upkeep\n|\n|t:|1783559577\n|switch|p2a: Rampardos|Rampardos, L90, M|100/100\n|turn|5\n|inactive|Time left: 300 sec this turn | 300 sec total\n|\n|t:|1783559578\n|move|p2a: Rampardos|Zen Headbutt|p1a: Greedent\n|-damage|p1a: Greedent|0 fnt\n|faint|p1a: Greedent\n|\n|upkeep\n|inactive|Time left: 300 sec this turn | 300 sec total | 5 sec grace\n|\n|t:|1783559579\n|switch|p1a: Barraskewda|Barraskewda, L81, F|231/231\n|turn|6\n|inactive|Time left: 300 sec this turn | 300 sec total\n|\n|t:|1783559580\n|switch|p2a: Mesprit|Mesprit, L85|100/100\n|move|p1a: Barraskewda|Waterfall|p2a: Mesprit\n|-damage|p2a: Mesprit|55/100\n|\n|-heal|p2a: Mesprit|62/100|[from] item: Leftovers\n|upkeep\n|turn|7\n|inactive|Time left: 300 sec this turn | 300 sec total\n|\n|t:|1783559581\n|move|p1a: Barraskewda|Waterfall|p2a: Mesprit\n|-damage|p2a: Mesprit|18/100\n|cant|p2a: Mesprit|flinch\n|\n|-heal|p2a: Mesprit|24/100|[from] item: Leftovers\n|upkeep\n|turn|8\n|inactive|Time left: 300 sec this turn | 300 sec total\n|\n|t:|1783559583\n|switch|p2a: Hydreigon|Hydreigon, L79, M|100/100\n|move|p1a: Barraskewda|Waterfall|p2a: Hydreigon\n|-resisted|p2a: Hydreigon\n|-damage|p2a: Hydreigon|72/100\n|\n|upkeep\n|turn|9\n|inactive|Time left: 300 sec this turn | 300 sec total\n|\n|t:|1783559584\n|move|p1a: Barraskewda|Waterfall|p2a: Hydreigon\n|-resisted|p2a: Hydreigon\n|-damage|p2a: Hydreigon|44/100\n|move|p2a: Hydreigon|Draco Meteor|p1a: Barraskewda\n|-damage|p1a: Barraskewda|0 fnt\n|-unboost|p2a: Hydreigon|spa|2\n|faint|p1a: Barraskewda\n|\n|upkeep\n|inactive|Time left: 300 sec this turn | 300 sec total | 5 sec grace\n|\n|t:|1783559585\n|switch|p1a: Jolteon|Jolteon, L84, F|246/246\n|turn|10\n|inactive|Time left: 300 sec this turn | 300 sec total\n|\n|t:|1783559586\n|switch|p2a: Rampardos|Rampardos, L90, M|100/100\n|move|p1a: Jolteon|Thunderbolt|p2a: Rampardos\n|-damage|p2a: Rampardos|32/100\n|\n|upkeep\n|turn|11\n|inactive|Time left: 300 sec this turn | 300 sec total\n|\n|t:|1783559587\n|switch|p2a: Hydreigon|Hydreigon, L79, M|44/100\n|move|p1a: Jolteon|Thunderbolt|p2a: Hydreigon\n|-resisted|p2a: Hydreigon\n|-damage|p2a: Hydreigon|16/100\n|\n|upkeep\n|turn|12\n|inactive|Time left: 300 sec this turn | 300 sec total\n|\n|t:|1783559588\n|switch|p2a: Magmortar|Magmortar, L88, M|100/100\n|move|p1a: Jolteon|Thunderbolt|p2a: Magmortar\n|-damage|p2a: Magmortar|50/100\n|-status|p2a: Magmortar|par\n|\n|upkeep\n|turn|13\n|inactive|Time left: 300 sec this turn | 300 sec total\n|\n|t:|1783559589\n|move|p1a: Jolteon|Thunderbolt|p2a: Magmortar\n|-damage|p2a: Magmortar|0 fnt\n|faint|p2a: Magmortar\n|\n|upkeep\n|\n|t:|1783559590\n|switch|p2a: Sableye|Sableye, L88, M|100/100\n|turn|14\n|inactive|Time left: 300 sec this turn | 300 sec total\n|\n|t:|1783559591\n|move|p1a: Jolteon|Thunderbolt|p2a: Sableye\n|-damage|p2a: Sableye|15/100\n|move|p2a: Sableye|Knock Off|p1a: Jolteon\n|-damage|p1a: Jolteon|131/246\n|-enditem|p1a: Jolteon|Choice Specs|[from] move: Knock Off|[of] p2a: Sableye\n|\n|-heal|p2a: Sableye|21/100|[from] item: Leftovers\n|upkeep\n|turn|15\n|inactive|Time left: 300 sec this turn | 300 sec total\n|\n|t:|1783559592\n|move|p2a: Sableye|Recover|p2a: Sableye\n|-heal|p2a: Sableye|71/100\n|move|p1a: Jolteon|Thunderbolt|p2a: Sableye\n|-damage|p2a: Sableye|15/100\n|\n|-heal|p2a: Sableye|21/100|[from] item: Leftovers\n|upkeep\n|turn|16\n|inactive|Time left: 300 sec this turn | 300 sec total\n|\n|t:|1783559592\n|move|p2a: Sableye|Recover|p2a: Sableye\n|-heal|p2a: Sableye|71/100\n|move|p1a: Jolteon|Thunderbolt|p2a: Sableye\n|-damage|p2a: Sableye|17/100\n|\n|-heal|p2a: Sableye|23/100|[from] item: Leftovers\n|upkeep\n|turn|17\n|inactive|Time left: 300 sec this turn | 300 sec total\n|\n|t:|1783559593\n|move|p2a: Sableye|Recover|p2a: Sableye\n|-heal|p2a: Sableye|73/100\n|move|p1a: Jolteon|Thunderbolt|p2a: Sableye\n|-crit|p2a: Sableye\n|-damage|p2a: Sableye|0 fnt\n|faint|p2a: Sableye\n|\n|upkeep\n|\n|t:|1783559594\n|switch|p2a: Mesprit|Mesprit, L85|24/100\n|turn|18\n|inactive|Time left: 300 sec this turn | 300 sec total\n|\n|t:|1783559595\n|switch|p2a: Hydreigon|Hydreigon, L79, M|16/100\n|move|p1a: Jolteon|Thunderbolt|p2a: Hydreigon\n|-resisted|p2a: Hydreigon\n|-damage|p2a: Hydreigon|0 fnt\n|faint|p2a: Hydreigon\n|\n|upkeep\n|\n|t:|1783559596\n|switch|p2a: Rampardos|Rampardos, L90, M|32/100\n|turn|19\n|inactive|Time left: 300 sec this turn | 300 sec total\n|\n|t:|1783559597\n|move|p1a: Jolteon|Thunderbolt|p2a: Rampardos\n|-damage|p2a: Rampardos|0 fnt\n|faint|p2a: Rampardos\n|\n|upkeep\n|\n|t:|1783559597\n|switch|p2a: Mesprit|Mesprit, L85|24/100\n|turn|20\n|inactive|Time left: 300 sec this turn | 300 sec total\n|\n|t:|1783559598\n|-terastallize|p2a: Mesprit|Steel\n|move|p1a: Jolteon|Volt Switch|p2a: Mesprit\n|-damage|p2a: Mesprit|0 fnt\n|faint|p2a: Mesprit\n|\n|win|p0x1754f7cd", "uploadtime": 1783559598, "views": 0, "rating": 0, "private": 0, "password": null, "_winner": "p0x1754f7cd", "_our_name": "p0x1754f7cd"}