{"id": "battle-gen9randombattle-2473", "formatid": "gen9randombattle", "format": "[Gen 9] Random Battle", "players": ["p0x2473912b", "p0y24734a5a"], "log": "|init|battle\n|title|p0x2473912b vs. p0y24734a5a\n|j|\u2606p0x2473912b\n|j|\u2606p0y24734a5a\n|t:|1783567710\n|gametype|singles\n|player|p1|p0x2473912b|1|\n|player|p2|p0y24734a5a|265|\n|gen|9\n|tier|[Gen 9] Random Battle\n|rule|Species Clause: Limit one of each Pok\u00e9mon\n|rule|HP Percentage Mod: HP is shown in percentages\n|rule|Sleep Clause Mod: Limit one foe put to sleep\n|rule|Illusion Level Mod: Illusion disguises the Pok\u00e9mon's true level\n|\n|t:|1783567710\n|teamsize|p1|6\n|teamsize|p2|6\n|start\n|switch|p1a: Lapras|Lapras, L87, M|367/367\n|switch|p2a: Cloyster|Cloyster, L80, M|100/100\n|turn|1\n|inactive|Battle timer is ON: inactive players will automatically lose when time's up. (requested by p0x2473912b)\n|inactive|p0y24734a5a also wants the timer to be on.\n|\n|t:|1783567711\n|move|p2a: Cloyster|Shell Smash|p2a: Cloyster\n|-unboost|p2a: Cloyster|def|1\n|-unboost|p2a: Cloyster|spd|1\n|-boost|p2a: Cloyster|atk|2\n|-boost|p2a: Cloyster|spa|2\n|-boost|p2a: Cloyster|spe|2\n|-enditem|p2a: Cloyster|White Herb\n|-clearnegativeboost|p2a: Cloyster|[silent]\n|move|p1a: Lapras|Sparkling Aria|p2a: Cloyster\n|-resisted|p2a: Cloyster\n|-damage|p2a: Cloyster|46/100\n|\n|upkeep\n|turn|2\n|inactive|Time left: 300 sec this turn | 300 sec total\n|\n|t:|1783567712\n|move|p2a: Cloyster|Rock Blast|p1a: Lapras\n|-supereffective|p1a: Lapras\n|-damage|p1a: Lapras|301/367\n|-supereffective|p1a: Lapras\n|-damage|p1a: Lapras|233/367\n|-supereffective|p1a: Lapras\n|-damage|p1a: Lapras|169/367\n|-supereffective|p1a: Lapras\n|-damage|p1a: Lapras|101/367\n|-supereffective|p1a: Lapras\n|-damage|p1a: Lapras|29/367\n|-hitcount|p1a: Lapras|5\n|move|p1a: Lapras|Sparkling Aria|p2a: Cloyster\n|-resisted|p2a: Cloyster\n|-damage|p2a: Cloyster|0 fnt\n|faint|p2a: Cloyster\n|\n|upkeep\n|\n|t:|1783567713\n|switch|p2a: Grumpig|Grumpig, L92, F|100/100\n|turn|3\n|inactive|Time left: 300 sec this turn | 300 sec total\n|\n|t:|1783567715\n|switch|p1a: Ting-Lu|Ting-Lu, L78|370/370\n|-ability|p1a: Ting-Lu|Vessel of Ruin\n|move|p2a: Grumpig|Nasty Plot|p2a: Grumpig\n|-boost|p2a: Grumpig|spa|2\n|\n|upkeep\n|turn|4\n|inactive|Time left: 300 sec this turn | 300 sec total\n|\n|t:|1783567715\n|move|p2a: Grumpig|Focus Blast|p1a: Ting-Lu\n|-supereffective|p1a: Ting-Lu\n|-damage|p1a: Ting-Lu|56/370\n|move|p1a: Ting-Lu|Payback|p2a: Grumpig\n|-supereffective|p2a: Grumpig\n|-damage|p2a: Grumpig|19/100\n|\n|-heal|p2a: Grumpig|25/100|[from] item: Leftovers\n|-heal|p1a: Ting-Lu|79/370|[from] item: Leftovers\n|upkeep\n|turn|5\n|inactive|Time left: 300 sec this turn | 300 sec total\n|\n|t:|1783567717\n|move|p2a: Grumpig|Focus Blast|p1a: Ting-Lu\n|-supereffective|p1a: Ting-Lu\n|-damage|p1a: Ting-Lu|0 fnt\n|faint|p1a: Ting-Lu\n|\n|-heal|p2a: Grumpig|31/100|[from] item: Leftovers\n|upkeep\n|inactive|Time left: 300 sec this turn | 300 sec total | 5 sec grace\n|\n|t:|1783567718\n|switch|p1a: Mewtwo|Mewtwo, L72|272/272\n|-ability|p1a: Mewtwo|Pressure\n|turn|6\n|inactive|Time left: 300 sec this turn | 300 sec total\n|\n|t:|1783567719\n|move|p1a: Mewtwo|Dark Pulse|p2a: Grumpig\n|-supereffective|p2a: Grumpig\n|-damage|p2a: Grumpig|0 fnt\n|faint|p2a: Grumpig\n|-damage|p1a: Mewtwo|245/272|[from] item: Life Orb\n|\n|upkeep\n|\n|t:|1783567720\n|switch|p2a: Spectrier|Spectrier, L75|100/100\n|turn|7\n|inactive|Time left: 300 sec this turn | 300 sec total\n|\n|t:|1783567721\n|switch|p1a: Crabominable|Crabominable, L90, F|321/321\n|move|p2a: Spectrier|Shadow Ball|p1a: Crabominable\n|-damage|p1a: Crabominable|234/321\n|-damage|p2a: Spectrier|91/100|[from] item: Life Orb\n|\n|upkeep\n|turn|8\n|inactive|Time left: 300 sec this turn | 300 sec total\n|\n|t:|1783567722\n|switch|p2a: Pecharunt|Pecharunt, L77|100/100\n|move|p1a: Crabominable|Knock Off|p2a: Pecharunt\n|-supereffective|p2a: Pecharunt\n|-damage|p2a: Pecharunt|51/100\n|-damage|p1a: Crabominable|181/321|[from] item: Rocky Helmet|[of] p2a: Pecharunt\n|-enditem|p2a: Pecharunt|Rocky Helmet|[from] move: Knock Off|[of] p1a: Crabominable\n|\n|upkeep\n|turn|9\n|inactive|Time left: 300 sec this turn | 300 sec total\n|\n|t:|1783567723\n|move|p2a: Pecharunt|Recover|p2a: Pecharunt\n|-heal|p2a: Pecharunt|100/100\n|move|p1a: Crabominable|Earthquake|p2a: Pecharunt\n|-supereffective|p2a: Pecharunt\n|-damage|p2a: Pecharunt|49/100\n|\n|upkeep\n|turn|10\n|inactive|Time left: 300 sec this turn | 300 sec total\n|\n|t:|1783567724\n|move|p2a: Pecharunt|Recover|p2a: Pecharunt\n|-heal|p2a: Pecharunt|99/100\n|move|p1a: Crabominable|Earthquake|p2a: Pecharunt\n|-supereffective|p2a: Pecharunt\n|-damage|p2a: Pecharunt|44/100\n|\n|upkeep\n|turn|11\n|inactive|Time left: 300 sec this turn | 300 sec total\n|\n|t:|1783567726\n|move|p2a: Pecharunt|Recover|p2a: Pecharunt\n|-heal|p2a: Pecharunt|94/100\n|move|p1a: Crabominable|Earthquake|p2a: Pecharunt\n|-supereffective|p2a: Pecharunt\n|-damage|p2a: Pecharunt|44/100\n|\n|upkeep\n|turn|12\n|inactive|Time left: 300 sec this turn | 300 sec total\n|\n|t:|1783567727\n|move|p2a: Pecharunt|Recover|p2a: Pecharunt\n|-heal|p2a: Pecharunt|94/100\n|move|p1a: Crabominable|Earthquake|p2a: Pecharunt\n|-supereffective|p2a: Pecharunt\n|-damage|p2a: Pecharunt|41/100\n|\n|upkeep\n|turn|13\n|inactive|Time left: 300 sec this turn | 300 sec total\n|\n|t:|1783567728\n|move|p2a: Pecharunt|Recover|p2a: Pecharunt\n|-heal|p2a: Pecharunt|91/100\n|move|p1a: Crabominable|Earthquake|p2a: Pecharunt\n|-supereffective|p2a: Pecharunt\n|-damage|p2a: Pecharunt|36/100\n|\n|upkeep\n|turn|14\n|inactive|Time left: 300 sec this turn | 300 sec total\n|\n|t:|1783567729\n|move|p2a: Pecharunt|Recover|p2a: Pecharunt\n|-heal|p2a: Pecharunt|86/100\n|move|p1a: Crabominable|Earthquake|p2a: Pecharunt\n|-supereffective|p2a: Pecharunt\n|-damage|p2a: Pecharunt|33/100\n|\n|upkeep\n|turn|15\n|inactive|Time left: 300 sec this turn | 300 sec total\n|\n|t:|1783567730\n|move|p2a: Pecharunt|Recover|p2a: Pecharunt\n|-heal|p2a: Pecharunt|83/100\n|move|p1a: Crabominable|Earthquake|p2a: Pecharunt\n|-supereffective|p2a: Pecharunt\n|-damage|p2a: Pecharunt|26/100\n|\n|upkeep\n|turn|16\n|inactive|Time left: 300 sec this turn | 300 sec total\n|\n|t:|1783567731\n|move|p2a: Pecharunt|Recover|p2a: Pecharunt\n|-heal|p2a: Pecharunt|76/100\n|move|p1a: Crabominable|Knock Off|p2a: Pecharunt\n|-supereffective|p2a: Pecharunt\n|-damage|p2a: Pecharunt|42/100\n|\n|upkeep\n|turn|17\n|inactive|Time left: 300 sec this turn | 300 sec total\n|\n|t:|1783567732\n|move|p2a: Pecharunt|Parting Shot|p1a: Crabominable\n|-unboost|p1a: Crabominable|atk|1\n|-unboost|p1a: Crabominable|spa|1\n|\n|t:|1783567733\n|switch|p2a: Dudunsparce|Dudunsparce-Three-Segment, L83, M|100/100|[from] Parting Shot\n|move|p1a: Crabominable|Earthquake|p2a: Dudunsparce\n|-damage|p2a: Dudunsparce|77/100\n|\n|-heal|p2a: Dudunsparce|83/100|[from] item: Leftovers\n|upkeep\n|turn|18\n|inactive|Time left: 300 sec this turn | 300 sec total\n|\n|t:|1783567734\n|move|p2a: Dudunsparce|Toxic|p1a: Crabominable\n|-status|p1a: Crabominable|tox\n|move|p1a: Crabominable|Drain Punch|p2a: Dudunsparce\n|-supereffective|p2a: Dudunsparce\n|-damage|p2a: Dudunsparce|26/100\n|-heal|p1a: Crabominable|278/321 tox|[from] drain|[of] p2a: Dudunsparce\n|\n|-heal|p2a: Dudunsparce|32/100|[from] item: Leftovers\n|-damage|p1a: Crabominable|258/321 tox|[from] psn\n|upkeep\n|turn|19\n|inactive|Time left: 300 sec this turn | 300 sec total\n|\n|t:|1783567735\n|switch|p1a: Armarouge|Armarouge, L80, F|267/267\n|move|p2a: Dudunsparce|Roost|p2a: Dudunsparce\n|-heal|p2a: Dudunsparce|82/100\n|-singleturn|p2a: Dudunsparce|move: Roost\n|\n|-heal|p2a: Dudunsparce|89/100|[from] item: Leftovers\n|upkeep\n|turn|20\n|inactive|Time left: 300 sec this turn | 300 sec total\n|\n|t:|1783567736\n|move|p1a: Armarouge|Meteor Beam||[still]\n|-prepare|p1a: Armarouge|Meteor Beam\n|-boost|p1a: Armarouge|spa|1\n|-enditem|p1a: Armarouge|Power Herb\n|-anim|p1a: Armarouge|Meteor Beam|p2a: Dudunsparce\n|-damage|p2a: Dudunsparce|42/100\n|move|p2a: Dudunsparce|Boomburst|p1a: Armarouge\n|-damage|p1a: Armarouge|122/267\n|\n|-heal|p2a: Dudunsparce|48/100|[from] item: Leftovers\n|upkeep\n|turn|21\n|inactive|Time left: 300 sec this turn | 300 sec total\n|\n|t:|1783567737\n|move|p1a: Armarouge|Armor Cannon|p2a: Dudunsparce\n|-damage|p2a: Dudunsparce|0 fnt\n|-unboost|p1a: Armarouge|def|1\n|-unboost|p1a: Armarouge|spd|1\n|faint|p2a: Dudunsparce\n|\n|upkeep\n|\n|t:|1783567738\n|switch|p2a: Pecharunt|Pecharunt, L77|42/100\n|turn|22\n|inactive|Time left: 300 sec this turn | 300 sec total\n|\n|t:|1783567739\n|switch|p1a: Crabominable|Crabominable, L90, F|258/321 tox\n|move|p2a: Pecharunt|Malignant Chain|p1a: Crabominable\n|-damage|p1a: Crabominable|191/321 tox\n|\n|-damage|p1a: Crabominable|171/321 tox|[from] psn\n|upkeep\n|turn|23\n|inactive|Time left: 300 sec this turn | 300 sec total\n|\n|t:|1783567740\n|move|p2a: Pecharunt|Malignant Chain|p1a: Crabominable\n|-damage|p1a: Crabominable|104/321 tox\n|move|p1a: Crabominable|Ice Hammer|p2a: Pecharunt\n|-damage|p2a: Pecharunt|0 fnt\n|-unboost|p1a: Crabominable|spe|1\n|faint|p2a: Pecharunt\n|\n|-damage|p1a: Crabominable|64/321 tox|[from] psn\n|upkeep\n|\n|t:|1783567741\n|switch|p2a: Spectrier|Spectrier, L75|91/100\n|turn|24\n|inactive|Time left: 300 sec this turn | 300 sec total\n|\n|t:|1783567742\n|switch|p1a: Victreebel|Victreebel, L90, F|290/290\n|move|p2a: Spectrier|Shadow Ball|p1a: Victreebel\n|-damage|p1a: Victreebel|157/290\n|-damage|p2a: Spectrier|81/100|[from] item: Life Orb\n|\n|upkeep\n|turn|25\n|inactive|Time left: 300 sec this turn | 300 sec total\n|\n|t:|1783567743\n|move|p2a: Spectrier|Dark Pulse|p1a: Victreebel\n|-damage|p1a: Victreebel|62/290\n|-damage|p2a: Spectrier|71/100|[from] item: Life Orb\n|move|p1a: Victreebel|Power Whip|p2a: Spectrier\n|-damage|p2a: Spectrier|0 fnt\n|faint|p2a: Spectrier\n|-damage|p1a: Victreebel|33/290|[from] item: Life Orb\n|\n|upkeep\n|\n|t:|1783567744\n|switch|p2a: Sceptile|Sceptile, L87, M|100/100\n|turn|26\n|inactive|Time left: 300 sec this turn | 300 sec total\n|\n|t:|1783567745\n|move|p1a: Victreebel|Sucker Punch||[still]\n|-fail|p1a: Victreebel\n|move|p2a: Sceptile|Substitute|p2a: Sceptile\n|-start|p2a: Sceptile|Substitute\n|-damage|p2a: Sceptile|75/100\n|\n|-heal|p2a: Sceptile|82/100|[from] item: Leftovers\n|upkeep\n|turn|27\n|inactive|Time left: 300 sec this turn | 300 sec total\n|\n|t:|1783567746\n|move|p1a: Victreebel|Sucker Punch|p2a: Sceptile\n|-end|p2a: Sceptile|Substitute\n|-damage|p1a: Victreebel|4/290|[from] item: Life Orb\n|move|p2a: Sceptile|Focus Blast|p1a: Victreebel\n|-resisted|p1a: Victreebel\n|-damage|p1a: Victreebel|0 fnt\n|faint|p1a: Victreebel\n|\n|-heal|p2a: Sceptile|88/100|[from] item: Leftovers\n|upkeep\n|inactive|Time left: 300 sec this turn | 300 sec total | 5 sec grace\n|\n|t:|1783567747\n|switch|p1a: Armarouge|Armarouge, L80, F|122/267\n|turn|28\n|inactive|Time left: 300 sec this turn | 300 sec total\n|\n|t:|1783567747\n|move|p2a: Sceptile|Substitute|p2a: Sceptile\n|-start|p2a: Sceptile|Substitute\n|-damage|p2a: Sceptile|63/100\n|move|p1a: Armarouge|Armor Cannon|p2a: Sceptile\n|-supereffective|p2a: Sceptile\n|-end|p2a: Sceptile|Substitute\n|-unboost|p1a: Armarouge|def|1\n|-unboost|p1a: Armarouge|spd|1\n|\n|-heal|p2a: Sceptile|69/100|[from] item: Leftovers\n|upkeep\n|turn|29\n|inactive|Time left: 300 sec this turn | 300 sec total\n|\n|t:|1783567748\n|move|p2a: Sceptile|Substitute|p2a: Sceptile\n|-start|p2a: Sceptile|Substitute\n|-damage|p2a: Sceptile|44/100\n|move|p1a: Armarouge|Armor Cannon|p2a: Sceptile\n|-supereffective|p2a: Sceptile\n|-end|p2a: Sceptile|Substitute\n|-unboost|p1a: Armarouge|def|1\n|-unboost|p1a: Armarouge|spd|1\n|\n|-heal|p2a: Sceptile|50/100|[from] item: Leftovers\n|upkeep\n|turn|30\n|inactive|Time left: 300 sec this turn | 300 sec total\n|\n|t:|1783567749\n|move|p2a: Sceptile|Substitute|p2a: Sceptile\n|-start|p2a: Sceptile|Substitute\n|-damage|p2a: Sceptile|25/100\n|move|p1a: Armarouge|Armor Cannon|p2a: Sceptile\n|-supereffective|p2a: Sceptile\n|-end|p2a: Sceptile|Substitute\n|-unboost|p1a: Armarouge|def|1\n|-unboost|p1a: Armarouge|spd|1\n|\n|-heal|p2a: Sceptile|31/100|[from] item: Leftovers\n|upkeep\n|turn|31\n|inactive|Time left: 300 sec this turn | 300 sec total\n|\n|t:|1783567750\n|switch|p1a: Lapras|Lapras, L87, M|29/367\n|move|p2a: Sceptile|Substitute|p2a: Sceptile\n|-start|p2a: Sceptile|Substitute\n|-damage|p2a: Sceptile|6/100\n|\n|-heal|p2a: Sceptile|12/100|[from] item: Leftovers\n|upkeep\n|turn|32\n|inactive|Time left: 300 sec this turn | 300 sec total\n|\n|t:|1783567751\n|move|p2a: Sceptile|Giga Drain|p1a: Lapras\n|-supereffective|p1a: Lapras\n|-damage|p1a: Lapras|0 fnt\n|-heal|p2a: Sceptile|18/100|[from] drain|[of] p1a: Lapras\n|faint|p1a: Lapras\n|\n|-heal|p2a: Sceptile|24/100|[from] item: Leftovers\n|upkeep\n|inactive|Time left: 300 sec this turn | 300 sec total | 5 sec grace\n|\n|t:|1783567751\n|switch|p1a: Mewtwo|Mewtwo, L72|245/272\n|-ability|p1a: Mewtwo|Pressure\n|turn|33\n|inactive|Time left: 300 sec this turn | 300 sec total\n|\n|t:|1783567752\n|-terastallize|p1a: Mewtwo|Fire\n|move|p2a: Sceptile|Giga Drain|p1a: Mewtwo\n|-resisted|p1a: Mewtwo\n|-damage|p1a: Mewtwo|162/272\n|-heal|p2a: Sceptile|40/100|[from] drain|[of] p1a: Mewtwo\n|move|p1a: Mewtwo|Psystrike|p2a: Sceptile\n|-end|p2a: Sceptile|Substitute\n|-damage|p1a: Mewtwo|135/272|[from] item: Life Orb\n|\n|-heal|p2a: Sceptile|46/100|[from] item: Leftovers\n|upkeep\n|turn|34\n|inactive|Time left: 300 sec this turn | 300 sec total\n|\n|t:|1783567753\n|move|p2a: Sceptile|Substitute|p2a: Sceptile\n|-start|p2a: Sceptile|Substitute\n|-damage|p2a: Sceptile|21/100\n|move|p1a: Mewtwo|Fire Blast|p2a: Sceptile\n|-supereffective|p2a: Sceptile\n|-end|p2a: Sceptile|Substitute\n|-damage|p1a: Mewtwo|108/272|[from] item: Life Orb\n|\n|-heal|p2a: Sceptile|27/100|[from] item: Leftovers\n|upkeep\n|turn|35\n|inactive|Time left: 300 sec this turn | 300 sec total\n|\n|t:|1783567754\n|-terastallize|p2a: Sceptile|Steel\n|move|p2a: Sceptile|Giga Drain|p1a: Mewtwo\n|-resisted|p1a: Mewtwo\n|-damage|p1a: Mewtwo|36/272\n|-heal|p2a: Sceptile|40/100|[from] drain|[of] p1a: Mewtwo\n|move|p1a: Mewtwo|Psystrike|p2a: Sceptile\n|-resisted|p2a: Sceptile\n|-damage|p2a: Sceptile|9/100\n|-damage|p1a: Mewtwo|9/272|[from] item: Life Orb\n|\n|-heal|p2a: Sceptile|15/100|[from] item: Leftovers\n|upkeep\n|turn|36\n|inactive|Time left: 300 sec this turn | 300 sec total\n|\n|t:|1783567755\n|move|p2a: Sceptile|Focus Blast|p1a: Mewtwo\n|-damage|p1a: Mewtwo|0 fnt\n|faint|p1a: Mewtwo\n|\n|-heal|p2a: Sceptile|21/100|[from] item: Leftovers\n|upkeep\n|inactive|Time left: 300 sec this turn | 300 sec total | 5 sec grace\n|\n|t:|1783567756\n|switch|p1a: Armarouge|Armarouge, L80, F|122/267\n|turn|37\n|inactive|Time left: 300 sec this turn | 300 sec total\n|\n|t:|1783567756\n|move|p2a: Sceptile|Focus Blast|p1a: Armarouge\n|-resisted|p1a: Armarouge\n|-damage|p1a: Armarouge|64/267\n|move|p1a: Armarouge|Armor Cannon|p2a: Sceptile\n|-supereffective|p2a: Sceptile\n|-damage|p2a: Sceptile|0 fnt\n|-unboost|p1a: Armarouge|def|1\n|-unboost|p1a: Armarouge|spd|1\n|faint|p2a: Sceptile\n|\n|win|p0x2473912b", "uploadtime": 1783567756, "views": 0, "rating": 0, "private": 0, "password": null, "_winner": "p0x2473912b", "_our_name": "p0x2473912b"}