{"id": "battle-gen9randombattle-716", "formatid": "gen9randombattle", "format": "[Gen 9] Random Battle", "players": ["p0x7169397", "p0y716ac07"], "log": "|init|battle\n|title|p0x7169397 vs. p0y716ac07\n|j|\u2606p0x7169397\n|j|\u2606p0y716ac07\n|t:|1783548140\n|gametype|singles\n|player|p1|p0x7169397|266|\n|player|p2|p0y716ac07|101|\n|gen|9\n|tier|[Gen 9] Random Battle\n|rule|Species Clause: Limit one of each Pok\u00e9mon\n|rule|HP Percentage Mod: HP is shown in percentages\n|rule|Sleep Clause Mod: Limit one foe put to sleep\n|rule|Illusion Level Mod: Illusion disguises the Pok\u00e9mon's true level\n|\n|t:|1783548140\n|teamsize|p1|6\n|teamsize|p2|6\n|start\n|switch|p1a: Eelektross|Eelektross, L87, M|100/100\n|switch|p2a: Victreebel|Victreebel, L90, F|290/290\n|turn|1\n|inactive|Battle timer is ON: inactive players will automatically lose when time's up. (requested by p0x7169397)\n|inactive|Time left: 300 sec this turn | 300 sec total | 60 sec grace\n|inactive|p0y716ac07 also wants the timer to be on.\n|\n|t:|1783548142\n|move|p2a: Victreebel|Power Whip|p1a: Eelektross\n|-damage|p1a: Eelektross|25/100\n|-damage|p2a: Victreebel|261/290|[from] item: Life Orb\n|move|p1a: Eelektross|Fire Punch|p2a: Victreebel\n|-supereffective|p2a: Victreebel\n|-damage|p2a: Victreebel|97/290\n|\n|-heal|p1a: Eelektross|31/100|[from] item: Leftovers\n|upkeep\n|turn|2\n|inactive|Time left: 300 sec this turn | 300 sec total\n|\n|t:|1783548143\n|switch|p1a: Vespiquen|Vespiquen, L99, F|100/100\n|-ability|p1a: Vespiquen|Pressure\n|move|p2a: Victreebel|Poison Jab|p1a: Vespiquen\n|-damage|p1a: Vespiquen|63/100\n|-damage|p2a: Victreebel|68/290|[from] item: Life Orb\n|\n|upkeep\n|turn|3\n|inactive|Time left: 300 sec this turn | 300 sec total\n|\n|t:|1783548144\n|move|p2a: Victreebel|Poison Jab|p1a: Vespiquen\n|-damage|p1a: Vespiquen|26/100\n|-damage|p2a: Victreebel|39/290|[from] item: Life Orb\n|move|p1a: Vespiquen|Roost|p1a: Vespiquen\n|-heal|p1a: Vespiquen|76/100\n|-singleturn|p1a: Vespiquen|move: Roost\n|\n|upkeep\n|turn|4\n|inactive|Time left: 300 sec this turn | 300 sec total\n|\n|t:|1783548145\n|move|p2a: Victreebel|Poison Jab|p1a: Vespiquen\n|-damage|p1a: Vespiquen|42/100\n|-damage|p2a: Victreebel|10/290|[from] item: Life Orb\n|move|p1a: Vespiquen|Air Slash|p2a: Victreebel\n|-supereffective|p2a: Victreebel\n|-damage|p2a: Victreebel|0 fnt\n|faint|p2a: Victreebel\n|\n|upkeep\n|inactive|Time left: 300 sec this turn | 300 sec total | 5 sec grace\n|\n|t:|1783548146\n|switch|p2a: Stonjourner|Stonjourner, L91, F|330/330\n|turn|5\n|inactive|Time left: 300 sec this turn | 300 sec total\n|\n|t:|1783548148\n|move|p2a: Stonjourner|Heat Crash|p1a: Vespiquen\n|-supereffective|p1a: Vespiquen\n|-damage|p1a: Vespiquen|0 fnt\n|faint|p1a: Vespiquen\n|-damage|p2a: Stonjourner|297/330|[from] item: Life Orb\n|\n|upkeep\n|\n|t:|1783548149\n|switch|p1a: Regidrago|Regidrago, L77|100/100\n|turn|6\n|inactive|Time left: 300 sec this turn | 300 sec total\n|\n|t:|1783548150\n|move|p2a: Stonjourner|Stone Edge|p1a: Regidrago\n|-damage|p1a: Regidrago|30/100\n|-damage|p2a: Stonjourner|264/330|[from] item: Life Orb\n|move|p1a: Regidrago|Draco Meteor|p2a: Stonjourner\n|-damage|p2a: Stonjourner|0 fnt\n|-unboost|p1a: Regidrago|spa|2\n|faint|p2a: Stonjourner\n|\n|upkeep\n|inactive|Time left: 300 sec this turn | 300 sec total | 5 sec grace\n|\n|t:|1783548151\n|switch|p2a: Hoopa|Hoopa-Unbound, L80|259/259\n|turn|7\n|inactive|Time left: 300 sec this turn | 300 sec total\n|\n|t:|1783548152\n|switch|p1a: Dondozo|Dondozo, L78, F|100/100\n|move|p2a: Hoopa|Psychic|p1a: Dondozo\n|-damage|p1a: Dondozo|46/100\n|\n|-heal|p1a: Dondozo|52/100|[from] item: Leftovers\n|upkeep\n|turn|8\n|inactive|Time left: 300 sec this turn | 300 sec total\n|\n|t:|1783548154\n|switch|p1a: Delphox|Delphox, L84, F|100/100\n|move|p2a: Hoopa|Psychic|p1a: Delphox\n|-resisted|p1a: Delphox\n|-damage|p1a: Delphox|75/100\n|\n|upkeep\n|turn|9\n|inactive|Time left: 300 sec this turn | 300 sec total\n|\n|t:|1783548155\n|move|p2a: Hoopa|Psychic|p1a: Delphox\n|-resisted|p1a: Delphox\n|-damage|p1a: Delphox|51/100\n|-unboost|p1a: Delphox|spd|1\n|move|p1a: Delphox|Nasty Plot|p1a: Delphox\n|-boost|p1a: Delphox|spa|2\n|\n|upkeep\n|turn|10\n|inactive|Time left: 300 sec this turn | 300 sec total\n|\n|t:|1783548156\n|move|p2a: Hoopa|Psychic|p1a: Delphox\n|-resisted|p1a: Delphox\n|-damage|p1a: Delphox|15/100\n|-unboost|p1a: Delphox|spd|1\n|move|p1a: Delphox|Fire Blast|p2a: Hoopa\n|-damage|p2a: Hoopa|0 fnt\n|faint|p2a: Hoopa\n|\n|upkeep\n|inactive|Time left: 300 sec this turn | 300 sec total | 5 sec grace\n|\n|t:|1783548157\n|switch|p2a: Delibird|Delibird, M|252/252\n|turn|11\n|inactive|Time left: 300 sec this turn | 300 sec total\n|\n|t:|1783548158\n|move|p1a: Delphox|Fire Blast|p2a: Delibird|[miss]\n|-miss|p1a: Delphox|p2a: Delibird\n|move|p2a: Delibird|Rapid Spin|p1a: Delphox\n|-damage|p1a: Delphox|0 fnt\n|-boost|p2a: Delibird|spe|1\n|faint|p1a: Delphox\n|\n|upkeep\n|\n|t:|1783548159\n|switch|p1a: Eelektross|Eelektross, L87, M|31/100\n|turn|12\n|inactive|Time left: 300 sec this turn | 300 sec total\n|\n|t:|1783548159\n|-terastallize|p2a: Delibird|Ghost\n|move|p2a: Delibird|Freeze-Dry|p1a: Eelektross\n|-damage|p1a: Eelektross|5/100\n|move|p1a: Eelektross|Supercell Slam|p2a: Delibird\n|-damage|p2a: Delibird|72/252\n|\n|-heal|p1a: Eelektross|11/100|[from] item: Leftovers\n|upkeep\n|turn|13\n|inactive|Time left: 300 sec this turn | 300 sec total\n|\n|t:|1783548160\n|switch|p1a: Slither Wing|Slither Wing, L81|100/100\n|move|p2a: Delibird|Freeze-Dry|p1a: Slither Wing\n|-damage|p1a: Slither Wing|76/100\n|\n|upkeep\n|turn|14\n|inactive|Time left: 300 sec this turn | 300 sec total\n|\n|t:|1783548161\n|-terastallize|p1a: Slither Wing|Fire\n|move|p2a: Delibird|Brave Bird|p1a: Slither Wing\n|-damage|p1a: Slither Wing|23/100\n|-damage|p2a: Delibird|24/252|[from] Recoil\n|move|p1a: Slither Wing|Morning Sun|p1a: Slither Wing\n|-heal|p1a: Slither Wing|73/100\n|\n|upkeep\n|turn|15\n|inactive|Time left: 300 sec this turn | 300 sec total\n|\n|t:|1783548162\n|move|p2a: Delibird|Brave Bird|p1a: Slither Wing\n|-damage|p1a: Slither Wing|19/100\n|-damage|p2a: Delibird|0 fnt|[from] Recoil\n|faint|p2a: Delibird\n|move|p1a: Slither Wing|U-turn|p2: Delibird|[notarget]\n|-fail|p1a: Slither Wing\n|\n|upkeep\n|inactive|Time left: 300 sec this turn | 300 sec total | 5 sec grace\n|\n|t:|1783548163\n|switch|p2a: Sandy Shocks|Sandy Shocks, L80|267/267\n|turn|16\n|inactive|Time left: 300 sec this turn | 300 sec total\n|\n|t:|1783548164\n|-end|p1a: Slither Wing|Protosynthesis|[silent]\n|switch|p1a: Regidrago|Regidrago, L77|30/100\n|move|p2a: Sandy Shocks|Thunderbolt|p1a: Regidrago\n|-resisted|p1a: Regidrago\n|-damage|p1a: Regidrago|11/100\n|\n|upkeep\n|turn|17\n|inactive|Time left: 300 sec this turn | 300 sec total\n|\n|t:|1783548165\n|move|p2a: Sandy Shocks|Thunderbolt|p1a: Regidrago\n|-resisted|p1a: Regidrago\n|-damage|p1a: Regidrago|0 fnt\n|faint|p1a: Regidrago\n|\n|upkeep\n|\n|t:|1783548166\n|switch|p1a: Dondozo|Dondozo, L78, F|52/100\n|turn|18\n|inactive|Time left: 300 sec this turn | 300 sec total\n|\n|t:|1783548167\n|switch|p1a: Eelektross|Eelektross, L87, M|11/100\n|move|p2a: Sandy Shocks|Thunderbolt|p1a: Eelektross\n|-resisted|p1a: Eelektross\n|-damage|p1a: Eelektross|0 fnt\n|faint|p1a: Eelektross\n|\n|upkeep\n|\n|t:|1783548168\n|switch|p1a: Slither Wing|Slither Wing, L81, tera:Fire|19/100\n|turn|19\n|inactive|Time left: 300 sec this turn | 300 sec total\n|\n|t:|1783548168\n|move|p2a: Sandy Shocks|Thunderbolt|p1a: Slither Wing\n|-damage|p1a: Slither Wing|0 fnt\n|faint|p1a: Slither Wing\n|-end|p1a: Slither Wing|Protosynthesis|[silent]\n|\n|upkeep\n|\n|t:|1783548169\n|switch|p1a: Dondozo|Dondozo, L78, F|52/100\n|turn|20\n|inactive|Time left: 300 sec this turn | 300 sec total\n|\n|t:|1783548170\n|move|p2a: Sandy Shocks|Thunderbolt|p1a: Dondozo\n|-supereffective|p1a: Dondozo\n|-damage|p1a: Dondozo|0 fnt\n|faint|p1a: Dondozo\n|\n|win|p0y716ac07", "uploadtime": 1783548170, "views": 0, "rating": 0, "private": 0, "password": null, "_winner": "p0y716ac07", "_our_name": "p0y716ac07"}