{"id": "battle-gen9randombattle-2731", "formatid": "gen9randombattle", "format": "[Gen 9] Random Battle", "players": ["p0x2731ee66", "p0y2731b502"], "log": "|init|battle\n|title|p0x2731ee66 vs. p0y2731b502\n|j|\u2606p0x2731ee66\n|j|\u2606p0y2731b502\n|t:|1783570475\n|gametype|singles\n|player|p1|p0x2731ee66|1|\n|player|p2|p0y2731b502|265|\n|gen|9\n|tier|[Gen 9] Random Battle\n|rule|Species Clause: Limit one of each Pok\u00e9mon\n|rule|HP Percentage Mod: HP is shown in percentages\n|rule|Sleep Clause Mod: Limit one foe put to sleep\n|rule|Illusion Level Mod: Illusion disguises the Pok\u00e9mon's true level\n|\n|t:|1783570475\n|teamsize|p1|6\n|teamsize|p2|6\n|start\n|switch|p1a: Grumpig|Grumpig, L92, F|100/100\n|switch|p2a: Grimmsnarl|Grimmsnarl, L83, M|293/293\n|turn|1\n|inactive|Battle timer is ON: inactive players will automatically lose when time's up. (requested by p0x2731ee66)\n|inactive|Time left: 300 sec this turn | 300 sec total | 60 sec grace\n|inactive|p0y2731b502 also wants the timer to be on.\n|\n|t:|1783570477\n|move|p1a: Grumpig|Nasty Plot|p1a: Grumpig\n|-boost|p1a: Grumpig|spa|2\n|move|p2a: Grimmsnarl|Spirit Break|p1a: Grumpig\n|-damage|p1a: Grumpig|68/100\n|-unboost|p1a: Grumpig|spa|1\n|\n|-heal|p1a: Grumpig|74/100|[from] item: Leftovers\n|upkeep\n|turn|2\n|inactive|Time left: 300 sec this turn | 300 sec total\n|\n|t:|1783570478\n|move|p1a: Grumpig|Nasty Plot|p1a: Grumpig\n|-boost|p1a: Grumpig|spa|2\n|move|p2a: Grimmsnarl|Spirit Break|p1a: Grumpig\n|-damage|p1a: Grumpig|38/100\n|-unboost|p1a: Grumpig|spa|1\n|\n|-heal|p1a: Grumpig|44/100|[from] item: Leftovers\n|upkeep\n|turn|3\n|inactive|Time left: 300 sec this turn | 300 sec total\n|\n|t:|1783570479\n|move|p2a: Grimmsnarl|Sucker Punch|p1a: Grumpig\n|-supereffective|p1a: Grumpig\n|-damage|p1a: Grumpig|0 fnt\n|faint|p1a: Grumpig\n|\n|upkeep\n|\n|t:|1783570479\n|switch|p1a: Kricketune|Kricketune, L99, M|100/100\n|turn|4\n|inactive|Time left: 300 sec this turn | 300 sec total\n|\n|t:|1783570480\n|move|p1a: Kricketune|Sticky Web|p2a: Grimmsnarl\n|-sidestart|p2: p0y2731b502|move: Sticky Web\n|move|p2a: Grimmsnarl|Spirit Break|p1a: Kricketune\n|-damage|p1a: Kricketune|62/100\n|-unboost|p1a: Kricketune|spa|1\n|\n|upkeep\n|turn|5\n|inactive|Time left: 300 sec this turn | 300 sec total\n|\n|t:|1783570481\n|move|p1a: Kricketune|Pounce|p2a: Grimmsnarl\n|-damage|p2a: Grimmsnarl|167/293\n|-unboost|p2a: Grimmsnarl|spe|1\n|move|p2a: Grimmsnarl|Spirit Break|p1a: Kricketune\n|-damage|p1a: Kricketune|27/100\n|-unboost|p1a: Kricketune|spa|1\n|\n|-heal|p2a: Grimmsnarl|185/293|[from] item: Leftovers\n|upkeep\n|turn|6\n|inactive|Time left: 300 sec this turn | 300 sec total\n|\n|t:|1783570482\n|move|p1a: Kricketune|Pounce|p2a: Grimmsnarl\n|-crit|p2a: Grimmsnarl\n|-damage|p2a: Grimmsnarl|0 fnt\n|faint|p2a: Grimmsnarl\n|\n|upkeep\n|inactive|Time left: 300 sec this turn | 300 sec total | 5 sec grace\n|\n|t:|1783570483\n|switch|p2a: Incineroar|Incineroar, L82, M|290/290\n|-ability|p2a: Incineroar|Intimidate|boost\n|-unboost|p1a: Kricketune|atk|1\n|turn|7\n|inactive|Time left: 300 sec this turn | 300 sec total\n|\n|t:|1783570484\n|switch|p1a: Baxcalibur|Baxcalibur, L75, F|100/100\n|move|p2a: Incineroar|Swords Dance|p2a: Incineroar\n|-boost|p2a: Incineroar|atk|2\n|\n|upkeep\n|turn|8\n|inactive|Time left: 300 sec this turn | 300 sec total\n|\n|t:|1783570485\n|move|p1a: Baxcalibur|Glaive Rush|p2a: Incineroar\n|-damage|p2a: Incineroar|155/290\n|-singlemove|p1a: Baxcalibur|Glaive Rush|[silent]\n|move|p2a: Incineroar|Knock Off|p1a: Baxcalibur\n|-damage|p1a: Baxcalibur|0 fnt\n|-enditem|p1a: Baxcalibur|Heavy-Duty Boots|[from] move: Knock Off|[of] p2a: Incineroar\n|faint|p1a: Baxcalibur\n|\n|upkeep\n|\n|t:|1783570486\n|switch|p1a: Ambipom|Ambipom, L84, M|100/100\n|turn|9\n|inactive|Time left: 300 sec this turn | 300 sec total\n|\n|t:|1783570487\n|switch|p2a: Tauros|Tauros-Paldea-Blaze, L81, M|254/254\n|-activate|p2a: Tauros|move: Sticky Web\n|-unboost|p2a: Tauros|spe|1\n|-ability|p2a: Tauros|Intimidate|boost\n|-unboost|p1a: Ambipom|atk|1\n|move|p1a: Ambipom|Double-Edge|p2a: Tauros\n|-damage|p2a: Tauros|169/254\n|-damage|p1a: Ambipom|90/100|[from] Recoil\n|\n|upkeep\n|turn|10\n|inactive|Time left: 300 sec this turn | 300 sec total\n|\n|t:|1783570488\n|switch|p1a: Kricketune|Kricketune, L99, M|27/100\n|move|p2a: Tauros|Close Combat|p1a: Kricketune\n|-resisted|p1a: Kricketune\n|-damage|p1a: Kricketune|0 fnt\n|-unboost|p2a: Tauros|def|1\n|-unboost|p2a: Tauros|spd|1\n|faint|p1a: Kricketune\n|\n|upkeep\n|\n|t:|1783570489\n|switch|p1a: Bronzong|Bronzong, L88|100/100\n|turn|11\n|inactive|Time left: 300 sec this turn | 300 sec total\n|\n|t:|1783570490\n|move|p2a: Tauros|Close Combat|p1a: Bronzong\n|-damage|p1a: Bronzong|45/100\n|-unboost|p2a: Tauros|def|1\n|-unboost|p2a: Tauros|spd|1\n|move|p1a: Bronzong|Earthquake|p2a: Tauros\n|-supereffective|p2a: Tauros\n|-damage|p2a: Tauros|0 fnt\n|faint|p2a: Tauros\n|\n|-heal|p1a: Bronzong|51/100|[from] item: Leftovers\n|upkeep\n|inactive|Time left: 300 sec this turn | 300 sec total | 5 sec grace\n|\n|t:|1783570491\n|switch|p2a: Incineroar|Incineroar, L82, M|155/290\n|-ability|p2a: Incineroar|Intimidate|boost\n|-unboost|p1a: Bronzong|atk|1\n|turn|12\n|inactive|Time left: 300 sec this turn | 300 sec total\n|\n|t:|1783570492\n|switch|p1a: Ambipom|Ambipom, L84, M|90/100\n|move|p2a: Incineroar|Knock Off|p1a: Ambipom\n|-damage|p1a: Ambipom|41/100\n|-enditem|p1a: Ambipom|Silk Scarf|[from] move: Knock Off|[of] p2a: Incineroar\n|\n|upkeep\n|turn|13\n|inactive|Time left: 300 sec this turn | 300 sec total\n|\n|t:|1783570493\n|switch|p2a: Jumpluff|Jumpluff, L87, M|271/271\n|move|p1a: Ambipom|Fake Out|p2a: Jumpluff\n|-damage|p2a: Jumpluff|190/271\n|\n|upkeep\n|turn|14\n|inactive|Time left: 300 sec this turn | 300 sec total\n|\n|t:|1783570494\n|switch|p1a: Bronzong|Bronzong, L88|51/100\n|move|p2a: Jumpluff|Strength Sap|p1a: Bronzong\n|-unboost|p1a: Bronzong|atk|1\n|-heal|p2a: Jumpluff|271/271\n|\n|-heal|p1a: Bronzong|57/100|[from] item: Leftovers\n|upkeep\n|turn|15\n|inactive|Time left: 300 sec this turn | 300 sec total\n|\n|t:|1783570495\n|move|p2a: Jumpluff|Leech Seed|p1a: Bronzong\n|-start|p1a: Bronzong|move: Leech Seed\n|move|p1a: Bronzong|Hypnosis|p2a: Jumpluff|[miss]\n|-miss|p1a: Bronzong|p2a: Jumpluff\n|\n|-heal|p1a: Bronzong|63/100|[from] item: Leftovers\n|-damage|p1a: Bronzong|51/100|[from] Leech Seed|[of] p2a: Jumpluff\n|upkeep\n|turn|16\n|inactive|Time left: 300 sec this turn | 300 sec total\n|\n|t:|1783570496\n|switch|p1a: Frosmoth|Frosmoth, L82, F|100/100\n|move|p2a: Jumpluff|Strength Sap|p1a: Frosmoth\n|-unboost|p1a: Frosmoth|atk|1\n|\n|upkeep\n|turn|17\n|inactive|Time left: 300 sec this turn | 300 sec total\n|\n|t:|1783570497\n|move|p2a: Jumpluff|Acrobatics|p1a: Frosmoth\n|-supereffective|p1a: Frosmoth\n|-damage|p1a: Frosmoth|9/100\n|move|p1a: Frosmoth|Ice Beam|p2a: Jumpluff\n|-supereffective|p2a: Jumpluff\n|-damage|p2a: Jumpluff|0 fnt\n|faint|p2a: Jumpluff\n|\n|upkeep\n|inactive|Time left: 300 sec this turn | 300 sec total | 5 sec grace\n|\n|t:|1783570497\n|switch|p2a: Kyurem|Kyurem-Black, L71|295/295\n|-activate|p2a: Kyurem|move: Sticky Web\n|-unboost|p2a: Kyurem|spe|1\n|-ability|p2a: Kyurem|Teravolt\n|turn|18\n|inactive|Time left: 300 sec this turn | 300 sec total\n|\n|t:|1783570498\n|move|p1a: Frosmoth|Bug Buzz|p2a: Kyurem\n|-damage|p2a: Kyurem|162/295\n|move|p2a: Kyurem|Dragon Dance|p2a: Kyurem\n|-boost|p2a: Kyurem|atk|1\n|-boost|p2a: Kyurem|spe|1\n|\n|upkeep\n|turn|19\n|inactive|Time left: 300 sec this turn | 300 sec total\n|\n|t:|1783570499\n|switch|p1a: Bronzong|Bronzong, L88|51/100\n|move|p2a: Kyurem|Scale Shot|p1a: Bronzong\n|-resisted|p1a: Bronzong\n|-damage|p1a: Bronzong|44/100\n|-resisted|p1a: Bronzong\n|-damage|p1a: Bronzong|37/100\n|-resisted|p1a: Bronzong\n|-damage|p1a: Bronzong|30/100\n|-resisted|p1a: Bronzong\n|-damage|p1a: Bronzong|23/100\n|-resisted|p1a: Bronzong\n|-damage|p1a: Bronzong|15/100\n|-hitcount|p1a: Bronzong|5\n|-unboost|p2a: Kyurem|def|1\n|-boost|p2a: Kyurem|spe|1\n|\n|-heal|p1a: Bronzong|22/100|[from] item: Leftovers\n|upkeep\n|turn|20\n|inactive|Time left: 300 sec this turn | 300 sec total\n|\n|t:|1783570500\n|move|p2a: Kyurem|Icicle Spear|p1a: Bronzong\n|-resisted|p1a: Bronzong\n|-damage|p1a: Bronzong|14/100\n|-resisted|p1a: Bronzong\n|-damage|p1a: Bronzong|7/100\n|-resisted|p1a: Bronzong\n|-damage|p1a: Bronzong|0 fnt\n|faint|p1a: Bronzong\n|-hitcount|p1: Bronzong|3\n|\n|upkeep\n|\n|t:|1783570501\n|switch|p1a: Ambipom|Ambipom, L84, M|41/100\n|turn|21\n|inactive|Time left: 300 sec this turn | 300 sec total\n|\n|t:|1783570502\n|move|p1a: Ambipom|Fake Out|p2a: Kyurem\n|-damage|p2a: Kyurem|57/295\n|cant|p2a: Kyurem|flinch\n|\n|upkeep\n|turn|22\n|inactive|Time left: 300 sec this turn | 300 sec total\n|\n|t:|1783570503\n|switch|p1a: Frosmoth|Frosmoth, L82, F|9/100\n|move|p2a: Kyurem|Fusion Bolt|p1a: Frosmoth\n|-damage|p1a: Frosmoth|0 fnt\n|faint|p1a: Frosmoth\n|\n|upkeep\n|\n|t:|1783570504\n|switch|p1a: Ambipom|Ambipom, L84, M|41/100\n|turn|23\n|inactive|Time left: 300 sec this turn | 300 sec total\n|\n|t:|1783570504\n|-terastallize|p2a: Kyurem|Electric\n|-terastallize|p1a: Ambipom|Normal\n|move|p1a: Ambipom|Fake Out|p2a: Kyurem\n|-damage|p2a: Kyurem|0 fnt\n|faint|p2a: Kyurem\n|\n|upkeep\n|inactive|Time left: 300 sec this turn | 300 sec total | 5 sec grace\n|\n|t:|1783570505\n|switch|p2a: Ogerpon|Ogerpon-Wellspring, L76, F|247/247\n|-activate|p2a: Ogerpon|move: Sticky Web\n|-unboost|p2a: Ogerpon|spe|1\n|turn|24\n|inactive|Time left: 300 sec this turn | 300 sec total\n|\n|t:|1783570506\n|move|p1a: Ambipom|Fake Out||[still]\n|-hint|Fake Out only works on your first turn out.\n|-fail|p1a: Ambipom\n|move|p2a: Ogerpon|Ivy Cudgel|p1a: Ambipom|[anim] Ivy Cudgel Water\n|-damage|p1a: Ambipom|0 fnt\n|faint|p1a: Ambipom\n|\n|win|p0y2731b502", "uploadtime": 1783570506, "views": 0, "rating": 0, "private": 0, "password": null, "_winner": "p0y2731b502", "_our_name": "p0y2731b502"}