{"id": "battle-gen9randombattle-832", "formatid": "gen9randombattle", "format": "[Gen 9] Random Battle", "players": ["p0x832e1db", "p0y832ec42"], "log": "|init|battle\n|title|p0x832e1db vs. p0y832ec42\n|j|\u2606p0x832e1db\n|j|\u2606p0y832ec42\n|t:|1783549540\n|gametype|singles\n|player|p1|p0x832e1db|170|\n|player|p2|p0y832ec42|1|\n|gen|9\n|tier|[Gen 9] Random Battle\n|rule|Species Clause: Limit one of each Pok\u00e9mon\n|rule|HP Percentage Mod: HP is shown in percentages\n|rule|Sleep Clause Mod: Limit one foe put to sleep\n|rule|Illusion Level Mod: Illusion disguises the Pok\u00e9mon's true level\n|\n|t:|1783549540\n|teamsize|p1|6\n|teamsize|p2|6\n|start\n|switch|p1a: Crabominable|Crabominable, L90, M|321/321\n|switch|p2a: Perrserker|Perrserker, L89, F|100/100\n|turn|1\n|inactive|Battle timer is ON: inactive players will automatically lose when time's up. (requested by p0y832ec42)\n|inactive|Time left: 300 sec this turn | 300 sec total | 60 sec grace\n|\n|t:|1783549542\n|switch|p1a: Masquerain|Masquerain, L87, F|264/264\n|-ability|p1a: Masquerain|Intimidate|boost\n|-unboost|p2a: Perrserker|atk|1\n|move|p2a: Perrserker|Iron Head|p1a: Masquerain\n|-damage|p1a: Masquerain|130/264\n|-damage|p2a: Perrserker|91/100|[from] item: Life Orb\n|\n|upkeep\n|turn|2\n|inactive|Time left: 300 sec this turn | 300 sec total\n|inactive|p0x832e1db also wants the timer to be on.\n|\n|t:|1783549543\n|switch|p1a: Ursaluna|Ursaluna-Bloodmoon, L79, M|308/308\n|switch|p2a: Espeon|Espeon, L84, F|100/100\n|\n|upkeep\n|turn|3\n|inactive|Time left: 300 sec this turn | 300 sec total\n|\n|t:|1783549544\n|move|p2a: Espeon|Psychic|p1a: Ursaluna\n|-damage|p1a: Ursaluna|120/308\n|-unboost|p1a: Ursaluna|spd|1\n|-damage|p2a: Espeon|91/100|[from] item: Life Orb\n|move|p1a: Ursaluna|Blood Moon|p2a: Espeon\n|-damage|p2a: Espeon|25/100\n|\n|-heal|p1a: Ursaluna|139/308|[from] item: Leftovers\n|upkeep\n|turn|4\n|inactive|Time left: 300 sec this turn | 300 sec total\n|\n|t:|1783549545\n|switch|p1a: Arceus|Arceus-Rock, L74|300/300\n|move|p2a: Espeon|Psychic|p1a: Arceus\n|-damage|p1a: Arceus|151/300\n|-damage|p2a: Espeon|15/100|[from] item: Life Orb\n|\n|upkeep\n|turn|5\n|inactive|Time left: 300 sec this turn | 300 sec total\n|\n|t:|1783549546\n|-terastallize|p2a: Espeon|Psychic\n|move|p2a: Espeon|Psychic|p1a: Arceus\n|-damage|p1a: Arceus|0 fnt\n|faint|p1a: Arceus\n|-damage|p2a: Espeon|5/100|[from] item: Life Orb\n|\n|upkeep\n|inactive|Time left: 300 sec this turn | 300 sec total | 5 sec grace\n|\n|t:|1783549547\n|switch|p1a: Corviknight|Corviknight, L80, M|288/288\n|turn|6\n|inactive|Time left: 300 sec this turn | 300 sec total\n|\n|t:|1783549548\n|move|p2a: Espeon|Morning Sun|p2a: Espeon\n|-heal|p2a: Espeon|55/100\n|move|p1a: Corviknight|U-turn|p2a: Espeon\n|-supereffective|p2a: Espeon\n|-crit|p2a: Espeon\n|-damage|p2a: Espeon|0 fnt\n|faint|p2a: Espeon\n|inactive|Time left: 300 sec this turn | 300 sec total | 5 sec grace\n|\n|t:|1783549549\n|switch|p1a: Ursaluna|Ursaluna-Bloodmoon, L79, M|139/308|[from] U-turn\n|\n|-heal|p1a: Ursaluna|158/308|[from] item: Leftovers\n|upkeep\n|\n|t:|1783549550\n|switch|p2a: Toucannon|Toucannon, L88, M|100/100\n|turn|7\n|inactive|Time left: 300 sec this turn | 300 sec total\n|\n|t:|1783549551\n|move|p2a: Toucannon|Boomburst|p1a: Ursaluna\n|-damage|p1a: Ursaluna|0 fnt\n|faint|p1a: Ursaluna\n|\n|upkeep\n|inactive|Time left: 300 sec this turn | 300 sec total | 5 sec grace\n|\n|t:|1783549552\n|switch|p1a: Crabominable|Crabominable, L90, M|321/321\n|turn|8\n|inactive|Time left: 300 sec this turn | 300 sec total\n|\n|t:|1783549553\n|-singleturn|p2a: Toucannon|move: Beak Blast\n|move|p1a: Crabominable|Ice Hammer|p2a: Toucannon\n|-supereffective|p2a: Toucannon\n|-damage|p2a: Toucannon|0 fnt\n|-status|p1a: Crabominable|brn\n|-unboost|p1a: Crabominable|spe|1\n|faint|p2a: Toucannon\n|\n|-damage|p1a: Crabominable|301/321 brn|[from] brn\n|upkeep\n|\n|t:|1783549554\n|switch|p2a: Espathra|Espathra, L80, F|100/100\n|turn|9\n|inactive|Time left: 300 sec this turn | 300 sec total\n|\n|t:|1783549555\n|move|p2a: Espathra|Calm Mind|p2a: Espathra\n|-boost|p2a: Espathra|spa|1\n|-boost|p2a: Espathra|spd|1\n|move|p1a: Crabominable|Knock Off|p2a: Espathra\n|-supereffective|p2a: Espathra\n|-damage|p2a: Espathra|49/100\n|-enditem|p2a: Espathra|Leftovers|[from] move: Knock Off|[of] p1a: Crabominable\n|\n|-damage|p1a: Crabominable|281/321 brn|[from] brn\n|-ability|p2a: Espathra|Speed Boost|boost\n|-boost|p2a: Espathra|spe|1\n|upkeep\n|turn|10\n|inactive|Time left: 300 sec this turn | 300 sec total\n|\n|t:|1783549556\n|move|p2a: Espathra|Protect|p2a: Espathra\n|-singleturn|p2a: Espathra|Protect\n|move|p1a: Crabominable|Knock Off|p2a: Espathra\n|-activate|p2a: Espathra|move: Protect\n|\n|-damage|p1a: Crabominable|261/321 brn|[from] brn\n|-ability|p2a: Espathra|Speed Boost|boost\n|-boost|p2a: Espathra|spe|1\n|upkeep\n|turn|11\n|inactive|Time left: 300 sec this turn | 300 sec total\n|\n|t:|1783549557\n|move|p2a: Espathra|Calm Mind|p2a: Espathra\n|-boost|p2a: Espathra|spa|1\n|-boost|p2a: Espathra|spd|1\n|move|p1a: Crabominable|Ice Hammer|p2a: Espathra\n|-damage|p2a: Espathra|3/100\n|-unboost|p1a: Crabominable|spe|1\n|\n|-damage|p1a: Crabominable|241/321 brn|[from] brn\n|-ability|p2a: Espathra|Speed Boost|boost\n|-boost|p2a: Espathra|spe|1\n|upkeep\n|turn|12\n|inactive|Time left: 300 sec this turn | 300 sec total\n|\n|t:|1783549558\n|-terastallize|p1a: Crabominable|Ground\n|move|p2a: Espathra|Stored Power|p1a: Crabominable\n|-damage|p1a: Crabominable|0 fnt\n|faint|p1a: Crabominable\n|\n|-ability|p2a: Espathra|Speed Boost|boost\n|-boost|p2a: Espathra|spe|1\n|upkeep\n|inactive|Time left: 300 sec this turn | 300 sec total | 5 sec grace\n|\n|t:|1783549559\n|switch|p1a: Corviknight|Corviknight, L80, M|288/288\n|turn|13\n|inactive|Time left: 300 sec this turn | 300 sec total\n|\n|t:|1783549560\n|move|p2a: Espathra|Protect|p2a: Espathra\n|-singleturn|p2a: Espathra|Protect\n|move|p1a: Corviknight|Brave Bird|p2a: Espathra\n|-activate|p2a: Espathra|move: Protect\n|\n|-ability|p2a: Espathra|Speed Boost|boost\n|-boost|p2a: Espathra|spe|1\n|upkeep\n|turn|14\n|inactive|Time left: 300 sec this turn | 300 sec total\n|\n|t:|1783549561\n|move|p2a: Espathra|Stored Power|p1a: Corviknight\n|-resisted|p1a: Corviknight\n|-damage|p1a: Corviknight|66/288\n|move|p1a: Corviknight|Brave Bird|p2a: Espathra\n|-damage|p2a: Espathra|0 fnt\n|faint|p2a: Espathra\n|-damage|p1a: Corviknight|64/288|[from] Recoil\n|\n|-heal|p1a: Corviknight|82/288|[from] item: Leftovers\n|upkeep\n|\n|t:|1783549562\n|switch|p2a: Lucario|Lucario, L84, M|100/100\n|turn|15\n|inactive|Time left: 300 sec this turn | 300 sec total\n|\n|t:|1783549563\n|move|p2a: Lucario|Swords Dance|p2a: Lucario\n|-boost|p2a: Lucario|atk|2\n|move|p1a: Corviknight|Roost|p1a: Corviknight\n|-heal|p1a: Corviknight|226/288\n|-singleturn|p1a: Corviknight|move: Roost\n|\n|-heal|p1a: Corviknight|244/288|[from] item: Leftovers\n|upkeep\n|turn|16\n|inactive|Time left: 300 sec this turn | 300 sec total\n|\n|t:|1783549564\n|move|p2a: Lucario|Close Combat|p1a: Corviknight\n|-damage|p1a: Corviknight|0 fnt\n|-unboost|p2a: Lucario|def|1\n|-unboost|p2a: Lucario|spd|1\n|faint|p1a: Corviknight\n|-damage|p2a: Lucario|91/100|[from] item: Life Orb\n|\n|upkeep\n|inactive|Time left: 300 sec this turn | 300 sec total | 5 sec grace\n|\n|t:|1783549565\n|switch|p1a: Koraidon|Koraidon, L64|235/235\n|-weather|SunnyDay|[from] ability: Orichalcum Pulse|[of] p1a: Koraidon\n|-activate|p1a: Koraidon|Orichalcum Pulse|[source]\n|turn|17\n|inactive|Time left: 300 sec this turn | 300 sec total\n|\n|t:|1783549566\n|move|p2a: Lucario|Extreme Speed|p1a: Koraidon\n|-damage|p1a: Koraidon|53/235\n|-damage|p2a: Lucario|81/100|[from] item: Life Orb\n|move|p1a: Koraidon|Collision Course|p2a: Lucario\n|-supereffective|p2a: Lucario\n|-damage|p2a: Lucario|0 fnt\n|faint|p2a: Lucario\n|\n|-weather|SunnyDay|[upkeep]\n|upkeep\n|\n|t:|1783549567\n|switch|p2a: Garganacl|Garganacl, L80, F|100/100\n|turn|18\n|inactive|Time left: 300 sec this turn | 300 sec total\n|\n|t:|1783549568\n|switch|p1a: Masquerain|Masquerain, L87, F|130/264\n|-ability|p1a: Masquerain|Intimidate|boost\n|-unboost|p2a: Garganacl|atk|1\n|move|p2a: Garganacl|Salt Cure|p1a: Masquerain\n|-supereffective|p1a: Masquerain\n|-damage|p1a: Masquerain|0 fnt\n|faint|p1a: Masquerain\n|\n|-weather|SunnyDay|[upkeep]\n|upkeep\n|inactive|Time left: 300 sec this turn | 300 sec total | 5 sec grace\n|\n|t:|1783549569\n|switch|p1a: Koraidon|Koraidon, L64|53/235\n|-activate|p1a: Koraidon|ability: Orichalcum Pulse\n|turn|19\n|inactive|Time left: 300 sec this turn | 300 sec total\n|\n|t:|1783549569\n|move|p1a: Koraidon|Swords Dance|p1a: Koraidon\n|-boost|p1a: Koraidon|atk|2\n|move|p2a: Garganacl|Body Press|p1a: Koraidon\n|-damage|p1a: Koraidon|0 fnt\n|faint|p1a: Koraidon\n|\n|win|p0y832ec42", "uploadtime": 1783549569, "views": 0, "rating": 0, "private": 0, "password": null, "_winner": "p0y832ec42", "_our_name": "p0x832e1db"}