{"id": "battle-gen9randombattle-1879", "formatid": "gen9randombattle", "format": "[Gen 9] Random Battle", "players": ["p0x1879da3b", "p0y18798791"], "log": "|init|battle\n|title|p0x1879da3b vs. p0y18798791\n|j|\u2606p0x1879da3b\n|j|\u2606p0y18798791\n|t:|1783560992\n|gametype|singles\n|player|p1|p0x1879da3b|265|\n|player|p2|p0y18798791|1|\n|gen|9\n|tier|[Gen 9] Random Battle\n|rule|Species Clause: Limit one of each Pok\u00e9mon\n|rule|HP Percentage Mod: HP is shown in percentages\n|rule|Sleep Clause Mod: Limit one foe put to sleep\n|rule|Illusion Level Mod: Illusion disguises the Pok\u00e9mon's true level\n|\n|t:|1783560992\n|teamsize|p1|6\n|teamsize|p2|6\n|start\n|switch|p1a: Lokix|Lokix, L82, F|251/251\n|switch|p2a: Dragapult|Dragapult, L77, M|100/100\n|turn|1\n|inactive|Battle timer is ON: inactive players will automatically lose when time's up. (requested by p0x1879da3b)\n|inactive|p0y18798791 also wants the timer to be on.\n|\n|t:|1783560993\n|switch|p1a: Blaziken|Blaziken, L76, M|247/247\n|move|p2a: Dragapult|Will-O-Wisp|p1a: Blaziken\n|-immune|p1a: Blaziken\n|\n|upkeep\n|turn|2\n|inactive|Time left: 300 sec this turn | 300 sec total\n|\n|t:|1783560994\n|move|p2a: Dragapult|Dragon Darts|p1a: Blaziken\n|-damage|p1a: Blaziken|174/247\n|-anim|p2a: Dragapult|Dragon Darts|p1a: Blaziken\n|-damage|p1a: Blaziken|101/247\n|move|p1a: Blaziken|Knock Off|p2a: Dragapult\n|-supereffective|p2a: Dragapult\n|-damage|p2a: Dragapult|15/100\n|-enditem|p2a: Dragapult|Heavy-Duty Boots|[from] move: Knock Off|[of] p1a: Blaziken\n|-damage|p1a: Blaziken|77/247|[from] item: Life Orb\n|\n|-ability|p1a: Blaziken|Speed Boost|boost\n|-boost|p1a: Blaziken|spe|1\n|upkeep\n|turn|3\n|inactive|Time left: 300 sec this turn | 300 sec total\n|\n|t:|1783560995\n|switch|p1a: Magcargo|Magcargo, L95, M|268/268\n|move|p2a: Dragapult|Dragon Darts|p1a: Magcargo\n|-damage|p1a: Magcargo|234/268\n|-anim|p2a: Dragapult|Dragon Darts|p1a: Magcargo\n|-damage|p1a: Magcargo|197/268\n|\n|upkeep\n|turn|4\n|inactive|Time left: 300 sec this turn | 300 sec total\n|\n|t:|1783560996\n|move|p2a: Dragapult|Hex|p1a: Magcargo\n|-damage|p1a: Magcargo|143/268\n|move|p1a: Magcargo|Power Gem|p2a: Dragapult\n|-damage|p2a: Dragapult|0 fnt\n|faint|p2a: Dragapult\n|\n|upkeep\n|\n|t:|1783560997\n|switch|p2a: Krookodile|Krookodile, L79, M|100/100\n|-ability|p2a: Krookodile|Intimidate|boost\n|-unboost|p1a: Magcargo|atk|1\n|turn|5\n|inactive|Time left: 300 sec this turn | 300 sec total\n|\n|t:|1783560998\n|switch|p1a: Keldeo|Keldeo-Resolute, L79|273/273\n|move|p2a: Krookodile|Earthquake|p1a: Keldeo\n|-damage|p1a: Keldeo|111/273\n|\n|-heal|p1a: Keldeo|128/273|[from] item: Leftovers\n|upkeep\n|turn|6\n|inactive|Time left: 300 sec this turn | 300 sec total\n|\n|t:|1783560999\n|move|p1a: Keldeo|Surf|p2a: Krookodile\n|-supereffective|p2a: Krookodile\n|-damage|p2a: Krookodile|1/100\n|move|p2a: Krookodile|Earthquake|p1a: Keldeo\n|-damage|p1a: Keldeo|0 fnt\n|faint|p1a: Keldeo\n|\n|upkeep\n|inactive|Time left: 300 sec this turn | 300 sec total | 5 sec grace\n|\n|t:|1783561000\n|switch|p1a: Lokix|Lokix, L82, F|251/251\n|turn|7\n|inactive|Time left: 300 sec this turn | 300 sec total\n|\n|t:|1783561001\n|move|p1a: Lokix|U-turn|p2a: Krookodile\n|-supereffective|p2a: Krookodile\n|-damage|p2a: Krookodile|0 fnt\n|faint|p2a: Krookodile\n|inactive|Time left: 300 sec this turn | 300 sec total | 5 sec grace\n|\n|t:|1783561002\n|switch|p1a: Gumshoos|Gumshoos, L95, F|321/321|[from] U-turn\n|\n|upkeep\n|\n|t:|1783561003\n|switch|p2a: Lurantis|Lurantis, L87, F|100/100\n|turn|8\n|inactive|Time left: 300 sec this turn | 300 sec total\n|\n|t:|1783561004\n|-terastallize|p1a: Gumshoos|Normal\n|-terastallize|p2a: Lurantis|Fighting\n|move|p1a: Gumshoos|Double-Edge|p2a: Lurantis\n|-damage|p2a: Lurantis|0 fnt\n|faint|p2a: Lurantis\n|-damage|p1a: Gumshoos|234/321|[from] Recoil\n|\n|upkeep\n|\n|t:|1783561005\n|switch|p2a: Magmortar|Magmortar, L88, F|100/100\n|turn|9\n|inactive|Time left: 300 sec this turn | 300 sec total\n|\n|t:|1783561006\n|move|p2a: Magmortar|Fire Blast|p1a: Gumshoos\n|-crit|p1a: Gumshoos\n|-damage|p1a: Gumshoos|0 fnt\n|faint|p1a: Gumshoos\n|\n|upkeep\n|inactive|Time left: 300 sec this turn | 300 sec total | 5 sec grace\n|\n|t:|1783561007\n|switch|p1a: Magcargo|Magcargo, L95, M|143/268\n|turn|10\n|inactive|Time left: 300 sec this turn | 300 sec total\n|\n|t:|1783561008\n|move|p2a: Magmortar|Scorching Sands|p1a: Magcargo\n|-supereffective|p1a: Magcargo\n|-crit|p1a: Magcargo\n|-damage|p1a: Magcargo|0 fnt\n|faint|p1a: Magcargo\n|\n|upkeep\n|inactive|Time left: 300 sec this turn | 300 sec total | 5 sec grace\n|\n|t:|1783561009\n|switch|p1a: Lokix|Lokix, L82, F|251/251\n|turn|11\n|inactive|Time left: 300 sec this turn | 300 sec total\n|\n|t:|1783561010\n|move|p1a: Lokix|U-turn|p2a: Magmortar\n|-resisted|p2a: Magmortar\n|-damage|p2a: Magmortar|67/100\n|inactive|Time left: 300 sec this turn | 300 sec total | 5 sec grace\n|\n|t:|1783561011\n|switch|p1a: Blaziken|Blaziken, L76, M|77/247|[from] U-turn\n|move|p2a: Magmortar|Fire Blast|p1a: Blaziken\n|-resisted|p1a: Blaziken\n|-damage|p1a: Blaziken|0 fnt\n|faint|p1a: Blaziken\n|\n|upkeep\n|inactive|Time left: 300 sec this turn | 300 sec total | 10 sec grace\n|\n|t:|1783561012\n|switch|p1a: Lokix|Lokix, L82, F|251/251\n|turn|12\n|inactive|Time left: 300 sec this turn | 300 sec total\n|\n|t:|1783561013\n|move|p1a: Lokix|First Impression|p2a: Magmortar\n|-resisted|p2a: Magmortar\n|-damage|p2a: Magmortar|17/100\n|move|p2a: Magmortar|Fire Blast|p1a: Lokix\n|-supereffective|p1a: Lokix\n|-damage|p1a: Lokix|0 fnt\n|faint|p1a: Lokix\n|\n|upkeep\n|inactive|Time left: 300 sec this turn | 300 sec total | 5 sec grace\n|\n|t:|1783561014\n|switch|p1a: Froslass|Froslass, L87, F|263/263\n|turn|13\n|inactive|Time left: 300 sec this turn | 300 sec total\n|\n|t:|1783561014\n|move|p1a: Froslass|Triple Axel|p2a: Magmortar\n|-resisted|p2a: Magmortar\n|-damage|p2a: Magmortar|12/100\n|-resisted|p2a: Magmortar\n|-damage|p2a: Magmortar|4/100\n|-resisted|p2a: Magmortar\n|-damage|p2a: Magmortar|0 fnt\n|-status|p1a: Froslass|brn|[from] ability: Flame Body|[of] p2a: Magmortar\n|faint|p2a: Magmortar\n|-hitcount|p2: Magmortar|3\n|\n|-damage|p1a: Froslass|247/263 brn|[from] brn\n|upkeep\n|\n|t:|1783561015\n|switch|p2a: Dedenne|Dedenne, L88, F|100/100\n|turn|14\n|inactive|Time left: 300 sec this turn | 300 sec total\n|\n|t:|1783561016\n|move|p1a: Froslass|Will-O-Wisp|p2a: Dedenne\n|-status|p2a: Dedenne|brn\n|move|p2a: Dedenne|Thunderbolt|p1a: Froslass\n|-damage|p1a: Froslass|139/263 brn\n|-start|p2a: Dedenne|Disable|Thunderbolt|[from] ability: Cursed Body|[of] p1a: Froslass\n|\n|-damage|p1a: Froslass|123/263 brn|[from] brn\n|-damage|p2a: Dedenne|94/100 brn|[from] brn\n|upkeep\n|turn|15\n|inactive|Time left: 300 sec this turn | 300 sec total\n|\n|t:|1783561017\n|move|p1a: Froslass|Triple Axel|p2a: Dedenne\n|-damage|p2a: Dedenne|89/100 brn\n|-damage|p2a: Dedenne|79/100 brn\n|-damage|p2a: Dedenne|64/100 brn\n|-hitcount|p2a: Dedenne|3\n|move|p2a: Dedenne|Dazzling Gleam|p1a: Froslass\n|-damage|p1a: Froslass|26/263 brn\n|\n|-damage|p1a: Froslass|10/263 brn|[from] brn\n|-damage|p2a: Dedenne|58/100 brn|[from] brn\n|upkeep\n|turn|16\n|inactive|Time left: 300 sec this turn | 300 sec total\n|\n|t:|1783561017\n|move|p1a: Froslass|Will-O-Wisp|p2a: Dedenne\n|-fail|p2a: Dedenne|brn\n|move|p2a: Dedenne|Dazzling Gleam|p1a: Froslass\n|-damage|p1a: Froslass|0 fnt\n|faint|p1a: Froslass\n|\n|win|p0y18798791", "uploadtime": 1783561017, "views": 0, "rating": 0, "private": 0, "password": null, "_winner": "p0y18798791", "_our_name": "p0x1879da3b"}