{"id": "battle-gen9randombattle-468", "formatid": "gen9randombattle", "format": "[Gen 9] Random Battle", "players": ["p0x4685d70", "p0y46874e0"], "log": "|init|battle\n|title|p0x4685d70 vs. p0y46874e0\n|j|\u2606p0x4685d70\n|j|\u2606p0y46874e0\n|t:|1783545205\n|gametype|singles\n|player|p1|p0x4685d70|169|\n|player|p2|p0y46874e0|170|\n|gen|9\n|tier|[Gen 9] Random Battle\n|rule|Species Clause: Limit one of each Pok\u00e9mon\n|rule|HP Percentage Mod: HP is shown in percentages\n|rule|Sleep Clause Mod: Limit one foe put to sleep\n|rule|Illusion Level Mod: Illusion disguises the Pok\u00e9mon's true level\n|\n|t:|1783545205\n|teamsize|p1|6\n|teamsize|p2|6\n|start\n|switch|p1a: Zebstrika|Zebstrika, L87, M|100/100\n|switch|p2a: Muk|Muk-Alola, L82, M|306/306\n|turn|1\n|inactive|Battle timer is ON: inactive players will automatically lose when time's up. (requested by p0y46874e0)\n|inactive|p0x4685d70 also wants the timer to be on.\n|\n|t:|1783545206\n|move|p1a: Zebstrika|High Horsepower|p2a: Muk\n|-supereffective|p2a: Muk\n|-damage|p2a: Muk|95/306\n|-damage|p1a: Zebstrika|91/100|[from] item: Life Orb\n|move|p2a: Muk|Knock Off|p1a: Zebstrika\n|-damage|p1a: Zebstrika|44/100\n|-enditem|p1a: Zebstrika|Life Orb|[from] move: Knock Off|[of] p2a: Muk\n|\n|upkeep\n|turn|2\n|inactive|Time left: 300 sec this turn | 300 sec total\n|\n|t:|1783545207\n|switch|p2a: Donphan|Donphan, L84, M|288/288\n|move|p1a: Zebstrika|Supercell Slam|p2a: Donphan\n|-immune|p2a: Donphan\n|-damage|p1a: Zebstrika|0 fnt|[from] supercellslam\n|faint|p1a: Zebstrika\n|\n|upkeep\n|\n|t:|1783545208\n|switch|p1a: Porygon2|Porygon2, L81|100/100\n|-ability|p1a: Porygon2|Download|boost\n|-boost|p1a: Porygon2|spa|1\n|turn|3\n|inactive|Time left: 300 sec this turn | 300 sec total\n|\n|t:|1783545210\n|move|p1a: Porygon2|Ice Beam|p2a: Donphan\n|-supereffective|p2a: Donphan\n|-damage|p2a: Donphan|106/288\n|move|p2a: Donphan|Rapid Spin|p1a: Porygon2\n|-damage|p1a: Porygon2|89/100\n|-boost|p2a: Donphan|spe|1\n|\n|upkeep\n|turn|4\n|inactive|Time left: 300 sec this turn | 300 sec total\n|\n|t:|1783545211\n|switch|p2a: Gastrodon|Gastrodon-East, L86, F|331/331\n|move|p1a: Porygon2|Ice Beam|p2a: Gastrodon\n|-damage|p2a: Gastrodon|229/331\n|\n|-heal|p2a: Gastrodon|249/331|[from] item: Leftovers\n|upkeep\n|turn|5\n|inactive|Time left: 300 sec this turn | 300 sec total\n|\n|t:|1783545212\n|move|p1a: Porygon2|Tri Attack|p2a: Gastrodon\n|-damage|p2a: Gastrodon|122/331\n|move|p2a: Gastrodon|Recover|p2a: Gastrodon\n|-heal|p2a: Gastrodon|288/331\n|\n|-heal|p2a: Gastrodon|308/331|[from] item: Leftovers\n|upkeep\n|turn|6\n|inactive|Time left: 300 sec this turn | 300 sec total\n|\n|t:|1783545213\n|move|p1a: Porygon2|Tri Attack|p2a: Gastrodon\n|-damage|p2a: Gastrodon|188/331\n|move|p2a: Gastrodon|Stealth Rock|p1a: Porygon2\n|-sidestart|p1: p0x4685d70|move: Stealth Rock\n|\n|-heal|p2a: Gastrodon|208/331|[from] item: Leftovers\n|upkeep\n|turn|7\n|inactive|Time left: 300 sec this turn | 300 sec total\n|\n|t:|1783545214\n|move|p1a: Porygon2|Tri Attack|p2a: Gastrodon\n|-damage|p2a: Gastrodon|85/331\n|move|p2a: Gastrodon|Recover|p2a: Gastrodon\n|-heal|p2a: Gastrodon|251/331\n|\n|-heal|p2a: Gastrodon|271/331|[from] item: Leftovers\n|upkeep\n|turn|8\n|inactive|Time left: 300 sec this turn | 300 sec total\n|\n|t:|1783545215\n|move|p1a: Porygon2|Tri Attack|p2a: Gastrodon\n|-damage|p2a: Gastrodon|145/331\n|move|p2a: Gastrodon|Recover|p2a: Gastrodon\n|-heal|p2a: Gastrodon|311/331\n|\n|-heal|p2a: Gastrodon|331/331|[from] item: Leftovers\n|upkeep\n|turn|9\n|inactive|Time left: 300 sec this turn | 300 sec total\n|\n|t:|1783545216\n|move|p1a: Porygon2|Tri Attack|p2a: Gastrodon\n|-crit|p2a: Gastrodon\n|-damage|p2a: Gastrodon|141/331\n|move|p2a: Gastrodon|Surf|p1a: Porygon2\n|-damage|p1a: Porygon2|65/100\n|\n|-heal|p2a: Gastrodon|161/331|[from] item: Leftovers\n|upkeep\n|turn|10\n|inactive|Time left: 300 sec this turn | 300 sec total\n|\n|t:|1783545217\n|move|p1a: Porygon2|Tri Attack|p2a: Gastrodon\n|-damage|p2a: Gastrodon|19/331\n|move|p2a: Gastrodon|Recover|p2a: Gastrodon\n|-heal|p2a: Gastrodon|185/331\n|\n|-heal|p2a: Gastrodon|205/331|[from] item: Leftovers\n|upkeep\n|turn|11\n|inactive|Time left: 300 sec this turn | 300 sec total\n|\n|t:|1783545219\n|move|p1a: Porygon2|Tri Attack|p2a: Gastrodon\n|-damage|p2a: Gastrodon|81/331\n|move|p2a: Gastrodon|Recover|p2a: Gastrodon\n|-heal|p2a: Gastrodon|247/331\n|\n|-heal|p2a: Gastrodon|267/331|[from] item: Leftovers\n|upkeep\n|turn|12\n|inactive|Time left: 300 sec this turn | 300 sec total\n|\n|t:|1783545220\n|move|p1a: Porygon2|Tri Attack|p2a: Gastrodon\n|-damage|p2a: Gastrodon|146/331\n|move|p2a: Gastrodon|Surf|p1a: Porygon2\n|-damage|p1a: Porygon2|40/100\n|\n|-heal|p2a: Gastrodon|166/331|[from] item: Leftovers\n|upkeep\n|turn|13\n|inactive|Time left: 300 sec this turn | 300 sec total\n|\n|t:|1783545221\n|move|p1a: Porygon2|Recover|p1a: Porygon2\n|-heal|p1a: Porygon2|90/100\n|move|p2a: Gastrodon|Recover|p2a: Gastrodon\n|-heal|p2a: Gastrodon|331/331\n|\n|upkeep\n|turn|14\n|inactive|Time left: 300 sec this turn | 300 sec total\n|\n|t:|1783545222\n|move|p1a: Porygon2|Tri Attack|p2a: Gastrodon\n|-damage|p2a: Gastrodon|189/331\n|-status|p2a: Gastrodon|brn\n|move|p2a: Gastrodon|Surf|p1a: Porygon2\n|-damage|p1a: Porygon2|69/100\n|\n|-heal|p2a: Gastrodon|209/331 brn|[from] item: Leftovers\n|-damage|p2a: Gastrodon|189/331 brn|[from] brn\n|upkeep\n|turn|15\n|inactive|Time left: 300 sec this turn | 300 sec total\n|\n|t:|1783545223\n|move|p1a: Porygon2|Tri Attack|p2a: Gastrodon\n|-damage|p2a: Gastrodon|62/331 brn\n|move|p2a: Gastrodon|Recover|p2a: Gastrodon\n|-heal|p2a: Gastrodon|228/331 brn\n|\n|-heal|p2a: Gastrodon|248/331 brn|[from] item: Leftovers\n|-damage|p2a: Gastrodon|228/331 brn|[from] brn\n|upkeep\n|turn|16\n|inactive|Time left: 300 sec this turn | 300 sec total\n|\n|t:|1783545224\n|move|p1a: Porygon2|Tri Attack|p2a: Gastrodon\n|-damage|p2a: Gastrodon|89/331 brn\n|move|p2a: Gastrodon|Recover|p2a: Gastrodon\n|-heal|p2a: Gastrodon|255/331 brn\n|\n|-heal|p2a: Gastrodon|275/331 brn|[from] item: Leftovers\n|-damage|p2a: Gastrodon|255/331 brn|[from] brn\n|upkeep\n|turn|17\n|inactive|Time left: 300 sec this turn | 300 sec total\n|\n|t:|1783545225\n|move|p1a: Porygon2|Tri Attack|p2a: Gastrodon\n|-crit|p2a: Gastrodon\n|-damage|p2a: Gastrodon|62/331 brn\n|move|p2a: Gastrodon|Surf|p1a: Porygon2\n|-damage|p1a: Porygon2|45/100\n|\n|-heal|p2a: Gastrodon|82/331 brn|[from] item: Leftovers\n|-damage|p2a: Gastrodon|62/331 brn|[from] brn\n|upkeep\n|turn|18\n|inactive|Time left: 300 sec this turn | 300 sec total\n|\n|t:|1783545226\n|switch|p2a: Cinderace|Cinderace, L77, M|249/249\n|move|p1a: Porygon2|Recover|p1a: Porygon2\n|-heal|p1a: Porygon2|95/100\n|\n|upkeep\n|turn|19\n|inactive|Time left: 300 sec this turn | 300 sec total\n|\n|t:|1783545227\n|move|p2a: Cinderace|High Jump Kick|p1a: Porygon2\n|-start|p2a: Cinderace|typechange|Fighting|[from] ability: Libero\n|-supereffective|p1a: Porygon2\n|-damage|p1a: Porygon2|0 fnt\n|faint|p1a: Porygon2\n|\n|upkeep\n|\n|t:|1783545229\n|switch|p1a: Galvantula|Galvantula, L82, F|100/100\n|turn|20\n|inactive|Time left: 300 sec this turn | 300 sec total\n|\n|t:|1783545230\n|move|p2a: Cinderace|High Jump Kick|p1a: Galvantula|[miss]\n|-miss|p2a: Cinderace|p1a: Galvantula\n|-damage|p2a: Cinderace|125/249|[from] highjumpkick\n|move|p1a: Galvantula|Sticky Web|p2a: Cinderace\n|-sidestart|p2: p0y46874e0|move: Sticky Web\n|\n|upkeep\n|turn|21\n|inactive|Time left: 300 sec this turn | 300 sec total\n|\n|t:|1783545231\n|move|p2a: Cinderace|High Jump Kick|p1a: Galvantula\n|-resisted|p1a: Galvantula\n|-damage|p1a: Galvantula|50/100\n|move|p1a: Galvantula|Thunder|p2a: Cinderace\n|-damage|p2a: Cinderace|0 fnt\n|faint|p2a: Cinderace\n|\n|upkeep\n|inactive|Time left: 300 sec this turn | 300 sec total | 5 sec grace\n|\n|t:|1783545232\n|switch|p2a: Donphan|Donphan, L84, M|106/288\n|-activate|p2a: Donphan|move: Sticky Web\n|-unboost|p2a: Donphan|spe|1\n|turn|22\n|inactive|Time left: 300 sec this turn | 300 sec total\n|\n|t:|1783545233\n|move|p1a: Galvantula|Energy Ball|p2a: Donphan\n|-supereffective|p2a: Donphan\n|-damage|p2a: Donphan|8/288\n|move|p2a: Donphan|Rapid Spin|p1a: Galvantula\n|-damage|p1a: Galvantula|27/100\n|-boost|p2a: Donphan|spe|1\n|-sideend|p2: p0y46874e0|Sticky Web|[from] move: Rapid Spin|[of] p2a: Donphan\n|\n|upkeep\n|turn|23\n|inactive|Time left: 300 sec this turn | 300 sec total\n|\n|t:|1783545234\n|move|p1a: Galvantula|Bug Buzz|p2a: Donphan\n|-damage|p2a: Donphan|0 fnt\n|faint|p2a: Donphan\n|\n|upkeep\n|inactive|Time left: 300 sec this turn | 300 sec total | 5 sec grace\n|\n|t:|1783545235\n|switch|p2a: Ninetales|Ninetales-Alola, L78, M|242/242\n|-weather|Snowscape|[from] ability: Snow Warning|[of] p2a: Ninetales\n|turn|24\n|inactive|Time left: 300 sec this turn | 300 sec total\n|\n|t:|1783545236\n|move|p1a: Galvantula|Sticky Web|p2a: Ninetales\n|-sidestart|p2: p0y46874e0|move: Sticky Web\n|move|p2a: Ninetales|Aurora Veil|p2a: Ninetales\n|-sidestart|p2: p0y46874e0|move: Aurora Veil\n|\n|-weather|Snowscape|[upkeep]\n|upkeep\n|turn|25\n|inactive|Time left: 300 sec this turn | 300 sec total\n|\n|t:|1783545237\n|switch|p1a: Sylveon|Sylveon, L85, F|100/100\n|-damage|p1a: Sylveon|88/100|[from] Stealth Rock\n|move|p2a: Ninetales|Moonblast|p1a: Sylveon\n|-damage|p1a: Sylveon|68/100\n|\n|-weather|Snowscape|[upkeep]\n|-heal|p1a: Sylveon|74/100|[from] item: Leftovers\n|upkeep\n|turn|26\n|inactive|Time left: 300 sec this turn | 300 sec total\n|\n|t:|1783545238\n|move|p2a: Ninetales|Blizzard|p1a: Sylveon\n|-damage|p1a: Sylveon|51/100\n|move|p1a: Sylveon|Calm Mind|p1a: Sylveon\n|-boost|p1a: Sylveon|spa|1\n|-boost|p1a: Sylveon|spd|1\n|\n|-weather|Snowscape|[upkeep]\n|-heal|p1a: Sylveon|57/100|[from] item: Leftovers\n|upkeep\n|turn|27\n|inactive|Time left: 300 sec this turn | 300 sec total\n|\n|t:|1783545239\n|move|p2a: Ninetales|Blizzard|p1a: Sylveon\n|-damage|p1a: Sylveon|42/100\n|move|p1a: Sylveon|Wish|p1a: Sylveon\n|\n|-weather|Snowscape|[upkeep]\n|-heal|p1a: Sylveon|48/100|[from] item: Leftovers\n|upkeep\n|turn|28\n|inactive|Time left: 300 sec this turn | 300 sec total\n|\n|t:|1783545241\n|move|p2a: Ninetales|Blizzard|p1a: Sylveon\n|-damage|p1a: Sylveon|33/100\n|-status|p1a: Sylveon|frz\n|-curestatus|p1a: Sylveon|frz|[msg]\n|move|p1a: Sylveon|Calm Mind|p1a: Sylveon\n|-boost|p1a: Sylveon|spa|1\n|-boost|p1a: Sylveon|spd|1\n|\n|-weather|none\n|-heal|p1a: Sylveon|83/100|[from] move: Wish|[wisher] Sylveon\n|-heal|p1a: Sylveon|89/100|[from] item: Leftovers\n|upkeep\n|turn|29\n|inactive|Time left: 300 sec this turn | 300 sec total\n|\n|t:|1783545242\n|switch|p2a: Registeel|Registeel, L81|262/262\n|-activate|p2a: Registeel|move: Sticky Web\n|-fail|p2a: Registeel|unboost|[from] ability: Clear Body|[of] p2a: Registeel\n|move|p1a: Sylveon|Hyper Voice|p2a: Registeel\n|-resisted|p2a: Registeel\n|-damage|p2a: Registeel|220/262\n|\n|-heal|p1a: Sylveon|95/100|[from] item: Leftovers\n|upkeep\n|turn|30\n|inactive|Time left: 300 sec this turn | 300 sec total\n|\n|t:|1783545243\n|move|p1a: Sylveon|Protect|p1a: Sylveon\n|-singleturn|p1a: Sylveon|Protect\n|move|p2a: Registeel|Iron Head|p1a: Sylveon\n|-activate|p1a: Sylveon|move: Protect\n|\n|-heal|p1a: Sylveon|100/100|[from] item: Leftovers\n|upkeep\n|turn|31\n|inactive|Time left: 300 sec this turn | 300 sec total\n|\n|t:|1783545244\n|move|p1a: Sylveon|Wish|p1a: Sylveon\n|move|p2a: Registeel|Iron Head|p1a: Sylveon\n|-supereffective|p1a: Sylveon\n|-damage|p1a: Sylveon|44/100\n|\n|-heal|p1a: Sylveon|50/100|[from] item: Leftovers\n|-sideend|p2: p0y46874e0|move: Aurora Veil\n|upkeep\n|turn|32\n|inactive|Time left: 300 sec this turn | 300 sec total\n|\n|t:|1783545245\n|move|p1a: Sylveon|Protect|p1a: Sylveon\n|-singleturn|p1a: Sylveon|Protect\n|move|p2a: Registeel|Iron Head|p1a: Sylveon\n|-activate|p1a: Sylveon|move: Protect\n|\n|-heal|p1a: Sylveon|99/100|[from] move: Wish|[wisher] Sylveon\n|-heal|p1a: Sylveon|100/100|[from] item: Leftovers\n|upkeep\n|turn|33\n|inactive|Time left: 300 sec this turn | 300 sec total\n|\n|t:|1783545246\n|move|p1a: Sylveon|Hyper Voice|p2a: Registeel\n|-resisted|p2a: Registeel\n|-damage|p2a: Registeel|126/262\n|move|p2a: Registeel|Iron Head|p1a: Sylveon\n|-supereffective|p1a: Sylveon\n|-damage|p1a: Sylveon|42/100\n|\n|-heal|p1a: Sylveon|48/100|[from] item: Leftovers\n|upkeep\n|turn|34\n|inactive|Time left: 300 sec this turn | 300 sec total\n|\n|t:|1783545247\n|move|p1a: Sylveon|Protect|p1a: Sylveon\n|-singleturn|p1a: Sylveon|Protect\n|move|p2a: Registeel|Iron Head|p1a: Sylveon\n|-activate|p1a: Sylveon|move: Protect\n|\n|-heal|p1a: Sylveon|54/100|[from] item: Leftovers\n|upkeep\n|turn|35\n|inactive|Time left: 300 sec this turn | 300 sec total\n|\n|t:|1783545248\n|move|p1a: Sylveon|Hyper Voice|p2a: Registeel\n|-resisted|p2a: Registeel\n|-damage|p2a: Registeel|42/262\n|move|p2a: Registeel|Iron Head|p1a: Sylveon\n|-supereffective|p1a: Sylveon\n|-damage|p1a: Sylveon|0 fnt\n|faint|p1a: Sylveon\n|\n|upkeep\n|\n|t:|1783545249\n|switch|p1a: Salazzle|Salazzle, L83, F|100/100\n|turn|36\n|inactive|Time left: 300 sec this turn | 300 sec total\n|\n|t:|1783545250\n|move|p1a: Salazzle|Nasty Plot|p1a: Salazzle\n|-boost|p1a: Salazzle|spa|2\n|move|p2a: Registeel|Rest|p2a: Registeel\n|-status|p2a: Registeel|slp|[from] move: Rest\n|-heal|p2a: Registeel|262/262 slp|[silent]\n|-enditem|p2a: Registeel|Chesto Berry|[eat]\n|-curestatus|p2a: Registeel|slp|[msg]\n|\n|upkeep\n|turn|37\n|inactive|Time left: 300 sec this turn | 300 sec total\n|\n|t:|1783545251\n|switch|p2a: Gastrodon|Gastrodon-East, L86, F|62/331 brn\n|-activate|p2a: Gastrodon|move: Sticky Web\n|-unboost|p2a: Gastrodon|spe|1\n|move|p1a: Salazzle|Fire Blast|p2a: Gastrodon\n|-resisted|p2a: Gastrodon\n|-damage|p2a: Gastrodon|0 fnt\n|faint|p2a: Gastrodon\n|\n|upkeep\n|inactive|Time left: 300 sec this turn | 300 sec total | 5 sec grace\n|\n|t:|1783545252\n|switch|p2a: Muk|Muk-Alola, L82, M|95/306\n|-activate|p2a: Muk|move: Sticky Web\n|-unboost|p2a: Muk|spe|1\n|turn|38\n|inactive|Time left: 300 sec this turn | 300 sec total\n|\n|t:|1783545252\n|move|p1a: Salazzle|Fire Blast|p2a: Muk\n|-damage|p2a: Muk|0 fnt\n|faint|p2a: Muk\n|\n|upkeep\n|inactive|Time left: 300 sec this turn | 300 sec total | 5 sec grace\n|\n|t:|1783545253\n|switch|p2a: Registeel|Registeel, L81|262/262\n|-activate|p2a: Registeel|move: Sticky Web\n|-fail|p2a: Registeel|unboost|[from] ability: Clear Body|[of] p2a: Registeel\n|turn|39\n|inactive|Time left: 300 sec this turn | 300 sec total\n|\n|t:|1783545254\n|-terastallize|p2a: Registeel|Fighting\n|move|p1a: Salazzle|Fire Blast|p2a: Registeel|[miss]\n|-miss|p1a: Salazzle|p2a: Registeel\n|move|p2a: Registeel|Body Press|p1a: Salazzle\n|-resisted|p1a: Salazzle\n|-damage|p1a: Salazzle|69/100\n|\n|upkeep\n|turn|40\n|inactive|Time left: 300 sec this turn | 300 sec total\n|\n|t:|1783545256\n|move|p1a: Salazzle|Sludge Wave|p2a: Registeel\n|-damage|p2a: Registeel|106/262\n|move|p2a: Registeel|Body Press|p1a: Salazzle\n|-resisted|p1a: Salazzle\n|-damage|p1a: Salazzle|39/100\n|\n|upkeep\n|turn|41\n|inactive|Time left: 300 sec this turn | 300 sec total\n|\n|t:|1783545257\n|move|p1a: Salazzle|Sludge Wave|p2a: Registeel\n|-damage|p2a: Registeel|0 fnt\n|faint|p2a: Registeel\n|\n|upkeep\n|inactive|Time left: 300 sec this turn | 300 sec total | 5 sec grace\n|\n|t:|1783545258\n|switch|p2a: Ninetales|Ninetales-Alola, L78, M|242/242\n|-activate|p2a: Ninetales|move: Sticky Web\n|-unboost|p2a: Ninetales|spe|1\n|-weather|Snowscape|[from] ability: Snow Warning|[of] p2a: Ninetales\n|turn|42\n|inactive|Time left: 300 sec this turn | 300 sec total\n|\n|t:|1783545259\n|-terastallize|p1a: Salazzle|Grass\n|move|p1a: Salazzle|Sludge Wave|p2a: Ninetales\n|-supereffective|p2a: Ninetales\n|-damage|p2a: Ninetales|0 fnt\n|faint|p2a: Ninetales\n|\n|win|p0x4685d70", "uploadtime": 1783545259, "views": 0, "rating": 0, "private": 0, "password": null, "_winner": "p0x4685d70", "_our_name": "p0y46874e0"}