{"id": "battle-gen9randombattle-1015", "formatid": "gen9randombattle", "format": "[Gen 9] Random Battle", "players": ["p0x1015f8d5", "p0y10150746"], "log": "|init|battle\n|title|p0x1015f8d5 vs. p0y10150746\n|j|\u2606p0x1015f8d5\n|j|\u2606p0y10150746\n|t:|1783550955\n|gametype|singles\n|player|p1|p0x1015f8d5|266|\n|player|p2|p0y10150746|101|\n|gen|9\n|tier|[Gen 9] Random Battle\n|rule|Species Clause: Limit one of each Pok\u00e9mon\n|rule|HP Percentage Mod: HP is shown in percentages\n|rule|Sleep Clause Mod: Limit one foe put to sleep\n|rule|Illusion Level Mod: Illusion disguises the Pok\u00e9mon's true level\n|\n|t:|1783550955\n|teamsize|p1|6\n|teamsize|p2|6\n|start\n|switch|p1a: Cresselia|Cresselia, L80, F|323/323\n|switch|p2a: Greninja|Greninja, L80, M|100/100\n|turn|1\n|inactive|Battle timer is ON: inactive players will automatically lose when time's up. (requested by p0y10150746)\n|inactive|Time left: 300 sec this turn | 300 sec total | 60 sec grace\n|\n|t:|1783550957\n|move|p2a: Greninja|Dark Pulse|p1a: Cresselia\n|-supereffective|p1a: Cresselia\n|-damage|p1a: Cresselia|149/323\n|-damage|p2a: Greninja|91/100|[from] item: Life Orb\n|move|p1a: Cresselia|Calm Mind|p1a: Cresselia\n|-boost|p1a: Cresselia|spa|1\n|-boost|p1a: Cresselia|spd|1\n|\n|-heal|p1a: Cresselia|169/323|[from] item: Leftovers\n|upkeep\n|turn|2\n|inactive|Time left: 300 sec this turn | 300 sec total\n|inactive|p0x1015f8d5 also wants the timer to be on.\n|\n|t:|1783550958\n|move|p2a: Greninja|Dark Pulse|p1a: Cresselia\n|-supereffective|p1a: Cresselia\n|-damage|p1a: Cresselia|44/323\n|-damage|p2a: Greninja|81/100|[from] item: Life Orb\n|cant|p1a: Cresselia|flinch\n|\n|-heal|p1a: Cresselia|64/323|[from] item: Leftovers\n|upkeep\n|turn|3\n|inactive|Time left: 300 sec this turn | 300 sec total\n|\n|t:|1783550959\n|move|p2a: Greninja|Hydro Pump|p1a: Cresselia\n|-damage|p1a: Cresselia|0 fnt\n|faint|p1a: Cresselia\n|-ability|p2a: Greninja|Battle Bond|boost\n|-boost|p2a: Greninja|atk|1\n|-boost|p2a: Greninja|spa|1\n|-boost|p2a: Greninja|spe|1\n|-activate|p2a: Greninja|ability: Battle Bond\n|-damage|p2a: Greninja|71/100|[from] item: Life Orb\n|\n|upkeep\n|inactive|Time left: 300 sec this turn | 300 sec total | 5 sec grace\n|\n|t:|1783550960\n|switch|p1a: Vikavolt|Vikavolt, L83, M|263/263\n|turn|4\n|inactive|Time left: 300 sec this turn | 300 sec total\n|\n|t:|1783550961\n|-terastallize|p2a: Greninja|Water\n|move|p2a: Greninja|Hydro Pump|p1a: Vikavolt\n|-damage|p1a: Vikavolt|0 fnt\n|faint|p1a: Vikavolt\n|-damage|p2a: Greninja|61/100|[from] item: Life Orb\n|\n|upkeep\n|inactive|Time left: 300 sec this turn | 300 sec total | 5 sec grace\n|\n|t:|1783550962\n|switch|p1a: Cryogonal|Cryogonal, L89|287/287\n|turn|5\n|inactive|Time left: 300 sec this turn | 300 sec total\n|\n|t:|1783550963\n|-terastallize|p1a: Cryogonal|Electric\n|move|p2a: Greninja|Hydro Pump|p1a: Cryogonal|[miss]\n|-miss|p2a: Greninja|p1a: Cryogonal\n|move|p1a: Cryogonal|Tera Blast|p2a: Greninja|[anim] Tera Blast Electric\n|-supereffective|p2a: Greninja\n|-damage|p2a: Greninja|0 fnt\n|faint|p2a: Greninja\n|\n|upkeep\n|\n|t:|1783550964\n|switch|p2a: Munkidori|Munkidori, L79, M|100/100\n|turn|6\n|inactive|Time left: 300 sec this turn | 300 sec total\n|\n|t:|1783550966\n|move|p1a: Cryogonal|Ice Beam|p2a: Munkidori\n|-crit|p2a: Munkidori\n|-damage|p2a: Munkidori|35/100\n|move|p2a: Munkidori|Psyshock|p1a: Cryogonal\n|-damage|p1a: Cryogonal|80/287\n|\n|upkeep\n|turn|7\n|inactive|Time left: 300 sec this turn | 300 sec total\n|\n|t:|1783550967\n|move|p1a: Cryogonal|Ice Beam|p2a: Munkidori\n|-damage|p2a: Munkidori|0 fnt\n|faint|p2a: Munkidori\n|\n|upkeep\n|\n|t:|1783550968\n|switch|p2a: Wo-Chien|Wo-Chien, L83|100/100\n|-ability|p2a: Wo-Chien|Tablets of Ruin\n|turn|8\n|inactive|Time left: 300 sec this turn | 300 sec total\n|\n|t:|1783550969\n|move|p1a: Cryogonal|Ice Beam|p2a: Wo-Chien\n|-supereffective|p2a: Wo-Chien\n|-damage|p2a: Wo-Chien|46/100\n|move|p2a: Wo-Chien|Knock Off|p1a: Cryogonal\n|-damage|p1a: Cryogonal|0 fnt\n|-enditem|p1a: Cryogonal|Heavy-Duty Boots|[from] move: Knock Off|[of] p2a: Wo-Chien\n|faint|p1a: Cryogonal\n|\n|-heal|p2a: Wo-Chien|52/100|[from] item: Leftovers\n|upkeep\n|inactive|Time left: 300 sec this turn | 300 sec total | 5 sec grace\n|\n|t:|1783550970\n|switch|p1a: Torterra|Torterra, L78, F|276/276\n|turn|9\n|inactive|Time left: 300 sec this turn | 300 sec total\n|\n|t:|1783550971\n|move|p2a: Wo-Chien|Ruination|p1a: Torterra|[miss]\n|-miss|p2a: Wo-Chien|p1a: Torterra\n|move|p1a: Torterra|Shell Smash|p1a: Torterra\n|-unboost|p1a: Torterra|def|1\n|-unboost|p1a: Torterra|spd|1\n|-boost|p1a: Torterra|atk|2\n|-boost|p1a: Torterra|spa|2\n|-boost|p1a: Torterra|spe|2\n|\n|-heal|p2a: Wo-Chien|58/100|[from] item: Leftovers\n|upkeep\n|turn|10\n|inactive|Time left: 300 sec this turn | 300 sec total\n|\n|t:|1783550972\n|move|p1a: Torterra|Rock Blast|p2a: Wo-Chien\n|-damage|p2a: Wo-Chien|49/100\n|-damage|p2a: Wo-Chien|41/100\n|-damage|p2a: Wo-Chien|32/100\n|-damage|p2a: Wo-Chien|23/100\n|-hitcount|p2a: Wo-Chien|4\n|move|p2a: Wo-Chien|Knock Off|p1a: Torterra\n|-damage|p1a: Torterra|140/276\n|-enditem|p1a: Torterra|Loaded Dice|[from] move: Knock Off|[of] p2a: Wo-Chien\n|\n|-heal|p2a: Wo-Chien|29/100|[from] item: Leftovers\n|upkeep\n|turn|11\n|inactive|Time left: 300 sec this turn | 300 sec total\n|\n|t:|1783550973\n|switch|p2a: Sunflora|Sunflora, M|100/100\n|move|p1a: Torterra|Headlong Rush|p2a: Sunflora\n|-resisted|p2a: Sunflora\n|-damage|p2a: Sunflora|59/100\n|-unboost|p1a: Torterra|def|1\n|-unboost|p1a: Torterra|spd|1\n|\n|upkeep\n|turn|12\n|inactive|Time left: 300 sec this turn | 300 sec total\n|\n|t:|1783550974\n|move|p1a: Torterra|Headlong Rush|p2a: Sunflora\n|-resisted|p2a: Sunflora\n|-damage|p2a: Sunflora|13/100\n|-unboost|p1a: Torterra|def|1\n|-unboost|p1a: Torterra|spd|1\n|move|p2a: Sunflora|Dazzling Gleam|p1a: Torterra\n|-damage|p1a: Torterra|0 fnt\n|faint|p1a: Torterra\n|\n|upkeep\n|inactive|Time left: 300 sec this turn | 300 sec total | 5 sec grace\n|\n|t:|1783550975\n|switch|p1a: Chimecho|Chimecho, L93, F|290/290\n|turn|13\n|inactive|Time left: 300 sec this turn | 300 sec total\n|\n|t:|1783550976\n|switch|p2a: Suicune|Suicune, L82|100/100\n|-ability|p2a: Suicune|Pressure\n|move|p1a: Chimecho|Cosmic Power|p1a: Chimecho\n|-boost|p1a: Chimecho|def|1\n|-boost|p1a: Chimecho|spd|1\n|\n|upkeep\n|turn|14\n|inactive|Time left: 300 sec this turn | 300 sec total\n|\n|t:|1783550977\n|move|p2a: Suicune|Calm Mind|p2a: Suicune\n|-boost|p2a: Suicune|spa|1\n|-boost|p2a: Suicune|spd|1\n|move|p1a: Chimecho|Cosmic Power|p1a: Chimecho\n|-boost|p1a: Chimecho|def|1\n|-boost|p1a: Chimecho|spd|1\n|\n|upkeep\n|turn|15\n|inactive|Time left: 300 sec this turn | 300 sec total\n|\n|t:|1783550978\n|move|p2a: Suicune|Calm Mind|p2a: Suicune\n|-boost|p2a: Suicune|spa|1\n|-boost|p2a: Suicune|spd|1\n|move|p1a: Chimecho|Cosmic Power|p1a: Chimecho\n|-boost|p1a: Chimecho|def|1\n|-boost|p1a: Chimecho|spd|1\n|\n|upkeep\n|turn|16\n|inactive|Time left: 300 sec this turn | 300 sec total\n|\n|t:|1783550979\n|move|p2a: Suicune|Calm Mind|p2a: Suicune\n|-boost|p2a: Suicune|spa|1\n|-boost|p2a: Suicune|spd|1\n|move|p1a: Chimecho|Cosmic Power|p1a: Chimecho\n|-boost|p1a: Chimecho|def|1\n|-boost|p1a: Chimecho|spd|1\n|\n|upkeep\n|turn|17\n|inactive|Time left: 300 sec this turn | 300 sec total\n|\n|t:|1783550981\n|move|p2a: Suicune|Calm Mind|p2a: Suicune\n|-boost|p2a: Suicune|spa|1\n|-boost|p2a: Suicune|spd|1\n|move|p1a: Chimecho|Stored Power|p2a: Suicune\n|-damage|p2a: Suicune|78/100\n|\n|-heal|p2a: Suicune|84/100|[from] item: Leftovers\n|upkeep\n|turn|18\n|inactive|Time left: 300 sec this turn | 300 sec total\n|\n|t:|1783550982\n|move|p2a: Suicune|Calm Mind|p2a: Suicune\n|-boost|p2a: Suicune|spa|1\n|-boost|p2a: Suicune|spd|1\n|move|p1a: Chimecho|Stored Power|p2a: Suicune\n|-damage|p2a: Suicune|67/100\n|\n|-heal|p2a: Suicune|73/100|[from] item: Leftovers\n|upkeep\n|turn|19\n|inactive|Time left: 300 sec this turn | 300 sec total\n|\n|t:|1783550983\n|move|p2a: Suicune|Calm Mind|p2a: Suicune\n|-boost|p2a: Suicune|spa|1\n|-boost|p2a: Suicune|spd|1\n|move|p1a: Chimecho|Cosmic Power|p1a: Chimecho\n|-boost|p1a: Chimecho|def|1\n|-boost|p1a: Chimecho|spd|1\n|\n|-heal|p2a: Suicune|79/100|[from] item: Leftovers\n|upkeep\n|turn|20\n|inactive|Time left: 300 sec this turn | 300 sec total\n|\n|t:|1783550984\n|move|p2a: Suicune|Ice Beam|p1a: Chimecho\n|-damage|p1a: Chimecho|235/290\n|move|p1a: Chimecho|Stored Power|p2a: Suicune\n|-damage|p2a: Suicune|60/100\n|\n|-heal|p2a: Suicune|66/100|[from] item: Leftovers\n|-heal|p1a: Chimecho|253/290|[from] item: Leftovers\n|upkeep\n|turn|21\n|inactive|Time left: 300 sec this turn | 300 sec total\n|\n|t:|1783550985\n|move|p2a: Suicune|Ice Beam|p1a: Chimecho\n|-damage|p1a: Chimecho|196/290\n|move|p1a: Chimecho|Stored Power|p2a: Suicune\n|-damage|p2a: Suicune|46/100\n|\n|-heal|p2a: Suicune|52/100|[from] item: Leftovers\n|-heal|p1a: Chimecho|214/290|[from] item: Leftovers\n|upkeep\n|turn|22\n|inactive|Time left: 300 sec this turn | 300 sec total\n|\n|t:|1783550986\n|move|p2a: Suicune|Ice Beam|p1a: Chimecho\n|-damage|p1a: Chimecho|152/290\n|move|p1a: Chimecho|Stored Power|p2a: Suicune\n|-damage|p2a: Suicune|33/100\n|\n|-heal|p2a: Suicune|39/100|[from] item: Leftovers\n|-heal|p1a: Chimecho|170/290|[from] item: Leftovers\n|upkeep\n|turn|23\n|inactive|Time left: 300 sec this turn | 300 sec total\n|\n|t:|1783550987\n|move|p2a: Suicune|Ice Beam|p1a: Chimecho\n|-damage|p1a: Chimecho|111/290\n|move|p1a: Chimecho|Recover|p1a: Chimecho\n|-heal|p1a: Chimecho|256/290\n|\n|-heal|p2a: Suicune|45/100|[from] item: Leftovers\n|-heal|p1a: Chimecho|274/290|[from] item: Leftovers\n|upkeep\n|turn|24\n|inactive|Time left: 300 sec this turn | 300 sec total\n|\n|t:|1783550988\n|move|p2a: Suicune|Ice Beam|p1a: Chimecho\n|-damage|p1a: Chimecho|217/290\n|move|p1a: Chimecho|Stored Power|p2a: Suicune\n|-damage|p2a: Suicune|26/100\n|\n|-heal|p2a: Suicune|32/100|[from] item: Leftovers\n|-heal|p1a: Chimecho|235/290|[from] item: Leftovers\n|upkeep\n|turn|25\n|inactive|Time left: 300 sec this turn | 300 sec total\n|\n|t:|1783550990\n|move|p2a: Suicune|Substitute|p2a: Suicune\n|-start|p2a: Suicune|Substitute\n|-damage|p2a: Suicune|7/100\n|move|p1a: Chimecho|Stored Power|p2a: Suicune\n|-activate|p2a: Suicune|move: Substitute|[damage]\n|\n|-heal|p2a: Suicune|13/100|[from] item: Leftovers\n|-heal|p1a: Chimecho|253/290|[from] item: Leftovers\n|upkeep\n|turn|26\n|inactive|Time left: 300 sec this turn | 300 sec total\n|\n|t:|1783550991\n|move|p2a: Suicune|Ice Beam|p1a: Chimecho\n|-damage|p1a: Chimecho|199/290\n|-status|p1a: Chimecho|frz\n|cant|p1a: Chimecho|frz\n|\n|-heal|p2a: Suicune|19/100|[from] item: Leftovers\n|-heal|p1a: Chimecho|217/290 frz|[from] item: Leftovers\n|upkeep\n|turn|27\n|inactive|Time left: 300 sec this turn | 300 sec total\n|\n|t:|1783550992\n|move|p2a: Suicune|Scald|p1a: Chimecho\n|-damage|p1a: Chimecho|135/290 frz\n|-curestatus|p1a: Chimecho|frz|[msg]\n|move|p1a: Chimecho|Recover|p1a: Chimecho\n|-heal|p1a: Chimecho|280/290\n|\n|-heal|p2a: Suicune|25/100|[from] item: Leftovers\n|-heal|p1a: Chimecho|290/290|[from] item: Leftovers\n|upkeep\n|turn|28\n|inactive|Time left: 300 sec this turn | 300 sec total\n|\n|t:|1783550993\n|move|p2a: Suicune|Ice Beam|p1a: Chimecho\n|-damage|p1a: Chimecho|231/290\n|move|p1a: Chimecho|Cosmic Power|p1a: Chimecho\n|-boost|p1a: Chimecho|def|1\n|-boost|p1a: Chimecho|spd|1\n|\n|-heal|p2a: Suicune|31/100|[from] item: Leftovers\n|-heal|p1a: Chimecho|249/290|[from] item: Leftovers\n|upkeep\n|turn|29\n|inactive|Time left: 300 sec this turn | 300 sec total\n|\n|t:|1783550995\n|move|p2a: Suicune|Ice Beam|p1a: Chimecho\n|-damage|p1a: Chimecho|201/290\n|move|p1a: Chimecho|Stored Power|p2a: Suicune\n|-end|p2a: Suicune|Substitute\n|\n|-heal|p2a: Suicune|37/100|[from] item: Leftovers\n|-heal|p1a: Chimecho|219/290|[from] item: Leftovers\n|upkeep\n|turn|30\n|inactive|Time left: 300 sec this turn | 300 sec total\n|\n|t:|1783550996\n|move|p2a: Suicune|Ice Beam|p1a: Chimecho\n|-damage|p1a: Chimecho|166/290\n|move|p1a: Chimecho|Recover|p1a: Chimecho\n|-heal|p1a: Chimecho|290/290\n|\n|-heal|p2a: Suicune|43/100|[from] item: Leftovers\n|upkeep\n|turn|31\n|inactive|Time left: 300 sec this turn | 300 sec total\n|\n|t:|1783550997\n|move|p2a: Suicune|Substitute|p2a: Suicune\n|-start|p2a: Suicune|Substitute\n|-damage|p2a: Suicune|18/100\n|move|p1a: Chimecho|Dazzling Gleam|p2a: Suicune\n|-activate|p2a: Suicune|move: Substitute|[damage]\n|\n|-heal|p2a: Suicune|24/100|[from] item: Leftovers\n|upkeep\n|turn|32\n|inactive|Time left: 300 sec this turn | 300 sec total\n|\n|t:|1783550998\n|move|p2a: Suicune|Ice Beam|p1a: Chimecho\n|-damage|p1a: Chimecho|238/290\n|move|p1a: Chimecho|Dazzling Gleam|p2a: Suicune\n|-activate|p2a: Suicune|move: Substitute|[damage]\n|\n|-heal|p2a: Suicune|30/100|[from] item: Leftovers\n|-heal|p1a: Chimecho|256/290|[from] item: Leftovers\n|upkeep\n|turn|33\n|inactive|Time left: 300 sec this turn | 300 sec total\n|\n|t:|1783550999\n|move|p2a: Suicune|Scald|p1a: Chimecho\n|-damage|p1a: Chimecho|192/290\n|move|p1a: Chimecho|Recover|p1a: Chimecho\n|-heal|p1a: Chimecho|290/290\n|\n|-heal|p2a: Suicune|36/100|[from] item: Leftovers\n|upkeep\n|turn|34\n|inactive|Time left: 300 sec this turn | 300 sec total\n|\n|t:|1783551000\n|move|p2a: Suicune|Scald|p1a: Chimecho\n|-damage|p1a: Chimecho|220/290\n|-status|p1a: Chimecho|brn\n|move|p1a: Chimecho|Dazzling Gleam|p2a: Suicune\n|-activate|p2a: Suicune|move: Substitute|[damage]\n|\n|-heal|p2a: Suicune|42/100|[from] item: Leftovers\n|-heal|p1a: Chimecho|238/290 brn|[from] item: Leftovers\n|-damage|p1a: Chimecho|220/290 brn|[from] brn\n|upkeep\n|turn|35\n|inactive|Time left: 300 sec this turn | 300 sec total\n|\n|t:|1783551001\n|move|p2a: Suicune|Scald|p1a: Chimecho\n|-damage|p1a: Chimecho|147/290 brn\n|move|p1a: Chimecho|Recover|p1a: Chimecho\n|-heal|p1a: Chimecho|290/290 brn\n|\n|-heal|p2a: Suicune|48/100|[from] item: Leftovers\n|-damage|p1a: Chimecho|272/290 brn|[from] brn\n|upkeep\n|turn|36\n|inactive|Time left: 300 sec this turn | 300 sec total\n|\n|t:|1783551002\n|move|p2a: Suicune|Scald|p1a: Chimecho\n|-crit|p1a: Chimecho\n|-damage|p1a: Chimecho|0 fnt\n|faint|p1a: Chimecho\n|\n|-heal|p2a: Suicune|55/100|[from] item: Leftovers\n|upkeep\n|inactive|Time left: 300 sec this turn | 300 sec total | 5 sec grace\n|\n|t:|1783551003\n|switch|p1a: Garganacl|Garganacl, L80, M|291/291\n|turn|37\n|inactive|Time left: 300 sec this turn | 300 sec total\n|\n|t:|1783551004\n|move|p1a: Garganacl|Protect|p1a: Garganacl\n|-singleturn|p1a: Garganacl|Protect\n|move|p2a: Suicune|Scald|p1a: Garganacl\n|-activate|p1a: Garganacl|move: Protect\n|\n|-heal|p2a: Suicune|61/100|[from] item: Leftovers\n|upkeep\n|turn|38\n|inactive|Time left: 300 sec this turn | 300 sec total\n|\n|t:|1783551005\n|move|p1a: Garganacl|Protect|p1a: Garganacl\n|-singleturn|p1a: Garganacl|Protect\n|move|p2a: Suicune|Scald|p1a: Garganacl\n|-activate|p1a: Garganacl|move: Protect\n|\n|-heal|p2a: Suicune|67/100|[from] item: Leftovers\n|upkeep\n|turn|39\n|inactive|Time left: 300 sec this turn | 300 sec total\n|\n|t:|1783551006\n|move|p1a: Garganacl|Protect||[still]\n|-fail|p1a: Garganacl\n|move|p2a: Suicune|Scald|p1a: Garganacl\n|-supereffective|p1a: Garganacl\n|-damage|p1a: Garganacl|0 fnt\n|faint|p1a: Garganacl\n|\n|win|p0y10150746", "uploadtime": 1783551006, "views": 0, "rating": 0, "private": 0, "password": null, "_winner": "p0y10150746", "_our_name": "p0x1015f8d5"}