{"id": "battle-gen9randombattle-623", "formatid": "gen9randombattle", "format": "[Gen 9] Random Battle", "players": ["p0x623a7f1", "p0y6231230"], "log": "|init|battle\n|title|p0x623a7f1 vs. p0y6231230\n|j|\u2606p0x623a7f1\n|j|\u2606p0y6231230\n|t:|1783546349\n|gametype|singles\n|player|p1|p0x623a7f1|265|\n|player|p2|p0y6231230|101|\n|gen|9\n|tier|[Gen 9] Random Battle\n|rule|Species Clause: Limit one of each Pok\u00e9mon\n|rule|HP Percentage Mod: HP is shown in percentages\n|rule|Sleep Clause Mod: Limit one foe put to sleep\n|rule|Illusion Level Mod: Illusion disguises the Pok\u00e9mon's true level\n|\n|t:|1783546349\n|teamsize|p1|6\n|teamsize|p2|6\n|start\n|switch|p1a: Garganacl|Garganacl, L80, M|100/100\n|switch|p2a: Mightyena|Mightyena, L96, M|290/290\n|-ability|p2a: Mightyena|Intimidate|boost\n|-unboost|p1a: Garganacl|atk|1\n|turn|1\n|inactive|Battle timer is ON: inactive players will automatically lose when time's up. (requested by p0y6231230)\n|\n|t:|1783546350\n|switch|p1a: Ampharos|Ampharos, L88, M|100/100\n|move|p2a: Mightyena|Crunch|p1a: Ampharos\n|-damage|p1a: Ampharos|50/100\n|\n|upkeep\n|turn|2\n|inactive|Time left: 300 sec this turn | 300 sec total\n|inactive|p0x623a7f1 also wants the timer to be on.\n|\n|t:|1783546351\n|move|p2a: Mightyena|Crunch|p1a: Ampharos\n|-damage|p1a: Ampharos|0 fnt\n|-status|p2a: Mightyena|par|[from] ability: Static|[of] p1a: Ampharos\n|faint|p1a: Ampharos\n|\n|upkeep\n|\n|t:|1783546352\n|switch|p1a: Dodrio|Dodrio, L85, F|100/100\n|turn|3\n|inactive|Time left: 300 sec this turn | 300 sec total\n|\n|t:|1783546353\n|move|p1a: Dodrio|Swords Dance|p1a: Dodrio\n|-boost|p1a: Dodrio|atk|2\n|move|p2a: Mightyena|Crunch|p1a: Dodrio\n|-damage|p1a: Dodrio|19/100\n|\n|upkeep\n|turn|4\n|inactive|Time left: 300 sec this turn | 300 sec total\n|\n|t:|1783546354\n|move|p1a: Dodrio|Double-Edge|p2a: Mightyena\n|-damage|p2a: Mightyena|0 fnt\n|faint|p2a: Mightyena\n|-damage|p1a: Dodrio|0 fnt|[from] Recoil\n|faint|p1a: Dodrio\n|\n|upkeep\n|inactive|Time left: 300 sec this turn | 300 sec total | 5 sec grace\n|\n|t:|1783546355\n|switch|p1a: Garganacl|Garganacl, L80, M|100/100\n|switch|p2a: Sinistcha|Sinistcha, L83|254/254\n|turn|5\n|inactive|Time left: 300 sec this turn | 300 sec total\n|\n|t:|1783546356\n|move|p2a: Sinistcha|Calm Mind|p2a: Sinistcha\n|-boost|p2a: Sinistcha|spa|1\n|-boost|p2a: Sinistcha|spd|1\n|move|p1a: Garganacl|Salt Cure|p2a: Sinistcha\n|-damage|p2a: Sinistcha|221/254\n|-start|p2a: Sinistcha|Salt Cure\n|\n|-heal|p2a: Sinistcha|236/254|[from] item: Leftovers\n|-damage|p2a: Sinistcha|205/254|[from] Salt Cure\n|upkeep\n|turn|6\n|inactive|Time left: 300 sec this turn | 300 sec total\n|\n|t:|1783546356\n|move|p1a: Garganacl|Protect|p1a: Garganacl\n|-singleturn|p1a: Garganacl|Protect\n|move|p2a: Sinistcha|Matcha Gotcha|p1a: Garganacl\n|-activate|p1a: Garganacl|move: Protect\n|\n|-heal|p2a: Sinistcha|220/254|[from] item: Leftovers\n|-damage|p2a: Sinistcha|189/254|[from] Salt Cure\n|upkeep\n|turn|7\n|inactive|Time left: 300 sec this turn | 300 sec total\n|\n|t:|1783546357\n|switch|p1a: Urshifu|Urshifu, L74, F|100/100\n|move|p2a: Sinistcha|Matcha Gotcha|p1a: Urshifu\n|-damage|p1a: Urshifu|23/100\n|-heal|p2a: Sinistcha|254/254|[from] drain|[of] p1a: Urshifu\n|\n|-damage|p2a: Sinistcha|223/254|[from] Salt Cure\n|upkeep\n|turn|8\n|inactive|Time left: 300 sec this turn | 300 sec total\n|\n|t:|1783546358\n|switch|p2a: Mimikyu|Mimikyu, L79, M|216/216\n|move|p1a: Urshifu|Wicked Blow|p2a: Mimikyu\n|-activate|p2a: Mimikyu|ability: Disguise\n|-damage|p2a: Mimikyu|216/216\n|detailschange|p2a: Mimikyu|Mimikyu-Busted, L79, M\n|-damage|p2a: Mimikyu|189/216|[from] pokemon: Mimikyu-Busted\n|\n|upkeep\n|turn|9\n|inactive|Time left: 300 sec this turn | 300 sec total\n|\n|t:|1783546360\n|move|p1a: Urshifu|Wicked Blow|p2a: Mimikyu\n|-crit|p2a: Mimikyu\n|-damage|p2a: Mimikyu|65/216\n|move|p2a: Mimikyu|Play Rough|p1a: Urshifu\n|-supereffective|p1a: Urshifu\n|-damage|p1a: Urshifu|0 fnt\n|faint|p1a: Urshifu\n|-damage|p2a: Mimikyu|44/216|[from] item: Life Orb\n|\n|upkeep\n|\n|t:|1783546361\n|switch|p1a: Iron Boulder|Iron Boulder, L77|100/100\n|turn|10\n|inactive|Time left: 300 sec this turn | 300 sec total\n|\n|t:|1783546362\n|switch|p2a: Sinistcha|Sinistcha, L83|223/254\n|move|p1a: Iron Boulder|Swords Dance|p1a: Iron Boulder\n|-boost|p1a: Iron Boulder|atk|2\n|\n|-heal|p2a: Sinistcha|238/254|[from] item: Leftovers\n|upkeep\n|turn|11\n|inactive|Time left: 300 sec this turn | 300 sec total\n|\n|t:|1783546363\n|move|p1a: Iron Boulder|Mighty Cleave|p2a: Sinistcha\n|-damage|p2a: Sinistcha|0 fnt\n|faint|p2a: Sinistcha\n|-damage|p1a: Iron Boulder|91/100|[from] item: Life Orb\n|\n|upkeep\n|inactive|Time left: 300 sec this turn | 300 sec total | 5 sec grace\n|\n|t:|1783546364\n|switch|p2a: Goodra|Goodra-Hisui, L82, M|265/265\n|turn|12\n|inactive|Time left: 300 sec this turn | 300 sec total\n|\n|t:|1783546365\n|switch|p2a: Espathra|Espathra, L80, M|283/283\n|-terastallize|p1a: Iron Boulder|Fighting\n|move|p1a: Iron Boulder|Close Combat|p2a: Espathra\n|-resisted|p2a: Espathra\n|-damage|p2a: Espathra|44/283\n|-unboost|p1a: Iron Boulder|def|1\n|-unboost|p1a: Iron Boulder|spd|1\n|-damage|p1a: Iron Boulder|81/100|[from] item: Life Orb\n|\n|upkeep\n|turn|13\n|inactive|Time left: 300 sec this turn | 300 sec total\n|\n|t:|1783546366\n|move|p1a: Iron Boulder|Mighty Cleave|p2a: Espathra\n|-damage|p2a: Espathra|0 fnt\n|faint|p2a: Espathra\n|-damage|p1a: Iron Boulder|71/100|[from] item: Life Orb\n|\n|upkeep\n|inactive|Time left: 300 sec this turn | 300 sec total | 5 sec grace\n|\n|t:|1783546367\n|switch|p2a: Mimikyu|Mimikyu-Busted, L79, M|44/216\n|turn|14\n|inactive|Time left: 300 sec this turn | 300 sec total\n|\n|t:|1783546368\n|switch|p2a: Goodra|Goodra-Hisui, L82, M|265/265\n|move|p1a: Iron Boulder|Mighty Cleave|p2a: Goodra\n|-resisted|p2a: Goodra\n|-damage|p2a: Goodra|143/265\n|-damage|p1a: Iron Boulder|61/100|[from] item: Life Orb\n|\n|upkeep\n|turn|15\n|inactive|Time left: 300 sec this turn | 300 sec total\n|\n|t:|1783546369\n|switch|p2a: Mimikyu|Mimikyu-Busted, L79, M|44/216\n|move|p1a: Iron Boulder|Close Combat|p2a: Mimikyu\n|-immune|p2a: Mimikyu\n|\n|upkeep\n|turn|16\n|inactive|Time left: 300 sec this turn | 300 sec total\n|\n|t:|1783546370\n|move|p2a: Mimikyu|Shadow Sneak|p1a: Iron Boulder\n|-damage|p1a: Iron Boulder|28/100\n|-damage|p2a: Mimikyu|23/216|[from] item: Life Orb\n|move|p1a: Iron Boulder|Mighty Cleave|p2a: Mimikyu\n|-damage|p2a: Mimikyu|0 fnt\n|faint|p2a: Mimikyu\n|-damage|p1a: Iron Boulder|19/100|[from] item: Life Orb\n|\n|upkeep\n|inactive|Time left: 300 sec this turn | 300 sec total | 5 sec grace\n|\n|t:|1783546370\n|switch|p2a: Goodra|Goodra-Hisui, L82, M|143/265\n|turn|17\n|inactive|Time left: 300 sec this turn | 300 sec total\n|\n|t:|1783546371\n|move|p1a: Iron Boulder|Close Combat|p2a: Goodra\n|-supereffective|p2a: Goodra\n|-damage|p2a: Goodra|0 fnt\n|-unboost|p1a: Iron Boulder|def|1\n|-unboost|p1a: Iron Boulder|spd|1\n|faint|p2a: Goodra\n|-damage|p1a: Iron Boulder|9/100|[from] item: Life Orb\n|\n|upkeep\n|inactive|Time left: 300 sec this turn | 300 sec total | 5 sec grace\n|\n|t:|1783546372\n|switch|p2a: Palkia|Palkia-Origin, L72|249/249\n|-ability|p2a: Palkia|Pressure\n|turn|18\n|inactive|Time left: 300 sec this turn | 300 sec total\n|\n|t:|1783546373\n|-terastallize|p2a: Palkia|Dragon\n|move|p1a: Iron Boulder|Mighty Cleave|p2a: Palkia\n|-damage|p2a: Palkia|0 fnt\n|faint|p2a: Palkia\n|-damage|p1a: Iron Boulder|0 fnt|[from] item: Life Orb\n|faint|p1a: Iron Boulder\n|-end|p1a: Iron Boulder|Quark Drive|[silent]\n|\n|win|p0x623a7f1", "uploadtime": 1783546373, "views": 0, "rating": 0, "private": 0, "password": null, "_winner": "p0x623a7f1", "_our_name": "p0y6231230"}