{"id": "battle-gen9randombattle-2898", "formatid": "gen9randombattle", "format": "[Gen 9] Random Battle", "players": ["p0x289871af", "p0y289836af"], "log": "|init|battle\n|title|p0x289871af vs. p0y289836af\n|j|\u2606p0x289871af\n|j|\u2606p0y289836af\n|t:|1783572420\n|gametype|singles\n|player|p1|p0x289871af|102|\n|player|p2|p0y289836af|169|\n|gen|9\n|tier|[Gen 9] Random Battle\n|rule|Species Clause: Limit one of each Pok\u00e9mon\n|rule|HP Percentage Mod: HP is shown in percentages\n|rule|Sleep Clause Mod: Limit one foe put to sleep\n|rule|Illusion Level Mod: Illusion disguises the Pok\u00e9mon's true level\n|\n|t:|1783572420\n|teamsize|p1|6\n|teamsize|p2|6\n|start\n|switch|p1a: Regirock|Regirock, L83|268/268\n|switch|p2a: Morpeko|Morpeko, L88, M|100/100\n|turn|1\n|inactive|Battle timer is ON: inactive players will automatically lose when time's up. (requested by p0x289871af)\n|inactive|p0y289836af also wants the timer to be on.\n|\n|t:|1783572421\n|move|p2a: Morpeko|Protect|p2a: Morpeko\n|-singleturn|p2a: Morpeko|Protect\n|move|p1a: Regirock|Body Press|p2a: Morpeko\n|-activate|p2a: Morpeko|move: Protect\n|\n|-formechange|p2a: Morpeko|Morpeko-Hangry||[from] ability: Hunger Switch\n|upkeep\n|turn|2\n|inactive|Time left: 300 sec this turn | 300 sec total\n|\n|t:|1783572422\n|switch|p2a: Venusaur|Venusaur, L84, M|100/100\n|move|p1a: Regirock|Body Press|p2a: Venusaur\n|-resisted|p2a: Venusaur\n|-damage|p2a: Venusaur|81/100\n|\n|-heal|p2a: Venusaur|88/100|[from] item: Leftovers\n|upkeep\n|turn|3\n|inactive|Time left: 300 sec this turn | 300 sec total\n|\n|t:|1783572423\n|move|p2a: Venusaur|Energy Ball|p1a: Regirock\n|-supereffective|p1a: Regirock\n|-damage|p1a: Regirock|100/268\n|move|p1a: Regirock|Iron Defense|p1a: Regirock\n|-boost|p1a: Regirock|def|2\n|\n|-heal|p2a: Venusaur|94/100|[from] item: Leftovers\n|-heal|p1a: Regirock|116/268|[from] item: Leftovers\n|upkeep\n|turn|4\n|inactive|Time left: 300 sec this turn | 300 sec total\n|\n|t:|1783572424\n|-terastallize|p1a: Regirock|Fighting\n|move|p2a: Venusaur|Energy Ball|p1a: Regirock\n|-damage|p1a: Regirock|34/268\n|move|p1a: Regirock|Body Press|p2a: Venusaur\n|-resisted|p2a: Venusaur\n|-damage|p2a: Venusaur|35/100\n|\n|-heal|p2a: Venusaur|42/100|[from] item: Leftovers\n|-heal|p1a: Regirock|50/268|[from] item: Leftovers\n|upkeep\n|turn|5\n|inactive|Time left: 300 sec this turn | 300 sec total\n|\n|t:|1783572425\n|switch|p1a: Venomoth|Venomoth, L84, F|255/255\n|move|p2a: Venusaur|Sludge Bomb|p1a: Venomoth\n|-resisted|p1a: Venomoth\n|-damage|p1a: Venomoth|196/255\n|\n|-heal|p2a: Venusaur|48/100|[from] item: Leftovers\n|upkeep\n|turn|6\n|inactive|Time left: 300 sec this turn | 300 sec total\n|\n|t:|1783572425\n|move|p1a: Venomoth|Quiver Dance|p1a: Venomoth\n|-boost|p1a: Venomoth|spa|1\n|-boost|p1a: Venomoth|spd|1\n|-boost|p1a: Venomoth|spe|1\n|move|p2a: Venusaur|Synthesis|p2a: Venusaur\n|-heal|p2a: Venusaur|98/100\n|\n|-heal|p2a: Venusaur|100/100|[from] item: Leftovers\n|upkeep\n|turn|7\n|inactive|Time left: 300 sec this turn | 300 sec total\n|\n|t:|1783572426\n|move|p1a: Venomoth|Quiver Dance|p1a: Venomoth\n|-boost|p1a: Venomoth|spa|1\n|-boost|p1a: Venomoth|spd|1\n|-boost|p1a: Venomoth|spe|1\n|move|p2a: Venusaur|Knock Off|p1a: Venomoth\n|-damage|p1a: Venomoth|123/255\n|-enditem|p1a: Venomoth|Heavy-Duty Boots|[from] move: Knock Off|[of] p2a: Venusaur\n|\n|upkeep\n|turn|8\n|inactive|Time left: 300 sec this turn | 300 sec total\n|\n|t:|1783572427\n|move|p1a: Venomoth|Bug Buzz|p2a: Venusaur\n|-damage|p2a: Venusaur|38/100\n|move|p2a: Venusaur|Synthesis|p2a: Venusaur\n|-heal|p2a: Venusaur|88/100\n|\n|-heal|p2a: Venusaur|94/100|[from] item: Leftovers\n|upkeep\n|turn|9\n|inactive|Time left: 300 sec this turn | 300 sec total\n|\n|t:|1783572429\n|move|p1a: Venomoth|Sludge Wave|p2a: Venusaur\n|-damage|p2a: Venusaur|33/100\n|move|p2a: Venusaur|Synthesis|p2a: Venusaur\n|-heal|p2a: Venusaur|83/100\n|\n|-heal|p2a: Venusaur|89/100|[from] item: Leftovers\n|upkeep\n|turn|10\n|inactive|Time left: 300 sec this turn | 300 sec total\n|\n|t:|1783572430\n|move|p1a: Venomoth|Sludge Wave|p2a: Venusaur\n|-damage|p2a: Venusaur|31/100\n|move|p2a: Venusaur|Synthesis|p2a: Venusaur\n|-heal|p2a: Venusaur|81/100\n|\n|-heal|p2a: Venusaur|87/100|[from] item: Leftovers\n|upkeep\n|turn|11\n|inactive|Time left: 300 sec this turn | 300 sec total\n|\n|t:|1783572431\n|move|p1a: Venomoth|Sludge Wave|p2a: Venusaur\n|-damage|p2a: Venusaur|23/100\n|move|p2a: Venusaur|Synthesis|p2a: Venusaur\n|-heal|p2a: Venusaur|73/100\n|\n|-heal|p2a: Venusaur|79/100|[from] item: Leftovers\n|upkeep\n|turn|12\n|inactive|Time left: 300 sec this turn | 300 sec total\n|\n|t:|1783572432\n|move|p1a: Venomoth|Bug Buzz|p2a: Venusaur\n|-damage|p2a: Venusaur|20/100\n|move|p2a: Venusaur|Synthesis|p2a: Venusaur\n|-heal|p2a: Venusaur|70/100\n|\n|-heal|p2a: Venusaur|76/100|[from] item: Leftovers\n|upkeep\n|turn|13\n|inactive|Time left: 300 sec this turn | 300 sec total\n|\n|t:|1783572433\n|move|p1a: Venomoth|Bug Buzz|p2a: Venusaur\n|-damage|p2a: Venusaur|19/100\n|move|p2a: Venusaur|Synthesis|p2a: Venusaur\n|-heal|p2a: Venusaur|69/100\n|\n|-heal|p2a: Venusaur|75/100|[from] item: Leftovers\n|upkeep\n|turn|14\n|inactive|Time left: 300 sec this turn | 300 sec total\n|\n|t:|1783572434\n|move|p1a: Venomoth|Sludge Wave|p2a: Venusaur\n|-damage|p2a: Venusaur|14/100\n|move|p2a: Venusaur|Synthesis|p2a: Venusaur\n|-heal|p2a: Venusaur|64/100\n|\n|-heal|p2a: Venusaur|70/100|[from] item: Leftovers\n|upkeep\n|turn|15\n|inactive|Time left: 300 sec this turn | 300 sec total\n|\n|t:|1783572435\n|move|p1a: Venomoth|Bug Buzz|p2a: Venusaur\n|-damage|p2a: Venusaur|7/100\n|move|p2a: Venusaur|Knock Off|p1a: Venomoth\n|-damage|p1a: Venomoth|71/255\n|\n|-heal|p2a: Venusaur|13/100|[from] item: Leftovers\n|upkeep\n|turn|16\n|inactive|Time left: 300 sec this turn | 300 sec total\n|\n|t:|1783572436\n|move|p1a: Venomoth|Bug Buzz|p2a: Venusaur\n|-damage|p2a: Venusaur|0 fnt\n|faint|p2a: Venusaur\n|\n|upkeep\n|\n|t:|1783572437\n|switch|p2a: Ogerpon|Ogerpon-Cornerstone, L76, F|100/100\n|turn|17\n|inactive|Time left: 300 sec this turn | 300 sec total\n|\n|t:|1783572438\n|move|p1a: Venomoth|Bug Buzz|p2a: Ogerpon\n|-supereffective|p2a: Ogerpon\n|-ability|p2a: Ogerpon|Sturdy\n|-damage|p2a: Ogerpon|1/100\n|move|p2a: Ogerpon|Ivy Cudgel|p1a: Venomoth|[anim] Ivy Cudgel Rock\n|-supereffective|p1a: Venomoth\n|-damage|p1a: Venomoth|0 fnt\n|faint|p1a: Venomoth\n|\n|upkeep\n|inactive|Time left: 300 sec this turn | 300 sec total | 5 sec grace\n|\n|t:|1783572439\n|switch|p1a: Azelf|Azelf, L82|257/257\n|turn|18\n|inactive|Time left: 300 sec this turn | 300 sec total\n|\n|t:|1783572440\n|move|p1a: Azelf|Knock Off|p2a: Ogerpon\n|-damage|p2a: Ogerpon|0 fnt\n|faint|p2a: Ogerpon\n|-damage|p1a: Azelf|232/257|[from] item: Life Orb\n|\n|upkeep\n|\n|t:|1783572441\n|switch|p2a: Morpeko|Morpeko, L88, M|100/100\n|turn|19\n|inactive|Time left: 300 sec this turn | 300 sec total\n|\n|t:|1783572442\n|move|p1a: Azelf|U-turn|p2a: Morpeko\n|-supereffective|p2a: Morpeko\n|-damage|p2a: Morpeko|19/100\n|-damage|p1a: Azelf|207/257|[from] item: Life Orb\n|inactive|Time left: 300 sec this turn | 300 sec total | 5 sec grace\n|\n|t:|1783572443\n|switch|p1a: Sandaconda|Sandaconda, L84, F|258/258|[from] U-turn\n|move|p2a: Morpeko|Aura Wheel|p1a: Sandaconda\n|-immune|p1a: Sandaconda\n|\n|-formechange|p2a: Morpeko|Morpeko-Hangry||[from] ability: Hunger Switch\n|upkeep\n|turn|20\n|inactive|Time left: 300 sec this turn | 300 sec total\n|\n|t:|1783572444\n|move|p2a: Morpeko|Aura Wheel|p1a: Sandaconda\n|-damage|p1a: Sandaconda|165/258\n|-boost|p2a: Morpeko|spe|1\n|move|p1a: Sandaconda|Earthquake|p2a: Morpeko\n|-supereffective|p2a: Morpeko\n|-damage|p2a: Morpeko|0 fnt\n|faint|p2a: Morpeko\n|\n|-heal|p1a: Sandaconda|181/258|[from] item: Leftovers\n|upkeep\n|\n|t:|1783572445\n|switch|p2a: Torkoal|Torkoal, L88, M|100/100\n|-weather|SunnyDay|[from] ability: Drought|[of] p2a: Torkoal\n|turn|21\n|inactive|Time left: 300 sec this turn | 300 sec total\n|\n|t:|1783572446\n|switch|p1a: Moltres|Moltres, L81|278/278\n|move|p2a: Torkoal|Solar Beam||[still]\n|-prepare|p2a: Torkoal|Solar Beam\n|-anim|p2a: Torkoal|Solar Beam|p1a: Moltres\n|-resisted|p1a: Moltres\n|-damage|p1a: Moltres|255/278\n|\n|-weather|SunnyDay|[upkeep]\n|upkeep\n|turn|22\n|inactive|Time left: 300 sec this turn | 300 sec total\n|\n|t:|1783572447\n|move|p1a: Moltres|Fire Blast|p2a: Torkoal\n|-resisted|p2a: Torkoal\n|-damage|p2a: Torkoal|57/100\n|move|p2a: Torkoal|Stealth Rock|p1a: Moltres\n|-sidestart|p1: p0x289871af|move: Stealth Rock\n|\n|-weather|SunnyDay|[upkeep]\n|upkeep\n|turn|23\n|inactive|Time left: 300 sec this turn | 300 sec total\n|\n|t:|1783572448\n|switch|p2a: Charizard|Charizard, L85, M|100/100\n|move|p1a: Moltres|Fire Blast|p2a: Charizard\n|-resisted|p2a: Charizard\n|-damage|p2a: Charizard|61/100\n|\n|-weather|SunnyDay|[upkeep]\n|upkeep\n|turn|24\n|inactive|Time left: 300 sec this turn | 300 sec total\n|\n|t:|1783572449\n|move|p2a: Charizard|Hurricane|p1a: Moltres|[miss]\n|-miss|p2a: Charizard|p1a: Moltres\n|move|p1a: Moltres|Fire Blast|p2a: Charizard|[miss]\n|-miss|p1a: Moltres|p2a: Charizard\n|\n|-weather|SunnyDay|[upkeep]\n|upkeep\n|turn|25\n|inactive|Time left: 300 sec this turn | 300 sec total\n|\n|t:|1783572450\n|move|p2a: Charizard|Flamethrower|p1a: Moltres\n|-resisted|p1a: Moltres\n|-damage|p1a: Moltres|170/278\n|move|p1a: Moltres|Fire Blast|p2a: Charizard\n|-resisted|p2a: Charizard\n|-damage|p2a: Charizard|26/100\n|\n|-weather|none\n|upkeep\n|turn|26\n|inactive|Time left: 300 sec this turn | 300 sec total\n|\n|t:|1783572451\n|move|p2a: Charizard|Hurricane|p1a: Moltres\n|-damage|p1a: Moltres|37/278\n|move|p1a: Moltres|Roost|p1a: Moltres\n|-heal|p1a: Moltres|176/278\n|-singleturn|p1a: Moltres|move: Roost\n|\n|upkeep\n|turn|27\n|inactive|Time left: 300 sec this turn | 300 sec total\n|\n|t:|1783572452\n|move|p2a: Charizard|Hurricane|p1a: Moltres\n|-damage|p1a: Moltres|35/278\n|-start|p1a: Moltres|confusion\n|-activate|p1a: Moltres|confusion\n|move|p1a: Moltres|Brave Bird|p2a: Charizard\n|-damage|p2a: Charizard|0 fnt\n|faint|p2a: Charizard\n|-damage|p1a: Moltres|13/278|[from] Recoil\n|\n|upkeep\n|\n|t:|1783572453\n|switch|p2a: Torkoal|Torkoal, L88, M|100/100\n|turn|28\n|inactive|Time left: 300 sec this turn | 300 sec total\n|\n|t:|1783572454\n|move|p2a: Torkoal|Hyper Voice|p1a: Moltres\n|-damage|p1a: Moltres|0 fnt\n|faint|p1a: Moltres\n|-damage|p2a: Torkoal|91/100|[from] item: Life Orb\n|\n|upkeep\n|inactive|Time left: 300 sec this turn | 300 sec total | 5 sec grace\n|\n|t:|1783572455\n|switch|p1a: Azelf|Azelf, L82|207/257\n|-damage|p1a: Azelf|175/257|[from] Stealth Rock\n|turn|29\n|inactive|Time left: 300 sec this turn | 300 sec total\n|\n|t:|1783572456\n|move|p1a: Azelf|Psychic|p2a: Torkoal\n|-damage|p2a: Torkoal|7/100\n|replace|p2a: Zoroark|Zoroark-Hisui, L80, F\n|-end|p2a: Zoroark|Illusion\n|-hint|Illusion Level Mod is active, so this Pok\u00e9mon's true level was hidden.\n|-damage|p1a: Azelf|150/257|[from] item: Life Orb\n|move|p2a: Zoroark|Hyper Voice|p1a: Azelf\n|-damage|p1a: Azelf|0 fnt\n|faint|p1a: Azelf\n|-damage|p2a: Zoroark|0 fnt|[from] item: Life Orb\n|faint|p2a: Zoroark\n|\n|upkeep\n|inactive|Time left: 300 sec this turn | 300 sec total | 5 sec grace\n|\n|t:|1783572457\n|switch|p1a: Regirock|Regirock, L83, tera:Fighting|50/268\n|switch|p2a: Torkoal|Torkoal, L88, M|57/100\n|-damage|p1a: Regirock|34/268|[from] Stealth Rock\n|-weather|SunnyDay|[from] ability: Drought|[of] p2a: Torkoal\n|turn|30\n|inactive|Time left: 300 sec this turn | 300 sec total\n|\n|t:|1783572458\n|-terastallize|p2a: Torkoal|Dragon\n|move|p1a: Regirock|Body Press|p2a: Torkoal\n|-damage|p2a: Torkoal|16/100\n|move|p2a: Torkoal|Lava Plume|p1a: Regirock\n|-damage|p1a: Regirock|0 fnt\n|faint|p1a: Regirock\n|\n|-weather|SunnyDay|[upkeep]\n|upkeep\n|inactive|Time left: 300 sec this turn | 300 sec total | 5 sec grace\n|\n|t:|1783572459\n|switch|p1a: Sandaconda|Sandaconda, L84, F|181/258\n|-damage|p1a: Sandaconda|165/258|[from] Stealth Rock\n|turn|31\n|inactive|Time left: 300 sec this turn | 300 sec total\n|\n|t:|1783572460\n|move|p1a: Sandaconda|Earthquake|p2a: Torkoal\n|-damage|p2a: Torkoal|0 fnt\n|faint|p2a: Torkoal\n|\n|win|p0x289871af", "uploadtime": 1783572460, "views": 0, "rating": 0, "private": 0, "password": null, "_winner": "p0x289871af", "_our_name": "p0x289871af"}