{"id": "battle-gen9randombattle-810", "formatid": "gen9randombattle", "format": "[Gen 9] Random Battle", "players": ["p0x810ee0b", "p0y8100f3c"], "log": "|init|battle\n|title|p0x810ee0b vs. p0y8100f3c\n|j|\u2606p0x810ee0b\n|j|\u2606p0y8100f3c\n|t:|1783549299\n|gametype|singles\n|player|p1|p0x810ee0b|266|\n|player|p2|p0y8100f3c|265|\n|gen|9\n|tier|[Gen 9] Random Battle\n|rule|Species Clause: Limit one of each Pok\u00e9mon\n|rule|HP Percentage Mod: HP is shown in percentages\n|rule|Sleep Clause Mod: Limit one foe put to sleep\n|rule|Illusion Level Mod: Illusion disguises the Pok\u00e9mon's true level\n|\n|t:|1783549299\n|teamsize|p1|6\n|teamsize|p2|6\n|start\n|switch|p1a: Munkidori|Munkidori, L79, M|269/269\n|switch|p2a: Lucario|Lucario, L84, M|100/100\n|turn|1\n|inactive|Battle timer is ON: inactive players will automatically lose when time's up. (requested by p0y8100f3c)\n|inactive|Time left: 300 sec this turn | 300 sec total | 60 sec grace\n|inactive|p0x810ee0b also wants the timer to be on.\n|\n|t:|1783549300\n|move|p1a: Munkidori|Focus Blast|p2a: Lucario|[miss]\n|-miss|p1a: Munkidori|p2a: Lucario\n|move|p2a: Lucario|Nasty Plot|p2a: Lucario\n|-boost|p2a: Lucario|spa|2\n|\n|upkeep\n|turn|2\n|inactive|Time left: 300 sec this turn | 300 sec total\n|\n|t:|1783549302\n|-terastallize|p2a: Lucario|Fighting\n|move|p1a: Munkidori|Focus Blast|p2a: Lucario\n|-damage|p2a: Lucario|41/100\n|-damage|p1a: Munkidori|243/269|[from] item: Life Orb\n|move|p2a: Lucario|Flash Cannon|p1a: Munkidori\n|-crit|p1a: Munkidori\n|-damage|p1a: Munkidori|0 fnt\n|faint|p1a: Munkidori\n|-damage|p2a: Lucario|31/100|[from] item: Life Orb\n|\n|upkeep\n|inactive|Time left: 300 sec this turn | 300 sec total | 5 sec grace\n|\n|t:|1783549303\n|switch|p1a: Eelektross|Eelektross, L87, M|290/290\n|turn|3\n|inactive|Time left: 300 sec this turn | 300 sec total\n|\n|t:|1783549304\n|move|p2a: Lucario|Focus Blast|p1a: Eelektross\n|-damage|p1a: Eelektross|0 fnt\n|faint|p1a: Eelektross\n|-damage|p2a: Lucario|22/100|[from] item: Life Orb\n|\n|upkeep\n|inactive|Time left: 300 sec this turn | 300 sec total | 5 sec grace\n|\n|t:|1783549305\n|switch|p1a: Brute Bonnet|Brute Bonnet, L80|309/309\n|turn|4\n|inactive|Time left: 300 sec this turn | 300 sec total\n|\n|t:|1783549307\n|-terastallize|p1a: Brute Bonnet|Poison\n|move|p2a: Lucario|Vacuum Wave|p1a: Brute Bonnet\n|-resisted|p1a: Brute Bonnet\n|-damage|p1a: Brute Bonnet|226/309\n|-damage|p2a: Lucario|12/100|[from] item: Life Orb\n|move|p1a: Brute Bonnet|Crunch|p2a: Lucario\n|-resisted|p2a: Lucario\n|-damage|p2a: Lucario|0 fnt\n|faint|p2a: Lucario\n|\n|-heal|p1a: Brute Bonnet|245/309|[from] item: Leftovers\n|upkeep\n|\n|t:|1783549308\n|switch|p2a: Hatterene|Hatterene, L85, F|100/100\n|turn|5\n|inactive|Time left: 300 sec this turn | 300 sec total\n|\n|t:|1783549309\n|-end|p1a: Brute Bonnet|Protosynthesis|[silent]\n|switch|p1a: Wyrdeer|Wyrdeer, L87, F|321/321\n|-ability|p1a: Wyrdeer|Intimidate|boost\n|-unboost|p2a: Hatterene|atk|1\n|move|p2a: Hatterene|Psyshock|p1a: Wyrdeer\n|-resisted|p1a: Wyrdeer\n|-damage|p1a: Wyrdeer|258/321\n|\n|-heal|p1a: Wyrdeer|278/321|[from] item: Leftovers\n|upkeep\n|turn|6\n|inactive|Time left: 300 sec this turn | 300 sec total\n|\n|t:|1783549310\n|move|p1a: Wyrdeer|Body Slam|p2a: Hatterene\n|-damage|p2a: Hatterene|57/100\n|move|p2a: Hatterene|Mystical Fire|p1a: Wyrdeer\n|-damage|p1a: Wyrdeer|205/321\n|-unboost|p1a: Wyrdeer|spa|1\n|\n|-heal|p1a: Wyrdeer|225/321|[from] item: Leftovers\n|-heal|p2a: Hatterene|63/100|[from] item: Leftovers\n|upkeep\n|turn|7\n|inactive|Time left: 300 sec this turn | 300 sec total\n|\n|t:|1783549311\n|move|p1a: Wyrdeer|Body Slam|p2a: Hatterene\n|-damage|p2a: Hatterene|24/100\n|move|p2a: Hatterene|Draining Kiss|p1a: Wyrdeer\n|-damage|p1a: Wyrdeer|141/321\n|-heal|p2a: Hatterene|50/100|[from] drain|[of] p1a: Wyrdeer\n|\n|-heal|p1a: Wyrdeer|161/321|[from] item: Leftovers\n|-heal|p2a: Hatterene|56/100|[from] item: Leftovers\n|upkeep\n|turn|8\n|inactive|Time left: 300 sec this turn | 300 sec total\n|\n|t:|1783549312\n|move|p1a: Wyrdeer|Body Slam|p2a: Hatterene\n|-damage|p2a: Hatterene|15/100\n|-status|p2a: Hatterene|par\n|move|p2a: Hatterene|Draining Kiss|p1a: Wyrdeer\n|-damage|p1a: Wyrdeer|74/321\n|-heal|p2a: Hatterene|43/100 par|[from] drain|[of] p1a: Wyrdeer\n|\n|-heal|p1a: Wyrdeer|94/321|[from] item: Leftovers\n|-heal|p2a: Hatterene|49/100 par|[from] item: Leftovers\n|upkeep\n|turn|9\n|inactive|Time left: 300 sec this turn | 300 sec total\n|\n|t:|1783549313\n|move|p1a: Wyrdeer|Body Slam|p2a: Hatterene\n|-damage|p2a: Hatterene|5/100 par\n|cant|p2a: Hatterene|par\n|\n|-heal|p1a: Wyrdeer|114/321|[from] item: Leftovers\n|-heal|p2a: Hatterene|11/100 par|[from] item: Leftovers\n|upkeep\n|turn|10\n|inactive|Time left: 300 sec this turn | 300 sec total\n|\n|t:|1783549314\n|move|p1a: Wyrdeer|Body Slam|p2a: Hatterene\n|-damage|p2a: Hatterene|0 fnt\n|faint|p2a: Hatterene\n|\n|-heal|p1a: Wyrdeer|134/321|[from] item: Leftovers\n|upkeep\n|\n|t:|1783549315\n|switch|p2a: Entei|Entei, L78|100/100\n|turn|11\n|inactive|Time left: 300 sec this turn | 300 sec total\n|\n|t:|1783549316\n|switch|p1a: Brute Bonnet|Brute Bonnet, L80, tera:Poison|245/309\n|move|p2a: Entei|Sacred Fire|p1a: Brute Bonnet\n|-damage|p1a: Brute Bonnet|101/309\n|-status|p1a: Brute Bonnet|brn\n|\n|-heal|p1a: Brute Bonnet|120/309 brn|[from] item: Leftovers\n|-damage|p1a: Brute Bonnet|101/309 brn|[from] brn\n|upkeep\n|turn|12\n|inactive|Time left: 300 sec this turn | 300 sec total\n|\n|t:|1783549317\n|move|p1a: Brute Bonnet|Sucker Punch|p2a: Entei\n|-damage|p2a: Entei|86/100\n|move|p2a: Entei|Sacred Fire|p1a: Brute Bonnet\n|-damage|p1a: Brute Bonnet|0 fnt\n|faint|p1a: Brute Bonnet\n|-end|p1a: Brute Bonnet|Protosynthesis|[silent]\n|\n|upkeep\n|inactive|Time left: 300 sec this turn | 300 sec total | 5 sec grace\n|\n|t:|1783549317\n|switch|p1a: Sawsbuck|Sawsbuck-Winter, L88, F|284/284\n|turn|13\n|inactive|Time left: 300 sec this turn | 300 sec total\n|\n|t:|1783549318\n|move|p1a: Sawsbuck|High Horsepower|p2a: Entei\n|-supereffective|p2a: Entei\n|-damage|p2a: Entei|13/100\n|-damage|p1a: Sawsbuck|256/284|[from] item: Life Orb\n|move|p2a: Entei|Sacred Fire|p1a: Sawsbuck\n|-supereffective|p1a: Sawsbuck\n|-damage|p1a: Sawsbuck|0 fnt\n|faint|p1a: Sawsbuck\n|\n|upkeep\n|inactive|Time left: 300 sec this turn | 300 sec total | 5 sec grace\n|\n|t:|1783549319\n|switch|p1a: Magnezone|Magnezone, L85|258/258\n|turn|14\n|inactive|Time left: 300 sec this turn | 300 sec total\n|\n|t:|1783549319\n|move|p2a: Entei|Sacred Fire|p1a: Magnezone\n|-supereffective|p1a: Magnezone\n|-damage|p1a: Magnezone|24/258\n|move|p1a: Magnezone|Flash Cannon|p2a: Entei\n|-resisted|p2a: Entei\n|-damage|p2a: Entei|0 fnt\n|faint|p2a: Entei\n|\n|-heal|p1a: Magnezone|40/258|[from] item: Leftovers\n|upkeep\n|\n|t:|1783549320\n|switch|p2a: Feraligatr|Feraligatr, L79, M|100/100\n|turn|15\n|inactive|Time left: 300 sec this turn | 300 sec total\n|\n|t:|1783549320\n|move|p2a: Feraligatr|Crunch|p1a: Magnezone\n|-damage|p1a: Magnezone|0 fnt\n|faint|p1a: Magnezone\n|\n|upkeep\n|inactive|Time left: 300 sec this turn | 300 sec total | 5 sec grace\n|\n|t:|1783549321\n|switch|p1a: Wyrdeer|Wyrdeer, L87, F|134/321\n|-ability|p1a: Wyrdeer|Intimidate|boost\n|-unboost|p2a: Feraligatr|atk|1\n|turn|16\n|inactive|Time left: 300 sec this turn | 300 sec total\n|\n|t:|1783549322\n|move|p2a: Feraligatr|Crunch|p1a: Wyrdeer\n|-supereffective|p1a: Wyrdeer\n|-damage|p1a: Wyrdeer|12/321\n|move|p1a: Wyrdeer|Body Slam|p2a: Feraligatr\n|-damage|p2a: Feraligatr|60/100\n|\n|-heal|p1a: Wyrdeer|32/321|[from] item: Leftovers\n|upkeep\n|turn|17\n|inactive|Time left: 300 sec this turn | 300 sec total\n|\n|t:|1783549323\n|move|p2a: Feraligatr|Liquidation|p1a: Wyrdeer\n|-damage|p1a: Wyrdeer|0 fnt\n|faint|p1a: Wyrdeer\n|\n|win|p0y8100f3c", "uploadtime": 1783549323, "views": 0, "rating": 0, "private": 0, "password": null, "_winner": "p0y8100f3c", "_our_name": "p0x810ee0b"}