{"id": "battle-gen9randombattle-1793", "formatid": "gen9randombattle", "format": "[Gen 9] Random Battle", "players": ["p0x1793dde4", "p0y17939c2a"], "log": "|init|battle\n|title|p0x1793dde4 vs. p0y17939c2a\n|j|\u2606p0x1793dde4\n|j|\u2606p0y17939c2a\n|t:|1783560006\n|gametype|singles\n|player|p1|p0x1793dde4|101|\n|player|p2|p0y17939c2a|265|\n|gen|9\n|tier|[Gen 9] Random Battle\n|rule|Species Clause: Limit one of each Pok\u00e9mon\n|rule|HP Percentage Mod: HP is shown in percentages\n|rule|Sleep Clause Mod: Limit one foe put to sleep\n|rule|Illusion Level Mod: Illusion disguises the Pok\u00e9mon's true level\n|\n|t:|1783560006\n|teamsize|p1|6\n|teamsize|p2|6\n|start\n|switch|p1a: Lycanroc|Lycanroc, L86, M|100/100\n|switch|p2a: Regieleki|Regieleki, L79|256/256\n|turn|1\n|inactive|Battle timer is ON: inactive players will automatically lose when time's up. (requested by p0x1793dde4)\n|inactive|Time left: 300 sec this turn | 300 sec total | 60 sec grace\n|inactive|p0y17939c2a also wants the timer to be on.\n|\n|t:|1783560007\n|move|p2a: Regieleki|Volt Switch|p1a: Lycanroc\n|-damage|p1a: Lycanroc|51/100\n|inactive|Time left: 300 sec this turn | 300 sec total | 65 sec grace\n|\n|t:|1783560009\n|switch|p2a: Sinistcha|Sinistcha-Masterpiece, L83|254/254|[from] Volt Switch\n|move|p1a: Lycanroc|Swords Dance|p1a: Lycanroc\n|-boost|p1a: Lycanroc|atk|2\n|\n|upkeep\n|turn|2\n|inactive|Time left: 300 sec this turn | 300 sec total\n|\n|t:|1783560010\n|-terastallize|p2a: Sinistcha|Steel\n|move|p1a: Lycanroc|Crunch|p2a: Sinistcha\n|-damage|p2a: Sinistcha|89/254\n|-unboost|p2a: Sinistcha|def|1\n|-damage|p1a: Lycanroc|42/100|[from] item: Life Orb\n|move|p2a: Sinistcha|Matcha Gotcha|p1a: Lycanroc\n|-supereffective|p1a: Lycanroc\n|-damage|p1a: Lycanroc|0 fnt\n|-heal|p2a: Sinistcha|145/254|[from] drain|[of] p1a: Lycanroc\n|faint|p1a: Lycanroc\n|\n|-heal|p2a: Sinistcha|160/254|[from] item: Leftovers\n|upkeep\n|\n|t:|1783560011\n|switch|p1a: Malamar|Malamar, L82, M|100/100\n|turn|3\n|inactive|Time left: 300 sec this turn | 300 sec total\n|\n|t:|1783560012\n|switch|p2a: Leafeon|Leafeon, L88, F|258/258\n|move|p1a: Malamar|Superpower|p2a: Leafeon\n|-damage|p2a: Leafeon|201/258\n|-boost|p1a: Malamar|atk|1\n|-boost|p1a: Malamar|def|1\n|\n|upkeep\n|turn|4\n|inactive|Time left: 300 sec this turn | 300 sec total\n|\n|t:|1783560014\n|move|p2a: Leafeon|Leaf Blade|p1a: Malamar\n|-damage|p1a: Malamar|64/100\n|-damage|p2a: Leafeon|176/258|[from] item: Life Orb\n|move|p1a: Malamar|Superpower|p2a: Leafeon\n|-damage|p2a: Leafeon|102/258\n|-boost|p1a: Malamar|atk|1\n|-boost|p1a: Malamar|def|1\n|\n|upkeep\n|turn|5\n|inactive|Time left: 300 sec this turn | 300 sec total\n|\n|t:|1783560015\n|move|p2a: Leafeon|Knock Off|p1a: Malamar\n|-damage|p1a: Malamar|44/100\n|-enditem|p1a: Malamar|Chesto Berry|[from] move: Knock Off|[of] p2a: Leafeon\n|-damage|p2a: Leafeon|77/258|[from] item: Life Orb\n|move|p1a: Malamar|Superpower|p2a: Leafeon\n|-damage|p2a: Leafeon|0 fnt\n|-boost|p1a: Malamar|atk|1\n|-boost|p1a: Malamar|def|1\n|faint|p2a: Leafeon\n|\n|upkeep\n|inactive|Time left: 300 sec this turn | 300 sec total | 5 sec grace\n|\n|t:|1783560016\n|switch|p2a: Regieleki|Regieleki, L79|256/256\n|turn|6\n|inactive|Time left: 300 sec this turn | 300 sec total\n|\n|t:|1783560017\n|switch|p1a: Camerupt|Camerupt, L91, F|100/100\n|move|p2a: Regieleki|Thunderbolt|p1a: Camerupt\n|-immune|p1a: Camerupt\n|\n|upkeep\n|turn|7\n|inactive|Time left: 300 sec this turn | 300 sec total\n|\n|t:|1783560018\n|switch|p2a: Arceus|Arceus-Ice, L72|291/291\n|move|p1a: Camerupt|Earthquake|p2a: Arceus\n|-damage|p2a: Arceus|183/291\n|\n|upkeep\n|turn|8\n|inactive|Time left: 300 sec this turn | 300 sec total\n|\n|t:|1783560019\n|move|p2a: Arceus|Judgment|p1a: Camerupt\n|-damage|p1a: Camerupt|55/100\n|move|p1a: Camerupt|Overheat|p2a: Arceus\n|-supereffective|p2a: Arceus\n|-damage|p2a: Arceus|0 fnt\n|-unboost|p1a: Camerupt|spa|2\n|faint|p2a: Arceus\n|\n|-heal|p1a: Camerupt|61/100|[from] item: Leftovers\n|upkeep\n|inactive|Time left: 300 sec this turn | 300 sec total | 5 sec grace\n|\n|t:|1783560020\n|switch|p2a: Terrakion|Terrakion, L79|273/273\n|turn|9\n|inactive|Time left: 300 sec this turn | 300 sec total\n|\n|t:|1783560021\n|switch|p1a: Vileplume|Vileplume, L85, F|100/100\n|move|p2a: Terrakion|Close Combat|p1a: Vileplume\n|-resisted|p1a: Vileplume\n|-damage|p1a: Vileplume|65/100\n|-unboost|p2a: Terrakion|def|1\n|-unboost|p2a: Terrakion|spd|1\n|-damage|p2a: Terrakion|246/273|[from] item: Life Orb\n|\n|-heal|p1a: Vileplume|71/100|[from] item: Leftovers\n|upkeep\n|turn|10\n|inactive|Time left: 300 sec this turn | 300 sec total\n|\n|t:|1783560022\n|switch|p2a: Sinistcha|Sinistcha-Masterpiece, L83, tera:Steel|160/254\n|move|p1a: Vileplume|Giga Drain|p2a: Sinistcha\n|-resisted|p2a: Sinistcha\n|-damage|p2a: Sinistcha|115/254\n|-heal|p1a: Vileplume|80/100|[from] drain|[of] p2a: Sinistcha\n|\n|-heal|p2a: Sinistcha|130/254|[from] item: Leftovers\n|-heal|p1a: Vileplume|86/100|[from] item: Leftovers\n|upkeep\n|turn|11\n|inactive|Time left: 300 sec this turn | 300 sec total\n|\n|t:|1783560023\n|switch|p1a: Malamar|Malamar, L82, M|44/100\n|move|p2a: Sinistcha|Strength Sap|p1a: Malamar\n|-boost|p1a: Malamar|atk|1\n|-heal|p2a: Sinistcha|254/254\n|\n|upkeep\n|turn|12\n|inactive|Time left: 300 sec this turn | 300 sec total\n|\n|t:|1783560024\n|-terastallize|p1a: Malamar|Fighting\n|move|p1a: Malamar|Superpower|p2a: Sinistcha\n|-supereffective|p2a: Sinistcha\n|-damage|p2a: Sinistcha|0 fnt\n|-boost|p1a: Malamar|atk|1\n|-boost|p1a: Malamar|def|1\n|faint|p2a: Sinistcha\n|\n|upkeep\n|inactive|Time left: 300 sec this turn | 300 sec total | 5 sec grace\n|\n|t:|1783560025\n|switch|p2a: Regieleki|Regieleki, L79|256/256\n|turn|13\n|inactive|Time left: 300 sec this turn | 300 sec total\n|\n|t:|1783560026\n|switch|p1a: Camerupt|Camerupt, L91, F|61/100\n|move|p2a: Regieleki|Thunderbolt|p1a: Camerupt\n|-immune|p1a: Camerupt\n|\n|-heal|p1a: Camerupt|67/100|[from] item: Leftovers\n|upkeep\n|turn|14\n|inactive|Time left: 300 sec this turn | 300 sec total\n|\n|t:|1783560027\n|switch|p2a: Palafin|Palafin, L77, F|281/281\n|move|p1a: Camerupt|Earthquake|p2a: Palafin\n|-damage|p2a: Palafin|121/281\n|\n|-heal|p2a: Palafin|138/281|[from] item: Leftovers\n|-heal|p1a: Camerupt|73/100|[from] item: Leftovers\n|upkeep\n|turn|15\n|inactive|Time left: 300 sec this turn | 300 sec total\n|\n|t:|1783560028\n|switch|p1a: Vileplume|Vileplume, L85, F|86/100\n|move|p2a: Palafin|Jet Punch|p1a: Vileplume\n|-resisted|p1a: Vileplume\n|-damage|p1a: Vileplume|78/100\n|\n|-heal|p2a: Palafin|155/281|[from] item: Leftovers\n|-heal|p1a: Vileplume|84/100|[from] item: Leftovers\n|upkeep\n|turn|16\n|inactive|Time left: 300 sec this turn | 300 sec total\n|\n|t:|1783560029\n|move|p2a: Palafin|Ice Punch|p1a: Vileplume\n|-supereffective|p1a: Vileplume\n|-damage|p1a: Vileplume|55/100\n|move|p1a: Vileplume|Giga Drain|p2a: Palafin\n|-supereffective|p2a: Palafin\n|-damage|p2a: Palafin|0 fnt\n|-heal|p1a: Vileplume|84/100|[from] drain|[of] p2a: Palafin\n|faint|p2a: Palafin\n|\n|-heal|p1a: Vileplume|90/100|[from] item: Leftovers\n|upkeep\n|inactive|Time left: 300 sec this turn | 300 sec total | 5 sec grace\n|\n|t:|1783560030\n|switch|p2a: Terrakion|Terrakion, L79|246/273\n|turn|17\n|inactive|Time left: 300 sec this turn | 300 sec total\n|\n|t:|1783560031\n|move|p2a: Terrakion|Swords Dance|p2a: Terrakion\n|-boost|p2a: Terrakion|atk|2\n|move|p1a: Vileplume|Strength Sap|p2a: Terrakion\n|-unboost|p2a: Terrakion|atk|1\n|-heal|p1a: Vileplume|100/100\n|\n|upkeep\n|turn|18\n|inactive|Time left: 300 sec this turn | 300 sec total\n|\n|t:|1783560032\n|move|p2a: Terrakion|Swords Dance|p2a: Terrakion\n|-boost|p2a: Terrakion|atk|2\n|move|p1a: Vileplume|Giga Drain|p2a: Terrakion\n|-supereffective|p2a: Terrakion\n|-crit|p2a: Terrakion\n|-damage|p2a: Terrakion|0 fnt\n|faint|p2a: Terrakion\n|\n|upkeep\n|inactive|Time left: 300 sec this turn | 300 sec total | 5 sec grace\n|\n|t:|1783560033\n|switch|p2a: Regieleki|Regieleki, L79|256/256\n|turn|19\n|inactive|Time left: 300 sec this turn | 300 sec total\n|\n|t:|1783560033\n|move|p2a: Regieleki|Thunderbolt|p1a: Vileplume\n|-resisted|p1a: Vileplume\n|-damage|p1a: Vileplume|75/100\n|move|p1a: Vileplume|Sludge Bomb|p2a: Regieleki\n|-damage|p2a: Regieleki|96/256\n|-status|p2a: Regieleki|psn\n|\n|-heal|p1a: Vileplume|81/100|[from] item: Leftovers\n|-damage|p2a: Regieleki|64/256 psn|[from] psn\n|upkeep\n|turn|20\n|inactive|Time left: 300 sec this turn | 300 sec total\n|\n|t:|1783560034\n|move|p2a: Regieleki|Volt Switch|p1a: Vileplume\n|-resisted|p1a: Vileplume\n|-damage|p1a: Vileplume|61/100\n|move|p1a: Vileplume|Giga Drain|p2a: Regieleki\n|-damage|p2a: Regieleki|0 fnt\n|-heal|p1a: Vileplume|73/100|[from] drain|[of] p2a: Regieleki\n|faint|p2a: Regieleki\n|\n|win|p0x1793dde4", "uploadtime": 1783560034, "views": 0, "rating": 0, "private": 0, "password": null, "_winner": "p0x1793dde4", "_our_name": "p0y17939c2a"}