{"id": "battle-gen9randombattle-1661", "formatid": "gen9randombattle", "format": "[Gen 9] Random Battle", "players": ["p0x166131ee", "p0y16611680"], "log": "|init|battle\n|title|p0x166131ee vs. p0y16611680\n|j|\u2606p0x166131ee\n|j|\u2606p0y16611680\n|t:|1783558485\n|gametype|singles\n|player|p1|p0x166131ee|265|\n|player|p2|p0y16611680|265|\n|gen|9\n|tier|[Gen 9] Random Battle\n|rule|Species Clause: Limit one of each Pok\u00e9mon\n|rule|HP Percentage Mod: HP is shown in percentages\n|rule|Sleep Clause Mod: Limit one foe put to sleep\n|rule|Illusion Level Mod: Illusion disguises the Pok\u00e9mon's true level\n|\n|t:|1783558485\n|teamsize|p1|6\n|teamsize|p2|6\n|start\n|switch|p1a: Flygon|Flygon, L82, M|100/100\n|switch|p2a: Flareon|Flareon, L90, M|263/263\n|turn|1\n|inactive|Battle timer is ON: inactive players will automatically lose when time's up. (requested by p0y16611680)\n|inactive|p0x166131ee also wants the timer to be on.\n|\n|t:|1783558486\n|switch|p2a: Enamorus|Enamorus, L79, F|247/247\n|move|p1a: Flygon|Earthquake|p2a: Enamorus\n|-immune|p2a: Enamorus\n|\n|upkeep\n|turn|2\n|inactive|Time left: 300 sec this turn | 300 sec total\n|\n|t:|1783558487\n|move|p2a: Enamorus|Superpower|p1a: Flygon\n|-damage|p1a: Flygon|64/100\n|-boost|p2a: Enamorus|atk|1\n|-boost|p2a: Enamorus|def|1\n|move|p1a: Flygon|Earthquake|p2a: Enamorus\n|-immune|p2a: Enamorus\n|\n|upkeep\n|turn|3\n|inactive|Time left: 300 sec this turn | 300 sec total\n|\n|t:|1783558489\n|switch|p1a: Jolteon|Jolteon, L84, F|100/100\n|move|p2a: Enamorus|Superpower|p1a: Jolteon\n|-damage|p1a: Jolteon|37/100\n|-boost|p2a: Enamorus|atk|1\n|-boost|p2a: Enamorus|def|1\n|\n|upkeep\n|turn|4\n|inactive|Time left: 300 sec this turn | 300 sec total\n|\n|t:|1783558490\n|-terastallize|p2a: Enamorus|Fighting\n|move|p1a: Jolteon|Thunderbolt|p2a: Enamorus\n|-damage|p2a: Enamorus|78/247\n|move|p2a: Enamorus|Superpower|p1a: Jolteon\n|-damage|p1a: Jolteon|0 fnt\n|-boost|p2a: Enamorus|atk|1\n|-boost|p2a: Enamorus|def|1\n|faint|p1a: Jolteon\n|\n|-heal|p2a: Enamorus|93/247|[from] item: Leftovers\n|upkeep\n|\n|t:|1783558491\n|switch|p1a: Florges|Florges-Orange, L85, F|100/100\n|turn|5\n|inactive|Time left: 300 sec this turn | 300 sec total\n|\n|t:|1783558492\n|move|p2a: Enamorus|Play Rough|p1a: Florges\n|-damage|p1a: Florges|0 fnt\n|faint|p1a: Florges\n|\n|-heal|p2a: Enamorus|108/247|[from] item: Leftovers\n|upkeep\n|\n|t:|1783558493\n|switch|p1a: Muk|Muk, L86, M|100/100\n|turn|6\n|inactive|Time left: 300 sec this turn | 300 sec total\n|\n|t:|1783558494\n|move|p2a: Enamorus|Superpower|p1a: Muk\n|-resisted|p1a: Muk\n|-damage|p1a: Muk|41/100\n|-boost|p2a: Enamorus|atk|1\n|-boost|p2a: Enamorus|def|1\n|move|p1a: Muk|Haze|p1a: Muk\n|-clearallboost\n|\n|-heal|p2a: Enamorus|123/247|[from] item: Leftovers\n|-heal|p1a: Muk|48/100|[from] item: Leftovers\n|upkeep\n|turn|7\n|inactive|Time left: 300 sec this turn | 300 sec total\n|\n|t:|1783558495\n|move|p2a: Enamorus|Superpower|p1a: Muk\n|-resisted|p1a: Muk\n|-damage|p1a: Muk|26/100\n|-boost|p2a: Enamorus|atk|1\n|-boost|p2a: Enamorus|def|1\n|move|p1a: Muk|Gunk Shot|p2a: Enamorus|[miss]\n|-miss|p1a: Muk|p2a: Enamorus\n|\n|-heal|p2a: Enamorus|138/247|[from] item: Leftovers\n|-heal|p1a: Muk|33/100|[from] item: Leftovers\n|upkeep\n|turn|8\n|inactive|Time left: 300 sec this turn | 300 sec total\n|\n|t:|1783558496\n|move|p2a: Enamorus|Superpower|p1a: Muk\n|-resisted|p1a: Muk\n|-damage|p1a: Muk|1/100\n|-boost|p2a: Enamorus|atk|1\n|-boost|p2a: Enamorus|def|1\n|move|p1a: Muk|Gunk Shot|p2a: Enamorus|[miss]\n|-miss|p1a: Muk|p2a: Enamorus\n|\n|-heal|p2a: Enamorus|153/247|[from] item: Leftovers\n|-heal|p1a: Muk|8/100|[from] item: Leftovers\n|upkeep\n|turn|9\n|inactive|Time left: 300 sec this turn | 300 sec total\n|\n|t:|1783558497\n|move|p2a: Enamorus|Superpower|p1a: Muk\n|-resisted|p1a: Muk\n|-damage|p1a: Muk|0 fnt\n|-boost|p2a: Enamorus|atk|1\n|-boost|p2a: Enamorus|def|1\n|faint|p1a: Muk\n|\n|-heal|p2a: Enamorus|168/247|[from] item: Leftovers\n|upkeep\n|\n|t:|1783558498\n|switch|p1a: Whiscash|Whiscash, L88, F|100/100\n|turn|10\n|inactive|Time left: 300 sec this turn | 300 sec total\n|\n|t:|1783558500\n|switch|p1a: Flygon|Flygon, L82, M|64/100\n|move|p2a: Enamorus|Superpower|p1a: Flygon\n|-damage|p1a: Flygon|0 fnt\n|-boost|p2a: Enamorus|atk|1\n|-boost|p2a: Enamorus|def|1\n|faint|p1a: Flygon\n|\n|-heal|p2a: Enamorus|183/247|[from] item: Leftovers\n|upkeep\n|\n|t:|1783558500\n|switch|p1a: Whiscash|Whiscash, L88, F|100/100\n|turn|11\n|inactive|Time left: 300 sec this turn | 300 sec total\n|\n|t:|1783558501\n|-terastallize|p1a: Whiscash|Steel\n|move|p2a: Enamorus|Play Rough|p1a: Whiscash\n|-resisted|p1a: Whiscash\n|-damage|p1a: Whiscash|54/100\n|move|p1a: Whiscash|Dragon Dance|p1a: Whiscash\n|-boost|p1a: Whiscash|atk|1\n|-boost|p1a: Whiscash|spe|1\n|\n|-heal|p2a: Enamorus|198/247|[from] item: Leftovers\n|upkeep\n|turn|12\n|inactive|Time left: 300 sec this turn | 300 sec total\n|\n|t:|1783558502\n|move|p1a: Whiscash|Liquidation|p2a: Enamorus\n|-damage|p2a: Enamorus|123/247\n|-damage|p1a: Whiscash|44/100|[from] item: Life Orb\n|move|p2a: Enamorus|Play Rough|p1a: Whiscash|[miss]\n|-miss|p2a: Enamorus|p1a: Whiscash\n|\n|-heal|p2a: Enamorus|138/247|[from] item: Leftovers\n|upkeep\n|turn|13\n|inactive|Time left: 300 sec this turn | 300 sec total\n|\n|t:|1783558503\n|move|p1a: Whiscash|Earthquake|p2a: Enamorus\n|-damage|p2a: Enamorus|59/247\n|-damage|p1a: Whiscash|35/100|[from] item: Life Orb\n|move|p2a: Enamorus|Play Rough|p1a: Whiscash|[miss]\n|-miss|p2a: Enamorus|p1a: Whiscash\n|\n|-heal|p2a: Enamorus|74/247|[from] item: Leftovers\n|upkeep\n|turn|14\n|inactive|Time left: 300 sec this turn | 300 sec total\n|\n|t:|1783558504\n|switch|p2a: Dipplin|Dipplin, L88, F|284/284\n|move|p1a: Whiscash|Earthquake|p2a: Dipplin\n|-resisted|p2a: Dipplin\n|-damage|p2a: Dipplin|236/284\n|-damage|p1a: Whiscash|25/100|[from] item: Life Orb\n|\n|upkeep\n|turn|15\n|inactive|Time left: 300 sec this turn | 300 sec total\n|\n|t:|1783558505\n|move|p1a: Whiscash|Dragon Dance|p1a: Whiscash\n|-boost|p1a: Whiscash|atk|1\n|-boost|p1a: Whiscash|spe|1\n|move|p2a: Dipplin|Dragon Pulse|p1a: Whiscash\n|-resisted|p1a: Whiscash\n|-damage|p1a: Whiscash|9/100\n|\n|upkeep\n|turn|16\n|inactive|Time left: 300 sec this turn | 300 sec total\n|\n|t:|1783558507\n|move|p1a: Whiscash|Dragon Dance|p1a: Whiscash\n|-boost|p1a: Whiscash|atk|1\n|-boost|p1a: Whiscash|spe|1\n|move|p2a: Dipplin|Recover|p2a: Dipplin\n|-heal|p2a: Dipplin|284/284\n|\n|upkeep\n|turn|17\n|inactive|Time left: 300 sec this turn | 300 sec total\n|\n|t:|1783558508\n|move|p1a: Whiscash|Dragon Dance|p1a: Whiscash\n|-boost|p1a: Whiscash|atk|1\n|-boost|p1a: Whiscash|spe|1\n|move|p2a: Dipplin|Recover||[still]\n|-fail|p2a: Dipplin|heal\n|\n|upkeep\n|turn|18\n|inactive|Time left: 300 sec this turn | 300 sec total\n|\n|t:|1783558509\n|move|p1a: Whiscash|Earthquake|p2a: Dipplin\n|-resisted|p2a: Dipplin\n|-damage|p2a: Dipplin|185/284\n|-damage|p1a: Whiscash|0 fnt|[from] item: Life Orb\n|faint|p1a: Whiscash\n|move|p2a: Dipplin|Recover|p2a: Dipplin\n|-heal|p2a: Dipplin|284/284\n|\n|upkeep\n|\n|t:|1783558509\n|switch|p1a: Klawf|Klawf, L90, F|100/100\n|turn|19\n|inactive|Time left: 300 sec this turn | 300 sec total\n|\n|t:|1783558510\n|move|p1a: Klawf|Stone Edge|p2a: Dipplin\n|-damage|p2a: Dipplin|217/284\n|move|p2a: Dipplin|Giga Drain|p1a: Klawf\n|-supereffective|p1a: Klawf\n|-damage|p1a: Klawf|25/100\n|-heal|p2a: Dipplin|284/284|[from] drain|[of] p1a: Klawf\n|-ability|p1a: Klawf|Anger Shell|boost\n|-boost|p1a: Klawf|atk|1\n|-boost|p1a: Klawf|spa|1\n|-boost|p1a: Klawf|spe|1\n|-unboost|p1a: Klawf|def|1\n|-unboost|p1a: Klawf|spd|1\n|-enditem|p1a: Klawf|Sitrus Berry|[eat]\n|-heal|p1a: Klawf|50/100|[from] item: Sitrus Berry\n|\n|upkeep\n|turn|20\n|inactive|Time left: 300 sec this turn | 300 sec total\n|\n|t:|1783558511\n|move|p1a: Klawf|High Horsepower|p2a: Dipplin\n|-resisted|p2a: Dipplin\n|-damage|p2a: Dipplin|253/284\n|move|p2a: Dipplin|Giga Drain|p1a: Klawf\n|-supereffective|p1a: Klawf\n|-damage|p1a: Klawf|0 fnt\n|-heal|p2a: Dipplin|284/284|[from] drain|[of] p1a: Klawf\n|faint|p1a: Klawf\n|\n|win|p0y16611680", "uploadtime": 1783558511, "views": 0, "rating": 0, "private": 0, "password": null, "_winner": "p0y16611680", "_our_name": "p0y16611680"}