{"id": "battle-gen9randombattle-574", "formatid": "gen9randombattle", "format": "[Gen 9] Random Battle", "players": ["p0x574df10", "p0y5747054"], "log": "|init|battle\n|title|p0x574df10 vs. p0y5747054\n|j|\u2606p0x574df10\n|j|\u2606p0y5747054\n|t:|1783545729\n|gametype|singles\n|player|p1|p0x574df10|2|\n|player|p2|p0y5747054|1|\n|gen|9\n|tier|[Gen 9] Random Battle\n|rule|Species Clause: Limit one of each Pok\u00e9mon\n|rule|HP Percentage Mod: HP is shown in percentages\n|rule|Sleep Clause Mod: Limit one foe put to sleep\n|rule|Illusion Level Mod: Illusion disguises the Pok\u00e9mon's true level\n|\n|t:|1783545729\n|teamsize|p1|6\n|teamsize|p2|6\n|start\n|switch|p1a: Cinccino|Cinccino, L83, M|100/100\n|switch|p2a: Barraskewda|Barraskewda, L81, M|231/231\n|turn|1\n|inactive|Battle timer is ON: inactive players will automatically lose when time's up. (requested by p0x574df10)\n|inactive|Time left: 300 sec this turn | 300 sec total | 60 sec grace\n|inactive|p0y5747054 also wants the timer to be on.\n|\n|t:|1783545731\n|switch|p1a: Tsareena|Tsareena, L87, F|100/100\n|move|p2a: Barraskewda|Close Combat|p1a: Tsareena\n|-damage|p1a: Tsareena|50/100\n|-unboost|p2a: Barraskewda|def|1\n|-unboost|p2a: Barraskewda|spd|1\n|\n|upkeep\n|turn|2\n|inactive|Time left: 300 sec this turn | 300 sec total\n|\n|t:|1783545732\n|move|p2a: Barraskewda|Close Combat|p1a: Tsareena\n|-damage|p1a: Tsareena|5/100\n|-unboost|p2a: Barraskewda|def|1\n|-unboost|p2a: Barraskewda|spd|1\n|move|p1a: Tsareena|Knock Off|p2a: Barraskewda\n|-damage|p2a: Barraskewda|0 fnt\n|-enditem|p2a: Barraskewda|Choice Band|[from] move: Knock Off|[of] p1a: Tsareena\n|faint|p2a: Barraskewda\n|\n|upkeep\n|inactive|Time left: 300 sec this turn | 300 sec total | 5 sec grace\n|\n|t:|1783545733\n|switch|p2a: Crawdaunt|Crawdaunt, L84, M|243/243\n|turn|3\n|inactive|Time left: 300 sec this turn | 300 sec total\n|\n|t:|1783545735\n|move|p1a: Tsareena|Power Whip|p2a: Crawdaunt\n|-supereffective|p2a: Crawdaunt\n|-crit|p2a: Crawdaunt\n|-damage|p2a: Crawdaunt|0 fnt\n|faint|p2a: Crawdaunt\n|\n|upkeep\n|inactive|Time left: 300 sec this turn | 300 sec total | 5 sec grace\n|\n|t:|1783545735\n|switch|p2a: Zebstrika|Zebstrika, L87, F|272/272\n|turn|4\n|inactive|Time left: 300 sec this turn | 300 sec total\n|\n|t:|1783545736\n|switch|p1a: Rhyperior|Rhyperior, L82, F|100/100\n|move|p2a: Zebstrika|Supercell Slam|p1a: Rhyperior\n|-immune|p1a: Rhyperior\n|-damage|p2a: Zebstrika|136/272|[from] supercellslam\n|\n|upkeep\n|turn|5\n|inactive|Time left: 300 sec this turn | 300 sec total\n|\n|t:|1783545738\n|switch|p2a: Ogerpon|Ogerpon-Cornerstone, L76, F|247/247\n|move|p1a: Rhyperior|Earthquake|p2a: Ogerpon\n|-damage|p2a: Ogerpon|96/247\n|\n|upkeep\n|turn|6\n|inactive|Time left: 300 sec this turn | 300 sec total\n|\n|t:|1783545739\n|-terastallize|p1a: Rhyperior|Rock\n|move|p2a: Ogerpon|Power Whip|p1a: Rhyperior\n|-supereffective|p1a: Rhyperior\n|-damage|p1a: Rhyperior|47/100\n|-enditem|p1a: Rhyperior|Weakness Policy\n|-boost|p1a: Rhyperior|atk|2|[from] item: Weakness Policy\n|-boost|p1a: Rhyperior|spa|2|[from] item: Weakness Policy\n|move|p1a: Rhyperior|Rock Polish|p1a: Rhyperior\n|-boost|p1a: Rhyperior|spe|2\n|\n|upkeep\n|turn|7\n|inactive|Time left: 300 sec this turn | 300 sec total\n|\n|t:|1783545740\n|move|p1a: Rhyperior|Earthquake|p2a: Ogerpon\n|-damage|p2a: Ogerpon|0 fnt\n|faint|p2a: Ogerpon\n|\n|upkeep\n|inactive|Time left: 300 sec this turn | 300 sec total | 5 sec grace\n|\n|t:|1783545741\n|switch|p2a: Zebstrika|Zebstrika, L87, F|136/272\n|turn|8\n|inactive|Time left: 300 sec this turn | 300 sec total\n|\n|t:|1783545742\n|-terastallize|p2a: Zebstrika|Ground\n|move|p2a: Zebstrika|High Horsepower|p1a: Rhyperior\n|-supereffective|p1a: Rhyperior\n|-damage|p1a: Rhyperior|0 fnt\n|faint|p1a: Rhyperior\n|-damage|p2a: Zebstrika|109/272|[from] item: Life Orb\n|\n|upkeep\n|\n|t:|1783545743\n|switch|p1a: Sylveon|Sylveon, L85, F|100/100\n|turn|9\n|inactive|Time left: 300 sec this turn | 300 sec total\n|\n|t:|1783545744\n|move|p2a: Zebstrika|High Horsepower|p1a: Sylveon\n|-damage|p1a: Sylveon|40/100\n|-damage|p2a: Zebstrika|82/272|[from] item: Life Orb\n|move|p1a: Sylveon|Hyper Voice|p2a: Zebstrika\n|-damage|p2a: Zebstrika|0 fnt\n|faint|p2a: Zebstrika\n|\n|-heal|p1a: Sylveon|46/100|[from] item: Leftovers\n|upkeep\n|inactive|Time left: 300 sec this turn | 300 sec total | 5 sec grace\n|\n|t:|1783545745\n|switch|p2a: Metagross|Metagross, L79|256/256\n|turn|10\n|inactive|Time left: 300 sec this turn | 300 sec total\n|\n|t:|1783545746\n|switch|p1a: Clawitzer|Clawitzer, L87, F|100/100\n|move|p2a: Metagross|Heavy Slam|p1a: Clawitzer\n|-resisted|p1a: Clawitzer\n|-damage|p1a: Clawitzer|72/100\n|\n|upkeep\n|turn|11\n|inactive|Time left: 300 sec this turn | 300 sec total\n|\n|t:|1783545747\n|switch|p2a: Goodra|Goodra, L85, M|292/292\n|move|p1a: Clawitzer|Dark Pulse|p2a: Goodra\n|-damage|p2a: Goodra|248/292\n|\n|upkeep\n|turn|12\n|inactive|Time left: 300 sec this turn | 300 sec total\n|\n|t:|1783545749\n|move|p2a: Goodra|Power Whip|p1a: Clawitzer\n|-supereffective|p1a: Clawitzer\n|-damage|p1a: Clawitzer|2/100\n|move|p1a: Clawitzer|Dragon Pulse|p2a: Goodra\n|-supereffective|p2a: Goodra\n|-damage|p2a: Goodra|150/292\n|\n|upkeep\n|turn|13\n|inactive|Time left: 300 sec this turn | 300 sec total\n|\n|t:|1783545750\n|move|p2a: Goodra|Earthquake|p1a: Clawitzer\n|-damage|p1a: Clawitzer|0 fnt\n|faint|p1a: Clawitzer\n|\n|upkeep\n|\n|t:|1783545752\n|switch|p1a: Sylveon|Sylveon, L85, F|46/100\n|turn|14\n|inactive|Time left: 300 sec this turn | 300 sec total\n|\n|t:|1783545753\n|switch|p2a: Metagross|Metagross, L79|256/256\n|move|p1a: Sylveon|Wish|p1a: Sylveon\n|\n|-heal|p1a: Sylveon|52/100|[from] item: Leftovers\n|upkeep\n|turn|15\n|inactive|Time left: 300 sec this turn | 300 sec total\n|\n|t:|1783545754\n|move|p1a: Sylveon|Protect|p1a: Sylveon\n|-singleturn|p1a: Sylveon|Protect\n|move|p2a: Metagross|Agility|p2a: Metagross\n|-boost|p2a: Metagross|spe|2\n|\n|-heal|p1a: Sylveon|100/100|[from] move: Wish|[wisher] Sylveon\n|upkeep\n|turn|16\n|inactive|Time left: 300 sec this turn | 300 sec total\n|\n|t:|1783545754\n|switch|p1a: Tsareena|Tsareena, L87, F|5/100\n|move|p2a: Metagross|Heavy Slam|p1a: Tsareena\n|-damage|p1a: Tsareena|0 fnt\n|faint|p1a: Tsareena\n|\n|upkeep\n|\n|t:|1783545755\n|switch|p1a: Cinccino|Cinccino, L83, M|100/100\n|turn|17\n|inactive|Time left: 300 sec this turn | 300 sec total\n|\n|t:|1783545756\n|move|p2a: Metagross|Heavy Slam|p1a: Cinccino\n|-damage|p1a: Cinccino|31/100\n|move|p1a: Cinccino|Tidy Up|p1a: Cinccino\n|-boost|p1a: Cinccino|atk|1\n|-boost|p1a: Cinccino|spe|1\n|\n|upkeep\n|turn|18\n|inactive|Time left: 300 sec this turn | 300 sec total\n|\n|t:|1783545757\n|move|p1a: Cinccino|Triple Axel|p2a: Metagross\n|-resisted|p2a: Metagross\n|-crit|p2a: Metagross\n|-damage|p2a: Metagross|237/256\n|-resisted|p2a: Metagross\n|-damage|p2a: Metagross|212/256\n|-resisted|p2a: Metagross\n|-damage|p2a: Metagross|175/256\n|-hitcount|p2a: Metagross|3\n|move|p2a: Metagross|Agility|p2a: Metagross\n|-boost|p2a: Metagross|spe|2\n|\n|upkeep\n|turn|19\n|inactive|Time left: 300 sec this turn | 300 sec total\n|\n|t:|1783545758\n|move|p2a: Metagross|Heavy Slam|p1a: Cinccino\n|-damage|p1a: Cinccino|0 fnt\n|faint|p1a: Cinccino\n|\n|upkeep\n|\n|t:|1783545759\n|switch|p1a: Sylveon|Sylveon, L85, F|100/100\n|turn|20\n|inactive|Time left: 300 sec this turn | 300 sec total\n|\n|t:|1783545760\n|move|p1a: Sylveon|Protect|p1a: Sylveon\n|-singleturn|p1a: Sylveon|Protect\n|move|p2a: Metagross|Heavy Slam|p1a: Sylveon\n|-activate|p1a: Sylveon|move: Protect\n|\n|upkeep\n|turn|21\n|inactive|Time left: 300 sec this turn | 300 sec total\n|\n|t:|1783545761\n|move|p1a: Sylveon|Protect|p1a: Sylveon\n|-singleturn|p1a: Sylveon|Protect\n|move|p2a: Metagross|Heavy Slam|p1a: Sylveon\n|-activate|p1a: Sylveon|move: Protect\n|\n|upkeep\n|turn|22\n|inactive|Time left: 300 sec this turn | 300 sec total\n|\n|t:|1783545762\n|move|p1a: Sylveon|Protect||[still]\n|-fail|p1a: Sylveon\n|move|p2a: Metagross|Heavy Slam|p1a: Sylveon\n|-supereffective|p1a: Sylveon\n|-damage|p1a: Sylveon|0 fnt\n|faint|p1a: Sylveon\n|\n|upkeep\n|\n|t:|1783545763\n|switch|p1a: Minior|Minior-Indigo, L79|100/100\n|-formechange|p1a: Minior|Minior-Meteor||[from] ability: Shields Down\n|turn|23\n|inactive|Time left: 300 sec this turn | 300 sec total\n|\n|t:|1783545764\n|move|p2a: Metagross|Heavy Slam|p1a: Minior\n|-supereffective|p1a: Minior\n|-crit|p1a: Minior\n|-damage|p1a: Minior|0 fnt\n|faint|p1a: Minior\n|\n|win|p0y5747054", "uploadtime": 1783545764, "views": 0, "rating": 0, "private": 0, "password": null, "_winner": "p0y5747054", "_our_name": "p0y5747054"}