{"id": "battle-gen9randombattle-942", "formatid": "gen9randombattle", "format": "[Gen 9] Random Battle", "players": ["p0x9427824", "p0y942d603"], "log": "|init|battle\n|title|p0x9427824 vs. p0y942d603\n|j|\u2606p0x9427824\n|j|\u2606p0y942d603\n|t:|1783550069\n|gametype|singles\n|player|p1|p0x9427824|2|\n|player|p2|p0y942d603|101|\n|gen|9\n|tier|[Gen 9] Random Battle\n|rule|Species Clause: Limit one of each Pok\u00e9mon\n|rule|HP Percentage Mod: HP is shown in percentages\n|rule|Sleep Clause Mod: Limit one foe put to sleep\n|rule|Illusion Level Mod: Illusion disguises the Pok\u00e9mon's true level\n|\n|t:|1783550069\n|teamsize|p1|6\n|teamsize|p2|6\n|start\n|switch|p1a: Scizor|Scizor, L79, M|100/100\n|switch|p2a: Zarude|Zarude-Dada, L77|288/288\n|turn|1\n|inactive|Battle timer is ON: inactive players will automatically lose when time's up. (requested by p0x9427824)\n|inactive|Time left: 300 sec this turn | 300 sec total | 60 sec grace\n|inactive|p0y942d603 also wants the timer to be on.\n|\n|t:|1783550071\n|switch|p2a: Toxicroak|Toxicroak, L84, F|277/277\n|move|p1a: Scizor|U-turn|p2a: Toxicroak\n|-resisted|p2a: Toxicroak\n|-damage|p2a: Toxicroak|252/277\n|\n|t:|1783550072\n|switch|p1a: Swampert|Swampert, L83, F|100/100|[from] U-turn\n|\n|upkeep\n|turn|2\n|inactive|Time left: 300 sec this turn | 300 sec total\n|\n|t:|1783550074\n|move|p2a: Toxicroak|Knock Off|p1a: Swampert\n|-damage|p1a: Swampert|78/100\n|-enditem|p1a: Swampert|Leftovers|[from] move: Knock Off|[of] p2a: Toxicroak\n|move|p1a: Swampert|Earthquake|p2a: Toxicroak\n|-supereffective|p2a: Toxicroak\n|-damage|p2a: Toxicroak|0 fnt\n|faint|p2a: Toxicroak\n|\n|upkeep\n|inactive|Time left: 300 sec this turn | 300 sec total | 5 sec grace\n|\n|t:|1783550075\n|switch|p2a: Zarude|Zarude-Dada, L77|288/288\n|turn|3\n|inactive|Time left: 300 sec this turn | 300 sec total\n|\n|t:|1783550076\n|move|p2a: Zarude|Swords Dance|p2a: Zarude\n|-boost|p2a: Zarude|atk|2\n|move|p1a: Swampert|Stealth Rock|p2a: Zarude\n|-sidestart|p2: p0y942d603|move: Stealth Rock\n|\n|upkeep\n|turn|4\n|inactive|Time left: 300 sec this turn | 300 sec total\n|\n|t:|1783550077\n|move|p2a: Zarude|Power Whip|p1a: Swampert\n|-supereffective|p1a: Swampert\n|-damage|p1a: Swampert|0 fnt\n|faint|p1a: Swampert\n|-damage|p2a: Zarude|260/288|[from] item: Life Orb\n|\n|upkeep\n|\n|t:|1783550078\n|switch|p1a: Honchkrow|Honchkrow, L86, M|100/100\n|turn|5\n|inactive|Time left: 300 sec this turn | 300 sec total\n|\n|t:|1783550079\n|move|p2a: Zarude|Close Combat|p1a: Honchkrow\n|-damage|p1a: Honchkrow|0 fnt\n|-unboost|p2a: Zarude|def|1\n|-unboost|p2a: Zarude|spd|1\n|faint|p1a: Honchkrow\n|-damage|p2a: Zarude|232/288|[from] item: Life Orb\n|\n|upkeep\n|\n|t:|1783550080\n|switch|p1a: Jirachi|Jirachi, L80|100/100\n|turn|6\n|inactive|Time left: 300 sec this turn | 300 sec total\n|\n|t:|1783550081\n|move|p1a: Jirachi|U-turn|p2a: Zarude\n|-supereffective|p2a: Zarude\n|-damage|p2a: Zarude|0 fnt\n|faint|p2a: Zarude\n|\n|t:|1783550082\n|switch|p1a: Ting-Lu|Ting-Lu, L78|100/100|[from] U-turn\n|-ability|p1a: Ting-Lu|Vessel of Ruin\n|\n|upkeep\n|inactive|Time left: 300 sec this turn | 300 sec total | 10 sec grace\n|\n|t:|1783550083\n|switch|p2a: Zangoose|Zangoose, L85, F|263/263\n|-damage|p2a: Zangoose|231/263|[from] Stealth Rock\n|turn|7\n|inactive|Time left: 300 sec this turn | 300 sec total\n|\n|t:|1783550084\n|move|p2a: Zangoose|Swords Dance|p2a: Zangoose\n|-boost|p2a: Zangoose|atk|2\n|move|p1a: Ting-Lu|Earthquake|p2a: Zangoose\n|-damage|p2a: Zangoose|95/263\n|\n|-status|p2a: Zangoose|tox|[from] item: Toxic Orb\n|upkeep\n|turn|8\n|inactive|Time left: 300 sec this turn | 300 sec total\n|\n|t:|1783550085\n|switch|p1a: Jirachi|Jirachi, L80|100/100\n|move|p2a: Zangoose|Facade|p1a: Jirachi\n|-resisted|p1a: Jirachi\n|-damage|p1a: Jirachi|15/100\n|\n|-damage|p2a: Zangoose|79/263 tox|[from] psn\n|upkeep\n|turn|9\n|inactive|Time left: 300 sec this turn | 300 sec total\n|\n|t:|1783550086\n|move|p2a: Zangoose|Quick Attack|p1a: Jirachi\n|-resisted|p1a: Jirachi\n|-damage|p1a: Jirachi|0 fnt\n|faint|p1a: Jirachi\n|\n|-damage|p2a: Zangoose|47/263 tox|[from] psn\n|upkeep\n|\n|t:|1783550087\n|switch|p1a: Scizor|Scizor, L79, M|100/100\n|turn|10\n|inactive|Time left: 300 sec this turn | 300 sec total\n|\n|t:|1783550088\n|move|p1a: Scizor|Bullet Punch|p2a: Zangoose\n|-damage|p2a: Zangoose|0 fnt\n|faint|p2a: Zangoose\n|\n|upkeep\n|inactive|Time left: 300 sec this turn | 300 sec total | 5 sec grace\n|\n|t:|1783550089\n|switch|p2a: Swanna|Swanna, L89, M|278/278\n|turn|11\n|inactive|Time left: 300 sec this turn | 300 sec total\n|\n|t:|1783550089\n|switch|p1a: Dewgong|Dewgong, L94, M|100/100\n|move|p2a: Swanna|Hydro Pump|p1a: Dewgong\n|-resisted|p1a: Dewgong\n|-damage|p1a: Dewgong|84/100\n|\n|upkeep\n|turn|12\n|inactive|Time left: 300 sec this turn | 300 sec total\n|\n|t:|1783550090\n|move|p2a: Swanna|Brave Bird|p1a: Dewgong\n|-damage|p1a: Dewgong|42/100\n|-damage|p2a: Swanna|233/278|[from] Recoil\n|move|p1a: Dewgong|Ice Beam|p2a: Swanna\n|-damage|p2a: Swanna|130/278\n|\n|upkeep\n|turn|13\n|inactive|Time left: 300 sec this turn | 300 sec total\n|\n|t:|1783550092\n|move|p2a: Swanna|Roost|p2a: Swanna\n|-heal|p2a: Swanna|269/278\n|-singleturn|p2a: Swanna|move: Roost\n|move|p1a: Dewgong|Ice Beam|p2a: Swanna\n|-resisted|p2a: Swanna\n|-damage|p2a: Swanna|213/278\n|\n|upkeep\n|turn|14\n|inactive|Time left: 300 sec this turn | 300 sec total\n|\n|t:|1783550093\n|move|p2a: Swanna|Brave Bird|p1a: Dewgong\n|-damage|p1a: Dewgong|3/100\n|-damage|p2a: Swanna|172/278|[from] Recoil\n|move|p1a: Dewgong|Ice Beam|p2a: Swanna\n|-damage|p2a: Swanna|58/278\n|\n|upkeep\n|turn|15\n|inactive|Time left: 300 sec this turn | 300 sec total\n|\n|t:|1783550094\n|switch|p1a: Ting-Lu|Ting-Lu, L78|100/100\n|-ability|p1a: Ting-Lu|Vessel of Ruin\n|move|p2a: Swanna|Roost|p2a: Swanna\n|-heal|p2a: Swanna|197/278\n|-singleturn|p2a: Swanna|move: Roost\n|\n|upkeep\n|turn|16\n|inactive|Time left: 300 sec this turn | 300 sec total\n|\n|t:|1783550095\n|move|p2a: Swanna|Hydro Pump|p1a: Ting-Lu\n|-supereffective|p1a: Ting-Lu\n|-damage|p1a: Ting-Lu|45/100\n|move|p1a: Ting-Lu|Throat Chop|p2a: Swanna\n|-damage|p2a: Swanna|98/278\n|-start|p2a: Swanna|Throat Chop|[silent]\n|\n|-heal|p1a: Ting-Lu|52/100|[from] item: Leftovers\n|upkeep\n|turn|17\n|inactive|Time left: 300 sec this turn | 300 sec total\n|\n|t:|1783550096\n|-terastallize|p1a: Ting-Lu|Poison\n|move|p2a: Swanna|Hydro Pump|p1a: Ting-Lu\n|-damage|p1a: Ting-Lu|22/100\n|move|p1a: Ting-Lu|Throat Chop|p2a: Swanna\n|-damage|p2a: Swanna|2/278\n|\n|-heal|p1a: Ting-Lu|28/100|[from] item: Leftovers\n|-end|p2a: Swanna|Throat Chop|[silent]\n|upkeep\n|turn|18\n|inactive|Time left: 300 sec this turn | 300 sec total\n|\n|t:|1783550098\n|move|p2a: Swanna|Hydro Pump|p1a: Ting-Lu\n|-damage|p1a: Ting-Lu|2/100\n|move|p1a: Ting-Lu|Throat Chop|p2a: Swanna\n|-damage|p2a: Swanna|0 fnt\n|faint|p2a: Swanna\n|\n|-heal|p1a: Ting-Lu|9/100|[from] item: Leftovers\n|upkeep\n|inactive|Time left: 300 sec this turn | 300 sec total | 5 sec grace\n|\n|t:|1783550099\n|switch|p2a: Toedscruel|Toedscruel, L87, M|281/281\n|-damage|p2a: Toedscruel|264/281|[from] Stealth Rock\n|turn|19\n|inactive|Time left: 300 sec this turn | 300 sec total\n|\n|t:|1783550100\n|switch|p1a: Scizor|Scizor, L79, M|100/100\n|move|p2a: Toedscruel|Earth Power|p1a: Scizor\n|-damage|p1a: Scizor|58/100\n|\n|-heal|p2a: Toedscruel|281/281|[from] item: Leftovers\n|-heal|p1a: Scizor|64/100|[from] item: Leftovers\n|upkeep\n|turn|20\n|inactive|Time left: 300 sec this turn | 300 sec total\n|\n|t:|1783550101\n|move|p2a: Toedscruel|Earth Power|p1a: Scizor\n|-damage|p1a: Scizor|24/100\n|move|p1a: Scizor|U-turn|p2a: Toedscruel\n|-supereffective|p2a: Toedscruel\n|-damage|p2a: Toedscruel|95/281\n|\n|t:|1783550102\n|switch|p1a: Ting-Lu|Ting-Lu, L78, tera:Poison|9/100|[from] U-turn\n|-ability|p1a: Ting-Lu|Vessel of Ruin\n|\n|-heal|p2a: Toedscruel|112/281|[from] item: Leftovers\n|-heal|p1a: Ting-Lu|15/100|[from] item: Leftovers\n|upkeep\n|turn|21\n|inactive|Time left: 300 sec this turn | 300 sec total\n|\n|t:|1783550103\n|move|p2a: Toedscruel|Earth Power|p1a: Ting-Lu\n|-supereffective|p1a: Ting-Lu\n|-damage|p1a: Ting-Lu|0 fnt\n|faint|p1a: Ting-Lu\n|\n|-heal|p2a: Toedscruel|129/281|[from] item: Leftovers\n|upkeep\n|\n|t:|1783550104\n|switch|p1a: Dewgong|Dewgong, L94, M|3/100\n|turn|22\n|inactive|Time left: 300 sec this turn | 300 sec total\n|\n|t:|1783550105\n|-terastallize|p2a: Toedscruel|Water\n|move|p2a: Toedscruel|Earth Power|p1a: Dewgong\n|-damage|p1a: Dewgong|0 fnt\n|faint|p1a: Dewgong\n|\n|-heal|p2a: Toedscruel|146/281|[from] item: Leftovers\n|upkeep\n|\n|t:|1783550106\n|switch|p1a: Scizor|Scizor, L79, M|24/100\n|turn|23\n|inactive|Time left: 300 sec this turn | 300 sec total\n|\n|t:|1783550107\n|move|p1a: Scizor|Bullet Punch|p2a: Toedscruel\n|-resisted|p2a: Toedscruel\n|-damage|p2a: Toedscruel|103/281\n|move|p2a: Toedscruel|Earth Power|p1a: Scizor\n|-damage|p1a: Scizor|0 fnt\n|faint|p1a: Scizor\n|\n|win|p0y942d603", "uploadtime": 1783550107, "views": 0, "rating": 0, "private": 0, "password": null, "_winner": "p0y942d603", "_our_name": "p0y942d603"}