{"id": "battle-gen9randombattle-1092", "formatid": "gen9randombattle", "format": "[Gen 9] Random Battle", "players": ["p0x1092ba79", "p0y109268c6"], "log": "|init|battle\n|title|p0x1092ba79 vs. p0y109268c6\n|j|\u2606p0x1092ba79\n|j|\u2606p0y109268c6\n|t:|1783552614\n|gametype|singles\n|player|p1|p0x1092ba79|101|\n|player|p2|p0y109268c6|2|\n|gen|9\n|tier|[Gen 9] Random Battle\n|rule|Species Clause: Limit one of each Pok\u00e9mon\n|rule|HP Percentage Mod: HP is shown in percentages\n|rule|Sleep Clause Mod: Limit one foe put to sleep\n|rule|Illusion Level Mod: Illusion disguises the Pok\u00e9mon's true level\n|\n|t:|1783552614\n|teamsize|p1|6\n|teamsize|p2|6\n|start\n|switch|p1a: Dedenne|Dedenne, L88, M|261/261\n|switch|p2a: Rabsca|Rabsca, L91, M|100/100\n|turn|1\n|inactive|Battle timer is ON: inactive players will automatically lose when time's up. (requested by p0x1092ba79)\n|inactive|p0y109268c6 also wants the timer to be on.\n|\n|t:|1783552616\n|move|p1a: Dedenne|Dazzling Gleam|p2a: Rabsca\n|-damage|p2a: Rabsca|78/100\n|move|p2a: Rabsca|Bug Buzz|p1a: Dedenne\n|-resisted|p1a: Dedenne\n|-damage|p1a: Dedenne|186/261\n|\n|upkeep\n|turn|2\n|inactive|Time left: 300 sec this turn | 300 sec total\n|\n|t:|1783552617\n|move|p1a: Dedenne|Thunderbolt|p2a: Rabsca\n|-damage|p2a: Rabsca|53/100\n|move|p2a: Rabsca|Psychic|p1a: Dedenne\n|-damage|p1a: Dedenne|27/261\n|-enditem|p1a: Dedenne|Sitrus Berry|[eat]\n|-heal|p1a: Dedenne|92/261|[from] item: Sitrus Berry\n|-heal|p1a: Dedenne|179/261|[from] ability: Cheek Pouch\n|\n|upkeep\n|turn|3\n|inactive|Time left: 300 sec this turn | 300 sec total\n|\n|t:|1783552618\n|move|p1a: Dedenne|U-turn|p2a: Rabsca\n|-supereffective|p2a: Rabsca\n|-damage|p2a: Rabsca|25/100\n|inactive|Time left: 300 sec this turn | 300 sec total | 5 sec grace\n|\n|t:|1783552619\n|switch|p1a: Scrafty|Scrafty, L83, F|244/244|[from] U-turn\n|move|p2a: Rabsca|Psychic|p1a: Scrafty\n|-immune|p1a: Scrafty\n|\n|upkeep\n|turn|4\n|inactive|Time left: 300 sec this turn | 300 sec total\n|\n|t:|1783552620\n|move|p1a: Scrafty|Knock Off|p2a: Rabsca\n|-supereffective|p2a: Rabsca\n|-damage|p2a: Rabsca|0 fnt\n|-enditem|p2a: Rabsca|Heavy-Duty Boots|[from] move: Knock Off|[of] p1a: Scrafty\n|faint|p2a: Rabsca\n|\n|upkeep\n|\n|t:|1783552621\n|switch|p2a: Armarouge|Armarouge, L80, M|100/100\n|turn|5\n|inactive|Time left: 300 sec this turn | 300 sec total\n|\n|t:|1783552622\n|move|p2a: Armarouge|Armor Cannon|p1a: Scrafty\n|-damage|p1a: Scrafty|67/244\n|-unboost|p2a: Armarouge|def|1\n|-unboost|p2a: Armarouge|spd|1\n|move|p1a: Scrafty|Knock Off|p2a: Armarouge\n|-supereffective|p2a: Armarouge\n|-damage|p2a: Armarouge|0 fnt\n|-enditem|p2a: Armarouge|Choice Specs|[from] move: Knock Off|[of] p1a: Scrafty\n|faint|p2a: Armarouge\n|\n|-heal|p1a: Scrafty|82/244|[from] item: Leftovers\n|upkeep\n|\n|t:|1783552623\n|switch|p2a: Talonflame|Talonflame, L83, F|100/100\n|turn|6\n|inactive|Time left: 300 sec this turn | 300 sec total\n|\n|t:|1783552624\n|switch|p1a: Dusknoir|Dusknoir, L89, F|225/225\n|-item|p2a: Talonflame|Heavy-Duty Boots|[from] ability: Frisk|[of] p1a: Dusknoir\n|move|p2a: Talonflame|Swords Dance|p2a: Talonflame\n|-boost|p2a: Talonflame|atk|2\n|\n|upkeep\n|turn|7\n|inactive|Time left: 300 sec this turn | 300 sec total\n|\n|t:|1783552626\n|move|p2a: Talonflame|Flare Blitz|p1a: Dusknoir\n|-damage|p1a: Dusknoir|87/225\n|-damage|p2a: Talonflame|83/100|[from] Recoil\n|move|p1a: Dusknoir|Poltergeist|p2a: Talonflame\n|-activate|p2a: Talonflame|move: Poltergeist|Heavy-Duty Boots\n|-damage|p2a: Talonflame|27/100\n|\n|-heal|p1a: Dusknoir|101/225|[from] item: Leftovers\n|upkeep\n|turn|8\n|inactive|Time left: 300 sec this turn | 300 sec total\n|\n|t:|1783552627\n|move|p1a: Dusknoir|Shadow Sneak|p2a: Talonflame\n|-damage|p2a: Talonflame|6/100\n|-status|p1a: Dusknoir|brn|[from] ability: Flame Body|[of] p2a: Talonflame\n|move|p2a: Talonflame|Flare Blitz|p1a: Dusknoir\n|-damage|p1a: Dusknoir|0 fnt\n|faint|p1a: Dusknoir\n|-damage|p2a: Talonflame|0 fnt|[from] Recoil\n|faint|p2a: Talonflame\n|\n|upkeep\n|inactive|Time left: 300 sec this turn | 300 sec total | 5 sec grace\n|\n|t:|1783552628\n|switch|p2a: Bellibolt|Bellibolt, L84, M|100/100\n|switch|p1a: Victreebel|Victreebel, L90, F|290/290\n|turn|9\n|inactive|Time left: 300 sec this turn | 300 sec total\n|\n|t:|1783552629\n|move|p1a: Victreebel|Sludge Wave|p2a: Bellibolt\n|-damage|p2a: Bellibolt|46/100\n|-start|p2a: Bellibolt|Charge|Sludge Wave|[from] ability: Electromorphosis\n|-damage|p1a: Victreebel|261/290|[from] item: Life Orb\n|move|p2a: Bellibolt|Volt Switch|p1a: Victreebel\n|-resisted|p1a: Victreebel\n|-damage|p1a: Victreebel|175/290\n|-end|p2a: Bellibolt|Charge|[silent]\n|\n|t:|1783552630\n|switch|p2a: Iron Valiant|Iron Valiant, L78|100/100|[from] Volt Switch\n|\n|upkeep\n|turn|10\n|inactive|Time left: 300 sec this turn | 300 sec total\n|\n|t:|1783552631\n|move|p2a: Iron Valiant|Knock Off|p1a: Victreebel\n|-damage|p1a: Victreebel|65/290\n|-enditem|p1a: Victreebel|Life Orb|[from] move: Knock Off|[of] p2a: Iron Valiant\n|-damage|p2a: Iron Valiant|91/100|[from] item: Life Orb\n|move|p1a: Victreebel|Sludge Wave|p2a: Iron Valiant\n|-supereffective|p2a: Iron Valiant\n|-damage|p2a: Iron Valiant|0 fnt\n|faint|p2a: Iron Valiant\n|-end|p2a: Iron Valiant|Quark Drive|[silent]\n|\n|upkeep\n|\n|t:|1783552632\n|switch|p2a: Hippowdon|Hippowdon, L82, F|100/100\n|-weather|Sandstorm|[from] ability: Sand Stream|[of] p2a: Hippowdon\n|turn|11\n|inactive|Time left: 300 sec this turn | 300 sec total\n|\n|t:|1783552634\n|move|p1a: Victreebel|Strength Sap|p2a: Hippowdon\n|-unboost|p2a: Hippowdon|atk|1\n|-heal|p1a: Victreebel|290/290\n|move|p2a: Hippowdon|Earthquake|p1a: Victreebel\n|-damage|p1a: Victreebel|205/290\n|\n|-weather|Sandstorm|[upkeep]\n|-damage|p1a: Victreebel|187/290|[from] Sandstorm\n|upkeep\n|turn|12\n|inactive|Time left: 300 sec this turn | 300 sec total\n|\n|t:|1783552635\n|switch|p2a: Bellibolt|Bellibolt, L84, M|46/100\n|move|p1a: Victreebel|Strength Sap|p2a: Bellibolt\n|-unboost|p2a: Bellibolt|atk|1\n|-heal|p1a: Victreebel|290/290\n|\n|-weather|Sandstorm|[upkeep]\n|-damage|p1a: Victreebel|272/290|[from] Sandstorm\n|-damage|p2a: Bellibolt|40/100|[from] Sandstorm\n|-heal|p2a: Bellibolt|46/100|[from] item: Leftovers\n|upkeep\n|turn|13\n|inactive|Time left: 300 sec this turn | 300 sec total\n|\n|t:|1783552636\n|move|p1a: Victreebel|Power Whip|p2a: Bellibolt|[miss]\n|-miss|p1a: Victreebel|p2a: Bellibolt\n|move|p2a: Bellibolt|Slack Off|p2a: Bellibolt\n|-heal|p2a: Bellibolt|96/100\n|\n|-weather|Sandstorm|[upkeep]\n|-damage|p1a: Victreebel|254/290|[from] Sandstorm\n|-damage|p2a: Bellibolt|90/100|[from] Sandstorm\n|-heal|p2a: Bellibolt|96/100|[from] item: Leftovers\n|upkeep\n|turn|14\n|inactive|Time left: 300 sec this turn | 300 sec total\n|\n|t:|1783552637\n|move|p1a: Victreebel|Power Whip|p2a: Bellibolt\n|-damage|p2a: Bellibolt|50/100\n|-start|p2a: Bellibolt|Charge|Power Whip|[from] ability: Electromorphosis\n|move|p2a: Bellibolt|Volt Switch|p1a: Victreebel\n|-resisted|p1a: Victreebel\n|-damage|p1a: Victreebel|171/290\n|-end|p2a: Bellibolt|Charge|[silent]\n|\n|t:|1783552638\n|switch|p2a: Hippowdon|Hippowdon, L82, F|100/100|[from] Volt Switch\n|\n|-weather|Sandstorm|[upkeep]\n|-damage|p1a: Victreebel|153/290|[from] Sandstorm\n|upkeep\n|turn|15\n|inactive|Time left: 300 sec this turn | 300 sec total\n|\n|t:|1783552639\n|move|p1a: Victreebel|Strength Sap|p2a: Hippowdon\n|-unboost|p2a: Hippowdon|atk|1\n|-heal|p1a: Victreebel|290/290\n|move|p2a: Hippowdon|Earthquake|p1a: Victreebel\n|-damage|p1a: Victreebel|205/290\n|\n|-weather|none\n|upkeep\n|turn|16\n|inactive|Time left: 300 sec this turn | 300 sec total\n|\n|t:|1783552641\n|switch|p2a: Bellibolt|Bellibolt, L84, M|50/100\n|move|p1a: Victreebel|Power Whip|p2a: Bellibolt\n|-damage|p2a: Bellibolt|0 fnt\n|faint|p2a: Bellibolt\n|\n|upkeep\n|\n|t:|1783552641\n|switch|p2a: Hippowdon|Hippowdon, L82, F|100/100\n|-weather|Sandstorm|[from] ability: Sand Stream|[of] p2a: Hippowdon\n|turn|17\n|inactive|Time left: 300 sec this turn | 300 sec total\n|\n|t:|1783552642\n|move|p1a: Victreebel|Power Whip|p2a: Hippowdon\n|-supereffective|p2a: Hippowdon\n|-crit|p2a: Hippowdon\n|-damage|p2a: Hippowdon|0 fnt\n|faint|p2a: Hippowdon\n|\n|win|p0x1092ba79", "uploadtime": 1783552642, "views": 0, "rating": 0, "private": 0, "password": null, "_winner": "p0x1092ba79", "_our_name": "p0x1092ba79"}