{"id": "battle-gen9randombattle-1688", "formatid": "gen9randombattle", "format": "[Gen 9] Random Battle", "players": ["p0x168863e1", "p0y16889cca"], "log": "|init|battle\n|title|p0x168863e1 vs. p0y16889cca\n|j|\u2606p0x168863e1\n|j|\u2606p0y16889cca\n|t:|1783559564\n|gametype|singles\n|player|p1|p0x168863e1|169|\n|player|p2|p0y16889cca|101|\n|gen|9\n|tier|[Gen 9] Random Battle\n|rule|Species Clause: Limit one of each Pok\u00e9mon\n|rule|HP Percentage Mod: HP is shown in percentages\n|rule|Sleep Clause Mod: Limit one foe put to sleep\n|rule|Illusion Level Mod: Illusion disguises the Pok\u00e9mon's true level\n|\n|t:|1783559564\n|teamsize|p1|6\n|teamsize|p2|6\n|start\n|switch|p1a: Electrode|Electrode-Hisui, L87|246/246\n|switch|p2a: Sandslash|Sandslash-Alola, L88, F|100/100\n|turn|1\n|inactive|Battle timer is ON: inactive players will automatically lose when time's up. (requested by p0y16889cca)\n|inactive|Time left: 300 sec this turn | 300 sec total | 60 sec grace\n|inactive|p0x168863e1 also wants the timer to be on.\n|\n|t:|1783559566\n|switch|p1a: Uxie|Uxie, L83|260/260\n|move|p2a: Sandslash|Triple Axel|p1a: Uxie\n|-damage|p1a: Uxie|235/260\n|-hitcount|p1a: Uxie|1\n|-damage|p2a: Sandslash|91/100|[from] item: Life Orb\n|\n|-heal|p1a: Uxie|251/260|[from] item: Leftovers\n|upkeep\n|turn|2\n|inactive|Time left: 300 sec this turn | 300 sec total\n|\n|t:|1783559568\n|move|p1a: Uxie|Knock Off|p2a: Sandslash\n|-damage|p2a: Sandslash|76/100\n|-enditem|p2a: Sandslash|Life Orb|[from] move: Knock Off|[of] p1a: Uxie\n|move|p2a: Sandslash|Knock Off|p1a: Uxie\n|-supereffective|p1a: Uxie\n|-damage|p1a: Uxie|143/260\n|-enditem|p1a: Uxie|Leftovers|[from] move: Knock Off|[of] p2a: Sandslash\n|\n|upkeep\n|turn|3\n|inactive|Time left: 300 sec this turn | 300 sec total\n|\n|t:|1783559569\n|move|p1a: Uxie|Knock Off|p2a: Sandslash\n|-damage|p2a: Sandslash|65/100\n|move|p2a: Sandslash|Swords Dance|p2a: Sandslash\n|-boost|p2a: Sandslash|atk|2\n|\n|upkeep\n|turn|4\n|inactive|Time left: 300 sec this turn | 300 sec total\n|\n|t:|1783559570\n|move|p1a: Uxie|Psychic Noise|p2a: Sandslash\n|-resisted|p2a: Sandslash\n|-damage|p2a: Sandslash|52/100\n|-start|p2a: Sandslash|move: Heal Block\n|move|p2a: Sandslash|Triple Axel|p1a: Uxie\n|-damage|p1a: Uxie|109/260\n|-damage|p1a: Uxie|31/260\n|-damage|p1a: Uxie|0 fnt\n|faint|p1a: Uxie\n|-hitcount|p1: Uxie|3\n|\n|upkeep\n|inactive|Time left: 300 sec this turn | 300 sec total | 5 sec grace\n|\n|t:|1783559571\n|switch|p1a: Walking Wake|Walking Wake, L79|286/286\n|turn|5\n|inactive|Time left: 300 sec this turn | 300 sec total\n|\n|t:|1783559572\n|move|p1a: Walking Wake|Flamethrower|p2a: Sandslash\n|-supereffective|p2a: Sandslash\n|-damage|p2a: Sandslash|0 fnt\n|faint|p2a: Sandslash\n|-damage|p1a: Walking Wake|258/286|[from] item: Life Orb\n|\n|upkeep\n|\n|t:|1783559573\n|switch|p2a: Mienshao|Mienshao, L83, F|100/100\n|turn|6\n|inactive|Time left: 300 sec this turn | 300 sec total\n|\n|t:|1783559574\n|move|p2a: Mienshao|High Jump Kick|p1a: Walking Wake\n|-damage|p1a: Walking Wake|0 fnt\n|faint|p1a: Walking Wake\n|-end|p1a: Walking Wake|Protosynthesis|[silent]\n|\n|upkeep\n|inactive|Time left: 300 sec this turn | 300 sec total | 5 sec grace\n|\n|t:|1783559575\n|switch|p1a: Charizard|Charizard, L85, F|271/271\n|turn|7\n|inactive|Time left: 300 sec this turn | 300 sec total\n|\n|t:|1783559576\n|move|p2a: Mienshao|High Jump Kick|p1a: Charizard|[miss]\n|-miss|p2a: Mienshao|p1a: Charizard\n|-damage|p2a: Mienshao|51/100|[from] highjumpkick\n|move|p1a: Charizard|Flare Blitz|p2a: Mienshao\n|-damage|p2a: Mienshao|0 fnt\n|faint|p2a: Mienshao\n|-damage|p1a: Charizard|231/271|[from] Recoil\n|\n|upkeep\n|\n|t:|1783559577\n|switch|p2a: Pikachu|Pikachu-Unova, L93, F|100/100\n|turn|8\n|inactive|Time left: 300 sec this turn | 300 sec total\n|\n|t:|1783559578\n|switch|p1a: Brute Bonnet|Brute Bonnet, L80|309/309\n|move|p2a: Pikachu|Fake Out|p1a: Brute Bonnet\n|-damage|p1a: Brute Bonnet|268/309\n|\n|-heal|p1a: Brute Bonnet|287/309|[from] item: Leftovers\n|upkeep\n|turn|9\n|inactive|Time left: 300 sec this turn | 300 sec total\n|\n|t:|1783559579\n|switch|p2a: Brute Bonnet|Brute Bonnet, L80|100/100\n|move|p1a: Brute Bonnet|Seed Bomb|p2a: Brute Bonnet\n|-resisted|p2a: Brute Bonnet\n|-damage|p2a: Brute Bonnet|86/100\n|\n|-heal|p1a: Brute Bonnet|306/309|[from] item: Leftovers\n|-heal|p2a: Brute Bonnet|92/100|[from] item: Leftovers\n|upkeep\n|turn|10\n|inactive|Time left: 300 sec this turn | 300 sec total\n|\n|t:|1783559579\n|move|p2a: Brute Bonnet|Crunch|p1a: Brute Bonnet\n|-resisted|p1a: Brute Bonnet\n|-damage|p1a: Brute Bonnet|258/309\n|move|p1a: Brute Bonnet|Crunch|p2a: Brute Bonnet\n|-resisted|p2a: Brute Bonnet\n|-damage|p2a: Brute Bonnet|77/100\n|\n|-heal|p1a: Brute Bonnet|277/309|[from] item: Leftovers\n|-heal|p2a: Brute Bonnet|83/100|[from] item: Leftovers\n|upkeep\n|turn|11\n|inactive|Time left: 300 sec this turn | 300 sec total\n|\n|t:|1783559580\n|move|p1a: Brute Bonnet|Spore|p2a: Brute Bonnet\n|-immune|p2a: Brute Bonnet\n|move|p2a: Brute Bonnet|Crunch|p1a: Brute Bonnet\n|-resisted|p1a: Brute Bonnet\n|-damage|p1a: Brute Bonnet|227/309\n|\n|-heal|p1a: Brute Bonnet|246/309|[from] item: Leftovers\n|-heal|p2a: Brute Bonnet|89/100|[from] item: Leftovers\n|upkeep\n|turn|12\n|inactive|Time left: 300 sec this turn | 300 sec total\n|\n|t:|1783559581\n|move|p2a: Brute Bonnet|Crunch|p1a: Brute Bonnet\n|-resisted|p1a: Brute Bonnet\n|-damage|p1a: Brute Bonnet|201/309\n|move|p1a: Brute Bonnet|Seed Bomb|p2a: Brute Bonnet\n|-resisted|p2a: Brute Bonnet\n|-damage|p2a: Brute Bonnet|74/100\n|\n|-heal|p2a: Brute Bonnet|80/100|[from] item: Leftovers\n|-heal|p1a: Brute Bonnet|220/309|[from] item: Leftovers\n|upkeep\n|turn|13\n|inactive|Time left: 300 sec this turn | 300 sec total\n|\n|t:|1783559581\n|move|p1a: Brute Bonnet|Spore|p2a: Brute Bonnet\n|-immune|p2a: Brute Bonnet\n|move|p2a: Brute Bonnet|Crunch|p1a: Brute Bonnet\n|-resisted|p1a: Brute Bonnet\n|-crit|p1a: Brute Bonnet\n|-damage|p1a: Brute Bonnet|150/309\n|\n|-heal|p1a: Brute Bonnet|169/309|[from] item: Leftovers\n|-heal|p2a: Brute Bonnet|87/100|[from] item: Leftovers\n|upkeep\n|turn|14\n|inactive|Time left: 300 sec this turn | 300 sec total\n|\n|t:|1783559582\n|move|p1a: Brute Bonnet|Crunch|p2a: Brute Bonnet\n|-resisted|p2a: Brute Bonnet\n|-damage|p2a: Brute Bonnet|70/100\n|move|p2a: Brute Bonnet|Crunch|p1a: Brute Bonnet\n|-resisted|p1a: Brute Bonnet\n|-damage|p1a: Brute Bonnet|127/309\n|\n|-heal|p1a: Brute Bonnet|146/309|[from] item: Leftovers\n|-heal|p2a: Brute Bonnet|76/100|[from] item: Leftovers\n|upkeep\n|turn|15\n|inactive|Time left: 300 sec this turn | 300 sec total\n|\n|t:|1783559583\n|move|p1a: Brute Bonnet|Crunch|p2a: Brute Bonnet\n|-resisted|p2a: Brute Bonnet\n|-damage|p2a: Brute Bonnet|61/100\n|move|p2a: Brute Bonnet|Crunch|p1a: Brute Bonnet\n|-resisted|p1a: Brute Bonnet\n|-damage|p1a: Brute Bonnet|98/309\n|\n|-heal|p2a: Brute Bonnet|67/100|[from] item: Leftovers\n|-heal|p1a: Brute Bonnet|117/309|[from] item: Leftovers\n|upkeep\n|turn|16\n|inactive|Time left: 300 sec this turn | 300 sec total\n|\n|t:|1783559584\n|-end|p1a: Brute Bonnet|Protosynthesis|[silent]\n|switch|p1a: Sandaconda|Sandaconda, L84, M|258/258\n|move|p2a: Brute Bonnet|Crunch|p1a: Sandaconda\n|-damage|p1a: Sandaconda|183/258\n|\n|-heal|p1a: Sandaconda|199/258|[from] item: Leftovers\n|-heal|p2a: Brute Bonnet|73/100|[from] item: Leftovers\n|upkeep\n|turn|17\n|inactive|Time left: 300 sec this turn | 300 sec total\n|\n|t:|1783559585\n|move|p1a: Sandaconda|Coil|p1a: Sandaconda\n|-boost|p1a: Sandaconda|atk|1\n|-boost|p1a: Sandaconda|def|1\n|-boost|p1a: Sandaconda|accuracy|1\n|move|p2a: Brute Bonnet|Seed Bomb|p1a: Sandaconda\n|-supereffective|p1a: Sandaconda\n|-damage|p1a: Sandaconda|95/258\n|\n|-heal|p1a: Sandaconda|111/258|[from] item: Leftovers\n|-heal|p2a: Brute Bonnet|79/100|[from] item: Leftovers\n|upkeep\n|turn|18\n|inactive|Time left: 300 sec this turn | 300 sec total\n|\n|t:|1783559586\n|move|p1a: Sandaconda|Coil|p1a: Sandaconda\n|-boost|p1a: Sandaconda|atk|1\n|-boost|p1a: Sandaconda|def|1\n|-boost|p1a: Sandaconda|accuracy|1\n|move|p2a: Brute Bonnet|Seed Bomb|p1a: Sandaconda\n|-supereffective|p1a: Sandaconda\n|-damage|p1a: Sandaconda|39/258\n|\n|-heal|p1a: Sandaconda|55/258|[from] item: Leftovers\n|-heal|p2a: Brute Bonnet|86/100|[from] item: Leftovers\n|upkeep\n|turn|19\n|inactive|Time left: 300 sec this turn | 300 sec total\n|\n|t:|1783559587\n|-terastallize|p1a: Sandaconda|Dragon\n|move|p1a: Sandaconda|Stone Edge|p2a: Brute Bonnet\n|-damage|p2a: Brute Bonnet|35/100\n|move|p2a: Brute Bonnet|Seed Bomb|p1a: Sandaconda\n|-resisted|p1a: Sandaconda\n|-damage|p1a: Sandaconda|34/258\n|\n|-heal|p1a: Sandaconda|50/258|[from] item: Leftovers\n|-heal|p2a: Brute Bonnet|42/100|[from] item: Leftovers\n|upkeep\n|turn|20\n|inactive|Time left: 300 sec this turn | 300 sec total\n|\n|t:|1783559588\n|move|p1a: Sandaconda|Stone Edge|p2a: Brute Bonnet\n|-crit|p2a: Brute Bonnet\n|-damage|p2a: Brute Bonnet|0 fnt\n|faint|p2a: Brute Bonnet\n|-end|p2a: Brute Bonnet|Protosynthesis|[silent]\n|\n|-heal|p1a: Sandaconda|66/258|[from] item: Leftovers\n|upkeep\n|\n|t:|1783559589\n|switch|p2a: Roaring Moon|Roaring Moon, L72|100/100\n|turn|21\n|inactive|Time left: 300 sec this turn | 300 sec total\n|\n|t:|1783559590\n|move|p2a: Roaring Moon|Outrage|p1a: Sandaconda\n|-supereffective|p1a: Sandaconda\n|-damage|p1a: Sandaconda|0 fnt\n|faint|p1a: Sandaconda\n|\n|upkeep\n|inactive|Time left: 300 sec this turn | 300 sec total | 5 sec grace\n|\n|t:|1783559591\n|switch|p1a: Charizard|Charizard, L85, F|231/271\n|turn|22\n|inactive|Time left: 300 sec this turn | 300 sec total\n|\n|t:|1783559591\n|move|p1a: Charizard|Outrage|p2a: Roaring Moon\n|-supereffective|p2a: Roaring Moon\n|-damage|p2a: Roaring Moon|18/100\n|move|p2a: Roaring Moon|Outrage|p1a: Charizard|[from] lockedmove\n|-damage|p1a: Charizard|26/271\n|\n|upkeep\n|turn|23\n|inactive|Time left: 300 sec this turn | 300 sec total\n|\n|t:|1783559593\n|move|p1a: Charizard|Outrage|p2a: Roaring Moon|[from] lockedmove\n|-supereffective|p2a: Roaring Moon\n|-damage|p2a: Roaring Moon|0 fnt\n|faint|p2a: Roaring Moon\n|-end|p2a: Roaring Moon|Protosynthesis|[silent]\n|-start|p1a: Charizard|confusion|[fatigue]\n|\n|upkeep\n|\n|t:|1783559594\n|switch|p2a: Kilowattrel|Kilowattrel, L83, M|100/100\n|turn|24\n|inactive|Time left: 300 sec this turn | 300 sec total\n|\n|t:|1783559594\n|switch|p1a: Electrode|Electrode-Hisui, L87|246/246\n|move|p2a: Kilowattrel|Hurricane|p1a: Electrode\n|-damage|p1a: Electrode|126/246\n|\n|-heal|p1a: Electrode|141/246|[from] item: Leftovers\n|upkeep\n|turn|25\n|inactive|Time left: 300 sec this turn | 300 sec total\n|\n|t:|1783559596\n|move|p1a: Electrode|Giga Drain|p2a: Kilowattrel\n|-resisted|p2a: Kilowattrel\n|-damage|p2a: Kilowattrel|83/100\n|-heal|p1a: Electrode|164/246|[from] drain|[of] p2a: Kilowattrel\n|move|p2a: Kilowattrel|Hurricane|p1a: Electrode\n|-damage|p1a: Electrode|47/246\n|\n|-heal|p1a: Electrode|62/246|[from] item: Leftovers\n|upkeep\n|turn|26\n|inactive|Time left: 300 sec this turn | 300 sec total\n|\n|t:|1783559597\n|move|p1a: Electrode|Substitute|p1a: Electrode\n|-start|p1a: Electrode|Substitute\n|-damage|p1a: Electrode|1/246\n|move|p2a: Kilowattrel|Hurricane|p1a: Electrode\n|-end|p1a: Electrode|Substitute\n|\n|-heal|p1a: Electrode|16/246|[from] item: Leftovers\n|upkeep\n|turn|27\n|inactive|Time left: 300 sec this turn | 300 sec total\n|\n|t:|1783559598\n|move|p1a: Electrode|Giga Drain|p2a: Kilowattrel\n|-resisted|p2a: Kilowattrel\n|-damage|p2a: Kilowattrel|62/100\n|-heal|p1a: Electrode|42/246|[from] drain|[of] p2a: Kilowattrel\n|move|p2a: Kilowattrel|Hurricane|p1a: Electrode\n|-damage|p1a: Electrode|0 fnt\n|faint|p1a: Electrode\n|\n|upkeep\n|inactive|Time left: 300 sec this turn | 300 sec total | 5 sec grace\n|\n|t:|1783559599\n|switch|p1a: Brute Bonnet|Brute Bonnet, L80|117/309\n|turn|28\n|inactive|Time left: 300 sec this turn | 300 sec total\n|\n|t:|1783559600\n|-end|p1a: Brute Bonnet|Protosynthesis|[silent]\n|switch|p1a: Charizard|Charizard, L85, F|26/271\n|move|p2a: Kilowattrel|Hurricane|p1a: Charizard|[miss]\n|-miss|p2a: Kilowattrel|p1a: Charizard\n|\n|upkeep\n|turn|29\n|inactive|Time left: 300 sec this turn | 300 sec total\n|\n|t:|1783559601\n|switch|p1a: Brute Bonnet|Brute Bonnet, L80|117/309\n|move|p2a: Kilowattrel|Hurricane|p1a: Brute Bonnet\n|-supereffective|p1a: Brute Bonnet\n|-damage|p1a: Brute Bonnet|0 fnt\n|faint|p1a: Brute Bonnet\n|-end|p1a: Brute Bonnet|Protosynthesis|[silent]\n|\n|upkeep\n|inactive|Time left: 300 sec this turn | 300 sec total | 5 sec grace\n|\n|t:|1783559601\n|switch|p1a: Charizard|Charizard, L85, F|26/271\n|turn|30\n|inactive|Time left: 300 sec this turn | 300 sec total\n|\n|t:|1783559602\n|move|p2a: Kilowattrel|Discharge|p1a: Charizard\n|-supereffective|p1a: Charizard\n|-damage|p1a: Charizard|0 fnt\n|faint|p1a: Charizard\n|\n|win|p0y16889cca", "uploadtime": 1783559602, "views": 0, "rating": 0, "private": 0, "password": null, "_winner": "p0y16889cca", "_our_name": "p0x168863e1"}