{"id": "battle-gen9randombattle-1076", "formatid": "gen9randombattle", "format": "[Gen 9] Random Battle", "players": ["p0x1076d517", "p0y1076fb4b"], "log": "|init|battle\n|title|p0x1076d517 vs. p0y1076fb4b\n|j|\u2606p0x1076d517\n|j|\u2606p0y1076fb4b\n|t:|1783552371\n|gametype|singles\n|player|p1|p0x1076d517|1|\n|player|p2|p0y1076fb4b|1|\n|gen|9\n|tier|[Gen 9] Random Battle\n|rule|Species Clause: Limit one of each Pok\u00e9mon\n|rule|HP Percentage Mod: HP is shown in percentages\n|rule|Sleep Clause Mod: Limit one foe put to sleep\n|rule|Illusion Level Mod: Illusion disguises the Pok\u00e9mon's true level\n|\n|t:|1783552371\n|teamsize|p1|6\n|teamsize|p2|6\n|start\n|switch|p1a: Toxapex|Toxapex, L82, F|216/216\n|switch|p2a: Quaquaval|Quaquaval, L79, F|100/100\n|turn|1\n|inactive|Battle timer is ON: inactive players will automatically lose when time's up. (requested by p0x1076d517)\n|inactive|p0y1076fb4b also wants the timer to be on.\n|\n|t:|1783552372\n|move|p2a: Quaquaval|Swords Dance|p2a: Quaquaval\n|-boost|p2a: Quaquaval|atk|2\n|move|p1a: Toxapex|Toxic|p2a: Quaquaval\n|-status|p2a: Quaquaval|tox\n|\n|-damage|p2a: Quaquaval|94/100 tox|[from] psn\n|upkeep\n|turn|2\n|inactive|Time left: 300 sec this turn | 300 sec total\n|\n|t:|1783552374\n|move|p2a: Quaquaval|Knock Off|p1a: Toxapex\n|-damage|p1a: Toxapex|94/216\n|-damage|p2a: Quaquaval|78/100 tox|[from] item: Rocky Helmet|[of] p1a: Toxapex\n|-enditem|p1a: Toxapex|Rocky Helmet|[from] move: Knock Off|[of] p2a: Quaquaval\n|-damage|p2a: Quaquaval|68/100 tox|[from] item: Life Orb\n|move|p1a: Toxapex|Haze|p1a: Toxapex\n|-clearallboost\n|\n|-damage|p2a: Quaquaval|56/100 tox|[from] psn\n|upkeep\n|turn|3\n|inactive|Time left: 300 sec this turn | 300 sec total\n|\n|t:|1783552375\n|switch|p2a: Zangoose|Zangoose, L85, F|100/100\n|move|p1a: Toxapex|Recover|p1a: Toxapex\n|-heal|p1a: Toxapex|202/216\n|\n|-status|p2a: Zangoose|tox|[from] item: Toxic Orb\n|upkeep\n|turn|4\n|inactive|Time left: 300 sec this turn | 300 sec total\n|\n|t:|1783552376\n|switch|p1a: Qwilfish|Qwilfish-Hisui, L83, F|244/244\n|-ability|p1a: Qwilfish|Intimidate|boost\n|-unboost|p2a: Zangoose|atk|1\n|move|p2a: Zangoose|Facade|p1a: Qwilfish\n|-damage|p1a: Qwilfish|133/244\n|\n|-damage|p2a: Zangoose|94/100 tox|[from] psn\n|upkeep\n|turn|5\n|inactive|Time left: 300 sec this turn | 300 sec total\n|\n|t:|1783552377\n|move|p2a: Zangoose|Facade|p1a: Qwilfish\n|-damage|p1a: Qwilfish|16/244\n|move|p1a: Qwilfish|Gunk Shot|p2a: Zangoose|[miss]\n|-miss|p1a: Qwilfish|p2a: Zangoose\n|\n|-damage|p2a: Zangoose|82/100 tox|[from] psn\n|upkeep\n|turn|6\n|inactive|Time left: 300 sec this turn | 300 sec total\n|\n|t:|1783552378\n|move|p2a: Zangoose|Knock Off|p1a: Qwilfish\n|-resisted|p1a: Qwilfish\n|-damage|p1a: Qwilfish|0 fnt\n|-enditem|p1a: Qwilfish|Eviolite|[from] move: Knock Off|[of] p2a: Zangoose\n|faint|p1a: Qwilfish\n|\n|-damage|p2a: Zangoose|64/100 tox|[from] psn\n|upkeep\n|inactive|Time left: 300 sec this turn | 300 sec total | 5 sec grace\n|\n|t:|1783552379\n|switch|p1a: Houndoom|Houndoom, L87, F|272/272\n|turn|7\n|inactive|Time left: 300 sec this turn | 300 sec total\n|\n|t:|1783552380\n|switch|p2a: Dunsparce|Dunsparce, L86, F|100/100\n|move|p1a: Houndoom|Fire Blast|p2a: Dunsparce\n|-damage|p2a: Dunsparce|67/100\n|\n|upkeep\n|turn|8\n|inactive|Time left: 300 sec this turn | 300 sec total\n|\n|t:|1783552381\n|move|p1a: Houndoom|Nasty Plot|p1a: Houndoom\n|-boost|p1a: Houndoom|spa|2\n|move|p2a: Dunsparce|Body Slam|p1a: Houndoom\n|-damage|p1a: Houndoom|164/272\n|-status|p1a: Houndoom|par\n|\n|upkeep\n|turn|9\n|inactive|Time left: 300 sec this turn | 300 sec total\n|\n|t:|1783552382\n|move|p2a: Dunsparce|Earthquake|p1a: Houndoom\n|-supereffective|p1a: Houndoom\n|-crit|p1a: Houndoom\n|-damage|p1a: Houndoom|0 fnt\n|faint|p1a: Houndoom\n|\n|upkeep\n|inactive|Time left: 300 sec this turn | 300 sec total | 5 sec grace\n|\n|t:|1783552383\n|switch|p1a: Clefable|Clefable, L83, F|293/293\n|turn|10\n|inactive|Time left: 300 sec this turn | 300 sec total\n|\n|t:|1783552384\n|move|p1a: Clefable|Moonblast|p2a: Dunsparce\n|-damage|p2a: Dunsparce|36/100\n|move|p2a: Dunsparce|Body Slam|p1a: Clefable\n|-damage|p1a: Clefable|212/293\n|-status|p1a: Clefable|par\n|\n|upkeep\n|turn|11\n|inactive|Time left: 300 sec this turn | 300 sec total\n|\n|t:|1783552385\n|move|p2a: Dunsparce|Roost|p2a: Dunsparce\n|-heal|p2a: Dunsparce|86/100\n|-singleturn|p2a: Dunsparce|move: Roost\n|cant|p1a: Clefable|par\n|\n|upkeep\n|turn|12\n|inactive|Time left: 300 sec this turn | 300 sec total\n|\n|t:|1783552386\n|move|p2a: Dunsparce|Coil|p2a: Dunsparce\n|-boost|p2a: Dunsparce|atk|1\n|-boost|p2a: Dunsparce|def|1\n|-boost|p2a: Dunsparce|accuracy|1\n|move|p1a: Clefable|Moonblast|p2a: Dunsparce\n|-damage|p2a: Dunsparce|51/100\n|-unboost|p2a: Dunsparce|spa|1\n|\n|upkeep\n|turn|13\n|inactive|Time left: 300 sec this turn | 300 sec total\n|\n|t:|1783552387\n|move|p2a: Dunsparce|Body Slam|p1a: Clefable\n|-damage|p1a: Clefable|77/293 par\n|move|p1a: Clefable|Moonblast|p2a: Dunsparce\n|-damage|p2a: Dunsparce|18/100\n|\n|upkeep\n|turn|14\n|inactive|Time left: 300 sec this turn | 300 sec total\n|\n|t:|1783552388\n|move|p2a: Dunsparce|Roost|p2a: Dunsparce\n|-heal|p2a: Dunsparce|68/100\n|-singleturn|p2a: Dunsparce|move: Roost\n|move|p1a: Clefable|Moonblast|p2a: Dunsparce\n|-damage|p2a: Dunsparce|35/100\n|\n|upkeep\n|turn|15\n|inactive|Time left: 300 sec this turn | 300 sec total\n|\n|t:|1783552390\n|move|p2a: Dunsparce|Earthquake|p1a: Clefable\n|-damage|p1a: Clefable|0 fnt\n|faint|p1a: Clefable\n|\n|upkeep\n|inactive|Time left: 300 sec this turn | 300 sec total | 5 sec grace\n|\n|t:|1783552391\n|switch|p1a: Toxapex|Toxapex, L82, F|216/216\n|turn|16\n|inactive|Time left: 300 sec this turn | 300 sec total\n|\n|t:|1783552392\n|move|p2a: Dunsparce|Body Slam|p1a: Toxapex\n|-damage|p1a: Toxapex|140/216\n|-status|p1a: Toxapex|par\n|move|p1a: Toxapex|Toxic|p2a: Dunsparce\n|-status|p2a: Dunsparce|tox\n|\n|-damage|p2a: Dunsparce|29/100 tox|[from] psn\n|upkeep\n|turn|17\n|inactive|Time left: 300 sec this turn | 300 sec total\n|\n|t:|1783552393\n|switch|p1a: Ursaring|Ursaring, L84, F|288/288\n|move|p2a: Dunsparce|Roost|p2a: Dunsparce\n|-heal|p2a: Dunsparce|79/100 tox\n|-singleturn|p2a: Dunsparce|move: Roost\n|\n|-damage|p2a: Dunsparce|67/100 tox|[from] psn\n|upkeep\n|turn|18\n|inactive|Time left: 300 sec this turn | 300 sec total\n|\n|t:|1783552394\n|move|p1a: Ursaring|Body Slam|p2a: Dunsparce\n|-damage|p2a: Dunsparce|48/100 tox\n|move|p2a: Dunsparce|Roost|p2a: Dunsparce\n|-heal|p2a: Dunsparce|98/100 tox\n|-singleturn|p2a: Dunsparce|move: Roost\n|\n|-damage|p2a: Dunsparce|80/100 tox|[from] psn\n|upkeep\n|turn|19\n|inactive|Time left: 300 sec this turn | 300 sec total\n|\n|t:|1783552395\n|move|p1a: Ursaring|Body Slam|p2a: Dunsparce\n|-crit|p2a: Dunsparce\n|-damage|p2a: Dunsparce|41/100 tox\n|move|p2a: Dunsparce|Roost|p2a: Dunsparce\n|-heal|p2a: Dunsparce|91/100 tox\n|-singleturn|p2a: Dunsparce|move: Roost\n|\n|-damage|p2a: Dunsparce|67/100 tox|[from] psn\n|upkeep\n|turn|20\n|inactive|Time left: 300 sec this turn | 300 sec total\n|\n|t:|1783552396\n|move|p1a: Ursaring|Body Slam|p2a: Dunsparce\n|-damage|p2a: Dunsparce|49/100 tox\n|move|p2a: Dunsparce|Roost|p2a: Dunsparce\n|-heal|p2a: Dunsparce|99/100 tox\n|-singleturn|p2a: Dunsparce|move: Roost\n|\n|-damage|p2a: Dunsparce|69/100 tox|[from] psn\n|upkeep\n|turn|21\n|inactive|Time left: 300 sec this turn | 300 sec total\n|\n|t:|1783552398\n|move|p1a: Ursaring|Body Slam|p2a: Dunsparce\n|-damage|p2a: Dunsparce|50/100 tox\n|move|p2a: Dunsparce|Roost|p2a: Dunsparce\n|-heal|p2a: Dunsparce|99/100 tox\n|-singleturn|p2a: Dunsparce|move: Roost\n|\n|-damage|p2a: Dunsparce|64/100 tox|[from] psn\n|upkeep\n|turn|22\n|inactive|Time left: 300 sec this turn | 300 sec total\n|\n|t:|1783552399\n|move|p1a: Ursaring|Body Slam|p2a: Dunsparce\n|-damage|p2a: Dunsparce|44/100 tox\n|move|p2a: Dunsparce|Roost|p2a: Dunsparce\n|-heal|p2a: Dunsparce|94/100 tox\n|-singleturn|p2a: Dunsparce|move: Roost\n|\n|-damage|p2a: Dunsparce|52/100 tox|[from] psn\n|upkeep\n|turn|23\n|inactive|Time left: 300 sec this turn | 300 sec total\n|\n|t:|1783552400\n|switch|p2a: Slowbro|Slowbro, L85, F|100/100\n|move|p1a: Ursaring|Body Slam|p2a: Slowbro\n|-damage|p2a: Slowbro|68/100\n|\n|-heal|p2a: Slowbro|74/100|[from] item: Leftovers\n|upkeep\n|turn|24\n|inactive|Time left: 300 sec this turn | 300 sec total\n|\n|t:|1783552401\n|move|p1a: Ursaring|Body Slam|p2a: Slowbro\n|-damage|p2a: Slowbro|41/100\n|move|p2a: Slowbro|Iron Defense|p2a: Slowbro\n|-boost|p2a: Slowbro|def|2\n|\n|-heal|p2a: Slowbro|47/100|[from] item: Leftovers\n|upkeep\n|turn|25\n|inactive|Time left: 300 sec this turn | 300 sec total\n|\n|t:|1783552403\n|move|p1a: Ursaring|Body Slam|p2a: Slowbro\n|-damage|p2a: Slowbro|32/100\n|move|p2a: Slowbro|Body Press|p1a: Ursaring\n|-supereffective|p1a: Ursaring\n|-damage|p1a: Ursaring|104/288\n|\n|-heal|p2a: Slowbro|38/100|[from] item: Leftovers\n|upkeep\n|turn|26\n|inactive|Time left: 300 sec this turn | 300 sec total\n|\n|t:|1783552404\n|move|p1a: Ursaring|Body Slam|p2a: Slowbro\n|-damage|p2a: Slowbro|21/100\n|-status|p2a: Slowbro|par\n|move|p2a: Slowbro|Body Press|p1a: Ursaring\n|-supereffective|p1a: Ursaring\n|-damage|p1a: Ursaring|0 fnt\n|faint|p1a: Ursaring\n|\n|-heal|p2a: Slowbro|27/100 par|[from] item: Leftovers\n|upkeep\n|inactive|Time left: 300 sec this turn | 300 sec total | 5 sec grace\n|\n|t:|1783552406\n|switch|p1a: Toxapex|Toxapex, L82, F|212/216 par\n|turn|27\n|inactive|Time left: 300 sec this turn | 300 sec total\n|\n|t:|1783552407\n|cant|p1a: Toxapex|par\n|move|p2a: Slowbro|Slack Off|p2a: Slowbro\n|-heal|p2a: Slowbro|77/100 par\n|\n|-heal|p2a: Slowbro|83/100 par|[from] item: Leftovers\n|upkeep\n|turn|28\n|inactive|Time left: 300 sec this turn | 300 sec total\n|\n|t:|1783552408\n|move|p1a: Toxapex|Toxic||[still]\n|-fail|p1a: Toxapex\n|move|p2a: Slowbro|Body Press|p1a: Toxapex\n|-resisted|p1a: Toxapex\n|-damage|p1a: Toxapex|168/216 par\n|\n|-heal|p2a: Slowbro|89/100 par|[from] item: Leftovers\n|upkeep\n|turn|29\n|inactive|Time left: 300 sec this turn | 300 sec total\n|\n|t:|1783552409\n|move|p1a: Toxapex|Liquidation|p2a: Slowbro\n|-resisted|p2a: Slowbro\n|-damage|p2a: Slowbro|84/100 par\n|move|p2a: Slowbro|Iron Defense|p2a: Slowbro\n|-boost|p2a: Slowbro|def|2\n|\n|-heal|p2a: Slowbro|90/100 par|[from] item: Leftovers\n|upkeep\n|turn|30\n|inactive|Time left: 300 sec this turn | 300 sec total\n|\n|t:|1783552410\n|move|p1a: Toxapex|Recover|p1a: Toxapex\n|-heal|p1a: Toxapex|216/216 par\n|move|p2a: Slowbro|Body Press|p1a: Toxapex\n|-resisted|p1a: Toxapex\n|-damage|p1a: Toxapex|147/216 par\n|\n|-heal|p2a: Slowbro|96/100 par|[from] item: Leftovers\n|upkeep\n|turn|31\n|inactive|Time left: 300 sec this turn | 300 sec total\n|\n|t:|1783552411\n|move|p1a: Toxapex|Haze|p1a: Toxapex\n|-clearallboost\n|cant|p2a: Slowbro|par\n|\n|-heal|p2a: Slowbro|100/100 par|[from] item: Leftovers\n|upkeep\n|turn|32\n|inactive|Time left: 300 sec this turn | 300 sec total\n|\n|t:|1783552412\n|switch|p1a: Alomomola|Alomomola, L87, M|429/429\n|switch|p2a: Clefable|Clefable, L83, F|100/100\n|\n|upkeep\n|turn|33\n|inactive|Time left: 300 sec this turn | 300 sec total\n|\n|t:|1783552413\n|move|p1a: Alomomola|Flip Turn|p2a: Clefable\n|-damage|p2a: Clefable|79/100\n|inactive|Time left: 300 sec this turn | 300 sec total | 5 sec grace\n|\n|t:|1783552414\n|switch|p1a: Toxapex|Toxapex, L82, F|216/216 par|[from] Flip Turn\n|move|p2a: Clefable|Calm Mind|p2a: Clefable\n|-boost|p2a: Clefable|spa|1\n|-boost|p2a: Clefable|spd|1\n|\n|-heal|p2a: Clefable|85/100|[from] item: Leftovers\n|upkeep\n|turn|34\n|inactive|Time left: 300 sec this turn | 300 sec total\n|\n|t:|1783552415\n|move|p2a: Clefable|Moonblast|p1a: Toxapex\n|-resisted|p1a: Toxapex\n|-damage|p1a: Toxapex|163/216 par\n|-unboost|p1a: Toxapex|spa|1\n|move|p1a: Toxapex|Toxic|p2a: Clefable\n|-status|p2a: Clefable|tox\n|\n|-heal|p2a: Clefable|91/100 tox|[from] item: Leftovers\n|-damage|p2a: Clefable|85/100 tox|[from] psn\n|upkeep\n|turn|35\n|inactive|Time left: 300 sec this turn | 300 sec total\n|\n|t:|1783552417\n|move|p2a: Clefable|Moonblast|p1a: Toxapex\n|-resisted|p1a: Toxapex\n|-damage|p1a: Toxapex|115/216 par\n|move|p1a: Toxapex|Haze|p1a: Toxapex\n|-clearallboost\n|\n|-heal|p2a: Clefable|91/100 tox|[from] item: Leftovers\n|-damage|p2a: Clefable|79/100 tox|[from] psn\n|upkeep\n|turn|36\n|inactive|Time left: 300 sec this turn | 300 sec total\n|\n|t:|1783552418\n|move|p2a: Clefable|Moonlight|p2a: Clefable\n|-heal|p2a: Clefable|100/100 tox\n|move|p1a: Toxapex|Recover|p1a: Toxapex\n|-heal|p1a: Toxapex|216/216 par\n|\n|-damage|p2a: Clefable|82/100 tox|[from] psn\n|upkeep\n|turn|37\n|inactive|Time left: 300 sec this turn | 300 sec total\n|\n|t:|1783552419\n|switch|p2a: Slowbro|Slowbro, L85, F|100/100 par\n|move|p1a: Toxapex|Liquidation|p2a: Slowbro\n|-resisted|p2a: Slowbro\n|-damage|p2a: Slowbro|92/100 par\n|\n|-heal|p2a: Slowbro|98/100 par|[from] item: Leftovers\n|upkeep\n|turn|38\n|inactive|Time left: 300 sec this turn | 300 sec total\n|\n|t:|1783552420\n|move|p1a: Toxapex|Liquidation|p2a: Slowbro\n|-resisted|p2a: Slowbro\n|-damage|p2a: Slowbro|89/100 par\n|move|p2a: Slowbro|Scald|p1a: Toxapex\n|-resisted|p1a: Toxapex\n|-damage|p1a: Toxapex|186/216 par\n|\n|-heal|p2a: Slowbro|95/100 par|[from] item: Leftovers\n|upkeep\n|turn|39\n|inactive|Time left: 300 sec this turn | 300 sec total\n|\n|t:|1783552421\n|cant|p1a: Toxapex|par\n|move|p2a: Slowbro|Iron Defense|p2a: Slowbro\n|-boost|p2a: Slowbro|def|2\n|\n|-heal|p2a: Slowbro|100/100 par|[from] item: Leftovers\n|upkeep\n|turn|40\n|inactive|Time left: 300 sec this turn | 300 sec total\n|\n|t:|1783552422\n|move|p1a: Toxapex|Haze|p1a: Toxapex\n|-clearallboost\n|move|p2a: Slowbro|Body Press|p1a: Toxapex\n|-resisted|p1a: Toxapex\n|-damage|p1a: Toxapex|165/216 par\n|\n|upkeep\n|turn|41\n|inactive|Time left: 300 sec this turn | 300 sec total\n|\n|t:|1783552424\n|switch|p1a: Alomomola|Alomomola, L87, M|429/429\n|move|p2a: Slowbro|Scald|p1a: Alomomola\n|-resisted|p1a: Alomomola\n|-damage|p1a: Alomomola|360/429\n|\n|upkeep\n|turn|42\n|inactive|Time left: 300 sec this turn | 300 sec total\n|\n|t:|1783552425\n|move|p1a: Alomomola|Flip Turn|p2a: Slowbro\n|-resisted|p2a: Slowbro\n|-damage|p2a: Slowbro|93/100 par\n|inactive|Time left: 300 sec this turn | 300 sec total | 5 sec grace\n|\n|t:|1783552426\n|switch|p1a: Toxapex|Toxapex, L82, F|216/216 par|[from] Flip Turn\n|move|p2a: Slowbro|Iron Defense|p2a: Slowbro\n|-boost|p2a: Slowbro|def|2\n|\n|-heal|p2a: Slowbro|99/100 par|[from] item: Leftovers\n|upkeep\n|turn|43\n|inactive|Time left: 300 sec this turn | 300 sec total\n|\n|t:|1783552427\n|move|p1a: Toxapex|Haze|p1a: Toxapex\n|-clearallboost\n|move|p2a: Slowbro|Iron Defense|p2a: Slowbro\n|-boost|p2a: Slowbro|def|2\n|\n|-heal|p2a: Slowbro|100/100 par|[from] item: Leftovers\n|upkeep\n|turn|44\n|inactive|Time left: 300 sec this turn | 300 sec total\n|\n|t:|1783552428\n|cant|p1a: Toxapex|par\n|move|p2a: Slowbro|Scald|p1a: Toxapex\n|-resisted|p1a: Toxapex\n|-damage|p1a: Toxapex|186/216 par\n|\n|upkeep\n|turn|45\n|inactive|Time left: 300 sec this turn | 300 sec total\n|\n|t:|1783552430\n|move|p1a: Toxapex|Recover|p1a: Toxapex\n|-heal|p1a: Toxapex|216/216 par\n|cant|p2a: Slowbro|par\n|\n|upkeep\n|turn|46\n|inactive|Time left: 300 sec this turn | 300 sec total\n|\n|t:|1783552431\n|move|p1a: Toxapex|Haze|p1a: Toxapex\n|-clearallboost\n|move|p2a: Slowbro|Iron Defense|p2a: Slowbro\n|-boost|p2a: Slowbro|def|2\n|\n|upkeep\n|turn|47\n|inactive|Time left: 300 sec this turn | 300 sec total\n|\n|t:|1783552432\n|move|p1a: Toxapex|Haze|p1a: Toxapex\n|-clearallboost\n|move|p2a: Slowbro|Scald|p1a: Toxapex\n|-resisted|p1a: Toxapex\n|-damage|p1a: Toxapex|182/216 par\n|\n|upkeep\n|turn|48\n|inactive|Time left: 300 sec this turn | 300 sec total\n|\n|t:|1783552434\n|cant|p1a: Toxapex|par\n|move|p2a: Slowbro|Scald|p1a: Toxapex\n|-resisted|p1a: Toxapex\n|-damage|p1a: Toxapex|151/216 par\n|\n|upkeep\n|turn|49\n|inactive|Time left: 300 sec this turn | 300 sec total\n|\n|t:|1783552435\n|switch|p1a: Alomomola|Alomomola, L87, M|429/429\n|cant|p2a: Slowbro|par\n|\n|upkeep\n|turn|50\n|inactive|Time left: 300 sec this turn | 300 sec total\n|\n|t:|1783552436\n|move|p1a: Alomomola|Scald|p2a: Slowbro\n|-resisted|p2a: Slowbro\n|-crit|p2a: Slowbro\n|-damage|p2a: Slowbro|87/100 par\n|cant|p2a: Slowbro|par\n|\n|-heal|p2a: Slowbro|93/100 par|[from] item: Leftovers\n|upkeep\n|turn|51\n|inactive|Time left: 300 sec this turn | 300 sec total\n|\n|t:|1783552437\n|move|p1a: Alomomola|Wish|p1a: Alomomola\n|cant|p2a: Slowbro|par\n|\n|-heal|p2a: Slowbro|99/100 par|[from] item: Leftovers\n|upkeep\n|turn|52\n|inactive|Time left: 300 sec this turn | 300 sec total\n|\n|t:|1783552438\n|move|p1a: Alomomola|Flip Turn|p2a: Slowbro\n|-resisted|p2a: Slowbro\n|-damage|p2a: Slowbro|91/100 par\n|inactive|Time left: 300 sec this turn | 300 sec total | 5 sec grace\n|\n|t:|1783552440\n|switch|p1a: Toxapex|Toxapex, L82, F|216/216 par|[from] Flip Turn\n|move|p2a: Slowbro|Iron Defense|p2a: Slowbro\n|-boost|p2a: Slowbro|def|2\n|\n|-heal|p2a: Slowbro|97/100 par|[from] item: Leftovers\n|upkeep\n|turn|53\n|inactive|Time left: 300 sec this turn | 300 sec total\n|\n|t:|1783552441\n|move|p1a: Toxapex|Haze|p1a: Toxapex\n|-clearallboost\n|move|p2a: Slowbro|Iron Defense|p2a: Slowbro\n|-boost|p2a: Slowbro|def|2\n|\n|-heal|p2a: Slowbro|100/100 par|[from] item: Leftovers\n|upkeep\n|turn|54\n|inactive|Time left: 300 sec this turn | 300 sec total\n|\n|t:|1783552442\n|move|p1a: Toxapex|Toxic||[still]\n|-fail|p1a: Toxapex\n|move|p2a: Slowbro|Iron Defense|p2a: Slowbro\n|-boost|p2a: Slowbro|def|2\n|\n|upkeep\n|turn|55\n|inactive|Time left: 300 sec this turn | 300 sec total\n|\n|t:|1783552443\n|move|p1a: Toxapex|Haze|p1a: Toxapex\n|-clearallboost\n|cant|p2a: Slowbro|par\n|\n|upkeep\n|turn|56\n|inactive|Time left: 300 sec this turn | 300 sec total\n|\n|t:|1783552444\n|move|p1a: Toxapex|Liquidation|p2a: Slowbro\n|-resisted|p2a: Slowbro\n|-damage|p2a: Slowbro|92/100 par\n|cant|p2a: Slowbro|par\n|\n|-heal|p2a: Slowbro|98/100 par|[from] item: Leftovers\n|upkeep\n|turn|57\n|inactive|Time left: 300 sec this turn | 300 sec total\n|\n|t:|1783552446\n|move|p1a: Toxapex|Liquidation|p2a: Slowbro\n|-resisted|p2a: Slowbro\n|-damage|p2a: Slowbro|89/100 par\n|-unboost|p2a: Slowbro|def|1\n|move|p2a: Slowbro|Iron Defense|p2a: Slowbro\n|-boost|p2a: Slowbro|def|2\n|\n|-heal|p2a: Slowbro|95/100 par|[from] item: Leftovers\n|upkeep\n|turn|58\n|inactive|Time left: 300 sec this turn | 300 sec total\n|\n|t:|1783552447\n|move|p1a: Toxapex|Haze|p1a: Toxapex\n|-clearallboost\n|move|p2a: Slowbro|Scald|p1a: Toxapex\n|-resisted|p1a: Toxapex\n|-damage|p1a: Toxapex|184/216 par\n|\n|-heal|p2a: Slowbro|100/100 par|[from] item: Leftovers\n|upkeep\n|turn|59\n|inactive|Time left: 300 sec this turn | 300 sec total\n|\n|t:|1783552449\n|move|p1a: Toxapex|Liquidation|p2a: Slowbro\n|-resisted|p2a: Slowbro\n|-damage|p2a: Slowbro|92/100 par\n|move|p2a: Slowbro|Scald|p1a: Toxapex\n|-resisted|p1a: Toxapex\n|-damage|p1a: Toxapex|151/216 par\n|\n|-heal|p2a: Slowbro|98/100 par|[from] item: Leftovers\n|upkeep\n|turn|60\n|inactive|Time left: 300 sec this turn | 300 sec total\n|\n|t:|1783552450\n|cant|p1a: Toxapex|par\n|move|p2a: Slowbro|Scald|p1a: Toxapex\n|-resisted|p1a: Toxapex\n|-damage|p1a: Toxapex|116/216 par\n|\n|-heal|p2a: Slowbro|100/100 par|[from] item: Leftovers\n|upkeep\n|turn|61\n|inactive|Time left: 300 sec this turn | 300 sec total\n|\n|t:|1783552451\n|move|p1a: Toxapex|Recover|p1a: Toxapex\n|-heal|p1a: Toxapex|216/216 par\n|move|p2a: Slowbro|Iron Defense|p2a: Slowbro\n|-boost|p2a: Slowbro|def|2\n|\n|upkeep\n|turn|62\n|inactive|Time left: 300 sec this turn | 300 sec total\n|\n|t:|1783552452\n|move|p1a: Toxapex|Haze|p1a: Toxapex\n|-clearallboost\n|cant|p2a: Slowbro|par\n|\n|upkeep\n|turn|63\n|inactive|Time left: 300 sec this turn | 300 sec total\n|\n|t:|1783552453\n|move|p1a: Toxapex|Liquidation|p2a: Slowbro\n|-resisted|p2a: Slowbro\n|-crit|p2a: Slowbro\n|-damage|p2a: Slowbro|87/100 par\n|-unboost|p2a: Slowbro|def|1\n|move|p2a: Slowbro|Iron Defense|p2a: Slowbro\n|-boost|p2a: Slowbro|def|2\n|\n|-heal|p2a: Slowbro|93/100 par|[from] item: Leftovers\n|upkeep\n|turn|64\n|inactive|Time left: 300 sec this turn | 300 sec total\n|\n|t:|1783552454\n|move|p1a: Toxapex|Liquidation|p2a: Slowbro\n|-resisted|p2a: Slowbro\n|-damage|p2a: Slowbro|87/100 par\n|cant|p2a: Slowbro|par\n|\n|-heal|p2a: Slowbro|93/100 par|[from] item: Leftovers\n|upkeep\n|turn|65\n|inactive|Time left: 300 sec this turn | 300 sec total\n|\n|t:|1783552456\n|move|p1a: Toxapex|Toxic||[still]\n|-fail|p1a: Toxapex\n|move|p2a: Slowbro|Iron Defense|p2a: Slowbro\n|-boost|p2a: Slowbro|def|2\n|\n|-heal|p2a: Slowbro|99/100 par|[from] item: Leftovers\n|upkeep\n|turn|66\n|inactive|Time left: 300 sec this turn | 300 sec total\n|\n|t:|1783552457\n|cant|p1a: Toxapex|par\n|cant|p2a: Slowbro|par\n|\n|-heal|p2a: Slowbro|100/100 par|[from] item: Leftovers\n|upkeep\n|turn|67\n|inactive|Time left: 300 sec this turn | 300 sec total\n|\n|t:|1783552458\n|cant|p1a: Toxapex|par\n|cant|p2a: Slowbro|par\n|\n|upkeep\n|turn|68\n|inactive|Time left: 300 sec this turn | 300 sec total\n|\n|t:|1783552458\n|move|p1a: Toxapex|Haze|p1a: Toxapex\n|-clearallboost\n|move|p2a: Slowbro|Body Press|p1a: Toxapex\n|-resisted|p1a: Toxapex\n|-damage|p1a: Toxapex|193/216 par\n|\n|upkeep\n|turn|69\n|inactive|Time left: 300 sec this turn | 300 sec total\n|\n|t:|1783552460\n|move|p1a: Toxapex|Liquidation|p2a: Slowbro\n|-resisted|p2a: Slowbro\n|-damage|p2a: Slowbro|91/100 par\n|move|p2a: Slowbro|Scald|p1a: Toxapex\n|-resisted|p1a: Toxapex\n|-damage|p1a: Toxapex|162/216 par\n|\n|-heal|p2a: Slowbro|97/100 par|[from] item: Leftovers\n|upkeep\n|turn|70\n|inactive|Time left: 300 sec this turn | 300 sec total\n|\n|t:|1783552461\n|cant|p1a: Toxapex|par\n|move|p2a: Slowbro|Body Press|p1a: Toxapex\n|-resisted|p1a: Toxapex\n|-damage|p1a: Toxapex|142/216 par\n|\n|-heal|p2a: Slowbro|100/100 par|[from] item: Leftovers\n|upkeep\n|turn|71\n|inactive|Time left: 300 sec this turn | 300 sec total\n|\n|t:|1783552463\n|switch|p1a: Alomomola|Alomomola, L87, M|429/429\n|move|p2a: Slowbro|Body Press|p1a: Alomomola\n|-damage|p1a: Alomomola|359/429\n|\n|upkeep\n|turn|72\n|inactive|Time left: 300 sec this turn | 300 sec total\n|\n|t:|1783552464\n|move|p1a: Alomomola|Flip Turn|p2a: Slowbro\n|-resisted|p2a: Slowbro\n|-damage|p2a: Slowbro|93/100 par\n|inactive|Time left: 300 sec this turn | 300 sec total | 5 sec grace\n|\n|t:|1783552465\n|switch|p1a: Toxapex|Toxapex, L82, F|214/216 par|[from] Flip Turn\n|cant|p2a: Slowbro|par\n|\n|-heal|p2a: Slowbro|99/100 par|[from] item: Leftovers\n|upkeep\n|turn|73\n|inactive|Time left: 300 sec this turn | 300 sec total\n|\n|t:|1783552467\n|move|p1a: Toxapex|Liquidation|p2a: Slowbro\n|-resisted|p2a: Slowbro\n|-damage|p2a: Slowbro|90/100 par\n|move|p2a: Slowbro|Body Press|p1a: Toxapex\n|-resisted|p1a: Toxapex\n|-damage|p1a: Toxapex|194/216 par\n|\n|-heal|p2a: Slowbro|96/100 par|[from] item: Leftovers\n|upkeep\n|turn|74\n|inactive|Time left: 300 sec this turn | 300 sec total\n|\n|t:|1783552468\n|move|p1a: Toxapex|Liquidation|p2a: Slowbro\n|-resisted|p2a: Slowbro\n|-damage|p2a: Slowbro|88/100 par\n|cant|p2a: Slowbro|par\n|\n|-heal|p2a: Slowbro|94/100 par|[from] item: Leftovers\n|upkeep\n|turn|75\n|inactive|Time left: 300 sec this turn | 300 sec total\n|\n|t:|1783552469\n|move|p1a: Toxapex|Liquidation|p2a: Slowbro\n|-resisted|p2a: Slowbro\n|-damage|p2a: Slowbro|85/100 par\n|move|p2a: Slowbro|Iron Defense|p2a: Slowbro\n|-boost|p2a: Slowbro|def|2\n|\n|-heal|p2a: Slowbro|91/100 par|[from] item: Leftovers\n|upkeep\n|turn|76\n|inactive|Time left: 300 sec this turn | 300 sec total\n|\n|t:|1783552470\n|move|p1a: Toxapex|Haze|p1a: Toxapex\n|-clearallboost\n|cant|p2a: Slowbro|par\n|\n|-heal|p2a: Slowbro|97/100 par|[from] item: Leftovers\n|upkeep\n|turn|77\n|inactive|Time left: 300 sec this turn | 300 sec total\n|\n|t:|1783552471\n|cant|p1a: Toxapex|par\n|move|p2a: Slowbro|Iron Defense|p2a: Slowbro\n|-boost|p2a: Slowbro|def|2\n|\n|-heal|p2a: Slowbro|100/100 par|[from] item: Leftovers\n|upkeep\n|turn|78\n|inactive|Time left: 300 sec this turn | 300 sec total\n|\n|t:|1783552472\n|move|p1a: Toxapex|Liquidation|p2a: Slowbro\n|-resisted|p2a: Slowbro\n|-damage|p2a: Slowbro|96/100 par\n|cant|p2a: Slowbro|par\n|\n|-heal|p2a: Slowbro|100/100 par|[from] item: Leftovers\n|upkeep\n|turn|79\n|inactive|Time left: 300 sec this turn | 300 sec total\n|\n|t:|1783552474\n|move|p1a: Toxapex|Liquidation|p2a: Slowbro\n|-resisted|p2a: Slowbro\n|-damage|p2a: Slowbro|95/100 par\n|-unboost|p2a: Slowbro|def|1\n|cant|p2a: Slowbro|par\n|\n|-heal|p2a: Slowbro|100/100 par|[from] item: Leftovers\n|upkeep\n|turn|80\n|inactive|Time left: 300 sec this turn | 300 sec total\n|\n|t:|1783552475\n|move|p1a: Toxapex|Toxic||[still]\n|-fail|p1a: Toxapex\n|move|p2a: Slowbro|Scald|p1a: Toxapex\n|-resisted|p1a: Toxapex\n|-damage|p1a: Toxapex|162/216 par\n|\n|upkeep\n|turn|81\n|inactive|Time left: 300 sec this turn | 300 sec total\n|\n|t:|1783552477\n|cant|p1a: Toxapex|par\n|move|p2a: Slowbro|Scald|p1a: Toxapex\n|-resisted|p1a: Toxapex\n|-damage|p1a: Toxapex|131/216 par\n|\n|upkeep\n|turn|82\n|inactive|Time left: 300 sec this turn | 300 sec total\n|\n|t:|1783552478\n|switch|p1a: Alomomola|Alomomola, L87, M|429/429\n|move|p2a: Slowbro|Iron Defense|p2a: Slowbro\n|-boost|p2a: Slowbro|def|2\n|\n|upkeep\n|turn|83\n|inactive|Time left: 300 sec this turn | 300 sec total\n|\n|t:|1783552479\n|move|p1a: Alomomola|Flip Turn|p2a: Slowbro\n|-resisted|p2a: Slowbro\n|-damage|p2a: Slowbro|97/100 par\n|inactive|Time left: 300 sec this turn | 300 sec total | 5 sec grace\n|\n|t:|1783552480\n|switch|p1a: Toxapex|Toxapex, L82, F|203/216 par|[from] Flip Turn\n|move|p2a: Slowbro|Scald|p1a: Toxapex\n|-resisted|p1a: Toxapex\n|-damage|p1a: Toxapex|171/216 par\n|\n|-heal|p2a: Slowbro|100/100 par|[from] item: Leftovers\n|upkeep\n|turn|84\n|inactive|Time left: 300 sec this turn | 300 sec total\n|\n|t:|1783552481\n|move|p1a: Toxapex|Haze|p1a: Toxapex\n|-clearallboost\n|cant|p2a: Slowbro|par\n|\n|upkeep\n|turn|85\n|inactive|Time left: 300 sec this turn | 300 sec total\n|\n|t:|1783552482\n|move|p1a: Toxapex|Recover|p1a: Toxapex\n|-heal|p1a: Toxapex|216/216 par\n|move|p2a: Slowbro|Iron Defense|p2a: Slowbro\n|-boost|p2a: Slowbro|def|2\n|\n|upkeep\n|turn|86\n|inactive|Time left: 300 sec this turn | 300 sec total\n|\n|t:|1783552483\n|move|p1a: Toxapex|Haze|p1a: Toxapex\n|-clearallboost\n|move|p2a: Slowbro|Body Press|p1a: Toxapex\n|-resisted|p1a: Toxapex\n|-damage|p1a: Toxapex|196/216 par\n|\n|upkeep\n|turn|87\n|inactive|Time left: 300 sec this turn | 300 sec total\n|\n|t:|1783552484\n|switch|p1a: Alomomola|Alomomola, L87, M|429/429\n|move|p2a: Slowbro|Scald|p1a: Alomomola\n|-resisted|p1a: Alomomola\n|-damage|p1a: Alomomola|355/429\n|\n|upkeep\n|turn|88\n|inactive|Time left: 300 sec this turn | 300 sec total\n|\n|t:|1783552485\n|move|p1a: Alomomola|Flip Turn|p2a: Slowbro\n|-resisted|p2a: Slowbro\n|-damage|p2a: Slowbro|93/100 par\n|inactive|Time left: 300 sec this turn | 300 sec total | 5 sec grace\n|\n|t:|1783552486\n|switch|p1a: Toxapex|Toxapex, L82, F|216/216 par|[from] Flip Turn\n|move|p2a: Slowbro|Iron Defense|p2a: Slowbro\n|-boost|p2a: Slowbro|def|2\n|\n|-heal|p2a: Slowbro|99/100 par|[from] item: Leftovers\n|upkeep\n|turn|89\n|inactive|Time left: 300 sec this turn | 300 sec total\n|\n|t:|1783552487\n|move|p1a: Toxapex|Haze|p1a: Toxapex\n|-clearallboost\n|move|p2a: Slowbro|Body Press|p1a: Toxapex\n|-resisted|p1a: Toxapex\n|-damage|p1a: Toxapex|194/216 par\n|\n|-heal|p2a: Slowbro|100/100 par|[from] item: Leftovers\n|upkeep\n|turn|90\n|inactive|Time left: 300 sec this turn | 300 sec total\n|\n|t:|1783552488\n|cant|p1a: Toxapex|par\n|move|p2a: Slowbro|Iron Defense|p2a: Slowbro\n|-boost|p2a: Slowbro|def|2\n|\n|upkeep\n|turn|91\n|inactive|Time left: 300 sec this turn | 300 sec total\n|\n|t:|1783552489\n|move|p1a: Toxapex|Recover|p1a: Toxapex\n|-heal|p1a: Toxapex|216/216 par\n|move|p2a: Slowbro|Iron Defense|p2a: Slowbro\n|-boost|p2a: Slowbro|def|2\n|\n|upkeep\n|turn|92\n|inactive|Time left: 300 sec this turn | 300 sec total\n|\n|t:|1783552490\n|move|p1a: Toxapex|Haze|p1a: Toxapex\n|-clearallboost\n|cant|p2a: Slowbro|par\n|\n|upkeep\n|turn|93\n|inactive|Time left: 300 sec this turn | 300 sec total\n|\n|t:|1783552491\n|move|p1a: Toxapex|Liquidation|p2a: Slowbro\n|-resisted|p2a: Slowbro\n|-damage|p2a: Slowbro|91/100 par\n|move|p2a: Slowbro|Iron Defense|p2a: Slowbro\n|-boost|p2a: Slowbro|def|2\n|\n|-heal|p2a: Slowbro|97/100 par|[from] item: Leftovers\n|upkeep\n|turn|94\n|inactive|Time left: 300 sec this turn | 300 sec total\n|\n|t:|1783552492\n|cant|p1a: Toxapex|par\n|move|p2a: Slowbro|Scald|p1a: Toxapex\n|-resisted|p1a: Toxapex\n|-damage|p1a: Toxapex|182/216 par\n|\n|-heal|p2a: Slowbro|100/100 par|[from] item: Leftovers\n|upkeep\n|turn|95\n|inactive|Time left: 300 sec this turn | 300 sec total\n|\n|t:|1783552494\n|cant|p1a: Toxapex|par\n|move|p2a: Slowbro|Scald|p1a: Toxapex\n|-resisted|p1a: Toxapex\n|-damage|p1a: Toxapex|152/216 par\n|\n|upkeep\n|turn|96\n|inactive|Time left: 300 sec this turn | 300 sec total\n|\n|t:|1783552495\n|move|p1a: Toxapex|Haze|p1a: Toxapex\n|-clearallboost\n|move|p2a: Slowbro|Scald|p1a: Toxapex\n|-resisted|p1a: Toxapex\n|-damage|p1a: Toxapex|120/216 par\n|\n|upkeep\n|turn|97\n|inactive|Time left: 300 sec this turn | 300 sec total\n|\n|t:|1783552496\n|move|p1a: Toxapex|Recover|p1a: Toxapex\n|-heal|p1a: Toxapex|216/216 par\n|move|p2a: Slowbro|Iron Defense|p2a: Slowbro\n|-boost|p2a: Slowbro|def|2\n|\n|upkeep\n|turn|98\n|inactive|Time left: 300 sec this turn | 300 sec total\n|\n|t:|1783552497\n|move|p1a: Toxapex|Liquidation|p2a: Slowbro\n|-resisted|p2a: Slowbro\n|-damage|p2a: Slowbro|96/100 par\n|move|p2a: Slowbro|Iron Defense|p2a: Slowbro\n|-boost|p2a: Slowbro|def|2\n|\n|-heal|p2a: Slowbro|100/100 par|[from] item: Leftovers\n|upkeep\n|turn|99\n|inactive|Time left: 300 sec this turn | 300 sec total\n|\n|t:|1783552499\n|move|p1a: Toxapex|Haze|p1a: Toxapex\n|-clearallboost\n|move|p2a: Slowbro|Scald|p1a: Toxapex\n|-resisted|p1a: Toxapex\n|-damage|p1a: Toxapex|183/216 par\n|\n|upkeep\n|turn|100\n|inactive|Time left: 300 sec this turn | 300 sec total\n|\n|t:|1783552500\n|switch|p1a: Alomomola|Alomomola, L87, M|429/429\n|move|p2a: Slowbro|Scald|p1a: Alomomola\n|-resisted|p1a: Alomomola\n|-damage|p1a: Alomomola|354/429\n|\n|upkeep\n|turn|101\n|inactive|Time left: 300 sec this turn | 300 sec total\n|\n|t:|1783552502\n|move|p1a: Alomomola|Wish|p1a: Alomomola\n|cant|p2a: Slowbro|par\n|\n|upkeep\n|turn|102\n|inactive|Time left: 300 sec this turn | 300 sec total\n|\n|t:|1783552503\n|move|p1a: Alomomola|Scald|p2a: Slowbro\n|-resisted|p2a: Slowbro\n|-damage|p2a: Slowbro|91/100 par\n|move|p2a: Slowbro|Iron Defense|p2a: Slowbro\n|-boost|p2a: Slowbro|def|2\n|\n|-heal|p1a: Alomomola|429/429|[from] move: Wish|[wisher] Alomomola\n|-heal|p2a: Slowbro|97/100 par|[from] item: Leftovers\n|upkeep\n|turn|103\n|inactive|Time left: 300 sec this turn | 300 sec total\n|\n|t:|1783552504\n|move|p1a: Alomomola|Protect|p1a: Alomomola\n|-singleturn|p1a: Alomomola|Protect\n|move|p2a: Slowbro|Scald|p1a: Alomomola\n|-activate|p1a: Alomomola|move: Protect\n|\n|-heal|p2a: Slowbro|100/100 par|[from] item: Leftovers\n|upkeep\n|turn|104\n|inactive|Time left: 300 sec this turn | 300 sec total\n|\n|t:|1783552505\n|move|p1a: Alomomola|Flip Turn|p2a: Slowbro\n|-resisted|p2a: Slowbro\n|-crit|p2a: Slowbro\n|-damage|p2a: Slowbro|89/100 par\n|inactive|Time left: 300 sec this turn | 300 sec total | 5 sec grace\n|\n|t:|1783552506\n|switch|p1a: Toxapex|Toxapex, L82, F|216/216 par|[from] Flip Turn\n|move|p2a: Slowbro|Scald|p1a: Toxapex\n|-resisted|p1a: Toxapex\n|-damage|p1a: Toxapex|185/216 par\n|\n|-heal|p2a: Slowbro|95/100 par|[from] item: Leftovers\n|upkeep\n|turn|105\n|inactive|Time left: 300 sec this turn | 300 sec total\n|\n|t:|1783552507\n|switch|p1a: Alomomola|Alomomola, L87, M|429/429\n|move|p2a: Slowbro|Scald|p1a: Alomomola\n|-resisted|p1a: Alomomola\n|-damage|p1a: Alomomola|365/429\n|\n|-heal|p2a: Slowbro|100/100 par|[from] item: Leftovers\n|upkeep\n|turn|106\n|inactive|Time left: 300 sec this turn | 300 sec total\n|\n|t:|1783552508\n|move|p1a: Alomomola|Wish|p1a: Alomomola\n|move|p2a: Slowbro|Body Press|p1a: Alomomola\n|-damage|p1a: Alomomola|228/429\n|\n|upkeep\n|turn|107\n|inactive|Time left: 300 sec this turn | 300 sec total\n|\n|t:|1783552509\n|move|p1a: Alomomola|Wish||[still]\n|-fail|p1a: Alomomola\n|move|p2a: Slowbro|Body Press|p1a: Alomomola\n|-damage|p1a: Alomomola|88/429\n|\n|-heal|p1a: Alomomola|302/429|[from] move: Wish|[wisher] Alomomola\n|upkeep\n|turn|108\n|inactive|Time left: 300 sec this turn | 300 sec total\n|\n|t:|1783552511\n|move|p1a: Alomomola|Flip Turn|p2a: Slowbro\n|-resisted|p2a: Slowbro\n|-damage|p2a: Slowbro|97/100 par\n|inactive|Time left: 300 sec this turn | 300 sec total | 5 sec grace\n|\n|t:|1783552512\n|switch|p1a: Toxapex|Toxapex, L82, F|216/216 par|[from] Flip Turn\n|move|p2a: Slowbro|Scald|p1a: Toxapex\n|-resisted|p1a: Toxapex\n|-damage|p1a: Toxapex|186/216 par\n|\n|-heal|p2a: Slowbro|100/100 par|[from] item: Leftovers\n|upkeep\n|turn|109\n|inactive|Time left: 300 sec this turn | 300 sec total\n|\n|t:|1783552513\n|move|p1a: Toxapex|Haze|p1a: Toxapex\n|-clearallboost\n|move|p2a: Slowbro|Scald|p1a: Toxapex\n|-resisted|p1a: Toxapex\n|-damage|p1a: Toxapex|156/216 par\n|\n|upkeep\n|turn|110\n|inactive|Time left: 300 sec this turn | 300 sec total\n|\n|t:|1783552514\n|switch|p1a: Alomomola|Alomomola, L87, M|429/429\n|cant|p2a: Slowbro|par\n|\n|upkeep\n|turn|111\n|inactive|Time left: 300 sec this turn | 300 sec total\n|\n|t:|1783552515\n|move|p1a: Alomomola|Scald|p2a: Slowbro\n|-resisted|p2a: Slowbro\n|-damage|p2a: Slowbro|92/100 par\n|cant|p2a: Slowbro|par\n|\n|-heal|p2a: Slowbro|98/100 par|[from] item: Leftovers\n|upkeep\n|turn|112\n|inactive|Time left: 300 sec this turn | 300 sec total\n|\n|t:|1783552516\n|move|p1a: Alomomola|Scald|p2a: Slowbro\n|-resisted|p2a: Slowbro\n|-damage|p2a: Slowbro|90/100 par\n|move|p2a: Slowbro|Scald|p1a: Alomomola\n|-resisted|p1a: Alomomola\n|-damage|p1a: Alomomola|362/429\n|-status|p1a: Alomomola|brn\n|\n|-heal|p2a: Slowbro|96/100 par|[from] item: Leftovers\n|-damage|p1a: Alomomola|336/429 brn|[from] brn\n|upkeep\n|turn|113\n|inactive|Time left: 300 sec this turn | 300 sec total\n|\n|t:|1783552517\n|switch|p2a: Clefable|Clefable, L83, F|82/100 tox\n|move|p1a: Alomomola|Flip Turn|p2a: Clefable\n|-damage|p2a: Clefable|72/100 tox\n|inactive|Time left: 300 sec this turn | 300 sec total | 5 sec grace\n|\n|t:|1783552518\n|switch|p1a: Toxapex|Toxapex, L82, F|216/216 par|[from] Flip Turn\n|\n|-heal|p2a: Clefable|78/100 tox|[from] item: Leftovers\n|-damage|p2a: Clefable|72/100 tox|[from] psn\n|upkeep\n|turn|114\n|inactive|Time left: 300 sec this turn | 300 sec total\n|\n|t:|1783552519\n|move|p2a: Clefable|Moonlight|p2a: Clefable\n|-heal|p2a: Clefable|100/100 tox\n|move|p1a: Toxapex|Haze|p1a: Toxapex\n|-clearallboost\n|\n|-damage|p2a: Clefable|88/100 tox|[from] psn\n|upkeep\n|turn|115\n|inactive|Time left: 300 sec this turn | 300 sec total\n|\n|t:|1783552520\n|switch|p2a: Zangoose|Zangoose, L85, F|64/100 tox\n|move|p1a: Toxapex|Toxic|p2a: Zangoose\n|-fail|p2a: Zangoose|tox\n|\n|-damage|p2a: Zangoose|58/100 tox|[from] psn\n|upkeep\n|turn|116\n|inactive|Time left: 300 sec this turn | 300 sec total\n|\n|t:|1783552521\n|move|p2a: Zangoose|Facade|p1a: Toxapex\n|-damage|p1a: Toxapex|51/216 par\n|move|p1a: Toxapex|Haze|p1a: Toxapex\n|-clearallboost\n|\n|-damage|p2a: Zangoose|46/100 tox|[from] psn\n|upkeep\n|turn|117\n|inactive|Time left: 300 sec this turn | 300 sec total\n|\n|t:|1783552522\n|switch|p1a: Alomomola|Alomomola, L87, M|429/429 brn\n|move|p2a: Zangoose|Facade|p1a: Alomomola\n|-damage|p1a: Alomomola|176/429 brn\n|\n|-damage|p2a: Zangoose|27/100 tox|[from] psn\n|-damage|p1a: Alomomola|150/429 brn|[from] brn\n|upkeep\n|turn|118\n|inactive|Time left: 300 sec this turn | 300 sec total\n|\n|t:|1783552523\n|move|p1a: Alomomola|Protect|p1a: Alomomola\n|-singleturn|p1a: Alomomola|Protect\n|move|p2a: Zangoose|Facade|p1a: Alomomola\n|-activate|p1a: Alomomola|move: Protect\n|\n|-damage|p2a: Zangoose|3/100 tox|[from] psn\n|-damage|p1a: Alomomola|124/429 brn|[from] brn\n|upkeep\n|turn|119\n|inactive|Time left: 300 sec this turn | 300 sec total\n|\n|t:|1783552524\n|switch|p1a: Toxapex|Toxapex, L82, F|123/216 par\n|move|p2a: Zangoose|Facade|p1a: Toxapex\n|-damage|p1a: Toxapex|0 fnt\n|faint|p1a: Toxapex\n|\n|-damage|p2a: Zangoose|0 fnt|[from] psn\n|faint|p2a: Zangoose\n|upkeep\n|inactive|Time left: 300 sec this turn | 300 sec total | 5 sec grace\n|\n|t:|1783552525\n|switch|p2a: Quaquaval|Quaquaval, L79, F|56/100 tox\n|switch|p1a: Alomomola|Alomomola, L87, M|267/429 brn\n|turn|120\n|inactive|Time left: 300 sec this turn | 300 sec total\n|\n|t:|1783552526\n|-terastallize|p2a: Quaquaval|Fighting\n|move|p2a: Quaquaval|Close Combat|p1a: Alomomola\n|-damage|p1a: Alomomola|20/429 brn\n|-unboost|p2a: Quaquaval|def|1\n|-unboost|p2a: Quaquaval|spd|1\n|-damage|p2a: Quaquaval|46/100 tox|[from] item: Life Orb\n|move|p1a: Alomomola|Wish|p1a: Alomomola\n|\n|-damage|p2a: Quaquaval|40/100 tox|[from] psn\n|-damage|p1a: Alomomola|0 fnt|[from] brn\n|faint|p1a: Alomomola\n|\n|win|p0y1076fb4b", "uploadtime": 1783552526, "views": 0, "rating": 0, "private": 0, "password": null, "_winner": "p0y1076fb4b", "_our_name": "p0x1076d517"}