{"id": "battle-gen9randombattle-1411", "formatid": "gen9randombattle", "format": "[Gen 9] Random Battle", "players": ["p0x14118080", "p0y14110933"], "log": "|init|battle\n|title|p0x14118080 vs. p0y14110933\n|j|\u2606p0x14118080\n|j|\u2606p0y14110933\n|t:|1783556435\n|gametype|singles\n|player|p1|p0x14118080|1|\n|player|p2|p0y14110933|265|\n|gen|9\n|tier|[Gen 9] Random Battle\n|rule|Species Clause: Limit one of each Pok\u00e9mon\n|rule|HP Percentage Mod: HP is shown in percentages\n|rule|Sleep Clause Mod: Limit one foe put to sleep\n|rule|Illusion Level Mod: Illusion disguises the Pok\u00e9mon's true level\n|\n|t:|1783556435\n|teamsize|p1|6\n|teamsize|p2|6\n|start\n|switch|p1a: Leavanny|Leavanny, L86, M|269/269\n|switch|p2a: Flareon|Flareon, L90, M|100/100\n|turn|1\n|inactive|Battle timer is ON: inactive players will automatically lose when time's up. (requested by p0x14118080)\n|\n|t:|1783556436\n|move|p1a: Leavanny|Sticky Web|p2a: Flareon\n|-sidestart|p2: p0y14110933|move: Sticky Web\n|move|p2a: Flareon|Flare Blitz|p1a: Leavanny\n|-supereffective|p1a: Leavanny\n|-damage|p1a: Leavanny|0 fnt\n|faint|p1a: Leavanny\n|-damage|p2a: Flareon|67/100|[from] Recoil\n|\n|-status|p2a: Flareon|tox|[from] item: Toxic Orb\n|upkeep\n|inactive|Time left: 300 sec this turn | 300 sec total | 65 sec grace\n|inactive|p0y14110933 also wants the timer to be on.\n|\n|t:|1783556437\n|switch|p1a: Garchomp|Garchomp, L74, F|282/282\n|turn|2\n|inactive|Time left: 300 sec this turn | 300 sec total\n|\n|t:|1783556439\n|-terastallize|p2a: Flareon|Normal\n|move|p1a: Garchomp|Earthquake|p2a: Flareon\n|-damage|p2a: Flareon|21/100 tox\n|move|p2a: Flareon|Facade|p1a: Garchomp\n|-damage|p1a: Garchomp|0 fnt\n|-damage|p2a: Flareon|8/100 tox|[from] ability: Rough Skin|[of] p1a: Garchomp\n|-damage|p2a: Flareon|0 fnt|[from] item: Rocky Helmet|[of] p1a: Garchomp\n|faint|p1a: Garchomp\n|faint|p2a: Flareon\n|\n|upkeep\n|inactive|Time left: 300 sec this turn | 300 sec total | 5 sec grace\n|\n|t:|1783556440\n|switch|p1a: Vivillon|Vivillon-Sun, L83, F|268/268\n|switch|p2a: Baxcalibur|Baxcalibur, L75, F|100/100\n|turn|3\n|inactive|Time left: 300 sec this turn | 300 sec total\n|\n|t:|1783556441\n|move|p1a: Vivillon|Sleep Powder|p2a: Baxcalibur\n|-status|p2a: Baxcalibur|slp|[from] move: Sleep Powder\n|cant|p2a: Baxcalibur|slp\n|\n|upkeep\n|turn|4\n|inactive|Time left: 300 sec this turn | 300 sec total\n|\n|t:|1783556442\n|move|p1a: Vivillon|Hurricane|p2a: Baxcalibur\n|-damage|p2a: Baxcalibur|56/100 slp\n|-curestatus|p2a: Baxcalibur|slp|[msg]\n|move|p2a: Baxcalibur|Icicle Crash|p1a: Vivillon|[miss]\n|-miss|p2a: Baxcalibur|p1a: Vivillon\n|\n|upkeep\n|turn|5\n|inactive|Time left: 300 sec this turn | 300 sec total\n|\n|t:|1783556443\n|move|p1a: Vivillon|Sleep Powder|p2a: Baxcalibur\n|-status|p2a: Baxcalibur|slp|[from] move: Sleep Powder\n|cant|p2a: Baxcalibur|slp\n|\n|upkeep\n|turn|6\n|inactive|Time left: 300 sec this turn | 300 sec total\n|\n|t:|1783556444\n|move|p1a: Vivillon|Quiver Dance|p1a: Vivillon\n|-boost|p1a: Vivillon|spa|1\n|-boost|p1a: Vivillon|spd|1\n|-boost|p1a: Vivillon|spe|1\n|-curestatus|p2a: Baxcalibur|slp|[msg]\n|move|p2a: Baxcalibur|Icicle Crash|p1a: Vivillon\n|-supereffective|p1a: Vivillon\n|-damage|p1a: Vivillon|0 fnt\n|faint|p1a: Vivillon\n|\n|upkeep\n|inactive|Time left: 300 sec this turn | 300 sec total | 5 sec grace\n|\n|t:|1783556445\n|switch|p1a: Greedent|Greedent, L86, F|347/347\n|turn|7\n|inactive|Time left: 300 sec this turn | 300 sec total\n|\n|t:|1783556447\n|move|p2a: Baxcalibur|Icicle Crash|p1a: Greedent\n|-damage|p1a: Greedent|251/347\n|cant|p1a: Greedent|flinch\n|\n|upkeep\n|turn|8\n|inactive|Time left: 300 sec this turn | 300 sec total\n|\n|t:|1783556447\n|move|p2a: Baxcalibur|Icicle Crash|p1a: Greedent\n|-damage|p1a: Greedent|152/347\n|-enditem|p1a: Greedent|Sitrus Berry|[eat]\n|-heal|p1a: Greedent|238/347|[from] item: Sitrus Berry\n|-heal|p1a: Greedent|347/347|[from] ability: Cheek Pouch\n|move|p1a: Greedent|Swords Dance|p1a: Greedent\n|-boost|p1a: Greedent|atk|2\n|\n|upkeep\n|turn|9\n|inactive|Time left: 300 sec this turn | 300 sec total\n|\n|t:|1783556448\n|move|p2a: Baxcalibur|Glaive Rush|p1a: Greedent\n|-damage|p1a: Greedent|209/347\n|-singlemove|p2a: Baxcalibur|Glaive Rush|[silent]\n|move|p1a: Greedent|Body Slam|p2a: Baxcalibur\n|-damage|p2a: Baxcalibur|0 fnt\n|faint|p2a: Baxcalibur\n|\n|upkeep\n|\n|t:|1783556449\n|switch|p2a: Pawmot|Pawmot, L80, F|100/100\n|-activate|p2a: Pawmot|move: Sticky Web\n|-unboost|p2a: Pawmot|spe|1\n|turn|10\n|inactive|Time left: 300 sec this turn | 300 sec total\n|\n|t:|1783556450\n|-terastallize|p1a: Greedent|Ghost\n|move|p2a: Pawmot|Close Combat|p1a: Greedent\n|-immune|p1a: Greedent\n|move|p1a: Greedent|Body Slam|p2a: Pawmot\n|-damage|p2a: Pawmot|3/100\n|\n|upkeep\n|turn|11\n|inactive|Time left: 300 sec this turn | 300 sec total\n|\n|t:|1783556451\n|move|p2a: Pawmot|Double Shock|p1a: Greedent\n|-damage|p1a: Greedent|48/347\n|-start|p2a: Pawmot|typechange|???/Fighting|[from] move: Double Shock\n|-damage|p2a: Pawmot|0 fnt|[from] item: Life Orb\n|faint|p2a: Pawmot\n|move|p1a: Greedent|Swords Dance|p1a: Greedent\n|-boost|p1a: Greedent|atk|2\n|\n|upkeep\n|\n|t:|1783556452\n|switch|p2a: Lokix|Lokix, L82, M|100/100\n|-activate|p2a: Lokix|move: Sticky Web\n|-unboost|p2a: Lokix|spe|1\n|turn|12\n|inactive|Time left: 300 sec this turn | 300 sec total\n|\n|t:|1783556453\n|switch|p1a: Coalossal|Coalossal, L89, M|341/341\n|move|p2a: Lokix|U-turn|p1a: Coalossal\n|-resisted|p1a: Coalossal\n|-damage|p1a: Coalossal|273/341\n|-status|p2a: Lokix|brn|[from] ability: Flame Body|[of] p1a: Coalossal\n|\n|t:|1783556454\n|switch|p2a: Toedscruel|Toedscruel, L87, M|100/100|[from] U-turn\n|-activate|p2a: Toedscruel|move: Sticky Web\n|-unboost|p2a: Toedscruel|spe|1\n|\n|upkeep\n|turn|13\n|inactive|Time left: 300 sec this turn | 300 sec total\n|\n|t:|1783556455\n|switch|p1a: Greedent|Greedent, L86, F, tera:Ghost|48/347\n|move|p2a: Toedscruel|Earth Power|p1a: Greedent\n|-damage|p1a: Greedent|0 fnt\n|faint|p1a: Greedent\n|\n|upkeep\n|inactive|Time left: 300 sec this turn | 300 sec total | 5 sec grace\n|\n|t:|1783556456\n|switch|p1a: Milotic|Milotic, L83, M|293/293\n|turn|14\n|inactive|Time left: 300 sec this turn | 300 sec total\n|\n|t:|1783556457\n|move|p1a: Milotic|Ice Beam|p2a: Toedscruel\n|-supereffective|p2a: Toedscruel\n|-damage|p2a: Toedscruel|25/100\n|move|p2a: Toedscruel|Rapid Spin|p1a: Milotic\n|-damage|p1a: Milotic|262/293\n|-boost|p2a: Toedscruel|spe|1\n|-sideend|p2: p0y14110933|Sticky Web|[from] move: Rapid Spin|[of] p2a: Toedscruel\n|\n|-heal|p2a: Toedscruel|31/100|[from] item: Leftovers\n|-heal|p1a: Milotic|280/293|[from] item: Leftovers\n|upkeep\n|turn|15\n|inactive|Time left: 300 sec this turn | 300 sec total\n|\n|t:|1783556458\n|switch|p2a: Probopass|Probopass, L91, F|100/100\n|move|p1a: Milotic|Ice Beam|p2a: Probopass\n|-resisted|p2a: Probopass\n|-damage|p2a: Probopass|93/100\n|\n|-heal|p1a: Milotic|293/293|[from] item: Leftovers\n|-heal|p2a: Probopass|99/100|[from] item: Leftovers\n|upkeep\n|turn|16\n|inactive|Time left: 300 sec this turn | 300 sec total\n|\n|t:|1783556459\n|move|p1a: Milotic|Scald|p2a: Probopass\n|-supereffective|p2a: Probopass\n|-damage|p2a: Probopass|60/100\n|-status|p2a: Probopass|brn\n|move|p2a: Probopass|Iron Defense|p2a: Probopass\n|-boost|p2a: Probopass|def|2\n|\n|-heal|p2a: Probopass|66/100 brn|[from] item: Leftovers\n|-damage|p2a: Probopass|60/100 brn|[from] brn\n|upkeep\n|turn|17\n|inactive|Time left: 300 sec this turn | 300 sec total\n|\n|t:|1783556460\n|move|p1a: Milotic|Scald|p2a: Probopass\n|-supereffective|p2a: Probopass\n|-damage|p2a: Probopass|18/100 brn\n|move|p2a: Probopass|Thunder Wave|p1a: Milotic\n|-status|p1a: Milotic|par\n|\n|-heal|p2a: Probopass|24/100 brn|[from] item: Leftovers\n|-damage|p2a: Probopass|18/100 brn|[from] brn\n|upkeep\n|turn|18\n|inactive|Time left: 300 sec this turn | 300 sec total\n|\n|t:|1783556461\n|move|p2a: Probopass|Body Press|p1a: Milotic\n|-damage|p1a: Milotic|195/293 par\n|move|p1a: Milotic|Scald|p2a: Probopass\n|-supereffective|p2a: Probopass\n|-crit|p2a: Probopass\n|-damage|p2a: Probopass|0 fnt\n|faint|p2a: Probopass\n|\n|-heal|p1a: Milotic|213/293 par|[from] item: Leftovers\n|upkeep\n|\n|t:|1783556462\n|switch|p2a: Lokix|Lokix, L82, M|100/100 brn\n|turn|19\n|inactive|Time left: 300 sec this turn | 300 sec total\n|\n|t:|1783556463\n|move|p2a: Lokix|Knock Off|p1a: Milotic\n|-damage|p1a: Milotic|156/293 par\n|-enditem|p1a: Milotic|Leftovers|[from] move: Knock Off|[of] p2a: Lokix\n|move|p1a: Milotic|Recover|p1a: Milotic\n|-heal|p1a: Milotic|293/293 par\n|\n|-damage|p2a: Lokix|95/100 brn|[from] brn\n|upkeep\n|turn|20\n|inactive|Time left: 300 sec this turn | 300 sec total\n|\n|t:|1783556464\n|move|p2a: Lokix|Sucker Punch|p1a: Milotic\n|-damage|p1a: Milotic|255/293 par\n|move|p1a: Milotic|Ice Beam|p2a: Lokix\n|-damage|p2a: Lokix|57/100 brn\n|\n|-damage|p2a: Lokix|51/100 brn|[from] brn\n|upkeep\n|turn|21\n|inactive|Time left: 300 sec this turn | 300 sec total\n|\n|t:|1783556465\n|move|p2a: Lokix|Knock Off|p1a: Milotic\n|-damage|p1a: Milotic|219/293 par\n|move|p1a: Milotic|Ice Beam|p2a: Lokix\n|-damage|p2a: Lokix|13/100 brn\n|\n|-damage|p2a: Lokix|7/100 brn|[from] brn\n|upkeep\n|turn|22\n|inactive|Time left: 300 sec this turn | 300 sec total\n|\n|t:|1783556466\n|move|p2a: Lokix|Sucker Punch|p1a: Milotic\n|-damage|p1a: Milotic|178/293 par\n|move|p1a: Milotic|Ice Beam|p2a: Lokix\n|-damage|p2a: Lokix|0 fnt\n|faint|p2a: Lokix\n|\n|upkeep\n|\n|t:|1783556467\n|switch|p2a: Toedscruel|Toedscruel, L87, M|31/100\n|turn|23\n|inactive|Time left: 300 sec this turn | 300 sec total\n|\n|t:|1783556468\n|move|p2a: Toedscruel|Earth Power|p1a: Milotic\n|-damage|p1a: Milotic|109/293 par\n|move|p1a: Milotic|Ice Beam|p2a: Toedscruel\n|-supereffective|p2a: Toedscruel\n|-damage|p2a: Toedscruel|0 fnt\n|faint|p2a: Toedscruel\n|\n|win|p0x14118080", "uploadtime": 1783556468, "views": 0, "rating": 0, "private": 0, "password": null, "_winner": "p0x14118080", "_our_name": "p0x14118080"}