{"id": "battle-gen9randombattle-87", "formatid": "gen9randombattle", "format": "[Gen 9] Random Battle", "players": ["p0x08757fd", "p0y08737c0"], "log": "|init|battle\n|title|p0x08757fd vs. p0y08737c0\n|j|\u2606p0x08757fd\n|j|\u2606p0y08737c0\n|t:|1783534268\n|gametype|singles\n|player|p1|p0x08757fd|169|\n|player|p2|p0y08737c0|170|\n|gen|9\n|tier|[Gen 9] Random Battle\n|rule|Species Clause: Limit one of each Pok\u00e9mon\n|rule|HP Percentage Mod: HP is shown in percentages\n|rule|Sleep Clause Mod: Limit one foe put to sleep\n|rule|Illusion Level Mod: Illusion disguises the Pok\u00e9mon's true level\n|\n|t:|1783534268\n|teamsize|p1|6\n|teamsize|p2|6\n|start\n|switch|p1a: Jumpluff|Jumpluff, L87, F|100/100\n|switch|p2a: Roaring Moon|Roaring Moon, L72|270/270\n|turn|1\n|inactive|Battle timer is ON: inactive players will automatically lose when time's up. (requested by p0y08737c0)\n|inactive|p0x08757fd also wants the timer to be on.\n|\n|t:|1783534270\n|move|p1a: Jumpluff|Acrobatics|p2a: Roaring Moon\n|-damage|p2a: Roaring Moon|155/270\n|move|p2a: Roaring Moon|Dragon Dance|p2a: Roaring Moon\n|-boost|p2a: Roaring Moon|atk|1\n|-boost|p2a: Roaring Moon|spe|1\n|\n|upkeep\n|turn|2\n|inactive|Time left: 300 sec this turn | 300 sec total\n|\n|t:|1783534271\n|switch|p1a: Rhydon|Rhydon, L85, M|100/100\n|move|p2a: Roaring Moon|Outrage|p1a: Rhydon\n|-damage|p1a: Rhydon|67/100\n|\n|upkeep\n|turn|3\n|inactive|Time left: 300 sec this turn | 300 sec total\n|\n|t:|1783534271\n|move|p2a: Roaring Moon|Outrage|p1a: Rhydon|[from] lockedmove\n|-damage|p1a: Rhydon|36/100\n|move|p1a: Rhydon|Earthquake|p2a: Roaring Moon\n|-damage|p2a: Roaring Moon|0 fnt\n|faint|p2a: Roaring Moon\n|-end|p2a: Roaring Moon|Protosynthesis|[silent]\n|\n|upkeep\n|inactive|Time left: 300 sec this turn | 300 sec total | 5 sec grace\n|\n|t:|1783534272\n|switch|p2a: Meowscarada|Meowscarada, L78, F|247/247\n|turn|4\n|inactive|Time left: 300 sec this turn | 300 sec total\n|\n|t:|1783534273\n|switch|p1a: Orthworm|Orthworm, L88, M|100/100\n|move|p2a: Meowscarada|Triple Axel|p1a: Orthworm\n|-start|p2a: Meowscarada|typechange|Ice|[from] ability: Protean\n|-resisted|p1a: Orthworm\n|-damage|p1a: Orthworm|96/100\n|-resisted|p1a: Orthworm\n|-damage|p1a: Orthworm|88/100\n|-resisted|p1a: Orthworm\n|-damage|p1a: Orthworm|78/100\n|-hitcount|p1a: Orthworm|3\n|\n|upkeep\n|turn|5\n|inactive|Time left: 300 sec this turn | 300 sec total\n|\n|t:|1783534274\n|switch|p2a: Arceus|Arceus-Electric, L70|284/284\n|move|p1a: Orthworm|Coil|p1a: Orthworm\n|-boost|p1a: Orthworm|atk|1\n|-boost|p1a: Orthworm|def|1\n|-boost|p1a: Orthworm|accuracy|1\n|\n|upkeep\n|turn|6\n|inactive|Time left: 300 sec this turn | 300 sec total\n|\n|t:|1783534275\n|move|p2a: Arceus|Calm Mind|p2a: Arceus\n|-boost|p2a: Arceus|spa|1\n|-boost|p2a: Arceus|spd|1\n|move|p1a: Orthworm|Rest|p1a: Orthworm\n|-status|p1a: Orthworm|slp|[from] move: Rest\n|-heal|p1a: Orthworm|100/100 slp|[silent]\n|-enditem|p1a: Orthworm|Chesto Berry|[eat]\n|-curestatus|p1a: Orthworm|slp|[msg]\n|\n|upkeep\n|turn|7\n|inactive|Time left: 300 sec this turn | 300 sec total\n|\n|t:|1783534276\n|switch|p1a: Mamoswine|Mamoswine, L81, M|100/100\n|move|p2a: Arceus|Judgment|p1a: Mamoswine\n|-immune|p1a: Mamoswine\n|\n|upkeep\n|turn|8\n|inactive|Time left: 300 sec this turn | 300 sec total\n|\n|t:|1783534277\n|switch|p2a: Bellossom|Bellossom, L84, F|263/263\n|move|p1a: Mamoswine|Earthquake|p2a: Bellossom\n|-resisted|p2a: Bellossom\n|-damage|p2a: Bellossom|193/263\n|-damage|p1a: Mamoswine|91/100|[from] item: Life Orb\n|\n|-heal|p2a: Bellossom|209/263|[from] item: Leftovers\n|upkeep\n|turn|9\n|inactive|Time left: 300 sec this turn | 300 sec total\n|\n|t:|1783534278\n|move|p1a: Mamoswine|Icicle Crash|p2a: Bellossom|[miss]\n|-miss|p1a: Mamoswine|p2a: Bellossom\n|move|p2a: Bellossom|Giga Drain|p1a: Mamoswine\n|-supereffective|p1a: Mamoswine\n|-damage|p1a: Mamoswine|29/100\n|-heal|p2a: Bellossom|263/263|[from] drain|[of] p1a: Mamoswine\n|\n|upkeep\n|turn|10\n|inactive|Time left: 300 sec this turn | 300 sec total\n|\n|t:|1783534279\n|move|p1a: Mamoswine|Icicle Crash|p2a: Bellossom\n|-supereffective|p2a: Bellossom\n|-damage|p2a: Bellossom|0 fnt\n|faint|p2a: Bellossom\n|-damage|p1a: Mamoswine|19/100|[from] item: Life Orb\n|\n|upkeep\n|inactive|Time left: 300 sec this turn | 300 sec total | 5 sec grace\n|\n|t:|1783534280\n|switch|p2a: Tentacruel|Tentacruel, L84, F|272/272\n|turn|11\n|inactive|Time left: 300 sec this turn | 300 sec total\n|\n|t:|1783534281\n|move|p2a: Tentacruel|Surf|p1a: Mamoswine\n|-supereffective|p1a: Mamoswine\n|-damage|p1a: Mamoswine|0 fnt\n|faint|p1a: Mamoswine\n|\n|upkeep\n|\n|t:|1783534282\n|switch|p1a: Latias|Latias, L79, F|100/100\n|turn|12\n|inactive|Time left: 300 sec this turn | 300 sec total\n|\n|t:|1783534283\n|switch|p2a: Meowscarada|Meowscarada, L78, F|247/247\n|move|p1a: Latias|Psyshock|p2a: Meowscarada\n|-immune|p2a: Meowscarada\n|\n|upkeep\n|turn|13\n|inactive|Time left: 300 sec this turn | 300 sec total\n|\n|t:|1783534284\n|switch|p1a: Orthworm|Orthworm, L88, M|100/100\n|move|p2a: Meowscarada|Knock Off|p1a: Orthworm\n|-start|p2a: Meowscarada|typechange|Dark|[from] ability: Protean\n|-damage|p1a: Orthworm|77/100\n|\n|upkeep\n|turn|14\n|inactive|Time left: 300 sec this turn | 300 sec total\n|\n|t:|1783534285\n|switch|p2a: Arceus|Arceus-Electric, L70|284/284\n|move|p1a: Orthworm|Coil|p1a: Orthworm\n|-boost|p1a: Orthworm|atk|1\n|-boost|p1a: Orthworm|def|1\n|-boost|p1a: Orthworm|accuracy|1\n|\n|upkeep\n|turn|15\n|inactive|Time left: 300 sec this turn | 300 sec total\n|\n|t:|1783534286\n|move|p2a: Arceus|Calm Mind|p2a: Arceus\n|-boost|p2a: Arceus|spa|1\n|-boost|p2a: Arceus|spd|1\n|move|p1a: Orthworm|Coil|p1a: Orthworm\n|-boost|p1a: Orthworm|atk|1\n|-boost|p1a: Orthworm|def|1\n|-boost|p1a: Orthworm|accuracy|1\n|\n|upkeep\n|turn|16\n|inactive|Time left: 300 sec this turn | 300 sec total\n|\n|t:|1783534288\n|-terastallize|p1a: Orthworm|Electric\n|move|p2a: Arceus|Judgment|p1a: Orthworm\n|-resisted|p1a: Orthworm\n|-damage|p1a: Orthworm|39/100\n|move|p1a: Orthworm|Body Press|p2a: Arceus\n|-damage|p2a: Arceus|123/284\n|\n|upkeep\n|turn|17\n|inactive|Time left: 300 sec this turn | 300 sec total\n|\n|t:|1783534289\n|move|p2a: Arceus|Ice Beam|p1a: Orthworm\n|-damage|p1a: Orthworm|0 fnt\n|faint|p1a: Orthworm\n|\n|upkeep\n|\n|t:|1783534290\n|switch|p1a: Latias|Latias, L79, F|100/100\n|turn|18\n|inactive|Time left: 300 sec this turn | 300 sec total\n|\n|t:|1783534291\n|move|p1a: Latias|Calm Mind|p1a: Latias\n|-boost|p1a: Latias|spa|1\n|-boost|p1a: Latias|spd|1\n|move|p2a: Arceus|Recover|p2a: Arceus\n|-heal|p2a: Arceus|265/284\n|\n|upkeep\n|turn|19\n|inactive|Time left: 300 sec this turn | 300 sec total\n|\n|t:|1783534292\n|switch|p2a: Meowscarada|Meowscarada, L78, F|247/247\n|move|p1a: Latias|Psyshock|p2a: Meowscarada\n|-immune|p2a: Meowscarada\n|\n|upkeep\n|turn|20\n|inactive|Time left: 300 sec this turn | 300 sec total\n|\n|t:|1783534293\n|switch|p1a: Rhydon|Rhydon, L85, M|36/100\n|move|p2a: Meowscarada|Triple Axel|p1a: Rhydon\n|-start|p2a: Meowscarada|typechange|Ice|[from] ability: Protean\n|-supereffective|p1a: Rhydon\n|-damage|p1a: Rhydon|24/100\n|-supereffective|p1a: Rhydon\n|-damage|p1a: Rhydon|6/100\n|-supereffective|p1a: Rhydon\n|-damage|p1a: Rhydon|0 fnt\n|faint|p1a: Rhydon\n|-hitcount|p1: Rhydon|3\n|\n|upkeep\n|\n|t:|1783534294\n|switch|p1a: Slowking|Slowking, L88, F|100/100\n|turn|21\n|inactive|Time left: 300 sec this turn | 300 sec total\n|\n|t:|1783534295\n|switch|p2a: Baxcalibur|Baxcalibur, L75, M|296/296\n|move|p1a: Slowking|Scald|p2a: Baxcalibur\n|-resisted|p2a: Baxcalibur\n|-damage|p2a: Baxcalibur|243/296\n|\n|upkeep\n|turn|22\n|inactive|Time left: 300 sec this turn | 300 sec total\n|\n|t:|1783534296\n|move|p2a: Baxcalibur|Dragon Dance|p2a: Baxcalibur\n|-boost|p2a: Baxcalibur|atk|1\n|-boost|p2a: Baxcalibur|spe|1\n|move|p1a: Slowking|Future Sight|p2a: Baxcalibur\n|-start|p1a: Slowking|move: Future Sight\n|\n|upkeep\n|turn|23\n|inactive|Time left: 300 sec this turn | 300 sec total\n|\n|t:|1783534297\n|move|p2a: Baxcalibur|Glaive Rush|p1a: Slowking\n|-damage|p1a: Slowking|28/100\n|-singlemove|p2a: Baxcalibur|Glaive Rush|[silent]\n|move|p1a: Slowking|Scald|p2a: Baxcalibur\n|-resisted|p2a: Baxcalibur\n|-damage|p2a: Baxcalibur|135/296\n|\n|upkeep\n|turn|24\n|inactive|Time left: 300 sec this turn | 300 sec total\n|\n|t:|1783534298\n|switch|p2a: Meowscarada|Meowscarada, L78, F|247/247\n|switch|p1a: Jumpluff|Jumpluff, L87, F|100/100\n|\n|-end|p2a: Meowscarada|move: Future Sight\n|-immune|p2a: Meowscarada\n|upkeep\n|turn|25\n|inactive|Time left: 300 sec this turn | 300 sec total\n|\n|t:|1783534300\n|move|p1a: Jumpluff|Acrobatics|p2a: Meowscarada\n|-supereffective|p2a: Meowscarada\n|-damage|p2a: Meowscarada|47/247\n|move|p2a: Meowscarada|Triple Axel|p1a: Jumpluff\n|-start|p2a: Meowscarada|typechange|Ice|[from] ability: Protean\n|-supereffective|p1a: Jumpluff\n|-damage|p1a: Jumpluff|47/100\n|-supereffective|p1a: Jumpluff\n|-damage|p1a: Jumpluff|0 fnt\n|faint|p1a: Jumpluff\n|-hitcount|p1: Jumpluff|2\n|\n|upkeep\n|\n|t:|1783534301\n|switch|p1a: Slowking|Slowking, L88, F|61/100\n|turn|26\n|inactive|Time left: 300 sec this turn | 300 sec total\n|\n|t:|1783534302\n|switch|p2a: Baxcalibur|Baxcalibur, L75, M|135/296\n|move|p1a: Slowking|Future Sight|p2a: Baxcalibur\n|-start|p1a: Slowking|move: Future Sight\n|\n|upkeep\n|turn|27\n|inactive|Time left: 300 sec this turn | 300 sec total\n|\n|t:|1783534303\n|-terastallize|p2a: Baxcalibur|Dragon\n|move|p2a: Baxcalibur|Glaive Rush|p1a: Slowking\n|-damage|p1a: Slowking|0 fnt\n|-singlemove|p2a: Baxcalibur|Glaive Rush|[silent]\n|faint|p1a: Slowking\n|\n|upkeep\n|\n|t:|1783534304\n|switch|p1a: Latias|Latias, L79, F|100/100\n|turn|28\n|inactive|Time left: 300 sec this turn | 300 sec total\n|\n|t:|1783534305\n|move|p1a: Latias|Draco Meteor|p2a: Baxcalibur\n|-supereffective|p2a: Baxcalibur\n|-damage|p2a: Baxcalibur|0 fnt\n|-unboost|p1a: Latias|spa|2\n|faint|p2a: Baxcalibur\n|\n|-hint|Future Sight did not hit because the target is fainted.\n|upkeep\n|inactive|Time left: 300 sec this turn | 300 sec total | 5 sec grace\n|\n|t:|1783534306\n|switch|p2a: Meowscarada|Meowscarada, L78, F|47/247\n|turn|29\n|inactive|Time left: 300 sec this turn | 300 sec total\n|\n|t:|1783534307\n|move|p2a: Meowscarada|Knock Off|p1a: Latias\n|-start|p2a: Meowscarada|typechange|Dark|[from] ability: Protean\n|-supereffective|p1a: Latias\n|-damage|p1a: Latias|0 fnt\n|-enditem|p1a: Latias|Soul Dew|[from] move: Knock Off|[of] p2a: Meowscarada\n|faint|p1a: Latias\n|\n|win|p0y08737c0", "uploadtime": 1783534307, "views": 0, "rating": 0, "private": 0, "password": null, "_winner": "p0y08737c0", "_our_name": "p0y08737c0"}