{"id": "battle-gen9randombattle-1111", "formatid": "gen9randombattle", "format": "[Gen 9] Random Battle", "players": ["p0x11119882", "p0y1111e0bd"], "log": "|init|battle\n|title|p0x11119882 vs. p0y1111e0bd\n|j|\u2606p0x11119882\n|j|\u2606p0y1111e0bd\n|t:|1783552044\n|gametype|singles\n|player|p1|p0x11119882|169|\n|player|p2|p0y1111e0bd|170|\n|gen|9\n|tier|[Gen 9] Random Battle\n|rule|Species Clause: Limit one of each Pok\u00e9mon\n|rule|HP Percentage Mod: HP is shown in percentages\n|rule|Sleep Clause Mod: Limit one foe put to sleep\n|rule|Illusion Level Mod: Illusion disguises the Pok\u00e9mon's true level\n|\n|t:|1783552044\n|teamsize|p1|6\n|teamsize|p2|6\n|start\n|switch|p1a: Arceus|Arceus-Fire, L72|291/291\n|switch|p2a: Armarouge|Armarouge, L80, M|100/100\n|turn|1\n|inactive|Battle timer is ON: inactive players will automatically lose when time's up. (requested by p0y1111e0bd)\n|inactive|Time left: 300 sec this turn | 300 sec total | 60 sec grace\n|inactive|p0x11119882 also wants the timer to be on.\n|\n|t:|1783552045\n|move|p1a: Arceus|Swords Dance|p1a: Arceus\n|-boost|p1a: Arceus|atk|2\n|move|p2a: Armarouge|Armor Cannon|p1a: Arceus\n|-resisted|p1a: Arceus\n|-crit|p1a: Arceus\n|-damage|p1a: Arceus|150/291\n|-unboost|p2a: Armarouge|def|1\n|-unboost|p2a: Armarouge|spd|1\n|\n|upkeep\n|turn|2\n|inactive|Time left: 300 sec this turn | 300 sec total\n|\n|t:|1783552047\n|switch|p2a: Kingdra|Kingdra, L84, M|100/100\n|move|p1a: Arceus|Earthquake|p2a: Kingdra\n|-damage|p2a: Kingdra|55/100\n|\n|upkeep\n|turn|3\n|inactive|Time left: 300 sec this turn | 300 sec total\n|\n|t:|1783552048\n|move|p1a: Arceus|Earthquake|p2a: Kingdra\n|-damage|p2a: Kingdra|12/100\n|move|p2a: Kingdra|Wave Crash|p1a: Arceus\n|-supereffective|p1a: Arceus\n|-damage|p1a: Arceus|0 fnt\n|faint|p1a: Arceus\n|-damage|p2a: Kingdra|0 fnt|[from] Recoil\n|faint|p2a: Kingdra\n|\n|upkeep\n|inactive|Time left: 300 sec this turn | 300 sec total | 5 sec grace\n|\n|t:|1783552048\n|switch|p1a: Espathra|Espathra, L80, M|283/283\n|switch|p2a: Armarouge|Armarouge, L80, M|100/100\n|turn|4\n|inactive|Time left: 300 sec this turn | 300 sec total\n|\n|t:|1783552049\n|move|p1a: Espathra|Calm Mind|p1a: Espathra\n|-boost|p1a: Espathra|spa|1\n|-boost|p1a: Espathra|spd|1\n|move|p2a: Armarouge|Armor Cannon|p1a: Espathra\n|-damage|p1a: Espathra|102/283\n|-unboost|p2a: Armarouge|def|1\n|-unboost|p2a: Armarouge|spd|1\n|\n|-heal|p1a: Espathra|119/283|[from] item: Leftovers\n|-ability|p1a: Espathra|Speed Boost|boost\n|-boost|p1a: Espathra|spe|1\n|upkeep\n|turn|5\n|inactive|Time left: 300 sec this turn | 300 sec total\n|\n|t:|1783552050\n|move|p1a: Espathra|Protect|p1a: Espathra\n|-singleturn|p1a: Espathra|Protect\n|move|p2a: Armarouge|Armor Cannon|p1a: Espathra\n|-activate|p1a: Espathra|move: Protect\n|\n|-heal|p1a: Espathra|136/283|[from] item: Leftovers\n|-ability|p1a: Espathra|Speed Boost|boost\n|-boost|p1a: Espathra|spe|1\n|upkeep\n|turn|6\n|inactive|Time left: 300 sec this turn | 300 sec total\n|\n|t:|1783552051\n|move|p1a: Espathra|Calm Mind|p1a: Espathra\n|-boost|p1a: Espathra|spa|1\n|-boost|p1a: Espathra|spd|1\n|move|p2a: Armarouge|Armor Cannon|p1a: Espathra\n|-damage|p1a: Espathra|0 fnt\n|-unboost|p2a: Armarouge|def|1\n|-unboost|p2a: Armarouge|spd|1\n|faint|p1a: Espathra\n|\n|upkeep\n|inactive|Time left: 300 sec this turn | 300 sec total | 5 sec grace\n|\n|t:|1783552052\n|switch|p1a: Brambleghast|Brambleghast, L88, M|240/240\n|turn|7\n|inactive|Time left: 300 sec this turn | 300 sec total\n|\n|t:|1783552053\n|switch|p2a: Arboliva|Arboliva, L91, F|100/100\n|move|p1a: Brambleghast|Poltergeist|p2a: Arboliva\n|-immune|p2a: Arboliva\n|\n|upkeep\n|turn|8\n|inactive|Time left: 300 sec this turn | 300 sec total\n|\n|t:|1783552054\n|switch|p2a: Armarouge|Armarouge, L80, M|100/100\n|move|p1a: Brambleghast|Poltergeist|p2a: Armarouge|[miss]\n|-miss|p1a: Brambleghast|p2a: Armarouge\n|\n|upkeep\n|turn|9\n|inactive|Time left: 300 sec this turn | 300 sec total\n|\n|t:|1783552054\n|-terastallize|p2a: Armarouge|Fire\n|move|p1a: Brambleghast|Poltergeist|p2a: Armarouge\n|-activate|p2a: Armarouge|move: Poltergeist|Choice Specs\n|-damage|p2a: Armarouge|44/100\n|-ability|p2a: Armarouge|Weak Armor|boost\n|-unboost|p2a: Armarouge|def|1\n|-boost|p2a: Armarouge|spe|2\n|move|p2a: Armarouge|Armor Cannon|p1a: Brambleghast\n|-supereffective|p1a: Brambleghast\n|-damage|p1a: Brambleghast|0 fnt\n|-unboost|p2a: Armarouge|def|1\n|-unboost|p2a: Armarouge|spd|1\n|faint|p1a: Brambleghast\n|\n|upkeep\n|inactive|Time left: 300 sec this turn | 300 sec total | 5 sec grace\n|\n|t:|1783552055\n|switch|p1a: Iron Bundle|Iron Bundle, L78|215/215\n|turn|10\n|inactive|Time left: 300 sec this turn | 300 sec total\n|\n|t:|1783552056\n|-terastallize|p1a: Iron Bundle|Water\n|move|p2a: Armarouge|Armor Cannon|p1a: Iron Bundle\n|-resisted|p1a: Iron Bundle\n|-damage|p1a: Iron Bundle|2/215\n|-unboost|p2a: Armarouge|def|1\n|-unboost|p2a: Armarouge|spd|1\n|move|p1a: Iron Bundle|Hydro Pump|p2a: Armarouge\n|-supereffective|p2a: Armarouge\n|-damage|p2a: Armarouge|0 fnt\n|faint|p2a: Armarouge\n|\n|upkeep\n|\n|t:|1783552057\n|switch|p2a: Cresselia|Cresselia, L80, F|100/100\n|turn|11\n|inactive|Time left: 300 sec this turn | 300 sec total\n|\n|t:|1783552058\n|move|p1a: Iron Bundle|Ice Beam|p2a: Cresselia\n|-damage|p2a: Cresselia|76/100\n|-status|p2a: Cresselia|frz\n|cant|p2a: Cresselia|frz\n|\n|-heal|p2a: Cresselia|83/100 frz|[from] item: Leftovers\n|upkeep\n|turn|12\n|inactive|Time left: 300 sec this turn | 300 sec total\n|\n|t:|1783552059\n|move|p1a: Iron Bundle|Ice Beam|p2a: Cresselia\n|-damage|p2a: Cresselia|55/100 frz\n|cant|p2a: Cresselia|frz\n|\n|-heal|p2a: Cresselia|61/100 frz|[from] item: Leftovers\n|upkeep\n|turn|13\n|inactive|Time left: 300 sec this turn | 300 sec total\n|\n|t:|1783552060\n|move|p1a: Iron Bundle|Hydro Pump|p2a: Cresselia|[miss]\n|-miss|p1a: Iron Bundle|p2a: Cresselia\n|cant|p2a: Cresselia|frz\n|\n|-heal|p2a: Cresselia|67/100 frz|[from] item: Leftovers\n|upkeep\n|turn|14\n|inactive|Time left: 300 sec this turn | 300 sec total\n|\n|t:|1783552061\n|move|p1a: Iron Bundle|Ice Beam|p2a: Cresselia\n|-damage|p2a: Cresselia|42/100 frz\n|cant|p2a: Cresselia|frz\n|\n|-heal|p2a: Cresselia|48/100 frz|[from] item: Leftovers\n|upkeep\n|turn|15\n|inactive|Time left: 300 sec this turn | 300 sec total\n|\n|t:|1783552062\n|move|p1a: Iron Bundle|Hydro Pump|p2a: Cresselia\n|-damage|p2a: Cresselia|2/100 frz\n|cant|p2a: Cresselia|frz\n|\n|-heal|p2a: Cresselia|8/100 frz|[from] item: Leftovers\n|upkeep\n|turn|16\n|inactive|Time left: 300 sec this turn | 300 sec total\n|\n|t:|1783552063\n|switch|p2a: Snorlax|Snorlax, L82, M|100/100\n|move|p1a: Iron Bundle|Ice Beam|p2a: Snorlax\n|-damage|p2a: Snorlax|88/100\n|\n|-heal|p2a: Snorlax|94/100|[from] item: Leftovers\n|upkeep\n|turn|17\n|inactive|Time left: 300 sec this turn | 300 sec total\n|\n|t:|1783552065\n|move|p1a: Iron Bundle|Hydro Pump|p2a: Snorlax\n|-damage|p2a: Snorlax|61/100\n|move|p2a: Snorlax|Body Slam|p1a: Iron Bundle\n|-damage|p1a: Iron Bundle|0 fnt\n|faint|p1a: Iron Bundle\n|-end|p1a: Iron Bundle|Quark Drive|[silent]\n|\n|-heal|p2a: Snorlax|67/100|[from] item: Leftovers\n|upkeep\n|inactive|Time left: 300 sec this turn | 300 sec total | 5 sec grace\n|\n|t:|1783552066\n|switch|p1a: Cloyster|Cloyster, L80, F|211/211\n|turn|18\n|inactive|Time left: 300 sec this turn | 300 sec total\n|\n|t:|1783552067\n|switch|p2a: Arboliva|Arboliva, L91, F|100/100\n|move|p1a: Cloyster|Shell Smash|p1a: Cloyster\n|-unboost|p1a: Cloyster|def|1\n|-unboost|p1a: Cloyster|spd|1\n|-boost|p1a: Cloyster|atk|2\n|-boost|p1a: Cloyster|spa|2\n|-boost|p1a: Cloyster|spe|2\n|-enditem|p1a: Cloyster|White Herb\n|-clearnegativeboost|p1a: Cloyster|[silent]\n|\n|upkeep\n|turn|19\n|inactive|Time left: 300 sec this turn | 300 sec total\n|\n|t:|1783552068\n|switch|p2a: Cresselia|Cresselia, L80, F|8/100 frz\n|move|p1a: Cloyster|Icicle Spear|p2a: Cresselia\n|-damage|p2a: Cresselia|0 fnt\n|faint|p2a: Cresselia\n|-hitcount|p2: Cresselia|1\n|\n|upkeep\n|\n|t:|1783552069\n|switch|p2a: Snorlax|Snorlax, L82, M|67/100\n|turn|20\n|inactive|Time left: 300 sec this turn | 300 sec total\n|\n|t:|1783552069\n|move|p1a: Cloyster|Shell Smash|p1a: Cloyster\n|-unboost|p1a: Cloyster|def|1\n|-unboost|p1a: Cloyster|spd|1\n|-boost|p1a: Cloyster|atk|2\n|-boost|p1a: Cloyster|spa|2\n|-boost|p1a: Cloyster|spe|2\n|move|p2a: Snorlax|Body Slam|p1a: Cloyster\n|-damage|p1a: Cloyster|126/211\n|-status|p1a: Cloyster|par\n|\n|-heal|p2a: Snorlax|73/100|[from] item: Leftovers\n|upkeep\n|turn|21\n|inactive|Time left: 300 sec this turn | 300 sec total\n|\n|t:|1783552070\n|move|p1a: Cloyster|Rock Blast|p2a: Snorlax\n|-damage|p2a: Snorlax|58/100\n|-damage|p2a: Snorlax|43/100\n|-damage|p2a: Snorlax|28/100\n|-damage|p2a: Snorlax|13/100\n|-damage|p2a: Snorlax|0 fnt\n|faint|p2a: Snorlax\n|-hitcount|p2: Snorlax|5\n|\n|upkeep\n|\n|t:|1783552071\n|switch|p2a: Floatzel|Floatzel, L86, F|100/100\n|turn|22\n|inactive|Time left: 300 sec this turn | 300 sec total\n|\n|t:|1783552072\n|move|p2a: Floatzel|Bulk Up|p2a: Floatzel\n|-boost|p2a: Floatzel|atk|1\n|-boost|p2a: Floatzel|def|1\n|move|p1a: Cloyster|Rock Blast|p2a: Floatzel\n|-damage|p2a: Floatzel|84/100\n|-damage|p2a: Floatzel|68/100\n|-damage|p2a: Floatzel|53/100\n|-damage|p2a: Floatzel|39/100\n|-damage|p2a: Floatzel|23/100\n|-hitcount|p2a: Floatzel|5\n|\n|-heal|p2a: Floatzel|29/100|[from] item: Leftovers\n|upkeep\n|turn|23\n|inactive|Time left: 300 sec this turn | 300 sec total\n|\n|t:|1783552073\n|move|p2a: Floatzel|Wave Crash|p1a: Cloyster\n|-resisted|p1a: Cloyster\n|-damage|p1a: Cloyster|27/211 par\n|-damage|p2a: Floatzel|18/100|[from] Recoil\n|cant|p1a: Cloyster|par\n|\n|-heal|p2a: Floatzel|24/100|[from] item: Leftovers\n|upkeep\n|turn|24\n|inactive|Time left: 300 sec this turn | 300 sec total\n|\n|t:|1783552074\n|move|p2a: Floatzel|Wave Crash|p1a: Cloyster\n|-resisted|p1a: Cloyster\n|-damage|p1a: Cloyster|0 fnt\n|faint|p1a: Cloyster\n|-damage|p2a: Floatzel|20/100|[from] Recoil\n|\n|-heal|p2a: Floatzel|26/100|[from] item: Leftovers\n|upkeep\n|inactive|Time left: 300 sec this turn | 300 sec total | 5 sec grace\n|\n|t:|1783552075\n|switch|p1a: Decidueye|Decidueye-Hisui, L87, M|295/295\n|turn|25\n|inactive|Time left: 300 sec this turn | 300 sec total\n|\n|t:|1783552076\n|move|p2a: Floatzel|Ice Spinner|p1a: Decidueye\n|-supereffective|p1a: Decidueye\n|-damage|p1a: Decidueye|99/295\n|move|p1a: Decidueye|Triple Arrows|p2a: Floatzel\n|-damage|p2a: Floatzel|0 fnt\n|faint|p2a: Floatzel\n|\n|-heal|p1a: Decidueye|117/295|[from] item: Leftovers\n|upkeep\n|\n|t:|1783552077\n|switch|p2a: Arboliva|Arboliva, L91, F|100/100\n|turn|26\n|inactive|Time left: 300 sec this turn | 300 sec total\n|\n|t:|1783552079\n|move|p1a: Decidueye|Roost|p1a: Decidueye\n|-heal|p1a: Decidueye|265/295\n|-singleturn|p1a: Decidueye|move: Roost\n|move|p2a: Arboliva|Substitute|p2a: Arboliva\n|-start|p2a: Arboliva|Substitute\n|-damage|p2a: Arboliva|75/100\n|\n|-heal|p1a: Decidueye|283/295|[from] item: Leftovers\n|upkeep\n|turn|27\n|inactive|Time left: 300 sec this turn | 300 sec total\n|\n|t:|1783552080\n|move|p1a: Decidueye|Triple Arrows|p2a: Arboliva\n|-supereffective|p2a: Arboliva\n|-end|p2a: Arboliva|Substitute\n|move|p2a: Arboliva|Substitute|p2a: Arboliva\n|-start|p2a: Arboliva|Substitute\n|-damage|p2a: Arboliva|50/100\n|-enditem|p2a: Arboliva|Sitrus Berry|[eat]\n|-heal|p2a: Arboliva|75/100|[from] item: Sitrus Berry\n|\n|-heal|p1a: Decidueye|295/295|[from] item: Leftovers\n|-item|p2a: Arboliva|Sitrus Berry|[from] ability: Harvest\n|upkeep\n|turn|28\n|inactive|Time left: 300 sec this turn | 300 sec total\n|\n|t:|1783552081\n|move|p1a: Decidueye|Triple Arrows|p2a: Arboliva\n|-supereffective|p2a: Arboliva\n|-end|p2a: Arboliva|Substitute\n|move|p2a: Arboliva|Substitute|p2a: Arboliva\n|-start|p2a: Arboliva|Substitute\n|-damage|p2a: Arboliva|50/100\n|-enditem|p2a: Arboliva|Sitrus Berry|[eat]\n|-heal|p2a: Arboliva|75/100|[from] item: Sitrus Berry\n|\n|upkeep\n|turn|29\n|inactive|Time left: 300 sec this turn | 300 sec total\n|\n|t:|1783552082\n|move|p2a: Arboliva|Protect|p2a: Arboliva\n|-singleturn|p2a: Arboliva|Protect\n|move|p1a: Decidueye|Triple Arrows|p2a: Arboliva\n|-activate|p2a: Arboliva|move: Protect\n|\n|upkeep\n|turn|30\n|inactive|Time left: 300 sec this turn | 300 sec total\n|\n|t:|1783552083\n|move|p1a: Decidueye|Triple Arrows|p2a: Arboliva\n|-supereffective|p2a: Arboliva\n|-end|p2a: Arboliva|Substitute\n|move|p2a: Arboliva|Substitute|p2a: Arboliva\n|-start|p2a: Arboliva|Substitute\n|-damage|p2a: Arboliva|50/100\n|\n|upkeep\n|turn|31\n|inactive|Time left: 300 sec this turn | 300 sec total\n|\n|t:|1783552084\n|move|p2a: Arboliva|Protect|p2a: Arboliva\n|-singleturn|p2a: Arboliva|Protect\n|move|p1a: Decidueye|Triple Arrows|p2a: Arboliva\n|-activate|p2a: Arboliva|move: Protect\n|\n|upkeep\n|turn|32\n|inactive|Time left: 300 sec this turn | 300 sec total\n|\n|t:|1783552085\n|move|p1a: Decidueye|Triple Arrows|p2a: Arboliva\n|-supereffective|p2a: Arboliva\n|-end|p2a: Arboliva|Substitute\n|move|p2a: Arboliva|Substitute|p2a: Arboliva\n|-start|p2a: Arboliva|Substitute\n|-damage|p2a: Arboliva|25/100\n|\n|upkeep\n|turn|33\n|inactive|Time left: 300 sec this turn | 300 sec total\n|\n|t:|1783552085\n|move|p2a: Arboliva|Protect|p2a: Arboliva\n|-singleturn|p2a: Arboliva|Protect\n|move|p1a: Decidueye|Triple Arrows|p2a: Arboliva\n|-activate|p2a: Arboliva|move: Protect\n|\n|-item|p2a: Arboliva|Sitrus Berry|[from] ability: Harvest\n|upkeep\n|-enditem|p2a: Arboliva|Sitrus Berry|[eat]\n|-heal|p2a: Arboliva|50/100|[from] item: Sitrus Berry\n|turn|34\n|inactive|Time left: 300 sec this turn | 300 sec total\n|\n|t:|1783552086\n|move|p1a: Decidueye|Triple Arrows|p2a: Arboliva\n|-supereffective|p2a: Arboliva\n|-end|p2a: Arboliva|Substitute\n|move|p2a: Arboliva|Substitute|p2a: Arboliva\n|-start|p2a: Arboliva|Substitute\n|-damage|p2a: Arboliva|25/100\n|\n|-item|p2a: Arboliva|Sitrus Berry|[from] ability: Harvest\n|upkeep\n|-enditem|p2a: Arboliva|Sitrus Berry|[eat]\n|-heal|p2a: Arboliva|50/100|[from] item: Sitrus Berry\n|turn|35\n|inactive|Time left: 300 sec this turn | 300 sec total\n|\n|t:|1783552087\n|move|p2a: Arboliva|Protect|p2a: Arboliva\n|-singleturn|p2a: Arboliva|Protect\n|move|p1a: Decidueye|Triple Arrows|p2a: Arboliva\n|-activate|p2a: Arboliva|move: Protect\n|\n|upkeep\n|turn|36\n|inactive|Time left: 300 sec this turn | 300 sec total\n|\n|t:|1783552088\n|move|p1a: Decidueye|Triple Arrows|p2a: Arboliva\n|-supereffective|p2a: Arboliva\n|-end|p2a: Arboliva|Substitute\n|move|p2a: Arboliva|Substitute|p2a: Arboliva\n|-start|p2a: Arboliva|Substitute\n|-damage|p2a: Arboliva|25/100\n|\n|upkeep\n|turn|37\n|inactive|Time left: 300 sec this turn | 300 sec total\n|\n|t:|1783552089\n|move|p2a: Arboliva|Protect|p2a: Arboliva\n|-singleturn|p2a: Arboliva|Protect\n|move|p1a: Decidueye|Triple Arrows|p2a: Arboliva\n|-activate|p2a: Arboliva|move: Protect\n|\n|-item|p2a: Arboliva|Sitrus Berry|[from] ability: Harvest\n|upkeep\n|-enditem|p2a: Arboliva|Sitrus Berry|[eat]\n|-heal|p2a: Arboliva|50/100|[from] item: Sitrus Berry\n|turn|38\n|inactive|Time left: 300 sec this turn | 300 sec total\n|\n|t:|1783552090\n|move|p1a: Decidueye|Triple Arrows|p2a: Arboliva\n|-supereffective|p2a: Arboliva\n|-end|p2a: Arboliva|Substitute\n|move|p2a: Arboliva|Substitute|p2a: Arboliva\n|-start|p2a: Arboliva|Substitute\n|-damage|p2a: Arboliva|25/100\n|\n|-item|p2a: Arboliva|Sitrus Berry|[from] ability: Harvest\n|upkeep\n|-enditem|p2a: Arboliva|Sitrus Berry|[eat]\n|-heal|p2a: Arboliva|50/100|[from] item: Sitrus Berry\n|turn|39\n|inactive|Time left: 300 sec this turn | 300 sec total\n|\n|t:|1783552091\n|move|p2a: Arboliva|Protect|p2a: Arboliva\n|-singleturn|p2a: Arboliva|Protect\n|move|p1a: Decidueye|Triple Arrows|p2a: Arboliva\n|-activate|p2a: Arboliva|move: Protect\n|\n|upkeep\n|turn|40\n|inactive|Time left: 300 sec this turn | 300 sec total\n|\n|t:|1783552091\n|move|p2a: Arboliva|Protect||[still]\n|-fail|p2a: Arboliva\n|move|p1a: Decidueye|Triple Arrows|p2a: Arboliva\n|-supereffective|p2a: Arboliva\n|-end|p2a: Arboliva|Substitute\n|\n|upkeep\n|turn|41\n|inactive|Time left: 300 sec this turn | 300 sec total\n|\n|t:|1783552093\n|move|p2a: Arboliva|Protect|p2a: Arboliva\n|-singleturn|p2a: Arboliva|Protect\n|move|p1a: Decidueye|Leaf Blade|p2a: Arboliva\n|-activate|p2a: Arboliva|move: Protect\n|\n|-item|p2a: Arboliva|Sitrus Berry|[from] ability: Harvest\n|upkeep\n|-enditem|p2a: Arboliva|Sitrus Berry|[eat]\n|-heal|p2a: Arboliva|75/100|[from] item: Sitrus Berry\n|turn|42\n|inactive|Time left: 300 sec this turn | 300 sec total\n|\n|t:|1783552093\n|move|p2a: Arboliva|Protect||[still]\n|-fail|p2a: Arboliva\n|move|p1a: Decidueye|Triple Arrows|p2a: Arboliva\n|-supereffective|p2a: Arboliva\n|-damage|p2a: Arboliva|7/100\n|\n|-item|p2a: Arboliva|Sitrus Berry|[from] ability: Harvest\n|upkeep\n|-enditem|p2a: Arboliva|Sitrus Berry|[eat]\n|-heal|p2a: Arboliva|32/100|[from] item: Sitrus Berry\n|turn|43\n|inactive|Time left: 300 sec this turn | 300 sec total\n|\n|t:|1783552094\n|move|p2a: Arboliva|Protect|p2a: Arboliva\n|-singleturn|p2a: Arboliva|Protect\n|move|p1a: Decidueye|Leaf Blade|p2a: Arboliva\n|-activate|p2a: Arboliva|move: Protect\n|\n|-item|p2a: Arboliva|Sitrus Berry|[from] ability: Harvest\n|upkeep\n|-enditem|p2a: Arboliva|Sitrus Berry|[eat]\n|-heal|p2a: Arboliva|57/100|[from] item: Sitrus Berry\n|turn|44\n|inactive|Time left: 300 sec this turn | 300 sec total\n|\n|t:|1783552095\n|move|p1a: Decidueye|Leaf Blade|p2a: Arboliva\n|-resisted|p2a: Arboliva\n|-crit|p2a: Arboliva\n|-damage|p2a: Arboliva|28/100\n|move|p2a: Arboliva|Substitute|p2a: Arboliva\n|-start|p2a: Arboliva|Substitute\n|-damage|p2a: Arboliva|3/100\n|\n|upkeep\n|turn|45\n|inactive|Time left: 300 sec this turn | 300 sec total\n|\n|t:|1783552096\n|move|p2a: Arboliva|Protect|p2a: Arboliva\n|-singleturn|p2a: Arboliva|Protect\n|move|p1a: Decidueye|Leaf Blade|p2a: Arboliva\n|-activate|p2a: Arboliva|move: Protect\n|\n|-item|p2a: Arboliva|Sitrus Berry|[from] ability: Harvest\n|upkeep\n|-enditem|p2a: Arboliva|Sitrus Berry|[eat]\n|-heal|p2a: Arboliva|28/100|[from] item: Sitrus Berry\n|turn|46\n|inactive|Time left: 300 sec this turn | 300 sec total\n|\n|t:|1783552097\n|move|p1a: Decidueye|Leaf Blade|p2a: Arboliva\n|-resisted|p2a: Arboliva\n|-activate|p2a: Arboliva|move: Substitute|[damage]\n|move|p2a: Arboliva|Hyper Voice|p1a: Decidueye\n|-damage|p1a: Decidueye|162/295\n|\n|-heal|p1a: Decidueye|180/295|[from] item: Leftovers\n|-item|p2a: Arboliva|Sitrus Berry|[from] ability: Harvest\n|upkeep\n|-enditem|p2a: Arboliva|Sitrus Berry|[eat]\n|-heal|p2a: Arboliva|53/100|[from] item: Sitrus Berry\n|turn|47\n|inactive|Time left: 300 sec this turn | 300 sec total\n|\n|t:|1783552099\n|move|p1a: Decidueye|Leaf Blade|p2a: Arboliva\n|-resisted|p2a: Arboliva\n|-crit|p2a: Arboliva\n|-end|p2a: Arboliva|Substitute\n|move|p2a: Arboliva|Hyper Voice|p1a: Decidueye\n|-damage|p1a: Decidueye|65/295\n|\n|-heal|p1a: Decidueye|83/295|[from] item: Leftovers\n|-item|p2a: Arboliva|Sitrus Berry|[from] ability: Harvest\n|upkeep\n|turn|48\n|inactive|Time left: 300 sec this turn | 300 sec total\n|\n|t:|1783552100\n|move|p1a: Decidueye|Roost|p1a: Decidueye\n|-heal|p1a: Decidueye|231/295\n|-singleturn|p1a: Decidueye|move: Roost\n|move|p2a: Arboliva|Hyper Voice|p1a: Decidueye\n|-damage|p1a: Decidueye|111/295\n|\n|-heal|p1a: Decidueye|129/295|[from] item: Leftovers\n|upkeep\n|turn|49\n|inactive|Time left: 300 sec this turn | 300 sec total\n|\n|t:|1783552101\n|move|p1a: Decidueye|Roost|p1a: Decidueye\n|-heal|p1a: Decidueye|277/295\n|-singleturn|p1a: Decidueye|move: Roost\n|move|p2a: Arboliva|Hyper Voice|p1a: Decidueye\n|-damage|p1a: Decidueye|159/295\n|\n|-heal|p1a: Decidueye|177/295|[from] item: Leftovers\n|upkeep\n|turn|50\n|inactive|Time left: 300 sec this turn | 300 sec total\n|\n|t:|1783552102\n|move|p1a: Decidueye|Roost|p1a: Decidueye\n|-heal|p1a: Decidueye|295/295\n|-singleturn|p1a: Decidueye|move: Roost\n|move|p2a: Arboliva|Hyper Voice|p1a: Decidueye\n|-damage|p1a: Decidueye|174/295\n|\n|-heal|p1a: Decidueye|192/295|[from] item: Leftovers\n|upkeep\n|turn|51\n|inactive|Time left: 300 sec this turn | 300 sec total\n|\n|t:|1783552103\n|move|p1a: Decidueye|Leaf Blade|p2a: Arboliva\n|-resisted|p2a: Arboliva\n|-damage|p2a: Arboliva|35/100\n|-enditem|p2a: Arboliva|Sitrus Berry|[eat]\n|-heal|p2a: Arboliva|60/100|[from] item: Sitrus Berry\n|move|p2a: Arboliva|Hyper Voice|p1a: Decidueye\n|-damage|p1a: Decidueye|59/295\n|\n|-heal|p1a: Decidueye|77/295|[from] item: Leftovers\n|upkeep\n|turn|52\n|inactive|Time left: 300 sec this turn | 300 sec total\n|\n|t:|1783552104\n|move|p1a: Decidueye|Roost|p1a: Decidueye\n|-heal|p1a: Decidueye|225/295\n|-singleturn|p1a: Decidueye|move: Roost\n|move|p2a: Arboliva|Hyper Voice|p1a: Decidueye\n|-damage|p1a: Decidueye|96/295\n|\n|-heal|p1a: Decidueye|114/295|[from] item: Leftovers\n|upkeep\n|turn|53\n|inactive|Time left: 300 sec this turn | 300 sec total\n|\n|t:|1783552105\n|move|p1a: Decidueye|Roost|p1a: Decidueye\n|-heal|p1a: Decidueye|262/295\n|-singleturn|p1a: Decidueye|move: Roost\n|move|p2a: Arboliva|Hyper Voice|p1a: Decidueye\n|-damage|p1a: Decidueye|138/295\n|\n|-heal|p1a: Decidueye|156/295|[from] item: Leftovers\n|upkeep\n|turn|54\n|inactive|Time left: 300 sec this turn | 300 sec total\n|\n|t:|1783552106\n|move|p1a: Decidueye|Leaf Blade|p2a: Arboliva\n|-resisted|p2a: Arboliva\n|-crit|p2a: Arboliva\n|-damage|p2a: Arboliva|33/100\n|move|p2a: Arboliva|Hyper Voice|p1a: Decidueye\n|-damage|p1a: Decidueye|29/295\n|\n|-heal|p1a: Decidueye|47/295|[from] item: Leftovers\n|-item|p2a: Arboliva|Sitrus Berry|[from] ability: Harvest\n|upkeep\n|-enditem|p2a: Arboliva|Sitrus Berry|[eat]\n|-heal|p2a: Arboliva|58/100|[from] item: Sitrus Berry\n|turn|55\n|inactive|Time left: 300 sec this turn | 300 sec total\n|\n|t:|1783552107\n|move|p1a: Decidueye|Roost|p1a: Decidueye\n|-heal|p1a: Decidueye|195/295\n|-singleturn|p1a: Decidueye|move: Roost\n|move|p2a: Arboliva|Hyper Voice|p1a: Decidueye\n|-crit|p1a: Decidueye\n|-damage|p1a: Decidueye|18/295\n|\n|-heal|p1a: Decidueye|36/295|[from] item: Leftovers\n|-item|p2a: Arboliva|Sitrus Berry|[from] ability: Harvest\n|upkeep\n|turn|56\n|inactive|Time left: 300 sec this turn | 300 sec total\n|\n|t:|1783552108\n|move|p1a: Decidueye|Roost|p1a: Decidueye\n|-heal|p1a: Decidueye|184/295\n|-singleturn|p1a: Decidueye|move: Roost\n|move|p2a: Arboliva|Hyper Voice|p1a: Decidueye\n|-damage|p1a: Decidueye|60/295\n|\n|-heal|p1a: Decidueye|78/295|[from] item: Leftovers\n|upkeep\n|turn|57\n|inactive|Time left: 300 sec this turn | 300 sec total\n|\n|t:|1783552109\n|move|p1a: Decidueye|Leaf Blade|p2a: Arboliva\n|-resisted|p2a: Arboliva\n|-damage|p2a: Arboliva|41/100\n|-enditem|p2a: Arboliva|Sitrus Berry|[eat]\n|-heal|p2a: Arboliva|66/100|[from] item: Sitrus Berry\n|move|p2a: Arboliva|Hyper Voice|p1a: Decidueye\n|-damage|p1a: Decidueye|0 fnt\n|faint|p1a: Decidueye\n|\n|win|p0y1111e0bd", "uploadtime": 1783552109, "views": 0, "rating": 0, "private": 0, "password": null, "_winner": "p0y1111e0bd", "_our_name": "p0x11119882"}