{"id": "battle-gen9randombattle-900", "formatid": "gen9randombattle", "format": "[Gen 9] Random Battle", "players": ["p0x90053f1", "p0y9000702"], "log": "|init|battle\n|title|p0x90053f1 vs. p0y9000702\n|j|\u2606p0x90053f1\n|j|\u2606p0y9000702\n|t:|1783550350\n|gametype|singles\n|player|p1|p0x90053f1|2|\n|player|p2|p0y9000702|169|\n|gen|9\n|tier|[Gen 9] Random Battle\n|rule|Species Clause: Limit one of each Pok\u00e9mon\n|rule|HP Percentage Mod: HP is shown in percentages\n|rule|Sleep Clause Mod: Limit one foe put to sleep\n|rule|Illusion Level Mod: Illusion disguises the Pok\u00e9mon's true level\n|\n|t:|1783550350\n|teamsize|p1|6\n|teamsize|p2|6\n|start\n|switch|p1a: Gumshoos|Gumshoos, L95, F|100/100\n|switch|p2a: Lunala|Lunala, L70|308/308\n|turn|1\n|inactive|Battle timer is ON: inactive players will automatically lose when time's up. (requested by p0x90053f1)\n|inactive|Time left: 300 sec this turn | 300 sec total | 60 sec grace\n|inactive|p0y9000702 also wants the timer to be on.\n|\n|t:|1783550352\n|-terastallize|p2a: Lunala|Fighting\n|move|p2a: Lunala|Focus Blast|p1a: Gumshoos|[miss]\n|-miss|p2a: Lunala|p1a: Gumshoos\n|move|p1a: Gumshoos|Knock Off|p2a: Lunala\n|-resisted|p2a: Lunala\n|-damage|p2a: Lunala|263/308\n|-enditem|p2a: Lunala|Leftovers|[from] move: Knock Off|[of] p1a: Gumshoos\n|\n|upkeep\n|turn|2\n|inactive|Time left: 300 sec this turn | 300 sec total\n|\n|t:|1783550352\n|switch|p1a: Spidops|Spidops, L96, M|100/100\n|move|p2a: Lunala|Focus Blast|p1a: Spidops\n|-resisted|p1a: Spidops\n|-damage|p1a: Spidops|82/100\n|\n|upkeep\n|turn|3\n|inactive|Time left: 300 sec this turn | 300 sec total\n|\n|t:|1783550354\n|move|p2a: Lunala|Moongeist Beam|p1a: Spidops\n|-damage|p1a: Spidops|49/100\n|move|p1a: Spidops|Sticky Web|p2a: Lunala\n|-sidestart|p2: p0y9000702|move: Sticky Web\n|\n|upkeep\n|turn|4\n|inactive|Time left: 300 sec this turn | 300 sec total\n|\n|t:|1783550354\n|move|p2a: Lunala|Calm Mind|p2a: Lunala\n|-boost|p2a: Lunala|spa|1\n|-boost|p2a: Lunala|spd|1\n|move|p1a: Spidops|Circle Throw|p2a: Lunala\n|-damage|p2a: Lunala|204/308\n|drag|p2a: Noctowl|Noctowl, L95, M|344/344\n|\n|upkeep\n|turn|5\n|inactive|Time left: 300 sec this turn | 300 sec total\n|\n|t:|1783550355\n|move|p2a: Noctowl|Hurricane|p1a: Spidops|[miss]\n|-miss|p2a: Noctowl|p1a: Spidops\n|move|p1a: Spidops|U-turn|p2a: Noctowl\n|-resisted|p2a: Noctowl\n|-damage|p2a: Noctowl|293/344\n|\n|t:|1783550356\n|switch|p1a: Gumshoos|Gumshoos, L95, F|100/100|[from] U-turn\n|\n|upkeep\n|turn|6\n|inactive|Time left: 300 sec this turn | 300 sec total\n|\n|t:|1783550357\n|move|p2a: Noctowl|Hyper Voice|p1a: Gumshoos\n|-damage|p1a: Gumshoos|59/100\n|move|p1a: Gumshoos|Double-Edge|p2a: Noctowl\n|-damage|p2a: Noctowl|0 fnt\n|faint|p2a: Noctowl\n|-damage|p1a: Gumshoos|29/100|[from] Recoil\n|\n|upkeep\n|inactive|Time left: 300 sec this turn | 300 sec total | 5 sec grace\n|\n|t:|1783550358\n|switch|p2a: Forretress|Forretress, L84, F|263/263\n|-activate|p2a: Forretress|move: Sticky Web\n|-unboost|p2a: Forretress|spe|1\n|turn|7\n|inactive|Time left: 300 sec this turn | 300 sec total\n|\n|t:|1783550360\n|move|p1a: Gumshoos|Double-Edge|p2a: Forretress\n|-resisted|p2a: Forretress\n|-damage|p2a: Forretress|146/263\n|-damage|p1a: Gumshoos|17/100|[from] Recoil\n|move|p2a: Forretress|Rapid Spin|p1a: Gumshoos\n|-damage|p1a: Gumshoos|5/100\n|-boost|p2a: Forretress|spe|1\n|-sideend|p2: p0y9000702|Sticky Web|[from] move: Rapid Spin|[of] p2a: Forretress\n|\n|-heal|p2a: Forretress|162/263|[from] item: Leftovers\n|upkeep\n|turn|8\n|inactive|Time left: 300 sec this turn | 300 sec total\n|\n|t:|1783550361\n|move|p1a: Gumshoos|Double-Edge|p2a: Forretress\n|-resisted|p2a: Forretress\n|-damage|p2a: Forretress|42/263\n|-damage|p1a: Gumshoos|0 fnt|[from] Recoil\n|faint|p1a: Gumshoos\n|move|p2a: Forretress|Spikes|p1: Gumshoos\n|-sidestart|p1: p0x90053f1|Spikes\n|\n|-heal|p2a: Forretress|58/263|[from] item: Leftovers\n|upkeep\n|\n|t:|1783550362\n|switch|p1a: Veluza|Veluza, L85, M|100/100\n|-damage|p1a: Veluza|88/100|[from] Spikes\n|turn|9\n|inactive|Time left: 300 sec this turn | 300 sec total\n|\n|t:|1783550363\n|move|p1a: Veluza|Aqua Cutter|p2a: Forretress\n|-damage|p2a: Forretress|0 fnt\n|faint|p2a: Forretress\n|\n|upkeep\n|inactive|Time left: 300 sec this turn | 300 sec total | 5 sec grace\n|\n|t:|1783550364\n|switch|p2a: Kricketune|Kricketune, L99, F|312/312\n|turn|10\n|inactive|Time left: 300 sec this turn | 300 sec total\n|\n|t:|1783550365\n|move|p2a: Kricketune|Knock Off|p1a: Veluza\n|-supereffective|p1a: Veluza\n|-damage|p1a: Veluza|25/100\n|-enditem|p1a: Veluza|Choice Band|[from] move: Knock Off|[of] p2a: Kricketune\n|move|p1a: Veluza|Aqua Cutter|p2a: Kricketune\n|-damage|p2a: Kricketune|168/312\n|\n|upkeep\n|turn|11\n|inactive|Time left: 300 sec this turn | 300 sec total\n|\n|t:|1783550366\n|move|p2a: Kricketune|Pounce|p1a: Veluza\n|-supereffective|p1a: Veluza\n|-damage|p1a: Veluza|0 fnt\n|faint|p1a: Veluza\n|\n|upkeep\n|\n|t:|1783550367\n|switch|p1a: Iron Leaves|Iron Leaves, L80|100/100\n|-damage|p1a: Iron Leaves|88/100|[from] Spikes\n|turn|12\n|inactive|Time left: 300 sec this turn | 300 sec total\n|\n|t:|1783550368\n|move|p1a: Iron Leaves|Psyblade|p2a: Kricketune\n|-damage|p2a: Kricketune|0 fnt\n|faint|p2a: Kricketune\n|\n|upkeep\n|inactive|Time left: 300 sec this turn | 300 sec total | 5 sec grace\n|\n|t:|1783550369\n|switch|p2a: Donphan|Donphan, L84, F|288/288\n|turn|13\n|inactive|Time left: 300 sec this turn | 300 sec total\n|\n|t:|1783550370\n|move|p1a: Iron Leaves|Psyblade|p2a: Donphan\n|-damage|p2a: Donphan|180/288\n|move|p2a: Donphan|Knock Off|p1a: Iron Leaves\n|-supereffective|p1a: Iron Leaves\n|-damage|p1a: Iron Leaves|23/100\n|-enditem|p1a: Iron Leaves|Choice Band|[from] move: Knock Off|[of] p2a: Donphan\n|\n|-heal|p2a: Donphan|198/288|[from] item: Leftovers\n|upkeep\n|turn|14\n|inactive|Time left: 300 sec this turn | 300 sec total\n|\n|t:|1783550371\n|move|p2a: Donphan|Ice Shard|p1a: Iron Leaves\n|-supereffective|p1a: Iron Leaves\n|-damage|p1a: Iron Leaves|0 fnt\n|faint|p1a: Iron Leaves\n|-end|p1a: Iron Leaves|Quark Drive|[silent]\n|\n|-heal|p2a: Donphan|216/288|[from] item: Leftovers\n|upkeep\n|\n|t:|1783550372\n|switch|p1a: Wigglytuff|Wigglytuff, L96, M|100/100\n|-damage|p1a: Wigglytuff|88/100|[from] Spikes\n|turn|15\n|inactive|Time left: 300 sec this turn | 300 sec total\n|\n|t:|1783550373\n|move|p1a: Wigglytuff|Alluring Voice|p2a: Donphan\n|-damage|p2a: Donphan|83/288\n|move|p2a: Donphan|Earthquake|p1a: Wigglytuff\n|-damage|p1a: Wigglytuff|49/100\n|\n|-heal|p1a: Wigglytuff|55/100|[from] item: Leftovers\n|-heal|p2a: Donphan|101/288|[from] item: Leftovers\n|upkeep\n|turn|16\n|inactive|Time left: 300 sec this turn | 300 sec total\n|\n|t:|1783550375\n|move|p1a: Wigglytuff|Alluring Voice|p2a: Donphan\n|-damage|p2a: Donphan|0 fnt\n|faint|p2a: Donphan\n|\n|-heal|p1a: Wigglytuff|61/100|[from] item: Leftovers\n|upkeep\n|inactive|Time left: 300 sec this turn | 300 sec total | 5 sec grace\n|\n|t:|1783550376\n|switch|p2a: Lunala|Lunala, L70, tera:Fighting|204/308\n|turn|17\n|inactive|Time left: 300 sec this turn | 300 sec total\n|\n|t:|1783550377\n|move|p2a: Lunala|Moonlight|p2a: Lunala\n|-heal|p2a: Lunala|308/308\n|move|p1a: Wigglytuff|Alluring Voice|p2a: Lunala\n|-supereffective|p2a: Lunala\n|-damage|p2a: Lunala|211/308\n|\n|-heal|p1a: Wigglytuff|67/100|[from] item: Leftovers\n|upkeep\n|turn|18\n|inactive|Time left: 300 sec this turn | 300 sec total\n|\n|t:|1783550378\n|move|p2a: Lunala|Moonlight|p2a: Lunala\n|-heal|p2a: Lunala|308/308\n|move|p1a: Wigglytuff|Alluring Voice|p2a: Lunala\n|-supereffective|p2a: Lunala\n|-damage|p2a: Lunala|197/308\n|\n|-heal|p1a: Wigglytuff|74/100|[from] item: Leftovers\n|upkeep\n|turn|19\n|inactive|Time left: 300 sec this turn | 300 sec total\n|\n|t:|1783550379\n|move|p2a: Lunala|Moonlight|p2a: Lunala\n|-heal|p2a: Lunala|308/308\n|move|p1a: Wigglytuff|Alluring Voice|p2a: Lunala\n|-supereffective|p2a: Lunala\n|-damage|p2a: Lunala|200/308\n|\n|-heal|p1a: Wigglytuff|80/100|[from] item: Leftovers\n|upkeep\n|turn|20\n|inactive|Time left: 300 sec this turn | 300 sec total\n|\n|t:|1783550380\n|move|p2a: Lunala|Moonlight|p2a: Lunala\n|-heal|p2a: Lunala|308/308\n|move|p1a: Wigglytuff|Alluring Voice|p2a: Lunala\n|-supereffective|p2a: Lunala\n|-damage|p2a: Lunala|212/308\n|\n|-heal|p1a: Wigglytuff|86/100|[from] item: Leftovers\n|upkeep\n|turn|21\n|inactive|Time left: 300 sec this turn | 300 sec total\n|\n|t:|1783550381\n|move|p2a: Lunala|Calm Mind|p2a: Lunala\n|-boost|p2a: Lunala|spa|1\n|-boost|p2a: Lunala|spd|1\n|move|p1a: Wigglytuff|Alluring Voice|p2a: Lunala\n|-supereffective|p2a: Lunala\n|-damage|p2a: Lunala|74/308\n|-start|p2a: Lunala|confusion\n|\n|-heal|p1a: Wigglytuff|92/100|[from] item: Leftovers\n|upkeep\n|turn|22\n|inactive|Time left: 300 sec this turn | 300 sec total\n|\n|t:|1783550382\n|-activate|p2a: Lunala|confusion\n|-damage|p2a: Lunala|51/308|[from] confusion\n|move|p1a: Wigglytuff|Alluring Voice|p2a: Lunala\n|-supereffective|p2a: Lunala\n|-damage|p2a: Lunala|0 fnt\n|faint|p2a: Lunala\n|\n|-heal|p1a: Wigglytuff|98/100|[from] item: Leftovers\n|upkeep\n|inactive|Time left: 300 sec this turn | 300 sec total | 5 sec grace\n|\n|t:|1783550383\n|switch|p2a: Gothitelle|Gothitelle, L90, F|272/272\n|turn|23\n|inactive|Time left: 300 sec this turn | 300 sec total\n|\n|t:|1783550384\n|move|p2a: Gothitelle|Focus Blast|p1a: Wigglytuff\n|-damage|p1a: Wigglytuff|67/100\n|move|p1a: Wigglytuff|Knock Off|p2a: Gothitelle\n|-supereffective|p2a: Gothitelle\n|-damage|p2a: Gothitelle|140/272\n|-enditem|p2a: Gothitelle|Choice Scarf|[from] move: Knock Off|[of] p1a: Wigglytuff\n|\n|-heal|p1a: Wigglytuff|73/100|[from] item: Leftovers\n|upkeep\n|turn|24\n|inactive|Time left: 300 sec this turn | 300 sec total\n|\n|t:|1783550385\n|move|p2a: Gothitelle|Dark Pulse|p1a: Wigglytuff\n|-resisted|p1a: Wigglytuff\n|-damage|p1a: Wigglytuff|62/100\n|move|p1a: Wigglytuff|Alluring Voice|p2a: Gothitelle\n|-damage|p2a: Gothitelle|64/272\n|\n|-heal|p1a: Wigglytuff|68/100|[from] item: Leftovers\n|upkeep\n|turn|25\n|inactive|Time left: 300 sec this turn | 300 sec total\n|\n|t:|1783550387\n|move|p2a: Gothitelle|Dark Pulse|p1a: Wigglytuff\n|-resisted|p1a: Wigglytuff\n|-damage|p1a: Wigglytuff|59/100\n|cant|p1a: Wigglytuff|flinch\n|\n|-heal|p1a: Wigglytuff|65/100|[from] item: Leftovers\n|upkeep\n|turn|26\n|inactive|Time left: 300 sec this turn | 300 sec total\n|\n|t:|1783550388\n|move|p2a: Gothitelle|Dark Pulse|p1a: Wigglytuff\n|-resisted|p1a: Wigglytuff\n|-damage|p1a: Wigglytuff|55/100\n|move|p1a: Wigglytuff|Knock Off|p2a: Gothitelle\n|-supereffective|p2a: Gothitelle\n|-damage|p2a: Gothitelle|0 fnt\n|faint|p2a: Gothitelle\n|\n|win|p0x90053f1", "uploadtime": 1783550388, "views": 0, "rating": 0, "private": 0, "password": null, "_winner": "p0x90053f1", "_our_name": "p0y9000702"}