{"id": "battle-gen9randombattle-1102", "formatid": "gen9randombattle", "format": "[Gen 9] Random Battle", "players": ["p0x1102933a", "p0y11026e2c"], "log": "|init|battle\n|title|p0x1102933a vs. p0y11026e2c\n|j|\u2606p0x1102933a\n|j|\u2606p0y11026e2c\n|t:|1783551959\n|gametype|singles\n|player|p1|p0x1102933a|1|\n|player|p2|p0y11026e2c|2|\n|gen|9\n|tier|[Gen 9] Random Battle\n|rule|Species Clause: Limit one of each Pok\u00e9mon\n|rule|HP Percentage Mod: HP is shown in percentages\n|rule|Sleep Clause Mod: Limit one foe put to sleep\n|rule|Illusion Level Mod: Illusion disguises the Pok\u00e9mon's true level\n|\n|t:|1783551959\n|teamsize|p1|6\n|teamsize|p2|6\n|start\n|switch|p1a: Kyurem|Kyurem, L77|319/319\n|switch|p2a: Mamoswine|Mamoswine, L81, F|100/100\n|-ability|p1a: Kyurem|Pressure\n|turn|1\n|inactive|Battle timer is ON: inactive players will automatically lose when time's up. (requested by p0y11026e2c)\n|inactive|Time left: 300 sec this turn | 300 sec total | 60 sec grace\n|inactive|p0x1102933a also wants the timer to be on.\n|\n|t:|1783551960\n|move|p1a: Kyurem|Icicle Spear|p2a: Mamoswine\n|-damage|p2a: Mamoswine|95/100\n|-damage|p2a: Mamoswine|90/100\n|-damage|p2a: Mamoswine|84/100\n|-damage|p2a: Mamoswine|78/100\n|-damage|p2a: Mamoswine|73/100\n|-hitcount|p2a: Mamoswine|5\n|move|p2a: Mamoswine|Icicle Crash|p1a: Kyurem\n|-damage|p1a: Kyurem|159/319\n|\n|upkeep\n|turn|2\n|inactive|Time left: 300 sec this turn | 300 sec total\n|\n|t:|1783551960\n|switch|p1a: Delphox|Delphox, L84, F|263/263\n|move|p2a: Mamoswine|Icicle Crash|p1a: Delphox\n|-resisted|p1a: Delphox\n|-damage|p1a: Delphox|174/263\n|\n|upkeep\n|turn|3\n|inactive|Time left: 300 sec this turn | 300 sec total\n|\n|t:|1783551961\n|switch|p2a: Azumarill|Azumarill, L82, M|100/100\n|move|p1a: Delphox|Fire Blast|p2a: Azumarill\n|-resisted|p2a: Azumarill\n|-damage|p2a: Azumarill|75/100\n|\n|upkeep\n|turn|4\n|inactive|Time left: 300 sec this turn | 300 sec total\n|\n|t:|1783551962\n|switch|p1a: Vespiquen|Vespiquen, L99, F|299/299\n|-ability|p1a: Vespiquen|Pressure\n|move|p2a: Azumarill|Liquidation|p1a: Vespiquen\n|-damage|p1a: Vespiquen|185/299\n|-unboost|p1a: Vespiquen|def|1\n|\n|upkeep\n|turn|5\n|inactive|Time left: 300 sec this turn | 300 sec total\n|\n|t:|1783551963\n|move|p1a: Vespiquen|Hurricane|p2a: Azumarill|[miss]\n|-miss|p1a: Vespiquen|p2a: Azumarill\n|move|p2a: Azumarill|Liquidation|p1a: Vespiquen\n|-damage|p1a: Vespiquen|8/299\n|\n|upkeep\n|turn|6\n|inactive|Time left: 300 sec this turn | 300 sec total\n|\n|t:|1783551963\n|move|p1a: Vespiquen|Hurricane|p2a: Azumarill|[miss]\n|-miss|p1a: Vespiquen|p2a: Azumarill\n|move|p2a: Azumarill|Liquidation|p1a: Vespiquen\n|-damage|p1a: Vespiquen|0 fnt\n|faint|p1a: Vespiquen\n|\n|upkeep\n|inactive|Time left: 300 sec this turn | 300 sec total | 5 sec grace\n|\n|t:|1783551964\n|switch|p1a: Smeargle|Smeargle, L95, M|258/258\n|turn|7\n|inactive|Time left: 300 sec this turn | 300 sec total\n|\n|t:|1783551965\n|move|p1a: Smeargle|Sticky Web|p2a: Azumarill\n|-sidestart|p2: p0y11026e2c|move: Sticky Web\n|move|p2a: Azumarill|Liquidation|p1a: Smeargle\n|-damage|p1a: Smeargle|2/258\n|\n|upkeep\n|turn|8\n|inactive|Time left: 300 sec this turn | 300 sec total\n|\n|t:|1783551966\n|move|p1a: Smeargle|Spore|p2a: Azumarill\n|-status|p2a: Azumarill|slp|[from] move: Spore\n|cant|p2a: Azumarill|slp\n|\n|upkeep\n|turn|9\n|inactive|Time left: 300 sec this turn | 300 sec total\n|\n|t:|1783551967\n|move|p1a: Smeargle|Stealth Rock|p2a: Azumarill\n|-sidestart|p2: p0y11026e2c|move: Stealth Rock\n|-curestatus|p2a: Azumarill|slp|[msg]\n|move|p2a: Azumarill|Liquidation|p1a: Smeargle\n|-damage|p1a: Smeargle|0 fnt\n|faint|p1a: Smeargle\n|\n|upkeep\n|inactive|Time left: 300 sec this turn | 300 sec total | 5 sec grace\n|\n|t:|1783551968\n|switch|p1a: Muk|Muk-Alola, L82, F|306/306\n|turn|10\n|inactive|Time left: 300 sec this turn | 300 sec total\n|\n|t:|1783551969\n|move|p1a: Muk|Poison Jab|p2a: Azumarill\n|-supereffective|p2a: Azumarill\n|-damage|p2a: Azumarill|12/100\n|move|p2a: Azumarill|Liquidation|p1a: Muk\n|-damage|p1a: Muk|125/306\n|\n|upkeep\n|turn|11\n|inactive|Time left: 300 sec this turn | 300 sec total\n|\n|t:|1783551970\n|move|p2a: Azumarill|Liquidation|p1a: Muk\n|-damage|p1a: Muk|0 fnt\n|faint|p1a: Muk\n|\n|upkeep\n|inactive|Time left: 300 sec this turn | 300 sec total | 5 sec grace\n|\n|t:|1783551971\n|switch|p1a: Kyurem|Kyurem, L77|159/319\n|-ability|p1a: Kyurem|Pressure\n|turn|12\n|inactive|Time left: 300 sec this turn | 300 sec total\n|\n|t:|1783551972\n|move|p1a: Kyurem|Icicle Spear|p2a: Azumarill\n|-resisted|p2a: Azumarill\n|-damage|p2a: Azumarill|7/100\n|-resisted|p2a: Azumarill\n|-damage|p2a: Azumarill|2/100\n|-resisted|p2a: Azumarill\n|-damage|p2a: Azumarill|0 fnt\n|faint|p2a: Azumarill\n|-hitcount|p2: Azumarill|3\n|\n|upkeep\n|\n|t:|1783551973\n|switch|p2a: Mamoswine|Mamoswine, L81, F|73/100\n|-activate|p2a: Mamoswine|move: Sticky Web\n|-unboost|p2a: Mamoswine|spe|1\n|-damage|p2a: Mamoswine|60/100|[from] Stealth Rock\n|turn|13\n|inactive|Time left: 300 sec this turn | 300 sec total\n|\n|t:|1783551974\n|move|p1a: Kyurem|Scale Shot|p2a: Mamoswine\n|-damage|p2a: Mamoswine|50/100\n|-damage|p2a: Mamoswine|39/100\n|-damage|p2a: Mamoswine|28/100\n|-damage|p2a: Mamoswine|18/100\n|-damage|p2a: Mamoswine|7/100\n|-hitcount|p2a: Mamoswine|5\n|-unboost|p1a: Kyurem|def|1\n|-boost|p1a: Kyurem|spe|1\n|move|p2a: Mamoswine|Earthquake|p1a: Kyurem\n|-damage|p1a: Kyurem|0 fnt\n|faint|p1a: Kyurem\n|\n|upkeep\n|inactive|Time left: 300 sec this turn | 300 sec total | 5 sec grace\n|\n|t:|1783551975\n|switch|p1a: Delphox|Delphox, L84, F|174/263\n|turn|14\n|inactive|Time left: 300 sec this turn | 300 sec total\n|\n|t:|1783551976\n|move|p1a: Delphox|Fire Blast|p2a: Mamoswine\n|-supereffective|p2a: Mamoswine\n|-crit|p2a: Mamoswine\n|-damage|p2a: Mamoswine|0 fnt\n|faint|p2a: Mamoswine\n|\n|upkeep\n|\n|t:|1783551977\n|switch|p2a: Dragalge|Dragalge, L88, M|100/100\n|-activate|p2a: Dragalge|move: Sticky Web\n|-unboost|p2a: Dragalge|spe|1\n|-damage|p2a: Dragalge|88/100|[from] Stealth Rock\n|turn|15\n|inactive|Time left: 300 sec this turn | 300 sec total\n|\n|t:|1783551979\n|move|p1a: Delphox|Fire Blast|p2a: Dragalge\n|-resisted|p2a: Dragalge\n|-damage|p2a: Dragalge|75/100\n|move|p2a: Dragalge|Sludge Wave|p1a: Delphox\n|-damage|p1a: Delphox|42/263\n|\n|upkeep\n|turn|16\n|inactive|Time left: 300 sec this turn | 300 sec total\n|\n|t:|1783551980\n|move|p1a: Delphox|Fire Blast|p2a: Dragalge|[miss]\n|-miss|p1a: Delphox|p2a: Dragalge\n|move|p2a: Dragalge|Sludge Wave|p1a: Delphox\n|-damage|p1a: Delphox|0 fnt\n|faint|p1a: Delphox\n|\n|upkeep\n|inactive|Time left: 300 sec this turn | 300 sec total | 5 sec grace\n|\n|t:|1783551981\n|switch|p1a: Dachsbun|Dachsbun, L92, M|254/254\n|turn|17\n|inactive|Time left: 300 sec this turn | 300 sec total\n|\n|t:|1783551982\n|-terastallize|p1a: Dachsbun|Steel\n|move|p1a: Dachsbun|Play Rough|p2a: Dragalge\n|-damage|p2a: Dragalge|42/100\n|move|p2a: Dragalge|Sludge Wave|p1a: Dachsbun\n|-immune|p1a: Dachsbun\n|\n|upkeep\n|turn|18\n|inactive|Time left: 300 sec this turn | 300 sec total\n|\n|t:|1783551983\n|move|p1a: Dachsbun|Play Rough|p2a: Dragalge\n|-damage|p2a: Dragalge|6/100\n|move|p2a: Dragalge|Focus Blast|p1a: Dachsbun\n|-supereffective|p1a: Dachsbun\n|-damage|p1a: Dachsbun|68/254\n|\n|-heal|p1a: Dachsbun|83/254|[from] item: Leftovers\n|upkeep\n|turn|19\n|inactive|Time left: 300 sec this turn | 300 sec total\n|\n|t:|1783551984\n|move|p1a: Dachsbun|Protect|p1a: Dachsbun\n|-singleturn|p1a: Dachsbun|Protect\n|move|p2a: Dragalge|Draco Meteor|p1a: Dachsbun\n|-activate|p1a: Dachsbun|move: Protect\n|\n|-heal|p1a: Dachsbun|98/254|[from] item: Leftovers\n|upkeep\n|turn|20\n|inactive|Time left: 300 sec this turn | 300 sec total\n|\n|t:|1783551985\n|move|p1a: Dachsbun|Body Press|p2a: Dragalge\n|-resisted|p2a: Dragalge\n|-damage|p2a: Dragalge|0 fnt\n|faint|p2a: Dragalge\n|\n|-heal|p1a: Dachsbun|113/254|[from] item: Leftovers\n|upkeep\n|\n|t:|1783551986\n|switch|p2a: Magearna|Magearna-Original, L77|100/100\n|-activate|p2a: Magearna|move: Sticky Web\n|-unboost|p2a: Magearna|spe|1\n|-damage|p2a: Magearna|94/100|[from] Stealth Rock\n|turn|21\n|inactive|Time left: 300 sec this turn | 300 sec total\n|\n|t:|1783551987\n|-terastallize|p2a: Magearna|Fighting\n|move|p1a: Dachsbun|Wish|p1a: Dachsbun\n|move|p2a: Magearna|Aura Sphere|p1a: Dachsbun\n|-supereffective|p1a: Dachsbun\n|-damage|p1a: Dachsbun|0 fnt\n|faint|p1a: Dachsbun\n|\n|win|p0y11026e2c", "uploadtime": 1783551987, "views": 0, "rating": 0, "private": 0, "password": null, "_winner": "p0y11026e2c", "_our_name": "p0x1102933a"}