{"id": "battle-gen9randombattle-1329", "formatid": "gen9randombattle", "format": "[Gen 9] Random Battle", "players": ["p0x13297e78", "p0y1329346c"], "log": "|init|battle\n|title|p0x13297e78 vs. p0y1329346c\n|j|\u2606p0x13297e78\n|j|\u2606p0y1329346c\n|t:|1783555429\n|gametype|singles\n|player|p1|p0x13297e78|265|\n|player|p2|p0y1329346c|1|\n|gen|9\n|tier|[Gen 9] Random Battle\n|rule|Species Clause: Limit one of each Pok\u00e9mon\n|rule|HP Percentage Mod: HP is shown in percentages\n|rule|Sleep Clause Mod: Limit one foe put to sleep\n|rule|Illusion Level Mod: Illusion disguises the Pok\u00e9mon's true level\n|\n|t:|1783555429\n|teamsize|p1|6\n|teamsize|p2|6\n|start\n|switch|p1a: Palkia|Palkia-Origin, L72|249/249\n|switch|p2a: Incineroar|Incineroar, L82, M|100/100\n|-ability|p1a: Palkia|Pressure\n|-ability|p2a: Incineroar|Intimidate|boost\n|-unboost|p1a: Palkia|atk|1\n|turn|1\n|inactive|Battle timer is ON: inactive players will automatically lose when time's up. (requested by p0x13297e78)\n|inactive|p0y1329346c also wants the timer to be on.\n|\n|t:|1783555430\n|switch|p2a: Snorlax|Snorlax, L82, F|100/100\n|move|p1a: Palkia|Hydro Pump|p2a: Snorlax|[miss]\n|-miss|p1a: Palkia|p2a: Snorlax\n|\n|upkeep\n|turn|2\n|inactive|Time left: 300 sec this turn | 300 sec total\n|\n|t:|1783555431\n|switch|p1a: Lurantis|Lurantis, L87, F|264/264\n|move|p2a: Snorlax|Body Slam|p1a: Lurantis\n|-damage|p1a: Lurantis|182/264\n|\n|-heal|p1a: Lurantis|198/264|[from] item: Leftovers\n|upkeep\n|turn|3\n|inactive|Time left: 300 sec this turn | 300 sec total\n|\n|t:|1783555432\n|switch|p2a: Ceruledge|Ceruledge, L78, M|100/100\n|move|p1a: Lurantis|Superpower|p2a: Ceruledge\n|-immune|p2a: Ceruledge\n|\n|-heal|p1a: Lurantis|214/264|[from] item: Leftovers\n|upkeep\n|turn|4\n|inactive|Time left: 300 sec this turn | 300 sec total\n|\n|t:|1783555433\n|move|p2a: Ceruledge|Swords Dance|p2a: Ceruledge\n|-boost|p2a: Ceruledge|atk|2\n|move|p1a: Lurantis|Knock Off|p2a: Ceruledge\n|-supereffective|p2a: Ceruledge\n|-damage|p2a: Ceruledge|21/100\n|-ability|p2a: Ceruledge|Weak Armor|boost\n|-unboost|p2a: Ceruledge|def|1\n|-boost|p2a: Ceruledge|spe|2\n|-enditem|p2a: Ceruledge|Heavy-Duty Boots|[from] move: Knock Off|[of] p1a: Lurantis\n|\n|-heal|p1a: Lurantis|230/264|[from] item: Leftovers\n|upkeep\n|turn|5\n|inactive|Time left: 300 sec this turn | 300 sec total\n|\n|t:|1783555434\n|-terastallize|p1a: Lurantis|Fighting\n|move|p2a: Ceruledge|Poltergeist|p1a: Lurantis\n|-activate|p1a: Lurantis|move: Poltergeist|Leftovers\n|-damage|p1a: Lurantis|13/264\n|move|p1a: Lurantis|Knock Off|p2a: Ceruledge\n|-supereffective|p2a: Ceruledge\n|-damage|p2a: Ceruledge|0 fnt\n|faint|p2a: Ceruledge\n|\n|-heal|p1a: Lurantis|29/264|[from] item: Leftovers\n|upkeep\n|\n|t:|1783555435\n|switch|p2a: Magnezone|Magnezone, L85|100/100\n|turn|6\n|inactive|Time left: 300 sec this turn | 300 sec total\n|\n|t:|1783555436\n|switch|p1a: Appletun|Appletun, L92, M|352/352\n|move|p2a: Magnezone|Flash Cannon|p1a: Appletun\n|-damage|p1a: Appletun|214/352\n|\n|-heal|p1a: Appletun|236/352|[from] item: Leftovers\n|upkeep\n|turn|7\n|inactive|Time left: 300 sec this turn | 300 sec total\n|\n|t:|1783555437\n|move|p2a: Magnezone|Flash Cannon|p1a: Appletun\n|-damage|p1a: Appletun|127/352\n|-unboost|p1a: Appletun|spd|1\n|move|p1a: Appletun|Recover|p1a: Appletun\n|-heal|p1a: Appletun|303/352\n|\n|-heal|p1a: Appletun|325/352|[from] item: Leftovers\n|upkeep\n|turn|8\n|inactive|Time left: 300 sec this turn | 300 sec total\n|\n|t:|1783555438\n|move|p2a: Magnezone|Flash Cannon|p1a: Appletun\n|-damage|p1a: Appletun|157/352\n|-unboost|p1a: Appletun|spd|1\n|move|p1a: Appletun|Leech Seed|p2a: Magnezone\n|-start|p2a: Magnezone|move: Leech Seed\n|\n|-heal|p1a: Appletun|179/352|[from] item: Leftovers\n|-damage|p2a: Magnezone|88/100|[from] Leech Seed|[of] p1a: Appletun\n|-heal|p1a: Appletun|211/352|[silent]\n|upkeep\n|turn|9\n|inactive|Time left: 300 sec this turn | 300 sec total\n|\n|t:|1783555439\n|switch|p1a: Skarmory|Skarmory, L80, M|235/235\n|move|p2a: Magnezone|Flash Cannon|p1a: Skarmory\n|-resisted|p1a: Skarmory\n|-damage|p1a: Skarmory|148/235\n|\n|-heal|p1a: Skarmory|162/235|[from] item: Leftovers\n|-damage|p2a: Magnezone|76/100|[from] Leech Seed|[of] p1a: Skarmory\n|-heal|p1a: Skarmory|194/235|[silent]\n|upkeep\n|turn|10\n|inactive|Time left: 300 sec this turn | 300 sec total\n|\n|t:|1783555441\n|switch|p2a: Appletun|Appletun, L92, F|100/100\n|move|p1a: Skarmory|Roost|p1a: Skarmory\n|-heal|p1a: Skarmory|235/235\n|-singleturn|p1a: Skarmory|move: Roost\n|\n|upkeep\n|turn|11\n|inactive|Time left: 300 sec this turn | 300 sec total\n|\n|t:|1783555442\n|move|p1a: Skarmory|Iron Defense|p1a: Skarmory\n|-boost|p1a: Skarmory|def|2\n|move|p2a: Appletun|Dragon Pulse|p1a: Skarmory\n|-resisted|p1a: Skarmory\n|-damage|p1a: Skarmory|163/235\n|\n|-heal|p1a: Skarmory|177/235|[from] item: Leftovers\n|upkeep\n|turn|12\n|inactive|Time left: 300 sec this turn | 300 sec total\n|\n|t:|1783555443\n|move|p1a: Skarmory|Body Press|p2a: Appletun\n|-damage|p2a: Appletun|62/100\n|move|p2a: Appletun|Dragon Tail|p1a: Skarmory|[miss]\n|-miss|p2a: Appletun|p1a: Skarmory\n|\n|-heal|p1a: Skarmory|191/235|[from] item: Leftovers\n|-heal|p2a: Appletun|69/100|[from] item: Leftovers\n|upkeep\n|turn|13\n|inactive|Time left: 300 sec this turn | 300 sec total\n|\n|t:|1783555444\n|move|p1a: Skarmory|Body Press|p2a: Appletun\n|-damage|p2a: Appletun|33/100\n|move|p2a: Appletun|Recover|p2a: Appletun\n|-heal|p2a: Appletun|83/100\n|\n|-heal|p1a: Skarmory|205/235|[from] item: Leftovers\n|-heal|p2a: Appletun|89/100|[from] item: Leftovers\n|upkeep\n|turn|14\n|inactive|Time left: 300 sec this turn | 300 sec total\n|\n|t:|1783555446\n|move|p1a: Skarmory|Body Press|p2a: Appletun\n|-damage|p2a: Appletun|52/100\n|move|p2a: Appletun|Recover|p2a: Appletun\n|-heal|p2a: Appletun|100/100\n|\n|-heal|p1a: Skarmory|219/235|[from] item: Leftovers\n|upkeep\n|turn|15\n|inactive|Time left: 300 sec this turn | 300 sec total\n|\n|t:|1783555447\n|move|p1a: Skarmory|Body Press|p2a: Appletun\n|-damage|p2a: Appletun|62/100\n|move|p2a: Appletun|Apple Acid|p1a: Skarmory\n|-resisted|p1a: Skarmory\n|-damage|p1a: Skarmory|187/235\n|-unboost|p1a: Skarmory|spd|1\n|\n|-heal|p1a: Skarmory|201/235|[from] item: Leftovers\n|-heal|p2a: Appletun|68/100|[from] item: Leftovers\n|upkeep\n|turn|16\n|inactive|Time left: 300 sec this turn | 300 sec total\n|\n|t:|1783555448\n|move|p1a: Skarmory|Body Press|p2a: Appletun\n|-damage|p2a: Appletun|28/100\n|move|p2a: Appletun|Recover|p2a: Appletun\n|-heal|p2a: Appletun|78/100\n|\n|-heal|p1a: Skarmory|215/235|[from] item: Leftovers\n|-heal|p2a: Appletun|84/100|[from] item: Leftovers\n|upkeep\n|turn|17\n|inactive|Time left: 300 sec this turn | 300 sec total\n|\n|t:|1783555449\n|move|p1a: Skarmory|Body Press|p2a: Appletun\n|-damage|p2a: Appletun|46/100\n|move|p2a: Appletun|Dragon Pulse|p1a: Skarmory\n|-resisted|p1a: Skarmory\n|-damage|p1a: Skarmory|119/235\n|\n|-heal|p1a: Skarmory|133/235|[from] item: Leftovers\n|-heal|p2a: Appletun|52/100|[from] item: Leftovers\n|upkeep\n|turn|18\n|inactive|Time left: 300 sec this turn | 300 sec total\n|\n|t:|1783555450\n|move|p1a: Skarmory|Body Press|p2a: Appletun\n|-damage|p2a: Appletun|15/100\n|move|p2a: Appletun|Recover|p2a: Appletun\n|-heal|p2a: Appletun|65/100\n|\n|-heal|p1a: Skarmory|147/235|[from] item: Leftovers\n|-heal|p2a: Appletun|71/100|[from] item: Leftovers\n|upkeep\n|turn|19\n|inactive|Time left: 300 sec this turn | 300 sec total\n|\n|t:|1783555452\n|move|p1a: Skarmory|Body Press|p2a: Appletun\n|-damage|p2a: Appletun|30/100\n|move|p2a: Appletun|Dragon Pulse|p1a: Skarmory\n|-resisted|p1a: Skarmory\n|-damage|p1a: Skarmory|37/235\n|\n|-heal|p1a: Skarmory|51/235|[from] item: Leftovers\n|-heal|p2a: Appletun|36/100|[from] item: Leftovers\n|upkeep\n|turn|20\n|inactive|Time left: 300 sec this turn | 300 sec total\n|\n|t:|1783555453\n|switch|p2a: Swanna|Swanna, L89, F|100/100\n|move|p1a: Skarmory|Body Press|p2a: Swanna\n|-resisted|p2a: Swanna\n|-damage|p2a: Swanna|69/100\n|\n|-heal|p1a: Skarmory|65/235|[from] item: Leftovers\n|upkeep\n|turn|21\n|inactive|Time left: 300 sec this turn | 300 sec total\n|\n|t:|1783555454\n|move|p2a: Swanna|Hydro Pump|p1a: Skarmory\n|-damage|p1a: Skarmory|0 fnt\n|faint|p1a: Skarmory\n|\n|upkeep\n|inactive|Time left: 300 sec this turn | 300 sec total | 5 sec grace\n|\n|t:|1783555455\n|switch|p1a: Kilowattrel|Kilowattrel, L83, M|252/252\n|turn|22\n|inactive|Time left: 300 sec this turn | 300 sec total\n|\n|t:|1783555456\n|switch|p2a: Magnezone|Magnezone, L85|76/100\n|move|p1a: Kilowattrel|Thunderbolt|p2a: Magnezone\n|-resisted|p2a: Magnezone\n|-damage|p2a: Magnezone|56/100\n|\n|upkeep\n|turn|23\n|inactive|Time left: 300 sec this turn | 300 sec total\n|\n|t:|1783555457\n|move|p1a: Kilowattrel|Thunderbolt|p2a: Magnezone\n|-resisted|p2a: Magnezone\n|-damage|p2a: Magnezone|38/100\n|move|p2a: Magnezone|Flash Cannon|p1a: Kilowattrel\n|-resisted|p1a: Kilowattrel\n|-damage|p1a: Kilowattrel|153/252\n|\n|upkeep\n|turn|24\n|inactive|Time left: 300 sec this turn | 300 sec total\n|\n|t:|1783555458\n|move|p1a: Kilowattrel|Roost|p1a: Kilowattrel\n|-heal|p1a: Kilowattrel|252/252\n|-singleturn|p1a: Kilowattrel|move: Roost\n|move|p2a: Magnezone|Flash Cannon|p1a: Kilowattrel\n|-resisted|p1a: Kilowattrel\n|-damage|p1a: Kilowattrel|153/252\n|-unboost|p1a: Kilowattrel|spd|1\n|\n|upkeep\n|turn|25\n|inactive|Time left: 300 sec this turn | 300 sec total\n|\n|t:|1783555459\n|move|p1a: Kilowattrel|Roost|p1a: Kilowattrel\n|-heal|p1a: Kilowattrel|252/252\n|-singleturn|p1a: Kilowattrel|move: Roost\n|move|p2a: Magnezone|Flash Cannon|p1a: Kilowattrel\n|-resisted|p1a: Kilowattrel\n|-damage|p1a: Kilowattrel|102/252\n|\n|upkeep\n|turn|26\n|inactive|Time left: 300 sec this turn | 300 sec total\n|\n|t:|1783555460\n|move|p1a: Kilowattrel|Roost|p1a: Kilowattrel\n|-heal|p1a: Kilowattrel|228/252\n|-singleturn|p1a: Kilowattrel|move: Roost\n|move|p2a: Magnezone|Flash Cannon|p1a: Kilowattrel\n|-resisted|p1a: Kilowattrel\n|-damage|p1a: Kilowattrel|75/252\n|-unboost|p1a: Kilowattrel|spd|1\n|\n|upkeep\n|turn|27\n|inactive|Time left: 300 sec this turn | 300 sec total\n|\n|t:|1783555461\n|move|p1a: Kilowattrel|Roost|p1a: Kilowattrel\n|-heal|p1a: Kilowattrel|201/252\n|-singleturn|p1a: Kilowattrel|move: Roost\n|move|p2a: Magnezone|Flash Cannon|p1a: Kilowattrel\n|-resisted|p1a: Kilowattrel\n|-damage|p1a: Kilowattrel|14/252\n|\n|upkeep\n|turn|28\n|inactive|Time left: 300 sec this turn | 300 sec total\n|\n|t:|1783555462\n|move|p1a: Kilowattrel|Roost|p1a: Kilowattrel\n|-heal|p1a: Kilowattrel|140/252\n|-singleturn|p1a: Kilowattrel|move: Roost\n|move|p2a: Magnezone|Flash Cannon|p1a: Kilowattrel\n|-resisted|p1a: Kilowattrel\n|-damage|p1a: Kilowattrel|0 fnt\n|faint|p1a: Kilowattrel\n|\n|upkeep\n|inactive|Time left: 300 sec this turn | 300 sec total | 5 sec grace\n|\n|t:|1783555463\n|switch|p1a: Appletun|Appletun, L92, M|211/352\n|turn|29\n|inactive|Time left: 300 sec this turn | 300 sec total\n|\n|t:|1783555464\n|move|p2a: Magnezone|Flash Cannon|p1a: Appletun\n|-damage|p1a: Appletun|108/352\n|move|p1a: Appletun|Recover|p1a: Appletun\n|-heal|p1a: Appletun|284/352\n|\n|-heal|p1a: Appletun|306/352|[from] item: Leftovers\n|upkeep\n|turn|30\n|inactive|Time left: 300 sec this turn | 300 sec total\n|\n|t:|1783555465\n|move|p2a: Magnezone|Flash Cannon|p1a: Appletun\n|-damage|p1a: Appletun|198/352\n|move|p1a: Appletun|Dragon Pulse|p2a: Magnezone\n|-resisted|p2a: Magnezone\n|-damage|p2a: Magnezone|17/100\n|\n|-heal|p1a: Appletun|220/352|[from] item: Leftovers\n|upkeep\n|turn|31\n|inactive|Time left: 300 sec this turn | 300 sec total\n|\n|t:|1783555467\n|move|p2a: Magnezone|Flash Cannon|p1a: Appletun\n|-damage|p1a: Appletun|120/352\n|move|p1a: Appletun|Recover|p1a: Appletun\n|-heal|p1a: Appletun|296/352\n|\n|-heal|p1a: Appletun|318/352|[from] item: Leftovers\n|upkeep\n|turn|32\n|inactive|Time left: 300 sec this turn | 300 sec total\n|\n|t:|1783555468\n|move|p2a: Magnezone|Flash Cannon|p1a: Appletun\n|-damage|p1a: Appletun|212/352\n|move|p1a: Appletun|Dragon Pulse|p2a: Magnezone\n|-resisted|p2a: Magnezone\n|-damage|p2a: Magnezone|0 fnt\n|faint|p2a: Magnezone\n|\n|-heal|p1a: Appletun|234/352|[from] item: Leftovers\n|upkeep\n|\n|t:|1783555469\n|switch|p2a: Swanna|Swanna, L89, F|69/100\n|turn|33\n|inactive|Time left: 300 sec this turn | 300 sec total\n|\n|t:|1783555470\n|switch|p1a: Slowbro|Slowbro-Galar, L87, F|307/307\n|move|p2a: Swanna|Brave Bird|p1a: Slowbro\n|-damage|p1a: Slowbro|189/307\n|-damage|p2a: Swanna|53/100|[from] item: Rocky Helmet|[of] p1a: Slowbro\n|-damage|p2a: Swanna|39/100|[from] Recoil\n|\n|upkeep\n|turn|34\n|inactive|Time left: 300 sec this turn | 300 sec total\n|\n|t:|1783555472\n|move|p2a: Swanna|Brave Bird|p1a: Slowbro\n|-damage|p1a: Slowbro|72/307\n|-damage|p2a: Swanna|22/100|[from] item: Rocky Helmet|[of] p1a: Slowbro\n|-damage|p2a: Swanna|8/100|[from] Recoil\n|move|p1a: Slowbro|Shell Side Arm|p2a: Swanna|[anim] Shell Side Arm Special\n|-damage|p2a: Swanna|0 fnt\n|-hint|Special Shell Side Arm\n|faint|p2a: Swanna\n|\n|upkeep\n|\n|t:|1783555473\n|switch|p2a: Appletun|Appletun, L92, F|36/100\n|turn|35\n|inactive|Time left: 300 sec this turn | 300 sec total\n|\n|t:|1783555474\n|move|p2a: Appletun|Dragon Pulse|p1a: Slowbro\n|-damage|p1a: Slowbro|0 fnt\n|faint|p1a: Slowbro\n|\n|-heal|p2a: Appletun|42/100|[from] item: Leftovers\n|upkeep\n|inactive|Time left: 300 sec this turn | 300 sec total | 5 sec grace\n|\n|t:|1783555475\n|switch|p1a: Lurantis|Lurantis, L87, F, tera:Fighting|29/264\n|turn|36\n|inactive|Time left: 300 sec this turn | 300 sec total\n|\n|t:|1783555476\n|move|p1a: Lurantis|Superpower|p2a: Appletun\n|-damage|p2a: Appletun|2/100\n|-boost|p1a: Lurantis|atk|1\n|-boost|p1a: Lurantis|def|1\n|move|p2a: Appletun|Dragon Pulse|p1a: Lurantis\n|-damage|p1a: Lurantis|0 fnt\n|faint|p1a: Lurantis\n|\n|-heal|p2a: Appletun|8/100|[from] item: Leftovers\n|upkeep\n|inactive|Time left: 300 sec this turn | 300 sec total | 5 sec grace\n|\n|t:|1783555477\n|switch|p1a: Appletun|Appletun, L92, M|234/352\n|turn|37\n|inactive|Time left: 300 sec this turn | 300 sec total\n|\n|t:|1783555478\n|move|p2a: Appletun|Dragon Pulse|p1a: Appletun\n|-supereffective|p1a: Appletun\n|-damage|p1a: Appletun|12/352\n|move|p1a: Appletun|Dragon Pulse|p2a: Appletun\n|-supereffective|p2a: Appletun\n|-damage|p2a: Appletun|0 fnt\n|faint|p2a: Appletun\n|\n|-heal|p1a: Appletun|34/352|[from] item: Leftovers\n|upkeep\n|\n|t:|1783555479\n|switch|p2a: Incineroar|Incineroar, L82, M|100/100\n|-ability|p2a: Incineroar|Intimidate|boost\n|-unboost|p1a: Appletun|atk|1\n|turn|38\n|inactive|Time left: 300 sec this turn | 300 sec total\n|\n|t:|1783555480\n|move|p2a: Incineroar|Knock Off|p1a: Appletun\n|-damage|p1a: Appletun|0 fnt\n|-enditem|p1a: Appletun|Leftovers|[from] move: Knock Off|[of] p2a: Incineroar\n|faint|p1a: Appletun\n|\n|upkeep\n|inactive|Time left: 300 sec this turn | 300 sec total | 5 sec grace\n|\n|t:|1783555481\n|switch|p1a: Palkia|Palkia-Origin, L72|249/249\n|-ability|p1a: Palkia|Pressure\n|turn|39\n|inactive|Time left: 300 sec this turn | 300 sec total\n|\n|t:|1783555482\n|-terastallize|p2a: Incineroar|Fighting\n|move|p1a: Palkia|Hydro Pump|p2a: Incineroar\n|-crit|p2a: Incineroar\n|-damage|p2a: Incineroar|30/100\n|move|p2a: Incineroar|Close Combat|p1a: Palkia\n|-damage|p1a: Palkia|104/249\n|-unboost|p2a: Incineroar|def|1\n|-unboost|p2a: Incineroar|spd|1\n|\n|upkeep\n|turn|40\n|inactive|Time left: 300 sec this turn | 300 sec total\n|\n|t:|1783555483\n|move|p1a: Palkia|Fire Blast|p2a: Incineroar\n|-damage|p2a: Incineroar|0 fnt\n|faint|p2a: Incineroar\n|\n|upkeep\n|\n|t:|1783555484\n|switch|p2a: Snorlax|Snorlax, L82, F|100/100\n|turn|41\n|inactive|Time left: 300 sec this turn | 300 sec total\n|\n|t:|1783555485\n|move|p1a: Palkia|Thunder Wave|p2a: Snorlax\n|-status|p2a: Snorlax|par\n|move|p2a: Snorlax|Body Slam|p1a: Palkia\n|-damage|p1a: Palkia|8/249\n|\n|upkeep\n|turn|42\n|inactive|Time left: 300 sec this turn | 300 sec total\n|\n|t:|1783555486\n|move|p1a: Palkia|Draco Meteor|p2a: Snorlax\n|-damage|p2a: Snorlax|66/100 par\n|-unboost|p1a: Palkia|spa|2\n|move|p2a: Snorlax|Body Slam|p1a: Palkia\n|-damage|p1a: Palkia|0 fnt\n|faint|p1a: Palkia\n|\n|win|p0y1329346c", "uploadtime": 1783555486, "views": 0, "rating": 0, "private": 0, "password": null, "_winner": "p0y1329346c", "_our_name": "p0x13297e78"}