{"id": "battle-gen9randombattle-2097", "formatid": "gen9randombattle", "format": "[Gen 9] Random Battle", "players": ["p0x20974ea5", "p0y209702d0"], "log": "|init|battle\n|title|p0x20974ea5 vs. p0y209702d0\n|j|\u2606p0x20974ea5\n|j|\u2606p0y209702d0\n|t:|1783563489\n|gametype|singles\n|player|p1|p0x20974ea5|266|\n|player|p2|p0y209702d0|265|\n|gen|9\n|tier|[Gen 9] Random Battle\n|rule|Species Clause: Limit one of each Pok\u00e9mon\n|rule|HP Percentage Mod: HP is shown in percentages\n|rule|Sleep Clause Mod: Limit one foe put to sleep\n|rule|Illusion Level Mod: Illusion disguises the Pok\u00e9mon's true level\n|\n|t:|1783563489\n|teamsize|p1|6\n|teamsize|p2|6\n|start\n|switch|p1a: Raikou|Raikou, L81|100/100\n|switch|p2a: Hatterene|Hatterene, L85, F|236/236\n|-ability|p1a: Raikou|Pressure\n|turn|1\n|inactive|Battle timer is ON: inactive players will automatically lose when time's up. (requested by p0x20974ea5)\n|inactive|Time left: 300 sec this turn | 300 sec total | 60 sec grace\n|inactive|p0y209702d0 also wants the timer to be on.\n|\n|t:|1783563490\n|move|p1a: Raikou|Calm Mind|p1a: Raikou\n|-boost|p1a: Raikou|spa|1\n|-boost|p1a: Raikou|spd|1\n|move|p2a: Hatterene|Mystical Fire|p1a: Raikou\n|-damage|p1a: Raikou|84/100\n|-unboost|p1a: Raikou|spa|1\n|\n|upkeep\n|turn|2\n|inactive|Time left: 300 sec this turn | 300 sec total\n|\n|t:|1783563491\n|move|p1a: Raikou|Calm Mind|p1a: Raikou\n|-boost|p1a: Raikou|spa|1\n|-boost|p1a: Raikou|spd|1\n|move|p2a: Hatterene|Mystical Fire|p1a: Raikou\n|-damage|p1a: Raikou|71/100\n|-unboost|p1a: Raikou|spa|1\n|\n|upkeep\n|turn|3\n|inactive|Time left: 300 sec this turn | 300 sec total\n|\n|t:|1783563492\n|move|p1a: Raikou|Thunderbolt|p2a: Hatterene\n|-damage|p2a: Hatterene|175/236\n|move|p2a: Hatterene|Mystical Fire|p1a: Raikou\n|-damage|p1a: Raikou|59/100\n|-unboost|p1a: Raikou|spa|1\n|\n|upkeep\n|turn|4\n|inactive|Time left: 300 sec this turn | 300 sec total\n|\n|t:|1783563493\n|move|p1a: Raikou|Calm Mind|p1a: Raikou\n|-boost|p1a: Raikou|spa|1\n|-boost|p1a: Raikou|spd|1\n|move|p2a: Hatterene|Mystical Fire|p1a: Raikou\n|-damage|p1a: Raikou|49/100\n|-unboost|p1a: Raikou|spa|1\n|\n|upkeep\n|turn|5\n|inactive|Time left: 300 sec this turn | 300 sec total\n|\n|t:|1783563494\n|move|p1a: Raikou|Calm Mind|p1a: Raikou\n|-boost|p1a: Raikou|spa|1\n|-boost|p1a: Raikou|spd|1\n|move|p2a: Hatterene|Psychic|p1a: Raikou\n|-damage|p1a: Raikou|34/100\n|\n|upkeep\n|turn|6\n|inactive|Time left: 300 sec this turn | 300 sec total\n|\n|t:|1783563495\n|move|p1a: Raikou|Calm Mind|p1a: Raikou\n|-boost|p1a: Raikou|spa|1\n|-boost|p1a: Raikou|spd|1\n|move|p2a: Hatterene|Mystical Fire|p1a: Raikou\n|-crit|p1a: Raikou\n|-damage|p1a: Raikou|0 fnt\n|faint|p1a: Raikou\n|\n|upkeep\n|\n|t:|1783563496\n|switch|p1a: Jirachi|Jirachi, L80|100/100\n|turn|7\n|inactive|Time left: 300 sec this turn | 300 sec total\n|\n|t:|1783563497\n|switch|p2a: Kyogre|Kyogre, L71|259/259\n|-weather|RainDance|[from] ability: Drizzle|[of] p2a: Kyogre\n|move|p1a: Jirachi|Iron Head|p2a: Kyogre\n|-resisted|p2a: Kyogre\n|-damage|p2a: Kyogre|214/259\n|\n|-weather|RainDance|[upkeep]\n|upkeep\n|turn|8\n|inactive|Time left: 300 sec this turn | 300 sec total\n|\n|t:|1783563499\n|move|p2a: Kyogre|Water Spout|p1a: Jirachi\n|-damage|p1a: Jirachi|40/100\n|move|p1a: Jirachi|Body Slam|p2a: Kyogre\n|-damage|p2a: Kyogre|150/259\n|\n|-weather|RainDance|[upkeep]\n|-heal|p1a: Jirachi|46/100|[from] item: Leftovers\n|upkeep\n|turn|9\n|inactive|Time left: 300 sec this turn | 300 sec total\n|\n|t:|1783563500\n|move|p2a: Kyogre|Water Spout|p1a: Jirachi\n|-damage|p1a: Jirachi|3/100\n|move|p1a: Jirachi|Body Slam|p2a: Kyogre\n|-damage|p2a: Kyogre|81/259\n|-status|p2a: Kyogre|par\n|\n|-weather|RainDance|[upkeep]\n|-heal|p1a: Jirachi|9/100|[from] item: Leftovers\n|upkeep\n|turn|10\n|inactive|Time left: 300 sec this turn | 300 sec total\n|\n|t:|1783563501\n|move|p1a: Jirachi|Stealth Rock|p2a: Kyogre\n|-sidestart|p2: p0y209702d0|move: Stealth Rock\n|cant|p2a: Kyogre|par\n|\n|-weather|RainDance|[upkeep]\n|-heal|p1a: Jirachi|15/100|[from] item: Leftovers\n|upkeep\n|turn|11\n|inactive|Time left: 300 sec this turn | 300 sec total\n|\n|t:|1783563502\n|move|p1a: Jirachi|Body Slam|p2a: Kyogre\n|-damage|p2a: Kyogre|14/259 par\n|cant|p2a: Kyogre|par\n|\n|-weather|none\n|-heal|p1a: Jirachi|21/100|[from] item: Leftovers\n|upkeep\n|turn|12\n|inactive|Time left: 300 sec this turn | 300 sec total\n|\n|t:|1783563503\n|move|p1a: Jirachi|Body Slam|p2a: Kyogre\n|-damage|p2a: Kyogre|0 fnt\n|faint|p2a: Kyogre\n|\n|-heal|p1a: Jirachi|27/100|[from] item: Leftovers\n|upkeep\n|inactive|Time left: 300 sec this turn | 300 sec total | 5 sec grace\n|\n|t:|1783563504\n|switch|p2a: Virizion|Virizion, L82|283/283\n|-damage|p2a: Virizion|266/283|[from] Stealth Rock\n|turn|13\n|inactive|Time left: 300 sec this turn | 300 sec total\n|\n|t:|1783563505\n|move|p2a: Virizion|Swords Dance|p2a: Virizion\n|-boost|p2a: Virizion|atk|2\n|move|p1a: Jirachi|Drain Punch|p2a: Virizion\n|-damage|p2a: Virizion|209/283\n|-heal|p1a: Jirachi|37/100|[from] drain|[of] p2a: Virizion\n|\n|-heal|p1a: Jirachi|43/100|[from] item: Leftovers\n|upkeep\n|turn|14\n|inactive|Time left: 300 sec this turn | 300 sec total\n|\n|t:|1783563506\n|move|p2a: Virizion|Close Combat|p1a: Jirachi\n|-damage|p1a: Jirachi|0 fnt\n|-unboost|p2a: Virizion|def|1\n|-unboost|p2a: Virizion|spd|1\n|faint|p1a: Jirachi\n|-damage|p2a: Virizion|181/283|[from] item: Life Orb\n|\n|upkeep\n|\n|t:|1783563507\n|switch|p1a: Weavile|Weavile, L79, M|100/100\n|turn|15\n|inactive|Time left: 300 sec this turn | 300 sec total\n|\n|t:|1783563508\n|move|p1a: Weavile|Triple Axel|p2a: Virizion\n|-supereffective|p2a: Virizion\n|-damage|p2a: Virizion|95/283\n|-supereffective|p2a: Virizion\n|-damage|p2a: Virizion|0 fnt\n|faint|p2a: Virizion\n|-hitcount|p2: Virizion|2\n|\n|upkeep\n|inactive|Time left: 300 sec this turn | 300 sec total | 5 sec grace\n|\n|t:|1783563509\n|switch|p2a: Dachsbun|Dachsbun, L92, F|254/254\n|-damage|p2a: Dachsbun|223/254|[from] Stealth Rock\n|turn|16\n|inactive|Time left: 300 sec this turn | 300 sec total\n|\n|t:|1783563510\n|switch|p1a: Arceus|Arceus-Fairy, L69|100/100\n|move|p2a: Dachsbun|Play Rough|p1a: Arceus\n|-damage|p1a: Arceus|68/100\n|\n|-heal|p2a: Dachsbun|238/254|[from] item: Leftovers\n|upkeep\n|turn|17\n|inactive|Time left: 300 sec this turn | 300 sec total\n|\n|t:|1783563511\n|move|p2a: Dachsbun|Play Rough|p1a: Arceus|[miss]\n|-miss|p2a: Dachsbun|p1a: Arceus\n|move|p1a: Arceus|Recover|p1a: Arceus\n|-heal|p1a: Arceus|100/100\n|\n|-heal|p2a: Dachsbun|253/254|[from] item: Leftovers\n|upkeep\n|turn|18\n|inactive|Time left: 300 sec this turn | 300 sec total\n|\n|t:|1783563512\n|move|p2a: Dachsbun|Yawn|p1a: Arceus\n|-start|p1a: Arceus|move: Yawn|[of] p2a: Dachsbun\n|move|p1a: Arceus|Calm Mind|p1a: Arceus\n|-boost|p1a: Arceus|spa|1\n|-boost|p1a: Arceus|spd|1\n|\n|-heal|p2a: Dachsbun|254/254|[from] item: Leftovers\n|upkeep\n|turn|19\n|inactive|Time left: 300 sec this turn | 300 sec total\n|\n|t:|1783563513\n|move|p2a: Dachsbun|Play Rough|p1a: Arceus\n|-damage|p1a: Arceus|67/100\n|move|p1a: Arceus|Calm Mind|p1a: Arceus\n|-boost|p1a: Arceus|spa|1\n|-boost|p1a: Arceus|spd|1\n|\n|-end|p1a: Arceus|move: Yawn|[silent]\n|-status|p1a: Arceus|slp\n|upkeep\n|turn|20\n|inactive|Time left: 300 sec this turn | 300 sec total\n|\n|t:|1783563514\n|move|p2a: Dachsbun|Play Rough|p1a: Arceus\n|-damage|p1a: Arceus|35/100 slp\n|-unboost|p1a: Arceus|atk|1\n|cant|p1a: Arceus|slp\n|\n|upkeep\n|turn|21\n|inactive|Time left: 300 sec this turn | 300 sec total\n|\n|t:|1783563515\n|move|p2a: Dachsbun|Play Rough|p1a: Arceus\n|-damage|p1a: Arceus|4/100 slp\n|cant|p1a: Arceus|slp\n|\n|upkeep\n|turn|22\n|inactive|Time left: 300 sec this turn | 300 sec total\n|\n|t:|1783563516\n|move|p2a: Dachsbun|Play Rough|p1a: Arceus\n|-damage|p1a: Arceus|0 fnt\n|faint|p1a: Arceus\n|\n|upkeep\n|\n|t:|1783563517\n|switch|p1a: Passimian|Passimian, L83, F|100/100\n|turn|23\n|inactive|Time left: 300 sec this turn | 300 sec total\n|\n|t:|1783563518\n|move|p2a: Dachsbun|Play Rough|p1a: Passimian\n|-supereffective|p1a: Passimian\n|-damage|p1a: Passimian|33/100\n|move|p1a: Passimian|Gunk Shot|p2a: Dachsbun\n|-supereffective|p2a: Dachsbun\n|-damage|p2a: Dachsbun|26/254\n|\n|-heal|p2a: Dachsbun|41/254|[from] item: Leftovers\n|upkeep\n|turn|24\n|inactive|Time left: 300 sec this turn | 300 sec total\n|\n|t:|1783563520\n|move|p2a: Dachsbun|Play Rough|p1a: Passimian\n|-supereffective|p1a: Passimian\n|-damage|p1a: Passimian|0 fnt\n|faint|p1a: Passimian\n|\n|-heal|p2a: Dachsbun|56/254|[from] item: Leftovers\n|upkeep\n|\n|t:|1783563521\n|switch|p1a: Electrode|Electrode, L92|100/100\n|turn|25\n|inactive|Time left: 300 sec this turn | 300 sec total\n|\n|t:|1783563521\n|move|p2a: Dachsbun|Protect|p2a: Dachsbun\n|-singleturn|p2a: Dachsbun|Protect\n|move|p1a: Electrode|Thunderbolt|p2a: Dachsbun\n|-activate|p2a: Dachsbun|move: Protect\n|\n|-heal|p2a: Dachsbun|71/254|[from] item: Leftovers\n|upkeep\n|turn|26\n|inactive|Time left: 300 sec this turn | 300 sec total\n|\n|t:|1783563522\n|move|p1a: Electrode|Thunderbolt|p2a: Dachsbun\n|-damage|p2a: Dachsbun|0 fnt\n|faint|p2a: Dachsbun\n|-damage|p1a: Electrode|90/100|[from] item: Life Orb\n|\n|upkeep\n|inactive|Time left: 300 sec this turn | 300 sec total | 5 sec grace\n|\n|t:|1783563523\n|switch|p2a: Hatterene|Hatterene, L85, F|175/236\n|-damage|p2a: Hatterene|146/236|[from] Stealth Rock\n|turn|27\n|inactive|Time left: 300 sec this turn | 300 sec total\n|\n|t:|1783563524\n|move|p1a: Electrode|Foul Play|p2a: Hatterene\n|-damage|p2a: Hatterene|58/236\n|-damage|p1a: Electrode|80/100|[from] item: Life Orb\n|move|p2a: Hatterene|Draining Kiss|p1a: Electrode\n|-damage|p1a: Electrode|50/100\n|-heal|p2a: Hatterene|117/236|[from] drain|[of] p1a: Electrode\n|\n|upkeep\n|turn|28\n|inactive|Time left: 300 sec this turn | 300 sec total\n|\n|t:|1783563525\n|-terastallize|p1a: Electrode|Dark\n|move|p1a: Electrode|Foul Play|p2a: Hatterene\n|-damage|p2a: Hatterene|0 fnt\n|faint|p2a: Hatterene\n|-damage|p1a: Electrode|40/100|[from] item: Life Orb\n|\n|upkeep\n|inactive|Time left: 300 sec this turn | 300 sec total | 5 sec grace\n|\n|t:|1783563526\n|switch|p2a: Cinccino|Cinccino, L83, M|260/260\n|-damage|p2a: Cinccino|228/260|[from] Stealth Rock\n|turn|29\n|inactive|Time left: 300 sec this turn | 300 sec total\n|\n|t:|1783563527\n|move|p1a: Electrode|Thunder Wave|p2a: Cinccino|[miss]\n|-miss|p1a: Electrode|p2a: Cinccino\n|move|p2a: Cinccino|U-turn|p1a: Electrode\n|-supereffective|p1a: Electrode\n|-damage|p1a: Electrode|0 fnt\n|-damage|p2a: Cinccino|163/260|[from] ability: Aftermath|[of] p1a: Electrode\n|faint|p1a: Electrode\n|inactive|Time left: 300 sec this turn | 300 sec total | 5 sec grace\n|\n|t:|1783563528\n|switch|p2a: Lumineon|Lumineon, L93, F|279/279|[from] U-turn\n|-damage|p2a: Lumineon|245/279|[from] Stealth Rock\n|\n|upkeep\n|\n|t:|1783563529\n|switch|p1a: Weavile|Weavile, L79, M|100/100\n|turn|30\n|inactive|Time left: 300 sec this turn | 300 sec total\n|\n|t:|1783563529\n|move|p1a: Weavile|Swords Dance|p1a: Weavile\n|-boost|p1a: Weavile|atk|2\n|move|p2a: Lumineon|Alluring Voice|p1a: Weavile\n|-supereffective|p1a: Weavile\n|-damage|p1a: Weavile|33/100\n|-start|p1a: Weavile|confusion\n|-damage|p2a: Lumineon|218/279|[from] item: Life Orb\n|\n|upkeep\n|turn|31\n|inactive|Time left: 300 sec this turn | 300 sec total\n|\n|t:|1783563530\n|-activate|p1a: Weavile|confusion\n|move|p1a: Weavile|Knock Off|p2a: Lumineon\n|-damage|p2a: Lumineon|2/279\n|-enditem|p2a: Lumineon|Life Orb|[from] move: Knock Off|[of] p1a: Weavile\n|move|p2a: Lumineon|Alluring Voice|p1a: Weavile\n|-supereffective|p1a: Weavile\n|-damage|p1a: Weavile|0 fnt\n|faint|p1a: Weavile\n|\n|win|p0y209702d0", "uploadtime": 1783563530, "views": 0, "rating": 0, "private": 0, "password": null, "_winner": "p0y209702d0", "_our_name": "p0y209702d0"}