{"id": "battle-gen9randombattle-1331", "formatid": "gen9randombattle", "format": "[Gen 9] Random Battle", "players": ["p0x13318524", "p0y1331a91d"], "log": "|init|battle\n|title|p0x13318524 vs. p0y1331a91d\n|j|\u2606p0x13318524\n|j|\u2606p0y1331a91d\n|t:|1783555437\n|gametype|singles\n|player|p1|p0x13318524|170|\n|player|p2|p0y1331a91d|1|\n|gen|9\n|tier|[Gen 9] Random Battle\n|rule|Species Clause: Limit one of each Pok\u00e9mon\n|rule|HP Percentage Mod: HP is shown in percentages\n|rule|Sleep Clause Mod: Limit one foe put to sleep\n|rule|Illusion Level Mod: Illusion disguises the Pok\u00e9mon's true level\n|\n|t:|1783555437\n|teamsize|p1|6\n|teamsize|p2|6\n|start\n|switch|p1a: Rayquaza|Rayquaza, L72|270/270\n|switch|p2a: Zarude|Zarude, L77|100/100\n|-ability|p1a: Rayquaza|Air Lock\n|turn|1\n|inactive|Battle timer is ON: inactive players will automatically lose when time's up. (requested by p0y1331a91d)\n|inactive|Time left: 300 sec this turn | 300 sec total | 60 sec grace\n|inactive|p0x13318524 also wants the timer to be on.\n|\n|t:|1783555439\n|move|p2a: Zarude|Swords Dance|p2a: Zarude\n|-boost|p2a: Zarude|atk|2\n|move|p1a: Rayquaza|Swords Dance|p1a: Rayquaza\n|-boost|p1a: Rayquaza|atk|2\n|\n|upkeep\n|turn|2\n|inactive|Time left: 300 sec this turn | 300 sec total\n|\n|t:|1783555440\n|switch|p1a: Iron Hands|Iron Hands, L79|373/373\n|move|p2a: Zarude|Knock Off|p1a: Iron Hands\n|-resisted|p1a: Iron Hands\n|-damage|p1a: Iron Hands|259/373\n|-enditem|p1a: Iron Hands|Leftovers|[from] move: Knock Off|[of] p2a: Zarude\n|-damage|p2a: Zarude|91/100|[from] item: Life Orb\n|\n|upkeep\n|turn|3\n|inactive|Time left: 300 sec this turn | 300 sec total\n|\n|t:|1783555441\n|-terastallize|p1a: Iron Hands|Flying\n|move|p2a: Zarude|Power Whip|p1a: Iron Hands\n|-resisted|p1a: Iron Hands\n|-damage|p1a: Iron Hands|116/373\n|-damage|p2a: Zarude|81/100|[from] item: Life Orb\n|move|p1a: Iron Hands|Drain Punch|p2a: Zarude\n|-supereffective|p2a: Zarude\n|-damage|p2a: Zarude|20/100\n|-heal|p1a: Iron Hands|204/373|[from] drain|[of] p2a: Zarude\n|\n|upkeep\n|turn|4\n|inactive|Time left: 300 sec this turn | 300 sec total\n|\n|t:|1783555442\n|move|p2a: Zarude|Knock Off|p1a: Iron Hands\n|-damage|p1a: Iron Hands|52/373\n|-damage|p2a: Zarude|10/100|[from] item: Life Orb\n|move|p1a: Iron Hands|Drain Punch|p2a: Zarude\n|-supereffective|p2a: Zarude\n|-damage|p2a: Zarude|0 fnt\n|-heal|p1a: Iron Hands|66/373|[from] drain|[of] p2a: Zarude\n|faint|p2a: Zarude\n|\n|upkeep\n|\n|t:|1783555444\n|switch|p2a: Lycanroc|Lycanroc-Dusk, L81, M|100/100\n|turn|5\n|inactive|Time left: 300 sec this turn | 300 sec total\n|\n|t:|1783555445\n|-end|p1a: Iron Hands|Quark Drive|[silent]\n|switch|p1a: Hypno|Hypno, L95, F|315/315\n|move|p2a: Lycanroc|Accelerock|p1a: Hypno\n|-damage|p1a: Hypno|218/315\n|\n|-heal|p1a: Hypno|237/315|[from] item: Leftovers\n|upkeep\n|turn|6\n|inactive|Time left: 300 sec this turn | 300 sec total\n|\n|t:|1783555446\n|move|p2a: Lycanroc|Accelerock|p1a: Hypno\n|-damage|p1a: Hypno|137/315\n|move|p1a: Hypno|Knock Off|p2a: Lycanroc\n|-damage|p2a: Lycanroc|63/100\n|-enditem|p2a: Lycanroc|Choice Band|[from] move: Knock Off|[of] p1a: Hypno\n|\n|-heal|p1a: Hypno|156/315|[from] item: Leftovers\n|upkeep\n|turn|7\n|inactive|Time left: 300 sec this turn | 300 sec total\n|\n|t:|1783555447\n|move|p2a: Lycanroc|Throat Chop|p1a: Hypno\n|-supereffective|p1a: Hypno\n|-damage|p1a: Hypno|0 fnt\n|faint|p1a: Hypno\n|\n|upkeep\n|inactive|Time left: 300 sec this turn | 300 sec total | 5 sec grace\n|\n|t:|1783555448\n|switch|p1a: Quagsire|Quagsire, L84, F|297/297\n|turn|8\n|inactive|Time left: 300 sec this turn | 300 sec total\n|\n|t:|1783555449\n|switch|p2a: Espeon|Espeon, L84, F|100/100\n|move|p1a: Quagsire|Earthquake|p2a: Espeon\n|-damage|p2a: Espeon|52/100\n|\n|upkeep\n|turn|9\n|inactive|Time left: 300 sec this turn | 300 sec total\n|\n|t:|1783555451\n|switch|p2a: Mudsdale|Mudsdale, L83, F|100/100\n|move|p1a: Quagsire|Earthquake|p2a: Mudsdale\n|-damage|p2a: Mudsdale|74/100\n|-ability|p2a: Mudsdale|Stamina|boost\n|-boost|p2a: Mudsdale|def|1\n|\n|-heal|p2a: Mudsdale|80/100|[from] item: Leftovers\n|upkeep\n|turn|10\n|inactive|Time left: 300 sec this turn | 300 sec total\n|\n|t:|1783555452\n|move|p1a: Quagsire|Spikes|p2a: Mudsdale\n|-sidestart|p2: p0y1331a91d|Spikes\n|move|p2a: Mudsdale|Earthquake|p1a: Quagsire\n|-damage|p1a: Quagsire|171/297\n|\n|-heal|p1a: Quagsire|189/297|[from] item: Leftovers\n|-heal|p2a: Mudsdale|86/100|[from] item: Leftovers\n|upkeep\n|turn|11\n|inactive|Time left: 300 sec this turn | 300 sec total\n|\n|t:|1783555453\n|move|p1a: Quagsire|Spikes|p2a: Mudsdale\n|-sidestart|p2: p0y1331a91d|Spikes\n|move|p2a: Mudsdale|Earthquake|p1a: Quagsire\n|-damage|p1a: Quagsire|65/297\n|\n|-heal|p1a: Quagsire|83/297|[from] item: Leftovers\n|-heal|p2a: Mudsdale|92/100|[from] item: Leftovers\n|upkeep\n|turn|12\n|inactive|Time left: 300 sec this turn | 300 sec total\n|\n|t:|1783555454\n|move|p1a: Quagsire|Recover|p1a: Quagsire\n|-heal|p1a: Quagsire|232/297\n|move|p2a: Mudsdale|Earthquake|p1a: Quagsire\n|-damage|p1a: Quagsire|106/297\n|\n|-heal|p1a: Quagsire|124/297|[from] item: Leftovers\n|-heal|p2a: Mudsdale|98/100|[from] item: Leftovers\n|upkeep\n|turn|13\n|inactive|Time left: 300 sec this turn | 300 sec total\n|\n|t:|1783555455\n|move|p1a: Quagsire|Recover|p1a: Quagsire\n|-heal|p1a: Quagsire|273/297\n|move|p2a: Mudsdale|Earthquake|p1a: Quagsire\n|-damage|p1a: Quagsire|132/297\n|\n|-heal|p1a: Quagsire|150/297|[from] item: Leftovers\n|-heal|p2a: Mudsdale|100/100|[from] item: Leftovers\n|upkeep\n|turn|14\n|inactive|Time left: 300 sec this turn | 300 sec total\n|\n|t:|1783555457\n|move|p1a: Quagsire|Recover|p1a: Quagsire\n|-heal|p1a: Quagsire|297/297\n|move|p2a: Mudsdale|Earthquake|p1a: Quagsire\n|-damage|p1a: Quagsire|162/297\n|\n|-heal|p1a: Quagsire|180/297|[from] item: Leftovers\n|upkeep\n|turn|15\n|inactive|Time left: 300 sec this turn | 300 sec total\n|\n|t:|1783555458\n|move|p1a: Quagsire|Recover|p1a: Quagsire\n|-heal|p1a: Quagsire|297/297\n|move|p2a: Mudsdale|Earthquake|p1a: Quagsire\n|-crit|p1a: Quagsire\n|-damage|p1a: Quagsire|104/297\n|\n|-heal|p1a: Quagsire|122/297|[from] item: Leftovers\n|upkeep\n|turn|16\n|inactive|Time left: 300 sec this turn | 300 sec total\n|\n|t:|1783555459\n|move|p1a: Quagsire|Recover|p1a: Quagsire\n|-heal|p1a: Quagsire|271/297\n|move|p2a: Mudsdale|Earthquake|p1a: Quagsire\n|-damage|p1a: Quagsire|129/297\n|\n|-heal|p1a: Quagsire|147/297|[from] item: Leftovers\n|upkeep\n|turn|17\n|inactive|Time left: 300 sec this turn | 300 sec total\n|\n|t:|1783555460\n|move|p1a: Quagsire|Recover|p1a: Quagsire\n|-heal|p1a: Quagsire|296/297\n|move|p2a: Mudsdale|Earthquake|p1a: Quagsire\n|-damage|p1a: Quagsire|170/297\n|\n|-heal|p1a: Quagsire|188/297|[from] item: Leftovers\n|upkeep\n|turn|18\n|inactive|Time left: 300 sec this turn | 300 sec total\n|\n|t:|1783555461\n|move|p1a: Quagsire|Recover|p1a: Quagsire\n|-heal|p1a: Quagsire|297/297\n|move|p2a: Mudsdale|Earthquake|p1a: Quagsire\n|-damage|p1a: Quagsire|177/297\n|\n|-heal|p1a: Quagsire|195/297|[from] item: Leftovers\n|upkeep\n|turn|19\n|inactive|Time left: 300 sec this turn | 300 sec total\n|\n|t:|1783555462\n|move|p1a: Quagsire|Spikes|p2a: Mudsdale\n|-sidestart|p2: p0y1331a91d|Spikes\n|move|p2a: Mudsdale|Earthquake|p1a: Quagsire\n|-damage|p1a: Quagsire|54/297\n|\n|-heal|p1a: Quagsire|72/297|[from] item: Leftovers\n|upkeep\n|turn|20\n|inactive|Time left: 300 sec this turn | 300 sec total\n|\n|t:|1783555463\n|move|p1a: Quagsire|Recover|p1a: Quagsire\n|-heal|p1a: Quagsire|221/297\n|move|p2a: Mudsdale|Earthquake|p1a: Quagsire\n|-crit|p1a: Quagsire\n|-damage|p1a: Quagsire|38/297\n|\n|-heal|p1a: Quagsire|56/297|[from] item: Leftovers\n|upkeep\n|turn|21\n|inactive|Time left: 300 sec this turn | 300 sec total\n|\n|t:|1783555464\n|move|p1a: Quagsire|Toxic|p2a: Mudsdale\n|-status|p2a: Mudsdale|tox\n|move|p2a: Mudsdale|Earthquake|p1a: Quagsire\n|-damage|p1a: Quagsire|0 fnt\n|faint|p1a: Quagsire\n|\n|-damage|p2a: Mudsdale|95/100 tox|[from] psn\n|upkeep\n|inactive|Time left: 300 sec this turn | 300 sec total | 5 sec grace\n|\n|t:|1783555465\n|switch|p1a: Iron Hands|Iron Hands, L79, tera:Flying|66/373\n|turn|22\n|inactive|Time left: 300 sec this turn | 300 sec total\n|\n|t:|1783555466\n|move|p1a: Iron Hands|Drain Punch|p2a: Mudsdale\n|-damage|p2a: Mudsdale|74/100 tox\n|-heal|p1a: Iron Hands|98/373|[from] drain|[of] p2a: Mudsdale\n|-ability|p2a: Mudsdale|Stamina|boost\n|-boost|p2a: Mudsdale|def|1\n|move|p2a: Mudsdale|Stone Edge|p1a: Iron Hands\n|-supereffective|p1a: Iron Hands\n|-damage|p1a: Iron Hands|0 fnt\n|faint|p1a: Iron Hands\n|-end|p1a: Iron Hands|Quark Drive|[silent]\n|\n|-heal|p2a: Mudsdale|80/100 tox|[from] item: Leftovers\n|-damage|p2a: Mudsdale|68/100 tox|[from] psn\n|upkeep\n|inactive|Time left: 300 sec this turn | 300 sec total | 5 sec grace\n|\n|t:|1783555467\n|switch|p1a: Swanna|Swanna, L89, M|278/278\n|turn|23\n|inactive|Time left: 300 sec this turn | 300 sec total\n|\n|t:|1783555468\n|move|p1a: Swanna|Hydro Pump|p2a: Mudsdale\n|-supereffective|p2a: Mudsdale\n|-damage|p2a: Mudsdale|0 fnt\n|faint|p2a: Mudsdale\n|\n|upkeep\n|\n|t:|1783555469\n|switch|p2a: Bellibolt|Bellibolt, L84, F|100/100\n|-damage|p2a: Bellibolt|75/100|[from] Spikes\n|turn|24\n|inactive|Time left: 300 sec this turn | 300 sec total\n|\n|t:|1783555470\n|switch|p1a: Regice|Regice, L88|284/284\n|move|p2a: Bellibolt|Thunderbolt|p1a: Regice\n|-damage|p1a: Regice|236/284\n|\n|-heal|p2a: Bellibolt|82/100|[from] item: Leftovers\n|upkeep\n|turn|25\n|inactive|Time left: 300 sec this turn | 300 sec total\n|\n|t:|1783555471\n|move|p1a: Regice|Ice Beam|p2a: Bellibolt\n|-damage|p2a: Bellibolt|50/100\n|-start|p2a: Bellibolt|Charge|Ice Beam|[from] ability: Electromorphosis\n|move|p2a: Bellibolt|Toxic|p1a: Regice\n|-status|p1a: Regice|tox\n|\n|-heal|p2a: Bellibolt|56/100|[from] item: Leftovers\n|-damage|p1a: Regice|219/284 tox|[from] psn\n|upkeep\n|turn|26\n|inactive|Time left: 300 sec this turn | 300 sec total\n|\n|t:|1783555472\n|move|p1a: Regice|Ice Beam|p2a: Bellibolt\n|-damage|p2a: Bellibolt|19/100\n|-start|p2a: Bellibolt|Charge|Ice Beam|[from] ability: Electromorphosis\n|move|p2a: Bellibolt|Slack Off|p2a: Bellibolt\n|-heal|p2a: Bellibolt|69/100\n|\n|-heal|p2a: Bellibolt|75/100|[from] item: Leftovers\n|-damage|p1a: Regice|185/284 tox|[from] psn\n|upkeep\n|turn|27\n|inactive|Time left: 300 sec this turn | 300 sec total\n|\n|t:|1783555473\n|move|p1a: Regice|Rest|p1a: Regice\n|-status|p1a: Regice|slp|[from] move: Rest\n|-heal|p1a: Regice|284/284 slp|[silent]\n|move|p2a: Bellibolt|Thunderbolt|p1a: Regice\n|-damage|p1a: Regice|185/284 slp\n|-end|p2a: Bellibolt|Charge|[silent]\n|\n|-heal|p2a: Bellibolt|81/100|[from] item: Leftovers\n|upkeep\n|turn|28\n|inactive|Time left: 300 sec this turn | 300 sec total\n|\n|t:|1783555474\n|cant|p1a: Regice|slp\n|move|p1a: Regice|Sleep Talk|p1a: Regice\n|move|p1a: Regice|Ice Beam|p2a: Bellibolt|[from] move: Sleep Talk\n|-damage|p2a: Bellibolt|49/100\n|-start|p2a: Bellibolt|Charge|Ice Beam|[from] ability: Electromorphosis\n|move|p2a: Bellibolt|Thunderbolt|p1a: Regice\n|-damage|p1a: Regice|94/284 slp\n|-end|p2a: Bellibolt|Charge|[silent]\n|\n|-heal|p2a: Bellibolt|55/100|[from] item: Leftovers\n|upkeep\n|turn|29\n|inactive|Time left: 300 sec this turn | 300 sec total\n|\n|t:|1783555475\n|cant|p1a: Regice|slp\n|move|p1a: Regice|Sleep Talk|p1a: Regice\n|move|p1a: Regice|Thunderbolt|p2a: Bellibolt|[from] move: Sleep Talk\n|-resisted|p2a: Bellibolt\n|-damage|p2a: Bellibolt|44/100\n|-start|p2a: Bellibolt|Charge|Thunderbolt|[from] ability: Electromorphosis\n|move|p2a: Bellibolt|Slack Off|p2a: Bellibolt\n|-heal|p2a: Bellibolt|94/100\n|\n|-heal|p2a: Bellibolt|99/100|[from] item: Leftovers\n|upkeep\n|turn|30\n|inactive|Time left: 300 sec this turn | 300 sec total\n|\n|t:|1783555476\n|-curestatus|p1a: Regice|slp|[msg]\n|move|p1a: Regice|Rest|p1a: Regice\n|-status|p1a: Regice|slp|[from] move: Rest\n|-heal|p1a: Regice|284/284 slp|[silent]\n|move|p2a: Bellibolt|Thunderbolt|p1a: Regice\n|-damage|p1a: Regice|193/284 slp\n|-end|p2a: Bellibolt|Charge|[silent]\n|\n|-heal|p2a: Bellibolt|100/100|[from] item: Leftovers\n|upkeep\n|turn|31\n|inactive|Time left: 300 sec this turn | 300 sec total\n|\n|t:|1783555477\n|cant|p1a: Regice|slp\n|move|p1a: Regice|Sleep Talk|p1a: Regice\n|move|p1a: Regice|Rest||[from] move: Sleep Talk|[still]\n|-fail|p1a: Regice\n|move|p2a: Bellibolt|Thunderbolt|p1a: Regice\n|-damage|p1a: Regice|144/284 slp\n|\n|upkeep\n|turn|32\n|inactive|Time left: 300 sec this turn | 300 sec total\n|\n|t:|1783555478\n|cant|p1a: Regice|slp\n|move|p1a: Regice|Sleep Talk|p1a: Regice\n|move|p1a: Regice|Ice Beam|p2a: Bellibolt|[from] move: Sleep Talk\n|-damage|p2a: Bellibolt|65/100\n|-start|p2a: Bellibolt|Charge|Ice Beam|[from] ability: Electromorphosis\n|move|p2a: Bellibolt|Muddy Water|p1a: Regice\n|-damage|p1a: Regice|112/284 slp\n|\n|-heal|p2a: Bellibolt|71/100|[from] item: Leftovers\n|upkeep\n|turn|33\n|inactive|Time left: 300 sec this turn | 300 sec total\n|\n|t:|1783555479\n|-curestatus|p1a: Regice|slp|[msg]\n|move|p1a: Regice|Rest|p1a: Regice\n|-status|p1a: Regice|slp|[from] move: Rest\n|-heal|p1a: Regice|284/284 slp|[silent]\n|move|p2a: Bellibolt|Thunderbolt|p1a: Regice\n|-damage|p1a: Regice|184/284 slp\n|-end|p2a: Bellibolt|Charge|[silent]\n|\n|-heal|p2a: Bellibolt|77/100|[from] item: Leftovers\n|upkeep\n|turn|34\n|inactive|Time left: 300 sec this turn | 300 sec total\n|\n|t:|1783555480\n|cant|p1a: Regice|slp\n|move|p1a: Regice|Sleep Talk|p1a: Regice\n|move|p1a: Regice|Rest||[from] move: Sleep Talk|[still]\n|-fail|p1a: Regice\n|move|p2a: Bellibolt|Muddy Water|p1a: Regice\n|-damage|p1a: Regice|153/284 slp\n|\n|-heal|p2a: Bellibolt|83/100|[from] item: Leftovers\n|upkeep\n|turn|35\n|inactive|Time left: 300 sec this turn | 300 sec total\n|\n|t:|1783555481\n|cant|p1a: Regice|slp\n|move|p1a: Regice|Sleep Talk|p1a: Regice\n|move|p1a: Regice|Thunderbolt|p2a: Bellibolt|[from] move: Sleep Talk\n|-resisted|p2a: Bellibolt\n|-damage|p2a: Bellibolt|71/100\n|-start|p2a: Bellibolt|Charge|Thunderbolt|[from] ability: Electromorphosis\n|move|p2a: Bellibolt|Thunderbolt|p1a: Regice\n|-damage|p1a: Regice|56/284 slp\n|-end|p2a: Bellibolt|Charge|[silent]\n|\n|-heal|p2a: Bellibolt|77/100|[from] item: Leftovers\n|upkeep\n|turn|36\n|inactive|Time left: 300 sec this turn | 300 sec total\n|\n|t:|1783555482\n|-curestatus|p1a: Regice|slp|[msg]\n|move|p1a: Regice|Rest|p1a: Regice\n|-status|p1a: Regice|slp|[from] move: Rest\n|-heal|p1a: Regice|284/284 slp|[silent]\n|move|p2a: Bellibolt|Thunderbolt|p1a: Regice\n|-damage|p1a: Regice|236/284 slp\n|\n|-heal|p2a: Bellibolt|83/100|[from] item: Leftovers\n|upkeep\n|turn|37\n|inactive|Time left: 300 sec this turn | 300 sec total\n|\n|t:|1783555483\n|cant|p1a: Regice|slp\n|move|p1a: Regice|Sleep Talk|p1a: Regice\n|move|p1a: Regice|Ice Beam|p2a: Bellibolt|[from] move: Sleep Talk\n|-damage|p2a: Bellibolt|45/100\n|-start|p2a: Bellibolt|Charge|Ice Beam|[from] ability: Electromorphosis\n|move|p2a: Bellibolt|Thunderbolt|p1a: Regice\n|-damage|p1a: Regice|140/284 slp\n|-end|p2a: Bellibolt|Charge|[silent]\n|\n|-heal|p2a: Bellibolt|52/100|[from] item: Leftovers\n|upkeep\n|turn|38\n|inactive|Time left: 300 sec this turn | 300 sec total\n|\n|t:|1783555484\n|cant|p1a: Regice|slp\n|move|p1a: Regice|Sleep Talk|p1a: Regice\n|move|p1a: Regice|Ice Beam|p2a: Bellibolt|[from] move: Sleep Talk\n|-damage|p2a: Bellibolt|17/100\n|-start|p2a: Bellibolt|Charge|Ice Beam|[from] ability: Electromorphosis\n|move|p2a: Bellibolt|Slack Off|p2a: Bellibolt\n|-heal|p2a: Bellibolt|67/100\n|\n|-heal|p2a: Bellibolt|73/100|[from] item: Leftovers\n|upkeep\n|turn|39\n|inactive|Time left: 300 sec this turn | 300 sec total\n|\n|t:|1783555485\n|-curestatus|p1a: Regice|slp|[msg]\n|move|p1a: Regice|Ice Beam|p2a: Bellibolt\n|-damage|p2a: Bellibolt|39/100\n|-start|p2a: Bellibolt|Charge|Ice Beam|[from] ability: Electromorphosis\n|move|p2a: Bellibolt|Thunderbolt|p1a: Regice\n|-damage|p1a: Regice|46/284\n|-end|p2a: Bellibolt|Charge|[silent]\n|\n|-heal|p2a: Bellibolt|45/100|[from] item: Leftovers\n|upkeep\n|turn|40\n|inactive|Time left: 300 sec this turn | 300 sec total\n|\n|t:|1783555487\n|move|p1a: Regice|Rest|p1a: Regice\n|-status|p1a: Regice|slp|[from] move: Rest\n|-heal|p1a: Regice|284/284 slp|[silent]\n|move|p2a: Bellibolt|Thunderbolt|p1a: Regice\n|-damage|p1a: Regice|233/284 slp\n|\n|-heal|p2a: Bellibolt|52/100|[from] item: Leftovers\n|upkeep\n|turn|41\n|inactive|Time left: 300 sec this turn | 300 sec total\n|\n|t:|1783555488\n|cant|p1a: Regice|slp\n|move|p1a: Regice|Sleep Talk|p1a: Regice\n|move|p1a: Regice|Rest||[from] move: Sleep Talk|[still]\n|-fail|p1a: Regice\n|move|p2a: Bellibolt|Slack Off|p2a: Bellibolt\n|-heal|p2a: Bellibolt|100/100\n|\n|upkeep\n|turn|42\n|inactive|Time left: 300 sec this turn | 300 sec total\n|\n|t:|1783555489\n|cant|p1a: Regice|slp\n|move|p1a: Regice|Sleep Talk|p1a: Regice\n|move|p1a: Regice|Ice Beam|p2a: Bellibolt|[from] move: Sleep Talk\n|-damage|p2a: Bellibolt|67/100\n|-status|p2a: Bellibolt|frz\n|-start|p2a: Bellibolt|Charge|Ice Beam|[from] ability: Electromorphosis\n|-curestatus|p2a: Bellibolt|frz|[msg]\n|move|p2a: Bellibolt|Thunderbolt|p1a: Regice\n|-damage|p1a: Regice|131/284 slp\n|-end|p2a: Bellibolt|Charge|[silent]\n|\n|-heal|p2a: Bellibolt|74/100|[from] item: Leftovers\n|upkeep\n|turn|43\n|inactive|Time left: 300 sec this turn | 300 sec total\n|\n|t:|1783555490\n|-curestatus|p1a: Regice|slp|[msg]\n|move|p1a: Regice|Ice Beam|p2a: Bellibolt\n|-damage|p2a: Bellibolt|41/100\n|-start|p2a: Bellibolt|Charge|Ice Beam|[from] ability: Electromorphosis\n|move|p2a: Bellibolt|Toxic|p1a: Regice\n|-status|p1a: Regice|tox\n|\n|-heal|p2a: Bellibolt|47/100|[from] item: Leftovers\n|-damage|p1a: Regice|114/284 tox|[from] psn\n|upkeep\n|turn|44\n|inactive|Time left: 300 sec this turn | 300 sec total\n|\n|t:|1783555491\n|move|p1a: Regice|Rest|p1a: Regice\n|-status|p1a: Regice|slp|[from] move: Rest\n|-heal|p1a: Regice|284/284 slp|[silent]\n|move|p2a: Bellibolt|Thunderbolt|p1a: Regice\n|-crit|p1a: Regice\n|-damage|p1a: Regice|131/284 slp\n|-end|p2a: Bellibolt|Charge|[silent]\n|\n|-heal|p2a: Bellibolt|53/100|[from] item: Leftovers\n|upkeep\n|turn|45\n|inactive|Time left: 300 sec this turn | 300 sec total\n|\n|t:|1783555492\n|cant|p1a: Regice|slp\n|move|p1a: Regice|Sleep Talk|p1a: Regice\n|move|p1a: Regice|Rest||[from] move: Sleep Talk|[still]\n|-fail|p1a: Regice\n|move|p2a: Bellibolt|Thunderbolt|p1a: Regice\n|-damage|p1a: Regice|83/284 slp\n|\n|-heal|p2a: Bellibolt|60/100|[from] item: Leftovers\n|upkeep\n|turn|46\n|inactive|Time left: 300 sec this turn | 300 sec total\n|\n|t:|1783555493\n|cant|p1a: Regice|slp\n|move|p1a: Regice|Sleep Talk|p1a: Regice\n|move|p1a: Regice|Thunderbolt|p2a: Bellibolt|[from] move: Sleep Talk\n|-resisted|p2a: Bellibolt\n|-damage|p2a: Bellibolt|48/100\n|-start|p2a: Bellibolt|Charge|Thunderbolt|[from] ability: Electromorphosis\n|move|p2a: Bellibolt|Thunderbolt|p1a: Regice\n|-damage|p1a: Regice|0 fnt\n|faint|p1a: Regice\n|-end|p2a: Bellibolt|Charge|[silent]\n|\n|-heal|p2a: Bellibolt|54/100|[from] item: Leftovers\n|upkeep\n|inactive|Time left: 300 sec this turn | 300 sec total | 5 sec grace\n|\n|t:|1783555494\n|switch|p1a: Rayquaza|Rayquaza, L72|270/270\n|-ability|p1a: Rayquaza|Air Lock\n|turn|47\n|inactive|Time left: 300 sec this turn | 300 sec total\n|\n|t:|1783555495\n|move|p1a: Rayquaza|Swords Dance|p1a: Rayquaza\n|-boost|p1a: Rayquaza|atk|2\n|move|p2a: Bellibolt|Thunderbolt|p1a: Rayquaza\n|-damage|p1a: Rayquaza|161/270\n|\n|-heal|p2a: Bellibolt|60/100|[from] item: Leftovers\n|upkeep\n|turn|48\n|inactive|Time left: 300 sec this turn | 300 sec total\n|\n|t:|1783555496\n|move|p1a: Rayquaza|Scale Shot|p2a: Bellibolt\n|-damage|p2a: Bellibolt|44/100\n|-start|p2a: Bellibolt|Charge|Scale Shot|[from] ability: Electromorphosis\n|-damage|p2a: Bellibolt|28/100\n|-start|p2a: Bellibolt|Charge|Scale Shot|[from] ability: Electromorphosis\n|-damage|p2a: Bellibolt|11/100\n|-start|p2a: Bellibolt|Charge|Scale Shot|[from] ability: Electromorphosis\n|-damage|p2a: Bellibolt|0 fnt\n|faint|p2a: Bellibolt\n|-hitcount|p2: Bellibolt|4\n|-unboost|p1a: Rayquaza|def|1\n|-boost|p1a: Rayquaza|spe|1\n|\n|upkeep\n|\n|t:|1783555497\n|switch|p2a: Lycanroc|Lycanroc-Dusk, L81, M|63/100\n|-damage|p2a: Lycanroc|39/100|[from] Spikes\n|turn|49\n|inactive|Time left: 300 sec this turn | 300 sec total\n|\n|t:|1783555498\n|move|p2a: Lycanroc|Accelerock|p1a: Rayquaza\n|-supereffective|p1a: Rayquaza\n|-damage|p1a: Rayquaza|0 fnt\n|faint|p1a: Rayquaza\n|\n|upkeep\n|inactive|Time left: 300 sec this turn | 300 sec total | 5 sec grace\n|\n|t:|1783555499\n|switch|p1a: Swanna|Swanna, L89, M|278/278\n|turn|50\n|inactive|Time left: 300 sec this turn | 300 sec total\n|\n|t:|1783555500\n|move|p2a: Lycanroc|Accelerock|p1a: Swanna\n|-supereffective|p1a: Swanna\n|-damage|p1a: Swanna|120/278\n|move|p1a: Swanna|Roost|p1a: Swanna\n|-heal|p1a: Swanna|259/278\n|-singleturn|p1a: Swanna|move: Roost\n|\n|upkeep\n|turn|51\n|inactive|Time left: 300 sec this turn | 300 sec total\n|\n|t:|1783555501\n|move|p2a: Lycanroc|Accelerock|p1a: Swanna\n|-supereffective|p1a: Swanna\n|-damage|p1a: Swanna|119/278\n|move|p1a: Swanna|Roost|p1a: Swanna\n|-heal|p1a: Swanna|258/278\n|-singleturn|p1a: Swanna|move: Roost\n|\n|upkeep\n|turn|52\n|inactive|Time left: 300 sec this turn | 300 sec total\n|\n|t:|1783555502\n|move|p2a: Lycanroc|Accelerock|p1a: Swanna\n|-supereffective|p1a: Swanna\n|-damage|p1a: Swanna|118/278\n|move|p1a: Swanna|Roost|p1a: Swanna\n|-heal|p1a: Swanna|257/278\n|-singleturn|p1a: Swanna|move: Roost\n|\n|upkeep\n|turn|53\n|inactive|Time left: 300 sec this turn | 300 sec total\n|\n|t:|1783555503\n|move|p2a: Lycanroc|Accelerock|p1a: Swanna\n|-supereffective|p1a: Swanna\n|-damage|p1a: Swanna|105/278\n|move|p1a: Swanna|Roost|p1a: Swanna\n|-heal|p1a: Swanna|244/278\n|-singleturn|p1a: Swanna|move: Roost\n|\n|upkeep\n|turn|54\n|inactive|Time left: 300 sec this turn | 300 sec total\n|\n|t:|1783555504\n|move|p2a: Lycanroc|Accelerock|p1a: Swanna\n|-supereffective|p1a: Swanna\n|-damage|p1a: Swanna|86/278\n|move|p1a: Swanna|Roost|p1a: Swanna\n|-heal|p1a: Swanna|225/278\n|-singleturn|p1a: Swanna|move: Roost\n|\n|upkeep\n|turn|55\n|inactive|Time left: 300 sec this turn | 300 sec total\n|\n|t:|1783555505\n|move|p2a: Lycanroc|Accelerock|p1a: Swanna\n|-supereffective|p1a: Swanna\n|-damage|p1a: Swanna|91/278\n|move|p1a: Swanna|Roost|p1a: Swanna\n|-heal|p1a: Swanna|230/278\n|-singleturn|p1a: Swanna|move: Roost\n|\n|upkeep\n|turn|56\n|inactive|Time left: 300 sec this turn | 300 sec total\n|\n|t:|1783555506\n|move|p2a: Lycanroc|Accelerock|p1a: Swanna\n|-supereffective|p1a: Swanna\n|-damage|p1a: Swanna|80/278\n|move|p1a: Swanna|Roost|p1a: Swanna\n|-heal|p1a: Swanna|219/278\n|-singleturn|p1a: Swanna|move: Roost\n|\n|upkeep\n|turn|57\n|inactive|Time left: 300 sec this turn | 300 sec total\n|\n|t:|1783555507\n|move|p2a: Lycanroc|Accelerock|p1a: Swanna\n|-supereffective|p1a: Swanna\n|-damage|p1a: Swanna|81/278\n|move|p1a: Swanna|Roost|p1a: Swanna\n|-heal|p1a: Swanna|220/278\n|-singleturn|p1a: Swanna|move: Roost\n|\n|upkeep\n|turn|58\n|inactive|Time left: 300 sec this turn | 300 sec total\n|\n|t:|1783555508\n|-terastallize|p2a: Lycanroc|Fighting\n|move|p2a: Lycanroc|Accelerock|p1a: Swanna\n|-supereffective|p1a: Swanna\n|-damage|p1a: Swanna|74/278\n|move|p1a: Swanna|Hydro Pump|p2a: Lycanroc\n|-damage|p2a: Lycanroc|0 fnt\n|faint|p2a: Lycanroc\n|\n|upkeep\n|\n|t:|1783555509\n|switch|p2a: Espeon|Espeon, L84, F|52/100\n|-damage|p2a: Espeon|27/100|[from] Spikes\n|turn|59\n|inactive|Time left: 300 sec this turn | 300 sec total\n|\n|t:|1783555510\n|move|p2a: Espeon|Shadow Ball|p1a: Swanna\n|-damage|p1a: Swanna|0 fnt\n|faint|p1a: Swanna\n|-damage|p2a: Espeon|17/100|[from] item: Life Orb\n|\n|win|p0y1331a91d", "uploadtime": 1783555510, "views": 0, "rating": 0, "private": 0, "password": null, "_winner": "p0y1331a91d", "_our_name": "p0x13318524"}