{"id": "battle-gen9randombattle-2146", "formatid": "gen9randombattle", "format": "[Gen 9] Random Battle", "players": ["p0x214600a0", "p0y2146934a"], "log": "|init|battle\n|title|p0x214600a0 vs. p0y2146934a\n|j|\u2606p0x214600a0\n|j|\u2606p0y2146934a\n|t:|1783564024\n|gametype|singles\n|player|p1|p0x214600a0|2|\n|player|p2|p0y2146934a|101|\n|gen|9\n|tier|[Gen 9] Random Battle\n|rule|Species Clause: Limit one of each Pok\u00e9mon\n|rule|HP Percentage Mod: HP is shown in percentages\n|rule|Sleep Clause Mod: Limit one foe put to sleep\n|rule|Illusion Level Mod: Illusion disguises the Pok\u00e9mon's true level\n|\n|t:|1783564024\n|teamsize|p1|6\n|teamsize|p2|6\n|start\n|switch|p1a: Ninetales|Ninetales-Alola, L78, F|242/242\n|switch|p2a: Volcarona|Volcarona, L77, M|100/100\n|-weather|Snowscape|[from] ability: Snow Warning|[of] p1a: Ninetales\n|turn|1\n|inactive|Battle timer is ON: inactive players will automatically lose when time's up. (requested by p0x214600a0)\n|\n|t:|1783564026\n|move|p1a: Ninetales|Aurora Veil|p1a: Ninetales\n|-sidestart|p1: p0x214600a0|move: Aurora Veil\n|move|p2a: Volcarona|Quiver Dance|p2a: Volcarona\n|-boost|p2a: Volcarona|spa|1\n|-boost|p2a: Volcarona|spd|1\n|-boost|p2a: Volcarona|spe|1\n|\n|-weather|Snowscape|[upkeep]\n|upkeep\n|turn|2\n|inactive|Time left: 300 sec this turn | 300 sec total\n|inactive|p0y2146934a also wants the timer to be on.\n|\n|t:|1783564027\n|move|p2a: Volcarona|Fiery Dance|p1a: Ninetales\n|-supereffective|p1a: Ninetales\n|-damage|p1a: Ninetales|106/242\n|move|p1a: Ninetales|Encore|p2a: Volcarona\n|-start|p2a: Volcarona|Encore\n|\n|-weather|Snowscape|[upkeep]\n|upkeep\n|turn|3\n|inactive|Time left: 300 sec this turn | 300 sec total\n|\n|t:|1783564028\n|switch|p1a: Quagsire|Quagsire, L84, F|297/297\n|move|p2a: Volcarona|Fiery Dance|p1a: Quagsire\n|-resisted|p1a: Quagsire\n|-damage|p1a: Quagsire|266/297\n|\n|-weather|Snowscape|[upkeep]\n|-heal|p1a: Quagsire|284/297|[from] item: Leftovers\n|upkeep\n|turn|4\n|inactive|Time left: 300 sec this turn | 300 sec total\n|\n|t:|1783564029\n|move|p2a: Volcarona|Fiery Dance|p1a: Quagsire\n|-resisted|p1a: Quagsire\n|-damage|p1a: Quagsire|257/297\n|move|p1a: Quagsire|Earthquake|p2a: Volcarona\n|-damage|p2a: Volcarona|49/100\n|\n|-weather|Snowscape|[upkeep]\n|-heal|p1a: Quagsire|275/297|[from] item: Leftovers\n|upkeep\n|turn|5\n|inactive|Time left: 300 sec this turn | 300 sec total\n|\n|t:|1783564030\n|move|p2a: Volcarona|Fiery Dance|p1a: Quagsire\n|-resisted|p1a: Quagsire\n|-damage|p1a: Quagsire|249/297\n|move|p1a: Quagsire|Earthquake|p2a: Volcarona\n|-damage|p2a: Volcarona|0 fnt\n|faint|p2a: Volcarona\n|\n|-weather|none\n|-heal|p1a: Quagsire|267/297|[from] item: Leftovers\n|upkeep\n|\n|t:|1783564031\n|switch|p2a: Drednaw|Drednaw, L81, M|100/100\n|turn|6\n|inactive|Time left: 300 sec this turn | 300 sec total\n|\n|t:|1783564033\n|-terastallize|p2a: Drednaw|Ground\n|move|p2a: Drednaw|Shell Smash|p2a: Drednaw\n|-unboost|p2a: Drednaw|def|1\n|-unboost|p2a: Drednaw|spd|1\n|-boost|p2a: Drednaw|atk|2\n|-boost|p2a: Drednaw|spa|2\n|-boost|p2a: Drednaw|spe|2\n|-enditem|p2a: Drednaw|White Herb\n|-clearnegativeboost|p2a: Drednaw|[silent]\n|move|p1a: Quagsire|Earthquake|p2a: Drednaw\n|-damage|p2a: Drednaw|62/100\n|\n|-heal|p1a: Quagsire|285/297|[from] item: Leftovers\n|upkeep\n|turn|7\n|inactive|Time left: 300 sec this turn | 300 sec total\n|\n|t:|1783564034\n|move|p2a: Drednaw|Earthquake|p1a: Quagsire\n|-damage|p1a: Quagsire|225/297\n|move|p1a: Quagsire|Earthquake|p2a: Drednaw\n|-damage|p2a: Drednaw|30/100\n|\n|-heal|p1a: Quagsire|243/297|[from] item: Leftovers\n|upkeep\n|turn|8\n|inactive|Time left: 300 sec this turn | 300 sec total\n|\n|t:|1783564035\n|move|p2a: Drednaw|Liquidation|p1a: Quagsire\n|-damage|p1a: Quagsire|195/297\n|move|p1a: Quagsire|Ice Beam|p2a: Drednaw\n|-supereffective|p2a: Drednaw\n|-damage|p2a: Drednaw|0 fnt\n|faint|p2a: Drednaw\n|\n|-heal|p1a: Quagsire|213/297|[from] item: Leftovers\n|-sideend|p1: p0x214600a0|move: Aurora Veil\n|upkeep\n|\n|t:|1783564036\n|switch|p2a: Tornadus|Tornadus, L82, M|100/100\n|turn|9\n|inactive|Time left: 300 sec this turn | 300 sec total\n|\n|t:|1783564037\n|switch|p1a: Magnezone|Magnezone, L85|258/258\n|move|p2a: Tornadus|Nasty Plot|p2a: Tornadus\n|-boost|p2a: Tornadus|spa|2\n|\n|upkeep\n|turn|10\n|inactive|Time left: 300 sec this turn | 300 sec total\n|\n|t:|1783564038\n|move|p2a: Tornadus|Focus Blast|p1a: Magnezone|[miss]\n|-miss|p2a: Tornadus|p1a: Magnezone\n|move|p1a: Magnezone|Volt Switch|p2a: Tornadus\n|-supereffective|p2a: Tornadus\n|-damage|p2a: Tornadus|23/100\n|inactive|Time left: 300 sec this turn | 300 sec total | 5 sec grace\n|\n|t:|1783564038\n|switch|p1a: Flutter Mane|Flutter Mane, L74|203/203|[from] Volt Switch\n|\n|upkeep\n|turn|11\n|inactive|Time left: 300 sec this turn | 300 sec total\n|\n|t:|1783564039\n|move|p1a: Flutter Mane|Moonblast|p2a: Tornadus\n|-damage|p2a: Tornadus|0 fnt\n|faint|p2a: Tornadus\n|\n|upkeep\n|\n|t:|1783564040\n|switch|p2a: Arceus|Arceus-Ghost, L69|100/100\n|turn|12\n|inactive|Time left: 300 sec this turn | 300 sec total\n|\n|t:|1783564041\n|move|p1a: Flutter Mane|Moonblast|p2a: Arceus\n|-damage|p2a: Arceus|47/100\n|move|p2a: Arceus|Calm Mind|p2a: Arceus\n|-boost|p2a: Arceus|spa|1\n|-boost|p2a: Arceus|spd|1\n|\n|upkeep\n|turn|13\n|inactive|Time left: 300 sec this turn | 300 sec total\n|\n|t:|1783564042\n|-terastallize|p1a: Flutter Mane|Fairy\n|move|p1a: Flutter Mane|Moonblast|p2a: Arceus\n|-damage|p2a: Arceus|0 fnt\n|faint|p2a: Arceus\n|\n|upkeep\n|\n|t:|1783564042\n|switch|p2a: Jolteon|Jolteon, L84, F|100/100\n|turn|14\n|inactive|Time left: 300 sec this turn | 300 sec total\n|\n|t:|1783564043\n|move|p2a: Jolteon|Thunderbolt|p1a: Flutter Mane\n|-damage|p1a: Flutter Mane|121/203\n|move|p1a: Flutter Mane|Moonblast|p2a: Jolteon\n|-damage|p2a: Jolteon|22/100\n|\n|upkeep\n|turn|15\n|inactive|Time left: 300 sec this turn | 300 sec total\n|\n|t:|1783564044\n|-end|p1a: Flutter Mane|Protosynthesis|[silent]\n|switch|p1a: Quagsire|Quagsire, L84, F|213/297\n|move|p2a: Jolteon|Alluring Voice|p1a: Quagsire\n|-damage|p1a: Quagsire|134/297\n|\n|-heal|p1a: Quagsire|152/297|[from] item: Leftovers\n|upkeep\n|turn|16\n|inactive|Time left: 300 sec this turn | 300 sec total\n|\n|t:|1783564044\n|move|p2a: Jolteon|Alluring Voice|p1a: Quagsire\n|-damage|p1a: Quagsire|71/297\n|move|p1a: Quagsire|Recover|p1a: Quagsire\n|-heal|p1a: Quagsire|220/297\n|\n|-heal|p1a: Quagsire|238/297|[from] item: Leftovers\n|upkeep\n|turn|17\n|inactive|Time left: 300 sec this turn | 300 sec total\n|\n|t:|1783564045\n|move|p2a: Jolteon|Alluring Voice|p1a: Quagsire\n|-damage|p1a: Quagsire|161/297\n|move|p1a: Quagsire|Earthquake|p2a: Jolteon\n|-supereffective|p2a: Jolteon\n|-damage|p2a: Jolteon|0 fnt\n|faint|p2a: Jolteon\n|\n|-heal|p1a: Quagsire|179/297|[from] item: Leftovers\n|upkeep\n|\n|t:|1783564045\n|switch|p2a: Dragapult|Dragapult, L77, F|100/100\n|turn|18\n|inactive|Time left: 300 sec this turn | 300 sec total\n|\n|t:|1783564046\n|switch|p1a: Flutter Mane|Flutter Mane, L74, tera:Fairy|121/203\n|move|p2a: Dragapult|Shadow Ball|p1a: Flutter Mane\n|-damage|p1a: Flutter Mane|33/203\n|\n|upkeep\n|turn|19\n|inactive|Time left: 300 sec this turn | 300 sec total\n|\n|t:|1783564047\n|-end|p1a: Flutter Mane|Protosynthesis|[silent]\n|switch|p1a: Darkrai|Darkrai, L77|234/234\n|move|p2a: Dragapult|Shadow Ball|p1a: Darkrai\n|-resisted|p1a: Darkrai\n|-damage|p1a: Darkrai|174/234\n|\n|upkeep\n|turn|20\n|inactive|Time left: 300 sec this turn | 300 sec total\n|\n|t:|1783564048\n|move|p2a: Dragapult|Shadow Ball|p1a: Darkrai\n|-resisted|p1a: Darkrai\n|-damage|p1a: Darkrai|117/234\n|move|p1a: Darkrai|Dark Pulse|p2a: Dragapult\n|-supereffective|p2a: Dragapult\n|-damage|p2a: Dragapult|0 fnt\n|faint|p2a: Dragapult\n|-damage|p1a: Darkrai|94/234|[from] item: Life Orb\n|\n|win|p0x214600a0", "uploadtime": 1783564048, "views": 0, "rating": 0, "private": 0, "password": null, "_winner": "p0x214600a0", "_our_name": "p0x214600a0"}