{"id": "battle-gen9randombattle-2228", "formatid": "gen9randombattle", "format": "[Gen 9] Random Battle", "players": ["p0x2228957c", "p0y22285a7d"], "log": "|init|battle\n|title|p0x2228957c vs. p0y22285a7d\n|j|\u2606p0x2228957c\n|j|\u2606p0y22285a7d\n|t:|1783564891\n|gametype|singles\n|player|p1|p0x2228957c|266|\n|player|p2|p0y22285a7d|265|\n|gen|9\n|tier|[Gen 9] Random Battle\n|rule|Species Clause: Limit one of each Pok\u00e9mon\n|rule|HP Percentage Mod: HP is shown in percentages\n|rule|Sleep Clause Mod: Limit one foe put to sleep\n|rule|Illusion Level Mod: Illusion disguises the Pok\u00e9mon's true level\n|\n|t:|1783564891\n|teamsize|p1|6\n|teamsize|p2|6\n|start\n|switch|p1a: Slowking|Slowking-Galar, L85, F|300/300\n|switch|p2a: Reuniclus|Reuniclus, L88, M|100/100\n|turn|1\n|inactive|Battle timer is ON: inactive players will automatically lose when time's up. (requested by p0x2228957c)\n|inactive|p0y22285a7d also wants the timer to be on.\n|\n|t:|1783564893\n|move|p2a: Reuniclus|Calm Mind|p2a: Reuniclus\n|-boost|p2a: Reuniclus|spa|1\n|-boost|p2a: Reuniclus|spd|1\n|move|p1a: Slowking|Sludge Bomb|p2a: Reuniclus\n|-damage|p2a: Reuniclus|79/100\n|\n|upkeep\n|turn|2\n|inactive|Time left: 300 sec this turn | 300 sec total\n|\n|t:|1783564894\n|move|p2a: Reuniclus|Psyshock|p1a: Slowking\n|-crit|p1a: Slowking\n|-damage|p1a: Slowking|0 fnt\n|faint|p1a: Slowking\n|\n|upkeep\n|inactive|Time left: 300 sec this turn | 300 sec total | 5 sec grace\n|\n|t:|1783564895\n|switch|p1a: Samurott|Samurott, L88, F|310/310\n|turn|3\n|inactive|Time left: 300 sec this turn | 300 sec total\n|\n|t:|1783564896\n|move|p1a: Samurott|Knock Off|p2a: Reuniclus\n|-supereffective|p2a: Reuniclus\n|-damage|p2a: Reuniclus|12/100\n|-enditem|p2a: Reuniclus|Life Orb|[from] move: Knock Off|[of] p1a: Samurott\n|-damage|p1a: Samurott|279/310|[from] item: Life Orb\n|move|p2a: Reuniclus|Psyshock|p1a: Samurott\n|-damage|p1a: Samurott|114/310\n|\n|upkeep\n|turn|4\n|inactive|Time left: 300 sec this turn | 300 sec total\n|\n|t:|1783564898\n|switch|p2a: Avalugg|Avalugg, L88, M|100/100\n|move|p1a: Samurott|Liquidation|p2a: Avalugg\n|-damage|p2a: Avalugg|79/100\n|-damage|p1a: Samurott|83/310|[from] item: Life Orb\n|\n|upkeep\n|turn|5\n|inactive|Time left: 300 sec this turn | 300 sec total\n|\n|t:|1783564899\n|switch|p1a: Mudsdale|Mudsdale, L83, M|302/302\n|move|p2a: Avalugg|Body Press|p1a: Mudsdale\n|-damage|p1a: Mudsdale|203/302\n|-ability|p1a: Mudsdale|Stamina|boost\n|-boost|p1a: Mudsdale|def|1\n|\n|-heal|p1a: Mudsdale|221/302|[from] item: Leftovers\n|upkeep\n|turn|6\n|inactive|Time left: 300 sec this turn | 300 sec total\n|\n|t:|1783564900\n|move|p2a: Avalugg|Avalanche|p1a: Mudsdale\n|-supereffective|p1a: Mudsdale\n|-damage|p1a: Mudsdale|129/302\n|-ability|p1a: Mudsdale|Stamina|boost\n|-boost|p1a: Mudsdale|def|1\n|move|p1a: Mudsdale|Roar|p2a: Avalugg\n|drag|p2a: Typhlosion|Typhlosion-Hisui, L83, M|100/100\n|\n|-heal|p1a: Mudsdale|147/302|[from] item: Leftovers\n|upkeep\n|turn|7\n|inactive|Time left: 300 sec this turn | 300 sec total\n|\n|t:|1783564902\n|move|p2a: Typhlosion|Eruption|p1a: Mudsdale\n|-damage|p1a: Mudsdale|0 fnt\n|faint|p1a: Mudsdale\n|\n|upkeep\n|inactive|Time left: 300 sec this turn | 300 sec total | 5 sec grace\n|\n|t:|1783564903\n|switch|p1a: Tyranitar|Tyranitar, L78, F|284/284\n|-weather|Sandstorm|[from] ability: Sand Stream|[of] p1a: Tyranitar\n|turn|8\n|inactive|Time left: 300 sec this turn | 300 sec total\n|\n|t:|1783564904\n|switch|p2a: Scrafty|Scrafty, L83, M|100/100\n|move|p1a: Tyranitar|Stone Edge|p2a: Scrafty\n|-resisted|p2a: Scrafty\n|-damage|p2a: Scrafty|82/100\n|\n|-weather|Sandstorm|[upkeep]\n|-damage|p2a: Scrafty|75/100|[from] Sandstorm\n|-heal|p2a: Scrafty|82/100|[from] item: Leftovers\n|upkeep\n|turn|9\n|inactive|Time left: 300 sec this turn | 300 sec total\n|\n|t:|1783564905\n|move|p2a: Scrafty|Drain Punch|p1a: Tyranitar\n|-supereffective|p1a: Tyranitar\n|-damage|p1a: Tyranitar|8/284\n|-heal|p2a: Scrafty|100/100|[from] drain|[of] p1a: Tyranitar\n|move|p1a: Tyranitar|Knock Off|p2a: Scrafty\n|-resisted|p2a: Scrafty\n|-damage|p2a: Scrafty|90/100\n|-enditem|p2a: Scrafty|Leftovers|[from] move: Knock Off|[of] p1a: Tyranitar\n|\n|-weather|Sandstorm|[upkeep]\n|-damage|p2a: Scrafty|84/100|[from] Sandstorm\n|-heal|p1a: Tyranitar|25/284|[from] item: Leftovers\n|upkeep\n|turn|10\n|inactive|Time left: 300 sec this turn | 300 sec total\n|\n|t:|1783564906\n|move|p2a: Scrafty|Knock Off|p1a: Tyranitar\n|-resisted|p1a: Tyranitar\n|-damage|p1a: Tyranitar|0 fnt\n|-enditem|p1a: Tyranitar|Leftovers|[from] move: Knock Off|[of] p2a: Scrafty\n|faint|p1a: Tyranitar\n|\n|-weather|Sandstorm|[upkeep]\n|-damage|p2a: Scrafty|78/100|[from] Sandstorm\n|upkeep\n|inactive|Time left: 300 sec this turn | 300 sec total | 5 sec grace\n|\n|t:|1783564907\n|switch|p1a: Samurott|Samurott, L88, F|83/310\n|turn|11\n|inactive|Time left: 300 sec this turn | 300 sec total\n|\n|t:|1783564908\n|move|p1a: Samurott|Liquidation|p2a: Scrafty\n|-damage|p2a: Scrafty|11/100\n|-damage|p1a: Samurott|52/310|[from] item: Life Orb\n|move|p2a: Scrafty|Drain Punch|p1a: Samurott\n|-damage|p1a: Samurott|0 fnt\n|-heal|p2a: Scrafty|21/100|[from] drain|[of] p1a: Samurott\n|faint|p1a: Samurott\n|\n|-weather|Sandstorm|[upkeep]\n|-damage|p2a: Scrafty|15/100|[from] Sandstorm\n|upkeep\n|inactive|Time left: 300 sec this turn | 300 sec total | 5 sec grace\n|\n|t:|1783564909\n|switch|p1a: Excadrill|Excadrill, L79, M|303/303\n|-ability|p1a: Excadrill|Mold Breaker\n|turn|12\n|inactive|Time left: 300 sec this turn | 300 sec total\n|\n|t:|1783564910\n|switch|p2a: Avalugg|Avalugg, L88, M|79/100\n|move|p1a: Excadrill|Iron Head|p2a: Avalugg\n|-supereffective|p2a: Avalugg\n|-damage|p2a: Avalugg|44/100\n|\n|-weather|none\n|upkeep\n|turn|13\n|inactive|Time left: 300 sec this turn | 300 sec total\n|\n|t:|1783564911\n|-terastallize|p2a: Avalugg|Fighting\n|move|p1a: Excadrill|Iron Head|p2a: Avalugg\n|-damage|p2a: Avalugg|26/100\n|move|p2a: Avalugg|Body Press|p1a: Excadrill\n|-supereffective|p1a: Excadrill\n|-damage|p1a: Excadrill|0 fnt\n|faint|p1a: Excadrill\n|\n|upkeep\n|inactive|Time left: 300 sec this turn | 300 sec total | 5 sec grace\n|\n|t:|1783564912\n|switch|p1a: Chansey|Chansey, L85, F|564/564\n|turn|14\n|inactive|Time left: 300 sec this turn | 300 sec total\n|\n|t:|1783564912\n|switch|p2a: Excadrill|Excadrill, L79, M|100/100\n|-ability|p2a: Excadrill|Mold Breaker\n|move|p1a: Chansey|Seismic Toss|p2a: Excadrill\n|-damage|p2a: Excadrill|72/100\n|\n|-heal|p2a: Excadrill|78/100|[from] item: Leftovers\n|upkeep\n|turn|15\n|inactive|Time left: 300 sec this turn | 300 sec total\n|\n|t:|1783564913\n|move|p2a: Excadrill|Swords Dance|p2a: Excadrill\n|-boost|p2a: Excadrill|atk|2\n|move|p1a: Chansey|Soft-Boiled||[still]\n|-fail|p1a: Chansey|heal\n|\n|-heal|p2a: Excadrill|84/100|[from] item: Leftovers\n|upkeep\n|turn|16\n|inactive|Time left: 300 sec this turn | 300 sec total\n|\n|t:|1783564914\n|move|p2a: Excadrill|Earthquake|p1a: Chansey\n|-damage|p1a: Chansey|14/564\n|move|p1a: Chansey|Soft-Boiled|p1a: Chansey\n|-heal|p1a: Chansey|296/564\n|\n|-heal|p2a: Excadrill|90/100|[from] item: Leftovers\n|upkeep\n|turn|17\n|inactive|Time left: 300 sec this turn | 300 sec total\n|\n|t:|1783564915\n|-terastallize|p1a: Chansey|Poison\n|move|p2a: Excadrill|Iron Head|p1a: Chansey\n|-crit|p1a: Chansey\n|-damage|p1a: Chansey|0 fnt\n|faint|p1a: Chansey\n|\n|win|p0y22285a7d", "uploadtime": 1783564915, "views": 0, "rating": 0, "private": 0, "password": null, "_winner": "p0y22285a7d", "_our_name": "p0x2228957c"}