{"id": "battle-gen9randombattle-2022", "formatid": "gen9randombattle", "format": "[Gen 9] Random Battle", "players": ["p0x2022ae82", "p0y202243fd"], "log": "|init|battle\n|title|p0x2022ae82 vs. p0y202243fd\n|j|\u2606p0x2022ae82\n|j|\u2606p0y202243fd\n|t:|1783563417\n|gametype|singles\n|player|p1|p0x2022ae82|170|\n|player|p2|p0y202243fd|2|\n|gen|9\n|tier|[Gen 9] Random Battle\n|rule|Species Clause: Limit one of each Pok\u00e9mon\n|rule|HP Percentage Mod: HP is shown in percentages\n|rule|Sleep Clause Mod: Limit one foe put to sleep\n|rule|Illusion Level Mod: Illusion disguises the Pok\u00e9mon's true level\n|\n|t:|1783563417\n|teamsize|p1|6\n|teamsize|p2|6\n|start\n|switch|p1a: Toxtricity|Toxtricity, L82, F|257/257\n|switch|p2a: Bastiodon|Bastiodon, L89, M|100/100\n|turn|1\n|inactive|Battle timer is ON: inactive players will automatically lose when time's up. (requested by p0y202243fd)\n|inactive|Time left: 300 sec this turn | 300 sec total | 60 sec grace\n|inactive|p0x2022ae82 also wants the timer to be on.\n|\n|t:|1783563419\n|move|p1a: Toxtricity|Volt Switch|p2a: Bastiodon\n|-damage|p2a: Bastiodon|70/100\n|inactive|Time left: 300 sec this turn | 300 sec total | 65 sec grace\n|\n|t:|1783563420\n|switch|p1a: Suicune|Suicune, L82|298/298|[from] Volt Switch\n|-ability|p1a: Suicune|Pressure\n|move|p2a: Bastiodon|Body Press|p1a: Suicune\n|-damage|p1a: Suicune|213/298\n|\n|-heal|p1a: Suicune|231/298|[from] item: Leftovers\n|upkeep\n|turn|2\n|inactive|Time left: 300 sec this turn | 300 sec total\n|\n|t:|1783563422\n|move|p1a: Suicune|Scald|p2a: Bastiodon\n|-supereffective|p2a: Bastiodon\n|-damage|p2a: Bastiodon|27/100\n|move|p2a: Bastiodon|Rest|p2a: Bastiodon\n|-status|p2a: Bastiodon|slp|[from] move: Rest\n|-heal|p2a: Bastiodon|100/100 slp|[silent]\n|-enditem|p2a: Bastiodon|Chesto Berry|[eat]\n|-curestatus|p2a: Bastiodon|slp|[msg]\n|\n|-heal|p1a: Suicune|249/298|[from] item: Leftovers\n|upkeep\n|turn|3\n|inactive|Time left: 300 sec this turn | 300 sec total\n|\n|t:|1783563423\n|move|p1a: Suicune|Scald|p2a: Bastiodon\n|-supereffective|p2a: Bastiodon\n|-damage|p2a: Bastiodon|59/100\n|move|p2a: Bastiodon|Iron Defense|p2a: Bastiodon\n|-boost|p2a: Bastiodon|def|2\n|\n|-heal|p1a: Suicune|267/298|[from] item: Leftovers\n|upkeep\n|turn|4\n|inactive|Time left: 300 sec this turn | 300 sec total\n|\n|t:|1783563424\n|move|p1a: Suicune|Scald|p2a: Bastiodon\n|-supereffective|p2a: Bastiodon\n|-damage|p2a: Bastiodon|23/100\n|-status|p2a: Bastiodon|brn\n|move|p2a: Bastiodon|Body Press|p1a: Suicune\n|-damage|p1a: Suicune|181/298\n|\n|-heal|p1a: Suicune|199/298|[from] item: Leftovers\n|-damage|p2a: Bastiodon|17/100 brn|[from] brn\n|upkeep\n|turn|5\n|inactive|Time left: 300 sec this turn | 300 sec total\n|\n|t:|1783563425\n|move|p1a: Suicune|Scald|p2a: Bastiodon\n|-supereffective|p2a: Bastiodon\n|-damage|p2a: Bastiodon|0 fnt\n|faint|p2a: Bastiodon\n|\n|-heal|p1a: Suicune|217/298|[from] item: Leftovers\n|upkeep\n|\n|t:|1783563426\n|switch|p2a: Sandy Shocks|Sandy Shocks, L80|100/100\n|turn|6\n|inactive|Time left: 300 sec this turn | 300 sec total\n|\n|t:|1783563427\n|move|p2a: Sandy Shocks|Thunderbolt|p1a: Suicune\n|-supereffective|p1a: Suicune\n|-damage|p1a: Suicune|53/298\n|move|p1a: Suicune|Scald|p2a: Sandy Shocks\n|-supereffective|p2a: Sandy Shocks\n|-damage|p2a: Sandy Shocks|44/100\n|\n|-heal|p2a: Sandy Shocks|50/100|[from] item: Leftovers\n|-heal|p1a: Suicune|71/298|[from] item: Leftovers\n|upkeep\n|turn|7\n|inactive|Time left: 300 sec this turn | 300 sec total\n|\n|t:|1783563428\n|switch|p1a: Toedscruel|Toedscruel, L87, F|281/281\n|move|p2a: Sandy Shocks|Earth Power|p1a: Toedscruel\n|-resisted|p1a: Toedscruel\n|-damage|p1a: Toedscruel|245/281\n|\n|-heal|p1a: Toedscruel|262/281|[from] item: Leftovers\n|-heal|p2a: Sandy Shocks|56/100|[from] item: Leftovers\n|upkeep\n|turn|8\n|inactive|Time left: 300 sec this turn | 300 sec total\n|\n|t:|1783563429\n|-end|p2a: Sandy Shocks|Protosynthesis|[silent]\n|switch|p2a: Zapdos|Zapdos, L78|100/100\n|move|p1a: Toedscruel|Toxic|p2a: Zapdos\n|-status|p2a: Zapdos|tox\n|\n|-heal|p1a: Toedscruel|279/281|[from] item: Leftovers\n|-damage|p2a: Zapdos|95/100 tox|[from] psn\n|upkeep\n|turn|9\n|inactive|Time left: 300 sec this turn | 300 sec total\n|\n|t:|1783563430\n|move|p1a: Toedscruel|Earth Power|p2a: Zapdos\n|-immune|p2a: Zapdos\n|move|p2a: Zapdos|Hurricane|p1a: Toedscruel|[miss]\n|-miss|p2a: Zapdos|p1a: Toedscruel\n|\n|-heal|p1a: Toedscruel|281/281|[from] item: Leftovers\n|-damage|p2a: Zapdos|83/100 tox|[from] psn\n|upkeep\n|turn|10\n|inactive|Time left: 300 sec this turn | 300 sec total\n|\n|t:|1783563431\n|move|p1a: Toedscruel|Earth Power|p2a: Zapdos\n|-immune|p2a: Zapdos\n|move|p2a: Zapdos|Hurricane|p1a: Toedscruel|[miss]\n|-miss|p2a: Zapdos|p1a: Toedscruel\n|\n|-damage|p2a: Zapdos|65/100 tox|[from] psn\n|upkeep\n|turn|11\n|inactive|Time left: 300 sec this turn | 300 sec total\n|\n|t:|1783563432\n|move|p1a: Toedscruel|Earth Power|p2a: Zapdos\n|-immune|p2a: Zapdos\n|move|p2a: Zapdos|U-turn|p1a: Toedscruel\n|-supereffective|p1a: Toedscruel\n|-damage|p1a: Toedscruel|189/281\n|\n|t:|1783563433\n|switch|p2a: Vileplume|Vileplume, L85, M|100/100|[from] U-turn\n|\n|-heal|p1a: Toedscruel|206/281|[from] item: Leftovers\n|upkeep\n|turn|12\n|inactive|Time left: 300 sec this turn | 300 sec total\n|\n|t:|1783563435\n|move|p1a: Toedscruel|Giga Drain|p2a: Vileplume\n|-resisted|p2a: Vileplume\n|-damage|p2a: Vileplume|94/100\n|-heal|p1a: Toedscruel|214/281|[from] drain|[of] p2a: Vileplume\n|move|p2a: Vileplume|Sludge Bomb|p1a: Toedscruel\n|-damage|p1a: Toedscruel|135/281\n|\n|-heal|p1a: Toedscruel|152/281|[from] item: Leftovers\n|-heal|p2a: Vileplume|100/100|[from] item: Leftovers\n|upkeep\n|turn|13\n|inactive|Time left: 300 sec this turn | 300 sec total\n|\n|t:|1783563436\n|switch|p1a: Toxtricity|Toxtricity, L82, F|257/257\n|move|p2a: Vileplume|Sludge Bomb|p1a: Toxtricity\n|-resisted|p1a: Toxtricity\n|-damage|p1a: Toxtricity|191/257\n|\n|upkeep\n|turn|14\n|inactive|Time left: 300 sec this turn | 300 sec total\n|\n|t:|1783563436\n|move|p1a: Toxtricity|Boomburst|p2a: Vileplume\n|-damage|p2a: Vileplume|26/100\n|move|p2a: Vileplume|Giga Drain|p1a: Toxtricity\n|-resisted|p1a: Toxtricity\n|-damage|p1a: Toxtricity|137/257\n|-heal|p2a: Vileplume|37/100|[from] drain|[of] p1a: Toxtricity\n|\n|-heal|p2a: Vileplume|43/100|[from] item: Leftovers\n|upkeep\n|turn|15\n|inactive|Time left: 300 sec this turn | 300 sec total\n|\n|t:|1783563437\n|-terastallize|p2a: Vileplume|Steel\n|move|p1a: Toxtricity|Boomburst|p2a: Vileplume\n|-resisted|p2a: Vileplume\n|-damage|p2a: Vileplume|5/100\n|move|p2a: Vileplume|Strength Sap|p1a: Toxtricity\n|-unboost|p1a: Toxtricity|atk|1\n|-heal|p2a: Vileplume|67/100\n|\n|-heal|p2a: Vileplume|73/100|[from] item: Leftovers\n|upkeep\n|turn|16\n|inactive|Time left: 300 sec this turn | 300 sec total\n|\n|t:|1783563438\n|move|p1a: Toxtricity|Boomburst|p2a: Vileplume\n|-resisted|p2a: Vileplume\n|-damage|p2a: Vileplume|34/100\n|move|p2a: Vileplume|Strength Sap|p1a: Toxtricity\n|-unboost|p1a: Toxtricity|atk|1\n|-heal|p2a: Vileplume|75/100\n|\n|-heal|p2a: Vileplume|81/100|[from] item: Leftovers\n|upkeep\n|turn|17\n|inactive|Time left: 300 sec this turn | 300 sec total\n|\n|t:|1783563438\n|move|p1a: Toxtricity|Boomburst|p2a: Vileplume\n|-resisted|p2a: Vileplume\n|-damage|p2a: Vileplume|43/100\n|move|p2a: Vileplume|Giga Drain|p1a: Toxtricity\n|-resisted|p1a: Toxtricity\n|-damage|p1a: Toxtricity|82/257\n|-heal|p2a: Vileplume|53/100|[from] drain|[of] p1a: Toxtricity\n|\n|-heal|p2a: Vileplume|59/100|[from] item: Leftovers\n|upkeep\n|turn|18\n|inactive|Time left: 300 sec this turn | 300 sec total\n|\n|t:|1783563439\n|move|p1a: Toxtricity|Boomburst|p2a: Vileplume\n|-resisted|p2a: Vileplume\n|-damage|p2a: Vileplume|24/100\n|move|p2a: Vileplume|Giga Drain|p1a: Toxtricity\n|-resisted|p1a: Toxtricity\n|-damage|p1a: Toxtricity|27/257\n|-heal|p2a: Vileplume|35/100|[from] drain|[of] p1a: Toxtricity\n|\n|-heal|p2a: Vileplume|41/100|[from] item: Leftovers\n|upkeep\n|turn|19\n|inactive|Time left: 300 sec this turn | 300 sec total\n|\n|t:|1783563440\n|-terastallize|p1a: Toxtricity|Normal\n|move|p1a: Toxtricity|Boomburst|p2a: Vileplume\n|-resisted|p2a: Vileplume\n|-damage|p2a: Vileplume|0 fnt\n|faint|p2a: Vileplume\n|\n|upkeep\n|\n|t:|1783563440\n|switch|p2a: Zapdos|Zapdos, L78|65/100 tox\n|turn|20\n|inactive|Time left: 300 sec this turn | 300 sec total\n|\n|t:|1783563441\n|switch|p1a: Eternatus|Eternatus, L69|308/308\n|-ability|p1a: Eternatus|Pressure\n|move|p2a: Zapdos|Hurricane|p1a: Eternatus|[miss]\n|-miss|p2a: Zapdos|p1a: Eternatus\n|\n|-damage|p2a: Zapdos|59/100 tox|[from] psn\n|upkeep\n|turn|21\n|inactive|Time left: 300 sec this turn | 300 sec total\n|\n|t:|1783563442\n|switch|p2a: Clawitzer|Clawitzer, L87, M|100/100\n|move|p1a: Eternatus|Meteor Beam||[still]\n|-prepare|p1a: Eternatus|Meteor Beam\n|-boost|p1a: Eternatus|spa|1\n|-enditem|p1a: Eternatus|Power Herb\n|-anim|p1a: Eternatus|Meteor Beam|p2a: Clawitzer\n|-damage|p2a: Clawitzer|59/100\n|\n|upkeep\n|turn|22\n|inactive|Time left: 300 sec this turn | 300 sec total\n|\n|t:|1783563442\n|move|p1a: Eternatus|Dynamax Cannon|p2a: Clawitzer\n|-damage|p2a: Clawitzer|2/100\n|move|p2a: Clawitzer|Dragon Pulse|p1a: Eternatus\n|-supereffective|p1a: Eternatus\n|-damage|p1a: Eternatus|0 fnt\n|faint|p1a: Eternatus\n|\n|upkeep\n|inactive|Time left: 300 sec this turn | 300 sec total | 5 sec grace\n|\n|t:|1783563443\n|switch|p1a: Toxtricity|Toxtricity, L82, F, tera:Normal|27/257\n|turn|23\n|inactive|Time left: 300 sec this turn | 300 sec total\n|\n|t:|1783563444\n|move|p1a: Toxtricity|Boomburst|p2a: Clawitzer\n|-damage|p2a: Clawitzer|0 fnt\n|faint|p2a: Clawitzer\n|\n|upkeep\n|\n|t:|1783563445\n|switch|p2a: Zapdos|Zapdos, L78|59/100 tox\n|turn|24\n|inactive|Time left: 300 sec this turn | 300 sec total\n|\n|t:|1783563446\n|switch|p1a: Morpeko|Morpeko, L88, M|245/245\n|move|p2a: Zapdos|Thunderbolt|p1a: Morpeko\n|-resisted|p1a: Morpeko\n|-damage|p1a: Morpeko|184/245\n|\n|-damage|p2a: Zapdos|53/100 tox|[from] psn\n|-formechange|p1a: Morpeko|Morpeko-Hangry||[from] ability: Hunger Switch\n|upkeep\n|turn|25\n|inactive|Time left: 300 sec this turn | 300 sec total\n|\n|t:|1783563447\n|move|p1a: Morpeko|Aura Wheel|p2a: Zapdos\n|-crit|p2a: Zapdos\n|-damage|p2a: Zapdos|0 fnt\n|-boost|p1a: Morpeko|spe|1\n|faint|p2a: Zapdos\n|\n|-formechange|p1a: Morpeko|Morpeko||[from] ability: Hunger Switch\n|upkeep\n|\n|t:|1783563448\n|switch|p2a: Sandy Shocks|Sandy Shocks, L80|56/100\n|turn|26\n|inactive|Time left: 300 sec this turn | 300 sec total\n|\n|t:|1783563449\n|move|p1a: Morpeko|Parting Shot|p2a: Sandy Shocks\n|-unboost|p2a: Sandy Shocks|atk|1\n|-unboost|p2a: Sandy Shocks|spa|1\n|inactive|Time left: 300 sec this turn | 300 sec total | 5 sec grace\n|\n|t:|1783563450\n|switch|p1a: Toedscruel|Toedscruel, L87, F|152/281|[from] Parting Shot\n|move|p2a: Sandy Shocks|Stealth Rock|p1a: Toedscruel\n|-sidestart|p1: p0x2022ae82|move: Stealth Rock\n|\n|-heal|p1a: Toedscruel|169/281|[from] item: Leftovers\n|-heal|p2a: Sandy Shocks|62/100|[from] item: Leftovers\n|upkeep\n|turn|27\n|inactive|Time left: 300 sec this turn | 300 sec total\n|\n|t:|1783563451\n|-end|p2a: Sandy Shocks|Protosynthesis|[silent]\n|switch|p2a: Meowstic|Meowstic, L89, M|100/100\n|move|p1a: Toedscruel|Giga Drain|p2a: Meowstic\n|-damage|p2a: Meowstic|73/100\n|-heal|p1a: Toedscruel|207/281|[from] drain|[of] p2a: Meowstic\n|\n|-heal|p2a: Meowstic|80/100|[from] item: Leftovers\n|-heal|p1a: Toedscruel|224/281|[from] item: Leftovers\n|upkeep\n|turn|28\n|inactive|Time left: 300 sec this turn | 300 sec total\n|\n|t:|1783563452\n|move|p2a: Meowstic|Psychic Noise|p1a: Toedscruel\n|-damage|p1a: Toedscruel|169/281\n|-start|p1a: Toedscruel|move: Heal Block\n|move|p1a: Toedscruel|Rapid Spin|p2a: Meowstic\n|-damage|p2a: Meowstic|68/100\n|-boost|p1a: Toedscruel|spe|1\n|-sideend|p1: p0x2022ae82|Stealth Rock|[from] move: Rapid Spin|[of] p1a: Toedscruel\n|\n|-heal|p2a: Meowstic|75/100|[from] item: Leftovers\n|upkeep\n|turn|29\n|inactive|Time left: 300 sec this turn | 300 sec total\n|\n|t:|1783563453\n|move|p2a: Meowstic|Yawn|p1a: Toedscruel\n|-start|p1a: Toedscruel|move: Yawn|[of] p2a: Meowstic\n|move|p1a: Toedscruel|Toxic|p2a: Meowstic|[miss]\n|-miss|p1a: Toedscruel|p2a: Meowstic\n|\n|-heal|p2a: Meowstic|81/100|[from] item: Leftovers\n|-end|p1a: Toedscruel|move: Heal Block\n|upkeep\n|turn|30\n|inactive|Time left: 300 sec this turn | 300 sec total\n|\n|t:|1783563454\n|move|p2a: Meowstic|Psychic Noise|p1a: Toedscruel\n|-damage|p1a: Toedscruel|109/281\n|-start|p1a: Toedscruel|move: Heal Block\n|move|p1a: Toedscruel|Toxic|p2a: Meowstic|[miss]\n|-miss|p1a: Toedscruel|p2a: Meowstic\n|\n|-heal|p2a: Meowstic|87/100|[from] item: Leftovers\n|-end|p1a: Toedscruel|move: Yawn|[silent]\n|-status|p1a: Toedscruel|slp\n|upkeep\n|turn|31\n|inactive|Time left: 300 sec this turn | 300 sec total\n|\n|t:|1783563455\n|cant|p1a: Toedscruel|slp\n|move|p2a: Meowstic|Psychic Noise|p1a: Toedscruel\n|-damage|p1a: Toedscruel|51/281 slp\n|\n|-heal|p2a: Meowstic|93/100|[from] item: Leftovers\n|-end|p1a: Toedscruel|move: Heal Block\n|upkeep\n|turn|32\n|inactive|Time left: 300 sec this turn | 300 sec total\n|\n|t:|1783563457\n|cant|p1a: Toedscruel|slp\n|move|p2a: Meowstic|Psychic Noise|p1a: Toedscruel\n|-damage|p1a: Toedscruel|0 fnt\n|faint|p1a: Toedscruel\n|\n|-heal|p2a: Meowstic|99/100|[from] item: Leftovers\n|upkeep\n|inactive|Time left: 300 sec this turn | 300 sec total | 5 sec grace\n|\n|t:|1783563457\n|switch|p1a: Mesprit|Mesprit, L85|275/275\n|turn|33\n|inactive|Time left: 300 sec this turn | 300 sec total\n|\n|t:|1783563459\n|move|p2a: Meowstic|Thunder Wave|p1a: Mesprit\n|-status|p1a: Mesprit|par\n|move|p1a: Mesprit|Knock Off|p2a: Meowstic\n|-supereffective|p2a: Meowstic\n|-damage|p2a: Meowstic|45/100\n|-enditem|p2a: Meowstic|Leftovers|[from] move: Knock Off|[of] p1a: Mesprit\n|\n|upkeep\n|turn|34\n|inactive|Time left: 300 sec this turn | 300 sec total\n|\n|t:|1783563460\n|move|p2a: Meowstic|Alluring Voice|p1a: Mesprit\n|-damage|p1a: Mesprit|242/275 par\n|move|p1a: Mesprit|Knock Off|p2a: Meowstic\n|-supereffective|p2a: Meowstic\n|-damage|p2a: Meowstic|4/100\n|\n|upkeep\n|turn|35\n|inactive|Time left: 300 sec this turn | 300 sec total\n|\n|t:|1783563461\n|move|p2a: Meowstic|Psychic Noise|p1a: Mesprit\n|-resisted|p1a: Mesprit\n|-damage|p1a: Mesprit|218/275 par\n|-start|p1a: Mesprit|move: Heal Block\n|move|p1a: Mesprit|Knock Off|p2a: Meowstic\n|-supereffective|p2a: Meowstic\n|-crit|p2a: Meowstic\n|-damage|p2a: Meowstic|0 fnt\n|faint|p2a: Meowstic\n|\n|upkeep\n|\n|t:|1783563463\n|switch|p2a: Sandy Shocks|Sandy Shocks, L80|62/100\n|turn|36\n|inactive|Time left: 300 sec this turn | 300 sec total\n|\n|t:|1783563464\n|move|p2a: Sandy Shocks|Stealth Rock|p1a: Mesprit\n|-sidestart|p1: p0x2022ae82|move: Stealth Rock\n|move|p1a: Mesprit|Psychic Noise|p2a: Sandy Shocks\n|-damage|p2a: Sandy Shocks|25/100\n|-start|p2a: Sandy Shocks|move: Heal Block\n|\n|-end|p1a: Mesprit|move: Heal Block\n|upkeep\n|turn|37\n|inactive|Time left: 300 sec this turn | 300 sec total\n|\n|t:|1783563465\n|move|p2a: Sandy Shocks|Stealth Rock||[still]\n|-fail|p2a: Sandy Shocks\n|move|p1a: Mesprit|Psychic Noise|p2a: Sandy Shocks\n|-damage|p2a: Sandy Shocks|0 fnt\n|faint|p2a: Sandy Shocks\n|-end|p2a: Sandy Shocks|Protosynthesis|[silent]\n|\n|win|p0x2022ae82", "uploadtime": 1783563465, "views": 0, "rating": 0, "private": 0, "password": null, "_winner": "p0x2022ae82", "_our_name": "p0x2022ae82"}