{"id": "battle-gen9randombattle-2428", "formatid": "gen9randombattle", "format": "[Gen 9] Random Battle", "players": ["p0x2428aab2", "p0y2428f9e7"], "log": "|init|battle\n|title|p0x2428aab2 vs. p0y2428f9e7\n|j|\u2606p0x2428aab2\n|j|\u2606p0y2428f9e7\n|t:|1783567155\n|gametype|singles\n|player|p1|p0x2428aab2|170|\n|player|p2|p0y2428f9e7|1|\n|gen|9\n|tier|[Gen 9] Random Battle\n|rule|Species Clause: Limit one of each Pok\u00e9mon\n|rule|HP Percentage Mod: HP is shown in percentages\n|rule|Sleep Clause Mod: Limit one foe put to sleep\n|rule|Illusion Level Mod: Illusion disguises the Pok\u00e9mon's true level\n|\n|t:|1783567155\n|teamsize|p1|6\n|teamsize|p2|6\n|start\n|switch|p1a: Tinkaton|Tinkaton, L82, F|100/100\n|switch|p2a: Flutter Mane|Flutter Mane, L74|203/203\n|-ability|p1a: Tinkaton|Mold Breaker\n|turn|1\n|inactive|Battle timer is ON: inactive players will automatically lose when time's up. (requested by p0y2428f9e7)\n|inactive|p0x2428aab2 also wants the timer to be on.\n|\n|t:|1783567156\n|-end|p2a: Flutter Mane|Protosynthesis|[silent]\n|switch|p2a: Overqwil|Overqwil, L82, M|274/274\n|-ability|p2a: Overqwil|Intimidate|boost\n|-unboost|p1a: Tinkaton|atk|1\n|move|p1a: Tinkaton|Gigaton Hammer|p2a: Overqwil\n|-damage|p2a: Overqwil|184/274\n|\n|upkeep\n|turn|2\n|inactive|Time left: 300 sec this turn | 300 sec total\n|\n|t:|1783567158\n|move|p1a: Tinkaton|Swords Dance|p1a: Tinkaton\n|-boost|p1a: Tinkaton|atk|2\n|move|p2a: Overqwil|Swords Dance|p2a: Overqwil\n|-boost|p2a: Overqwil|atk|2\n|\n|upkeep\n|turn|3\n|inactive|Time left: 300 sec this turn | 300 sec total\n|\n|t:|1783567158\n|-terastallize|p2a: Overqwil|Water\n|move|p1a: Tinkaton|Gigaton Hammer|p2a: Overqwil\n|-resisted|p2a: Overqwil\n|-damage|p2a: Overqwil|83/274\n|move|p2a: Overqwil|Liquidation|p1a: Tinkaton\n|-damage|p1a: Tinkaton|0 fnt\n|faint|p1a: Tinkaton\n|-damage|p2a: Overqwil|56/274|[from] item: Life Orb\n|\n|upkeep\n|\n|t:|1783567159\n|switch|p1a: Rotom|Rotom-Mow, L87|100/100\n|turn|4\n|inactive|Time left: 300 sec this turn | 300 sec total\n|\n|t:|1783567161\n|move|p1a: Rotom|Thunderbolt|p2a: Overqwil\n|-supereffective|p2a: Overqwil\n|-damage|p2a: Overqwil|0 fnt\n|faint|p2a: Overqwil\n|\n|upkeep\n|inactive|Time left: 300 sec this turn | 300 sec total | 5 sec grace\n|\n|t:|1783567161\n|switch|p2a: Flutter Mane|Flutter Mane, L74|203/203\n|turn|5\n|inactive|Time left: 300 sec this turn | 300 sec total\n|\n|t:|1783567162\n|move|p1a: Rotom|Thunderbolt|p2a: Flutter Mane\n|-damage|p2a: Flutter Mane|115/203\n|move|p2a: Flutter Mane|Calm Mind|p2a: Flutter Mane\n|-boost|p2a: Flutter Mane|spa|1\n|-boost|p2a: Flutter Mane|spd|1\n|\n|upkeep\n|turn|6\n|inactive|Time left: 300 sec this turn | 300 sec total\n|\n|t:|1783567163\n|move|p1a: Rotom|Thunderbolt|p2a: Flutter Mane\n|-crit|p2a: Flutter Mane\n|-damage|p2a: Flutter Mane|0 fnt\n|faint|p2a: Flutter Mane\n|-end|p2a: Flutter Mane|Protosynthesis|[silent]\n|\n|upkeep\n|inactive|Time left: 300 sec this turn | 300 sec total | 5 sec grace\n|\n|t:|1783567164\n|switch|p2a: Giratina|Giratina, L75|349/349\n|-ability|p2a: Giratina|Pressure\n|turn|7\n|inactive|Time left: 300 sec this turn | 300 sec total\n|\n|t:|1783567165\n|switch|p1a: Clefable|Clefable, L83, M|100/100\n|move|p2a: Giratina|Calm Mind|p2a: Giratina\n|-boost|p2a: Giratina|spa|1\n|-boost|p2a: Giratina|spd|1\n|\n|upkeep\n|turn|8\n|inactive|Time left: 300 sec this turn | 300 sec total\n|\n|t:|1783567167\n|move|p2a: Giratina|Calm Mind|p2a: Giratina\n|-boost|p2a: Giratina|spa|1\n|-boost|p2a: Giratina|spd|1\n|move|p1a: Clefable|Calm Mind|p1a: Clefable\n|-boost|p1a: Clefable|spa|1\n|-boost|p1a: Clefable|spd|1\n|\n|upkeep\n|turn|9\n|inactive|Time left: 300 sec this turn | 300 sec total\n|\n|t:|1783567167\n|move|p2a: Giratina|Calm Mind|p2a: Giratina\n|-boost|p2a: Giratina|spa|1\n|-boost|p2a: Giratina|spd|1\n|move|p1a: Clefable|Moonblast|p2a: Giratina\n|-supereffective|p2a: Giratina\n|-damage|p2a: Giratina|206/349\n|\n|-heal|p2a: Giratina|227/349|[from] item: Leftovers\n|upkeep\n|turn|10\n|inactive|Time left: 300 sec this turn | 300 sec total\n|\n|t:|1783567168\n|move|p2a: Giratina|Calm Mind|p2a: Giratina\n|-boost|p2a: Giratina|spa|1\n|-boost|p2a: Giratina|spd|1\n|move|p1a: Clefable|Calm Mind|p1a: Clefable\n|-boost|p1a: Clefable|spa|1\n|-boost|p1a: Clefable|spd|1\n|\n|-heal|p2a: Giratina|248/349|[from] item: Leftovers\n|upkeep\n|turn|11\n|inactive|Time left: 300 sec this turn | 300 sec total\n|\n|t:|1783567169\n|move|p2a: Giratina|Calm Mind|p2a: Giratina\n|-boost|p2a: Giratina|spa|1\n|-boost|p2a: Giratina|spd|1\n|move|p1a: Clefable|Moonblast|p2a: Giratina\n|-supereffective|p2a: Giratina\n|-damage|p2a: Giratina|115/349\n|-unboost|p2a: Giratina|spa|1\n|\n|-heal|p2a: Giratina|136/349|[from] item: Leftovers\n|upkeep\n|turn|12\n|inactive|Time left: 300 sec this turn | 300 sec total\n|\n|t:|1783567171\n|move|p2a: Giratina|Rest|p2a: Giratina\n|-status|p2a: Giratina|slp|[from] move: Rest\n|-heal|p2a: Giratina|349/349 slp|[silent]\n|move|p1a: Clefable|Moonblast|p2a: Giratina\n|-supereffective|p2a: Giratina\n|-damage|p2a: Giratina|222/349 slp\n|\n|-heal|p2a: Giratina|243/349 slp|[from] item: Leftovers\n|upkeep\n|turn|13\n|inactive|Time left: 300 sec this turn | 300 sec total\n|\n|t:|1783567172\n|cant|p2a: Giratina|slp\n|move|p1a: Clefable|Moonblast|p2a: Giratina\n|-supereffective|p2a: Giratina\n|-damage|p2a: Giratina|116/349 slp\n|\n|-heal|p2a: Giratina|137/349 slp|[from] item: Leftovers\n|upkeep\n|turn|14\n|inactive|Time left: 300 sec this turn | 300 sec total\n|\n|t:|1783567173\n|cant|p2a: Giratina|slp\n|move|p2a: Giratina|Sleep Talk|p2a: Giratina\n|move|p2a: Giratina|Calm Mind|p2a: Giratina|[from] move: Sleep Talk\n|-boost|p2a: Giratina|spa|1\n|-boost|p2a: Giratina|spd|1\n|move|p1a: Clefable|Moonblast|p2a: Giratina\n|-supereffective|p2a: Giratina\n|-damage|p2a: Giratina|17/349 slp\n|\n|-heal|p2a: Giratina|38/349 slp|[from] item: Leftovers\n|upkeep\n|turn|15\n|inactive|Time left: 300 sec this turn | 300 sec total\n|\n|t:|1783567174\n|-curestatus|p2a: Giratina|slp|[msg]\n|move|p2a: Giratina|Rest|p2a: Giratina\n|-status|p2a: Giratina|slp|[from] move: Rest\n|-heal|p2a: Giratina|349/349 slp|[silent]\n|move|p1a: Clefable|Moonblast|p2a: Giratina\n|-supereffective|p2a: Giratina\n|-damage|p2a: Giratina|237/349 slp\n|\n|-heal|p2a: Giratina|258/349 slp|[from] item: Leftovers\n|upkeep\n|turn|16\n|inactive|Time left: 300 sec this turn | 300 sec total\n|\n|t:|1783567175\n|cant|p2a: Giratina|slp\n|move|p1a: Clefable|Moonblast|p2a: Giratina\n|-supereffective|p2a: Giratina\n|-damage|p2a: Giratina|146/349 slp\n|\n|-heal|p2a: Giratina|167/349 slp|[from] item: Leftovers\n|upkeep\n|turn|17\n|inactive|Time left: 300 sec this turn | 300 sec total\n|\n|t:|1783567176\n|cant|p2a: Giratina|slp\n|move|p1a: Clefable|Moonblast|p2a: Giratina\n|-supereffective|p2a: Giratina\n|-damage|p2a: Giratina|58/349 slp\n|\n|-heal|p2a: Giratina|79/349 slp|[from] item: Leftovers\n|upkeep\n|turn|18\n|inactive|Time left: 300 sec this turn | 300 sec total\n|\n|t:|1783567177\n|-curestatus|p2a: Giratina|slp|[msg]\n|move|p2a: Giratina|Rest|p2a: Giratina\n|-status|p2a: Giratina|slp|[from] move: Rest\n|-heal|p2a: Giratina|349/349 slp|[silent]\n|move|p1a: Clefable|Moonblast|p2a: Giratina\n|-supereffective|p2a: Giratina\n|-damage|p2a: Giratina|240/349 slp\n|\n|-heal|p2a: Giratina|261/349 slp|[from] item: Leftovers\n|upkeep\n|turn|19\n|inactive|Time left: 300 sec this turn | 300 sec total\n|\n|t:|1783567178\n|cant|p2a: Giratina|slp\n|move|p2a: Giratina|Sleep Talk|p2a: Giratina\n|move|p2a: Giratina|Dragon Pulse|p1a: Clefable|[from] move: Sleep Talk\n|-immune|p1a: Clefable\n|move|p1a: Clefable|Moonblast|p2a: Giratina\n|-supereffective|p2a: Giratina\n|-damage|p2a: Giratina|152/349 slp\n|-unboost|p2a: Giratina|spa|1\n|\n|-heal|p2a: Giratina|173/349 slp|[from] item: Leftovers\n|upkeep\n|turn|20\n|inactive|Time left: 300 sec this turn | 300 sec total\n|\n|t:|1783567179\n|cant|p2a: Giratina|slp\n|move|p1a: Clefable|Moonblast|p2a: Giratina\n|-supereffective|p2a: Giratina\n|-damage|p2a: Giratina|53/349 slp\n|\n|-heal|p2a: Giratina|74/349 slp|[from] item: Leftovers\n|upkeep\n|turn|21\n|inactive|Time left: 300 sec this turn | 300 sec total\n|\n|t:|1783567180\n|-curestatus|p2a: Giratina|slp|[msg]\n|move|p2a: Giratina|Rest|p2a: Giratina\n|-status|p2a: Giratina|slp|[from] move: Rest\n|-heal|p2a: Giratina|349/349 slp|[silent]\n|move|p1a: Clefable|Moonblast|p2a: Giratina\n|-supereffective|p2a: Giratina\n|-damage|p2a: Giratina|229/349 slp\n|-unboost|p2a: Giratina|spa|1\n|\n|-heal|p2a: Giratina|250/349 slp|[from] item: Leftovers\n|upkeep\n|turn|22\n|inactive|Time left: 300 sec this turn | 300 sec total\n|\n|t:|1783567182\n|cant|p2a: Giratina|slp\n|move|p1a: Clefable|Calm Mind|p1a: Clefable\n|-boost|p1a: Clefable|spa|1\n|-boost|p1a: Clefable|spd|1\n|\n|-heal|p2a: Giratina|271/349 slp|[from] item: Leftovers\n|upkeep\n|turn|23\n|inactive|Time left: 300 sec this turn | 300 sec total\n|\n|t:|1783567182\n|cant|p2a: Giratina|slp\n|move|p1a: Clefable|Calm Mind|p1a: Clefable\n|-boost|p1a: Clefable|spa|1\n|-boost|p1a: Clefable|spd|1\n|\n|-heal|p2a: Giratina|292/349 slp|[from] item: Leftovers\n|upkeep\n|turn|24\n|inactive|Time left: 300 sec this turn | 300 sec total\n|\n|t:|1783567183\n|-curestatus|p2a: Giratina|slp|[msg]\n|move|p2a: Giratina|Dragon Pulse|p1a: Clefable\n|-immune|p1a: Clefable\n|move|p1a: Clefable|Fire Blast|p2a: Giratina\n|-resisted|p2a: Giratina\n|-damage|p2a: Giratina|261/349\n|\n|-heal|p2a: Giratina|282/349|[from] item: Leftovers\n|upkeep\n|turn|25\n|inactive|Time left: 300 sec this turn | 300 sec total\n|\n|t:|1783567184\n|move|p2a: Giratina|Calm Mind|p2a: Giratina\n|-boost|p2a: Giratina|spa|1\n|-boost|p2a: Giratina|spd|0\n|move|p1a: Clefable|Calm Mind|p1a: Clefable\n|-boost|p1a: Clefable|spa|1\n|-boost|p1a: Clefable|spd|1\n|\n|-heal|p2a: Giratina|303/349|[from] item: Leftovers\n|upkeep\n|turn|26\n|inactive|Time left: 300 sec this turn | 300 sec total\n|\n|t:|1783567185\n|move|p2a: Giratina|Sleep Talk||[still]\n|-fail|p2a: Giratina\n|move|p1a: Clefable|Fire Blast|p2a: Giratina\n|-resisted|p2a: Giratina\n|-damage|p2a: Giratina|267/349\n|\n|-heal|p2a: Giratina|288/349|[from] item: Leftovers\n|upkeep\n|turn|27\n|inactive|Time left: 300 sec this turn | 300 sec total\n|\n|t:|1783567186\n|move|p2a: Giratina|Calm Mind|p2a: Giratina\n|-boost|p2a: Giratina|spa|1\n|-boost|p2a: Giratina|spd|0\n|move|p1a: Clefable|Calm Mind|p1a: Clefable\n|-boost|p1a: Clefable|spa|1\n|-boost|p1a: Clefable|spd|1\n|\n|-heal|p2a: Giratina|309/349|[from] item: Leftovers\n|upkeep\n|turn|28\n|inactive|Time left: 300 sec this turn | 300 sec total\n|\n|t:|1783567187\n|move|p2a: Giratina|Calm Mind|p2a: Giratina\n|-boost|p2a: Giratina|spa|1\n|-boost|p2a: Giratina|spd|0\n|move|p1a: Clefable|Fire Blast|p2a: Giratina\n|-resisted|p2a: Giratina\n|-damage|p2a: Giratina|265/349\n|\n|-heal|p2a: Giratina|286/349|[from] item: Leftovers\n|upkeep\n|turn|29\n|inactive|Time left: 300 sec this turn | 300 sec total\n|\n|t:|1783567188\n|move|p2a: Giratina|Dragon Pulse|p1a: Clefable\n|-immune|p1a: Clefable\n|move|p1a: Clefable|Fire Blast|p2a: Giratina\n|-resisted|p2a: Giratina\n|-damage|p2a: Giratina|243/349\n|\n|-heal|p2a: Giratina|264/349|[from] item: Leftovers\n|upkeep\n|turn|30\n|inactive|Time left: 300 sec this turn | 300 sec total\n|\n|t:|1783567190\n|move|p2a: Giratina|Dragon Pulse|p1a: Clefable\n|-immune|p1a: Clefable\n|move|p1a: Clefable|Moonlight|p1a: Clefable\n|-fail|p1a: Clefable|heal\n|\n|-heal|p2a: Giratina|285/349|[from] item: Leftovers\n|upkeep\n|turn|31\n|inactive|Time left: 300 sec this turn | 300 sec total\n|\n|t:|1783567191\n|move|p2a: Giratina|Dragon Pulse|p1a: Clefable\n|-immune|p1a: Clefable\n|move|p1a: Clefable|Calm Mind|p1a: Clefable\n|-boost|p1a: Clefable|spa|0\n|-boost|p1a: Clefable|spd|0\n|\n|-heal|p2a: Giratina|306/349|[from] item: Leftovers\n|upkeep\n|turn|32\n|inactive|Time left: 300 sec this turn | 300 sec total\n|\n|t:|1783567192\n|move|p2a: Giratina|Dragon Pulse|p1a: Clefable\n|-immune|p1a: Clefable\n|move|p1a: Clefable|Moonlight|p1a: Clefable\n|-fail|p1a: Clefable|heal\n|\n|-heal|p2a: Giratina|327/349|[from] item: Leftovers\n|upkeep\n|turn|33\n|inactive|Time left: 300 sec this turn | 300 sec total\n|\n|t:|1783567193\n|move|p2a: Giratina|Dragon Pulse|p1a: Clefable\n|-immune|p1a: Clefable\n|move|p1a: Clefable|Calm Mind|p1a: Clefable\n|-boost|p1a: Clefable|spa|0\n|-boost|p1a: Clefable|spd|0\n|\n|-heal|p2a: Giratina|348/349|[from] item: Leftovers\n|upkeep\n|turn|34\n|inactive|Time left: 300 sec this turn | 300 sec total\n|\n|t:|1783567194\n|move|p2a: Giratina|Dragon Pulse|p1a: Clefable\n|-immune|p1a: Clefable\n|move|p1a: Clefable|Calm Mind|p1a: Clefable\n|-boost|p1a: Clefable|spa|0\n|-boost|p1a: Clefable|spd|0\n|\n|-heal|p2a: Giratina|349/349|[from] item: Leftovers\n|upkeep\n|turn|35\n|inactive|Time left: 300 sec this turn | 300 sec total\n|\n|t:|1783567195\n|move|p2a: Giratina|Dragon Pulse|p1a: Clefable\n|-immune|p1a: Clefable\n|move|p1a: Clefable|Calm Mind|p1a: Clefable\n|-boost|p1a: Clefable|spa|0\n|-boost|p1a: Clefable|spd|0\n|\n|upkeep\n|turn|36\n|inactive|Time left: 300 sec this turn | 300 sec total\n|\n|t:|1783567196\n|move|p2a: Giratina|Dragon Pulse|p1a: Clefable\n|-immune|p1a: Clefable\n|move|p1a: Clefable|Calm Mind|p1a: Clefable\n|-boost|p1a: Clefable|spa|0\n|-boost|p1a: Clefable|spd|0\n|\n|upkeep\n|turn|37\n|inactive|Time left: 300 sec this turn | 300 sec total\n|\n|t:|1783567198\n|move|p2a: Giratina|Dragon Pulse|p1a: Clefable\n|-immune|p1a: Clefable\n|move|p1a: Clefable|Moonlight|p1a: Clefable\n|-fail|p1a: Clefable|heal\n|\n|upkeep\n|turn|38\n|inactive|Time left: 300 sec this turn | 300 sec total\n|\n|t:|1783567199\n|move|p2a: Giratina|Dragon Pulse|p1a: Clefable\n|-immune|p1a: Clefable\n|move|p1a: Clefable|Moonlight|p1a: Clefable\n|-fail|p1a: Clefable|heal\n|\n|upkeep\n|turn|39\n|inactive|Time left: 300 sec this turn | 300 sec total\n|\n|t:|1783567200\n|move|p2a: Giratina|Dragon Pulse|p1a: Clefable\n|-immune|p1a: Clefable\n|move|p1a: Clefable|Calm Mind|p1a: Clefable\n|-boost|p1a: Clefable|spa|0\n|-boost|p1a: Clefable|spd|0\n|\n|upkeep\n|turn|40\n|inactive|Time left: 300 sec this turn | 300 sec total\n|\n|t:|1783567201\n|move|p2a: Giratina|Dragon Pulse|p1a: Clefable\n|-immune|p1a: Clefable\n|move|p1a: Clefable|Calm Mind|p1a: Clefable\n|-boost|p1a: Clefable|spa|0\n|-boost|p1a: Clefable|spd|0\n|\n|upkeep\n|turn|41\n|inactive|Time left: 300 sec this turn | 300 sec total\n|\n|t:|1783567202\n|move|p2a: Giratina|Dragon Pulse|p1a: Clefable\n|-immune|p1a: Clefable\n|move|p1a: Clefable|Moonlight|p1a: Clefable\n|-fail|p1a: Clefable|heal\n|\n|upkeep\n|turn|42\n|inactive|Time left: 300 sec this turn | 300 sec total\n|\n|t:|1783567203\n|move|p2a: Giratina|Dragon Pulse|p1a: Clefable\n|-immune|p1a: Clefable\n|move|p1a: Clefable|Calm Mind|p1a: Clefable\n|-boost|p1a: Clefable|spa|0\n|-boost|p1a: Clefable|spd|0\n|\n|upkeep\n|turn|43\n|inactive|Time left: 300 sec this turn | 300 sec total\n|\n|t:|1783567204\n|move|p2a: Giratina|Sleep Talk||[still]\n|-fail|p2a: Giratina\n|move|p1a: Clefable|Moonlight|p1a: Clefable\n|-fail|p1a: Clefable|heal\n|\n|upkeep\n|turn|44\n|inactive|Time left: 300 sec this turn | 300 sec total\n|\n|t:|1783567204\n|move|p2a: Giratina|Sleep Talk||[still]\n|-fail|p2a: Giratina\n|move|p1a: Clefable|Calm Mind|p1a: Clefable\n|-boost|p1a: Clefable|spa|0\n|-boost|p1a: Clefable|spd|0\n|\n|upkeep\n|turn|45\n|inactive|Time left: 300 sec this turn | 300 sec total\n|\n|t:|1783567206\n|move|p2a: Giratina|Sleep Talk||[still]\n|-fail|p2a: Giratina\n|move|p1a: Clefable|Calm Mind|p1a: Clefable\n|-boost|p1a: Clefable|spa|0\n|-boost|p1a: Clefable|spd|0\n|\n|upkeep\n|turn|46\n|inactive|Time left: 300 sec this turn | 300 sec total\n|\n|t:|1783567207\n|move|p2a: Giratina|Dragon Pulse|p1a: Clefable\n|-immune|p1a: Clefable\n|move|p1a: Clefable|Calm Mind|p1a: Clefable\n|-boost|p1a: Clefable|spa|0\n|-boost|p1a: Clefable|spd|0\n|\n|upkeep\n|turn|47\n|inactive|Time left: 300 sec this turn | 300 sec total\n|\n|t:|1783567208\n|move|p2a: Giratina|Rest|p2a: Giratina\n|-fail|p2a: Giratina|heal\n|move|p1a: Clefable|Calm Mind|p1a: Clefable\n|-boost|p1a: Clefable|spa|0\n|-boost|p1a: Clefable|spd|0\n|\n|upkeep\n|turn|48\n|inactive|Time left: 300 sec this turn | 300 sec total\n|\n|t:|1783567209\n|move|p2a: Giratina|Rest|p2a: Giratina\n|-fail|p2a: Giratina|heal\n|move|p1a: Clefable|Moonlight|p1a: Clefable\n|-fail|p1a: Clefable|heal\n|\n|upkeep\n|turn|49\n|inactive|Time left: 300 sec this turn | 300 sec total\n|\n|t:|1783567210\n|move|p2a: Giratina|Calm Mind|p2a: Giratina\n|-boost|p2a: Giratina|spa|0\n|-boost|p2a: Giratina|spd|0\n|move|p1a: Clefable|Calm Mind|p1a: Clefable\n|-boost|p1a: Clefable|spa|0\n|-boost|p1a: Clefable|spd|0\n|\n|upkeep\n|turn|50\n|inactive|Time left: 300 sec this turn | 300 sec total\n|\n|t:|1783567211\n|move|p2a: Giratina|Calm Mind|p2a: Giratina\n|-boost|p2a: Giratina|spa|0\n|-boost|p2a: Giratina|spd|0\n|move|p1a: Clefable|Calm Mind|p1a: Clefable\n|-boost|p1a: Clefable|spa|0\n|-boost|p1a: Clefable|spd|0\n|\n|upkeep\n|turn|51\n|inactive|Time left: 300 sec this turn | 300 sec total\n|\n|t:|1783567212\n|move|p2a: Giratina|Rest|p2a: Giratina\n|-fail|p2a: Giratina|heal\n|move|p1a: Clefable|Calm Mind|p1a: Clefable\n|-boost|p1a: Clefable|spa|0\n|-boost|p1a: Clefable|spd|0\n|\n|upkeep\n|turn|52\n|inactive|Time left: 300 sec this turn | 300 sec total\n|\n|t:|1783567213\n|move|p2a: Giratina|Sleep Talk||[still]\n|-fail|p2a: Giratina\n|move|p1a: Clefable|Calm Mind|p1a: Clefable\n|-boost|p1a: Clefable|spa|0\n|-boost|p1a: Clefable|spd|0\n|\n|upkeep\n|turn|53\n|inactive|Time left: 300 sec this turn | 300 sec total\n|\n|t:|1783567214\n|move|p2a: Giratina|Sleep Talk||[still]\n|-fail|p2a: Giratina\n|move|p1a: Clefable|Calm Mind|p1a: Clefable\n|-boost|p1a: Clefable|spa|0\n|-boost|p1a: Clefable|spd|0\n|\n|upkeep\n|turn|54\n|inactive|Time left: 300 sec this turn | 300 sec total\n|\n|t:|1783567215\n|move|p2a: Giratina|Sleep Talk||[still]\n|-fail|p2a: Giratina\n|move|p1a: Clefable|Calm Mind|p1a: Clefable\n|-boost|p1a: Clefable|spa|0\n|-boost|p1a: Clefable|spd|0\n|\n|upkeep\n|turn|55\n|inactive|Time left: 300 sec this turn | 300 sec total\n|\n|t:|1783567215\n|move|p2a: Giratina|Calm Mind|p2a: Giratina\n|-boost|p2a: Giratina|spa|0\n|-boost|p2a: Giratina|spd|0\n|move|p1a: Clefable|Calm Mind|p1a: Clefable\n|-boost|p1a: Clefable|spa|0\n|-boost|p1a: Clefable|spd|0\n|\n|upkeep\n|turn|56\n|inactive|Time left: 300 sec this turn | 300 sec total\n|\n|t:|1783567216\n|move|p2a: Giratina|Calm Mind|p2a: Giratina\n|-boost|p2a: Giratina|spa|0\n|-boost|p2a: Giratina|spd|0\n|move|p1a: Clefable|Calm Mind|p1a: Clefable\n|-boost|p1a: Clefable|spa|0\n|-boost|p1a: Clefable|spd|0\n|\n|upkeep\n|turn|57\n|inactive|Time left: 300 sec this turn | 300 sec total\n|\n|t:|1783567217\n|move|p2a: Giratina|Calm Mind|p2a: Giratina\n|-boost|p2a: Giratina|spa|0\n|-boost|p2a: Giratina|spd|0\n|move|p1a: Clefable|Calm Mind|p1a: Clefable\n|-boost|p1a: Clefable|spa|0\n|-boost|p1a: Clefable|spd|0\n|\n|upkeep\n|turn|58\n|inactive|Time left: 300 sec this turn | 300 sec total\n|\n|t:|1783567218\n|move|p2a: Giratina|Calm Mind|p2a: Giratina\n|-boost|p2a: Giratina|spa|0\n|-boost|p2a: Giratina|spd|0\n|move|p1a: Clefable|Calm Mind|p1a: Clefable\n|-boost|p1a: Clefable|spa|0\n|-boost|p1a: Clefable|spd|0\n|\n|upkeep\n|turn|59\n|inactive|Time left: 300 sec this turn | 300 sec total\n|\n|t:|1783567218\n|move|p2a: Giratina|Sleep Talk||[still]\n|-fail|p2a: Giratina\n|move|p1a: Clefable|Calm Mind|p1a: Clefable\n|-boost|p1a: Clefable|spa|0\n|-boost|p1a: Clefable|spd|0\n|\n|upkeep\n|turn|60\n|inactive|Time left: 300 sec this turn | 300 sec total\n|\n|t:|1783567219\n|move|p2a: Giratina|Calm Mind|p2a: Giratina\n|-boost|p2a: Giratina|spa|0\n|-boost|p2a: Giratina|spd|0\n|move|p1a: Clefable|Calm Mind|p1a: Clefable\n|-boost|p1a: Clefable|spa|0\n|-boost|p1a: Clefable|spd|0\n|\n|upkeep\n|turn|61\n|inactive|Time left: 300 sec this turn | 300 sec total\n|\n|t:|1783567220\n|switch|p1a: Smeargle|Smeargle, L95, M|100/100\n|move|p2a: Giratina|Calm Mind|p2a: Giratina\n|-boost|p2a: Giratina|spa|0\n|-boost|p2a: Giratina|spd|0\n|\n|upkeep\n|turn|62\n|inactive|Time left: 300 sec this turn | 300 sec total\n|\n|t:|1783567221\n|move|p1a: Smeargle|Shell Smash|p1a: Smeargle\n|-unboost|p1a: Smeargle|def|1\n|-unboost|p1a: Smeargle|spd|1\n|-boost|p1a: Smeargle|atk|2\n|-boost|p1a: Smeargle|spa|2\n|-boost|p1a: Smeargle|spe|2\n|move|p2a: Giratina|Rest|p2a: Giratina\n|-fail|p2a: Giratina|heal\n|\n|upkeep\n|turn|63\n|inactive|Time left: 300 sec this turn | 300 sec total\n|\n|t:|1783567222\n|move|p1a: Smeargle|Shell Smash|p1a: Smeargle\n|-unboost|p1a: Smeargle|def|1\n|-unboost|p1a: Smeargle|spd|1\n|-boost|p1a: Smeargle|atk|2\n|-boost|p1a: Smeargle|spa|2\n|-boost|p1a: Smeargle|spe|2\n|move|p2a: Giratina|Sleep Talk||[still]\n|-fail|p2a: Giratina\n|\n|upkeep\n|turn|64\n|inactive|Time left: 300 sec this turn | 300 sec total\n|\n|t:|1783567222\n|move|p1a: Smeargle|Power Trip|p2a: Giratina\n|-supereffective|p2a: Giratina\n|-damage|p2a: Giratina|0 fnt\n|faint|p2a: Giratina\n|\n|upkeep\n|inactive|Time left: 300 sec this turn | 300 sec total | 5 sec grace\n|\n|t:|1783567223\n|switch|p2a: Ursaring|Ursaring, L84, F|288/288\n|turn|65\n|inactive|Time left: 300 sec this turn | 300 sec total\n|\n|t:|1783567224\n|move|p1a: Smeargle|Population Bomb|p2a: Ursaring\n|-damage|p2a: Ursaring|251/288\n|-damage|p2a: Ursaring|212/288\n|-damage|p2a: Ursaring|176/288\n|-crit|p2a: Ursaring\n|-damage|p2a: Ursaring|121/288\n|-damage|p2a: Ursaring|85/288\n|-damage|p2a: Ursaring|48/288\n|-damage|p2a: Ursaring|11/288\n|-damage|p2a: Ursaring|0 fnt\n|faint|p2a: Ursaring\n|-hitcount|p2: Ursaring|8\n|\n|upkeep\n|inactive|Time left: 300 sec this turn | 300 sec total | 5 sec grace\n|\n|t:|1783567225\n|switch|p2a: Kingdra|Kingdra, L84, M|263/263\n|turn|66\n|inactive|Time left: 300 sec this turn | 300 sec total\n|\n|t:|1783567226\n|switch|p2a: Solgaleo|Solgaleo, L74|325/325\n|move|p1a: Smeargle|Population Bomb|p2a: Solgaleo\n|-resisted|p2a: Solgaleo\n|-damage|p2a: Solgaleo|301/325\n|-resisted|p2a: Solgaleo\n|-damage|p2a: Solgaleo|279/325\n|-resisted|p2a: Solgaleo\n|-crit|p2a: Solgaleo\n|-damage|p2a: Solgaleo|246/325\n|-resisted|p2a: Solgaleo\n|-damage|p2a: Solgaleo|224/325\n|-resisted|p2a: Solgaleo\n|-damage|p2a: Solgaleo|203/325\n|-resisted|p2a: Solgaleo\n|-crit|p2a: Solgaleo\n|-damage|p2a: Solgaleo|167/325\n|-resisted|p2a: Solgaleo\n|-damage|p2a: Solgaleo|145/325\n|-resisted|p2a: Solgaleo\n|-damage|p2a: Solgaleo|121/325\n|-resisted|p2a: Solgaleo\n|-damage|p2a: Solgaleo|98/325\n|-resisted|p2a: Solgaleo\n|-damage|p2a: Solgaleo|76/325\n|-hitcount|p2a: Solgaleo|10\n|\n|-heal|p2a: Solgaleo|96/325|[from] item: Leftovers\n|upkeep\n|turn|67\n|inactive|Time left: 300 sec this turn | 300 sec total\n|\n|t:|1783567227\n|switch|p2a: Kingdra|Kingdra, L84, M|263/263\n|move|p1a: Smeargle|Power Trip|p2a: Kingdra\n|-damage|p2a: Kingdra|27/263\n|\n|upkeep\n|turn|68\n|inactive|Time left: 300 sec this turn | 300 sec total\n|\n|t:|1783567228\n|move|p1a: Smeargle|Power Trip|p2a: Kingdra\n|-damage|p2a: Kingdra|0 fnt\n|faint|p2a: Kingdra\n|\n|upkeep\n|inactive|Time left: 300 sec this turn | 300 sec total | 5 sec grace\n|\n|t:|1783567229\n|switch|p2a: Solgaleo|Solgaleo, L74|96/325\n|turn|69\n|inactive|Time left: 300 sec this turn | 300 sec total\n|\n|t:|1783567230\n|-terastallize|p1a: Smeargle|Normal\n|move|p1a: Smeargle|Power Trip|p2a: Solgaleo\n|-supereffective|p2a: Solgaleo\n|-damage|p2a: Solgaleo|0 fnt\n|faint|p2a: Solgaleo\n|\n|win|p0x2428aab2", "uploadtime": 1783567230, "views": 0, "rating": 0, "private": 0, "password": null, "_winner": "p0x2428aab2", "_our_name": "p0y2428f9e7"}