{"id": "battle-gen9randombattle-2514", "formatid": "gen9randombattle", "format": "[Gen 9] Random Battle", "players": ["p0x251490ed", "p0y2514ad4d"], "log": "|init|battle\n|title|p0x251490ed vs. p0y2514ad4d\n|j|\u2606p0x251490ed\n|j|\u2606p0y2514ad4d\n|t:|1783569123\n|gametype|singles\n|player|p1|p0x251490ed|169|\n|player|p2|p0y2514ad4d|1|\n|gen|9\n|tier|[Gen 9] Random Battle\n|rule|Species Clause: Limit one of each Pok\u00e9mon\n|rule|HP Percentage Mod: HP is shown in percentages\n|rule|Sleep Clause Mod: Limit one foe put to sleep\n|rule|Illusion Level Mod: Illusion disguises the Pok\u00e9mon's true level\n|\n|t:|1783569123\n|teamsize|p1|6\n|teamsize|p2|6\n|start\n|switch|p1a: Basculegion|Basculegion, L80, M|323/323\n|switch|p2a: Malamar|Malamar, L82, M|100/100\n|turn|1\n|inactive|Battle timer is ON: inactive players will automatically lose when time's up. (requested by p0y2514ad4d)\n|inactive|Time left: 300 sec this turn | 300 sec total | 60 sec grace\n|inactive|p0x251490ed also wants the timer to be on.\n|\n|t:|1783569125\n|move|p1a: Basculegion|Wave Crash|p2a: Malamar\n|-damage|p2a: Malamar|31/100\n|-damage|p1a: Basculegion|260/323|[from] Recoil\n|move|p2a: Malamar|Knock Off|p1a: Basculegion\n|-supereffective|p1a: Basculegion\n|-damage|p1a: Basculegion|0 fnt\n|-enditem|p1a: Basculegion|Assault Vest|[from] move: Knock Off|[of] p2a: Malamar\n|faint|p1a: Basculegion\n|\n|upkeep\n|inactive|Time left: 300 sec this turn | 300 sec total | 65 sec grace\n|\n|t:|1783569126\n|switch|p1a: Drednaw|Drednaw, L81, M|278/278\n|turn|2\n|inactive|Time left: 300 sec this turn | 300 sec total\n|\n|t:|1783569127\n|-terastallize|p2a: Malamar|Fighting\n|move|p1a: Drednaw|Shell Smash|p1a: Drednaw\n|-unboost|p1a: Drednaw|def|1\n|-unboost|p1a: Drednaw|spd|1\n|-boost|p1a: Drednaw|atk|2\n|-boost|p1a: Drednaw|spa|2\n|-boost|p1a: Drednaw|spe|2\n|-enditem|p1a: Drednaw|White Herb\n|-clearnegativeboost|p1a: Drednaw|[silent]\n|move|p2a: Malamar|Superpower|p1a: Drednaw\n|-supereffective|p1a: Drednaw\n|-damage|p1a: Drednaw|20/278\n|-boost|p2a: Malamar|atk|1\n|-boost|p2a: Malamar|def|1\n|\n|upkeep\n|turn|3\n|inactive|Time left: 300 sec this turn | 300 sec total\n|\n|t:|1783569128\n|move|p1a: Drednaw|Liquidation|p2a: Malamar\n|-damage|p2a: Malamar|0 fnt\n|faint|p2a: Malamar\n|\n|upkeep\n|\n|t:|1783569129\n|switch|p2a: Duraludon|Duraludon, L82, F|100/100\n|turn|4\n|inactive|Time left: 300 sec this turn | 300 sec total\n|\n|t:|1783569130\n|move|p1a: Drednaw|Liquidation|p2a: Duraludon\n|-resisted|p2a: Duraludon\n|-damage|p2a: Duraludon|80/100\n|move|p2a: Duraludon|Body Press|p1a: Drednaw\n|-supereffective|p1a: Drednaw\n|-damage|p1a: Drednaw|0 fnt\n|faint|p1a: Drednaw\n|\n|upkeep\n|inactive|Time left: 300 sec this turn | 300 sec total | 5 sec grace\n|\n|t:|1783569131\n|switch|p1a: Mienshao|Mienshao, L83, F|244/244\n|turn|5\n|inactive|Time left: 300 sec this turn | 300 sec total\n|\n|t:|1783569132\n|move|p1a: Mienshao|Close Combat|p2a: Duraludon\n|-supereffective|p2a: Duraludon\n|-damage|p2a: Duraludon|0 fnt\n|-unboost|p1a: Mienshao|def|1\n|-unboost|p1a: Mienshao|spd|1\n|faint|p2a: Duraludon\n|-damage|p1a: Mienshao|220/244|[from] item: Life Orb\n|\n|upkeep\n|\n|t:|1783569133\n|switch|p2a: Kyogre|Kyogre, L71|100/100\n|-weather|RainDance|[from] ability: Drizzle|[of] p2a: Kyogre\n|turn|6\n|inactive|Time left: 300 sec this turn | 300 sec total\n|\n|t:|1783569134\n|-terastallize|p1a: Mienshao|Fighting\n|move|p2a: Kyogre|Water Spout|p1a: Mienshao\n|-damage|p1a: Mienshao|0 fnt\n|faint|p1a: Mienshao\n|\n|-weather|RainDance|[upkeep]\n|upkeep\n|inactive|Time left: 300 sec this turn | 300 sec total | 5 sec grace\n|\n|t:|1783569135\n|switch|p1a: Hatterene|Hatterene, L85, F|236/236\n|turn|7\n|inactive|Time left: 300 sec this turn | 300 sec total\n|\n|t:|1783569136\n|move|p2a: Kyogre|Water Spout|p1a: Hatterene\n|-damage|p1a: Hatterene|101/236\n|move|p1a: Hatterene|Draining Kiss|p2a: Kyogre\n|-damage|p2a: Kyogre|78/100\n|-heal|p1a: Hatterene|144/236|[from] drain|[of] p2a: Kyogre\n|\n|-weather|RainDance|[upkeep]\n|upkeep\n|turn|8\n|inactive|Time left: 300 sec this turn | 300 sec total\n|\n|t:|1783569137\n|move|p2a: Kyogre|Water Spout|p1a: Hatterene\n|-crit|p1a: Hatterene\n|-damage|p1a: Hatterene|0 fnt\n|faint|p1a: Hatterene\n|\n|-weather|RainDance|[upkeep]\n|upkeep\n|inactive|Time left: 300 sec this turn | 300 sec total | 5 sec grace\n|\n|t:|1783569138\n|switch|p1a: Scizor|Scizor, L79, M|240/240\n|turn|9\n|inactive|Time left: 300 sec this turn | 300 sec total\n|\n|t:|1783569139\n|move|p2a: Kyogre|Water Spout|p1a: Scizor\n|-damage|p1a: Scizor|18/240\n|move|p1a: Scizor|Knock Off|p2a: Kyogre\n|-damage|p2a: Kyogre|25/100\n|-enditem|p2a: Kyogre|Choice Scarf|[from] move: Knock Off|[of] p1a: Scizor\n|\n|-weather|RainDance|[upkeep]\n|upkeep\n|turn|10\n|inactive|Time left: 300 sec this turn | 300 sec total\n|\n|t:|1783569140\n|move|p2a: Kyogre|Origin Pulse|p1a: Scizor\n|-damage|p1a: Scizor|0 fnt\n|faint|p1a: Scizor\n|\n|-weather|none\n|upkeep\n|inactive|Time left: 300 sec this turn | 300 sec total | 5 sec grace\n|\n|t:|1783569140\n|switch|p1a: Cinderace|Cinderace, L77, F|249/249\n|turn|11\n|inactive|Time left: 300 sec this turn | 300 sec total\n|\n|t:|1783569141\n|move|p1a: Cinderace|Pyro Ball|p2a: Kyogre\n|-resisted|p2a: Kyogre\n|-damage|p2a: Kyogre|0 fnt\n|faint|p2a: Kyogre\n|\n|upkeep\n|\n|t:|1783569142\n|switch|p2a: Gouging Fire|Gouging Fire, L74|100/100\n|turn|12\n|inactive|Time left: 300 sec this turn | 300 sec total\n|\n|t:|1783569143\n|move|p1a: Cinderace|Pyro Ball|p2a: Gouging Fire\n|-resisted|p2a: Gouging Fire\n|-damage|p2a: Gouging Fire|90/100\n|move|p2a: Gouging Fire|Outrage|p1a: Cinderace\n|-damage|p1a: Cinderace|120/249\n|\n|upkeep\n|turn|13\n|inactive|Time left: 300 sec this turn | 300 sec total\n|\n|t:|1783569143\n|move|p1a: Cinderace|High Jump Kick|p2a: Gouging Fire\n|-start|p1a: Cinderace|typechange|Fighting|[from] ability: Libero\n|-damage|p2a: Gouging Fire|51/100\n|move|p2a: Gouging Fire|Outrage|p1a: Cinderace|[from] lockedmove\n|-damage|p1a: Cinderace|0 fnt\n|faint|p1a: Cinderace\n|-start|p2a: Gouging Fire|confusion|[fatigue]\n|\n|win|p0y2514ad4d", "uploadtime": 1783569143, "views": 0, "rating": 0, "private": 0, "password": null, "_winner": "p0y2514ad4d", "_our_name": "p0x251490ed"}