{"id": "battle-gen9randombattle-1590", "formatid": "gen9randombattle", "format": "[Gen 9] Random Battle", "players": ["p0x15901bdd", "p0y15904da1"], "log": "|init|battle\n|title|p0x15901bdd vs. p0y15904da1\n|j|\u2606p0x15901bdd\n|j|\u2606p0y15904da1\n|t:|1783558413\n|gametype|singles\n|player|p1|p0x15901bdd|265|\n|player|p2|p0y15904da1|1|\n|gen|9\n|tier|[Gen 9] Random Battle\n|rule|Species Clause: Limit one of each Pok\u00e9mon\n|rule|HP Percentage Mod: HP is shown in percentages\n|rule|Sleep Clause Mod: Limit one foe put to sleep\n|rule|Illusion Level Mod: Illusion disguises the Pok\u00e9mon's true level\n|\n|t:|1783558413\n|teamsize|p1|6\n|teamsize|p2|6\n|start\n|switch|p1a: Palkia|Palkia-Origin, L72|249/249\n|switch|p2a: Cinderace|Cinderace, L77, M|100/100\n|-ability|p1a: Palkia|Pressure\n|turn|1\n|inactive|Battle timer is ON: inactive players will automatically lose when time's up. (requested by p0x15901bdd)\n|inactive|p0y15904da1 also wants the timer to be on.\n|\n|t:|1783558414\n|move|p2a: Cinderace|Gunk Shot|p1a: Palkia|[miss]\n|-start|p2a: Cinderace|typechange|Poison|[from] ability: Libero\n|-miss|p2a: Cinderace|p1a: Palkia\n|move|p1a: Palkia|Spacial Rend|p2a: Cinderace\n|-damage|p2a: Cinderace|34/100\n|\n|upkeep\n|turn|2\n|inactive|Time left: 300 sec this turn | 300 sec total\n|\n|t:|1783558415\n|move|p2a: Cinderace|Gunk Shot|p1a: Palkia|[miss]\n|-miss|p2a: Cinderace|p1a: Palkia\n|move|p1a: Palkia|Spacial Rend|p2a: Cinderace\n|-crit|p2a: Cinderace\n|-damage|p2a: Cinderace|0 fnt\n|faint|p2a: Cinderace\n|\n|upkeep\n|\n|t:|1783558416\n|switch|p2a: Drednaw|Drednaw, L81, F|100/100\n|turn|3\n|inactive|Time left: 300 sec this turn | 300 sec total\n|\n|t:|1783558417\n|move|p1a: Palkia|Spacial Rend|p2a: Drednaw\n|-damage|p2a: Drednaw|42/100\n|move|p2a: Drednaw|Shell Smash|p2a: Drednaw\n|-unboost|p2a: Drednaw|def|1\n|-unboost|p2a: Drednaw|spd|1\n|-boost|p2a: Drednaw|atk|2\n|-boost|p2a: Drednaw|spa|2\n|-boost|p2a: Drednaw|spe|2\n|-enditem|p2a: Drednaw|White Herb\n|-clearnegativeboost|p2a: Drednaw|[silent]\n|\n|upkeep\n|turn|4\n|inactive|Time left: 300 sec this turn | 300 sec total\n|\n|t:|1783558418\n|-terastallize|p2a: Drednaw|Dark\n|move|p2a: Drednaw|Crunch|p1a: Palkia\n|-damage|p1a: Palkia|0 fnt\n|faint|p1a: Palkia\n|\n|upkeep\n|inactive|Time left: 300 sec this turn | 300 sec total | 5 sec grace\n|\n|t:|1783558419\n|switch|p1a: Duraludon|Duraludon, L82, M|249/249\n|turn|5\n|inactive|Time left: 300 sec this turn | 300 sec total\n|\n|t:|1783558420\n|move|p2a: Drednaw|Crunch|p1a: Duraludon\n|-damage|p1a: Duraludon|96/249\n|move|p1a: Duraludon|Flash Cannon|p2a: Drednaw\n|-damage|p2a: Drednaw|0 fnt\n|faint|p2a: Drednaw\n|\n|upkeep\n|\n|t:|1783558421\n|switch|p2a: Barraskewda|Barraskewda, L81, F|100/100\n|turn|6\n|inactive|Time left: 300 sec this turn | 300 sec total\n|\n|t:|1783558422\n|move|p2a: Barraskewda|Close Combat|p1a: Duraludon\n|-supereffective|p1a: Duraludon\n|-damage|p1a: Duraludon|0 fnt\n|-unboost|p2a: Barraskewda|def|1\n|-unboost|p2a: Barraskewda|spd|1\n|faint|p1a: Duraludon\n|\n|upkeep\n|inactive|Time left: 300 sec this turn | 300 sec total | 5 sec grace\n|\n|t:|1783558423\n|switch|p1a: Porygon2|Porygon2, L81|270/270\n|-ability|p1a: Porygon2|Download|boost\n|-boost|p1a: Porygon2|spa|1\n|turn|7\n|inactive|Time left: 300 sec this turn | 300 sec total\n|\n|t:|1783558424\n|switch|p2a: Piloswine|Piloswine, L85, M|100/100\n|move|p1a: Porygon2|Tri Attack|p2a: Piloswine\n|-damage|p2a: Piloswine|67/100\n|\n|upkeep\n|turn|8\n|inactive|Time left: 300 sec this turn | 300 sec total\n|\n|t:|1783558425\n|move|p1a: Porygon2|Tri Attack|p2a: Piloswine\n|-damage|p2a: Piloswine|29/100\n|move|p2a: Piloswine|Icicle Crash|p1a: Porygon2\n|-damage|p1a: Porygon2|207/270\n|\n|upkeep\n|turn|9\n|inactive|Time left: 300 sec this turn | 300 sec total\n|\n|t:|1783558426\n|move|p2a: Piloswine|Ice Shard|p1a: Porygon2\n|-damage|p1a: Porygon2|176/270\n|move|p1a: Porygon2|Tri Attack|p2a: Piloswine\n|-crit|p2a: Piloswine\n|-damage|p2a: Piloswine|0 fnt\n|faint|p2a: Piloswine\n|\n|upkeep\n|\n|t:|1783558427\n|switch|p2a: Barraskewda|Barraskewda, L81, F|100/100\n|turn|10\n|inactive|Time left: 300 sec this turn | 300 sec total\n|\n|t:|1783558428\n|-terastallize|p1a: Porygon2|Ghost\n|move|p2a: Barraskewda|Close Combat|p1a: Porygon2\n|-immune|p1a: Porygon2\n|move|p1a: Porygon2|Discharge|p2a: Barraskewda\n|-supereffective|p2a: Barraskewda\n|-damage|p2a: Barraskewda|0 fnt\n|faint|p2a: Barraskewda\n|\n|upkeep\n|\n|t:|1783558429\n|switch|p2a: Brute Bonnet|Brute Bonnet, L80|100/100\n|turn|11\n|inactive|Time left: 300 sec this turn | 300 sec total\n|\n|t:|1783558430\n|move|p1a: Porygon2|Ice Beam|p2a: Brute Bonnet\n|-supereffective|p2a: Brute Bonnet\n|-damage|p2a: Brute Bonnet|44/100\n|move|p2a: Brute Bonnet|Spore|p1a: Porygon2\n|-status|p1a: Porygon2|slp|[from] move: Spore\n|\n|-heal|p2a: Brute Bonnet|50/100|[from] item: Leftovers\n|upkeep\n|turn|12\n|inactive|Time left: 300 sec this turn | 300 sec total\n|\n|t:|1783558431\n|switch|p1a: Crawdaunt|Crawdaunt, L84, M|243/243\n|move|p2a: Brute Bonnet|Crunch|p1a: Crawdaunt\n|-resisted|p1a: Crawdaunt\n|-damage|p1a: Crawdaunt|195/243\n|-unboost|p1a: Crawdaunt|def|1\n|\n|-heal|p2a: Brute Bonnet|56/100|[from] item: Leftovers\n|upkeep\n|turn|13\n|inactive|Time left: 300 sec this turn | 300 sec total\n|\n|t:|1783558432\n|move|p1a: Crawdaunt|Close Combat|p2a: Brute Bonnet\n|-supereffective|p2a: Brute Bonnet\n|-damage|p2a: Brute Bonnet|0 fnt\n|-unboost|p1a: Crawdaunt|def|1\n|-unboost|p1a: Crawdaunt|spd|1\n|faint|p2a: Brute Bonnet\n|-end|p2a: Brute Bonnet|Protosynthesis|[silent]\n|\n|upkeep\n|\n|t:|1783558433\n|switch|p2a: Delibird|Delibird, M|100/100\n|turn|14\n|inactive|Time left: 300 sec this turn | 300 sec total\n|\n|t:|1783558434\n|move|p2a: Delibird|Drill Run|p1a: Crawdaunt\n|-crit|p1a: Crawdaunt\n|-damage|p1a: Crawdaunt|0 fnt\n|faint|p1a: Crawdaunt\n|\n|upkeep\n|inactive|Time left: 300 sec this turn | 300 sec total | 5 sec grace\n|\n|t:|1783558435\n|switch|p1a: Camerupt|Camerupt, L91, F|275/275\n|turn|15\n|inactive|Time left: 300 sec this turn | 300 sec total\n|\n|t:|1783558436\n|move|p2a: Delibird|Brave Bird|p1a: Camerupt\n|-damage|p1a: Camerupt|80/275\n|-damage|p2a: Delibird|75/100|[from] Recoil\n|move|p1a: Camerupt|Overheat|p2a: Delibird\n|-supereffective|p2a: Delibird\n|-damage|p2a: Delibird|0 fnt\n|-unboost|p1a: Camerupt|spa|2\n|faint|p2a: Delibird\n|\n|win|p0x15901bdd", "uploadtime": 1783558436, "views": 0, "rating": 0, "private": 0, "password": null, "_winner": "p0x15901bdd", "_our_name": "p0x15901bdd"}