{"id": "battle-gen9randombattle-2073", "formatid": "gen9randombattle", "format": "[Gen 9] Random Battle", "players": ["p0x2073a3c9", "p0y20739faa"], "log": "|init|battle\n|title|p0x2073a3c9 vs. p0y20739faa\n|j|\u2606p0x2073a3c9\n|j|\u2606p0y20739faa\n|t:|1783563200\n|gametype|singles\n|player|p1|p0x2073a3c9|169|\n|player|p2|p0y20739faa|170|\n|gen|9\n|tier|[Gen 9] Random Battle\n|rule|Species Clause: Limit one of each Pok\u00e9mon\n|rule|HP Percentage Mod: HP is shown in percentages\n|rule|Sleep Clause Mod: Limit one foe put to sleep\n|rule|Illusion Level Mod: Illusion disguises the Pok\u00e9mon's true level\n|\n|t:|1783563200\n|teamsize|p1|6\n|teamsize|p2|6\n|start\n|switch|p1a: Garganacl|Garganacl, L80, M|100/100\n|switch|p2a: Dedenne|Dedenne, L88, M|261/261\n|turn|1\n|inactive|Battle timer is ON: inactive players will automatically lose when time's up. (requested by p0x2073a3c9)\n|inactive|Time left: 300 sec this turn | 300 sec total | 60 sec grace\n|inactive|p0y20739faa also wants the timer to be on.\n|\n|t:|1783563202\n|move|p2a: Dedenne|Super Fang|p1a: Garganacl\n|-damage|p1a: Garganacl|51/100\n|move|p1a: Garganacl|Salt Cure|p2a: Dedenne\n|-damage|p2a: Dedenne|212/261\n|-start|p2a: Dedenne|Salt Cure\n|\n|-heal|p1a: Garganacl|57/100|[from] item: Leftovers\n|-damage|p2a: Dedenne|180/261|[from] Salt Cure\n|upkeep\n|turn|2\n|inactive|Time left: 300 sec this turn | 300 sec total\n|\n|t:|1783563203\n|move|p2a: Dedenne|Dazzling Gleam|p1a: Garganacl\n|-crit|p1a: Garganacl\n|-damage|p1a: Garganacl|16/100\n|move|p1a: Garganacl|Recover|p1a: Garganacl\n|-heal|p1a: Garganacl|66/100\n|\n|-heal|p1a: Garganacl|73/100|[from] item: Leftovers\n|-damage|p2a: Dedenne|148/261|[from] Salt Cure\n|upkeep\n|turn|3\n|inactive|Time left: 300 sec this turn | 300 sec total\n|\n|t:|1783563204\n|move|p2a: Dedenne|Super Fang|p1a: Garganacl\n|-damage|p1a: Garganacl|37/100\n|move|p1a: Garganacl|Recover|p1a: Garganacl\n|-heal|p1a: Garganacl|87/100\n|\n|-heal|p1a: Garganacl|93/100|[from] item: Leftovers\n|-damage|p2a: Dedenne|116/261|[from] Salt Cure\n|upkeep\n|-enditem|p2a: Dedenne|Sitrus Berry|[eat]\n|-heal|p2a: Dedenne|181/261|[from] item: Sitrus Berry\n|-heal|p2a: Dedenne|261/261|[from] ability: Cheek Pouch\n|turn|4\n|inactive|Time left: 300 sec this turn | 300 sec total\n|\n|t:|1783563205\n|move|p2a: Dedenne|U-turn|p1a: Garganacl\n|-damage|p1a: Garganacl|82/100\n|inactive|Time left: 300 sec this turn | 300 sec total | 5 sec grace\n|\n|t:|1783563206\n|switch|p2a: Hoopa|Hoopa, L85|275/275|[from] U-turn\n|move|p1a: Garganacl|Iron Defense|p1a: Garganacl\n|-boost|p1a: Garganacl|def|2\n|\n|-heal|p1a: Garganacl|88/100|[from] item: Leftovers\n|upkeep\n|turn|5\n|inactive|Time left: 300 sec this turn | 300 sec total\n|\n|t:|1783563208\n|move|p2a: Hoopa|Nasty Plot|p2a: Hoopa\n|-boost|p2a: Hoopa|spa|2\n|move|p1a: Garganacl|Salt Cure|p2a: Hoopa\n|-crit|p2a: Hoopa\n|-damage|p2a: Hoopa|200/275\n|-start|p2a: Hoopa|Salt Cure\n|\n|-heal|p1a: Garganacl|95/100|[from] item: Leftovers\n|-damage|p2a: Hoopa|166/275|[from] Salt Cure\n|upkeep\n|turn|6\n|inactive|Time left: 300 sec this turn | 300 sec total\n|\n|t:|1783563209\n|move|p2a: Hoopa|Psychic|p1a: Garganacl\n|-damage|p1a: Garganacl|0 fnt\n|faint|p1a: Garganacl\n|-damage|p2a: Hoopa|139/275|[from] item: Life Orb\n|\n|-damage|p2a: Hoopa|105/275|[from] Salt Cure\n|upkeep\n|\n|t:|1783563209\n|switch|p1a: Politoed|Politoed, L88, M|100/100\n|-weather|RainDance|[from] ability: Drizzle|[of] p1a: Politoed\n|turn|7\n|inactive|Time left: 300 sec this turn | 300 sec total\n|\n|t:|1783563211\n|move|p1a: Politoed|Weather Ball|p2a: Hoopa\n|-damage|p2a: Hoopa|0 fnt\n|faint|p2a: Hoopa\n|\n|-weather|RainDance|[upkeep]\n|upkeep\n|inactive|Time left: 300 sec this turn | 300 sec total | 5 sec grace\n|\n|t:|1783563212\n|switch|p2a: Araquanid|Araquanid, L82, M|246/246\n|turn|8\n|inactive|Time left: 300 sec this turn | 300 sec total\n|\n|t:|1783563213\n|move|p1a: Politoed|Weather Ball|p2a: Araquanid\n|-resisted|p2a: Araquanid\n|-damage|p2a: Araquanid|159/246\n|move|p2a: Araquanid|Sticky Web|p1a: Politoed\n|-sidestart|p1: p0x2073a3c9|move: Sticky Web\n|\n|-weather|RainDance|[upkeep]\n|upkeep\n|turn|9\n|inactive|Time left: 300 sec this turn | 300 sec total\n|\n|t:|1783563214\n|switch|p2a: Chesnaught|Chesnaught, L84, M|285/285\n|move|p1a: Politoed|Weather Ball|p2a: Chesnaught\n|-immune|p2a: Chesnaught|[from] ability: Bulletproof\n|\n|-weather|RainDance|[upkeep]\n|upkeep\n|turn|10\n|inactive|Time left: 300 sec this turn | 300 sec total\n|\n|t:|1783563215\n|switch|p1a: Ceruledge|Ceruledge, L78, M|100/100\n|move|p2a: Chesnaught|Trailblaze|p1a: Ceruledge\n|-resisted|p1a: Ceruledge\n|-damage|p1a: Ceruledge|87/100\n|-boost|p2a: Chesnaught|spe|1\n|-ability|p1a: Ceruledge|Weak Armor|boost\n|-unboost|p1a: Ceruledge|def|1\n|-boost|p1a: Ceruledge|spe|2\n|\n|-weather|RainDance|[upkeep]\n|upkeep\n|turn|11\n|inactive|Time left: 300 sec this turn | 300 sec total\n|\n|t:|1783563216\n|switch|p2a: Groudon|Groudon, L72|263/263\n|-weather|SunnyDay|[from] ability: Drought|[of] p2a: Groudon\n|move|p1a: Ceruledge|Swords Dance|p1a: Ceruledge\n|-boost|p1a: Ceruledge|atk|2\n|\n|-weather|SunnyDay|[upkeep]\n|upkeep\n|turn|12\n|inactive|Time left: 300 sec this turn | 300 sec total\n|\n|t:|1783563217\n|-terastallize|p1a: Ceruledge|Fighting\n|-terastallize|p2a: Groudon|Fire\n|move|p1a: Ceruledge|Bitter Blade|p2a: Groudon\n|-resisted|p2a: Groudon\n|-damage|p2a: Groudon|134/263\n|-heal|p1a: Ceruledge|100/100|[from] drain|[of] p2a: Groudon\n|move|p2a: Groudon|Precipice Blades|p1a: Ceruledge\n|-damage|p1a: Ceruledge|14/100\n|-ability|p1a: Ceruledge|Weak Armor|boost\n|-unboost|p1a: Ceruledge|def|1\n|-boost|p1a: Ceruledge|spe|2\n|\n|-weather|SunnyDay|[upkeep]\n|-heal|p2a: Groudon|150/263|[from] item: Leftovers\n|upkeep\n|turn|13\n|inactive|Time left: 300 sec this turn | 300 sec total\n|\n|t:|1783563218\n|move|p1a: Ceruledge|Close Combat|p2a: Groudon\n|-damage|p2a: Groudon|0 fnt\n|-unboost|p1a: Ceruledge|def|1\n|-unboost|p1a: Ceruledge|spd|1\n|faint|p2a: Groudon\n|\n|-weather|SunnyDay|[upkeep]\n|upkeep\n|inactive|Time left: 300 sec this turn | 300 sec total | 5 sec grace\n|\n|t:|1783563219\n|switch|p2a: Araquanid|Araquanid, L82, M|159/246\n|turn|14\n|inactive|Time left: 300 sec this turn | 300 sec total\n|\n|t:|1783563220\n|move|p1a: Ceruledge|Poltergeist|p2a: Araquanid\n|-activate|p2a: Araquanid|move: Poltergeist|Heavy-Duty Boots\n|-damage|p2a: Araquanid|0 fnt\n|faint|p2a: Araquanid\n|\n|-weather|SunnyDay|[upkeep]\n|upkeep\n|inactive|Time left: 300 sec this turn | 300 sec total | 5 sec grace\n|\n|t:|1783563221\n|switch|p2a: Dedenne|Dedenne, L88, M|261/261\n|turn|15\n|inactive|Time left: 300 sec this turn | 300 sec total\n|\n|t:|1783563221\n|switch|p2a: Chesnaught|Chesnaught, L84, M|285/285\n|move|p1a: Ceruledge|Bitter Blade|p2a: Chesnaught\n|-supereffective|p2a: Chesnaught\n|-damage|p2a: Chesnaught|0 fnt\n|-heal|p1a: Ceruledge|72/100|[from] drain|[of] p2a: Chesnaught\n|faint|p2a: Chesnaught\n|\n|-weather|none\n|upkeep\n|inactive|Time left: 300 sec this turn | 300 sec total | 5 sec grace\n|\n|t:|1783563222\n|switch|p2a: Dedenne|Dedenne, L88, M|261/261\n|turn|16\n|inactive|Time left: 300 sec this turn | 300 sec total\n|\n|t:|1783563223\n|move|p1a: Ceruledge|Bitter Blade|p2a: Dedenne\n|-damage|p2a: Dedenne|0 fnt\n|-heal|p1a: Ceruledge|100/100|[from] drain|[of] p2a: Dedenne\n|faint|p2a: Dedenne\n|\n|upkeep\n|inactive|Time left: 300 sec this turn | 300 sec total | 5 sec grace\n|\n|t:|1783563224\n|switch|p2a: Maushold|Maushold, L76|238/238\n|turn|17\n|inactive|Time left: 300 sec this turn | 300 sec total\n|\n|t:|1783563224\n|move|p1a: Ceruledge|Close Combat|p2a: Maushold\n|-supereffective|p2a: Maushold\n|-damage|p2a: Maushold|0 fnt\n|-unboost|p1a: Ceruledge|def|1\n|-unboost|p1a: Ceruledge|spd|1\n|faint|p2a: Maushold\n|\n|win|p0x2073a3c9", "uploadtime": 1783563224, "views": 0, "rating": 0, "private": 0, "password": null, "_winner": "p0x2073a3c9", "_our_name": "p0y20739faa"}