{"id": "battle-gen9randombattle-2659", "formatid": "gen9randombattle", "format": "[Gen 9] Random Battle", "players": ["p0x26596c88", "p0y2659695a"], "log": "|init|battle\n|title|p0x26596c88 vs. p0y2659695a\n|j|\u2606p0x26596c88\n|j|\u2606p0y2659695a\n|t:|1783570693\n|gametype|singles\n|player|p1|p0x26596c88|266|\n|player|p2|p0y2659695a|101|\n|gen|9\n|tier|[Gen 9] Random Battle\n|rule|Species Clause: Limit one of each Pok\u00e9mon\n|rule|HP Percentage Mod: HP is shown in percentages\n|rule|Sleep Clause Mod: Limit one foe put to sleep\n|rule|Illusion Level Mod: Illusion disguises the Pok\u00e9mon's true level\n|\n|t:|1783570693\n|teamsize|p1|6\n|teamsize|p2|6\n|start\n|switch|p1a: Arcanine|Arcanine, L84, M|288/288\n|switch|p2a: Bombirdier|Bombirdier, L85, M|100/100\n|-ability|p1a: Arcanine|Intimidate|boost\n|-unboost|p2a: Bombirdier|atk|1\n|turn|1\n|inactive|Battle timer is ON: inactive players will automatically lose when time's up. (requested by p0y2659695a)\n|inactive|Time left: 300 sec this turn | 300 sec total | 60 sec grace\n|inactive|p0x26596c88 also wants the timer to be on.\n|\n|t:|1783570694\n|move|p1a: Arcanine|Flare Blitz|p2a: Bombirdier\n|-damage|p2a: Bombirdier|47/100\n|-damage|p1a: Arcanine|242/288|[from] Recoil\n|move|p2a: Bombirdier|Stone Edge|p1a: Arcanine|[miss]\n|-miss|p2a: Bombirdier|p1a: Arcanine\n|\n|upkeep\n|turn|2\n|inactive|Time left: 300 sec this turn | 300 sec total\n|\n|t:|1783570695\n|switch|p2a: Basculegion|Basculegion-F, L83, F|100/100\n|move|p1a: Arcanine|Flare Blitz|p2a: Basculegion\n|-resisted|p2a: Basculegion\n|-damage|p2a: Basculegion|75/100\n|-damage|p1a: Arcanine|214/288|[from] Recoil\n|\n|upkeep\n|turn|3\n|inactive|Time left: 300 sec this turn | 300 sec total\n|\n|t:|1783570696\n|switch|p1a: Registeel|Registeel, L81|262/262\n|move|p2a: Basculegion|Hydro Pump|p1a: Registeel\n|-damage|p1a: Registeel|116/262\n|\n|-heal|p1a: Registeel|132/262|[from] item: Leftovers\n|upkeep\n|turn|4\n|inactive|Time left: 300 sec this turn | 300 sec total\n|\n|t:|1783570697\n|move|p2a: Basculegion|Hydro Pump|p1a: Registeel\n|-damage|p1a: Registeel|0 fnt\n|faint|p1a: Registeel\n|\n|upkeep\n|inactive|Time left: 300 sec this turn | 300 sec total | 5 sec grace\n|\n|t:|1783570698\n|switch|p1a: Staraptor|Staraptor, L79, F|263/263\n|turn|5\n|inactive|Time left: 300 sec this turn | 300 sec total\n|\n|t:|1783570699\n|move|p1a: Staraptor|Brave Bird|p2a: Basculegion\n|-damage|p2a: Basculegion|0 fnt\n|faint|p2a: Basculegion\n|-damage|p1a: Staraptor|180/263|[from] Recoil\n|\n|upkeep\n|\n|t:|1783570699\n|switch|p2a: Glalie|Glalie, L96, M|100/100\n|turn|6\n|inactive|Time left: 300 sec this turn | 300 sec total\n|\n|t:|1783570700\n|move|p2a: Glalie|Freeze-Dry|p1a: Staraptor\n|-supereffective|p1a: Staraptor\n|-damage|p1a: Staraptor|0 fnt\n|faint|p1a: Staraptor\n|\n|upkeep\n|inactive|Time left: 300 sec this turn | 300 sec total | 5 sec grace\n|\n|t:|1783570701\n|switch|p1a: Hitmonlee|Hitmonlee, L85, M|223/223\n|turn|7\n|inactive|Time left: 300 sec this turn | 300 sec total\n|\n|t:|1783570702\n|move|p2a: Glalie|Earthquake|p1a: Hitmonlee\n|-damage|p1a: Hitmonlee|109/223\n|move|p1a: Hitmonlee|High Jump Kick|p2a: Glalie\n|-supereffective|p2a: Glalie\n|-damage|p2a: Glalie|0 fnt\n|faint|p2a: Glalie\n|\n|upkeep\n|\n|t:|1783570703\n|switch|p2a: Reuniclus|Reuniclus, L88, F|100/100\n|turn|8\n|inactive|Time left: 300 sec this turn | 300 sec total\n|\n|t:|1783570704\n|move|p1a: Hitmonlee|High Jump Kick|p2a: Reuniclus|[miss]\n|-miss|p1a: Hitmonlee|p2a: Reuniclus\n|-damage|p1a: Hitmonlee|0 fnt|[from] highjumpkick\n|faint|p1a: Hitmonlee\n|move|p2a: Reuniclus|Psychic|p1: Hitmonlee|[notarget]\n|-fail|p2a: Reuniclus\n|\n|upkeep\n|inactive|Time left: 300 sec this turn | 300 sec total | 5 sec grace\n|\n|t:|1783570705\n|switch|p1a: Maushold|Maushold, L76|238/238\n|turn|9\n|inactive|Time left: 300 sec this turn | 300 sec total\n|\n|t:|1783570706\n|move|p1a: Maushold|Population Bomb|p2a: Reuniclus\n|-damage|p2a: Reuniclus|93/100\n|-damage|p2a: Reuniclus|86/100\n|-damage|p2a: Reuniclus|78/100\n|-damage|p2a: Reuniclus|71/100\n|-damage|p2a: Reuniclus|64/100\n|-damage|p2a: Reuniclus|57/100\n|-damage|p2a: Reuniclus|49/100\n|-damage|p2a: Reuniclus|43/100\n|-damage|p2a: Reuniclus|36/100\n|-hitcount|p2a: Reuniclus|9\n|move|p2a: Reuniclus|Psychic|p1a: Maushold\n|-damage|p1a: Maushold|43/238\n|\n|upkeep\n|turn|10\n|inactive|Time left: 300 sec this turn | 300 sec total\n|\n|t:|1783570707\n|-terastallize|p2a: Reuniclus|Steel\n|move|p1a: Maushold|Population Bomb|p2a: Reuniclus\n|-resisted|p2a: Reuniclus\n|-damage|p2a: Reuniclus|32/100\n|-resisted|p2a: Reuniclus\n|-damage|p2a: Reuniclus|29/100\n|-resisted|p2a: Reuniclus\n|-damage|p2a: Reuniclus|25/100\n|-resisted|p2a: Reuniclus\n|-damage|p2a: Reuniclus|22/100\n|-resisted|p2a: Reuniclus\n|-damage|p2a: Reuniclus|18/100\n|-resisted|p2a: Reuniclus\n|-damage|p2a: Reuniclus|15/100\n|-resisted|p2a: Reuniclus\n|-crit|p2a: Reuniclus\n|-damage|p2a: Reuniclus|9/100\n|-resisted|p2a: Reuniclus\n|-damage|p2a: Reuniclus|6/100\n|-resisted|p2a: Reuniclus\n|-damage|p2a: Reuniclus|2/100\n|-resisted|p2a: Reuniclus\n|-damage|p2a: Reuniclus|0 fnt\n|faint|p2a: Reuniclus\n|-hitcount|p2: Reuniclus|10\n|\n|upkeep\n|\n|t:|1783570708\n|switch|p2a: Articuno|Articuno, L86|100/100\n|-ability|p2a: Articuno|Pressure\n|turn|11\n|inactive|Time left: 300 sec this turn | 300 sec total\n|\n|t:|1783570708\n|move|p1a: Maushold|Population Bomb|p2a: Articuno\n|-damage|p2a: Articuno|93/100\n|-damage|p2a: Articuno|86/100\n|-damage|p2a: Articuno|79/100\n|-damage|p2a: Articuno|72/100\n|-crit|p2a: Articuno\n|-damage|p2a: Articuno|61/100\n|-damage|p2a: Articuno|55/100\n|-damage|p2a: Articuno|48/100\n|-damage|p2a: Articuno|40/100\n|-damage|p2a: Articuno|34/100\n|-damage|p2a: Articuno|27/100\n|-hitcount|p2a: Articuno|10\n|move|p2a: Articuno|Brave Bird|p1a: Maushold\n|-damage|p1a: Maushold|0 fnt\n|faint|p1a: Maushold\n|-damage|p2a: Articuno|23/100|[from] Recoil\n|\n|upkeep\n|inactive|Time left: 300 sec this turn | 300 sec total | 5 sec grace\n|\n|t:|1783570709\n|switch|p1a: Arcanine|Arcanine, L84, M|214/288\n|-ability|p1a: Arcanine|Intimidate|boost\n|-unboost|p2a: Articuno|atk|1\n|turn|12\n|inactive|Time left: 300 sec this turn | 300 sec total\n|\n|t:|1783570710\n|switch|p2a: Gothitelle|Gothitelle, L90, M|100/100\n|move|p1a: Arcanine|Flare Blitz|p2a: Gothitelle\n|-damage|p2a: Gothitelle|59/100\n|-damage|p1a: Arcanine|176/288|[from] Recoil\n|\n|-heal|p2a: Gothitelle|65/100|[from] item: Leftovers\n|upkeep\n|turn|13\n|inactive|Time left: 300 sec this turn | 300 sec total\n|\n|t:|1783570711\n|move|p1a: Arcanine|Flare Blitz|p2a: Gothitelle\n|-damage|p2a: Gothitelle|20/100\n|-status|p2a: Gothitelle|brn\n|-damage|p1a: Arcanine|136/288|[from] Recoil\n|move|p2a: Gothitelle|Psychic Noise|p1a: Arcanine\n|-damage|p1a: Arcanine|34/288\n|-start|p1a: Arcanine|move: Heal Block\n|\n|-heal|p2a: Gothitelle|27/100 brn|[from] item: Leftovers\n|-damage|p2a: Gothitelle|20/100 brn|[from] brn\n|upkeep\n|turn|14\n|inactive|Time left: 300 sec this turn | 300 sec total\n|\n|t:|1783570712\n|-terastallize|p1a: Arcanine|Normal\n|move|p1a: Arcanine|Extreme Speed|p2a: Gothitelle\n|-damage|p2a: Gothitelle|0 fnt\n|faint|p2a: Gothitelle\n|\n|-end|p1a: Arcanine|move: Heal Block\n|upkeep\n|\n|t:|1783570713\n|switch|p2a: Bombirdier|Bombirdier, L85, M|47/100\n|turn|15\n|inactive|Time left: 300 sec this turn | 300 sec total\n|\n|t:|1783570714\n|move|p1a: Arcanine|Extreme Speed|p2a: Bombirdier\n|-damage|p2a: Bombirdier|8/100\n|move|p2a: Bombirdier|Stone Edge|p1a: Arcanine\n|-crit|p1a: Arcanine\n|-damage|p1a: Arcanine|0 fnt\n|faint|p1a: Arcanine\n|\n|upkeep\n|inactive|Time left: 300 sec this turn | 300 sec total | 5 sec grace\n|\n|t:|1783570715\n|switch|p1a: Talonflame|Talonflame, L83, M|265/265\n|turn|16\n|inactive|Time left: 300 sec this turn | 300 sec total\n|\n|t:|1783570716\n|switch|p2a: Articuno|Articuno, L86|23/100\n|-ability|p2a: Articuno|Pressure\n|move|p1a: Talonflame|Brave Bird|p2a: Articuno\n|-damage|p2a: Articuno|0 fnt\n|faint|p2a: Articuno\n|-damage|p1a: Talonflame|244/265|[from] Recoil\n|\n|upkeep\n|\n|t:|1783570717\n|switch|p2a: Bombirdier|Bombirdier, L85, M|8/100\n|turn|17\n|inactive|Time left: 300 sec this turn | 300 sec total\n|\n|t:|1783570717\n|move|p1a: Talonflame|Brave Bird|p2a: Bombirdier\n|-damage|p2a: Bombirdier|0 fnt\n|faint|p2a: Bombirdier\n|-damage|p1a: Talonflame|237/265|[from] Recoil\n|\n|win|p0x26596c88", "uploadtime": 1783570717, "views": 0, "rating": 0, "private": 0, "password": null, "_winner": "p0x26596c88", "_our_name": "p0x26596c88"}