{"id": "battle-gen9randombattle-2662", "formatid": "gen9randombattle", "format": "[Gen 9] Random Battle", "players": ["p0x2662e919", "p0y2662bb44"], "log": "|init|battle\n|title|p0x2662e919 vs. p0y2662bb44\n|j|\u2606p0x2662e919\n|j|\u2606p0y2662bb44\n|t:|1783570717\n|gametype|singles\n|player|p1|p0x2662e919|101|\n|player|p2|p0y2662bb44|2|\n|gen|9\n|tier|[Gen 9] Random Battle\n|rule|Species Clause: Limit one of each Pok\u00e9mon\n|rule|HP Percentage Mod: HP is shown in percentages\n|rule|Sleep Clause Mod: Limit one foe put to sleep\n|rule|Illusion Level Mod: Illusion disguises the Pok\u00e9mon's true level\n|\n|t:|1783570717\n|teamsize|p1|6\n|teamsize|p2|6\n|start\n|switch|p1a: Scrafty|Scrafty, L83, F|100/100\n|switch|p2a: Scovillain|Scovillain, L91, M|266/266\n|-ability|p1a: Scrafty|Intimidate|boost\n|-unboost|p2a: Scovillain|atk|1\n|turn|1\n|inactive|Battle timer is ON: inactive players will automatically lose when time's up. (requested by p0x2662e919)\n|inactive|Time left: 300 sec this turn | 300 sec total | 60 sec grace\n|inactive|p0y2662bb44 also wants the timer to be on.\n|\n|t:|1783570719\n|switch|p2a: Tsareena|Tsareena, L87, F|267/267\n|move|p1a: Scrafty|Dragon Dance|p1a: Scrafty\n|-boost|p1a: Scrafty|atk|1\n|-boost|p1a: Scrafty|spe|1\n|\n|upkeep\n|turn|2\n|inactive|Time left: 300 sec this turn | 300 sec total\n|\n|t:|1783570720\n|-terastallize|p2a: Tsareena|Fighting\n|move|p1a: Scrafty|Knock Off|p2a: Tsareena\n|-resisted|p2a: Tsareena\n|-damage|p2a: Tsareena|198/267\n|-enditem|p2a: Tsareena|Choice Band|[from] move: Knock Off|[of] p1a: Scrafty\n|move|p2a: Tsareena|High Jump Kick|p1a: Scrafty\n|-supereffective|p1a: Scrafty\n|-damage|p1a: Scrafty|0 fnt\n|faint|p1a: Scrafty\n|\n|upkeep\n|\n|t:|1783570721\n|switch|p1a: Iron Valiant|Iron Valiant, L78|100/100\n|turn|3\n|inactive|Time left: 300 sec this turn | 300 sec total\n|\n|t:|1783570722\n|switch|p2a: Scovillain|Scovillain, L91, M|266/266\n|move|p1a: Iron Valiant|Moonblast|p2a: Scovillain\n|-resisted|p2a: Scovillain\n|-damage|p2a: Scovillain|188/266\n|-unboost|p2a: Scovillain|spa|1\n|-damage|p1a: Iron Valiant|91/100|[from] item: Life Orb\n|\n|-heal|p2a: Scovillain|204/266|[from] item: Leftovers\n|upkeep\n|turn|4\n|inactive|Time left: 300 sec this turn | 300 sec total\n|\n|t:|1783570723\n|move|p2a: Scovillain|Protect|p2a: Scovillain\n|-singleturn|p2a: Scovillain|Protect\n|move|p1a: Iron Valiant|Close Combat|p2a: Scovillain\n|-activate|p2a: Scovillain|move: Protect\n|\n|-heal|p2a: Scovillain|220/266|[from] item: Leftovers\n|upkeep\n|turn|5\n|inactive|Time left: 300 sec this turn | 300 sec total\n|\n|t:|1783570724\n|move|p1a: Iron Valiant|Close Combat|p2a: Scovillain\n|-damage|p2a: Scovillain|21/266\n|-unboost|p1a: Iron Valiant|def|1\n|-unboost|p1a: Iron Valiant|spd|1\n|-damage|p1a: Iron Valiant|81/100|[from] item: Life Orb\n|move|p2a: Scovillain|Flamethrower|p1a: Iron Valiant\n|-damage|p1a: Iron Valiant|16/100\n|\n|-heal|p2a: Scovillain|37/266|[from] item: Leftovers\n|upkeep\n|turn|6\n|inactive|Time left: 300 sec this turn | 300 sec total\n|\n|t:|1783570725\n|move|p2a: Scovillain|Protect|p2a: Scovillain\n|-singleturn|p2a: Scovillain|Protect\n|move|p1a: Iron Valiant|Moonblast|p2a: Scovillain\n|-activate|p2a: Scovillain|move: Protect\n|\n|-heal|p2a: Scovillain|53/266|[from] item: Leftovers\n|upkeep\n|turn|7\n|inactive|Time left: 300 sec this turn | 300 sec total\n|\n|t:|1783570726\n|move|p1a: Iron Valiant|Moonblast|p2a: Scovillain\n|-resisted|p2a: Scovillain\n|-damage|p2a: Scovillain|0 fnt\n|faint|p2a: Scovillain\n|-damage|p1a: Iron Valiant|7/100|[from] item: Life Orb\n|\n|upkeep\n|inactive|Time left: 300 sec this turn | 300 sec total | 5 sec grace\n|\n|t:|1783570727\n|switch|p2a: Plusle|Plusle, L95, M|268/268\n|turn|8\n|inactive|Time left: 300 sec this turn | 300 sec total\n|\n|t:|1783570728\n|move|p2a: Plusle|Thunderbolt|p1a: Iron Valiant\n|-damage|p1a: Iron Valiant|0 fnt\n|faint|p1a: Iron Valiant\n|-end|p1a: Iron Valiant|Quark Drive|[silent]\n|-damage|p2a: Plusle|242/268|[from] item: Life Orb\n|\n|upkeep\n|\n|t:|1783570729\n|switch|p1a: Greedent|Greedent, L86, F|100/100\n|turn|9\n|inactive|Time left: 300 sec this turn | 300 sec total\n|\n|t:|1783570730\n|switch|p2a: Tsareena|Tsareena, L87, F, tera:Fighting|198/267\n|move|p1a: Greedent|Swords Dance|p1a: Greedent\n|-boost|p1a: Greedent|atk|2\n|\n|upkeep\n|turn|10\n|inactive|Time left: 300 sec this turn | 300 sec total\n|\n|t:|1783570731\n|move|p2a: Tsareena|High Jump Kick|p1a: Greedent\n|-supereffective|p1a: Greedent\n|-damage|p1a: Greedent|16/100\n|-enditem|p1a: Greedent|Sitrus Berry|[eat]\n|-heal|p1a: Greedent|41/100|[from] item: Sitrus Berry\n|-heal|p1a: Greedent|74/100|[from] ability: Cheek Pouch\n|move|p1a: Greedent|Double-Edge|p2a: Tsareena\n|-damage|p2a: Tsareena|0 fnt\n|faint|p2a: Tsareena\n|-damage|p1a: Greedent|55/100|[from] Recoil\n|\n|upkeep\n|inactive|Time left: 300 sec this turn | 300 sec total | 5 sec grace\n|\n|t:|1783570732\n|switch|p2a: Beartic|Beartic, L91, M|321/321\n|turn|11\n|inactive|Time left: 300 sec this turn | 300 sec total\n|\n|t:|1783570733\n|move|p2a: Beartic|Icicle Crash|p1a: Greedent\n|-damage|p1a: Greedent|18/100\n|move|p1a: Greedent|Double-Edge|p2a: Beartic\n|-damage|p2a: Beartic|65/321\n|-damage|p1a: Greedent|0 fnt|[from] Recoil\n|faint|p1a: Greedent\n|\n|upkeep\n|\n|t:|1783570734\n|switch|p1a: Haxorus|Haxorus, L77, M|100/100\n|-ability|p1a: Haxorus|Mold Breaker\n|turn|12\n|inactive|Time left: 300 sec this turn | 300 sec total\n|\n|t:|1783570735\n|switch|p2a: Regigigas|Regigigas, L84|322/322\n|-start|p2a: Regigigas|ability: Slow Start\n|move|p1a: Haxorus|Outrage|p2a: Regigigas\n|-damage|p2a: Regigigas|207/322\n|\n|-heal|p2a: Regigigas|227/322|[from] item: Leftovers\n|upkeep\n|turn|13\n|inactive|Time left: 300 sec this turn | 300 sec total\n|\n|t:|1783570736\n|move|p2a: Regigigas|Protect|p2a: Regigigas\n|-singleturn|p2a: Regigigas|Protect\n|move|p1a: Haxorus|Outrage|p2a: Regigigas|[from] lockedmove\n|-activate|p2a: Regigigas|move: Protect\n|-start|p1a: Haxorus|confusion|[fatigue]\n|-enditem|p1a: Haxorus|Lum Berry|[eat]\n|-end|p1a: Haxorus|confusion\n|\n|-heal|p2a: Regigigas|247/322|[from] item: Leftovers\n|upkeep\n|turn|14\n|inactive|Time left: 300 sec this turn | 300 sec total\n|\n|t:|1783570737\n|move|p1a: Haxorus|Dragon Dance|p1a: Haxorus\n|-boost|p1a: Haxorus|atk|1\n|-boost|p1a: Haxorus|spe|1\n|move|p2a: Regigigas|Body Slam|p1a: Haxorus\n|-damage|p1a: Haxorus|68/100\n|\n|-heal|p2a: Regigigas|267/322|[from] item: Leftovers\n|upkeep\n|turn|15\n|inactive|Time left: 300 sec this turn | 300 sec total\n|\n|t:|1783570737\n|move|p1a: Haxorus|Dragon Dance|p1a: Haxorus\n|-boost|p1a: Haxorus|atk|1\n|-boost|p1a: Haxorus|spe|1\n|move|p2a: Regigigas|Substitute|p2a: Regigigas\n|-start|p2a: Regigigas|Substitute\n|-damage|p2a: Regigigas|187/322\n|\n|-heal|p2a: Regigigas|207/322|[from] item: Leftovers\n|upkeep\n|turn|16\n|inactive|Time left: 300 sec this turn | 300 sec total\n|\n|t:|1783570738\n|move|p1a: Haxorus|Outrage|p2a: Regigigas\n|-end|p2a: Regigigas|Substitute\n|move|p2a: Regigigas|Substitute|p2a: Regigigas\n|-start|p2a: Regigigas|Substitute\n|-damage|p2a: Regigigas|127/322\n|\n|-heal|p2a: Regigigas|147/322|[from] item: Leftovers\n|upkeep\n|turn|17\n|inactive|Time left: 300 sec this turn | 300 sec total\n|\n|t:|1783570739\n|move|p2a: Regigigas|Protect|p2a: Regigigas\n|-singleturn|p2a: Regigigas|Protect\n|move|p1a: Haxorus|Outrage|p2a: Regigigas|[from] lockedmove\n|-activate|p2a: Regigigas|move: Protect\n|-start|p1a: Haxorus|confusion|[fatigue]\n|\n|-heal|p2a: Regigigas|167/322|[from] item: Leftovers\n|-end|p2a: Regigigas|Slow Start\n|upkeep\n|turn|18\n|inactive|Time left: 300 sec this turn | 300 sec total\n|\n|t:|1783570740\n|-terastallize|p1a: Haxorus|Steel\n|-activate|p1a: Haxorus|confusion\n|move|p1a: Haxorus|Outrage|p2a: Regigigas\n|-end|p2a: Regigigas|Substitute\n|move|p2a: Regigigas|Body Slam|p1a: Haxorus\n|-resisted|p1a: Haxorus\n|-damage|p1a: Haxorus|38/100\n|\n|-heal|p2a: Regigigas|187/322|[from] item: Leftovers\n|upkeep\n|turn|19\n|inactive|Time left: 300 sec this turn | 300 sec total\n|\n|t:|1783570741\n|move|p2a: Regigigas|Protect|p2a: Regigigas\n|-singleturn|p2a: Regigigas|Protect\n|-activate|p1a: Haxorus|confusion\n|-damage|p1a: Haxorus|9/100|[from] confusion\n|\n|-heal|p2a: Regigigas|207/322|[from] item: Leftovers\n|upkeep\n|turn|20\n|inactive|Time left: 300 sec this turn | 300 sec total\n|\n|t:|1783570742\n|move|p2a: Regigigas|Protect||[still]\n|-fail|p2a: Regigigas\n|-end|p1a: Haxorus|confusion\n|move|p1a: Haxorus|Outrage|p2a: Regigigas\n|-damage|p2a: Regigigas|0 fnt\n|faint|p2a: Regigigas\n|-end|p2a: Regigigas|Slow Start|[silent]\n|\n|upkeep\n|inactive|Time left: 300 sec this turn | 300 sec total | 5 sec grace\n|\n|t:|1783570743\n|switch|p2a: Luvdisc|Luvdisc, F|247/247\n|turn|21\n|inactive|Time left: 300 sec this turn | 300 sec total\n|\n|t:|1783570744\n|switch|p2a: Plusle|Plusle, L95, M|242/268\n|move|p1a: Haxorus|Outrage|p2a: Plusle|[from] lockedmove\n|-damage|p2a: Plusle|0 fnt\n|faint|p2a: Plusle\n|-start|p1a: Haxorus|confusion|[fatigue]\n|\n|upkeep\n|inactive|Time left: 300 sec this turn | 300 sec total | 5 sec grace\n|\n|t:|1783570745\n|switch|p2a: Beartic|Beartic, L91, M|65/321\n|turn|22\n|inactive|Time left: 300 sec this turn | 300 sec total\n|\n|t:|1783570746\n|-activate|p1a: Haxorus|confusion\n|-damage|p1a: Haxorus|0 fnt|[from] confusion\n|faint|p1a: Haxorus\n|move|p2a: Beartic|Icicle Crash|p1: Haxorus|[notarget]\n|-fail|p2a: Beartic\n|\n|upkeep\n|\n|t:|1783570746\n|switch|p1a: Eternatus|Eternatus, L69|100/100\n|-ability|p1a: Eternatus|Pressure\n|turn|23\n|inactive|Time left: 300 sec this turn | 300 sec total\n|\n|t:|1783570747\n|switch|p2a: Luvdisc|Luvdisc, F|247/247\n|move|p1a: Eternatus|Dynamax Cannon|p2a: Luvdisc\n|-damage|p2a: Luvdisc|141/247\n|\n|upkeep\n|turn|24\n|inactive|Time left: 300 sec this turn | 300 sec total\n|\n|t:|1783570749\n|move|p2a: Luvdisc|Substitute|p2a: Luvdisc\n|-start|p2a: Luvdisc|Substitute\n|-damage|p2a: Luvdisc|80/247\n|move|p1a: Eternatus|Dynamax Cannon|p2a: Luvdisc\n|-end|p2a: Luvdisc|Substitute\n|\n|upkeep\n|turn|25\n|inactive|Time left: 300 sec this turn | 300 sec total\n|\n|t:|1783570750\n|move|p2a: Luvdisc|Substitute|p2a: Luvdisc\n|-start|p2a: Luvdisc|Substitute\n|-damage|p2a: Luvdisc|19/247\n|move|p1a: Eternatus|Dynamax Cannon|p2a: Luvdisc\n|-end|p2a: Luvdisc|Substitute\n|\n|upkeep\n|turn|26\n|inactive|Time left: 300 sec this turn | 300 sec total\n|\n|t:|1783570751\n|move|p2a: Luvdisc|Endeavor|p1a: Eternatus\n|-damage|p1a: Eternatus|7/100\n|-damage|p2a: Luvdisc|0 fnt|[from] item: Rocky Helmet|[of] p1a: Eternatus\n|faint|p2a: Luvdisc\n|move|p1a: Eternatus|Dynamax Cannon|p2: Luvdisc|[notarget]\n|-fail|p1a: Eternatus\n|\n|upkeep\n|inactive|Time left: 300 sec this turn | 300 sec total | 5 sec grace\n|\n|t:|1783570751\n|switch|p2a: Beartic|Beartic, L91, M|65/321\n|turn|27\n|inactive|Time left: 300 sec this turn | 300 sec total\n|\n|t:|1783570752\n|move|p1a: Eternatus|Dynamax Cannon|p2a: Beartic\n|-damage|p2a: Beartic|0 fnt\n|faint|p2a: Beartic\n|\n|win|p0x2662e919", "uploadtime": 1783570752, "views": 0, "rating": 0, "private": 0, "password": null, "_winner": "p0x2662e919", "_our_name": "p0y2662bb44"}