{"id": "battle-gen9randombattle-538", "formatid": "gen9randombattle", "format": "[Gen 9] Random Battle", "players": ["p0x538c28b", "p0y5388109"], "log": "|init|battle\n|title|p0x538c28b vs. p0y5388109\n|j|\u2606p0x538c28b\n|j|\u2606p0y5388109\n|t:|1783545285\n|gametype|singles\n|player|p1|p0x538c28b|2|\n|player|p2|p0y5388109|1|\n|gen|9\n|tier|[Gen 9] Random Battle\n|rule|Species Clause: Limit one of each Pok\u00e9mon\n|rule|HP Percentage Mod: HP is shown in percentages\n|rule|Sleep Clause Mod: Limit one foe put to sleep\n|rule|Illusion Level Mod: Illusion disguises the Pok\u00e9mon's true level\n|\n|t:|1783545285\n|teamsize|p1|6\n|teamsize|p2|6\n|start\n|switch|p1a: Torterra|Torterra, L78, F|100/100\n|switch|p2a: Floatzel|Floatzel, L86, M|286/286\n|turn|1\n|inactive|Battle timer is ON: inactive players will automatically lose when time's up. (requested by p0y5388109)\n|inactive|p0x538c28b also wants the timer to be on.\n|\n|t:|1783545286\n|move|p2a: Floatzel|Bulk Up|p2a: Floatzel\n|-boost|p2a: Floatzel|atk|1\n|-boost|p2a: Floatzel|def|1\n|move|p1a: Torterra|Shell Smash|p1a: Torterra\n|-unboost|p1a: Torterra|def|1\n|-unboost|p1a: Torterra|spd|1\n|-boost|p1a: Torterra|atk|2\n|-boost|p1a: Torterra|spa|2\n|-boost|p1a: Torterra|spe|2\n|\n|upkeep\n|turn|2\n|inactive|Time left: 300 sec this turn | 300 sec total\n|\n|t:|1783545288\n|switch|p2a: Vileplume|Vileplume, L85, M|266/266\n|move|p1a: Torterra|Bullet Seed|p2a: Vileplume\n|-resisted|p2a: Vileplume\n|-damage|p2a: Vileplume|253/266\n|-resisted|p2a: Vileplume\n|-damage|p2a: Vileplume|241/266\n|-resisted|p2a: Vileplume\n|-damage|p2a: Vileplume|227/266\n|-resisted|p2a: Vileplume\n|-damage|p2a: Vileplume|215/266\n|-hitcount|p2a: Vileplume|4\n|\n|-heal|p2a: Vileplume|231/266|[from] item: Leftovers\n|upkeep\n|turn|3\n|inactive|Time left: 300 sec this turn | 300 sec total\n|\n|t:|1783545289\n|move|p1a: Torterra|Headlong Rush|p2a: Vileplume\n|-crit|p2a: Vileplume\n|-damage|p2a: Vileplume|0 fnt\n|-unboost|p1a: Torterra|def|1\n|-unboost|p1a: Torterra|spd|1\n|faint|p2a: Vileplume\n|\n|upkeep\n|inactive|Time left: 300 sec this turn | 300 sec total | 5 sec grace\n|\n|t:|1783545290\n|switch|p2a: Minun|Minun, L95, M|268/268\n|turn|4\n|inactive|Time left: 300 sec this turn | 300 sec total\n|\n|t:|1783545291\n|-terastallize|p2a: Minun|Grass\n|move|p1a: Torterra|Bullet Seed|p2a: Minun\n|-resisted|p2a: Minun\n|-damage|p2a: Minun|234/268\n|-resisted|p2a: Minun\n|-damage|p2a: Minun|201/268\n|-resisted|p2a: Minun\n|-damage|p2a: Minun|170/268\n|-resisted|p2a: Minun\n|-damage|p2a: Minun|136/268\n|-hitcount|p2a: Minun|4\n|move|p2a: Minun|Grass Knot|p1a: Torterra\n|-damage|p1a: Torterra|0 fnt\n|faint|p1a: Torterra\n|-damage|p2a: Minun|110/268|[from] item: Life Orb\n|\n|upkeep\n|\n|t:|1783545292\n|switch|p1a: Furret|Furret, L94, F|100/100\n|-item|p2a: Minun|Life Orb|[from] ability: Frisk|[of] p1a: Furret\n|turn|5\n|inactive|Time left: 300 sec this turn | 300 sec total\n|\n|t:|1783545294\n|move|p2a: Minun|Thunderbolt|p1a: Furret\n|-damage|p1a: Furret|44/100\n|-damage|p2a: Minun|84/268|[from] item: Life Orb\n|move|p1a: Furret|Double-Edge|p2a: Minun\n|-damage|p2a: Minun|0 fnt\n|faint|p2a: Minun\n|-damage|p1a: Furret|35/100|[from] Recoil\n|\n|upkeep\n|inactive|Time left: 300 sec this turn | 300 sec total | 5 sec grace\n|\n|t:|1783545295\n|switch|p2a: Floatzel|Floatzel, L86, M|286/286\n|turn|6\n|inactive|Time left: 300 sec this turn | 300 sec total\n|\n|t:|1783545296\n|switch|p1a: Amoonguss|Amoonguss, L82, M|100/100\n|move|p2a: Floatzel|Wave Crash|p1a: Amoonguss\n|-resisted|p1a: Amoonguss\n|-damage|p1a: Amoonguss|74/100\n|-damage|p2a: Floatzel|239/286|[from] item: Rocky Helmet|[of] p1a: Amoonguss\n|-damage|p2a: Floatzel|211/286|[from] Recoil\n|\n|-heal|p2a: Floatzel|228/286|[from] item: Leftovers\n|upkeep\n|turn|7\n|inactive|Time left: 300 sec this turn | 300 sec total\n|\n|t:|1783545297\n|switch|p2a: Arceus|Arceus-Dark, L71|288/288\n|move|p1a: Amoonguss|Giga Drain|p2a: Arceus\n|-damage|p2a: Arceus|230/288\n|-heal|p1a: Amoonguss|83/100|[from] drain|[of] p2a: Arceus\n|\n|upkeep\n|turn|8\n|inactive|Time left: 300 sec this turn | 300 sec total\n|\n|t:|1783545298\n|move|p2a: Arceus|Calm Mind|p2a: Arceus\n|-boost|p2a: Arceus|spa|1\n|-boost|p2a: Arceus|spd|1\n|move|p1a: Amoonguss|Spore|p2a: Arceus\n|-status|p2a: Arceus|slp|[from] move: Spore\n|\n|upkeep\n|turn|9\n|inactive|Time left: 300 sec this turn | 300 sec total\n|\n|t:|1783545299\n|switch|p1a: Samurott|Samurott-Hisui, L77, F, shiny|100/100\n|cant|p2a: Arceus|slp\n|\n|upkeep\n|turn|10\n|inactive|Time left: 300 sec this turn | 300 sec total\n|\n|t:|1783545300\n|cant|p2a: Arceus|slp\n|move|p1a: Samurott|Razor Shell|p2a: Arceus\n|-damage|p2a: Arceus|71/288 slp\n|\n|upkeep\n|turn|11\n|inactive|Time left: 300 sec this turn | 300 sec total\n|\n|t:|1783545301\n|cant|p2a: Arceus|slp\n|move|p1a: Samurott|Razor Shell|p2a: Arceus\n|-damage|p2a: Arceus|0 fnt\n|faint|p2a: Arceus\n|\n|upkeep\n|inactive|Time left: 300 sec this turn | 300 sec total | 5 sec grace\n|\n|t:|1783545302\n|switch|p2a: Blastoise|Blastoise, L80, F|258/258\n|turn|12\n|inactive|Time left: 300 sec this turn | 300 sec total\n|\n|t:|1783545304\n|move|p1a: Samurott|Razor Shell|p2a: Blastoise\n|-resisted|p2a: Blastoise\n|-damage|p2a: Blastoise|177/258\n|move|p2a: Blastoise|Shell Smash|p2a: Blastoise\n|-unboost|p2a: Blastoise|def|1\n|-unboost|p2a: Blastoise|spd|1\n|-boost|p2a: Blastoise|atk|2\n|-boost|p2a: Blastoise|spa|2\n|-boost|p2a: Blastoise|spe|2\n|-enditem|p2a: Blastoise|White Herb\n|-clearnegativeboost|p2a: Blastoise|[silent]\n|\n|upkeep\n|turn|13\n|inactive|Time left: 300 sec this turn | 300 sec total\n|\n|t:|1783545305\n|move|p2a: Blastoise|Earthquake|p1a: Samurott\n|-damage|p1a: Samurott|51/100\n|move|p1a: Samurott|Razor Shell|p2a: Blastoise\n|-resisted|p2a: Blastoise\n|-crit|p2a: Blastoise\n|-damage|p2a: Blastoise|60/258\n|\n|upkeep\n|turn|14\n|inactive|Time left: 300 sec this turn | 300 sec total\n|\n|t:|1783545306\n|move|p2a: Blastoise|Hydro Pump|p1a: Samurott\n|-resisted|p1a: Samurott\n|-damage|p1a: Samurott|0 fnt\n|faint|p1a: Samurott\n|\n|upkeep\n|\n|t:|1783545307\n|switch|p1a: Amoonguss|Amoonguss, L82, M|100/100\n|turn|15\n|inactive|Time left: 300 sec this turn | 300 sec total\n|\n|t:|1783545308\n|move|p2a: Blastoise|Ice Beam|p1a: Amoonguss\n|-supereffective|p1a: Amoonguss\n|-damage|p1a: Amoonguss|23/100\n|move|p1a: Amoonguss|Sludge Bomb|p2a: Blastoise\n|-damage|p2a: Blastoise|0 fnt\n|faint|p2a: Blastoise\n|\n|upkeep\n|inactive|Time left: 300 sec this turn | 300 sec total | 5 sec grace\n|\n|t:|1783545309\n|switch|p2a: Donphan|Donphan, L84, F|288/288\n|turn|16\n|inactive|Time left: 300 sec this turn | 300 sec total\n|\n|t:|1783545310\n|switch|p1a: Latias|Latias, L79, F|100/100\n|move|p2a: Donphan|Earthquake|p1a: Latias\n|-immune|p1a: Latias|[from] ability: Levitate\n|\n|upkeep\n|turn|17\n|inactive|Time left: 300 sec this turn | 300 sec total\n|\n|t:|1783545311\n|move|p1a: Latias|Calm Mind|p1a: Latias\n|-boost|p1a: Latias|spa|1\n|-boost|p1a: Latias|spd|1\n|move|p2a: Donphan|Knock Off|p1a: Latias\n|-supereffective|p1a: Latias\n|-damage|p1a: Latias|30/100\n|-enditem|p1a: Latias|Soul Dew|[from] move: Knock Off|[of] p2a: Donphan\n|\n|upkeep\n|turn|18\n|inactive|Time left: 300 sec this turn | 300 sec total\n|\n|t:|1783545312\n|move|p1a: Latias|Recover|p1a: Latias\n|-heal|p1a: Latias|80/100\n|move|p2a: Donphan|Knock Off|p1a: Latias\n|-supereffective|p1a: Latias\n|-damage|p1a: Latias|33/100\n|\n|upkeep\n|turn|19\n|inactive|Time left: 300 sec this turn | 300 sec total\n|\n|t:|1783545313\n|move|p1a: Latias|Recover|p1a: Latias\n|-heal|p1a: Latias|83/100\n|move|p2a: Donphan|Knock Off|p1a: Latias\n|-supereffective|p1a: Latias\n|-damage|p1a: Latias|39/100\n|\n|upkeep\n|turn|20\n|inactive|Time left: 300 sec this turn | 300 sec total\n|\n|t:|1783545314\n|move|p1a: Latias|Recover|p1a: Latias\n|-heal|p1a: Latias|89/100\n|move|p2a: Donphan|Knock Off|p1a: Latias\n|-supereffective|p1a: Latias\n|-damage|p1a: Latias|46/100\n|\n|upkeep\n|turn|21\n|inactive|Time left: 300 sec this turn | 300 sec total\n|\n|t:|1783545315\n|move|p1a: Latias|Recover|p1a: Latias\n|-heal|p1a: Latias|96/100\n|move|p2a: Donphan|Knock Off|p1a: Latias\n|-supereffective|p1a: Latias\n|-damage|p1a: Latias|51/100\n|\n|upkeep\n|turn|22\n|inactive|Time left: 300 sec this turn | 300 sec total\n|\n|t:|1783545316\n|move|p1a: Latias|Recover|p1a: Latias\n|-heal|p1a: Latias|100/100\n|move|p2a: Donphan|Knock Off|p1a: Latias\n|-supereffective|p1a: Latias\n|-damage|p1a: Latias|59/100\n|\n|upkeep\n|turn|23\n|inactive|Time left: 300 sec this turn | 300 sec total\n|\n|t:|1783545317\n|-terastallize|p1a: Latias|Steel\n|move|p1a: Latias|Calm Mind|p1a: Latias\n|-boost|p1a: Latias|spa|1\n|-boost|p1a: Latias|spd|1\n|move|p2a: Donphan|Knock Off|p1a: Latias\n|-damage|p1a: Latias|38/100\n|\n|upkeep\n|turn|24\n|inactive|Time left: 300 sec this turn | 300 sec total\n|\n|t:|1783545318\n|move|p1a: Latias|Recover|p1a: Latias\n|-heal|p1a: Latias|88/100\n|move|p2a: Donphan|Knock Off|p1a: Latias\n|-damage|p1a: Latias|65/100\n|\n|upkeep\n|turn|25\n|inactive|Time left: 300 sec this turn | 300 sec total\n|\n|t:|1783545320\n|move|p1a: Latias|Psyshock|p2a: Donphan\n|-damage|p2a: Donphan|159/288\n|move|p2a: Donphan|Knock Off|p1a: Latias\n|-damage|p1a: Latias|43/100\n|\n|upkeep\n|turn|26\n|inactive|Time left: 300 sec this turn | 300 sec total\n|\n|t:|1783545321\n|move|p1a: Latias|Recover|p1a: Latias\n|-heal|p1a: Latias|93/100\n|move|p2a: Donphan|Knock Off|p1a: Latias\n|-damage|p1a: Latias|71/100\n|\n|upkeep\n|turn|27\n|inactive|Time left: 300 sec this turn | 300 sec total\n|\n|t:|1783545322\n|move|p1a: Latias|Draco Meteor|p2a: Donphan|[miss]\n|-miss|p1a: Latias|p2a: Donphan\n|move|p2a: Donphan|Knock Off|p1a: Latias\n|-damage|p1a: Latias|47/100\n|\n|upkeep\n|turn|28\n|inactive|Time left: 300 sec this turn | 300 sec total\n|\n|t:|1783545323\n|move|p1a: Latias|Recover|p1a: Latias\n|-heal|p1a: Latias|97/100\n|move|p2a: Donphan|Knock Off|p1a: Latias\n|-damage|p1a: Latias|74/100\n|\n|upkeep\n|turn|29\n|inactive|Time left: 300 sec this turn | 300 sec total\n|\n|t:|1783545324\n|move|p2a: Donphan|Ice Shard|p1a: Latias\n|-resisted|p1a: Latias\n|-damage|p1a: Latias|67/100\n|move|p1a: Latias|Draco Meteor|p2a: Donphan\n|-damage|p2a: Donphan|0 fnt\n|-unboost|p1a: Latias|spa|2\n|faint|p2a: Donphan\n|\n|upkeep\n|inactive|Time left: 300 sec this turn | 300 sec total | 5 sec grace\n|\n|t:|1783545325\n|switch|p2a: Floatzel|Floatzel, L86, M|228/286\n|turn|30\n|inactive|Time left: 300 sec this turn | 300 sec total\n|\n|t:|1783545326\n|move|p2a: Floatzel|Bulk Up|p2a: Floatzel\n|-boost|p2a: Floatzel|atk|1\n|-boost|p2a: Floatzel|def|1\n|move|p1a: Latias|Draco Meteor|p2a: Floatzel\n|-damage|p2a: Floatzel|26/286\n|-unboost|p1a: Latias|spa|2\n|\n|-heal|p2a: Floatzel|43/286|[from] item: Leftovers\n|upkeep\n|turn|31\n|inactive|Time left: 300 sec this turn | 300 sec total\n|\n|t:|1783545327\n|move|p2a: Floatzel|Bulk Up|p2a: Floatzel\n|-boost|p2a: Floatzel|atk|1\n|-boost|p2a: Floatzel|def|1\n|move|p1a: Latias|Draco Meteor|p2a: Floatzel\n|-crit|p2a: Floatzel\n|-damage|p2a: Floatzel|0 fnt\n|-unboost|p1a: Latias|spa|2\n|faint|p2a: Floatzel\n|\n|win|p0x538c28b", "uploadtime": 1783545327, "views": 0, "rating": 0, "private": 0, "password": null, "_winner": "p0x538c28b", "_our_name": "p0y5388109"}