{"id": "battle-gen9randombattle-1753", "formatid": "gen9randombattle", "format": "[Gen 9] Random Battle", "players": ["p0x1753b930", "p0y17530c80"], "log": "|init|battle\n|title|p0x1753b930 vs. p0y17530c80\n|j|\u2606p0x1753b930\n|j|\u2606p0y17530c80\n|t:|1783560250\n|gametype|singles\n|player|p1|p0x1753b930|266|\n|player|p2|p0y17530c80|170|\n|gen|9\n|tier|[Gen 9] Random Battle\n|rule|Species Clause: Limit one of each Pok\u00e9mon\n|rule|HP Percentage Mod: HP is shown in percentages\n|rule|Sleep Clause Mod: Limit one foe put to sleep\n|rule|Illusion Level Mod: Illusion disguises the Pok\u00e9mon's true level\n|\n|t:|1783560250\n|teamsize|p1|6\n|teamsize|p2|6\n|start\n|switch|p1a: Kricketune|Kricketune, L99, M|311/311\n|switch|p2a: Dudunsparce|Dudunsparce-Three-Segment, L83, F|100/100\n|turn|1\n|inactive|Battle timer is ON: inactive players will automatically lose when time's up. (requested by p0y17530c80)\n|inactive|Time left: 300 sec this turn | 300 sec total | 60 sec grace\n|\n|t:|1783560251\n|switch|p2a: Hariyama|Hariyama, L87, F|100/100\n|move|p1a: Kricketune|Sticky Web|p2a: Hariyama\n|-sidestart|p2: p0y17530c80|move: Sticky Web\n|\n|-status|p2a: Hariyama|brn|[from] item: Flame Orb\n|upkeep\n|turn|2\n|inactive|Time left: 300 sec this turn | 300 sec total\n|inactive|p0x1753b930 also wants the timer to be on.\n|\n|t:|1783560253\n|move|p1a: Kricketune|Pounce|p2a: Hariyama\n|-resisted|p2a: Hariyama\n|-damage|p2a: Hariyama|84/100 brn\n|-unboost|p2a: Hariyama|spe|1\n|move|p2a: Hariyama|Knock Off|p1a: Kricketune\n|-damage|p1a: Kricketune|148/311\n|-enditem|p1a: Kricketune|Focus Sash|[from] move: Knock Off|[of] p2a: Hariyama\n|\n|-damage|p2a: Hariyama|78/100 brn|[from] brn\n|upkeep\n|turn|3\n|inactive|Time left: 300 sec this turn | 300 sec total\n|\n|t:|1783560254\n|move|p1a: Kricketune|Pounce|p2a: Hariyama\n|-resisted|p2a: Hariyama\n|-damage|p2a: Hariyama|63/100 brn\n|-unboost|p2a: Hariyama|spe|1\n|move|p2a: Hariyama|Knock Off|p1a: Kricketune\n|-damage|p1a: Kricketune|31/311\n|\n|-damage|p2a: Hariyama|57/100 brn|[from] brn\n|upkeep\n|turn|4\n|inactive|Time left: 300 sec this turn | 300 sec total\n|\n|t:|1783560254\n|move|p1a: Kricketune|Pounce|p2a: Hariyama\n|-resisted|p2a: Hariyama\n|-damage|p2a: Hariyama|41/100 brn\n|-unboost|p2a: Hariyama|spe|1\n|move|p2a: Hariyama|Knock Off|p1a: Kricketune\n|-damage|p1a: Kricketune|0 fnt\n|faint|p1a: Kricketune\n|\n|-damage|p2a: Hariyama|35/100 brn|[from] brn\n|upkeep\n|inactive|Time left: 300 sec this turn | 300 sec total | 5 sec grace\n|\n|t:|1783560255\n|switch|p1a: Zacian|Zacian, L69|241/241\n|-ability|p1a: Zacian|Intrepid Sword|boost\n|-boost|p1a: Zacian|atk|1\n|turn|5\n|inactive|Time left: 300 sec this turn | 300 sec total\n|\n|t:|1783560256\n|switch|p2a: Eiscue|Eiscue, L88, M|100/100\n|-activate|p2a: Eiscue|move: Sticky Web\n|-unboost|p2a: Eiscue|spe|1\n|move|p1a: Zacian|Play Rough|p2a: Eiscue\n|-activate|p2a: Eiscue|ability: Ice Face\n|-damage|p2a: Eiscue|100/100\n|detailschange|p2a: Eiscue|Eiscue-Noice, L88, M\n|\n|upkeep\n|turn|6\n|inactive|Time left: 300 sec this turn | 300 sec total\n|\n|t:|1783560258\n|switch|p2a: Flareon|Flareon, L90, M|100/100\n|-activate|p2a: Flareon|move: Sticky Web\n|-unboost|p2a: Flareon|spe|1\n|move|p1a: Zacian|Play Rough|p2a: Flareon\n|-resisted|p2a: Flareon\n|-damage|p2a: Flareon|57/100\n|\n|-status|p2a: Flareon|tox|[from] item: Toxic Orb\n|upkeep\n|turn|7\n|inactive|Time left: 300 sec this turn | 300 sec total\n|\n|t:|1783560259\n|move|p1a: Zacian|Play Rough|p2a: Flareon\n|-resisted|p2a: Flareon\n|-crit|p2a: Flareon\n|-damage|p2a: Flareon|0 fnt\n|faint|p2a: Flareon\n|\n|upkeep\n|\n|t:|1783560259\n|switch|p2a: Ampharos|Ampharos, L88, M|100/100\n|-activate|p2a: Ampharos|move: Sticky Web\n|-unboost|p2a: Ampharos|spe|1\n|turn|8\n|inactive|Time left: 300 sec this turn | 300 sec total\n|\n|t:|1783560260\n|move|p1a: Zacian|Play Rough|p2a: Ampharos\n|-damage|p2a: Ampharos|42/100\n|move|p2a: Ampharos|Thunderbolt|p1a: Zacian\n|-damage|p1a: Zacian|63/241\n|\n|upkeep\n|turn|9\n|inactive|Time left: 300 sec this turn | 300 sec total\n|\n|t:|1783560261\n|switch|p2a: Suicune|Suicune, L82|100/100\n|-activate|p2a: Suicune|move: Sticky Web\n|-unboost|p2a: Suicune|spe|1\n|-ability|p2a: Suicune|Pressure\n|move|p1a: Zacian|Play Rough|p2a: Suicune\n|-damage|p2a: Suicune|55/100\n|\n|-heal|p2a: Suicune|61/100|[from] item: Leftovers\n|upkeep\n|turn|10\n|inactive|Time left: 300 sec this turn | 300 sec total\n|\n|t:|1783560262\n|move|p1a: Zacian|Play Rough|p2a: Suicune\n|-damage|p2a: Suicune|13/100\n|move|p2a: Suicune|Scald|p1a: Zacian\n|-damage|p1a: Zacian|0 fnt\n|faint|p1a: Zacian\n|\n|-heal|p2a: Suicune|19/100|[from] item: Leftovers\n|upkeep\n|inactive|Time left: 300 sec this turn | 300 sec total | 5 sec grace\n|\n|t:|1783560263\n|switch|p1a: Kleavor|Kleavor, L78, F|237/237\n|turn|11\n|inactive|Time left: 300 sec this turn | 300 sec total\n|\n|t:|1783560264\n|move|p1a: Kleavor|Stone Axe|p2a: Suicune|[miss]\n|-miss|p1a: Kleavor|p2a: Suicune\n|move|p2a: Suicune|Scald|p1a: Kleavor\n|-supereffective|p1a: Kleavor\n|-damage|p1a: Kleavor|55/237\n|\n|-heal|p2a: Suicune|25/100|[from] item: Leftovers\n|upkeep\n|turn|12\n|inactive|Time left: 300 sec this turn | 300 sec total\n|\n|t:|1783560265\n|move|p1a: Kleavor|Stone Axe|p2a: Suicune\n|-damage|p2a: Suicune|0 fnt\n|-sidestart|p2: p0y17530c80|move: Stealth Rock\n|faint|p2a: Suicune\n|\n|upkeep\n|\n|t:|1783560266\n|switch|p2a: Eiscue|Eiscue-Noice, L88, M|100/100\n|-activate|p2a: Eiscue|move: Sticky Web\n|-unboost|p2a: Eiscue|spe|1\n|-damage|p2a: Eiscue|76/100|[from] Stealth Rock\n|turn|13\n|inactive|Time left: 300 sec this turn | 300 sec total\n|\n|t:|1783560266\n|switch|p1a: Slaking|Slaking, L84, M|389/389\n|move|p2a: Eiscue|Ice Spinner|p1a: Slaking\n|-damage|p1a: Slaking|313/389\n|\n|upkeep\n|turn|14\n|inactive|Time left: 300 sec this turn | 300 sec total\n|\n|t:|1783560267\n|switch|p2a: Ampharos|Ampharos, L88, M|42/100\n|-activate|p2a: Ampharos|move: Sticky Web\n|-unboost|p2a: Ampharos|spe|1\n|-damage|p2a: Ampharos|30/100|[from] Stealth Rock\n|move|p1a: Slaking|Giga Impact|p2a: Ampharos\n|-damage|p2a: Ampharos|0 fnt\n|-mustrecharge|p1a: Slaking\n|faint|p2a: Ampharos\n|\n|upkeep\n|\n|t:|1783560268\n|switch|p2a: Dudunsparce|Dudunsparce-Three-Segment, L83, F|100/100\n|-activate|p2a: Dudunsparce|move: Sticky Web\n|-unboost|p2a: Dudunsparce|spe|1\n|-damage|p2a: Dudunsparce|88/100|[from] Stealth Rock\n|turn|15\n|inactive|Time left: 300 sec this turn | 300 sec total\n|\n|t:|1783560270\n|-terastallize|p2a: Dudunsparce|Ghost\n|cant|p1a: Slaking|recharge\n|move|p2a: Dudunsparce|Glare|p1a: Slaking\n|-status|p1a: Slaking|par\n|\n|-heal|p2a: Dudunsparce|94/100|[from] item: Leftovers\n|upkeep\n|turn|16\n|inactive|Time left: 300 sec this turn | 300 sec total\n|\n|t:|1783560270\n|cant|p1a: Slaking|par\n|move|p2a: Dudunsparce|Headbutt|p1a: Slaking\n|-crit|p1a: Slaking\n|-damage|p1a: Slaking|213/389 par\n|\n|-heal|p2a: Dudunsparce|100/100|[from] item: Leftovers\n|upkeep\n|turn|17\n|inactive|Time left: 300 sec this turn | 300 sec total\n|\n|t:|1783560272\n|switch|p1a: Whiscash|Whiscash, L88, M|337/337\n|move|p2a: Dudunsparce|Glare|p1a: Whiscash\n|-status|p1a: Whiscash|par\n|\n|upkeep\n|turn|18\n|inactive|Time left: 300 sec this turn | 300 sec total\n|\n|t:|1783560273\n|move|p2a: Dudunsparce|Headbutt|p1a: Whiscash\n|-damage|p1a: Whiscash|252/337 par\n|cant|p1a: Whiscash|flinch\n|\n|upkeep\n|turn|19\n|inactive|Time left: 300 sec this turn | 300 sec total\n|\n|t:|1783560274\n|move|p2a: Dudunsparce|Headbutt|p1a: Whiscash\n|-damage|p1a: Whiscash|167/337 par\n|cant|p1a: Whiscash|par\n|\n|upkeep\n|turn|20\n|inactive|Time left: 300 sec this turn | 300 sec total\n|\n|t:|1783560275\n|move|p2a: Dudunsparce|Headbutt|p1a: Whiscash\n|-damage|p1a: Whiscash|80/337 par\n|cant|p1a: Whiscash|flinch\n|\n|upkeep\n|turn|21\n|inactive|Time left: 300 sec this turn | 300 sec total\n|\n|t:|1783560276\n|switch|p1a: Jumpluff|Jumpluff, L87, F|271/271\n|move|p2a: Dudunsparce|Earthquake|p1a: Jumpluff\n|-immune|p1a: Jumpluff\n|\n|upkeep\n|turn|22\n|inactive|Time left: 300 sec this turn | 300 sec total\n|\n|t:|1783560277\n|move|p1a: Jumpluff|Leech Seed|p2a: Dudunsparce\n|-start|p2a: Dudunsparce|move: Leech Seed\n|move|p2a: Dudunsparce|Headbutt|p1a: Jumpluff\n|-damage|p1a: Jumpluff|180/271\n|\n|-damage|p2a: Dudunsparce|88/100|[from] Leech Seed|[of] p1a: Jumpluff\n|-heal|p1a: Jumpluff|222/271|[silent]\n|upkeep\n|turn|23\n|inactive|Time left: 300 sec this turn | 300 sec total\n|\n|t:|1783560278\n|move|p1a: Jumpluff|Strength Sap|p2a: Dudunsparce\n|-unboost|p2a: Dudunsparce|atk|1\n|-heal|p1a: Jumpluff|271/271\n|move|p2a: Dudunsparce|Headbutt|p1a: Jumpluff\n|-damage|p1a: Jumpluff|213/271\n|\n|-heal|p2a: Dudunsparce|94/100|[from] item: Leftovers\n|-damage|p2a: Dudunsparce|82/100|[from] Leech Seed|[of] p1a: Jumpluff\n|-heal|p1a: Jumpluff|255/271|[silent]\n|upkeep\n|turn|24\n|inactive|Time left: 300 sec this turn | 300 sec total\n|\n|t:|1783560279\n|switch|p2a: Eiscue|Eiscue-Noice, L88, M|76/100\n|-activate|p2a: Eiscue|move: Sticky Web\n|-unboost|p2a: Eiscue|spe|1\n|-damage|p2a: Eiscue|51/100|[from] Stealth Rock\n|move|p1a: Jumpluff|Acrobatics|p2a: Eiscue\n|-damage|p2a: Eiscue|17/100\n|-enditem|p2a: Eiscue|Sitrus Berry|[eat]\n|-heal|p2a: Eiscue|42/100|[from] item: Sitrus Berry\n|\n|upkeep\n|turn|25\n|inactive|Time left: 300 sec this turn | 300 sec total\n|\n|t:|1783560280\n|move|p1a: Jumpluff|Substitute|p1a: Jumpluff\n|-start|p1a: Jumpluff|Substitute\n|-damage|p1a: Jumpluff|188/271\n|move|p2a: Eiscue|Ice Spinner|p1a: Jumpluff\n|-supereffective|p1a: Jumpluff\n|-end|p1a: Jumpluff|Substitute\n|\n|upkeep\n|turn|26\n|inactive|Time left: 300 sec this turn | 300 sec total\n|\n|t:|1783560281\n|move|p1a: Jumpluff|Substitute|p1a: Jumpluff\n|-start|p1a: Jumpluff|Substitute\n|-damage|p1a: Jumpluff|121/271\n|move|p2a: Eiscue|Ice Spinner|p1a: Jumpluff\n|-supereffective|p1a: Jumpluff\n|-end|p1a: Jumpluff|Substitute\n|\n|upkeep\n|turn|27\n|inactive|Time left: 300 sec this turn | 300 sec total\n|\n|t:|1783560282\n|-terastallize|p1a: Jumpluff|Steel\n|move|p1a: Jumpluff|Strength Sap|p2a: Eiscue\n|-unboost|p2a: Eiscue|atk|1\n|-heal|p1a: Jumpluff|271/271\n|move|p2a: Eiscue|Ice Spinner|p1a: Jumpluff\n|-resisted|p1a: Jumpluff\n|-damage|p1a: Jumpluff|239/271\n|\n|upkeep\n|turn|28\n|inactive|Time left: 300 sec this turn | 300 sec total\n|\n|t:|1783560283\n|switch|p2a: Dudunsparce|Dudunsparce-Three-Segment, L83, F, tera:Ghost|82/100\n|-activate|p2a: Dudunsparce|move: Sticky Web\n|-unboost|p2a: Dudunsparce|spe|1\n|-damage|p2a: Dudunsparce|70/100|[from] Stealth Rock\n|move|p1a: Jumpluff|Leech Seed|p2a: Dudunsparce\n|-start|p2a: Dudunsparce|move: Leech Seed\n|\n|-heal|p2a: Dudunsparce|76/100|[from] item: Leftovers\n|-damage|p2a: Dudunsparce|64/100|[from] Leech Seed|[of] p1a: Jumpluff\n|-heal|p1a: Jumpluff|271/271|[silent]\n|upkeep\n|turn|29\n|inactive|Time left: 300 sec this turn | 300 sec total\n|\n|t:|1783560284\n|move|p1a: Jumpluff|Substitute|p1a: Jumpluff\n|-start|p1a: Jumpluff|Substitute\n|-damage|p1a: Jumpluff|204/271\n|move|p2a: Dudunsparce|Earthquake|p1a: Jumpluff\n|-supereffective|p1a: Jumpluff\n|-crit|p1a: Jumpluff\n|-end|p1a: Jumpluff|Substitute\n|\n|-heal|p2a: Dudunsparce|70/100|[from] item: Leftovers\n|-damage|p2a: Dudunsparce|58/100|[from] Leech Seed|[of] p1a: Jumpluff\n|-heal|p1a: Jumpluff|246/271|[silent]\n|upkeep\n|turn|30\n|inactive|Time left: 300 sec this turn | 300 sec total\n|\n|t:|1783560284\n|move|p1a: Jumpluff|Strength Sap|p2a: Dudunsparce\n|-unboost|p2a: Dudunsparce|atk|1\n|-heal|p1a: Jumpluff|271/271\n|move|p2a: Dudunsparce|Roost|p2a: Dudunsparce\n|-heal|p2a: Dudunsparce|100/100\n|\n|-damage|p2a: Dudunsparce|88/100|[from] Leech Seed|[of] p1a: Jumpluff\n|upkeep\n|turn|31\n|inactive|Time left: 300 sec this turn | 300 sec total\n|\n|t:|1783560285\n|switch|p2a: Eiscue|Eiscue-Noice, L88, M|42/100\n|-activate|p2a: Eiscue|move: Sticky Web\n|-unboost|p2a: Eiscue|spe|1\n|-damage|p2a: Eiscue|17/100|[from] Stealth Rock\n|move|p1a: Jumpluff|Acrobatics|p2a: Eiscue\n|-damage|p2a: Eiscue|0 fnt\n|faint|p2a: Eiscue\n|\n|upkeep\n|\n|t:|1783560286\n|switch|p2a: Dudunsparce|Dudunsparce-Three-Segment, L83, F, tera:Ghost|88/100\n|-activate|p2a: Dudunsparce|move: Sticky Web\n|-unboost|p2a: Dudunsparce|spe|1\n|-damage|p2a: Dudunsparce|76/100|[from] Stealth Rock\n|turn|32\n|inactive|Time left: 300 sec this turn | 300 sec total\n|\n|t:|1783560287\n|move|p1a: Jumpluff|Leech Seed|p2a: Dudunsparce|[miss]\n|-miss|p1a: Jumpluff|p2a: Dudunsparce\n|move|p2a: Dudunsparce|Earthquake|p1a: Jumpluff\n|-supereffective|p1a: Jumpluff\n|-damage|p1a: Jumpluff|101/271\n|\n|-heal|p2a: Dudunsparce|82/100|[from] item: Leftovers\n|upkeep\n|turn|33\n|inactive|Time left: 300 sec this turn | 300 sec total\n|\n|t:|1783560288\n|move|p1a: Jumpluff|Strength Sap|p2a: Dudunsparce\n|-unboost|p2a: Dudunsparce|atk|1\n|-heal|p1a: Jumpluff|271/271\n|move|p2a: Dudunsparce|Earthquake|p1a: Jumpluff\n|-supereffective|p1a: Jumpluff\n|-damage|p1a: Jumpluff|157/271\n|\n|-heal|p2a: Dudunsparce|88/100|[from] item: Leftovers\n|upkeep\n|turn|34\n|inactive|Time left: 300 sec this turn | 300 sec total\n|\n|t:|1783560289\n|move|p1a: Jumpluff|Strength Sap|p2a: Dudunsparce\n|-unboost|p2a: Dudunsparce|atk|1\n|-heal|p1a: Jumpluff|271/271\n|move|p2a: Dudunsparce|Earthquake|p1a: Jumpluff\n|-supereffective|p1a: Jumpluff\n|-damage|p1a: Jumpluff|183/271\n|\n|-heal|p2a: Dudunsparce|94/100|[from] item: Leftovers\n|upkeep\n|turn|35\n|inactive|Time left: 300 sec this turn | 300 sec total\n|\n|t:|1783560290\n|move|p1a: Jumpluff|Strength Sap|p2a: Dudunsparce\n|-unboost|p2a: Dudunsparce|atk|1\n|-heal|p1a: Jumpluff|271/271\n|move|p2a: Dudunsparce|Earthquake|p1a: Jumpluff\n|-supereffective|p1a: Jumpluff\n|-damage|p1a: Jumpluff|207/271\n|\n|-heal|p2a: Dudunsparce|100/100|[from] item: Leftovers\n|upkeep\n|turn|36\n|inactive|Time left: 300 sec this turn | 300 sec total\n|\n|t:|1783560291\n|switch|p2a: Hariyama|Hariyama, L87, F|35/100 brn\n|-activate|p2a: Hariyama|move: Sticky Web\n|-unboost|p2a: Hariyama|spe|1\n|-damage|p2a: Hariyama|29/100 brn|[from] Stealth Rock\n|move|p1a: Jumpluff|Acrobatics|p2a: Hariyama\n|-supereffective|p2a: Hariyama\n|-damage|p2a: Hariyama|0 fnt\n|faint|p2a: Hariyama\n|\n|upkeep\n|\n|t:|1783560292\n|switch|p2a: Dudunsparce|Dudunsparce-Three-Segment, L83, F, tera:Ghost|100/100\n|-activate|p2a: Dudunsparce|move: Sticky Web\n|-unboost|p2a: Dudunsparce|spe|1\n|-damage|p2a: Dudunsparce|88/100|[from] Stealth Rock\n|turn|37\n|inactive|Time left: 300 sec this turn | 300 sec total\n|\n|t:|1783560293\n|move|p1a: Jumpluff|Leech Seed|p2a: Dudunsparce\n|-start|p2a: Dudunsparce|move: Leech Seed\n|move|p2a: Dudunsparce|Earthquake|p1a: Jumpluff\n|-supereffective|p1a: Jumpluff\n|-damage|p1a: Jumpluff|49/271\n|\n|-heal|p2a: Dudunsparce|94/100|[from] item: Leftovers\n|-damage|p2a: Dudunsparce|82/100|[from] Leech Seed|[of] p1a: Jumpluff\n|-heal|p1a: Jumpluff|91/271|[silent]\n|upkeep\n|turn|38\n|inactive|Time left: 300 sec this turn | 300 sec total\n|\n|t:|1783560294\n|move|p1a: Jumpluff|Strength Sap|p2a: Dudunsparce\n|-unboost|p2a: Dudunsparce|atk|1\n|-heal|p1a: Jumpluff|271/271\n|move|p2a: Dudunsparce|Earthquake|p1a: Jumpluff\n|-supereffective|p1a: Jumpluff\n|-damage|p1a: Jumpluff|153/271\n|\n|-heal|p2a: Dudunsparce|88/100|[from] item: Leftovers\n|-damage|p2a: Dudunsparce|76/100|[from] Leech Seed|[of] p1a: Jumpluff\n|-heal|p1a: Jumpluff|195/271|[silent]\n|upkeep\n|turn|39\n|inactive|Time left: 300 sec this turn | 300 sec total\n|\n|t:|1783560295\n|move|p1a: Jumpluff|Strength Sap|p2a: Dudunsparce\n|-unboost|p2a: Dudunsparce|atk|1\n|-heal|p1a: Jumpluff|271/271\n|move|p2a: Dudunsparce|Headbutt|p1a: Jumpluff\n|-resisted|p1a: Jumpluff\n|-damage|p1a: Jumpluff|248/271\n|\n|-heal|p2a: Dudunsparce|82/100|[from] item: Leftovers\n|-damage|p2a: Dudunsparce|70/100|[from] Leech Seed|[of] p1a: Jumpluff\n|-heal|p1a: Jumpluff|271/271|[silent]\n|upkeep\n|turn|40\n|inactive|Time left: 300 sec this turn | 300 sec total\n|\n|t:|1783560296\n|switch|p1a: Slaking|Slaking, L84, M|213/389 par\n|move|p2a: Dudunsparce|Roost|p2a: Dudunsparce\n|-heal|p2a: Dudunsparce|100/100\n|\n|-damage|p2a: Dudunsparce|88/100|[from] Leech Seed|[of] p1a: Slaking\n|-heal|p1a: Slaking|255/389 par|[silent]\n|upkeep\n|turn|41\n|inactive|Time left: 300 sec this turn | 300 sec total\n|\n|t:|1783560296\n|cant|p1a: Slaking|par\n|move|p2a: Dudunsparce|Earthquake|p1a: Slaking\n|-damage|p1a: Slaking|220/389 par\n|\n|-heal|p2a: Dudunsparce|94/100|[from] item: Leftovers\n|-damage|p2a: Dudunsparce|82/100|[from] Leech Seed|[of] p1a: Slaking\n|-heal|p1a: Slaking|262/389 par|[silent]\n|upkeep\n|turn|42\n|inactive|Time left: 300 sec this turn | 300 sec total\n|\n|t:|1783560297\n|cant|p1a: Slaking|ability: Truant\n|move|p2a: Dudunsparce|Earthquake|p1a: Slaking\n|-damage|p1a: Slaking|228/389 par\n|\n|-heal|p2a: Dudunsparce|88/100|[from] item: Leftovers\n|-damage|p2a: Dudunsparce|76/100|[from] Leech Seed|[of] p1a: Slaking\n|-heal|p1a: Slaking|270/389 par|[silent]\n|upkeep\n|turn|43\n|inactive|Time left: 300 sec this turn | 300 sec total\n|\n|t:|1783560298\n|move|p1a: Slaking|Knock Off|p2a: Dudunsparce\n|-supereffective|p2a: Dudunsparce\n|-crit|p2a: Dudunsparce\n|-damage|p2a: Dudunsparce|0 fnt\n|-enditem|p2a: Dudunsparce|Leftovers|[from] move: Knock Off|[of] p1a: Slaking\n|faint|p2a: Dudunsparce\n|\n|win|p0x1753b930", "uploadtime": 1783560298, "views": 0, "rating": 0, "private": 0, "password": null, "_winner": "p0x1753b930", "_our_name": "p0x1753b930"}