{"id": "battle-gen9randombattle-1275", "formatid": "gen9randombattle", "format": "[Gen 9] Random Battle", "players": ["p0x1275391c", "p0y12752ffb"], "log": "|init|battle\n|title|p0x1275391c vs. p0y12752ffb\n|j|\u2606p0x1275391c\n|j|\u2606p0y12752ffb\n|t:|1783554801\n|gametype|singles\n|player|p1|p0x1275391c|170|\n|player|p2|p0y12752ffb|102|\n|gen|9\n|tier|[Gen 9] Random Battle\n|rule|Species Clause: Limit one of each Pok\u00e9mon\n|rule|HP Percentage Mod: HP is shown in percentages\n|rule|Sleep Clause Mod: Limit one foe put to sleep\n|rule|Illusion Level Mod: Illusion disguises the Pok\u00e9mon's true level\n|\n|t:|1783554801\n|teamsize|p1|6\n|teamsize|p2|6\n|start\n|switch|p1a: Blaziken|Blaziken, L76, M|100/100\n|switch|p2a: Barraskewda|Barraskewda, L81, F|231/231\n|turn|1\n|inactive|Battle timer is ON: inactive players will automatically lose when time's up. (requested by p0x1275391c)\n|inactive|Time left: 300 sec this turn | 300 sec total | 60 sec grace\n|inactive|p0y12752ffb also wants the timer to be on.\n|\n|t:|1783554802\n|switch|p1a: Tsareena|Tsareena, L87, F|100/100\n|move|p2a: Barraskewda|Flip Turn|p1a: Tsareena\n|-resisted|p1a: Tsareena\n|-damage|p1a: Tsareena|81/100\n|inactive|Time left: 300 sec this turn | 300 sec total | 65 sec grace\n|\n|t:|1783554804\n|switch|p2a: Torkoal|Torkoal, L88, M|266/266|[from] Flip Turn\n|-weather|SunnyDay|[from] ability: Drought|[of] p2a: Torkoal\n|\n|-weather|SunnyDay|[upkeep]\n|upkeep\n|turn|2\n|inactive|Time left: 300 sec this turn | 300 sec total\n|\n|t:|1783554805\n|switch|p1a: Blaziken|Blaziken, L76, M|100/100\n|move|p2a: Torkoal|Lava Plume|p1a: Blaziken\n|-resisted|p1a: Blaziken\n|-damage|p1a: Blaziken|65/100\n|\n|-weather|SunnyDay|[upkeep]\n|upkeep\n|turn|3\n|inactive|Time left: 300 sec this turn | 300 sec total\n|\n|t:|1783554806\n|move|p1a: Blaziken|Swords Dance|p1a: Blaziken\n|-boost|p1a: Blaziken|atk|2\n|move|p2a: Torkoal|Earthquake|p1a: Blaziken\n|-supereffective|p1a: Blaziken\n|-damage|p1a: Blaziken|0 fnt\n|faint|p1a: Blaziken\n|\n|-weather|SunnyDay|[upkeep]\n|upkeep\n|\n|t:|1783554807\n|switch|p1a: Muk|Muk, L86, M|100/100\n|turn|4\n|inactive|Time left: 300 sec this turn | 300 sec total\n|\n|t:|1783554809\n|move|p1a: Muk|Gunk Shot|p2a: Torkoal|[miss]\n|-miss|p1a: Muk|p2a: Torkoal\n|move|p2a: Torkoal|Lava Plume|p1a: Muk\n|-damage|p1a: Muk|65/100\n|-status|p1a: Muk|brn\n|\n|-weather|SunnyDay|[upkeep]\n|-heal|p1a: Muk|71/100 brn|[from] item: Leftovers\n|-damage|p1a: Muk|65/100 brn|[from] brn\n|upkeep\n|turn|5\n|inactive|Time left: 300 sec this turn | 300 sec total\n|\n|t:|1783554810\n|move|p1a: Muk|Knock Off|p2a: Torkoal\n|-damage|p2a: Torkoal|239/266\n|-enditem|p2a: Torkoal|Heavy-Duty Boots|[from] move: Knock Off|[of] p1a: Muk\n|move|p2a: Torkoal|Lava Plume|p1a: Muk\n|-damage|p1a: Muk|27/100 brn\n|\n|-weather|none\n|-heal|p1a: Muk|33/100 brn|[from] item: Leftovers\n|-damage|p1a: Muk|27/100 brn|[from] brn\n|upkeep\n|turn|6\n|inactive|Time left: 300 sec this turn | 300 sec total\n|\n|t:|1783554811\n|move|p1a: Muk|Toxic Spikes|p2a: Torkoal\n|-sidestart|p2: p0y12752ffb|move: Toxic Spikes\n|move|p2a: Torkoal|Solar Beam||[still]\n|-prepare|p2a: Torkoal|Solar Beam\n|\n|-heal|p1a: Muk|33/100 brn|[from] item: Leftovers\n|-damage|p1a: Muk|27/100 brn|[from] brn\n|upkeep\n|turn|7\n|inactive|Time left: 300 sec this turn | 300 sec total\n|\n|t:|1783554812\n|move|p1a: Muk|Gunk Shot|p2a: Torkoal\n|-damage|p2a: Torkoal|191/266\n|-status|p2a: Torkoal|psn\n|move|p2a: Torkoal|Solar Beam|p1a: Muk|[from] lockedmove\n|-resisted|p1a: Muk\n|-damage|p1a: Muk|14/100 brn\n|\n|-heal|p1a: Muk|20/100 brn|[from] item: Leftovers\n|-damage|p2a: Torkoal|158/266 psn|[from] psn\n|-damage|p1a: Muk|14/100 brn|[from] brn\n|upkeep\n|turn|8\n|inactive|Time left: 300 sec this turn | 300 sec total\n|\n|t:|1783554813\n|move|p1a: Muk|Toxic Spikes|p2a: Torkoal\n|-sidestart|p2: p0y12752ffb|move: Toxic Spikes\n|move|p2a: Torkoal|Lava Plume|p1a: Muk\n|-damage|p1a: Muk|0 fnt\n|faint|p1a: Muk\n|\n|-damage|p2a: Torkoal|125/266 psn|[from] psn\n|upkeep\n|\n|t:|1783554814\n|switch|p1a: Serperior|Serperior, L79, M|100/100\n|turn|9\n|inactive|Time left: 300 sec this turn | 300 sec total\n|\n|t:|1783554815\n|move|p1a: Serperior|Leaf Storm|p2a: Torkoal\n|-resisted|p2a: Torkoal\n|-damage|p2a: Torkoal|68/266 psn\n|-boost|p1a: Serperior|spa|2\n|move|p2a: Torkoal|Lava Plume|p1a: Serperior\n|-supereffective|p1a: Serperior\n|-damage|p1a: Serperior|30/100\n|-status|p1a: Serperior|brn\n|\n|-heal|p1a: Serperior|36/100 brn|[from] item: Leftovers\n|-damage|p2a: Torkoal|35/266 psn|[from] psn\n|-damage|p1a: Serperior|30/100 brn|[from] brn\n|upkeep\n|turn|10\n|inactive|Time left: 300 sec this turn | 300 sec total\n|\n|t:|1783554816\n|switch|p2a: Noctowl|Noctowl, L95, F|344/344\n|move|p1a: Serperior|Leaf Storm|p2a: Noctowl\n|-resisted|p2a: Noctowl\n|-damage|p2a: Noctowl|264/344\n|-boost|p1a: Serperior|spa|2\n|\n|-heal|p1a: Serperior|36/100 brn|[from] item: Leftovers\n|-damage|p1a: Serperior|30/100 brn|[from] brn\n|upkeep\n|turn|11\n|inactive|Time left: 300 sec this turn | 300 sec total\n|\n|t:|1783554817\n|-terastallize|p1a: Serperior|Rock\n|move|p1a: Serperior|Tera Blast|p2a: Noctowl|[anim] Tera Blast Rock\n|-supereffective|p2a: Noctowl\n|-damage|p2a: Noctowl|0 fnt\n|faint|p2a: Noctowl\n|\n|-heal|p1a: Serperior|36/100 brn|[from] item: Leftovers\n|-damage|p1a: Serperior|30/100 brn|[from] brn\n|upkeep\n|inactive|Time left: 300 sec this turn | 300 sec total | 5 sec grace\n|\n|t:|1783554818\n|switch|p2a: Barraskewda|Barraskewda, L81, F|231/231\n|-status|p2a: Barraskewda|tox\n|turn|12\n|inactive|Time left: 300 sec this turn | 300 sec total\n|\n|t:|1783554819\n|switch|p1a: Tsareena|Tsareena, L87, F|81/100\n|move|p2a: Barraskewda|Close Combat|p1a: Tsareena\n|-damage|p1a: Tsareena|35/100\n|-unboost|p2a: Barraskewda|def|1\n|-unboost|p2a: Barraskewda|spd|1\n|\n|-damage|p2a: Barraskewda|217/231 tox|[from] psn\n|upkeep\n|turn|13\n|inactive|Time left: 300 sec this turn | 300 sec total\n|\n|t:|1783554820\n|switch|p1a: Sandslash|Sandslash, L89, F|100/100\n|move|p2a: Barraskewda|Close Combat|p1a: Sandslash\n|-damage|p1a: Sandslash|57/100\n|-unboost|p2a: Barraskewda|def|1\n|-unboost|p2a: Barraskewda|spd|1\n|\n|-heal|p1a: Sandslash|63/100|[from] item: Leftovers\n|-damage|p2a: Barraskewda|189/231 tox|[from] psn\n|upkeep\n|turn|14\n|inactive|Time left: 300 sec this turn | 300 sec total\n|\n|t:|1783554821\n|move|p2a: Barraskewda|Close Combat|p1a: Sandslash\n|-damage|p1a: Sandslash|23/100\n|-unboost|p2a: Barraskewda|def|1\n|-unboost|p2a: Barraskewda|spd|1\n|move|p1a: Sandslash|Knock Off|p2a: Barraskewda\n|-damage|p2a: Barraskewda|0 fnt\n|-enditem|p2a: Barraskewda|Choice Band|[from] move: Knock Off|[of] p1a: Sandslash\n|faint|p2a: Barraskewda\n|\n|-heal|p1a: Sandslash|29/100|[from] item: Leftovers\n|upkeep\n|inactive|Time left: 300 sec this turn | 300 sec total | 5 sec grace\n|\n|t:|1783554823\n|switch|p2a: Espathra|Espathra, L80, M|283/283\n|-status|p2a: Espathra|tox\n|turn|15\n|inactive|Time left: 300 sec this turn | 300 sec total\n|\n|t:|1783554824\n|move|p2a: Espathra|Lumina Crash|p1a: Sandslash\n|-damage|p1a: Sandslash|0 fnt\n|faint|p1a: Sandslash\n|\n|-damage|p2a: Espathra|266/283 tox|[from] psn\n|-ability|p2a: Espathra|Speed Boost|boost\n|-boost|p2a: Espathra|spe|1\n|upkeep\n|\n|t:|1783554825\n|switch|p1a: Pachirisu|Pachirisu, L96, F|100/100\n|turn|16\n|inactive|Time left: 300 sec this turn | 300 sec total\n|\n|t:|1783554826\n|move|p2a: Espathra|Lumina Crash|p1a: Pachirisu\n|-damage|p1a: Pachirisu|76/100\n|-unboost|p1a: Pachirisu|spd|2\n|move|p1a: Pachirisu|Super Fang|p2a: Espathra\n|-damage|p2a: Espathra|133/283 tox\n|\n|-damage|p2a: Espathra|99/283 tox|[from] psn\n|-ability|p2a: Espathra|Speed Boost|boost\n|-boost|p2a: Espathra|spe|1\n|upkeep\n|turn|17\n|inactive|Time left: 300 sec this turn | 300 sec total\n|\n|t:|1783554827\n|move|p2a: Espathra|Lumina Crash|p1a: Pachirisu\n|-damage|p1a: Pachirisu|27/100\n|-unboost|p1a: Pachirisu|spd|2\n|move|p1a: Pachirisu|Super Fang|p2a: Espathra\n|-damage|p2a: Espathra|50/283 tox\n|\n|-damage|p2a: Espathra|0 fnt|[from] psn\n|faint|p2a: Espathra\n|upkeep\n|inactive|Time left: 300 sec this turn | 300 sec total | 5 sec grace\n|\n|t:|1783554828\n|switch|p2a: Golurk|Golurk, L87|297/297\n|-status|p2a: Golurk|tox\n|turn|18\n|inactive|Time left: 300 sec this turn | 300 sec total\n|\n|t:|1783554829\n|move|p1a: Pachirisu|Thunderbolt|p2a: Golurk\n|-immune|p2a: Golurk\n|move|p2a: Golurk|Poltergeist|p1a: Pachirisu\n|-activate|p1a: Pachirisu|move: Poltergeist|Assault Vest\n|-damage|p1a: Pachirisu|0 fnt\n|faint|p1a: Pachirisu\n|-damage|p2a: Golurk|268/297 tox|[from] item: Life Orb\n|\n|-damage|p2a: Golurk|250/297 tox|[from] psn\n|upkeep\n|\n|t:|1783554830\n|switch|p1a: Tsareena|Tsareena, L87, F|35/100\n|turn|19\n|inactive|Time left: 300 sec this turn | 300 sec total\n|\n|t:|1783554831\n|move|p1a: Tsareena|Synthesis|p1a: Tsareena\n|-heal|p1a: Tsareena|85/100\n|move|p2a: Golurk|Poltergeist|p1a: Tsareena\n|-activate|p1a: Tsareena|move: Poltergeist|Life Orb\n|-damage|p1a: Tsareena|22/100\n|-damage|p2a: Golurk|221/297 tox|[from] item: Life Orb\n|\n|-damage|p2a: Golurk|185/297 tox|[from] psn\n|upkeep\n|turn|20\n|inactive|Time left: 300 sec this turn | 300 sec total\n|\n|t:|1783554832\n|move|p1a: Tsareena|Synthesis|p1a: Tsareena\n|-heal|p1a: Tsareena|72/100\n|move|p2a: Golurk|Poltergeist|p1a: Tsareena\n|-activate|p1a: Tsareena|move: Poltergeist|Life Orb\n|-damage|p1a: Tsareena|2/100\n|-damage|p2a: Golurk|156/297 tox|[from] item: Life Orb\n|\n|-damage|p2a: Golurk|102/297 tox|[from] psn\n|upkeep\n|turn|21\n|inactive|Time left: 300 sec this turn | 300 sec total\n|\n|t:|1783554833\n|-terastallize|p2a: Golurk|Ground\n|move|p1a: Tsareena|Synthesis|p1a: Tsareena\n|-heal|p1a: Tsareena|51/100\n|move|p2a: Golurk|Poltergeist|p1a: Tsareena\n|-activate|p1a: Tsareena|move: Poltergeist|Life Orb\n|-damage|p1a: Tsareena|0 fnt\n|faint|p1a: Tsareena\n|-damage|p2a: Golurk|73/297 tox|[from] item: Life Orb\n|\n|-damage|p2a: Golurk|1/297 tox|[from] psn\n|upkeep\n|\n|t:|1783554834\n|switch|p1a: Serperior|Serperior, L79, M, tera:Rock|30/100 brn\n|turn|22\n|inactive|Time left: 300 sec this turn | 300 sec total\n|\n|t:|1783554835\n|switch|p2a: Phione|Phione, L91|293/293\n|-status|p2a: Phione|tox\n|move|p1a: Serperior|Leaf Storm|p2a: Phione\n|-supereffective|p2a: Phione\n|-crit|p2a: Phione\n|-damage|p2a: Phione|0 fnt\n|-boost|p1a: Serperior|spa|2\n|faint|p2a: Phione\n|\n|-heal|p1a: Serperior|36/100 brn|[from] item: Leftovers\n|-damage|p1a: Serperior|30/100 brn|[from] brn\n|upkeep\n|inactive|Time left: 300 sec this turn | 300 sec total | 5 sec grace\n|\n|t:|1783554836\n|switch|p2a: Golurk|Golurk, L87, tera:Ground|1/297 tox\n|turn|23\n|inactive|Time left: 300 sec this turn | 300 sec total\n|\n|t:|1783554837\n|move|p1a: Serperior|Tera Blast|p2a: Golurk|[anim] Tera Blast Rock\n|-resisted|p2a: Golurk\n|-damage|p2a: Golurk|0 fnt\n|faint|p2a: Golurk\n|\n|-heal|p1a: Serperior|36/100 brn|[from] item: Leftovers\n|-damage|p1a: Serperior|30/100 brn|[from] brn\n|upkeep\n|inactive|Time left: 300 sec this turn | 300 sec total | 5 sec grace\n|\n|t:|1783554837\n|switch|p2a: Torkoal|Torkoal, L88, M|35/266 psn\n|-weather|SunnyDay|[from] ability: Drought|[of] p2a: Torkoal\n|turn|24\n|inactive|Time left: 300 sec this turn | 300 sec total\n|\n|t:|1783554838\n|move|p1a: Serperior|Tera Blast|p2a: Torkoal|[anim] Tera Blast Rock\n|-supereffective|p2a: Torkoal\n|-damage|p2a: Torkoal|0 fnt\n|faint|p2a: Torkoal\n|\n|win|p0x1275391c", "uploadtime": 1783554838, "views": 0, "rating": 0, "private": 0, "password": null, "_winner": "p0x1275391c", "_our_name": "p0y12752ffb"}