{"id": "battle-gen9randombattle-691", "formatid": "gen9randombattle", "format": "[Gen 9] Random Battle", "players": ["p0x6911255", "p0y6916f23"], "log": "|init|battle\n|title|p0x6911255 vs. p0y6916f23\n|j|\u2606p0x6911255\n|j|\u2606p0y6916f23\n|t:|1783547828\n|gametype|singles\n|player|p1|p0x6911255|170|\n|player|p2|p0y6916f23|102|\n|gen|9\n|tier|[Gen 9] Random Battle\n|rule|Species Clause: Limit one of each Pok\u00e9mon\n|rule|HP Percentage Mod: HP is shown in percentages\n|rule|Sleep Clause Mod: Limit one foe put to sleep\n|rule|Illusion Level Mod: Illusion disguises the Pok\u00e9mon's true level\n|\n|t:|1783547828\n|teamsize|p1|6\n|teamsize|p2|6\n|start\n|switch|p1a: Azumarill|Azumarill, L82, M|298/298\n|switch|p2a: Zekrom|Zekrom, L71|100/100\n|-ability|p2a: Zekrom|Teravolt\n|turn|1\n|inactive|Battle timer is ON: inactive players will automatically lose when time's up. (requested by p0y6916f23)\n|inactive|Time left: 300 sec this turn | 300 sec total | 60 sec grace\n|inactive|p0x6911255 also wants the timer to be on.\n|\n|t:|1783547830\n|move|p2a: Zekrom|Bolt Strike|p1a: Azumarill|[miss]\n|-miss|p2a: Zekrom|p1a: Azumarill\n|move|p1a: Azumarill|Belly Drum|p1a: Azumarill\n|-damage|p1a: Azumarill|149/298\n|-setboost|p1a: Azumarill|atk|6|[from] move: Belly Drum\n|-enditem|p1a: Azumarill|Sitrus Berry|[eat]\n|-heal|p1a: Azumarill|223/298|[from] item: Sitrus Berry\n|\n|upkeep\n|turn|2\n|inactive|Time left: 300 sec this turn | 300 sec total\n|\n|t:|1783547831\n|move|p2a: Zekrom|Bolt Strike|p1a: Azumarill\n|-supereffective|p1a: Azumarill\n|-damage|p1a: Azumarill|0 fnt\n|faint|p1a: Azumarill\n|\n|upkeep\n|inactive|Time left: 300 sec this turn | 300 sec total | 5 sec grace\n|\n|t:|1783547832\n|switch|p1a: Baxcalibur|Baxcalibur, L75, F|295/295\n|turn|3\n|inactive|Time left: 300 sec this turn | 300 sec total\n|\n|t:|1783547833\n|-terastallize|p2a: Zekrom|Electric\n|move|p1a: Baxcalibur|Icicle Crash|p2a: Zekrom\n|-damage|p2a: Zekrom|51/100\n|move|p2a: Zekrom|Outrage|p1a: Baxcalibur\n|-supereffective|p1a: Baxcalibur\n|-damage|p1a: Baxcalibur|35/295\n|\n|-heal|p2a: Zekrom|57/100|[from] item: Leftovers\n|upkeep\n|turn|4\n|inactive|Time left: 300 sec this turn | 300 sec total\n|\n|t:|1783547835\n|move|p1a: Baxcalibur|Icicle Crash|p2a: Zekrom\n|-damage|p2a: Zekrom|4/100\n|cant|p2a: Zekrom|flinch\n|\n|-heal|p2a: Zekrom|11/100|[from] item: Leftovers\n|-start|p2a: Zekrom|confusion|[fatigue]\n|upkeep\n|turn|5\n|inactive|Time left: 300 sec this turn | 300 sec total\n|\n|t:|1783547836\n|switch|p2a: Carbink|Carbink, L90|100/100\n|move|p1a: Baxcalibur|Icicle Crash|p2a: Carbink\n|-damage|p2a: Carbink|60/100\n|\n|-heal|p2a: Carbink|66/100|[from] item: Leftovers\n|upkeep\n|turn|6\n|inactive|Time left: 300 sec this turn | 300 sec total\n|\n|t:|1783547837\n|move|p1a: Baxcalibur|Icicle Crash|p2a: Carbink\n|-damage|p2a: Carbink|24/100\n|move|p2a: Carbink|Body Press|p1a: Baxcalibur\n|-supereffective|p1a: Baxcalibur\n|-damage|p1a: Baxcalibur|0 fnt\n|faint|p1a: Baxcalibur\n|\n|-heal|p2a: Carbink|30/100|[from] item: Leftovers\n|upkeep\n|inactive|Time left: 300 sec this turn | 300 sec total | 5 sec grace\n|\n|t:|1783547838\n|switch|p1a: Oranguru|Oranguru, L92, F|315/315\n|turn|7\n|inactive|Time left: 300 sec this turn | 300 sec total\n|\n|t:|1783547839\n|move|p1a: Oranguru|Nasty Plot|p1a: Oranguru\n|-boost|p1a: Oranguru|spa|2\n|move|p2a: Carbink|Moonblast|p1a: Oranguru\n|-damage|p1a: Oranguru|260/315\n|\n|-heal|p1a: Oranguru|279/315|[from] item: Leftovers\n|-heal|p2a: Carbink|36/100|[from] item: Leftovers\n|upkeep\n|turn|8\n|inactive|Time left: 300 sec this turn | 300 sec total\n|\n|t:|1783547841\n|switch|p2a: Frosmoth|Frosmoth, L82, F|100/100\n|move|p1a: Oranguru|Psyshock|p2a: Frosmoth\n|-damage|p2a: Frosmoth|51/100\n|\n|-heal|p1a: Oranguru|298/315|[from] item: Leftovers\n|upkeep\n|turn|9\n|inactive|Time left: 300 sec this turn | 300 sec total\n|\n|t:|1783547842\n|move|p1a: Oranguru|Psyshock|p2a: Frosmoth\n|-damage|p2a: Frosmoth|4/100\n|move|p2a: Frosmoth|Bug Buzz|p1a: Oranguru\n|-supereffective|p1a: Oranguru\n|-damage|p1a: Oranguru|142/315\n|\n|-heal|p1a: Oranguru|161/315|[from] item: Leftovers\n|upkeep\n|turn|10\n|inactive|Time left: 300 sec this turn | 300 sec total\n|\n|t:|1783547843\n|move|p1a: Oranguru|Thunderbolt|p2a: Frosmoth\n|-damage|p2a: Frosmoth|0 fnt\n|faint|p2a: Frosmoth\n|\n|-heal|p1a: Oranguru|180/315|[from] item: Leftovers\n|upkeep\n|\n|t:|1783547844\n|switch|p2a: Zekrom|Zekrom, L71, tera:Electric|11/100\n|-ability|p2a: Zekrom|Teravolt\n|turn|11\n|inactive|Time left: 300 sec this turn | 300 sec total\n|\n|t:|1783547845\n|move|p2a: Zekrom|Bolt Strike|p1a: Oranguru\n|-damage|p1a: Oranguru|0 fnt\n|faint|p1a: Oranguru\n|\n|-heal|p2a: Zekrom|17/100|[from] item: Leftovers\n|upkeep\n|inactive|Time left: 300 sec this turn | 300 sec total | 5 sec grace\n|\n|t:|1783547846\n|switch|p1a: Lunala|Lunala, L70|308/308\n|turn|12\n|inactive|Time left: 300 sec this turn | 300 sec total\n|\n|t:|1783547847\n|switch|p2a: Porygon-Z|Porygon-Z, L83|100/100\n|move|p1a: Lunala|Calm Mind|p1a: Lunala\n|-boost|p1a: Lunala|spa|1\n|-boost|p1a: Lunala|spd|1\n|\n|upkeep\n|turn|13\n|inactive|Time left: 300 sec this turn | 300 sec total\n|\n|t:|1783547848\n|move|p2a: Porygon-Z|Shadow Ball|p1a: Lunala\n|-supereffective|p1a: Lunala\n|-damage|p1a: Lunala|173/308\n|-damage|p2a: Porygon-Z|91/100|[from] item: Life Orb\n|move|p1a: Lunala|Psyshock|p2a: Porygon-Z\n|-damage|p2a: Porygon-Z|36/100\n|\n|-heal|p1a: Lunala|192/308|[from] item: Leftovers\n|upkeep\n|turn|14\n|inactive|Time left: 300 sec this turn | 300 sec total\n|\n|t:|1783547849\n|-terastallize|p1a: Lunala|Fairy\n|move|p2a: Porygon-Z|Shadow Ball|p1a: Lunala\n|-damage|p1a: Lunala|122/308\n|-damage|p2a: Porygon-Z|26/100|[from] item: Life Orb\n|move|p1a: Lunala|Moonlight|p1a: Lunala\n|-heal|p1a: Lunala|276/308\n|\n|-heal|p1a: Lunala|295/308|[from] item: Leftovers\n|upkeep\n|turn|15\n|inactive|Time left: 300 sec this turn | 300 sec total\n|\n|t:|1783547850\n|move|p2a: Porygon-Z|Tera Blast|p1a: Lunala\n|-damage|p1a: Lunala|160/308\n|-damage|p2a: Porygon-Z|16/100|[from] item: Life Orb\n|move|p1a: Lunala|Psyshock|p2a: Porygon-Z\n|-damage|p2a: Porygon-Z|0 fnt\n|faint|p2a: Porygon-Z\n|\n|-heal|p1a: Lunala|179/308|[from] item: Leftovers\n|upkeep\n|\n|t:|1783547851\n|switch|p2a: Honchkrow|Honchkrow, L86, M|100/100\n|turn|16\n|inactive|Time left: 300 sec this turn | 300 sec total\n|\n|t:|1783547852\n|move|p1a: Lunala|Moonlight|p1a: Lunala\n|-heal|p1a: Lunala|308/308\n|move|p2a: Honchkrow|Brave Bird|p1a: Lunala\n|-damage|p1a: Lunala|208/308\n|-damage|p2a: Honchkrow|90/100|[from] Recoil\n|\n|-heal|p1a: Lunala|227/308|[from] item: Leftovers\n|upkeep\n|turn|17\n|inactive|Time left: 300 sec this turn | 300 sec total\n|\n|t:|1783547853\n|move|p1a: Lunala|Moonlight|p1a: Lunala\n|-heal|p1a: Lunala|308/308\n|move|p2a: Honchkrow|Brave Bird|p1a: Lunala\n|-damage|p1a: Lunala|208/308\n|-damage|p2a: Honchkrow|79/100|[from] Recoil\n|\n|-heal|p1a: Lunala|227/308|[from] item: Leftovers\n|upkeep\n|turn|18\n|inactive|Time left: 300 sec this turn | 300 sec total\n|\n|t:|1783547854\n|move|p1a: Lunala|Moonlight|p1a: Lunala\n|-heal|p1a: Lunala|308/308\n|move|p2a: Honchkrow|Brave Bird|p1a: Lunala\n|-damage|p1a: Lunala|217/308\n|-damage|p2a: Honchkrow|70/100|[from] Recoil\n|\n|-heal|p1a: Lunala|236/308|[from] item: Leftovers\n|upkeep\n|turn|19\n|inactive|Time left: 300 sec this turn | 300 sec total\n|\n|t:|1783547855\n|move|p1a: Lunala|Moongeist Beam|p2a: Honchkrow\n|-resisted|p2a: Honchkrow\n|-damage|p2a: Honchkrow|35/100\n|move|p2a: Honchkrow|Brave Bird|p1a: Lunala\n|-damage|p1a: Lunala|35/308\n|-damage|p2a: Honchkrow|14/100|[from] Recoil\n|\n|-heal|p1a: Lunala|54/308|[from] item: Leftovers\n|upkeep\n|turn|20\n|inactive|Time left: 300 sec this turn | 300 sec total\n|\n|t:|1783547856\n|move|p1a: Lunala|Moonlight|p1a: Lunala\n|-heal|p1a: Lunala|208/308\n|move|p2a: Honchkrow|Brave Bird|p1a: Lunala\n|-damage|p1a: Lunala|24/308\n|-damage|p2a: Honchkrow|0 fnt|[from] Recoil\n|faint|p2a: Honchkrow\n|\n|-heal|p1a: Lunala|43/308|[from] item: Leftovers\n|upkeep\n|\n|t:|1783547857\n|switch|p2a: Sandslash|Sandslash, L89, F|100/100\n|turn|21\n|inactive|Time left: 300 sec this turn | 300 sec total\n|\n|t:|1783547858\n|move|p1a: Lunala|Moongeist Beam|p2a: Sandslash\n|-damage|p2a: Sandslash|36/100\n|move|p2a: Sandslash|Earthquake|p1a: Lunala\n|-damage|p1a: Lunala|0 fnt\n|faint|p1a: Lunala\n|\n|-heal|p2a: Sandslash|42/100|[from] item: Leftovers\n|upkeep\n|inactive|Time left: 300 sec this turn | 300 sec total | 5 sec grace\n|\n|t:|1783547860\n|switch|p1a: Donphan|Donphan, L84, F|288/288\n|turn|22\n|inactive|Time left: 300 sec this turn | 300 sec total\n|\n|t:|1783547860\n|move|p2a: Sandslash|Earthquake|p1a: Donphan\n|-damage|p1a: Donphan|186/288\n|move|p1a: Donphan|Earthquake|p2a: Sandslash\n|-damage|p2a: Sandslash|4/100\n|\n|-heal|p2a: Sandslash|10/100|[from] item: Leftovers\n|upkeep\n|turn|23\n|inactive|Time left: 300 sec this turn | 300 sec total\n|\n|t:|1783547861\n|move|p2a: Sandslash|Earthquake|p1a: Donphan\n|-damage|p1a: Donphan|87/288\n|move|p1a: Donphan|Rapid Spin|p2a: Sandslash\n|-damage|p2a: Sandslash|0 fnt\n|-boost|p1a: Donphan|spe|1\n|faint|p2a: Sandslash\n|\n|upkeep\n|\n|t:|1783547862\n|switch|p2a: Zekrom|Zekrom, L71, tera:Electric|17/100\n|-ability|p2a: Zekrom|Teravolt\n|turn|24\n|inactive|Time left: 300 sec this turn | 300 sec total\n|\n|t:|1783547863\n|move|p1a: Donphan|Earthquake|p2a: Zekrom\n|-supereffective|p2a: Zekrom\n|-damage|p2a: Zekrom|0 fnt\n|faint|p2a: Zekrom\n|\n|upkeep\n|\n|t:|1783547864\n|switch|p2a: Carbink|Carbink, L90|36/100\n|turn|25\n|inactive|Time left: 300 sec this turn | 300 sec total\n|\n|t:|1783547865\n|move|p1a: Donphan|Earthquake|p2a: Carbink\n|-supereffective|p2a: Carbink\n|-damage|p2a: Carbink|0 fnt\n|faint|p2a: Carbink\n|\n|win|p0x6911255", "uploadtime": 1783547865, "views": 0, "rating": 0, "private": 0, "password": null, "_winner": "p0x6911255", "_our_name": "p0x6911255"}