{"id": "battle-gen9randombattle-729", "formatid": "gen9randombattle", "format": "[Gen 9] Random Battle", "players": ["p0x729a7ab", "p0y7299718"], "log": "|init|battle\n|title|p0x729a7ab vs. p0y7299718\n|j|\u2606p0x729a7ab\n|j|\u2606p0y7299718\n|t:|1783548271\n|gametype|singles\n|player|p1|p0x729a7ab|1|\n|player|p2|p0y7299718|265|\n|gen|9\n|tier|[Gen 9] Random Battle\n|rule|Species Clause: Limit one of each Pok\u00e9mon\n|rule|HP Percentage Mod: HP is shown in percentages\n|rule|Sleep Clause Mod: Limit one foe put to sleep\n|rule|Illusion Level Mod: Illusion disguises the Pok\u00e9mon's true level\n|\n|t:|1783548271\n|teamsize|p1|6\n|teamsize|p2|6\n|start\n|switch|p1a: Iron Bundle|Iron Bundle, L78|100/100\n|switch|p2a: Altaria|Altaria, L89, M|278/278\n|turn|1\n|inactive|Battle timer is ON: inactive players will automatically lose when time's up. (requested by p0y7299718)\n|inactive|p0x729a7ab also wants the timer to be on.\n|\n|t:|1783548272\n|switch|p2a: Overqwil|Overqwil, L82, F|274/274\n|-ability|p2a: Overqwil|Intimidate|boost\n|-unboost|p1a: Iron Bundle|atk|1\n|move|p1a: Iron Bundle|Freeze-Dry|p2a: Overqwil\n|-damage|p2a: Overqwil|181/274\n|\n|upkeep\n|turn|2\n|inactive|Time left: 300 sec this turn | 300 sec total\n|\n|t:|1783548274\n|switch|p2a: Entei|Entei, L78|307/307\n|move|p1a: Iron Bundle|Freeze-Dry|p2a: Entei\n|-resisted|p2a: Entei\n|-damage|p2a: Entei|262/307\n|\n|upkeep\n|turn|3\n|inactive|Time left: 300 sec this turn | 300 sec total\n|\n|t:|1783548275\n|move|p1a: Iron Bundle|Hydro Pump|p2a: Entei\n|-supereffective|p2a: Entei\n|-damage|p2a: Entei|0 fnt\n|faint|p2a: Entei\n|\n|upkeep\n|inactive|Time left: 300 sec this turn | 300 sec total | 5 sec grace\n|\n|t:|1783548276\n|switch|p2a: Malamar|Malamar, L82, F|275/275\n|turn|4\n|inactive|Time left: 300 sec this turn | 300 sec total\n|\n|t:|1783548277\n|-end|p1a: Iron Bundle|Quark Drive|[silent]\n|switch|p1a: Skeledirge|Skeledirge, L79, F|100/100\n|move|p2a: Malamar|Superpower|p1a: Skeledirge\n|-immune|p1a: Skeledirge\n|\n|upkeep\n|turn|5\n|inactive|Time left: 300 sec this turn | 300 sec total\n|\n|t:|1783548278\n|move|p2a: Malamar|Knock Off|p1a: Skeledirge\n|-supereffective|p1a: Skeledirge\n|-damage|p1a: Skeledirge|43/100\n|-enditem|p1a: Skeledirge|Heavy-Duty Boots|[from] move: Knock Off|[of] p2a: Malamar\n|move|p1a: Skeledirge|Will-O-Wisp|p2a: Malamar\n|-status|p2a: Malamar|brn\n|\n|-damage|p2a: Malamar|258/275 brn|[from] brn\n|upkeep\n|turn|6\n|inactive|Time left: 300 sec this turn | 300 sec total\n|\n|t:|1783548279\n|switch|p2a: Overqwil|Overqwil, L82, F|181/274\n|-ability|p2a: Overqwil|Intimidate|boost\n|-unboost|p1a: Skeledirge|atk|1\n|move|p1a: Skeledirge|Slack Off|p1a: Skeledirge\n|-heal|p1a: Skeledirge|93/100\n|\n|upkeep\n|turn|7\n|inactive|Time left: 300 sec this turn | 300 sec total\n|\n|t:|1783548280\n|switch|p1a: Avalugg|Avalugg, L88, M|100/100\n|move|p2a: Overqwil|Crunch|p1a: Avalugg\n|-damage|p1a: Avalugg|84/100\n|\n|upkeep\n|turn|8\n|inactive|Time left: 300 sec this turn | 300 sec total\n|\n|t:|1783548282\n|move|p2a: Overqwil|Swords Dance|p2a: Overqwil\n|-boost|p2a: Overqwil|atk|2\n|move|p1a: Avalugg|Avalanche|p2a: Overqwil\n|-damage|p2a: Overqwil|106/274\n|\n|upkeep\n|turn|9\n|inactive|Time left: 300 sec this turn | 300 sec total\n|\n|t:|1783548283\n|move|p2a: Overqwil|Gunk Shot|p1a: Avalugg|[miss]\n|-miss|p2a: Overqwil|p1a: Avalugg\n|move|p1a: Avalugg|Avalanche|p2a: Overqwil\n|-damage|p2a: Overqwil|24/274\n|\n|upkeep\n|turn|10\n|inactive|Time left: 300 sec this turn | 300 sec total\n|\n|t:|1783548284\n|move|p2a: Overqwil|Gunk Shot|p1a: Avalugg\n|-damage|p1a: Avalugg|35/100\n|-status|p1a: Avalugg|psn\n|move|p1a: Avalugg|Avalanche|p2a: Overqwil\n|-damage|p2a: Overqwil|0 fnt\n|faint|p2a: Overqwil\n|\n|-damage|p1a: Avalugg|23/100 psn|[from] psn\n|upkeep\n|inactive|Time left: 300 sec this turn | 300 sec total | 5 sec grace\n|\n|t:|1783548285\n|switch|p2a: Ogerpon|Ogerpon-Wellspring, L76, F|247/247\n|turn|11\n|inactive|Time left: 300 sec this turn | 300 sec total\n|\n|t:|1783548286\n|move|p2a: Ogerpon|Wood Hammer|p1a: Avalugg\n|-damage|p1a: Avalugg|0 fnt\n|faint|p1a: Avalugg\n|-damage|p2a: Ogerpon|224/247|[from] Recoil\n|\n|upkeep\n|\n|t:|1783548287\n|switch|p1a: Iron Bundle|Iron Bundle, L78|100/100\n|turn|12\n|inactive|Time left: 300 sec this turn | 300 sec total\n|\n|t:|1783548288\n|switch|p2a: Malamar|Malamar, L82, F|258/275 brn\n|move|p1a: Iron Bundle|Freeze-Dry|p2a: Malamar\n|-crit|p2a: Malamar\n|-damage|p2a: Malamar|126/275 brn\n|\n|-heal|p2a: Malamar|143/275 brn|[from] item: Leftovers\n|-damage|p2a: Malamar|126/275 brn|[from] brn\n|upkeep\n|turn|13\n|inactive|Time left: 300 sec this turn | 300 sec total\n|\n|t:|1783548289\n|move|p1a: Iron Bundle|Hydro Pump|p2a: Malamar\n|-damage|p2a: Malamar|0 fnt\n|faint|p2a: Malamar\n|\n|upkeep\n|inactive|Time left: 300 sec this turn | 300 sec total | 5 sec grace\n|\n|t:|1783548290\n|switch|p2a: Tsareena|Tsareena, L87, F|267/267\n|turn|14\n|inactive|Time left: 300 sec this turn | 300 sec total\n|\n|t:|1783548291\n|-end|p1a: Iron Bundle|Quark Drive|[silent]\n|switch|p1a: Skeledirge|Skeledirge, L79, F|93/100\n|move|p2a: Tsareena|Power Whip|p1a: Skeledirge\n|-resisted|p1a: Skeledirge\n|-damage|p1a: Skeledirge|60/100\n|-damage|p2a: Tsareena|241/267|[from] item: Life Orb\n|\n|upkeep\n|turn|15\n|inactive|Time left: 300 sec this turn | 300 sec total\n|\n|t:|1783548292\n|move|p2a: Tsareena|Knock Off|p1a: Skeledirge\n|-supereffective|p1a: Skeledirge\n|-damage|p1a: Skeledirge|8/100\n|-damage|p2a: Tsareena|215/267|[from] item: Life Orb\n|move|p1a: Skeledirge|Torch Song|p2a: Tsareena\n|-supereffective|p2a: Tsareena\n|-damage|p2a: Tsareena|69/267\n|-boost|p1a: Skeledirge|spa|1\n|\n|upkeep\n|turn|16\n|inactive|Time left: 300 sec this turn | 300 sec total\n|\n|t:|1783548293\n|move|p2a: Tsareena|Knock Off|p1a: Skeledirge\n|-supereffective|p1a: Skeledirge\n|-damage|p1a: Skeledirge|0 fnt\n|faint|p1a: Skeledirge\n|-damage|p2a: Tsareena|43/267|[from] item: Life Orb\n|\n|upkeep\n|\n|t:|1783548294\n|switch|p1a: Iron Bundle|Iron Bundle, L78|100/100\n|turn|17\n|inactive|Time left: 300 sec this turn | 300 sec total\n|\n|t:|1783548295\n|move|p1a: Iron Bundle|Freeze-Dry|p2a: Tsareena\n|-supereffective|p2a: Tsareena\n|-damage|p2a: Tsareena|0 fnt\n|faint|p2a: Tsareena\n|\n|upkeep\n|inactive|Time left: 300 sec this turn | 300 sec total | 5 sec grace\n|\n|t:|1783548296\n|switch|p2a: Altaria|Altaria, L89, M|278/278\n|turn|18\n|inactive|Time left: 300 sec this turn | 300 sec total\n|\n|t:|1783548297\n|-terastallize|p2a: Altaria|Steel\n|move|p1a: Iron Bundle|Freeze-Dry|p2a: Altaria\n|-resisted|p2a: Altaria\n|-damage|p2a: Altaria|242/278\n|move|p2a: Altaria|Brave Bird|p1a: Iron Bundle\n|-damage|p1a: Iron Bundle|52/100\n|-damage|p2a: Altaria|207/278|[from] Recoil\n|\n|upkeep\n|turn|19\n|inactive|Time left: 300 sec this turn | 300 sec total\n|\n|t:|1783548298\n|move|p1a: Iron Bundle|Hydro Pump|p2a: Altaria\n|-damage|p2a: Altaria|101/278\n|move|p2a: Altaria|Roost|p2a: Altaria\n|-heal|p2a: Altaria|240/278\n|\n|upkeep\n|turn|20\n|inactive|Time left: 300 sec this turn | 300 sec total\n|\n|t:|1783548299\n|move|p1a: Iron Bundle|Encore|p2a: Altaria\n|-start|p2a: Altaria|Encore\n|move|p2a: Altaria|Roost|p2a: Altaria\n|-heal|p2a: Altaria|278/278\n|\n|upkeep\n|turn|21\n|inactive|Time left: 300 sec this turn | 300 sec total\n|\n|t:|1783548300\n|move|p1a: Iron Bundle|Freeze-Dry|p2a: Altaria\n|-resisted|p2a: Altaria\n|-damage|p2a: Altaria|247/278\n|-status|p2a: Altaria|frz\n|cant|p2a: Altaria|frz\n|\n|upkeep\n|turn|22\n|inactive|Time left: 300 sec this turn | 300 sec total\n|\n|t:|1783548301\n|move|p1a: Iron Bundle|Freeze-Dry|p2a: Altaria\n|-resisted|p2a: Altaria\n|-damage|p2a: Altaria|217/278 frz\n|cant|p2a: Altaria|frz\n|\n|-end|p2a: Altaria|Encore\n|upkeep\n|turn|23\n|inactive|Time left: 300 sec this turn | 300 sec total\n|\n|t:|1783548302\n|move|p1a: Iron Bundle|Freeze-Dry|p2a: Altaria\n|-resisted|p2a: Altaria\n|-damage|p2a: Altaria|181/278 frz\n|cant|p2a: Altaria|frz\n|\n|upkeep\n|turn|24\n|inactive|Time left: 300 sec this turn | 300 sec total\n|\n|t:|1783548303\n|move|p1a: Iron Bundle|Hydro Pump|p2a: Altaria\n|-damage|p2a: Altaria|81/278 frz\n|cant|p2a: Altaria|frz\n|\n|upkeep\n|turn|25\n|inactive|Time left: 300 sec this turn | 300 sec total\n|\n|t:|1783548304\n|-curestatus|p2a: Altaria|frz|[from] ability: Natural Cure|[silent]\n|switch|p2a: Ogerpon|Ogerpon-Wellspring, L76, F|224/247\n|move|p1a: Iron Bundle|Hydro Pump|p2a: Ogerpon\n|-heal|p2a: Ogerpon|247/247|[from] ability: Water Absorb|[of] p1a: Iron Bundle\n|\n|upkeep\n|turn|26\n|inactive|Time left: 300 sec this turn | 300 sec total\n|\n|t:|1783548305\n|switch|p2a: Altaria|Altaria, L89, M, tera:Steel|81/278\n|-terastallize|p1a: Iron Bundle|Ice\n|move|p1a: Iron Bundle|Freeze-Dry|p2a: Altaria\n|-resisted|p2a: Altaria\n|-damage|p2a: Altaria|37/278\n|\n|upkeep\n|turn|27\n|inactive|Time left: 300 sec this turn | 300 sec total\n|\n|t:|1783548306\n|switch|p2a: Ogerpon|Ogerpon-Wellspring, L76, F|247/247\n|move|p1a: Iron Bundle|Freeze-Dry|p2a: Ogerpon\n|-supereffective|p2a: Ogerpon\n|-damage|p2a: Ogerpon|0 fnt\n|faint|p2a: Ogerpon\n|\n|upkeep\n|inactive|Time left: 300 sec this turn | 300 sec total | 5 sec grace\n|\n|t:|1783548307\n|switch|p2a: Altaria|Altaria, L89, M, tera:Steel|37/278\n|turn|28\n|inactive|Time left: 300 sec this turn | 300 sec total\n|\n|t:|1783548308\n|move|p1a: Iron Bundle|Freeze-Dry|p2a: Altaria\n|-resisted|p2a: Altaria\n|-damage|p2a: Altaria|0 fnt\n|faint|p2a: Altaria\n|\n|win|p0x729a7ab", "uploadtime": 1783548308, "views": 0, "rating": 0, "private": 0, "password": null, "_winner": "p0x729a7ab", "_our_name": "p0y7299718"}