{"id": "battle-gen9randombattle-153", "formatid": "gen9randombattle", "format": "[Gen 9] Random Battle", "players": ["p0x153eba3", "p0y153201a"], "log": "|init|battle\n|title|p0x153eba3 vs. p0y153201a\n|j|\u2606p0x153eba3\n|j|\u2606p0y153201a\n|t:|1783535022\n|gametype|singles\n|player|p1|p0x153eba3|169|\n|player|p2|p0y153201a|170|\n|gen|9\n|tier|[Gen 9] Random Battle\n|rule|Species Clause: Limit one of each Pok\u00e9mon\n|rule|HP Percentage Mod: HP is shown in percentages\n|rule|Sleep Clause Mod: Limit one foe put to sleep\n|rule|Illusion Level Mod: Illusion disguises the Pok\u00e9mon's true level\n|\n|t:|1783535022\n|teamsize|p1|6\n|teamsize|p2|6\n|start\n|switch|p1a: Registeel|Registeel, L81|262/262\n|switch|p2a: Malamar|Malamar, L82, M|100/100\n|turn|1\n|inactive|Battle timer is ON: inactive players will automatically lose when time's up. (requested by p0y153201a)\n|inactive|Time left: 300 sec this turn | 300 sec total | 60 sec grace\n|inactive|p0x153eba3 also wants the timer to be on.\n|\n|t:|1783535023\n|move|p2a: Malamar|Superpower|p1a: Registeel\n|-supereffective|p1a: Registeel\n|-damage|p1a: Registeel|160/262\n|-boost|p2a: Malamar|atk|1\n|-boost|p2a: Malamar|def|1\n|move|p1a: Registeel|Iron Defense|p1a: Registeel\n|-boost|p1a: Registeel|def|2\n|\n|upkeep\n|turn|2\n|inactive|Time left: 300 sec this turn | 300 sec total\n|\n|t:|1783535025\n|move|p2a: Malamar|Superpower|p1a: Registeel\n|-supereffective|p1a: Registeel\n|-damage|p1a: Registeel|82/262\n|-boost|p2a: Malamar|atk|1\n|-boost|p2a: Malamar|def|1\n|move|p1a: Registeel|Rest|p1a: Registeel\n|-status|p1a: Registeel|slp|[from] move: Rest\n|-heal|p1a: Registeel|262/262 slp|[silent]\n|-enditem|p1a: Registeel|Chesto Berry|[eat]\n|-curestatus|p1a: Registeel|slp|[msg]\n|\n|upkeep\n|turn|3\n|inactive|Time left: 300 sec this turn | 300 sec total\n|\n|t:|1783535025\n|move|p2a: Malamar|Superpower|p1a: Registeel\n|-supereffective|p1a: Registeel\n|-damage|p1a: Registeel|158/262\n|-boost|p2a: Malamar|atk|1\n|-boost|p2a: Malamar|def|1\n|move|p1a: Registeel|Iron Defense|p1a: Registeel\n|-boost|p1a: Registeel|def|2\n|\n|upkeep\n|turn|4\n|inactive|Time left: 300 sec this turn | 300 sec total\n|\n|t:|1783535026\n|move|p2a: Malamar|Superpower|p1a: Registeel\n|-supereffective|p1a: Registeel\n|-damage|p1a: Registeel|74/262\n|-boost|p2a: Malamar|atk|1\n|-boost|p2a: Malamar|def|1\n|move|p1a: Registeel|Rest|p1a: Registeel\n|-status|p1a: Registeel|slp|[from] move: Rest\n|-heal|p1a: Registeel|262/262 slp|[silent]\n|\n|upkeep\n|turn|5\n|inactive|Time left: 300 sec this turn | 300 sec total\n|\n|t:|1783535027\n|move|p2a: Malamar|Superpower|p1a: Registeel\n|-supereffective|p1a: Registeel\n|-damage|p1a: Registeel|160/262 slp\n|-boost|p2a: Malamar|atk|1\n|-boost|p2a: Malamar|def|1\n|cant|p1a: Registeel|slp\n|\n|upkeep\n|turn|6\n|inactive|Time left: 300 sec this turn | 300 sec total\n|\n|t:|1783535028\n|-terastallize|p1a: Registeel|Fighting\n|move|p2a: Malamar|Superpower|p1a: Registeel\n|-damage|p1a: Registeel|94/262 slp\n|-boost|p2a: Malamar|atk|1\n|-boost|p2a: Malamar|def|1\n|cant|p1a: Registeel|slp\n|\n|upkeep\n|turn|7\n|inactive|Time left: 300 sec this turn | 300 sec total\n|\n|t:|1783535029\n|move|p2a: Malamar|Psycho Cut|p1a: Registeel\n|-supereffective|p1a: Registeel\n|-damage|p1a: Registeel|0 fnt\n|faint|p1a: Registeel\n|\n|upkeep\n|inactive|Time left: 300 sec this turn | 300 sec total | 5 sec grace\n|\n|t:|1783535030\n|switch|p1a: Lanturn|Lanturn, L89, M|367/367\n|turn|8\n|inactive|Time left: 300 sec this turn | 300 sec total\n|\n|t:|1783535032\n|move|p1a: Lanturn|Scald|p2a: Malamar\n|-damage|p2a: Malamar|64/100\n|move|p2a: Malamar|Knock Off|p1a: Lanturn\n|-damage|p1a: Lanturn|0 fnt\n|-enditem|p1a: Lanturn|Leftovers|[from] move: Knock Off|[of] p2a: Malamar\n|faint|p1a: Lanturn\n|\n|upkeep\n|inactive|Time left: 300 sec this turn | 300 sec total | 5 sec grace\n|\n|t:|1783535033\n|switch|p1a: Iron Bundle|Iron Bundle, L78|215/215\n|turn|9\n|inactive|Time left: 300 sec this turn | 300 sec total\n|\n|t:|1783535034\n|move|p1a: Iron Bundle|Hydro Pump|p2a: Malamar\n|-damage|p2a: Malamar|0 fnt\n|faint|p2a: Malamar\n|\n|upkeep\n|\n|t:|1783535035\n|switch|p2a: Primarina|Primarina, L83, M|100/100\n|turn|10\n|inactive|Time left: 300 sec this turn | 300 sec total\n|\n|t:|1783535036\n|-end|p1a: Iron Bundle|Quark Drive|[silent]\n|switch|p1a: Tsareena|Tsareena, L87, F|267/267\n|move|p2a: Primarina|Calm Mind|p2a: Primarina\n|-boost|p2a: Primarina|spa|1\n|-boost|p2a: Primarina|spd|1\n|\n|upkeep\n|turn|11\n|inactive|Time left: 300 sec this turn | 300 sec total\n|\n|t:|1783535037\n|-terastallize|p2a: Primarina|Poison\n|move|p1a: Tsareena|Power Whip|p2a: Primarina\n|-resisted|p2a: Primarina\n|-damage|p2a: Primarina|60/100\n|-damage|p1a: Tsareena|241/267|[from] item: Life Orb\n|move|p2a: Primarina|Calm Mind|p2a: Primarina\n|-boost|p2a: Primarina|spa|1\n|-boost|p2a: Primarina|spd|1\n|\n|-heal|p2a: Primarina|66/100|[from] item: Leftovers\n|upkeep\n|turn|12\n|inactive|Time left: 300 sec this turn | 300 sec total\n|\n|t:|1783535038\n|move|p1a: Tsareena|Knock Off|p2a: Primarina\n|-damage|p2a: Primarina|20/100\n|-enditem|p2a: Primarina|Leftovers|[from] move: Knock Off|[of] p1a: Tsareena\n|-damage|p1a: Tsareena|215/267|[from] item: Life Orb\n|move|p2a: Primarina|Draining Kiss|p1a: Tsareena\n|-damage|p1a: Tsareena|101/267\n|-heal|p2a: Primarina|52/100|[from] drain|[of] p1a: Tsareena\n|\n|upkeep\n|turn|13\n|inactive|Time left: 300 sec this turn | 300 sec total\n|\n|t:|1783535039\n|move|p1a: Tsareena|Knock Off|p2a: Primarina\n|-damage|p2a: Primarina|18/100\n|-damage|p1a: Tsareena|75/267|[from] item: Life Orb\n|move|p2a: Primarina|Draining Kiss|p1a: Tsareena\n|-damage|p1a: Tsareena|0 fnt\n|-heal|p2a: Primarina|39/100|[from] drain|[of] p1a: Tsareena\n|faint|p1a: Tsareena\n|\n|upkeep\n|inactive|Time left: 300 sec this turn | 300 sec total | 5 sec grace\n|\n|t:|1783535040\n|switch|p1a: Cacturne|Cacturne, L92, M|278/278\n|turn|14\n|inactive|Time left: 300 sec this turn | 300 sec total\n|\n|t:|1783535041\n|switch|p2a: Scrafty|Scrafty, L83, F|100/100\n|move|p1a: Cacturne|Knock Off|p2a: Scrafty\n|-resisted|p2a: Scrafty\n|-damage|p2a: Scrafty|85/100\n|-enditem|p2a: Scrafty|Leftovers|[from] move: Knock Off|[of] p1a: Cacturne\n|-damage|p1a: Cacturne|251/278|[from] item: Life Orb\n|\n|upkeep\n|turn|15\n|inactive|Time left: 300 sec this turn | 300 sec total\n|\n|t:|1783535043\n|move|p1a: Cacturne|Swords Dance|p1a: Cacturne\n|-boost|p1a: Cacturne|atk|2\n|move|p2a: Scrafty|Bulk Up|p2a: Scrafty\n|-boost|p2a: Scrafty|atk|1\n|-boost|p2a: Scrafty|def|1\n|\n|upkeep\n|turn|16\n|inactive|Time left: 300 sec this turn | 300 sec total\n|\n|t:|1783535043\n|move|p1a: Cacturne|Seed Bomb|p2a: Scrafty\n|-damage|p2a: Scrafty|22/100\n|-damage|p1a: Cacturne|224/278|[from] item: Life Orb\n|move|p2a: Scrafty|Drain Punch|p1a: Cacturne\n|-supereffective|p1a: Cacturne\n|-damage|p1a: Cacturne|0 fnt\n|-heal|p2a: Scrafty|68/100|[from] drain|[of] p1a: Cacturne\n|faint|p1a: Cacturne\n|\n|upkeep\n|inactive|Time left: 300 sec this turn | 300 sec total | 5 sec grace\n|\n|t:|1783535044\n|switch|p1a: Iron Bundle|Iron Bundle, L78|215/215\n|turn|17\n|inactive|Time left: 300 sec this turn | 300 sec total\n|\n|t:|1783535045\n|move|p1a: Iron Bundle|Ice Beam|p2a: Scrafty\n|-damage|p2a: Scrafty|14/100\n|move|p2a: Scrafty|Drain Punch|p1a: Iron Bundle\n|-supereffective|p1a: Iron Bundle\n|-damage|p1a: Iron Bundle|9/215\n|-heal|p2a: Scrafty|56/100|[from] drain|[of] p1a: Iron Bundle\n|\n|upkeep\n|turn|18\n|inactive|Time left: 300 sec this turn | 300 sec total\n|\n|t:|1783535046\n|move|p1a: Iron Bundle|Ice Beam|p2a: Scrafty\n|-damage|p2a: Scrafty|5/100\n|-status|p2a: Scrafty|frz\n|cant|p2a: Scrafty|frz\n|\n|upkeep\n|turn|19\n|inactive|Time left: 300 sec this turn | 300 sec total\n|\n|t:|1783535047\n|move|p1a: Iron Bundle|Ice Beam|p2a: Scrafty\n|-damage|p2a: Scrafty|0 fnt\n|faint|p2a: Scrafty\n|\n|upkeep\n|\n|t:|1783535048\n|switch|p2a: Uxie|Uxie, L83|100/100\n|turn|20\n|inactive|Time left: 300 sec this turn | 300 sec total\n|\n|t:|1783535049\n|move|p1a: Iron Bundle|Ice Beam|p2a: Uxie\n|-damage|p2a: Uxie|59/100\n|move|p2a: Uxie|Knock Off|p1a: Iron Bundle\n|-damage|p1a: Iron Bundle|0 fnt\n|-enditem|p1a: Iron Bundle|Choice Specs|[from] move: Knock Off|[of] p2a: Uxie\n|faint|p1a: Iron Bundle\n|-end|p1a: Iron Bundle|Quark Drive|[silent]\n|\n|-heal|p2a: Uxie|65/100|[from] item: Leftovers\n|upkeep\n|inactive|Time left: 300 sec this turn | 300 sec total | 5 sec grace\n|\n|t:|1783535050\n|switch|p1a: Iron Boulder|Iron Boulder, L77|265/265\n|turn|21\n|inactive|Time left: 300 sec this turn | 300 sec total\n|\n|t:|1783535051\n|move|p1a: Iron Boulder|Swords Dance|p1a: Iron Boulder\n|-boost|p1a: Iron Boulder|atk|2\n|move|p2a: Uxie|Knock Off|p1a: Iron Boulder\n|-supereffective|p1a: Iron Boulder\n|-damage|p1a: Iron Boulder|133/265\n|-enditem|p1a: Iron Boulder|Life Orb|[from] move: Knock Off|[of] p2a: Uxie\n|\n|-heal|p2a: Uxie|71/100|[from] item: Leftovers\n|upkeep\n|turn|22\n|inactive|Time left: 300 sec this turn | 300 sec total\n|\n|t:|1783535052\n|move|p1a: Iron Boulder|Swords Dance|p1a: Iron Boulder\n|-boost|p1a: Iron Boulder|atk|2\n|move|p2a: Uxie|Thunder Wave|p1a: Iron Boulder\n|-status|p1a: Iron Boulder|par\n|\n|-heal|p2a: Uxie|77/100|[from] item: Leftovers\n|upkeep\n|turn|23\n|inactive|Time left: 300 sec this turn | 300 sec total\n|\n|t:|1783535053\n|move|p2a: Uxie|Knock Off|p1a: Iron Boulder\n|-supereffective|p1a: Iron Boulder\n|-damage|p1a: Iron Boulder|41/265 par\n|move|p1a: Iron Boulder|Mighty Cleave|p2a: Uxie\n|-damage|p2a: Uxie|0 fnt\n|faint|p2a: Uxie\n|\n|upkeep\n|\n|t:|1783535054\n|switch|p2a: Primarina|Primarina, L83, M, tera:Poison|39/100\n|turn|24\n|inactive|Time left: 300 sec this turn | 300 sec total\n|\n|t:|1783535055\n|move|p2a: Primarina|Draining Kiss|p1a: Iron Boulder\n|-damage|p1a: Iron Boulder|0 fnt\n|-heal|p2a: Primarina|50/100|[from] drain|[of] p1a: Iron Boulder\n|faint|p1a: Iron Boulder\n|-end|p1a: Iron Boulder|Quark Drive|[silent]\n|\n|win|p0y153201a", "uploadtime": 1783535055, "views": 0, "rating": 0, "private": 0, "password": null, "_winner": "p0y153201a", "_our_name": "p0x153eba3"}