{"id": "battle-gen9randombattle-815", "formatid": "gen9randombattle", "format": "[Gen 9] Random Battle", "players": ["p0x8158bce", "p0y815b3ec"], "log": "|init|battle\n|title|p0x8158bce vs. p0y815b3ec\n|j|\u2606p0x8158bce\n|j|\u2606p0y815b3ec\n|t:|1783548602\n|gametype|singles\n|player|p1|p0x8158bce|265|\n|player|p2|p0y815b3ec|265|\n|gen|9\n|tier|[Gen 9] Random Battle\n|rule|Species Clause: Limit one of each Pok\u00e9mon\n|rule|HP Percentage Mod: HP is shown in percentages\n|rule|Sleep Clause Mod: Limit one foe put to sleep\n|rule|Illusion Level Mod: Illusion disguises the Pok\u00e9mon's true level\n|\n|t:|1783548602\n|teamsize|p1|6\n|teamsize|p2|6\n|start\n|switch|p1a: Entei|Entei, L78|307/307\n|switch|p2a: Hypno|Hypno, L95, F|100/100\n|turn|1\n|inactive|Battle timer is ON: inactive players will automatically lose when time's up. (requested by p0y815b3ec)\n|inactive|Time left: 300 sec this turn | 300 sec total | 60 sec grace\n|inactive|p0x8158bce also wants the timer to be on.\n|\n|t:|1783548604\n|move|p1a: Entei|Sacred Fire|p2a: Hypno\n|-damage|p2a: Hypno|45/100\n|-status|p2a: Hypno|brn\n|move|p2a: Hypno|Psychic Noise|p1a: Entei\n|-damage|p1a: Entei|214/307\n|-start|p1a: Entei|move: Heal Block\n|\n|-heal|p2a: Hypno|51/100 brn|[from] item: Leftovers\n|-damage|p2a: Hypno|45/100 brn|[from] brn\n|upkeep\n|turn|2\n|inactive|Time left: 300 sec this turn | 300 sec total\n|\n|t:|1783548605\n|switch|p2a: Entei|Entei, L78|100/100\n|move|p1a: Entei|Sacred Fire|p2a: Entei\n|-resisted|p2a: Entei\n|-damage|p2a: Entei|74/100\n|\n|-end|p1a: Entei|move: Heal Block\n|upkeep\n|turn|3\n|inactive|Time left: 300 sec this turn | 300 sec total\n|\n|t:|1783548606\n|move|p1a: Entei|Sacred Fire|p2a: Entei\n|-resisted|p2a: Entei\n|-damage|p2a: Entei|47/100\n|move|p2a: Entei|Sacred Fire|p1a: Entei\n|-resisted|p1a: Entei\n|-damage|p1a: Entei|125/307\n|\n|upkeep\n|turn|4\n|inactive|Time left: 300 sec this turn | 300 sec total\n|\n|t:|1783548607\n|move|p2a: Entei|Sacred Fire|p1a: Entei\n|-resisted|p1a: Entei\n|-damage|p1a: Entei|45/307\n|move|p1a: Entei|Sacred Fire|p2a: Entei\n|-resisted|p2a: Entei\n|-damage|p2a: Entei|20/100\n|\n|upkeep\n|turn|5\n|inactive|Time left: 300 sec this turn | 300 sec total\n|\n|t:|1783548608\n|move|p1a: Entei|Sacred Fire|p2a: Entei\n|-resisted|p2a: Entei\n|-damage|p2a: Entei|0 fnt\n|faint|p2a: Entei\n|\n|upkeep\n|\n|t:|1783548609\n|switch|p2a: Palossand|Palossand, L89, M|100/100\n|turn|6\n|inactive|Time left: 300 sec this turn | 300 sec total\n|\n|t:|1783548610\n|move|p1a: Entei|Sacred Fire|p2a: Palossand\n|-damage|p2a: Palossand|58/100\n|move|p2a: Palossand|Sludge Bomb|p1a: Entei\n|-damage|p1a: Entei|0 fnt\n|faint|p1a: Entei\n|\n|-heal|p2a: Palossand|64/100|[from] item: Leftovers\n|upkeep\n|inactive|Time left: 300 sec this turn | 300 sec total | 5 sec grace\n|\n|t:|1783548611\n|switch|p1a: Shaymin|Shaymin-Sky, L73|266/266\n|turn|7\n|inactive|Time left: 300 sec this turn | 300 sec total\n|\n|t:|1783548612\n|switch|p2a: Sunflora|Sunflora, M|100/100\n|move|p1a: Shaymin|Seed Flare|p2a: Sunflora\n|-resisted|p2a: Sunflora\n|-damage|p2a: Sunflora|84/100\n|\n|upkeep\n|turn|8\n|inactive|Time left: 300 sec this turn | 300 sec total\n|\n|t:|1783548613\n|move|p1a: Shaymin|Air Slash|p2a: Sunflora\n|-supereffective|p2a: Sunflora\n|-damage|p2a: Sunflora|42/100\n|move|p2a: Sunflora|Sunny Day|p2a: Sunflora\n|-weather|SunnyDay\n|\n|-weather|SunnyDay|[upkeep]\n|upkeep\n|turn|9\n|inactive|Time left: 300 sec this turn | 300 sec total\n|\n|t:|1783548614\n|switch|p1a: Slowking|Slowking-Galar, L85, M|300/300\n|move|p2a: Sunflora|Weather Ball|p1a: Slowking\n|-damage|p1a: Slowking|184/300\n|-damage|p2a: Sunflora|32/100|[from] item: Life Orb\n|\n|-weather|SunnyDay|[upkeep]\n|upkeep\n|turn|10\n|inactive|Time left: 300 sec this turn | 300 sec total\n|\n|t:|1783548616\n|move|p2a: Sunflora|Earth Power|p1a: Slowking\n|-supereffective|p1a: Slowking\n|-damage|p1a: Slowking|49/300\n|-damage|p2a: Sunflora|22/100|[from] item: Life Orb\n|move|p1a: Slowking|Psychic Noise|p2a: Sunflora\n|-damage|p2a: Sunflora|0 fnt\n|faint|p2a: Sunflora\n|\n|-weather|SunnyDay|[upkeep]\n|upkeep\n|\n|t:|1783548617\n|switch|p2a: Rampardos|Rampardos, L90, F|100/100\n|turn|11\n|inactive|Time left: 300 sec this turn | 300 sec total\n|\n|t:|1783548617\n|move|p2a: Rampardos|Fire Punch|p1a: Slowking\n|-damage|p1a: Slowking|0 fnt\n|faint|p1a: Slowking\n|\n|-weather|SunnyDay|[upkeep]\n|upkeep\n|inactive|Time left: 300 sec this turn | 300 sec total | 5 sec grace\n|\n|t:|1783548618\n|switch|p1a: Amoonguss|Amoonguss, L82, F|321/321\n|turn|12\n|inactive|Time left: 300 sec this turn | 300 sec total\n|\n|t:|1783548619\n|-terastallize|p1a: Amoonguss|Water\n|move|p2a: Rampardos|Fire Punch|p1a: Amoonguss\n|-resisted|p1a: Amoonguss\n|-damage|p1a: Amoonguss|186/321\n|-damage|p2a: Rampardos|84/100|[from] item: Rocky Helmet|[of] p1a: Amoonguss\n|move|p1a: Amoonguss|Giga Drain|p2a: Rampardos\n|-supereffective|p2a: Rampardos\n|-crit|p2a: Rampardos\n|-damage|p2a: Rampardos|0 fnt\n|-heal|p1a: Amoonguss|320/321|[from] drain|[of] p2a: Rampardos\n|faint|p2a: Rampardos\n|\n|-weather|none\n|upkeep\n|\n|t:|1783548620\n|switch|p2a: Hypno|Hypno, L95, F|45/100 brn\n|turn|13\n|inactive|Time left: 300 sec this turn | 300 sec total\n|\n|t:|1783548621\n|move|p2a: Hypno|Toxic|p1a: Amoonguss\n|-status|p1a: Amoonguss|tox\n|move|p1a: Amoonguss|Giga Drain|p2a: Hypno\n|-damage|p2a: Hypno|30/100 brn\n|-heal|p1a: Amoonguss|321/321 tox|[from] drain|[of] p2a: Hypno\n|\n|-heal|p2a: Hypno|36/100 brn|[from] item: Leftovers\n|-damage|p1a: Amoonguss|301/321 tox|[from] psn\n|-damage|p2a: Hypno|30/100 brn|[from] brn\n|upkeep\n|turn|14\n|inactive|Time left: 300 sec this turn | 300 sec total\n|\n|t:|1783548622\n|switch|p1a: Shaymin|Shaymin-Sky, L73|266/266\n|move|p2a: Hypno|Psychic Noise|p1a: Shaymin\n|-damage|p1a: Shaymin|166/266\n|-start|p1a: Shaymin|move: Heal Block\n|\n|-heal|p2a: Hypno|36/100 brn|[from] item: Leftovers\n|-damage|p2a: Hypno|30/100 brn|[from] brn\n|upkeep\n|turn|15\n|inactive|Time left: 300 sec this turn | 300 sec total\n|\n|t:|1783548622\n|move|p1a: Shaymin|Seed Flare|p2a: Hypno\n|-damage|p2a: Hypno|1/100 brn\n|-unboost|p2a: Hypno|spd|2\n|move|p2a: Hypno|Psychic Noise|p1a: Shaymin\n|-damage|p1a: Shaymin|55/266\n|\n|-heal|p2a: Hypno|7/100 brn|[from] item: Leftovers\n|-damage|p2a: Hypno|1/100 brn|[from] brn\n|-end|p1a: Shaymin|move: Heal Block\n|upkeep\n|turn|16\n|inactive|Time left: 300 sec this turn | 300 sec total\n|\n|t:|1783548623\n|move|p1a: Shaymin|Seed Flare|p2a: Hypno\n|-damage|p2a: Hypno|0 fnt\n|faint|p2a: Hypno\n|\n|-heal|p1a: Shaymin|71/266|[from] item: Leftovers\n|upkeep\n|\n|t:|1783548624\n|switch|p2a: Zamazenta|Zamazenta-Crowned, L68|100/100\n|-ability|p2a: Zamazenta|Dauntless Shield|boost\n|-boost|p2a: Zamazenta|def|1\n|turn|17\n|inactive|Time left: 300 sec this turn | 300 sec total\n|\n|t:|1783548624\n|move|p1a: Shaymin|Air Slash|p2a: Zamazenta\n|-damage|p2a: Zamazenta|75/100\n|cant|p2a: Zamazenta|flinch\n|\n|-heal|p1a: Shaymin|87/266|[from] item: Leftovers\n|upkeep\n|turn|18\n|inactive|Time left: 300 sec this turn | 300 sec total\n|\n|t:|1783548625\n|move|p1a: Shaymin|Air Slash|p2a: Zamazenta\n|-damage|p2a: Zamazenta|50/100\n|cant|p2a: Zamazenta|flinch\n|\n|-heal|p1a: Shaymin|103/266|[from] item: Leftovers\n|upkeep\n|turn|19\n|inactive|Time left: 300 sec this turn | 300 sec total\n|\n|t:|1783548626\n|move|p1a: Shaymin|Air Slash|p2a: Zamazenta\n|-damage|p2a: Zamazenta|24/100\n|move|p2a: Zamazenta|Heavy Slam|p1a: Shaymin\n|-damage|p1a: Shaymin|0 fnt\n|faint|p1a: Shaymin\n|\n|upkeep\n|inactive|Time left: 300 sec this turn | 300 sec total | 5 sec grace\n|\n|t:|1783548626\n|switch|p1a: Eelektross|Eelektross, L87, F|290/290\n|turn|20\n|inactive|Time left: 300 sec this turn | 300 sec total\n|\n|t:|1783548627\n|switch|p2a: Palossand|Palossand, L89, M|64/100\n|move|p1a: Eelektross|Coil|p1a: Eelektross\n|-boost|p1a: Eelektross|atk|1\n|-boost|p1a: Eelektross|def|1\n|-boost|p1a: Eelektross|accuracy|1\n|\n|-heal|p2a: Palossand|70/100|[from] item: Leftovers\n|upkeep\n|turn|21\n|inactive|Time left: 300 sec this turn | 300 sec total\n|\n|t:|1783548628\n|move|p1a: Eelektross|Coil|p1a: Eelektross\n|-boost|p1a: Eelektross|atk|1\n|-boost|p1a: Eelektross|def|1\n|-boost|p1a: Eelektross|accuracy|1\n|move|p2a: Palossand|Shadow Ball|p1a: Eelektross\n|-crit|p1a: Eelektross\n|-damage|p1a: Eelektross|136/290\n|\n|-heal|p1a: Eelektross|154/290|[from] item: Leftovers\n|-heal|p2a: Palossand|76/100|[from] item: Leftovers\n|upkeep\n|turn|22\n|inactive|Time left: 300 sec this turn | 300 sec total\n|\n|t:|1783548629\n|move|p1a: Eelektross|Fire Punch|p2a: Palossand\n|-damage|p2a: Palossand|41/100\n|move|p2a: Palossand|Shadow Ball|p1a: Eelektross\n|-damage|p1a: Eelektross|52/290\n|-unboost|p1a: Eelektross|spd|1\n|\n|-heal|p1a: Eelektross|70/290|[from] item: Leftovers\n|-heal|p2a: Palossand|47/100|[from] item: Leftovers\n|upkeep\n|turn|23\n|inactive|Time left: 300 sec this turn | 300 sec total\n|\n|t:|1783548630\n|move|p1a: Eelektross|Fire Punch|p2a: Palossand\n|-damage|p2a: Palossand|11/100\n|move|p2a: Palossand|Shore Up|p2a: Palossand\n|-heal|p2a: Palossand|61/100\n|\n|-heal|p1a: Eelektross|88/290|[from] item: Leftovers\n|-heal|p2a: Palossand|67/100|[from] item: Leftovers\n|upkeep\n|turn|24\n|inactive|Time left: 300 sec this turn | 300 sec total\n|\n|t:|1783548631\n|move|p1a: Eelektross|Fire Punch|p2a: Palossand\n|-damage|p2a: Palossand|31/100\n|move|p2a: Palossand|Shadow Ball|p1a: Eelektross\n|-crit|p1a: Eelektross\n|-damage|p1a: Eelektross|0 fnt\n|faint|p1a: Eelektross\n|\n|-heal|p2a: Palossand|37/100|[from] item: Leftovers\n|upkeep\n|inactive|Time left: 300 sec this turn | 300 sec total | 5 sec grace\n|\n|t:|1783548632\n|switch|p1a: Glalie|Glalie, L96, M|309/309\n|turn|25\n|inactive|Time left: 300 sec this turn | 300 sec total\n|\n|t:|1783548633\n|switch|p2a: Zamazenta|Zamazenta-Crowned, L68|24/100\n|move|p1a: Glalie|Freeze-Dry|p2a: Zamazenta\n|-resisted|p2a: Zamazenta\n|-damage|p2a: Zamazenta|9/100\n|\n|upkeep\n|turn|26\n|inactive|Time left: 300 sec this turn | 300 sec total\n|\n|t:|1783548634\n|-terastallize|p2a: Zamazenta|Fighting\n|move|p2a: Zamazenta|Stone Edge|p1a: Glalie|[miss]\n|-miss|p2a: Zamazenta|p1a: Glalie\n|move|p1a: Glalie|Freeze-Dry|p2a: Zamazenta\n|-damage|p2a: Zamazenta|0 fnt\n|faint|p2a: Zamazenta\n|\n|upkeep\n|\n|t:|1783548635\n|switch|p2a: Palossand|Palossand, L89, M|37/100\n|turn|27\n|inactive|Time left: 300 sec this turn | 300 sec total\n|\n|t:|1783548636\n|move|p1a: Glalie|Freeze-Dry|p2a: Palossand\n|-supereffective|p2a: Palossand\n|-damage|p2a: Palossand|0 fnt\n|faint|p2a: Palossand\n|\n|win|p0x8158bce", "uploadtime": 1783548636, "views": 0, "rating": 0, "private": 0, "password": null, "_winner": "p0x8158bce", "_our_name": "p0x8158bce"}