{"id": "battle-gen9randombattle-2687", "formatid": "gen9randombattle", "format": "[Gen 9] Random Battle", "players": ["p0x2687f94a", "p0y26872640"], "log": "|init|battle\n|title|p0x2687f94a vs. p0y26872640\n|j|\u2606p0x2687f94a\n|j|\u2606p0y26872640\n|t:|1783571000\n|gametype|singles\n|player|p1|p0x2687f94a|102|\n|player|p2|p0y26872640|265|\n|gen|9\n|tier|[Gen 9] Random Battle\n|rule|Species Clause: Limit one of each Pok\u00e9mon\n|rule|HP Percentage Mod: HP is shown in percentages\n|rule|Sleep Clause Mod: Limit one foe put to sleep\n|rule|Illusion Level Mod: Illusion disguises the Pok\u00e9mon's true level\n|\n|t:|1783571000\n|teamsize|p1|6\n|teamsize|p2|6\n|start\n|switch|p1a: Comfey|Comfey, L85, F|225/225\n|switch|p2a: Lunala|Lunala, L70|100/100\n|turn|1\n|inactive|Battle timer is ON: inactive players will automatically lose when time's up. (requested by p0x2687f94a)\n|inactive|p0y26872640 also wants the timer to be on.\n|\n|t:|1783571001\n|move|p1a: Comfey|Calm Mind|p1a: Comfey\n|-boost|p1a: Comfey|spa|1\n|-boost|p1a: Comfey|spd|1\n|move|p2a: Lunala|Calm Mind|p2a: Lunala\n|-boost|p2a: Lunala|spa|1\n|-boost|p2a: Lunala|spd|1\n|\n|upkeep\n|turn|2\n|inactive|Time left: 300 sec this turn | 300 sec total\n|\n|t:|1783571002\n|move|p1a: Comfey|Calm Mind|p1a: Comfey\n|-boost|p1a: Comfey|spa|1\n|-boost|p1a: Comfey|spd|1\n|move|p2a: Lunala|Calm Mind|p2a: Lunala\n|-boost|p2a: Lunala|spa|1\n|-boost|p2a: Lunala|spd|1\n|\n|upkeep\n|turn|3\n|inactive|Time left: 300 sec this turn | 300 sec total\n|\n|t:|1783571003\n|move|p1a: Comfey|Calm Mind|p1a: Comfey\n|-boost|p1a: Comfey|spa|1\n|-boost|p1a: Comfey|spd|1\n|move|p2a: Lunala|Moongeist Beam|p1a: Comfey\n|-damage|p1a: Comfey|164/225\n|\n|-heal|p1a: Comfey|178/225|[from] item: Leftovers\n|upkeep\n|turn|4\n|inactive|Time left: 300 sec this turn | 300 sec total\n|\n|t:|1783571004\n|move|p1a: Comfey|Calm Mind|p1a: Comfey\n|-boost|p1a: Comfey|spa|1\n|-boost|p1a: Comfey|spd|1\n|move|p2a: Lunala|Calm Mind|p2a: Lunala\n|-boost|p2a: Lunala|spa|1\n|-boost|p2a: Lunala|spd|1\n|\n|-heal|p1a: Comfey|192/225|[from] item: Leftovers\n|upkeep\n|turn|5\n|inactive|Time left: 300 sec this turn | 300 sec total\n|\n|t:|1783571005\n|-terastallize|p1a: Comfey|Steel\n|move|p1a: Comfey|Giga Drain|p2a: Lunala\n|-damage|p2a: Lunala|90/100\n|-heal|p1a: Comfey|208/225|[from] drain|[of] p2a: Lunala\n|move|p2a: Lunala|Moongeist Beam|p1a: Comfey\n|-damage|p1a: Comfey|136/225\n|\n|-heal|p1a: Comfey|150/225|[from] item: Leftovers\n|-heal|p2a: Lunala|96/100|[from] item: Leftovers\n|upkeep\n|turn|6\n|inactive|Time left: 300 sec this turn | 300 sec total\n|\n|t:|1783571006\n|move|p1a: Comfey|Draining Kiss|p2a: Lunala\n|-damage|p2a: Lunala|75/100\n|-heal|p1a: Comfey|200/225|[from] drain|[of] p2a: Lunala\n|move|p2a: Lunala|Focus Blast|p1a: Comfey|[miss]\n|-miss|p2a: Lunala|p1a: Comfey\n|\n|-heal|p1a: Comfey|214/225|[from] item: Leftovers\n|-heal|p2a: Lunala|81/100|[from] item: Leftovers\n|upkeep\n|turn|7\n|inactive|Time left: 300 sec this turn | 300 sec total\n|\n|t:|1783571007\n|move|p1a: Comfey|Stored Power|p2a: Lunala\n|-resisted|p2a: Lunala\n|-damage|p2a: Lunala|59/100\n|move|p2a: Lunala|Moonlight|p2a: Lunala\n|-heal|p2a: Lunala|100/100\n|\n|-heal|p1a: Comfey|225/225|[from] item: Leftovers\n|upkeep\n|turn|8\n|inactive|Time left: 300 sec this turn | 300 sec total\n|\n|t:|1783571008\n|move|p1a: Comfey|Stored Power|p2a: Lunala\n|-resisted|p2a: Lunala\n|-damage|p2a: Lunala|88/100\n|move|p2a: Lunala|Focus Blast|p1a: Comfey|[miss]\n|-miss|p2a: Lunala|p1a: Comfey\n|\n|-heal|p2a: Lunala|95/100|[from] item: Leftovers\n|upkeep\n|turn|9\n|inactive|Time left: 300 sec this turn | 300 sec total\n|\n|t:|1783571009\n|move|p1a: Comfey|Stored Power|p2a: Lunala\n|-resisted|p2a: Lunala\n|-damage|p2a: Lunala|70/100\n|move|p2a: Lunala|Moongeist Beam|p1a: Comfey\n|-damage|p1a: Comfey|149/225\n|\n|-heal|p1a: Comfey|163/225|[from] item: Leftovers\n|-heal|p2a: Lunala|76/100|[from] item: Leftovers\n|upkeep\n|turn|10\n|inactive|Time left: 300 sec this turn | 300 sec total\n|\n|t:|1783571010\n|move|p1a: Comfey|Stored Power|p2a: Lunala\n|-resisted|p2a: Lunala\n|-damage|p2a: Lunala|53/100\n|move|p2a: Lunala|Moonlight|p2a: Lunala\n|-heal|p2a: Lunala|100/100\n|\n|-heal|p1a: Comfey|177/225|[from] item: Leftovers\n|upkeep\n|turn|11\n|inactive|Time left: 300 sec this turn | 300 sec total\n|\n|t:|1783571011\n|move|p1a: Comfey|Draining Kiss|p2a: Lunala\n|-damage|p2a: Lunala|91/100\n|-heal|p1a: Comfey|199/225|[from] drain|[of] p2a: Lunala\n|move|p2a: Lunala|Focus Blast|p1a: Comfey\n|-supereffective|p1a: Comfey\n|-damage|p1a: Comfey|85/225\n|\n|-heal|p1a: Comfey|99/225|[from] item: Leftovers\n|-heal|p2a: Lunala|97/100|[from] item: Leftovers\n|upkeep\n|turn|12\n|inactive|Time left: 300 sec this turn | 300 sec total\n|\n|t:|1783571012\n|move|p1a: Comfey|Draining Kiss|p2a: Lunala\n|-damage|p2a: Lunala|77/100\n|-heal|p1a: Comfey|145/225|[from] drain|[of] p2a: Lunala\n|move|p2a: Lunala|Focus Blast|p1a: Comfey\n|-supereffective|p1a: Comfey\n|-damage|p1a: Comfey|41/225\n|\n|-heal|p1a: Comfey|55/225|[from] item: Leftovers\n|-heal|p2a: Lunala|84/100|[from] item: Leftovers\n|upkeep\n|turn|13\n|inactive|Time left: 300 sec this turn | 300 sec total\n|\n|t:|1783571013\n|move|p1a: Comfey|Draining Kiss|p2a: Lunala\n|-damage|p2a: Lunala|64/100\n|-heal|p1a: Comfey|101/225|[from] drain|[of] p2a: Lunala\n|move|p2a: Lunala|Focus Blast|p1a: Comfey|[miss]\n|-miss|p2a: Lunala|p1a: Comfey\n|\n|-heal|p1a: Comfey|115/225|[from] item: Leftovers\n|-heal|p2a: Lunala|70/100|[from] item: Leftovers\n|upkeep\n|turn|14\n|inactive|Time left: 300 sec this turn | 300 sec total\n|\n|t:|1783571014\n|move|p1a: Comfey|Draining Kiss|p2a: Lunala\n|-damage|p2a: Lunala|49/100\n|-heal|p1a: Comfey|163/225|[from] drain|[of] p2a: Lunala\n|move|p2a: Lunala|Focus Blast|p1a: Comfey|[miss]\n|-miss|p2a: Lunala|p1a: Comfey\n|\n|-heal|p1a: Comfey|177/225|[from] item: Leftovers\n|-heal|p2a: Lunala|55/100|[from] item: Leftovers\n|upkeep\n|turn|15\n|inactive|Time left: 300 sec this turn | 300 sec total\n|\n|t:|1783571015\n|move|p1a: Comfey|Stored Power|p2a: Lunala\n|-resisted|p2a: Lunala\n|-damage|p2a: Lunala|30/100\n|move|p2a: Lunala|Moonlight|p2a: Lunala\n|-heal|p2a: Lunala|80/100\n|\n|-heal|p1a: Comfey|191/225|[from] item: Leftovers\n|-heal|p2a: Lunala|87/100|[from] item: Leftovers\n|upkeep\n|turn|16\n|inactive|Time left: 300 sec this turn | 300 sec total\n|\n|t:|1783571016\n|move|p1a: Comfey|Calm Mind|p1a: Comfey\n|-boost|p1a: Comfey|spa|1\n|-boost|p1a: Comfey|spd|1\n|move|p2a: Lunala|Moongeist Beam|p1a: Comfey\n|-damage|p1a: Comfey|130/225\n|\n|-heal|p1a: Comfey|144/225|[from] item: Leftovers\n|-heal|p2a: Lunala|93/100|[from] item: Leftovers\n|upkeep\n|turn|17\n|inactive|Time left: 300 sec this turn | 300 sec total\n|\n|t:|1783571017\n|move|p1a: Comfey|Draining Kiss|p2a: Lunala\n|-damage|p2a: Lunala|71/100\n|-heal|p1a: Comfey|194/225|[from] drain|[of] p2a: Lunala\n|move|p2a: Lunala|Moongeist Beam|p1a: Comfey\n|-damage|p1a: Comfey|136/225\n|\n|-heal|p1a: Comfey|150/225|[from] item: Leftovers\n|-heal|p2a: Lunala|77/100|[from] item: Leftovers\n|upkeep\n|turn|18\n|inactive|Time left: 300 sec this turn | 300 sec total\n|\n|t:|1783571018\n|move|p1a: Comfey|Giga Drain|p2a: Lunala\n|-damage|p2a: Lunala|53/100\n|-heal|p1a: Comfey|188/225|[from] drain|[of] p2a: Lunala\n|move|p2a: Lunala|Moonlight|p2a: Lunala\n|-heal|p2a: Lunala|100/100\n|\n|-heal|p1a: Comfey|202/225|[from] item: Leftovers\n|upkeep\n|turn|19\n|inactive|Time left: 300 sec this turn | 300 sec total\n|\n|t:|1783571019\n|move|p1a: Comfey|Stored Power|p2a: Lunala\n|-resisted|p2a: Lunala\n|-damage|p2a: Lunala|85/100\n|move|p2a: Lunala|Moongeist Beam|p1a: Comfey\n|-damage|p1a: Comfey|147/225\n|\n|-heal|p1a: Comfey|161/225|[from] item: Leftovers\n|-heal|p2a: Lunala|91/100|[from] item: Leftovers\n|upkeep\n|turn|20\n|inactive|Time left: 300 sec this turn | 300 sec total\n|\n|t:|1783571020\n|move|p1a: Comfey|Stored Power|p2a: Lunala\n|-resisted|p2a: Lunala\n|-damage|p2a: Lunala|58/100\n|move|p2a: Lunala|Moonlight|p2a: Lunala\n|-heal|p2a: Lunala|100/100\n|\n|-heal|p1a: Comfey|175/225|[from] item: Leftovers\n|upkeep\n|turn|21\n|inactive|Time left: 300 sec this turn | 300 sec total\n|\n|t:|1783571021\n|move|p1a: Comfey|Stored Power|p2a: Lunala\n|-resisted|p2a: Lunala\n|-damage|p2a: Lunala|84/100\n|move|p2a: Lunala|Focus Blast|p1a: Comfey\n|-supereffective|p1a: Comfey\n|-damage|p1a: Comfey|75/225\n|\n|-heal|p1a: Comfey|89/225|[from] item: Leftovers\n|-heal|p2a: Lunala|90/100|[from] item: Leftovers\n|upkeep\n|turn|22\n|inactive|Time left: 300 sec this turn | 300 sec total\n|\n|t:|1783571022\n|move|p1a: Comfey|Draining Kiss|p2a: Lunala\n|-damage|p2a: Lunala|66/100\n|-heal|p1a: Comfey|145/225|[from] drain|[of] p2a: Lunala\n|move|p2a: Lunala|Moongeist Beam|p1a: Comfey\n|-crit|p1a: Comfey\n|-damage|p1a: Comfey|0 fnt\n|faint|p1a: Comfey\n|\n|-heal|p2a: Lunala|72/100|[from] item: Leftovers\n|upkeep\n|inactive|Time left: 300 sec this turn | 300 sec total | 5 sec grace\n|\n|t:|1783571022\n|switch|p1a: Flapple|Flapple, L88, M|266/266\n|turn|23\n|inactive|Time left: 300 sec this turn | 300 sec total\n|\n|t:|1783571023\n|move|p1a: Flapple|Sucker Punch|p2a: Lunala\n|-supereffective|p2a: Lunala\n|-damage|p2a: Lunala|0 fnt\n|faint|p2a: Lunala\n|\n|upkeep\n|\n|t:|1783571024\n|switch|p2a: Mightyena|Mightyena, L96, M|100/100\n|-ability|p2a: Mightyena|Intimidate|boost\n|-unboost|p1a: Flapple|atk|1\n|turn|24\n|inactive|Time left: 300 sec this turn | 300 sec total\n|\n|t:|1783571025\n|switch|p1a: Glaceon|Glaceon, L94, F|275/275\n|move|p2a: Mightyena|Crunch|p1a: Glaceon\n|-damage|p1a: Glaceon|151/275\n|-unboost|p1a: Glaceon|def|1\n|\n|upkeep\n|turn|25\n|inactive|Time left: 300 sec this turn | 300 sec total\n|\n|t:|1783571026\n|move|p2a: Mightyena|Crunch|p1a: Glaceon\n|-damage|p1a: Glaceon|0 fnt\n|faint|p1a: Glaceon\n|\n|upkeep\n|inactive|Time left: 300 sec this turn | 300 sec total | 5 sec grace\n|\n|t:|1783571027\n|switch|p1a: Lucario|Lucario, L84, F|255/255\n|turn|26\n|inactive|Time left: 300 sec this turn | 300 sec total\n|\n|t:|1783571028\n|switch|p2a: Okidogi|Okidogi, L77, M|100/100\n|move|p1a: Lucario|Nasty Plot|p1a: Lucario\n|-boost|p1a: Lucario|spa|2\n|\n|upkeep\n|turn|27\n|inactive|Time left: 300 sec this turn | 300 sec total\n|\n|t:|1783571029\n|switch|p2a: Grumpig|Grumpig, L92, M|100/100\n|move|p1a: Lucario|Flash Cannon|p2a: Grumpig\n|-damage|p2a: Grumpig|38/100\n|-unboost|p2a: Grumpig|spd|1\n|-damage|p1a: Lucario|230/255|[from] item: Life Orb\n|\n|upkeep\n|turn|28\n|inactive|Time left: 300 sec this turn | 300 sec total\n|\n|t:|1783571030\n|move|p2a: Grumpig|Focus Blast|p1a: Lucario|[miss]\n|-miss|p2a: Grumpig|p1a: Lucario\n|move|p1a: Lucario|Flash Cannon|p2a: Grumpig\n|-damage|p2a: Grumpig|0 fnt\n|faint|p2a: Grumpig\n|-damage|p1a: Lucario|205/255|[from] item: Life Orb\n|\n|upkeep\n|\n|t:|1783571031\n|switch|p2a: Morpeko|Morpeko, L88, F|100/100\n|turn|29\n|inactive|Time left: 300 sec this turn | 300 sec total\n|\n|t:|1783571032\n|-terastallize|p2a: Morpeko|Electric\n|move|p2a: Morpeko|Aura Wheel|p1a: Lucario\n|-damage|p1a: Lucario|5/255\n|-boost|p2a: Morpeko|spe|1\n|move|p1a: Lucario|Focus Blast|p2a: Morpeko\n|-damage|p2a: Morpeko|0 fnt\n|faint|p2a: Morpeko\n|-damage|p1a: Lucario|0 fnt|[from] item: Life Orb\n|faint|p1a: Lucario\n|\n|upkeep\n|inactive|Time left: 300 sec this turn | 300 sec total | 5 sec grace\n|\n|t:|1783571033\n|switch|p2a: Volbeat|Volbeat, L90, M|100/100\n|switch|p1a: Flapple|Flapple, L88, M|266/266\n|turn|30\n|inactive|Time left: 300 sec this turn | 300 sec total\n|\n|t:|1783571034\n|move|p2a: Volbeat|Lunge|p1a: Flapple\n|-supereffective|p1a: Flapple\n|-damage|p1a: Flapple|102/266\n|-unboost|p1a: Flapple|atk|1\n|move|p1a: Flapple|Outrage|p2a: Volbeat\n|-damage|p2a: Volbeat|2/100\n|\n|upkeep\n|turn|31\n|inactive|Time left: 300 sec this turn | 300 sec total\n|\n|t:|1783571035\n|move|p2a: Volbeat|Lunge|p1a: Flapple\n|-supereffective|p1a: Flapple\n|-damage|p1a: Flapple|0 fnt\n|faint|p1a: Flapple\n|\n|upkeep\n|inactive|Time left: 300 sec this turn | 300 sec total | 5 sec grace\n|\n|t:|1783571036\n|switch|p1a: Hatterene|Hatterene, L85, F|236/236\n|turn|32\n|inactive|Time left: 300 sec this turn | 300 sec total\n|\n|t:|1783571037\n|move|p2a: Volbeat|Lunge|p1a: Hatterene\n|-damage|p1a: Hatterene|169/236\n|-unboost|p1a: Hatterene|atk|1\n|move|p1a: Hatterene|Calm Mind|p1a: Hatterene\n|-boost|p1a: Hatterene|spa|1\n|-boost|p1a: Hatterene|spd|1\n|\n|-heal|p1a: Hatterene|183/236|[from] item: Leftovers\n|upkeep\n|turn|33\n|inactive|Time left: 300 sec this turn | 300 sec total\n|\n|t:|1783571038\n|move|p2a: Volbeat|Lunge|p1a: Hatterene\n|-damage|p1a: Hatterene|102/236\n|-unboost|p1a: Hatterene|atk|1\n|move|p1a: Hatterene|Calm Mind|p1a: Hatterene\n|-boost|p1a: Hatterene|spa|1\n|-boost|p1a: Hatterene|spd|1\n|\n|-heal|p1a: Hatterene|116/236|[from] item: Leftovers\n|upkeep\n|turn|34\n|inactive|Time left: 300 sec this turn | 300 sec total\n|\n|t:|1783571039\n|move|p2a: Volbeat|Lunge|p1a: Hatterene\n|-damage|p1a: Hatterene|47/236\n|-unboost|p1a: Hatterene|atk|1\n|move|p1a: Hatterene|Mystical Fire|p2a: Volbeat\n|-supereffective|p2a: Volbeat\n|-damage|p2a: Volbeat|0 fnt\n|faint|p2a: Volbeat\n|\n|-heal|p1a: Hatterene|61/236|[from] item: Leftovers\n|upkeep\n|\n|t:|1783571040\n|switch|p2a: Mightyena|Mightyena, L96, M|100/100\n|-ability|p2a: Mightyena|Intimidate|boost\n|-unboost|p1a: Hatterene|atk|1\n|turn|35\n|inactive|Time left: 300 sec this turn | 300 sec total\n|\n|t:|1783571041\n|switch|p1a: Dragalge|Dragalge, L88, F|258/258\n|move|p2a: Mightyena|Crunch|p1a: Dragalge\n|-damage|p1a: Dragalge|110/258\n|\n|-heal|p1a: Dragalge|126/258|[from] item: Leftovers\n|upkeep\n|turn|36\n|inactive|Time left: 300 sec this turn | 300 sec total\n|\n|t:|1783571042\n|move|p2a: Mightyena|Crunch|p1a: Dragalge\n|-damage|p1a: Dragalge|0 fnt\n|faint|p1a: Dragalge\n|\n|upkeep\n|inactive|Time left: 300 sec this turn | 300 sec total | 5 sec grace\n|\n|t:|1783571042\n|switch|p1a: Hatterene|Hatterene, L85, F|61/236\n|turn|37\n|inactive|Time left: 300 sec this turn | 300 sec total\n|\n|t:|1783571043\n|move|p2a: Mightyena|Crunch|p1a: Hatterene\n|-damage|p1a: Hatterene|0 fnt\n|faint|p1a: Hatterene\n|\n|win|p0y26872640", "uploadtime": 1783571043, "views": 0, "rating": 0, "private": 0, "password": null, "_winner": "p0y26872640", "_our_name": "p0x2687f94a"}