{"id": "battle-gen9randombattle-2474", "formatid": "gen9randombattle", "format": "[Gen 9] Random Battle", "players": ["p0x2474a4ff", "p0y24743be5"], "log": "|init|battle\n|title|p0x2474a4ff vs. p0y24743be5\n|j|\u2606p0x2474a4ff\n|j|\u2606p0y24743be5\n|t:|1783568681\n|gametype|singles\n|player|p1|p0x2474a4ff|101|\n|player|p2|p0y24743be5|1|\n|gen|9\n|tier|[Gen 9] Random Battle\n|rule|Species Clause: Limit one of each Pok\u00e9mon\n|rule|HP Percentage Mod: HP is shown in percentages\n|rule|Sleep Clause Mod: Limit one foe put to sleep\n|rule|Illusion Level Mod: Illusion disguises the Pok\u00e9mon's true level\n|\n|t:|1783568681\n|teamsize|p1|6\n|teamsize|p2|6\n|start\n|switch|p1a: Leavanny|Leavanny, L86, F|100/100\n|switch|p2a: Mabosstiff|Mabosstiff, L86, F|278/278\n|turn|1\n|inactive|Battle timer is ON: inactive players will automatically lose when time's up. (requested by p0x2474a4ff)\n|inactive|Time left: 300 sec this turn | 300 sec total | 60 sec grace\n|\n|t:|1783568683\n|move|p1a: Leavanny|Sticky Web|p2a: Mabosstiff\n|-sidestart|p2: p0y24743be5|move: Sticky Web\n|move|p2a: Mabosstiff|Crunch|p1a: Leavanny\n|-damage|p1a: Leavanny|42/100\n|\n|upkeep\n|turn|2\n|inactive|Time left: 300 sec this turn | 300 sec total\n|inactive|p0y24743be5 also wants the timer to be on.\n|\n|t:|1783568684\n|move|p1a: Leavanny|Bullet Seed|p2a: Mabosstiff\n|-damage|p2a: Mabosstiff|251/278\n|-damage|p2a: Mabosstiff|224/278\n|-damage|p2a: Mabosstiff|197/278\n|-damage|p2a: Mabosstiff|170/278\n|-hitcount|p2a: Mabosstiff|4\n|move|p2a: Mabosstiff|Crunch|p1a: Leavanny\n|-damage|p1a: Leavanny|0 fnt\n|faint|p1a: Leavanny\n|\n|upkeep\n|\n|t:|1783568685\n|switch|p1a: Pawmot|Pawmot, L80, F|100/100\n|turn|3\n|inactive|Time left: 300 sec this turn | 300 sec total\n|\n|t:|1783568686\n|switch|p2a: Bellossom|Bellossom, L84, M|263/263\n|-activate|p2a: Bellossom|move: Sticky Web\n|-unboost|p2a: Bellossom|spe|1\n|move|p1a: Pawmot|Close Combat|p2a: Bellossom\n|-damage|p2a: Bellossom|110/263\n|-unboost|p1a: Pawmot|def|1\n|-unboost|p1a: Pawmot|spd|1\n|-damage|p1a: Pawmot|91/100|[from] item: Life Orb\n|\n|-heal|p2a: Bellossom|126/263|[from] item: Leftovers\n|upkeep\n|turn|4\n|inactive|Time left: 300 sec this turn | 300 sec total\n|\n|t:|1783568687\n|move|p1a: Pawmot|Close Combat|p2a: Bellossom\n|-crit|p2a: Bellossom\n|-damage|p2a: Bellossom|0 fnt\n|-unboost|p1a: Pawmot|def|1\n|-unboost|p1a: Pawmot|spd|1\n|faint|p2a: Bellossom\n|-damage|p1a: Pawmot|81/100|[from] item: Life Orb\n|\n|upkeep\n|inactive|Time left: 300 sec this turn | 300 sec total | 5 sec grace\n|\n|t:|1783568688\n|switch|p2a: Mabosstiff|Mabosstiff, L86, F|170/278\n|-activate|p2a: Mabosstiff|move: Sticky Web\n|-unboost|p2a: Mabosstiff|spe|1\n|turn|5\n|inactive|Time left: 300 sec this turn | 300 sec total\n|\n|t:|1783568688\n|move|p1a: Pawmot|Close Combat|p2a: Mabosstiff\n|-supereffective|p2a: Mabosstiff\n|-damage|p2a: Mabosstiff|0 fnt\n|-unboost|p1a: Pawmot|def|1\n|-unboost|p1a: Pawmot|spd|1\n|faint|p2a: Mabosstiff\n|-damage|p1a: Pawmot|71/100|[from] item: Life Orb\n|\n|upkeep\n|inactive|Time left: 300 sec this turn | 300 sec total | 5 sec grace\n|\n|t:|1783568689\n|switch|p2a: Duraludon|Duraludon, L82, F|249/249\n|-activate|p2a: Duraludon|move: Sticky Web\n|-unboost|p2a: Duraludon|spe|1\n|turn|6\n|inactive|Time left: 300 sec this turn | 300 sec total\n|\n|t:|1783568690\n|switch|p1a: Volcarona|Volcarona, L77, F|100/100\n|move|p2a: Duraludon|Flash Cannon|p1a: Volcarona\n|-resisted|p1a: Volcarona\n|-damage|p1a: Volcarona|84/100\n|-unboost|p1a: Volcarona|spd|1\n|\n|upkeep\n|turn|7\n|inactive|Time left: 300 sec this turn | 300 sec total\n|\n|t:|1783568691\n|switch|p2a: Flamigo|Flamigo, L82, M|269/269\n|move|p1a: Volcarona|Quiver Dance|p1a: Volcarona\n|-boost|p1a: Volcarona|spa|1\n|-boost|p1a: Volcarona|spd|1\n|-boost|p1a: Volcarona|spe|1\n|\n|upkeep\n|turn|8\n|inactive|Time left: 300 sec this turn | 300 sec total\n|\n|t:|1783568692\n|move|p1a: Volcarona|Fiery Dance|p2a: Flamigo\n|-damage|p2a: Flamigo|79/269\n|move|p2a: Flamigo|Brave Bird|p1a: Volcarona\n|-supereffective|p1a: Volcarona\n|-damage|p1a: Volcarona|0 fnt\n|faint|p1a: Volcarona\n|-damage|p2a: Flamigo|8/269|[from] Recoil\n|\n|upkeep\n|\n|t:|1783568692\n|switch|p1a: Iron Boulder|Iron Boulder, L77|100/100\n|-enditem|p1a: Iron Boulder|Booster Energy\n|-activate|p1a: Iron Boulder|ability: Quark Drive|[fromitem]\n|-start|p1a: Iron Boulder|quarkdrivespe\n|turn|9\n|inactive|Time left: 300 sec this turn | 300 sec total\n|\n|t:|1783568693\n|switch|p2a: Duraludon|Duraludon, L82, F|249/249\n|-activate|p2a: Duraludon|move: Sticky Web\n|-unboost|p2a: Duraludon|spe|1\n|move|p1a: Iron Boulder|Swords Dance|p1a: Iron Boulder\n|-boost|p1a: Iron Boulder|atk|2\n|\n|upkeep\n|turn|10\n|inactive|Time left: 300 sec this turn | 300 sec total\n|\n|t:|1783568694\n|-terastallize|p1a: Iron Boulder|Fighting\n|move|p1a: Iron Boulder|Close Combat|p2a: Duraludon\n|-supereffective|p2a: Duraludon\n|-damage|p2a: Duraludon|0 fnt\n|-unboost|p1a: Iron Boulder|def|1\n|-unboost|p1a: Iron Boulder|spd|1\n|faint|p2a: Duraludon\n|\n|upkeep\n|inactive|Time left: 300 sec this turn | 300 sec total | 5 sec grace\n|\n|t:|1783568695\n|switch|p2a: Flamigo|Flamigo, L82, M|8/269\n|turn|11\n|inactive|Time left: 300 sec this turn | 300 sec total\n|\n|t:|1783568696\n|move|p1a: Iron Boulder|Mighty Cleave|p2a: Flamigo\n|-damage|p2a: Flamigo|0 fnt\n|faint|p2a: Flamigo\n|\n|upkeep\n|inactive|Time left: 300 sec this turn | 300 sec total | 5 sec grace\n|\n|t:|1783568697\n|switch|p2a: Grafaiai|Grafaiai, L86, M|235/235\n|-activate|p2a: Grafaiai|move: Sticky Web\n|-unboost|p2a: Grafaiai|spe|1\n|turn|12\n|inactive|Time left: 300 sec this turn | 300 sec total\n|\n|t:|1783568698\n|switch|p2a: Grafaiai|Grafaiai, L86, M|249/249\n|-activate|p2a: Grafaiai|move: Sticky Web\n|-unboost|p2a: Grafaiai|spe|1\n|move|p1a: Iron Boulder|Close Combat|p2a: Grafaiai\n|-damage|p2a: Grafaiai|0 fnt\n|-unboost|p1a: Iron Boulder|def|1\n|-unboost|p1a: Iron Boulder|spd|1\n|faint|p2a: Grafaiai\n|\n|upkeep\n|inactive|Time left: 300 sec this turn | 300 sec total | 5 sec grace\n|\n|t:|1783568699\n|switch|p2a: Zoroark|Zoroark, L83, F|235/235\n|-activate|p2a: Zoroark|move: Sticky Web\n|-unboost|p2a: Zoroark|spe|1\n|turn|13\n|inactive|Time left: 300 sec this turn | 300 sec total\n|\n|t:|1783568700\n|move|p1a: Iron Boulder|Mighty Cleave|p2a: Zoroark\n|-damage|p2a: Zoroark|0 fnt\n|faint|p2a: Zoroark\n|\n|win|p0x2474a4ff", "uploadtime": 1783568700, "views": 0, "rating": 0, "private": 0, "password": null, "_winner": "p0x2474a4ff", "_our_name": "p0y24743be5"}