{"id": "battle-gen9randombattle-216", "formatid": "gen9randombattle", "format": "[Gen 9] Random Battle", "players": ["p0x216255f", "p0y216dc23"], "log": "|init|battle\n|title|p0x216255f vs. p0y216dc23\n|j|\u2606p0x216255f\n|j|\u2606p0y216dc23\n|t:|1783541608\n|gametype|singles\n|player|p1|p0x216255f|102|\n|player|p2|p0y216dc23|2|\n|gen|9\n|tier|[Gen 9] Random Battle\n|rule|Species Clause: Limit one of each Pok\u00e9mon\n|rule|HP Percentage Mod: HP is shown in percentages\n|rule|Sleep Clause Mod: Limit one foe put to sleep\n|rule|Illusion Level Mod: Illusion disguises the Pok\u00e9mon's true level\n|\n|t:|1783541608\n|teamsize|p1|6\n|teamsize|p2|6\n|start\n|switch|p1a: Milotic|Milotic, L83, M|293/293\n|switch|p2a: Dudunsparce|Dudunsparce-Three-Segment, L83, M|100/100\n|turn|1\n|inactive|Battle timer is ON: inactive players will automatically lose when time's up. (requested by p0x216255f)\n|inactive|p0y216dc23 also wants the timer to be on.\n|\n|t:|1783541610\n|move|p1a: Milotic|Scald|p2a: Dudunsparce\n|-damage|p2a: Dudunsparce|74/100\n|move|p2a: Dudunsparce|Boomburst|p1a: Milotic\n|-damage|p1a: Milotic|196/293\n|\n|-heal|p1a: Milotic|214/293|[from] item: Leftovers\n|-heal|p2a: Dudunsparce|80/100|[from] item: Leftovers\n|upkeep\n|turn|2\n|inactive|Time left: 300 sec this turn | 300 sec total\n|\n|t:|1783541611\n|move|p1a: Milotic|Scald|p2a: Dudunsparce\n|-damage|p2a: Dudunsparce|49/100\n|move|p2a: Dudunsparce|Toxic|p1a: Milotic\n|-status|p1a: Milotic|tox\n|\n|-heal|p1a: Milotic|232/293 tox|[from] item: Leftovers\n|-heal|p2a: Dudunsparce|55/100|[from] item: Leftovers\n|-damage|p1a: Milotic|214/293 tox|[from] psn\n|upkeep\n|turn|3\n|inactive|Time left: 300 sec this turn | 300 sec total\n|\n|t:|1783541611\n|move|p1a: Milotic|Scald|p2a: Dudunsparce\n|-damage|p2a: Dudunsparce|27/100\n|move|p2a: Dudunsparce|Roost|p2a: Dudunsparce\n|-heal|p2a: Dudunsparce|77/100\n|-singleturn|p2a: Dudunsparce|move: Roost\n|\n|-heal|p1a: Milotic|232/293 tox|[from] item: Leftovers\n|-heal|p2a: Dudunsparce|83/100|[from] item: Leftovers\n|-damage|p1a: Milotic|196/293 tox|[from] psn\n|upkeep\n|turn|4\n|inactive|Time left: 300 sec this turn | 300 sec total\n|\n|t:|1783541612\n|switch|p1a: Arboliva|Arboliva, L91, F|290/290\n|move|p2a: Dudunsparce|Boomburst|p1a: Arboliva\n|-damage|p1a: Arboliva|187/290\n|-fieldstart|move: Grassy Terrain|[from] ability: Seed Sower|[of] p1a: Arboliva\n|\n|-heal|p2a: Dudunsparce|89/100|[from] Grassy Terrain\n|-heal|p2a: Dudunsparce|96/100|[from] item: Leftovers\n|-heal|p1a: Arboliva|205/290|[from] Grassy Terrain\n|-heal|p1a: Arboliva|223/290|[from] item: Leftovers\n|upkeep\n|turn|5\n|inactive|Time left: 300 sec this turn | 300 sec total\n|\n|t:|1783541613\n|switch|p2a: Lugia|Lugia, L73|100/100\n|move|p1a: Arboliva|Energy Ball|p2a: Lugia\n|-resisted|p2a: Lugia\n|-damage|p2a: Lugia|88/100\n|\n|-heal|p1a: Arboliva|241/290|[from] Grassy Terrain\n|-heal|p1a: Arboliva|259/290|[from] item: Leftovers\n|upkeep\n|turn|6\n|inactive|Time left: 300 sec this turn | 300 sec total\n|\n|t:|1783541614\n|move|p2a: Lugia|Calm Mind|p2a: Lugia\n|-boost|p2a: Lugia|spa|1\n|-boost|p2a: Lugia|spd|1\n|move|p1a: Arboliva|Hyper Voice|p2a: Lugia\n|-damage|p2a: Lugia|64/100\n|\n|-heal|p1a: Arboliva|277/290|[from] Grassy Terrain\n|-heal|p1a: Arboliva|290/290|[from] item: Leftovers\n|upkeep\n|turn|7\n|inactive|Time left: 300 sec this turn | 300 sec total\n|\n|t:|1783541615\n|switch|p1a: Kyurem|Kyurem-Black, L71|295/295\n|-ability|p1a: Kyurem|Teravolt\n|move|p2a: Lugia|Calm Mind|p2a: Lugia\n|-boost|p2a: Lugia|spa|1\n|-boost|p2a: Lugia|spd|1\n|\n|upkeep\n|turn|8\n|inactive|Time left: 300 sec this turn | 300 sec total\n|\n|t:|1783541616\n|move|p2a: Lugia|Recover|p2a: Lugia\n|-heal|p2a: Lugia|100/100\n|move|p1a: Kyurem|Icicle Spear|p2a: Lugia\n|-supereffective|p2a: Lugia\n|-damage|p2a: Lugia|81/100\n|-supereffective|p2a: Lugia\n|-damage|p2a: Lugia|61/100\n|-supereffective|p2a: Lugia\n|-damage|p2a: Lugia|42/100\n|-supereffective|p2a: Lugia\n|-damage|p2a: Lugia|23/100\n|-hitcount|p2a: Lugia|4\n|\n|-fieldend|move: Grassy Terrain\n|upkeep\n|turn|9\n|inactive|Time left: 300 sec this turn | 300 sec total\n|\n|t:|1783541617\n|-terastallize|p2a: Lugia|Steel\n|move|p2a: Lugia|Recover|p2a: Lugia\n|-heal|p2a: Lugia|74/100\n|move|p1a: Kyurem|Icicle Spear|p2a: Lugia\n|-resisted|p2a: Lugia\n|-damage|p2a: Lugia|69/100\n|-resisted|p2a: Lugia\n|-damage|p2a: Lugia|64/100\n|-resisted|p2a: Lugia\n|-damage|p2a: Lugia|59/100\n|-resisted|p2a: Lugia\n|-damage|p2a: Lugia|54/100\n|-hitcount|p2a: Lugia|4\n|\n|upkeep\n|turn|10\n|inactive|Time left: 300 sec this turn | 300 sec total\n|\n|t:|1783541618\n|-terastallize|p1a: Kyurem|Ground\n|move|p2a: Lugia|Recover|p2a: Lugia\n|-heal|p2a: Lugia|100/100\n|move|p1a: Kyurem|Tera Blast|p2a: Lugia|[anim] Tera Blast Ground\n|-supereffective|p2a: Lugia\n|-damage|p2a: Lugia|41/100\n|\n|upkeep\n|turn|11\n|inactive|Time left: 300 sec this turn | 300 sec total\n|\n|t:|1783541619\n|move|p2a: Lugia|Recover|p2a: Lugia\n|-heal|p2a: Lugia|91/100\n|move|p1a: Kyurem|Tera Blast|p2a: Lugia|[anim] Tera Blast Ground\n|-supereffective|p2a: Lugia\n|-damage|p2a: Lugia|26/100\n|\n|upkeep\n|turn|12\n|inactive|Time left: 300 sec this turn | 300 sec total\n|\n|t:|1783541620\n|move|p2a: Lugia|Recover|p2a: Lugia\n|-heal|p2a: Lugia|76/100\n|move|p1a: Kyurem|Tera Blast|p2a: Lugia|[anim] Tera Blast Ground\n|-supereffective|p2a: Lugia\n|-damage|p2a: Lugia|20/100\n|\n|upkeep\n|turn|13\n|inactive|Time left: 300 sec this turn | 300 sec total\n|\n|t:|1783541621\n|move|p2a: Lugia|Recover|p2a: Lugia\n|-heal|p2a: Lugia|71/100\n|move|p1a: Kyurem|Tera Blast|p2a: Lugia|[anim] Tera Blast Ground\n|-supereffective|p2a: Lugia\n|-damage|p2a: Lugia|5/100\n|\n|upkeep\n|turn|14\n|inactive|Time left: 300 sec this turn | 300 sec total\n|\n|t:|1783541622\n|move|p2a: Lugia|Aeroblast|p1a: Kyurem\n|-damage|p1a: Kyurem|121/295\n|move|p1a: Kyurem|Tera Blast|p2a: Lugia|[anim] Tera Blast Ground\n|-supereffective|p2a: Lugia\n|-damage|p2a: Lugia|0 fnt\n|faint|p2a: Lugia\n|\n|upkeep\n|\n|t:|1783541623\n|switch|p2a: Medicham|Medicham, L86, M|100/100\n|turn|15\n|inactive|Time left: 300 sec this turn | 300 sec total\n|\n|t:|1783541624\n|switch|p1a: Florges|Florges-Yellow, L85, F|271/271\n|move|p2a: Medicham|Close Combat|p1a: Florges\n|-resisted|p1a: Florges\n|-damage|p1a: Florges|96/271\n|-unboost|p2a: Medicham|def|1\n|-unboost|p2a: Medicham|spd|1\n|\n|-heal|p1a: Florges|112/271|[from] item: Leftovers\n|upkeep\n|turn|16\n|inactive|Time left: 300 sec this turn | 300 sec total\n|\n|t:|1783541625\n|move|p2a: Medicham|Close Combat|p1a: Florges\n|-resisted|p1a: Florges\n|-damage|p1a: Florges|0 fnt\n|-unboost|p2a: Medicham|def|1\n|-unboost|p2a: Medicham|spd|1\n|faint|p1a: Florges\n|\n|upkeep\n|inactive|Time left: 300 sec this turn | 300 sec total | 5 sec grace\n|\n|t:|1783541626\n|switch|p1a: Iron Hands|Iron Hands, L79|373/373\n|turn|17\n|inactive|Time left: 300 sec this turn | 300 sec total\n|\n|t:|1783541627\n|move|p2a: Medicham|Close Combat|p1a: Iron Hands\n|-damage|p1a: Iron Hands|133/373\n|-unboost|p2a: Medicham|def|1\n|-unboost|p2a: Medicham|spd|1\n|move|p1a: Iron Hands|Drain Punch|p2a: Medicham\n|-resisted|p2a: Medicham\n|-damage|p2a: Medicham|49/100\n|-heal|p1a: Iron Hands|196/373|[from] drain|[of] p2a: Medicham\n|\n|upkeep\n|turn|18\n|inactive|Time left: 300 sec this turn | 300 sec total\n|\n|t:|1783541628\n|move|p2a: Medicham|Close Combat|p1a: Iron Hands\n|-damage|p1a: Iron Hands|0 fnt\n|-unboost|p2a: Medicham|def|1\n|-unboost|p2a: Medicham|spd|1\n|faint|p1a: Iron Hands\n|-end|p1a: Iron Hands|Quark Drive|[silent]\n|\n|upkeep\n|inactive|Time left: 300 sec this turn | 300 sec total | 5 sec grace\n|\n|t:|1783541629\n|switch|p1a: Houndoom|Houndoom, L87, F|272/272\n|turn|19\n|inactive|Time left: 300 sec this turn | 300 sec total\n|\n|t:|1783541630\n|switch|p2a: Dudunsparce|Dudunsparce-Three-Segment, L83, M|96/100\n|move|p1a: Houndoom|Fire Blast|p2a: Dudunsparce\n|-damage|p2a: Dudunsparce|50/100\n|\n|-heal|p2a: Dudunsparce|56/100|[from] item: Leftovers\n|upkeep\n|turn|20\n|inactive|Time left: 300 sec this turn | 300 sec total\n|\n|t:|1783541631\n|move|p1a: Houndoom|Fire Blast|p2a: Dudunsparce|[miss]\n|-miss|p1a: Houndoom|p2a: Dudunsparce\n|move|p2a: Dudunsparce|Earthquake|p1a: Houndoom\n|-supereffective|p1a: Houndoom\n|-damage|p1a: Houndoom|78/272\n|\n|-heal|p2a: Dudunsparce|62/100|[from] item: Leftovers\n|upkeep\n|turn|21\n|inactive|Time left: 300 sec this turn | 300 sec total\n|\n|t:|1783541632\n|switch|p1a: Arboliva|Arboliva, L91, F|290/290\n|move|p2a: Dudunsparce|Roost|p2a: Dudunsparce\n|-heal|p2a: Dudunsparce|100/100\n|-singleturn|p2a: Dudunsparce|move: Roost\n|\n|upkeep\n|turn|22\n|inactive|Time left: 300 sec this turn | 300 sec total\n|\n|t:|1783541633\n|move|p2a: Dudunsparce|Toxic|p1a: Arboliva\n|-status|p1a: Arboliva|tox\n|move|p1a: Arboliva|Energy Ball|p2a: Dudunsparce\n|-damage|p2a: Dudunsparce|57/100\n|\n|-heal|p2a: Dudunsparce|63/100|[from] item: Leftovers\n|-damage|p1a: Arboliva|272/290 tox|[from] psn\n|upkeep\n|turn|23\n|inactive|Time left: 300 sec this turn | 300 sec total\n|\n|t:|1783541634\n|move|p2a: Dudunsparce|Roost|p2a: Dudunsparce\n|-heal|p2a: Dudunsparce|100/100\n|-singleturn|p2a: Dudunsparce|move: Roost\n|move|p1a: Arboliva|Hyper Voice|p2a: Dudunsparce\n|-damage|p2a: Dudunsparce|56/100\n|\n|-heal|p2a: Dudunsparce|63/100|[from] item: Leftovers\n|-heal|p1a: Arboliva|290/290 tox|[from] item: Leftovers\n|-damage|p1a: Arboliva|254/290 tox|[from] psn\n|upkeep\n|turn|24\n|inactive|Time left: 300 sec this turn | 300 sec total\n|\n|t:|1783541635\n|move|p2a: Dudunsparce|Roost|p2a: Dudunsparce\n|-heal|p2a: Dudunsparce|100/100\n|-singleturn|p2a: Dudunsparce|move: Roost\n|move|p1a: Arboliva|Hyper Voice|p2a: Dudunsparce\n|-damage|p2a: Dudunsparce|57/100\n|\n|-heal|p2a: Dudunsparce|63/100|[from] item: Leftovers\n|-heal|p1a: Arboliva|272/290 tox|[from] item: Leftovers\n|-damage|p1a: Arboliva|218/290 tox|[from] psn\n|upkeep\n|turn|25\n|inactive|Time left: 300 sec this turn | 300 sec total\n|\n|t:|1783541637\n|move|p2a: Dudunsparce|Roost|p2a: Dudunsparce\n|-heal|p2a: Dudunsparce|100/100\n|-singleturn|p2a: Dudunsparce|move: Roost\n|move|p1a: Arboliva|Energy Ball|p2a: Dudunsparce\n|-damage|p2a: Dudunsparce|58/100\n|\n|-heal|p2a: Dudunsparce|64/100|[from] item: Leftovers\n|-heal|p1a: Arboliva|236/290 tox|[from] item: Leftovers\n|-damage|p1a: Arboliva|164/290 tox|[from] psn\n|upkeep\n|turn|26\n|inactive|Time left: 300 sec this turn | 300 sec total\n|\n|t:|1783541638\n|move|p2a: Dudunsparce|Roost|p2a: Dudunsparce\n|-heal|p2a: Dudunsparce|100/100\n|-singleturn|p2a: Dudunsparce|move: Roost\n|move|p1a: Arboliva|Strength Sap|p2a: Dudunsparce\n|-unboost|p2a: Dudunsparce|atk|1\n|-heal|p1a: Arboliva|290/290 tox\n|\n|-damage|p1a: Arboliva|200/290 tox|[from] psn\n|upkeep\n|turn|27\n|inactive|Time left: 300 sec this turn | 300 sec total\n|\n|t:|1783541639\n|move|p2a: Dudunsparce|Boomburst|p1a: Arboliva\n|-damage|p1a: Arboliva|88/290 tox\n|-fieldstart|move: Grassy Terrain|[from] ability: Seed Sower|[of] p1a: Arboliva\n|move|p1a: Arboliva|Energy Ball|p2a: Dudunsparce\n|-damage|p2a: Dudunsparce|39/100\n|\n|-heal|p2a: Dudunsparce|45/100|[from] Grassy Terrain\n|-heal|p2a: Dudunsparce|51/100|[from] item: Leftovers\n|-heal|p1a: Arboliva|106/290 tox|[from] Grassy Terrain\n|-heal|p1a: Arboliva|124/290 tox|[from] item: Leftovers\n|-damage|p1a: Arboliva|16/290 tox|[from] psn\n|upkeep\n|turn|28\n|inactive|Time left: 300 sec this turn | 300 sec total\n|\n|t:|1783541640\n|move|p2a: Dudunsparce|Boomburst|p1a: Arboliva\n|-damage|p1a: Arboliva|0 fnt\n|faint|p1a: Arboliva\n|\n|-heal|p2a: Dudunsparce|57/100|[from] Grassy Terrain\n|-heal|p2a: Dudunsparce|63/100|[from] item: Leftovers\n|upkeep\n|inactive|Time left: 300 sec this turn | 300 sec total | 5 sec grace\n|\n|t:|1783541641\n|switch|p1a: Milotic|Milotic, L83, M|196/293 tox\n|turn|29\n|inactive|Time left: 300 sec this turn | 300 sec total\n|\n|t:|1783541642\n|move|p1a: Milotic|Scald|p2a: Dudunsparce\n|-damage|p2a: Dudunsparce|34/100\n|move|p2a: Dudunsparce|Roost|p2a: Dudunsparce\n|-heal|p2a: Dudunsparce|84/100\n|-singleturn|p2a: Dudunsparce|move: Roost\n|\n|-heal|p1a: Milotic|214/293 tox|[from] Grassy Terrain\n|-heal|p1a: Milotic|232/293 tox|[from] item: Leftovers\n|-heal|p2a: Dudunsparce|91/100|[from] Grassy Terrain\n|-heal|p2a: Dudunsparce|97/100|[from] item: Leftovers\n|-damage|p1a: Milotic|214/293 tox|[from] psn\n|upkeep\n|turn|30\n|inactive|Time left: 300 sec this turn | 300 sec total\n|\n|t:|1783541643\n|move|p1a: Milotic|Scald|p2a: Dudunsparce\n|-damage|p2a: Dudunsparce|68/100\n|-status|p2a: Dudunsparce|brn\n|move|p2a: Dudunsparce|Boomburst|p1a: Milotic\n|-damage|p1a: Milotic|120/293 tox\n|\n|-heal|p1a: Milotic|138/293 tox|[from] Grassy Terrain\n|-heal|p1a: Milotic|156/293 tox|[from] item: Leftovers\n|-heal|p2a: Dudunsparce|75/100 brn|[from] Grassy Terrain\n|-heal|p2a: Dudunsparce|81/100 brn|[from] item: Leftovers\n|-damage|p1a: Milotic|120/293 tox|[from] psn\n|-damage|p2a: Dudunsparce|75/100 brn|[from] brn\n|upkeep\n|turn|31\n|inactive|Time left: 300 sec this turn | 300 sec total\n|\n|t:|1783541644\n|move|p1a: Milotic|Recover|p1a: Milotic\n|-heal|p1a: Milotic|267/293 tox\n|move|p2a: Dudunsparce|Boomburst|p1a: Milotic\n|-damage|p1a: Milotic|171/293 tox\n|\n|-heal|p1a: Milotic|189/293 tox|[from] Grassy Terrain\n|-heal|p1a: Milotic|207/293 tox|[from] item: Leftovers\n|-heal|p2a: Dudunsparce|81/100 brn|[from] Grassy Terrain\n|-heal|p2a: Dudunsparce|87/100 brn|[from] item: Leftovers\n|-damage|p1a: Milotic|153/293 tox|[from] psn\n|-damage|p2a: Dudunsparce|81/100 brn|[from] brn\n|-fieldend|move: Grassy Terrain\n|upkeep\n|turn|32\n|inactive|Time left: 300 sec this turn | 300 sec total\n|\n|t:|1783541645\n|move|p1a: Milotic|Recover|p1a: Milotic\n|-heal|p1a: Milotic|293/293 tox\n|move|p2a: Dudunsparce|Boomburst|p1a: Milotic\n|-damage|p1a: Milotic|196/293 tox\n|\n|-heal|p1a: Milotic|214/293 tox|[from] item: Leftovers\n|-heal|p2a: Dudunsparce|87/100 brn|[from] item: Leftovers\n|-damage|p1a: Milotic|142/293 tox|[from] psn\n|-damage|p2a: Dudunsparce|81/100 brn|[from] brn\n|upkeep\n|turn|33\n|inactive|Time left: 300 sec this turn | 300 sec total\n|\n|t:|1783541647\n|move|p1a: Milotic|Recover|p1a: Milotic\n|-heal|p1a: Milotic|289/293 tox\n|move|p2a: Dudunsparce|Boomburst|p1a: Milotic\n|-damage|p1a: Milotic|190/293 tox\n|\n|-heal|p1a: Milotic|208/293 tox|[from] item: Leftovers\n|-heal|p2a: Dudunsparce|87/100 brn|[from] item: Leftovers\n|-damage|p1a: Milotic|118/293 tox|[from] psn\n|-damage|p2a: Dudunsparce|81/100 brn|[from] brn\n|upkeep\n|turn|34\n|inactive|Time left: 300 sec this turn | 300 sec total\n|\n|t:|1783541648\n|move|p1a: Milotic|Recover|p1a: Milotic\n|-heal|p1a: Milotic|265/293 tox\n|move|p2a: Dudunsparce|Roost|p2a: Dudunsparce\n|-heal|p2a: Dudunsparce|100/100 brn\n|-singleturn|p2a: Dudunsparce|move: Roost\n|\n|-heal|p1a: Milotic|283/293 tox|[from] item: Leftovers\n|-damage|p1a: Milotic|175/293 tox|[from] psn\n|-damage|p2a: Dudunsparce|94/100 brn|[from] brn\n|upkeep\n|turn|35\n|inactive|Time left: 300 sec this turn | 300 sec total\n|\n|t:|1783541649\n|switch|p1a: Kyurem|Kyurem-Black, L71, tera:Ground|121/295\n|-ability|p1a: Kyurem|Teravolt\n|move|p2a: Dudunsparce|Boomburst|p1a: Kyurem\n|-crit|p1a: Kyurem\n|-damage|p1a: Kyurem|0 fnt\n|faint|p1a: Kyurem\n|\n|-heal|p2a: Dudunsparce|100/100 brn|[from] item: Leftovers\n|-damage|p2a: Dudunsparce|94/100 brn|[from] brn\n|upkeep\n|inactive|Time left: 300 sec this turn | 300 sec total | 5 sec grace\n|\n|t:|1783541650\n|switch|p1a: Milotic|Milotic, L83, M|175/293 tox\n|turn|36\n|inactive|Time left: 300 sec this turn | 300 sec total\n|\n|t:|1783541651\n|move|p1a: Milotic|Scald|p2a: Dudunsparce\n|-damage|p2a: Dudunsparce|65/100 brn\n|move|p2a: Dudunsparce|Boomburst|p1a: Milotic\n|-damage|p1a: Milotic|73/293 tox\n|\n|-heal|p1a: Milotic|91/293 tox|[from] item: Leftovers\n|-heal|p2a: Dudunsparce|71/100 brn|[from] item: Leftovers\n|-damage|p1a: Milotic|73/293 tox|[from] psn\n|-damage|p2a: Dudunsparce|65/100 brn|[from] brn\n|upkeep\n|turn|37\n|inactive|Time left: 300 sec this turn | 300 sec total\n|\n|t:|1783541651\n|move|p1a: Milotic|Recover|p1a: Milotic\n|-heal|p1a: Milotic|220/293 tox\n|move|p2a: Dudunsparce|Boomburst|p1a: Milotic\n|-damage|p1a: Milotic|118/293 tox\n|\n|-heal|p1a: Milotic|136/293 tox|[from] item: Leftovers\n|-heal|p2a: Dudunsparce|71/100 brn|[from] item: Leftovers\n|-damage|p1a: Milotic|100/293 tox|[from] psn\n|-damage|p2a: Dudunsparce|65/100 brn|[from] brn\n|upkeep\n|turn|38\n|inactive|Time left: 300 sec this turn | 300 sec total\n|\n|t:|1783541652\n|move|p1a: Milotic|Recover|p1a: Milotic\n|-heal|p1a: Milotic|247/293 tox\n|move|p2a: Dudunsparce|Boomburst|p1a: Milotic\n|-damage|p1a: Milotic|142/293 tox\n|\n|-heal|p1a: Milotic|160/293 tox|[from] item: Leftovers\n|-heal|p2a: Dudunsparce|71/100 brn|[from] item: Leftovers\n|-damage|p1a: Milotic|106/293 tox|[from] psn\n|-damage|p2a: Dudunsparce|65/100 brn|[from] brn\n|upkeep\n|turn|39\n|inactive|Time left: 300 sec this turn | 300 sec total\n|\n|t:|1783541653\n|move|p1a: Milotic|Recover|p1a: Milotic\n|-heal|p1a: Milotic|253/293 tox\n|move|p2a: Dudunsparce|Boomburst|p1a: Milotic\n|-damage|p1a: Milotic|142/293 tox\n|\n|-heal|p1a: Milotic|160/293 tox|[from] item: Leftovers\n|-heal|p2a: Dudunsparce|71/100 brn|[from] item: Leftovers\n|-damage|p1a: Milotic|88/293 tox|[from] psn\n|-damage|p2a: Dudunsparce|65/100 brn|[from] brn\n|upkeep\n|turn|40\n|inactive|Time left: 300 sec this turn | 300 sec total\n|\n|t:|1783541654\n|switch|p2a: Raikou|Raikou, L81|100/100\n|-ability|p2a: Raikou|Pressure\n|move|p1a: Milotic|Recover|p1a: Milotic\n|-heal|p1a: Milotic|235/293 tox\n|\n|-heal|p1a: Milotic|253/293 tox|[from] item: Leftovers\n|-damage|p1a: Milotic|163/293 tox|[from] psn\n|upkeep\n|turn|41\n|inactive|Time left: 300 sec this turn | 300 sec total\n|\n|t:|1783541654\n|move|p2a: Raikou|Thunderbolt|p1a: Milotic\n|-supereffective|p1a: Milotic\n|-damage|p1a: Milotic|0 fnt\n|faint|p1a: Milotic\n|\n|upkeep\n|inactive|Time left: 300 sec this turn | 300 sec total | 5 sec grace\n|\n|t:|1783541655\n|switch|p1a: Houndoom|Houndoom, L87, F|78/272\n|turn|42\n|inactive|Time left: 300 sec this turn | 300 sec total\n|\n|t:|1783541656\n|move|p1a: Houndoom|Sucker Punch|p2a: Raikou\n|-damage|p2a: Raikou|68/100\n|move|p2a: Raikou|Scald|p1a: Houndoom\n|-supereffective|p1a: Houndoom\n|-damage|p1a: Houndoom|0 fnt\n|faint|p1a: Houndoom\n|\n|win|p0y216dc23", "uploadtime": 1783541656, "views": 0, "rating": 0, "private": 0, "password": null, "_winner": "p0y216dc23", "_our_name": "p0x216255f"}