{"id": "battle-gen9randombattle-665", "formatid": "gen9randombattle", "format": "[Gen 9] Random Battle", "players": ["p0x6651f01", "p0y6653133"], "log": "|init|battle\n|title|p0x6651f01 vs. p0y6653133\n|j|\u2606p0x6651f01\n|j|\u2606p0y6653133\n|t:|1783546839\n|gametype|singles\n|player|p1|p0x6651f01|1|\n|player|p2|p0y6653133|170|\n|gen|9\n|tier|[Gen 9] Random Battle\n|rule|Species Clause: Limit one of each Pok\u00e9mon\n|rule|HP Percentage Mod: HP is shown in percentages\n|rule|Sleep Clause Mod: Limit one foe put to sleep\n|rule|Illusion Level Mod: Illusion disguises the Pok\u00e9mon's true level\n|\n|t:|1783546839\n|teamsize|p1|6\n|teamsize|p2|6\n|start\n|switch|p1a: Dedenne|Dedenne, L88, F|261/261\n|switch|p2a: Hypno|Hypno, L95, F|100/100\n|turn|1\n|inactive|Battle timer is ON: inactive players will automatically lose when time's up. (requested by p0y6653133)\n|inactive|Time left: 300 sec this turn | 300 sec total | 60 sec grace\n|inactive|p0x6651f01 also wants the timer to be on.\n|\n|t:|1783546841\n|move|p1a: Dedenne|Super Fang|p2a: Hypno\n|-damage|p2a: Hypno|51/100\n|move|p2a: Hypno|Psychic Noise|p1a: Dedenne\n|-damage|p1a: Dedenne|170/261\n|-start|p1a: Dedenne|move: Heal Block\n|\n|-heal|p2a: Hypno|57/100|[from] item: Leftovers\n|upkeep\n|turn|2\n|inactive|Time left: 300 sec this turn | 300 sec total\n|\n|t:|1783546842\n|move|p1a: Dedenne|Super Fang|p2a: Hypno\n|-damage|p2a: Hypno|29/100\n|move|p2a: Hypno|Psychic Noise|p1a: Dedenne\n|-damage|p1a: Dedenne|82/261\n|\n|-heal|p2a: Hypno|35/100|[from] item: Leftovers\n|-end|p1a: Dedenne|move: Heal Block\n|upkeep\n|-enditem|p1a: Dedenne|Sitrus Berry|[eat]\n|-heal|p1a: Dedenne|147/261|[from] item: Sitrus Berry\n|-heal|p1a: Dedenne|234/261|[from] ability: Cheek Pouch\n|turn|3\n|inactive|Time left: 300 sec this turn | 300 sec total\n|\n|t:|1783546843\n|switch|p1a: Overqwil|Overqwil, L82, F|274/274\n|-ability|p1a: Overqwil|Intimidate|boost\n|-unboost|p2a: Hypno|atk|1\n|move|p2a: Hypno|Psychic Noise|p1a: Overqwil\n|-immune|p1a: Overqwil\n|\n|-heal|p2a: Hypno|41/100|[from] item: Leftovers\n|upkeep\n|turn|4\n|inactive|Time left: 300 sec this turn | 300 sec total\n|\n|t:|1783546844\n|switch|p2a: Gumshoos|Gumshoos, L95, M|100/100\n|move|p1a: Overqwil|Swords Dance|p1a: Overqwil\n|-boost|p1a: Overqwil|atk|2\n|\n|upkeep\n|turn|5\n|inactive|Time left: 300 sec this turn | 300 sec total\n|\n|t:|1783546845\n|-terastallize|p2a: Gumshoos|Ground\n|move|p1a: Overqwil|Gunk Shot|p2a: Gumshoos\n|-resisted|p2a: Gumshoos\n|-damage|p2a: Gumshoos|53/100\n|move|p2a: Gumshoos|Earthquake|p1a: Overqwil\n|-supereffective|p1a: Overqwil\n|-damage|p1a: Overqwil|0 fnt\n|faint|p1a: Overqwil\n|\n|upkeep\n|inactive|Time left: 300 sec this turn | 300 sec total | 5 sec grace\n|\n|t:|1783546847\n|switch|p1a: Iron Leaves|Iron Leaves, L80|275/275\n|turn|6\n|inactive|Time left: 300 sec this turn | 300 sec total\n|\n|t:|1783546848\n|move|p1a: Iron Leaves|Leaf Blade|p2a: Gumshoos\n|-supereffective|p2a: Gumshoos\n|-damage|p2a: Gumshoos|0 fnt\n|faint|p2a: Gumshoos\n|\n|upkeep\n|\n|t:|1783546849\n|switch|p2a: Koraidon|Koraidon, L64|100/100\n|-weather|SunnyDay|[from] ability: Orichalcum Pulse|[of] p2a: Koraidon\n|-activate|p2a: Koraidon|Orichalcum Pulse|[source]\n|turn|7\n|inactive|Time left: 300 sec this turn | 300 sec total\n|\n|t:|1783546850\n|-end|p1a: Iron Leaves|Quark Drive|[silent]\n|switch|p1a: Cresselia|Cresselia, L80, F|323/323\n|move|p2a: Koraidon|Flare Blitz|p1a: Cresselia\n|-damage|p1a: Cresselia|165/323\n|-damage|p2a: Koraidon|78/100|[from] Recoil\n|\n|-weather|SunnyDay|[upkeep]\n|-heal|p1a: Cresselia|185/323|[from] item: Leftovers\n|upkeep\n|turn|8\n|inactive|Time left: 300 sec this turn | 300 sec total\n|\n|t:|1783546851\n|move|p2a: Koraidon|Flare Blitz|p1a: Cresselia\n|-damage|p1a: Cresselia|19/323\n|-status|p1a: Cresselia|brn\n|-damage|p2a: Koraidon|55/100|[from] Recoil\n|move|p1a: Cresselia|Moonlight|p1a: Cresselia\n|-heal|p1a: Cresselia|234/323 brn\n|\n|-weather|SunnyDay|[upkeep]\n|-heal|p1a: Cresselia|254/323 brn|[from] item: Leftovers\n|-damage|p1a: Cresselia|234/323 brn|[from] brn\n|upkeep\n|turn|9\n|inactive|Time left: 300 sec this turn | 300 sec total\n|\n|t:|1783546852\n|move|p2a: Koraidon|Flare Blitz|p1a: Cresselia\n|-damage|p1a: Cresselia|62/323 brn\n|-damage|p2a: Koraidon|31/100|[from] Recoil\n|move|p1a: Cresselia|Moonblast|p2a: Koraidon\n|-supereffective|p2a: Koraidon\n|-damage|p2a: Koraidon|0 fnt\n|faint|p2a: Koraidon\n|\n|-weather|SunnyDay|[upkeep]\n|-heal|p1a: Cresselia|82/323 brn|[from] item: Leftovers\n|-damage|p1a: Cresselia|62/323 brn|[from] brn\n|upkeep\n|\n|t:|1783546853\n|switch|p2a: Bellossom|Bellossom, L84, F|100/100\n|turn|10\n|inactive|Time left: 300 sec this turn | 300 sec total\n|\n|t:|1783546854\n|move|p2a: Bellossom|Quiver Dance|p2a: Bellossom\n|-boost|p2a: Bellossom|spa|1\n|-boost|p2a: Bellossom|spd|1\n|-boost|p2a: Bellossom|spe|1\n|move|p1a: Cresselia|Moonlight|p1a: Cresselia\n|-heal|p1a: Cresselia|277/323 brn\n|\n|-weather|SunnyDay|[upkeep]\n|-heal|p1a: Cresselia|297/323 brn|[from] item: Leftovers\n|-damage|p1a: Cresselia|277/323 brn|[from] brn\n|upkeep\n|turn|11\n|inactive|Time left: 300 sec this turn | 300 sec total\n|\n|t:|1783546855\n|switch|p1a: Iron Leaves|Iron Leaves, L80|275/275\n|move|p2a: Bellossom|Quiver Dance|p2a: Bellossom\n|-boost|p2a: Bellossom|spa|1\n|-boost|p2a: Bellossom|spd|1\n|-boost|p2a: Bellossom|spe|1\n|\n|-weather|none\n|upkeep\n|turn|12\n|inactive|Time left: 300 sec this turn | 300 sec total\n|\n|t:|1783546856\n|move|p2a: Bellossom|Strength Sap|p1a: Iron Leaves\n|-unboost|p1a: Iron Leaves|atk|1\n|move|p1a: Iron Leaves|Megahorn|p2a: Bellossom\n|-supereffective|p2a: Bellossom\n|-damage|p2a: Bellossom|34/100\n|\n|-heal|p2a: Bellossom|40/100|[from] item: Leftovers\n|upkeep\n|turn|13\n|inactive|Time left: 300 sec this turn | 300 sec total\n|\n|t:|1783546857\n|move|p2a: Bellossom|Strength Sap|p1a: Iron Leaves\n|-unboost|p1a: Iron Leaves|atk|1\n|-heal|p2a: Bellossom|100/100\n|move|p1a: Iron Leaves|Megahorn|p2a: Bellossom\n|-supereffective|p2a: Bellossom\n|-damage|p2a: Bellossom|44/100\n|\n|-heal|p2a: Bellossom|50/100|[from] item: Leftovers\n|upkeep\n|turn|14\n|inactive|Time left: 300 sec this turn | 300 sec total\n|\n|t:|1783546858\n|move|p2a: Bellossom|Strength Sap|p1a: Iron Leaves\n|-unboost|p1a: Iron Leaves|atk|1\n|-heal|p2a: Bellossom|99/100\n|move|p1a: Iron Leaves|Megahorn|p2a: Bellossom\n|-supereffective|p2a: Bellossom\n|-damage|p2a: Bellossom|56/100\n|\n|-heal|p2a: Bellossom|62/100|[from] item: Leftovers\n|upkeep\n|turn|15\n|inactive|Time left: 300 sec this turn | 300 sec total\n|\n|t:|1783546859\n|-end|p1a: Iron Leaves|Quark Drive|[silent]\n|switch|p1a: Scizor|Scizor, L79, F|240/240\n|move|p2a: Bellossom|Giga Drain|p1a: Scizor\n|-resisted|p1a: Scizor\n|-damage|p1a: Scizor|195/240\n|-heal|p2a: Bellossom|71/100|[from] drain|[of] p1a: Scizor\n|\n|-heal|p2a: Bellossom|77/100|[from] item: Leftovers\n|upkeep\n|turn|16\n|inactive|Time left: 300 sec this turn | 300 sec total\n|\n|t:|1783546860\n|move|p2a: Bellossom|Strength Sap|p1a: Scizor\n|-unboost|p1a: Scizor|atk|1\n|-heal|p2a: Bellossom|100/100\n|move|p1a: Scizor|U-turn|p2a: Bellossom\n|-supereffective|p2a: Bellossom\n|-damage|p2a: Bellossom|40/100\n|inactive|Time left: 300 sec this turn | 300 sec total | 5 sec grace\n|\n|t:|1783546861\n|switch|p1a: Iron Leaves|Iron Leaves, L80|275/275|[from] U-turn\n|\n|-heal|p2a: Bellossom|47/100|[from] item: Leftovers\n|upkeep\n|turn|17\n|inactive|Time left: 300 sec this turn | 300 sec total\n|\n|t:|1783546862\n|move|p2a: Bellossom|Strength Sap|p1a: Iron Leaves\n|-unboost|p1a: Iron Leaves|atk|1\n|-heal|p2a: Bellossom|100/100\n|move|p1a: Iron Leaves|Megahorn|p2a: Bellossom\n|-supereffective|p2a: Bellossom\n|-damage|p2a: Bellossom|31/100\n|\n|-heal|p2a: Bellossom|37/100|[from] item: Leftovers\n|upkeep\n|turn|18\n|inactive|Time left: 300 sec this turn | 300 sec total\n|\n|t:|1783546863\n|move|p2a: Bellossom|Strength Sap|p1a: Iron Leaves\n|-unboost|p1a: Iron Leaves|atk|1\n|-heal|p2a: Bellossom|100/100\n|move|p1a: Iron Leaves|Megahorn|p2a: Bellossom\n|-supereffective|p2a: Bellossom\n|-damage|p2a: Bellossom|48/100\n|\n|-heal|p2a: Bellossom|54/100|[from] item: Leftovers\n|upkeep\n|turn|19\n|inactive|Time left: 300 sec this turn | 300 sec total\n|\n|t:|1783546864\n|move|p2a: Bellossom|Strength Sap|p1a: Iron Leaves\n|-unboost|p1a: Iron Leaves|atk|1\n|-heal|p2a: Bellossom|100/100\n|move|p1a: Iron Leaves|Megahorn|p2a: Bellossom\n|-supereffective|p2a: Bellossom\n|-damage|p2a: Bellossom|60/100\n|\n|-heal|p2a: Bellossom|66/100|[from] item: Leftovers\n|upkeep\n|turn|20\n|inactive|Time left: 300 sec this turn | 300 sec total\n|\n|t:|1783546865\n|-end|p1a: Iron Leaves|Quark Drive|[silent]\n|switch|p1a: Scizor|Scizor, L79, F|195/240\n|move|p2a: Bellossom|Strength Sap|p1a: Scizor\n|-unboost|p1a: Scizor|atk|1\n|-heal|p2a: Bellossom|100/100\n|\n|upkeep\n|turn|21\n|inactive|Time left: 300 sec this turn | 300 sec total\n|\n|t:|1783546866\n|move|p2a: Bellossom|Quiver Dance|p2a: Bellossom\n|-boost|p2a: Bellossom|spa|1\n|-boost|p2a: Bellossom|spd|1\n|-boost|p2a: Bellossom|spe|1\n|move|p1a: Scizor|U-turn|p2a: Bellossom\n|-supereffective|p2a: Bellossom\n|-damage|p2a: Bellossom|43/100\n|inactive|Time left: 300 sec this turn | 300 sec total | 5 sec grace\n|\n|t:|1783546867\n|switch|p1a: Iron Leaves|Iron Leaves, L80|275/275|[from] U-turn\n|\n|-heal|p2a: Bellossom|49/100|[from] item: Leftovers\n|upkeep\n|turn|22\n|inactive|Time left: 300 sec this turn | 300 sec total\n|\n|t:|1783546868\n|move|p2a: Bellossom|Strength Sap|p1a: Iron Leaves\n|-unboost|p1a: Iron Leaves|atk|1\n|-heal|p2a: Bellossom|100/100\n|move|p1a: Iron Leaves|Megahorn|p2a: Bellossom\n|-supereffective|p2a: Bellossom\n|-damage|p2a: Bellossom|27/100\n|\n|-heal|p2a: Bellossom|33/100|[from] item: Leftovers\n|upkeep\n|turn|23\n|inactive|Time left: 300 sec this turn | 300 sec total\n|\n|t:|1783546869\n|move|p2a: Bellossom|Strength Sap|p1a: Iron Leaves\n|-unboost|p1a: Iron Leaves|atk|1\n|-heal|p2a: Bellossom|97/100\n|move|p1a: Iron Leaves|Megahorn|p2a: Bellossom\n|-supereffective|p2a: Bellossom\n|-damage|p2a: Bellossom|44/100\n|\n|-heal|p2a: Bellossom|50/100|[from] item: Leftovers\n|upkeep\n|turn|24\n|inactive|Time left: 300 sec this turn | 300 sec total\n|\n|t:|1783546870\n|move|p2a: Bellossom|Strength Sap|p1a: Iron Leaves\n|-unboost|p1a: Iron Leaves|atk|1\n|-heal|p2a: Bellossom|98/100\n|move|p1a: Iron Leaves|Megahorn|p2a: Bellossom\n|-supereffective|p2a: Bellossom\n|-damage|p2a: Bellossom|53/100\n|\n|-heal|p2a: Bellossom|59/100|[from] item: Leftovers\n|upkeep\n|turn|25\n|inactive|Time left: 300 sec this turn | 300 sec total\n|\n|t:|1783546871\n|-end|p1a: Iron Leaves|Quark Drive|[silent]\n|switch|p1a: Scizor|Scizor, L79, F|195/240\n|move|p2a: Bellossom|Strength Sap|p1a: Scizor\n|-unboost|p1a: Scizor|atk|1\n|-heal|p2a: Bellossom|100/100\n|\n|upkeep\n|turn|26\n|inactive|Time left: 300 sec this turn | 300 sec total\n|\n|t:|1783546872\n|move|p2a: Bellossom|Quiver Dance|p2a: Bellossom\n|-boost|p2a: Bellossom|spa|1\n|-boost|p2a: Bellossom|spd|1\n|-boost|p2a: Bellossom|spe|1\n|move|p1a: Scizor|U-turn|p2a: Bellossom\n|-supereffective|p2a: Bellossom\n|-damage|p2a: Bellossom|41/100\n|inactive|Time left: 300 sec this turn | 300 sec total | 5 sec grace\n|\n|t:|1783546873\n|switch|p1a: Iron Leaves|Iron Leaves, L80|275/275|[from] U-turn\n|\n|-heal|p2a: Bellossom|47/100|[from] item: Leftovers\n|upkeep\n|turn|27\n|inactive|Time left: 300 sec this turn | 300 sec total\n|\n|t:|1783546874\n|move|p2a: Bellossom|Strength Sap|p1a: Iron Leaves\n|-unboost|p1a: Iron Leaves|atk|1\n|-heal|p2a: Bellossom|100/100\n|move|p1a: Iron Leaves|Megahorn|p2a: Bellossom\n|-supereffective|p2a: Bellossom\n|-damage|p2a: Bellossom|35/100\n|\n|-heal|p2a: Bellossom|41/100|[from] item: Leftovers\n|upkeep\n|turn|28\n|inactive|Time left: 300 sec this turn | 300 sec total\n|\n|t:|1783546875\n|move|p2a: Bellossom|Strength Sap|p1a: Iron Leaves\n|-unboost|p1a: Iron Leaves|atk|1\n|-heal|p2a: Bellossom|100/100\n|move|p1a: Iron Leaves|Megahorn|p2a: Bellossom\n|-supereffective|p2a: Bellossom\n|-damage|p2a: Bellossom|50/100\n|\n|-heal|p2a: Bellossom|56/100|[from] item: Leftovers\n|upkeep\n|turn|29\n|inactive|Time left: 300 sec this turn | 300 sec total\n|\n|t:|1783546875\n|move|p2a: Bellossom|Strength Sap|p1a: Iron Leaves\n|-unboost|p1a: Iron Leaves|atk|1\n|-heal|p2a: Bellossom|100/100\n|move|p1a: Iron Leaves|Megahorn|p2a: Bellossom\n|-supereffective|p2a: Bellossom\n|-damage|p2a: Bellossom|59/100\n|\n|-heal|p2a: Bellossom|66/100|[from] item: Leftovers\n|upkeep\n|turn|30\n|inactive|Time left: 300 sec this turn | 300 sec total\n|\n|t:|1783546876\n|-end|p1a: Iron Leaves|Quark Drive|[silent]\n|switch|p1a: Scizor|Scizor, L79, F|195/240\n|move|p2a: Bellossom|Giga Drain|p1a: Scizor\n|-resisted|p1a: Scizor\n|-damage|p1a: Scizor|137/240\n|-heal|p2a: Bellossom|77/100|[from] drain|[of] p1a: Scizor\n|\n|-heal|p2a: Bellossom|83/100|[from] item: Leftovers\n|upkeep\n|turn|31\n|inactive|Time left: 300 sec this turn | 300 sec total\n|\n|t:|1783546877\n|move|p2a: Bellossom|Giga Drain|p1a: Scizor\n|-resisted|p1a: Scizor\n|-damage|p1a: Scizor|75/240\n|-heal|p2a: Bellossom|94/100|[from] drain|[of] p1a: Scizor\n|move|p1a: Scizor|U-turn|p2a: Bellossom\n|-supereffective|p2a: Bellossom\n|-damage|p2a: Bellossom|12/100\n|inactive|Time left: 300 sec this turn | 300 sec total | 5 sec grace\n|\n|t:|1783546878\n|switch|p1a: Iron Leaves|Iron Leaves, L80|275/275|[from] U-turn\n|\n|-heal|p2a: Bellossom|18/100|[from] item: Leftovers\n|upkeep\n|turn|32\n|inactive|Time left: 300 sec this turn | 300 sec total\n|\n|t:|1783546879\n|move|p2a: Bellossom|Strength Sap|p1a: Iron Leaves\n|-unboost|p1a: Iron Leaves|atk|1\n|-heal|p2a: Bellossom|100/100\n|move|p1a: Iron Leaves|Megahorn|p2a: Bellossom|[miss]\n|-miss|p1a: Iron Leaves|p2a: Bellossom\n|\n|upkeep\n|turn|33\n|inactive|Time left: 300 sec this turn | 300 sec total\n|\n|t:|1783546880\n|move|p2a: Bellossom|Tera Blast|p1a: Iron Leaves\n|-damage|p1a: Iron Leaves|132/275\n|move|p1a: Iron Leaves|Megahorn|p2a: Bellossom\n|-supereffective|p2a: Bellossom\n|-damage|p2a: Bellossom|28/100\n|\n|-heal|p2a: Bellossom|34/100|[from] item: Leftovers\n|upkeep\n|turn|34\n|inactive|Time left: 300 sec this turn | 300 sec total\n|\n|t:|1783546881\n|move|p2a: Bellossom|Tera Blast|p1a: Iron Leaves\n|-damage|p1a: Iron Leaves|0 fnt\n|faint|p1a: Iron Leaves\n|-end|p1a: Iron Leaves|Quark Drive|[silent]\n|\n|-heal|p2a: Bellossom|40/100|[from] item: Leftovers\n|upkeep\n|inactive|Time left: 300 sec this turn | 300 sec total | 5 sec grace\n|\n|t:|1783546883\n|switch|p1a: Scizor|Scizor, L79, F|75/240\n|turn|35\n|inactive|Time left: 300 sec this turn | 300 sec total\n|\n|t:|1783546884\n|-terastallize|p1a: Scizor|Steel\n|move|p1a: Scizor|Bullet Punch|p2a: Bellossom\n|-damage|p2a: Bellossom|0 fnt\n|faint|p2a: Bellossom\n|\n|upkeep\n|\n|t:|1783546885\n|switch|p2a: Floatzel|Floatzel, L86, M|100/100\n|turn|36\n|inactive|Time left: 300 sec this turn | 300 sec total\n|\n|t:|1783546886\n|move|p1a: Scizor|Bullet Punch|p2a: Floatzel\n|-resisted|p2a: Floatzel\n|-damage|p2a: Floatzel|67/100\n|move|p2a: Floatzel|Bulk Up|p2a: Floatzel\n|-boost|p2a: Floatzel|atk|1\n|-boost|p2a: Floatzel|def|1\n|\n|-heal|p2a: Floatzel|73/100|[from] item: Leftovers\n|upkeep\n|turn|37\n|inactive|Time left: 300 sec this turn | 300 sec total\n|\n|t:|1783546887\n|move|p1a: Scizor|Bullet Punch|p2a: Floatzel\n|-resisted|p2a: Floatzel\n|-damage|p2a: Floatzel|49/100\n|move|p2a: Floatzel|Bulk Up|p2a: Floatzel\n|-boost|p2a: Floatzel|atk|1\n|-boost|p2a: Floatzel|def|1\n|\n|-heal|p2a: Floatzel|55/100|[from] item: Leftovers\n|upkeep\n|turn|38\n|inactive|Time left: 300 sec this turn | 300 sec total\n|\n|t:|1783546888\n|move|p1a: Scizor|Bullet Punch|p2a: Floatzel\n|-resisted|p2a: Floatzel\n|-damage|p2a: Floatzel|37/100\n|move|p2a: Floatzel|Bulk Up|p2a: Floatzel\n|-boost|p2a: Floatzel|atk|1\n|-boost|p2a: Floatzel|def|1\n|\n|-heal|p2a: Floatzel|42/100|[from] item: Leftovers\n|upkeep\n|turn|39\n|inactive|Time left: 300 sec this turn | 300 sec total\n|\n|t:|1783546889\n|move|p1a: Scizor|Bullet Punch|p2a: Floatzel\n|-resisted|p2a: Floatzel\n|-damage|p2a: Floatzel|29/100\n|move|p2a: Floatzel|Ice Spinner|p1a: Scizor\n|-resisted|p1a: Scizor\n|-damage|p1a: Scizor|0 fnt\n|faint|p1a: Scizor\n|\n|-heal|p2a: Floatzel|35/100|[from] item: Leftovers\n|upkeep\n|inactive|Time left: 300 sec this turn | 300 sec total | 5 sec grace\n|\n|t:|1783546890\n|switch|p1a: Dedenne|Dedenne, L88, F|234/261\n|turn|40\n|inactive|Time left: 300 sec this turn | 300 sec total\n|\n|t:|1783546891\n|switch|p1a: Noctowl|Noctowl, L95, F|344/344\n|move|p2a: Floatzel|Wave Crash|p1a: Noctowl\n|-damage|p1a: Noctowl|0 fnt\n|faint|p1a: Noctowl\n|-damage|p2a: Floatzel|0 fnt|[from] Recoil\n|faint|p2a: Floatzel\n|\n|upkeep\n|inactive|Time left: 300 sec this turn | 300 sec total | 5 sec grace\n|\n|t:|1783546892\n|switch|p2a: Hypno|Hypno, L95, F|41/100\n|switch|p1a: Dedenne|Dedenne, L88, F|234/261\n|turn|41\n|inactive|Time left: 300 sec this turn | 300 sec total\n|\n|t:|1783546893\n|move|p1a: Dedenne|U-turn|p2a: Hypno\n|-supereffective|p2a: Hypno\n|-damage|p2a: Hypno|14/100\n|inactive|Time left: 300 sec this turn | 300 sec total | 5 sec grace\n|\n|t:|1783546894\n|switch|p1a: Cresselia|Cresselia, L80, F|277/323 brn|[from] U-turn\n|move|p2a: Hypno|Toxic||[still]\n|-fail|p2a: Hypno\n|\n|-heal|p1a: Cresselia|297/323 brn|[from] item: Leftovers\n|-heal|p2a: Hypno|20/100|[from] item: Leftovers\n|-damage|p1a: Cresselia|277/323 brn|[from] brn\n|upkeep\n|turn|42\n|inactive|Time left: 300 sec this turn | 300 sec total\n|\n|t:|1783546895\n|switch|p2a: Malamar|Malamar, L82, F|100/100\n|move|p1a: Cresselia|Calm Mind|p1a: Cresselia\n|-boost|p1a: Cresselia|spa|1\n|-boost|p1a: Cresselia|spd|1\n|\n|-heal|p1a: Cresselia|297/323 brn|[from] item: Leftovers\n|-damage|p1a: Cresselia|277/323 brn|[from] brn\n|upkeep\n|turn|43\n|inactive|Time left: 300 sec this turn | 300 sec total\n|\n|t:|1783546896\n|move|p1a: Cresselia|Moonblast|p2a: Malamar\n|-supereffective|p2a: Malamar\n|-damage|p2a: Malamar|41/100\n|-boost|p2a: Malamar|spa|1\n|move|p2a: Malamar|Rest|p2a: Malamar\n|-status|p2a: Malamar|slp|[from] move: Rest\n|-heal|p2a: Malamar|100/100 slp|[silent]\n|-enditem|p2a: Malamar|Chesto Berry|[eat]\n|-curestatus|p2a: Malamar|slp|[msg]\n|\n|-heal|p1a: Cresselia|297/323 brn|[from] item: Leftovers\n|-damage|p1a: Cresselia|277/323 brn|[from] brn\n|upkeep\n|turn|44\n|inactive|Time left: 300 sec this turn | 300 sec total\n|\n|t:|1783546897\n|move|p1a: Cresselia|Moonblast|p2a: Malamar\n|-supereffective|p2a: Malamar\n|-damage|p2a: Malamar|31/100\n|-boost|p2a: Malamar|spa|1\n|move|p2a: Malamar|Knock Off|p1a: Cresselia\n|-supereffective|p1a: Cresselia\n|-damage|p1a: Cresselia|107/323 brn\n|-enditem|p1a: Cresselia|Leftovers|[from] move: Knock Off|[of] p2a: Malamar\n|\n|-damage|p1a: Cresselia|87/323 brn|[from] brn\n|upkeep\n|turn|45\n|inactive|Time left: 300 sec this turn | 300 sec total\n|\n|t:|1783546898\n|switch|p2a: Hypno|Hypno, L95, F|20/100\n|move|p1a: Cresselia|Moonblast|p2a: Hypno\n|-damage|p2a: Hypno|2/100\n|\n|-heal|p2a: Hypno|8/100|[from] item: Leftovers\n|-damage|p1a: Cresselia|67/323 brn|[from] brn\n|upkeep\n|turn|46\n|inactive|Time left: 300 sec this turn | 300 sec total\n|\n|t:|1783546899\n|move|p2a: Hypno|Protect|p2a: Hypno\n|-singleturn|p2a: Hypno|Protect\n|move|p1a: Cresselia|Moonblast|p2a: Hypno\n|-activate|p2a: Hypno|move: Protect\n|\n|-heal|p2a: Hypno|14/100|[from] item: Leftovers\n|-damage|p1a: Cresselia|47/323 brn|[from] brn\n|upkeep\n|turn|47\n|inactive|Time left: 300 sec this turn | 300 sec total\n|\n|t:|1783546900\n|move|p2a: Hypno|Protect||[still]\n|-fail|p2a: Hypno\n|move|p1a: Cresselia|Moonblast|p2a: Hypno\n|-damage|p2a: Hypno|0 fnt\n|faint|p2a: Hypno\n|\n|-damage|p1a: Cresselia|27/323 brn|[from] brn\n|upkeep\n|\n|t:|1783546901\n|switch|p2a: Malamar|Malamar, L82, F|31/100\n|turn|48\n|inactive|Time left: 300 sec this turn | 300 sec total\n|\n|t:|1783546901\n|move|p1a: Cresselia|Moonblast|p2a: Malamar\n|-supereffective|p2a: Malamar\n|-damage|p2a: Malamar|0 fnt\n|faint|p2a: Malamar\n|\n|win|p0x6651f01", "uploadtime": 1783546901, "views": 0, "rating": 0, "private": 0, "password": null, "_winner": "p0x6651f01", "_our_name": "p0x6651f01"}