{"id": "battle-gen9randombattle-2066", "formatid": "gen9randombattle", "format": "[Gen 9] Random Battle", "players": ["p0x20660f14", "p0y2066646e"], "log": "|init|battle\n|title|p0x20660f14 vs. p0y2066646e\n|j|\u2606p0x20660f14\n|j|\u2606p0y2066646e\n|t:|1783563135\n|gametype|singles\n|player|p1|p0x20660f14|266|\n|player|p2|p0y2066646e|170|\n|gen|9\n|tier|[Gen 9] Random Battle\n|rule|Species Clause: Limit one of each Pok\u00e9mon\n|rule|HP Percentage Mod: HP is shown in percentages\n|rule|Sleep Clause Mod: Limit one foe put to sleep\n|rule|Illusion Level Mod: Illusion disguises the Pok\u00e9mon's true level\n|\n|t:|1783563135\n|teamsize|p1|6\n|teamsize|p2|6\n|start\n|switch|p1a: Crawdaunt|Crawdaunt, L84, M|243/243\n|switch|p2a: Duraludon|Duraludon, L82, M|100/100\n|turn|1\n|inactive|Battle timer is ON: inactive players will automatically lose when time's up. (requested by p0y2066646e)\n|inactive|Time left: 300 sec this turn | 300 sec total | 60 sec grace\n|inactive|p0x20660f14 also wants the timer to be on.\n|\n|t:|1783563136\n|move|p2a: Duraludon|Flash Cannon|p1a: Crawdaunt\n|-resisted|p1a: Crawdaunt\n|-damage|p1a: Crawdaunt|183/243\n|move|p1a: Crawdaunt|Dragon Dance|p1a: Crawdaunt\n|-boost|p1a: Crawdaunt|atk|1\n|-boost|p1a: Crawdaunt|spe|1\n|\n|upkeep\n|turn|2\n|inactive|Time left: 300 sec this turn | 300 sec total\n|\n|t:|1783563138\n|move|p1a: Crawdaunt|Knock Off|p2a: Duraludon\n|-damage|p2a: Duraludon|36/100\n|-enditem|p2a: Duraludon|Eviolite|[from] move: Knock Off|[of] p1a: Crawdaunt\n|-damage|p1a: Crawdaunt|159/243|[from] item: Life Orb\n|move|p2a: Duraludon|Draco Meteor|p1a: Crawdaunt\n|-damage|p1a: Crawdaunt|0 fnt\n|-unboost|p2a: Duraludon|spa|2\n|faint|p1a: Crawdaunt\n|\n|upkeep\n|inactive|Time left: 300 sec this turn | 300 sec total | 5 sec grace\n|\n|t:|1783563139\n|switch|p1a: Moltres|Moltres-Galar, L79|271/271\n|turn|3\n|inactive|Time left: 300 sec this turn | 300 sec total\n|\n|t:|1783563140\n|switch|p2a: Piloswine|Piloswine, L85, M|100/100\n|move|p1a: Moltres|Nasty Plot|p1a: Moltres\n|-boost|p1a: Moltres|spa|2\n|\n|upkeep\n|turn|4\n|inactive|Time left: 300 sec this turn | 300 sec total\n|\n|t:|1783563141\n|move|p1a: Moltres|Fiery Wrath|p2a: Piloswine\n|-damage|p2a: Piloswine|50/100\n|move|p2a: Piloswine|Roar|p1a: Moltres\n|drag|p1a: Arboliva|Arboliva, L91, F|288/288\n|\n|upkeep\n|turn|5\n|inactive|Time left: 300 sec this turn | 300 sec total\n|\n|t:|1783563142\n|move|p2a: Piloswine|Icicle Crash|p1a: Arboliva\n|-supereffective|p1a: Arboliva\n|-damage|p1a: Arboliva|112/288\n|-enditem|p1a: Arboliva|Sitrus Berry|[eat]\n|-heal|p1a: Arboliva|184/288|[from] item: Sitrus Berry\n|move|p1a: Arboliva|Hyper Voice|p2a: Piloswine\n|-damage|p2a: Piloswine|12/100\n|\n|-item|p1a: Arboliva|Sitrus Berry|[from] ability: Harvest\n|upkeep\n|turn|6\n|inactive|Time left: 300 sec this turn | 300 sec total\n|\n|t:|1783563143\n|move|p2a: Piloswine|Icicle Crash|p1a: Arboliva\n|-supereffective|p1a: Arboliva\n|-crit|p1a: Arboliva\n|-damage|p1a: Arboliva|0 fnt\n|faint|p1a: Arboliva\n|\n|upkeep\n|inactive|Time left: 300 sec this turn | 300 sec total | 5 sec grace\n|\n|t:|1783563144\n|switch|p1a: Moltres|Moltres-Galar, L79|271/271\n|turn|7\n|inactive|Time left: 300 sec this turn | 300 sec total\n|\n|t:|1783563145\n|switch|p2a: Lurantis|Lurantis, L87, M|100/100\n|move|p1a: Moltres|Hurricane|p2a: Lurantis\n|-supereffective|p2a: Lurantis\n|-damage|p2a: Lurantis|46/100\n|-start|p2a: Lurantis|confusion\n|\n|upkeep\n|turn|8\n|inactive|Time left: 300 sec this turn | 300 sec total\n|\n|t:|1783563146\n|move|p1a: Moltres|Hurricane|p2a: Lurantis|[miss]\n|-miss|p1a: Moltres|p2a: Lurantis\n|-activate|p2a: Lurantis|confusion\n|move|p2a: Lurantis|Superpower|p1a: Moltres\n|-damage|p1a: Moltres|168/271\n|-boost|p2a: Lurantis|atk|1\n|-boost|p2a: Lurantis|def|1\n|\n|upkeep\n|turn|9\n|inactive|Time left: 300 sec this turn | 300 sec total\n|\n|t:|1783563147\n|move|p1a: Moltres|Hurricane|p2a: Lurantis\n|-supereffective|p2a: Lurantis\n|-damage|p2a: Lurantis|0 fnt\n|faint|p2a: Lurantis\n|\n|upkeep\n|\n|t:|1783563148\n|switch|p2a: Cetitan|Cetitan, L82, F|100/100\n|turn|10\n|inactive|Time left: 300 sec this turn | 300 sec total\n|\n|t:|1783563149\n|move|p1a: Moltres|Fiery Wrath|p2a: Cetitan\n|-damage|p2a: Cetitan|70/100\n|move|p2a: Cetitan|Ice Spinner|p1a: Moltres\n|-supereffective|p1a: Moltres\n|-damage|p1a: Moltres|0 fnt\n|faint|p1a: Moltres\n|\n|upkeep\n|inactive|Time left: 300 sec this turn | 300 sec total | 5 sec grace\n|\n|t:|1783563150\n|switch|p1a: Iron Thorns|Iron Thorns, L83|302/302\n|-item|p1a: Iron Thorns|Air Balloon\n|turn|11\n|inactive|Time left: 300 sec this turn | 300 sec total\n|\n|t:|1783563151\n|switch|p2a: Annihilape|Annihilape, L76, F|100/100\n|move|p1a: Iron Thorns|Stone Edge|p2a: Annihilape\n|-resisted|p2a: Annihilape\n|-damage|p2a: Annihilape|74/100\n|\n|-heal|p2a: Annihilape|80/100|[from] item: Leftovers\n|upkeep\n|turn|12\n|inactive|Time left: 300 sec this turn | 300 sec total\n|\n|t:|1783563151\n|move|p2a: Annihilape|Bulk Up|p2a: Annihilape\n|-boost|p2a: Annihilape|atk|1\n|-boost|p2a: Annihilape|def|1\n|move|p1a: Iron Thorns|Spikes|p2a: Annihilape\n|-sidestart|p2: p0y2066646e|Spikes\n|\n|-heal|p2a: Annihilape|86/100|[from] item: Leftovers\n|upkeep\n|turn|13\n|inactive|Time left: 300 sec this turn | 300 sec total\n|\n|t:|1783563152\n|move|p2a: Annihilape|Drain Punch|p1a: Iron Thorns\n|-supereffective|p1a: Iron Thorns\n|-damage|p1a: Iron Thorns|114/302\n|-heal|p2a: Annihilape|100/100|[from] drain|[of] p1a: Iron Thorns\n|-enditem|p1a: Iron Thorns|Air Balloon\n|move|p1a: Iron Thorns|Spikes|p2a: Annihilape\n|-sidestart|p2: p0y2066646e|Spikes\n|\n|upkeep\n|turn|14\n|inactive|Time left: 300 sec this turn | 300 sec total\n|\n|t:|1783563153\n|move|p2a: Annihilape|Bulk Up|p2a: Annihilape\n|-boost|p2a: Annihilape|atk|1\n|-boost|p2a: Annihilape|def|1\n|move|p1a: Iron Thorns|Spikes|p2a: Annihilape\n|-sidestart|p2: p0y2066646e|Spikes\n|\n|upkeep\n|turn|15\n|inactive|Time left: 300 sec this turn | 300 sec total\n|\n|t:|1783563154\n|move|p2a: Annihilape|Drain Punch|p1a: Iron Thorns\n|-supereffective|p1a: Iron Thorns\n|-damage|p1a: Iron Thorns|0 fnt\n|faint|p1a: Iron Thorns\n|-end|p1a: Iron Thorns|Quark Drive|[silent]\n|\n|upkeep\n|inactive|Time left: 300 sec this turn | 300 sec total | 5 sec grace\n|\n|t:|1783563155\n|switch|p1a: Electivire|Electivire, L84, M|263/263\n|turn|16\n|inactive|Time left: 300 sec this turn | 300 sec total\n|\n|t:|1783563156\n|move|p1a: Electivire|Knock Off|p2a: Annihilape\n|-damage|p2a: Annihilape|83/100\n|-enditem|p2a: Annihilape|Leftovers|[from] move: Knock Off|[of] p1a: Electivire\n|move|p2a: Annihilape|Drain Punch|p1a: Electivire\n|-damage|p1a: Electivire|65/263\n|-heal|p2a: Annihilape|100/100|[from] drain|[of] p1a: Electivire\n|\n|upkeep\n|turn|17\n|inactive|Time left: 300 sec this turn | 300 sec total\n|\n|t:|1783563157\n|move|p1a: Electivire|Knock Off|p2a: Annihilape\n|-damage|p2a: Annihilape|89/100\n|move|p2a: Annihilape|Drain Punch|p1a: Electivire\n|-damage|p1a: Electivire|0 fnt\n|-heal|p2a: Annihilape|99/100|[from] drain|[of] p1a: Electivire\n|faint|p1a: Electivire\n|\n|upkeep\n|inactive|Time left: 300 sec this turn | 300 sec total | 5 sec grace\n|\n|t:|1783563157\n|switch|p1a: Hitmonlee|Hitmonlee, L85, M|224/224\n|turn|18\n|inactive|Time left: 300 sec this turn | 300 sec total\n|\n|t:|1783563158\n|-terastallize|p1a: Hitmonlee|Fighting\n|move|p1a: Hitmonlee|Poison Jab|p2a: Annihilape\n|-resisted|p2a: Annihilape\n|-damage|p2a: Annihilape|93/100\n|move|p2a: Annihilape|Drain Punch|p1a: Hitmonlee\n|-damage|p1a: Hitmonlee|1/224\n|-heal|p2a: Annihilape|100/100|[from] drain|[of] p1a: Hitmonlee\n|\n|upkeep\n|turn|19\n|inactive|Time left: 300 sec this turn | 300 sec total\n|\n|t:|1783563159\n|move|p1a: Hitmonlee|Close Combat|p2a: Annihilape\n|-immune|p2a: Annihilape\n|move|p2a: Annihilape|Rage Fist|p1a: Hitmonlee\n|-damage|p1a: Hitmonlee|0 fnt\n|faint|p1a: Hitmonlee\n|\n|win|p0y2066646e", "uploadtime": 1783563159, "views": 0, "rating": 0, "private": 0, "password": null, "_winner": "p0y2066646e", "_our_name": "p0x20660f14"}