{"id": "battle-gen9randombattle-899", "formatid": "gen9randombattle", "format": "[Gen 9] Random Battle", "players": ["p0x899bd15", "p0y8998175"], "log": "|init|battle\n|title|p0x899bd15 vs. p0y8998175\n|j|\u2606p0x899bd15\n|j|\u2606p0y8998175\n|t:|1783549578\n|gametype|singles\n|player|p1|p0x899bd15|101|\n|player|p2|p0y8998175|101|\n|gen|9\n|tier|[Gen 9] Random Battle\n|rule|Species Clause: Limit one of each Pok\u00e9mon\n|rule|HP Percentage Mod: HP is shown in percentages\n|rule|Sleep Clause Mod: Limit one foe put to sleep\n|rule|Illusion Level Mod: Illusion disguises the Pok\u00e9mon's true level\n|\n|t:|1783549578\n|teamsize|p1|6\n|teamsize|p2|6\n|start\n|switch|p1a: Landorus|Landorus, L75, M|257/257\n|switch|p2a: Electivire|Electivire, L84, M|100/100\n|turn|1\n|inactive|Battle timer is ON: inactive players will automatically lose when time's up. (requested by p0x899bd15)\n|\n|t:|1783549580\n|move|p2a: Electivire|Ice Punch|p1a: Landorus\n|-supereffective|p1a: Landorus\n|-damage|p1a: Landorus|0 fnt\n|faint|p1a: Landorus\n|-damage|p2a: Electivire|91/100|[from] item: Life Orb\n|\n|upkeep\n|inactive|Time left: 300 sec this turn | 300 sec total | 65 sec grace\n|inactive|p0y8998175 also wants the timer to be on.\n|\n|t:|1783549581\n|switch|p1a: Archaludon|Archaludon, L78, F|268/268\n|turn|2\n|inactive|Time left: 300 sec this turn | 300 sec total\n|\n|t:|1783549582\n|move|p2a: Electivire|Bulk Up|p2a: Electivire\n|-boost|p2a: Electivire|atk|1\n|-boost|p2a: Electivire|def|1\n|move|p1a: Archaludon|Outrage|p2a: Electivire\n|-damage|p2a: Electivire|56/100\n|\n|upkeep\n|turn|3\n|inactive|Time left: 300 sec this turn | 300 sec total\n|\n|t:|1783549582\n|move|p2a: Electivire|Earthquake|p1a: Archaludon\n|-supereffective|p1a: Archaludon\n|-crit|p1a: Archaludon\n|-damage|p1a: Archaludon|0 fnt\n|faint|p1a: Archaludon\n|-damage|p2a: Electivire|46/100|[from] item: Life Orb\n|\n|upkeep\n|inactive|Time left: 300 sec this turn | 300 sec total | 5 sec grace\n|\n|t:|1783549583\n|switch|p1a: Jirachi|Jirachi, L80|235/235\n|turn|4\n|inactive|Time left: 300 sec this turn | 300 sec total\n|\n|t:|1783549584\n|move|p1a: Jirachi|Dark Pulse|p2a: Electivire\n|-damage|p2a: Electivire|0 fnt\n|faint|p2a: Electivire\n|\n|upkeep\n|\n|t:|1783549585\n|switch|p2a: Meowscarada|Meowscarada, L78, M|100/100\n|turn|5\n|inactive|Time left: 300 sec this turn | 300 sec total\n|\n|t:|1783549586\n|move|p2a: Meowscarada|Knock Off|p1a: Jirachi\n|-start|p2a: Meowscarada|typechange|Dark|[from] ability: Protean\n|-resisted|p1a: Jirachi\n|-damage|p1a: Jirachi|168/235\n|replace|p1a: Zoroark|Zoroark, L83, M\n|-end|p1a: Zoroark|Illusion\n|-hint|Illusion Level Mod is active, so this Pok\u00e9mon's true level was hidden.\n|-enditem|p1a: Zoroark|Choice Specs|[from] move: Knock Off|[of] p2a: Meowscarada\n|move|p1a: Zoroark|Dark Pulse|p2a: Meowscarada\n|-resisted|p2a: Meowscarada\n|-damage|p2a: Meowscarada|77/100\n|\n|upkeep\n|turn|6\n|inactive|Time left: 300 sec this turn | 300 sec total\n|\n|t:|1783549587\n|move|p2a: Meowscarada|U-turn|p1a: Zoroark\n|-supereffective|p1a: Zoroark\n|-damage|p1a: Zoroark|34/235\n|\n|t:|1783549588\n|switch|p2a: Bellibolt|Bellibolt, L84, M|100/100|[from] U-turn\n|move|p1a: Zoroark|Sludge Bomb|p2a: Bellibolt\n|-damage|p2a: Bellibolt|74/100\n|-start|p2a: Bellibolt|Charge|Sludge Bomb|[from] ability: Electromorphosis\n|\n|-heal|p2a: Bellibolt|80/100|[from] item: Leftovers\n|upkeep\n|turn|7\n|inactive|Time left: 300 sec this turn | 300 sec total\n|\n|t:|1783549589\n|move|p1a: Zoroark|Sludge Bomb|p2a: Bellibolt\n|-damage|p2a: Bellibolt|55/100\n|-start|p2a: Bellibolt|Charge|Sludge Bomb|[from] ability: Electromorphosis\n|move|p2a: Bellibolt|Thunderbolt|p1a: Zoroark\n|-damage|p1a: Zoroark|0 fnt\n|faint|p1a: Zoroark\n|-end|p2a: Bellibolt|Charge|[silent]\n|\n|-heal|p2a: Bellibolt|62/100|[from] item: Leftovers\n|upkeep\n|inactive|Time left: 300 sec this turn | 300 sec total | 5 sec grace\n|\n|t:|1783549590\n|switch|p1a: Luxray|Luxray, L88, F|284/284\n|-ability|p1a: Luxray|Intimidate|boost\n|-unboost|p2a: Bellibolt|atk|1\n|turn|8\n|inactive|Time left: 300 sec this turn | 300 sec total\n|\n|t:|1783549591\n|move|p1a: Luxray|Ice Fang|p2a: Bellibolt\n|-damage|p2a: Bellibolt|43/100\n|-start|p2a: Bellibolt|Charge|Ice Fang|[from] ability: Electromorphosis\n|move|p2a: Bellibolt|Slack Off|p2a: Bellibolt\n|-heal|p2a: Bellibolt|93/100\n|\n|-heal|p2a: Bellibolt|99/100|[from] item: Leftovers\n|upkeep\n|turn|9\n|inactive|Time left: 300 sec this turn | 300 sec total\n|\n|t:|1783549593\n|move|p1a: Luxray|Ice Fang|p2a: Bellibolt\n|-damage|p2a: Bellibolt|80/100\n|-start|p2a: Bellibolt|Charge|Ice Fang|[from] ability: Electromorphosis\n|move|p2a: Bellibolt|Volt Switch|p1a: Luxray\n|-resisted|p1a: Luxray\n|-damage|p1a: Luxray|235/284\n|-end|p2a: Bellibolt|Charge|[silent]\n|\n|t:|1783549593\n|switch|p2a: Krookodile|Krookodile, L79, F|100/100|[from] Volt Switch\n|-ability|p2a: Krookodile|Intimidate|boost\n|-unboost|p1a: Luxray|atk|1\n|\n|upkeep\n|turn|10\n|inactive|Time left: 300 sec this turn | 300 sec total\n|\n|t:|1783549594\n|switch|p1a: Cramorant|Cramorant, L86, F|261/261\n|move|p2a: Krookodile|Earthquake|p1a: Cramorant\n|-immune|p1a: Cramorant\n|\n|upkeep\n|turn|11\n|inactive|Time left: 300 sec this turn | 300 sec total\n|\n|t:|1783549595\n|switch|p2a: Bellibolt|Bellibolt, L84, M|80/100\n|move|p1a: Cramorant|Surf|p2a: Bellibolt\n|-formechange|p1a: Cramorant|Cramorant-Gulping|\n|-damage|p2a: Bellibolt|48/100\n|-start|p2a: Bellibolt|Charge|Surf|[from] ability: Electromorphosis\n|\n|-heal|p2a: Bellibolt|54/100|[from] item: Leftovers\n|upkeep\n|turn|12\n|inactive|Time left: 300 sec this turn | 300 sec total\n|\n|t:|1783549596\n|move|p1a: Cramorant|Surf|p2a: Bellibolt\n|-damage|p2a: Bellibolt|24/100\n|-start|p2a: Bellibolt|Charge|Surf|[from] ability: Electromorphosis\n|move|p2a: Bellibolt|Slack Off|p2a: Bellibolt\n|-heal|p2a: Bellibolt|74/100\n|\n|-heal|p2a: Bellibolt|80/100|[from] item: Leftovers\n|upkeep\n|turn|13\n|inactive|Time left: 300 sec this turn | 300 sec total\n|\n|t:|1783549597\n|switch|p1a: Luxray|Luxray, L88, F|235/284\n|-ability|p1a: Luxray|Intimidate|boost\n|-unboost|p2a: Bellibolt|atk|1\n|move|p2a: Bellibolt|Thunderbolt|p1a: Luxray\n|-resisted|p1a: Luxray\n|-damage|p1a: Luxray|168/284\n|-end|p2a: Bellibolt|Charge|[silent]\n|\n|-heal|p2a: Bellibolt|87/100|[from] item: Leftovers\n|upkeep\n|turn|14\n|inactive|Time left: 300 sec this turn | 300 sec total\n|\n|t:|1783549599\n|move|p1a: Luxray|Ice Fang|p2a: Bellibolt\n|-damage|p2a: Bellibolt|69/100\n|-start|p2a: Bellibolt|Charge|Ice Fang|[from] ability: Electromorphosis\n|move|p2a: Bellibolt|Volt Switch|p1a: Luxray\n|-resisted|p1a: Luxray\n|-damage|p1a: Luxray|116/284\n|-end|p2a: Bellibolt|Charge|[silent]\n|\n|t:|1783549600\n|switch|p2a: Krookodile|Krookodile, L79, F|100/100|[from] Volt Switch\n|-ability|p2a: Krookodile|Intimidate|boost\n|-unboost|p1a: Luxray|atk|1\n|\n|upkeep\n|turn|15\n|inactive|Time left: 300 sec this turn | 300 sec total\n|\n|t:|1783549601\n|switch|p1a: Cramorant|Cramorant, L86, F|261/261\n|move|p2a: Krookodile|Knock Off|p1a: Cramorant\n|-damage|p1a: Cramorant|86/261\n|-enditem|p1a: Cramorant|Heavy-Duty Boots|[from] move: Knock Off|[of] p2a: Krookodile\n|-damage|p2a: Krookodile|90/100|[from] item: Life Orb\n|\n|upkeep\n|turn|16\n|inactive|Time left: 300 sec this turn | 300 sec total\n|\n|t:|1783549602\n|switch|p2a: Pecharunt|Pecharunt, L77|100/100\n|move|p1a: Cramorant|Surf|p2a: Pecharunt\n|-formechange|p1a: Cramorant|Cramorant-Gorging|\n|-damage|p2a: Pecharunt|64/100\n|\n|-heal|p2a: Pecharunt|70/100|[from] item: Leftovers\n|upkeep\n|turn|17\n|inactive|Time left: 300 sec this turn | 300 sec total\n|\n|t:|1783549603\n|move|p1a: Cramorant|Surf|p2a: Pecharunt\n|-damage|p2a: Pecharunt|33/100\n|move|p2a: Pecharunt|Parting Shot|p1a: Cramorant\n|-unboost|p1a: Cramorant|atk|1\n|-unboost|p1a: Cramorant|spa|1\n|\n|t:|1783549604\n|switch|p2a: Bellibolt|Bellibolt, L84, M|69/100|[from] Parting Shot\n|\n|-heal|p2a: Bellibolt|75/100|[from] item: Leftovers\n|upkeep\n|turn|18\n|inactive|Time left: 300 sec this turn | 300 sec total\n|\n|t:|1783549605\n|move|p1a: Cramorant|Roost|p1a: Cramorant\n|-heal|p1a: Cramorant|217/261\n|-singleturn|p1a: Cramorant|move: Roost\n|move|p2a: Bellibolt|Slack Off|p2a: Bellibolt\n|-heal|p2a: Bellibolt|100/100\n|\n|upkeep\n|turn|19\n|inactive|Time left: 300 sec this turn | 300 sec total\n|\n|t:|1783549606\n|switch|p1a: Luxray|Luxray, L88, F|116/284\n|-ability|p1a: Luxray|Intimidate|boost\n|-unboost|p2a: Bellibolt|atk|1\n|move|p2a: Bellibolt|Volt Switch|p1a: Luxray\n|-resisted|p1a: Luxray\n|-damage|p1a: Luxray|89/284\n|\n|t:|1783549607\n|switch|p2a: Meowscarada|Meowscarada, L78, M|77/100|[from] Volt Switch\n|\n|upkeep\n|turn|20\n|inactive|Time left: 300 sec this turn | 300 sec total\n|\n|t:|1783549608\n|switch|p1a: Cramorant|Cramorant, L86, F|217/261\n|move|p2a: Meowscarada|Knock Off|p1a: Cramorant\n|-start|p2a: Meowscarada|typechange|Dark|[from] ability: Protean\n|-damage|p1a: Cramorant|133/261\n|\n|upkeep\n|turn|21\n|inactive|Time left: 300 sec this turn | 300 sec total\n|\n|t:|1783549609\n|-terastallize|p2a: Meowscarada|Grass\n|move|p2a: Meowscarada|Flower Trick|p1a: Cramorant\n|-crit|p1a: Cramorant\n|-damage|p1a: Cramorant|0 fnt\n|faint|p1a: Cramorant\n|\n|upkeep\n|inactive|Time left: 300 sec this turn | 300 sec total | 5 sec grace\n|\n|t:|1783549610\n|switch|p1a: Jirachi|Jirachi, L80|291/291\n|turn|22\n|inactive|Time left: 300 sec this turn | 300 sec total\n|\n|t:|1783549611\n|switch|p2a: Krookodile|Krookodile, L79, F|90/100\n|-ability|p2a: Krookodile|Intimidate|boost\n|-unboost|p1a: Jirachi|atk|1\n|move|p1a: Jirachi|Body Slam|p2a: Krookodile\n|-damage|p2a: Krookodile|75/100\n|\n|upkeep\n|turn|23\n|inactive|Time left: 300 sec this turn | 300 sec total\n|\n|t:|1783549612\n|switch|p1a: Luxray|Luxray, L88, F|89/284\n|-ability|p1a: Luxray|Intimidate|boost\n|-unboost|p2a: Krookodile|atk|1\n|switch|p2a: Pecharunt|Pecharunt, L77|33/100\n|\n|-heal|p2a: Pecharunt|39/100|[from] item: Leftovers\n|upkeep\n|turn|24\n|inactive|Time left: 300 sec this turn | 300 sec total\n|\n|t:|1783549613\n|move|p2a: Pecharunt|Recover|p2a: Pecharunt\n|-heal|p2a: Pecharunt|89/100\n|move|p1a: Luxray|Volt Switch|p2a: Pecharunt\n|-damage|p2a: Pecharunt|58/100\n|inactive|Time left: 300 sec this turn | 300 sec total | 5 sec grace\n|\n|t:|1783549614\n|switch|p1a: Jirachi|Jirachi, L80|291/291|[from] Volt Switch\n|\n|-heal|p2a: Pecharunt|64/100|[from] item: Leftovers\n|upkeep\n|turn|25\n|inactive|Time left: 300 sec this turn | 300 sec total\n|\n|t:|1783549615\n|move|p1a: Jirachi|Iron Head|p2a: Pecharunt\n|-damage|p2a: Pecharunt|42/100\n|move|p2a: Pecharunt|Recover|p2a: Pecharunt\n|-heal|p2a: Pecharunt|92/100\n|\n|-heal|p2a: Pecharunt|98/100|[from] item: Leftovers\n|upkeep\n|turn|26\n|inactive|Time left: 300 sec this turn | 300 sec total\n|\n|t:|1783549617\n|move|p1a: Jirachi|Iron Head|p2a: Pecharunt\n|-damage|p2a: Pecharunt|75/100\n|move|p2a: Pecharunt|Shadow Ball|p1a: Jirachi\n|-supereffective|p1a: Jirachi\n|-damage|p1a: Jirachi|159/291\n|\n|-heal|p1a: Jirachi|177/291|[from] item: Leftovers\n|-heal|p2a: Pecharunt|81/100|[from] item: Leftovers\n|upkeep\n|turn|27\n|inactive|Time left: 300 sec this turn | 300 sec total\n|\n|t:|1783549618\n|move|p1a: Jirachi|Iron Head|p2a: Pecharunt\n|-damage|p2a: Pecharunt|60/100\n|cant|p2a: Pecharunt|flinch\n|\n|-heal|p1a: Jirachi|195/291|[from] item: Leftovers\n|-heal|p2a: Pecharunt|67/100|[from] item: Leftovers\n|upkeep\n|turn|28\n|inactive|Time left: 300 sec this turn | 300 sec total\n|\n|t:|1783549619\n|move|p1a: Jirachi|Wish|p1a: Jirachi\n|move|p2a: Pecharunt|Recover|p2a: Pecharunt\n|-heal|p2a: Pecharunt|100/100\n|\n|-heal|p1a: Jirachi|213/291|[from] item: Leftovers\n|upkeep\n|turn|29\n|inactive|Time left: 300 sec this turn | 300 sec total\n|\n|t:|1783549620\n|move|p1a: Jirachi|Iron Head|p2a: Pecharunt\n|-damage|p2a: Pecharunt|81/100\n|move|p2a: Pecharunt|Parting Shot|p1a: Jirachi\n|-unboost|p1a: Jirachi|atk|1\n|-unboost|p1a: Jirachi|spa|1\n|\n|t:|1783549621\n|switch|p2a: Krookodile|Krookodile, L79, F|75/100|[from] Parting Shot\n|-ability|p2a: Krookodile|Intimidate|boost\n|-unboost|p1a: Jirachi|atk|1\n|\n|-heal|p1a: Jirachi|291/291|[from] move: Wish|[wisher] Jirachi\n|upkeep\n|turn|30\n|inactive|Time left: 300 sec this turn | 300 sec total\n|\n|t:|1783549622\n|switch|p1a: Luxray|Luxray, L88, F|89/284\n|-ability|p1a: Luxray|Intimidate|boost\n|-unboost|p2a: Krookodile|atk|1\n|move|p2a: Krookodile|Earthquake|p1a: Luxray\n|-supereffective|p1a: Luxray\n|-damage|p1a: Luxray|0 fnt\n|faint|p1a: Luxray\n|-damage|p2a: Krookodile|65/100|[from] item: Life Orb\n|\n|upkeep\n|inactive|Time left: 300 sec this turn | 300 sec total | 5 sec grace\n|\n|t:|1783549623\n|switch|p1a: Jirachi|Jirachi, L80|291/291\n|turn|31\n|inactive|Time left: 300 sec this turn | 300 sec total\n|\n|t:|1783549624\n|switch|p2a: Pecharunt|Pecharunt, L77|81/100\n|move|p1a: Jirachi|Iron Head|p2a: Pecharunt\n|-damage|p2a: Pecharunt|59/100\n|\n|-heal|p2a: Pecharunt|65/100|[from] item: Leftovers\n|upkeep\n|turn|32\n|inactive|Time left: 300 sec this turn | 300 sec total\n|\n|t:|1783549625\n|move|p1a: Jirachi|Iron Head|p2a: Pecharunt\n|-damage|p2a: Pecharunt|42/100\n|cant|p2a: Pecharunt|flinch\n|\n|-heal|p2a: Pecharunt|48/100|[from] item: Leftovers\n|upkeep\n|turn|33\n|inactive|Time left: 300 sec this turn | 300 sec total\n|\n|t:|1783549626\n|move|p1a: Jirachi|Iron Head|p2a: Pecharunt\n|-damage|p2a: Pecharunt|27/100\n|move|p2a: Pecharunt|Recover|p2a: Pecharunt\n|-heal|p2a: Pecharunt|77/100\n|\n|-heal|p2a: Pecharunt|83/100|[from] item: Leftovers\n|upkeep\n|turn|34\n|inactive|Time left: 300 sec this turn | 300 sec total\n|\n|t:|1783549627\n|move|p1a: Jirachi|Iron Head|p2a: Pecharunt\n|-damage|p2a: Pecharunt|64/100\n|move|p2a: Pecharunt|Parting Shot|p1a: Jirachi\n|-unboost|p1a: Jirachi|atk|1\n|-unboost|p1a: Jirachi|spa|1\n|\n|t:|1783549628\n|switch|p2a: Krookodile|Krookodile, L79, F|65/100|[from] Parting Shot\n|-ability|p2a: Krookodile|Intimidate|boost\n|-unboost|p1a: Jirachi|atk|1\n|\n|upkeep\n|turn|35\n|inactive|Time left: 300 sec this turn | 300 sec total\n|\n|t:|1783549629\n|switch|p2a: Pecharunt|Pecharunt, L77|64/100\n|move|p1a: Jirachi|Iron Head|p2a: Pecharunt\n|-damage|p2a: Pecharunt|52/100\n|\n|-heal|p2a: Pecharunt|58/100|[from] item: Leftovers\n|upkeep\n|turn|36\n|inactive|Time left: 300 sec this turn | 300 sec total\n|\n|t:|1783549630\n|move|p1a: Jirachi|Iron Head|p2a: Pecharunt\n|-damage|p2a: Pecharunt|48/100\n|cant|p2a: Pecharunt|flinch\n|\n|-heal|p2a: Pecharunt|54/100|[from] item: Leftovers\n|upkeep\n|turn|37\n|inactive|Time left: 300 sec this turn | 300 sec total\n|\n|t:|1783549631\n|move|p1a: Jirachi|Iron Head|p2a: Pecharunt\n|-crit|p2a: Pecharunt\n|-damage|p2a: Pecharunt|22/100\n|cant|p2a: Pecharunt|flinch\n|\n|-heal|p2a: Pecharunt|28/100|[from] item: Leftovers\n|upkeep\n|turn|38\n|inactive|Time left: 300 sec this turn | 300 sec total\n|\n|t:|1783549632\n|move|p1a: Jirachi|Iron Head|p2a: Pecharunt\n|-damage|p2a: Pecharunt|16/100\n|cant|p2a: Pecharunt|flinch\n|\n|-heal|p2a: Pecharunt|22/100|[from] item: Leftovers\n|upkeep\n|turn|39\n|inactive|Time left: 300 sec this turn | 300 sec total\n|\n|t:|1783549633\n|move|p1a: Jirachi|Iron Head|p2a: Pecharunt\n|-damage|p2a: Pecharunt|12/100\n|cant|p2a: Pecharunt|flinch\n|\n|-heal|p2a: Pecharunt|18/100|[from] item: Leftovers\n|upkeep\n|turn|40\n|inactive|Time left: 300 sec this turn | 300 sec total\n|\n|t:|1783549634\n|move|p1a: Jirachi|Iron Head|p2a: Pecharunt\n|-damage|p2a: Pecharunt|7/100\n|move|p2a: Pecharunt|Recover|p2a: Pecharunt\n|-heal|p2a: Pecharunt|57/100\n|\n|-heal|p2a: Pecharunt|63/100|[from] item: Leftovers\n|upkeep\n|turn|41\n|inactive|Time left: 300 sec this turn | 300 sec total\n|\n|t:|1783549635\n|move|p1a: Jirachi|Iron Head|p2a: Pecharunt\n|-damage|p2a: Pecharunt|51/100\n|cant|p2a: Pecharunt|flinch\n|\n|-heal|p2a: Pecharunt|57/100|[from] item: Leftovers\n|upkeep\n|turn|42\n|inactive|Time left: 300 sec this turn | 300 sec total\n|\n|t:|1783549636\n|move|p1a: Jirachi|Iron Head|p2a: Pecharunt\n|-damage|p2a: Pecharunt|47/100\n|move|p2a: Pecharunt|Recover|p2a: Pecharunt\n|-heal|p2a: Pecharunt|97/100\n|\n|-heal|p2a: Pecharunt|100/100|[from] item: Leftovers\n|upkeep\n|turn|43\n|inactive|Time left: 300 sec this turn | 300 sec total\n|\n|t:|1783549637\n|move|p1a: Jirachi|Iron Head|p2a: Pecharunt\n|-damage|p2a: Pecharunt|90/100\n|cant|p2a: Pecharunt|flinch\n|\n|-heal|p2a: Pecharunt|96/100|[from] item: Leftovers\n|upkeep\n|turn|44\n|inactive|Time left: 300 sec this turn | 300 sec total\n|\n|t:|1783549638\n|move|p1a: Jirachi|Iron Head|p2a: Pecharunt\n|-damage|p2a: Pecharunt|85/100\n|cant|p2a: Pecharunt|flinch\n|\n|-heal|p2a: Pecharunt|91/100|[from] item: Leftovers\n|upkeep\n|turn|45\n|inactive|Time left: 300 sec this turn | 300 sec total\n|\n|t:|1783549638\n|move|p1a: Jirachi|Iron Head|p2a: Pecharunt\n|-damage|p2a: Pecharunt|81/100\n|cant|p2a: Pecharunt|flinch\n|\n|-heal|p2a: Pecharunt|87/100|[from] item: Leftovers\n|upkeep\n|turn|46\n|inactive|Time left: 300 sec this turn | 300 sec total\n|\n|t:|1783549639\n|move|p1a: Jirachi|Iron Head|p2a: Pecharunt\n|-damage|p2a: Pecharunt|76/100\n|move|p2a: Pecharunt|Shadow Ball|p1a: Jirachi\n|-supereffective|p1a: Jirachi\n|-damage|p1a: Jirachi|169/291\n|\n|-heal|p1a: Jirachi|187/291|[from] item: Leftovers\n|-heal|p2a: Pecharunt|82/100|[from] item: Leftovers\n|upkeep\n|turn|47\n|inactive|Time left: 300 sec this turn | 300 sec total\n|\n|t:|1783549640\n|move|p1a: Jirachi|Wish|p1a: Jirachi\n|move|p2a: Pecharunt|Shadow Ball|p1a: Jirachi\n|-supereffective|p1a: Jirachi\n|-damage|p1a: Jirachi|55/291\n|\n|-heal|p1a: Jirachi|73/291|[from] item: Leftovers\n|-heal|p2a: Pecharunt|88/100|[from] item: Leftovers\n|upkeep\n|turn|48\n|inactive|Time left: 300 sec this turn | 300 sec total\n|\n|t:|1783549641\n|move|p1a: Jirachi|Protect|p1a: Jirachi\n|-singleturn|p1a: Jirachi|Protect\n|move|p2a: Pecharunt|Shadow Ball|p1a: Jirachi\n|-activate|p1a: Jirachi|move: Protect\n|\n|-heal|p1a: Jirachi|218/291|[from] move: Wish|[wisher] Jirachi\n|-heal|p1a: Jirachi|236/291|[from] item: Leftovers\n|-heal|p2a: Pecharunt|94/100|[from] item: Leftovers\n|upkeep\n|turn|49\n|inactive|Time left: 300 sec this turn | 300 sec total\n|\n|t:|1783549642\n|move|p1a: Jirachi|Iron Head|p2a: Pecharunt\n|-damage|p2a: Pecharunt|84/100\n|cant|p2a: Pecharunt|flinch\n|\n|-heal|p1a: Jirachi|254/291|[from] item: Leftovers\n|-heal|p2a: Pecharunt|90/100|[from] item: Leftovers\n|upkeep\n|turn|50\n|inactive|Time left: 300 sec this turn | 300 sec total\n|\n|t:|1783549643\n|move|p1a: Jirachi|Iron Head|p2a: Pecharunt\n|-damage|p2a: Pecharunt|79/100\n|cant|p2a: Pecharunt|flinch\n|\n|-heal|p1a: Jirachi|272/291|[from] item: Leftovers\n|-heal|p2a: Pecharunt|85/100|[from] item: Leftovers\n|upkeep\n|turn|51\n|inactive|Time left: 300 sec this turn | 300 sec total\n|\n|t:|1783549644\n|move|p1a: Jirachi|Iron Head|p2a: Pecharunt\n|-damage|p2a: Pecharunt|74/100\n|move|p2a: Pecharunt|Shadow Ball|p1a: Jirachi\n|-supereffective|p1a: Jirachi\n|-damage|p1a: Jirachi|134/291\n|\n|-heal|p1a: Jirachi|152/291|[from] item: Leftovers\n|-heal|p2a: Pecharunt|80/100|[from] item: Leftovers\n|upkeep\n|turn|52\n|inactive|Time left: 300 sec this turn | 300 sec total\n|\n|t:|1783549645\n|move|p1a: Jirachi|Wish|p1a: Jirachi\n|move|p2a: Pecharunt|Shadow Ball|p1a: Jirachi\n|-supereffective|p1a: Jirachi\n|-damage|p1a: Jirachi|20/291\n|\n|-heal|p1a: Jirachi|38/291|[from] item: Leftovers\n|-heal|p2a: Pecharunt|86/100|[from] item: Leftovers\n|upkeep\n|turn|53\n|inactive|Time left: 300 sec this turn | 300 sec total\n|\n|t:|1783549646\n|move|p1a: Jirachi|Protect|p1a: Jirachi\n|-singleturn|p1a: Jirachi|Protect\n|move|p2a: Pecharunt|Shadow Ball|p1a: Jirachi\n|-activate|p1a: Jirachi|move: Protect\n|\n|-heal|p1a: Jirachi|183/291|[from] move: Wish|[wisher] Jirachi\n|-heal|p1a: Jirachi|201/291|[from] item: Leftovers\n|-heal|p2a: Pecharunt|92/100|[from] item: Leftovers\n|upkeep\n|turn|54\n|inactive|Time left: 300 sec this turn | 300 sec total\n|\n|t:|1783549647\n|move|p1a: Jirachi|Wish|p1a: Jirachi\n|move|p2a: Pecharunt|Shadow Ball|p1a: Jirachi\n|-supereffective|p1a: Jirachi\n|-damage|p1a: Jirachi|69/291\n|\n|-heal|p1a: Jirachi|87/291|[from] item: Leftovers\n|-heal|p2a: Pecharunt|98/100|[from] item: Leftovers\n|upkeep\n|turn|55\n|inactive|Time left: 300 sec this turn | 300 sec total\n|\n|t:|1783549648\n|move|p1a: Jirachi|Protect|p1a: Jirachi\n|-singleturn|p1a: Jirachi|Protect\n|move|p2a: Pecharunt|Shadow Ball|p1a: Jirachi\n|-activate|p1a: Jirachi|move: Protect\n|\n|-heal|p1a: Jirachi|232/291|[from] move: Wish|[wisher] Jirachi\n|-heal|p1a: Jirachi|250/291|[from] item: Leftovers\n|-heal|p2a: Pecharunt|100/100|[from] item: Leftovers\n|upkeep\n|turn|56\n|inactive|Time left: 300 sec this turn | 300 sec total\n|\n|t:|1783549649\n|move|p1a: Jirachi|Iron Head|p2a: Pecharunt\n|-damage|p2a: Pecharunt|90/100\n|move|p2a: Pecharunt|Shadow Ball|p1a: Jirachi\n|-supereffective|p1a: Jirachi\n|-damage|p1a: Jirachi|124/291\n|\n|-heal|p1a: Jirachi|142/291|[from] item: Leftovers\n|-heal|p2a: Pecharunt|96/100|[from] item: Leftovers\n|upkeep\n|turn|57\n|inactive|Time left: 300 sec this turn | 300 sec total\n|\n|t:|1783549651\n|move|p1a: Jirachi|Wish|p1a: Jirachi\n|move|p2a: Pecharunt|Shadow Ball|p1a: Jirachi\n|-supereffective|p1a: Jirachi\n|-damage|p1a: Jirachi|26/291\n|-unboost|p1a: Jirachi|spd|1\n|\n|-heal|p1a: Jirachi|44/291|[from] item: Leftovers\n|-heal|p2a: Pecharunt|100/100|[from] item: Leftovers\n|upkeep\n|turn|58\n|inactive|Time left: 300 sec this turn | 300 sec total\n|\n|t:|1783549652\n|move|p1a: Jirachi|Protect|p1a: Jirachi\n|-singleturn|p1a: Jirachi|Protect\n|move|p2a: Pecharunt|Shadow Ball|p1a: Jirachi\n|-activate|p1a: Jirachi|move: Protect\n|\n|-heal|p1a: Jirachi|189/291|[from] move: Wish|[wisher] Jirachi\n|-heal|p1a: Jirachi|207/291|[from] item: Leftovers\n|upkeep\n|turn|59\n|inactive|Time left: 300 sec this turn | 300 sec total\n|\n|t:|1783549653\n|move|p1a: Jirachi|Wish|p1a: Jirachi\n|move|p2a: Pecharunt|Shadow Ball|p1a: Jirachi\n|-supereffective|p1a: Jirachi\n|-damage|p1a: Jirachi|9/291\n|\n|-heal|p1a: Jirachi|27/291|[from] item: Leftovers\n|upkeep\n|turn|60\n|inactive|Time left: 300 sec this turn | 300 sec total\n|\n|t:|1783549654\n|move|p1a: Jirachi|Protect|p1a: Jirachi\n|-singleturn|p1a: Jirachi|Protect\n|move|p2a: Pecharunt|Shadow Ball|p1a: Jirachi\n|-activate|p1a: Jirachi|move: Protect\n|\n|-heal|p1a: Jirachi|172/291|[from] move: Wish|[wisher] Jirachi\n|-heal|p1a: Jirachi|190/291|[from] item: Leftovers\n|upkeep\n|turn|61\n|inactive|Time left: 300 sec this turn | 300 sec total\n|\n|t:|1783549655\n|-terastallize|p1a: Jirachi|Water\n|move|p1a: Jirachi|Wish|p1a: Jirachi\n|move|p2a: Pecharunt|Shadow Ball|p1a: Jirachi\n|-damage|p1a: Jirachi|100/291\n|\n|-heal|p1a: Jirachi|118/291|[from] item: Leftovers\n|upkeep\n|turn|62\n|inactive|Time left: 300 sec this turn | 300 sec total\n|\n|t:|1783549656\n|switch|p2a: Glaceon|Glaceon, L94, M|100/100\n|move|p1a: Jirachi|Protect||[still]\n|-fail|p1a: Jirachi\n|\n|-heal|p1a: Jirachi|263/291|[from] move: Wish|[wisher] Jirachi\n|-heal|p1a: Jirachi|281/291|[from] item: Leftovers\n|upkeep\n|turn|63\n|inactive|Time left: 300 sec this turn | 300 sec total\n|\n|t:|1783549657\n|move|p1a: Jirachi|Protect|p1a: Jirachi\n|-singleturn|p1a: Jirachi|Protect\n|move|p2a: Glaceon|Freeze-Dry|p1a: Jirachi\n|-activate|p1a: Jirachi|move: Protect\n|\n|-heal|p1a: Jirachi|291/291|[from] item: Leftovers\n|upkeep\n|turn|64\n|inactive|Time left: 300 sec this turn | 300 sec total\n|\n|t:|1783549658\n|move|p1a: Jirachi|Body Slam|p2a: Glaceon\n|-damage|p2a: Glaceon|93/100\n|-status|p2a: Glaceon|par\n|move|p2a: Glaceon|Freeze-Dry|p1a: Jirachi\n|-supereffective|p1a: Jirachi\n|-damage|p1a: Jirachi|0 fnt\n|faint|p1a: Jirachi\n|\n|win|p0y8998175", "uploadtime": 1783549658, "views": 0, "rating": 0, "private": 0, "password": null, "_winner": "p0y8998175", "_our_name": "p0x899bd15"}