{"id": "battle-gen9randombattle-783", "formatid": "gen9randombattle", "format": "[Gen 9] Random Battle", "players": ["p0x783bd03", "p0y7837952"], "log": "|init|battle\n|title|p0x783bd03 vs. p0y7837952\n|j|\u2606p0x783bd03\n|j|\u2606p0y7837952\n|t:|1783548196\n|gametype|singles\n|player|p1|p0x783bd03|169|\n|player|p2|p0y7837952|102|\n|gen|9\n|tier|[Gen 9] Random Battle\n|rule|Species Clause: Limit one of each Pok\u00e9mon\n|rule|HP Percentage Mod: HP is shown in percentages\n|rule|Sleep Clause Mod: Limit one foe put to sleep\n|rule|Illusion Level Mod: Illusion disguises the Pok\u00e9mon's true level\n|\n|t:|1783548196\n|teamsize|p1|6\n|teamsize|p2|6\n|start\n|switch|p1a: Cyclizar|Cyclizar, L84, M|100/100\n|switch|p2a: Torkoal|Torkoal, L88, M|266/266\n|-weather|SunnyDay|[from] ability: Drought|[of] p2a: Torkoal\n|turn|1\n|inactive|Battle timer is ON: inactive players will automatically lose when time's up. (requested by p0x783bd03)\n|inactive|Time left: 300 sec this turn | 300 sec total | 60 sec grace\n|inactive|p0y7837952 also wants the timer to be on.\n|\n|t:|1783548197\n|move|p1a: Cyclizar|Rapid Spin|p2a: Torkoal\n|-damage|p2a: Torkoal|232/266\n|-boost|p1a: Cyclizar|spe|1\n|move|p2a: Torkoal|Lava Plume|p1a: Cyclizar\n|-resisted|p1a: Cyclizar\n|-damage|p1a: Cyclizar|70/100\n|\n|-weather|SunnyDay|[upkeep]\n|upkeep\n|turn|2\n|inactive|Time left: 300 sec this turn | 300 sec total\n|\n|t:|1783548199\n|move|p1a: Cyclizar|Rapid Spin|p2a: Torkoal\n|-damage|p2a: Torkoal|199/266\n|-boost|p1a: Cyclizar|spe|1\n|move|p2a: Torkoal|Lava Plume|p1a: Cyclizar\n|-resisted|p1a: Cyclizar\n|-damage|p1a: Cyclizar|40/100\n|\n|-weather|SunnyDay|[upkeep]\n|upkeep\n|turn|3\n|inactive|Time left: 300 sec this turn | 300 sec total\n|\n|t:|1783548200\n|move|p1a: Cyclizar|Draco Meteor|p2a: Torkoal\n|-damage|p2a: Torkoal|60/266\n|-unboost|p1a: Cyclizar|spa|2\n|move|p2a: Torkoal|Lava Plume|p1a: Cyclizar\n|-resisted|p1a: Cyclizar\n|-damage|p1a: Cyclizar|11/100\n|\n|-weather|SunnyDay|[upkeep]\n|upkeep\n|turn|4\n|inactive|Time left: 300 sec this turn | 300 sec total\n|\n|t:|1783548201\n|switch|p1a: Necrozma|Necrozma-Dusk-Mane, L69|100/100\n|move|p2a: Torkoal|Stealth Rock|p1a: Necrozma\n|-sidestart|p1: p0x783bd03|move: Stealth Rock\n|\n|-weather|SunnyDay|[upkeep]\n|upkeep\n|turn|5\n|inactive|Time left: 300 sec this turn | 300 sec total\n|\n|t:|1783548202\n|switch|p2a: Hitmontop|Hitmontop, L88, M|231/231\n|-ability|p2a: Hitmontop|Intimidate|boost\n|-unboost|p1a: Necrozma|atk|1\n|move|p1a: Necrozma|Dragon Dance|p1a: Necrozma\n|-boost|p1a: Necrozma|atk|1\n|-boost|p1a: Necrozma|spe|1\n|\n|-weather|none\n|upkeep\n|turn|6\n|inactive|Time left: 300 sec this turn | 300 sec total\n|\n|t:|1783548204\n|move|p1a: Necrozma|Sunsteel Strike|p2a: Hitmontop\n|-damage|p2a: Hitmontop|126/231\n|move|p2a: Hitmontop|Close Combat|p1a: Necrozma\n|-damage|p1a: Necrozma|29/100\n|-unboost|p2a: Hitmontop|def|1\n|-unboost|p2a: Hitmontop|spd|1\n|\n|upkeep\n|turn|7\n|inactive|Time left: 300 sec this turn | 300 sec total\n|\n|t:|1783548205\n|move|p1a: Necrozma|Morning Sun|p1a: Necrozma\n|-heal|p1a: Necrozma|79/100\n|move|p2a: Hitmontop|Close Combat|p1a: Necrozma\n|-damage|p1a: Necrozma|4/100\n|-unboost|p2a: Hitmontop|def|1\n|-unboost|p2a: Hitmontop|spd|1\n|\n|upkeep\n|turn|8\n|inactive|Time left: 300 sec this turn | 300 sec total\n|\n|t:|1783548206\n|switch|p2a: Azumarill|Azumarill, L82, F|298/298\n|move|p1a: Necrozma|Morning Sun|p1a: Necrozma\n|-heal|p1a: Necrozma|54/100\n|\n|upkeep\n|turn|9\n|inactive|Time left: 300 sec this turn | 300 sec total\n|\n|t:|1783548207\n|move|p1a: Necrozma|Morning Sun|p1a: Necrozma\n|-heal|p1a: Necrozma|100/100\n|move|p2a: Azumarill|Liquidation|p1a: Necrozma\n|-damage|p1a: Necrozma|46/100\n|-unboost|p1a: Necrozma|def|1\n|\n|upkeep\n|turn|10\n|inactive|Time left: 300 sec this turn | 300 sec total\n|\n|t:|1783548208\n|move|p1a: Necrozma|Morning Sun|p1a: Necrozma\n|-heal|p1a: Necrozma|96/100\n|move|p2a: Azumarill|Liquidation|p1a: Necrozma\n|-damage|p1a: Necrozma|9/100\n|\n|upkeep\n|turn|11\n|inactive|Time left: 300 sec this turn | 300 sec total\n|\n|t:|1783548209\n|move|p1a: Necrozma|Sunsteel Strike|p2a: Azumarill\n|-damage|p2a: Azumarill|190/298\n|move|p2a: Azumarill|Liquidation|p1a: Necrozma\n|-damage|p1a: Necrozma|0 fnt\n|faint|p1a: Necrozma\n|\n|upkeep\n|\n|t:|1783548211\n|switch|p1a: Scovillain|Scovillain, L91, M|100/100\n|turn|12\n|inactive|Time left: 300 sec this turn | 300 sec total\n|\n|t:|1783548212\n|switch|p2a: Regigigas|Regigigas, L84|322/322\n|-start|p2a: Regigigas|ability: Slow Start\n|move|p1a: Scovillain|Energy Ball|p2a: Regigigas\n|-damage|p2a: Regigigas|219/322\n|\n|-heal|p2a: Regigigas|239/322|[from] item: Leftovers\n|upkeep\n|turn|13\n|inactive|Time left: 300 sec this turn | 300 sec total\n|\n|t:|1783548213\n|move|p1a: Scovillain|Fire Blast|p2a: Regigigas|[miss]\n|-miss|p1a: Scovillain|p2a: Regigigas\n|move|p2a: Regigigas|Body Slam|p1a: Scovillain\n|-damage|p1a: Scovillain|73/100\n|-status|p1a: Scovillain|par\n|\n|-heal|p2a: Regigigas|259/322|[from] item: Leftovers\n|upkeep\n|turn|14\n|inactive|Time left: 300 sec this turn | 300 sec total\n|\n|t:|1783548214\n|move|p2a: Regigigas|Knock Off|p1a: Scovillain\n|-damage|p1a: Scovillain|50/100 par\n|-enditem|p1a: Scovillain|Heavy-Duty Boots|[from] move: Knock Off|[of] p2a: Regigigas\n|move|p1a: Scovillain|Energy Ball|p2a: Regigigas\n|-damage|p2a: Regigigas|151/322\n|-unboost|p2a: Regigigas|spd|1\n|\n|-heal|p2a: Regigigas|171/322|[from] item: Leftovers\n|upkeep\n|turn|15\n|inactive|Time left: 300 sec this turn | 300 sec total\n|\n|t:|1783548215\n|switch|p2a: Hitmontop|Hitmontop, L88, M|126/231\n|-ability|p2a: Hitmontop|Intimidate|boost\n|-unboost|p1a: Scovillain|atk|1\n|move|p1a: Scovillain|Energy Ball|p2a: Hitmontop\n|-damage|p2a: Hitmontop|23/231\n|\n|upkeep\n|turn|16\n|inactive|Time left: 300 sec this turn | 300 sec total\n|\n|t:|1783548216\n|move|p2a: Hitmontop|Close Combat|p1a: Scovillain\n|-damage|p1a: Scovillain|0 fnt\n|-unboost|p2a: Hitmontop|def|1\n|-unboost|p2a: Hitmontop|spd|1\n|faint|p1a: Scovillain\n|\n|upkeep\n|\n|t:|1783548217\n|switch|p1a: Cyclizar|Cyclizar, L84, M|44/100\n|turn|17\n|inactive|Time left: 300 sec this turn | 300 sec total\n|\n|t:|1783548217\n|switch|p2a: Regigigas|Regigigas, L84|171/322\n|-start|p2a: Regigigas|ability: Slow Start\n|move|p1a: Cyclizar|Rapid Spin|p2a: Regigigas\n|-damage|p2a: Regigigas|122/322\n|-boost|p1a: Cyclizar|spe|1\n|-sideend|p1: p0x783bd03|Stealth Rock|[from] move: Rapid Spin|[of] p1a: Cyclizar\n|\n|-heal|p2a: Regigigas|142/322|[from] item: Leftovers\n|upkeep\n|turn|18\n|inactive|Time left: 300 sec this turn | 300 sec total\n|\n|t:|1783548218\n|switch|p1a: Alomomola|Alomomola, L87, M|100/100\n|move|p2a: Regigigas|Body Slam|p1a: Alomomola\n|-damage|p1a: Alomomola|84/100\n|\n|-heal|p2a: Regigigas|162/322|[from] item: Leftovers\n|upkeep\n|turn|19\n|inactive|Time left: 300 sec this turn | 300 sec total\n|\n|t:|1783548219\n|move|p1a: Alomomola|Wish|p1a: Alomomola\n|move|p2a: Regigigas|Knock Off|p1a: Alomomola\n|-damage|p1a: Alomomola|72/100\n|-enditem|p1a: Alomomola|Heavy-Duty Boots|[from] move: Knock Off|[of] p2a: Regigigas\n|\n|-heal|p2a: Regigigas|182/322|[from] item: Leftovers\n|upkeep\n|turn|20\n|inactive|Time left: 300 sec this turn | 300 sec total\n|\n|t:|1783548220\n|move|p1a: Alomomola|Flip Turn|p2a: Regigigas\n|-damage|p2a: Regigigas|136/322\n|\n|t:|1783548221\n|switch|p1a: Cyclizar|Cyclizar, L84, M|77/100|[from] Flip Turn\n|move|p2a: Regigigas|Body Slam|p1a: Cyclizar\n|-damage|p1a: Cyclizar|44/100\n|\n|-heal|p1a: Cyclizar|100/100|[from] move: Wish|[wisher] Alomomola\n|-heal|p2a: Regigigas|156/322|[from] item: Leftovers\n|upkeep\n|turn|21\n|inactive|Time left: 300 sec this turn | 300 sec total\n|\n|t:|1783548222\n|move|p1a: Cyclizar|Rapid Spin|p2a: Regigigas\n|-damage|p2a: Regigigas|108/322\n|-boost|p1a: Cyclizar|spe|1\n|move|p2a: Regigigas|Body Slam|p1a: Cyclizar\n|-damage|p1a: Cyclizar|70/100\n|\n|-heal|p2a: Regigigas|128/322|[from] item: Leftovers\n|upkeep\n|turn|22\n|inactive|Time left: 300 sec this turn | 300 sec total\n|\n|t:|1783548223\n|move|p1a: Cyclizar|Rapid Spin|p2a: Regigigas\n|-damage|p2a: Regigigas|86/322\n|-boost|p1a: Cyclizar|spe|1\n|move|p2a: Regigigas|Knock Off|p1a: Cyclizar\n|-damage|p1a: Cyclizar|46/100\n|-enditem|p1a: Cyclizar|Heavy-Duty Boots|[from] move: Knock Off|[of] p2a: Regigigas\n|\n|-heal|p2a: Regigigas|106/322|[from] item: Leftovers\n|-end|p2a: Regigigas|Slow Start\n|upkeep\n|turn|23\n|inactive|Time left: 300 sec this turn | 300 sec total\n|\n|t:|1783548224\n|move|p1a: Cyclizar|Draco Meteor|p2a: Regigigas|[miss]\n|-miss|p1a: Cyclizar|p2a: Regigigas\n|move|p2a: Regigigas|Body Slam|p1a: Cyclizar\n|-damage|p1a: Cyclizar|0 fnt\n|faint|p1a: Cyclizar\n|\n|-heal|p2a: Regigigas|126/322|[from] item: Leftovers\n|upkeep\n|\n|t:|1783548225\n|switch|p1a: Alomomola|Alomomola, L87, M|100/100\n|turn|24\n|inactive|Time left: 300 sec this turn | 300 sec total\n|\n|t:|1783548226\n|move|p2a: Regigigas|Body Slam|p1a: Alomomola\n|-damage|p1a: Alomomola|66/100\n|-status|p1a: Alomomola|par\n|cant|p1a: Alomomola|par\n|\n|-heal|p2a: Regigigas|146/322|[from] item: Leftovers\n|upkeep\n|turn|25\n|inactive|Time left: 300 sec this turn | 300 sec total\n|\n|t:|1783548227\n|move|p2a: Regigigas|Body Slam|p1a: Alomomola\n|-damage|p1a: Alomomola|32/100 par\n|move|p1a: Alomomola|Wish|p1a: Alomomola\n|\n|-heal|p2a: Regigigas|166/322|[from] item: Leftovers\n|upkeep\n|turn|26\n|inactive|Time left: 300 sec this turn | 300 sec total\n|\n|t:|1783548228\n|move|p1a: Alomomola|Protect|p1a: Alomomola\n|-singleturn|p1a: Alomomola|Protect\n|move|p2a: Regigigas|Body Slam|p1a: Alomomola\n|-activate|p1a: Alomomola|move: Protect\n|\n|-heal|p1a: Alomomola|82/100 par|[from] move: Wish|[wisher] Alomomola\n|-heal|p2a: Regigigas|186/322|[from] item: Leftovers\n|upkeep\n|turn|27\n|inactive|Time left: 300 sec this turn | 300 sec total\n|\n|t:|1783548229\n|move|p2a: Regigigas|Body Slam|p1a: Alomomola\n|-damage|p1a: Alomomola|53/100 par\n|move|p1a: Alomomola|Scald|p2a: Regigigas\n|-damage|p2a: Regigigas|146/322\n|\n|-heal|p2a: Regigigas|166/322|[from] item: Leftovers\n|upkeep\n|turn|28\n|inactive|Time left: 300 sec this turn | 300 sec total\n|\n|t:|1783548230\n|move|p2a: Regigigas|Body Slam|p1a: Alomomola\n|-damage|p1a: Alomomola|22/100 par\n|move|p1a: Alomomola|Flip Turn|p2a: Regigigas\n|-damage|p2a: Regigigas|120/322\n|\n|t:|1783548231\n|switch|p1a: Chansey|Chansey, L85, F|100/100|[from] Flip Turn\n|\n|-heal|p2a: Regigigas|140/322|[from] item: Leftovers\n|upkeep\n|turn|29\n|inactive|Time left: 300 sec this turn | 300 sec total\n|\n|t:|1783548232\n|move|p2a: Regigigas|Body Slam|p1a: Chansey\n|-damage|p1a: Chansey|50/100\n|move|p1a: Chansey|Stealth Rock|p2a: Regigigas\n|-sidestart|p2: p0y7837952|move: Stealth Rock\n|\n|-heal|p2a: Regigigas|160/322|[from] item: Leftovers\n|upkeep\n|turn|30\n|inactive|Time left: 300 sec this turn | 300 sec total\n|\n|t:|1783548233\n|switch|p1a: Alomomola|Alomomola, L87, M|55/100 par\n|move|p2a: Regigigas|Body Slam|p1a: Alomomola\n|-damage|p1a: Alomomola|24/100 par\n|\n|-heal|p2a: Regigigas|180/322|[from] item: Leftovers\n|upkeep\n|turn|31\n|inactive|Time left: 300 sec this turn | 300 sec total\n|\n|t:|1783548234\n|move|p1a: Alomomola|Protect|p1a: Alomomola\n|-singleturn|p1a: Alomomola|Protect\n|move|p2a: Regigigas|Body Slam|p1a: Alomomola\n|-activate|p1a: Alomomola|move: Protect\n|\n|-heal|p2a: Regigigas|200/322|[from] item: Leftovers\n|upkeep\n|turn|32\n|inactive|Time left: 300 sec this turn | 300 sec total\n|\n|t:|1783548235\n|switch|p1a: Illumise|Illumise, L91, F|100/100\n|move|p2a: Regigigas|Body Slam|p1a: Illumise\n|-damage|p1a: Illumise|46/100\n|\n|-heal|p2a: Regigigas|220/322|[from] item: Leftovers\n|upkeep\n|turn|33\n|inactive|Time left: 300 sec this turn | 300 sec total\n|\n|t:|1783548236\n|move|p1a: Illumise|Roost|p1a: Illumise\n|-heal|p1a: Illumise|96/100\n|-singleturn|p1a: Illumise|move: Roost\n|move|p2a: Regigigas|Body Slam|p1a: Illumise\n|-damage|p1a: Illumise|47/100\n|-status|p1a: Illumise|par\n|\n|-heal|p2a: Regigigas|240/322|[from] item: Leftovers\n|upkeep\n|turn|34\n|inactive|Time left: 300 sec this turn | 300 sec total\n|\n|t:|1783548237\n|move|p1a: Illumise|Roost|p1a: Illumise\n|-heal|p1a: Illumise|97/100 par\n|-singleturn|p1a: Illumise|move: Roost\n|move|p2a: Regigigas|Body Slam|p1a: Illumise\n|-damage|p1a: Illumise|45/100 par\n|\n|-heal|p2a: Regigigas|260/322|[from] item: Leftovers\n|upkeep\n|turn|35\n|inactive|Time left: 300 sec this turn | 300 sec total\n|\n|t:|1783548238\n|move|p1a: Illumise|Roost|p1a: Illumise\n|-heal|p1a: Illumise|95/100 par\n|-singleturn|p1a: Illumise|move: Roost\n|move|p2a: Regigigas|Body Slam|p1a: Illumise\n|-damage|p1a: Illumise|38/100 par\n|\n|-heal|p2a: Regigigas|280/322|[from] item: Leftovers\n|upkeep\n|turn|36\n|inactive|Time left: 300 sec this turn | 300 sec total\n|\n|t:|1783548239\n|move|p1a: Illumise|Roost|p1a: Illumise\n|-heal|p1a: Illumise|88/100 par\n|-singleturn|p1a: Illumise|move: Roost\n|move|p2a: Regigigas|Body Slam|p1a: Illumise\n|-damage|p1a: Illumise|31/100 par\n|\n|-heal|p2a: Regigigas|300/322|[from] item: Leftovers\n|upkeep\n|turn|37\n|inactive|Time left: 300 sec this turn | 300 sec total\n|\n|t:|1783548240\n|cant|p1a: Illumise|par\n|move|p2a: Regigigas|Body Slam|p1a: Illumise\n|-damage|p1a: Illumise|0 fnt\n|faint|p1a: Illumise\n|\n|-heal|p2a: Regigigas|320/322|[from] item: Leftovers\n|upkeep\n|\n|t:|1783548241\n|switch|p1a: Alomomola|Alomomola, L87, M|57/100 par\n|turn|38\n|inactive|Time left: 300 sec this turn | 300 sec total\n|\n|t:|1783548242\n|move|p2a: Regigigas|Body Slam|p1a: Alomomola\n|-damage|p1a: Alomomola|27/100 par\n|move|p1a: Alomomola|Wish|p1a: Alomomola\n|\n|-heal|p2a: Regigigas|322/322|[from] item: Leftovers\n|upkeep\n|turn|39\n|inactive|Time left: 300 sec this turn | 300 sec total\n|\n|t:|1783548243\n|move|p1a: Alomomola|Protect|p1a: Alomomola\n|-singleturn|p1a: Alomomola|Protect\n|move|p2a: Regigigas|Body Slam|p1a: Alomomola\n|-activate|p1a: Alomomola|move: Protect\n|\n|-heal|p1a: Alomomola|77/100 par|[from] move: Wish|[wisher] Alomomola\n|upkeep\n|turn|40\n|inactive|Time left: 300 sec this turn | 300 sec total\n|\n|t:|1783548244\n|move|p2a: Regigigas|Body Slam|p1a: Alomomola\n|-damage|p1a: Alomomola|44/100 par\n|cant|p1a: Alomomola|par\n|\n|upkeep\n|turn|41\n|inactive|Time left: 300 sec this turn | 300 sec total\n|\n|t:|1783548245\n|move|p2a: Regigigas|Body Slam|p1a: Alomomola\n|-damage|p1a: Alomomola|14/100 par\n|cant|p1a: Alomomola|par\n|\n|upkeep\n|turn|42\n|inactive|Time left: 300 sec this turn | 300 sec total\n|\n|t:|1783548247\n|move|p1a: Alomomola|Protect|p1a: Alomomola\n|-singleturn|p1a: Alomomola|Protect\n|move|p2a: Regigigas|Knock Off|p1a: Alomomola\n|-activate|p1a: Alomomola|move: Protect\n|\n|upkeep\n|turn|43\n|inactive|Time left: 300 sec this turn | 300 sec total\n|\n|t:|1783548248\n|switch|p1a: Chansey|Chansey, L85, F|50/100\n|move|p2a: Regigigas|Knock Off|p1a: Chansey\n|-crit|p1a: Chansey\n|-damage|p1a: Chansey|0 fnt\n|-enditem|p1a: Chansey|Eviolite|[from] move: Knock Off|[of] p2a: Regigigas\n|faint|p1a: Chansey\n|\n|upkeep\n|\n|t:|1783548249\n|switch|p1a: Alomomola|Alomomola, L87, M|47/100 par\n|turn|44\n|inactive|Time left: 300 sec this turn | 300 sec total\n|\n|t:|1783548250\n|move|p1a: Alomomola|Protect|p1a: Alomomola\n|-singleturn|p1a: Alomomola|Protect\n|move|p2a: Regigigas|Body Slam|p1a: Alomomola\n|-activate|p1a: Alomomola|move: Protect\n|\n|upkeep\n|turn|45\n|inactive|Time left: 300 sec this turn | 300 sec total\n|\n|t:|1783548251\n|switch|p2a: Hitmontop|Hitmontop, L88, M|23/231\n|-damage|p2a: Hitmontop|9/231|[from] Stealth Rock\n|-ability|p2a: Hitmontop|Intimidate|boost\n|-unboost|p1a: Alomomola|atk|1\n|move|p1a: Alomomola|Wish|p1a: Alomomola\n|\n|upkeep\n|turn|46\n|inactive|Time left: 300 sec this turn | 300 sec total\n|\n|t:|1783548252\n|move|p2a: Hitmontop|Close Combat|p1a: Alomomola\n|-damage|p1a: Alomomola|1/100 par\n|-unboost|p2a: Hitmontop|def|1\n|-unboost|p2a: Hitmontop|spd|1\n|cant|p1a: Alomomola|par\n|\n|-heal|p1a: Alomomola|51/100 par|[from] move: Wish|[wisher] Alomomola\n|upkeep\n|turn|47\n|inactive|Time left: 300 sec this turn | 300 sec total\n|\n|t:|1783548253\n|move|p2a: Hitmontop|Close Combat|p1a: Alomomola\n|-damage|p1a: Alomomola|1/100 par\n|-unboost|p2a: Hitmontop|def|1\n|-unboost|p2a: Hitmontop|spd|1\n|move|p1a: Alomomola|Wish|p1a: Alomomola\n|\n|upkeep\n|turn|48\n|inactive|Time left: 300 sec this turn | 300 sec total\n|\n|t:|1783548254\n|move|p1a: Alomomola|Protect|p1a: Alomomola\n|-singleturn|p1a: Alomomola|Protect\n|move|p2a: Hitmontop|Close Combat|p1a: Alomomola\n|-activate|p1a: Alomomola|move: Protect\n|\n|-heal|p1a: Alomomola|51/100 par|[from] move: Wish|[wisher] Alomomola\n|upkeep\n|turn|49\n|inactive|Time left: 300 sec this turn | 300 sec total\n|\n|t:|1783548255\n|move|p2a: Hitmontop|Close Combat|p1a: Alomomola\n|-damage|p1a: Alomomola|4/100 par\n|-unboost|p2a: Hitmontop|def|1\n|-unboost|p2a: Hitmontop|spd|1\n|move|p1a: Alomomola|Wish|p1a: Alomomola\n|\n|upkeep\n|turn|50\n|inactive|Time left: 300 sec this turn | 300 sec total\n|\n|t:|1783548256\n|move|p1a: Alomomola|Protect|p1a: Alomomola\n|-singleturn|p1a: Alomomola|Protect\n|move|p2a: Hitmontop|Close Combat|p1a: Alomomola\n|-activate|p1a: Alomomola|move: Protect\n|\n|-heal|p1a: Alomomola|54/100 par|[from] move: Wish|[wisher] Alomomola\n|upkeep\n|turn|51\n|inactive|Time left: 300 sec this turn | 300 sec total\n|\n|t:|1783548257\n|-activate|p2a: Hitmontop|move: Struggle\n|move|p2a: Hitmontop|Struggle|p1a: Alomomola\n|-damage|p1a: Alomomola|41/100 par\n|-damage|p2a: Hitmontop|0 fnt|[from] recoil\n|faint|p2a: Hitmontop\n|cant|p1a: Alomomola|par\n|\n|upkeep\n|inactive|Time left: 300 sec this turn | 300 sec total | 5 sec grace\n|\n|t:|1783548258\n|switch|p2a: Sandslash|Sandslash, L89, F|278/278\n|-damage|p2a: Sandslash|261/278|[from] Stealth Rock\n|turn|52\n|inactive|Time left: 300 sec this turn | 300 sec total\n|\n|t:|1783548259\n|move|p2a: Sandslash|Earthquake|p1a: Alomomola\n|-damage|p1a: Alomomola|14/100 par\n|move|p1a: Alomomola|Wish|p1a: Alomomola\n|\n|-heal|p2a: Sandslash|278/278|[from] item: Leftovers\n|upkeep\n|turn|53\n|inactive|Time left: 300 sec this turn | 300 sec total\n|\n|t:|1783548260\n|move|p1a: Alomomola|Protect|p1a: Alomomola\n|-singleturn|p1a: Alomomola|Protect\n|move|p2a: Sandslash|Earthquake|p1a: Alomomola\n|-activate|p1a: Alomomola|move: Protect\n|\n|-heal|p1a: Alomomola|64/100 par|[from] move: Wish|[wisher] Alomomola\n|upkeep\n|turn|54\n|inactive|Time left: 300 sec this turn | 300 sec total\n|\n|t:|1783548261\n|move|p2a: Sandslash|Earthquake|p1a: Alomomola\n|-damage|p1a: Alomomola|36/100 par\n|move|p1a: Alomomola|Scald|p2a: Sandslash\n|-supereffective|p2a: Sandslash\n|-damage|p2a: Sandslash|156/278\n|-status|p2a: Sandslash|brn\n|\n|-heal|p2a: Sandslash|173/278 brn|[from] item: Leftovers\n|-damage|p2a: Sandslash|156/278 brn|[from] brn\n|upkeep\n|turn|55\n|inactive|Time left: 300 sec this turn | 300 sec total\n|\n|t:|1783548262\n|switch|p2a: Azumarill|Azumarill, L82, F|190/298\n|-damage|p2a: Azumarill|153/298|[from] Stealth Rock\n|move|p1a: Alomomola|Wish|p1a: Alomomola\n|\n|upkeep\n|turn|56\n|inactive|Time left: 300 sec this turn | 300 sec total\n|\n|t:|1783548263\n|move|p1a: Alomomola|Protect|p1a: Alomomola\n|-singleturn|p1a: Alomomola|Protect\n|move|p2a: Azumarill|Play Rough|p1a: Alomomola\n|-activate|p1a: Alomomola|move: Protect\n|\n|-heal|p1a: Alomomola|86/100 par|[from] move: Wish|[wisher] Alomomola\n|upkeep\n|turn|57\n|inactive|Time left: 300 sec this turn | 300 sec total\n|\n|t:|1783548264\n|move|p2a: Azumarill|Play Rough|p1a: Alomomola|[miss]\n|-miss|p2a: Azumarill|p1a: Alomomola\n|move|p1a: Alomomola|Wish|p1a: Alomomola\n|\n|upkeep\n|turn|58\n|inactive|Time left: 300 sec this turn | 300 sec total\n|\n|t:|1783548265\n|move|p2a: Azumarill|Play Rough|p1a: Alomomola|[miss]\n|-miss|p2a: Azumarill|p1a: Alomomola\n|cant|p1a: Alomomola|par\n|\n|-heal|p1a: Alomomola|100/100 par|[from] move: Wish|[wisher] Alomomola\n|upkeep\n|turn|59\n|inactive|Time left: 300 sec this turn | 300 sec total\n|\n|t:|1783548266\n|move|p2a: Azumarill|Play Rough|p1a: Alomomola\n|-damage|p1a: Alomomola|60/100 par\n|move|p1a: Alomomola|Scald|p2a: Azumarill\n|-resisted|p2a: Azumarill\n|-crit|p2a: Azumarill\n|-damage|p2a: Azumarill|109/298\n|\n|upkeep\n|turn|60\n|inactive|Time left: 300 sec this turn | 300 sec total\n|\n|t:|1783548267\n|move|p1a: Alomomola|Protect|p1a: Alomomola\n|-singleturn|p1a: Alomomola|Protect\n|move|p2a: Azumarill|Play Rough|p1a: Alomomola\n|-activate|p1a: Alomomola|move: Protect\n|\n|upkeep\n|turn|61\n|inactive|Time left: 300 sec this turn | 300 sec total\n|\n|t:|1783548268\n|-terastallize|p1a: Alomomola|Poison\n|move|p2a: Azumarill|Play Rough|p1a: Alomomola\n|-resisted|p1a: Alomomola\n|-damage|p1a: Alomomola|39/100 par\n|move|p1a: Alomomola|Wish|p1a: Alomomola\n|\n|upkeep\n|turn|62\n|inactive|Time left: 300 sec this turn | 300 sec total\n|\n|t:|1783548269\n|switch|p2a: Torkoal|Torkoal, L88, M|60/266\n|-weather|SunnyDay|[from] ability: Drought|[of] p2a: Torkoal\n|move|p1a: Alomomola|Scald|p2a: Torkoal\n|-supereffective|p2a: Torkoal\n|-damage|p2a: Torkoal|10/266\n|\n|-weather|SunnyDay|[upkeep]\n|-heal|p1a: Alomomola|89/100 par|[from] move: Wish|[wisher] Alomomola\n|upkeep\n|turn|63\n|inactive|Time left: 300 sec this turn | 300 sec total\n|\n|t:|1783548270\n|move|p1a: Alomomola|Protect|p1a: Alomomola\n|-singleturn|p1a: Alomomola|Protect\n|move|p2a: Torkoal|Rapid Spin|p1a: Alomomola\n|-activate|p1a: Alomomola|move: Protect\n|\n|-weather|SunnyDay|[upkeep]\n|upkeep\n|turn|64\n|inactive|Time left: 300 sec this turn | 300 sec total\n|\n|t:|1783548271\n|move|p2a: Torkoal|Rapid Spin|p1a: Alomomola\n|-damage|p1a: Alomomola|80/100 par\n|-boost|p2a: Torkoal|spe|1\n|-sideend|p2: p0y7837952|Stealth Rock|[from] move: Rapid Spin|[of] p2a: Torkoal\n|cant|p1a: Alomomola|par\n|\n|-weather|SunnyDay|[upkeep]\n|upkeep\n|turn|65\n|inactive|Time left: 300 sec this turn | 300 sec total\n|\n|t:|1783548272\n|cant|p1a: Alomomola|par\n|move|p2a: Torkoal|Lava Plume|p1a: Alomomola\n|-damage|p1a: Alomomola|33/100 par\n|\n|-weather|SunnyDay|[upkeep]\n|upkeep\n|turn|66\n|inactive|Time left: 300 sec this turn | 300 sec total\n|\n|t:|1783548274\n|move|p1a: Alomomola|Protect|p1a: Alomomola\n|-singleturn|p1a: Alomomola|Protect\n|move|p2a: Torkoal|Lava Plume|p1a: Alomomola\n|-activate|p1a: Alomomola|move: Protect\n|\n|-weather|none\n|upkeep\n|turn|67\n|inactive|Time left: 300 sec this turn | 300 sec total\n|\n|t:|1783548275\n|move|p2a: Torkoal|Lava Plume|p1a: Alomomola\n|-damage|p1a: Alomomola|1/100 par\n|move|p1a: Alomomola|Wish|p1a: Alomomola\n|\n|upkeep\n|turn|68\n|inactive|Time left: 300 sec this turn | 300 sec total\n|\n|t:|1783548276\n|move|p1a: Alomomola|Protect|p1a: Alomomola\n|-singleturn|p1a: Alomomola|Protect\n|move|p2a: Torkoal|Lava Plume|p1a: Alomomola\n|-activate|p1a: Alomomola|move: Protect\n|\n|-heal|p1a: Alomomola|51/100 par|[from] move: Wish|[wisher] Alomomola\n|upkeep\n|turn|69\n|inactive|Time left: 300 sec this turn | 300 sec total\n|\n|t:|1783548277\n|move|p2a: Torkoal|Lava Plume|p1a: Alomomola\n|-damage|p1a: Alomomola|21/100 par\n|move|p1a: Alomomola|Wish|p1a: Alomomola\n|\n|upkeep\n|turn|70\n|inactive|Time left: 300 sec this turn | 300 sec total\n|\n|t:|1783548278\n|move|p1a: Alomomola|Protect|p1a: Alomomola\n|-singleturn|p1a: Alomomola|Protect\n|move|p2a: Torkoal|Lava Plume|p1a: Alomomola\n|-activate|p1a: Alomomola|move: Protect\n|\n|-heal|p1a: Alomomola|71/100 par|[from] move: Wish|[wisher] Alomomola\n|upkeep\n|turn|71\n|inactive|Time left: 300 sec this turn | 300 sec total\n|\n|t:|1783548279\n|move|p2a: Torkoal|Lava Plume|p1a: Alomomola\n|-damage|p1a: Alomomola|38/100 par\n|move|p1a: Alomomola|Wish|p1a: Alomomola\n|\n|upkeep\n|turn|72\n|inactive|Time left: 300 sec this turn | 300 sec total\n|\n|t:|1783548280\n|move|p2a: Torkoal|Lava Plume|p1a: Alomomola\n|-damage|p1a: Alomomola|11/100 par\n|cant|p1a: Alomomola|par\n|\n|-heal|p1a: Alomomola|61/100 par|[from] move: Wish|[wisher] Alomomola\n|upkeep\n|turn|73\n|inactive|Time left: 300 sec this turn | 300 sec total\n|\n|t:|1783548281\n|move|p2a: Torkoal|Lava Plume|p1a: Alomomola\n|-damage|p1a: Alomomola|28/100 par\n|move|p1a: Alomomola|Wish|p1a: Alomomola\n|\n|upkeep\n|turn|74\n|inactive|Time left: 300 sec this turn | 300 sec total\n|\n|t:|1783548282\n|move|p1a: Alomomola|Protect|p1a: Alomomola\n|-singleturn|p1a: Alomomola|Protect\n|move|p2a: Torkoal|Lava Plume|p1a: Alomomola\n|-activate|p1a: Alomomola|move: Protect\n|\n|-heal|p1a: Alomomola|78/100 par|[from] move: Wish|[wisher] Alomomola\n|upkeep\n|turn|75\n|inactive|Time left: 300 sec this turn | 300 sec total\n|\n|t:|1783548283\n|move|p2a: Torkoal|Lava Plume|p1a: Alomomola\n|-damage|p1a: Alomomola|50/100 par\n|cant|p1a: Alomomola|par\n|\n|upkeep\n|turn|76\n|inactive|Time left: 300 sec this turn | 300 sec total\n|\n|t:|1783548284\n|move|p2a: Torkoal|Lava Plume|p1a: Alomomola\n|-damage|p1a: Alomomola|21/100 par\n|move|p1a: Alomomola|Wish|p1a: Alomomola\n|\n|upkeep\n|turn|77\n|inactive|Time left: 300 sec this turn | 300 sec total\n|\n|t:|1783548285\n|move|p1a: Alomomola|Protect|p1a: Alomomola\n|-singleturn|p1a: Alomomola|Protect\n|move|p2a: Torkoal|Lava Plume|p1a: Alomomola\n|-activate|p1a: Alomomola|move: Protect\n|\n|-heal|p1a: Alomomola|71/100 par|[from] move: Wish|[wisher] Alomomola\n|upkeep\n|turn|78\n|inactive|Time left: 300 sec this turn | 300 sec total\n|\n|t:|1783548286\n|switch|p2a: Azumarill|Azumarill, L82, F|109/298\n|move|p1a: Alomomola|Wish|p1a: Alomomola\n|\n|upkeep\n|turn|79\n|inactive|Time left: 300 sec this turn | 300 sec total\n|\n|t:|1783548287\n|move|p2a: Azumarill|Liquidation|p1a: Alomomola\n|-damage|p1a: Alomomola|34/100 par\n|move|p1a: Alomomola|Scald|p2a: Azumarill\n|-resisted|p2a: Azumarill\n|-damage|p2a: Azumarill|79/298\n|\n|-heal|p1a: Alomomola|84/100 par|[from] move: Wish|[wisher] Alomomola\n|upkeep\n|turn|80\n|inactive|Time left: 300 sec this turn | 300 sec total\n|\n|t:|1783548288\n|move|p2a: Azumarill|Liquidation|p1a: Alomomola\n|-damage|p1a: Alomomola|45/100 par\n|cant|p1a: Alomomola|par\n|\n|upkeep\n|turn|81\n|inactive|Time left: 300 sec this turn | 300 sec total\n|\n|t:|1783548289\n|-terastallize|p2a: Azumarill|Water\n|move|p2a: Azumarill|Liquidation|p1a: Alomomola\n|-damage|p1a: Alomomola|0 fnt\n|faint|p1a: Alomomola\n|\n|win|p0y7837952", "uploadtime": 1783548289, "views": 0, "rating": 0, "private": 0, "password": null, "_winner": "p0y7837952", "_our_name": "p0y7837952"}