{"id": "battle-gen9randombattle-69", "formatid": "gen9randombattle", "format": "[Gen 9] Random Battle", "players": ["p0x069e7fc", "p0y069c7f2"], "log": "|init|battle\n|title|p0x069e7fc vs. p0y069c7f2\n|j|\u2606p0x069e7fc\n|j|\u2606p0y069c7f2\n|t:|1783534031\n|gametype|singles\n|player|p1|p0x069e7fc|1|\n|player|p2|p0y069c7f2|266|\n|gen|9\n|tier|[Gen 9] Random Battle\n|rule|Species Clause: Limit one of each Pok\u00e9mon\n|rule|HP Percentage Mod: HP is shown in percentages\n|rule|Sleep Clause Mod: Limit one foe put to sleep\n|rule|Illusion Level Mod: Illusion disguises the Pok\u00e9mon's true level\n|\n|t:|1783534031\n|teamsize|p1|6\n|teamsize|p2|6\n|start\n|switch|p1a: Gardevoir|Gardevoir, L83, F|249/249\n|switch|p2a: Passimian|Passimian, L83, M|100/100\n|-ability|p1a: Gardevoir|Defiant|Trace|[from] ability: Trace|[of] p2a: Passimian\n|turn|1\n|inactive|Battle timer is ON: inactive players will automatically lose when time's up. (requested by p0y069c7f2)\n|inactive|Time left: 300 sec this turn | 300 sec total | 60 sec grace\n|inactive|p0x069e7fc also wants the timer to be on.\n|\n|t:|1783534033\n|move|p2a: Passimian|Gunk Shot|p1a: Gardevoir|[miss]\n|-miss|p2a: Passimian|p1a: Gardevoir\n|move|p1a: Gardevoir|Moonblast|p2a: Passimian\n|-supereffective|p2a: Passimian\n|-damage|p2a: Passimian|0 fnt\n|faint|p2a: Passimian\n|\n|upkeep\n|\n|t:|1783534034\n|switch|p2a: Noctowl|Noctowl, L95, F|100/100\n|turn|2\n|inactive|Time left: 300 sec this turn | 300 sec total\n|\n|t:|1783534035\n|move|p1a: Gardevoir|Moonblast|p2a: Noctowl\n|-damage|p2a: Noctowl|70/100\n|move|p2a: Noctowl|Calm Mind|p2a: Noctowl\n|-boost|p2a: Noctowl|spa|1\n|-boost|p2a: Noctowl|spd|1\n|\n|upkeep\n|turn|3\n|inactive|Time left: 300 sec this turn | 300 sec total\n|\n|t:|1783534036\n|move|p1a: Gardevoir|Moonblast|p2a: Noctowl\n|-damage|p2a: Noctowl|51/100\n|-unboost|p2a: Noctowl|spa|1\n|move|p2a: Noctowl|Calm Mind|p2a: Noctowl\n|-boost|p2a: Noctowl|spa|1\n|-boost|p2a: Noctowl|spd|1\n|\n|upkeep\n|turn|4\n|inactive|Time left: 300 sec this turn | 300 sec total\n|\n|t:|1783534038\n|move|p1a: Gardevoir|Moonblast|p2a: Noctowl\n|-damage|p2a: Noctowl|36/100\n|-unboost|p2a: Noctowl|spa|1\n|move|p2a: Noctowl|Hurricane|p1a: Gardevoir|[miss]\n|-miss|p2a: Noctowl|p1a: Gardevoir\n|\n|upkeep\n|turn|5\n|inactive|Time left: 300 sec this turn | 300 sec total\n|\n|t:|1783534039\n|move|p1a: Gardevoir|Moonblast|p2a: Noctowl\n|-damage|p2a: Noctowl|21/100\n|-unboost|p2a: Noctowl|spa|1\n|move|p2a: Noctowl|Roost|p2a: Noctowl\n|-heal|p2a: Noctowl|71/100\n|-singleturn|p2a: Noctowl|move: Roost\n|\n|upkeep\n|turn|6\n|inactive|Time left: 300 sec this turn | 300 sec total\n|\n|t:|1783534040\n|switch|p1a: Beartic|Beartic, L91, F|321/321\n|move|p2a: Noctowl|Calm Mind|p2a: Noctowl\n|-boost|p2a: Noctowl|spa|1\n|-boost|p2a: Noctowl|spd|1\n|\n|upkeep\n|turn|7\n|inactive|Time left: 300 sec this turn | 300 sec total\n|\n|t:|1783534042\n|move|p2a: Noctowl|Hurricane|p1a: Beartic|[miss]\n|-miss|p2a: Noctowl|p1a: Beartic\n|move|p1a: Beartic|Icicle Crash|p2a: Noctowl\n|-supereffective|p2a: Noctowl\n|-damage|p2a: Noctowl|0 fnt\n|faint|p2a: Noctowl\n|\n|upkeep\n|\n|t:|1783534043\n|switch|p2a: Infernape|Infernape, L82, M|100/100\n|turn|8\n|inactive|Time left: 300 sec this turn | 300 sec total\n|\n|t:|1783534044\n|-terastallize|p1a: Beartic|Ground\n|move|p2a: Infernape|Flare Blitz|p1a: Beartic\n|-damage|p1a: Beartic|141/321\n|-damage|p2a: Infernape|78/100|[from] Recoil\n|move|p1a: Beartic|Earthquake|p2a: Infernape\n|-supereffective|p2a: Infernape\n|-damage|p2a: Infernape|0 fnt\n|faint|p2a: Infernape\n|\n|upkeep\n|\n|t:|1783534045\n|switch|p2a: Cinccino|Cinccino, L83, M|100/100\n|turn|9\n|inactive|Time left: 300 sec this turn | 300 sec total\n|\n|t:|1783534046\n|switch|p1a: Slowbro|Slowbro-Galar, L87, M|307/307\n|move|p2a: Cinccino|Triple Axel|p1a: Slowbro|[miss]\n|-miss|p2a: Cinccino|p1a: Slowbro\n|\n|upkeep\n|turn|10\n|inactive|Time left: 300 sec this turn | 300 sec total\n|\n|t:|1783534047\n|move|p2a: Cinccino|Tail Slap|p1a: Slowbro\n|-damage|p1a: Slowbro|274/307\n|-damage|p1a: Slowbro|237/307\n|-damage|p1a: Slowbro|203/307\n|-damage|p1a: Slowbro|166/307\n|-damage|p1a: Slowbro|130/307\n|-hitcount|p1a: Slowbro|5\n|move|p1a: Slowbro|Shell Side Arm|p2a: Cinccino|[anim] Shell Side Arm Special\n|-damage|p2a: Cinccino|46/100\n|-hint|Special Shell Side Arm\n|\n|upkeep\n|turn|11\n|inactive|Time left: 300 sec this turn | 300 sec total\n|\n|t:|1783534048\n|switch|p1a: Gardevoir|Gardevoir, L83, F|249/249\n|-ability|p1a: Gardevoir|Technician|Trace|[from] ability: Trace|[of] p2a: Cinccino\n|move|p2a: Cinccino|Tail Slap|p1a: Gardevoir\n|-damage|p1a: Gardevoir|200/249\n|-damage|p1a: Gardevoir|149/249\n|-damage|p1a: Gardevoir|101/249\n|-damage|p1a: Gardevoir|50/249\n|-damage|p1a: Gardevoir|0 fnt\n|faint|p1a: Gardevoir\n|-hitcount|p1: Gardevoir|5\n|\n|upkeep\n|inactive|Time left: 300 sec this turn | 300 sec total | 5 sec grace\n|\n|t:|1783534049\n|switch|p1a: Rillaboom|Rillaboom, L79, M|288/288\n|-fieldstart|move: Grassy Terrain|[from] ability: Grassy Surge|[of] p1a: Rillaboom\n|turn|12\n|inactive|Time left: 300 sec this turn | 300 sec total\n|\n|t:|1783534050\n|move|p1a: Rillaboom|Grassy Glide|p2a: Cinccino\n|-damage|p2a: Cinccino|0 fnt\n|faint|p2a: Cinccino\n|-damage|p1a: Rillaboom|260/288|[from] item: Life Orb\n|\n|-heal|p1a: Rillaboom|278/288|[from] Grassy Terrain\n|upkeep\n|\n|t:|1783534051\n|switch|p2a: Skarmory|Skarmory, L80, F|100/100\n|turn|13\n|inactive|Time left: 300 sec this turn | 300 sec total\n|\n|t:|1783534052\n|switch|p1a: Slowbro|Slowbro-Galar, L87, M|232/307\n|move|p2a: Skarmory|Brave Bird|p1a: Slowbro\n|-damage|p1a: Slowbro|145/307\n|-damage|p2a: Skarmory|88/100|[from] Recoil\n|\n|-heal|p2a: Skarmory|94/100|[from] item: Leftovers\n|-heal|p1a: Slowbro|164/307|[from] Grassy Terrain\n|upkeep\n|turn|14\n|inactive|Time left: 300 sec this turn | 300 sec total\n|\n|t:|1783534054\n|move|p2a: Skarmory|Stealth Rock|p1a: Slowbro\n|-sidestart|p1: p0x069e7fc|move: Stealth Rock\n|move|p1a: Slowbro|Fire Blast|p2a: Skarmory\n|-supereffective|p2a: Skarmory\n|-damage|p2a: Skarmory|7/100\n|\n|-heal|p2a: Skarmory|13/100|[from] item: Leftovers\n|-heal|p1a: Slowbro|183/307|[from] Grassy Terrain\n|upkeep\n|turn|15\n|inactive|Time left: 300 sec this turn | 300 sec total\n|\n|t:|1783534055\n|move|p2a: Skarmory|Roost|p2a: Skarmory\n|-heal|p2a: Skarmory|63/100\n|-singleturn|p2a: Skarmory|move: Roost\n|move|p1a: Slowbro|Fire Blast|p2a: Skarmory\n|-supereffective|p2a: Skarmory\n|-damage|p2a: Skarmory|0 fnt\n|faint|p2a: Skarmory\n|\n|-heal|p1a: Slowbro|202/307|[from] Grassy Terrain\n|upkeep\n|\n|t:|1783534056\n|switch|p2a: Tentacruel|Tentacruel, L84, F|100/100\n|turn|16\n|inactive|Time left: 300 sec this turn | 300 sec total\n|\n|t:|1783534057\n|move|p2a: Tentacruel|Rapid Spin|p1a: Slowbro\n|-damage|p1a: Slowbro|175/307\n|-boost|p2a: Tentacruel|spe|1\n|move|p1a: Slowbro|Psychic|p2a: Tentacruel\n|-supereffective|p2a: Tentacruel\n|-damage|p2a: Tentacruel|60/100\n|\n|-heal|p2a: Tentacruel|66/100|[from] Grassy Terrain\n|-heal|p1a: Slowbro|194/307|[from] Grassy Terrain\n|-fieldend|move: Grassy Terrain\n|upkeep\n|turn|17\n|inactive|Time left: 300 sec this turn | 300 sec total\n|\n|t:|1783534058\n|move|p2a: Tentacruel|Sludge Bomb|p1a: Slowbro\n|-resisted|p1a: Slowbro\n|-damage|p1a: Slowbro|161/307\n|move|p1a: Slowbro|Earthquake|p2a: Tentacruel\n|-supereffective|p2a: Tentacruel\n|-damage|p2a: Tentacruel|0 fnt\n|faint|p2a: Tentacruel\n|\n|win|p0x069e7fc", "uploadtime": 1783534058, "views": 0, "rating": 0, "private": 0, "password": null, "_winner": "p0x069e7fc", "_our_name": "p0x069e7fc"}