{"id": "battle-gen9randombattle-1831", "formatid": "gen9randombattle", "format": "[Gen 9] Random Battle", "players": ["p0x18312e06", "p0y18319ee8"], "log": "|init|battle\n|title|p0x18312e06 vs. p0y18319ee8\n|j|\u2606p0x18312e06\n|j|\u2606p0y18319ee8\n|t:|1783561187\n|gametype|singles\n|player|p1|p0x18312e06|101|\n|player|p2|p0y18319ee8|170|\n|gen|9\n|tier|[Gen 9] Random Battle\n|rule|Species Clause: Limit one of each Pok\u00e9mon\n|rule|HP Percentage Mod: HP is shown in percentages\n|rule|Sleep Clause Mod: Limit one foe put to sleep\n|rule|Illusion Level Mod: Illusion disguises the Pok\u00e9mon's true level\n|\n|t:|1783561187\n|teamsize|p1|6\n|teamsize|p2|6\n|start\n|switch|p1a: Magearna|Magearna, L77|100/100\n|switch|p2a: Iron Hands|Iron Hands, L79|373/373\n|turn|1\n|inactive|Battle timer is ON: inactive players will automatically lose when time's up. (requested by p0y18319ee8)\n|inactive|p0x18312e06 also wants the timer to be on.\n|\n|t:|1783561188\n|move|p1a: Magearna|Shift Gear|p1a: Magearna\n|-boost|p1a: Magearna|spe|2\n|-boost|p1a: Magearna|atk|1\n|move|p2a: Iron Hands|Swords Dance|p2a: Iron Hands\n|-boost|p2a: Iron Hands|atk|2\n|\n|upkeep\n|turn|2\n|inactive|Time left: 300 sec this turn | 300 sec total\n|\n|t:|1783561189\n|-terastallize|p2a: Iron Hands|Steel\n|move|p1a: Magearna|Fleur Cannon|p2a: Iron Hands\n|-resisted|p2a: Iron Hands\n|-damage|p2a: Iron Hands|283/373\n|-unboost|p1a: Magearna|spa|2\n|move|p2a: Iron Hands|Drain Punch|p1a: Magearna\n|-damage|p1a: Magearna|36/100\n|-heal|p2a: Iron Hands|364/373|[from] drain|[of] p1a: Magearna\n|\n|-heal|p2a: Iron Hands|373/373|[from] item: Leftovers\n|upkeep\n|turn|3\n|inactive|Time left: 300 sec this turn | 300 sec total\n|\n|t:|1783561191\n|switch|p1a: Weezing|Weezing, L88, M|100/100\n|move|p2a: Iron Hands|Drain Punch|p1a: Weezing\n|-resisted|p1a: Weezing\n|-damage|p1a: Weezing|71/100\n|\n|-heal|p1a: Weezing|78/100|[from] item: Leftovers\n|upkeep\n|turn|4\n|inactive|Time left: 300 sec this turn | 300 sec total\n|\n|t:|1783561192\n|move|p1a: Weezing|Will-O-Wisp|p2a: Iron Hands\n|-status|p2a: Iron Hands|brn\n|move|p2a: Iron Hands|Drain Punch|p1a: Weezing\n|-resisted|p1a: Weezing\n|-damage|p1a: Weezing|65/100\n|\n|-heal|p1a: Weezing|71/100|[from] item: Leftovers\n|-damage|p2a: Iron Hands|350/373 brn|[from] brn\n|upkeep\n|turn|5\n|inactive|Time left: 300 sec this turn | 300 sec total\n|\n|t:|1783561193\n|move|p1a: Weezing|Pain Split|p2a: Iron Hands\n|-sethp|p2a: Iron Hands|266/373 brn|[from] move: Pain Split|[silent]\n|-sethp|p1a: Weezing|100/100|[from] move: Pain Split\n|move|p2a: Iron Hands|Swords Dance|p2a: Iron Hands\n|-boost|p2a: Iron Hands|atk|2\n|\n|-heal|p2a: Iron Hands|289/373 brn|[from] item: Leftovers\n|-damage|p2a: Iron Hands|266/373 brn|[from] brn\n|upkeep\n|turn|6\n|inactive|Time left: 300 sec this turn | 300 sec total\n|\n|t:|1783561194\n|move|p1a: Weezing|Fire Blast|p2a: Iron Hands\n|-supereffective|p2a: Iron Hands\n|-damage|p2a: Iron Hands|84/373 brn\n|move|p2a: Iron Hands|Drain Punch|p1a: Weezing\n|-resisted|p1a: Weezing\n|-damage|p1a: Weezing|81/100\n|-heal|p2a: Iron Hands|109/373 brn|[from] drain|[of] p1a: Weezing\n|\n|-heal|p1a: Weezing|87/100|[from] item: Leftovers\n|-heal|p2a: Iron Hands|132/373 brn|[from] item: Leftovers\n|-damage|p2a: Iron Hands|109/373 brn|[from] brn\n|upkeep\n|turn|7\n|inactive|Time left: 300 sec this turn | 300 sec total\n|\n|t:|1783561195\n|move|p1a: Weezing|Fire Blast|p2a: Iron Hands\n|-supereffective|p2a: Iron Hands\n|-damage|p2a: Iron Hands|0 fnt\n|faint|p2a: Iron Hands\n|-end|p2a: Iron Hands|Quark Drive|[silent]\n|\n|-heal|p1a: Weezing|94/100|[from] item: Leftovers\n|upkeep\n|inactive|Time left: 300 sec this turn | 300 sec total | 5 sec grace\n|\n|t:|1783561196\n|switch|p2a: Hydreigon|Hydreigon, L79, M|275/275\n|turn|8\n|inactive|Time left: 300 sec this turn | 300 sec total\n|\n|t:|1783561197\n|move|p2a: Hydreigon|Dark Pulse|p1a: Weezing\n|-damage|p1a: Weezing|34/100\n|cant|p1a: Weezing|flinch\n|\n|-heal|p1a: Weezing|40/100|[from] item: Leftovers\n|upkeep\n|turn|9\n|inactive|Time left: 300 sec this turn | 300 sec total\n|\n|t:|1783561199\n|move|p2a: Hydreigon|Dark Pulse|p1a: Weezing\n|-crit|p1a: Weezing\n|-damage|p1a: Weezing|0 fnt\n|faint|p1a: Weezing\n|\n|upkeep\n|\n|t:|1783561200\n|switch|p1a: Iron Bundle|Iron Bundle, L78|100/100\n|turn|10\n|inactive|Time left: 300 sec this turn | 300 sec total\n|\n|t:|1783561201\n|move|p1a: Iron Bundle|Ice Beam|p2a: Hydreigon\n|-supereffective|p2a: Hydreigon\n|-damage|p2a: Hydreigon|0 fnt\n|faint|p2a: Hydreigon\n|\n|upkeep\n|inactive|Time left: 300 sec this turn | 300 sec total | 5 sec grace\n|\n|t:|1783561201\n|switch|p2a: Kingambit|Kingambit, L74, F|270/270\n|-activate|p2a: Kingambit|ability: Supreme Overlord\n|-start|p2a: Kingambit|fallen2|[silent]\n|turn|11\n|inactive|Time left: 300 sec this turn | 300 sec total\n|\n|t:|1783561203\n|move|p1a: Iron Bundle|Ice Beam|p2a: Kingambit\n|-resisted|p2a: Kingambit\n|-damage|p2a: Kingambit|184/270\n|move|p2a: Kingambit|Kowtow Cleave|p1a: Iron Bundle\n|-damage|p1a: Iron Bundle|53/100\n|\n|-heal|p2a: Kingambit|200/270|[from] item: Leftovers\n|upkeep\n|turn|12\n|inactive|Time left: 300 sec this turn | 300 sec total\n|\n|t:|1783561204\n|move|p1a: Iron Bundle|Ice Beam|p2a: Kingambit\n|-resisted|p2a: Kingambit\n|-damage|p2a: Kingambit|110/270\n|move|p2a: Kingambit|Swords Dance|p2a: Kingambit\n|-boost|p2a: Kingambit|atk|2\n|\n|-heal|p2a: Kingambit|126/270|[from] item: Leftovers\n|upkeep\n|turn|13\n|inactive|Time left: 300 sec this turn | 300 sec total\n|\n|t:|1783561205\n|move|p2a: Kingambit|Sucker Punch|p1a: Iron Bundle\n|-damage|p1a: Iron Bundle|0 fnt\n|faint|p1a: Iron Bundle\n|-end|p1a: Iron Bundle|Quark Drive|[silent]\n|\n|-heal|p2a: Kingambit|142/270|[from] item: Leftovers\n|upkeep\n|\n|t:|1783561206\n|switch|p1a: Mamoswine|Mamoswine, L81, F|100/100\n|turn|14\n|inactive|Time left: 300 sec this turn | 300 sec total\n|\n|t:|1783561207\n|move|p2a: Kingambit|Sucker Punch|p1a: Mamoswine\n|-damage|p1a: Mamoswine|39/100\n|move|p1a: Mamoswine|Earthquake|p2a: Kingambit\n|-supereffective|p2a: Kingambit\n|-damage|p2a: Kingambit|0 fnt\n|faint|p2a: Kingambit\n|-end|p2a: Kingambit|fallen2|[silent]\n|-damage|p1a: Mamoswine|29/100|[from] item: Life Orb\n|\n|upkeep\n|inactive|Time left: 300 sec this turn | 300 sec total | 5 sec grace\n|\n|t:|1783561208\n|switch|p2a: Stantler|Stantler, L92, M|284/284\n|-ability|p2a: Stantler|Intimidate|boost\n|-unboost|p1a: Mamoswine|atk|1\n|turn|15\n|inactive|Time left: 300 sec this turn | 300 sec total\n|\n|t:|1783561209\n|move|p2a: Stantler|Body Slam|p1a: Mamoswine\n|-damage|p1a: Mamoswine|0 fnt\n|faint|p1a: Mamoswine\n|\n|upkeep\n|\n|t:|1783561210\n|switch|p1a: Oricorio|Oricorio-Pa'u, L87, F|100/100\n|turn|16\n|inactive|Time left: 300 sec this turn | 300 sec total\n|\n|t:|1783561211\n|move|p1a: Oricorio|Quiver Dance|p1a: Oricorio\n|-boost|p1a: Oricorio|spa|1\n|-boost|p1a: Oricorio|spd|1\n|-boost|p1a: Oricorio|spe|1\n|move|p2a: Stantler|Body Slam|p1a: Oricorio\n|-damage|p1a: Oricorio|55/100\n|\n|upkeep\n|turn|17\n|inactive|Time left: 300 sec this turn | 300 sec total\n|\n|t:|1783561212\n|-terastallize|p1a: Oricorio|Fighting\n|move|p1a: Oricorio|Revelation Dance|p2a: Stantler\n|-supereffective|p2a: Stantler\n|-damage|p2a: Stantler|54/284\n|move|p2a: Stantler|Body Slam|p1a: Oricorio\n|-damage|p1a: Oricorio|11/100\n|\n|upkeep\n|turn|18\n|inactive|Time left: 300 sec this turn | 300 sec total\n|\n|t:|1783561213\n|move|p1a: Oricorio|Revelation Dance|p2a: Stantler\n|-supereffective|p2a: Stantler\n|-damage|p2a: Stantler|0 fnt\n|faint|p2a: Stantler\n|\n|upkeep\n|inactive|Time left: 300 sec this turn | 300 sec total | 5 sec grace\n|\n|t:|1783561214\n|switch|p2a: Farigiraf|Farigiraf, L90, M|362/362\n|turn|19\n|inactive|Time left: 300 sec this turn | 300 sec total\n|\n|t:|1783561215\n|move|p1a: Oricorio|Roost|p1a: Oricorio\n|-heal|p1a: Oricorio|61/100\n|move|p2a: Farigiraf|Psychic Noise|p1a: Oricorio\n|-supereffective|p1a: Oricorio\n|-damage|p1a: Oricorio|5/100\n|-start|p1a: Oricorio|move: Heal Block\n|\n|upkeep\n|turn|20\n|inactive|Time left: 300 sec this turn | 300 sec total\n|\n|t:|1783561216\n|move|p1a: Oricorio|Hurricane|p2a: Farigiraf\n|-damage|p2a: Farigiraf|169/362\n|move|p2a: Farigiraf|Body Slam|p1a: Oricorio\n|-damage|p1a: Oricorio|0 fnt\n|faint|p1a: Oricorio\n|\n|-heal|p2a: Farigiraf|191/362|[from] item: Leftovers\n|upkeep\n|\n|t:|1783561217\n|switch|p1a: Magearna|Magearna, L77|36/100\n|turn|21\n|inactive|Time left: 300 sec this turn | 300 sec total\n|\n|t:|1783561218\n|move|p2a: Farigiraf|Body Slam|p1a: Magearna\n|-resisted|p1a: Magearna\n|-damage|p1a: Magearna|20/100\n|move|p1a: Magearna|Shift Gear|p1a: Magearna\n|-boost|p1a: Magearna|spe|2\n|-boost|p1a: Magearna|atk|1\n|\n|-heal|p2a: Farigiraf|213/362|[from] item: Leftovers\n|upkeep\n|turn|22\n|inactive|Time left: 300 sec this turn | 300 sec total\n|\n|t:|1783561219\n|move|p1a: Magearna|Iron Head|p2a: Farigiraf\n|-damage|p2a: Farigiraf|87/362\n|move|p2a: Farigiraf|Body Slam|p1a: Magearna\n|-resisted|p1a: Magearna\n|-damage|p1a: Magearna|4/100\n|\n|-heal|p2a: Farigiraf|109/362|[from] item: Leftovers\n|upkeep\n|turn|23\n|inactive|Time left: 300 sec this turn | 300 sec total\n|\n|t:|1783561220\n|move|p1a: Magearna|Iron Head|p2a: Farigiraf\n|-damage|p2a: Farigiraf|3/362\n|move|p2a: Farigiraf|Psychic Noise|p1a: Magearna\n|-resisted|p1a: Magearna\n|-crit|p1a: Magearna\n|-damage|p1a: Magearna|0 fnt\n|faint|p1a: Magearna\n|\n|-heal|p2a: Farigiraf|25/362|[from] item: Leftovers\n|upkeep\n|\n|t:|1783561220\n|switch|p1a: Hypno|Hypno, L95, M|100/100\n|turn|24\n|inactive|Time left: 300 sec this turn | 300 sec total\n|\n|t:|1783561221\n|move|p1a: Hypno|Psychic Noise|p2a: Farigiraf\n|-resisted|p2a: Farigiraf\n|-damage|p2a: Farigiraf|0 fnt\n|faint|p2a: Farigiraf\n|\n|upkeep\n|inactive|Time left: 300 sec this turn | 300 sec total | 5 sec grace\n|\n|t:|1783561222\n|switch|p2a: Comfey|Comfey, L85, M|225/225\n|turn|25\n|inactive|Time left: 300 sec this turn | 300 sec total\n|\n|t:|1783561223\n|move|p2a: Comfey|Calm Mind|p2a: Comfey\n|-boost|p2a: Comfey|spa|1\n|-boost|p2a: Comfey|spd|1\n|move|p1a: Hypno|Toxic|p2a: Comfey\n|-status|p2a: Comfey|tox\n|\n|-damage|p2a: Comfey|211/225 tox|[from] psn\n|upkeep\n|turn|26\n|inactive|Time left: 300 sec this turn | 300 sec total\n|\n|t:|1783561224\n|move|p2a: Comfey|Synthesis|p2a: Comfey\n|-heal|p2a: Comfey|225/225 tox\n|move|p1a: Hypno|Psychic Noise|p2a: Comfey\n|-damage|p2a: Comfey|180/225 tox\n|-start|p2a: Comfey|move: Heal Block\n|\n|-damage|p2a: Comfey|152/225 tox|[from] psn\n|upkeep\n|turn|27\n|inactive|Time left: 300 sec this turn | 300 sec total\n|\n|t:|1783561224\n|move|p2a: Comfey|Tera Blast|p1a: Hypno\n|-damage|p1a: Hypno|83/100\n|move|p1a: Hypno|Psychic Noise|p2a: Comfey\n|-crit|p2a: Comfey\n|-damage|p2a: Comfey|50/225 tox\n|\n|-heal|p1a: Hypno|89/100|[from] item: Leftovers\n|-damage|p2a: Comfey|8/225 tox|[from] psn\n|-end|p2a: Comfey|move: Heal Block\n|upkeep\n|turn|28\n|inactive|Time left: 300 sec this turn | 300 sec total\n|\n|t:|1783561225\n|move|p2a: Comfey|Synthesis|p2a: Comfey\n|-heal|p2a: Comfey|120/225 tox\n|move|p1a: Hypno|Psychic Noise|p2a: Comfey\n|-damage|p2a: Comfey|72/225 tox\n|-start|p2a: Comfey|move: Heal Block\n|\n|-heal|p1a: Hypno|95/100|[from] item: Leftovers\n|-damage|p2a: Comfey|16/225 tox|[from] psn\n|upkeep\n|turn|29\n|inactive|Time left: 300 sec this turn | 300 sec total\n|\n|t:|1783561226\n|move|p2a: Comfey|Calm Mind|p2a: Comfey\n|-boost|p2a: Comfey|spa|1\n|-boost|p2a: Comfey|spd|1\n|move|p1a: Hypno|Psychic Noise|p2a: Comfey\n|-damage|p2a: Comfey|0 fnt\n|faint|p2a: Comfey\n|\n|win|p0x18312e06", "uploadtime": 1783561226, "views": 0, "rating": 0, "private": 0, "password": null, "_winner": "p0x18312e06", "_our_name": "p0y18319ee8"}