{"id": "battle-gen9randombattle-1507", "formatid": "gen9randombattle", "format": "[Gen 9] Random Battle", "players": ["p0x15077cdc", "p0y15072309"], "log": "|init|battle\n|title|p0x15077cdc vs. p0y15072309\n|j|\u2606p0x15077cdc\n|j|\u2606p0y15072309\n|t:|1783556609\n|gametype|singles\n|player|p1|p0x15077cdc|169|\n|player|p2|p0y15072309|102|\n|gen|9\n|tier|[Gen 9] Random Battle\n|rule|Species Clause: Limit one of each Pok\u00e9mon\n|rule|HP Percentage Mod: HP is shown in percentages\n|rule|Sleep Clause Mod: Limit one foe put to sleep\n|rule|Illusion Level Mod: Illusion disguises the Pok\u00e9mon's true level\n|\n|t:|1783556609\n|teamsize|p1|6\n|teamsize|p2|6\n|start\n|switch|p1a: Zekrom|Zekrom, L71|259/259\n|switch|p2a: Garganacl|Garganacl, L80, M|100/100\n|-ability|p1a: Zekrom|Teravolt\n|turn|1\n|inactive|Battle timer is ON: inactive players will automatically lose when time's up. (requested by p0x15077cdc)\n|inactive|p0y15072309 also wants the timer to be on.\n|\n|t:|1783556611\n|move|p1a: Zekrom|Dragon Dance|p1a: Zekrom\n|-boost|p1a: Zekrom|atk|1\n|-boost|p1a: Zekrom|spe|1\n|move|p2a: Garganacl|Stealth Rock|p1a: Zekrom\n|-sidestart|p1: p0x15077cdc|move: Stealth Rock\n|\n|upkeep\n|turn|2\n|inactive|Time left: 300 sec this turn | 300 sec total\n|\n|t:|1783556612\n|move|p2a: Garganacl|Protect|p2a: Garganacl\n|-singleturn|p2a: Garganacl|Protect\n|move|p1a: Zekrom|Outrage|p2a: Garganacl\n|-activate|p2a: Garganacl|move: Protect\n|\n|upkeep\n|turn|3\n|inactive|Time left: 300 sec this turn | 300 sec total\n|\n|t:|1783556613\n|move|p1a: Zekrom|Dragon Dance|p1a: Zekrom\n|-boost|p1a: Zekrom|atk|1\n|-boost|p1a: Zekrom|spe|1\n|move|p2a: Garganacl|Recover||[still]\n|-fail|p2a: Garganacl|heal\n|\n|upkeep\n|turn|4\n|inactive|Time left: 300 sec this turn | 300 sec total\n|\n|t:|1783556615\n|move|p1a: Zekrom|Outrage|p2a: Garganacl\n|-damage|p2a: Garganacl|32/100\n|move|p2a: Garganacl|Salt Cure|p1a: Zekrom\n|-damage|p1a: Zekrom|220/259\n|-start|p1a: Zekrom|Salt Cure\n|\n|-heal|p1a: Zekrom|236/259|[from] item: Leftovers\n|-heal|p2a: Garganacl|39/100|[from] item: Leftovers\n|-damage|p1a: Zekrom|204/259|[from] Salt Cure\n|upkeep\n|turn|5\n|inactive|Time left: 300 sec this turn | 300 sec total\n|\n|t:|1783556616\n|switch|p2a: Ampharos|Ampharos, L88, M|100/100\n|move|p1a: Zekrom|Outrage|p2a: Ampharos|[from] lockedmove\n|-damage|p2a: Ampharos|23/100\n|\n|-heal|p1a: Zekrom|220/259|[from] item: Leftovers\n|-damage|p1a: Zekrom|188/259|[from] Salt Cure\n|upkeep\n|turn|6\n|inactive|Time left: 300 sec this turn | 300 sec total\n|\n|t:|1783556617\n|-terastallize|p2a: Ampharos|Fairy\n|move|p1a: Zekrom|Outrage|p2a: Ampharos|[from] lockedmove\n|-immune|p2a: Ampharos\n|-start|p1a: Zekrom|confusion|[fatigue]\n|move|p2a: Ampharos|Dazzling Gleam|p1a: Zekrom\n|-supereffective|p1a: Zekrom\n|-damage|p1a: Zekrom|0 fnt\n|faint|p1a: Zekrom\n|\n|upkeep\n|inactive|Time left: 300 sec this turn | 300 sec total | 5 sec grace\n|\n|t:|1783556618\n|switch|p1a: Abomasnow|Abomasnow, L84, F|287/287\n|-damage|p1a: Abomasnow|216/287|[from] Stealth Rock\n|-weather|Snowscape|[from] ability: Snow Warning|[of] p1a: Abomasnow\n|turn|7\n|inactive|Time left: 300 sec this turn | 300 sec total\n|\n|t:|1783556619\n|switch|p2a: Drifblim|Drifblim, L86, F|100/100\n|move|p1a: Abomasnow|Aurora Veil|p1a: Abomasnow\n|-sidestart|p1: p0x15077cdc|move: Aurora Veil\n|\n|-weather|Snowscape|[upkeep]\n|upkeep\n|turn|8\n|inactive|Time left: 300 sec this turn | 300 sec total\n|\n|t:|1783556620\n|move|p2a: Drifblim|Calm Mind|p2a: Drifblim\n|-boost|p2a: Drifblim|spa|1\n|-boost|p2a: Drifblim|spd|1\n|move|p1a: Abomasnow|Blizzard|p2a: Drifblim\n|-supereffective|p2a: Drifblim\n|-damage|p2a: Drifblim|45/100\n|-status|p2a: Drifblim|frz\n|-enditem|p2a: Drifblim|Sitrus Berry|[eat]\n|-heal|p2a: Drifblim|70/100 frz|[from] item: Sitrus Berry\n|\n|-weather|Snowscape|[upkeep]\n|upkeep\n|turn|9\n|inactive|Time left: 300 sec this turn | 300 sec total\n|\n|t:|1783556621\n|cant|p2a: Drifblim|frz\n|move|p1a: Abomasnow|Blizzard|p2a: Drifblim\n|-supereffective|p2a: Drifblim\n|-damage|p2a: Drifblim|15/100 frz\n|\n|-weather|Snowscape|[upkeep]\n|upkeep\n|turn|10\n|inactive|Time left: 300 sec this turn | 300 sec total\n|\n|t:|1783556622\n|cant|p2a: Drifblim|frz\n|move|p1a: Abomasnow|Wood Hammer|p2a: Drifblim\n|-resisted|p2a: Drifblim\n|-damage|p2a: Drifblim|0 fnt\n|faint|p2a: Drifblim\n|-damage|p1a: Abomasnow|197/287|[from] Recoil\n|\n|-weather|Snowscape|[upkeep]\n|upkeep\n|\n|t:|1783556623\n|switch|p2a: Dialga|Dialga, L73|100/100\n|-ability|p2a: Dialga|Pressure\n|turn|11\n|inactive|Time left: 300 sec this turn | 300 sec total\n|\n|t:|1783556624\n|move|p2a: Dialga|Fire Blast|p1a: Abomasnow\n|-supereffective|p1a: Abomasnow\n|-damage|p1a: Abomasnow|19/287\n|move|p1a: Abomasnow|Earthquake|p2a: Dialga\n|-supereffective|p2a: Dialga\n|-damage|p2a: Dialga|52/100\n|\n|-weather|none\n|-heal|p2a: Dialga|58/100|[from] item: Leftovers\n|upkeep\n|turn|12\n|inactive|Time left: 300 sec this turn | 300 sec total\n|\n|t:|1783556625\n|switch|p1a: Mabosstiff|Mabosstiff, L86, F|278/278\n|-damage|p1a: Mabosstiff|244/278|[from] Stealth Rock\n|move|p2a: Dialga|Heavy Slam|p1a: Mabosstiff\n|-damage|p1a: Mabosstiff|184/278\n|\n|-heal|p2a: Dialga|64/100|[from] item: Leftovers\n|upkeep\n|turn|13\n|inactive|Time left: 300 sec this turn | 300 sec total\n|\n|t:|1783556626\n|move|p1a: Mabosstiff|Crunch|p2a: Dialga\n|-damage|p2a: Dialga|28/100\n|move|p2a: Dialga|Heavy Slam|p1a: Mabosstiff\n|-damage|p1a: Mabosstiff|131/278\n|\n|-heal|p2a: Dialga|34/100|[from] item: Leftovers\n|upkeep\n|turn|14\n|inactive|Time left: 300 sec this turn | 300 sec total\n|\n|t:|1783556627\n|switch|p2a: Ampharos|Ampharos, L88, M, tera:Fairy|23/100\n|move|p1a: Mabosstiff|Crunch|p2a: Ampharos\n|-resisted|p2a: Ampharos\n|-damage|p2a: Ampharos|0 fnt\n|faint|p2a: Ampharos\n|\n|-sideend|p1: p0x15077cdc|move: Aurora Veil\n|upkeep\n|\n|t:|1783556628\n|switch|p2a: Garganacl|Garganacl, L80, M|39/100\n|turn|15\n|inactive|Time left: 300 sec this turn | 300 sec total\n|\n|t:|1783556629\n|move|p2a: Garganacl|Protect|p2a: Garganacl\n|-singleturn|p2a: Garganacl|Protect\n|move|p1a: Mabosstiff|Crunch|p2a: Garganacl\n|-activate|p2a: Garganacl|move: Protect\n|\n|-heal|p2a: Garganacl|45/100|[from] item: Leftovers\n|upkeep\n|turn|16\n|inactive|Time left: 300 sec this turn | 300 sec total\n|\n|t:|1783556630\n|move|p1a: Mabosstiff|Crunch|p2a: Garganacl\n|-damage|p2a: Garganacl|15/100\n|move|p2a: Garganacl|Recover|p2a: Garganacl\n|-heal|p2a: Garganacl|65/100\n|\n|-heal|p2a: Garganacl|71/100|[from] item: Leftovers\n|upkeep\n|turn|17\n|inactive|Time left: 300 sec this turn | 300 sec total\n|\n|t:|1783556631\n|move|p1a: Mabosstiff|Crunch|p2a: Garganacl\n|-damage|p2a: Garganacl|42/100\n|move|p2a: Garganacl|Recover|p2a: Garganacl\n|-heal|p2a: Garganacl|93/100\n|\n|-heal|p2a: Garganacl|99/100|[from] item: Leftovers\n|upkeep\n|turn|18\n|inactive|Time left: 300 sec this turn | 300 sec total\n|\n|t:|1783556632\n|move|p1a: Mabosstiff|Crunch|p2a: Garganacl\n|-damage|p2a: Garganacl|73/100\n|move|p2a: Garganacl|Salt Cure|p1a: Mabosstiff\n|-damage|p1a: Mabosstiff|89/278\n|-start|p1a: Mabosstiff|Salt Cure\n|\n|-heal|p2a: Garganacl|79/100|[from] item: Leftovers\n|-damage|p1a: Mabosstiff|55/278|[from] Salt Cure\n|upkeep\n|turn|19\n|inactive|Time left: 300 sec this turn | 300 sec total\n|\n|t:|1783556633\n|switch|p1a: Seviper|Seviper, L93, F|287/287\n|-damage|p1a: Seviper|252/287|[from] Stealth Rock\n|move|p2a: Garganacl|Salt Cure|p1a: Seviper\n|-damage|p1a: Seviper|206/287\n|-start|p1a: Seviper|Salt Cure\n|\n|-heal|p1a: Seviper|223/287|[from] item: Leftovers\n|-heal|p2a: Garganacl|85/100|[from] item: Leftovers\n|-damage|p1a: Seviper|188/287|[from] Salt Cure\n|upkeep\n|turn|20\n|inactive|Time left: 300 sec this turn | 300 sec total\n|\n|t:|1783556634\n|move|p1a: Seviper|Swords Dance|p1a: Seviper\n|-boost|p1a: Seviper|atk|2\n|move|p2a: Garganacl|Salt Cure|p1a: Seviper\n|-damage|p1a: Seviper|140/287\n|\n|-heal|p1a: Seviper|157/287|[from] item: Leftovers\n|-heal|p2a: Garganacl|91/100|[from] item: Leftovers\n|-damage|p1a: Seviper|122/287|[from] Salt Cure\n|upkeep\n|turn|21\n|inactive|Time left: 300 sec this turn | 300 sec total\n|\n|t:|1783556635\n|switch|p2a: Dialga|Dialga, L73|34/100\n|-ability|p2a: Dialga|Pressure\n|move|p1a: Seviper|Earthquake|p2a: Dialga\n|-supereffective|p2a: Dialga\n|-damage|p2a: Dialga|0 fnt\n|faint|p2a: Dialga\n|\n|-heal|p1a: Seviper|139/287|[from] item: Leftovers\n|-damage|p1a: Seviper|104/287|[from] Salt Cure\n|upkeep\n|\n|t:|1783556636\n|switch|p2a: Walking Wake|Walking Wake, L79|100/100\n|turn|22\n|inactive|Time left: 300 sec this turn | 300 sec total\n|\n|t:|1783556637\n|switch|p1a: Abomasnow|Abomasnow, L84, F|19/287\n|-damage|p1a: Abomasnow|0 fnt|[from] Stealth Rock\n|faint|p1a: Abomasnow\n|move|p2a: Walking Wake|Flamethrower|p1: Abomasnow|[notarget]\n|-fail|p2a: Walking Wake\n|\n|upkeep\n|inactive|Time left: 300 sec this turn | 300 sec total | 5 sec grace\n|\n|t:|1783556638\n|switch|p1a: Thundurus|Thundurus, L80, M|258/258\n|-damage|p1a: Thundurus|194/258|[from] Stealth Rock\n|turn|23\n|inactive|Time left: 300 sec this turn | 300 sec total\n|\n|t:|1783556639\n|move|p1a: Thundurus|Acrobatics|p2a: Walking Wake\n|-damage|p2a: Walking Wake|59/100\n|move|p2a: Walking Wake|Draco Meteor|p1a: Thundurus\n|-damage|p1a: Thundurus|0 fnt\n|-unboost|p2a: Walking Wake|spa|2\n|faint|p1a: Thundurus\n|-damage|p2a: Walking Wake|49/100|[from] item: Life Orb\n|\n|upkeep\n|inactive|Time left: 300 sec this turn | 300 sec total | 5 sec grace\n|\n|t:|1783556640\n|switch|p1a: Mabosstiff|Mabosstiff, L86, F|55/278\n|-damage|p1a: Mabosstiff|21/278|[from] Stealth Rock\n|turn|24\n|inactive|Time left: 300 sec this turn | 300 sec total\n|\n|t:|1783556641\n|move|p1a: Mabosstiff|Play Rough|p2a: Walking Wake\n|-supereffective|p2a: Walking Wake\n|-damage|p2a: Walking Wake|0 fnt\n|faint|p2a: Walking Wake\n|-end|p2a: Walking Wake|Protosynthesis|[silent]\n|\n|upkeep\n|\n|t:|1783556642\n|switch|p2a: Arceus|Arceus, L68|100/100\n|turn|25\n|inactive|Time left: 300 sec this turn | 300 sec total\n|\n|t:|1783556643\n|move|p1a: Mabosstiff|Play Rough|p2a: Arceus\n|-crit|p2a: Arceus\n|-damage|p2a: Arceus|60/100\n|move|p2a: Arceus|Swords Dance|p2a: Arceus\n|-boost|p2a: Arceus|atk|2\n|\n|-heal|p2a: Arceus|66/100|[from] item: Leftovers\n|upkeep\n|turn|26\n|inactive|Time left: 300 sec this turn | 300 sec total\n|\n|t:|1783556644\n|move|p2a: Arceus|Extreme Speed|p1a: Mabosstiff\n|-crit|p1a: Mabosstiff\n|-damage|p1a: Mabosstiff|0 fnt\n|faint|p1a: Mabosstiff\n|\n|-heal|p2a: Arceus|72/100|[from] item: Leftovers\n|upkeep\n|inactive|Time left: 300 sec this turn | 300 sec total | 5 sec grace\n|\n|t:|1783556645\n|switch|p1a: Ditto|Ditto, L87|225/225\n|-damage|p1a: Ditto|197/225|[from] Stealth Rock\n|-transform|p1a: Ditto|p2a: Arceus|[from] ability: Imposter\n|turn|27\n|inactive|Time left: 300 sec this turn | 300 sec total\n|\n|t:|1783556646\n|-terastallize|p1a: Ditto|Steel\n|move|p1a: Ditto|Extreme Speed|p2a: Arceus\n|-damage|p2a: Arceus|10/100\n|move|p2a: Arceus|Extreme Speed|p1a: Ditto\n|-resisted|p1a: Ditto\n|-damage|p1a: Ditto|134/225\n|\n|-heal|p2a: Arceus|16/100|[from] item: Leftovers\n|upkeep\n|turn|28\n|inactive|Time left: 300 sec this turn | 300 sec total\n|\n|t:|1783556647\n|switch|p2a: Garganacl|Garganacl, L80, M|91/100\n|move|p1a: Ditto|Extreme Speed|p2a: Garganacl\n|-resisted|p2a: Garganacl\n|-damage|p2a: Garganacl|70/100\n|\n|-heal|p2a: Garganacl|76/100|[from] item: Leftovers\n|upkeep\n|turn|29\n|inactive|Time left: 300 sec this turn | 300 sec total\n|\n|t:|1783556648\n|move|p1a: Ditto|Extreme Speed|p2a: Garganacl\n|-resisted|p2a: Garganacl\n|-damage|p2a: Garganacl|55/100\n|move|p2a: Garganacl|Salt Cure|p1a: Ditto\n|-resisted|p1a: Ditto\n|-damage|p1a: Ditto|113/225\n|-start|p1a: Ditto|Salt Cure\n|\n|-heal|p2a: Garganacl|61/100|[from] item: Leftovers\n|-damage|p1a: Ditto|57/225|[from] Salt Cure\n|upkeep\n|turn|30\n|inactive|Time left: 300 sec this turn | 300 sec total\n|\n|t:|1783556649\n|switch|p1a: Seviper|Seviper, L93, F|104/287\n|-damage|p1a: Seviper|69/287|[from] Stealth Rock\n|move|p2a: Garganacl|Recover|p2a: Garganacl\n|-heal|p2a: Garganacl|100/100\n|\n|-heal|p1a: Seviper|86/287|[from] item: Leftovers\n|upkeep\n|turn|31\n|inactive|Time left: 300 sec this turn | 300 sec total\n|\n|t:|1783556650\n|move|p1a: Seviper|Swords Dance|p1a: Seviper\n|-boost|p1a: Seviper|atk|2\n|move|p2a: Garganacl|Salt Cure|p1a: Seviper\n|-damage|p1a: Seviper|35/287\n|-start|p1a: Seviper|Salt Cure\n|\n|-heal|p1a: Seviper|52/287|[from] item: Leftovers\n|-damage|p1a: Seviper|17/287|[from] Salt Cure\n|upkeep\n|turn|32\n|inactive|Time left: 300 sec this turn | 300 sec total\n|\n|t:|1783556652\n|move|p1a: Seviper|Gunk Shot|p2a: Garganacl\n|-resisted|p2a: Garganacl\n|-damage|p2a: Garganacl|60/100\n|move|p2a: Garganacl|Salt Cure|p1a: Seviper\n|-damage|p1a: Seviper|0 fnt\n|faint|p1a: Seviper\n|\n|-heal|p2a: Garganacl|66/100|[from] item: Leftovers\n|upkeep\n|inactive|Time left: 300 sec this turn | 300 sec total | 5 sec grace\n|\n|t:|1783556653\n|switch|p1a: Ditto|Ditto, L87, tera:Steel|57/225\n|-damage|p1a: Ditto|43/225|[from] Stealth Rock\n|-transform|p1a: Ditto|p2a: Garganacl|[from] ability: Imposter\n|turn|33\n|inactive|Time left: 300 sec this turn | 300 sec total\n|\n|t:|1783556654\n|move|p1a: Ditto|Recover|p1a: Ditto\n|-heal|p1a: Ditto|156/225\n|move|p2a: Garganacl|Salt Cure|p1a: Ditto\n|-resisted|p1a: Ditto\n|-damage|p1a: Ditto|141/225\n|-start|p1a: Ditto|Salt Cure\n|\n|-heal|p2a: Garganacl|72/100|[from] item: Leftovers\n|-damage|p1a: Ditto|85/225|[from] Salt Cure\n|upkeep\n|turn|34\n|inactive|Time left: 300 sec this turn | 300 sec total\n|\n|t:|1783556655\n|switch|p2a: Arceus|Arceus, L68|16/100\n|move|p1a: Ditto|Recover|p1a: Ditto\n|-heal|p1a: Ditto|198/225\n|\n|-heal|p2a: Arceus|22/100|[from] item: Leftovers\n|-damage|p1a: Ditto|142/225|[from] Salt Cure\n|upkeep\n|turn|35\n|inactive|Time left: 300 sec this turn | 300 sec total\n|\n|t:|1783556656\n|move|p2a: Arceus|Recover|p2a: Arceus\n|-heal|p2a: Arceus|72/100\n|move|p1a: Ditto|Recover|p1a: Ditto\n|-heal|p1a: Ditto|225/225\n|\n|-heal|p2a: Arceus|78/100|[from] item: Leftovers\n|-damage|p1a: Ditto|169/225|[from] Salt Cure\n|upkeep\n|turn|36\n|inactive|Time left: 300 sec this turn | 300 sec total\n|\n|t:|1783556657\n|switch|p2a: Garganacl|Garganacl, L80, M|72/100\n|move|p1a: Ditto|Recover|p1a: Ditto\n|-heal|p1a: Ditto|225/225\n|\n|-heal|p2a: Garganacl|79/100|[from] item: Leftovers\n|-damage|p1a: Ditto|169/225|[from] Salt Cure\n|upkeep\n|turn|37\n|inactive|Time left: 300 sec this turn | 300 sec total\n|\n|t:|1783556658\n|move|p2a: Garganacl|Protect|p2a: Garganacl\n|-singleturn|p2a: Garganacl|Protect\n|move|p1a: Ditto|Recover|p1a: Ditto\n|-heal|p1a: Ditto|225/225\n|\n|-heal|p2a: Garganacl|85/100|[from] item: Leftovers\n|-damage|p1a: Ditto|169/225|[from] Salt Cure\n|upkeep\n|turn|38\n|inactive|Time left: 300 sec this turn | 300 sec total\n|\n|t:|1783556659\n|move|p2a: Garganacl|Protect||[still]\n|-fail|p2a: Garganacl\n|-activate|p1a: Ditto|move: Struggle\n|move|p1a: Ditto|Struggle|p2a: Garganacl\n|-damage|p2a: Garganacl|74/100\n|-damage|p1a: Ditto|113/225|[from] recoil\n|\n|-heal|p2a: Garganacl|81/100|[from] item: Leftovers\n|-damage|p1a: Ditto|57/225|[from] Salt Cure\n|upkeep\n|turn|39\n|inactive|Time left: 300 sec this turn | 300 sec total\n|\n|t:|1783556660\n|-activate|p1a: Ditto|move: Struggle\n|move|p1a: Ditto|Struggle|p2a: Garganacl\n|-damage|p2a: Garganacl|71/100\n|-damage|p1a: Ditto|1/225|[from] recoil\n|move|p2a: Garganacl|Recover|p2a: Garganacl\n|-heal|p2a: Garganacl|100/100\n|\n|-damage|p1a: Ditto|0 fnt|[from] Salt Cure\n|faint|p1a: Ditto\n|\n|win|p0y15072309", "uploadtime": 1783556660, "views": 0, "rating": 0, "private": 0, "password": null, "_winner": "p0y15072309", "_our_name": "p0x15077cdc"}