{"id": "battle-gen9randombattle-596", "formatid": "gen9randombattle", "format": "[Gen 9] Random Battle", "players": ["p0x5961e69", "p0y5960c1d"], "log": "|init|battle\n|title|p0x5961e69 vs. p0y5960c1d\n|j|\u2606p0x5961e69\n|j|\u2606p0y5960c1d\n|t:|1783546740\n|gametype|singles\n|player|p1|p0x5961e69|2|\n|player|p2|p0y5960c1d|102|\n|gen|9\n|tier|[Gen 9] Random Battle\n|rule|Species Clause: Limit one of each Pok\u00e9mon\n|rule|HP Percentage Mod: HP is shown in percentages\n|rule|Sleep Clause Mod: Limit one foe put to sleep\n|rule|Illusion Level Mod: Illusion disguises the Pok\u00e9mon's true level\n|\n|t:|1783546740\n|teamsize|p1|6\n|teamsize|p2|6\n|start\n|switch|p1a: Eelektross|Eelektross, L87, F|290/290\n|switch|p2a: Dragalge|Dragalge, L88, M|100/100\n|turn|1\n|inactive|Battle timer is ON: inactive players will automatically lose when time's up. (requested by p0x5961e69)\n|inactive|p0y5960c1d also wants the timer to be on.\n|\n|t:|1783546742\n|move|p1a: Eelektross|Coil|p1a: Eelektross\n|-boost|p1a: Eelektross|atk|1\n|-boost|p1a: Eelektross|def|1\n|-boost|p1a: Eelektross|accuracy|1\n|move|p2a: Dragalge|Sludge Wave|p1a: Eelektross\n|-damage|p1a: Eelektross|144/290\n|\n|-heal|p1a: Eelektross|162/290|[from] item: Leftovers\n|upkeep\n|turn|2\n|inactive|Time left: 300 sec this turn | 300 sec total\n|\n|t:|1783546743\n|move|p1a: Eelektross|Knock Off|p2a: Dragalge\n|-damage|p2a: Dragalge|52/100\n|-enditem|p2a: Dragalge|Leftovers|[from] move: Knock Off|[of] p1a: Eelektross\n|move|p2a: Dragalge|Draco Meteor|p1a: Eelektross\n|-damage|p1a: Eelektross|0 fnt\n|-unboost|p2a: Dragalge|spa|2\n|faint|p1a: Eelektross\n|\n|upkeep\n|inactive|Time left: 300 sec this turn | 300 sec total | 5 sec grace\n|\n|t:|1783546744\n|switch|p1a: Abomasnow|Abomasnow, L84, M|287/287\n|-weather|Snowscape|[from] ability: Snow Warning|[of] p1a: Abomasnow\n|turn|3\n|inactive|Time left: 300 sec this turn | 300 sec total\n|\n|t:|1783546746\n|switch|p2a: Alcremie|Alcremie-Matcha-Cream, L90, F|100/100\n|move|p1a: Abomasnow|Aurora Veil|p1a: Abomasnow\n|-sidestart|p1: p0x5961e69|move: Aurora Veil\n|\n|-weather|Snowscape|[upkeep]\n|upkeep\n|turn|4\n|inactive|Time left: 300 sec this turn | 300 sec total\n|\n|t:|1783546747\n|switch|p1a: Skeledirge|Skeledirge, L79, M|294/294\n|move|p2a: Alcremie|Calm Mind|p2a: Alcremie\n|-boost|p2a: Alcremie|spa|1\n|-boost|p2a: Alcremie|spd|1\n|\n|-weather|Snowscape|[upkeep]\n|upkeep\n|turn|5\n|inactive|Time left: 300 sec this turn | 300 sec total\n|\n|t:|1783546748\n|move|p2a: Alcremie|Calm Mind|p2a: Alcremie\n|-boost|p2a: Alcremie|spa|1\n|-boost|p2a: Alcremie|spd|1\n|move|p1a: Skeledirge|Torch Song|p2a: Alcremie\n|-damage|p2a: Alcremie|78/100\n|-boost|p1a: Skeledirge|spa|1\n|\n|-weather|Snowscape|[upkeep]\n|-heal|p2a: Alcremie|84/100|[from] item: Leftovers\n|upkeep\n|turn|6\n|inactive|Time left: 300 sec this turn | 300 sec total\n|\n|t:|1783546749\n|move|p2a: Alcremie|Calm Mind|p2a: Alcremie\n|-boost|p2a: Alcremie|spa|1\n|-boost|p2a: Alcremie|spd|1\n|move|p1a: Skeledirge|Torch Song|p2a: Alcremie\n|-crit|p2a: Alcremie\n|-damage|p2a: Alcremie|33/100\n|-boost|p1a: Skeledirge|spa|1\n|\n|-weather|Snowscape|[upkeep]\n|-heal|p2a: Alcremie|39/100|[from] item: Leftovers\n|upkeep\n|turn|7\n|inactive|Time left: 300 sec this turn | 300 sec total\n|\n|t:|1783546750\n|move|p2a: Alcremie|Recover|p2a: Alcremie\n|-heal|p2a: Alcremie|89/100\n|move|p1a: Skeledirge|Torch Song|p2a: Alcremie\n|-damage|p2a: Alcremie|47/100\n|-boost|p1a: Skeledirge|spa|1\n|\n|-weather|none\n|-heal|p2a: Alcremie|53/100|[from] item: Leftovers\n|upkeep\n|turn|8\n|inactive|Time left: 300 sec this turn | 300 sec total\n|\n|t:|1783546751\n|move|p2a: Alcremie|Recover|p2a: Alcremie\n|-heal|p2a: Alcremie|100/100\n|move|p1a: Skeledirge|Torch Song|p2a: Alcremie\n|-damage|p2a: Alcremie|42/100\n|-boost|p1a: Skeledirge|spa|1\n|\n|-heal|p2a: Alcremie|48/100|[from] item: Leftovers\n|upkeep\n|turn|9\n|inactive|Time left: 300 sec this turn | 300 sec total\n|\n|t:|1783546752\n|move|p2a: Alcremie|Recover|p2a: Alcremie\n|-heal|p2a: Alcremie|99/100\n|move|p1a: Skeledirge|Torch Song|p2a: Alcremie\n|-damage|p2a: Alcremie|29/100\n|-boost|p1a: Skeledirge|spa|1\n|\n|-heal|p2a: Alcremie|35/100|[from] item: Leftovers\n|upkeep\n|turn|10\n|inactive|Time left: 300 sec this turn | 300 sec total\n|\n|t:|1783546753\n|move|p2a: Alcremie|Recover|p2a: Alcremie\n|-heal|p2a: Alcremie|85/100\n|move|p1a: Skeledirge|Torch Song|p2a: Alcremie\n|-damage|p2a: Alcremie|0 fnt\n|-boost|p1a: Skeledirge|spa|1\n|faint|p2a: Alcremie\n|\n|-sideend|p1: p0x5961e69|move: Aurora Veil\n|upkeep\n|\n|t:|1783546754\n|switch|p2a: Veluza|Veluza, L85, M|100/100\n|turn|11\n|inactive|Time left: 300 sec this turn | 300 sec total\n|\n|t:|1783546755\n|-terastallize|p1a: Skeledirge|Water\n|move|p2a: Veluza|Psycho Cut|p1a: Skeledirge\n|-damage|p1a: Skeledirge|134/294\n|move|p1a: Skeledirge|Shadow Ball|p2a: Veluza\n|-supereffective|p2a: Veluza\n|-damage|p2a: Veluza|0 fnt\n|faint|p2a: Veluza\n|\n|upkeep\n|\n|t:|1783546756\n|switch|p2a: Serperior|Serperior, L79, F|100/100\n|turn|12\n|inactive|Time left: 300 sec this turn | 300 sec total\n|\n|t:|1783546757\n|switch|p1a: Abomasnow|Abomasnow, L84, M|287/287\n|-weather|Snowscape|[from] ability: Snow Warning|[of] p1a: Abomasnow\n|move|p2a: Serperior|Leaf Storm|p1a: Abomasnow\n|-resisted|p1a: Abomasnow\n|-damage|p1a: Abomasnow|233/287\n|-boost|p2a: Serperior|spa|2\n|\n|-weather|Snowscape|[upkeep]\n|upkeep\n|turn|13\n|inactive|Time left: 300 sec this turn | 300 sec total\n|\n|t:|1783546758\n|move|p2a: Serperior|Leaf Storm|p1a: Abomasnow|[miss]\n|-miss|p2a: Serperior|p1a: Abomasnow\n|move|p1a: Abomasnow|Aurora Veil|p1a: Abomasnow\n|-sidestart|p1: p0x5961e69|move: Aurora Veil\n|\n|-weather|Snowscape|[upkeep]\n|upkeep\n|turn|14\n|inactive|Time left: 300 sec this turn | 300 sec total\n|\n|t:|1783546759\n|move|p2a: Serperior|Substitute|p2a: Serperior\n|-start|p2a: Serperior|Substitute\n|-damage|p2a: Serperior|75/100\n|move|p1a: Abomasnow|Blizzard|p2a: Serperior\n|-supereffective|p2a: Serperior\n|-end|p2a: Serperior|Substitute\n|\n|-weather|Snowscape|[upkeep]\n|-heal|p2a: Serperior|82/100|[from] item: Leftovers\n|upkeep\n|turn|15\n|inactive|Time left: 300 sec this turn | 300 sec total\n|\n|t:|1783546760\n|move|p2a: Serperior|Substitute|p2a: Serperior\n|-start|p2a: Serperior|Substitute\n|-damage|p2a: Serperior|57/100\n|move|p1a: Abomasnow|Blizzard|p2a: Serperior\n|-supereffective|p2a: Serperior\n|-end|p2a: Serperior|Substitute\n|\n|-weather|Snowscape|[upkeep]\n|-heal|p2a: Serperior|63/100|[from] item: Leftovers\n|upkeep\n|turn|16\n|inactive|Time left: 300 sec this turn | 300 sec total\n|\n|t:|1783546761\n|move|p2a: Serperior|Substitute|p2a: Serperior\n|-start|p2a: Serperior|Substitute\n|-damage|p2a: Serperior|38/100\n|move|p1a: Abomasnow|Blizzard|p2a: Serperior\n|-supereffective|p2a: Serperior\n|-end|p2a: Serperior|Substitute\n|\n|-weather|none\n|-heal|p2a: Serperior|44/100|[from] item: Leftovers\n|upkeep\n|turn|17\n|inactive|Time left: 300 sec this turn | 300 sec total\n|\n|t:|1783546762\n|move|p1a: Abomasnow|Ice Shard|p2a: Serperior\n|-supereffective|p2a: Serperior\n|-damage|p2a: Serperior|12/100\n|move|p2a: Serperior|Substitute|p2a: Serperior\n|-fail|p2a: Serperior|move: Substitute|[weak]\n|\n|-heal|p2a: Serperior|18/100|[from] item: Leftovers\n|upkeep\n|turn|18\n|inactive|Time left: 300 sec this turn | 300 sec total\n|\n|t:|1783546763\n|switch|p2a: Swalot|Swalot, L90, M|100/100\n|move|p1a: Abomasnow|Blizzard|p2a: Swalot\n|-damage|p2a: Swalot|65/100\n|\n|-heal|p2a: Swalot|71/100|[from] item: Leftovers\n|upkeep\n|turn|19\n|inactive|Time left: 300 sec this turn | 300 sec total\n|\n|t:|1783546764\n|switch|p1a: Salamence|Salamence, L77, M|273/273\n|move|p2a: Swalot|Sludge Bomb|p1a: Salamence\n|-damage|p1a: Salamence|224/273\n|\n|-heal|p2a: Swalot|77/100|[from] item: Leftovers\n|upkeep\n|turn|20\n|inactive|Time left: 300 sec this turn | 300 sec total\n|\n|t:|1783546764\n|move|p1a: Salamence|Outrage|p2a: Swalot\n|-damage|p2a: Swalot|38/100\n|move|p2a: Swalot|Toxic|p1a: Salamence\n|-status|p1a: Salamence|tox\n|\n|-heal|p2a: Swalot|44/100|[from] item: Leftovers\n|-damage|p1a: Salamence|207/273 tox|[from] psn\n|-sideend|p1: p0x5961e69|move: Aurora Veil\n|upkeep\n|turn|21\n|inactive|Time left: 300 sec this turn | 300 sec total\n|\n|t:|1783546765\n|move|p2a: Swalot|Protect|p2a: Swalot\n|-singleturn|p2a: Swalot|Protect\n|move|p1a: Salamence|Outrage|p2a: Swalot|[from] lockedmove\n|-activate|p2a: Swalot|move: Protect\n|\n|-heal|p2a: Swalot|50/100|[from] item: Leftovers\n|-damage|p1a: Salamence|173/273 tox|[from] psn\n|upkeep\n|turn|22\n|inactive|Time left: 300 sec this turn | 300 sec total\n|\n|t:|1783546766\n|move|p1a: Salamence|Outrage|p2a: Swalot\n|-damage|p2a: Swalot|10/100\n|move|p2a: Swalot|Sludge Bomb|p1a: Salamence\n|-damage|p1a: Salamence|77/273 tox\n|\n|-heal|p2a: Swalot|16/100|[from] item: Leftovers\n|-damage|p1a: Salamence|26/273 tox|[from] psn\n|upkeep\n|turn|23\n|inactive|Time left: 300 sec this turn | 300 sec total\n|\n|t:|1783546767\n|move|p2a: Swalot|Protect|p2a: Swalot\n|-singleturn|p2a: Swalot|Protect\n|move|p1a: Salamence|Outrage|p2a: Swalot|[from] lockedmove\n|-activate|p2a: Swalot|move: Protect\n|-start|p1a: Salamence|confusion|[fatigue]\n|\n|-heal|p2a: Swalot|22/100|[from] item: Leftovers\n|-damage|p1a: Salamence|0 fnt|[from] psn\n|faint|p1a: Salamence\n|upkeep\n|inactive|Time left: 300 sec this turn | 300 sec total | 5 sec grace\n|\n|t:|1783546768\n|switch|p1a: Skeledirge|Skeledirge, L79, M, tera:Water|134/294\n|turn|24\n|inactive|Time left: 300 sec this turn | 300 sec total\n|\n|t:|1783546769\n|move|p2a: Swalot|Sludge Bomb|p1a: Skeledirge\n|-damage|p1a: Skeledirge|34/294\n|-status|p1a: Skeledirge|psn\n|move|p1a: Skeledirge|Torch Song|p2a: Swalot\n|-damage|p2a: Swalot|0 fnt\n|-boost|p1a: Skeledirge|spa|1\n|faint|p2a: Swalot\n|\n|-damage|p1a: Skeledirge|0 fnt|[from] psn\n|faint|p1a: Skeledirge\n|upkeep\n|inactive|Time left: 300 sec this turn | 300 sec total | 5 sec grace\n|\n|t:|1783546770\n|switch|p2a: Dragalge|Dragalge, L88, M|52/100\n|switch|p1a: Abomasnow|Abomasnow, L84, M|233/287\n|-weather|Snowscape|[from] ability: Snow Warning|[of] p1a: Abomasnow\n|turn|25\n|inactive|Time left: 300 sec this turn | 300 sec total\n|\n|t:|1783546771\n|move|p1a: Abomasnow|Aurora Veil|p1a: Abomasnow\n|-sidestart|p1: p0x5961e69|move: Aurora Veil\n|move|p2a: Dragalge|Sludge Wave|p1a: Abomasnow\n|-supereffective|p1a: Abomasnow\n|-damage|p1a: Abomasnow|75/287\n|\n|-weather|Snowscape|[upkeep]\n|upkeep\n|turn|26\n|inactive|Time left: 300 sec this turn | 300 sec total\n|\n|t:|1783546772\n|-terastallize|p2a: Dragalge|Fighting\n|move|p1a: Abomasnow|Blizzard|p2a: Dragalge\n|-damage|p2a: Dragalge|20/100\n|move|p2a: Dragalge|Sludge Wave|p1a: Abomasnow\n|-supereffective|p1a: Abomasnow\n|-damage|p1a: Abomasnow|0 fnt\n|faint|p1a: Abomasnow\n|\n|-weather|Snowscape|[upkeep]\n|upkeep\n|inactive|Time left: 300 sec this turn | 300 sec total | 5 sec grace\n|\n|t:|1783546773\n|switch|p1a: Serperior|Serperior, L79, M|248/248\n|turn|27\n|inactive|Time left: 300 sec this turn | 300 sec total\n|\n|t:|1783546774\n|move|p1a: Serperior|Leaf Storm|p2a: Dragalge|[miss]\n|-miss|p1a: Serperior|p2a: Dragalge\n|move|p2a: Dragalge|Draco Meteor|p1a: Serperior|[miss]\n|-miss|p2a: Dragalge|p1a: Serperior\n|\n|-weather|Snowscape|[upkeep]\n|upkeep\n|turn|28\n|inactive|Time left: 300 sec this turn | 300 sec total\n|\n|t:|1783546775\n|move|p1a: Serperior|Leaf Storm|p2a: Dragalge\n|-damage|p2a: Dragalge|0 fnt\n|-boost|p1a: Serperior|spa|2\n|faint|p2a: Dragalge\n|-damage|p1a: Serperior|224/248|[from] item: Life Orb\n|\n|-weather|Snowscape|[upkeep]\n|upkeep\n|\n|t:|1783546776\n|switch|p2a: Serperior|Serperior, L79, F|18/100\n|turn|29\n|inactive|Time left: 300 sec this turn | 300 sec total\n|\n|t:|1783546778\n|move|p2a: Serperior|Leaf Storm|p1a: Serperior|[miss]\n|-miss|p2a: Serperior|p1a: Serperior\n|move|p1a: Serperior|Leaf Storm|p2a: Serperior\n|-resisted|p2a: Serperior\n|-damage|p2a: Serperior|0 fnt\n|-boost|p1a: Serperior|spa|2\n|faint|p2a: Serperior\n|-damage|p1a: Serperior|200/248|[from] item: Life Orb\n|\n|-weather|none\n|upkeep\n|\n|t:|1783546778\n|switch|p2a: Regieleki|Regieleki, L79|100/100\n|turn|30\n|inactive|Time left: 300 sec this turn | 300 sec total\n|\n|t:|1783546779\n|move|p2a: Regieleki|Thunderbolt|p1a: Serperior\n|-resisted|p1a: Serperior\n|-damage|p1a: Serperior|164/248\n|move|p1a: Serperior|Leaf Storm|p2a: Regieleki\n|-damage|p2a: Regieleki|0 fnt\n|-boost|p1a: Serperior|spa|2\n|faint|p2a: Regieleki\n|-damage|p1a: Serperior|140/248|[from] item: Life Orb\n|\n|win|p0x5961e69", "uploadtime": 1783546779, "views": 0, "rating": 0, "private": 0, "password": null, "_winner": "p0x5961e69", "_our_name": "p0x5961e69"}