{"id": "battle-gen9randombattle-2368", "formatid": "gen9randombattle", "format": "[Gen 9] Random Battle", "players": ["p0x236874ae", "p0y23686deb"], "log": "|init|battle\n|title|p0x236874ae vs. p0y23686deb\n|j|\u2606p0x236874ae\n|j|\u2606p0y23686deb\n|t:|1783567512\n|gametype|singles\n|player|p1|p0x236874ae|102|\n|player|p2|p0y23686deb|170|\n|gen|9\n|tier|[Gen 9] Random Battle\n|rule|Species Clause: Limit one of each Pok\u00e9mon\n|rule|HP Percentage Mod: HP is shown in percentages\n|rule|Sleep Clause Mod: Limit one foe put to sleep\n|rule|Illusion Level Mod: Illusion disguises the Pok\u00e9mon's true level\n|\n|t:|1783567512\n|teamsize|p1|6\n|teamsize|p2|6\n|start\n|switch|p1a: Solgaleo|Solgaleo, L74|100/100\n|switch|p2a: Piloswine|Piloswine, L85, M|309/309\n|turn|1\n|inactive|Battle timer is ON: inactive players will automatically lose when time's up. (requested by p0x236874ae)\n|inactive|Time left: 300 sec this turn | 300 sec total | 60 sec grace\n|inactive|p0y23686deb also wants the timer to be on.\n|\n|t:|1783567513\n|move|p1a: Solgaleo|Knock Off|p2a: Piloswine\n|-damage|p2a: Piloswine|261/309\n|-enditem|p2a: Piloswine|Eviolite|[from] move: Knock Off|[of] p1a: Solgaleo\n|move|p2a: Piloswine|Earthquake|p1a: Solgaleo\n|-supereffective|p1a: Solgaleo\n|-damage|p1a: Solgaleo|32/100\n|-enditem|p1a: Solgaleo|Weakness Policy\n|-boost|p1a: Solgaleo|atk|2|[from] item: Weakness Policy\n|-boost|p1a: Solgaleo|spa|2|[from] item: Weakness Policy\n|\n|upkeep\n|turn|2\n|inactive|Time left: 300 sec this turn | 300 sec total\n|\n|t:|1783567515\n|move|p1a: Solgaleo|Sunsteel Strike|p2a: Piloswine\n|-supereffective|p2a: Piloswine\n|-damage|p2a: Piloswine|0 fnt\n|faint|p2a: Piloswine\n|\n|upkeep\n|inactive|Time left: 300 sec this turn | 300 sec total | 5 sec grace\n|\n|t:|1783567516\n|switch|p2a: Inteleon|Inteleon, L81, F|246/246\n|turn|3\n|inactive|Time left: 300 sec this turn | 300 sec total\n|\n|t:|1783567517\n|move|p2a: Inteleon|Scald|p1a: Solgaleo\n|-damage|p1a: Solgaleo|0 fnt\n|faint|p1a: Solgaleo\n|\n|upkeep\n|\n|t:|1783567518\n|switch|p1a: Rotom|Rotom-Mow, L87|100/100\n|turn|4\n|inactive|Time left: 300 sec this turn | 300 sec total\n|\n|t:|1783567519\n|switch|p2a: Zekrom|Zekrom, L71|259/259\n|-ability|p2a: Zekrom|Teravolt\n|move|p1a: Rotom|Nasty Plot|p1a: Rotom\n|-boost|p1a: Rotom|spa|2\n|\n|upkeep\n|turn|5\n|inactive|Time left: 300 sec this turn | 300 sec total\n|\n|t:|1783567520\n|move|p1a: Rotom|Will-O-Wisp|p2a: Zekrom\n|-status|p2a: Zekrom|brn\n|move|p2a: Zekrom|Dragon Dance|p2a: Zekrom\n|-boost|p2a: Zekrom|atk|1\n|-boost|p2a: Zekrom|spe|1\n|\n|-damage|p2a: Zekrom|243/259 brn|[from] brn\n|upkeep\n|turn|6\n|inactive|Time left: 300 sec this turn | 300 sec total\n|\n|t:|1783567521\n|move|p2a: Zekrom|Outrage|p1a: Rotom\n|-damage|p1a: Rotom|64/100\n|move|p1a: Rotom|Nasty Plot|p1a: Rotom\n|-boost|p1a: Rotom|spa|2\n|\n|-heal|p2a: Zekrom|259/259 brn|[from] item: Leftovers\n|-heal|p1a: Rotom|70/100|[from] item: Leftovers\n|-damage|p2a: Zekrom|243/259 brn|[from] brn\n|upkeep\n|turn|7\n|inactive|Time left: 300 sec this turn | 300 sec total\n|\n|t:|1783567522\n|move|p2a: Zekrom|Outrage|p1a: Rotom|[from] lockedmove\n|-damage|p1a: Rotom|35/100\n|-start|p2a: Zekrom|confusion|[fatigue]\n|move|p1a: Rotom|Leaf Storm|p2a: Zekrom\n|-resisted|p2a: Zekrom\n|-damage|p2a: Zekrom|0 fnt\n|-unboost|p1a: Rotom|spa|2\n|faint|p2a: Zekrom\n|\n|-heal|p1a: Rotom|41/100|[from] item: Leftovers\n|upkeep\n|inactive|Time left: 300 sec this turn | 300 sec total | 5 sec grace\n|\n|t:|1783567523\n|switch|p2a: Inteleon|Inteleon, L81, F|246/246\n|turn|8\n|inactive|Time left: 300 sec this turn | 300 sec total\n|\n|t:|1783567524\n|move|p2a: Inteleon|Ice Beam|p1a: Rotom\n|-supereffective|p1a: Rotom\n|-crit|p1a: Rotom\n|-damage|p1a: Rotom|0 fnt\n|faint|p1a: Rotom\n|\n|upkeep\n|\n|t:|1783567524\n|switch|p1a: Florges|Florges-Yellow, L85, F|100/100\n|turn|9\n|inactive|Time left: 300 sec this turn | 300 sec total\n|\n|t:|1783567525\n|move|p2a: Inteleon|Ice Beam|p1a: Florges\n|-damage|p1a: Florges|77/100\n|move|p1a: Florges|Moonblast|p2a: Inteleon\n|-damage|p2a: Inteleon|108/246\n|\n|-heal|p1a: Florges|82/100|[from] item: Leftovers\n|upkeep\n|turn|10\n|inactive|Time left: 300 sec this turn | 300 sec total\n|\n|t:|1783567526\n|switch|p2a: Probopass|Probopass, L91, M|257/257\n|move|p1a: Florges|Calm Mind|p1a: Florges\n|-boost|p1a: Florges|spa|1\n|-boost|p1a: Florges|spd|1\n|\n|-heal|p1a: Florges|88/100|[from] item: Leftovers\n|upkeep\n|turn|11\n|inactive|Time left: 300 sec this turn | 300 sec total\n|\n|t:|1783567527\n|move|p1a: Florges|Calm Mind|p1a: Florges\n|-boost|p1a: Florges|spa|1\n|-boost|p1a: Florges|spd|1\n|move|p2a: Probopass|Iron Defense|p2a: Probopass\n|-boost|p2a: Probopass|def|2\n|\n|-heal|p1a: Florges|94/100|[from] item: Leftovers\n|upkeep\n|turn|12\n|inactive|Time left: 300 sec this turn | 300 sec total\n|\n|t:|1783567528\n|move|p1a: Florges|Moonblast|p2a: Probopass\n|-resisted|p2a: Probopass\n|-crit|p2a: Probopass\n|-damage|p2a: Probopass|160/257\n|move|p2a: Probopass|Body Press|p1a: Florges\n|-resisted|p1a: Florges\n|-crit|p1a: Florges\n|-damage|p1a: Florges|33/100\n|\n|-heal|p1a: Florges|39/100|[from] item: Leftovers\n|-heal|p2a: Probopass|176/257|[from] item: Leftovers\n|upkeep\n|turn|13\n|inactive|Time left: 300 sec this turn | 300 sec total\n|\n|t:|1783567529\n|move|p1a: Florges|Protect|p1a: Florges\n|-singleturn|p1a: Florges|Protect\n|move|p2a: Probopass|Body Press|p1a: Florges\n|-activate|p1a: Florges|move: Protect\n|\n|-heal|p1a: Florges|45/100|[from] item: Leftovers\n|-heal|p2a: Probopass|192/257|[from] item: Leftovers\n|upkeep\n|turn|14\n|inactive|Time left: 300 sec this turn | 300 sec total\n|\n|t:|1783567530\n|move|p1a: Florges|Moonblast|p2a: Probopass\n|-resisted|p2a: Probopass\n|-damage|p2a: Probopass|127/257\n|move|p2a: Probopass|Body Press|p1a: Florges\n|-resisted|p1a: Florges\n|-damage|p1a: Florges|6/100\n|\n|-heal|p1a: Florges|12/100|[from] item: Leftovers\n|-heal|p2a: Probopass|143/257|[from] item: Leftovers\n|upkeep\n|turn|15\n|inactive|Time left: 300 sec this turn | 300 sec total\n|\n|t:|1783567531\n|move|p1a: Florges|Protect|p1a: Florges\n|-singleturn|p1a: Florges|Protect\n|move|p2a: Probopass|Body Press|p1a: Florges\n|-activate|p1a: Florges|move: Protect\n|\n|-heal|p1a: Florges|18/100|[from] item: Leftovers\n|-heal|p2a: Probopass|159/257|[from] item: Leftovers\n|upkeep\n|turn|16\n|inactive|Time left: 300 sec this turn | 300 sec total\n|\n|t:|1783567532\n|move|p1a: Florges|Moonblast|p2a: Probopass\n|-resisted|p2a: Probopass\n|-damage|p2a: Probopass|93/257\n|move|p2a: Probopass|Body Press|p1a: Florges\n|-resisted|p1a: Florges\n|-damage|p1a: Florges|0 fnt\n|faint|p1a: Florges\n|\n|-heal|p2a: Probopass|109/257|[from] item: Leftovers\n|upkeep\n|\n|t:|1783567533\n|switch|p1a: Alcremie|Alcremie-Ruby-Swirl, L90, F|100/100\n|turn|17\n|inactive|Time left: 300 sec this turn | 300 sec total\n|\n|t:|1783567534\n|move|p1a: Alcremie|Calm Mind|p1a: Alcremie\n|-boost|p1a: Alcremie|spa|1\n|-boost|p1a: Alcremie|spd|1\n|move|p2a: Probopass|Flash Cannon|p1a: Alcremie\n|-supereffective|p1a: Alcremie\n|-damage|p1a: Alcremie|72/100\n|\n|-heal|p1a: Alcremie|78/100|[from] item: Leftovers\n|-heal|p2a: Probopass|125/257|[from] item: Leftovers\n|upkeep\n|turn|18\n|inactive|Time left: 300 sec this turn | 300 sec total\n|\n|t:|1783567535\n|move|p1a: Alcremie|Alluring Voice|p2a: Probopass\n|-resisted|p2a: Probopass\n|-damage|p2a: Probopass|73/257\n|move|p2a: Probopass|Body Press|p1a: Alcremie\n|-resisted|p1a: Alcremie\n|-damage|p1a: Alcremie|39/100\n|\n|-heal|p1a: Alcremie|45/100|[from] item: Leftovers\n|-heal|p2a: Probopass|89/257|[from] item: Leftovers\n|upkeep\n|turn|19\n|inactive|Time left: 300 sec this turn | 300 sec total\n|\n|t:|1783567536\n|move|p1a: Alcremie|Recover|p1a: Alcremie\n|-heal|p1a: Alcremie|95/100\n|move|p2a: Probopass|Body Press|p1a: Alcremie\n|-resisted|p1a: Alcremie\n|-damage|p1a: Alcremie|56/100\n|\n|-heal|p1a: Alcremie|62/100|[from] item: Leftovers\n|-heal|p2a: Probopass|105/257|[from] item: Leftovers\n|upkeep\n|turn|20\n|inactive|Time left: 300 sec this turn | 300 sec total\n|\n|t:|1783567537\n|move|p1a: Alcremie|Recover|p1a: Alcremie\n|-heal|p1a: Alcremie|100/100\n|move|p2a: Probopass|Body Press|p1a: Alcremie\n|-resisted|p1a: Alcremie\n|-damage|p1a: Alcremie|63/100\n|\n|-heal|p1a: Alcremie|69/100|[from] item: Leftovers\n|-heal|p2a: Probopass|121/257|[from] item: Leftovers\n|upkeep\n|turn|21\n|inactive|Time left: 300 sec this turn | 300 sec total\n|\n|t:|1783567538\n|-terastallize|p1a: Alcremie|Ground\n|move|p1a: Alcremie|Tera Blast|p2a: Probopass|[anim] Tera Blast Ground\n|-supereffective|p2a: Probopass\n|-damage|p2a: Probopass|0 fnt\n|faint|p2a: Probopass\n|\n|-heal|p1a: Alcremie|75/100|[from] item: Leftovers\n|upkeep\n|inactive|Time left: 300 sec this turn | 300 sec total | 5 sec grace\n|\n|t:|1783567539\n|switch|p2a: Inteleon|Inteleon, L81, F|108/246\n|turn|22\n|inactive|Time left: 300 sec this turn | 300 sec total\n|\n|t:|1783567540\n|-terastallize|p2a: Inteleon|Water\n|move|p2a: Inteleon|Hydro Pump|p1a: Alcremie\n|-supereffective|p1a: Alcremie\n|-damage|p1a: Alcremie|0 fnt\n|faint|p1a: Alcremie\n|\n|upkeep\n|\n|t:|1783567541\n|switch|p1a: Lapras|Lapras, L87, M|100/100\n|turn|23\n|inactive|Time left: 300 sec this turn | 300 sec total\n|\n|t:|1783567542\n|move|p2a: Inteleon|Hydro Pump|p1a: Lapras\n|-immune|p1a: Lapras|[from] ability: Water Absorb\n|move|p1a: Lapras|Freeze-Dry|p2a: Inteleon\n|-supereffective|p2a: Inteleon\n|-damage|p2a: Inteleon|0 fnt\n|faint|p2a: Inteleon\n|\n|upkeep\n|inactive|Time left: 300 sec this turn | 300 sec total | 5 sec grace\n|\n|t:|1783567543\n|switch|p2a: Sunflora|Sunflora, F|312/312\n|turn|24\n|inactive|Time left: 300 sec this turn | 300 sec total\n|\n|t:|1783567544\n|move|p1a: Lapras|Freeze-Dry|p2a: Sunflora\n|-supereffective|p2a: Sunflora\n|-damage|p2a: Sunflora|186/312\n|move|p2a: Sunflora|Sunny Day|p2a: Sunflora\n|-weather|SunnyDay\n|\n|-weather|SunnyDay|[upkeep]\n|upkeep\n|turn|25\n|inactive|Time left: 300 sec this turn | 300 sec total\n|\n|t:|1783567545\n|switch|p1a: Hydreigon|Hydreigon, L79, F|100/100\n|move|p2a: Sunflora|Solar Beam||[still]\n|-prepare|p2a: Sunflora|Solar Beam\n|-anim|p2a: Sunflora|Solar Beam|p1a: Hydreigon\n|-resisted|p1a: Hydreigon\n|-crit|p1a: Hydreigon\n|-damage|p1a: Hydreigon|27/100\n|-damage|p2a: Sunflora|155/312|[from] item: Life Orb\n|\n|-weather|SunnyDay|[upkeep]\n|upkeep\n|turn|26\n|inactive|Time left: 300 sec this turn | 300 sec total\n|\n|t:|1783567546\n|move|p1a: Hydreigon|Fire Blast|p2a: Sunflora\n|-supereffective|p2a: Sunflora\n|-damage|p2a: Sunflora|0 fnt\n|faint|p2a: Sunflora\n|\n|-weather|SunnyDay|[upkeep]\n|upkeep\n|inactive|Time left: 300 sec this turn | 300 sec total | 5 sec grace\n|\n|t:|1783567546\n|switch|p2a: Tentacruel|Tentacruel, L84, F|272/272\n|turn|27\n|inactive|Time left: 300 sec this turn | 300 sec total\n|\n|t:|1783567547\n|switch|p1a: Lapras|Lapras, L87, M|100/100\n|move|p2a: Tentacruel|Knock Off|p1a: Lapras\n|-damage|p1a: Lapras|86/100\n|-enditem|p1a: Lapras|Heavy-Duty Boots|[from] move: Knock Off|[of] p2a: Tentacruel\n|\n|-weather|SunnyDay|[upkeep]\n|upkeep\n|turn|28\n|inactive|Time left: 300 sec this turn | 300 sec total\n|\n|t:|1783567548\n|move|p2a: Tentacruel|Rapid Spin|p1a: Lapras\n|-damage|p1a: Lapras|78/100\n|-boost|p2a: Tentacruel|spe|1\n|move|p1a: Lapras|Freeze-Dry|p2a: Tentacruel\n|-supereffective|p2a: Tentacruel\n|-damage|p2a: Tentacruel|194/272\n|\n|-weather|none\n|upkeep\n|turn|29\n|inactive|Time left: 300 sec this turn | 300 sec total\n|\n|t:|1783567550\n|move|p2a: Tentacruel|Sludge Bomb|p1a: Lapras\n|-damage|p1a: Lapras|59/100\n|move|p1a: Lapras|Freeze-Dry|p2a: Tentacruel\n|-supereffective|p2a: Tentacruel\n|-damage|p2a: Tentacruel|122/272\n|\n|upkeep\n|turn|30\n|inactive|Time left: 300 sec this turn | 300 sec total\n|\n|t:|1783567551\n|move|p2a: Tentacruel|Sludge Bomb|p1a: Lapras\n|-damage|p1a: Lapras|37/100\n|-status|p1a: Lapras|psn\n|move|p1a: Lapras|Freeze-Dry|p2a: Tentacruel\n|-supereffective|p2a: Tentacruel\n|-damage|p2a: Tentacruel|48/272\n|\n|-damage|p1a: Lapras|25/100 psn|[from] psn\n|upkeep\n|turn|31\n|inactive|Time left: 300 sec this turn | 300 sec total\n|\n|t:|1783567552\n|move|p2a: Tentacruel|Sludge Bomb|p1a: Lapras\n|-damage|p1a: Lapras|3/100 psn\n|move|p1a: Lapras|Freeze-Dry|p2a: Tentacruel\n|-supereffective|p2a: Tentacruel\n|-damage|p2a: Tentacruel|0 fnt\n|faint|p2a: Tentacruel\n|\n|win|p0x236874ae", "uploadtime": 1783567552, "views": 0, "rating": 0, "private": 0, "password": null, "_winner": "p0x236874ae", "_our_name": "p0y23686deb"}