{"id": "battle-gen9randombattle-2183", "formatid": "gen9randombattle", "format": "[Gen 9] Random Battle", "players": ["p0x2183168e", "p0y21833467"], "log": "|init|battle\n|title|p0x2183168e vs. p0y21833467\n|j|\u2606p0x2183168e\n|j|\u2606p0y21833467\n|t:|1783565279\n|gametype|singles\n|player|p1|p0x2183168e|101|\n|player|p2|p0y21833467|102|\n|gen|9\n|tier|[Gen 9] Random Battle\n|rule|Species Clause: Limit one of each Pok\u00e9mon\n|rule|HP Percentage Mod: HP is shown in percentages\n|rule|Sleep Clause Mod: Limit one foe put to sleep\n|rule|Illusion Level Mod: Illusion disguises the Pok\u00e9mon's true level\n|\n|t:|1783565279\n|teamsize|p1|6\n|teamsize|p2|6\n|start\n|switch|p1a: Skuntank|Skuntank, L84, M|310/310\n|switch|p2a: Annihilape|Annihilape, L76, M|100/100\n|turn|1\n|inactive|Battle timer is ON: inactive players will automatically lose when time's up. (requested by p0y21833467)\n|inactive|Time left: 300 sec this turn | 300 sec total | 60 sec grace\n|inactive|p0x2183168e also wants the timer to be on.\n|\n|t:|1783565280\n|move|p1a: Skuntank|Knock Off|p2a: Annihilape\n|-damage|p2a: Annihilape|44/100\n|-enditem|p2a: Annihilape|Chesto Berry|[from] move: Knock Off|[of] p1a: Skuntank\n|-damage|p1a: Skuntank|279/310|[from] item: Life Orb\n|move|p2a: Annihilape|Bulk Up|p2a: Annihilape\n|-boost|p2a: Annihilape|atk|1\n|-boost|p2a: Annihilape|def|1\n|\n|upkeep\n|turn|2\n|inactive|Time left: 300 sec this turn | 300 sec total\n|\n|t:|1783565282\n|move|p1a: Skuntank|Gunk Shot|p2a: Annihilape\n|-resisted|p2a: Annihilape\n|-crit|p2a: Annihilape\n|-damage|p2a: Annihilape|0 fnt\n|faint|p2a: Annihilape\n|-damage|p1a: Skuntank|248/310|[from] item: Life Orb\n|\n|upkeep\n|\n|t:|1783565283\n|switch|p2a: Iron Bundle|Iron Bundle, L78|100/100\n|turn|3\n|inactive|Time left: 300 sec this turn | 300 sec total\n|\n|t:|1783565284\n|move|p2a: Iron Bundle|Hydro Pump|p1a: Skuntank\n|-damage|p1a: Skuntank|0 fnt\n|faint|p1a: Skuntank\n|\n|upkeep\n|inactive|Time left: 300 sec this turn | 300 sec total | 5 sec grace\n|\n|t:|1783565285\n|switch|p1a: Iron Crown|Iron Crown, L78|268/268\n|turn|4\n|inactive|Time left: 300 sec this turn | 300 sec total\n|\n|t:|1783565286\n|-end|p2a: Iron Bundle|Quark Drive|[silent]\n|switch|p2a: Morpeko|Morpeko, L88, F|100/100\n|move|p1a: Iron Crown|Tachyon Cutter|p2a: Morpeko\n|-resisted|p2a: Morpeko\n|-damage|p2a: Morpeko|80/100\n|-resisted|p2a: Morpeko\n|-damage|p2a: Morpeko|56/100\n|-hitcount|p2a: Morpeko|2\n|\n|-formechange|p2a: Morpeko|Morpeko-Hangry||[from] ability: Hunger Switch\n|upkeep\n|turn|5\n|inactive|Time left: 300 sec this turn | 300 sec total\n|\n|t:|1783565288\n|move|p2a: Morpeko|Aura Wheel|p1a: Iron Crown\n|-supereffective|p1a: Iron Crown\n|-damage|p1a: Iron Crown|38/268\n|-boost|p2a: Morpeko|spe|1\n|move|p1a: Iron Crown|Tachyon Cutter|p2a: Morpeko\n|-resisted|p2a: Morpeko\n|-damage|p2a: Morpeko|33/100\n|-resisted|p2a: Morpeko\n|-damage|p2a: Morpeko|10/100\n|-hitcount|p2a: Morpeko|2\n|\n|-formechange|p2a: Morpeko|Morpeko||[from] ability: Hunger Switch\n|upkeep\n|turn|6\n|inactive|Time left: 300 sec this turn | 300 sec total\n|\n|t:|1783565289\n|-end|p1a: Iron Crown|Quark Drive|[silent]\n|switch|p1a: Appletun|Appletun, L92, F|352/352\n|move|p2a: Morpeko|Aura Wheel|p1a: Appletun\n|-resisted|p1a: Appletun\n|-damage|p1a: Appletun|324/352\n|-boost|p2a: Morpeko|spe|1\n|\n|-heal|p1a: Appletun|346/352|[from] item: Leftovers\n|-formechange|p2a: Morpeko|Morpeko-Hangry||[from] ability: Hunger Switch\n|upkeep\n|turn|7\n|inactive|Time left: 300 sec this turn | 300 sec total\n|\n|t:|1783565290\n|move|p2a: Morpeko|Protect|p2a: Morpeko\n|-singleturn|p2a: Morpeko|Protect\n|move|p1a: Appletun|Apple Acid|p2a: Morpeko\n|-activate|p2a: Morpeko|move: Protect\n|\n|-heal|p1a: Appletun|352/352|[from] item: Leftovers\n|-formechange|p2a: Morpeko|Morpeko||[from] ability: Hunger Switch\n|upkeep\n|turn|8\n|inactive|Time left: 300 sec this turn | 300 sec total\n|\n|t:|1783565291\n|move|p2a: Morpeko|Parting Shot|p1a: Appletun\n|-unboost|p1a: Appletun|atk|1\n|-unboost|p1a: Appletun|spa|1\n|\n|t:|1783565292\n|switch|p2a: Mesprit|Mesprit, L85|100/100|[from] Parting Shot\n|move|p1a: Appletun|Dragon Pulse|p2a: Mesprit\n|-damage|p2a: Mesprit|79/100\n|\n|-heal|p2a: Mesprit|86/100|[from] item: Leftovers\n|upkeep\n|turn|9\n|inactive|Time left: 300 sec this turn | 300 sec total\n|\n|t:|1783565293\n|switch|p1a: Lokix|Lokix, L82, M|251/251\n|move|p2a: Mesprit|Knock Off|p1a: Lokix\n|-resisted|p1a: Lokix\n|-damage|p1a: Lokix|205/251\n|-enditem|p1a: Lokix|Silver Powder|[from] move: Knock Off|[of] p2a: Mesprit\n|\n|-heal|p2a: Mesprit|92/100|[from] item: Leftovers\n|upkeep\n|turn|10\n|inactive|Time left: 300 sec this turn | 300 sec total\n|\n|t:|1783565295\n|move|p1a: Lokix|Knock Off|p2a: Mesprit\n|-supereffective|p2a: Mesprit\n|-damage|p2a: Mesprit|24/100\n|-enditem|p2a: Mesprit|Leftovers|[from] move: Knock Off|[of] p1a: Lokix\n|move|p2a: Mesprit|U-turn|p1a: Lokix\n|-supereffective|p1a: Lokix\n|-damage|p1a: Lokix|93/251\n|\n|t:|1783565296\n|switch|p2a: Iron Bundle|Iron Bundle, L78|100/100|[from] U-turn\n|\n|upkeep\n|turn|11\n|inactive|Time left: 300 sec this turn | 300 sec total\n|\n|t:|1783565296\n|switch|p1a: Metagross|Metagross, L79|256/256\n|move|p2a: Iron Bundle|Freeze-Dry|p1a: Metagross\n|-resisted|p1a: Metagross\n|-damage|p1a: Metagross|190/256\n|\n|upkeep\n|turn|12\n|inactive|Time left: 300 sec this turn | 300 sec total\n|\n|t:|1783565298\n|move|p2a: Iron Bundle|Freeze-Dry|p1a: Metagross\n|-resisted|p1a: Metagross\n|-damage|p1a: Metagross|124/256\n|move|p1a: Metagross|Heavy Slam|p2a: Iron Bundle\n|-damage|p2a: Iron Bundle|11/100\n|\n|upkeep\n|turn|13\n|inactive|Time left: 300 sec this turn | 300 sec total\n|\n|t:|1783565299\n|move|p2a: Iron Bundle|Freeze-Dry|p1a: Metagross\n|-resisted|p1a: Metagross\n|-damage|p1a: Metagross|68/256\n|move|p1a: Metagross|Heavy Slam|p2a: Iron Bundle\n|-damage|p2a: Iron Bundle|0 fnt\n|faint|p2a: Iron Bundle\n|-end|p2a: Iron Bundle|Quark Drive|[silent]\n|\n|upkeep\n|\n|t:|1783565300\n|switch|p2a: Dugtrio|Dugtrio, L84, M|100/100\n|turn|14\n|inactive|Time left: 300 sec this turn | 300 sec total\n|\n|t:|1783565301\n|move|p2a: Dugtrio|Earthquake|p1a: Metagross\n|-supereffective|p1a: Metagross\n|-damage|p1a: Metagross|0 fnt\n|faint|p1a: Metagross\n|\n|upkeep\n|inactive|Time left: 300 sec this turn | 300 sec total | 5 sec grace\n|\n|t:|1783565302\n|switch|p1a: Appletun|Appletun, L92, F|352/352\n|turn|15\n|inactive|Time left: 300 sec this turn | 300 sec total\n|\n|t:|1783565302\n|switch|p2a: Scream Tail|Scream Tail, L84|100/100\n|move|p1a: Appletun|Apple Acid|p2a: Scream Tail\n|-damage|p2a: Scream Tail|74/100\n|-unboost|p2a: Scream Tail|spd|1\n|\n|-heal|p2a: Scream Tail|80/100|[from] item: Leftovers\n|upkeep\n|turn|16\n|inactive|Time left: 300 sec this turn | 300 sec total\n|\n|t:|1783565304\n|move|p2a: Scream Tail|Wish|p2a: Scream Tail\n|move|p1a: Appletun|Apple Acid|p2a: Scream Tail\n|-damage|p2a: Scream Tail|40/100\n|-unboost|p2a: Scream Tail|spd|1\n|\n|-heal|p2a: Scream Tail|46/100|[from] item: Leftovers\n|upkeep\n|turn|17\n|inactive|Time left: 300 sec this turn | 300 sec total\n|\n|t:|1783565305\n|move|p2a: Scream Tail|Protect|p2a: Scream Tail\n|-singleturn|p2a: Scream Tail|Protect\n|move|p1a: Appletun|Apple Acid|p2a: Scream Tail\n|-activate|p2a: Scream Tail|move: Protect\n|\n|-heal|p2a: Scream Tail|96/100|[from] move: Wish|[wisher] Scream Tail\n|-heal|p2a: Scream Tail|100/100|[from] item: Leftovers\n|upkeep\n|turn|18\n|inactive|Time left: 300 sec this turn | 300 sec total\n|\n|t:|1783565306\n|move|p2a: Scream Tail|Play Rough|p1a: Appletun\n|-supereffective|p1a: Appletun\n|-damage|p1a: Appletun|208/352\n|move|p1a: Appletun|Apple Acid|p2a: Scream Tail\n|-damage|p2a: Scream Tail|50/100\n|-unboost|p2a: Scream Tail|spd|1\n|\n|-heal|p2a: Scream Tail|56/100|[from] item: Leftovers\n|-heal|p1a: Appletun|230/352|[from] item: Leftovers\n|upkeep\n|turn|19\n|inactive|Time left: 300 sec this turn | 300 sec total\n|\n|t:|1783565307\n|move|p2a: Scream Tail|Protect|p2a: Scream Tail\n|-singleturn|p2a: Scream Tail|Protect\n|move|p1a: Appletun|Apple Acid|p2a: Scream Tail\n|-activate|p2a: Scream Tail|move: Protect\n|\n|-heal|p2a: Scream Tail|62/100|[from] item: Leftovers\n|-heal|p1a: Appletun|252/352|[from] item: Leftovers\n|upkeep\n|turn|20\n|inactive|Time left: 300 sec this turn | 300 sec total\n|\n|t:|1783565308\n|move|p2a: Scream Tail|Play Rough|p1a: Appletun\n|-supereffective|p1a: Appletun\n|-damage|p1a: Appletun|120/352\n|move|p1a: Appletun|Apple Acid|p2a: Scream Tail\n|-damage|p2a: Scream Tail|1/100\n|-unboost|p2a: Scream Tail|spd|1\n|\n|-heal|p2a: Scream Tail|7/100|[from] item: Leftovers\n|-heal|p1a: Appletun|142/352|[from] item: Leftovers\n|upkeep\n|turn|21\n|inactive|Time left: 300 sec this turn | 300 sec total\n|\n|t:|1783565309\n|move|p2a: Scream Tail|Play Rough|p1a: Appletun|[miss]\n|-miss|p2a: Scream Tail|p1a: Appletun\n|move|p1a: Appletun|Recover|p1a: Appletun\n|-heal|p1a: Appletun|318/352\n|\n|-heal|p2a: Scream Tail|13/100|[from] item: Leftovers\n|-heal|p1a: Appletun|340/352|[from] item: Leftovers\n|upkeep\n|turn|22\n|inactive|Time left: 300 sec this turn | 300 sec total\n|\n|t:|1783565310\n|move|p2a: Scream Tail|Wish|p2a: Scream Tail\n|move|p1a: Appletun|Apple Acid|p2a: Scream Tail\n|-damage|p2a: Scream Tail|0 fnt\n|faint|p2a: Scream Tail\n|-end|p2a: Scream Tail|Protosynthesis|[silent]\n|\n|-heal|p1a: Appletun|352/352|[from] item: Leftovers\n|upkeep\n|\n|t:|1783565311\n|switch|p2a: Morpeko|Morpeko, L88, F|10/100\n|turn|23\n|inactive|Time left: 300 sec this turn | 300 sec total\n|\n|t:|1783565312\n|move|p2a: Morpeko|Protect|p2a: Morpeko\n|-singleturn|p2a: Morpeko|Protect\n|move|p1a: Appletun|Dragon Pulse|p2a: Morpeko\n|-activate|p2a: Morpeko|move: Protect\n|\n|-heal|p2a: Morpeko|77/100|[from] move: Wish|[wisher] Scream Tail\n|-formechange|p2a: Morpeko|Morpeko-Hangry||[from] ability: Hunger Switch\n|upkeep\n|turn|24\n|inactive|Time left: 300 sec this turn | 300 sec total\n|\n|t:|1783565313\n|move|p2a: Morpeko|Parting Shot|p1a: Appletun\n|-unboost|p1a: Appletun|atk|1\n|-unboost|p1a: Appletun|spa|1\n|\n|t:|1783565314\n|switch|p2a: Mesprit|Mesprit, L85|24/100|[from] Parting Shot\n|move|p1a: Appletun|Apple Acid|p2a: Mesprit\n|-damage|p2a: Mesprit|4/100\n|-unboost|p2a: Mesprit|spd|1\n|\n|upkeep\n|turn|25\n|inactive|Time left: 300 sec this turn | 300 sec total\n|\n|t:|1783565315\n|switch|p1a: Lokix|Lokix, L82, M|93/251\n|move|p2a: Mesprit|Thunder Wave|p1a: Lokix\n|-status|p1a: Lokix|par\n|\n|upkeep\n|turn|26\n|inactive|Time left: 300 sec this turn | 300 sec total\n|\n|t:|1783565316\n|move|p1a: Lokix|First Impression|p2a: Mesprit\n|-supereffective|p2a: Mesprit\n|-damage|p2a: Mesprit|0 fnt\n|faint|p2a: Mesprit\n|\n|upkeep\n|\n|t:|1783565316\n|switch|p2a: Morpeko|Morpeko, L88, F|77/100\n|turn|27\n|inactive|Time left: 300 sec this turn | 300 sec total\n|\n|t:|1783565317\n|switch|p1a: Appletun|Appletun, L92, F|352/352\n|move|p2a: Morpeko|Aura Wheel|p1a: Appletun\n|-resisted|p1a: Appletun\n|-damage|p1a: Appletun|319/352\n|-boost|p2a: Morpeko|spe|1\n|\n|-heal|p1a: Appletun|341/352|[from] item: Leftovers\n|-formechange|p2a: Morpeko|Morpeko-Hangry||[from] ability: Hunger Switch\n|upkeep\n|turn|28\n|inactive|Time left: 300 sec this turn | 300 sec total\n|\n|t:|1783565317\n|move|p2a: Morpeko|Protect|p2a: Morpeko\n|-singleturn|p2a: Morpeko|Protect\n|move|p1a: Appletun|Apple Acid|p2a: Morpeko\n|-activate|p2a: Morpeko|move: Protect\n|\n|-heal|p1a: Appletun|352/352|[from] item: Leftovers\n|-formechange|p2a: Morpeko|Morpeko||[from] ability: Hunger Switch\n|upkeep\n|turn|29\n|inactive|Time left: 300 sec this turn | 300 sec total\n|\n|t:|1783565318\n|move|p2a: Morpeko|Protect||[still]\n|-fail|p2a: Morpeko\n|move|p1a: Appletun|Apple Acid|p2a: Morpeko\n|-damage|p2a: Morpeko|28/100\n|-unboost|p2a: Morpeko|spd|1\n|\n|-formechange|p2a: Morpeko|Morpeko-Hangry||[from] ability: Hunger Switch\n|upkeep\n|turn|30\n|inactive|Time left: 300 sec this turn | 300 sec total\n|\n|t:|1783565319\n|move|p2a: Morpeko|Protect|p2a: Morpeko\n|-singleturn|p2a: Morpeko|Protect\n|move|p1a: Appletun|Apple Acid|p2a: Morpeko\n|-activate|p2a: Morpeko|move: Protect\n|\n|-formechange|p2a: Morpeko|Morpeko||[from] ability: Hunger Switch\n|upkeep\n|turn|31\n|inactive|Time left: 300 sec this turn | 300 sec total\n|\n|t:|1783565319\n|move|p2a: Morpeko|Protect||[still]\n|-fail|p2a: Morpeko\n|move|p1a: Appletun|Apple Acid|p2a: Morpeko\n|-damage|p2a: Morpeko|0 fnt\n|faint|p2a: Morpeko\n|\n|upkeep\n|\n|t:|1783565320\n|switch|p2a: Dugtrio|Dugtrio, L84, M|100/100\n|turn|32\n|inactive|Time left: 300 sec this turn | 300 sec total\n|\n|t:|1783565321\n|-terastallize|p2a: Dugtrio|Dark\n|move|p2a: Dugtrio|Earthquake|p1a: Appletun\n|-resisted|p1a: Appletun\n|-damage|p1a: Appletun|269/352\n|move|p1a: Appletun|Apple Acid|p2a: Dugtrio\n|-damage|p2a: Dugtrio|39/100\n|-unboost|p2a: Dugtrio|spd|1\n|\n|-heal|p1a: Appletun|291/352|[from] item: Leftovers\n|upkeep\n|turn|33\n|inactive|Time left: 300 sec this turn | 300 sec total\n|\n|t:|1783565322\n|move|p2a: Dugtrio|Earthquake|p1a: Appletun\n|-resisted|p1a: Appletun\n|-damage|p1a: Appletun|219/352\n|move|p1a: Appletun|Dragon Pulse|p2a: Dugtrio\n|-damage|p2a: Dugtrio|0 fnt\n|faint|p2a: Dugtrio\n|\n|win|p0x2183168e", "uploadtime": 1783565322, "views": 0, "rating": 0, "private": 0, "password": null, "_winner": "p0x2183168e", "_our_name": "p0x2183168e"}