{"id": "battle-gen9randombattle-399", "formatid": "gen9randombattle", "format": "[Gen 9] Random Battle", "players": ["p0x399aac5", "p0y39960ab"], "log": "|init|battle\n|title|p0x399aac5 vs. p0y39960ab\n|j|\u2606p0x399aac5\n|j|\u2606p0y39960ab\n|t:|1783544310\n|gametype|singles\n|player|p1|p0x399aac5|169|\n|player|p2|p0y39960ab|2|\n|gen|9\n|tier|[Gen 9] Random Battle\n|rule|Species Clause: Limit one of each Pok\u00e9mon\n|rule|HP Percentage Mod: HP is shown in percentages\n|rule|Sleep Clause Mod: Limit one foe put to sleep\n|rule|Illusion Level Mod: Illusion disguises the Pok\u00e9mon's true level\n|\n|t:|1783544310\n|teamsize|p1|6\n|teamsize|p2|6\n|start\n|switch|p1a: Perrserker|Perrserker, L89, F|269/269\n|switch|p2a: Feraligatr|Feraligatr, L79, M|100/100\n|turn|1\n|inactive|Battle timer is ON: inactive players will automatically lose when time's up. (requested by p0y39960ab)\n|inactive|Time left: 300 sec this turn | 300 sec total | 60 sec grace\n|\n|t:|1783544311\n|move|p2a: Feraligatr|Liquidation|p1a: Perrserker\n|-damage|p1a: Perrserker|136/269\n|move|p1a: Perrserker|Stealth Rock|p2a: Feraligatr\n|-sidestart|p2: p0y39960ab|move: Stealth Rock\n|\n|upkeep\n|turn|2\n|inactive|Time left: 300 sec this turn | 300 sec total\n|inactive|p0x399aac5 also wants the timer to be on.\n|\n|t:|1783544312\n|move|p2a: Feraligatr|Liquidation|p1a: Perrserker\n|-damage|p1a: Perrserker|2/269\n|move|p1a: Perrserker|Close Combat|p2a: Feraligatr\n|-damage|p2a: Feraligatr|35/100\n|-unboost|p1a: Perrserker|def|1\n|-unboost|p1a: Perrserker|spd|1\n|-damage|p1a: Perrserker|0 fnt|[from] item: Life Orb\n|faint|p1a: Perrserker\n|\n|upkeep\n|inactive|Time left: 300 sec this turn | 300 sec total | 5 sec grace\n|\n|t:|1783544314\n|switch|p1a: Kyurem|Kyurem, L77|319/319\n|-ability|p1a: Kyurem|Pressure\n|turn|3\n|inactive|Time left: 300 sec this turn | 300 sec total\n|\n|t:|1783544315\n|switch|p2a: Stantler|Stantler, L92, M|100/100\n|-damage|p2a: Stantler|88/100|[from] Stealth Rock\n|-ability|p2a: Stantler|Intimidate|boost\n|-unboost|p1a: Kyurem|atk|1\n|move|p1a: Kyurem|Dragon Dance|p1a: Kyurem\n|-boost|p1a: Kyurem|atk|1\n|-boost|p1a: Kyurem|spe|1\n|\n|upkeep\n|turn|4\n|inactive|Time left: 300 sec this turn | 300 sec total\n|\n|t:|1783544316\n|move|p1a: Kyurem|Icicle Spear|p2a: Stantler\n|-damage|p2a: Stantler|80/100\n|-damage|p2a: Stantler|73/100\n|-damage|p2a: Stantler|65/100\n|-damage|p2a: Stantler|57/100\n|-hitcount|p2a: Stantler|4\n|move|p2a: Stantler|Calm Mind|p2a: Stantler\n|-boost|p2a: Stantler|spa|1\n|-boost|p2a: Stantler|spd|1\n|\n|upkeep\n|turn|5\n|inactive|Time left: 300 sec this turn | 300 sec total\n|\n|t:|1783544317\n|-terastallize|p2a: Stantler|Fairy\n|move|p1a: Kyurem|Dragon Dance|p1a: Kyurem\n|-boost|p1a: Kyurem|atk|1\n|-boost|p1a: Kyurem|spe|1\n|move|p2a: Stantler|Tera Blast|p1a: Kyurem|[anim] Tera Blast Fairy\n|-supereffective|p1a: Kyurem\n|-damage|p1a: Kyurem|29/319\n|\n|upkeep\n|turn|6\n|inactive|Time left: 300 sec this turn | 300 sec total\n|\n|t:|1783544318\n|move|p1a: Kyurem|Icicle Spear|p2a: Stantler\n|-damage|p2a: Stantler|45/100\n|-damage|p2a: Stantler|32/100\n|-damage|p2a: Stantler|20/100\n|-damage|p2a: Stantler|8/100\n|-hitcount|p2a: Stantler|4\n|move|p2a: Stantler|Earth Power|p1a: Kyurem\n|-damage|p1a: Kyurem|0 fnt\n|faint|p1a: Kyurem\n|\n|upkeep\n|inactive|Time left: 300 sec this turn | 300 sec total | 5 sec grace\n|\n|t:|1783544319\n|switch|p1a: Orthworm|Orthworm, L88, M|266/266\n|turn|7\n|inactive|Time left: 300 sec this turn | 300 sec total\n|\n|t:|1783544321\n|move|p2a: Stantler|Tera Blast|p1a: Orthworm|[anim] Tera Blast Fairy\n|-resisted|p1a: Orthworm\n|-damage|p1a: Orthworm|170/266\n|move|p1a: Orthworm|Coil|p1a: Orthworm\n|-boost|p1a: Orthworm|atk|1\n|-boost|p1a: Orthworm|def|1\n|-boost|p1a: Orthworm|accuracy|1\n|\n|upkeep\n|turn|8\n|inactive|Time left: 300 sec this turn | 300 sec total\n|\n|t:|1783544322\n|move|p2a: Stantler|Shadow Ball|p1a: Orthworm\n|-damage|p1a: Orthworm|53/266\n|-unboost|p1a: Orthworm|spd|1\n|move|p1a: Orthworm|Rest|p1a: Orthworm\n|-status|p1a: Orthworm|slp|[from] move: Rest\n|-heal|p1a: Orthworm|266/266 slp|[silent]\n|-enditem|p1a: Orthworm|Chesto Berry|[eat]\n|-curestatus|p1a: Orthworm|slp|[msg]\n|\n|upkeep\n|turn|9\n|inactive|Time left: 300 sec this turn | 300 sec total\n|\n|t:|1783544323\n|move|p2a: Stantler|Tera Blast|p1a: Orthworm|[anim] Tera Blast Fairy\n|-resisted|p1a: Orthworm\n|-damage|p1a: Orthworm|122/266\n|move|p1a: Orthworm|Body Press|p2a: Stantler\n|-resisted|p2a: Stantler\n|-damage|p2a: Stantler|0 fnt\n|faint|p2a: Stantler\n|\n|upkeep\n|\n|t:|1783544324\n|switch|p2a: Flutter Mane|Flutter Mane, L74|100/100\n|-damage|p2a: Flutter Mane|88/100|[from] Stealth Rock\n|turn|10\n|inactive|Time left: 300 sec this turn | 300 sec total\n|\n|t:|1783544325\n|move|p2a: Flutter Mane|Moonblast|p1a: Orthworm\n|-resisted|p1a: Orthworm\n|-damage|p1a: Orthworm|0 fnt\n|faint|p1a: Orthworm\n|\n|upkeep\n|inactive|Time left: 300 sec this turn | 300 sec total | 5 sec grace\n|\n|t:|1783544326\n|switch|p1a: Arceus|Arceus-Electric, L70|284/284\n|turn|11\n|inactive|Time left: 300 sec this turn | 300 sec total\n|\n|t:|1783544327\n|move|p2a: Flutter Mane|Moonblast|p1a: Arceus\n|-damage|p1a: Arceus|151/284\n|move|p1a: Arceus|Calm Mind|p1a: Arceus\n|-boost|p1a: Arceus|spa|1\n|-boost|p1a: Arceus|spd|1\n|\n|upkeep\n|turn|12\n|inactive|Time left: 300 sec this turn | 300 sec total\n|\n|t:|1783544328\n|move|p2a: Flutter Mane|Moonblast|p1a: Arceus\n|-damage|p1a: Arceus|46/284\n|move|p1a: Arceus|Recover|p1a: Arceus\n|-heal|p1a: Arceus|188/284\n|\n|upkeep\n|turn|13\n|inactive|Time left: 300 sec this turn | 300 sec total\n|\n|t:|1783544329\n|move|p2a: Flutter Mane|Moonblast|p1a: Arceus\n|-damage|p1a: Arceus|89/284\n|move|p1a: Arceus|Recover|p1a: Arceus\n|-heal|p1a: Arceus|231/284\n|\n|upkeep\n|turn|14\n|inactive|Time left: 300 sec this turn | 300 sec total\n|\n|t:|1783544330\n|-end|p2a: Flutter Mane|Protosynthesis|[silent]\n|switch|p2a: Crabominable|Crabominable, L90, M|100/100\n|-damage|p2a: Crabominable|88/100|[from] Stealth Rock\n|move|p1a: Arceus|Judgment|p2a: Crabominable\n|-damage|p2a: Crabominable|53/100\n|\n|upkeep\n|turn|15\n|inactive|Time left: 300 sec this turn | 300 sec total\n|\n|t:|1783544331\n|move|p1a: Arceus|Judgment|p2a: Crabominable\n|-damage|p2a: Crabominable|15/100\n|move|p2a: Crabominable|Earthquake|p1a: Arceus\n|-supereffective|p1a: Arceus\n|-damage|p1a: Arceus|47/284\n|\n|upkeep\n|turn|16\n|inactive|Time left: 300 sec this turn | 300 sec total\n|\n|t:|1783544332\n|move|p1a: Arceus|Judgment|p2a: Crabominable\n|-damage|p2a: Crabominable|0 fnt\n|faint|p2a: Crabominable\n|\n|upkeep\n|\n|t:|1783544333\n|switch|p2a: Flutter Mane|Flutter Mane, L74|88/100\n|-damage|p2a: Flutter Mane|76/100|[from] Stealth Rock\n|turn|17\n|inactive|Time left: 300 sec this turn | 300 sec total\n|\n|t:|1783544334\n|move|p2a: Flutter Mane|Moonblast|p1a: Arceus\n|-damage|p1a: Arceus|0 fnt\n|faint|p1a: Arceus\n|\n|upkeep\n|inactive|Time left: 300 sec this turn | 300 sec total | 5 sec grace\n|\n|t:|1783544334\n|switch|p1a: Latios|Latios, L78, M|253/253\n|turn|18\n|inactive|Time left: 300 sec this turn | 300 sec total\n|\n|t:|1783544335\n|-terastallize|p1a: Latios|Steel\n|move|p2a: Flutter Mane|Moonblast|p1a: Latios\n|-resisted|p1a: Latios\n|-damage|p1a: Latios|189/253\n|move|p1a: Latios|Calm Mind|p1a: Latios\n|-boost|p1a: Latios|spa|1\n|-boost|p1a: Latios|spd|1\n|\n|upkeep\n|turn|19\n|inactive|Time left: 300 sec this turn | 300 sec total\n|\n|t:|1783544336\n|-end|p2a: Flutter Mane|Protosynthesis|[silent]\n|switch|p2a: Vespiquen|Vespiquen, L99, F|100/100\n|-ability|p2a: Vespiquen|Pressure\n|move|p1a: Latios|Psyshock|p2a: Vespiquen\n|-damage|p2a: Vespiquen|56/100\n|\n|upkeep\n|turn|20\n|inactive|Time left: 300 sec this turn | 300 sec total\n|\n|t:|1783544337\n|move|p1a: Latios|Calm Mind|p1a: Latios\n|-boost|p1a: Latios|spa|1\n|-boost|p1a: Latios|spd|1\n|move|p2a: Vespiquen|Roost|p2a: Vespiquen\n|-heal|p2a: Vespiquen|100/100\n|-singleturn|p2a: Vespiquen|move: Roost\n|\n|upkeep\n|turn|21\n|inactive|Time left: 300 sec this turn | 300 sec total\n|\n|t:|1783544338\n|move|p1a: Latios|Psyshock|p2a: Vespiquen\n|-damage|p2a: Vespiquen|44/100\n|move|p2a: Vespiquen|Roost|p2a: Vespiquen\n|-heal|p2a: Vespiquen|94/100\n|-singleturn|p2a: Vespiquen|move: Roost\n|\n|upkeep\n|turn|22\n|inactive|Time left: 300 sec this turn | 300 sec total\n|\n|t:|1783544339\n|move|p1a: Latios|Psyshock|p2a: Vespiquen\n|-damage|p2a: Vespiquen|37/100\n|move|p2a: Vespiquen|Roost|p2a: Vespiquen\n|-heal|p2a: Vespiquen|87/100\n|-singleturn|p2a: Vespiquen|move: Roost\n|\n|upkeep\n|turn|23\n|inactive|Time left: 300 sec this turn | 300 sec total\n|\n|t:|1783544340\n|move|p1a: Latios|Psyshock|p2a: Vespiquen\n|-damage|p2a: Vespiquen|31/100\n|move|p2a: Vespiquen|Roost|p2a: Vespiquen\n|-heal|p2a: Vespiquen|81/100\n|-singleturn|p2a: Vespiquen|move: Roost\n|\n|upkeep\n|turn|24\n|inactive|Time left: 300 sec this turn | 300 sec total\n|\n|t:|1783544341\n|move|p1a: Latios|Psyshock|p2a: Vespiquen\n|-damage|p2a: Vespiquen|27/100\n|move|p2a: Vespiquen|Roost|p2a: Vespiquen\n|-heal|p2a: Vespiquen|77/100\n|-singleturn|p2a: Vespiquen|move: Roost\n|\n|upkeep\n|turn|25\n|inactive|Time left: 300 sec this turn | 300 sec total\n|\n|t:|1783544342\n|move|p1a: Latios|Psyshock|p2a: Vespiquen\n|-damage|p2a: Vespiquen|22/100\n|move|p2a: Vespiquen|Roost|p2a: Vespiquen\n|-heal|p2a: Vespiquen|72/100\n|-singleturn|p2a: Vespiquen|move: Roost\n|\n|upkeep\n|turn|26\n|inactive|Time left: 300 sec this turn | 300 sec total\n|\n|t:|1783544343\n|move|p1a: Latios|Psyshock|p2a: Vespiquen\n|-damage|p2a: Vespiquen|18/100\n|move|p2a: Vespiquen|Roost|p2a: Vespiquen\n|-heal|p2a: Vespiquen|68/100\n|-singleturn|p2a: Vespiquen|move: Roost\n|\n|upkeep\n|turn|27\n|inactive|Time left: 300 sec this turn | 300 sec total\n|\n|t:|1783544344\n|move|p1a: Latios|Calm Mind|p1a: Latios\n|-boost|p1a: Latios|spa|1\n|-boost|p1a: Latios|spd|1\n|move|p2a: Vespiquen|U-turn|p1a: Latios\n|-resisted|p1a: Latios\n|-crit|p1a: Latios\n|-damage|p1a: Latios|106/253\n|\n|t:|1783544345\n|switch|p2a: Quagsire|Quagsire, L84, F|100/100|[from] U-turn\n|-damage|p2a: Quagsire|94/100|[from] Stealth Rock\n|\n|-heal|p2a: Quagsire|100/100|[from] item: Leftovers\n|upkeep\n|turn|28\n|inactive|Time left: 300 sec this turn | 300 sec total\n|\n|t:|1783544346\n|move|p1a: Latios|Recover|p1a: Latios\n|-heal|p1a: Latios|233/253\n|move|p2a: Quagsire|Recover||[still]\n|-fail|p2a: Quagsire|heal\n|\n|upkeep\n|turn|29\n|inactive|Time left: 300 sec this turn | 300 sec total\n|\n|t:|1783544347\n|move|p1a: Latios|Psyshock|p2a: Quagsire\n|-damage|p2a: Quagsire|64/100\n|move|p2a: Quagsire|Recover|p2a: Quagsire\n|-heal|p2a: Quagsire|100/100\n|\n|upkeep\n|turn|30\n|inactive|Time left: 300 sec this turn | 300 sec total\n|\n|t:|1783544348\n|move|p1a: Latios|Calm Mind|p1a: Latios\n|-boost|p1a: Latios|spa|1\n|-boost|p1a: Latios|spd|1\n|move|p2a: Quagsire|Recover||[still]\n|-fail|p2a: Quagsire|heal\n|\n|upkeep\n|turn|31\n|inactive|Time left: 300 sec this turn | 300 sec total\n|\n|t:|1783544349\n|move|p1a: Latios|Draco Meteor|p2a: Quagsire\n|-damage|p2a: Quagsire|27/100\n|-unboost|p1a: Latios|spa|2\n|move|p2a: Quagsire|Recover|p2a: Quagsire\n|-heal|p2a: Quagsire|78/100\n|\n|-heal|p2a: Quagsire|84/100|[from] item: Leftovers\n|upkeep\n|turn|32\n|inactive|Time left: 300 sec this turn | 300 sec total\n|\n|t:|1783544350\n|move|p1a: Latios|Calm Mind|p1a: Latios\n|-boost|p1a: Latios|spa|1\n|-boost|p1a: Latios|spd|1\n|move|p2a: Quagsire|Recover|p2a: Quagsire\n|-heal|p2a: Quagsire|100/100\n|\n|upkeep\n|turn|33\n|inactive|Time left: 300 sec this turn | 300 sec total\n|\n|t:|1783544352\n|move|p1a: Latios|Calm Mind|p1a: Latios\n|-boost|p1a: Latios|spa|1\n|-boost|p1a: Latios|spd|1\n|move|p2a: Quagsire|Recover||[still]\n|-fail|p2a: Quagsire|heal\n|\n|upkeep\n|turn|34\n|inactive|Time left: 300 sec this turn | 300 sec total\n|\n|t:|1783544353\n|move|p1a: Latios|Psyshock|p2a: Quagsire\n|-damage|p2a: Quagsire|63/100\n|move|p2a: Quagsire|Recover|p2a: Quagsire\n|-heal|p2a: Quagsire|100/100\n|\n|upkeep\n|turn|35\n|inactive|Time left: 300 sec this turn | 300 sec total\n|\n|t:|1783544354\n|switch|p2a: Flutter Mane|Flutter Mane, L74|76/100\n|-damage|p2a: Flutter Mane|64/100|[from] Stealth Rock\n|move|p1a: Latios|Draco Meteor|p2a: Flutter Mane\n|-immune|p2a: Flutter Mane\n|\n|upkeep\n|turn|36\n|inactive|Time left: 300 sec this turn | 300 sec total\n|\n|t:|1783544355\n|move|p2a: Flutter Mane|Mystical Fire|p1a: Latios\n|-supereffective|p1a: Latios\n|-crit|p1a: Latios\n|-damage|p1a: Latios|15/253\n|-unboost|p1a: Latios|spa|1\n|move|p1a: Latios|Recover|p1a: Latios\n|-heal|p1a: Latios|142/253\n|\n|upkeep\n|turn|37\n|inactive|Time left: 300 sec this turn | 300 sec total\n|\n|t:|1783544356\n|move|p2a: Flutter Mane|Mystical Fire|p1a: Latios\n|-supereffective|p1a: Latios\n|-damage|p1a: Latios|104/253\n|-unboost|p1a: Latios|spa|1\n|move|p1a: Latios|Calm Mind|p1a: Latios\n|-boost|p1a: Latios|spa|1\n|-boost|p1a: Latios|spd|0\n|\n|upkeep\n|turn|38\n|inactive|Time left: 300 sec this turn | 300 sec total\n|\n|t:|1783544357\n|move|p2a: Flutter Mane|Mystical Fire|p1a: Latios\n|-supereffective|p1a: Latios\n|-damage|p1a: Latios|64/253\n|-unboost|p1a: Latios|spa|1\n|move|p1a: Latios|Recover|p1a: Latios\n|-heal|p1a: Latios|191/253\n|\n|upkeep\n|turn|39\n|inactive|Time left: 300 sec this turn | 300 sec total\n|\n|t:|1783544358\n|move|p2a: Flutter Mane|Mystical Fire|p1a: Latios\n|-supereffective|p1a: Latios\n|-damage|p1a: Latios|155/253\n|-unboost|p1a: Latios|spa|1\n|move|p1a: Latios|Calm Mind|p1a: Latios\n|-boost|p1a: Latios|spa|1\n|-boost|p1a: Latios|spd|0\n|\n|upkeep\n|turn|40\n|inactive|Time left: 300 sec this turn | 300 sec total\n|\n|t:|1783544359\n|move|p2a: Flutter Mane|Mystical Fire|p1a: Latios\n|-supereffective|p1a: Latios\n|-damage|p1a: Latios|119/253\n|-unboost|p1a: Latios|spa|1\n|move|p1a: Latios|Recover|p1a: Latios\n|-heal|p1a: Latios|246/253\n|\n|upkeep\n|turn|41\n|inactive|Time left: 300 sec this turn | 300 sec total\n|\n|t:|1783544360\n|move|p2a: Flutter Mane|Mystical Fire|p1a: Latios\n|-supereffective|p1a: Latios\n|-damage|p1a: Latios|208/253\n|-unboost|p1a: Latios|spa|1\n|move|p1a: Latios|Calm Mind|p1a: Latios\n|-boost|p1a: Latios|spa|1\n|-boost|p1a: Latios|spd|0\n|\n|upkeep\n|turn|42\n|inactive|Time left: 300 sec this turn | 300 sec total\n|\n|t:|1783544361\n|move|p2a: Flutter Mane|Mystical Fire|p1a: Latios\n|-supereffective|p1a: Latios\n|-damage|p1a: Latios|166/253\n|-unboost|p1a: Latios|spa|1\n|move|p1a: Latios|Calm Mind|p1a: Latios\n|-boost|p1a: Latios|spa|1\n|-boost|p1a: Latios|spd|0\n|\n|upkeep\n|turn|43\n|inactive|Time left: 300 sec this turn | 300 sec total\n|\n|t:|1783544363\n|move|p2a: Flutter Mane|Mystical Fire|p1a: Latios\n|-supereffective|p1a: Latios\n|-damage|p1a: Latios|130/253\n|-unboost|p1a: Latios|spa|1\n|move|p1a: Latios|Calm Mind|p1a: Latios\n|-boost|p1a: Latios|spa|1\n|-boost|p1a: Latios|spd|0\n|\n|upkeep\n|turn|44\n|inactive|Time left: 300 sec this turn | 300 sec total\n|\n|t:|1783544364\n|move|p2a: Flutter Mane|Mystical Fire|p1a: Latios\n|-supereffective|p1a: Latios\n|-damage|p1a: Latios|94/253\n|-unboost|p1a: Latios|spa|1\n|move|p1a: Latios|Calm Mind|p1a: Latios\n|-boost|p1a: Latios|spa|1\n|-boost|p1a: Latios|spd|0\n|\n|upkeep\n|turn|45\n|inactive|Time left: 300 sec this turn | 300 sec total\n|\n|t:|1783544365\n|move|p2a: Flutter Mane|Mystical Fire|p1a: Latios\n|-supereffective|p1a: Latios\n|-damage|p1a: Latios|52/253\n|-unboost|p1a: Latios|spa|1\n|move|p1a: Latios|Recover|p1a: Latios\n|-heal|p1a: Latios|179/253\n|\n|upkeep\n|turn|46\n|inactive|Time left: 300 sec this turn | 300 sec total\n|\n|t:|1783544366\n|move|p2a: Flutter Mane|Mystical Fire|p1a: Latios\n|-supereffective|p1a: Latios\n|-damage|p1a: Latios|143/253\n|-unboost|p1a: Latios|spa|1\n|move|p1a: Latios|Calm Mind|p1a: Latios\n|-boost|p1a: Latios|spa|1\n|-boost|p1a: Latios|spd|0\n|\n|upkeep\n|turn|47\n|inactive|Time left: 300 sec this turn | 300 sec total\n|\n|t:|1783544367\n|move|p2a: Flutter Mane|Mystical Fire|p1a: Latios\n|-supereffective|p1a: Latios\n|-damage|p1a: Latios|107/253\n|-unboost|p1a: Latios|spa|1\n|move|p1a: Latios|Calm Mind|p1a: Latios\n|-boost|p1a: Latios|spa|1\n|-boost|p1a: Latios|spd|0\n|\n|upkeep\n|turn|48\n|inactive|Time left: 300 sec this turn | 300 sec total\n|\n|t:|1783544368\n|move|p2a: Flutter Mane|Mystical Fire|p1a: Latios\n|-supereffective|p1a: Latios\n|-damage|p1a: Latios|69/253\n|-unboost|p1a: Latios|spa|1\n|move|p1a: Latios|Recover|p1a: Latios\n|-heal|p1a: Latios|196/253\n|\n|upkeep\n|turn|49\n|inactive|Time left: 300 sec this turn | 300 sec total\n|\n|t:|1783544369\n|move|p2a: Flutter Mane|Mystical Fire|p1a: Latios\n|-supereffective|p1a: Latios\n|-damage|p1a: Latios|160/253\n|-unboost|p1a: Latios|spa|1\n|move|p1a: Latios|Calm Mind|p1a: Latios\n|-boost|p1a: Latios|spa|1\n|-boost|p1a: Latios|spd|0\n|\n|upkeep\n|turn|50\n|inactive|Time left: 300 sec this turn | 300 sec total\n|\n|t:|1783544371\n|move|p2a: Flutter Mane|Mystical Fire|p1a: Latios\n|-supereffective|p1a: Latios\n|-damage|p1a: Latios|122/253\n|-unboost|p1a: Latios|spa|1\n|move|p1a: Latios|Recover|p1a: Latios\n|-heal|p1a: Latios|249/253\n|\n|upkeep\n|turn|51\n|inactive|Time left: 300 sec this turn | 300 sec total\n|\n|t:|1783544372\n|move|p2a: Flutter Mane|Mystical Fire|p1a: Latios\n|-supereffective|p1a: Latios\n|-damage|p1a: Latios|211/253\n|-unboost|p1a: Latios|spa|1\n|move|p1a: Latios|Calm Mind|p1a: Latios\n|-boost|p1a: Latios|spa|1\n|-boost|p1a: Latios|spd|0\n|\n|upkeep\n|turn|52\n|inactive|Time left: 300 sec this turn | 300 sec total\n|\n|t:|1783544373\n|-end|p2a: Flutter Mane|Protosynthesis|[silent]\n|switch|p2a: Vespiquen|Vespiquen, L99, F|68/100\n|-ability|p2a: Vespiquen|Pressure\n|move|p1a: Latios|Calm Mind|p1a: Latios\n|-boost|p1a: Latios|spa|1\n|-boost|p1a: Latios|spd|0\n|\n|upkeep\n|turn|53\n|inactive|Time left: 300 sec this turn | 300 sec total\n|\n|t:|1783544374\n|move|p1a: Latios|Calm Mind|p1a: Latios\n|-boost|p1a: Latios|spa|1\n|-boost|p1a: Latios|spd|0\n|move|p2a: Vespiquen|Roost|p2a: Vespiquen\n|-heal|p2a: Vespiquen|100/100\n|-singleturn|p2a: Vespiquen|move: Roost\n|\n|upkeep\n|turn|54\n|inactive|Time left: 300 sec this turn | 300 sec total\n|\n|t:|1783544375\n|move|p1a: Latios|Calm Mind|p1a: Latios\n|-boost|p1a: Latios|spa|1\n|-boost|p1a: Latios|spd|0\n|move|p2a: Vespiquen|U-turn|p1a: Latios\n|-resisted|p1a: Latios\n|-damage|p1a: Latios|163/253\n|\n|t:|1783544376\n|switch|p2a: Feraligatr|Feraligatr, L79, M|35/100|[from] U-turn\n|-damage|p2a: Feraligatr|22/100|[from] Stealth Rock\n|\n|upkeep\n|turn|55\n|inactive|Time left: 300 sec this turn | 300 sec total\n|\n|t:|1783544377\n|move|p1a: Latios|Draco Meteor|p2a: Feraligatr|[miss]\n|-miss|p1a: Latios|p2a: Feraligatr\n|move|p2a: Feraligatr|Liquidation|p1a: Latios\n|-damage|p1a: Latios|11/253\n|\n|upkeep\n|turn|56\n|inactive|Time left: 300 sec this turn | 300 sec total\n|\n|t:|1783544378\n|move|p1a: Latios|Recover|p1a: Latios\n|-heal|p1a: Latios|138/253\n|move|p2a: Feraligatr|Liquidation|p1a: Latios\n|-damage|p1a: Latios|0 fnt\n|faint|p1a: Latios\n|\n|upkeep\n|inactive|Time left: 300 sec this turn | 300 sec total | 5 sec grace\n|\n|t:|1783544379\n|switch|p1a: Gurdurr|Gurdurr, L85, F|283/283\n|turn|57\n|inactive|Time left: 300 sec this turn | 300 sec total\n|\n|t:|1783544380\n|move|p2a: Feraligatr|Liquidation|p1a: Gurdurr\n|-damage|p1a: Gurdurr|182/283\n|move|p1a: Gurdurr|Defog|p2a: Feraligatr\n|-unboost|p2a: Feraligatr|evasion|1\n|-sideend|p2: p0y39960ab|Stealth Rock|[from] move: Defog|[of] p1a: Gurdurr\n|\n|upkeep\n|turn|58\n|inactive|Time left: 300 sec this turn | 300 sec total\n|\n|t:|1783544381\n|switch|p2a: Flutter Mane|Flutter Mane, L74|64/100\n|move|p1a: Gurdurr|Knock Off|p2a: Flutter Mane\n|-damage|p2a: Flutter Mane|1/100\n|-enditem|p2a: Flutter Mane|Choice Specs|[from] move: Knock Off|[of] p1a: Gurdurr\n|\n|upkeep\n|turn|59\n|inactive|Time left: 300 sec this turn | 300 sec total\n|\n|t:|1783544382\n|move|p2a: Flutter Mane|Moonblast|p1a: Gurdurr\n|-supereffective|p1a: Gurdurr\n|-damage|p1a: Gurdurr|0 fnt\n|faint|p1a: Gurdurr\n|\n|win|p0y39960ab", "uploadtime": 1783544382, "views": 0, "rating": 0, "private": 0, "password": null, "_winner": "p0y39960ab", "_our_name": "p0x399aac5"}