{"id": "battle-gen9randombattle-394", "formatid": "gen9randombattle", "format": "[Gen 9] Random Battle", "players": ["p0x394d208", "p0y3946d42"], "log": "|init|battle\n|title|p0x394d208 vs. p0y3946d42\n|j|\u2606p0x394d208\n|j|\u2606p0y3946d42\n|t:|1783543641\n|gametype|singles\n|player|p1|p0x394d208|169|\n|player|p2|p0y3946d42|169|\n|gen|9\n|tier|[Gen 9] Random Battle\n|rule|Species Clause: Limit one of each Pok\u00e9mon\n|rule|HP Percentage Mod: HP is shown in percentages\n|rule|Sleep Clause Mod: Limit one foe put to sleep\n|rule|Illusion Level Mod: Illusion disguises the Pok\u00e9mon's true level\n|\n|t:|1783543641\n|teamsize|p1|6\n|teamsize|p2|6\n|start\n|switch|p1a: Pawmot|Pawmot, L80, M|243/243\n|switch|p2a: Tauros|Tauros-Paldea-Combat, L82, M|100/100\n|-ability|p2a: Tauros|Intimidate|boost\n|-unboost|p1a: Pawmot|atk|1\n|turn|1\n|inactive|Battle timer is ON: inactive players will automatically lose when time's up. (requested by p0y3946d42)\n|inactive|Time left: 300 sec this turn | 300 sec total | 60 sec grace\n|inactive|p0x394d208 also wants the timer to be on.\n|\n|t:|1783543643\n|switch|p1a: Alcremie|Alcremie-Mint-Cream, L90, F|263/263\n|move|p2a: Tauros|Earthquake|p1a: Alcremie\n|-damage|p1a: Alcremie|153/263\n|\n|-heal|p1a: Alcremie|169/263|[from] item: Leftovers\n|upkeep\n|turn|2\n|inactive|Time left: 300 sec this turn | 300 sec total\n|\n|t:|1783543644\n|move|p2a: Tauros|Earthquake|p1a: Alcremie\n|-damage|p1a: Alcremie|49/263\n|move|p1a: Alcremie|Alluring Voice|p2a: Tauros\n|-supereffective|p2a: Tauros\n|-damage|p2a: Tauros|0 fnt\n|faint|p2a: Tauros\n|\n|-heal|p1a: Alcremie|65/263|[from] item: Leftovers\n|upkeep\n|\n|t:|1783543645\n|switch|p2a: Blastoise|Blastoise, L80, M|100/100\n|turn|3\n|inactive|Time left: 300 sec this turn | 300 sec total\n|\n|t:|1783543647\n|move|p2a: Blastoise|Shell Smash|p2a: Blastoise\n|-unboost|p2a: Blastoise|def|1\n|-unboost|p2a: Blastoise|spd|1\n|-boost|p2a: Blastoise|atk|2\n|-boost|p2a: Blastoise|spa|2\n|-boost|p2a: Blastoise|spe|2\n|-enditem|p2a: Blastoise|White Herb\n|-clearnegativeboost|p2a: Blastoise|[silent]\n|move|p1a: Alcremie|Recover|p1a: Alcremie\n|-heal|p1a: Alcremie|197/263\n|\n|-heal|p1a: Alcremie|213/263|[from] item: Leftovers\n|upkeep\n|turn|4\n|inactive|Time left: 300 sec this turn | 300 sec total\n|\n|t:|1783543648\n|move|p2a: Blastoise|Earthquake|p1a: Alcremie\n|-damage|p1a: Alcremie|85/263\n|move|p1a: Alcremie|Alluring Voice|p2a: Blastoise\n|-damage|p2a: Blastoise|61/100\n|\n|-heal|p1a: Alcremie|101/263|[from] item: Leftovers\n|upkeep\n|turn|5\n|inactive|Time left: 300 sec this turn | 300 sec total\n|\n|t:|1783543649\n|move|p2a: Blastoise|Earthquake|p1a: Alcremie\n|-damage|p1a: Alcremie|0 fnt\n|faint|p1a: Alcremie\n|\n|upkeep\n|inactive|Time left: 300 sec this turn | 300 sec total | 5 sec grace\n|\n|t:|1783543650\n|switch|p1a: Magnezone|Magnezone, L85|258/258\n|turn|6\n|inactive|Time left: 300 sec this turn | 300 sec total\n|\n|t:|1783543651\n|-terastallize|p1a: Magnezone|Flying\n|move|p2a: Blastoise|Earthquake|p1a: Magnezone\n|-immune|p1a: Magnezone\n|move|p1a: Magnezone|Discharge|p2a: Blastoise\n|-supereffective|p2a: Blastoise\n|-damage|p2a: Blastoise|0 fnt\n|faint|p2a: Blastoise\n|\n|upkeep\n|\n|t:|1783543652\n|switch|p2a: Ogerpon|Ogerpon-Hearthflame, L74, F|100/100\n|-ability|p2a: Ogerpon|Mold Breaker\n|turn|7\n|inactive|Time left: 300 sec this turn | 300 sec total\n|\n|t:|1783543653\n|move|p2a: Ogerpon|Swords Dance|p2a: Ogerpon\n|-boost|p2a: Ogerpon|atk|2\n|move|p1a: Magnezone|Discharge|p2a: Ogerpon\n|-resisted|p2a: Ogerpon\n|-damage|p2a: Ogerpon|77/100\n|\n|upkeep\n|turn|8\n|inactive|Time left: 300 sec this turn | 300 sec total\n|\n|t:|1783543654\n|move|p2a: Ogerpon|Ivy Cudgel|p1a: Magnezone|[anim] Ivy Cudgel Fire\n|-damage|p1a: Magnezone|69/258\n|move|p1a: Magnezone|Volt Switch|p2a: Ogerpon\n|-resisted|p2a: Ogerpon\n|-damage|p2a: Ogerpon|56/100\n|inactive|Time left: 300 sec this turn | 300 sec total | 5 sec grace\n|\n|t:|1783543655\n|switch|p1a: Urshifu|Urshifu-Rapid-Strike, L75, F|274/274|[from] Volt Switch\n|\n|upkeep\n|turn|9\n|inactive|Time left: 300 sec this turn | 300 sec total\n|\n|t:|1783543656\n|move|p1a: Urshifu|Surging Strikes|p2a: Ogerpon\n|-crit|p2a: Ogerpon\n|-damage|p2a: Ogerpon|34/100\n|-crit|p2a: Ogerpon\n|-damage|p2a: Ogerpon|13/100\n|-crit|p2a: Ogerpon\n|-damage|p2a: Ogerpon|0 fnt\n|faint|p2a: Ogerpon\n|-hitcount|p2: Ogerpon|3\n|\n|upkeep\n|\n|t:|1783543657\n|switch|p2a: Flygon|Flygon, L82, F|100/100\n|turn|10\n|inactive|Time left: 300 sec this turn | 300 sec total\n|\n|t:|1783543658\n|move|p2a: Flygon|Outrage|p1a: Urshifu\n|-damage|p1a: Urshifu|153/274\n|move|p1a: Urshifu|Surging Strikes|p2a: Flygon\n|-crit|p2a: Flygon\n|-damage|p2a: Flygon|84/100\n|-crit|p2a: Flygon\n|-damage|p2a: Flygon|65/100\n|-crit|p2a: Flygon\n|-damage|p2a: Flygon|48/100\n|-hitcount|p2a: Flygon|3\n|\n|upkeep\n|turn|11\n|inactive|Time left: 300 sec this turn | 300 sec total\n|\n|t:|1783543659\n|move|p2a: Flygon|Outrage|p1a: Urshifu|[from] lockedmove\n|-damage|p1a: Urshifu|27/274\n|-start|p2a: Flygon|confusion|[fatigue]\n|move|p1a: Urshifu|Surging Strikes|p2a: Flygon\n|-crit|p2a: Flygon\n|-damage|p2a: Flygon|30/100\n|-crit|p2a: Flygon\n|-damage|p2a: Flygon|13/100\n|-crit|p2a: Flygon\n|-damage|p2a: Flygon|0 fnt\n|faint|p2a: Flygon\n|-hitcount|p2: Flygon|3\n|\n|upkeep\n|\n|t:|1783543660\n|switch|p2a: Trevenant|Trevenant, L89, F|100/100\n|turn|12\n|inactive|Time left: 300 sec this turn | 300 sec total\n|\n|t:|1783543661\n|move|p1a: Urshifu|Surging Strikes|p2a: Trevenant\n|-resisted|p2a: Trevenant\n|-crit|p2a: Trevenant\n|-damage|p2a: Trevenant|92/100\n|-resisted|p2a: Trevenant\n|-crit|p2a: Trevenant\n|-damage|p2a: Trevenant|85/100\n|-resisted|p2a: Trevenant\n|-crit|p2a: Trevenant\n|-damage|p2a: Trevenant|78/100\n|-hitcount|p2a: Trevenant|3\n|move|p2a: Trevenant|Poltergeist|p1a: Urshifu\n|-activate|p1a: Urshifu|move: Poltergeist|Choice Scarf\n|-damage|p1a: Urshifu|0 fnt\n|faint|p1a: Urshifu\n|\n|upkeep\n|inactive|Time left: 300 sec this turn | 300 sec total | 5 sec grace\n|\n|t:|1783543662\n|switch|p1a: Muk|Muk-Alola, L82, M|306/306\n|turn|13\n|inactive|Time left: 300 sec this turn | 300 sec total\n|\n|t:|1783543664\n|switch|p2a: Incineroar|Incineroar, L82, M|100/100\n|-ability|p2a: Incineroar|Intimidate|boost\n|-unboost|p1a: Muk|atk|1\n|move|p1a: Muk|Knock Off|p2a: Incineroar\n|-resisted|p2a: Incineroar\n|-damage|p2a: Incineroar|89/100\n|-enditem|p2a: Incineroar|Heavy-Duty Boots|[from] move: Knock Off|[of] p1a: Muk\n|\n|upkeep\n|turn|14\n|inactive|Time left: 300 sec this turn | 300 sec total\n|\n|t:|1783543665\n|move|p2a: Incineroar|Will-O-Wisp|p1a: Muk\n|-status|p1a: Muk|brn\n|move|p1a: Muk|Drain Punch|p2a: Incineroar\n|-supereffective|p2a: Incineroar\n|-damage|p2a: Incineroar|76/100\n|\n|-damage|p1a: Muk|287/306 brn|[from] brn\n|upkeep\n|turn|15\n|inactive|Time left: 300 sec this turn | 300 sec total\n|\n|t:|1783543666\n|move|p2a: Incineroar|Parting Shot|p1a: Muk\n|-unboost|p1a: Muk|atk|1\n|-unboost|p1a: Muk|spa|1\n|\n|t:|1783543667\n|switch|p2a: Trevenant|Trevenant, L89, F|78/100|[from] Parting Shot\n|move|p1a: Muk|Knock Off|p2a: Trevenant\n|-supereffective|p2a: Trevenant\n|-damage|p2a: Trevenant|60/100\n|-enditem|p2a: Trevenant|Sitrus Berry|[from] move: Knock Off|[of] p1a: Muk\n|\n|-damage|p1a: Muk|268/306 brn|[from] brn\n|upkeep\n|turn|16\n|inactive|Time left: 300 sec this turn | 300 sec total\n|\n|t:|1783543668\n|move|p2a: Trevenant|Drain Punch|p1a: Muk\n|-damage|p1a: Muk|191/306 brn\n|-heal|p2a: Trevenant|73/100|[from] drain|[of] p1a: Muk\n|move|p1a: Muk|Knock Off|p2a: Trevenant\n|-supereffective|p2a: Trevenant\n|-damage|p2a: Trevenant|61/100\n|\n|-damage|p1a: Muk|172/306 brn|[from] brn\n|upkeep\n|turn|17\n|inactive|Time left: 300 sec this turn | 300 sec total\n|\n|t:|1783543669\n|move|p2a: Trevenant|Toxic||[still]\n|-fail|p2a: Trevenant\n|move|p1a: Muk|Knock Off|p2a: Trevenant\n|-supereffective|p2a: Trevenant\n|-damage|p2a: Trevenant|48/100\n|-status|p2a: Trevenant|psn|[from] ability: Poison Touch|[of] p1a: Muk\n|\n|-damage|p2a: Trevenant|35/100 psn|[from] psn\n|-damage|p1a: Muk|153/306 brn|[from] brn\n|upkeep\n|turn|18\n|inactive|Time left: 300 sec this turn | 300 sec total\n|\n|t:|1783543670\n|move|p2a: Trevenant|Poltergeist|p1a: Muk\n|-activate|p1a: Muk|move: Poltergeist|Assault Vest\n|-resisted|p1a: Muk\n|-damage|p1a: Muk|72/306 brn\n|move|p1a: Muk|Drain Punch|p2a: Trevenant\n|-immune|p2a: Trevenant\n|\n|-damage|p2a: Trevenant|23/100 psn|[from] psn\n|-damage|p1a: Muk|53/306 brn|[from] brn\n|upkeep\n|turn|19\n|inactive|Time left: 300 sec this turn | 300 sec total\n|\n|t:|1783543671\n|move|p2a: Trevenant|Poltergeist|p1a: Muk|[miss]\n|-miss|p2a: Trevenant|p1a: Muk\n|move|p1a: Muk|Drain Punch|p2a: Trevenant\n|-immune|p2a: Trevenant\n|\n|-damage|p2a: Trevenant|10/100 psn|[from] psn\n|-damage|p1a: Muk|34/306 brn|[from] brn\n|upkeep\n|turn|20\n|inactive|Time left: 300 sec this turn | 300 sec total\n|\n|t:|1783543672\n|switch|p2a: Incineroar|Incineroar, L82, M|76/100\n|-ability|p2a: Incineroar|Intimidate|boost\n|-unboost|p1a: Muk|atk|1\n|move|p1a: Muk|Poison Jab|p2a: Incineroar\n|-crit|p2a: Incineroar\n|-damage|p2a: Incineroar|52/100\n|-status|p2a: Incineroar|psn\n|\n|-damage|p2a: Incineroar|39/100 psn|[from] psn\n|-damage|p1a: Muk|15/306 brn|[from] brn\n|upkeep\n|turn|21\n|inactive|Time left: 300 sec this turn | 300 sec total\n|\n|t:|1783543673\n|move|p2a: Incineroar|Knock Off|p1a: Muk\n|-resisted|p1a: Muk\n|-damage|p1a: Muk|0 fnt\n|-enditem|p1a: Muk|Assault Vest|[from] move: Knock Off|[of] p2a: Incineroar\n|faint|p1a: Muk\n|\n|-damage|p2a: Incineroar|27/100 psn|[from] psn\n|upkeep\n|inactive|Time left: 300 sec this turn | 300 sec total | 5 sec grace\n|\n|t:|1783543674\n|switch|p1a: Magnezone|Magnezone, L85, tera:Flying|69/258\n|turn|22\n|inactive|Time left: 300 sec this turn | 300 sec total\n|\n|t:|1783543675\n|switch|p2a: Trevenant|Trevenant, L89, F|10/100 psn\n|move|p1a: Magnezone|Discharge|p2a: Trevenant\n|-resisted|p2a: Trevenant\n|-damage|p2a: Trevenant|0 fnt\n|faint|p2a: Trevenant\n|\n|upkeep\n|\n|t:|1783543676\n|switch|p2a: Incineroar|Incineroar, L82, M|27/100 psn\n|-ability|p2a: Incineroar|Intimidate|boost\n|-unboost|p1a: Magnezone|atk|1\n|turn|23\n|inactive|Time left: 300 sec this turn | 300 sec total\n|\n|t:|1783543677\n|move|p1a: Magnezone|Volt Switch|p2a: Incineroar\n|-damage|p2a: Incineroar|0 fnt\n|faint|p2a: Incineroar\n|\n|win|p0x394d208", "uploadtime": 1783543677, "views": 0, "rating": 0, "private": 0, "password": null, "_winner": "p0x394d208", "_our_name": "p0x394d208"}