{"id": "battle-gen9randombattle-362", "formatid": "gen9randombattle", "format": "[Gen 9] Random Battle", "players": ["p0x362f53d", "p0y362ddb8"], "log": "|init|battle\n|title|p0x362f53d vs. p0y362ddb8\n|j|\u2606p0x362f53d\n|j|\u2606p0y362ddb8\n|t:|1783543332\n|gametype|singles\n|player|p1|p0x362f53d|266|\n|player|p2|p0y362ddb8|102|\n|gen|9\n|tier|[Gen 9] Random Battle\n|rule|Species Clause: Limit one of each Pok\u00e9mon\n|rule|HP Percentage Mod: HP is shown in percentages\n|rule|Sleep Clause Mod: Limit one foe put to sleep\n|rule|Illusion Level Mod: Illusion disguises the Pok\u00e9mon's true level\n|\n|t:|1783543332\n|teamsize|p1|6\n|teamsize|p2|6\n|start\n|switch|p1a: Espeon|Espeon, L84, F|100/100\n|switch|p2a: Umbreon|Umbreon, L84, F|297/297\n|turn|1\n|inactive|Battle timer is ON: inactive players will automatically lose when time's up. (requested by p0x362f53d)\n|inactive|Time left: 300 sec this turn | 300 sec total | 60 sec grace\n|inactive|p0y362ddb8 also wants the timer to be on.\n|\n|t:|1783543334\n|switch|p1a: Conkeldurr|Conkeldurr, L80, F|100/100\n|move|p2a: Umbreon|Foul Play|p1a: Conkeldurr\n|-resisted|p1a: Conkeldurr\n|-damage|p1a: Conkeldurr|80/100\n|\n|-status|p1a: Conkeldurr|brn|[from] item: Flame Orb\n|upkeep\n|turn|2\n|inactive|Time left: 300 sec this turn | 300 sec total\n|\n|t:|1783543335\n|move|p2a: Umbreon|Protect|p2a: Umbreon\n|-singleturn|p2a: Umbreon|Protect\n|move|p1a: Conkeldurr|Knock Off|p2a: Umbreon\n|-activate|p2a: Umbreon|move: Protect\n|\n|-damage|p1a: Conkeldurr|74/100 brn|[from] brn\n|upkeep\n|turn|3\n|inactive|Time left: 300 sec this turn | 300 sec total\n|\n|t:|1783543336\n|switch|p2a: Alcremie|Alcremie-Ruby-Cream, L90, F|263/263\n|move|p1a: Conkeldurr|Close Combat|p2a: Alcremie\n|-resisted|p2a: Alcremie\n|-crit|p2a: Alcremie\n|-damage|p2a: Alcremie|75/263\n|-unboost|p1a: Conkeldurr|def|1\n|-unboost|p1a: Conkeldurr|spd|1\n|\n|-heal|p2a: Alcremie|91/263|[from] item: Leftovers\n|-damage|p1a: Conkeldurr|68/100 brn|[from] brn\n|upkeep\n|turn|4\n|inactive|Time left: 300 sec this turn | 300 sec total\n|\n|t:|1783543337\n|switch|p1a: Ho-Oh|Ho-Oh, L71|100/100\n|move|p2a: Alcremie|Alluring Voice|p1a: Ho-Oh\n|-resisted|p1a: Ho-Oh\n|-damage|p1a: Ho-Oh|86/100\n|\n|-heal|p2a: Alcremie|107/263|[from] item: Leftovers\n|upkeep\n|turn|5\n|inactive|Time left: 300 sec this turn | 300 sec total\n|\n|t:|1783543338\n|switch|p2a: Ursaluna|Ursaluna-Bloodmoon, L79, M|308/308\n|move|p1a: Ho-Oh|Brave Bird|p2a: Ursaluna\n|-damage|p2a: Ursaluna|206/308\n|-damage|p1a: Ho-Oh|73/100|[from] Recoil\n|\n|-heal|p2a: Ursaluna|225/308|[from] item: Leftovers\n|upkeep\n|turn|6\n|inactive|Time left: 300 sec this turn | 300 sec total\n|\n|t:|1783543340\n|switch|p1a: Grumpig|Grumpig, L92, M|100/100\n|move|p2a: Ursaluna|Blood Moon|p1a: Grumpig\n|-damage|p1a: Grumpig|57/100\n|\n|-heal|p1a: Grumpig|63/100|[from] item: Leftovers\n|-heal|p2a: Ursaluna|244/308|[from] item: Leftovers\n|upkeep\n|turn|7\n|inactive|Time left: 300 sec this turn | 300 sec total\n|\n|t:|1783543341\n|move|p1a: Grumpig|Nasty Plot|p1a: Grumpig\n|-boost|p1a: Grumpig|spa|2\n|move|p2a: Ursaluna|Calm Mind|p2a: Ursaluna\n|-boost|p2a: Ursaluna|spa|1\n|-boost|p2a: Ursaluna|spd|1\n|\n|-heal|p1a: Grumpig|69/100|[from] item: Leftovers\n|-heal|p2a: Ursaluna|263/308|[from] item: Leftovers\n|upkeep\n|turn|8\n|inactive|Time left: 300 sec this turn | 300 sec total\n|\n|t:|1783543342\n|-terastallize|p2a: Ursaluna|Normal\n|move|p1a: Grumpig|Psychic|p2a: Ursaluna\n|-damage|p2a: Ursaluna|59/308\n|-unboost|p2a: Ursaluna|spd|1\n|move|p2a: Ursaluna|Blood Moon|p1a: Grumpig\n|-damage|p1a: Grumpig|0 fnt\n|faint|p1a: Grumpig\n|\n|-heal|p2a: Ursaluna|78/308|[from] item: Leftovers\n|upkeep\n|\n|t:|1783543343\n|switch|p1a: Falinks|Falinks, L84|100/100\n|turn|9\n|inactive|Time left: 300 sec this turn | 300 sec total\n|\n|t:|1783543344\n|move|p1a: Falinks|No Retreat|p1a: Falinks\n|-boost|p1a: Falinks|atk|1\n|-boost|p1a: Falinks|def|1\n|-boost|p1a: Falinks|spa|1\n|-boost|p1a: Falinks|spd|1\n|-boost|p1a: Falinks|spe|1\n|-start|p1a: Falinks|move: No Retreat\n|move|p2a: Ursaluna|Earth Power|p1a: Falinks\n|-damage|p1a: Falinks|44/100\n|-unboost|p1a: Falinks|spd|1\n|-ability|p1a: Falinks|Defiant|boost\n|-boost|p1a: Falinks|atk|2\n|\n|-heal|p2a: Ursaluna|97/308|[from] item: Leftovers\n|upkeep\n|turn|10\n|inactive|Time left: 300 sec this turn | 300 sec total\n|\n|t:|1783543345\n|switch|p2a: Alcremie|Alcremie-Ruby-Cream, L90, F|107/263\n|move|p1a: Falinks|Iron Head|p2a: Alcremie\n|-supereffective|p2a: Alcremie\n|-damage|p2a: Alcremie|0 fnt\n|faint|p2a: Alcremie\n|-damage|p1a: Falinks|35/100|[from] item: Life Orb\n|\n|upkeep\n|inactive|Time left: 300 sec this turn | 300 sec total | 5 sec grace\n|\n|t:|1783543346\n|switch|p2a: Umbreon|Umbreon, L84, F|297/297\n|turn|11\n|inactive|Time left: 300 sec this turn | 300 sec total\n|\n|t:|1783543347\n|switch|p2a: Ursaluna|Ursaluna-Bloodmoon, L79, M, tera:Normal|97/308\n|move|p1a: Falinks|Close Combat|p2a: Ursaluna\n|-supereffective|p2a: Ursaluna\n|-damage|p2a: Ursaluna|0 fnt\n|-unboost|p1a: Falinks|def|1\n|-unboost|p1a: Falinks|spd|1\n|faint|p2a: Ursaluna\n|-damage|p1a: Falinks|25/100|[from] item: Life Orb\n|\n|upkeep\n|inactive|Time left: 300 sec this turn | 300 sec total | 5 sec grace\n|\n|t:|1783543347\n|switch|p2a: Bombirdier|Bombirdier, L85, F|258/258\n|turn|12\n|inactive|Time left: 300 sec this turn | 300 sec total\n|\n|t:|1783543348\n|move|p2a: Bombirdier|Sucker Punch|p1a: Falinks\n|-resisted|p1a: Falinks\n|-damage|p1a: Falinks|9/100\n|move|p1a: Falinks|Close Combat|p2a: Bombirdier\n|-damage|p2a: Bombirdier|0 fnt\n|-unboost|p1a: Falinks|def|1\n|-unboost|p1a: Falinks|spd|1\n|faint|p2a: Bombirdier\n|-damage|p1a: Falinks|0 fnt|[from] item: Life Orb\n|faint|p1a: Falinks\n|\n|upkeep\n|inactive|Time left: 300 sec this turn | 300 sec total | 5 sec grace\n|\n|t:|1783543350\n|switch|p2a: Magearna|Magearna-Original, L77|250/250\n|switch|p1a: Ho-Oh|Ho-Oh, L71|100/100\n|turn|13\n|inactive|Time left: 300 sec this turn | 300 sec total\n|\n|t:|1783543350\n|switch|p2a: Umbreon|Umbreon, L84, F|297/297\n|move|p1a: Ho-Oh|Sacred Fire|p2a: Umbreon\n|-damage|p2a: Umbreon|219/297\n|-status|p2a: Umbreon|brn\n|-activate|p2a: Umbreon|ability: Synchronize\n|-immune|p1a: Ho-Oh\n|\n|-heal|p2a: Umbreon|237/297 brn|[from] item: Leftovers\n|-damage|p2a: Umbreon|219/297 brn|[from] brn\n|upkeep\n|turn|14\n|inactive|Time left: 300 sec this turn | 300 sec total\n|\n|t:|1783543351\n|move|p1a: Ho-Oh|Sacred Fire|p2a: Umbreon\n|-damage|p2a: Umbreon|143/297 brn\n|move|p2a: Umbreon|Wish|p2a: Umbreon\n|\n|-heal|p2a: Umbreon|161/297 brn|[from] item: Leftovers\n|-damage|p2a: Umbreon|143/297 brn|[from] brn\n|upkeep\n|turn|15\n|inactive|Time left: 300 sec this turn | 300 sec total\n|\n|t:|1783543352\n|move|p1a: Ho-Oh|Sacred Fire|p2a: Umbreon\n|-damage|p2a: Umbreon|53/297 brn\n|move|p2a: Umbreon|Toxic|p1a: Ho-Oh\n|-status|p1a: Ho-Oh|tox\n|\n|-heal|p2a: Umbreon|201/297 brn|[from] move: Wish|[wisher] Umbreon\n|-heal|p2a: Umbreon|219/297 brn|[from] item: Leftovers\n|-damage|p1a: Ho-Oh|95/100 tox|[from] psn\n|-damage|p2a: Umbreon|201/297 brn|[from] brn\n|upkeep\n|turn|16\n|inactive|Time left: 300 sec this turn | 300 sec total\n|\n|t:|1783543353\n|move|p1a: Ho-Oh|Brave Bird|p2a: Umbreon\n|-damage|p2a: Umbreon|105/297 brn\n|-damage|p1a: Ho-Oh|83/100 tox|[from] Recoil\n|move|p2a: Umbreon|Wish|p2a: Umbreon\n|\n|-heal|p2a: Umbreon|123/297 brn|[from] item: Leftovers\n|-damage|p1a: Ho-Oh|71/100 tox|[from] psn\n|-damage|p2a: Umbreon|105/297 brn|[from] brn\n|upkeep\n|turn|17\n|inactive|Time left: 300 sec this turn | 300 sec total\n|\n|t:|1783543354\n|switch|p1a: Conkeldurr|Conkeldurr, L80, F|68/100 brn\n|move|p2a: Umbreon|Foul Play|p1a: Conkeldurr\n|-resisted|p1a: Conkeldurr\n|-damage|p1a: Conkeldurr|58/100 brn\n|\n|-heal|p2a: Umbreon|253/297 brn|[from] move: Wish|[wisher] Umbreon\n|-heal|p2a: Umbreon|271/297 brn|[from] item: Leftovers\n|-damage|p2a: Umbreon|253/297 brn|[from] brn\n|-damage|p1a: Conkeldurr|52/100 brn|[from] brn\n|upkeep\n|turn|18\n|inactive|Time left: 300 sec this turn | 300 sec total\n|\n|t:|1783543355\n|move|p2a: Umbreon|Protect|p2a: Umbreon\n|-singleturn|p2a: Umbreon|Protect\n|move|p1a: Conkeldurr|Facade|p2a: Umbreon\n|-activate|p2a: Umbreon|move: Protect\n|\n|-heal|p2a: Umbreon|271/297 brn|[from] item: Leftovers\n|-damage|p2a: Umbreon|253/297 brn|[from] brn\n|-damage|p1a: Conkeldurr|46/100 brn|[from] brn\n|upkeep\n|turn|19\n|inactive|Time left: 300 sec this turn | 300 sec total\n|\n|t:|1783543356\n|switch|p2a: Magearna|Magearna-Original, L77|250/250\n|move|p1a: Conkeldurr|Close Combat|p2a: Magearna\n|-damage|p2a: Magearna|28/250\n|-unboost|p1a: Conkeldurr|def|1\n|-unboost|p1a: Conkeldurr|spd|1\n|\n|-damage|p1a: Conkeldurr|40/100 brn|[from] brn\n|upkeep\n|turn|20\n|inactive|Time left: 300 sec this turn | 300 sec total\n|\n|t:|1783543358\n|move|p1a: Conkeldurr|Mach Punch|p2a: Magearna\n|-crit|p2a: Magearna\n|-damage|p2a: Magearna|0 fnt\n|faint|p2a: Magearna\n|\n|-damage|p1a: Conkeldurr|34/100 brn|[from] brn\n|upkeep\n|inactive|Time left: 300 sec this turn | 300 sec total | 5 sec grace\n|\n|t:|1783543359\n|switch|p2a: Umbreon|Umbreon, L84, F|253/297 brn\n|turn|21\n|inactive|Time left: 300 sec this turn | 300 sec total\n|\n|t:|1783543360\n|move|p2a: Umbreon|Protect|p2a: Umbreon\n|-singleturn|p2a: Umbreon|Protect\n|move|p1a: Conkeldurr|Close Combat|p2a: Umbreon\n|-activate|p2a: Umbreon|move: Protect\n|\n|-heal|p2a: Umbreon|271/297 brn|[from] item: Leftovers\n|-damage|p2a: Umbreon|253/297 brn|[from] brn\n|-damage|p1a: Conkeldurr|28/100 brn|[from] brn\n|upkeep\n|turn|22\n|inactive|Time left: 300 sec this turn | 300 sec total\n|\n|t:|1783543361\n|move|p2a: Umbreon|Protect||[still]\n|-fail|p2a: Umbreon\n|move|p1a: Conkeldurr|Close Combat|p2a: Umbreon\n|-supereffective|p2a: Umbreon\n|-damage|p2a: Umbreon|0 fnt\n|-unboost|p1a: Conkeldurr|def|1\n|-unboost|p1a: Conkeldurr|spd|1\n|faint|p2a: Umbreon\n|\n|-damage|p1a: Conkeldurr|22/100 brn|[from] brn\n|upkeep\n|inactive|Time left: 300 sec this turn | 300 sec total | 5 sec grace\n|\n|t:|1783543362\n|switch|p2a: Bastiodon|Bastiodon, L89, M|252/252\n|turn|23\n|inactive|Time left: 300 sec this turn | 300 sec total\n|\n|t:|1783543363\n|-terastallize|p1a: Conkeldurr|Normal\n|move|p1a: Conkeldurr|Close Combat|p2a: Bastiodon\n|-supereffective|p2a: Bastiodon\n|-damage|p2a: Bastiodon|0 fnt\n|-unboost|p1a: Conkeldurr|def|1\n|-unboost|p1a: Conkeldurr|spd|1\n|faint|p2a: Bastiodon\n|\n|win|p0x362f53d", "uploadtime": 1783543363, "views": 0, "rating": 0, "private": 0, "password": null, "_winner": "p0x362f53d", "_our_name": "p0y362ddb8"}