{"id": "battle-gen9randombattle-79", "formatid": "gen9randombattle", "format": "[Gen 9] Random Battle", "players": ["p0x079a29f", "p0y079d66d"], "log": "|init|battle\n|title|p0x079a29f vs. p0y079d66d\n|j|\u2606p0x079a29f\n|j|\u2606p0y079d66d\n|t:|1783540103\n|gametype|singles\n|player|p1|p0x079a29f|2|\n|player|p2|p0y079d66d|265|\n|gen|9\n|tier|[Gen 9] Random Battle\n|rule|Species Clause: Limit one of each Pok\u00e9mon\n|rule|HP Percentage Mod: HP is shown in percentages\n|rule|Sleep Clause Mod: Limit one foe put to sleep\n|rule|Illusion Level Mod: Illusion disguises the Pok\u00e9mon's true level\n|\n|t:|1783540103\n|teamsize|p1|6\n|teamsize|p2|6\n|start\n|switch|p1a: Polteageist|Polteageist-Antique, L78|100/100\n|switch|p2a: Salazzle|Salazzle, L83, F|249/249\n|turn|1\n|inactive|Battle timer is ON: inactive players will automatically lose when time's up. (requested by p0y079d66d)\n|inactive|p0x079a29f also wants the timer to be on.\n|\n|t:|1783540104\n|switch|p2a: Sudowoodo|Sudowoodo, L94, F|284/284\n|move|p1a: Polteageist|Shell Smash|p1a: Polteageist\n|-unboost|p1a: Polteageist|def|1\n|-unboost|p1a: Polteageist|spd|1\n|-boost|p1a: Polteageist|atk|2\n|-boost|p1a: Polteageist|spa|2\n|-boost|p1a: Polteageist|spe|2\n|-enditem|p1a: Polteageist|White Herb\n|-clearnegativeboost|p1a: Polteageist|[silent]\n|\n|upkeep\n|turn|2\n|inactive|Time left: 300 sec this turn | 300 sec total\n|\n|t:|1783540105\n|-terastallize|p1a: Polteageist|Fighting\n|-terastallize|p2a: Sudowoodo|Grass\n|move|p1a: Polteageist|Tera Blast|p2a: Sudowoodo|[anim] Tera Blast Fighting\n|-damage|p2a: Sudowoodo|86/284\n|move|p2a: Sudowoodo|Wood Hammer|p1a: Polteageist\n|-damage|p1a: Polteageist|0 fnt\n|faint|p1a: Polteageist\n|\n|upkeep\n|\n|t:|1783540106\n|switch|p1a: Revavroom|Revavroom, L79, M|100/100\n|turn|3\n|inactive|Time left: 300 sec this turn | 300 sec total\n|\n|t:|1783540107\n|move|p1a: Revavroom|Shift Gear|p1a: Revavroom\n|-boost|p1a: Revavroom|spe|2\n|-boost|p1a: Revavroom|atk|1\n|move|p2a: Sudowoodo|Wood Hammer|p1a: Revavroom\n|-resisted|p1a: Revavroom\n|-damage|p1a: Revavroom|75/100\n|\n|upkeep\n|turn|4\n|inactive|Time left: 300 sec this turn | 300 sec total\n|\n|t:|1783540108\n|move|p1a: Revavroom|Gunk Shot|p2a: Sudowoodo\n|-supereffective|p2a: Sudowoodo\n|-damage|p2a: Sudowoodo|0 fnt\n|faint|p2a: Sudowoodo\n|-damage|p1a: Revavroom|65/100|[from] item: Life Orb\n|\n|upkeep\n|inactive|Time left: 300 sec this turn | 300 sec total | 5 sec grace\n|\n|t:|1783540109\n|switch|p2a: Cloyster|Cloyster, L80, F|211/211\n|turn|5\n|inactive|Time left: 300 sec this turn | 300 sec total\n|\n|t:|1783540111\n|move|p1a: Revavroom|Iron Head|p2a: Cloyster\n|-damage|p2a: Cloyster|112/211\n|-damage|p1a: Revavroom|55/100|[from] item: Life Orb\n|cant|p2a: Cloyster|flinch\n|\n|upkeep\n|turn|6\n|inactive|Time left: 300 sec this turn | 300 sec total\n|\n|t:|1783540112\n|move|p1a: Revavroom|Gunk Shot|p2a: Cloyster\n|-damage|p2a: Cloyster|0 fnt\n|faint|p2a: Cloyster\n|-damage|p1a: Revavroom|45/100|[from] item: Life Orb\n|\n|upkeep\n|inactive|Time left: 300 sec this turn | 300 sec total | 5 sec grace\n|\n|t:|1783540113\n|switch|p2a: Mabosstiff|Mabosstiff, L86, F|278/278\n|turn|7\n|inactive|Time left: 300 sec this turn | 300 sec total\n|\n|t:|1783540114\n|move|p1a: Revavroom|Iron Head|p2a: Mabosstiff\n|-damage|p2a: Mabosstiff|125/278\n|-damage|p1a: Revavroom|36/100|[from] item: Life Orb\n|move|p2a: Mabosstiff|Crunch|p1a: Revavroom\n|-damage|p1a: Revavroom|0 fnt\n|faint|p1a: Revavroom\n|\n|upkeep\n|\n|t:|1783540115\n|switch|p1a: Kleavor|Kleavor, L78, M|100/100\n|turn|8\n|inactive|Time left: 300 sec this turn | 300 sec total\n|\n|t:|1783540116\n|move|p2a: Mabosstiff|Crunch|p1a: Kleavor\n|-damage|p1a: Kleavor|55/100\n|move|p1a: Kleavor|U-turn|p2a: Mabosstiff\n|-supereffective|p2a: Mabosstiff\n|-damage|p2a: Mabosstiff|0 fnt\n|faint|p2a: Mabosstiff\n|\n|t:|1783540117\n|switch|p1a: Klawf|Klawf, L90, M|100/100|[from] U-turn\n|\n|upkeep\n|inactive|Time left: 300 sec this turn | 300 sec total | 10 sec grace\n|\n|t:|1783540118\n|switch|p2a: Cramorant|Cramorant, L86, M|261/261\n|turn|9\n|inactive|Time left: 300 sec this turn | 300 sec total\n|\n|t:|1783540119\n|move|p2a: Cramorant|Surf|p1a: Klawf\n|-formechange|p2a: Cramorant|Cramorant-Gulping|\n|-supereffective|p1a: Klawf\n|-damage|p1a: Klawf|14/100\n|-ability|p1a: Klawf|Anger Shell|boost\n|-boost|p1a: Klawf|atk|1\n|-boost|p1a: Klawf|spa|1\n|-boost|p1a: Klawf|spe|1\n|-unboost|p1a: Klawf|def|1\n|-unboost|p1a: Klawf|spd|1\n|move|p1a: Klawf|Stone Edge|p2a: Cramorant\n|-supereffective|p2a: Cramorant\n|-damage|p2a: Cramorant|0 fnt\n|-damage|p1a: Klawf|0 fnt|[from] ability: Gulp Missile|[of] p2a: Cramorant\n|-formechange|p2a: Cramorant|Cramorant|\n|faint|p2a: Cramorant\n|faint|p1a: Klawf\n|\n|upkeep\n|inactive|Time left: 300 sec this turn | 300 sec total | 5 sec grace\n|\n|t:|1783540120\n|switch|p2a: Skuntank|Skuntank, L84, F|310/310\n|switch|p1a: Kleavor|Kleavor, L78, M|55/100\n|turn|10\n|inactive|Time left: 300 sec this turn | 300 sec total\n|\n|t:|1783540121\n|move|p1a: Kleavor|Stone Axe|p2a: Skuntank\n|-damage|p2a: Skuntank|175/310\n|-sidestart|p2: p0y079d66d|move: Stealth Rock\n|move|p2a: Skuntank|Knock Off|p1a: Kleavor\n|-damage|p1a: Kleavor|14/100\n|-enditem|p1a: Kleavor|Choice Scarf|[from] move: Knock Off|[of] p2a: Skuntank\n|\n|upkeep\n|turn|11\n|inactive|Time left: 300 sec this turn | 300 sec total\n|\n|t:|1783540123\n|switch|p1a: Ursaring|Ursaring, L84, M|100/100\n|move|p2a: Skuntank|Knock Off|p1a: Ursaring\n|-damage|p1a: Ursaring|76/100\n|-enditem|p1a: Ursaring|Eviolite|[from] move: Knock Off|[of] p2a: Skuntank\n|\n|upkeep\n|turn|12\n|inactive|Time left: 300 sec this turn | 300 sec total\n|\n|t:|1783540124\n|move|p2a: Skuntank|Gunk Shot|p1a: Ursaring|[miss]\n|-miss|p2a: Skuntank|p1a: Ursaring\n|move|p1a: Ursaring|Body Slam|p2a: Skuntank\n|-damage|p2a: Skuntank|36/310\n|\n|upkeep\n|turn|13\n|inactive|Time left: 300 sec this turn | 300 sec total\n|\n|t:|1783540125\n|move|p2a: Skuntank|Gunk Shot|p1a: Ursaring\n|-damage|p1a: Ursaring|26/100\n|move|p1a: Ursaring|Rest|p1a: Ursaring\n|-status|p1a: Ursaring|slp|[from] move: Rest\n|-heal|p1a: Ursaring|100/100 slp|[silent]\n|\n|upkeep\n|turn|14\n|inactive|Time left: 300 sec this turn | 300 sec total\n|\n|t:|1783540126\n|move|p2a: Skuntank|Gunk Shot|p1a: Ursaring\n|-damage|p1a: Ursaring|48/100 slp\n|cant|p1a: Ursaring|slp\n|move|p1a: Ursaring|Sleep Talk|p1a: Ursaring\n|move|p1a: Ursaring|Body Slam|p2a: Skuntank|[from] move: Sleep Talk\n|-damage|p2a: Skuntank|0 fnt\n|-damage|p1a: Ursaring|23/100 slp|[from] ability: Aftermath|[of] p2a: Skuntank\n|faint|p2a: Skuntank\n|\n|upkeep\n|inactive|Time left: 300 sec this turn | 300 sec total | 5 sec grace\n|\n|t:|1783540127\n|switch|p2a: Salazzle|Salazzle, L83, F|249/249\n|-damage|p2a: Salazzle|187/249|[from] Stealth Rock\n|turn|15\n|inactive|Time left: 300 sec this turn | 300 sec total\n|\n|t:|1783540128\n|move|p2a: Salazzle|Substitute|p2a: Salazzle\n|-start|p2a: Salazzle|Substitute\n|-damage|p2a: Salazzle|125/249\n|cant|p1a: Ursaring|slp\n|move|p1a: Ursaring|Sleep Talk|p1a: Ursaring\n|move|p1a: Ursaring|Rest||[from] move: Sleep Talk|[still]\n|-fail|p1a: Ursaring\n|\n|-heal|p2a: Salazzle|140/249|[from] item: Leftovers\n|upkeep\n|turn|16\n|inactive|Time left: 300 sec this turn | 300 sec total\n|\n|t:|1783540129\n|move|p2a: Salazzle|Flamethrower|p1a: Ursaring\n|-damage|p1a: Ursaring|0 fnt\n|faint|p1a: Ursaring\n|\n|-heal|p2a: Salazzle|155/249|[from] item: Leftovers\n|upkeep\n|\n|t:|1783540130\n|switch|p1a: Frosmoth|Frosmoth, L82, F|100/100\n|turn|17\n|inactive|Time left: 300 sec this turn | 300 sec total\n|\n|t:|1783540131\n|move|p2a: Salazzle|Flamethrower|p1a: Frosmoth\n|-supereffective|p1a: Frosmoth\n|-crit|p1a: Frosmoth\n|-damage|p1a: Frosmoth|0 fnt\n|faint|p1a: Frosmoth\n|\n|-heal|p2a: Salazzle|170/249|[from] item: Leftovers\n|upkeep\n|\n|t:|1783540132\n|switch|p1a: Kleavor|Kleavor, L78, M|14/100\n|turn|18\n|inactive|Time left: 300 sec this turn | 300 sec total\n|\n|t:|1783540132\n|move|p2a: Salazzle|Toxic|p1a: Kleavor\n|-status|p1a: Kleavor|tox\n|move|p1a: Kleavor|U-turn|p2a: Salazzle\n|-resisted|p2a: Salazzle\n|-activate|p2a: Salazzle|move: Substitute|[damage]\n|\n|-heal|p2a: Salazzle|185/249|[from] item: Leftovers\n|-damage|p1a: Kleavor|8/100 tox|[from] psn\n|upkeep\n|turn|19\n|inactive|Time left: 300 sec this turn | 300 sec total\n|\n|t:|1783540133\n|move|p2a: Salazzle|Flamethrower|p1a: Kleavor\n|-damage|p1a: Kleavor|0 fnt\n|faint|p1a: Kleavor\n|\n|win|p0y079d66d", "uploadtime": 1783540133, "views": 0, "rating": 0, "private": 0, "password": null, "_winner": "p0y079d66d", "_our_name": "p0y079d66d"}