{"id": "battle-gen9randombattle-178", "formatid": "gen9randombattle", "format": "[Gen 9] Random Battle", "players": ["p0x178db49", "p0y1783cf4"], "log": "|init|battle\n|title|p0x178db49 vs. p0y1783cf4\n|j|\u2606p0x178db49\n|j|\u2606p0y1783cf4\n|t:|1783541170\n|gametype|singles\n|player|p1|p0x178db49|101|\n|player|p2|p0y1783cf4|2|\n|gen|9\n|tier|[Gen 9] Random Battle\n|rule|Species Clause: Limit one of each Pok\u00e9mon\n|rule|HP Percentage Mod: HP is shown in percentages\n|rule|Sleep Clause Mod: Limit one foe put to sleep\n|rule|Illusion Level Mod: Illusion disguises the Pok\u00e9mon's true level\n|\n|t:|1783541170\n|teamsize|p1|6\n|teamsize|p2|6\n|start\n|switch|p1a: Clodsire|Clodsire, L81, F|343/343\n|switch|p2a: Plusle|Plusle, L95, M|100/100\n|turn|1\n|inactive|Battle timer is ON: inactive players will automatically lose when time's up. (requested by p0y1783cf4)\n|inactive|Time left: 300 sec this turn | 300 sec total | 60 sec grace\n|inactive|p0x178db49 also wants the timer to be on.\n|\n|t:|1783541172\n|switch|p2a: Rampardos|Rampardos, L90, M|100/100\n|move|p1a: Clodsire|Poison Jab|p2a: Rampardos\n|-resisted|p2a: Rampardos\n|-damage|p2a: Rampardos|89/100\n|\n|upkeep\n|turn|2\n|inactive|Time left: 300 sec this turn | 300 sec total\n|\n|t:|1783541173\n|switch|p1a: Veluza|Veluza, L85, M|292/292\n|move|p2a: Rampardos|Earthquake|p1a: Veluza\n|-damage|p1a: Veluza|143/292\n|-enditem|p1a: Veluza|Sitrus Berry|[eat]\n|-heal|p1a: Veluza|216/292|[from] item: Sitrus Berry\n|\n|upkeep\n|turn|3\n|inactive|Time left: 300 sec this turn | 300 sec total\n|\n|t:|1783541174\n|move|p2a: Rampardos|Earthquake|p1a: Veluza\n|-damage|p1a: Veluza|84/292\n|move|p1a: Veluza|Aqua Cutter|p2a: Rampardos\n|-supereffective|p2a: Rampardos\n|-damage|p2a: Rampardos|0 fnt\n|faint|p2a: Rampardos\n|\n|upkeep\n|\n|t:|1783541175\n|switch|p2a: Iron Bundle|Iron Bundle, L78|100/100\n|turn|4\n|inactive|Time left: 300 sec this turn | 300 sec total\n|\n|t:|1783541177\n|switch|p1a: Fezandipiti|Fezandipiti, L82, M|278/278\n|move|p2a: Iron Bundle|Freeze-Dry|p1a: Fezandipiti\n|-damage|p1a: Fezandipiti|215/278\n|\n|-heal|p1a: Fezandipiti|232/278|[from] item: Leftovers\n|upkeep\n|turn|5\n|inactive|Time left: 300 sec this turn | 300 sec total\n|\n|t:|1783541178\n|move|p2a: Iron Bundle|Ice Beam|p1a: Fezandipiti\n|-crit|p1a: Fezandipiti\n|-damage|p1a: Fezandipiti|102/278\n|move|p1a: Fezandipiti|Moonblast|p2a: Iron Bundle\n|-damage|p2a: Iron Bundle|52/100\n|-status|p2a: Iron Bundle|tox|[from] ability: Toxic Chain|[of] p1a: Fezandipiti\n|\n|-heal|p1a: Fezandipiti|119/278|[from] item: Leftovers\n|-damage|p2a: Iron Bundle|46/100 tox|[from] psn\n|upkeep\n|turn|6\n|inactive|Time left: 300 sec this turn | 300 sec total\n|\n|t:|1783541179\n|move|p2a: Iron Bundle|Freeze-Dry|p1a: Fezandipiti\n|-damage|p1a: Fezandipiti|62/278\n|move|p1a: Fezandipiti|Roost|p1a: Fezandipiti\n|-heal|p1a: Fezandipiti|201/278\n|-singleturn|p1a: Fezandipiti|move: Roost\n|\n|-heal|p1a: Fezandipiti|218/278|[from] item: Leftovers\n|-damage|p2a: Iron Bundle|34/100 tox|[from] psn\n|upkeep\n|turn|7\n|inactive|Time left: 300 sec this turn | 300 sec total\n|\n|t:|1783541180\n|-end|p2a: Iron Bundle|Quark Drive|[silent]\n|switch|p2a: Solgaleo|Solgaleo, L74|100/100\n|move|p1a: Fezandipiti|Gunk Shot|p2a: Solgaleo\n|-immune|p2a: Solgaleo\n|\n|-heal|p1a: Fezandipiti|235/278|[from] item: Leftovers\n|upkeep\n|turn|8\n|inactive|Time left: 300 sec this turn | 300 sec total\n|\n|t:|1783541181\n|switch|p1a: Ceruledge|Ceruledge, L78, F|245/245\n|move|p2a: Solgaleo|Sunsteel Strike|p1a: Ceruledge\n|-resisted|p1a: Ceruledge\n|-damage|p1a: Ceruledge|182/245\n|-ability|p1a: Ceruledge|Weak Armor|boost\n|-unboost|p1a: Ceruledge|def|1\n|-boost|p1a: Ceruledge|spe|2\n|\n|upkeep\n|turn|9\n|inactive|Time left: 300 sec this turn | 300 sec total\n|\n|t:|1783541183\n|move|p1a: Ceruledge|Poltergeist|p2a: Solgaleo\n|-activate|p2a: Solgaleo|move: Poltergeist|Weakness Policy\n|-supereffective|p2a: Solgaleo\n|-crit|p2a: Solgaleo\n|-damage|p2a: Solgaleo|0 fnt\n|faint|p2a: Solgaleo\n|\n|upkeep\n|\n|t:|1783541184\n|switch|p2a: Decidueye|Decidueye, L88, M|100/100\n|turn|10\n|inactive|Time left: 300 sec this turn | 300 sec total\n|\n|t:|1783541185\n|-terastallize|p1a: Ceruledge|Fighting\n|move|p1a: Ceruledge|Poltergeist|p2a: Decidueye\n|-activate|p2a: Decidueye|move: Poltergeist|Heavy-Duty Boots\n|-supereffective|p2a: Decidueye\n|-damage|p2a: Decidueye|7/100\n|move|p2a: Decidueye|Spirit Shackle|p1a: Ceruledge\n|-damage|p1a: Ceruledge|2/245\n|-activate|p1a: Ceruledge|trapped\n|-ability|p1a: Ceruledge|Weak Armor|boost\n|-unboost|p1a: Ceruledge|def|1\n|-boost|p1a: Ceruledge|spe|2\n|\n|upkeep\n|turn|11\n|inactive|Time left: 300 sec this turn | 300 sec total\n|\n|t:|1783541186\n|move|p1a: Ceruledge|Bitter Blade|p2a: Decidueye\n|-supereffective|p2a: Decidueye\n|-damage|p2a: Decidueye|0 fnt\n|-heal|p1a: Ceruledge|11/245|[from] drain|[of] p2a: Decidueye\n|faint|p2a: Decidueye\n|\n|upkeep\n|\n|t:|1783541187\n|switch|p2a: Lapras|Lapras, L87, M|100/100\n|turn|12\n|inactive|Time left: 300 sec this turn | 300 sec total\n|\n|t:|1783541188\n|move|p1a: Ceruledge|Close Combat|p2a: Lapras\n|-supereffective|p2a: Lapras\n|-damage|p2a: Lapras|27/100\n|-unboost|p1a: Ceruledge|def|1\n|-unboost|p1a: Ceruledge|spd|1\n|move|p2a: Lapras|Sparkling Aria|p1a: Ceruledge\n|-damage|p1a: Ceruledge|0 fnt\n|faint|p1a: Ceruledge\n|\n|upkeep\n|inactive|Time left: 300 sec this turn | 300 sec total | 5 sec grace\n|\n|t:|1783541189\n|switch|p1a: Veluza|Veluza, L85, M|84/292\n|turn|13\n|inactive|Time left: 300 sec this turn | 300 sec total\n|\n|t:|1783541190\n|move|p1a: Veluza|Psycho Cut|p2a: Lapras\n|-damage|p2a: Lapras|0 fnt\n|faint|p2a: Lapras\n|\n|upkeep\n|\n|t:|1783541191\n|switch|p2a: Iron Bundle|Iron Bundle, L78|34/100 tox\n|turn|14\n|inactive|Time left: 300 sec this turn | 300 sec total\n|\n|t:|1783541192\n|switch|p1a: Fezandipiti|Fezandipiti, L82, M|235/278\n|move|p2a: Iron Bundle|Freeze-Dry|p1a: Fezandipiti\n|-damage|p1a: Fezandipiti|175/278\n|\n|-heal|p1a: Fezandipiti|192/278|[from] item: Leftovers\n|-damage|p2a: Iron Bundle|27/100 tox|[from] psn\n|upkeep\n|turn|15\n|inactive|Time left: 300 sec this turn | 300 sec total\n|\n|t:|1783541193\n|move|p2a: Iron Bundle|Freeze-Dry|p1a: Fezandipiti\n|-crit|p1a: Fezandipiti\n|-damage|p1a: Fezandipiti|96/278\n|move|p1a: Fezandipiti|Roost|p1a: Fezandipiti\n|-heal|p1a: Fezandipiti|235/278\n|-singleturn|p1a: Fezandipiti|move: Roost\n|\n|-heal|p1a: Fezandipiti|252/278|[from] item: Leftovers\n|-damage|p2a: Iron Bundle|15/100 tox|[from] psn\n|upkeep\n|turn|16\n|inactive|Time left: 300 sec this turn | 300 sec total\n|\n|t:|1783541194\n|move|p2a: Iron Bundle|Freeze-Dry|p1a: Fezandipiti\n|-damage|p1a: Fezandipiti|188/278\n|move|p1a: Fezandipiti|Roost|p1a: Fezandipiti\n|-heal|p1a: Fezandipiti|278/278\n|-singleturn|p1a: Fezandipiti|move: Roost\n|\n|-damage|p2a: Iron Bundle|0 fnt|[from] psn\n|faint|p2a: Iron Bundle\n|-end|p2a: Iron Bundle|Quark Drive|[silent]\n|upkeep\n|\n|t:|1783541194\n|switch|p2a: Plusle|Plusle, L95, M|100/100\n|turn|17\n|inactive|Time left: 300 sec this turn | 300 sec total\n|\n|t:|1783541195\n|move|p2a: Plusle|Encore|p1a: Fezandipiti\n|-start|p1a: Fezandipiti|Encore\n|move|p1a: Fezandipiti|Roost||[still]\n|-fail|p1a: Fezandipiti|heal\n|\n|upkeep\n|turn|18\n|inactive|Time left: 300 sec this turn | 300 sec total\n|\n|t:|1783541196\n|switch|p1a: Clodsire|Clodsire, L81, F|343/343\n|-terastallize|p2a: Plusle|Electric\n|move|p2a: Plusle|Thunderbolt|p1a: Clodsire\n|-immune|p1a: Clodsire\n|\n|upkeep\n|turn|19\n|inactive|Time left: 300 sec this turn | 300 sec total\n|\n|t:|1783541197\n|move|p2a: Plusle|Nasty Plot|p2a: Plusle\n|-boost|p2a: Plusle|spa|2\n|move|p1a: Clodsire|Earthquake|p2a: Plusle\n|-supereffective|p2a: Plusle\n|-damage|p2a: Plusle|3/100\n|\n|upkeep\n|turn|20\n|inactive|Time left: 300 sec this turn | 300 sec total\n|\n|t:|1783541198\n|move|p2a: Plusle|Nasty Plot|p2a: Plusle\n|-boost|p2a: Plusle|spa|2\n|move|p1a: Clodsire|Poison Jab|p2a: Plusle\n|-damage|p2a: Plusle|0 fnt\n|faint|p2a: Plusle\n|\n|win|p0x178db49", "uploadtime": 1783541198, "views": 0, "rating": 0, "private": 0, "password": null, "_winner": "p0x178db49", "_our_name": "p0x178db49"}