{"id": "battle-gen9randombattle-2979", "formatid": "gen9randombattle", "format": "[Gen 9] Random Battle", "players": ["p0x29798e0e", "p0y2979ea07"], "log": "|init|battle\n|title|p0x29798e0e vs. p0y2979ea07\n|j|\u2606p0x29798e0e\n|j|\u2606p0y2979ea07\n|t:|1783574298\n|gametype|singles\n|player|p1|p0x29798e0e|101|\n|player|p2|p0y2979ea07|2|\n|gen|9\n|tier|[Gen 9] Random Battle\n|rule|Species Clause: Limit one of each Pok\u00e9mon\n|rule|HP Percentage Mod: HP is shown in percentages\n|rule|Sleep Clause Mod: Limit one foe put to sleep\n|rule|Illusion Level Mod: Illusion disguises the Pok\u00e9mon's true level\n|\n|t:|1783574298\n|teamsize|p1|6\n|teamsize|p2|6\n|start\n|switch|p1a: Brambleghast|Brambleghast, L88, F|100/100\n|switch|p2a: Iron Treads|Iron Treads, L77|265/265\n|turn|1\n|inactive|Battle timer is ON: inactive players will automatically lose when time's up. (requested by p0x29798e0e)\n|inactive|Time left: 300 sec this turn | 300 sec total | 60 sec grace\n|\n|t:|1783574299\n|-end|p2a: Iron Treads|Quark Drive|[silent]\n|switch|p2a: Avalugg|Avalugg-Hisui, L90, M|317/317\n|move|p1a: Brambleghast|Power Whip|p2a: Avalugg\n|-supereffective|p2a: Avalugg\n|-damage|p2a: Avalugg|143/317\n|\n|upkeep\n|turn|2\n|inactive|Time left: 300 sec this turn | 300 sec total\n|inactive|p0y2979ea07 also wants the timer to be on.\n|\n|t:|1783574300\n|-terastallize|p2a: Avalugg|Poison\n|move|p1a: Brambleghast|Power Whip|p2a: Avalugg\n|-resisted|p2a: Avalugg\n|-damage|p2a: Avalugg|104/317\n|move|p2a: Avalugg|Avalanche|p1a: Brambleghast\n|-supereffective|p1a: Brambleghast\n|-damage|p1a: Brambleghast|0 fnt\n|faint|p1a: Brambleghast\n|\n|upkeep\n|\n|t:|1783574301\n|switch|p1a: Typhlosion|Typhlosion, L84, M|100/100\n|turn|3\n|inactive|Time left: 300 sec this turn | 300 sec total\n|\n|t:|1783574302\n|switch|p2a: Manaphy|Manaphy, L78|284/284\n|move|p1a: Typhlosion|Eruption|p2a: Manaphy\n|-resisted|p2a: Manaphy\n|-damage|p2a: Manaphy|203/284\n|\n|-heal|p2a: Manaphy|220/284|[from] item: Leftovers\n|upkeep\n|turn|4\n|inactive|Time left: 300 sec this turn | 300 sec total\n|\n|t:|1783574303\n|move|p1a: Typhlosion|Eruption|p2a: Manaphy\n|-resisted|p2a: Manaphy\n|-damage|p2a: Manaphy|130/284\n|move|p2a: Manaphy|Surf|p1a: Typhlosion\n|-supereffective|p1a: Typhlosion\n|-damage|p1a: Typhlosion|35/100\n|\n|-heal|p2a: Manaphy|147/284|[from] item: Leftovers\n|upkeep\n|turn|5\n|inactive|Time left: 300 sec this turn | 300 sec total\n|\n|t:|1783574304\n|switch|p1a: Conkeldurr|Conkeldurr, L80, F|100/100\n|move|p2a: Manaphy|Tail Glow|p2a: Manaphy\n|-boost|p2a: Manaphy|spa|3\n|\n|-heal|p2a: Manaphy|164/284|[from] item: Leftovers\n|-status|p1a: Conkeldurr|brn|[from] item: Flame Orb\n|upkeep\n|turn|6\n|inactive|Time left: 300 sec this turn | 300 sec total\n|\n|t:|1783574305\n|move|p2a: Manaphy|Surf|p1a: Conkeldurr\n|-damage|p1a: Conkeldurr|10/100 brn\n|move|p1a: Conkeldurr|Facade|p2a: Manaphy\n|-damage|p2a: Manaphy|0 fnt\n|faint|p2a: Manaphy\n|\n|-damage|p1a: Conkeldurr|4/100 brn|[from] brn\n|upkeep\n|inactive|Time left: 300 sec this turn | 300 sec total | 5 sec grace\n|\n|t:|1783574306\n|switch|p2a: Avalugg|Avalugg-Hisui, L90, M, tera:Poison|104/317\n|turn|7\n|inactive|Time left: 300 sec this turn | 300 sec total\n|\n|t:|1783574307\n|switch|p1a: Hydreigon|Hydreigon, L79, F|100/100\n|move|p2a: Avalugg|Recover|p2a: Avalugg\n|-heal|p2a: Avalugg|263/317\n|\n|upkeep\n|turn|8\n|inactive|Time left: 300 sec this turn | 300 sec total\n|\n|t:|1783574308\n|move|p1a: Hydreigon|Draco Meteor|p2a: Avalugg\n|-damage|p2a: Avalugg|0 fnt\n|-unboost|p1a: Hydreigon|spa|2\n|faint|p2a: Avalugg\n|\n|upkeep\n|inactive|Time left: 300 sec this turn | 300 sec total | 5 sec grace\n|\n|t:|1783574309\n|switch|p2a: Okidogi|Okidogi, L77, M|262/262\n|turn|9\n|inactive|Time left: 300 sec this turn | 300 sec total\n|\n|t:|1783574310\n|switch|p1a: Cloyster|Cloyster, L80, F|100/100\n|move|p2a: Okidogi|Drain Punch|p1a: Cloyster\n|-supereffective|p1a: Cloyster\n|-damage|p1a: Cloyster|51/100\n|-status|p1a: Cloyster|tox|[from] ability: Toxic Chain|[of] p2a: Okidogi\n|\n|-damage|p1a: Cloyster|45/100 tox|[from] psn\n|upkeep\n|turn|10\n|inactive|Time left: 300 sec this turn | 300 sec total\n|\n|t:|1783574311\n|move|p2a: Okidogi|Drain Punch|p1a: Cloyster\n|-supereffective|p1a: Cloyster\n|-damage|p1a: Cloyster|0 fnt\n|faint|p1a: Cloyster\n|\n|upkeep\n|\n|t:|1783574312\n|switch|p1a: Komala|Komala, L87, M|100/100\n|-ability|p1a: Komala|Comatose\n|turn|11\n|inactive|Time left: 300 sec this turn | 300 sec total\n|\n|t:|1783574312\n|move|p2a: Okidogi|Drain Punch|p1a: Komala\n|-supereffective|p1a: Komala\n|-damage|p1a: Komala|20/100\n|move|p1a: Komala|Rapid Spin|p2a: Okidogi\n|-damage|p2a: Okidogi|204/262\n|-boost|p1a: Komala|spe|1\n|\n|upkeep\n|turn|12\n|inactive|Time left: 300 sec this turn | 300 sec total\n|\n|t:|1783574314\n|move|p1a: Komala|Earthquake|p2a: Okidogi\n|-supereffective|p2a: Okidogi\n|-damage|p2a: Okidogi|58/262\n|move|p2a: Okidogi|High Horsepower|p1a: Komala\n|-damage|p1a: Komala|0 fnt\n|faint|p1a: Komala\n|\n|upkeep\n|\n|t:|1783574315\n|switch|p1a: Typhlosion|Typhlosion, L84, M|35/100\n|turn|13\n|inactive|Time left: 300 sec this turn | 300 sec total\n|\n|t:|1783574316\n|switch|p2a: Comfey|Comfey, L85, F|225/225\n|move|p1a: Typhlosion|Fire Blast|p2a: Comfey\n|-damage|p2a: Comfey|120/225\n|\n|-heal|p2a: Comfey|134/225|[from] item: Leftovers\n|upkeep\n|turn|14\n|inactive|Time left: 300 sec this turn | 300 sec total\n|\n|t:|1783574316\n|move|p2a: Comfey|Synthesis|p2a: Comfey\n|-heal|p2a: Comfey|225/225\n|move|p1a: Typhlosion|Fire Blast|p2a: Comfey\n|-damage|p2a: Comfey|116/225\n|\n|-heal|p2a: Comfey|130/225|[from] item: Leftovers\n|upkeep\n|turn|15\n|inactive|Time left: 300 sec this turn | 300 sec total\n|\n|t:|1783574318\n|move|p1a: Typhlosion|Fire Blast|p2a: Comfey\n|-damage|p2a: Comfey|22/225\n|move|p2a: Comfey|Calm Mind|p2a: Comfey\n|-boost|p2a: Comfey|spa|1\n|-boost|p2a: Comfey|spd|1\n|\n|-heal|p2a: Comfey|36/225|[from] item: Leftovers\n|upkeep\n|turn|16\n|inactive|Time left: 300 sec this turn | 300 sec total\n|\n|t:|1783574318\n|move|p2a: Comfey|Synthesis|p2a: Comfey\n|-heal|p2a: Comfey|148/225\n|move|p1a: Typhlosion|Fire Blast|p2a: Comfey\n|-damage|p2a: Comfey|73/225\n|-status|p2a: Comfey|brn\n|\n|-heal|p2a: Comfey|87/225 brn|[from] item: Leftovers\n|-damage|p2a: Comfey|73/225 brn|[from] brn\n|upkeep\n|turn|17\n|inactive|Time left: 300 sec this turn | 300 sec total\n|\n|t:|1783574319\n|move|p2a: Comfey|Synthesis|p2a: Comfey\n|-heal|p2a: Comfey|185/225 brn\n|move|p1a: Typhlosion|Fire Blast|p2a: Comfey\n|-damage|p2a: Comfey|116/225 brn\n|\n|-heal|p2a: Comfey|130/225 brn|[from] item: Leftovers\n|-damage|p2a: Comfey|116/225 brn|[from] brn\n|upkeep\n|turn|18\n|inactive|Time left: 300 sec this turn | 300 sec total\n|\n|t:|1783574320\n|move|p1a: Typhlosion|Fire Blast|p2a: Comfey\n|-damage|p2a: Comfey|41/225 brn\n|move|p2a: Comfey|Tera Blast|p1a: Typhlosion\n|-damage|p1a: Typhlosion|5/100\n|\n|-heal|p2a: Comfey|55/225 brn|[from] item: Leftovers\n|-damage|p2a: Comfey|41/225 brn|[from] brn\n|upkeep\n|turn|19\n|inactive|Time left: 300 sec this turn | 300 sec total\n|\n|t:|1783574321\n|move|p2a: Comfey|Draining Kiss|p1a: Typhlosion\n|-resisted|p1a: Typhlosion\n|-damage|p1a: Typhlosion|0 fnt\n|-heal|p2a: Comfey|51/225 brn|[from] drain|[of] p1a: Typhlosion\n|faint|p1a: Typhlosion\n|\n|-heal|p2a: Comfey|65/225 brn|[from] item: Leftovers\n|-damage|p2a: Comfey|51/225 brn|[from] brn\n|upkeep\n|\n|t:|1783574322\n|switch|p1a: Hydreigon|Hydreigon, L79, F|100/100\n|turn|20\n|inactive|Time left: 300 sec this turn | 300 sec total\n|\n|t:|1783574323\n|-terastallize|p1a: Hydreigon|Steel\n|move|p2a: Comfey|Draining Kiss|p1a: Hydreigon\n|-resisted|p1a: Hydreigon\n|-damage|p1a: Hydreigon|86/100\n|-heal|p2a: Comfey|81/225 brn|[from] drain|[of] p1a: Hydreigon\n|move|p1a: Hydreigon|Flash Cannon|p2a: Comfey\n|-supereffective|p2a: Comfey\n|-damage|p2a: Comfey|0 fnt\n|faint|p2a: Comfey\n|\n|upkeep\n|inactive|Time left: 300 sec this turn | 300 sec total | 5 sec grace\n|\n|t:|1783574324\n|switch|p2a: Houndstone|Houndstone, L86, M|264/264\n|turn|21\n|inactive|Time left: 300 sec this turn | 300 sec total\n|\n|t:|1783574324\n|switch|p1a: Conkeldurr|Conkeldurr, L80, F|4/100 brn\n|move|p2a: Houndstone|Poltergeist|p1a: Conkeldurr\n|-activate|p1a: Conkeldurr|move: Poltergeist|Flame Orb\n|-damage|p1a: Conkeldurr|0 fnt\n|faint|p1a: Conkeldurr\n|\n|upkeep\n|\n|t:|1783574325\n|switch|p1a: Hydreigon|Hydreigon, L79, F, tera:Steel|86/100\n|turn|22\n|inactive|Time left: 300 sec this turn | 300 sec total\n|\n|t:|1783574326\n|move|p1a: Hydreigon|Dark Pulse|p2a: Houndstone\n|-supereffective|p2a: Houndstone\n|-crit|p2a: Houndstone\n|-damage|p2a: Houndstone|0 fnt\n|faint|p2a: Houndstone\n|\n|upkeep\n|inactive|Time left: 300 sec this turn | 300 sec total | 5 sec grace\n|\n|t:|1783574327\n|switch|p2a: Okidogi|Okidogi, L77, M|58/262\n|turn|23\n|inactive|Time left: 300 sec this turn | 300 sec total\n|\n|t:|1783574327\n|move|p1a: Hydreigon|Dark Pulse|p2a: Okidogi\n|-resisted|p2a: Okidogi\n|-damage|p2a: Okidogi|7/262\n|move|p2a: Okidogi|Drain Punch|p1a: Hydreigon\n|-supereffective|p1a: Hydreigon\n|-damage|p1a: Hydreigon|18/100\n|-heal|p2a: Okidogi|100/262|[from] drain|[of] p1a: Hydreigon\n|\n|upkeep\n|turn|24\n|inactive|Time left: 300 sec this turn | 300 sec total\n|\n|t:|1783574328\n|move|p1a: Hydreigon|Dark Pulse|p2a: Okidogi\n|-resisted|p2a: Okidogi\n|-damage|p2a: Okidogi|49/262\n|move|p2a: Okidogi|Knock Off|p1a: Hydreigon\n|-damage|p1a: Hydreigon|0 fnt\n|-enditem|p1a: Hydreigon|Choice Specs|[from] move: Knock Off|[of] p2a: Okidogi\n|faint|p1a: Hydreigon\n|\n|win|p0y2979ea07", "uploadtime": 1783574328, "views": 0, "rating": 0, "private": 0, "password": null, "_winner": "p0y2979ea07", "_our_name": "p0y2979ea07"}