{"id": "battle-gen9randombattle-1451", "formatid": "gen9randombattle", "format": "[Gen 9] Random Battle", "players": ["p0x1451c55e", "p0y1451732b"], "log": "|init|battle\n|title|p0x1451c55e vs. p0y1451732b\n|j|\u2606p0x1451c55e\n|j|\u2606p0y1451732b\n|t:|1783556904\n|gametype|singles\n|player|p1|p0x1451c55e|2|\n|player|p2|p0y1451732b|102|\n|gen|9\n|tier|[Gen 9] Random Battle\n|rule|Species Clause: Limit one of each Pok\u00e9mon\n|rule|HP Percentage Mod: HP is shown in percentages\n|rule|Sleep Clause Mod: Limit one foe put to sleep\n|rule|Illusion Level Mod: Illusion disguises the Pok\u00e9mon's true level\n|\n|t:|1783556904\n|teamsize|p1|6\n|teamsize|p2|6\n|start\n|switch|p1a: Hippowdon|Hippowdon, L82, M|311/311\n|switch|p2a: Kommo-o|Kommo-o, L77, F|100/100\n|-weather|Sandstorm|[from] ability: Sand Stream|[of] p1a: Hippowdon\n|turn|1\n|inactive|Battle timer is ON: inactive players will automatically lose when time's up. (requested by p0x1451c55e)\n|inactive|p0y1451732b also wants the timer to be on.\n|\n|t:|1783556906\n|move|p2a: Kommo-o|Clangorous Soul|p2a: Kommo-o\n|-boost|p2a: Kommo-o|atk|1\n|-boost|p2a: Kommo-o|def|1\n|-boost|p2a: Kommo-o|spa|1\n|-boost|p2a: Kommo-o|spd|1\n|-boost|p2a: Kommo-o|spe|1\n|-damage|p2a: Kommo-o|68/100\n|-enditem|p2a: Kommo-o|Throat Spray\n|-boost|p2a: Kommo-o|spa|1|[from] item: Throat Spray\n|move|p1a: Hippowdon|Earthquake|p2a: Kommo-o\n|-damage|p2a: Kommo-o|41/100\n|\n|-weather|Sandstorm|[upkeep]\n|-damage|p2a: Kommo-o|34/100|[from] Sandstorm\n|upkeep\n|turn|2\n|inactive|Time left: 300 sec this turn | 300 sec total\n|\n|t:|1783556907\n|move|p2a: Kommo-o|Drain Punch|p1a: Hippowdon\n|-damage|p1a: Hippowdon|215/311\n|-heal|p2a: Kommo-o|54/100|[from] drain|[of] p1a: Hippowdon\n|move|p1a: Hippowdon|Earthquake|p2a: Kommo-o\n|-damage|p2a: Kommo-o|28/100\n|\n|-weather|Sandstorm|[upkeep]\n|-damage|p2a: Kommo-o|22/100|[from] Sandstorm\n|-heal|p1a: Hippowdon|234/311|[from] item: Leftovers\n|upkeep\n|turn|3\n|inactive|Time left: 300 sec this turn | 300 sec total\n|\n|t:|1783556908\n|move|p2a: Kommo-o|Drain Punch|p1a: Hippowdon\n|-damage|p1a: Hippowdon|141/311\n|-heal|p2a: Kommo-o|41/100|[from] drain|[of] p1a: Hippowdon\n|move|p1a: Hippowdon|Earthquake|p2a: Kommo-o\n|-damage|p2a: Kommo-o|17/100\n|\n|-weather|Sandstorm|[upkeep]\n|-damage|p2a: Kommo-o|11/100|[from] Sandstorm\n|-heal|p1a: Hippowdon|160/311|[from] item: Leftovers\n|upkeep\n|turn|4\n|inactive|Time left: 300 sec this turn | 300 sec total\n|\n|t:|1783556909\n|move|p2a: Kommo-o|Clanging Scales|p1a: Hippowdon\n|-damage|p1a: Hippowdon|0 fnt\n|faint|p1a: Hippowdon\n|-unboost|p2a: Kommo-o|def|1\n|\n|-weather|Sandstorm|[upkeep]\n|-damage|p2a: Kommo-o|5/100|[from] Sandstorm\n|upkeep\n|inactive|Time left: 300 sec this turn | 300 sec total | 5 sec grace\n|\n|t:|1783556910\n|switch|p1a: Drifblim|Drifblim, L86, F|396/396\n|turn|5\n|inactive|Time left: 300 sec this turn | 300 sec total\n|\n|t:|1783556911\n|move|p2a: Kommo-o|Clanging Scales|p1a: Drifblim\n|-damage|p1a: Drifblim|134/396\n|-enditem|p1a: Drifblim|Sitrus Berry|[eat]\n|-heal|p1a: Drifblim|233/396|[from] item: Sitrus Berry\n|-unboost|p2a: Kommo-o|def|1\n|move|p1a: Drifblim|Air Slash|p2a: Kommo-o\n|-supereffective|p2a: Kommo-o\n|-damage|p2a: Kommo-o|0 fnt\n|faint|p2a: Kommo-o\n|\n|-weather|none\n|upkeep\n|\n|t:|1783556912\n|switch|p2a: Eiscue|Eiscue, L88, M|100/100\n|turn|6\n|inactive|Time left: 300 sec this turn | 300 sec total\n|\n|t:|1783556913\n|move|p1a: Drifblim|Strength Sap|p2a: Eiscue\n|-unboost|p2a: Eiscue|atk|1\n|-heal|p1a: Drifblim|396/396\n|move|p2a: Eiscue|Belly Drum|p2a: Eiscue\n|-damage|p2a: Eiscue|50/100\n|-setboost|p2a: Eiscue|atk|6|[from] move: Belly Drum\n|-enditem|p2a: Eiscue|Sitrus Berry|[eat]\n|-heal|p2a: Eiscue|75/100|[from] item: Sitrus Berry\n|\n|upkeep\n|turn|7\n|inactive|Time left: 300 sec this turn | 300 sec total\n|\n|t:|1783556914\n|switch|p1a: Magnezone|Magnezone, L85|258/258\n|move|p2a: Eiscue|Ice Spinner|p1a: Magnezone\n|-resisted|p1a: Magnezone\n|-damage|p1a: Magnezone|127/258\n|\n|upkeep\n|turn|8\n|inactive|Time left: 300 sec this turn | 300 sec total\n|\n|t:|1783556915\n|move|p1a: Magnezone|Flash Cannon|p2a: Eiscue\n|-supereffective|p2a: Eiscue\n|-damage|p2a: Eiscue|0 fnt\n|faint|p2a: Eiscue\n|\n|upkeep\n|\n|t:|1783556916\n|switch|p2a: Blaziken|Blaziken, L76, F|100/100\n|turn|9\n|inactive|Time left: 300 sec this turn | 300 sec total\n|\n|t:|1783556917\n|-terastallize|p1a: Magnezone|Flying\n|move|p2a: Blaziken|Swords Dance|p2a: Blaziken\n|-boost|p2a: Blaziken|atk|2\n|move|p1a: Magnezone|Discharge|p2a: Blaziken\n|-damage|p2a: Blaziken|18/100\n|-status|p2a: Blaziken|par\n|\n|-ability|p2a: Blaziken|Speed Boost|boost\n|-boost|p2a: Blaziken|spe|1\n|upkeep\n|turn|10\n|inactive|Time left: 300 sec this turn | 300 sec total\n|\n|t:|1783556918\n|move|p1a: Magnezone|Discharge|p2a: Blaziken\n|-damage|p2a: Blaziken|0 fnt\n|faint|p2a: Blaziken\n|\n|upkeep\n|\n|t:|1783556919\n|switch|p2a: Ariados|Ariados, L95, M|100/100\n|turn|11\n|inactive|Time left: 300 sec this turn | 300 sec total\n|\n|t:|1783556920\n|move|p1a: Magnezone|Discharge|p2a: Ariados\n|-damage|p2a: Ariados|59/100\n|move|p2a: Ariados|Poison Jab|p1a: Magnezone\n|-damage|p1a: Magnezone|36/258\n|\n|upkeep\n|turn|12\n|inactive|Time left: 300 sec this turn | 300 sec total\n|\n|t:|1783556921\n|move|p1a: Magnezone|Discharge|p2a: Ariados\n|-damage|p2a: Ariados|14/100\n|move|p2a: Ariados|Sticky Web|p1a: Magnezone\n|-sidestart|p1: p0x1451c55e|move: Sticky Web\n|\n|upkeep\n|turn|13\n|inactive|Time left: 300 sec this turn | 300 sec total\n|\n|t:|1783556922\n|move|p1a: Magnezone|Flash Cannon|p2a: Ariados\n|-damage|p2a: Ariados|0 fnt\n|faint|p2a: Ariados\n|\n|upkeep\n|\n|t:|1783556923\n|switch|p2a: Stantler|Stantler, L92, F|100/100\n|turn|14\n|inactive|Time left: 300 sec this turn | 300 sec total\n|\n|t:|1783556924\n|move|p2a: Stantler|Dark Pulse|p1a: Magnezone\n|-damage|p1a: Magnezone|0 fnt\n|faint|p1a: Magnezone\n|-damage|p2a: Stantler|91/100|[from] item: Life Orb\n|\n|upkeep\n|inactive|Time left: 300 sec this turn | 300 sec total | 5 sec grace\n|\n|t:|1783556925\n|switch|p1a: Cetitan|Cetitan, L82, F|413/413\n|-activate|p1a: Cetitan|move: Sticky Web\n|-unboost|p1a: Cetitan|spe|1\n|turn|15\n|inactive|Time left: 300 sec this turn | 300 sec total\n|\n|t:|1783556926\n|move|p2a: Stantler|Nasty Plot|p2a: Stantler\n|-boost|p2a: Stantler|spa|2\n|move|p1a: Cetitan|Icicle Crash|p2a: Stantler\n|-damage|p2a: Stantler|4/100\n|replace|p2a: Zoroark|Zoroark, L83, M\n|-end|p2a: Zoroark|Illusion\n|-hint|Illusion Level Mod is active, so this Pok\u00e9mon's true level was hidden.\n|\n|upkeep\n|turn|16\n|inactive|Time left: 300 sec this turn | 300 sec total\n|\n|t:|1783556927\n|move|p1a: Cetitan|Ice Shard|p2a: Zoroark\n|-damage|p2a: Zoroark|0 fnt\n|faint|p2a: Zoroark\n|-damage|p1a: Cetitan|372/413|[from] item: Life Orb\n|\n|upkeep\n|\n|t:|1783556928\n|switch|p2a: Stantler|Stantler, L92, F|100/100\n|-ability|p2a: Stantler|Intimidate|boost\n|-unboost|p1a: Cetitan|atk|1\n|turn|17\n|inactive|Time left: 300 sec this turn | 300 sec total\n|\n|t:|1783556929\n|move|p2a: Stantler|Calm Mind|p2a: Stantler\n|-boost|p2a: Stantler|spa|1\n|-boost|p2a: Stantler|spd|1\n|move|p1a: Cetitan|Superpower|p2a: Stantler\n|-supereffective|p2a: Stantler\n|-damage|p2a: Stantler|56/100\n|-unboost|p1a: Cetitan|atk|1\n|-unboost|p1a: Cetitan|def|1\n|-damage|p1a: Cetitan|331/413|[from] item: Life Orb\n|\n|upkeep\n|turn|18\n|inactive|Time left: 300 sec this turn | 300 sec total\n|\n|t:|1783556930\n|move|p2a: Stantler|Calm Mind|p2a: Stantler\n|-boost|p2a: Stantler|spa|1\n|-boost|p2a: Stantler|spd|1\n|move|p1a: Cetitan|Superpower|p2a: Stantler\n|-supereffective|p2a: Stantler\n|-damage|p2a: Stantler|20/100\n|-unboost|p1a: Cetitan|atk|1\n|-unboost|p1a: Cetitan|def|1\n|-damage|p1a: Cetitan|290/413|[from] item: Life Orb\n|\n|upkeep\n|turn|19\n|inactive|Time left: 300 sec this turn | 300 sec total\n|\n|t:|1783556931\n|-terastallize|p2a: Stantler|Fairy\n|move|p2a: Stantler|Shadow Ball|p1a: Cetitan\n|-damage|p1a: Cetitan|111/413\n|move|p1a: Cetitan|Superpower|p2a: Stantler\n|-resisted|p2a: Stantler\n|-damage|p2a: Stantler|13/100\n|-unboost|p1a: Cetitan|atk|1\n|-unboost|p1a: Cetitan|def|1\n|-damage|p1a: Cetitan|70/413|[from] item: Life Orb\n|\n|upkeep\n|turn|20\n|inactive|Time left: 300 sec this turn | 300 sec total\n|\n|t:|1783556932\n|move|p2a: Stantler|Calm Mind|p2a: Stantler\n|-boost|p2a: Stantler|spa|1\n|-boost|p2a: Stantler|spd|1\n|move|p1a: Cetitan|Liquidation|p2a: Stantler\n|-damage|p2a: Stantler|3/100\n|\n|upkeep\n|turn|21\n|inactive|Time left: 300 sec this turn | 300 sec total\n|\n|t:|1783556933\n|move|p1a: Cetitan|Ice Shard|p2a: Stantler\n|-damage|p2a: Stantler|0 fnt\n|faint|p2a: Stantler\n|-damage|p1a: Cetitan|29/413|[from] item: Life Orb\n|\n|win|p0x1451c55e", "uploadtime": 1783556933, "views": 0, "rating": 0, "private": 0, "password": null, "_winner": "p0x1451c55e", "_our_name": "p0x1451c55e"}