{"id": "battle-gen9randombattle-2638", "formatid": "gen9randombattle", "format": "[Gen 9] Random Battle", "players": ["p0x26381b2d", "p0y26380380"], "log": "|init|battle\n|title|p0x26381b2d vs. p0y26380380\n|j|\u2606p0x26381b2d\n|j|\u2606p0y26380380\n|t:|1783569456\n|gametype|singles\n|player|p1|p0x26381b2d|266|\n|player|p2|p0y26380380|170|\n|gen|9\n|tier|[Gen 9] Random Battle\n|rule|Species Clause: Limit one of each Pok\u00e9mon\n|rule|HP Percentage Mod: HP is shown in percentages\n|rule|Sleep Clause Mod: Limit one foe put to sleep\n|rule|Illusion Level Mod: Illusion disguises the Pok\u00e9mon's true level\n|\n|t:|1783569456\n|teamsize|p1|6\n|teamsize|p2|6\n|start\n|switch|p1a: Raikou|Raikou, L81|100/100\n|switch|p2a: Scrafty|Scrafty, L83, F|244/244\n|-ability|p1a: Raikou|Pressure\n|turn|1\n|inactive|Battle timer is ON: inactive players will automatically lose when time's up. (requested by p0x26381b2d)\n|inactive|Time left: 300 sec this turn | 300 sec total | 60 sec grace\n|inactive|p0y26380380 also wants the timer to be on.\n|\n|t:|1783569458\n|move|p1a: Raikou|Calm Mind|p1a: Raikou\n|-boost|p1a: Raikou|spa|1\n|-boost|p1a: Raikou|spd|1\n|move|p2a: Scrafty|Knock Off|p1a: Raikou\n|-damage|p1a: Raikou|57/100\n|-enditem|p1a: Raikou|Heavy-Duty Boots|[from] move: Knock Off|[of] p2a: Scrafty\n|\n|upkeep\n|turn|2\n|inactive|Time left: 300 sec this turn | 300 sec total\n|\n|t:|1783569459\n|move|p1a: Raikou|Thunderbolt|p2a: Scrafty\n|-crit|p2a: Scrafty\n|-damage|p2a: Scrafty|48/244\n|move|p2a: Scrafty|Drain Punch|p1a: Raikou\n|-crit|p1a: Raikou\n|-damage|p1a: Raikou|9/100\n|-heal|p2a: Scrafty|114/244|[from] drain|[of] p1a: Raikou\n|\n|-heal|p2a: Scrafty|129/244|[from] item: Leftovers\n|upkeep\n|turn|3\n|inactive|Time left: 300 sec this turn | 300 sec total\n|\n|t:|1783569460\n|move|p1a: Raikou|Thunderbolt|p2a: Scrafty\n|-damage|p2a: Scrafty|0 fnt\n|faint|p2a: Scrafty\n|\n|upkeep\n|inactive|Time left: 300 sec this turn | 300 sec total | 5 sec grace\n|\n|t:|1783569461\n|switch|p2a: Hydrapple|Hydrapple, L83, F|312/312\n|turn|4\n|inactive|Time left: 300 sec this turn | 300 sec total\n|\n|t:|1783569462\n|move|p1a: Raikou|Thunderbolt|p2a: Hydrapple\n|-resisted|p2a: Hydrapple\n|-damage|p2a: Hydrapple|271/312\n|-status|p2a: Hydrapple|par\n|move|p2a: Hydrapple|Fickle Beam|p1a: Raikou\n|-damage|p1a: Raikou|0 fnt\n|faint|p1a: Raikou\n|\n|upkeep\n|\n|t:|1783569463\n|switch|p1a: Bruxish|Bruxish, L85, F|100/100\n|turn|5\n|inactive|Time left: 300 sec this turn | 300 sec total\n|\n|t:|1783569463\n|move|p1a: Bruxish|Psychic Fangs|p2a: Hydrapple\n|-damage|p2a: Hydrapple|66/312 par\n|cant|p2a: Hydrapple|par\n|\n|upkeep\n|turn|6\n|inactive|Time left: 300 sec this turn | 300 sec total\n|\n|t:|1783569464\n|switch|p2a: Mesprit|Mesprit, L85|275/275\n|move|p1a: Bruxish|Psychic Fangs|p2a: Mesprit\n|-resisted|p2a: Mesprit\n|-damage|p2a: Mesprit|179/275\n|\n|-heal|p2a: Mesprit|196/275|[from] item: Leftovers\n|upkeep\n|turn|7\n|inactive|Time left: 300 sec this turn | 300 sec total\n|\n|t:|1783569466\n|move|p1a: Bruxish|Psychic Fangs|p2a: Mesprit\n|-resisted|p2a: Mesprit\n|-damage|p2a: Mesprit|105/275\n|move|p2a: Mesprit|Knock Off|p1a: Bruxish\n|-supereffective|p1a: Bruxish\n|-damage|p1a: Bruxish|29/100\n|-enditem|p1a: Bruxish|Choice Band|[from] move: Knock Off|[of] p2a: Mesprit\n|\n|-heal|p2a: Mesprit|122/275|[from] item: Leftovers\n|upkeep\n|turn|8\n|inactive|Time left: 300 sec this turn | 300 sec total\n|\n|t:|1783569467\n|switch|p2a: Hydrapple|Hydrapple, L83, F|170/312 par\n|move|p1a: Bruxish|Crunch|p2a: Hydrapple\n|-damage|p2a: Hydrapple|88/312 par\n|\n|upkeep\n|turn|9\n|inactive|Time left: 300 sec this turn | 300 sec total\n|\n|t:|1783569468\n|switch|p2a: Mesprit|Mesprit, L85|122/275\n|move|p1a: Bruxish|Psychic Fangs|p2a: Mesprit\n|-resisted|p2a: Mesprit\n|-damage|p2a: Mesprit|56/275\n|\n|-heal|p2a: Mesprit|73/275|[from] item: Leftovers\n|upkeep\n|turn|10\n|inactive|Time left: 300 sec this turn | 300 sec total\n|\n|t:|1783569469\n|switch|p2a: Hydrapple|Hydrapple, L83, F|192/312 par\n|move|p1a: Bruxish|Crunch|p2a: Hydrapple\n|-damage|p2a: Hydrapple|112/312 par\n|\n|upkeep\n|turn|11\n|inactive|Time left: 300 sec this turn | 300 sec total\n|\n|t:|1783569469\n|switch|p2a: Articuno|Articuno, L86|295/295\n|-ability|p2a: Articuno|Pressure\n|move|p1a: Bruxish|Psychic Fangs|p2a: Articuno\n|-damage|p2a: Articuno|171/295\n|\n|upkeep\n|turn|12\n|inactive|Time left: 300 sec this turn | 300 sec total\n|\n|t:|1783569470\n|move|p1a: Bruxish|Psychic Fangs|p2a: Articuno\n|-damage|p2a: Articuno|48/295\n|move|p2a: Articuno|Roost|p2a: Articuno\n|-heal|p2a: Articuno|196/295\n|-singleturn|p2a: Articuno|move: Roost\n|\n|upkeep\n|turn|13\n|inactive|Time left: 300 sec this turn | 300 sec total\n|\n|t:|1783569471\n|move|p1a: Bruxish|Psychic Fangs|p2a: Articuno\n|-damage|p2a: Articuno|61/295\n|move|p2a: Articuno|Freeze-Dry|p1a: Bruxish\n|-supereffective|p1a: Bruxish\n|-damage|p1a: Bruxish|0 fnt\n|faint|p1a: Bruxish\n|\n|upkeep\n|\n|t:|1783569472\n|switch|p1a: Iron Bundle|Iron Bundle, L78|100/100\n|turn|14\n|inactive|Time left: 300 sec this turn | 300 sec total\n|\n|t:|1783569472\n|switch|p2a: Florges|Florges-White, L85, F|271/271\n|move|p1a: Iron Bundle|Ice Beam|p2a: Florges\n|-damage|p2a: Florges|205/271\n|\n|-heal|p2a: Florges|221/271|[from] item: Leftovers\n|upkeep\n|turn|15\n|inactive|Time left: 300 sec this turn | 300 sec total\n|\n|t:|1783569473\n|-end|p1a: Iron Bundle|Quark Drive|[silent]\n|switch|p1a: Leafeon|Leafeon, L88, M|100/100\n|move|p2a: Florges|Moonblast|p1a: Leafeon\n|-damage|p1a: Leafeon|45/100\n|-unboost|p1a: Leafeon|spa|1\n|\n|-heal|p2a: Florges|237/271|[from] item: Leftovers\n|upkeep\n|turn|16\n|inactive|Time left: 300 sec this turn | 300 sec total\n|\n|t:|1783569474\n|move|p1a: Leafeon|Leaf Blade|p2a: Florges\n|-damage|p2a: Florges|54/271\n|-damage|p1a: Leafeon|35/100|[from] item: Life Orb\n|move|p2a: Florges|Moonblast|p1a: Leafeon\n|-damage|p1a: Leafeon|0 fnt\n|faint|p1a: Leafeon\n|\n|-heal|p2a: Florges|70/271|[from] item: Leftovers\n|upkeep\n|\n|t:|1783569475\n|switch|p1a: Hitmonchan|Hitmonchan, L87, M|100/100\n|turn|17\n|inactive|Time left: 300 sec this turn | 300 sec total\n|\n|t:|1783569476\n|move|p1a: Hitmonchan|Drain Punch|p2a: Florges\n|-resisted|p2a: Florges\n|-damage|p2a: Florges|0 fnt\n|faint|p2a: Florges\n|-damage|p1a: Hitmonchan|91/100|[from] item: Life Orb\n|\n|upkeep\n|inactive|Time left: 300 sec this turn | 300 sec total | 5 sec grace\n|\n|t:|1783569477\n|switch|p2a: Mesprit|Mesprit, L85|73/275\n|turn|18\n|inactive|Time left: 300 sec this turn | 300 sec total\n|\n|t:|1783569478\n|-terastallize|p1a: Hitmonchan|Dark\n|move|p2a: Mesprit|Psychic Noise|p1a: Hitmonchan\n|-immune|p1a: Hitmonchan\n|move|p1a: Hitmonchan|Swords Dance|p1a: Hitmonchan\n|-boost|p1a: Hitmonchan|atk|2\n|\n|-heal|p2a: Mesprit|90/275|[from] item: Leftovers\n|upkeep\n|turn|19\n|inactive|Time left: 300 sec this turn | 300 sec total\n|\n|t:|1783569479\n|move|p2a: Mesprit|Encore|p1a: Hitmonchan\n|-start|p1a: Hitmonchan|Encore\n|move|p1a: Hitmonchan|Swords Dance|p1a: Hitmonchan\n|-boost|p1a: Hitmonchan|atk|2\n|\n|-heal|p2a: Mesprit|107/275|[from] item: Leftovers\n|upkeep\n|turn|20\n|inactive|Time left: 300 sec this turn | 300 sec total\n|\n|t:|1783569480\n|switch|p2a: Cinccino|Cinccino, L83, F|260/260\n|switch|p1a: Klefki|Klefki, L84, M|100/100\n|\n|upkeep\n|turn|21\n|inactive|Time left: 300 sec this turn | 300 sec total\n|\n|t:|1783569481\n|move|p2a: Cinccino|U-turn|p1a: Klefki\n|-resisted|p1a: Klefki\n|-damage|p1a: Klefki|95/100\n|inactive|Time left: 300 sec this turn | 300 sec total | 5 sec grace\n|\n|t:|1783569482\n|switch|p2a: Hydrapple|Hydrapple, L83, F|216/312 par|[from] U-turn\n|move|p1a: Klefki|Play Rough|p2a: Hydrapple\n|-supereffective|p2a: Hydrapple\n|-damage|p2a: Hydrapple|70/312 par\n|\n|-heal|p1a: Klefki|100/100|[from] item: Leftovers\n|upkeep\n|turn|22\n|inactive|Time left: 300 sec this turn | 300 sec total\n|\n|t:|1783569483\n|move|p1a: Klefki|Play Rough|p2a: Hydrapple\n|-supereffective|p2a: Hydrapple\n|-damage|p2a: Hydrapple|0 fnt\n|faint|p2a: Hydrapple\n|\n|upkeep\n|inactive|Time left: 300 sec this turn | 300 sec total | 5 sec grace\n|\n|t:|1783569484\n|switch|p2a: Articuno|Articuno, L86|61/295\n|-ability|p2a: Articuno|Pressure\n|turn|23\n|inactive|Time left: 300 sec this turn | 300 sec total\n|\n|t:|1783569485\n|move|p2a: Articuno|Roost|p2a: Articuno\n|-heal|p2a: Articuno|209/295\n|-singleturn|p2a: Articuno|move: Roost\n|move|p1a: Klefki|Play Rough|p2a: Articuno|[miss]\n|-miss|p1a: Klefki|p2a: Articuno\n|\n|upkeep\n|turn|24\n|inactive|Time left: 300 sec this turn | 300 sec total\n|\n|t:|1783569486\n|move|p2a: Articuno|Roost|p2a: Articuno\n|-heal|p2a: Articuno|295/295\n|-singleturn|p2a: Articuno|move: Roost\n|move|p1a: Klefki|Play Rough|p2a: Articuno\n|-damage|p2a: Articuno|222/295\n|\n|upkeep\n|turn|25\n|inactive|Time left: 300 sec this turn | 300 sec total\n|\n|t:|1783569486\n|move|p2a: Articuno|Roost|p2a: Articuno\n|-heal|p2a: Articuno|295/295\n|-singleturn|p2a: Articuno|move: Roost\n|move|p1a: Klefki|Play Rough|p2a: Articuno\n|-damage|p2a: Articuno|220/295\n|\n|upkeep\n|turn|26\n|inactive|Time left: 300 sec this turn | 300 sec total\n|\n|t:|1783569487\n|move|p2a: Articuno|Freeze-Dry|p1a: Klefki\n|-resisted|p1a: Klefki\n|-damage|p1a: Klefki|84/100\n|move|p1a: Klefki|Play Rough|p2a: Articuno\n|-damage|p2a: Articuno|153/295\n|\n|-heal|p1a: Klefki|90/100|[from] item: Leftovers\n|upkeep\n|turn|27\n|inactive|Time left: 300 sec this turn | 300 sec total\n|\n|t:|1783569488\n|move|p1a: Klefki|Thunder Wave|p2a: Articuno\n|-status|p2a: Articuno|par\n|cant|p2a: Articuno|par\n|\n|-heal|p1a: Klefki|96/100|[from] item: Leftovers\n|upkeep\n|turn|28\n|inactive|Time left: 300 sec this turn | 300 sec total\n|\n|t:|1783569489\n|switch|p1a: Hitmonchan|Hitmonchan, L87, M, tera:Dark|91/100\n|move|p2a: Articuno|Roost|p2a: Articuno\n|-heal|p2a: Articuno|295/295 par\n|-singleturn|p2a: Articuno|move: Roost\n|\n|upkeep\n|turn|29\n|inactive|Time left: 300 sec this turn | 300 sec total\n|\n|t:|1783569490\n|move|p1a: Hitmonchan|Swords Dance|p1a: Hitmonchan\n|-boost|p1a: Hitmonchan|atk|2\n|move|p2a: Articuno|U-turn|p1a: Hitmonchan\n|-supereffective|p1a: Hitmonchan\n|-damage|p1a: Hitmonchan|51/100\n|inactive|Time left: 300 sec this turn | 300 sec total | 5 sec grace\n|\n|t:|1783569491\n|switch|p2a: Mesprit|Mesprit, L85|107/275|[from] U-turn\n|\n|-heal|p2a: Mesprit|124/275|[from] item: Leftovers\n|upkeep\n|turn|30\n|inactive|Time left: 300 sec this turn | 300 sec total\n|\n|t:|1783569492\n|move|p1a: Hitmonchan|Mach Punch|p2a: Mesprit\n|-resisted|p2a: Mesprit\n|-damage|p2a: Mesprit|58/275\n|-damage|p1a: Hitmonchan|41/100|[from] item: Life Orb\n|move|p2a: Mesprit|Encore|p1a: Hitmonchan\n|-start|p1a: Hitmonchan|Encore\n|\n|-heal|p2a: Mesprit|75/275|[from] item: Leftovers\n|upkeep\n|turn|31\n|inactive|Time left: 300 sec this turn | 300 sec total\n|\n|t:|1783569493\n|switch|p2a: Articuno|Articuno, L86|295/295 par\n|-ability|p2a: Articuno|Pressure\n|move|p1a: Hitmonchan|Mach Punch|p2a: Articuno\n|-damage|p2a: Articuno|159/295 par\n|-damage|p1a: Hitmonchan|32/100|[from] item: Life Orb\n|\n|upkeep\n|turn|32\n|inactive|Time left: 300 sec this turn | 300 sec total\n|\n|t:|1783569494\n|move|p1a: Hitmonchan|Mach Punch|p2a: Articuno\n|-damage|p2a: Articuno|34/295 par\n|-damage|p1a: Hitmonchan|22/100|[from] item: Life Orb\n|cant|p2a: Articuno|par\n|\n|upkeep\n|turn|33\n|inactive|Time left: 300 sec this turn | 300 sec total\n|\n|t:|1783569495\n|move|p1a: Hitmonchan|Mach Punch|p2a: Articuno\n|-damage|p2a: Articuno|0 fnt\n|faint|p2a: Articuno\n|-damage|p1a: Hitmonchan|12/100|[from] item: Life Orb\n|\n|-end|p1a: Hitmonchan|Encore\n|upkeep\n|inactive|Time left: 300 sec this turn | 300 sec total | 5 sec grace\n|\n|t:|1783569496\n|switch|p2a: Mesprit|Mesprit, L85|75/275\n|turn|34\n|inactive|Time left: 300 sec this turn | 300 sec total\n|\n|t:|1783569497\n|move|p1a: Hitmonchan|Mach Punch|p2a: Mesprit\n|-resisted|p2a: Mesprit\n|-damage|p2a: Mesprit|7/275\n|-damage|p1a: Hitmonchan|3/100|[from] item: Life Orb\n|move|p2a: Mesprit|Knock Off|p1a: Hitmonchan\n|-resisted|p1a: Hitmonchan\n|-damage|p1a: Hitmonchan|0 fnt\n|-enditem|p1a: Hitmonchan|Life Orb|[from] move: Knock Off|[of] p2a: Mesprit\n|faint|p1a: Hitmonchan\n|\n|-heal|p2a: Mesprit|24/275|[from] item: Leftovers\n|upkeep\n|\n|t:|1783569499\n|switch|p1a: Iron Bundle|Iron Bundle, L78|100/100\n|turn|35\n|inactive|Time left: 300 sec this turn | 300 sec total\n|\n|t:|1783569500\n|move|p1a: Iron Bundle|Ice Beam|p2a: Mesprit\n|-damage|p2a: Mesprit|0 fnt\n|faint|p2a: Mesprit\n|\n|upkeep\n|inactive|Time left: 300 sec this turn | 300 sec total | 5 sec grace\n|\n|t:|1783569500\n|switch|p2a: Cinccino|Cinccino, L83, F|260/260\n|turn|36\n|inactive|Time left: 300 sec this turn | 300 sec total\n|\n|t:|1783569501\n|-terastallize|p2a: Cinccino|Normal\n|move|p1a: Iron Bundle|Ice Beam|p2a: Cinccino\n|-damage|p2a: Cinccino|125/260\n|move|p2a: Cinccino|Tail Slap|p1a: Iron Bundle\n|-damage|p1a: Iron Bundle|79/100\n|-damage|p1a: Iron Bundle|57/100\n|-damage|p1a: Iron Bundle|36/100\n|-damage|p1a: Iron Bundle|15/100\n|-hitcount|p1a: Iron Bundle|4\n|\n|upkeep\n|turn|37\n|inactive|Time left: 300 sec this turn | 300 sec total\n|\n|t:|1783569502\n|move|p1a: Iron Bundle|Ice Beam|p2a: Cinccino\n|-damage|p2a: Cinccino|0 fnt\n|faint|p2a: Cinccino\n|\n|win|p0x26381b2d", "uploadtime": 1783569502, "views": 0, "rating": 0, "private": 0, "password": null, "_winner": "p0x26381b2d", "_our_name": "p0y26380380"}