{"id": "battle-gen9randombattle-1793", "formatid": "gen9randombattle", "format": "[Gen 9] Random Battle", "players": ["p0x17934b1f", "p0y17930995"], "log": "|init|battle\n|title|p0x17934b1f vs. p0y17930995\n|j|\u2606p0x17934b1f\n|j|\u2606p0y17930995\n|t:|1783560778\n|gametype|singles\n|player|p1|p0x17934b1f|169|\n|player|p2|p0y17930995|169|\n|gen|9\n|tier|[Gen 9] Random Battle\n|rule|Species Clause: Limit one of each Pok\u00e9mon\n|rule|HP Percentage Mod: HP is shown in percentages\n|rule|Sleep Clause Mod: Limit one foe put to sleep\n|rule|Illusion Level Mod: Illusion disguises the Pok\u00e9mon's true level\n|\n|t:|1783560778\n|teamsize|p1|6\n|teamsize|p2|6\n|start\n|switch|p1a: Ampharos|Ampharos, L88, M|302/302\n|switch|p2a: Victreebel|Victreebel, L90, F|100/100\n|turn|1\n|inactive|Battle timer is ON: inactive players will automatically lose when time's up. (requested by p0x17934b1f)\n|inactive|p0y17930995 also wants the timer to be on.\n|\n|t:|1783560779\n|switch|p1a: Baxcalibur|Baxcalibur, L75, M|295/295\n|move|p2a: Victreebel|Sludge Wave|p1a: Baxcalibur\n|-damage|p1a: Baxcalibur|110/295\n|-damage|p2a: Victreebel|90/100|[from] item: Life Orb\n|\n|upkeep\n|turn|2\n|inactive|Time left: 300 sec this turn | 300 sec total\n|\n|t:|1783560780\n|move|p1a: Baxcalibur|Ice Shard|p2a: Victreebel\n|-supereffective|p2a: Victreebel\n|-damage|p2a: Victreebel|38/100\n|move|p2a: Victreebel|Knock Off|p1a: Baxcalibur\n|-damage|p1a: Baxcalibur|0 fnt\n|-enditem|p1a: Baxcalibur|Choice Band|[from] move: Knock Off|[of] p2a: Victreebel\n|faint|p1a: Baxcalibur\n|-damage|p2a: Victreebel|28/100|[from] item: Life Orb\n|\n|upkeep\n|inactive|Time left: 300 sec this turn | 300 sec total | 5 sec grace\n|\n|t:|1783560781\n|switch|p1a: Infernape|Infernape, L82, F|259/259\n|turn|3\n|inactive|Time left: 300 sec this turn | 300 sec total\n|\n|t:|1783560782\n|switch|p2a: Landorus|Landorus-Therian, L76, M|100/100\n|-ability|p2a: Landorus|Intimidate|boost\n|-unboost|p1a: Infernape|atk|1\n|move|p1a: Infernape|Flare Blitz|p2a: Landorus\n|-damage|p2a: Landorus|65/100\n|-damage|p1a: Infernape|229/259|[from] Recoil\n|\n|-heal|p2a: Landorus|72/100|[from] item: Leftovers\n|upkeep\n|turn|4\n|inactive|Time left: 300 sec this turn | 300 sec total\n|\n|t:|1783560783\n|switch|p1a: Hydreigon|Hydreigon, L79, M|275/275\n|move|p2a: Landorus|Earthquake|p1a: Hydreigon\n|-immune|p1a: Hydreigon|[from] ability: Levitate\n|\n|-heal|p2a: Landorus|78/100|[from] item: Leftovers\n|upkeep\n|turn|5\n|inactive|Time left: 300 sec this turn | 300 sec total\n|\n|t:|1783560784\n|move|p1a: Hydreigon|Nasty Plot|p1a: Hydreigon\n|-boost|p1a: Hydreigon|spa|2\n|move|p2a: Landorus|U-turn|p1a: Hydreigon\n|-supereffective|p1a: Hydreigon\n|-damage|p1a: Hydreigon|153/275\n|\n|t:|1783560785\n|switch|p2a: Lokix|Lokix, L82, F|100/100|[from] U-turn\n|\n|upkeep\n|turn|6\n|inactive|Time left: 300 sec this turn | 300 sec total\n|\n|t:|1783560786\n|move|p2a: Lokix|First Impression|p1a: Hydreigon\n|-supereffective|p1a: Hydreigon\n|-damage|p1a: Hydreigon|0 fnt\n|faint|p1a: Hydreigon\n|-damage|p2a: Lokix|91/100|[from] item: Life Orb\n|\n|upkeep\n|inactive|Time left: 300 sec this turn | 300 sec total | 5 sec grace\n|\n|t:|1783560787\n|switch|p1a: Iron Thorns|Iron Thorns, L83|302/302\n|turn|7\n|inactive|Time left: 300 sec this turn | 300 sec total\n|\n|t:|1783560788\n|switch|p2a: Landorus|Landorus-Therian, L76, M|78/100\n|-ability|p2a: Landorus|Intimidate|boost\n|-unboost|p1a: Iron Thorns|atk|1\n|move|p1a: Iron Thorns|Stone Edge|p2a: Landorus\n|-damage|p2a: Landorus|37/100\n|\n|-heal|p2a: Landorus|44/100|[from] item: Leftovers\n|upkeep\n|turn|8\n|inactive|Time left: 300 sec this turn | 300 sec total\n|\n|t:|1783560789\n|-terastallize|p1a: Iron Thorns|Grass\n|move|p2a: Landorus|Earthquake|p1a: Iron Thorns\n|-resisted|p1a: Iron Thorns\n|-damage|p1a: Iron Thorns|255/302\n|move|p1a: Iron Thorns|Stealth Rock|p2a: Landorus\n|-sidestart|p2: p0y17930995|move: Stealth Rock\n|\n|-heal|p2a: Landorus|50/100|[from] item: Leftovers\n|upkeep\n|turn|9\n|inactive|Time left: 300 sec this turn | 300 sec total\n|\n|t:|1783560790\n|move|p2a: Landorus|Earthquake|p1a: Iron Thorns\n|-resisted|p1a: Iron Thorns\n|-damage|p1a: Iron Thorns|201/302\n|move|p1a: Iron Thorns|Stone Edge|p2a: Landorus|[miss]\n|-miss|p1a: Iron Thorns|p2a: Landorus\n|\n|-heal|p2a: Landorus|56/100|[from] item: Leftovers\n|upkeep\n|turn|10\n|inactive|Time left: 300 sec this turn | 300 sec total\n|\n|t:|1783560792\n|move|p2a: Landorus|Earthquake|p1a: Iron Thorns\n|-resisted|p1a: Iron Thorns\n|-damage|p1a: Iron Thorns|150/302\n|move|p1a: Iron Thorns|Stone Edge|p2a: Landorus\n|-damage|p2a: Landorus|16/100\n|\n|-heal|p2a: Landorus|22/100|[from] item: Leftovers\n|upkeep\n|turn|11\n|inactive|Time left: 300 sec this turn | 300 sec total\n|\n|t:|1783560793\n|move|p2a: Landorus|Stone Edge|p1a: Iron Thorns\n|-damage|p1a: Iron Thorns|78/302\n|move|p1a: Iron Thorns|Stone Edge|p2a: Landorus\n|-damage|p2a: Landorus|0 fnt\n|faint|p2a: Landorus\n|\n|upkeep\n|\n|t:|1783560794\n|switch|p2a: Cramorant|Cramorant, L86, M|100/100\n|turn|12\n|inactive|Time left: 300 sec this turn | 300 sec total\n|\n|t:|1783560795\n|-end|p1a: Iron Thorns|Quark Drive|[silent]\n|switch|p1a: Ampharos|Ampharos, L88, M|302/302\n|move|p2a: Cramorant|Brave Bird|p1a: Ampharos\n|-resisted|p1a: Ampharos\n|-damage|p1a: Ampharos|248/302\n|-status|p2a: Cramorant|par|[from] ability: Static|[of] p1a: Ampharos\n|-damage|p2a: Cramorant|94/100 par|[from] Recoil\n|\n|upkeep\n|turn|13\n|inactive|Time left: 300 sec this turn | 300 sec total\n|\n|t:|1783560796\n|-terastallize|p2a: Cramorant|Ground\n|move|p1a: Ampharos|Thunderbolt|p2a: Cramorant\n|-immune|p2a: Cramorant\n|move|p2a: Cramorant|Surf|p1a: Ampharos\n|-formechange|p2a: Cramorant|Cramorant-Gulping|\n|-damage|p1a: Ampharos|166/302\n|\n|upkeep\n|turn|14\n|inactive|Time left: 300 sec this turn | 300 sec total\n|\n|t:|1783560797\n|move|p1a: Ampharos|Agility|p1a: Ampharos\n|-boost|p1a: Ampharos|spe|2\n|move|p2a: Cramorant|Brave Bird|p1a: Ampharos\n|-resisted|p1a: Ampharos\n|-damage|p1a: Ampharos|108/302\n|-damage|p2a: Cramorant|86/100 par|[from] Recoil\n|\n|upkeep\n|turn|15\n|inactive|Time left: 300 sec this turn | 300 sec total\n|\n|t:|1783560798\n|move|p1a: Ampharos|Thunderbolt|p2a: Cramorant\n|-immune|p2a: Cramorant\n|move|p2a: Cramorant|Surf|p1a: Ampharos\n|-damage|p1a: Ampharos|17/302\n|\n|upkeep\n|turn|16\n|inactive|Time left: 300 sec this turn | 300 sec total\n|\n|t:|1783560799\n|move|p1a: Ampharos|Focus Blast|p2a: Cramorant|[miss]\n|-miss|p1a: Ampharos|p2a: Cramorant\n|move|p2a: Cramorant|Brave Bird|p1a: Ampharos\n|-resisted|p1a: Ampharos\n|-damage|p1a: Ampharos|0 fnt\n|faint|p1a: Ampharos\n|-damage|p2a: Cramorant|84/100 par|[from] Recoil\n|\n|upkeep\n|inactive|Time left: 300 sec this turn | 300 sec total | 5 sec grace\n|\n|t:|1783560800\n|switch|p1a: Mienshao|Mienshao, L83, M|244/244\n|turn|17\n|inactive|Time left: 300 sec this turn | 300 sec total\n|\n|t:|1783560801\n|move|p1a: Mienshao|Close Combat|p2a: Cramorant\n|-damage|p2a: Cramorant|3/100 par\n|-unboost|p1a: Mienshao|def|1\n|-unboost|p1a: Mienshao|spd|1\n|-damage|p1a: Mienshao|183/244|[from] ability: Gulp Missile|[of] p2a: Cramorant\n|-unboost|p1a: Mienshao|def|1\n|-formechange|p2a: Cramorant|Cramorant|\n|move|p2a: Cramorant|Brave Bird|p1a: Mienshao\n|-supereffective|p1a: Mienshao\n|-damage|p1a: Mienshao|0 fnt\n|faint|p1a: Mienshao\n|-damage|p2a: Cramorant|0 fnt|[from] Recoil\n|faint|p2a: Cramorant\n|\n|upkeep\n|inactive|Time left: 300 sec this turn | 300 sec total | 5 sec grace\n|\n|t:|1783560802\n|switch|p1a: Infernape|Infernape, L82, F|229/259\n|switch|p2a: Chimecho|Chimecho, L93, F|100/100\n|-damage|p2a: Chimecho|88/100|[from] Stealth Rock\n|turn|18\n|inactive|Time left: 300 sec this turn | 300 sec total\n|\n|t:|1783560803\n|move|p1a: Infernape|Gunk Shot|p2a: Chimecho\n|-damage|p2a: Chimecho|59/100\n|move|p2a: Chimecho|Psychic Noise|p1a: Infernape\n|-supereffective|p1a: Infernape\n|-damage|p1a: Infernape|7/259\n|-start|p1a: Infernape|move: Heal Block\n|\n|-heal|p2a: Chimecho|66/100|[from] item: Leftovers\n|upkeep\n|turn|19\n|inactive|Time left: 300 sec this turn | 300 sec total\n|\n|t:|1783560805\n|move|p1a: Infernape|Gunk Shot|p2a: Chimecho\n|-crit|p2a: Chimecho\n|-damage|p2a: Chimecho|23/100\n|move|p2a: Chimecho|Psychic Noise|p1a: Infernape\n|-supereffective|p1a: Infernape\n|-damage|p1a: Infernape|0 fnt\n|faint|p1a: Infernape\n|\n|-heal|p2a: Chimecho|29/100|[from] item: Leftovers\n|upkeep\n|inactive|Time left: 300 sec this turn | 300 sec total | 5 sec grace\n|\n|t:|1783560806\n|switch|p1a: Iron Thorns|Iron Thorns, L83, tera:Grass|78/302\n|turn|20\n|inactive|Time left: 300 sec this turn | 300 sec total\n|\n|t:|1783560807\n|move|p2a: Chimecho|Psychic Noise|p1a: Iron Thorns\n|-damage|p1a: Iron Thorns|0 fnt\n|faint|p1a: Iron Thorns\n|-end|p1a: Iron Thorns|Quark Drive|[silent]\n|\n|win|p0y17930995", "uploadtime": 1783560807, "views": 0, "rating": 0, "private": 0, "password": null, "_winner": "p0y17930995", "_our_name": "p0x17934b1f"}