{"id": "battle-gen9randombattle-1545", "formatid": "gen9randombattle", "format": "[Gen 9] Random Battle", "players": ["p0x15457a38", "p0y15450f28"], "log": "|init|battle\n|title|p0x15457a38 vs. p0y15450f28\n|j|\u2606p0x15457a38\n|j|\u2606p0y15450f28\n|t:|1783557952\n|gametype|singles\n|player|p1|p0x15457a38|170|\n|player|p2|p0y15450f28|101|\n|gen|9\n|tier|[Gen 9] Random Battle\n|rule|Species Clause: Limit one of each Pok\u00e9mon\n|rule|HP Percentage Mod: HP is shown in percentages\n|rule|Sleep Clause Mod: Limit one foe put to sleep\n|rule|Illusion Level Mod: Illusion disguises the Pok\u00e9mon's true level\n|\n|t:|1783557953\n|teamsize|p1|6\n|teamsize|p2|6\n|start\n|switch|p1a: Goodra|Goodra-Hisui, L82, M|265/265\n|switch|p2a: Sylveon|Sylveon, L85, F|100/100\n|turn|1\n|inactive|Battle timer is ON: inactive players will automatically lose when time's up. (requested by p0x15457a38)\n|inactive|p0y15450f28 also wants the timer to be on.\n|\n|t:|1783557954\n|move|p2a: Sylveon|Protect|p2a: Sylveon\n|-singleturn|p2a: Sylveon|Protect\n|move|p1a: Goodra|Heavy Slam|p2a: Sylveon\n|-activate|p2a: Sylveon|move: Protect\n|\n|upkeep\n|turn|2\n|inactive|Time left: 300 sec this turn | 300 sec total\n|\n|t:|1783557955\n|switch|p2a: Wo-Chien|Wo-Chien, L83|100/100\n|-ability|p2a: Wo-Chien|Tablets of Ruin\n|move|p1a: Goodra|Heavy Slam|p2a: Wo-Chien\n|-damage|p2a: Wo-Chien|74/100\n|\n|-heal|p2a: Wo-Chien|80/100|[from] item: Leftovers\n|upkeep\n|turn|3\n|inactive|Time left: 300 sec this turn | 300 sec total\n|\n|t:|1783557956\n|move|p2a: Wo-Chien|Ruination|p1a: Goodra\n|-damage|p1a: Goodra|133/265\n|move|p1a: Goodra|Heavy Slam|p2a: Wo-Chien\n|-damage|p2a: Wo-Chien|55/100\n|\n|-heal|p2a: Wo-Chien|62/100|[from] item: Leftovers\n|upkeep\n|turn|4\n|inactive|Time left: 300 sec this turn | 300 sec total\n|\n|t:|1783557957\n|move|p2a: Wo-Chien|Knock Off|p1a: Goodra\n|-damage|p1a: Goodra|52/265\n|-enditem|p1a: Goodra|Assault Vest|[from] move: Knock Off|[of] p2a: Wo-Chien\n|move|p1a: Goodra|Heavy Slam|p2a: Wo-Chien\n|-damage|p2a: Wo-Chien|37/100\n|\n|-heal|p2a: Wo-Chien|43/100|[from] item: Leftovers\n|upkeep\n|turn|5\n|inactive|Time left: 300 sec this turn | 300 sec total\n|\n|t:|1783557958\n|switch|p1a: Abomasnow|Abomasnow, L84, M|287/287\n|-weather|Snowscape|[from] ability: Snow Warning|[of] p1a: Abomasnow\n|move|p2a: Wo-Chien|Knock Off|p1a: Abomasnow\n|-damage|p1a: Abomasnow|215/287\n|-enditem|p1a: Abomasnow|Light Clay|[from] move: Knock Off|[of] p2a: Wo-Chien\n|\n|-weather|Snowscape|[upkeep]\n|-heal|p2a: Wo-Chien|50/100|[from] item: Leftovers\n|upkeep\n|turn|6\n|inactive|Time left: 300 sec this turn | 300 sec total\n|\n|t:|1783557959\n|move|p2a: Wo-Chien|Ruination|p1a: Abomasnow\n|-damage|p1a: Abomasnow|108/287\n|move|p1a: Abomasnow|Aurora Veil|p1a: Abomasnow\n|-sidestart|p1: p0x15457a38|move: Aurora Veil\n|\n|-weather|Snowscape|[upkeep]\n|-heal|p2a: Wo-Chien|56/100|[from] item: Leftovers\n|upkeep\n|turn|7\n|inactive|Time left: 300 sec this turn | 300 sec total\n|\n|t:|1783557960\n|switch|p2a: Sylveon|Sylveon, L85, F|100/100\n|move|p1a: Abomasnow|Blizzard|p2a: Sylveon\n|-damage|p2a: Sylveon|72/100\n|\n|-weather|Snowscape|[upkeep]\n|-heal|p2a: Sylveon|78/100|[from] item: Leftovers\n|upkeep\n|turn|8\n|inactive|Time left: 300 sec this turn | 300 sec total\n|\n|t:|1783557961\n|switch|p1a: Oranguru|Oranguru, L92, M|315/315\n|move|p2a: Sylveon|Calm Mind|p2a: Sylveon\n|-boost|p2a: Sylveon|spa|1\n|-boost|p2a: Sylveon|spd|1\n|\n|-weather|Snowscape|[upkeep]\n|-heal|p2a: Sylveon|84/100|[from] item: Leftovers\n|upkeep\n|turn|9\n|inactive|Time left: 300 sec this turn | 300 sec total\n|\n|t:|1783557962\n|move|p1a: Oranguru|Nasty Plot|p1a: Oranguru\n|-boost|p1a: Oranguru|spa|2\n|move|p2a: Sylveon|Hyper Voice|p1a: Oranguru\n|-damage|p1a: Oranguru|242/315\n|\n|-weather|none\n|-heal|p1a: Oranguru|261/315|[from] item: Leftovers\n|-heal|p2a: Sylveon|90/100|[from] item: Leftovers\n|upkeep\n|turn|10\n|inactive|Time left: 300 sec this turn | 300 sec total\n|\n|t:|1783557963\n|move|p1a: Oranguru|Psyshock|p2a: Sylveon\n|-damage|p2a: Sylveon|13/100\n|move|p2a: Sylveon|Calm Mind|p2a: Sylveon\n|-boost|p2a: Sylveon|spa|1\n|-boost|p2a: Sylveon|spd|1\n|\n|-heal|p1a: Oranguru|280/315|[from] item: Leftovers\n|-heal|p2a: Sylveon|19/100|[from] item: Leftovers\n|-sideend|p1: p0x15457a38|move: Aurora Veil\n|upkeep\n|turn|11\n|inactive|Time left: 300 sec this turn | 300 sec total\n|\n|t:|1783557964\n|move|p2a: Sylveon|Protect|p2a: Sylveon\n|-singleturn|p2a: Sylveon|Protect\n|move|p1a: Oranguru|Psyshock|p2a: Sylveon\n|-activate|p2a: Sylveon|move: Protect\n|\n|-heal|p1a: Oranguru|299/315|[from] item: Leftovers\n|-heal|p2a: Sylveon|25/100|[from] item: Leftovers\n|upkeep\n|turn|12\n|inactive|Time left: 300 sec this turn | 300 sec total\n|\n|t:|1783557965\n|switch|p2a: Wo-Chien|Wo-Chien, L83|56/100\n|-ability|p2a: Wo-Chien|Tablets of Ruin\n|move|p1a: Oranguru|Psyshock|p2a: Wo-Chien\n|-immune|p2a: Wo-Chien\n|\n|-heal|p2a: Wo-Chien|62/100|[from] item: Leftovers\n|-heal|p1a: Oranguru|315/315|[from] item: Leftovers\n|upkeep\n|turn|13\n|inactive|Time left: 300 sec this turn | 300 sec total\n|\n|t:|1783557966\n|move|p2a: Wo-Chien|Knock Off|p1a: Oranguru\n|-supereffective|p1a: Oranguru\n|-damage|p1a: Oranguru|139/315\n|-enditem|p1a: Oranguru|Leftovers|[from] move: Knock Off|[of] p2a: Wo-Chien\n|move|p1a: Oranguru|Focus Blast|p2a: Wo-Chien\n|-supereffective|p2a: Wo-Chien\n|-damage|p2a: Wo-Chien|0 fnt\n|faint|p2a: Wo-Chien\n|\n|upkeep\n|\n|t:|1783557967\n|switch|p2a: Flamigo|Flamigo, L82, F|100/100\n|turn|14\n|inactive|Time left: 300 sec this turn | 300 sec total\n|\n|t:|1783557968\n|switch|p1a: Miraidon|Miraidon, L65|238/238\n|-fieldstart|move: Electric Terrain|[from] ability: Hadron Engine|[of] p1a: Miraidon\n|move|p2a: Flamigo|Brave Bird|p1a: Miraidon\n|-resisted|p1a: Miraidon\n|-damage|p1a: Miraidon|141/238\n|-damage|p2a: Flamigo|89/100|[from] Recoil\n|-damage|p2a: Flamigo|79/100|[from] item: Life Orb\n|\n|upkeep\n|turn|15\n|inactive|Time left: 300 sec this turn | 300 sec total\n|\n|t:|1783557969\n|switch|p2a: Sylveon|Sylveon, L85, F|25/100\n|move|p1a: Miraidon|Electro Drift|p2a: Sylveon\n|-damage|p2a: Sylveon|0 fnt\n|faint|p2a: Sylveon\n|\n|upkeep\n|\n|t:|1783557970\n|switch|p2a: Munkidori|Munkidori, L79, M|100/100\n|turn|16\n|inactive|Time left: 300 sec this turn | 300 sec total\n|\n|t:|1783557971\n|-terastallize|p1a: Miraidon|Electric\n|move|p2a: Munkidori|Fake Out|p1a: Miraidon\n|-damage|p1a: Miraidon|116/238\n|cant|p1a: Miraidon|flinch\n|\n|upkeep\n|turn|17\n|inactive|Time left: 300 sec this turn | 300 sec total\n|\n|t:|1783557972\n|move|p1a: Miraidon|Electro Drift|p2a: Munkidori\n|-damage|p2a: Munkidori|27/100\n|move|p2a: Munkidori|Sludge Wave|p1a: Miraidon\n|-damage|p1a: Miraidon|0 fnt\n|faint|p1a: Miraidon\n|\n|upkeep\n|inactive|Time left: 300 sec this turn | 300 sec total | 5 sec grace\n|\n|t:|1783557973\n|switch|p1a: Goodra|Goodra-Hisui, L82, M|52/265\n|turn|18\n|inactive|Time left: 300 sec this turn | 300 sec total\n|\n|t:|1783557974\n|move|p2a: Munkidori|U-turn|p1a: Goodra\n|-resisted|p1a: Goodra\n|-damage|p1a: Goodra|36/265\n|\n|t:|1783557975\n|switch|p2a: Houndoom|Houndoom, L87, F|100/100|[from] U-turn\n|move|p1a: Goodra|Heavy Slam|p2a: Houndoom\n|-resisted|p2a: Houndoom\n|-damage|p2a: Houndoom|67/100\n|\n|-fieldend|move: Electric Terrain\n|upkeep\n|turn|19\n|inactive|Time left: 300 sec this turn | 300 sec total\n|\n|t:|1783557976\n|switch|p1a: Dewgong|Dewgong, L94, M|322/322\n|move|p2a: Houndoom|Dark Pulse|p1a: Dewgong\n|-damage|p1a: Dewgong|270/322\n|\n|upkeep\n|turn|20\n|inactive|Time left: 300 sec this turn | 300 sec total\n|\n|t:|1783557977\n|move|p2a: Houndoom|Dark Pulse|p1a: Dewgong\n|-damage|p1a: Dewgong|216/322\n|move|p1a: Dewgong|Surf|p2a: Houndoom\n|-supereffective|p2a: Houndoom\n|-damage|p2a: Houndoom|3/100\n|\n|upkeep\n|turn|21\n|inactive|Time left: 300 sec this turn | 300 sec total\n|\n|t:|1783557978\n|move|p2a: Houndoom|Dark Pulse|p1a: Dewgong\n|-damage|p1a: Dewgong|158/322\n|move|p1a: Dewgong|Knock Off|p2a: Houndoom\n|-resisted|p2a: Houndoom\n|-damage|p2a: Houndoom|0 fnt\n|-enditem|p2a: Houndoom|Heavy-Duty Boots|[from] move: Knock Off|[of] p1a: Dewgong\n|faint|p2a: Houndoom\n|\n|upkeep\n|\n|t:|1783557979\n|switch|p2a: Flamigo|Flamigo, L82, F|79/100\n|turn|22\n|inactive|Time left: 300 sec this turn | 300 sec total\n|\n|t:|1783557980\n|switch|p1a: Goodra|Goodra-Hisui, L82, M|36/265\n|move|p2a: Flamigo|Close Combat|p1a: Goodra\n|-supereffective|p1a: Goodra\n|-damage|p1a: Goodra|0 fnt\n|-unboost|p2a: Flamigo|def|1\n|-unboost|p2a: Flamigo|spd|1\n|faint|p1a: Goodra\n|-damage|p2a: Flamigo|69/100|[from] item: Life Orb\n|\n|upkeep\n|inactive|Time left: 300 sec this turn | 300 sec total | 5 sec grace\n|\n|t:|1783557981\n|switch|p1a: Shaymin|Shaymin, L82|298/298\n|turn|23\n|inactive|Time left: 300 sec this turn | 300 sec total\n|\n|t:|1783557982\n|switch|p2a: Munkidori|Munkidori, L79, M|27/100\n|move|p1a: Shaymin|Air Slash|p2a: Munkidori\n|-damage|p2a: Munkidori|13/100\n|\n|upkeep\n|turn|24\n|inactive|Time left: 300 sec this turn | 300 sec total\n|\n|t:|1783557983\n|move|p2a: Munkidori|Sludge Wave|p1a: Shaymin\n|-supereffective|p1a: Shaymin\n|-damage|p1a: Shaymin|92/298\n|-status|p1a: Shaymin|psn\n|move|p1a: Shaymin|Air Slash|p2a: Munkidori\n|-damage|p2a: Munkidori|0 fnt\n|faint|p2a: Munkidori\n|\n|-heal|p1a: Shaymin|110/298 psn|[from] item: Leftovers\n|-damage|p1a: Shaymin|73/298 psn|[from] psn\n|upkeep\n|\n|t:|1783557984\n|switch|p2a: Slither Wing|Slither Wing, L81|100/100\n|turn|25\n|inactive|Time left: 300 sec this turn | 300 sec total\n|\n|t:|1783557985\n|move|p1a: Shaymin|Air Slash|p2a: Slither Wing\n|-supereffective|p2a: Slither Wing\n|-damage|p2a: Slither Wing|32/100\n|move|p2a: Slither Wing|U-turn|p1a: Shaymin\n|-supereffective|p1a: Shaymin\n|-damage|p1a: Shaymin|0 fnt\n|faint|p1a: Shaymin\n|\n|t:|1783557986\n|-end|p2a: Slither Wing|Protosynthesis|[silent]\n|switch|p2a: Flamigo|Flamigo, L82, F|69/100|[from] U-turn\n|\n|upkeep\n|inactive|Time left: 300 sec this turn | 300 sec total | 10 sec grace\n|\n|t:|1783557987\n|switch|p1a: Abomasnow|Abomasnow, L84, M|108/287\n|-weather|Snowscape|[from] ability: Snow Warning|[of] p1a: Abomasnow\n|turn|26\n|inactive|Time left: 300 sec this turn | 300 sec total\n|\n|t:|1783557988\n|move|p2a: Flamigo|Brave Bird|p1a: Abomasnow\n|-supereffective|p1a: Abomasnow\n|-damage|p1a: Abomasnow|0 fnt\n|faint|p1a: Abomasnow\n|-damage|p2a: Flamigo|56/100|[from] Recoil\n|-damage|p2a: Flamigo|46/100|[from] item: Life Orb\n|\n|-weather|Snowscape|[upkeep]\n|upkeep\n|inactive|Time left: 300 sec this turn | 300 sec total | 5 sec grace\n|\n|t:|1783557989\n|switch|p1a: Oranguru|Oranguru, L92, M|139/315\n|turn|27\n|inactive|Time left: 300 sec this turn | 300 sec total\n|\n|t:|1783557990\n|-terastallize|p2a: Flamigo|Fighting\n|move|p2a: Flamigo|Close Combat|p1a: Oranguru\n|-damage|p1a: Oranguru|0 fnt\n|-unboost|p2a: Flamigo|def|1\n|-unboost|p2a: Flamigo|spd|1\n|faint|p1a: Oranguru\n|-damage|p2a: Flamigo|37/100|[from] item: Life Orb\n|\n|-weather|Snowscape|[upkeep]\n|upkeep\n|inactive|Time left: 300 sec this turn | 300 sec total | 5 sec grace\n|\n|t:|1783557990\n|switch|p1a: Dewgong|Dewgong, L94, M|158/322\n|turn|28\n|inactive|Time left: 300 sec this turn | 300 sec total\n|\n|t:|1783557991\n|move|p2a: Flamigo|Close Combat|p1a: Dewgong\n|-supereffective|p1a: Dewgong\n|-damage|p1a: Dewgong|0 fnt\n|-unboost|p2a: Flamigo|def|1\n|-unboost|p2a: Flamigo|spd|1\n|faint|p1a: Dewgong\n|-damage|p2a: Flamigo|27/100|[from] item: Life Orb\n|\n|win|p0y15450f28", "uploadtime": 1783557991, "views": 0, "rating": 0, "private": 0, "password": null, "_winner": "p0y15450f28", "_our_name": "p0x15457a38"}