{"id": "battle-gen9randombattle-2868", "formatid": "gen9randombattle", "format": "[Gen 9] Random Battle", "players": ["p0x28688eae", "p0y286821dc"], "log": "|init|battle\n|title|p0x28688eae vs. p0y286821dc\n|j|\u2606p0x28688eae\n|j|\u2606p0y286821dc\n|t:|1783572083\n|gametype|singles\n|player|p1|p0x28688eae|170|\n|player|p2|p0y286821dc|169|\n|gen|9\n|tier|[Gen 9] Random Battle\n|rule|Species Clause: Limit one of each Pok\u00e9mon\n|rule|HP Percentage Mod: HP is shown in percentages\n|rule|Sleep Clause Mod: Limit one foe put to sleep\n|rule|Illusion Level Mod: Illusion disguises the Pok\u00e9mon's true level\n|\n|t:|1783572083\n|teamsize|p1|6\n|teamsize|p2|6\n|start\n|switch|p1a: Dugtrio|Dugtrio-Alola, L84, F|196/196\n|switch|p2a: Avalugg|Avalugg-Hisui, L90, F|100/100\n|turn|1\n|inactive|Battle timer is ON: inactive players will automatically lose when time's up. (requested by p0y286821dc)\n|inactive|Time left: 300 sec this turn | 300 sec total | 60 sec grace\n|inactive|p0x28688eae also wants the timer to be on.\n|\n|t:|1783572085\n|move|p1a: Dugtrio|Stealth Rock|p2a: Avalugg\n|-sidestart|p2: p0y286821dc|move: Stealth Rock\n|move|p2a: Avalugg|Avalanche|p1a: Dugtrio\n|-damage|p1a: Dugtrio|76/196\n|-ability|p1a: Dugtrio|Tangling Hair\n|-unboost|p2a: Avalugg|spe|1\n|\n|upkeep\n|turn|2\n|inactive|Time left: 300 sec this turn | 300 sec total\n|\n|t:|1783572086\n|switch|p2a: Krookodile|Krookodile, L79, M|100/100\n|-damage|p2a: Krookodile|94/100|[from] Stealth Rock\n|-ability|p2a: Krookodile|Intimidate|boost\n|-unboost|p1a: Dugtrio|atk|1\n|move|p1a: Dugtrio|Iron Head|p2a: Krookodile\n|-damage|p2a: Krookodile|62/100\n|-damage|p1a: Dugtrio|57/196|[from] item: Life Orb\n|\n|-heal|p2a: Krookodile|68/100|[from] item: Leftovers\n|upkeep\n|turn|3\n|inactive|Time left: 300 sec this turn | 300 sec total\n|\n|t:|1783572087\n|switch|p1a: Masquerain|Masquerain, L87, F|264/264\n|-ability|p1a: Masquerain|Intimidate|boost\n|-unboost|p2a: Krookodile|atk|1\n|move|p2a: Krookodile|Bulk Up|p2a: Krookodile\n|-boost|p2a: Krookodile|atk|1\n|-boost|p2a: Krookodile|def|1\n|\n|-heal|p2a: Krookodile|74/100|[from] item: Leftovers\n|upkeep\n|turn|4\n|inactive|Time left: 300 sec this turn | 300 sec total\n|\n|t:|1783572088\n|move|p2a: Krookodile|Knock Off|p1a: Masquerain\n|-damage|p1a: Masquerain|144/264\n|-enditem|p1a: Masquerain|Heavy-Duty Boots|[from] move: Knock Off|[of] p2a: Krookodile\n|move|p1a: Masquerain|Sticky Web|p2a: Krookodile\n|-sidestart|p2: p0y286821dc|move: Sticky Web\n|\n|-heal|p2a: Krookodile|80/100|[from] item: Leftovers\n|upkeep\n|turn|5\n|inactive|Time left: 300 sec this turn | 300 sec total\n|\n|t:|1783572089\n|move|p2a: Krookodile|Knock Off|p1a: Masquerain\n|-damage|p1a: Masquerain|54/264\n|move|p1a: Masquerain|Bug Buzz|p2a: Krookodile\n|-supereffective|p2a: Krookodile\n|-damage|p2a: Krookodile|0 fnt\n|faint|p2a: Krookodile\n|\n|upkeep\n|\n|t:|1783572090\n|switch|p2a: Avalugg|Avalugg-Hisui, L90, F|100/100\n|turn|6\n|inactive|Time left: 300 sec this turn | 300 sec total\n|\n|t:|1783572091\n|move|p1a: Masquerain|Hydro Pump|p2a: Avalugg\n|-supereffective|p2a: Avalugg\n|-damage|p2a: Avalugg|6/100\n|move|p2a: Avalugg|Rapid Spin|p1a: Masquerain\n|-damage|p1a: Masquerain|0 fnt\n|-boost|p2a: Avalugg|spe|1\n|-sideend|p2: p0y286821dc|Stealth Rock|[from] move: Rapid Spin|[of] p2a: Avalugg\n|-sideend|p2: p0y286821dc|Sticky Web|[from] move: Rapid Spin|[of] p2a: Avalugg\n|faint|p1a: Masquerain\n|\n|upkeep\n|inactive|Time left: 300 sec this turn | 300 sec total | 5 sec grace\n|\n|t:|1783572092\n|switch|p1a: Wugtrio|Wugtrio, L91, M|212/212\n|turn|7\n|inactive|Time left: 300 sec this turn | 300 sec total\n|\n|t:|1783572093\n|move|p1a: Wugtrio|Liquidation|p2a: Avalugg\n|-supereffective|p2a: Avalugg\n|-damage|p2a: Avalugg|0 fnt\n|faint|p2a: Avalugg\n|\n|upkeep\n|\n|t:|1783572094\n|switch|p2a: Iron Leaves|Iron Leaves, L80|100/100\n|turn|8\n|inactive|Time left: 300 sec this turn | 300 sec total\n|\n|t:|1783572095\n|move|p1a: Wugtrio|Liquidation|p2a: Iron Leaves\n|-resisted|p2a: Iron Leaves\n|-damage|p2a: Iron Leaves|68/100\n|move|p2a: Iron Leaves|Swords Dance|p2a: Iron Leaves\n|-boost|p2a: Iron Leaves|atk|2\n|\n|upkeep\n|turn|9\n|inactive|Time left: 300 sec this turn | 300 sec total\n|\n|t:|1783572096\n|move|p1a: Wugtrio|Liquidation|p2a: Iron Leaves\n|-resisted|p2a: Iron Leaves\n|-damage|p2a: Iron Leaves|35/100\n|-unboost|p2a: Iron Leaves|def|1\n|move|p2a: Iron Leaves|Psyblade|p1a: Wugtrio\n|-crit|p1a: Wugtrio\n|-damage|p1a: Wugtrio|0 fnt\n|-ability|p1a: Wugtrio|Gooey\n|-unboost|p2a: Iron Leaves|spe|1\n|faint|p1a: Wugtrio\n|-damage|p2a: Iron Leaves|25/100|[from] item: Life Orb\n|\n|upkeep\n|inactive|Time left: 300 sec this turn | 300 sec total | 5 sec grace\n|\n|t:|1783572097\n|switch|p1a: Vigoroth|Vigoroth, L85, F|275/275\n|turn|10\n|inactive|Time left: 300 sec this turn | 300 sec total\n|\n|t:|1783572098\n|-end|p2a: Iron Leaves|Quark Drive|[silent]\n|switch|p2a: Mandibuzz|Mandibuzz, L85, F|100/100\n|move|p1a: Vigoroth|Body Slam|p2a: Mandibuzz\n|-damage|p2a: Mandibuzz|79/100\n|-status|p2a: Mandibuzz|par\n|\n|upkeep\n|turn|11\n|inactive|Time left: 300 sec this turn | 300 sec total\n|\n|t:|1783572099\n|move|p1a: Vigoroth|Bulk Up|p1a: Vigoroth\n|-boost|p1a: Vigoroth|atk|1\n|-boost|p1a: Vigoroth|def|1\n|move|p2a: Mandibuzz|Knock Off|p1a: Vigoroth\n|-damage|p1a: Vigoroth|236/275\n|-enditem|p1a: Vigoroth|Eviolite|[from] move: Knock Off|[of] p2a: Mandibuzz\n|\n|upkeep\n|turn|12\n|inactive|Time left: 300 sec this turn | 300 sec total\n|\n|t:|1783572100\n|move|p1a: Vigoroth|Bulk Up|p1a: Vigoroth\n|-boost|p1a: Vigoroth|atk|1\n|-boost|p1a: Vigoroth|def|1\n|move|p2a: Mandibuzz|Toxic|p1a: Vigoroth\n|-status|p1a: Vigoroth|tox\n|\n|-damage|p1a: Vigoroth|219/275 tox|[from] psn\n|upkeep\n|turn|13\n|inactive|Time left: 300 sec this turn | 300 sec total\n|\n|t:|1783572101\n|move|p1a: Vigoroth|Body Slam|p2a: Mandibuzz\n|-damage|p2a: Mandibuzz|38/100 par\n|move|p2a: Mandibuzz|Roost|p2a: Mandibuzz\n|-heal|p2a: Mandibuzz|88/100 par\n|-singleturn|p2a: Mandibuzz|move: Roost\n|\n|-damage|p1a: Vigoroth|185/275 tox|[from] psn\n|upkeep\n|turn|14\n|inactive|Time left: 300 sec this turn | 300 sec total\n|\n|t:|1783572102\n|move|p1a: Vigoroth|Body Slam|p2a: Mandibuzz\n|-damage|p2a: Mandibuzz|47/100 par\n|cant|p2a: Mandibuzz|par\n|\n|-damage|p1a: Vigoroth|134/275 tox|[from] psn\n|upkeep\n|turn|15\n|inactive|Time left: 300 sec this turn | 300 sec total\n|\n|t:|1783572103\n|move|p1a: Vigoroth|Slack Off|p1a: Vigoroth\n|-heal|p1a: Vigoroth|272/275 tox\n|cant|p2a: Mandibuzz|par\n|\n|-damage|p1a: Vigoroth|204/275 tox|[from] psn\n|upkeep\n|turn|16\n|inactive|Time left: 300 sec this turn | 300 sec total\n|\n|t:|1783572103\n|move|p1a: Vigoroth|Body Slam|p2a: Mandibuzz\n|-damage|p2a: Mandibuzz|7/100 par\n|cant|p2a: Mandibuzz|par\n|\n|-damage|p1a: Vigoroth|119/275 tox|[from] psn\n|upkeep\n|turn|17\n|inactive|Time left: 300 sec this turn | 300 sec total\n|\n|t:|1783572104\n|move|p1a: Vigoroth|Body Slam|p2a: Mandibuzz\n|-damage|p2a: Mandibuzz|0 fnt\n|faint|p2a: Mandibuzz\n|\n|-damage|p1a: Vigoroth|17/275 tox|[from] psn\n|upkeep\n|\n|t:|1783572105\n|switch|p2a: Persian|Persian, L92, M|100/100\n|turn|18\n|inactive|Time left: 300 sec this turn | 300 sec total\n|\n|t:|1783572106\n|move|p2a: Persian|Knock Off|p1a: Vigoroth\n|-damage|p1a: Vigoroth|0 fnt\n|faint|p1a: Vigoroth\n|\n|upkeep\n|inactive|Time left: 300 sec this turn | 300 sec total | 5 sec grace\n|\n|t:|1783572106\n|switch|p1a: Comfey|Comfey, L85, M|225/225\n|turn|19\n|inactive|Time left: 300 sec this turn | 300 sec total\n|\n|t:|1783572107\n|switch|p2a: Venomoth|Venomoth, L84, M|100/100\n|move|p1a: Comfey|Calm Mind|p1a: Comfey\n|-boost|p1a: Comfey|spa|1\n|-boost|p1a: Comfey|spd|1\n|\n|upkeep\n|turn|20\n|inactive|Time left: 300 sec this turn | 300 sec total\n|\n|t:|1783572108\n|move|p1a: Comfey|Calm Mind|p1a: Comfey\n|-boost|p1a: Comfey|spa|1\n|-boost|p1a: Comfey|spd|1\n|move|p2a: Venomoth|Quiver Dance|p2a: Venomoth\n|-boost|p2a: Venomoth|spa|1\n|-boost|p2a: Venomoth|spd|1\n|-boost|p2a: Venomoth|spe|1\n|\n|upkeep\n|turn|21\n|inactive|Time left: 300 sec this turn | 300 sec total\n|\n|t:|1783572109\n|move|p2a: Venomoth|Quiver Dance|p2a: Venomoth\n|-boost|p2a: Venomoth|spa|1\n|-boost|p2a: Venomoth|spd|1\n|-boost|p2a: Venomoth|spe|1\n|move|p1a: Comfey|Tera Blast|p2a: Venomoth\n|-damage|p2a: Venomoth|76/100\n|\n|upkeep\n|turn|22\n|inactive|Time left: 300 sec this turn | 300 sec total\n|\n|t:|1783572110\n|-terastallize|p1a: Comfey|Ground\n|move|p2a: Venomoth|Sleep Powder|p1a: Comfey\n|-status|p1a: Comfey|slp|[from] move: Sleep Powder\n|cant|p1a: Comfey|slp\n|\n|upkeep\n|turn|23\n|inactive|Time left: 300 sec this turn | 300 sec total\n|\n|t:|1783572111\n|move|p2a: Venomoth|Quiver Dance|p2a: Venomoth\n|-boost|p2a: Venomoth|spa|1\n|-boost|p2a: Venomoth|spd|1\n|-boost|p2a: Venomoth|spe|1\n|cant|p1a: Comfey|slp\n|\n|upkeep\n|turn|24\n|inactive|Time left: 300 sec this turn | 300 sec total\n|\n|t:|1783572112\n|move|p2a: Venomoth|Bug Buzz|p1a: Comfey\n|-damage|p1a: Comfey|128/225 slp\n|-curestatus|p1a: Comfey|slp|[msg]\n|move|p1a: Comfey|Calm Mind|p1a: Comfey\n|-boost|p1a: Comfey|spa|1\n|-boost|p1a: Comfey|spd|1\n|\n|-heal|p1a: Comfey|142/225|[from] item: Leftovers\n|upkeep\n|turn|25\n|inactive|Time left: 300 sec this turn | 300 sec total\n|\n|t:|1783572113\n|move|p2a: Venomoth|Sludge Wave|p1a: Comfey\n|-resisted|p1a: Comfey\n|-damage|p1a: Comfey|64/225\n|move|p1a: Comfey|Tera Blast|p2a: Venomoth|[anim] Tera Blast Ground\n|-damage|p2a: Venomoth|42/100\n|\n|-heal|p1a: Comfey|78/225|[from] item: Leftovers\n|upkeep\n|turn|26\n|inactive|Time left: 300 sec this turn | 300 sec total\n|\n|t:|1783572114\n|move|p2a: Venomoth|Sludge Wave|p1a: Comfey\n|-resisted|p1a: Comfey\n|-damage|p1a: Comfey|6/225\n|move|p1a: Comfey|Tera Blast|p2a: Venomoth|[anim] Tera Blast Ground\n|-damage|p2a: Venomoth|8/100\n|\n|-heal|p1a: Comfey|20/225|[from] item: Leftovers\n|upkeep\n|turn|27\n|inactive|Time left: 300 sec this turn | 300 sec total\n|\n|t:|1783572115\n|move|p1a: Comfey|Draining Kiss|p2a: Venomoth\n|-resisted|p2a: Venomoth\n|-damage|p2a: Venomoth|0 fnt\n|-heal|p1a: Comfey|35/225|[from] drain|[of] p2a: Venomoth\n|faint|p2a: Venomoth\n|\n|-heal|p1a: Comfey|49/225|[from] item: Leftovers\n|upkeep\n|\n|t:|1783572116\n|switch|p2a: Persian|Persian, L92, M|100/100\n|turn|28\n|inactive|Time left: 300 sec this turn | 300 sec total\n|\n|t:|1783572117\n|move|p1a: Comfey|Draining Kiss|p2a: Persian\n|-damage|p2a: Persian|46/100\n|-heal|p1a: Comfey|159/225|[from] drain|[of] p2a: Persian\n|move|p2a: Persian|Double-Edge|p1a: Comfey\n|-damage|p1a: Comfey|0 fnt\n|faint|p1a: Comfey\n|-damage|p2a: Persian|27/100|[from] Recoil\n|\n|upkeep\n|inactive|Time left: 300 sec this turn | 300 sec total | 5 sec grace\n|\n|t:|1783572118\n|switch|p1a: Lumineon|Lumineon, L93, F|279/279\n|turn|29\n|inactive|Time left: 300 sec this turn | 300 sec total\n|\n|t:|1783572119\n|move|p2a: Persian|Double-Edge|p1a: Lumineon\n|-damage|p1a: Lumineon|111/279\n|-damage|p2a: Persian|6/100|[from] Recoil\n|move|p1a: Lumineon|Ice Beam|p2a: Persian\n|-damage|p2a: Persian|0 fnt\n|faint|p2a: Persian\n|-damage|p1a: Lumineon|84/279|[from] item: Life Orb\n|\n|upkeep\n|\n|t:|1783572120\n|switch|p2a: Iron Leaves|Iron Leaves, L80|25/100\n|turn|30\n|inactive|Time left: 300 sec this turn | 300 sec total\n|\n|t:|1783572120\n|move|p1a: Lumineon|Alluring Voice|p2a: Iron Leaves\n|-damage|p2a: Iron Leaves|4/100\n|-damage|p1a: Lumineon|57/279|[from] item: Life Orb\n|move|p2a: Iron Leaves|Swords Dance|p2a: Iron Leaves\n|-boost|p2a: Iron Leaves|atk|2\n|\n|upkeep\n|turn|31\n|inactive|Time left: 300 sec this turn | 300 sec total\n|\n|t:|1783572121\n|switch|p1a: Dugtrio|Dugtrio-Alola, L84, F|57/196\n|-terastallize|p2a: Iron Leaves|Fighting\n|move|p2a: Iron Leaves|Swords Dance|p2a: Iron Leaves\n|-boost|p2a: Iron Leaves|atk|2\n|\n|upkeep\n|turn|32\n|inactive|Time left: 300 sec this turn | 300 sec total\n|\n|t:|1783572122\n|move|p1a: Dugtrio|Stone Edge|p2a: Iron Leaves\n|-resisted|p2a: Iron Leaves\n|-damage|p2a: Iron Leaves|0 fnt\n|faint|p2a: Iron Leaves\n|-end|p2a: Iron Leaves|Quark Drive|[silent]\n|-damage|p1a: Dugtrio|38/196|[from] item: Life Orb\n|\n|win|p0x28688eae", "uploadtime": 1783572122, "views": 0, "rating": 0, "private": 0, "password": null, "_winner": "p0x28688eae", "_our_name": "p0x28688eae"}