{"id": "battle-gen9randombattle-431", "formatid": "gen9randombattle", "format": "[Gen 9] Random Battle", "players": ["p0x431b83e", "p0y43170ca"], "log": "|init|battle\n|title|p0x431b83e vs. p0y43170ca\n|j|\u2606p0x431b83e\n|j|\u2606p0y43170ca\n|t:|1783544728\n|gametype|singles\n|player|p1|p0x431b83e|101|\n|player|p2|p0y43170ca|266|\n|gen|9\n|tier|[Gen 9] Random Battle\n|rule|Species Clause: Limit one of each Pok\u00e9mon\n|rule|HP Percentage Mod: HP is shown in percentages\n|rule|Sleep Clause Mod: Limit one foe put to sleep\n|rule|Illusion Level Mod: Illusion disguises the Pok\u00e9mon's true level\n|\n|t:|1783544728\n|teamsize|p1|6\n|teamsize|p2|6\n|start\n|switch|p1a: Vigoroth|Vigoroth, L85, M|275/275\n|switch|p2a: Smeargle|Smeargle, L95, F|100/100\n|turn|1\n|inactive|Battle timer is ON: inactive players will automatically lose when time's up. (requested by p0y43170ca)\n|inactive|Time left: 300 sec this turn | 300 sec total | 60 sec grace\n|inactive|p0x431b83e also wants the timer to be on.\n|\n|t:|1783544730\n|move|p1a: Vigoroth|Body Slam|p2a: Smeargle\n|-damage|p2a: Smeargle|49/100\n|-status|p2a: Smeargle|par\n|move|p2a: Smeargle|Shell Smash|p2a: Smeargle\n|-unboost|p2a: Smeargle|def|1\n|-unboost|p2a: Smeargle|spd|1\n|-boost|p2a: Smeargle|atk|2\n|-boost|p2a: Smeargle|spa|2\n|-boost|p2a: Smeargle|spe|2\n|\n|upkeep\n|turn|2\n|inactive|Time left: 300 sec this turn | 300 sec total\n|\n|t:|1783544731\n|move|p1a: Vigoroth|Knock Off|p2a: Smeargle\n|-damage|p2a: Smeargle|0 fnt\n|-enditem|p2a: Smeargle|Wide Lens|[from] move: Knock Off|[of] p1a: Vigoroth\n|faint|p2a: Smeargle\n|\n|upkeep\n|\n|t:|1783544732\n|switch|p2a: Morpeko|Morpeko, L88, F|100/100\n|turn|3\n|inactive|Time left: 300 sec this turn | 300 sec total\n|\n|t:|1783544733\n|move|p2a: Morpeko|Aura Wheel|p1a: Vigoroth\n|-damage|p1a: Vigoroth|187/275\n|-boost|p2a: Morpeko|spe|1\n|move|p1a: Vigoroth|Bulk Up|p1a: Vigoroth\n|-boost|p1a: Vigoroth|atk|1\n|-boost|p1a: Vigoroth|def|1\n|\n|-formechange|p2a: Morpeko|Morpeko-Hangry||[from] ability: Hunger Switch\n|upkeep\n|turn|4\n|inactive|Time left: 300 sec this turn | 300 sec total\n|\n|t:|1783544734\n|move|p2a: Morpeko|Aura Wheel|p1a: Vigoroth\n|-damage|p1a: Vigoroth|124/275\n|-boost|p2a: Morpeko|spe|1\n|move|p1a: Vigoroth|Body Slam|p2a: Morpeko\n|-damage|p2a: Morpeko|33/100\n|\n|-formechange|p2a: Morpeko|Morpeko||[from] ability: Hunger Switch\n|upkeep\n|turn|5\n|inactive|Time left: 300 sec this turn | 300 sec total\n|\n|t:|1783544735\n|move|p2a: Morpeko|Parting Shot|p1a: Vigoroth\n|-unboost|p1a: Vigoroth|atk|1\n|-unboost|p1a: Vigoroth|spa|1\n|\n|t:|1783544736\n|switch|p2a: Sunflora|Sunflora, M|100/100|[from] Parting Shot\n|move|p1a: Vigoroth|Slack Off|p1a: Vigoroth\n|-heal|p1a: Vigoroth|262/275\n|\n|upkeep\n|turn|6\n|inactive|Time left: 300 sec this turn | 300 sec total\n|\n|t:|1783544737\n|move|p1a: Vigoroth|Body Slam|p2a: Sunflora\n|-damage|p2a: Sunflora|67/100\n|move|p2a: Sunflora|Solar Beam||[still]\n|-prepare|p2a: Sunflora|Solar Beam\n|\n|upkeep\n|turn|7\n|inactive|Time left: 300 sec this turn | 300 sec total\n|\n|t:|1783544739\n|switch|p1a: Amoonguss|Amoonguss, L82, M|321/321\n|move|p2a: Sunflora|Solar Beam|p1a: Amoonguss|[from] lockedmove\n|-resisted|p1a: Amoonguss\n|-damage|p1a: Amoonguss|250/321\n|-damage|p2a: Sunflora|58/100|[from] item: Life Orb\n|\n|-heal|p1a: Amoonguss|270/321|[from] item: Leftovers\n|upkeep\n|turn|8\n|inactive|Time left: 300 sec this turn | 300 sec total\n|\n|t:|1783544740\n|move|p2a: Sunflora|Solar Beam||[still]\n|-prepare|p2a: Sunflora|Solar Beam\n|move|p1a: Amoonguss|Sludge Bomb|p2a: Sunflora\n|-supereffective|p2a: Sunflora\n|-crit|p2a: Sunflora\n|-damage|p2a: Sunflora|0 fnt\n|faint|p2a: Sunflora\n|\n|-heal|p1a: Amoonguss|290/321|[from] item: Leftovers\n|upkeep\n|\n|t:|1783544741\n|switch|p2a: Skuntank|Skuntank, L84, M|100/100\n|turn|9\n|inactive|Time left: 300 sec this turn | 300 sec total\n|\n|t:|1783544742\n|move|p2a: Skuntank|Knock Off|p1a: Amoonguss\n|-crit|p1a: Amoonguss\n|-damage|p1a: Amoonguss|43/321\n|-enditem|p1a: Amoonguss|Leftovers|[from] move: Knock Off|[of] p2a: Skuntank\n|-damage|p2a: Skuntank|90/100|[from] item: Life Orb\n|move|p1a: Amoonguss|Spore|p2a: Skuntank\n|-status|p2a: Skuntank|slp|[from] move: Spore\n|\n|upkeep\n|turn|10\n|inactive|Time left: 300 sec this turn | 300 sec total\n|\n|t:|1783544743\n|switch|p2a: Volbeat|Volbeat, L90, M|100/100\n|move|p1a: Amoonguss|Stomping Tantrum|p2a: Volbeat\n|-resisted|p2a: Volbeat\n|-crit|p2a: Volbeat\n|-damage|p2a: Volbeat|88/100\n|\n|upkeep\n|turn|11\n|inactive|Time left: 300 sec this turn | 300 sec total\n|\n|t:|1783544744\n|switch|p1a: Vigoroth|Vigoroth, L85, M|262/275\n|move|p2a: Volbeat|Lunge|p1a: Vigoroth\n|-damage|p1a: Vigoroth|202/275\n|-unboost|p1a: Vigoroth|atk|1\n|\n|upkeep\n|turn|12\n|inactive|Time left: 300 sec this turn | 300 sec total\n|\n|t:|1783544745\n|move|p2a: Volbeat|Lunge|p1a: Vigoroth\n|-damage|p1a: Vigoroth|148/275\n|-unboost|p1a: Vigoroth|atk|1\n|move|p1a: Vigoroth|Bulk Up|p1a: Vigoroth\n|-boost|p1a: Vigoroth|atk|1\n|-boost|p1a: Vigoroth|def|1\n|\n|upkeep\n|turn|13\n|inactive|Time left: 300 sec this turn | 300 sec total\n|\n|t:|1783544746\n|move|p2a: Volbeat|Lunge|p1a: Vigoroth\n|-damage|p1a: Vigoroth|111/275\n|-unboost|p1a: Vigoroth|atk|1\n|move|p1a: Vigoroth|Slack Off|p1a: Vigoroth\n|-heal|p1a: Vigoroth|249/275\n|\n|upkeep\n|turn|14\n|inactive|Time left: 300 sec this turn | 300 sec total\n|\n|t:|1783544747\n|switch|p1a: Misdreavus|Misdreavus, L90, M|254/254\n|move|p2a: Volbeat|Lunge|p1a: Misdreavus\n|-resisted|p1a: Misdreavus\n|-damage|p1a: Misdreavus|221/254\n|-unboost|p1a: Misdreavus|atk|1\n|\n|upkeep\n|turn|15\n|inactive|Time left: 300 sec this turn | 300 sec total\n|\n|t:|1783544748\n|move|p2a: Volbeat|Lunge|p1a: Misdreavus\n|-resisted|p1a: Misdreavus\n|-damage|p1a: Misdreavus|190/254\n|-unboost|p1a: Misdreavus|atk|1\n|move|p1a: Misdreavus|Calm Mind|p1a: Misdreavus\n|-boost|p1a: Misdreavus|spa|1\n|-boost|p1a: Misdreavus|spd|1\n|\n|upkeep\n|turn|16\n|inactive|Time left: 300 sec this turn | 300 sec total\n|\n|t:|1783544749\n|move|p2a: Volbeat|Lunge|p1a: Misdreavus\n|-resisted|p1a: Misdreavus\n|-damage|p1a: Misdreavus|157/254\n|-unboost|p1a: Misdreavus|atk|1\n|move|p1a: Misdreavus|Draining Kiss|p2a: Volbeat\n|-damage|p2a: Volbeat|66/100\n|-heal|p1a: Misdreavus|201/254|[from] drain|[of] p2a: Volbeat\n|\n|upkeep\n|turn|17\n|inactive|Time left: 300 sec this turn | 300 sec total\n|\n|t:|1783544750\n|move|p2a: Volbeat|Thunder Wave|p1a: Misdreavus\n|-status|p1a: Misdreavus|par\n|move|p1a: Misdreavus|Shadow Ball|p2a: Volbeat\n|-damage|p2a: Volbeat|15/100\n|\n|upkeep\n|turn|18\n|inactive|Time left: 300 sec this turn | 300 sec total\n|\n|t:|1783544751\n|move|p2a: Volbeat|Roost|p2a: Volbeat\n|-heal|p2a: Volbeat|65/100\n|-singleturn|p2a: Volbeat|move: Roost\n|move|p1a: Misdreavus|Draining Kiss|p2a: Volbeat\n|-damage|p2a: Volbeat|45/100\n|-heal|p1a: Misdreavus|241/254 par|[from] drain|[of] p2a: Volbeat\n|\n|upkeep\n|turn|19\n|inactive|Time left: 300 sec this turn | 300 sec total\n|\n|t:|1783544752\n|move|p2a: Volbeat|Roost|p2a: Volbeat\n|-heal|p2a: Volbeat|95/100\n|-singleturn|p2a: Volbeat|move: Roost\n|cant|p1a: Misdreavus|par\n|\n|upkeep\n|turn|20\n|inactive|Time left: 300 sec this turn | 300 sec total\n|\n|t:|1783544753\n|move|p2a: Volbeat|Lunge|p1a: Misdreavus\n|-resisted|p1a: Misdreavus\n|-damage|p1a: Misdreavus|210/254 par\n|-unboost|p1a: Misdreavus|atk|1\n|move|p1a: Misdreavus|Shadow Ball|p2a: Volbeat\n|-damage|p2a: Volbeat|43/100\n|-unboost|p2a: Volbeat|spd|1\n|\n|upkeep\n|turn|21\n|inactive|Time left: 300 sec this turn | 300 sec total\n|\n|t:|1783544754\n|move|p2a: Volbeat|Roost|p2a: Volbeat\n|-heal|p2a: Volbeat|93/100\n|-singleturn|p2a: Volbeat|move: Roost\n|move|p1a: Misdreavus|Shadow Ball|p2a: Volbeat\n|-damage|p2a: Volbeat|20/100\n|\n|upkeep\n|turn|22\n|inactive|Time left: 300 sec this turn | 300 sec total\n|\n|t:|1783544754\n|move|p2a: Volbeat|Roost|p2a: Volbeat\n|-heal|p2a: Volbeat|70/100\n|-singleturn|p2a: Volbeat|move: Roost\n|move|p1a: Misdreavus|Shadow Ball|p2a: Volbeat\n|-damage|p2a: Volbeat|0 fnt\n|faint|p2a: Volbeat\n|\n|upkeep\n|\n|t:|1783544755\n|switch|p2a: Morpeko|Morpeko, L88, F|33/100\n|turn|23\n|inactive|Time left: 300 sec this turn | 300 sec total\n|\n|t:|1783544756\n|move|p2a: Morpeko|Aura Wheel|p1a: Misdreavus\n|-damage|p1a: Misdreavus|107/254 par\n|-boost|p2a: Morpeko|spe|1\n|move|p1a: Misdreavus|Shadow Ball|p2a: Morpeko\n|-resisted|p2a: Morpeko\n|-damage|p2a: Morpeko|0 fnt\n|faint|p2a: Morpeko\n|\n|upkeep\n|\n|t:|1783544757\n|switch|p2a: Quagsire|Quagsire, L84, M|100/100\n|turn|24\n|inactive|Time left: 300 sec this turn | 300 sec total\n|\n|t:|1783544758\n|switch|p1a: Amoonguss|Amoonguss, L82, M|150/321\n|move|p2a: Quagsire|Ice Beam|p1a: Amoonguss\n|-supereffective|p1a: Amoonguss\n|-damage|p1a: Amoonguss|36/321\n|\n|upkeep\n|turn|25\n|inactive|Time left: 300 sec this turn | 300 sec total\n|\n|t:|1783544759\n|switch|p1a: Misdreavus|Misdreavus, L90, M|107/254 par\n|move|p2a: Quagsire|Earthquake|p1a: Misdreavus\n|-immune|p1a: Misdreavus|[from] ability: Levitate\n|\n|upkeep\n|turn|26\n|inactive|Time left: 300 sec this turn | 300 sec total\n|\n|t:|1783544760\n|move|p2a: Quagsire|Ice Beam|p1a: Misdreavus\n|-damage|p1a: Misdreavus|76/254 par\n|move|p1a: Misdreavus|Calm Mind|p1a: Misdreavus\n|-boost|p1a: Misdreavus|spa|1\n|-boost|p1a: Misdreavus|spd|1\n|\n|upkeep\n|turn|27\n|inactive|Time left: 300 sec this turn | 300 sec total\n|\n|t:|1783544761\n|move|p2a: Quagsire|Ice Beam|p1a: Misdreavus\n|-damage|p1a: Misdreavus|48/254 par\n|cant|p1a: Misdreavus|par\n|\n|upkeep\n|turn|28\n|inactive|Time left: 300 sec this turn | 300 sec total\n|\n|t:|1783544762\n|move|p2a: Quagsire|Ice Beam|p1a: Misdreavus\n|-damage|p1a: Misdreavus|16/254 par\n|move|p1a: Misdreavus|Draining Kiss|p2a: Quagsire\n|-damage|p2a: Quagsire|85/100\n|-heal|p1a: Misdreavus|51/254 par|[from] drain|[of] p2a: Quagsire\n|\n|-heal|p2a: Quagsire|91/100|[from] item: Leftovers\n|upkeep\n|turn|29\n|inactive|Time left: 300 sec this turn | 300 sec total\n|\n|t:|1783544763\n|move|p2a: Quagsire|Ice Beam|p1a: Misdreavus\n|-damage|p1a: Misdreavus|22/254 par\n|move|p1a: Misdreavus|Draining Kiss|p2a: Quagsire\n|-crit|p2a: Quagsire\n|-damage|p2a: Quagsire|68/100\n|-heal|p1a: Misdreavus|74/254 par|[from] drain|[of] p2a: Quagsire\n|\n|-heal|p2a: Quagsire|74/100|[from] item: Leftovers\n|upkeep\n|turn|30\n|inactive|Time left: 300 sec this turn | 300 sec total\n|\n|t:|1783544764\n|move|p2a: Quagsire|Recover|p2a: Quagsire\n|-heal|p2a: Quagsire|100/100\n|move|p1a: Misdreavus|Calm Mind|p1a: Misdreavus\n|-boost|p1a: Misdreavus|spa|1\n|-boost|p1a: Misdreavus|spd|1\n|\n|upkeep\n|turn|31\n|inactive|Time left: 300 sec this turn | 300 sec total\n|\n|t:|1783544765\n|move|p2a: Quagsire|Ice Beam|p1a: Misdreavus\n|-damage|p1a: Misdreavus|43/254 par\n|move|p1a: Misdreavus|Draining Kiss|p2a: Quagsire\n|-damage|p2a: Quagsire|85/100\n|-heal|p1a: Misdreavus|78/254 par|[from] drain|[of] p2a: Quagsire\n|\n|-heal|p2a: Quagsire|91/100|[from] item: Leftovers\n|upkeep\n|turn|32\n|inactive|Time left: 300 sec this turn | 300 sec total\n|\n|t:|1783544767\n|move|p2a: Quagsire|Ice Beam|p1a: Misdreavus\n|-damage|p1a: Misdreavus|47/254 par\n|move|p1a: Misdreavus|Shadow Ball|p2a: Quagsire\n|-damage|p2a: Quagsire|56/100\n|-unboost|p2a: Quagsire|spd|1\n|\n|-heal|p2a: Quagsire|62/100|[from] item: Leftovers\n|upkeep\n|turn|33\n|inactive|Time left: 300 sec this turn | 300 sec total\n|\n|t:|1783544768\n|move|p2a: Quagsire|Ice Beam|p1a: Misdreavus\n|-damage|p1a: Misdreavus|17/254 par\n|move|p1a: Misdreavus|Draining Kiss|p2a: Quagsire\n|-damage|p2a: Quagsire|38/100\n|-heal|p1a: Misdreavus|72/254 par|[from] drain|[of] p2a: Quagsire\n|\n|-heal|p2a: Quagsire|44/100|[from] item: Leftovers\n|upkeep\n|turn|34\n|inactive|Time left: 300 sec this turn | 300 sec total\n|\n|t:|1783544769\n|move|p2a: Quagsire|Recover|p2a: Quagsire\n|-heal|p2a: Quagsire|94/100\n|cant|p1a: Misdreavus|par\n|\n|-heal|p2a: Quagsire|99/100|[from] item: Leftovers\n|upkeep\n|turn|35\n|inactive|Time left: 300 sec this turn | 300 sec total\n|\n|t:|1783544770\n|move|p2a: Quagsire|Ice Beam|p1a: Misdreavus\n|-damage|p1a: Misdreavus|43/254 par\n|move|p1a: Misdreavus|Shadow Ball|p2a: Quagsire\n|-damage|p2a: Quagsire|39/100\n|\n|-heal|p2a: Quagsire|45/100|[from] item: Leftovers\n|upkeep\n|turn|36\n|inactive|Time left: 300 sec this turn | 300 sec total\n|\n|t:|1783544771\n|move|p2a: Quagsire|Recover|p2a: Quagsire\n|-heal|p2a: Quagsire|95/100\n|move|p1a: Misdreavus|Shadow Ball|p2a: Quagsire\n|-damage|p2a: Quagsire|40/100\n|\n|-heal|p2a: Quagsire|46/100|[from] item: Leftovers\n|upkeep\n|turn|37\n|inactive|Time left: 300 sec this turn | 300 sec total\n|\n|t:|1783544772\n|move|p2a: Quagsire|Recover|p2a: Quagsire\n|-heal|p2a: Quagsire|96/100\n|move|p1a: Misdreavus|Shadow Ball|p2a: Quagsire\n|-damage|p2a: Quagsire|42/100\n|\n|-heal|p2a: Quagsire|48/100|[from] item: Leftovers\n|upkeep\n|turn|38\n|inactive|Time left: 300 sec this turn | 300 sec total\n|\n|t:|1783544773\n|move|p2a: Quagsire|Recover|p2a: Quagsire\n|-heal|p2a: Quagsire|98/100\n|move|p1a: Misdreavus|Shadow Ball|p2a: Quagsire\n|-damage|p2a: Quagsire|38/100\n|\n|-heal|p2a: Quagsire|44/100|[from] item: Leftovers\n|upkeep\n|turn|39\n|inactive|Time left: 300 sec this turn | 300 sec total\n|\n|t:|1783544774\n|move|p2a: Quagsire|Recover|p2a: Quagsire\n|-heal|p2a: Quagsire|94/100\n|cant|p1a: Misdreavus|par\n|\n|-heal|p2a: Quagsire|99/100|[from] item: Leftovers\n|upkeep\n|turn|40\n|inactive|Time left: 300 sec this turn | 300 sec total\n|\n|t:|1783544775\n|move|p2a: Quagsire|Ice Beam|p1a: Misdreavus\n|-damage|p1a: Misdreavus|9/254 par\n|cant|p1a: Misdreavus|par\n|\n|-heal|p2a: Quagsire|100/100|[from] item: Leftovers\n|upkeep\n|turn|41\n|inactive|Time left: 300 sec this turn | 300 sec total\n|\n|t:|1783544777\n|move|p2a: Quagsire|Ice Beam|p1a: Misdreavus\n|-damage|p1a: Misdreavus|0 fnt\n|faint|p1a: Misdreavus\n|\n|upkeep\n|inactive|Time left: 300 sec this turn | 300 sec total | 5 sec grace\n|\n|t:|1783544778\n|switch|p1a: Amoonguss|Amoonguss, L82, M|143/321\n|turn|42\n|inactive|Time left: 300 sec this turn | 300 sec total\n|\n|t:|1783544779\n|-terastallize|p2a: Quagsire|Poison\n|move|p2a: Quagsire|Earthquake|p1a: Amoonguss\n|-damage|p1a: Amoonguss|26/321\n|move|p1a: Amoonguss|Giga Drain|p2a: Quagsire\n|-resisted|p2a: Quagsire\n|-damage|p2a: Quagsire|77/100\n|-heal|p1a: Amoonguss|61/321|[from] drain|[of] p2a: Quagsire\n|\n|-heal|p2a: Quagsire|83/100|[from] item: Leftovers\n|upkeep\n|turn|43\n|inactive|Time left: 300 sec this turn | 300 sec total\n|\n|t:|1783544780\n|switch|p1a: Vigoroth|Vigoroth, L85, M|249/275\n|move|p2a: Quagsire|Earthquake|p1a: Vigoroth\n|-damage|p1a: Vigoroth|179/275\n|\n|-heal|p2a: Quagsire|89/100|[from] item: Leftovers\n|upkeep\n|turn|44\n|inactive|Time left: 300 sec this turn | 300 sec total\n|\n|t:|1783544781\n|move|p1a: Vigoroth|Bulk Up|p1a: Vigoroth\n|-boost|p1a: Vigoroth|atk|1\n|-boost|p1a: Vigoroth|def|1\n|move|p2a: Quagsire|Toxic|p1a: Vigoroth\n|-status|p1a: Vigoroth|tox\n|\n|-heal|p2a: Quagsire|95/100|[from] item: Leftovers\n|-damage|p1a: Vigoroth|162/275 tox|[from] psn\n|upkeep\n|turn|45\n|inactive|Time left: 300 sec this turn | 300 sec total\n|\n|t:|1783544782\n|move|p1a: Vigoroth|Body Slam|p2a: Quagsire\n|-damage|p2a: Quagsire|70/100\n|-status|p2a: Quagsire|par\n|move|p2a: Quagsire|Earthquake|p1a: Vigoroth\n|-damage|p1a: Vigoroth|89/275 tox\n|\n|-heal|p2a: Quagsire|76/100 par|[from] item: Leftovers\n|-damage|p1a: Vigoroth|55/275 tox|[from] psn\n|upkeep\n|turn|46\n|inactive|Time left: 300 sec this turn | 300 sec total\n|\n|t:|1783544783\n|move|p1a: Vigoroth|Slack Off|p1a: Vigoroth\n|-heal|p1a: Vigoroth|193/275 tox\n|cant|p2a: Quagsire|par\n|\n|-heal|p2a: Quagsire|82/100 par|[from] item: Leftovers\n|-damage|p1a: Vigoroth|142/275 tox|[from] psn\n|upkeep\n|turn|47\n|inactive|Time left: 300 sec this turn | 300 sec total\n|\n|t:|1783544784\n|move|p1a: Vigoroth|Slack Off|p1a: Vigoroth\n|-heal|p1a: Vigoroth|275/275 tox\n|move|p2a: Quagsire|Earthquake|p1a: Vigoroth\n|-damage|p1a: Vigoroth|206/275 tox\n|\n|-heal|p2a: Quagsire|88/100 par|[from] item: Leftovers\n|-damage|p1a: Vigoroth|138/275 tox|[from] psn\n|upkeep\n|turn|48\n|inactive|Time left: 300 sec this turn | 300 sec total\n|\n|t:|1783544785\n|move|p1a: Vigoroth|Slack Off|p1a: Vigoroth\n|-heal|p1a: Vigoroth|275/275 tox\n|move|p2a: Quagsire|Toxic|p1a: Vigoroth\n|-fail|p1a: Vigoroth|tox\n|\n|-heal|p2a: Quagsire|94/100 par|[from] item: Leftovers\n|-damage|p1a: Vigoroth|190/275 tox|[from] psn\n|upkeep\n|turn|49\n|inactive|Time left: 300 sec this turn | 300 sec total\n|\n|t:|1783544786\n|switch|p1a: Amoonguss|Amoonguss, L82, M|168/321\n|cant|p2a: Quagsire|par\n|\n|-heal|p2a: Quagsire|99/100 par|[from] item: Leftovers\n|upkeep\n|turn|50\n|inactive|Time left: 300 sec this turn | 300 sec total\n|\n|t:|1783544787\n|switch|p1a: Vigoroth|Vigoroth, L85, M|190/275 tox\n|cant|p2a: Quagsire|par\n|\n|-heal|p2a: Quagsire|100/100 par|[from] item: Leftovers\n|-damage|p1a: Vigoroth|173/275 tox|[from] psn\n|upkeep\n|turn|51\n|inactive|Time left: 300 sec this turn | 300 sec total\n|\n|t:|1783544788\n|move|p1a: Vigoroth|Slack Off|p1a: Vigoroth\n|-heal|p1a: Vigoroth|275/275 tox\n|move|p2a: Quagsire|Earthquake|p1a: Vigoroth\n|-damage|p1a: Vigoroth|209/275 tox\n|\n|-damage|p1a: Vigoroth|175/275 tox|[from] psn\n|upkeep\n|turn|52\n|inactive|Time left: 300 sec this turn | 300 sec total\n|\n|t:|1783544789\n|move|p1a: Vigoroth|Knock Off|p2a: Quagsire\n|-damage|p2a: Quagsire|79/100 par\n|-enditem|p2a: Quagsire|Leftovers|[from] move: Knock Off|[of] p1a: Vigoroth\n|cant|p2a: Quagsire|par\n|\n|-damage|p1a: Vigoroth|124/275 tox|[from] psn\n|upkeep\n|turn|53\n|inactive|Time left: 300 sec this turn | 300 sec total\n|\n|t:|1783544790\n|move|p1a: Vigoroth|Slack Off|p1a: Vigoroth\n|-heal|p1a: Vigoroth|262/275 tox\n|move|p2a: Quagsire|Earthquake|p1a: Vigoroth\n|-damage|p1a: Vigoroth|196/275 tox\n|\n|-damage|p1a: Vigoroth|128/275 tox|[from] psn\n|upkeep\n|turn|54\n|inactive|Time left: 300 sec this turn | 300 sec total\n|\n|t:|1783544792\n|switch|p1a: Iron Treads|Iron Treads, L77|265/265\n|move|p2a: Quagsire|Recover|p2a: Quagsire\n|-heal|p2a: Quagsire|100/100 par\n|\n|upkeep\n|turn|55\n|inactive|Time left: 300 sec this turn | 300 sec total\n|\n|t:|1783544792\n|move|p1a: Iron Treads|Earthquake|p2a: Quagsire\n|-supereffective|p2a: Quagsire\n|-damage|p2a: Quagsire|38/100 par\n|move|p2a: Quagsire|Earthquake|p1a: Iron Treads\n|-supereffective|p1a: Iron Treads\n|-damage|p1a: Iron Treads|95/265\n|\n|upkeep\n|turn|56\n|inactive|Time left: 300 sec this turn | 300 sec total\n|\n|t:|1783544794\n|move|p1a: Iron Treads|Earthquake|p2a: Quagsire\n|-supereffective|p2a: Quagsire\n|-damage|p2a: Quagsire|0 fnt\n|faint|p2a: Quagsire\n|\n|upkeep\n|\n|t:|1783544795\n|switch|p2a: Skuntank|Skuntank, L84, M|90/100 slp\n|turn|57\n|inactive|Time left: 300 sec this turn | 300 sec total\n|\n|t:|1783544796\n|move|p1a: Iron Treads|Earthquake|p2a: Skuntank\n|-supereffective|p2a: Skuntank\n|-damage|p2a: Skuntank|7/100 slp\n|cant|p2a: Skuntank|slp\n|\n|upkeep\n|turn|58\n|inactive|Time left: 300 sec this turn | 300 sec total\n|\n|t:|1783544797\n|-terastallize|p1a: Iron Treads|Dragon\n|move|p1a: Iron Treads|Knock Off|p2a: Skuntank\n|-resisted|p2a: Skuntank\n|-damage|p2a: Skuntank|0 fnt\n|-damage|p1a: Iron Treads|29/265|[from] ability: Aftermath|[of] p2a: Skuntank\n|-enditem|p2a: Skuntank|Life Orb|[from] move: Knock Off|[of] p1a: Iron Treads\n|faint|p2a: Skuntank\n|\n|win|p0x431b83e", "uploadtime": 1783544797, "views": 0, "rating": 0, "private": 0, "password": null, "_winner": "p0x431b83e", "_our_name": "p0x431b83e"}