{"id": "battle-gen9randombattle-2167", "formatid": "gen9randombattle", "format": "[Gen 9] Random Battle", "players": ["p0x21675c35", "p0y2167689b"], "log": "|init|battle\n|title|p0x21675c35 vs. p0y2167689b\n|j|\u2606p0x21675c35\n|j|\u2606p0y2167689b\n|t:|1783564241\n|gametype|singles\n|player|p1|p0x21675c35|101|\n|player|p2|p0y2167689b|170|\n|gen|9\n|tier|[Gen 9] Random Battle\n|rule|Species Clause: Limit one of each Pok\u00e9mon\n|rule|HP Percentage Mod: HP is shown in percentages\n|rule|Sleep Clause Mod: Limit one foe put to sleep\n|rule|Illusion Level Mod: Illusion disguises the Pok\u00e9mon's true level\n|\n|t:|1783564241\n|teamsize|p1|6\n|teamsize|p2|6\n|start\n|switch|p1a: Forretress|Forretress, L84, M|263/263\n|switch|p2a: Zangoose|Zangoose, L85, F|100/100\n|turn|1\n|inactive|Battle timer is ON: inactive players will automatically lose when time's up. (requested by p0y2167689b)\n|inactive|Time left: 300 sec this turn | 300 sec total | 60 sec grace\n|inactive|p0x21675c35 also wants the timer to be on.\n|\n|t:|1783564242\n|switch|p2a: Vikavolt|Vikavolt, L83, M|100/100\n|move|p1a: Forretress|Stealth Rock|p2a: Vikavolt\n|-sidestart|p2: p0y2167689b|move: Stealth Rock\n|\n|upkeep\n|turn|2\n|inactive|Time left: 300 sec this turn | 300 sec total\n|\n|t:|1783564244\n|move|p2a: Vikavolt|Sticky Web|p1a: Forretress\n|-sidestart|p1: p0x21675c35|move: Sticky Web\n|move|p1a: Forretress|Rapid Spin|p2a: Vikavolt\n|-damage|p2a: Vikavolt|88/100\n|-boost|p1a: Forretress|spe|1\n|-sideend|p1: p0x21675c35|Sticky Web|[from] move: Rapid Spin|[of] p1a: Forretress\n|\n|upkeep\n|turn|3\n|inactive|Time left: 300 sec this turn | 300 sec total\n|\n|t:|1783564244\n|move|p1a: Forretress|Iron Head|p2a: Vikavolt\n|-resisted|p2a: Vikavolt\n|-damage|p2a: Vikavolt|73/100\n|cant|p2a: Vikavolt|flinch\n|\n|upkeep\n|turn|4\n|inactive|Time left: 300 sec this turn | 300 sec total\n|\n|t:|1783564245\n|move|p1a: Forretress|Iron Head|p2a: Vikavolt\n|-resisted|p2a: Vikavolt\n|-damage|p2a: Vikavolt|57/100\n|cant|p2a: Vikavolt|flinch\n|\n|upkeep\n|turn|5\n|inactive|Time left: 300 sec this turn | 300 sec total\n|\n|t:|1783564246\n|move|p1a: Forretress|Iron Head|p2a: Vikavolt\n|-resisted|p2a: Vikavolt\n|-damage|p2a: Vikavolt|42/100\n|move|p2a: Vikavolt|Sticky Web|p1a: Forretress\n|-sidestart|p1: p0x21675c35|move: Sticky Web\n|\n|upkeep\n|turn|6\n|inactive|Time left: 300 sec this turn | 300 sec total\n|\n|t:|1783564247\n|move|p1a: Forretress|Rapid Spin|p2a: Vikavolt\n|-damage|p2a: Vikavolt|30/100\n|-boost|p1a: Forretress|spe|1\n|-sideend|p1: p0x21675c35|Sticky Web|[from] move: Rapid Spin|[of] p1a: Forretress\n|move|p2a: Vikavolt|Thunderbolt|p1a: Forretress\n|-damage|p1a: Forretress|92/263\n|\n|-heal|p1a: Forretress|108/263|[from] item: Leftovers\n|upkeep\n|turn|7\n|inactive|Time left: 300 sec this turn | 300 sec total\n|\n|t:|1783564248\n|move|p1a: Forretress|Iron Head|p2a: Vikavolt\n|-resisted|p2a: Vikavolt\n|-damage|p2a: Vikavolt|15/100\n|move|p2a: Vikavolt|Thunderbolt|p1a: Forretress\n|-damage|p1a: Forretress|0 fnt\n|faint|p1a: Forretress\n|\n|upkeep\n|inactive|Time left: 300 sec this turn | 300 sec total | 5 sec grace\n|\n|t:|1783564249\n|switch|p1a: Dragonite|Dragonite, L74, M|257/257\n|turn|8\n|inactive|Time left: 300 sec this turn | 300 sec total\n|\n|t:|1783564250\n|switch|p2a: Luxray|Luxray, L88, F|100/100\n|-damage|p2a: Luxray|88/100|[from] Stealth Rock\n|-ability|p2a: Luxray|Intimidate|boost\n|-unboost|p1a: Dragonite|atk|1\n|move|p1a: Dragonite|Outrage|p2a: Luxray\n|-damage|p2a: Luxray|59/100\n|\n|upkeep\n|turn|9\n|inactive|Time left: 300 sec this turn | 300 sec total\n|\n|t:|1783564252\n|move|p2a: Luxray|Ice Fang|p1a: Dragonite\n|-supereffective|p1a: Dragonite\n|-damage|p1a: Dragonite|139/257\n|move|p1a: Dragonite|Outrage|p2a: Luxray|[from] lockedmove\n|-damage|p2a: Luxray|28/100\n|-start|p1a: Dragonite|confusion|[fatigue]\n|\n|upkeep\n|turn|10\n|inactive|Time left: 300 sec this turn | 300 sec total\n|\n|t:|1783564253\n|switch|p1a: Whiscash|Whiscash, L88, F|337/337\n|move|p2a: Luxray|Play Rough|p1a: Whiscash\n|-damage|p1a: Whiscash|253/337\n|\n|-heal|p1a: Whiscash|274/337|[from] item: Leftovers\n|upkeep\n|turn|11\n|inactive|Time left: 300 sec this turn | 300 sec total\n|\n|t:|1783564254\n|move|p2a: Luxray|Play Rough|p1a: Whiscash\n|-damage|p1a: Whiscash|177/337\n|move|p1a: Whiscash|Earthquake|p2a: Luxray\n|-supereffective|p2a: Luxray\n|-damage|p2a: Luxray|0 fnt\n|faint|p2a: Luxray\n|\n|-heal|p1a: Whiscash|198/337|[from] item: Leftovers\n|upkeep\n|\n|t:|1783564255\n|switch|p2a: Donphan|Donphan, L84, M|100/100\n|-damage|p2a: Donphan|94/100|[from] Stealth Rock\n|turn|12\n|inactive|Time left: 300 sec this turn | 300 sec total\n|\n|t:|1783564256\n|move|p1a: Whiscash|Hydro Pump|p2a: Donphan\n|-supereffective|p2a: Donphan\n|-damage|p2a: Donphan|23/100\n|move|p2a: Donphan|Rapid Spin|p1a: Whiscash\n|-damage|p1a: Whiscash|154/337\n|-boost|p2a: Donphan|spe|1\n|-sideend|p2: p0y2167689b|Stealth Rock|[from] move: Rapid Spin|[of] p2a: Donphan\n|\n|-heal|p1a: Whiscash|175/337|[from] item: Leftovers\n|upkeep\n|turn|13\n|inactive|Time left: 300 sec this turn | 300 sec total\n|\n|t:|1783564257\n|move|p2a: Donphan|Earthquake|p1a: Whiscash\n|-damage|p1a: Whiscash|34/337\n|move|p1a: Whiscash|Earthquake|p2a: Donphan\n|-damage|p2a: Donphan|0 fnt\n|faint|p2a: Donphan\n|\n|-heal|p1a: Whiscash|55/337|[from] item: Leftovers\n|upkeep\n|\n|t:|1783564258\n|switch|p2a: Zangoose|Zangoose, L85, F|100/100\n|turn|14\n|inactive|Time left: 300 sec this turn | 300 sec total\n|\n|t:|1783564259\n|switch|p1a: Umbreon|Umbreon, L84, F|297/297\n|move|p2a: Zangoose|Knock Off|p1a: Umbreon\n|-resisted|p1a: Umbreon\n|-damage|p1a: Umbreon|263/297\n|-enditem|p1a: Umbreon|Leftovers|[from] move: Knock Off|[of] p2a: Zangoose\n|\n|-status|p2a: Zangoose|tox|[from] item: Toxic Orb\n|upkeep\n|turn|15\n|inactive|Time left: 300 sec this turn | 300 sec total\n|\n|t:|1783564260\n|move|p1a: Umbreon|Protect|p1a: Umbreon\n|-singleturn|p1a: Umbreon|Protect\n|move|p2a: Zangoose|Facade|p1a: Umbreon\n|-activate|p1a: Umbreon|move: Protect\n|\n|-damage|p2a: Zangoose|94/100 tox|[from] psn\n|upkeep\n|turn|16\n|inactive|Time left: 300 sec this turn | 300 sec total\n|\n|t:|1783564261\n|move|p2a: Zangoose|Facade|p1a: Umbreon\n|-damage|p1a: Umbreon|26/297\n|move|p1a: Umbreon|Foul Play|p2a: Zangoose\n|-damage|p2a: Zangoose|37/100 tox\n|\n|-damage|p2a: Zangoose|25/100 tox|[from] psn\n|upkeep\n|turn|17\n|inactive|Time left: 300 sec this turn | 300 sec total\n|\n|t:|1783564262\n|move|p1a: Umbreon|Protect|p1a: Umbreon\n|-singleturn|p1a: Umbreon|Protect\n|move|p2a: Zangoose|Facade|p1a: Umbreon\n|-activate|p1a: Umbreon|move: Protect\n|\n|-damage|p2a: Zangoose|7/100 tox|[from] psn\n|upkeep\n|turn|18\n|inactive|Time left: 300 sec this turn | 300 sec total\n|\n|t:|1783564263\n|move|p2a: Zangoose|Facade|p1a: Umbreon\n|-damage|p1a: Umbreon|0 fnt\n|faint|p1a: Umbreon\n|\n|-damage|p2a: Zangoose|0 fnt|[from] psn\n|faint|p2a: Zangoose\n|upkeep\n|inactive|Time left: 300 sec this turn | 300 sec total | 5 sec grace\n|\n|t:|1783564264\n|switch|p2a: Flygon|Flygon, L82, M|100/100\n|switch|p1a: Tentacruel|Tentacruel, L84, F|272/272\n|turn|19\n|inactive|Time left: 300 sec this turn | 300 sec total\n|\n|t:|1783564265\n|move|p2a: Flygon|Outrage|p1a: Tentacruel\n|-damage|p1a: Tentacruel|121/272\n|move|p1a: Tentacruel|Flip Turn|p2a: Flygon\n|-damage|p2a: Flygon|81/100\n|inactive|Time left: 300 sec this turn | 300 sec total | 5 sec grace\n|\n|t:|1783564266\n|switch|p1a: Dragonite|Dragonite, L74, M|139/257|[from] Flip Turn\n|\n|upkeep\n|turn|20\n|inactive|Time left: 300 sec this turn | 300 sec total\n|\n|t:|1783564267\n|-terastallize|p1a: Dragonite|Steel\n|move|p2a: Flygon|Outrage|p1a: Dragonite|[from] lockedmove\n|-resisted|p1a: Dragonite\n|-damage|p1a: Dragonite|68/257\n|-start|p2a: Flygon|confusion|[fatigue]\n|move|p1a: Dragonite|Roost|p1a: Dragonite\n|-heal|p1a: Dragonite|197/257\n|\n|upkeep\n|turn|21\n|inactive|Time left: 300 sec this turn | 300 sec total\n|\n|t:|1783564268\n|switch|p2a: Vikavolt|Vikavolt, L83, M|15/100\n|move|p1a: Dragonite|Roost|p1a: Dragonite\n|-heal|p1a: Dragonite|257/257\n|\n|upkeep\n|turn|22\n|inactive|Time left: 300 sec this turn | 300 sec total\n|\n|t:|1783564269\n|move|p1a: Dragonite|Outrage|p2a: Vikavolt\n|-crit|p2a: Vikavolt\n|-damage|p2a: Vikavolt|0 fnt\n|faint|p2a: Vikavolt\n|\n|upkeep\n|\n|t:|1783564270\n|switch|p2a: Flygon|Flygon, L82, M|81/100\n|turn|23\n|inactive|Time left: 300 sec this turn | 300 sec total\n|\n|t:|1783564271\n|-terastallize|p2a: Flygon|Steel\n|move|p2a: Flygon|Earthquake|p1a: Dragonite\n|-supereffective|p1a: Dragonite\n|-damage|p1a: Dragonite|142/257\n|move|p1a: Dragonite|Outrage|p2a: Flygon|[from] lockedmove\n|-resisted|p2a: Flygon\n|-damage|p2a: Flygon|54/100\n|-start|p1a: Dragonite|confusion|[fatigue]\n|\n|upkeep\n|turn|24\n|inactive|Time left: 300 sec this turn | 300 sec total\n|\n|t:|1783564272\n|switch|p1a: Sawsbuck|Sawsbuck-Autumn, L88, F|284/284\n|move|p2a: Flygon|Earthquake|p1a: Sawsbuck\n|-resisted|p1a: Sawsbuck\n|-damage|p1a: Sawsbuck|228/284\n|\n|upkeep\n|turn|25\n|inactive|Time left: 300 sec this turn | 300 sec total\n|\n|t:|1783564272\n|move|p2a: Flygon|Earthquake|p1a: Sawsbuck\n|-resisted|p1a: Sawsbuck\n|-damage|p1a: Sawsbuck|165/284\n|move|p1a: Sawsbuck|Swords Dance|p1a: Sawsbuck\n|-boost|p1a: Sawsbuck|atk|2\n|\n|upkeep\n|turn|26\n|inactive|Time left: 300 sec this turn | 300 sec total\n|\n|t:|1783564273\n|switch|p2a: Venusaur|Venusaur, L84, M|100/100\n|move|p1a: Sawsbuck|Horn Leech|p2a: Venusaur\n|-resisted|p2a: Venusaur\n|-damage|p2a: Venusaur|80/100\n|-heal|p1a: Sawsbuck|193/284|[from] drain|[of] p2a: Venusaur\n|-damage|p1a: Sawsbuck|165/284|[from] item: Life Orb\n|\n|-heal|p2a: Venusaur|86/100|[from] item: Leftovers\n|upkeep\n|turn|27\n|inactive|Time left: 300 sec this turn | 300 sec total\n|\n|t:|1783564274\n|move|p1a: Sawsbuck|Double-Edge|p2a: Venusaur\n|-damage|p2a: Venusaur|0 fnt\n|faint|p2a: Venusaur\n|-damage|p1a: Sawsbuck|88/284|[from] Recoil\n|-damage|p1a: Sawsbuck|60/284|[from] item: Life Orb\n|\n|upkeep\n|\n|t:|1783564275\n|switch|p2a: Flygon|Flygon, L82, M, tera:Steel|54/100\n|turn|28\n|inactive|Time left: 300 sec this turn | 300 sec total\n|\n|t:|1783564276\n|move|p2a: Flygon|Earthquake|p1a: Sawsbuck\n|-resisted|p1a: Sawsbuck\n|-damage|p1a: Sawsbuck|2/284\n|move|p1a: Sawsbuck|Double-Edge|p2a: Flygon\n|-resisted|p2a: Flygon\n|-damage|p2a: Flygon|0 fnt\n|faint|p2a: Flygon\n|-damage|p1a: Sawsbuck|0 fnt|[from] Recoil\n|faint|p1a: Sawsbuck\n|\n|win|p0x21675c35", "uploadtime": 1783564276, "views": 0, "rating": 0, "private": 0, "password": null, "_winner": "p0x21675c35", "_our_name": "p0x21675c35"}