{"id": "battle-gen9randombattle-2142", "formatid": "gen9randombattle", "format": "[Gen 9] Random Battle", "players": ["p0x2142d11b", "p0y2142df3c"], "log": "|init|battle\n|title|p0x2142d11b vs. p0y2142df3c\n|j|\u2606p0x2142d11b\n|j|\u2606p0y2142df3c\n|t:|1783564793\n|gametype|singles\n|player|p1|p0x2142d11b|266|\n|player|p2|p0y2142df3c|265|\n|gen|9\n|tier|[Gen 9] Random Battle\n|rule|Species Clause: Limit one of each Pok\u00e9mon\n|rule|HP Percentage Mod: HP is shown in percentages\n|rule|Sleep Clause Mod: Limit one foe put to sleep\n|rule|Illusion Level Mod: Illusion disguises the Pok\u00e9mon's true level\n|\n|t:|1783564793\n|teamsize|p1|6\n|teamsize|p2|6\n|start\n|switch|p1a: Klefki|Klefki, L84, F|100/100\n|switch|p2a: Blaziken|Blaziken, L76, M|247/247\n|turn|1\n|inactive|Battle timer is ON: inactive players will automatically lose when time's up. (requested by p0x2142d11b)\n|inactive|Time left: 300 sec this turn | 300 sec total | 60 sec grace\n|\n|t:|1783564794\n|move|p1a: Klefki|Dazzling Gleam|p2a: Blaziken\n|-damage|p2a: Blaziken|150/247\n|move|p2a: Blaziken|Swords Dance|p2a: Blaziken\n|-boost|p2a: Blaziken|atk|2\n|\n|-ability|p2a: Blaziken|Speed Boost|boost\n|-boost|p2a: Blaziken|spe|1\n|upkeep\n|turn|2\n|inactive|Time left: 300 sec this turn | 300 sec total\n|inactive|p0y2142df3c also wants the timer to be on.\n|\n|t:|1783564796\n|move|p2a: Blaziken|Close Combat|p1a: Klefki\n|-damage|p1a: Klefki|0 fnt\n|-unboost|p2a: Blaziken|def|1\n|-unboost|p2a: Blaziken|spd|1\n|faint|p1a: Klefki\n|-damage|p2a: Blaziken|126/247|[from] item: Life Orb\n|\n|-ability|p2a: Blaziken|Speed Boost|boost\n|-boost|p2a: Blaziken|spe|1\n|upkeep\n|\n|t:|1783564797\n|switch|p1a: Regieleki|Regieleki, L79|100/100\n|turn|3\n|inactive|Time left: 300 sec this turn | 300 sec total\n|\n|t:|1783564798\n|switch|p2a: Galvantula|Galvantula, L82, F|249/249\n|move|p1a: Regieleki|Volt Switch|p2a: Galvantula\n|-resisted|p2a: Galvantula\n|-damage|p2a: Galvantula|185/249\n|\n|t:|1783564799\n|switch|p1a: Torterra|Torterra, L78, M|100/100|[from] Volt Switch\n|\n|upkeep\n|turn|4\n|inactive|Time left: 300 sec this turn | 300 sec total\n|\n|t:|1783564800\n|move|p2a: Galvantula|Sticky Web|p1a: Torterra\n|-sidestart|p1: p0x2142d11b|move: Sticky Web\n|move|p1a: Torterra|Shell Smash|p1a: Torterra\n|-unboost|p1a: Torterra|def|1\n|-unboost|p1a: Torterra|spd|1\n|-boost|p1a: Torterra|atk|2\n|-boost|p1a: Torterra|spa|2\n|-boost|p1a: Torterra|spe|2\n|\n|upkeep\n|turn|5\n|inactive|Time left: 300 sec this turn | 300 sec total\n|\n|t:|1783564801\n|move|p1a: Torterra|Headlong Rush|p2a: Galvantula\n|-damage|p2a: Galvantula|0 fnt\n|-unboost|p1a: Torterra|def|1\n|-unboost|p1a: Torterra|spd|1\n|faint|p2a: Galvantula\n|\n|upkeep\n|inactive|Time left: 300 sec this turn | 300 sec total | 5 sec grace\n|\n|t:|1783564802\n|switch|p2a: Umbreon|Umbreon, L84, F|297/297\n|turn|6\n|inactive|Time left: 300 sec this turn | 300 sec total\n|\n|t:|1783564803\n|move|p1a: Torterra|Headlong Rush|p2a: Umbreon\n|-damage|p2a: Umbreon|84/297\n|-unboost|p1a: Torterra|def|1\n|-unboost|p1a: Torterra|spd|1\n|move|p2a: Umbreon|Foul Play|p1a: Torterra\n|-damage|p1a: Torterra|0 fnt\n|faint|p1a: Torterra\n|\n|-heal|p2a: Umbreon|102/297|[from] item: Leftovers\n|upkeep\n|\n|t:|1783564804\n|switch|p1a: Regieleki|Regieleki, L79|100/100\n|-activate|p1a: Regieleki|move: Sticky Web\n|-unboost|p1a: Regieleki|spe|1\n|turn|7\n|inactive|Time left: 300 sec this turn | 300 sec total\n|\n|t:|1783564805\n|move|p1a: Regieleki|Rapid Spin|p2a: Umbreon\n|-damage|p2a: Umbreon|74/297\n|-boost|p1a: Regieleki|spe|1\n|-sideend|p1: p0x2142d11b|Sticky Web|[from] move: Rapid Spin|[of] p1a: Regieleki\n|move|p2a: Umbreon|Foul Play|p1a: Regieleki\n|-damage|p1a: Regieleki|36/100\n|\n|-heal|p2a: Umbreon|92/297|[from] item: Leftovers\n|upkeep\n|turn|8\n|inactive|Time left: 300 sec this turn | 300 sec total\n|\n|t:|1783564806\n|move|p2a: Umbreon|Protect|p2a: Umbreon\n|-singleturn|p2a: Umbreon|Protect\n|move|p1a: Regieleki|Thunderbolt|p2a: Umbreon\n|-activate|p2a: Umbreon|move: Protect\n|\n|-heal|p2a: Umbreon|110/297|[from] item: Leftovers\n|upkeep\n|turn|9\n|inactive|Time left: 300 sec this turn | 300 sec total\n|\n|t:|1783564807\n|move|p1a: Regieleki|Volt Switch|p2a: Umbreon\n|-damage|p2a: Umbreon|28/297\n|\n|t:|1783564808\n|switch|p1a: Krookodile|Krookodile, L79, M|100/100|[from] Volt Switch\n|-ability|p1a: Krookodile|Intimidate|boost\n|-unboost|p2a: Umbreon|atk|1\n|move|p2a: Umbreon|Foul Play|p1a: Krookodile\n|-resisted|p1a: Krookodile\n|-damage|p1a: Krookodile|78/100\n|\n|-heal|p2a: Umbreon|46/297|[from] item: Leftovers\n|upkeep\n|turn|10\n|inactive|Time left: 300 sec this turn | 300 sec total\n|\n|t:|1783564809\n|move|p1a: Krookodile|Earthquake|p2a: Umbreon\n|-damage|p2a: Umbreon|0 fnt\n|faint|p2a: Umbreon\n|-damage|p1a: Krookodile|68/100|[from] item: Life Orb\n|\n|upkeep\n|inactive|Time left: 300 sec this turn | 300 sec total | 5 sec grace\n|\n|t:|1783564810\n|switch|p2a: Azumarill|Azumarill, L82, F|298/298\n|turn|11\n|inactive|Time left: 300 sec this turn | 300 sec total\n|\n|t:|1783564811\n|switch|p1a: Sinistcha|Sinistcha, L83|100/100\n|move|p2a: Azumarill|Liquidation|p1a: Sinistcha\n|-resisted|p1a: Sinistcha\n|-damage|p1a: Sinistcha|72/100\n|-unboost|p1a: Sinistcha|def|1\n|\n|-heal|p1a: Sinistcha|78/100|[from] item: Leftovers\n|upkeep\n|turn|12\n|inactive|Time left: 300 sec this turn | 300 sec total\n|\n|t:|1783564812\n|move|p1a: Sinistcha|Matcha Gotcha|p2a: Azumarill\n|-supereffective|p2a: Azumarill\n|-damage|p2a: Azumarill|70/298\n|-heal|p1a: Sinistcha|100/100|[from] drain|[of] p2a: Azumarill\n|move|p2a: Azumarill|Liquidation|p1a: Sinistcha\n|-resisted|p1a: Sinistcha\n|-damage|p1a: Sinistcha|63/100\n|\n|-heal|p1a: Sinistcha|69/100|[from] item: Leftovers\n|upkeep\n|turn|13\n|inactive|Time left: 300 sec this turn | 300 sec total\n|\n|t:|1783564813\n|move|p1a: Sinistcha|Shadow Ball|p2a: Azumarill\n|-damage|p2a: Azumarill|0 fnt\n|faint|p2a: Azumarill\n|\n|-heal|p1a: Sinistcha|75/100|[from] item: Leftovers\n|upkeep\n|inactive|Time left: 300 sec this turn | 300 sec total | 5 sec grace\n|\n|t:|1783564814\n|switch|p2a: Blaziken|Blaziken, L76, M|126/247\n|turn|14\n|inactive|Time left: 300 sec this turn | 300 sec total\n|\n|t:|1783564815\n|switch|p1a: Krookodile|Krookodile, L79, M|68/100\n|-ability|p1a: Krookodile|Intimidate|boost\n|-unboost|p2a: Blaziken|atk|1\n|move|p2a: Blaziken|Knock Off|p1a: Krookodile\n|-resisted|p1a: Krookodile\n|-damage|p1a: Krookodile|57/100\n|-enditem|p1a: Krookodile|Life Orb|[from] move: Knock Off|[of] p2a: Blaziken\n|-damage|p2a: Blaziken|102/247|[from] item: Life Orb\n|\n|-ability|p2a: Blaziken|Speed Boost|boost\n|-boost|p2a: Blaziken|spe|1\n|upkeep\n|turn|15\n|inactive|Time left: 300 sec this turn | 300 sec total\n|\n|t:|1783564816\n|move|p2a: Blaziken|Close Combat|p1a: Krookodile\n|-supereffective|p1a: Krookodile\n|-damage|p1a: Krookodile|0 fnt\n|-unboost|p2a: Blaziken|def|1\n|-unboost|p2a: Blaziken|spd|1\n|faint|p1a: Krookodile\n|-damage|p2a: Blaziken|78/247|[from] item: Life Orb\n|\n|-ability|p2a: Blaziken|Speed Boost|boost\n|-boost|p2a: Blaziken|spe|1\n|upkeep\n|\n|t:|1783564817\n|switch|p1a: Regieleki|Regieleki, L79|36/100\n|turn|16\n|inactive|Time left: 300 sec this turn | 300 sec total\n|\n|t:|1783564818\n|switch|p2a: Skuntank|Skuntank, L84, F|310/310\n|move|p1a: Regieleki|Volt Switch|p2a: Skuntank\n|-damage|p2a: Skuntank|210/310\n|\n|t:|1783564819\n|switch|p1a: Sinistcha|Sinistcha, L83|75/100|[from] Volt Switch\n|\n|-heal|p1a: Sinistcha|80/100|[from] item: Leftovers\n|upkeep\n|turn|17\n|inactive|Time left: 300 sec this turn | 300 sec total\n|\n|t:|1783564820\n|-terastallize|p1a: Sinistcha|Steel\n|move|p2a: Skuntank|Knock Off|p1a: Sinistcha\n|-crit|p1a: Sinistcha\n|-damage|p1a: Sinistcha|29/100\n|-enditem|p1a: Sinistcha|Leftovers|[from] move: Knock Off|[of] p2a: Skuntank\n|move|p1a: Sinistcha|Strength Sap|p2a: Skuntank\n|-unboost|p2a: Skuntank|atk|1\n|-heal|p1a: Sinistcha|100/100\n|\n|upkeep\n|turn|18\n|inactive|Time left: 300 sec this turn | 300 sec total\n|\n|t:|1783564821\n|switch|p2a: Komala|Komala, L87, F|255/255\n|-ability|p2a: Komala|Comatose\n|move|p1a: Sinistcha|Shadow Ball|p2a: Komala\n|-immune|p2a: Komala\n|\n|upkeep\n|turn|19\n|inactive|Time left: 300 sec this turn | 300 sec total\n|\n|t:|1783564822\n|move|p1a: Sinistcha|Strength Sap|p2a: Komala\n|-unboost|p2a: Komala|atk|1\n|move|p2a: Komala|U-turn|p1a: Sinistcha\n|-resisted|p1a: Sinistcha\n|-damage|p1a: Sinistcha|94/100\n|inactive|Time left: 300 sec this turn | 300 sec total | 5 sec grace\n|\n|t:|1783564823\n|switch|p2a: Blaziken|Blaziken, L76, M|78/247|[from] U-turn\n|\n|upkeep\n|turn|20\n|inactive|Time left: 300 sec this turn | 300 sec total\n|\n|t:|1783564824\n|move|p2a: Blaziken|Close Combat|p1a: Sinistcha\n|-supereffective|p1a: Sinistcha\n|-damage|p1a: Sinistcha|0 fnt\n|-unboost|p2a: Blaziken|def|1\n|-unboost|p2a: Blaziken|spd|1\n|faint|p1a: Sinistcha\n|-damage|p2a: Blaziken|54/247|[from] item: Life Orb\n|\n|-ability|p2a: Blaziken|Speed Boost|boost\n|-boost|p2a: Blaziken|spe|1\n|upkeep\n|\n|t:|1783564824\n|switch|p1a: Regieleki|Regieleki, L79|36/100\n|turn|21\n|inactive|Time left: 300 sec this turn | 300 sec total\n|\n|t:|1783564825\n|switch|p2a: Komala|Komala, L87, F|255/255\n|-ability|p2a: Komala|Comatose\n|move|p1a: Regieleki|Volt Switch|p2a: Komala\n|-damage|p2a: Komala|185/255\n|\n|t:|1783564826\n|switch|p1a: Hypno|Hypno, L95, M|100/100|[from] Volt Switch\n|\n|upkeep\n|turn|22\n|inactive|Time left: 300 sec this turn | 300 sec total\n|\n|t:|1783564827\n|move|p1a: Hypno|Knock Off|p2a: Komala\n|-damage|p2a: Komala|97/255\n|-enditem|p2a: Komala|Assault Vest|[from] move: Knock Off|[of] p1a: Hypno\n|move|p2a: Komala|U-turn|p1a: Hypno\n|-supereffective|p1a: Hypno\n|-damage|p1a: Hypno|60/100\n|inactive|Time left: 300 sec this turn | 300 sec total | 5 sec grace\n|\n|t:|1783564827\n|switch|p2a: Skuntank|Skuntank, L84, F|210/310|[from] U-turn\n|\n|-heal|p1a: Hypno|66/100|[from] item: Leftovers\n|upkeep\n|turn|23\n|inactive|Time left: 300 sec this turn | 300 sec total\n|\n|t:|1783564828\n|move|p2a: Skuntank|Knock Off|p1a: Hypno\n|-supereffective|p1a: Hypno\n|-damage|p1a: Hypno|0 fnt\n|-enditem|p1a: Hypno|Leftovers|[from] move: Knock Off|[of] p2a: Skuntank\n|faint|p1a: Hypno\n|\n|upkeep\n|\n|t:|1783564829\n|switch|p1a: Regieleki|Regieleki, L79|36/100\n|turn|24\n|inactive|Time left: 300 sec this turn | 300 sec total\n|\n|t:|1783564830\n|-terastallize|p2a: Skuntank|Poison\n|move|p2a: Skuntank|Sucker Punch|p1a: Regieleki\n|-crit|p1a: Regieleki\n|-damage|p1a: Regieleki|0 fnt\n|faint|p1a: Regieleki\n|\n|win|p0y2142df3c", "uploadtime": 1783564830, "views": 0, "rating": 0, "private": 0, "password": null, "_winner": "p0y2142df3c", "_our_name": "p0y2142df3c"}