{"id": "battle-gen9randombattle-123", "formatid": "gen9randombattle", "format": "[Gen 9] Random Battle", "players": ["p0x123103d", "p0y123f6c3"], "log": "|init|battle\n|title|p0x123103d vs. p0y123f6c3\n|j|\u2606p0x123103d\n|j|\u2606p0y123f6c3\n|t:|1783534689\n|gametype|singles\n|player|p1|p0x123103d|1|\n|player|p2|p0y123f6c3|170|\n|gen|9\n|tier|[Gen 9] Random Battle\n|rule|Species Clause: Limit one of each Pok\u00e9mon\n|rule|HP Percentage Mod: HP is shown in percentages\n|rule|Sleep Clause Mod: Limit one foe put to sleep\n|rule|Illusion Level Mod: Illusion disguises the Pok\u00e9mon's true level\n|\n|t:|1783534689\n|teamsize|p1|6\n|teamsize|p2|6\n|start\n|switch|p1a: Milotic|Milotic, L83, M|100/100\n|switch|p2a: Dudunsparce|Dudunsparce-Three-Segment, L83, M|343/343\n|turn|1\n|inactive|Battle timer is ON: inactive players will automatically lose when time's up. (requested by p0y123f6c3)\n|inactive|p0x123103d also wants the timer to be on.\n|\n|t:|1783534691\n|move|p1a: Milotic|Ice Beam|p2a: Dudunsparce\n|-damage|p2a: Dudunsparce|275/343\n|move|p2a: Dudunsparce|Boomburst|p1a: Milotic\n|-damage|p1a: Milotic|64/100\n|\n|-heal|p1a: Milotic|70/100|[from] item: Leftovers\n|-heal|p2a: Dudunsparce|296/343|[from] item: Leftovers\n|upkeep\n|turn|2\n|inactive|Time left: 300 sec this turn | 300 sec total\n|\n|t:|1783534692\n|move|p1a: Milotic|Scald|p2a: Dudunsparce\n|-damage|p2a: Dudunsparce|203/343\n|move|p2a: Dudunsparce|Boomburst|p1a: Milotic\n|-damage|p1a: Milotic|36/100\n|\n|-heal|p1a: Milotic|42/100|[from] item: Leftovers\n|-heal|p2a: Dudunsparce|224/343|[from] item: Leftovers\n|upkeep\n|turn|3\n|inactive|Time left: 300 sec this turn | 300 sec total\n|\n|t:|1783534693\n|move|p1a: Milotic|Recover|p1a: Milotic\n|-heal|p1a: Milotic|92/100\n|move|p2a: Dudunsparce|Toxic|p1a: Milotic\n|-status|p1a: Milotic|tox\n|\n|-heal|p1a: Milotic|98/100 tox|[from] item: Leftovers\n|-heal|p2a: Dudunsparce|245/343|[from] item: Leftovers\n|-damage|p1a: Milotic|92/100 tox|[from] psn\n|upkeep\n|turn|4\n|inactive|Time left: 300 sec this turn | 300 sec total\n|\n|t:|1783534694\n|move|p1a: Milotic|Scald|p2a: Dudunsparce\n|-damage|p2a: Dudunsparce|154/343\n|-status|p2a: Dudunsparce|brn\n|move|p2a: Dudunsparce|Boomburst|p1a: Milotic\n|-damage|p1a: Milotic|56/100 tox\n|\n|-heal|p1a: Milotic|62/100 tox|[from] item: Leftovers\n|-heal|p2a: Dudunsparce|175/343 brn|[from] item: Leftovers\n|-damage|p1a: Milotic|50/100 tox|[from] psn\n|-damage|p2a: Dudunsparce|154/343 brn|[from] brn\n|upkeep\n|turn|5\n|inactive|Time left: 300 sec this turn | 300 sec total\n|\n|t:|1783534695\n|move|p1a: Milotic|Recover|p1a: Milotic\n|-heal|p1a: Milotic|99/100 tox\n|move|p2a: Dudunsparce|Roost|p2a: Dudunsparce\n|-heal|p2a: Dudunsparce|326/343 brn\n|-singleturn|p2a: Dudunsparce|move: Roost\n|\n|-heal|p1a: Milotic|100/100 tox|[from] item: Leftovers\n|-heal|p2a: Dudunsparce|343/343 brn|[from] item: Leftovers\n|-damage|p1a: Milotic|82/100 tox|[from] psn\n|-damage|p2a: Dudunsparce|322/343 brn|[from] brn\n|upkeep\n|turn|6\n|inactive|Time left: 300 sec this turn | 300 sec total\n|\n|t:|1783534696\n|switch|p1a: Necrozma|Necrozma, L80|100/100\n|move|p2a: Dudunsparce|Boomburst|p1a: Necrozma\n|-damage|p1a: Necrozma|52/100\n|\n|-heal|p2a: Dudunsparce|343/343 brn|[from] item: Leftovers\n|-damage|p2a: Dudunsparce|322/343 brn|[from] brn\n|upkeep\n|turn|7\n|inactive|Time left: 300 sec this turn | 300 sec total\n|\n|t:|1783534698\n|move|p1a: Necrozma|Photon Geyser|p2a: Dudunsparce\n|-damage|p2a: Dudunsparce|192/343 brn\n|move|p2a: Dudunsparce|Boomburst|p1a: Necrozma\n|-damage|p1a: Necrozma|7/100\n|\n|-heal|p2a: Dudunsparce|213/343 brn|[from] item: Leftovers\n|-damage|p2a: Dudunsparce|192/343 brn|[from] brn\n|upkeep\n|turn|8\n|inactive|Time left: 300 sec this turn | 300 sec total\n|\n|t:|1783534699\n|move|p1a: Necrozma|Photon Geyser|p2a: Dudunsparce\n|-damage|p2a: Dudunsparce|57/343 brn\n|move|p2a: Dudunsparce|Roost|p2a: Dudunsparce\n|-heal|p2a: Dudunsparce|229/343 brn\n|-singleturn|p2a: Dudunsparce|move: Roost\n|\n|-heal|p2a: Dudunsparce|250/343 brn|[from] item: Leftovers\n|-damage|p2a: Dudunsparce|229/343 brn|[from] brn\n|upkeep\n|turn|9\n|inactive|Time left: 300 sec this turn | 300 sec total\n|\n|t:|1783534700\n|move|p1a: Necrozma|Photon Geyser|p2a: Dudunsparce\n|-damage|p2a: Dudunsparce|82/343 brn\n|move|p2a: Dudunsparce|Roost|p2a: Dudunsparce\n|-heal|p2a: Dudunsparce|254/343 brn\n|-singleturn|p2a: Dudunsparce|move: Roost\n|\n|-heal|p2a: Dudunsparce|275/343 brn|[from] item: Leftovers\n|-damage|p2a: Dudunsparce|254/343 brn|[from] brn\n|upkeep\n|turn|10\n|inactive|Time left: 300 sec this turn | 300 sec total\n|\n|t:|1783534701\n|move|p1a: Necrozma|Photon Geyser|p2a: Dudunsparce\n|-damage|p2a: Dudunsparce|119/343 brn\n|move|p2a: Dudunsparce|Roost|p2a: Dudunsparce\n|-heal|p2a: Dudunsparce|291/343 brn\n|-singleturn|p2a: Dudunsparce|move: Roost\n|\n|-heal|p2a: Dudunsparce|312/343 brn|[from] item: Leftovers\n|-damage|p2a: Dudunsparce|291/343 brn|[from] brn\n|upkeep\n|turn|11\n|inactive|Time left: 300 sec this turn | 300 sec total\n|\n|t:|1783534702\n|move|p1a: Necrozma|Photon Geyser|p2a: Dudunsparce\n|-damage|p2a: Dudunsparce|144/343 brn\n|move|p2a: Dudunsparce|Boomburst|p1a: Necrozma\n|-damage|p1a: Necrozma|0 fnt\n|faint|p1a: Necrozma\n|\n|-heal|p2a: Dudunsparce|165/343 brn|[from] item: Leftovers\n|-damage|p2a: Dudunsparce|144/343 brn|[from] brn\n|upkeep\n|\n|t:|1783534703\n|switch|p1a: Iron Leaves|Iron Leaves, L80|100/100\n|turn|12\n|inactive|Time left: 300 sec this turn | 300 sec total\n|\n|t:|1783534704\n|move|p1a: Iron Leaves|Swords Dance|p1a: Iron Leaves\n|-boost|p1a: Iron Leaves|atk|2\n|move|p2a: Dudunsparce|Boomburst|p1a: Iron Leaves\n|-damage|p1a: Iron Leaves|61/100\n|\n|-heal|p2a: Dudunsparce|165/343 brn|[from] item: Leftovers\n|-damage|p2a: Dudunsparce|144/343 brn|[from] brn\n|upkeep\n|turn|13\n|inactive|Time left: 300 sec this turn | 300 sec total\n|\n|t:|1783534705\n|switch|p2a: Latios|Latios, L78, M|253/253\n|move|p1a: Iron Leaves|Leaf Blade|p2a: Latios\n|-resisted|p2a: Latios\n|-damage|p2a: Latios|97/253\n|-damage|p1a: Iron Leaves|51/100|[from] item: Life Orb\n|\n|upkeep\n|turn|14\n|inactive|Time left: 300 sec this turn | 300 sec total\n|\n|t:|1783534707\n|move|p2a: Latios|Draco Meteor|p1a: Iron Leaves\n|-damage|p1a: Iron Leaves|0 fnt\n|-unboost|p2a: Latios|spa|2\n|faint|p1a: Iron Leaves\n|-end|p1a: Iron Leaves|Quark Drive|[silent]\n|\n|upkeep\n|\n|t:|1783534708\n|switch|p1a: Dewgong|Dewgong, L94, F|100/100\n|turn|15\n|inactive|Time left: 300 sec this turn | 300 sec total\n|\n|t:|1783534709\n|switch|p2a: Dewgong|Dewgong, L94, M|322/322\n|move|p1a: Dewgong|Ice Beam|p2a: Dewgong\n|-resisted|p2a: Dewgong\n|-damage|p2a: Dewgong|316/322\n|\n|upkeep\n|turn|16\n|inactive|Time left: 300 sec this turn | 300 sec total\n|\n|t:|1783534710\n|move|p2a: Dewgong|Knock Off|p1a: Dewgong\n|-damage|p1a: Dewgong|81/100\n|-enditem|p1a: Dewgong|Heavy-Duty Boots|[from] move: Knock Off|[of] p2a: Dewgong\n|move|p1a: Dewgong|Knock Off|p2a: Dewgong\n|-damage|p2a: Dewgong|249/322\n|-enditem|p2a: Dewgong|Assault Vest|[from] move: Knock Off|[of] p1a: Dewgong\n|\n|upkeep\n|turn|17\n|inactive|Time left: 300 sec this turn | 300 sec total\n|\n|t:|1783534712\n|move|p2a: Dewgong|Knock Off|p1a: Dewgong\n|-damage|p1a: Dewgong|67/100\n|move|p1a: Dewgong|Knock Off|p2a: Dewgong\n|-damage|p2a: Dewgong|209/322\n|\n|upkeep\n|turn|18\n|inactive|Time left: 300 sec this turn | 300 sec total\n|\n|t:|1783534713\n|move|p2a: Dewgong|Ice Beam|p1a: Dewgong\n|-resisted|p1a: Dewgong\n|-damage|p1a: Dewgong|64/100\n|move|p1a: Dewgong|Ice Beam|p2a: Dewgong\n|-resisted|p2a: Dewgong\n|-damage|p2a: Dewgong|199/322\n|\n|upkeep\n|turn|19\n|inactive|Time left: 300 sec this turn | 300 sec total\n|\n|t:|1783534714\n|move|p1a: Dewgong|Ice Beam|p2a: Dewgong\n|-resisted|p2a: Dewgong\n|-damage|p2a: Dewgong|189/322\n|move|p2a: Dewgong|Ice Beam|p1a: Dewgong\n|-resisted|p1a: Dewgong\n|-damage|p1a: Dewgong|61/100\n|\n|upkeep\n|turn|20\n|inactive|Time left: 300 sec this turn | 300 sec total\n|\n|t:|1783534716\n|move|p1a: Dewgong|Ice Beam|p2a: Dewgong\n|-resisted|p2a: Dewgong\n|-damage|p2a: Dewgong|179/322\n|move|p2a: Dewgong|Knock Off|p1a: Dewgong\n|-damage|p1a: Dewgong|48/100\n|\n|upkeep\n|turn|21\n|inactive|Time left: 300 sec this turn | 300 sec total\n|\n|t:|1783534717\n|move|p2a: Dewgong|Hydro Pump|p1a: Dewgong\n|-resisted|p1a: Dewgong\n|-damage|p1a: Dewgong|32/100\n|move|p1a: Dewgong|Ice Beam|p2a: Dewgong\n|-resisted|p2a: Dewgong\n|-damage|p2a: Dewgong|169/322\n|\n|upkeep\n|turn|22\n|inactive|Time left: 300 sec this turn | 300 sec total\n|\n|t:|1783534718\n|move|p1a: Dewgong|Ice Beam|p2a: Dewgong\n|-resisted|p2a: Dewgong\n|-damage|p2a: Dewgong|160/322\n|move|p2a: Dewgong|Knock Off|p1a: Dewgong\n|-damage|p1a: Dewgong|17/100\n|\n|upkeep\n|turn|23\n|inactive|Time left: 300 sec this turn | 300 sec total\n|\n|t:|1783534719\n|move|p2a: Dewgong|Knock Off|p1a: Dewgong\n|-damage|p1a: Dewgong|4/100\n|move|p1a: Dewgong|Surf|p2a: Dewgong\n|-resisted|p2a: Dewgong\n|-damage|p2a: Dewgong|123/322\n|\n|upkeep\n|turn|24\n|inactive|Time left: 300 sec this turn | 300 sec total\n|\n|t:|1783534720\n|move|p2a: Dewgong|Knock Off|p1a: Dewgong\n|-damage|p1a: Dewgong|0 fnt\n|faint|p1a: Dewgong\n|\n|upkeep\n|\n|t:|1783534720\n|switch|p1a: Sandy Shocks|Sandy Shocks, L80|100/100\n|turn|25\n|inactive|Time left: 300 sec this turn | 300 sec total\n|\n|t:|1783534721\n|switch|p2a: Latios|Latios, L78, M|97/253\n|move|p1a: Sandy Shocks|Thunderbolt|p2a: Latios\n|-resisted|p2a: Latios\n|-damage|p2a: Latios|49/253\n|\n|upkeep\n|turn|26\n|inactive|Time left: 300 sec this turn | 300 sec total\n|\n|t:|1783534722\n|move|p2a: Latios|Luster Purge|p1a: Sandy Shocks\n|-damage|p1a: Sandy Shocks|50/100\n|move|p1a: Sandy Shocks|Thunderbolt|p2a: Latios\n|-resisted|p2a: Latios\n|-damage|p2a: Latios|6/253\n|\n|upkeep\n|turn|27\n|inactive|Time left: 300 sec this turn | 300 sec total\n|\n|t:|1783534723\n|-end|p1a: Sandy Shocks|Protosynthesis|[silent]\n|switch|p1a: Sableye|Sableye, L88, F|100/100\n|move|p2a: Latios|Luster Purge|p1a: Sableye\n|-immune|p1a: Sableye\n|\n|upkeep\n|turn|28\n|inactive|Time left: 300 sec this turn | 300 sec total\n|\n|t:|1783534724\n|move|p2a: Latios|Draco Meteor|p1a: Sableye\n|-damage|p1a: Sableye|11/100\n|-unboost|p2a: Latios|spa|2\n|move|p1a: Sableye|Knock Off|p2a: Latios\n|-supereffective|p2a: Latios\n|-damage|p2a: Latios|0 fnt\n|-enditem|p2a: Latios|Soul Dew|[from] move: Knock Off|[of] p1a: Sableye\n|faint|p2a: Latios\n|\n|-heal|p1a: Sableye|17/100|[from] item: Leftovers\n|upkeep\n|inactive|Time left: 300 sec this turn | 300 sec total | 5 sec grace\n|\n|t:|1783534725\n|switch|p2a: Dewgong|Dewgong, L94, M|123/322\n|turn|29\n|inactive|Time left: 300 sec this turn | 300 sec total\n|\n|t:|1783534726\n|move|p1a: Sableye|Recover|p1a: Sableye\n|-heal|p1a: Sableye|67/100\n|move|p2a: Dewgong|Ice Beam|p1a: Sableye\n|-damage|p1a: Sableye|17/100\n|\n|-heal|p1a: Sableye|23/100|[from] item: Leftovers\n|upkeep\n|turn|30\n|inactive|Time left: 300 sec this turn | 300 sec total\n|\n|t:|1783534728\n|move|p1a: Sableye|Recover|p1a: Sableye\n|-heal|p1a: Sableye|73/100\n|move|p2a: Dewgong|Knock Off|p1a: Sableye\n|-damage|p1a: Sableye|42/100\n|-enditem|p1a: Sableye|Leftovers|[from] move: Knock Off|[of] p2a: Dewgong\n|\n|upkeep\n|turn|31\n|inactive|Time left: 300 sec this turn | 300 sec total\n|\n|t:|1783534729\n|move|p1a: Sableye|Recover|p1a: Sableye\n|-heal|p1a: Sableye|92/100\n|move|p2a: Dewgong|Ice Beam|p1a: Sableye\n|-damage|p1a: Sableye|48/100\n|\n|upkeep\n|turn|32\n|inactive|Time left: 300 sec this turn | 300 sec total\n|\n|t:|1783534730\n|move|p1a: Sableye|Recover|p1a: Sableye\n|-heal|p1a: Sableye|98/100\n|move|p2a: Dewgong|Hydro Pump|p1a: Sableye\n|-damage|p1a: Sableye|37/100\n|\n|upkeep\n|turn|33\n|inactive|Time left: 300 sec this turn | 300 sec total\n|\n|t:|1783534731\n|move|p1a: Sableye|Recover|p1a: Sableye\n|-heal|p1a: Sableye|87/100\n|move|p2a: Dewgong|Ice Beam|p1a: Sableye\n|-damage|p1a: Sableye|38/100\n|\n|upkeep\n|turn|34\n|inactive|Time left: 300 sec this turn | 300 sec total\n|\n|t:|1783534733\n|move|p1a: Sableye|Recover|p1a: Sableye\n|-heal|p1a: Sableye|88/100\n|move|p2a: Dewgong|Hydro Pump|p1a: Sableye\n|-damage|p1a: Sableye|24/100\n|\n|upkeep\n|turn|35\n|inactive|Time left: 300 sec this turn | 300 sec total\n|\n|t:|1783534734\n|move|p1a: Sableye|Recover|p1a: Sableye\n|-heal|p1a: Sableye|75/100\n|move|p2a: Dewgong|Ice Beam|p1a: Sableye\n|-damage|p1a: Sableye|30/100\n|\n|upkeep\n|turn|36\n|inactive|Time left: 300 sec this turn | 300 sec total\n|\n|t:|1783534735\n|move|p1a: Sableye|Recover|p1a: Sableye\n|-heal|p1a: Sableye|81/100\n|move|p2a: Dewgong|Ice Beam|p1a: Sableye\n|-damage|p1a: Sableye|32/100\n|\n|upkeep\n|turn|37\n|inactive|Time left: 300 sec this turn | 300 sec total\n|\n|t:|1783534736\n|move|p1a: Sableye|Will-O-Wisp|p2a: Dewgong\n|-status|p2a: Dewgong|brn\n|move|p2a: Dewgong|Ice Beam|p1a: Sableye\n|-crit|p1a: Sableye\n|-damage|p1a: Sableye|0 fnt\n|faint|p1a: Sableye\n|\n|-damage|p2a: Dewgong|103/322 brn|[from] brn\n|upkeep\n|\n|t:|1783534737\n|switch|p1a: Sandy Shocks|Sandy Shocks, L80|50/100\n|turn|38\n|inactive|Time left: 300 sec this turn | 300 sec total\n|\n|t:|1783534739\n|switch|p2a: Shaymin|Shaymin, L82|298/298\n|move|p1a: Sandy Shocks|Volt Switch|p2a: Shaymin\n|-resisted|p2a: Shaymin\n|-damage|p2a: Shaymin|259/298\n|\n|t:|1783534739\n|-end|p1a: Sandy Shocks|Protosynthesis|[silent]\n|switch|p1a: Milotic|Milotic, L83, M|82/100 tox|[from] Volt Switch\n|\n|-heal|p2a: Shaymin|277/298|[from] item: Leftovers\n|-heal|p1a: Milotic|88/100 tox|[from] item: Leftovers\n|-damage|p1a: Milotic|82/100 tox|[from] psn\n|upkeep\n|turn|39\n|inactive|Time left: 300 sec this turn | 300 sec total\n|\n|t:|1783534741\n|move|p2a: Shaymin|Seed Flare|p1a: Milotic|[miss]\n|-miss|p2a: Shaymin|p1a: Milotic\n|move|p1a: Milotic|Ice Beam|p2a: Shaymin\n|-supereffective|p2a: Shaymin\n|-damage|p2a: Shaymin|163/298\n|\n|-heal|p2a: Shaymin|181/298|[from] item: Leftovers\n|-heal|p1a: Milotic|88/100 tox|[from] item: Leftovers\n|-damage|p1a: Milotic|76/100 tox|[from] psn\n|upkeep\n|turn|40\n|inactive|Time left: 300 sec this turn | 300 sec total\n|\n|t:|1783534742\n|move|p2a: Shaymin|Seed Flare|p1a: Milotic|[miss]\n|-miss|p2a: Shaymin|p1a: Milotic\n|move|p1a: Milotic|Ice Beam|p2a: Shaymin\n|-supereffective|p2a: Shaymin\n|-damage|p2a: Shaymin|55/298\n|\n|-heal|p2a: Shaymin|73/298|[from] item: Leftovers\n|-heal|p1a: Milotic|82/100 tox|[from] item: Leftovers\n|-damage|p1a: Milotic|64/100 tox|[from] psn\n|upkeep\n|turn|41\n|inactive|Time left: 300 sec this turn | 300 sec total\n|\n|t:|1783534743\n|move|p2a: Shaymin|Synthesis|p2a: Shaymin\n|-heal|p2a: Shaymin|222/298\n|move|p1a: Milotic|Ice Beam|p2a: Shaymin\n|-supereffective|p2a: Shaymin\n|-damage|p2a: Shaymin|94/298\n|\n|-heal|p2a: Shaymin|112/298|[from] item: Leftovers\n|-heal|p1a: Milotic|70/100 tox|[from] item: Leftovers\n|-damage|p1a: Milotic|45/100 tox|[from] psn\n|upkeep\n|turn|42\n|inactive|Time left: 300 sec this turn | 300 sec total\n|\n|t:|1783534744\n|move|p2a: Shaymin|Seed Flare|p1a: Milotic\n|-supereffective|p1a: Milotic\n|-damage|p1a: Milotic|0 fnt\n|faint|p1a: Milotic\n|\n|-heal|p2a: Shaymin|130/298|[from] item: Leftovers\n|upkeep\n|\n|t:|1783534745\n|switch|p1a: Sandy Shocks|Sandy Shocks, L80|50/100\n|turn|43\n|inactive|Time left: 300 sec this turn | 300 sec total\n|\n|t:|1783534746\n|-terastallize|p1a: Sandy Shocks|Ground\n|move|p2a: Shaymin|Seed Flare|p1a: Sandy Shocks\n|-supereffective|p1a: Sandy Shocks\n|-damage|p1a: Sandy Shocks|0 fnt\n|faint|p1a: Sandy Shocks\n|-end|p1a: Sandy Shocks|Protosynthesis|[silent]\n|\n|win|p0y123f6c3", "uploadtime": 1783534746, "views": 0, "rating": 0, "private": 0, "password": null, "_winner": "p0y123f6c3", "_our_name": "p0y123f6c3"}