{"id": "battle-gen9randombattle-2836", "formatid": "gen9randombattle", "format": "[Gen 9] Random Battle", "players": ["p0x2836b567", "p0y2836ba13"], "log": "|init|battle\n|title|p0x2836b567 vs. p0y2836ba13\n|j|\u2606p0x2836b567\n|j|\u2606p0y2836ba13\n|t:|1783572670\n|gametype|singles\n|player|p1|p0x2836b567|102|\n|player|p2|p0y2836ba13|265|\n|gen|9\n|tier|[Gen 9] Random Battle\n|rule|Species Clause: Limit one of each Pok\u00e9mon\n|rule|HP Percentage Mod: HP is shown in percentages\n|rule|Sleep Clause Mod: Limit one foe put to sleep\n|rule|Illusion Level Mod: Illusion disguises the Pok\u00e9mon's true level\n|\n|t:|1783572670\n|teamsize|p1|6\n|teamsize|p2|6\n|start\n|switch|p1a: Walking Wake|Walking Wake, L79|100/100\n|switch|p2a: Torterra|Torterra, L78, M|276/276\n|turn|1\n|inactive|Battle timer is ON: inactive players will automatically lose when time's up. (requested by p0x2836b567)\n|inactive|Time left: 300 sec this turn | 300 sec total | 60 sec grace\n|\n|t:|1783572672\n|move|p1a: Walking Wake|Flamethrower|p2a: Torterra\n|-supereffective|p2a: Torterra\n|-damage|p2a: Torterra|30/276\n|move|p2a: Torterra|Shell Smash|p2a: Torterra\n|-unboost|p2a: Torterra|def|1\n|-unboost|p2a: Torterra|spd|1\n|-boost|p2a: Torterra|atk|2\n|-boost|p2a: Torterra|spa|2\n|-boost|p2a: Torterra|spe|2\n|\n|upkeep\n|turn|2\n|inactive|Time left: 300 sec this turn | 300 sec total\n|inactive|p0y2836ba13 also wants the timer to be on.\n|\n|t:|1783572673\n|-end|p1a: Walking Wake|Protosynthesis|[silent]\n|switch|p1a: Dragonite|Dragonite, L74, M|100/100\n|move|p2a: Torterra|Bullet Seed|p1a: Dragonite\n|-resisted|p1a: Dragonite\n|-crit|p1a: Dragonite\n|-damage|p1a: Dragonite|95/100\n|-resisted|p1a: Dragonite\n|-damage|p1a: Dragonite|87/100\n|-resisted|p1a: Dragonite\n|-damage|p1a: Dragonite|79/100\n|-resisted|p1a: Dragonite\n|-damage|p1a: Dragonite|72/100\n|-resisted|p1a: Dragonite\n|-damage|p1a: Dragonite|64/100\n|-hitcount|p1a: Dragonite|5\n|\n|upkeep\n|turn|3\n|inactive|Time left: 300 sec this turn | 300 sec total\n|\n|t:|1783572674\n|-terastallize|p1a: Dragonite|Steel\n|move|p2a: Torterra|Rock Blast|p1a: Dragonite\n|-resisted|p1a: Dragonite\n|-damage|p1a: Dragonite|57/100\n|-resisted|p1a: Dragonite\n|-damage|p1a: Dragonite|49/100\n|-resisted|p1a: Dragonite\n|-damage|p1a: Dragonite|43/100\n|-resisted|p1a: Dragonite\n|-damage|p1a: Dragonite|36/100\n|-hitcount|p1a: Dragonite|4\n|move|p1a: Dragonite|Outrage|p2a: Torterra\n|-damage|p2a: Torterra|0 fnt\n|faint|p2a: Torterra\n|\n|upkeep\n|inactive|Time left: 300 sec this turn | 300 sec total | 5 sec grace\n|\n|t:|1783572675\n|switch|p2a: Clefable|Clefable, L83, M|293/293\n|turn|4\n|inactive|Time left: 300 sec this turn | 300 sec total\n|\n|t:|1783572676\n|move|p1a: Dragonite|Outrage|p2a: Clefable|[from] lockedmove\n|-immune|p2a: Clefable\n|move|p2a: Clefable|Calm Mind|p2a: Clefable\n|-boost|p2a: Clefable|spa|1\n|-boost|p2a: Clefable|spd|1\n|\n|upkeep\n|turn|5\n|inactive|Time left: 300 sec this turn | 300 sec total\n|\n|t:|1783572677\n|move|p1a: Dragonite|Iron Head|p2a: Clefable\n|-supereffective|p2a: Clefable\n|-damage|p2a: Clefable|99/293\n|move|p2a: Clefable|Fire Blast|p1a: Dragonite\n|-supereffective|p1a: Dragonite\n|-damage|p1a: Dragonite|0 fnt\n|faint|p1a: Dragonite\n|\n|-heal|p2a: Clefable|117/293|[from] item: Leftovers\n|upkeep\n|\n|t:|1783572678\n|switch|p1a: Emboar|Emboar, L84, M|100/100\n|turn|6\n|inactive|Time left: 300 sec this turn | 300 sec total\n|\n|t:|1783572679\n|move|p1a: Emboar|Flare Blitz|p2a: Clefable\n|-damage|p2a: Clefable|0 fnt\n|faint|p2a: Clefable\n|-damage|p1a: Emboar|88/100|[from] Recoil\n|\n|upkeep\n|inactive|Time left: 300 sec this turn | 300 sec total | 5 sec grace\n|\n|t:|1783572680\n|switch|p2a: Flamigo|Flamigo, L82, M|269/269\n|turn|7\n|inactive|Time left: 300 sec this turn | 300 sec total\n|\n|t:|1783572681\n|move|p2a: Flamigo|Brave Bird|p1a: Emboar\n|-supereffective|p1a: Emboar\n|-damage|p1a: Emboar|0 fnt\n|faint|p1a: Emboar\n|-damage|p2a: Flamigo|176/269|[from] Recoil\n|-damage|p2a: Flamigo|150/269|[from] item: Life Orb\n|\n|upkeep\n|\n|t:|1783572682\n|switch|p1a: Walking Wake|Walking Wake, L79|100/100\n|turn|8\n|inactive|Time left: 300 sec this turn | 300 sec total\n|\n|t:|1783572682\n|switch|p2a: Tsareena|Tsareena, L87, F|267/267\n|move|p1a: Walking Wake|Hydro Pump|p2a: Tsareena\n|-resisted|p2a: Tsareena\n|-crit|p2a: Tsareena\n|-damage|p2a: Tsareena|181/267\n|\n|upkeep\n|turn|9\n|inactive|Time left: 300 sec this turn | 300 sec total\n|\n|t:|1783572684\n|move|p1a: Walking Wake|Hydro Pump|p2a: Tsareena\n|-resisted|p2a: Tsareena\n|-damage|p2a: Tsareena|129/267\n|move|p2a: Tsareena|Power Whip|p1a: Walking Wake|[miss]\n|-miss|p2a: Tsareena|p1a: Walking Wake\n|\n|upkeep\n|turn|10\n|inactive|Time left: 300 sec this turn | 300 sec total\n|\n|t:|1783572685\n|move|p1a: Walking Wake|Hydro Pump|p2a: Tsareena\n|-resisted|p2a: Tsareena\n|-damage|p2a: Tsareena|70/267\n|move|p2a: Tsareena|Power Whip|p1a: Walking Wake|[miss]\n|-miss|p2a: Tsareena|p1a: Walking Wake\n|\n|upkeep\n|turn|11\n|inactive|Time left: 300 sec this turn | 300 sec total\n|\n|t:|1783572686\n|move|p1a: Walking Wake|Hydro Pump|p2a: Tsareena\n|-resisted|p2a: Tsareena\n|-damage|p2a: Tsareena|10/267\n|move|p2a: Tsareena|Power Whip|p1a: Walking Wake\n|-damage|p1a: Walking Wake|40/100\n|\n|upkeep\n|turn|12\n|inactive|Time left: 300 sec this turn | 300 sec total\n|\n|t:|1783572687\n|move|p1a: Walking Wake|Hydro Pump|p2a: Tsareena\n|-resisted|p2a: Tsareena\n|-damage|p2a: Tsareena|0 fnt\n|faint|p2a: Tsareena\n|\n|upkeep\n|inactive|Time left: 300 sec this turn | 300 sec total | 5 sec grace\n|\n|t:|1783572688\n|switch|p2a: Ambipom|Ambipom, L84, F|263/263\n|turn|13\n|inactive|Time left: 300 sec this turn | 300 sec total\n|\n|t:|1783572689\n|move|p2a: Ambipom|Knock Off|p1a: Walking Wake\n|-damage|p1a: Walking Wake|16/100\n|-enditem|p1a: Walking Wake|Choice Specs|[from] move: Knock Off|[of] p2a: Ambipom\n|move|p1a: Walking Wake|Hydro Pump|p2a: Ambipom|[miss]\n|-miss|p1a: Walking Wake|p2a: Ambipom\n|\n|upkeep\n|turn|14\n|inactive|Time left: 300 sec this turn | 300 sec total\n|\n|t:|1783572689\n|-end|p1a: Walking Wake|Protosynthesis|[silent]\n|switch|p1a: Ting-Lu|Ting-Lu, L78|100/100\n|-ability|p1a: Ting-Lu|Vessel of Ruin\n|move|p2a: Ambipom|Knock Off|p1a: Ting-Lu\n|-resisted|p1a: Ting-Lu\n|-damage|p1a: Ting-Lu|93/100\n|-enditem|p1a: Ting-Lu|Leftovers|[from] move: Knock Off|[of] p2a: Ambipom\n|\n|upkeep\n|turn|15\n|inactive|Time left: 300 sec this turn | 300 sec total\n|\n|t:|1783572690\n|switch|p2a: Flamigo|Flamigo, L82, M|150/269\n|move|p1a: Ting-Lu|Heavy Slam|p2a: Flamigo\n|-damage|p2a: Flamigo|60/269\n|\n|upkeep\n|turn|16\n|inactive|Time left: 300 sec this turn | 300 sec total\n|\n|t:|1783572691\n|switch|p1a: Mesprit|Mesprit, L85|100/100\n|move|p2a: Flamigo|Close Combat|p1a: Mesprit\n|-resisted|p1a: Mesprit\n|-damage|p1a: Mesprit|71/100\n|-unboost|p2a: Flamigo|def|1\n|-unboost|p2a: Flamigo|spd|1\n|-damage|p2a: Flamigo|34/269|[from] item: Life Orb\n|\n|-heal|p1a: Mesprit|77/100|[from] item: Leftovers\n|upkeep\n|turn|17\n|inactive|Time left: 300 sec this turn | 300 sec total\n|\n|t:|1783572692\n|move|p2a: Flamigo|Throat Chop|p1a: Mesprit\n|-supereffective|p1a: Mesprit\n|-damage|p1a: Mesprit|27/100\n|-start|p1a: Mesprit|Throat Chop|[silent]\n|-damage|p2a: Flamigo|8/269|[from] item: Life Orb\n|move|p1a: Mesprit|Drain Punch|p2a: Flamigo\n|-resisted|p2a: Flamigo\n|-damage|p2a: Flamigo|0 fnt\n|-heal|p1a: Mesprit|28/100|[from] drain|[of] p2a: Flamigo\n|faint|p2a: Flamigo\n|\n|-heal|p1a: Mesprit|34/100|[from] item: Leftovers\n|upkeep\n|inactive|Time left: 300 sec this turn | 300 sec total | 5 sec grace\n|\n|t:|1783572693\n|switch|p2a: Arceus|Arceus-Rock, L74|300/300\n|turn|18\n|inactive|Time left: 300 sec this turn | 300 sec total\n|\n|t:|1783572694\n|switch|p1a: Ting-Lu|Ting-Lu, L78|93/100\n|-ability|p1a: Ting-Lu|Vessel of Ruin\n|move|p2a: Arceus|Stone Edge|p1a: Ting-Lu\n|-resisted|p1a: Ting-Lu\n|-damage|p1a: Ting-Lu|79/100\n|\n|upkeep\n|turn|19\n|inactive|Time left: 300 sec this turn | 300 sec total\n|\n|t:|1783572695\n|-terastallize|p2a: Arceus|Ground\n|move|p2a: Arceus|Swords Dance|p2a: Arceus\n|-boost|p2a: Arceus|atk|2\n|move|p1a: Ting-Lu|Earthquake|p2a: Arceus\n|-crit|p2a: Arceus\n|-damage|p2a: Arceus|159/300\n|\n|upkeep\n|turn|20\n|inactive|Time left: 300 sec this turn | 300 sec total\n|\n|t:|1783572695\n|move|p2a: Arceus|Recover|p2a: Arceus\n|-heal|p2a: Arceus|300/300\n|move|p1a: Ting-Lu|Earthquake|p2a: Arceus\n|-damage|p2a: Arceus|210/300\n|\n|upkeep\n|turn|21\n|inactive|Time left: 300 sec this turn | 300 sec total\n|\n|t:|1783572696\n|switch|p1a: Mesprit|Mesprit, L85|34/100\n|move|p2a: Arceus|Earthquake|p1a: Mesprit\n|-immune|p1a: Mesprit|[from] ability: Levitate\n|\n|-heal|p1a: Mesprit|40/100|[from] item: Leftovers\n|upkeep\n|turn|22\n|inactive|Time left: 300 sec this turn | 300 sec total\n|\n|t:|1783572697\n|move|p2a: Arceus|Stone Edge|p1a: Mesprit\n|-damage|p1a: Mesprit|0 fnt\n|faint|p1a: Mesprit\n|\n|upkeep\n|\n|t:|1783572698\n|switch|p1a: Ting-Lu|Ting-Lu, L78|79/100\n|-ability|p1a: Ting-Lu|Vessel of Ruin\n|turn|23\n|inactive|Time left: 300 sec this turn | 300 sec total\n|\n|t:|1783572699\n|move|p2a: Arceus|Earthquake|p1a: Ting-Lu\n|-damage|p1a: Ting-Lu|33/100\n|move|p1a: Ting-Lu|Payback|p2a: Arceus\n|-damage|p2a: Arceus|117/300\n|\n|upkeep\n|turn|24\n|inactive|Time left: 300 sec this turn | 300 sec total\n|\n|t:|1783572700\n|move|p2a: Arceus|Earthquake|p1a: Ting-Lu\n|-crit|p1a: Ting-Lu\n|-damage|p1a: Ting-Lu|0 fnt\n|faint|p1a: Ting-Lu\n|\n|upkeep\n|\n|t:|1783572701\n|switch|p1a: Furret|Furret, L94, F|100/100\n|-item|p2a: Arceus|Stone Plate|[from] ability: Frisk|[of] p1a: Furret\n|turn|25\n|inactive|Time left: 300 sec this turn | 300 sec total\n|\n|t:|1783572702\n|move|p1a: Furret|Double-Edge|p2a: Arceus\n|-damage|p2a: Arceus|0 fnt\n|faint|p2a: Arceus\n|-damage|p1a: Furret|88/100|[from] Recoil\n|-damage|p1a: Furret|78/100|[from] item: Life Orb\n|\n|upkeep\n|inactive|Time left: 300 sec this turn | 300 sec total | 5 sec grace\n|\n|t:|1783572703\n|switch|p2a: Ambipom|Ambipom, L84, F|263/263\n|turn|26\n|inactive|Time left: 300 sec this turn | 300 sec total\n|\n|t:|1783572704\n|move|p2a: Ambipom|Fake Out|p1a: Furret\n|-crit|p1a: Furret\n|-damage|p1a: Furret|37/100\n|cant|p1a: Furret|flinch\n|\n|upkeep\n|turn|27\n|inactive|Time left: 300 sec this turn | 300 sec total\n|\n|t:|1783572705\n|switch|p1a: Walking Wake|Walking Wake, L79|16/100\n|move|p2a: Ambipom|Double-Edge|p1a: Walking Wake\n|-damage|p1a: Walking Wake|0 fnt\n|faint|p1a: Walking Wake\n|-end|p1a: Walking Wake|Protosynthesis|[silent]\n|-damage|p2a: Ambipom|249/263|[from] Recoil\n|\n|upkeep\n|\n|t:|1783572705\n|switch|p1a: Furret|Furret, L94, F|37/100\n|-item|p2a: Ambipom|Silk Scarf|[from] ability: Frisk|[of] p1a: Furret\n|turn|28\n|inactive|Time left: 300 sec this turn | 300 sec total\n|\n|t:|1783572706\n|move|p2a: Ambipom|Low Kick|p1a: Furret\n|-supereffective|p1a: Furret\n|-damage|p1a: Furret|0 fnt\n|faint|p1a: Furret\n|\n|win|p0y2836ba13", "uploadtime": 1783572706, "views": 0, "rating": 0, "private": 0, "password": null, "_winner": "p0y2836ba13", "_our_name": "p0y2836ba13"}