{"id": "battle-gen9randombattle-1884", "formatid": "gen9randombattle", "format": "[Gen 9] Random Battle", "players": ["p0x1884ef44", "p0y1884f98e"], "log": "|init|battle\n|title|p0x1884ef44 vs. p0y1884f98e\n|j|\u2606p0x1884ef44\n|j|\u2606p0y1884f98e\n|t:|1783561034\n|gametype|singles\n|player|p1|p0x1884ef44|266|\n|player|p2|p0y1884f98e|170|\n|gen|9\n|tier|[Gen 9] Random Battle\n|rule|Species Clause: Limit one of each Pok\u00e9mon\n|rule|HP Percentage Mod: HP is shown in percentages\n|rule|Sleep Clause Mod: Limit one foe put to sleep\n|rule|Illusion Level Mod: Illusion disguises the Pok\u00e9mon's true level\n|\n|t:|1783561034\n|teamsize|p1|6\n|teamsize|p2|6\n|start\n|switch|p1a: Dodrio|Dodrio, L85, F|241/241\n|switch|p2a: Chesnaught|Chesnaught, L84, F|100/100\n|turn|1\n|inactive|Battle timer is ON: inactive players will automatically lose when time's up. (requested by p0x1884ef44)\n|inactive|p0y1884f98e also wants the timer to be on.\n|\n|t:|1783561036\n|move|p1a: Dodrio|Brave Bird|p2a: Chesnaught\n|-supereffective|p2a: Chesnaught\n|-damage|p2a: Chesnaught|0 fnt\n|faint|p2a: Chesnaught\n|-damage|p1a: Dodrio|147/241|[from] Recoil\n|\n|upkeep\n|\n|t:|1783561037\n|switch|p2a: Toxtricity|Toxtricity, L82, M|100/100\n|turn|2\n|inactive|Time left: 300 sec this turn | 300 sec total\n|\n|t:|1783561039\n|switch|p1a: Magnezone|Magnezone, L85|258/258\n|move|p2a: Toxtricity|Boomburst|p1a: Magnezone\n|-resisted|p1a: Magnezone\n|-damage|p1a: Magnezone|217/258\n|-enditem|p2a: Toxtricity|Throat Spray\n|-boost|p2a: Toxtricity|spa|1|[from] item: Throat Spray\n|\n|upkeep\n|turn|3\n|inactive|Time left: 300 sec this turn | 300 sec total\n|\n|t:|1783561040\n|move|p2a: Toxtricity|Shift Gear|p2a: Toxtricity\n|-boost|p2a: Toxtricity|spe|2\n|-boost|p2a: Toxtricity|atk|1\n|move|p1a: Magnezone|Thunderbolt|p2a: Toxtricity\n|-resisted|p2a: Toxtricity\n|-damage|p2a: Toxtricity|64/100\n|\n|upkeep\n|turn|4\n|inactive|Time left: 300 sec this turn | 300 sec total\n|\n|t:|1783561041\n|move|p2a: Toxtricity|Shift Gear|p2a: Toxtricity\n|-boost|p2a: Toxtricity|spe|2\n|-boost|p2a: Toxtricity|atk|1\n|move|p1a: Magnezone|Thunderbolt|p2a: Toxtricity\n|-resisted|p2a: Toxtricity\n|-damage|p2a: Toxtricity|25/100\n|\n|upkeep\n|turn|5\n|inactive|Time left: 300 sec this turn | 300 sec total\n|\n|t:|1783561042\n|move|p2a: Toxtricity|Overdrive|p1a: Magnezone\n|-resisted|p1a: Magnezone\n|-damage|p1a: Magnezone|156/258\n|move|p1a: Magnezone|Flash Cannon|p2a: Toxtricity\n|-resisted|p2a: Toxtricity\n|-damage|p2a: Toxtricity|0 fnt\n|faint|p2a: Toxtricity\n|\n|upkeep\n|\n|t:|1783561043\n|switch|p2a: Flareon|Flareon, L90, F|100/100\n|turn|6\n|inactive|Time left: 300 sec this turn | 300 sec total\n|\n|t:|1783561044\n|switch|p1a: Rayquaza|Rayquaza, L72|270/270\n|-ability|p1a: Rayquaza|Air Lock\n|move|p2a: Flareon|Flare Blitz|p1a: Rayquaza\n|-resisted|p1a: Rayquaza\n|-damage|p1a: Rayquaza|159/270\n|-damage|p2a: Flareon|86/100|[from] Recoil\n|\n|-status|p2a: Flareon|tox|[from] item: Toxic Orb\n|upkeep\n|turn|7\n|inactive|Time left: 300 sec this turn | 300 sec total\n|\n|t:|1783561045\n|move|p1a: Rayquaza|Earthquake|p2a: Flareon\n|-supereffective|p2a: Flareon\n|-damage|p2a: Flareon|20/100 tox\n|move|p2a: Flareon|Facade|p1a: Rayquaza\n|-damage|p1a: Rayquaza|0 fnt\n|faint|p1a: Rayquaza\n|\n|-damage|p2a: Flareon|14/100 tox|[from] psn\n|upkeep\n|inactive|Time left: 300 sec this turn | 300 sec total | 5 sec grace\n|\n|t:|1783561046\n|switch|p1a: Dodrio|Dodrio, L85, F|147/241\n|turn|8\n|inactive|Time left: 300 sec this turn | 300 sec total\n|\n|t:|1783561047\n|switch|p2a: Bronzong|Bronzong, L88|100/100\n|move|p1a: Dodrio|Brave Bird|p2a: Bronzong\n|-resisted|p2a: Bronzong\n|-damage|p2a: Bronzong|66/100\n|-damage|p1a: Dodrio|118/241|[from] Recoil\n|\n|upkeep\n|turn|9\n|inactive|Time left: 300 sec this turn | 300 sec total\n|\n|t:|1783561048\n|move|p1a: Dodrio|Brave Bird|p2a: Bronzong\n|-resisted|p2a: Bronzong\n|-damage|p2a: Bronzong|35/100\n|-damage|p1a: Dodrio|91/241|[from] Recoil\n|move|p2a: Bronzong|Iron Defense|p2a: Bronzong\n|-boost|p2a: Bronzong|def|2\n|\n|upkeep\n|turn|10\n|inactive|Time left: 300 sec this turn | 300 sec total\n|\n|t:|1783561049\n|move|p1a: Dodrio|Brave Bird|p2a: Bronzong\n|-resisted|p2a: Bronzong\n|-damage|p2a: Bronzong|20/100\n|-damage|p1a: Dodrio|78/241|[from] Recoil\n|move|p2a: Bronzong|Rest|p2a: Bronzong\n|-status|p2a: Bronzong|slp|[from] move: Rest\n|-heal|p2a: Bronzong|100/100 slp|[silent]\n|-enditem|p2a: Bronzong|Chesto Berry|[eat]\n|-curestatus|p2a: Bronzong|slp|[msg]\n|\n|upkeep\n|turn|11\n|inactive|Time left: 300 sec this turn | 300 sec total\n|\n|t:|1783561050\n|move|p1a: Dodrio|Brave Bird|p2a: Bronzong\n|-resisted|p2a: Bronzong\n|-damage|p2a: Bronzong|84/100\n|-damage|p1a: Dodrio|64/241|[from] Recoil\n|move|p2a: Bronzong|Body Press|p1a: Dodrio\n|-damage|p1a: Dodrio|0 fnt\n|faint|p1a: Dodrio\n|\n|upkeep\n|inactive|Time left: 300 sec this turn | 300 sec total | 5 sec grace\n|\n|t:|1783561051\n|switch|p1a: Magnezone|Magnezone, L85|156/258\n|turn|12\n|inactive|Time left: 300 sec this turn | 300 sec total\n|\n|t:|1783561052\n|-terastallize|p1a: Magnezone|Flying\n|move|p1a: Magnezone|Thunderbolt|p2a: Bronzong\n|-crit|p2a: Bronzong\n|-damage|p2a: Bronzong|31/100\n|move|p2a: Bronzong|Body Press|p1a: Magnezone\n|-resisted|p1a: Magnezone\n|-damage|p1a: Magnezone|100/258\n|\n|upkeep\n|turn|13\n|inactive|Time left: 300 sec this turn | 300 sec total\n|\n|t:|1783561053\n|move|p1a: Magnezone|Thunderbolt|p2a: Bronzong\n|-damage|p2a: Bronzong|0 fnt\n|faint|p2a: Bronzong\n|\n|upkeep\n|\n|t:|1783561054\n|switch|p2a: Groudon|Groudon, L72|100/100\n|-weather|SunnyDay|[from] ability: Drought|[of] p2a: Groudon\n|turn|14\n|inactive|Time left: 300 sec this turn | 300 sec total\n|\n|t:|1783561055\n|switch|p1a: Piloswine|Piloswine, L85, M|309/309\n|move|p2a: Groudon|Heat Crash|p1a: Piloswine\n|-supereffective|p1a: Piloswine\n|-damage|p1a: Piloswine|215/309\n|\n|-weather|SunnyDay|[upkeep]\n|upkeep\n|turn|15\n|inactive|Time left: 300 sec this turn | 300 sec total\n|\n|t:|1783561056\n|move|p2a: Groudon|Heat Crash|p1a: Piloswine\n|-supereffective|p1a: Piloswine\n|-damage|p1a: Piloswine|127/309\n|move|p1a: Piloswine|Earthquake|p2a: Groudon\n|-damage|p2a: Groudon|67/100\n|\n|-weather|SunnyDay|[upkeep]\n|-heal|p2a: Groudon|74/100|[from] item: Leftovers\n|upkeep\n|turn|16\n|inactive|Time left: 300 sec this turn | 300 sec total\n|\n|t:|1783561057\n|-terastallize|p2a: Groudon|Fire\n|move|p2a: Groudon|Heat Crash|p1a: Piloswine\n|-supereffective|p1a: Piloswine\n|-crit|p1a: Piloswine\n|-damage|p1a: Piloswine|0 fnt\n|faint|p1a: Piloswine\n|\n|-weather|SunnyDay|[upkeep]\n|-heal|p2a: Groudon|80/100|[from] item: Leftovers\n|upkeep\n|inactive|Time left: 300 sec this turn | 300 sec total | 5 sec grace\n|\n|t:|1783561057\n|switch|p1a: Maushold|Maushold, L76|238/238\n|turn|17\n|inactive|Time left: 300 sec this turn | 300 sec total\n|\n|t:|1783561058\n|move|p1a: Maushold|Population Bomb|p2a: Groudon|[miss]\n|-miss|p1a: Maushold|p2a: Groudon\n|move|p2a: Groudon|Heat Crash|p1a: Maushold\n|-damage|p1a: Maushold|0 fnt\n|faint|p1a: Maushold\n|\n|-weather|SunnyDay|[upkeep]\n|-heal|p2a: Groudon|86/100|[from] item: Leftovers\n|upkeep\n|inactive|Time left: 300 sec this turn | 300 sec total | 5 sec grace\n|\n|t:|1783561059\n|switch|p1a: Iron Valiant|Iron Valiant, L78|244/244\n|turn|18\n|inactive|Time left: 300 sec this turn | 300 sec total\n|\n|t:|1783561060\n|move|p1a: Iron Valiant|Calm Mind|p1a: Iron Valiant\n|-boost|p1a: Iron Valiant|spa|1\n|-boost|p1a: Iron Valiant|spd|1\n|move|p2a: Groudon|Heat Crash|p1a: Iron Valiant\n|-damage|p1a: Iron Valiant|36/244\n|\n|-weather|none\n|-heal|p2a: Groudon|92/100|[from] item: Leftovers\n|upkeep\n|turn|19\n|inactive|Time left: 300 sec this turn | 300 sec total\n|\n|t:|1783561061\n|move|p1a: Iron Valiant|Moonblast|p2a: Groudon\n|-resisted|p2a: Groudon\n|-damage|p2a: Groudon|45/100\n|-damage|p1a: Iron Valiant|12/244|[from] item: Life Orb\n|move|p2a: Groudon|Heat Crash|p1a: Iron Valiant\n|-damage|p1a: Iron Valiant|0 fnt\n|faint|p1a: Iron Valiant\n|-end|p1a: Iron Valiant|Quark Drive|[silent]\n|\n|-heal|p2a: Groudon|51/100|[from] item: Leftovers\n|upkeep\n|inactive|Time left: 300 sec this turn | 300 sec total | 5 sec grace\n|\n|t:|1783561062\n|switch|p1a: Magnezone|Magnezone, L85, tera:Flying|100/258\n|turn|20\n|inactive|Time left: 300 sec this turn | 300 sec total\n|\n|t:|1783561063\n|move|p2a: Groudon|Heat Crash|p1a: Magnezone\n|-damage|p1a: Magnezone|0 fnt\n|faint|p1a: Magnezone\n|\n|win|p0y1884f98e", "uploadtime": 1783561063, "views": 0, "rating": 0, "private": 0, "password": null, "_winner": "p0y1884f98e", "_our_name": "p0x1884ef44"}