{"id": "battle-gen9randombattle-654", "formatid": "gen9randombattle", "format": "[Gen 9] Random Battle", "players": ["p0x654cc0c", "p0y6548df6"], "log": "|init|battle\n|title|p0x654cc0c vs. p0y6548df6\n|j|\u2606p0x654cc0c\n|j|\u2606p0y6548df6\n|t:|1783546692\n|gametype|singles\n|player|p1|p0x654cc0c|170|\n|player|p2|p0y6548df6|102|\n|gen|9\n|tier|[Gen 9] Random Battle\n|rule|Species Clause: Limit one of each Pok\u00e9mon\n|rule|HP Percentage Mod: HP is shown in percentages\n|rule|Sleep Clause Mod: Limit one foe put to sleep\n|rule|Illusion Level Mod: Illusion disguises the Pok\u00e9mon's true level\n|\n|t:|1783546692\n|teamsize|p1|6\n|teamsize|p2|6\n|start\n|switch|p1a: Granbull|Granbull, L88, F|100/100\n|switch|p2a: Clodsire|Clodsire, L81, M|343/343\n|-ability|p1a: Granbull|Intimidate|boost\n|-unboost|p2a: Clodsire|atk|1\n|turn|1\n|inactive|Battle timer is ON: inactive players will automatically lose when time's up. (requested by p0x654cc0c)\n|inactive|Time left: 300 sec this turn | 300 sec total | 60 sec grace\n|inactive|p0y6548df6 also wants the timer to be on.\n|\n|t:|1783546694\n|switch|p2a: Glastrier|Glastrier, L86|311/311\n|move|p1a: Granbull|Play Rough|p2a: Glastrier\n|-damage|p2a: Glastrier|217/311\n|\n|upkeep\n|turn|2\n|inactive|Time left: 300 sec this turn | 300 sec total\n|\n|t:|1783546695\n|switch|p1a: Oranguru|Oranguru, L92, F|100/100\n|move|p2a: Glastrier|Heavy Slam|p1a: Oranguru\n|-damage|p1a: Oranguru|39/100\n|\n|-heal|p1a: Oranguru|45/100|[from] item: Leftovers\n|upkeep\n|turn|3\n|inactive|Time left: 300 sec this turn | 300 sec total\n|\n|t:|1783546697\n|move|p1a: Oranguru|Focus Blast|p2a: Glastrier\n|-supereffective|p2a: Glastrier\n|-damage|p2a: Glastrier|71/311\n|-unboost|p2a: Glastrier|spd|1\n|move|p2a: Glastrier|Heavy Slam|p1a: Oranguru\n|-damage|p1a: Oranguru|0 fnt\n|faint|p1a: Oranguru\n|-ability|p2a: Glastrier|Chilling Neigh|boost\n|-boost|p2a: Glastrier|atk|1\n|\n|upkeep\n|\n|t:|1783546697\n|switch|p1a: Kommo-o|Kommo-o, L77, F|100/100\n|turn|4\n|inactive|Time left: 300 sec this turn | 300 sec total\n|\n|t:|1783546699\n|switch|p2a: Bellossom|Bellossom, L84, M|263/263\n|move|p1a: Kommo-o|Drain Punch|p2a: Bellossom\n|-damage|p2a: Bellossom|190/263\n|\n|-heal|p2a: Bellossom|206/263|[from] item: Leftovers\n|upkeep\n|turn|5\n|inactive|Time left: 300 sec this turn | 300 sec total\n|\n|t:|1783546700\n|move|p1a: Kommo-o|Clangorous Soul|p1a: Kommo-o\n|-boost|p1a: Kommo-o|atk|1\n|-boost|p1a: Kommo-o|def|1\n|-boost|p1a: Kommo-o|spa|1\n|-boost|p1a: Kommo-o|spd|1\n|-boost|p1a: Kommo-o|spe|1\n|-damage|p1a: Kommo-o|68/100\n|-enditem|p1a: Kommo-o|Throat Spray\n|-boost|p1a: Kommo-o|spa|1|[from] item: Throat Spray\n|move|p2a: Bellossom|Quiver Dance|p2a: Bellossom\n|-boost|p2a: Bellossom|spa|1\n|-boost|p2a: Bellossom|spd|1\n|-boost|p2a: Bellossom|spe|1\n|\n|-heal|p2a: Bellossom|222/263|[from] item: Leftovers\n|upkeep\n|turn|6\n|inactive|Time left: 300 sec this turn | 300 sec total\n|\n|t:|1783546701\n|move|p1a: Kommo-o|Drain Punch|p2a: Bellossom\n|-damage|p2a: Bellossom|114/263\n|-heal|p1a: Kommo-o|90/100|[from] drain|[of] p2a: Bellossom\n|move|p2a: Bellossom|Strength Sap|p1a: Kommo-o\n|-unboost|p1a: Kommo-o|atk|1\n|-heal|p2a: Bellossom|263/263\n|\n|upkeep\n|turn|7\n|inactive|Time left: 300 sec this turn | 300 sec total\n|\n|t:|1783546702\n|move|p1a: Kommo-o|Clangorous Soul|p1a: Kommo-o\n|-boost|p1a: Kommo-o|atk|1\n|-boost|p1a: Kommo-o|def|1\n|-boost|p1a: Kommo-o|spa|1\n|-boost|p1a: Kommo-o|spd|1\n|-boost|p1a: Kommo-o|spe|1\n|-damage|p1a: Kommo-o|58/100\n|move|p2a: Bellossom|Moonblast|p1a: Kommo-o\n|-supereffective|p1a: Kommo-o\n|-damage|p1a: Kommo-o|0 fnt\n|faint|p1a: Kommo-o\n|\n|upkeep\n|\n|t:|1783546703\n|switch|p1a: Toucannon|Toucannon, L88, M|100/100\n|turn|8\n|inactive|Time left: 300 sec this turn | 300 sec total\n|\n|t:|1783546704\n|-terastallize|p2a: Bellossom|Fairy\n|-singleturn|p1a: Toucannon|move: Beak Blast\n|move|p2a: Bellossom|Quiver Dance|p2a: Bellossom\n|-boost|p2a: Bellossom|spa|1\n|-boost|p2a: Bellossom|spd|1\n|-boost|p2a: Bellossom|spe|1\n|move|p1a: Toucannon|Beak Blast|p2a: Bellossom\n|-damage|p2a: Bellossom|130/263\n|\n|-heal|p2a: Bellossom|146/263|[from] item: Leftovers\n|upkeep\n|turn|9\n|inactive|Time left: 300 sec this turn | 300 sec total\n|\n|t:|1783546705\n|-singleturn|p1a: Toucannon|move: Beak Blast\n|move|p2a: Bellossom|Strength Sap|p1a: Toucannon\n|-unboost|p1a: Toucannon|atk|1\n|-heal|p2a: Bellossom|263/263\n|move|p1a: Toucannon|Beak Blast|p2a: Bellossom\n|-damage|p2a: Bellossom|172/263\n|\n|-heal|p2a: Bellossom|188/263|[from] item: Leftovers\n|upkeep\n|turn|10\n|inactive|Time left: 300 sec this turn | 300 sec total\n|\n|t:|1783546706\n|move|p2a: Bellossom|Moonblast|p1a: Toucannon\n|-damage|p1a: Toucannon|25/100\n|-unboost|p1a: Toucannon|spa|1\n|move|p1a: Toucannon|Knock Off|p2a: Bellossom\n|-resisted|p2a: Bellossom\n|-damage|p2a: Bellossom|160/263\n|-enditem|p2a: Bellossom|Leftovers|[from] move: Knock Off|[of] p1a: Toucannon\n|\n|upkeep\n|turn|11\n|inactive|Time left: 300 sec this turn | 300 sec total\n|\n|t:|1783546707\n|switch|p1a: Probopass|Probopass, L91, M|100/100\n|move|p2a: Bellossom|Giga Drain|p1a: Probopass\n|-damage|p1a: Probopass|63/100\n|-heal|p2a: Bellossom|208/263|[from] drain|[of] p1a: Probopass\n|\n|-heal|p1a: Probopass|69/100|[from] item: Leftovers\n|upkeep\n|turn|12\n|inactive|Time left: 300 sec this turn | 300 sec total\n|\n|t:|1783546708\n|move|p2a: Bellossom|Giga Drain|p1a: Probopass\n|-damage|p1a: Probopass|37/100\n|-heal|p2a: Bellossom|250/263|[from] drain|[of] p1a: Probopass\n|move|p1a: Probopass|Flash Cannon|p2a: Bellossom\n|-supereffective|p2a: Bellossom\n|-damage|p2a: Bellossom|178/263\n|\n|-heal|p1a: Probopass|43/100|[from] item: Leftovers\n|upkeep\n|turn|13\n|inactive|Time left: 300 sec this turn | 300 sec total\n|\n|t:|1783546709\n|move|p2a: Bellossom|Giga Drain|p1a: Probopass\n|-damage|p1a: Probopass|9/100\n|-heal|p2a: Bellossom|222/263|[from] drain|[of] p1a: Probopass\n|move|p1a: Probopass|Thunder Wave|p2a: Bellossom\n|-status|p2a: Bellossom|par\n|\n|-heal|p1a: Probopass|15/100|[from] item: Leftovers\n|upkeep\n|turn|14\n|inactive|Time left: 300 sec this turn | 300 sec total\n|\n|t:|1783546711\n|cant|p2a: Bellossom|par\n|move|p1a: Probopass|Flash Cannon|p2a: Bellossom\n|-supereffective|p2a: Bellossom\n|-damage|p2a: Bellossom|148/263 par\n|\n|-heal|p1a: Probopass|22/100|[from] item: Leftovers\n|upkeep\n|turn|15\n|inactive|Time left: 300 sec this turn | 300 sec total\n|\n|t:|1783546712\n|move|p2a: Bellossom|Giga Drain|p1a: Probopass\n|-damage|p1a: Probopass|0 fnt\n|-heal|p2a: Bellossom|175/263 par|[from] drain|[of] p1a: Probopass\n|faint|p1a: Probopass\n|\n|upkeep\n|\n|t:|1783546713\n|switch|p1a: Ting-Lu|Ting-Lu, L78|100/100\n|-ability|p1a: Ting-Lu|Vessel of Ruin\n|turn|16\n|inactive|Time left: 300 sec this turn | 300 sec total\n|\n|t:|1783546714\n|-terastallize|p1a: Ting-Lu|Poison\n|cant|p2a: Bellossom|par\n|move|p1a: Ting-Lu|Heavy Slam|p2a: Bellossom\n|-supereffective|p2a: Bellossom\n|-damage|p2a: Bellossom|29/263 par\n|\n|upkeep\n|turn|17\n|inactive|Time left: 300 sec this turn | 300 sec total\n|\n|t:|1783546715\n|move|p2a: Bellossom|Strength Sap|p1a: Ting-Lu\n|-unboost|p1a: Ting-Lu|atk|1\n|-heal|p2a: Bellossom|246/263 par\n|move|p1a: Ting-Lu|Heavy Slam|p2a: Bellossom\n|-supereffective|p2a: Bellossom\n|-damage|p2a: Bellossom|148/263 par\n|\n|upkeep\n|turn|18\n|inactive|Time left: 300 sec this turn | 300 sec total\n|\n|t:|1783546716\n|move|p2a: Bellossom|Strength Sap|p1a: Ting-Lu\n|-unboost|p1a: Ting-Lu|atk|1\n|-heal|p2a: Bellossom|263/263 par\n|move|p1a: Ting-Lu|Heavy Slam|p2a: Bellossom\n|-supereffective|p2a: Bellossom\n|-damage|p2a: Bellossom|179/263 par\n|\n|upkeep\n|turn|19\n|inactive|Time left: 300 sec this turn | 300 sec total\n|\n|t:|1783546718\n|cant|p2a: Bellossom|par\n|move|p1a: Ting-Lu|Heavy Slam|p2a: Bellossom\n|-supereffective|p2a: Bellossom\n|-damage|p2a: Bellossom|103/263 par\n|\n|upkeep\n|turn|20\n|inactive|Time left: 300 sec this turn | 300 sec total\n|\n|t:|1783546719\n|cant|p2a: Bellossom|par\n|move|p1a: Ting-Lu|Heavy Slam|p2a: Bellossom\n|-supereffective|p2a: Bellossom\n|-damage|p2a: Bellossom|23/263 par\n|\n|upkeep\n|turn|21\n|inactive|Time left: 300 sec this turn | 300 sec total\n|\n|t:|1783546720\n|cant|p2a: Bellossom|par\n|move|p1a: Ting-Lu|Heavy Slam|p2a: Bellossom\n|-supereffective|p2a: Bellossom\n|-damage|p2a: Bellossom|0 fnt\n|faint|p2a: Bellossom\n|\n|upkeep\n|inactive|Time left: 300 sec this turn | 300 sec total | 5 sec grace\n|\n|t:|1783546721\n|switch|p2a: Venomoth|Venomoth, L84, F|255/255\n|turn|22\n|inactive|Time left: 300 sec this turn | 300 sec total\n|\n|t:|1783546722\n|move|p2a: Venomoth|Quiver Dance|p2a: Venomoth\n|-boost|p2a: Venomoth|spa|1\n|-boost|p2a: Venomoth|spd|1\n|-boost|p2a: Venomoth|spe|1\n|move|p1a: Ting-Lu|Earthquake|p2a: Venomoth\n|-damage|p2a: Venomoth|185/255\n|\n|upkeep\n|turn|23\n|inactive|Time left: 300 sec this turn | 300 sec total\n|\n|t:|1783546723\n|move|p2a: Venomoth|Quiver Dance|p2a: Venomoth\n|-boost|p2a: Venomoth|spa|1\n|-boost|p2a: Venomoth|spd|1\n|-boost|p2a: Venomoth|spe|1\n|move|p1a: Ting-Lu|Earthquake|p2a: Venomoth\n|-damage|p2a: Venomoth|116/255\n|\n|upkeep\n|turn|24\n|inactive|Time left: 300 sec this turn | 300 sec total\n|\n|t:|1783546724\n|move|p2a: Venomoth|Sleep Powder|p1a: Ting-Lu\n|-status|p1a: Ting-Lu|slp|[from] move: Sleep Powder\n|cant|p1a: Ting-Lu|slp\n|\n|upkeep\n|turn|25\n|inactive|Time left: 300 sec this turn | 300 sec total\n|\n|t:|1783546726\n|switch|p1a: Toucannon|Toucannon, L88, M|25/100\n|move|p2a: Venomoth|Bug Buzz|p1a: Toucannon\n|-resisted|p1a: Toucannon\n|-damage|p1a: Toucannon|0 fnt\n|faint|p1a: Toucannon\n|\n|upkeep\n|\n|t:|1783546727\n|switch|p1a: Ting-Lu|Ting-Lu, L78, tera:Poison|100/100 slp\n|-ability|p1a: Ting-Lu|Vessel of Ruin\n|turn|26\n|inactive|Time left: 300 sec this turn | 300 sec total\n|\n|t:|1783546728\n|move|p2a: Venomoth|Bug Buzz|p1a: Ting-Lu\n|-resisted|p1a: Ting-Lu\n|-damage|p1a: Ting-Lu|62/100 slp\n|-curestatus|p1a: Ting-Lu|slp|[msg]\n|move|p1a: Ting-Lu|Earthquake|p2a: Venomoth\n|-damage|p2a: Venomoth|0 fnt\n|faint|p2a: Venomoth\n|\n|-heal|p1a: Ting-Lu|68/100|[from] item: Leftovers\n|upkeep\n|inactive|Time left: 300 sec this turn | 300 sec total | 5 sec grace\n|\n|t:|1783546729\n|switch|p2a: Cramorant|Cramorant, L86, F|261/261\n|turn|27\n|inactive|Time left: 300 sec this turn | 300 sec total\n|\n|t:|1783546730\n|move|p2a: Cramorant|Surf|p1a: Ting-Lu\n|-formechange|p2a: Cramorant|Cramorant-Gulping|\n|-damage|p1a: Ting-Lu|46/100\n|move|p1a: Ting-Lu|Spikes|p2a: Cramorant\n|-sidestart|p2: p0y6548df6|Spikes\n|\n|-heal|p1a: Ting-Lu|52/100|[from] item: Leftovers\n|upkeep\n|turn|28\n|inactive|Time left: 300 sec this turn | 300 sec total\n|\n|t:|1783546731\n|move|p2a: Cramorant|Surf|p1a: Ting-Lu\n|-damage|p1a: Ting-Lu|30/100\n|move|p1a: Ting-Lu|Spikes|p2a: Cramorant\n|-sidestart|p2: p0y6548df6|Spikes\n|\n|-heal|p1a: Ting-Lu|36/100|[from] item: Leftovers\n|upkeep\n|turn|29\n|inactive|Time left: 300 sec this turn | 300 sec total\n|\n|t:|1783546732\n|move|p2a: Cramorant|Defog|p1a: Ting-Lu\n|-unboost|p1a: Ting-Lu|evasion|1\n|-sideend|p2: p0y6548df6|Spikes|[from] move: Defog|[of] p2a: Cramorant\n|move|p1a: Ting-Lu|Spikes|p2a: Cramorant\n|-sidestart|p2: p0y6548df6|Spikes\n|\n|-heal|p1a: Ting-Lu|43/100|[from] item: Leftovers\n|upkeep\n|turn|30\n|inactive|Time left: 300 sec this turn | 300 sec total\n|\n|t:|1783546733\n|move|p2a: Cramorant|Surf|p1a: Ting-Lu\n|-crit|p1a: Ting-Lu\n|-damage|p1a: Ting-Lu|12/100\n|move|p1a: Ting-Lu|Spikes|p2a: Cramorant\n|-sidestart|p2: p0y6548df6|Spikes\n|\n|-heal|p1a: Ting-Lu|19/100|[from] item: Leftovers\n|upkeep\n|turn|31\n|inactive|Time left: 300 sec this turn | 300 sec total\n|\n|t:|1783546734\n|switch|p1a: Granbull|Granbull, L88, F|100/100\n|-ability|p1a: Granbull|Intimidate|boost\n|-unboost|p2a: Cramorant|atk|1\n|move|p2a: Cramorant|Surf|p1a: Granbull\n|-damage|p1a: Granbull|63/100\n|\n|-heal|p1a: Granbull|69/100|[from] item: Leftovers\n|upkeep\n|turn|32\n|inactive|Time left: 300 sec this turn | 300 sec total\n|\n|t:|1783546734\n|move|p2a: Cramorant|Surf|p1a: Granbull\n|-damage|p1a: Granbull|33/100\n|move|p1a: Granbull|Thunder Wave|p2a: Cramorant\n|-status|p2a: Cramorant|par\n|\n|-heal|p1a: Granbull|39/100|[from] item: Leftovers\n|upkeep\n|turn|33\n|inactive|Time left: 300 sec this turn | 300 sec total\n|\n|t:|1783546735\n|switch|p1a: Ting-Lu|Ting-Lu, L78, tera:Poison|19/100\n|-ability|p1a: Ting-Lu|Vessel of Ruin\n|cant|p2a: Cramorant|par\n|\n|-heal|p1a: Ting-Lu|25/100|[from] item: Leftovers\n|upkeep\n|turn|34\n|inactive|Time left: 300 sec this turn | 300 sec total\n|\n|t:|1783546736\n|move|p1a: Ting-Lu|Spikes|p2a: Cramorant\n|-sidestart|p2: p0y6548df6|Spikes\n|cant|p2a: Cramorant|par\n|\n|-heal|p1a: Ting-Lu|31/100|[from] item: Leftovers\n|upkeep\n|turn|35\n|inactive|Time left: 300 sec this turn | 300 sec total\n|\n|t:|1783546737\n|move|p1a: Ting-Lu|Spikes||[still]\n|-fail|p1a: Ting-Lu\n|cant|p2a: Cramorant|par\n|\n|-heal|p1a: Ting-Lu|37/100|[from] item: Leftovers\n|upkeep\n|turn|36\n|inactive|Time left: 300 sec this turn | 300 sec total\n|\n|t:|1783546738\n|move|p1a: Ting-Lu|Earthquake|p2a: Cramorant\n|-immune|p2a: Cramorant\n|move|p2a: Cramorant|Defog|p1a: Ting-Lu\n|-unboost|p1a: Ting-Lu|evasion|1\n|-sideend|p2: p0y6548df6|Spikes|[from] move: Defog|[of] p2a: Cramorant\n|\n|-heal|p1a: Ting-Lu|43/100|[from] item: Leftovers\n|upkeep\n|turn|37\n|inactive|Time left: 300 sec this turn | 300 sec total\n|\n|t:|1783546739\n|move|p1a: Ting-Lu|Spikes|p2a: Cramorant\n|-sidestart|p2: p0y6548df6|Spikes\n|move|p2a: Cramorant|Surf|p1a: Ting-Lu\n|-damage|p1a: Ting-Lu|22/100\n|\n|-heal|p1a: Ting-Lu|28/100|[from] item: Leftovers\n|upkeep\n|turn|38\n|inactive|Time left: 300 sec this turn | 300 sec total\n|\n|t:|1783546740\n|move|p1a: Ting-Lu|Spikes|p2a: Cramorant\n|-sidestart|p2: p0y6548df6|Spikes\n|move|p2a: Cramorant|Surf|p1a: Ting-Lu\n|-damage|p1a: Ting-Lu|9/100\n|\n|-heal|p1a: Ting-Lu|15/100|[from] item: Leftovers\n|upkeep\n|turn|39\n|inactive|Time left: 300 sec this turn | 300 sec total\n|\n|t:|1783546741\n|move|p1a: Ting-Lu|Spikes|p2a: Cramorant\n|-sidestart|p2: p0y6548df6|Spikes\n|move|p2a: Cramorant|Surf|p1a: Ting-Lu\n|-damage|p1a: Ting-Lu|0 fnt\n|faint|p1a: Ting-Lu\n|\n|upkeep\n|\n|t:|1783546741\n|switch|p1a: Granbull|Granbull, L88, F|39/100\n|-ability|p1a: Granbull|Intimidate|boost\n|-unboost|p2a: Cramorant|atk|1\n|turn|40\n|inactive|Time left: 300 sec this turn | 300 sec total\n|\n|t:|1783546742\n|move|p1a: Granbull|Earthquake|p2a: Cramorant\n|-immune|p2a: Cramorant\n|cant|p2a: Cramorant|par\n|\n|-heal|p1a: Granbull|45/100|[from] item: Leftovers\n|upkeep\n|turn|41\n|inactive|Time left: 300 sec this turn | 300 sec total\n|\n|t:|1783546743\n|move|p1a: Granbull|Thunder Wave|p2a: Cramorant\n|-fail|p2a: Cramorant|par\n|move|p2a: Cramorant|Surf|p1a: Granbull\n|-damage|p1a: Granbull|9/100\n|\n|-heal|p1a: Granbull|15/100|[from] item: Leftovers\n|upkeep\n|turn|42\n|inactive|Time left: 300 sec this turn | 300 sec total\n|\n|t:|1783546744\n|move|p1a: Granbull|Earthquake|p2a: Cramorant\n|-immune|p2a: Cramorant\n|move|p2a: Cramorant|Brave Bird|p1a: Granbull\n|-damage|p1a: Granbull|0 fnt\n|faint|p1a: Granbull\n|-damage|p2a: Cramorant|246/261 par|[from] Recoil\n|\n|win|p0y6548df6", "uploadtime": 1783546744, "views": 0, "rating": 0, "private": 0, "password": null, "_winner": "p0y6548df6", "_our_name": "p0y6548df6"}