{"id": "battle-gen9randombattle-2966", "formatid": "gen9randombattle", "format": "[Gen 9] Random Battle", "players": ["p0x29660495", "p0y29667844"], "log": "|init|battle\n|title|p0x29660495 vs. p0y29667844\n|j|\u2606p0x29660495\n|j|\u2606p0y29667844\n|t:|1783573161\n|gametype|singles\n|player|p1|p0x29660495|170|\n|player|p2|p0y29667844|1|\n|gen|9\n|tier|[Gen 9] Random Battle\n|rule|Species Clause: Limit one of each Pok\u00e9mon\n|rule|HP Percentage Mod: HP is shown in percentages\n|rule|Sleep Clause Mod: Limit one foe put to sleep\n|rule|Illusion Level Mod: Illusion disguises the Pok\u00e9mon's true level\n|\n|t:|1783573161\n|teamsize|p1|6\n|teamsize|p2|6\n|start\n|switch|p1a: Chimecho|Chimecho, L93, M|290/290\n|switch|p2a: Gurdurr|Gurdurr, L85, F|100/100\n|turn|1\n|inactive|Battle timer is ON: inactive players will automatically lose when time's up. (requested by p0y29667844)\n|inactive|Time left: 300 sec this turn | 300 sec total | 60 sec grace\n|\n|t:|1783573163\n|move|p1a: Chimecho|Psychic Noise|p2a: Gurdurr\n|-supereffective|p2a: Gurdurr\n|-damage|p2a: Gurdurr|38/100\n|-start|p2a: Gurdurr|move: Heal Block\n|move|p2a: Gurdurr|Knock Off|p1a: Chimecho\n|-supereffective|p1a: Chimecho\n|-damage|p1a: Chimecho|144/290\n|-enditem|p1a: Chimecho|Leftovers|[from] move: Knock Off|[of] p2a: Gurdurr\n|\n|upkeep\n|turn|2\n|inactive|Time left: 300 sec this turn | 300 sec total\n|inactive|p0x29660495 also wants the timer to be on.\n|\n|t:|1783573165\n|move|p1a: Chimecho|Recover|p1a: Chimecho\n|-heal|p1a: Chimecho|289/290\n|move|p2a: Gurdurr|Knock Off|p1a: Chimecho\n|-supereffective|p1a: Chimecho\n|-damage|p1a: Chimecho|197/290\n|\n|-end|p2a: Gurdurr|move: Heal Block\n|upkeep\n|turn|3\n|inactive|Time left: 300 sec this turn | 300 sec total\n|\n|t:|1783573166\n|switch|p2a: Feraligatr|Feraligatr, L79, M|100/100\n|move|p1a: Chimecho|Psychic Noise|p2a: Feraligatr\n|-damage|p2a: Feraligatr|58/100\n|-start|p2a: Feraligatr|move: Heal Block\n|\n|upkeep\n|turn|4\n|inactive|Time left: 300 sec this turn | 300 sec total\n|\n|t:|1783573167\n|move|p1a: Chimecho|Psychic Noise|p2a: Feraligatr\n|-damage|p2a: Feraligatr|20/100\n|move|p2a: Feraligatr|Dragon Dance|p2a: Feraligatr\n|-boost|p2a: Feraligatr|atk|1\n|-boost|p2a: Feraligatr|spe|1\n|\n|-end|p2a: Feraligatr|move: Heal Block\n|upkeep\n|turn|5\n|inactive|Time left: 300 sec this turn | 300 sec total\n|\n|t:|1783573168\n|switch|p1a: Tauros|Tauros-Paldea-Combat, L82, M|257/257\n|-ability|p1a: Tauros|Intimidate|boost\n|-unboost|p2a: Feraligatr|atk|1\n|move|p2a: Feraligatr|Liquidation|p1a: Tauros\n|-damage|p1a: Tauros|124/257\n|\n|upkeep\n|turn|6\n|inactive|Time left: 300 sec this turn | 300 sec total\n|\n|t:|1783573169\n|switch|p1a: Keldeo|Keldeo-Resolute, L79|273/273\n|move|p2a: Feraligatr|Liquidation|p1a: Keldeo\n|-resisted|p1a: Keldeo\n|-damage|p1a: Keldeo|198/273\n|\n|-heal|p1a: Keldeo|215/273|[from] item: Leftovers\n|upkeep\n|turn|7\n|inactive|Time left: 300 sec this turn | 300 sec total\n|\n|t:|1783573171\n|switch|p2a: Yanmega|Yanmega, L82, F|100/100\n|move|p1a: Keldeo|Secret Sword|p2a: Yanmega\n|-resisted|p2a: Yanmega\n|-damage|p2a: Yanmega|92/100\n|\n|-heal|p1a: Keldeo|232/273|[from] item: Leftovers\n|upkeep\n|turn|8\n|inactive|Time left: 300 sec this turn | 300 sec total\n|\n|t:|1783573172\n|move|p1a: Keldeo|Surf|p2a: Yanmega\n|-damage|p2a: Yanmega|34/100\n|move|p2a: Yanmega|Bug Buzz|p1a: Keldeo\n|-resisted|p1a: Keldeo\n|-damage|p1a: Keldeo|76/273\n|\n|-heal|p1a: Keldeo|93/273|[from] item: Leftovers\n|upkeep\n|turn|9\n|inactive|Time left: 300 sec this turn | 300 sec total\n|\n|t:|1783573173\n|move|p1a: Keldeo|Surf|p2a: Yanmega\n|-damage|p2a: Yanmega|0 fnt\n|faint|p2a: Yanmega\n|\n|-heal|p1a: Keldeo|110/273|[from] item: Leftovers\n|upkeep\n|\n|t:|1783573174\n|switch|p2a: Metagross|Metagross, L79|100/100\n|turn|10\n|inactive|Time left: 300 sec this turn | 300 sec total\n|\n|t:|1783573175\n|move|p2a: Metagross|Psychic Fangs|p1a: Keldeo\n|-supereffective|p1a: Keldeo\n|-damage|p1a: Keldeo|0 fnt\n|faint|p1a: Keldeo\n|\n|upkeep\n|inactive|Time left: 300 sec this turn | 300 sec total | 5 sec grace\n|\n|t:|1783573176\n|switch|p1a: Entei|Entei, L78|307/307\n|turn|11\n|inactive|Time left: 300 sec this turn | 300 sec total\n|\n|t:|1783573177\n|switch|p2a: Regirock|Regirock, L83|100/100\n|move|p1a: Entei|Sacred Fire|p2a: Regirock\n|-resisted|p2a: Regirock\n|-damage|p2a: Regirock|85/100\n|\n|-heal|p2a: Regirock|91/100|[from] item: Leftovers\n|upkeep\n|turn|12\n|inactive|Time left: 300 sec this turn | 300 sec total\n|\n|t:|1783573178\n|move|p1a: Entei|Sacred Fire|p2a: Regirock\n|-resisted|p2a: Regirock\n|-damage|p2a: Regirock|76/100\n|-status|p2a: Regirock|brn\n|move|p2a: Regirock|Stone Edge|p1a: Entei\n|-supereffective|p1a: Entei\n|-damage|p1a: Entei|192/307\n|\n|-heal|p2a: Regirock|82/100 brn|[from] item: Leftovers\n|-damage|p2a: Regirock|76/100 brn|[from] brn\n|upkeep\n|turn|13\n|inactive|Time left: 300 sec this turn | 300 sec total\n|\n|t:|1783573179\n|move|p1a: Entei|Sacred Fire|p2a: Regirock\n|-resisted|p2a: Regirock\n|-damage|p2a: Regirock|60/100 brn\n|move|p2a: Regirock|Thunder Wave|p1a: Entei\n|-status|p1a: Entei|par\n|\n|-heal|p2a: Regirock|66/100 brn|[from] item: Leftovers\n|-damage|p2a: Regirock|60/100 brn|[from] brn\n|upkeep\n|turn|14\n|inactive|Time left: 300 sec this turn | 300 sec total\n|\n|t:|1783573180\n|move|p2a: Regirock|Thunder Wave|p1a: Entei\n|-fail|p1a: Entei|par\n|move|p1a: Entei|Sacred Fire|p2a: Regirock\n|-resisted|p2a: Regirock\n|-damage|p2a: Regirock|45/100 brn\n|\n|-heal|p2a: Regirock|51/100 brn|[from] item: Leftovers\n|-damage|p2a: Regirock|45/100 brn|[from] brn\n|upkeep\n|turn|15\n|inactive|Time left: 300 sec this turn | 300 sec total\n|\n|t:|1783573181\n|move|p2a: Regirock|Stone Edge|p1a: Entei\n|-supereffective|p1a: Entei\n|-damage|p1a: Entei|78/307 par\n|move|p1a: Entei|Sacred Fire|p2a: Regirock\n|-resisted|p2a: Regirock\n|-damage|p2a: Regirock|30/100 brn\n|\n|-heal|p2a: Regirock|36/100 brn|[from] item: Leftovers\n|-damage|p2a: Regirock|30/100 brn|[from] brn\n|upkeep\n|turn|16\n|inactive|Time left: 300 sec this turn | 300 sec total\n|\n|t:|1783573182\n|move|p2a: Regirock|Stone Edge|p1a: Entei\n|-supereffective|p1a: Entei\n|-damage|p1a: Entei|0 fnt\n|faint|p1a: Entei\n|\n|-heal|p2a: Regirock|36/100 brn|[from] item: Leftovers\n|-damage|p2a: Regirock|30/100 brn|[from] brn\n|upkeep\n|inactive|Time left: 300 sec this turn | 300 sec total | 5 sec grace\n|\n|t:|1783573183\n|switch|p1a: Phione|Phione, L91|293/293\n|turn|17\n|inactive|Time left: 300 sec this turn | 300 sec total\n|\n|t:|1783573184\n|move|p1a: Phione|Scald|p2a: Regirock\n|-supereffective|p2a: Regirock\n|-damage|p2a: Regirock|0 fnt\n|faint|p2a: Regirock\n|\n|upkeep\n|\n|t:|1783573185\n|switch|p2a: Milotic|Milotic, L83, F|100/100\n|turn|18\n|inactive|Time left: 300 sec this turn | 300 sec total\n|\n|t:|1783573185\n|move|p1a: Phione|Grass Knot|p2a: Milotic\n|-supereffective|p2a: Milotic\n|-damage|p2a: Milotic|66/100\n|move|p2a: Milotic|Scald|p1a: Phione\n|-resisted|p1a: Phione\n|-damage|p1a: Phione|251/293\n|\n|-heal|p1a: Phione|269/293|[from] item: Leftovers\n|-heal|p2a: Milotic|72/100|[from] item: Leftovers\n|upkeep\n|turn|19\n|inactive|Time left: 300 sec this turn | 300 sec total\n|\n|t:|1783573186\n|move|p1a: Phione|Grass Knot|p2a: Milotic\n|-supereffective|p2a: Milotic\n|-damage|p2a: Milotic|37/100\n|move|p2a: Milotic|Recover|p2a: Milotic\n|-heal|p2a: Milotic|87/100\n|\n|-heal|p1a: Phione|287/293|[from] item: Leftovers\n|-heal|p2a: Milotic|93/100|[from] item: Leftovers\n|upkeep\n|turn|20\n|inactive|Time left: 300 sec this turn | 300 sec total\n|\n|t:|1783573187\n|move|p1a: Phione|Grass Knot|p2a: Milotic\n|-supereffective|p2a: Milotic\n|-damage|p2a: Milotic|58/100\n|move|p2a: Milotic|Scald|p1a: Phione\n|-resisted|p1a: Phione\n|-damage|p1a: Phione|248/293\n|\n|-heal|p1a: Phione|266/293|[from] item: Leftovers\n|-heal|p2a: Milotic|64/100|[from] item: Leftovers\n|upkeep\n|turn|21\n|inactive|Time left: 300 sec this turn | 300 sec total\n|\n|t:|1783573188\n|move|p1a: Phione|Grass Knot|p2a: Milotic\n|-supereffective|p2a: Milotic\n|-damage|p2a: Milotic|29/100\n|move|p2a: Milotic|Recover|p2a: Milotic\n|-heal|p2a: Milotic|79/100\n|\n|-heal|p1a: Phione|284/293|[from] item: Leftovers\n|-heal|p2a: Milotic|85/100|[from] item: Leftovers\n|upkeep\n|turn|22\n|inactive|Time left: 300 sec this turn | 300 sec total\n|\n|t:|1783573189\n|move|p1a: Phione|Grass Knot|p2a: Milotic\n|-supereffective|p2a: Milotic\n|-damage|p2a: Milotic|48/100\n|move|p2a: Milotic|Scald|p1a: Phione\n|-resisted|p1a: Phione\n|-damage|p1a: Phione|243/293\n|\n|-heal|p1a: Phione|261/293|[from] item: Leftovers\n|-heal|p2a: Milotic|54/100|[from] item: Leftovers\n|upkeep\n|turn|23\n|inactive|Time left: 300 sec this turn | 300 sec total\n|\n|t:|1783573189\n|-terastallize|p1a: Phione|Grass\n|move|p1a: Phione|Grass Knot|p2a: Milotic\n|-supereffective|p2a: Milotic\n|-damage|p2a: Milotic|0 fnt\n|faint|p2a: Milotic\n|\n|-heal|p1a: Phione|279/293|[from] item: Leftovers\n|upkeep\n|\n|t:|1783573190\n|switch|p2a: Metagross|Metagross, L79|100/100\n|turn|24\n|inactive|Time left: 300 sec this turn | 300 sec total\n|\n|t:|1783573191\n|move|p2a: Metagross|Heavy Slam|p1a: Phione\n|-damage|p1a: Phione|138/293\n|move|p1a: Phione|Scald|p2a: Metagross\n|-damage|p2a: Metagross|65/100\n|\n|-heal|p1a: Phione|156/293|[from] item: Leftovers\n|upkeep\n|turn|25\n|inactive|Time left: 300 sec this turn | 300 sec total\n|\n|t:|1783573192\n|move|p2a: Metagross|Heavy Slam|p1a: Phione\n|-damage|p1a: Phione|21/293\n|move|p1a: Phione|Scald|p2a: Metagross\n|-damage|p2a: Metagross|30/100\n|\n|-heal|p1a: Phione|39/293|[from] item: Leftovers\n|upkeep\n|turn|26\n|inactive|Time left: 300 sec this turn | 300 sec total\n|\n|t:|1783573192\n|move|p2a: Metagross|Heavy Slam|p1a: Phione\n|-damage|p1a: Phione|0 fnt\n|faint|p1a: Phione\n|\n|upkeep\n|inactive|Time left: 300 sec this turn | 300 sec total | 5 sec grace\n|\n|t:|1783573193\n|switch|p1a: Tauros|Tauros-Paldea-Combat, L82, M|124/257\n|-ability|p1a: Tauros|Intimidate|boost\n|-fail|p2a: Metagross|unboost|[from] ability: Clear Body|[of] p2a: Metagross\n|turn|27\n|inactive|Time left: 300 sec this turn | 300 sec total\n|\n|t:|1783573194\n|move|p2a: Metagross|Heavy Slam|p1a: Tauros\n|-damage|p1a: Tauros|4/257\n|move|p1a: Tauros|Earthquake|p2a: Metagross\n|-supereffective|p2a: Metagross\n|-damage|p2a: Metagross|0 fnt\n|faint|p2a: Metagross\n|-damage|p1a: Tauros|0 fnt|[from] item: Life Orb\n|faint|p1a: Tauros\n|\n|upkeep\n|inactive|Time left: 300 sec this turn | 300 sec total | 5 sec grace\n|\n|t:|1783573195\n|switch|p1a: Chimecho|Chimecho, L93, M|197/290\n|switch|p2a: Gurdurr|Gurdurr, L85, F|38/100\n|turn|28\n|inactive|Time left: 300 sec this turn | 300 sec total\n|\n|t:|1783573195\n|-terastallize|p2a: Gurdurr|Steel\n|move|p1a: Chimecho|Psychic Noise|p2a: Gurdurr\n|-resisted|p2a: Gurdurr\n|-damage|p2a: Gurdurr|21/100\n|-start|p2a: Gurdurr|move: Heal Block\n|move|p2a: Gurdurr|Knock Off|p1a: Chimecho\n|-supereffective|p1a: Chimecho\n|-damage|p1a: Chimecho|95/290\n|\n|upkeep\n|turn|29\n|inactive|Time left: 300 sec this turn | 300 sec total\n|\n|t:|1783573197\n|move|p1a: Chimecho|Psychic Noise|p2a: Gurdurr\n|-resisted|p2a: Gurdurr\n|-damage|p2a: Gurdurr|4/100\n|move|p2a: Gurdurr|Knock Off|p1a: Chimecho\n|-supereffective|p1a: Chimecho\n|-damage|p1a: Chimecho|0 fnt\n|faint|p1a: Chimecho\n|\n|-end|p2a: Gurdurr|move: Heal Block\n|upkeep\n|inactive|Time left: 300 sec this turn | 300 sec total | 5 sec grace\n|\n|t:|1783573197\n|switch|p1a: Cinccino|Cinccino, L83, F|260/260\n|turn|30\n|inactive|Time left: 300 sec this turn | 300 sec total\n|\n|t:|1783573198\n|switch|p2a: Feraligatr|Feraligatr, L79, M|20/100\n|move|p1a: Cinccino|Bullet Seed|p2a: Feraligatr\n|-supereffective|p2a: Feraligatr\n|-damage|p2a: Feraligatr|3/100\n|-supereffective|p2a: Feraligatr\n|-damage|p2a: Feraligatr|0 fnt\n|faint|p2a: Feraligatr\n|-hitcount|p2: Feraligatr|2\n|\n|upkeep\n|\n|t:|1783573199\n|switch|p2a: Gurdurr|Gurdurr, L85, F, tera:Steel|4/100\n|turn|31\n|inactive|Time left: 300 sec this turn | 300 sec total\n|\n|t:|1783573200\n|move|p1a: Cinccino|U-turn|p2a: Gurdurr\n|-resisted|p2a: Gurdurr\n|-damage|p2a: Gurdurr|0 fnt\n|faint|p2a: Gurdurr\n|\n|win|p0x29660495", "uploadtime": 1783573200, "views": 0, "rating": 0, "private": 0, "password": null, "_winner": "p0x29660495", "_our_name": "p0x29660495"}