{"id": "battle-gen9randombattle-845", "formatid": "gen9randombattle", "format": "[Gen 9] Random Battle", "players": ["p0x845ece5", "p0y845721a"], "log": "|init|battle\n|title|p0x845ece5 vs. p0y845721a\n|j|\u2606p0x845ece5\n|j|\u2606p0y845721a\n|t:|1783549679\n|gametype|singles\n|player|p1|p0x845ece5|2|\n|player|p2|p0y845721a|265|\n|gen|9\n|tier|[Gen 9] Random Battle\n|rule|Species Clause: Limit one of each Pok\u00e9mon\n|rule|HP Percentage Mod: HP is shown in percentages\n|rule|Sleep Clause Mod: Limit one foe put to sleep\n|rule|Illusion Level Mod: Illusion disguises the Pok\u00e9mon's true level\n|\n|t:|1783549679\n|teamsize|p1|6\n|teamsize|p2|6\n|start\n|switch|p1a: Zarude|Zarude-Dada, L77|288/288\n|switch|p2a: Bastiodon|Bastiodon, L89, F|100/100\n|turn|1\n|inactive|Battle timer is ON: inactive players will automatically lose when time's up. (requested by p0y845721a)\n|inactive|Time left: 300 sec this turn | 300 sec total | 60 sec grace\n|inactive|p0x845ece5 also wants the timer to be on.\n|\n|t:|1783549681\n|switch|p1a: Flutter Mane|Flutter Mane, L74|203/203\n|-terastallize|p2a: Bastiodon|Fighting\n|move|p2a: Bastiodon|Body Press|p1a: Flutter Mane\n|-immune|p1a: Flutter Mane\n|\n|upkeep\n|turn|2\n|inactive|Time left: 300 sec this turn | 300 sec total\n|\n|t:|1783549682\n|switch|p2a: Toedscruel|Toedscruel, L87, M|100/100\n|move|p1a: Flutter Mane|Moonblast|p2a: Toedscruel\n|-damage|p2a: Toedscruel|71/100\n|\n|upkeep\n|turn|3\n|inactive|Time left: 300 sec this turn | 300 sec total\n|\n|t:|1783549684\n|move|p1a: Flutter Mane|Moonblast|p2a: Toedscruel\n|-damage|p2a: Toedscruel|41/100\n|move|p2a: Toedscruel|Knock Off|p1a: Flutter Mane\n|-damage|p1a: Flutter Mane|108/203\n|-enditem|p1a: Flutter Mane|Choice Specs|[from] move: Knock Off|[of] p2a: Toedscruel\n|\n|upkeep\n|turn|4\n|inactive|Time left: 300 sec this turn | 300 sec total\n|\n|t:|1783549685\n|move|p1a: Flutter Mane|Moonblast|p2a: Toedscruel\n|-damage|p2a: Toedscruel|21/100\n|move|p2a: Toedscruel|Knock Off|p1a: Flutter Mane\n|-damage|p1a: Flutter Mane|51/203\n|\n|upkeep\n|turn|5\n|inactive|Time left: 300 sec this turn | 300 sec total\n|\n|t:|1783549686\n|move|p1a: Flutter Mane|Mystical Fire|p2a: Toedscruel\n|-supereffective|p2a: Toedscruel\n|-damage|p2a: Toedscruel|3/100\n|-unboost|p2a: Toedscruel|spa|1\n|move|p2a: Toedscruel|Knock Off|p1a: Flutter Mane\n|-damage|p1a: Flutter Mane|0 fnt\n|faint|p1a: Flutter Mane\n|-end|p1a: Flutter Mane|Protosynthesis|[silent]\n|\n|upkeep\n|inactive|Time left: 300 sec this turn | 300 sec total | 5 sec grace\n|\n|t:|1783549687\n|switch|p1a: Baxcalibur|Baxcalibur, L75, M|296/296\n|turn|6\n|inactive|Time left: 300 sec this turn | 300 sec total\n|\n|t:|1783549688\n|move|p2a: Toedscruel|Knock Off|p1a: Baxcalibur\n|-damage|p1a: Baxcalibur|234/296\n|-enditem|p1a: Baxcalibur|Heavy-Duty Boots|[from] move: Knock Off|[of] p2a: Toedscruel\n|move|p1a: Baxcalibur|Dragon Dance|p1a: Baxcalibur\n|-boost|p1a: Baxcalibur|atk|1\n|-boost|p1a: Baxcalibur|spe|1\n|\n|upkeep\n|turn|7\n|inactive|Time left: 300 sec this turn | 300 sec total\n|\n|t:|1783549689\n|switch|p2a: Bastiodon|Bastiodon, L89, F, tera:Fighting|100/100\n|move|p1a: Baxcalibur|Dragon Dance|p1a: Baxcalibur\n|-boost|p1a: Baxcalibur|atk|1\n|-boost|p1a: Baxcalibur|spe|1\n|\n|upkeep\n|turn|8\n|inactive|Time left: 300 sec this turn | 300 sec total\n|\n|t:|1783549690\n|-terastallize|p1a: Baxcalibur|Ground\n|move|p1a: Baxcalibur|Glaive Rush|p2a: Bastiodon\n|-damage|p2a: Bastiodon|37/100\n|-singlemove|p1a: Baxcalibur|Glaive Rush|[silent]\n|move|p2a: Bastiodon|Body Press|p1a: Baxcalibur\n|-damage|p1a: Baxcalibur|0 fnt\n|faint|p1a: Baxcalibur\n|\n|upkeep\n|inactive|Time left: 300 sec this turn | 300 sec total | 5 sec grace\n|\n|t:|1783549691\n|switch|p1a: Rampardos|Rampardos, L90, F|321/321\n|turn|9\n|inactive|Time left: 300 sec this turn | 300 sec total\n|\n|t:|1783549693\n|move|p1a: Rampardos|Zen Headbutt|p2a: Bastiodon\n|-supereffective|p2a: Bastiodon\n|-damage|p2a: Bastiodon|0 fnt\n|faint|p2a: Bastiodon\n|\n|upkeep\n|\n|t:|1783549694\n|switch|p2a: Palkia|Palkia, L75|100/100\n|-ability|p2a: Palkia|Pressure\n|turn|10\n|inactive|Time left: 300 sec this turn | 300 sec total\n|\n|t:|1783549695\n|switch|p1a: Pincurchin|Pincurchin, M|258/258\n|-fieldstart|move: Electric Terrain|[from] ability: Electric Surge|[of] p1a: Pincurchin\n|move|p2a: Palkia|Draco Meteor|p1a: Pincurchin\n|-damage|p1a: Pincurchin|48/258\n|-unboost|p2a: Palkia|spa|2\n|\n|-heal|p1a: Pincurchin|64/258|[from] item: Leftovers\n|upkeep\n|turn|11\n|inactive|Time left: 300 sec this turn | 300 sec total\n|\n|t:|1783549696\n|move|p2a: Palkia|Draco Meteor|p1a: Pincurchin\n|-damage|p1a: Pincurchin|0 fnt\n|-unboost|p2a: Palkia|spa|2\n|faint|p1a: Pincurchin\n|\n|upkeep\n|inactive|Time left: 300 sec this turn | 300 sec total | 5 sec grace\n|\n|t:|1783549697\n|switch|p1a: Rampardos|Rampardos, L90, F|321/321\n|turn|12\n|inactive|Time left: 300 sec this turn | 300 sec total\n|\n|t:|1783549698\n|switch|p2a: Krookodile|Krookodile, L79, M|100/100\n|-ability|p2a: Krookodile|Intimidate|boost\n|-unboost|p1a: Rampardos|atk|1\n|move|p1a: Rampardos|Earthquake|p2a: Krookodile\n|-damage|p2a: Krookodile|54/100\n|-damage|p1a: Rampardos|289/321|[from] item: Life Orb\n|\n|-heal|p2a: Krookodile|60/100|[from] item: Leftovers\n|upkeep\n|turn|13\n|inactive|Time left: 300 sec this turn | 300 sec total\n|\n|t:|1783549699\n|switch|p1a: Zarude|Zarude-Dada, L77|288/288\n|move|p2a: Krookodile|Knock Off|p1a: Zarude\n|-resisted|p1a: Zarude\n|-damage|p1a: Zarude|237/288\n|-enditem|p1a: Zarude|Choice Scarf|[from] move: Knock Off|[of] p2a: Krookodile\n|\n|-heal|p2a: Krookodile|66/100|[from] item: Leftovers\n|upkeep\n|turn|14\n|inactive|Time left: 300 sec this turn | 300 sec total\n|\n|t:|1783549700\n|switch|p2a: Mandibuzz|Mandibuzz, L85, F|100/100\n|move|p1a: Zarude|Power Whip|p2a: Mandibuzz\n|-resisted|p2a: Mandibuzz\n|-damage|p2a: Mandibuzz|85/100\n|\n|-fieldend|move: Electric Terrain\n|upkeep\n|turn|15\n|inactive|Time left: 300 sec this turn | 300 sec total\n|\n|t:|1783549701\n|move|p1a: Zarude|Knock Off|p2a: Mandibuzz\n|-resisted|p2a: Mandibuzz\n|-damage|p2a: Mandibuzz|72/100\n|-enditem|p2a: Mandibuzz|Heavy-Duty Boots|[from] move: Knock Off|[of] p1a: Zarude\n|move|p2a: Mandibuzz|U-turn|p1a: Zarude\n|-supereffective|p1a: Zarude\n|-damage|p1a: Zarude|89/288\n|\n|t:|1783549703\n|switch|p2a: Krookodile|Krookodile, L79, M|66/100|[from] U-turn\n|-ability|p2a: Krookodile|Intimidate|boost\n|-unboost|p1a: Zarude|atk|1\n|\n|-heal|p2a: Krookodile|72/100|[from] item: Leftovers\n|upkeep\n|turn|16\n|inactive|Time left: 300 sec this turn | 300 sec total\n|\n|t:|1783549704\n|switch|p2a: Mandibuzz|Mandibuzz, L85, F|72/100\n|move|p1a: Zarude|Power Whip|p2a: Mandibuzz\n|-resisted|p2a: Mandibuzz\n|-damage|p2a: Mandibuzz|61/100\n|\n|upkeep\n|turn|17\n|inactive|Time left: 300 sec this turn | 300 sec total\n|\n|t:|1783549705\n|switch|p1a: Rotom|Rotom-Heat, L83|219/219\n|move|p2a: Mandibuzz|Roost|p2a: Mandibuzz\n|-heal|p2a: Mandibuzz|100/100\n|-singleturn|p2a: Mandibuzz|move: Roost\n|\n|upkeep\n|turn|18\n|inactive|Time left: 300 sec this turn | 300 sec total\n|\n|t:|1783549706\n|switch|p2a: Palkia|Palkia, L75|100/100\n|-ability|p2a: Palkia|Pressure\n|move|p1a: Rotom|Thunderbolt|p2a: Palkia\n|-damage|p2a: Palkia|65/100\n|\n|upkeep\n|turn|19\n|inactive|Time left: 300 sec this turn | 300 sec total\n|\n|t:|1783549707\n|switch|p1a: Zarude|Zarude-Dada, L77|89/288\n|move|p2a: Palkia|Hydro Pump|p1a: Zarude\n|-resisted|p1a: Zarude\n|-damage|p1a: Zarude|0 fnt\n|faint|p1a: Zarude\n|\n|upkeep\n|inactive|Time left: 300 sec this turn | 300 sec total | 5 sec grace\n|\n|t:|1783549708\n|switch|p1a: Rampardos|Rampardos, L90, F|289/321\n|turn|20\n|inactive|Time left: 300 sec this turn | 300 sec total\n|\n|t:|1783549709\n|move|p2a: Palkia|Hydro Pump|p1a: Rampardos\n|-supereffective|p1a: Rampardos\n|-damage|p1a: Rampardos|0 fnt\n|faint|p1a: Rampardos\n|\n|upkeep\n|inactive|Time left: 300 sec this turn | 300 sec total | 5 sec grace\n|\n|t:|1783549710\n|switch|p1a: Rotom|Rotom-Heat, L83|219/219\n|turn|21\n|inactive|Time left: 300 sec this turn | 300 sec total\n|\n|t:|1783549711\n|move|p2a: Palkia|Hydro Pump|p1a: Rotom|[miss]\n|-miss|p2a: Palkia|p1a: Rotom\n|move|p1a: Rotom|Thunderbolt|p2a: Palkia\n|-damage|p2a: Palkia|29/100\n|\n|upkeep\n|turn|22\n|inactive|Time left: 300 sec this turn | 300 sec total\n|\n|t:|1783549711\n|move|p2a: Palkia|Hydro Pump|p1a: Rotom\n|-supereffective|p1a: Rotom\n|-damage|p1a: Rotom|0 fnt\n|faint|p1a: Rotom\n|\n|win|p0y845721a", "uploadtime": 1783549711, "views": 0, "rating": 0, "private": 0, "password": null, "_winner": "p0y845721a", "_our_name": "p0x845ece5"}