{"id": "battle-gen9randombattle-1492", "formatid": "gen9randombattle", "format": "[Gen 9] Random Battle", "players": ["p0x14925177", "p0y1492465e"], "log": "|init|battle\n|title|p0x14925177 vs. p0y1492465e\n|j|\u2606p0x14925177\n|j|\u2606p0y1492465e\n|t:|1783557345\n|gametype|singles\n|player|p1|p0x14925177|170|\n|player|p2|p0y1492465e|1|\n|gen|9\n|tier|[Gen 9] Random Battle\n|rule|Species Clause: Limit one of each Pok\u00e9mon\n|rule|HP Percentage Mod: HP is shown in percentages\n|rule|Sleep Clause Mod: Limit one foe put to sleep\n|rule|Illusion Level Mod: Illusion disguises the Pok\u00e9mon's true level\n|\n|t:|1783557345\n|teamsize|p1|6\n|teamsize|p2|6\n|start\n|switch|p1a: Ariados|Ariados, L95, F|287/287\n|switch|p2a: Veluza|Veluza, L85, M|100/100\n|turn|1\n|inactive|Battle timer is ON: inactive players will automatically lose when time's up. (requested by p0x14925177)\n|inactive|p0y1492465e also wants the timer to be on.\n|\n|t:|1783557347\n|move|p2a: Veluza|Psycho Cut|p1a: Ariados\n|-supereffective|p1a: Ariados\n|-damage|p1a: Ariados|35/287\n|move|p1a: Ariados|Sticky Web|p2a: Veluza\n|-sidestart|p2: p0y1492465e|move: Sticky Web\n|\n|upkeep\n|turn|2\n|inactive|Time left: 300 sec this turn | 300 sec total\n|\n|t:|1783557348\n|move|p1a: Ariados|Sucker Punch|p2a: Veluza\n|-supereffective|p2a: Veluza\n|-damage|p2a: Veluza|52/100\n|move|p2a: Veluza|Psycho Cut|p1a: Ariados\n|-supereffective|p1a: Ariados\n|-damage|p1a: Ariados|0 fnt\n|faint|p1a: Ariados\n|\n|upkeep\n|inactive|Time left: 300 sec this turn | 300 sec total | 5 sec grace\n|\n|t:|1783557349\n|switch|p1a: Lycanroc|Lycanroc-Midnight, L89, M|296/296\n|turn|3\n|inactive|Time left: 300 sec this turn | 300 sec total\n|\n|t:|1783557350\n|move|p1a: Lycanroc|Stone Edge|p2a: Veluza\n|-damage|p2a: Veluza|0 fnt\n|faint|p2a: Veluza\n|\n|upkeep\n|\n|t:|1783557351\n|switch|p2a: Breloom|Breloom, L83, M|100/100\n|-activate|p2a: Breloom|move: Sticky Web\n|-unboost|p2a: Breloom|spe|1\n|turn|4\n|inactive|Time left: 300 sec this turn | 300 sec total\n|\n|t:|1783557353\n|move|p1a: Lycanroc|Stone Edge|p2a: Breloom\n|-resisted|p2a: Breloom\n|-damage|p2a: Breloom|56/100\n|move|p2a: Breloom|Bullet Seed|p1a: Lycanroc\n|-supereffective|p1a: Lycanroc\n|-damage|p1a: Lycanroc|169/296\n|-supereffective|p1a: Lycanroc\n|-damage|p1a: Lycanroc|36/296\n|-supereffective|p1a: Lycanroc\n|-damage|p1a: Lycanroc|0 fnt\n|faint|p1a: Lycanroc\n|-hitcount|p1: Lycanroc|3\n|-damage|p2a: Breloom|46/100|[from] item: Life Orb\n|\n|upkeep\n|inactive|Time left: 300 sec this turn | 300 sec total | 5 sec grace\n|\n|t:|1783557353\n|switch|p1a: Tauros|Tauros-Paldea-Combat, L82, M|257/257\n|-ability|p1a: Tauros|Intimidate|boost\n|-unboost|p2a: Breloom|atk|1\n|turn|5\n|inactive|Time left: 300 sec this turn | 300 sec total\n|\n|t:|1783557355\n|switch|p2a: Chimecho|Chimecho, L93, F|100/100\n|move|p1a: Tauros|Close Combat|p2a: Chimecho\n|-resisted|p2a: Chimecho\n|-crit|p2a: Chimecho\n|-damage|p2a: Chimecho|48/100\n|-unboost|p1a: Tauros|def|1\n|-unboost|p1a: Tauros|spd|1\n|\n|-heal|p2a: Chimecho|54/100|[from] item: Leftovers\n|upkeep\n|turn|6\n|inactive|Time left: 300 sec this turn | 300 sec total\n|\n|t:|1783557356\n|switch|p1a: Pyroar|Pyroar, L88, F|295/295\n|-ability|p1a: Pyroar|Unnerve\n|move|p2a: Chimecho|Psychic Noise|p1a: Pyroar\n|-damage|p1a: Pyroar|186/295\n|-start|p1a: Pyroar|move: Heal Block\n|\n|-heal|p2a: Chimecho|60/100|[from] item: Leftovers\n|upkeep\n|turn|7\n|inactive|Time left: 300 sec this turn | 300 sec total\n|\n|t:|1783557357\n|move|p1a: Pyroar|Work Up|p1a: Pyroar\n|-boost|p1a: Pyroar|atk|1\n|-boost|p1a: Pyroar|spa|1\n|move|p2a: Chimecho|Recover|p2a: Chimecho\n|-heal|p2a: Chimecho|100/100\n|\n|-end|p1a: Pyroar|move: Heal Block\n|upkeep\n|turn|8\n|inactive|Time left: 300 sec this turn | 300 sec total\n|\n|t:|1783557358\n|move|p1a: Pyroar|Fire Blast|p2a: Chimecho|[miss]\n|-miss|p1a: Pyroar|p2a: Chimecho\n|move|p2a: Chimecho|Psychic Noise|p1a: Pyroar\n|-damage|p1a: Pyroar|69/295\n|-start|p1a: Pyroar|move: Heal Block\n|\n|upkeep\n|turn|9\n|inactive|Time left: 300 sec this turn | 300 sec total\n|\n|t:|1783557359\n|move|p1a: Pyroar|Fire Blast|p2a: Chimecho\n|-damage|p2a: Chimecho|36/100\n|move|p2a: Chimecho|Psychic Noise|p1a: Pyroar\n|-damage|p1a: Pyroar|0 fnt\n|faint|p1a: Pyroar\n|\n|-heal|p2a: Chimecho|42/100|[from] item: Leftovers\n|upkeep\n|inactive|Time left: 300 sec this turn | 300 sec total | 5 sec grace\n|\n|t:|1783557360\n|switch|p1a: Tauros|Tauros-Paldea-Combat, L82, M|257/257\n|-ability|p1a: Tauros|Intimidate|boost\n|-unboost|p2a: Chimecho|atk|1\n|turn|10\n|inactive|Time left: 300 sec this turn | 300 sec total\n|\n|t:|1783557361\n|move|p1a: Tauros|Throat Chop|p2a: Chimecho\n|-supereffective|p2a: Chimecho\n|-damage|p2a: Chimecho|0 fnt\n|faint|p2a: Chimecho\n|\n|upkeep\n|\n|t:|1783557362\n|switch|p2a: Breloom|Breloom, L83, M|46/100\n|-activate|p2a: Breloom|move: Sticky Web\n|-unboost|p2a: Breloom|spe|1\n|turn|11\n|inactive|Time left: 300 sec this turn | 300 sec total\n|\n|t:|1783557363\n|move|p1a: Tauros|Throat Chop|p2a: Breloom\n|-resisted|p2a: Breloom\n|-damage|p2a: Breloom|26/100\n|-start|p2a: Breloom|Throat Chop|[silent]\n|move|p2a: Breloom|Bullet Seed|p1a: Tauros\n|-damage|p1a: Tauros|199/257\n|-damage|p1a: Tauros|137/257\n|-damage|p1a: Tauros|79/257\n|-hitcount|p1a: Tauros|3\n|-damage|p2a: Breloom|16/100|[from] item: Life Orb\n|\n|upkeep\n|turn|12\n|inactive|Time left: 300 sec this turn | 300 sec total\n|\n|t:|1783557365\n|move|p2a: Breloom|Mach Punch|p1a: Tauros\n|-damage|p1a: Tauros|0 fnt\n|faint|p1a: Tauros\n|-damage|p2a: Breloom|6/100|[from] item: Life Orb\n|\n|-end|p2a: Breloom|Throat Chop|[silent]\n|upkeep\n|inactive|Time left: 300 sec this turn | 300 sec total | 5 sec grace\n|\n|t:|1783557366\n|switch|p1a: Giratina|Giratina-Origin, L72|335/335\n|turn|13\n|inactive|Time left: 300 sec this turn | 300 sec total\n|\n|t:|1783557367\n|move|p1a: Giratina|Poltergeist|p2a: Breloom\n|-activate|p2a: Breloom|move: Poltergeist|Life Orb\n|-damage|p2a: Breloom|0 fnt\n|faint|p2a: Breloom\n|\n|upkeep\n|\n|t:|1783557368\n|switch|p2a: Klawf|Klawf, L90, M|100/100\n|-activate|p2a: Klawf|move: Sticky Web\n|-unboost|p2a: Klawf|spe|1\n|turn|14\n|inactive|Time left: 300 sec this turn | 300 sec total\n|\n|t:|1783557369\n|move|p1a: Giratina|Will-O-Wisp|p2a: Klawf\n|-status|p2a: Klawf|brn\n|move|p2a: Klawf|Swords Dance|p2a: Klawf\n|-boost|p2a: Klawf|atk|2\n|\n|-damage|p2a: Klawf|94/100 brn|[from] brn\n|upkeep\n|turn|15\n|inactive|Time left: 300 sec this turn | 300 sec total\n|\n|t:|1783557370\n|move|p2a: Klawf|Knock Off|p1a: Giratina\n|-supereffective|p1a: Giratina\n|-crit|p1a: Giratina\n|-damage|p1a: Giratina|112/335\n|move|p1a: Giratina|Dragon Tail|p2a: Klawf\n|-damage|p2a: Klawf|77/100 brn\n|drag|p2a: Pawmot|Pawmot, L80, M|100/100\n|-activate|p2a: Pawmot|move: Sticky Web\n|-unboost|p2a: Pawmot|spe|1\n|\n|upkeep\n|turn|16\n|inactive|Time left: 300 sec this turn | 300 sec total\n|\n|t:|1783557372\n|switch|p2a: Klawf|Klawf, L90, M|77/100 brn\n|-activate|p2a: Klawf|move: Sticky Web\n|-unboost|p2a: Klawf|spe|1\n|move|p1a: Giratina|Will-O-Wisp|p2a: Klawf\n|-fail|p2a: Klawf|brn\n|\n|-damage|p2a: Klawf|70/100 brn|[from] brn\n|upkeep\n|turn|17\n|inactive|Time left: 300 sec this turn | 300 sec total\n|\n|t:|1783557373\n|move|p2a: Klawf|Knock Off|p1a: Giratina\n|-supereffective|p1a: Giratina\n|-damage|p1a: Giratina|47/335\n|move|p1a: Giratina|Dragon Tail|p2a: Klawf\n|-damage|p2a: Klawf|49/100 brn\n|-ability|p2a: Klawf|Anger Shell|boost\n|-boost|p2a: Klawf|atk|1\n|-boost|p2a: Klawf|spa|1\n|-boost|p2a: Klawf|spe|1\n|-unboost|p2a: Klawf|def|1\n|-unboost|p2a: Klawf|spd|1\n|drag|p2a: Whiscash|Whiscash, L88, M|100/100\n|-activate|p2a: Whiscash|move: Sticky Web\n|-unboost|p2a: Whiscash|spe|1\n|\n|upkeep\n|turn|18\n|inactive|Time left: 300 sec this turn | 300 sec total\n|\n|t:|1783557374\n|switch|p2a: Klawf|Klawf, L90, M|49/100 brn\n|-activate|p2a: Klawf|move: Sticky Web\n|-unboost|p2a: Klawf|spe|1\n|move|p1a: Giratina|Will-O-Wisp|p2a: Klawf|[miss]\n|-miss|p1a: Giratina|p2a: Klawf\n|\n|-damage|p2a: Klawf|43/100 brn|[from] brn\n|upkeep\n|turn|19\n|inactive|Time left: 300 sec this turn | 300 sec total\n|\n|t:|1783557375\n|move|p1a: Giratina|Draco Meteor|p2a: Klawf\n|-damage|p2a: Klawf|0 fnt\n|-unboost|p1a: Giratina|spa|2\n|faint|p2a: Klawf\n|\n|upkeep\n|\n|t:|1783557376\n|switch|p2a: Whiscash|Whiscash, L88, M|100/100\n|-activate|p2a: Whiscash|move: Sticky Web\n|-unboost|p2a: Whiscash|spe|1\n|turn|20\n|inactive|Time left: 300 sec this turn | 300 sec total\n|\n|t:|1783557377\n|move|p1a: Giratina|Will-O-Wisp|p2a: Whiscash|[miss]\n|-miss|p1a: Giratina|p2a: Whiscash\n|move|p2a: Whiscash|Dragon Dance|p2a: Whiscash\n|-boost|p2a: Whiscash|atk|1\n|-boost|p2a: Whiscash|spe|1\n|\n|upkeep\n|turn|21\n|inactive|Time left: 300 sec this turn | 300 sec total\n|\n|t:|1783557378\n|move|p1a: Giratina|Will-O-Wisp|p2a: Whiscash|[miss]\n|-miss|p1a: Giratina|p2a: Whiscash\n|move|p2a: Whiscash|Stone Edge|p1a: Giratina|[miss]\n|-miss|p2a: Whiscash|p1a: Giratina\n|\n|upkeep\n|turn|22\n|inactive|Time left: 300 sec this turn | 300 sec total\n|\n|t:|1783557379\n|move|p1a: Giratina|Will-O-Wisp|p2a: Whiscash\n|-status|p2a: Whiscash|brn\n|move|p2a: Whiscash|Stone Edge|p1a: Giratina\n|-damage|p1a: Giratina|0 fnt\n|faint|p1a: Giratina\n|-damage|p2a: Whiscash|91/100 brn|[from] item: Life Orb\n|\n|-damage|p2a: Whiscash|84/100 brn|[from] brn\n|upkeep\n|inactive|Time left: 300 sec this turn | 300 sec total | 5 sec grace\n|\n|t:|1783557381\n|switch|p1a: Magcargo|Magcargo, L95, M|268/268\n|turn|23\n|inactive|Time left: 300 sec this turn | 300 sec total\n|\n|t:|1783557382\n|-terastallize|p1a: Magcargo|Dragon\n|move|p2a: Whiscash|Dragon Dance|p2a: Whiscash\n|-boost|p2a: Whiscash|atk|1\n|-boost|p2a: Whiscash|spe|1\n|move|p1a: Magcargo|Lava Plume|p2a: Whiscash\n|-resisted|p2a: Whiscash\n|-damage|p2a: Whiscash|68/100 brn\n|\n|-damage|p2a: Whiscash|61/100 brn|[from] brn\n|upkeep\n|turn|24\n|inactive|Time left: 300 sec this turn | 300 sec total\n|\n|t:|1783557383\n|move|p2a: Whiscash|Dragon Dance|p2a: Whiscash\n|-boost|p2a: Whiscash|atk|1\n|-boost|p2a: Whiscash|spe|1\n|move|p1a: Magcargo|Lava Plume|p2a: Whiscash\n|-resisted|p2a: Whiscash\n|-damage|p2a: Whiscash|44/100 brn\n|\n|-damage|p2a: Whiscash|38/100 brn|[from] brn\n|upkeep\n|turn|25\n|inactive|Time left: 300 sec this turn | 300 sec total\n|\n|t:|1783557384\n|-terastallize|p2a: Whiscash|Ground\n|move|p2a: Whiscash|Earthquake|p1a: Magcargo\n|-damage|p1a: Magcargo|116/268\n|-damage|p2a: Whiscash|28/100 brn|[from] item: Life Orb\n|move|p1a: Magcargo|Recover|p1a: Magcargo\n|-heal|p1a: Magcargo|250/268\n|\n|-damage|p2a: Whiscash|22/100 brn|[from] brn\n|upkeep\n|turn|26\n|inactive|Time left: 300 sec this turn | 300 sec total\n|\n|t:|1783557385\n|move|p2a: Whiscash|Earthquake|p1a: Magcargo\n|-damage|p1a: Magcargo|93/268\n|-damage|p2a: Whiscash|12/100 brn|[from] item: Life Orb\n|move|p1a: Magcargo|Recover|p1a: Magcargo\n|-heal|p1a: Magcargo|227/268\n|\n|-damage|p2a: Whiscash|6/100 brn|[from] brn\n|upkeep\n|turn|27\n|inactive|Time left: 300 sec this turn | 300 sec total\n|\n|t:|1783557386\n|move|p2a: Whiscash|Earthquake|p1a: Magcargo\n|-damage|p1a: Magcargo|80/268\n|-damage|p2a: Whiscash|0 fnt|[from] item: Life Orb\n|faint|p2a: Whiscash\n|move|p1a: Magcargo|Recover|p1a: Magcargo\n|-heal|p1a: Magcargo|214/268\n|\n|upkeep\n|\n|t:|1783557387\n|switch|p2a: Pawmot|Pawmot, L80, M|100/100\n|-activate|p2a: Pawmot|move: Sticky Web\n|-unboost|p2a: Pawmot|spe|1\n|turn|28\n|inactive|Time left: 300 sec this turn | 300 sec total\n|\n|t:|1783557388\n|move|p2a: Pawmot|Ice Punch|p1a: Magcargo\n|-supereffective|p1a: Magcargo\n|-damage|p1a: Magcargo|89/268\n|-damage|p2a: Pawmot|91/100|[from] item: Life Orb\n|move|p1a: Magcargo|Recover|p1a: Magcargo\n|-heal|p1a: Magcargo|223/268\n|\n|upkeep\n|turn|29\n|inactive|Time left: 300 sec this turn | 300 sec total\n|\n|t:|1783557389\n|move|p2a: Pawmot|Ice Punch|p1a: Magcargo\n|-supereffective|p1a: Magcargo\n|-damage|p1a: Magcargo|101/268\n|-damage|p2a: Pawmot|81/100|[from] item: Life Orb\n|move|p1a: Magcargo|Recover|p1a: Magcargo\n|-heal|p1a: Magcargo|235/268\n|\n|upkeep\n|turn|30\n|inactive|Time left: 300 sec this turn | 300 sec total\n|\n|t:|1783557390\n|move|p2a: Pawmot|Ice Punch|p1a: Magcargo\n|-supereffective|p1a: Magcargo\n|-damage|p1a: Magcargo|110/268\n|-status|p1a: Magcargo|frz\n|-damage|p2a: Pawmot|71/100|[from] item: Life Orb\n|-curestatus|p1a: Magcargo|frz|[msg]\n|move|p1a: Magcargo|Recover|p1a: Magcargo\n|-heal|p1a: Magcargo|244/268\n|\n|upkeep\n|turn|31\n|inactive|Time left: 300 sec this turn | 300 sec total\n|\n|t:|1783557391\n|move|p2a: Pawmot|Ice Punch|p1a: Magcargo\n|-supereffective|p1a: Magcargo\n|-crit|p1a: Magcargo\n|-damage|p1a: Magcargo|52/268\n|-damage|p2a: Pawmot|61/100|[from] item: Life Orb\n|move|p1a: Magcargo|Recover|p1a: Magcargo\n|-heal|p1a: Magcargo|186/268\n|\n|upkeep\n|turn|32\n|inactive|Time left: 300 sec this turn | 300 sec total\n|\n|t:|1783557391\n|move|p2a: Pawmot|Ice Punch|p1a: Magcargo\n|-supereffective|p1a: Magcargo\n|-damage|p1a: Magcargo|59/268\n|-damage|p2a: Pawmot|51/100|[from] item: Life Orb\n|move|p1a: Magcargo|Lava Plume|p2a: Pawmot\n|-damage|p2a: Pawmot|0 fnt\n|faint|p2a: Pawmot\n|\n|win|p0x14925177", "uploadtime": 1783557391, "views": 0, "rating": 0, "private": 0, "password": null, "_winner": "p0x14925177", "_our_name": "p0x14925177"}