{"id": "battle-gen9randombattle-266", "formatid": "gen9randombattle", "format": "[Gen 9] Random Battle", "players": ["p0x266e4d1", "p0y26651fc"], "log": "|init|battle\n|title|p0x266e4d1 vs. p0y26651fc\n|j|\u2606p0x266e4d1\n|j|\u2606p0y26651fc\n|t:|1783542167\n|gametype|singles\n|player|p1|p0x266e4d1|1|\n|player|p2|p0y26651fc|101|\n|gen|9\n|tier|[Gen 9] Random Battle\n|rule|Species Clause: Limit one of each Pok\u00e9mon\n|rule|HP Percentage Mod: HP is shown in percentages\n|rule|Sleep Clause Mod: Limit one foe put to sleep\n|rule|Illusion Level Mod: Illusion disguises the Pok\u00e9mon's true level\n|\n|t:|1783542167\n|teamsize|p1|6\n|teamsize|p2|6\n|start\n|switch|p1a: Milotic|Milotic, L83, F|100/100\n|switch|p2a: Minior|Minior-Yellow, L79|224/224\n|-formechange|p2a: Minior|Minior-Meteor||[from] ability: Shields Down\n|turn|1\n|inactive|Battle timer is ON: inactive players will automatically lose when time's up. (requested by p0y26651fc)\n|inactive|p0x266e4d1 also wants the timer to be on.\n|\n|t:|1783542168\n|move|p1a: Milotic|Scald|p2a: Minior\n|-supereffective|p2a: Minior\n|-damage|p2a: Minior|54/224\n|move|p2a: Minior|Shell Smash|p2a: Minior\n|-unboost|p2a: Minior|def|1\n|-unboost|p2a: Minior|spd|1\n|-boost|p2a: Minior|atk|2\n|-boost|p2a: Minior|spa|2\n|-boost|p2a: Minior|spe|2\n|-enditem|p2a: Minior|White Herb\n|-clearnegativeboost|p2a: Minior|[silent]\n|\n|-formechange|p2a: Minior|Minior-Yellow||[from] ability: Shields Down\n|upkeep\n|turn|2\n|inactive|Time left: 300 sec this turn | 300 sec total\n|\n|t:|1783542169\n|move|p2a: Minior|Acrobatics|p1a: Milotic\n|-damage|p1a: Milotic|22/100\n|move|p1a: Milotic|Scald|p2a: Minior\n|-supereffective|p2a: Minior\n|-damage|p2a: Minior|0 fnt\n|faint|p2a: Minior\n|\n|-heal|p1a: Milotic|28/100|[from] item: Leftovers\n|upkeep\n|inactive|Time left: 300 sec this turn | 300 sec total | 5 sec grace\n|\n|t:|1783542170\n|switch|p2a: Passimian|Passimian, L83, M|302/302\n|turn|3\n|inactive|Time left: 300 sec this turn | 300 sec total\n|\n|t:|1783542171\n|move|p2a: Passimian|Knock Off|p1a: Milotic\n|-crit|p1a: Milotic\n|-damage|p1a: Milotic|0 fnt\n|-enditem|p1a: Milotic|Leftovers|[from] move: Knock Off|[of] p2a: Passimian\n|faint|p1a: Milotic\n|\n|upkeep\n|\n|t:|1783542172\n|switch|p1a: Hitmonchan|Hitmonchan, L87, M|100/100\n|turn|4\n|inactive|Time left: 300 sec this turn | 300 sec total\n|\n|t:|1783542173\n|move|p2a: Passimian|Knock Off|p1a: Hitmonchan\n|-resisted|p1a: Hitmonchan\n|-crit|p1a: Hitmonchan\n|-damage|p1a: Hitmonchan|74/100\n|-enditem|p1a: Hitmonchan|Assault Vest|[from] move: Knock Off|[of] p2a: Passimian\n|move|p1a: Hitmonchan|Drain Punch|p2a: Passimian\n|-damage|p2a: Passimian|199/302\n|-heal|p1a: Hitmonchan|97/100|[from] drain|[of] p2a: Passimian\n|\n|upkeep\n|turn|5\n|inactive|Time left: 300 sec this turn | 300 sec total\n|\n|t:|1783542174\n|switch|p2a: Hippowdon|Hippowdon, L82, F|311/311\n|-weather|Sandstorm|[from] ability: Sand Stream|[of] p2a: Hippowdon\n|move|p1a: Hitmonchan|Knock Off|p2a: Hippowdon\n|-damage|p2a: Hippowdon|247/311\n|-enditem|p2a: Hippowdon|Leftovers|[from] move: Knock Off|[of] p1a: Hitmonchan\n|\n|-weather|Sandstorm|[upkeep]\n|-damage|p1a: Hitmonchan|90/100|[from] Sandstorm\n|upkeep\n|turn|6\n|inactive|Time left: 300 sec this turn | 300 sec total\n|\n|t:|1783542175\n|move|p1a: Hitmonchan|Drain Punch|p2a: Hippowdon\n|-damage|p2a: Hippowdon|154/311\n|-heal|p1a: Hitmonchan|100/100|[from] drain|[of] p2a: Hippowdon\n|move|p2a: Hippowdon|Earthquake|p1a: Hitmonchan\n|-damage|p1a: Hitmonchan|53/100\n|\n|-weather|Sandstorm|[upkeep]\n|-damage|p1a: Hitmonchan|47/100|[from] Sandstorm\n|upkeep\n|turn|7\n|inactive|Time left: 300 sec this turn | 300 sec total\n|\n|t:|1783542176\n|move|p1a: Hitmonchan|Drain Punch|p2a: Hippowdon\n|-damage|p2a: Hippowdon|70/311\n|-heal|p1a: Hitmonchan|65/100|[from] drain|[of] p2a: Hippowdon\n|move|p2a: Hippowdon|Slack Off|p2a: Hippowdon\n|-heal|p2a: Hippowdon|226/311\n|\n|-weather|Sandstorm|[upkeep]\n|-damage|p1a: Hitmonchan|59/100|[from] Sandstorm\n|upkeep\n|turn|8\n|inactive|Time left: 300 sec this turn | 300 sec total\n|\n|t:|1783542177\n|move|p1a: Hitmonchan|Drain Punch|p2a: Hippowdon\n|-damage|p2a: Hippowdon|138/311\n|-heal|p1a: Hitmonchan|78/100|[from] drain|[of] p2a: Hippowdon\n|move|p2a: Hippowdon|Earthquake|p1a: Hitmonchan\n|-damage|p1a: Hitmonchan|23/100\n|\n|-weather|Sandstorm|[upkeep]\n|-damage|p1a: Hitmonchan|17/100|[from] Sandstorm\n|upkeep\n|turn|9\n|inactive|Time left: 300 sec this turn | 300 sec total\n|\n|t:|1783542177\n|move|p1a: Hitmonchan|Drain Punch|p2a: Hippowdon\n|-damage|p2a: Hippowdon|50/311\n|-heal|p1a: Hitmonchan|36/100|[from] drain|[of] p2a: Hippowdon\n|move|p2a: Hippowdon|Slack Off|p2a: Hippowdon\n|-heal|p2a: Hippowdon|206/311\n|\n|-weather|none\n|upkeep\n|turn|10\n|inactive|Time left: 300 sec this turn | 300 sec total\n|\n|t:|1783542179\n|move|p1a: Hitmonchan|Drain Punch|p2a: Hippowdon\n|-damage|p2a: Hippowdon|125/311\n|-heal|p1a: Hitmonchan|54/100|[from] drain|[of] p2a: Hippowdon\n|move|p2a: Hippowdon|Earthquake|p1a: Hitmonchan\n|-damage|p1a: Hitmonchan|0 fnt\n|faint|p1a: Hitmonchan\n|\n|upkeep\n|\n|t:|1783542180\n|switch|p1a: Chandelure|Chandelure, L83, F|100/100\n|turn|11\n|inactive|Time left: 300 sec this turn | 300 sec total\n|\n|t:|1783542181\n|switch|p2a: Goodra|Goodra, L85, M|292/292\n|move|p1a: Chandelure|Fire Blast|p2a: Goodra\n|-resisted|p2a: Goodra\n|-damage|p2a: Goodra|260/292\n|\n|upkeep\n|turn|12\n|inactive|Time left: 300 sec this turn | 300 sec total\n|\n|t:|1783542182\n|move|p1a: Chandelure|Fire Blast|p2a: Goodra\n|-resisted|p2a: Goodra\n|-damage|p2a: Goodra|225/292\n|move|p2a: Goodra|Knock Off|p1a: Chandelure\n|-supereffective|p1a: Chandelure\n|-damage|p1a: Chandelure|38/100\n|-enditem|p1a: Chandelure|Choice Scarf|[from] move: Knock Off|[of] p2a: Goodra\n|\n|upkeep\n|turn|13\n|inactive|Time left: 300 sec this turn | 300 sec total\n|\n|t:|1783542184\n|switch|p1a: Dipplin|Dipplin, L88, M|100/100\n|move|p2a: Goodra|Knock Off|p1a: Dipplin\n|-damage|p1a: Dipplin|87/100\n|-activate|p1a: Dipplin|ability: Sticky Hold\n|\n|upkeep\n|turn|14\n|inactive|Time left: 300 sec this turn | 300 sec total\n|\n|t:|1783542185\n|move|p2a: Goodra|Draco Meteor|p1a: Dipplin\n|-supereffective|p1a: Dipplin\n|-damage|p1a: Dipplin|11/100\n|-unboost|p2a: Goodra|spa|2\n|move|p1a: Dipplin|Recover|p1a: Dipplin\n|-heal|p1a: Dipplin|61/100\n|\n|upkeep\n|turn|15\n|inactive|Time left: 300 sec this turn | 300 sec total\n|\n|t:|1783542188\n|switch|p2a: Passimian|Passimian, L83, M|199/302\n|move|p1a: Dipplin|Recover|p1a: Dipplin\n|-heal|p1a: Dipplin|100/100\n|\n|upkeep\n|turn|16\n|inactive|Time left: 300 sec this turn | 300 sec total\n|\n|t:|1783542189\n|switch|p2a: Goodra|Goodra, L85, M|225/292\n|move|p1a: Dipplin|Dragon Pulse|p2a: Goodra\n|-supereffective|p2a: Goodra\n|-damage|p2a: Goodra|141/292\n|\n|upkeep\n|turn|17\n|inactive|Time left: 300 sec this turn | 300 sec total\n|\n|t:|1783542190\n|move|p2a: Goodra|Draco Meteor|p1a: Dipplin\n|-supereffective|p1a: Dipplin\n|-damage|p1a: Dipplin|18/100\n|-unboost|p2a: Goodra|spa|2\n|move|p1a: Dipplin|Dragon Pulse|p2a: Goodra\n|-supereffective|p2a: Goodra\n|-damage|p2a: Goodra|57/292\n|\n|upkeep\n|turn|18\n|inactive|Time left: 300 sec this turn | 300 sec total\n|\n|t:|1783542192\n|move|p2a: Goodra|Sludge Bomb|p1a: Dipplin\n|-supereffective|p1a: Dipplin\n|-damage|p1a: Dipplin|0 fnt\n|faint|p1a: Dipplin\n|\n|upkeep\n|\n|t:|1783542193\n|switch|p1a: Klawf|Klawf, L90, F|100/100\n|turn|19\n|inactive|Time left: 300 sec this turn | 300 sec total\n|\n|t:|1783542194\n|switch|p2a: Houndstone|Houndstone, L86, F|264/264\n|move|p1a: Klawf|High Horsepower|p2a: Houndstone\n|-damage|p2a: Houndstone|229/264\n|\n|-heal|p2a: Houndstone|245/264|[from] item: Leftovers\n|upkeep\n|turn|20\n|inactive|Time left: 300 sec this turn | 300 sec total\n|\n|t:|1783542196\n|switch|p1a: Chandelure|Chandelure, L83, F|38/100\n|move|p2a: Houndstone|Poltergeist||[still]\n|-fail|p2a: Houndstone\n|\n|-heal|p2a: Houndstone|261/264|[from] item: Leftovers\n|upkeep\n|turn|21\n|inactive|Time left: 300 sec this turn | 300 sec total\n|\n|t:|1783542197\n|switch|p2a: Goodra|Goodra, L85, M|57/292\n|move|p1a: Chandelure|Fire Blast|p2a: Goodra\n|-resisted|p2a: Goodra\n|-damage|p2a: Goodra|24/292\n|\n|upkeep\n|turn|22\n|inactive|Time left: 300 sec this turn | 300 sec total\n|\n|t:|1783542198\n|move|p2a: Goodra|Earthquake|p1a: Chandelure\n|-supereffective|p1a: Chandelure\n|-damage|p1a: Chandelure|0 fnt\n|faint|p1a: Chandelure\n|\n|upkeep\n|\n|t:|1783542200\n|switch|p1a: Klawf|Klawf, L90, F|100/100\n|turn|23\n|inactive|Time left: 300 sec this turn | 300 sec total\n|\n|t:|1783542201\n|move|p1a: Klawf|Crabhammer|p2a: Goodra|[miss]\n|-miss|p1a: Klawf|p2a: Goodra\n|move|p2a: Goodra|Draco Meteor|p1a: Klawf\n|-damage|p1a: Klawf|30/100\n|-unboost|p2a: Goodra|spa|2\n|\n|upkeep\n|turn|24\n|inactive|Time left: 300 sec this turn | 300 sec total\n|\n|t:|1783542202\n|switch|p2a: Houndstone|Houndstone, L86, F|261/264\n|move|p1a: Klawf|Crabhammer|p2a: Houndstone\n|-damage|p2a: Houndstone|225/264\n|\n|-heal|p2a: Houndstone|241/264|[from] item: Leftovers\n|upkeep\n|turn|25\n|inactive|Time left: 300 sec this turn | 300 sec total\n|\n|t:|1783542203\n|switch|p1a: Maushold|Maushold, L76|100/100\n|move|p2a: Houndstone|Poltergeist|p1a: Maushold\n|-immune|p1a: Maushold\n|\n|-heal|p2a: Houndstone|257/264|[from] item: Leftovers\n|upkeep\n|turn|26\n|inactive|Time left: 300 sec this turn | 300 sec total\n|\n|t:|1783542204\n|move|p1a: Maushold|Encore|p2a: Houndstone\n|-start|p2a: Houndstone|Encore\n|move|p2a: Houndstone|Poltergeist|p1a: Maushold\n|-immune|p1a: Maushold\n|\n|-heal|p2a: Houndstone|264/264|[from] item: Leftovers\n|upkeep\n|turn|27\n|inactive|Time left: 300 sec this turn | 300 sec total\n|\n|t:|1783542205\n|switch|p2a: Stonjourner|Stonjourner, L91, M|330/330\n|move|p1a: Maushold|Tidy Up|p1a: Maushold\n|-boost|p1a: Maushold|atk|1\n|-boost|p1a: Maushold|spe|1\n|\n|upkeep\n|turn|28\n|inactive|Time left: 300 sec this turn | 300 sec total\n|\n|t:|1783542205\n|move|p1a: Maushold|Population Bomb|p2a: Stonjourner\n|-resisted|p2a: Stonjourner\n|-damage|p2a: Stonjourner|318/330\n|-resisted|p2a: Stonjourner\n|-damage|p2a: Stonjourner|308/330\n|-resisted|p2a: Stonjourner\n|-damage|p2a: Stonjourner|297/330\n|-resisted|p2a: Stonjourner\n|-damage|p2a: Stonjourner|286/330\n|-resisted|p2a: Stonjourner\n|-damage|p2a: Stonjourner|275/330\n|-resisted|p2a: Stonjourner\n|-damage|p2a: Stonjourner|263/330\n|-resisted|p2a: Stonjourner\n|-damage|p2a: Stonjourner|252/330\n|-resisted|p2a: Stonjourner\n|-damage|p2a: Stonjourner|240/330\n|-resisted|p2a: Stonjourner\n|-damage|p2a: Stonjourner|228/330\n|-resisted|p2a: Stonjourner\n|-damage|p2a: Stonjourner|218/330\n|-hitcount|p2a: Stonjourner|10\n|move|p2a: Stonjourner|Stone Edge|p1a: Maushold\n|-damage|p1a: Maushold|0 fnt\n|faint|p1a: Maushold\n|-damage|p2a: Stonjourner|185/330|[from] item: Life Orb\n|\n|upkeep\n|\n|t:|1783542206\n|switch|p1a: Klawf|Klawf, L90, F|63/100\n|turn|29\n|inactive|Time left: 300 sec this turn | 300 sec total\n|\n|t:|1783542207\n|-terastallize|p1a: Klawf|Ground\n|-terastallize|p2a: Stonjourner|Ground\n|move|p1a: Klawf|Crabhammer|p2a: Stonjourner\n|-supereffective|p2a: Stonjourner\n|-damage|p2a: Stonjourner|75/330\n|move|p2a: Stonjourner|Earthquake|p1a: Klawf\n|-damage|p1a: Klawf|9/100\n|-damage|p2a: Stonjourner|42/330|[from] item: Life Orb\n|\n|upkeep\n|turn|30\n|inactive|Time left: 300 sec this turn | 300 sec total\n|\n|t:|1783542208\n|move|p1a: Klawf|Crabhammer|p2a: Stonjourner\n|-supereffective|p2a: Stonjourner\n|-crit|p2a: Stonjourner\n|-damage|p2a: Stonjourner|0 fnt\n|faint|p2a: Stonjourner\n|\n|upkeep\n|inactive|Time left: 300 sec this turn | 300 sec total | 5 sec grace\n|\n|t:|1783542208\n|switch|p2a: Passimian|Passimian, L83, M|199/302\n|turn|31\n|inactive|Time left: 300 sec this turn | 300 sec total\n|\n|t:|1783542209\n|move|p1a: Klawf|Crabhammer|p2a: Passimian\n|-damage|p2a: Passimian|112/302\n|move|p2a: Passimian|Close Combat|p1a: Klawf\n|-damage|p1a: Klawf|0 fnt\n|-unboost|p2a: Passimian|def|1\n|-unboost|p2a: Passimian|spd|1\n|faint|p1a: Klawf\n|\n|win|p0y26651fc", "uploadtime": 1783542209, "views": 0, "rating": 0, "private": 0, "password": null, "_winner": "p0y26651fc", "_our_name": "p0y26651fc"}