{"id": "battle-gen9randombattle-2206", "formatid": "gen9randombattle", "format": "[Gen 9] Random Battle", "players": ["p0x22066dd4", "p0y2206762b"], "log": "|init|battle\n|title|p0x22066dd4 vs. p0y2206762b\n|j|\u2606p0x22066dd4\n|j|\u2606p0y2206762b\n|t:|1783564644\n|gametype|singles\n|player|p1|p0x22066dd4|170|\n|player|p2|p0y2206762b|102|\n|gen|9\n|tier|[Gen 9] Random Battle\n|rule|Species Clause: Limit one of each Pok\u00e9mon\n|rule|HP Percentage Mod: HP is shown in percentages\n|rule|Sleep Clause Mod: Limit one foe put to sleep\n|rule|Illusion Level Mod: Illusion disguises the Pok\u00e9mon's true level\n|\n|t:|1783564644\n|teamsize|p1|6\n|teamsize|p2|6\n|start\n|switch|p1a: Manaphy|Manaphy, L78|100/100\n|switch|p2a: Necrozma|Necrozma, L80|286/286\n|turn|1\n|inactive|Battle timer is ON: inactive players will automatically lose when time's up. (requested by p0y2206762b)\n|inactive|p0x22066dd4 also wants the timer to be on.\n|\n|t:|1783564645\n|move|p1a: Manaphy|Tail Glow|p1a: Manaphy\n|-boost|p1a: Manaphy|spa|3\n|move|p2a: Necrozma|Calm Mind|p2a: Necrozma\n|-boost|p2a: Necrozma|spa|1\n|-boost|p2a: Necrozma|spd|1\n|\n|upkeep\n|turn|2\n|inactive|Time left: 300 sec this turn | 300 sec total\n|\n|t:|1783564646\n|move|p1a: Manaphy|Surf|p2a: Necrozma\n|-damage|p2a: Necrozma|141/286\n|move|p2a: Necrozma|Photon Geyser|p1a: Manaphy\n|-damage|p1a: Manaphy|41/100\n|\n|-heal|p1a: Manaphy|47/100|[from] item: Leftovers\n|-heal|p2a: Necrozma|158/286|[from] item: Leftovers\n|upkeep\n|turn|3\n|inactive|Time left: 300 sec this turn | 300 sec total\n|\n|t:|1783564647\n|move|p1a: Manaphy|Surf|p2a: Necrozma\n|-damage|p2a: Necrozma|19/286\n|move|p2a: Necrozma|Photon Geyser|p1a: Manaphy\n|-damage|p1a: Manaphy|0 fnt\n|faint|p1a: Manaphy\n|\n|-heal|p2a: Necrozma|36/286|[from] item: Leftovers\n|upkeep\n|\n|t:|1783564648\n|switch|p1a: Iron Leaves|Iron Leaves, L80|100/100\n|turn|4\n|inactive|Time left: 300 sec this turn | 300 sec total\n|\n|t:|1783564648\n|move|p1a: Iron Leaves|Leaf Blade|p2a: Necrozma\n|-crit|p2a: Necrozma\n|-damage|p2a: Necrozma|0 fnt\n|faint|p2a: Necrozma\n|\n|upkeep\n|inactive|Time left: 300 sec this turn | 300 sec total | 5 sec grace\n|\n|t:|1783564649\n|switch|p2a: Baxcalibur|Baxcalibur, L75, M|295/295\n|turn|5\n|inactive|Time left: 300 sec this turn | 300 sec total\n|\n|t:|1783564650\n|-end|p1a: Iron Leaves|Quark Drive|[silent]\n|switch|p1a: Sylveon|Sylveon, L85, M|100/100\n|move|p2a: Baxcalibur|Glaive Rush|p1a: Sylveon\n|-immune|p1a: Sylveon\n|\n|upkeep\n|turn|6\n|inactive|Time left: 300 sec this turn | 300 sec total\n|\n|t:|1783564652\n|switch|p2a: Dugtrio|Dugtrio-Alola, L84, M|196/196\n|move|p1a: Sylveon|Hyper Voice|p2a: Dugtrio\n|-resisted|p2a: Dugtrio\n|-damage|p2a: Dugtrio|117/196\n|\n|upkeep\n|turn|7\n|inactive|Time left: 300 sec this turn | 300 sec total\n|\n|t:|1783564653\n|switch|p1a: Politoed|Politoed, L88, F|100/100\n|-weather|RainDance|[from] ability: Drizzle|[of] p1a: Politoed\n|move|p2a: Dugtrio|Swords Dance|p2a: Dugtrio\n|-boost|p2a: Dugtrio|atk|2\n|\n|-weather|RainDance|[upkeep]\n|upkeep\n|turn|8\n|inactive|Time left: 300 sec this turn | 300 sec total\n|\n|t:|1783564654\n|move|p2a: Dugtrio|Earthquake|p1a: Politoed\n|-damage|p1a: Politoed|0 fnt\n|faint|p1a: Politoed\n|-damage|p2a: Dugtrio|98/196|[from] item: Life Orb\n|\n|-weather|RainDance|[upkeep]\n|upkeep\n|\n|t:|1783564655\n|switch|p1a: Iron Leaves|Iron Leaves, L80|100/100\n|turn|9\n|inactive|Time left: 300 sec this turn | 300 sec total\n|\n|t:|1783564656\n|-terastallize|p2a: Dugtrio|Steel\n|move|p2a: Dugtrio|Iron Head|p1a: Iron Leaves\n|-damage|p1a: Iron Leaves|0 fnt\n|faint|p1a: Iron Leaves\n|-end|p1a: Iron Leaves|Quark Drive|[silent]\n|-damage|p2a: Dugtrio|79/196|[from] item: Life Orb\n|\n|-weather|RainDance|[upkeep]\n|upkeep\n|\n|t:|1783564657\n|switch|p1a: Sylveon|Sylveon, L85, M|100/100\n|turn|10\n|inactive|Time left: 300 sec this turn | 300 sec total\n|\n|t:|1783564658\n|move|p1a: Sylveon|Protect|p1a: Sylveon\n|-singleturn|p1a: Sylveon|Protect\n|move|p2a: Dugtrio|Earthquake|p1a: Sylveon\n|-activate|p1a: Sylveon|move: Protect\n|\n|-weather|RainDance|[upkeep]\n|upkeep\n|turn|11\n|inactive|Time left: 300 sec this turn | 300 sec total\n|\n|t:|1783564658\n|move|p1a: Sylveon|Protect||[still]\n|-fail|p1a: Sylveon\n|move|p2a: Dugtrio|Earthquake|p1a: Sylveon\n|-damage|p1a: Sylveon|0 fnt\n|faint|p1a: Sylveon\n|-damage|p2a: Dugtrio|60/196|[from] item: Life Orb\n|\n|-weather|none\n|upkeep\n|\n|t:|1783564659\n|switch|p1a: Delphox|Delphox, L84, M|100/100\n|turn|12\n|inactive|Time left: 300 sec this turn | 300 sec total\n|\n|t:|1783564660\n|-terastallize|p1a: Delphox|Fighting\n|move|p2a: Dugtrio|Earthquake|p1a: Delphox\n|-crit|p1a: Delphox\n|-damage|p1a: Delphox|0 fnt\n|faint|p1a: Delphox\n|-damage|p2a: Dugtrio|41/196|[from] item: Life Orb\n|\n|upkeep\n|\n|t:|1783564661\n|switch|p1a: Ninetales|Ninetales, L85, M|100/100\n|-weather|SunnyDay|[from] ability: Drought|[of] p1a: Ninetales\n|turn|13\n|inactive|Time left: 300 sec this turn | 300 sec total\n|\n|t:|1783564662\n|move|p2a: Dugtrio|Earthquake|p1a: Ninetales\n|-supereffective|p1a: Ninetales\n|-crit|p1a: Ninetales\n|-damage|p1a: Ninetales|0 fnt\n|faint|p1a: Ninetales\n|-damage|p2a: Dugtrio|22/196|[from] item: Life Orb\n|\n|win|p0y2206762b", "uploadtime": 1783564662, "views": 0, "rating": 0, "private": 0, "password": null, "_winner": "p0y2206762b", "_our_name": "p0y2206762b"}