{"id": "battle-gen9randombattle-2425", "formatid": "gen9randombattle", "format": "[Gen 9] Random Battle", "players": ["p0x24251bee", "p0y2425dbc3"], "log": "|init|battle\n|title|p0x24251bee vs. p0y2425dbc3\n|j|\u2606p0x24251bee\n|j|\u2606p0y2425dbc3\n|t:|1783567121\n|gametype|singles\n|player|p1|p0x24251bee|2|\n|player|p2|p0y2425dbc3|1|\n|gen|9\n|tier|[Gen 9] Random Battle\n|rule|Species Clause: Limit one of each Pok\u00e9mon\n|rule|HP Percentage Mod: HP is shown in percentages\n|rule|Sleep Clause Mod: Limit one foe put to sleep\n|rule|Illusion Level Mod: Illusion disguises the Pok\u00e9mon's true level\n|\n|t:|1783567121\n|teamsize|p1|6\n|teamsize|p2|6\n|start\n|switch|p1a: Excadrill|Excadrill, L79, F|100/100\n|switch|p2a: Sawsbuck|Sawsbuck-Winter, L88, F|284/284\n|-ability|p1a: Excadrill|Mold Breaker\n|turn|1\n|inactive|Battle timer is ON: inactive players will automatically lose when time's up. (requested by p0y2425dbc3)\n|inactive|p0x24251bee also wants the timer to be on.\n|\n|t:|1783567123\n|move|p2a: Sawsbuck|Swords Dance|p2a: Sawsbuck\n|-boost|p2a: Sawsbuck|atk|2\n|move|p1a: Excadrill|Rapid Spin|p2a: Sawsbuck\n|-damage|p2a: Sawsbuck|241/284\n|-boost|p1a: Excadrill|spe|1\n|\n|upkeep\n|turn|2\n|inactive|Time left: 300 sec this turn | 300 sec total\n|\n|t:|1783567124\n|switch|p1a: Corviknight|Corviknight, L80, F|100/100\n|-ability|p1a: Corviknight|Pressure\n|move|p2a: Sawsbuck|Horn Leech|p1a: Corviknight\n|-resisted|p1a: Corviknight\n|-damage|p1a: Corviknight|83/100\n|-heal|p2a: Sawsbuck|267/284|[from] drain|[of] p1a: Corviknight\n|-damage|p2a: Sawsbuck|239/284|[from] item: Life Orb\n|\n|-heal|p1a: Corviknight|89/100|[from] item: Leftovers\n|upkeep\n|turn|3\n|inactive|Time left: 300 sec this turn | 300 sec total\n|\n|t:|1783567125\n|move|p2a: Sawsbuck|Headbutt|p1a: Corviknight\n|-resisted|p1a: Corviknight\n|-damage|p1a: Corviknight|54/100\n|-damage|p2a: Sawsbuck|211/284|[from] item: Life Orb\n|cant|p1a: Corviknight|flinch\n|\n|-heal|p1a: Corviknight|60/100|[from] item: Leftovers\n|upkeep\n|turn|4\n|inactive|Time left: 300 sec this turn | 300 sec total\n|\n|t:|1783567127\n|move|p2a: Sawsbuck|Headbutt|p1a: Corviknight\n|-resisted|p1a: Corviknight\n|-damage|p1a: Corviknight|27/100\n|-damage|p2a: Sawsbuck|183/284|[from] item: Life Orb\n|move|p1a: Corviknight|Brave Bird|p2a: Sawsbuck\n|-supereffective|p2a: Sawsbuck\n|-damage|p2a: Sawsbuck|0 fnt\n|faint|p2a: Sawsbuck\n|-damage|p1a: Corviknight|6/100|[from] Recoil\n|\n|-heal|p1a: Corviknight|13/100|[from] item: Leftovers\n|upkeep\n|inactive|Time left: 300 sec this turn | 300 sec total | 5 sec grace\n|\n|t:|1783567128\n|switch|p2a: Leafeon|Leafeon, L88, F|258/258\n|turn|5\n|inactive|Time left: 300 sec this turn | 300 sec total\n|\n|t:|1783567129\n|move|p2a: Leafeon|Double-Edge|p1a: Corviknight\n|-resisted|p1a: Corviknight\n|-damage|p1a: Corviknight|0 fnt\n|faint|p1a: Corviknight\n|-damage|p2a: Leafeon|246/258|[from] Recoil\n|\n|-heal|p2a: Leafeon|258/258|[from] item: Leftovers\n|upkeep\n|\n|t:|1783567130\n|switch|p1a: Iron Bundle|Iron Bundle, L78|100/100\n|turn|6\n|inactive|Time left: 300 sec this turn | 300 sec total\n|\n|t:|1783567131\n|switch|p2a: Regice|Regice, L88|284/284\n|move|p1a: Iron Bundle|Ice Beam|p2a: Regice\n|-resisted|p2a: Regice\n|-crit|p2a: Regice\n|-damage|p2a: Regice|228/284\n|\n|upkeep\n|turn|7\n|inactive|Time left: 300 sec this turn | 300 sec total\n|\n|t:|1783567132\n|-end|p1a: Iron Bundle|Quark Drive|[silent]\n|switch|p1a: Ceruledge|Ceruledge, L78, F|100/100\n|move|p2a: Regice|Ice Beam|p1a: Ceruledge\n|-resisted|p1a: Ceruledge\n|-damage|p1a: Ceruledge|80/100\n|\n|upkeep\n|turn|8\n|inactive|Time left: 300 sec this turn | 300 sec total\n|\n|t:|1783567133\n|switch|p2a: Regirock|Regirock, L83|268/268\n|move|p1a: Ceruledge|Swords Dance|p1a: Ceruledge\n|-boost|p1a: Ceruledge|atk|2\n|\n|upkeep\n|turn|9\n|inactive|Time left: 300 sec this turn | 300 sec total\n|\n|t:|1783567134\n|-terastallize|p1a: Ceruledge|Ghost\n|move|p1a: Ceruledge|Poltergeist|p2a: Regirock\n|-activate|p2a: Regirock|move: Poltergeist|Leftovers\n|-damage|p2a: Regirock|96/268\n|move|p2a: Regirock|Stone Edge|p1a: Ceruledge\n|-damage|p1a: Ceruledge|32/100\n|-ability|p1a: Ceruledge|Weak Armor|boost\n|-unboost|p1a: Ceruledge|def|1\n|-boost|p1a: Ceruledge|spe|2\n|\n|-heal|p2a: Regirock|112/268|[from] item: Leftovers\n|upkeep\n|turn|10\n|inactive|Time left: 300 sec this turn | 300 sec total\n|\n|t:|1783567135\n|move|p1a: Ceruledge|Poltergeist|p2a: Regirock\n|-activate|p2a: Regirock|move: Poltergeist|Leftovers\n|-damage|p2a: Regirock|0 fnt\n|faint|p2a: Regirock\n|\n|upkeep\n|inactive|Time left: 300 sec this turn | 300 sec total | 5 sec grace\n|\n|t:|1783567136\n|switch|p2a: Leafeon|Leafeon, L88, F|258/258\n|turn|11\n|inactive|Time left: 300 sec this turn | 300 sec total\n|\n|t:|1783567137\n|-terastallize|p2a: Leafeon|Normal\n|move|p1a: Ceruledge|Bitter Blade|p2a: Leafeon\n|-damage|p2a: Leafeon|117/258\n|-heal|p1a: Ceruledge|61/100|[from] drain|[of] p2a: Leafeon\n|move|p2a: Leafeon|Leaf Blade|p1a: Ceruledge\n|-damage|p1a: Ceruledge|0 fnt\n|faint|p1a: Ceruledge\n|\n|-heal|p2a: Leafeon|133/258|[from] item: Leftovers\n|upkeep\n|\n|t:|1783567138\n|switch|p1a: Girafarig|Girafarig, L89, M|100/100\n|turn|12\n|inactive|Time left: 300 sec this turn | 300 sec total\n|\n|t:|1783567139\n|move|p2a: Leafeon|Double-Edge|p1a: Girafarig\n|-damage|p1a: Girafarig|54/100\n|-damage|p2a: Leafeon|92/258|[from] Recoil\n|move|p1a: Girafarig|Nasty Plot|p1a: Girafarig\n|-boost|p1a: Girafarig|spa|2\n|\n|-heal|p2a: Leafeon|108/258|[from] item: Leftovers\n|upkeep\n|turn|13\n|inactive|Time left: 300 sec this turn | 300 sec total\n|\n|t:|1783567140\n|move|p2a: Leafeon|Double-Edge|p1a: Girafarig\n|-damage|p1a: Girafarig|8/100\n|-damage|p2a: Leafeon|67/258|[from] Recoil\n|move|p1a: Girafarig|Thunderbolt|p2a: Leafeon\n|-damage|p2a: Leafeon|0 fnt\n|faint|p2a: Leafeon\n|\n|upkeep\n|inactive|Time left: 300 sec this turn | 300 sec total | 5 sec grace\n|\n|t:|1783567141\n|switch|p2a: Sandy Shocks|Sandy Shocks, L80|267/267\n|turn|14\n|inactive|Time left: 300 sec this turn | 300 sec total\n|\n|t:|1783567142\n|move|p2a: Sandy Shocks|Volt Switch|p1a: Girafarig\n|-damage|p1a: Girafarig|0 fnt\n|faint|p1a: Girafarig\n|inactive|Time left: 300 sec this turn | 300 sec total | 5 sec grace\n|\n|t:|1783567142\n|-end|p2a: Sandy Shocks|Protosynthesis|[silent]\n|switch|p2a: Regice|Regice, L88|228/284|[from] Volt Switch\n|\n|upkeep\n|\n|t:|1783567143\n|switch|p1a: Excadrill|Excadrill, L79, F|100/100\n|-ability|p1a: Excadrill|Mold Breaker\n|turn|15\n|inactive|Time left: 300 sec this turn | 300 sec total\n|\n|t:|1783567144\n|switch|p2a: Walking Wake|Walking Wake, L79|286/286\n|move|p1a: Excadrill|Iron Head|p2a: Walking Wake\n|-resisted|p2a: Walking Wake\n|-damage|p2a: Walking Wake|235/286\n|\n|upkeep\n|turn|16\n|inactive|Time left: 300 sec this turn | 300 sec total\n|\n|t:|1783567145\n|switch|p1a: Iron Bundle|Iron Bundle, L78|100/100\n|move|p2a: Walking Wake|Flamethrower|p1a: Iron Bundle\n|-damage|p1a: Iron Bundle|44/100\n|-damage|p2a: Walking Wake|207/286|[from] item: Life Orb\n|\n|upkeep\n|turn|17\n|inactive|Time left: 300 sec this turn | 300 sec total\n|\n|t:|1783567146\n|-end|p2a: Walking Wake|Protosynthesis|[silent]\n|switch|p2a: Regice|Regice, L88|228/284\n|move|p1a: Iron Bundle|Freeze-Dry|p2a: Regice\n|-resisted|p2a: Regice\n|-damage|p2a: Regice|197/284\n|\n|upkeep\n|turn|18\n|inactive|Time left: 300 sec this turn | 300 sec total\n|\n|t:|1783567147\n|-end|p1a: Iron Bundle|Quark Drive|[silent]\n|switch|p1a: Excadrill|Excadrill, L79, F|100/100\n|-ability|p1a: Excadrill|Mold Breaker\n|move|p2a: Regice|Ice Beam|p1a: Excadrill\n|-damage|p1a: Excadrill|71/100\n|\n|upkeep\n|turn|19\n|inactive|Time left: 300 sec this turn | 300 sec total\n|\n|t:|1783567147\n|switch|p2a: Walking Wake|Walking Wake, L79|207/286\n|move|p1a: Excadrill|Iron Head|p2a: Walking Wake\n|-resisted|p2a: Walking Wake\n|-damage|p2a: Walking Wake|154/286\n|\n|upkeep\n|turn|20\n|inactive|Time left: 300 sec this turn | 300 sec total\n|\n|t:|1783567148\n|move|p2a: Walking Wake|Hydro Steam|p1a: Excadrill\n|-supereffective|p1a: Excadrill\n|-damage|p1a: Excadrill|4/100\n|-damage|p2a: Walking Wake|126/286|[from] item: Life Orb\n|move|p1a: Excadrill|Rapid Spin|p2a: Walking Wake\n|-damage|p2a: Walking Wake|79/286\n|-boost|p1a: Excadrill|spe|1\n|\n|upkeep\n|turn|21\n|inactive|Time left: 300 sec this turn | 300 sec total\n|\n|t:|1783567149\n|move|p1a: Excadrill|Earthquake|p2a: Walking Wake\n|-damage|p2a: Walking Wake|0 fnt\n|faint|p2a: Walking Wake\n|-end|p2a: Walking Wake|Protosynthesis|[silent]\n|\n|upkeep\n|inactive|Time left: 300 sec this turn | 300 sec total | 5 sec grace\n|\n|t:|1783567150\n|switch|p2a: Regice|Regice, L88|197/284\n|turn|22\n|inactive|Time left: 300 sec this turn | 300 sec total\n|\n|t:|1783567150\n|move|p1a: Excadrill|Iron Head|p2a: Regice\n|-supereffective|p2a: Regice\n|-damage|p2a: Regice|33/284\n|move|p2a: Regice|Rest|p2a: Regice\n|-status|p2a: Regice|slp|[from] move: Rest\n|-heal|p2a: Regice|284/284 slp|[silent]\n|\n|upkeep\n|turn|23\n|inactive|Time left: 300 sec this turn | 300 sec total\n|\n|t:|1783567151\n|move|p1a: Excadrill|Iron Head|p2a: Regice\n|-supereffective|p2a: Regice\n|-damage|p2a: Regice|104/284 slp\n|cant|p2a: Regice|slp\n|move|p2a: Regice|Sleep Talk|p2a: Regice\n|move|p2a: Regice|Thunderbolt|p1a: Excadrill|[from] move: Sleep Talk\n|-immune|p1a: Excadrill\n|\n|upkeep\n|turn|24\n|inactive|Time left: 300 sec this turn | 300 sec total\n|\n|t:|1783567152\n|switch|p2a: Sandy Shocks|Sandy Shocks, L80|267/267\n|move|p1a: Excadrill|Iron Head|p2a: Sandy Shocks\n|-resisted|p2a: Sandy Shocks\n|-damage|p2a: Sandy Shocks|219/267\n|\n|upkeep\n|turn|25\n|inactive|Time left: 300 sec this turn | 300 sec total\n|\n|t:|1783567153\n|-end|p2a: Sandy Shocks|Protosynthesis|[silent]\n|switch|p2a: Regice|Regice, L88|104/284 slp\n|move|p1a: Excadrill|Earthquake|p2a: Regice\n|-damage|p2a: Regice|0 fnt\n|faint|p2a: Regice\n|\n|upkeep\n|inactive|Time left: 300 sec this turn | 300 sec total | 5 sec grace\n|\n|t:|1783567154\n|switch|p2a: Sandy Shocks|Sandy Shocks, L80|219/267\n|turn|26\n|inactive|Time left: 300 sec this turn | 300 sec total\n|\n|t:|1783567154\n|move|p1a: Excadrill|Earthquake|p2a: Sandy Shocks\n|-supereffective|p2a: Sandy Shocks\n|-damage|p2a: Sandy Shocks|0 fnt\n|faint|p2a: Sandy Shocks\n|-end|p2a: Sandy Shocks|Protosynthesis|[silent]\n|\n|win|p0x24251bee", "uploadtime": 1783567154, "views": 0, "rating": 0, "private": 0, "password": null, "_winner": "p0x24251bee", "_our_name": "p0y2425dbc3"}