{"id": "battle-gen9randombattle-2889", "formatid": "gen9randombattle", "format": "[Gen 9] Random Battle", "players": ["p0x288902db", "p0y2889eefa"], "log": "|init|battle\n|title|p0x288902db vs. p0y2889eefa\n|j|\u2606p0x288902db\n|j|\u2606p0y2889eefa\n|t:|1783573264\n|gametype|singles\n|player|p1|p0x288902db|265|\n|player|p2|p0y2889eefa|102|\n|gen|9\n|tier|[Gen 9] Random Battle\n|rule|Species Clause: Limit one of each Pok\u00e9mon\n|rule|HP Percentage Mod: HP is shown in percentages\n|rule|Sleep Clause Mod: Limit one foe put to sleep\n|rule|Illusion Level Mod: Illusion disguises the Pok\u00e9mon's true level\n|\n|t:|1783573264\n|teamsize|p1|6\n|teamsize|p2|6\n|start\n|switch|p1a: Basculin|Basculin-Blue-Striped, L86, F|100/100\n|switch|p2a: Overqwil|Overqwil, L82, F|274/274\n|-ability|p2a: Overqwil|Intimidate|boost\n|-unboost|p1a: Basculin|atk|1\n|turn|1\n|inactive|Battle timer is ON: inactive players will automatically lose when time's up. (requested by p0x288902db)\n|inactive|Time left: 300 sec this turn | 300 sec total | 60 sec grace\n|\n|t:|1783573265\n|move|p1a: Basculin|Flip Turn|p2a: Overqwil\n|-damage|p2a: Overqwil|186/274\n|inactive|p0y2889eefa also wants the timer to be on.\n|\n|t:|1783573266\n|switch|p1a: Gumshoos|Gumshoos, L95, F|100/100|[from] Flip Turn\n|move|p2a: Overqwil|Gunk Shot|p1a: Gumshoos|[miss]\n|-miss|p2a: Overqwil|p1a: Gumshoos\n|\n|upkeep\n|turn|2\n|inactive|Time left: 300 sec this turn | 300 sec total\n|\n|t:|1783573268\n|move|p2a: Overqwil|Gunk Shot|p1a: Gumshoos\n|-damage|p1a: Gumshoos|23/100\n|-status|p1a: Gumshoos|psn\n|move|p1a: Gumshoos|Earthquake|p2a: Overqwil\n|-supereffective|p2a: Overqwil\n|-damage|p2a: Overqwil|0 fnt\n|faint|p2a: Overqwil\n|\n|-damage|p1a: Gumshoos|10/100 psn|[from] psn\n|upkeep\n|inactive|Time left: 300 sec this turn | 300 sec total | 5 sec grace\n|\n|t:|1783573269\n|switch|p2a: Gardevoir|Gardevoir, L83, M|249/249\n|-ability|p2a: Gardevoir|Stakeout|Trace|[from] ability: Trace|[of] p1a: Gumshoos\n|turn|3\n|inactive|Time left: 300 sec this turn | 300 sec total\n|\n|t:|1783573270\n|move|p2a: Gardevoir|Moonblast|p1a: Gumshoos\n|-damage|p1a: Gumshoos|0 fnt\n|faint|p1a: Gumshoos\n|-damage|p2a: Gardevoir|225/249|[from] item: Life Orb\n|\n|upkeep\n|\n|t:|1783573271\n|switch|p1a: Basculin|Basculin-Blue-Striped, L86, F|100/100\n|turn|4\n|inactive|Time left: 300 sec this turn | 300 sec total\n|\n|t:|1783573272\n|switch|p2a: Lapras|Lapras, L87, F|368/368\n|move|p1a: Basculin|Wave Crash|p2a: Lapras\n|-immune|p2a: Lapras|[from] ability: Water Absorb\n|\n|upkeep\n|turn|5\n|inactive|Time left: 300 sec this turn | 300 sec total\n|\n|t:|1783573273\n|switch|p1a: Glalie|Glalie, L96, M|100/100\n|move|p2a: Lapras|Freeze-Dry|p1a: Glalie\n|-resisted|p1a: Glalie\n|-damage|p1a: Glalie|90/100\n|\n|upkeep\n|turn|6\n|inactive|Time left: 300 sec this turn | 300 sec total\n|\n|t:|1783573274\n|move|p1a: Glalie|Freeze-Dry|p2a: Lapras\n|-damage|p2a: Lapras|293/368\n|move|p2a: Lapras|Freeze-Dry|p1a: Glalie\n|-resisted|p1a: Glalie\n|-damage|p1a: Glalie|78/100\n|\n|upkeep\n|turn|7\n|inactive|Time left: 300 sec this turn | 300 sec total\n|\n|t:|1783573276\n|move|p1a: Glalie|Freeze-Dry|p2a: Lapras\n|-damage|p2a: Lapras|212/368\n|move|p2a: Lapras|Freeze-Dry|p1a: Glalie\n|-resisted|p1a: Glalie\n|-damage|p1a: Glalie|68/100\n|\n|upkeep\n|turn|8\n|inactive|Time left: 300 sec this turn | 300 sec total\n|\n|t:|1783573277\n|move|p1a: Glalie|Freeze-Dry|p2a: Lapras\n|-damage|p2a: Lapras|133/368\n|move|p2a: Lapras|Sparkling Aria|p1a: Glalie\n|-damage|p1a: Glalie|41/100\n|\n|upkeep\n|turn|9\n|inactive|Time left: 300 sec this turn | 300 sec total\n|\n|t:|1783573278\n|move|p1a: Glalie|Earthquake|p2a: Lapras\n|-damage|p2a: Lapras|54/368\n|move|p2a: Lapras|Rest|p2a: Lapras\n|-status|p2a: Lapras|slp|[from] move: Rest\n|-heal|p2a: Lapras|368/368 slp|[silent]\n|\n|upkeep\n|turn|10\n|inactive|Time left: 300 sec this turn | 300 sec total\n|\n|t:|1783573279\n|switch|p1a: Meganium|Meganium, L90, F|100/100\n|cant|p2a: Lapras|slp\n|move|p2a: Lapras|Sleep Talk|p2a: Lapras\n|move|p2a: Lapras|Rest||[from] move: Sleep Talk|[still]\n|-fail|p2a: Lapras\n|\n|upkeep\n|turn|11\n|inactive|Time left: 300 sec this turn | 300 sec total\n|\n|t:|1783573280\n|move|p1a: Meganium|Swords Dance|p1a: Meganium\n|-boost|p1a: Meganium|atk|2\n|cant|p2a: Lapras|slp\n|move|p2a: Lapras|Sleep Talk|p2a: Lapras\n|move|p2a: Lapras|Freeze-Dry|p1a: Meganium|[from] move: Sleep Talk\n|-supereffective|p1a: Meganium\n|-damage|p1a: Meganium|58/100\n|\n|-heal|p1a: Meganium|65/100|[from] item: Leftovers\n|upkeep\n|turn|12\n|inactive|Time left: 300 sec this turn | 300 sec total\n|\n|t:|1783573281\n|switch|p2a: Noivern|Noivern, L82, F|274/274\n|move|p1a: Meganium|Petal Blizzard|p2a: Noivern\n|-resisted|p2a: Noivern\n|-damage|p2a: Noivern|221/274\n|\n|-heal|p1a: Meganium|71/100|[from] item: Leftovers\n|upkeep\n|turn|13\n|inactive|Time left: 300 sec this turn | 300 sec total\n|\n|t:|1783573282\n|move|p2a: Noivern|Hurricane|p1a: Meganium\n|-supereffective|p1a: Meganium\n|-damage|p1a: Meganium|10/100\n|move|p1a: Meganium|Knock Off|p2a: Noivern\n|-damage|p2a: Noivern|60/274\n|-enditem|p2a: Noivern|Heavy-Duty Boots|[from] move: Knock Off|[of] p1a: Meganium\n|\n|-heal|p1a: Meganium|16/100|[from] item: Leftovers\n|upkeep\n|turn|14\n|inactive|Time left: 300 sec this turn | 300 sec total\n|\n|t:|1783573283\n|move|p2a: Noivern|Flamethrower|p1a: Meganium\n|-supereffective|p1a: Meganium\n|-damage|p1a: Meganium|0 fnt\n|faint|p1a: Meganium\n|\n|upkeep\n|\n|t:|1783573284\n|switch|p1a: Venusaur|Venusaur, L84, F|100/100\n|turn|15\n|inactive|Time left: 300 sec this turn | 300 sec total\n|\n|t:|1783573285\n|move|p2a: Noivern|Hurricane|p1a: Venusaur|[miss]\n|-miss|p2a: Noivern|p1a: Venusaur\n|move|p1a: Venusaur|Sludge Bomb|p2a: Noivern\n|-damage|p2a: Noivern|0 fnt\n|faint|p2a: Noivern\n|\n|upkeep\n|inactive|Time left: 300 sec this turn | 300 sec total | 5 sec grace\n|\n|t:|1783573286\n|switch|p2a: Rabsca|Rabsca, L91, M|284/284\n|turn|16\n|inactive|Time left: 300 sec this turn | 300 sec total\n|\n|t:|1783573287\n|move|p1a: Venusaur|Sleep Powder|p2a: Rabsca|[miss]\n|-miss|p1a: Venusaur|p2a: Rabsca\n|move|p2a: Rabsca|Psychic|p1a: Venusaur\n|-supereffective|p1a: Venusaur\n|-damage|p1a: Venusaur|21/100\n|\n|-heal|p1a: Venusaur|27/100|[from] item: Leftovers\n|upkeep\n|turn|17\n|inactive|Time left: 300 sec this turn | 300 sec total\n|\n|t:|1783573288\n|move|p1a: Venusaur|Sleep Powder|p2a: Rabsca|[miss]\n|-miss|p1a: Venusaur|p2a: Rabsca\n|move|p2a: Rabsca|Bug Buzz|p1a: Venusaur\n|-damage|p1a: Venusaur|0 fnt\n|faint|p1a: Venusaur\n|\n|upkeep\n|\n|t:|1783573289\n|switch|p1a: Tatsugiri|Tatsugiri, L87, F|100/100\n|turn|18\n|inactive|Time left: 300 sec this turn | 300 sec total\n|\n|t:|1783573290\n|switch|p2a: Gardevoir|Gardevoir, L83, M|225/249\n|-ability|p2a: Gardevoir|Storm Drain|Trace|[from] ability: Trace|[of] p1a: Tatsugiri\n|move|p1a: Tatsugiri|Nasty Plot|p1a: Tatsugiri\n|-boost|p1a: Tatsugiri|spa|2\n|\n|upkeep\n|turn|19\n|inactive|Time left: 300 sec this turn | 300 sec total\n|\n|t:|1783573291\n|-terastallize|p1a: Tatsugiri|Steel\n|move|p1a: Tatsugiri|Nasty Plot|p1a: Tatsugiri\n|-boost|p1a: Tatsugiri|spa|2\n|move|p2a: Gardevoir|Moonblast|p1a: Tatsugiri\n|-resisted|p1a: Tatsugiri\n|-damage|p1a: Tatsugiri|73/100\n|-unboost|p1a: Tatsugiri|spa|1\n|-damage|p2a: Gardevoir|201/249|[from] item: Life Orb\n|\n|upkeep\n|turn|20\n|inactive|Time left: 300 sec this turn | 300 sec total\n|\n|t:|1783573292\n|move|p1a: Tatsugiri|Rapid Spin|p2a: Gardevoir\n|-damage|p2a: Gardevoir|171/249\n|-boost|p1a: Tatsugiri|spe|1\n|move|p2a: Gardevoir|Focus Blast|p1a: Tatsugiri\n|-supereffective|p1a: Tatsugiri\n|-crit|p1a: Tatsugiri\n|-damage|p1a: Tatsugiri|0 fnt\n|faint|p1a: Tatsugiri\n|-damage|p2a: Gardevoir|147/249|[from] item: Life Orb\n|\n|upkeep\n|\n|t:|1783573293\n|switch|p1a: Basculin|Basculin-Blue-Striped, L86, F|100/100\n|turn|21\n|inactive|Time left: 300 sec this turn | 300 sec total\n|\n|t:|1783573294\n|switch|p2a: Regirock|Regirock, L83|268/268\n|move|p1a: Basculin|Double-Edge|p2a: Regirock\n|-resisted|p2a: Regirock\n|-damage|p2a: Regirock|236/268\n|-damage|p1a: Basculin|96/100|[from] Recoil\n|\n|upkeep\n|turn|22\n|inactive|Time left: 300 sec this turn | 300 sec total\n|\n|t:|1783573295\n|-terastallize|p2a: Regirock|Fighting\n|move|p1a: Basculin|Double-Edge|p2a: Regirock\n|-damage|p2a: Regirock|172/268\n|-damage|p1a: Basculin|88/100|[from] Recoil\n|move|p2a: Regirock|Body Press|p1a: Basculin\n|-damage|p1a: Basculin|13/100\n|\n|upkeep\n|turn|23\n|inactive|Time left: 300 sec this turn | 300 sec total\n|\n|t:|1783573296\n|move|p1a: Basculin|Double-Edge|p2a: Regirock\n|-damage|p2a: Regirock|108/268\n|-damage|p1a: Basculin|5/100|[from] Recoil\n|move|p2a: Regirock|Body Press|p1a: Basculin\n|-damage|p1a: Basculin|0 fnt\n|faint|p1a: Basculin\n|\n|upkeep\n|\n|t:|1783573297\n|switch|p1a: Glalie|Glalie, L96, M|41/100\n|turn|24\n|inactive|Time left: 300 sec this turn | 300 sec total\n|\n|t:|1783573298\n|move|p1a: Glalie|Freeze-Dry|p2a: Regirock\n|-damage|p2a: Regirock|24/268\n|move|p2a: Regirock|Body Press|p1a: Glalie\n|-supereffective|p1a: Glalie\n|-damage|p1a: Glalie|0 fnt\n|faint|p1a: Glalie\n|\n|win|p0y2889eefa", "uploadtime": 1783573298, "views": 0, "rating": 0, "private": 0, "password": null, "_winner": "p0y2889eefa", "_our_name": "p0y2889eefa"}