{"id": "battle-gen9randombattle-94", "formatid": "gen9randombattle", "format": "[Gen 9] Random Battle", "players": ["p0x0941362", "p0y094ebb7"], "log": "|init|battle\n|title|p0x0941362 vs. p0y094ebb7\n|j|\u2606p0x0941362\n|j|\u2606p0y094ebb7\n|t:|1783540559\n|gametype|singles\n|player|p1|p0x0941362|266|\n|player|p2|p0y094ebb7|2|\n|gen|9\n|tier|[Gen 9] Random Battle\n|rule|Species Clause: Limit one of each Pok\u00e9mon\n|rule|HP Percentage Mod: HP is shown in percentages\n|rule|Sleep Clause Mod: Limit one foe put to sleep\n|rule|Illusion Level Mod: Illusion disguises the Pok\u00e9mon's true level\n|\n|t:|1783540559\n|teamsize|p1|6\n|teamsize|p2|6\n|start\n|switch|p1a: Pelipper|Pelipper, L86, M|100/100\n|switch|p2a: Kleavor|Kleavor, L78, M|237/237\n|-weather|RainDance|[from] ability: Drizzle|[of] p1a: Pelipper\n|turn|1\n|inactive|Battle timer is ON: inactive players will automatically lose when time's up. (requested by p0x0941362)\n|inactive|Time left: 300 sec this turn | 300 sec total | 60 sec grace\n|inactive|p0y094ebb7 also wants the timer to be on.\n|\n|t:|1783540561\n|-terastallize|p2a: Kleavor|Rock\n|move|p2a: Kleavor|Stone Axe|p1a: Pelipper\n|-supereffective|p1a: Pelipper\n|-damage|p1a: Pelipper|0 fnt\n|-sidestart|p1: p0x0941362|move: Stealth Rock\n|faint|p1a: Pelipper\n|\n|-weather|RainDance|[upkeep]\n|upkeep\n|\n|t:|1783540562\n|switch|p1a: Infernape|Infernape, L82, F|100/100\n|-damage|p1a: Infernape|88/100|[from] Stealth Rock\n|turn|2\n|inactive|Time left: 300 sec this turn | 300 sec total\n|\n|t:|1783540563\n|switch|p2a: Vivillon|Vivillon, L83, F|268/268\n|move|p1a: Infernape|Close Combat|p2a: Vivillon\n|-resisted|p2a: Vivillon\n|-damage|p2a: Vivillon|201/268\n|-unboost|p1a: Infernape|def|1\n|-unboost|p1a: Infernape|spd|1\n|\n|-weather|RainDance|[upkeep]\n|upkeep\n|turn|3\n|inactive|Time left: 300 sec this turn | 300 sec total\n|\n|t:|1783540565\n|move|p1a: Infernape|Close Combat|p2a: Vivillon\n|-resisted|p2a: Vivillon\n|-damage|p2a: Vivillon|130/268\n|-unboost|p1a: Infernape|def|1\n|-unboost|p1a: Infernape|spd|1\n|move|p2a: Vivillon|Hurricane|p1a: Infernape\n|-supereffective|p1a: Infernape\n|-damage|p1a: Infernape|0 fnt\n|faint|p1a: Infernape\n|\n|-weather|RainDance|[upkeep]\n|upkeep\n|\n|t:|1783540566\n|switch|p1a: Ogerpon|Ogerpon, L80, F|100/100\n|-damage|p1a: Ogerpon|88/100|[from] Stealth Rock\n|turn|4\n|inactive|Time left: 300 sec this turn | 300 sec total\n|\n|t:|1783540567\n|move|p1a: Ogerpon|Knock Off|p2a: Vivillon\n|-damage|p2a: Vivillon|0 fnt\n|-enditem|p2a: Vivillon|Heavy-Duty Boots|[from] move: Knock Off|[of] p1a: Ogerpon\n|faint|p2a: Vivillon\n|-damage|p1a: Ogerpon|78/100|[from] item: Life Orb\n|\n|-weather|RainDance|[upkeep]\n|upkeep\n|inactive|Time left: 300 sec this turn | 300 sec total | 5 sec grace\n|\n|t:|1783540568\n|switch|p2a: Rhydon|Rhydon, L85, F|317/317\n|turn|5\n|inactive|Time left: 300 sec this turn | 300 sec total\n|\n|t:|1783540570\n|move|p1a: Ogerpon|Ivy Cudgel|p2a: Rhydon\n|-supereffective|p2a: Rhydon\n|-damage|p2a: Rhydon|0 fnt\n|faint|p2a: Rhydon\n|-damage|p1a: Ogerpon|69/100|[from] item: Life Orb\n|\n|-weather|none\n|upkeep\n|inactive|Time left: 300 sec this turn | 300 sec total | 5 sec grace\n|\n|t:|1783540571\n|switch|p2a: Excadrill|Excadrill, L79, M|303/303\n|-ability|p2a: Excadrill|Mold Breaker\n|turn|6\n|inactive|Time left: 300 sec this turn | 300 sec total\n|\n|t:|1783540572\n|move|p1a: Ogerpon|Swords Dance|p1a: Ogerpon\n|-boost|p1a: Ogerpon|atk|2\n|move|p2a: Excadrill|Rapid Spin|p1a: Ogerpon\n|-damage|p1a: Ogerpon|50/100\n|-boost|p2a: Excadrill|spe|1\n|\n|upkeep\n|turn|7\n|inactive|Time left: 300 sec this turn | 300 sec total\n|\n|t:|1783540573\n|move|p2a: Excadrill|Iron Head|p1a: Ogerpon\n|-damage|p1a: Ogerpon|7/100\n|move|p1a: Ogerpon|Superpower|p2a: Excadrill\n|-supereffective|p2a: Excadrill\n|-damage|p2a: Excadrill|0 fnt\n|-unboost|p1a: Ogerpon|atk|1\n|-unboost|p1a: Ogerpon|def|1\n|faint|p2a: Excadrill\n|-damage|p1a: Ogerpon|0 fnt|[from] item: Life Orb\n|faint|p1a: Ogerpon\n|\n|upkeep\n|inactive|Time left: 300 sec this turn | 300 sec total | 5 sec grace\n|\n|t:|1783540574\n|switch|p1a: Eelektross|Eelektross, L87, F|100/100\n|switch|p2a: Kyogre|Kyogre, L71|259/259\n|-weather|RainDance|[from] ability: Drizzle|[of] p2a: Kyogre\n|-damage|p1a: Eelektross|88/100|[from] Stealth Rock\n|turn|8\n|inactive|Time left: 300 sec this turn | 300 sec total\n|\n|t:|1783540575\n|move|p2a: Kyogre|Water Spout|p1a: Eelektross\n|-damage|p1a: Eelektross|32/100\n|move|p1a: Eelektross|Discharge|p2a: Kyogre\n|-supereffective|p2a: Kyogre\n|-damage|p2a: Kyogre|101/259\n|\n|-weather|RainDance|[upkeep]\n|upkeep\n|turn|9\n|inactive|Time left: 300 sec this turn | 300 sec total\n|\n|t:|1783540576\n|move|p2a: Kyogre|Water Spout|p1a: Eelektross\n|-damage|p1a: Eelektross|7/100\n|move|p1a: Eelektross|Discharge|p2a: Kyogre\n|-supereffective|p2a: Kyogre\n|-damage|p2a: Kyogre|0 fnt\n|faint|p2a: Kyogre\n|\n|-weather|RainDance|[upkeep]\n|upkeep\n|inactive|Time left: 300 sec this turn | 300 sec total | 5 sec grace\n|\n|t:|1783540578\n|switch|p2a: Smeargle|Smeargle, L95, F|258/258\n|turn|10\n|inactive|Time left: 300 sec this turn | 300 sec total\n|\n|t:|1783540579\n|move|p2a: Smeargle|Spore|p1a: Eelektross\n|-status|p1a: Eelektross|slp|[from] move: Spore\n|cant|p1a: Eelektross|slp\n|\n|-weather|RainDance|[upkeep]\n|upkeep\n|turn|11\n|inactive|Time left: 300 sec this turn | 300 sec total\n|\n|t:|1783540580\n|switch|p1a: Milotic|Milotic, L83, M|100/100\n|-damage|p1a: Milotic|88/100|[from] Stealth Rock\n|move|p2a: Smeargle|Shell Smash|p2a: Smeargle\n|-unboost|p2a: Smeargle|def|1\n|-unboost|p2a: Smeargle|spd|1\n|-boost|p2a: Smeargle|atk|2\n|-boost|p2a: Smeargle|spa|2\n|-boost|p2a: Smeargle|spe|2\n|\n|-weather|RainDance|[upkeep]\n|-heal|p1a: Milotic|94/100|[from] item: Leftovers\n|upkeep\n|turn|12\n|inactive|Time left: 300 sec this turn | 300 sec total\n|\n|t:|1783540581\n|-terastallize|p1a: Milotic|Steel\n|move|p2a: Smeargle|Population Bomb|p1a: Milotic\n|-resisted|p1a: Milotic\n|-damage|p1a: Milotic|88/100\n|-resisted|p1a: Milotic\n|-damage|p1a: Milotic|83/100\n|-resisted|p1a: Milotic\n|-damage|p1a: Milotic|77/100\n|-resisted|p1a: Milotic\n|-damage|p1a: Milotic|71/100\n|-resisted|p1a: Milotic\n|-damage|p1a: Milotic|65/100\n|-resisted|p1a: Milotic\n|-damage|p1a: Milotic|59/100\n|-resisted|p1a: Milotic\n|-damage|p1a: Milotic|53/100\n|-resisted|p1a: Milotic\n|-damage|p1a: Milotic|47/100\n|-resisted|p1a: Milotic\n|-damage|p1a: Milotic|41/100\n|-resisted|p1a: Milotic\n|-damage|p1a: Milotic|36/100\n|-hitcount|p1a: Milotic|10\n|move|p1a: Milotic|Scald|p2a: Smeargle\n|-damage|p2a: Smeargle|0 fnt\n|faint|p2a: Smeargle\n|\n|-weather|none\n|-heal|p1a: Milotic|42/100|[from] item: Leftovers\n|upkeep\n|inactive|Time left: 300 sec this turn | 300 sec total | 5 sec grace\n|\n|t:|1783540582\n|switch|p2a: Kleavor|Kleavor, L78, M, tera:Rock|237/237\n|turn|13\n|inactive|Time left: 300 sec this turn | 300 sec total\n|\n|t:|1783540583\n|move|p1a: Milotic|Scald|p2a: Kleavor\n|-supereffective|p2a: Kleavor\n|-damage|p2a: Kleavor|37/237\n|move|p2a: Kleavor|X-Scissor|p1a: Milotic\n|-resisted|p1a: Milotic\n|-damage|p1a: Milotic|14/100\n|\n|-heal|p1a: Milotic|20/100|[from] item: Leftovers\n|upkeep\n|turn|14\n|inactive|Time left: 300 sec this turn | 300 sec total\n|\n|t:|1783540584\n|move|p1a: Milotic|Scald|p2a: Kleavor\n|-supereffective|p2a: Kleavor\n|-damage|p2a: Kleavor|0 fnt\n|faint|p2a: Kleavor\n|\n|win|p0x0941362", "uploadtime": 1783540584, "views": 0, "rating": 0, "private": 0, "password": null, "_winner": "p0x0941362", "_our_name": "p0y094ebb7"}