{"id": "battle-gen9randombattle-2310", "formatid": "gen9randombattle", "format": "[Gen 9] Random Battle", "players": ["p0x2310f1ce", "p0y23104cd7"], "log": "|init|battle\n|title|p0x2310f1ce vs. p0y23104cd7\n|j|\u2606p0x2310f1ce\n|j|\u2606p0y23104cd7\n|t:|1783565819\n|gametype|singles\n|player|p1|p0x2310f1ce|169|\n|player|p2|p0y23104cd7|169|\n|gen|9\n|tier|[Gen 9] Random Battle\n|rule|Species Clause: Limit one of each Pok\u00e9mon\n|rule|HP Percentage Mod: HP is shown in percentages\n|rule|Sleep Clause Mod: Limit one foe put to sleep\n|rule|Illusion Level Mod: Illusion disguises the Pok\u00e9mon's true level\n|\n|t:|1783565819\n|teamsize|p1|6\n|teamsize|p2|6\n|start\n|switch|p1a: Incineroar|Incineroar, L82, M|290/290\n|switch|p2a: Magcargo|Magcargo, L95, M|100/100\n|-ability|p1a: Incineroar|Intimidate|boost\n|-unboost|p2a: Magcargo|atk|1\n|turn|1\n|inactive|Battle timer is ON: inactive players will automatically lose when time's up. (requested by p0y23104cd7)\n|inactive|Time left: 300 sec this turn | 300 sec total | 60 sec grace\n|\n|t:|1783565820\n|move|p1a: Incineroar|Swords Dance|p1a: Incineroar\n|-boost|p1a: Incineroar|atk|2\n|move|p2a: Magcargo|Power Gem|p1a: Incineroar\n|-supereffective|p1a: Incineroar\n|-damage|p1a: Incineroar|84/290\n|\n|upkeep\n|turn|2\n|inactive|Time left: 300 sec this turn | 300 sec total\n|inactive|p0x2310f1ce also wants the timer to be on.\n|\n|t:|1783565821\n|move|p1a: Incineroar|Knock Off|p2a: Magcargo\n|-damage|p2a: Magcargo|46/100\n|-enditem|p2a: Magcargo|Heavy-Duty Boots|[from] move: Knock Off|[of] p1a: Incineroar\n|move|p2a: Magcargo|Power Gem|p1a: Incineroar\n|-supereffective|p1a: Incineroar\n|-damage|p1a: Incineroar|0 fnt\n|faint|p1a: Incineroar\n|\n|upkeep\n|inactive|Time left: 300 sec this turn | 300 sec total | 5 sec grace\n|\n|t:|1783565822\n|switch|p1a: Metagross|Metagross, L79|256/256\n|turn|3\n|inactive|Time left: 300 sec this turn | 300 sec total\n|\n|t:|1783565823\n|move|p1a: Metagross|Heavy Slam|p2a: Magcargo\n|-damage|p2a: Magcargo|0 fnt\n|-status|p1a: Metagross|brn|[from] ability: Flame Body|[of] p2a: Magcargo\n|faint|p2a: Magcargo\n|\n|-damage|p1a: Metagross|240/256 brn|[from] brn\n|upkeep\n|\n|t:|1783565824\n|switch|p2a: Seviper|Seviper, L93, F|100/100\n|turn|4\n|inactive|Time left: 300 sec this turn | 300 sec total\n|\n|t:|1783565825\n|move|p2a: Seviper|Swords Dance|p2a: Seviper\n|-boost|p2a: Seviper|atk|2\n|move|p1a: Metagross|Heavy Slam|p2a: Seviper\n|-crit|p2a: Seviper\n|-damage|p2a: Seviper|27/100\n|\n|-heal|p2a: Seviper|33/100|[from] item: Leftovers\n|-damage|p1a: Metagross|224/256 brn|[from] brn\n|upkeep\n|turn|5\n|inactive|Time left: 300 sec this turn | 300 sec total\n|\n|t:|1783565826\n|-terastallize|p1a: Metagross|Water\n|move|p2a: Seviper|Earthquake|p1a: Metagross\n|-damage|p1a: Metagross|94/256 brn\n|move|p1a: Metagross|Heavy Slam|p2a: Seviper\n|-damage|p2a: Seviper|0 fnt\n|faint|p2a: Seviper\n|\n|-damage|p1a: Metagross|78/256 brn|[from] brn\n|upkeep\n|\n|t:|1783565827\n|switch|p2a: Excadrill|Excadrill, L79, F|100/100\n|-ability|p2a: Excadrill|Mold Breaker\n|turn|6\n|inactive|Time left: 300 sec this turn | 300 sec total\n|\n|t:|1783565828\n|switch|p1a: Gumshoos|Gumshoos, L95, M|321/321\n|move|p2a: Excadrill|Rapid Spin|p1a: Gumshoos\n|-damage|p1a: Gumshoos|277/321\n|-boost|p2a: Excadrill|spe|1\n|\n|upkeep\n|turn|7\n|inactive|Time left: 300 sec this turn | 300 sec total\n|\n|t:|1783565829\n|move|p2a: Excadrill|Iron Head|p1a: Gumshoos\n|-damage|p1a: Gumshoos|169/321\n|move|p1a: Gumshoos|Earthquake|p2a: Excadrill\n|-supereffective|p2a: Excadrill\n|-damage|p2a: Excadrill|0 fnt\n|faint|p2a: Excadrill\n|\n|upkeep\n|\n|t:|1783565830\n|switch|p2a: Primarina|Primarina, L83, M|100/100\n|turn|8\n|inactive|Time left: 300 sec this turn | 300 sec total\n|\n|t:|1783565831\n|move|p2a: Primarina|Moonblast|p1a: Gumshoos\n|-damage|p1a: Gumshoos|0 fnt\n|faint|p1a: Gumshoos\n|\n|upkeep\n|inactive|Time left: 300 sec this turn | 300 sec total | 5 sec grace\n|\n|t:|1783565832\n|switch|p1a: Vileplume|Vileplume, L85, F|266/266\n|turn|9\n|inactive|Time left: 300 sec this turn | 300 sec total\n|\n|t:|1783565833\n|move|p2a: Primarina|Moonblast|p1a: Vileplume\n|-resisted|p1a: Vileplume\n|-crit|p1a: Vileplume\n|-damage|p1a: Vileplume|127/266\n|move|p1a: Vileplume|Sludge Bomb|p2a: Primarina\n|-supereffective|p2a: Primarina\n|-damage|p2a: Primarina|39/100\n|\n|-heal|p1a: Vileplume|143/266|[from] item: Leftovers\n|upkeep\n|turn|10\n|inactive|Time left: 300 sec this turn | 300 sec total\n|\n|t:|1783565833\n|move|p2a: Primarina|Moonblast|p1a: Vileplume\n|-resisted|p1a: Vileplume\n|-damage|p1a: Vileplume|56/266\n|move|p1a: Vileplume|Strength Sap|p2a: Primarina\n|-unboost|p2a: Primarina|atk|1\n|-heal|p1a: Vileplume|227/266\n|\n|-heal|p1a: Vileplume|243/266|[from] item: Leftovers\n|upkeep\n|turn|11\n|inactive|Time left: 300 sec this turn | 300 sec total\n|\n|t:|1783565834\n|move|p2a: Primarina|Moonblast|p1a: Vileplume\n|-resisted|p1a: Vileplume\n|-damage|p1a: Vileplume|152/266\n|move|p1a: Vileplume|Sludge Bomb|p2a: Primarina\n|-supereffective|p2a: Primarina\n|-damage|p2a: Primarina|0 fnt\n|faint|p2a: Primarina\n|\n|-heal|p1a: Vileplume|168/266|[from] item: Leftovers\n|upkeep\n|\n|t:|1783565835\n|switch|p2a: Meowscarada|Meowscarada, L78, M|100/100\n|turn|12\n|inactive|Time left: 300 sec this turn | 300 sec total\n|\n|t:|1783565836\n|move|p2a: Meowscarada|Triple Axel|p1a: Vileplume|[miss]\n|-start|p2a: Meowscarada|typechange|Ice|[from] ability: Protean\n|-miss|p2a: Meowscarada|p1a: Vileplume\n|move|p1a: Vileplume|Sludge Bomb|p2a: Meowscarada\n|-damage|p2a: Meowscarada|45/100\n|\n|-heal|p1a: Vileplume|184/266|[from] item: Leftovers\n|upkeep\n|turn|13\n|inactive|Time left: 300 sec this turn | 300 sec total\n|\n|t:|1783565837\n|switch|p1a: Gholdengo|Gholdengo, L77|261/261\n|move|p2a: Meowscarada|Triple Axel|p1a: Gholdengo\n|-resisted|p1a: Gholdengo\n|-damage|p1a: Gholdengo|248/261\n|-resisted|p1a: Gholdengo\n|-damage|p1a: Gholdengo|221/261\n|-resisted|p1a: Gholdengo\n|-damage|p1a: Gholdengo|179/261\n|-hitcount|p1a: Gholdengo|3\n|-damage|p2a: Meowscarada|35/100|[from] item: Life Orb\n|\n|-heal|p1a: Gholdengo|195/261|[from] item: Leftovers\n|upkeep\n|turn|14\n|inactive|Time left: 300 sec this turn | 300 sec total\n|\n|t:|1783565838\n|-terastallize|p2a: Meowscarada|Dark\n|move|p2a: Meowscarada|Knock Off|p1a: Gholdengo\n|-supereffective|p1a: Gholdengo\n|-damage|p1a: Gholdengo|0 fnt\n|-enditem|p1a: Gholdengo|Leftovers|[from] move: Knock Off|[of] p2a: Meowscarada\n|faint|p1a: Gholdengo\n|-damage|p2a: Meowscarada|25/100|[from] item: Life Orb\n|\n|upkeep\n|inactive|Time left: 300 sec this turn | 300 sec total | 5 sec grace\n|\n|t:|1783565839\n|switch|p1a: Metagross|Metagross, L79, tera:Water|78/256 brn\n|turn|15\n|inactive|Time left: 300 sec this turn | 300 sec total\n|\n|t:|1783565840\n|move|p1a: Metagross|Bullet Punch|p2a: Meowscarada\n|-damage|p2a: Meowscarada|6/100\n|move|p2a: Meowscarada|Toxic Spikes|p1a: Metagross\n|-sidestart|p1: p0x2310f1ce|move: Toxic Spikes\n|\n|-damage|p1a: Metagross|62/256 brn|[from] brn\n|upkeep\n|turn|16\n|inactive|Time left: 300 sec this turn | 300 sec total\n|\n|t:|1783565841\n|switch|p2a: Sunflora|Sunflora, F|100/100\n|move|p1a: Metagross|Bullet Punch|p2a: Sunflora\n|-damage|p2a: Sunflora|87/100\n|\n|-damage|p1a: Metagross|46/256 brn|[from] brn\n|upkeep\n|turn|17\n|inactive|Time left: 300 sec this turn | 300 sec total\n|\n|t:|1783565842\n|switch|p2a: Meowscarada|Meowscarada, L78, M, tera:Dark|6/100\n|move|p1a: Metagross|Bullet Punch|p2a: Meowscarada\n|-damage|p2a: Meowscarada|0 fnt\n|faint|p2a: Meowscarada\n|\n|-damage|p1a: Metagross|30/256 brn|[from] brn\n|upkeep\n|\n|t:|1783565843\n|switch|p2a: Sunflora|Sunflora, F|87/100\n|turn|18\n|inactive|Time left: 300 sec this turn | 300 sec total\n|\n|t:|1783565844\n|move|p1a: Metagross|Bullet Punch|p2a: Sunflora\n|-damage|p2a: Sunflora|74/100\n|move|p2a: Sunflora|Dazzling Gleam|p1a: Metagross\n|-damage|p1a: Metagross|0 fnt\n|faint|p1a: Metagross\n|\n|upkeep\n|inactive|Time left: 300 sec this turn | 300 sec total | 5 sec grace\n|\n|t:|1783565845\n|switch|p1a: Vileplume|Vileplume, L85, F|184/266\n|-sideend|p1: p0x2310f1ce|move: Toxic Spikes|[of] p1a: Vileplume\n|turn|19\n|inactive|Time left: 300 sec this turn | 300 sec total\n|\n|t:|1783565846\n|move|p1a: Vileplume|Sludge Bomb|p2a: Sunflora\n|-supereffective|p2a: Sunflora\n|-crit|p2a: Sunflora\n|-damage|p2a: Sunflora|0 fnt\n|faint|p2a: Sunflora\n|\n|win|p0x2310f1ce", "uploadtime": 1783565846, "views": 0, "rating": 0, "private": 0, "password": null, "_winner": "p0x2310f1ce", "_our_name": "p0x2310f1ce"}