{"id": "battle-gen9randombattle-735", "formatid": "gen9randombattle", "format": "[Gen 9] Random Battle", "players": ["p0x735931e", "p0y73568d8"], "log": "|init|battle\n|title|p0x735931e vs. p0y73568d8\n|j|\u2606p0x735931e\n|j|\u2606p0y73568d8\n|t:|1783548340\n|gametype|singles\n|player|p1|p0x735931e|102|\n|player|p2|p0y73568d8|169|\n|gen|9\n|tier|[Gen 9] Random Battle\n|rule|Species Clause: Limit one of each Pok\u00e9mon\n|rule|HP Percentage Mod: HP is shown in percentages\n|rule|Sleep Clause Mod: Limit one foe put to sleep\n|rule|Illusion Level Mod: Illusion disguises the Pok\u00e9mon's true level\n|\n|t:|1783548340\n|teamsize|p1|6\n|teamsize|p2|6\n|start\n|switch|p1a: Iron Leaves|Iron Leaves, L80|100/100\n|switch|p2a: Azelf|Azelf, L82|257/257\n|turn|1\n|inactive|Battle timer is ON: inactive players will automatically lose when time's up. (requested by p0y73568d8)\n|inactive|p0x735931e also wants the timer to be on.\n|\n|t:|1783548342\n|move|p2a: Azelf|Fire Blast|p1a: Iron Leaves\n|-supereffective|p1a: Iron Leaves\n|-damage|p1a: Iron Leaves|28/100\n|-damage|p2a: Azelf|232/257|[from] item: Life Orb\n|move|p1a: Iron Leaves|Swords Dance|p1a: Iron Leaves\n|-boost|p1a: Iron Leaves|atk|2\n|\n|upkeep\n|turn|2\n|inactive|Time left: 300 sec this turn | 300 sec total\n|\n|t:|1783548343\n|move|p2a: Azelf|Fire Blast|p1a: Iron Leaves\n|-supereffective|p1a: Iron Leaves\n|-damage|p1a: Iron Leaves|0 fnt\n|faint|p1a: Iron Leaves\n|-end|p1a: Iron Leaves|Quark Drive|[silent]\n|-damage|p2a: Azelf|207/257|[from] item: Life Orb\n|\n|upkeep\n|\n|t:|1783548344\n|switch|p1a: Probopass|Probopass, L91, F|100/100\n|turn|3\n|inactive|Time left: 300 sec this turn | 300 sec total\n|\n|t:|1783548346\n|move|p2a: Azelf|Nasty Plot|p2a: Azelf\n|-boost|p2a: Azelf|spa|2\n|move|p1a: Probopass|Power Gem|p2a: Azelf\n|-damage|p2a: Azelf|111/257\n|\n|upkeep\n|turn|4\n|inactive|Time left: 300 sec this turn | 300 sec total\n|\n|t:|1783548347\n|move|p2a: Azelf|Fire Blast|p1a: Probopass\n|-damage|p1a: Probopass|48/100\n|-damage|p2a: Azelf|86/257|[from] item: Life Orb\n|move|p1a: Probopass|Power Gem|p2a: Azelf\n|-damage|p2a: Azelf|0 fnt\n|faint|p2a: Azelf\n|\n|-heal|p1a: Probopass|54/100|[from] item: Leftovers\n|upkeep\n|inactive|Time left: 300 sec this turn | 300 sec total | 5 sec grace\n|\n|t:|1783548348\n|switch|p2a: Crawdaunt|Crawdaunt, L84, F|243/243\n|turn|5\n|inactive|Time left: 300 sec this turn | 300 sec total\n|\n|t:|1783548349\n|-terastallize|p1a: Probopass|Fighting\n|move|p2a: Crawdaunt|Crabhammer|p1a: Probopass|[miss]\n|-miss|p2a: Crawdaunt|p1a: Probopass\n|move|p1a: Probopass|Body Press|p2a: Crawdaunt\n|-supereffective|p2a: Crawdaunt\n|-damage|p2a: Crawdaunt|0 fnt\n|faint|p2a: Crawdaunt\n|\n|-heal|p1a: Probopass|60/100|[from] item: Leftovers\n|upkeep\n|inactive|Time left: 300 sec this turn | 300 sec total | 5 sec grace\n|\n|t:|1783548350\n|switch|p2a: Regidrago|Regidrago, L77|435/435\n|turn|6\n|inactive|Time left: 300 sec this turn | 300 sec total\n|\n|t:|1783548352\n|-terastallize|p2a: Regidrago|Dragon\n|move|p2a: Regidrago|Dragon Energy|p1a: Probopass\n|-damage|p1a: Probopass|0 fnt\n|faint|p1a: Probopass\n|\n|upkeep\n|\n|t:|1783548353\n|switch|p1a: Avalugg|Avalugg, L88, F|100/100\n|turn|7\n|inactive|Time left: 300 sec this turn | 300 sec total\n|\n|t:|1783548354\n|move|p2a: Regidrago|Dragon Energy|p1a: Avalugg\n|-ability|p1a: Avalugg|Sturdy\n|-damage|p1a: Avalugg|1/100\n|move|p1a: Avalugg|Avalanche|p2a: Regidrago\n|-supereffective|p2a: Regidrago\n|-damage|p2a: Regidrago|0 fnt\n|faint|p2a: Regidrago\n|\n|upkeep\n|inactive|Time left: 300 sec this turn | 300 sec total | 5 sec grace\n|\n|t:|1783548355\n|switch|p2a: Incineroar|Incineroar, L82, M|290/290\n|-ability|p2a: Incineroar|Intimidate|boost\n|-unboost|p1a: Avalugg|atk|1\n|turn|8\n|inactive|Time left: 300 sec this turn | 300 sec total\n|\n|t:|1783548356\n|switch|p1a: Gouging Fire|Gouging Fire, L74|100/100\n|move|p2a: Incineroar|Trailblaze|p1a: Gouging Fire\n|-resisted|p1a: Gouging Fire\n|-damage|p1a: Gouging Fire|98/100\n|-boost|p2a: Incineroar|spe|1\n|\n|upkeep\n|turn|9\n|inactive|Time left: 300 sec this turn | 300 sec total\n|\n|t:|1783548357\n|move|p2a: Incineroar|Swords Dance|p2a: Incineroar\n|-boost|p2a: Incineroar|atk|2\n|move|p1a: Gouging Fire|Dragon Dance|p1a: Gouging Fire\n|-boost|p1a: Gouging Fire|atk|1\n|-boost|p1a: Gouging Fire|spe|1\n|\n|upkeep\n|turn|10\n|inactive|Time left: 300 sec this turn | 300 sec total\n|\n|t:|1783548358\n|move|p1a: Gouging Fire|Outrage|p2a: Incineroar\n|-damage|p2a: Incineroar|109/290\n|move|p2a: Incineroar|Knock Off|p1a: Gouging Fire\n|-damage|p1a: Gouging Fire|32/100\n|-enditem|p1a: Gouging Fire|Heavy-Duty Boots|[from] move: Knock Off|[of] p2a: Incineroar\n|\n|upkeep\n|turn|11\n|inactive|Time left: 300 sec this turn | 300 sec total\n|\n|t:|1783548358\n|switch|p2a: Tinkaton|Tinkaton, L82, F|274/274\n|-ability|p2a: Tinkaton|Mold Breaker\n|move|p1a: Gouging Fire|Outrage|p2a: Tinkaton|[from] lockedmove\n|-immune|p2a: Tinkaton\n|\n|upkeep\n|turn|12\n|inactive|Time left: 300 sec this turn | 300 sec total\n|\n|t:|1783548359\n|move|p1a: Gouging Fire|Heat Crash|p2a: Tinkaton\n|-supereffective|p2a: Tinkaton\n|-damage|p2a: Tinkaton|0 fnt\n|faint|p2a: Tinkaton\n|\n|upkeep\n|inactive|Time left: 300 sec this turn | 300 sec total | 5 sec grace\n|\n|t:|1783548360\n|switch|p2a: Incineroar|Incineroar, L82, M|109/290\n|-ability|p2a: Incineroar|Intimidate|boost\n|-unboost|p1a: Gouging Fire|atk|1\n|turn|13\n|inactive|Time left: 300 sec this turn | 300 sec total\n|\n|t:|1783548361\n|move|p1a: Gouging Fire|Dragon Dance|p1a: Gouging Fire\n|-boost|p1a: Gouging Fire|atk|1\n|-boost|p1a: Gouging Fire|spe|1\n|move|p2a: Incineroar|Knock Off|p1a: Gouging Fire\n|-damage|p1a: Gouging Fire|7/100\n|\n|upkeep\n|turn|14\n|inactive|Time left: 300 sec this turn | 300 sec total\n|\n|t:|1783548362\n|move|p1a: Gouging Fire|Morning Sun|p1a: Gouging Fire\n|-heal|p1a: Gouging Fire|57/100\n|move|p2a: Incineroar|Swords Dance|p2a: Incineroar\n|-boost|p2a: Incineroar|atk|2\n|\n|upkeep\n|turn|15\n|inactive|Time left: 300 sec this turn | 300 sec total\n|\n|t:|1783548363\n|switch|p2a: Mienshao|Mienshao, L83, F|244/244\n|move|p1a: Gouging Fire|Outrage|p2a: Mienshao\n|-damage|p2a: Mienshao|10/244\n|\n|upkeep\n|turn|16\n|inactive|Time left: 300 sec this turn | 300 sec total\n|\n|t:|1783548364\n|move|p1a: Gouging Fire|Outrage|p2a: Mienshao|[from] lockedmove\n|-damage|p2a: Mienshao|0 fnt\n|faint|p2a: Mienshao\n|-start|p1a: Gouging Fire|confusion|[fatigue]\n|\n|upkeep\n|inactive|Time left: 300 sec this turn | 300 sec total | 5 sec grace\n|\n|t:|1783548365\n|switch|p2a: Incineroar|Incineroar, L82, M|109/290\n|-ability|p2a: Incineroar|Intimidate|boost\n|-unboost|p1a: Gouging Fire|atk|1\n|turn|17\n|inactive|Time left: 300 sec this turn | 300 sec total\n|\n|t:|1783548366\n|-activate|p1a: Gouging Fire|confusion\n|move|p1a: Gouging Fire|Outrage|p2a: Incineroar\n|-damage|p2a: Incineroar|1/290\n|move|p2a: Incineroar|Knock Off|p1a: Gouging Fire\n|-damage|p1a: Gouging Fire|33/100\n|\n|upkeep\n|turn|18\n|inactive|Time left: 300 sec this turn | 300 sec total\n|\n|t:|1783548367\n|-activate|p1a: Gouging Fire|confusion\n|move|p1a: Gouging Fire|Outrage|p2a: Incineroar|[from] lockedmove\n|-damage|p2a: Incineroar|0 fnt\n|faint|p2a: Incineroar\n|\n|win|p0x735931e", "uploadtime": 1783548367, "views": 0, "rating": 0, "private": 0, "password": null, "_winner": "p0x735931e", "_our_name": "p0y73568d8"}