{"id": "battle-gen9randombattle-11", "formatid": "gen9randombattle", "format": "[Gen 9] Random Battle", "players": ["p0x011a1a0", "p0y0115051"], "log": "|init|battle\n|title|p0x011a1a0 vs. p0y0115051\n|j|\u2606p0x011a1a0\n|j|\u2606p0y0115051\n|t:|1783539536\n|gametype|singles\n|player|p1|p0x011a1a0|266|\n|player|p2|p0y0115051|2|\n|gen|9\n|tier|[Gen 9] Random Battle\n|rule|Species Clause: Limit one of each Pok\u00e9mon\n|rule|HP Percentage Mod: HP is shown in percentages\n|rule|Sleep Clause Mod: Limit one foe put to sleep\n|rule|Illusion Level Mod: Illusion disguises the Pok\u00e9mon's true level\n|\n|t:|1783539536\n|teamsize|p1|6\n|teamsize|p2|6\n|start\n|switch|p1a: Gouging Fire|Gouging Fire, L74|277/277\n|switch|p2a: Floatzel|Floatzel, L86, M|100/100\n|turn|1\n|inactive|Battle timer is ON: inactive players will automatically lose when time's up. (requested by p0y0115051)\n|inactive|Time left: 300 sec this turn | 300 sec total | 60 sec grace\n|inactive|p0x011a1a0 also wants the timer to be on.\n|\n|t:|1783539537\n|move|p2a: Floatzel|Wave Crash|p1a: Gouging Fire\n|-damage|p1a: Gouging Fire|94/277\n|-damage|p2a: Floatzel|80/100|[from] Recoil\n|move|p1a: Gouging Fire|Outrage|p2a: Floatzel\n|-crit|p2a: Floatzel\n|-damage|p2a: Floatzel|0 fnt\n|faint|p2a: Floatzel\n|\n|upkeep\n|\n|t:|1783539539\n|switch|p2a: Glastrier|Glastrier, L86|100/100\n|turn|2\n|inactive|Time left: 300 sec this turn | 300 sec total\n|\n|t:|1783539540\n|move|p1a: Gouging Fire|Outrage|p2a: Glastrier|[from] lockedmove\n|-damage|p2a: Glastrier|76/100\n|move|p2a: Glastrier|High Horsepower|p1a: Gouging Fire\n|-supereffective|p1a: Gouging Fire\n|-damage|p1a: Gouging Fire|0 fnt\n|faint|p1a: Gouging Fire\n|-end|p1a: Gouging Fire|Protosynthesis|[silent]\n|-ability|p2a: Glastrier|Chilling Neigh|boost\n|-boost|p2a: Glastrier|atk|1\n|\n|upkeep\n|inactive|Time left: 300 sec this turn | 300 sec total | 5 sec grace\n|\n|t:|1783539541\n|switch|p1a: Hydreigon|Hydreigon, L79, F|275/275\n|turn|3\n|inactive|Time left: 300 sec this turn | 300 sec total\n|\n|t:|1783539543\n|move|p1a: Hydreigon|Draco Meteor|p2a: Glastrier\n|-damage|p2a: Glastrier|22/100\n|-unboost|p1a: Hydreigon|spa|2\n|move|p2a: Glastrier|Icicle Crash|p1a: Hydreigon\n|-supereffective|p1a: Hydreigon\n|-damage|p1a: Hydreigon|0 fnt\n|faint|p1a: Hydreigon\n|-ability|p2a: Glastrier|Chilling Neigh|boost\n|-boost|p2a: Glastrier|atk|1\n|\n|upkeep\n|inactive|Time left: 300 sec this turn | 300 sec total | 5 sec grace\n|\n|t:|1783539544\n|switch|p1a: Indeedee|Indeedee-F, L90, F|272/272\n|-fieldstart|move: Psychic Terrain|[from] ability: Psychic Surge|[of] p1a: Indeedee\n|turn|4\n|inactive|Time left: 300 sec this turn | 300 sec total\n|\n|t:|1783539545\n|switch|p2a: Hypno|Hypno, L95, F|100/100\n|move|p1a: Indeedee|Psyshock|p2a: Hypno\n|-resisted|p2a: Hypno\n|-damage|p2a: Hypno|80/100\n|\n|-heal|p2a: Hypno|87/100|[from] item: Leftovers\n|upkeep\n|turn|5\n|inactive|Time left: 300 sec this turn | 300 sec total\n|\n|t:|1783539546\n|move|p1a: Indeedee|Psyshock|p2a: Hypno\n|-resisted|p2a: Hypno\n|-damage|p2a: Hypno|67/100\n|move|p2a: Hypno|Toxic|p1a: Indeedee\n|-status|p1a: Indeedee|tox\n|\n|-heal|p2a: Hypno|73/100|[from] item: Leftovers\n|-damage|p1a: Indeedee|255/272 tox|[from] psn\n|upkeep\n|turn|6\n|inactive|Time left: 300 sec this turn | 300 sec total\n|\n|t:|1783539547\n|switch|p1a: Overqwil|Overqwil, L82, F|274/274\n|-ability|p1a: Overqwil|Intimidate|boost\n|-unboost|p2a: Hypno|atk|1\n|move|p2a: Hypno|Psychic Noise|p1a: Overqwil\n|-immune|p1a: Overqwil\n|\n|-heal|p2a: Hypno|79/100|[from] item: Leftovers\n|upkeep\n|turn|7\n|inactive|Time left: 300 sec this turn | 300 sec total\n|\n|t:|1783539549\n|switch|p2a: Greedent|Greedent, L86, M|100/100\n|move|p1a: Overqwil|Crunch|p2a: Greedent\n|-damage|p2a: Greedent|62/100\n|\n|upkeep\n|turn|8\n|inactive|Time left: 300 sec this turn | 300 sec total\n|\n|t:|1783539550\n|move|p1a: Overqwil|Crunch|p2a: Greedent\n|-damage|p2a: Greedent|25/100\n|-unboost|p2a: Greedent|def|1\n|-enditem|p2a: Greedent|Sitrus Berry|[eat]\n|-heal|p2a: Greedent|49/100|[from] item: Sitrus Berry\n|-heal|p2a: Greedent|83/100|[from] ability: Cheek Pouch\n|move|p2a: Greedent|Earthquake|p1a: Overqwil\n|-supereffective|p1a: Overqwil\n|-damage|p1a: Overqwil|124/274\n|\n|-fieldend|move: Psychic Terrain\n|upkeep\n|turn|9\n|inactive|Time left: 300 sec this turn | 300 sec total\n|\n|t:|1783539551\n|move|p1a: Overqwil|Crunch|p2a: Greedent\n|-damage|p2a: Greedent|32/100\n|move|p2a: Greedent|Earthquake|p1a: Overqwil\n|-supereffective|p1a: Overqwil\n|-damage|p1a: Overqwil|0 fnt\n|faint|p1a: Overqwil\n|\n|upkeep\n|inactive|Time left: 300 sec this turn | 300 sec total | 5 sec grace\n|\n|t:|1783539552\n|switch|p1a: Hariyama|Hariyama, L87, F|392/392\n|turn|10\n|inactive|Time left: 300 sec this turn | 300 sec total\n|\n|t:|1783539553\n|switch|p2a: Hypno|Hypno, L95, F|79/100\n|move|p1a: Hariyama|Heavy Slam|p2a: Hypno\n|-damage|p2a: Hypno|56/100\n|\n|-heal|p2a: Hypno|62/100|[from] item: Leftovers\n|upkeep\n|turn|11\n|inactive|Time left: 300 sec this turn | 300 sec total\n|\n|t:|1783539554\n|move|p2a: Hypno|Protect|p2a: Hypno\n|-singleturn|p2a: Hypno|Protect\n|move|p1a: Hariyama|Knock Off|p2a: Hypno\n|-activate|p2a: Hypno|move: Protect\n|\n|-heal|p2a: Hypno|68/100|[from] item: Leftovers\n|upkeep\n|turn|12\n|inactive|Time left: 300 sec this turn | 300 sec total\n|\n|t:|1783539555\n|move|p2a: Hypno|Psychic Noise|p1a: Hariyama\n|-supereffective|p1a: Hariyama\n|-damage|p1a: Hariyama|248/392\n|-start|p1a: Hariyama|move: Heal Block\n|move|p1a: Hariyama|Knock Off|p2a: Hypno\n|-supereffective|p2a: Hypno\n|-damage|p2a: Hypno|12/100\n|-enditem|p2a: Hypno|Leftovers|[from] move: Knock Off|[of] p1a: Hariyama\n|\n|upkeep\n|turn|13\n|inactive|Time left: 300 sec this turn | 300 sec total\n|\n|t:|1783539556\n|move|p2a: Hypno|Psychic Noise|p1a: Hariyama\n|-supereffective|p1a: Hariyama\n|-crit|p1a: Hariyama\n|-damage|p1a: Hariyama|18/392\n|move|p1a: Hariyama|Heavy Slam|p2a: Hypno\n|-damage|p2a: Hypno|0 fnt\n|faint|p2a: Hypno\n|\n|-end|p1a: Hariyama|move: Heal Block\n|upkeep\n|\n|t:|1783539558\n|switch|p2a: Scizor|Scizor, L79, F|100/100\n|turn|14\n|inactive|Time left: 300 sec this turn | 300 sec total\n|\n|t:|1783539559\n|move|p2a: Scizor|Knock Off|p1a: Hariyama\n|-resisted|p1a: Hariyama\n|-damage|p1a: Hariyama|0 fnt\n|-enditem|p1a: Hariyama|Assault Vest|[from] move: Knock Off|[of] p2a: Scizor\n|faint|p1a: Hariyama\n|\n|upkeep\n|inactive|Time left: 300 sec this turn | 300 sec total | 5 sec grace\n|\n|t:|1783539560\n|switch|p1a: Uxie|Uxie, L83|260/260\n|turn|15\n|inactive|Time left: 300 sec this turn | 300 sec total\n|\n|t:|1783539561\n|-terastallize|p1a: Uxie|Electric\n|move|p1a: Uxie|Stealth Rock|p2a: Scizor\n|-sidestart|p2: p0y0115051|move: Stealth Rock\n|move|p2a: Scizor|Knock Off|p1a: Uxie\n|-damage|p1a: Uxie|171/260\n|-enditem|p1a: Uxie|Leftovers|[from] move: Knock Off|[of] p2a: Scizor\n|\n|upkeep\n|turn|16\n|inactive|Time left: 300 sec this turn | 300 sec total\n|\n|t:|1783539562\n|move|p1a: Uxie|Psychic Noise|p2a: Scizor\n|-resisted|p2a: Scizor\n|-crit|p2a: Scizor\n|-damage|p2a: Scizor|76/100\n|-start|p2a: Scizor|move: Heal Block\n|move|p2a: Scizor|Knock Off|p1a: Uxie\n|-damage|p1a: Uxie|115/260\n|\n|upkeep\n|turn|17\n|inactive|Time left: 300 sec this turn | 300 sec total\n|\n|t:|1783539563\n|move|p1a: Uxie|Stealth Rock||[still]\n|-fail|p1a: Uxie\n|move|p2a: Scizor|Knock Off|p1a: Uxie\n|-damage|p1a: Uxie|56/260\n|\n|-end|p2a: Scizor|move: Heal Block\n|upkeep\n|turn|18\n|inactive|Time left: 300 sec this turn | 300 sec total\n|\n|t:|1783539565\n|move|p1a: Uxie|Encore|p2a: Scizor\n|-start|p2a: Scizor|Encore\n|move|p2a: Scizor|Knock Off|p1a: Uxie\n|-damage|p1a: Uxie|0 fnt\n|faint|p1a: Uxie\n|\n|upkeep\n|inactive|Time left: 300 sec this turn | 300 sec total | 5 sec grace\n|\n|t:|1783539565\n|switch|p1a: Indeedee|Indeedee-F, L90, F|255/272 tox\n|-fieldstart|move: Psychic Terrain|[from] ability: Psychic Surge|[of] p1a: Indeedee\n|turn|19\n|inactive|Time left: 300 sec this turn | 300 sec total\n|\n|t:|1783539566\n|move|p1a: Indeedee|Hyper Voice|p2a: Scizor\n|-resisted|p2a: Scizor\n|-damage|p2a: Scizor|52/100\n|move|p2a: Scizor|Knock Off|p1a: Indeedee\n|-supereffective|p1a: Indeedee\n|-damage|p1a: Indeedee|0 fnt\n|-enditem|p1a: Indeedee|Choice Scarf|[from] move: Knock Off|[of] p2a: Scizor\n|faint|p1a: Indeedee\n|\n|win|p0y0115051", "uploadtime": 1783539566, "views": 0, "rating": 0, "private": 0, "password": null, "_winner": "p0y0115051", "_our_name": "p0x011a1a0"}