{"id": "battle-gen9randombattle-2105", "formatid": "gen9randombattle", "format": "[Gen 9] Random Battle", "players": ["p0x21057c78", "p0y21058561"], "log": "|init|battle\n|title|p0x21057c78 vs. p0y21058561\n|j|\u2606p0x21057c78\n|j|\u2606p0y21058561\n|t:|1783563581\n|gametype|singles\n|player|p1|p0x21057c78|169|\n|player|p2|p0y21058561|2|\n|gen|9\n|tier|[Gen 9] Random Battle\n|rule|Species Clause: Limit one of each Pok\u00e9mon\n|rule|HP Percentage Mod: HP is shown in percentages\n|rule|Sleep Clause Mod: Limit one foe put to sleep\n|rule|Illusion Level Mod: Illusion disguises the Pok\u00e9mon's true level\n|\n|t:|1783563581\n|teamsize|p1|6\n|teamsize|p2|6\n|start\n|switch|p1a: Furret|Furret, L94, F|100/100\n|switch|p2a: Crabominable|Crabominable, L90, M|321/321\n|-item|p2a: Crabominable|Assault Vest|[from] ability: Frisk|[of] p1a: Furret\n|turn|1\n|inactive|Battle timer is ON: inactive players will automatically lose when time's up. (requested by p0x21057c78)\n|inactive|Time left: 300 sec this turn | 300 sec total | 60 sec grace\n|inactive|p0y21058561 also wants the timer to be on.\n|\n|t:|1783563582\n|move|p1a: Furret|Double-Edge|p2a: Crabominable\n|-damage|p2a: Crabominable|156/321\n|-damage|p1a: Furret|83/100|[from] Recoil\n|-damage|p1a: Furret|73/100|[from] item: Life Orb\n|move|p2a: Crabominable|Drain Punch|p1a: Furret\n|-supereffective|p1a: Furret\n|-damage|p1a: Furret|0 fnt\n|-heal|p2a: Crabominable|270/321|[from] drain|[of] p1a: Furret\n|faint|p1a: Furret\n|\n|upkeep\n|\n|t:|1783563583\n|switch|p1a: Amoonguss|Amoonguss, L82, F|100/100\n|turn|2\n|inactive|Time left: 300 sec this turn | 300 sec total\n|\n|t:|1783563584\n|-terastallize|p1a: Amoonguss|Water\n|move|p2a: Crabominable|Ice Hammer|p1a: Amoonguss\n|-resisted|p1a: Amoonguss\n|-damage|p1a: Amoonguss|67/100\n|-unboost|p2a: Crabominable|spe|1\n|move|p1a: Amoonguss|Spore|p2a: Crabominable\n|-status|p2a: Crabominable|slp|[from] move: Spore\n|\n|-heal|p1a: Amoonguss|73/100|[from] item: Leftovers\n|upkeep\n|turn|3\n|inactive|Time left: 300 sec this turn | 300 sec total\n|\n|t:|1783563585\n|switch|p2a: Flareon|Flareon, L90, F|263/263\n|move|p1a: Amoonguss|Giga Drain|p2a: Flareon\n|-resisted|p2a: Flareon\n|-damage|p2a: Flareon|236/263\n|-heal|p1a: Amoonguss|77/100|[from] drain|[of] p2a: Flareon\n|\n|-heal|p1a: Amoonguss|84/100|[from] item: Leftovers\n|-status|p2a: Flareon|tox|[from] item: Toxic Orb\n|upkeep\n|turn|4\n|inactive|Time left: 300 sec this turn | 300 sec total\n|\n|t:|1783563585\n|switch|p1a: Empoleon|Empoleon, L84, M|100/100\n|move|p2a: Flareon|Facade|p1a: Empoleon\n|-resisted|p1a: Empoleon\n|-crit|p1a: Empoleon\n|-damage|p1a: Empoleon|46/100\n|\n|-heal|p1a: Empoleon|52/100|[from] item: Leftovers\n|-damage|p2a: Flareon|220/263 tox|[from] psn\n|upkeep\n|turn|5\n|inactive|Time left: 300 sec this turn | 300 sec total\n|\n|t:|1783563587\n|move|p2a: Flareon|Flare Blitz|p1a: Empoleon\n|-damage|p1a: Empoleon|0 fnt\n|faint|p1a: Empoleon\n|-damage|p2a: Flareon|172/263 tox|[from] Recoil\n|\n|-damage|p2a: Flareon|140/263 tox|[from] psn\n|upkeep\n|\n|t:|1783563588\n|switch|p1a: Mamoswine|Mamoswine, L81, M|100/100\n|turn|6\n|inactive|Time left: 300 sec this turn | 300 sec total\n|\n|t:|1783563589\n|switch|p2a: Glastrier|Glastrier, L86|312/312\n|move|p1a: Mamoswine|Earthquake|p2a: Glastrier\n|-damage|p2a: Glastrier|180/312\n|\n|upkeep\n|turn|7\n|inactive|Time left: 300 sec this turn | 300 sec total\n|\n|t:|1783563590\n|move|p1a: Mamoswine|Earthquake|p2a: Glastrier\n|-damage|p2a: Glastrier|42/312\n|move|p2a: Glastrier|Heavy Slam|p1a: Mamoswine\n|-supereffective|p1a: Mamoswine\n|-damage|p1a: Mamoswine|59/100\n|\n|upkeep\n|turn|8\n|inactive|Time left: 300 sec this turn | 300 sec total\n|\n|t:|1783563591\n|move|p1a: Mamoswine|Earthquake|p2a: Glastrier\n|-damage|p2a: Glastrier|0 fnt\n|faint|p2a: Glastrier\n|\n|upkeep\n|inactive|Time left: 300 sec this turn | 300 sec total | 5 sec grace\n|\n|t:|1783563592\n|switch|p2a: Gengar|Gengar, L81, F|230/230\n|turn|9\n|inactive|Time left: 300 sec this turn | 300 sec total\n|\n|t:|1783563593\n|move|p2a: Gengar|Shadow Ball|p1a: Mamoswine\n|-damage|p1a: Mamoswine|0 fnt\n|faint|p1a: Mamoswine\n|\n|upkeep\n|\n|t:|1783563595\n|switch|p1a: Spectrier|Spectrier, L75|100/100\n|turn|10\n|inactive|Time left: 300 sec this turn | 300 sec total\n|\n|t:|1783563596\n|-terastallize|p2a: Gengar|Fighting\n|move|p1a: Spectrier|Shadow Ball|p2a: Gengar\n|-damage|p2a: Gengar|94/230\n|-damage|p1a: Spectrier|91/100|[from] item: Life Orb\n|move|p2a: Gengar|Shadow Ball|p1a: Spectrier\n|-supereffective|p1a: Spectrier\n|-damage|p1a: Spectrier|0 fnt\n|faint|p1a: Spectrier\n|\n|upkeep\n|\n|t:|1783563597\n|switch|p1a: Tatsugiri|Tatsugiri, L87, F|100/100\n|turn|11\n|inactive|Time left: 300 sec this turn | 300 sec total\n|\n|t:|1783563598\n|move|p2a: Gengar|Shadow Ball|p1a: Tatsugiri\n|-damage|p1a: Tatsugiri|46/100\n|move|p1a: Tatsugiri|Rapid Spin|p2a: Gengar\n|-damage|p2a: Gengar|61/230\n|-boost|p1a: Tatsugiri|spe|1\n|-start|p1a: Tatsugiri|Disable|Rapid Spin|[from] ability: Cursed Body|[of] p2a: Gengar\n|\n|upkeep\n|turn|12\n|inactive|Time left: 300 sec this turn | 300 sec total\n|\n|t:|1783563599\n|move|p1a: Tatsugiri|Surf|p2a: Gengar\n|-crit|p2a: Gengar\n|-damage|p2a: Gengar|0 fnt\n|faint|p2a: Gengar\n|\n|upkeep\n|inactive|Time left: 300 sec this turn | 300 sec total | 5 sec grace\n|\n|t:|1783563600\n|switch|p2a: Crabominable|Crabominable, L90, M|270/321 slp\n|turn|13\n|inactive|Time left: 300 sec this turn | 300 sec total\n|\n|t:|1783563601\n|move|p1a: Tatsugiri|Nasty Plot|p1a: Tatsugiri\n|-boost|p1a: Tatsugiri|spa|2\n|cant|p2a: Crabominable|slp\n|\n|upkeep\n|turn|14\n|inactive|Time left: 300 sec this turn | 300 sec total\n|\n|t:|1783563601\n|move|p1a: Tatsugiri|Surf|p2a: Crabominable\n|-crit|p2a: Crabominable\n|-damage|p2a: Crabominable|12/321 slp\n|cant|p2a: Crabominable|slp\n|\n|-end|p1a: Tatsugiri|Disable\n|upkeep\n|turn|15\n|inactive|Time left: 300 sec this turn | 300 sec total\n|\n|t:|1783563603\n|move|p1a: Tatsugiri|Surf|p2a: Crabominable\n|-damage|p2a: Crabominable|0 fnt\n|faint|p2a: Crabominable\n|\n|upkeep\n|inactive|Time left: 300 sec this turn | 300 sec total | 5 sec grace\n|\n|t:|1783563604\n|switch|p2a: Palafin|Palafin, L77, F|281/281\n|turn|16\n|inactive|Time left: 300 sec this turn | 300 sec total\n|\n|t:|1783563605\n|move|p1a: Tatsugiri|Surf|p2a: Palafin\n|-resisted|p2a: Palafin\n|-damage|p2a: Palafin|121/281\n|move|p2a: Palafin|Drain Punch|p1a: Tatsugiri\n|-damage|p1a: Tatsugiri|30/100\n|-heal|p2a: Palafin|142/281|[from] drain|[of] p1a: Tatsugiri\n|\n|-heal|p2a: Palafin|159/281|[from] item: Leftovers\n|upkeep\n|turn|17\n|inactive|Time left: 300 sec this turn | 300 sec total\n|\n|t:|1783563606\n|detailschange|p2a: Palafin|Palafin-Hero, L77, F\n|switch|p2a: Flareon|Flareon, L90, F|140/263 tox\n|move|p1a: Tatsugiri|Surf|p2a: Flareon\n|-supereffective|p2a: Flareon\n|-damage|p2a: Flareon|0 fnt\n|faint|p2a: Flareon\n|\n|upkeep\n|inactive|Time left: 300 sec this turn | 300 sec total | 5 sec grace\n|\n|t:|1783563607\n|switch|p2a: Blaziken|Blaziken, L76, M|247/247\n|turn|18\n|inactive|Time left: 300 sec this turn | 300 sec total\n|\n|t:|1783563608\n|move|p1a: Tatsugiri|Surf|p2a: Blaziken\n|-supereffective|p2a: Blaziken\n|-damage|p2a: Blaziken|0 fnt\n|faint|p2a: Blaziken\n|\n|upkeep\n|inactive|Time left: 300 sec this turn | 300 sec total | 5 sec grace\n|\n|t:|1783563608\n|switch|p2a: Palafin|Palafin-Hero, L77, F|159/281\n|-activate|p2a: Palafin|ability: Zero to Hero\n|turn|19\n|inactive|Time left: 300 sec this turn | 300 sec total\n|\n|t:|1783563609\n|move|p1a: Tatsugiri|Draco Meteor|p2a: Palafin\n|-damage|p2a: Palafin|0 fnt\n|-unboost|p1a: Tatsugiri|spa|2\n|faint|p2a: Palafin\n|\n|win|p0x21057c78", "uploadtime": 1783563609, "views": 0, "rating": 0, "private": 0, "password": null, "_winner": "p0x21057c78", "_our_name": "p0y21058561"}