{"id": "battle-gen9randombattle-2288", "formatid": "gen9randombattle", "format": "[Gen 9] Random Battle", "players": ["p0x2288af6c", "p0y2288712e"], "log": "|init|battle\n|title|p0x2288af6c vs. p0y2288712e\n|j|\u2606p0x2288af6c\n|j|\u2606p0y2288712e\n|t:|1783566530\n|gametype|singles\n|player|p1|p0x2288af6c|102|\n|player|p2|p0y2288712e|266|\n|gen|9\n|tier|[Gen 9] Random Battle\n|rule|Species Clause: Limit one of each Pok\u00e9mon\n|rule|HP Percentage Mod: HP is shown in percentages\n|rule|Sleep Clause Mod: Limit one foe put to sleep\n|rule|Illusion Level Mod: Illusion disguises the Pok\u00e9mon's true level\n|\n|t:|1783566530\n|teamsize|p1|6\n|teamsize|p2|6\n|start\n|switch|p1a: Garchomp|Garchomp, L74, M|100/100\n|switch|p2a: Kilowattrel|Kilowattrel, L83, F|252/252\n|turn|1\n|inactive|Battle timer is ON: inactive players will automatically lose when time's up. (requested by p0y2288712e)\n|inactive|p0x2288af6c also wants the timer to be on.\n|\n|t:|1783566532\n|switch|p2a: Ninetales|Ninetales-Alola, L78, F|242/242\n|-weather|Snowscape|[from] ability: Snow Warning|[of] p2a: Ninetales\n|move|p1a: Garchomp|Swords Dance|p1a: Garchomp\n|-boost|p1a: Garchomp|atk|2\n|\n|-weather|Snowscape|[upkeep]\n|upkeep\n|turn|2\n|inactive|Time left: 300 sec this turn | 300 sec total\n|\n|t:|1783566533\n|-terastallize|p1a: Garchomp|Steel\n|move|p2a: Ninetales|Aurora Veil|p2a: Ninetales\n|-sidestart|p2: p0y2288712e|move: Aurora Veil\n|move|p1a: Garchomp|Iron Head|p2a: Ninetales\n|-supereffective|p2a: Ninetales\n|-damage|p2a: Ninetales|0 fnt\n|faint|p2a: Ninetales\n|\n|-weather|Snowscape|[upkeep]\n|upkeep\n|inactive|Time left: 300 sec this turn | 300 sec total | 5 sec grace\n|\n|t:|1783566534\n|switch|p2a: Falinks|Falinks, L84|246/246\n|turn|3\n|inactive|Time left: 300 sec this turn | 300 sec total\n|\n|t:|1783566535\n|move|p1a: Garchomp|Iron Head|p2a: Falinks\n|-crit|p2a: Falinks\n|-damage|p2a: Falinks|5/246\n|cant|p2a: Falinks|flinch\n|\n|-weather|Snowscape|[upkeep]\n|upkeep\n|turn|4\n|inactive|Time left: 300 sec this turn | 300 sec total\n|\n|t:|1783566536\n|switch|p2a: Tauros|Tauros-Paldea-Aqua, L81, M|252/252\n|move|p1a: Garchomp|Iron Head|p2a: Tauros\n|-resisted|p2a: Tauros\n|-damage|p2a: Tauros|212/252\n|\n|-weather|Snowscape|[upkeep]\n|upkeep\n|turn|5\n|inactive|Time left: 300 sec this turn | 300 sec total\n|\n|t:|1783566537\n|move|p2a: Tauros|Close Combat|p1a: Garchomp\n|-supereffective|p1a: Garchomp\n|-damage|p1a: Garchomp|5/100\n|-unboost|p2a: Tauros|def|1\n|-unboost|p2a: Tauros|spd|1\n|-damage|p2a: Tauros|181/252|[from] ability: Rough Skin|[of] p1a: Garchomp\n|move|p1a: Garchomp|Scale Shot|p2a: Tauros\n|-damage|p2a: Tauros|148/252\n|-damage|p2a: Tauros|113/252\n|-enditem|p2a: Tauros|Sitrus Berry|[eat]\n|-heal|p2a: Tauros|176/252|[from] item: Sitrus Berry\n|-damage|p2a: Tauros|143/252\n|-damage|p2a: Tauros|107/252\n|-hitcount|p2a: Tauros|4\n|-unboost|p1a: Garchomp|def|1\n|-boost|p1a: Garchomp|spe|1\n|\n|-weather|none\n|upkeep\n|turn|6\n|inactive|Time left: 300 sec this turn | 300 sec total\n|\n|t:|1783566539\n|switch|p2a: Kilowattrel|Kilowattrel, L83, F|252/252\n|move|p1a: Garchomp|Earthquake|p2a: Kilowattrel\n|-immune|p2a: Kilowattrel\n|\n|upkeep\n|turn|7\n|inactive|Time left: 300 sec this turn | 300 sec total\n|\n|t:|1783566540\n|move|p1a: Garchomp|Scale Shot|p2a: Kilowattrel\n|-damage|p2a: Kilowattrel|219/252\n|-damage|p2a: Kilowattrel|181/252\n|-damage|p2a: Kilowattrel|148/252\n|-damage|p2a: Kilowattrel|112/252\n|-hitcount|p2a: Kilowattrel|4\n|-unboost|p1a: Garchomp|def|1\n|-boost|p1a: Garchomp|spe|1\n|move|p2a: Kilowattrel|Thunderbolt|p1a: Garchomp\n|-damage|p1a: Garchomp|0 fnt\n|faint|p1a: Garchomp\n|\n|upkeep\n|\n|t:|1783566541\n|switch|p1a: Iron Bundle|Iron Bundle, L78|100/100\n|turn|8\n|inactive|Time left: 300 sec this turn | 300 sec total\n|\n|t:|1783566542\n|-terastallize|p2a: Kilowattrel|Steel\n|move|p1a: Iron Bundle|Ice Beam|p2a: Kilowattrel\n|-resisted|p2a: Kilowattrel\n|-damage|p2a: Kilowattrel|81/252\n|move|p2a: Kilowattrel|Thunderbolt|p1a: Iron Bundle\n|-supereffective|p1a: Iron Bundle\n|-damage|p1a: Iron Bundle|0 fnt\n|faint|p1a: Iron Bundle\n|-end|p1a: Iron Bundle|Quark Drive|[silent]\n|\n|upkeep\n|\n|t:|1783566543\n|switch|p1a: Crabominable|Crabominable, L90, F|100/100\n|turn|9\n|inactive|Time left: 300 sec this turn | 300 sec total\n|\n|t:|1783566545\n|move|p2a: Kilowattrel|Hurricane|p1a: Crabominable\n|-supereffective|p1a: Crabominable\n|-damage|p1a: Crabominable|15/100\n|-start|p1a: Crabominable|confusion\n|-activate|p1a: Crabominable|confusion\n|-damage|p1a: Crabominable|1/100|[from] confusion\n|\n|-sideend|p2: p0y2288712e|move: Aurora Veil\n|upkeep\n|turn|10\n|inactive|Time left: 300 sec this turn | 300 sec total\n|\n|t:|1783566546\n|move|p2a: Kilowattrel|Thunderbolt|p1a: Crabominable\n|-damage|p1a: Crabominable|0 fnt\n|faint|p1a: Crabominable\n|\n|upkeep\n|\n|t:|1783566547\n|switch|p1a: Cinccino|Cinccino, L83, F|100/100\n|turn|11\n|inactive|Time left: 300 sec this turn | 300 sec total\n|\n|t:|1783566548\n|move|p2a: Kilowattrel|Roost|p2a: Kilowattrel\n|-heal|p2a: Kilowattrel|207/252\n|move|p1a: Cinccino|Tidy Up|p1a: Cinccino\n|-boost|p1a: Cinccino|atk|1\n|-boost|p1a: Cinccino|spe|1\n|\n|upkeep\n|turn|12\n|inactive|Time left: 300 sec this turn | 300 sec total\n|\n|t:|1783566549\n|move|p1a: Cinccino|Tail Slap|p2a: Kilowattrel\n|-resisted|p2a: Kilowattrel\n|-damage|p2a: Kilowattrel|170/252\n|-resisted|p2a: Kilowattrel\n|-damage|p2a: Kilowattrel|133/252\n|-resisted|p2a: Kilowattrel\n|-damage|p2a: Kilowattrel|96/252\n|-resisted|p2a: Kilowattrel\n|-damage|p2a: Kilowattrel|59/252\n|-hitcount|p2a: Kilowattrel|4\n|move|p2a: Kilowattrel|Thunderbolt|p1a: Cinccino\n|-damage|p1a: Cinccino|49/100\n|\n|upkeep\n|turn|13\n|inactive|Time left: 300 sec this turn | 300 sec total\n|\n|t:|1783566550\n|switch|p2a: Falinks|Falinks, L84|5/246\n|move|p1a: Cinccino|Bullet Seed|p2a: Falinks\n|-damage|p2a: Falinks|0 fnt\n|faint|p2a: Falinks\n|-hitcount|p2: Falinks|1\n|\n|upkeep\n|inactive|Time left: 300 sec this turn | 300 sec total | 5 sec grace\n|\n|t:|1783566551\n|switch|p2a: Tauros|Tauros-Paldea-Aqua, L81, M|107/252\n|turn|14\n|inactive|Time left: 300 sec this turn | 300 sec total\n|\n|t:|1783566552\n|move|p1a: Cinccino|Bullet Seed|p2a: Tauros\n|-supereffective|p2a: Tauros\n|-damage|p2a: Tauros|35/252\n|-supereffective|p2a: Tauros\n|-damage|p2a: Tauros|0 fnt\n|faint|p2a: Tauros\n|-hitcount|p2: Tauros|2\n|\n|upkeep\n|inactive|Time left: 300 sec this turn | 300 sec total | 5 sec grace\n|\n|t:|1783566553\n|switch|p2a: Kilowattrel|Kilowattrel, L83, F, tera:Steel|59/252\n|turn|15\n|inactive|Time left: 300 sec this turn | 300 sec total\n|\n|t:|1783566554\n|move|p1a: Cinccino|Bullet Seed|p2a: Kilowattrel\n|-resisted|p2a: Kilowattrel\n|-damage|p2a: Kilowattrel|35/252\n|-resisted|p2a: Kilowattrel\n|-crit|p2a: Kilowattrel\n|-damage|p2a: Kilowattrel|0 fnt\n|faint|p2a: Kilowattrel\n|-hitcount|p2: Kilowattrel|2\n|\n|upkeep\n|inactive|Time left: 300 sec this turn | 300 sec total | 5 sec grace\n|\n|t:|1783566555\n|switch|p2a: Dragalge|Dragalge, L88, F|258/258\n|turn|16\n|inactive|Time left: 300 sec this turn | 300 sec total\n|\n|t:|1783566556\n|move|p1a: Cinccino|Triple Axel|p2a: Dragalge\n|-supereffective|p2a: Dragalge\n|-damage|p2a: Dragalge|200/258\n|-supereffective|p2a: Dragalge\n|-damage|p2a: Dragalge|94/258\n|-supereffective|p2a: Dragalge\n|-damage|p2a: Dragalge|0 fnt\n|faint|p2a: Dragalge\n|-hitcount|p2: Dragalge|3\n|\n|upkeep\n|inactive|Time left: 300 sec this turn | 300 sec total | 5 sec grace\n|\n|t:|1783566557\n|switch|p2a: Latios|Latios, L78, M|253/253\n|turn|17\n|inactive|Time left: 300 sec this turn | 300 sec total\n|\n|t:|1783566558\n|move|p1a: Cinccino|Triple Axel|p2a: Latios\n|-supereffective|p2a: Latios\n|-damage|p2a: Latios|179/253\n|-supereffective|p2a: Latios\n|-damage|p2a: Latios|31/253\n|-supereffective|p2a: Latios\n|-damage|p2a: Latios|0 fnt\n|faint|p2a: Latios\n|-hitcount|p2: Latios|3\n|\n|win|p0x2288af6c", "uploadtime": 1783566558, "views": 0, "rating": 0, "private": 0, "password": null, "_winner": "p0x2288af6c", "_our_name": "p0y2288712e"}