{"id": "battle-gen9randombattle-384", "formatid": "gen9randombattle", "format": "[Gen 9] Random Battle", "players": ["p0x384bba0", "p0y384bcfb"], "log": "|init|battle\n|title|p0x384bba0 vs. p0y384bcfb\n|j|\u2606p0x384bba0\n|j|\u2606p0y384bcfb\n|t:|1783544098\n|gametype|singles\n|player|p1|p0x384bba0|101|\n|player|p2|p0y384bcfb|102|\n|gen|9\n|tier|[Gen 9] Random Battle\n|rule|Species Clause: Limit one of each Pok\u00e9mon\n|rule|HP Percentage Mod: HP is shown in percentages\n|rule|Sleep Clause Mod: Limit one foe put to sleep\n|rule|Illusion Level Mod: Illusion disguises the Pok\u00e9mon's true level\n|\n|t:|1783544098\n|teamsize|p1|6\n|teamsize|p2|6\n|start\n|switch|p1a: Meowstic|Meowstic, L89, M|100/100\n|switch|p2a: Hydrapple|Hydrapple, L83, M|312/312\n|turn|1\n|inactive|Battle timer is ON: inactive players will automatically lose when time's up. (requested by p0x384bba0)\n|inactive|Time left: 300 sec this turn | 300 sec total | 60 sec grace\n|inactive|p0y384bcfb also wants the timer to be on.\n|\n|t:|1783544100\n|switch|p2a: Incineroar|Incineroar, L82, M|290/290\n|-ability|p2a: Incineroar|Intimidate|boost\n|-unboost|p1a: Meowstic|atk|1\n|move|p1a: Meowstic|Light Screen|p1a: Meowstic\n|-sidestart|p1: p0x384bba0|move: Light Screen\n|\n|upkeep\n|turn|2\n|inactive|Time left: 300 sec this turn | 300 sec total\n|\n|t:|1783544101\n|switch|p1a: Empoleon|Empoleon, L84, M|100/100\n|move|p2a: Incineroar|Knock Off|p1a: Empoleon\n|-damage|p1a: Empoleon|59/100\n|-enditem|p1a: Empoleon|Leftovers|[from] move: Knock Off|[of] p2a: Incineroar\n|\n|upkeep\n|turn|3\n|inactive|Time left: 300 sec this turn | 300 sec total\n|\n|t:|1783544102\n|move|p1a: Empoleon|Roost|p1a: Empoleon\n|-heal|p1a: Empoleon|100/100\n|-singleturn|p1a: Empoleon|move: Roost\n|move|p2a: Incineroar|Knock Off|p1a: Empoleon\n|-damage|p1a: Empoleon|73/100\n|\n|upkeep\n|turn|4\n|inactive|Time left: 300 sec this turn | 300 sec total\n|\n|t:|1783544104\n|move|p1a: Empoleon|Surf|p2a: Incineroar\n|-supereffective|p2a: Incineroar\n|-damage|p2a: Incineroar|156/290\n|move|p2a: Incineroar|Knock Off|p1a: Empoleon\n|-crit|p1a: Empoleon\n|-damage|p1a: Empoleon|31/100\n|\n|upkeep\n|turn|5\n|inactive|Time left: 300 sec this turn | 300 sec total\n|\n|t:|1783544105\n|move|p1a: Empoleon|Surf|p2a: Incineroar\n|-supereffective|p2a: Incineroar\n|-damage|p2a: Incineroar|24/290\n|move|p2a: Incineroar|Knock Off|p1a: Empoleon\n|-damage|p1a: Empoleon|3/100\n|\n|upkeep\n|turn|6\n|inactive|Time left: 300 sec this turn | 300 sec total\n|\n|t:|1783544106\n|switch|p2a: Milotic|Milotic, L83, F|293/293\n|move|p1a: Empoleon|Roost|p1a: Empoleon\n|-heal|p1a: Empoleon|53/100\n|-singleturn|p1a: Empoleon|move: Roost\n|\n|upkeep\n|turn|7\n|inactive|Time left: 300 sec this turn | 300 sec total\n|\n|t:|1783544106\n|move|p2a: Milotic|Scald|p1a: Empoleon\n|-resisted|p1a: Empoleon\n|-damage|p1a: Empoleon|46/100\n|move|p1a: Empoleon|Roost|p1a: Empoleon\n|-heal|p1a: Empoleon|96/100\n|-singleturn|p1a: Empoleon|move: Roost\n|\n|upkeep\n|turn|8\n|inactive|Time left: 300 sec this turn | 300 sec total\n|\n|t:|1783544108\n|move|p2a: Milotic|Ice Beam|p1a: Empoleon\n|-resisted|p1a: Empoleon\n|-damage|p1a: Empoleon|93/100\n|move|p1a: Empoleon|Knock Off|p2a: Milotic\n|-damage|p2a: Milotic|222/293\n|-enditem|p2a: Milotic|Leftovers|[from] move: Knock Off|[of] p1a: Empoleon\n|\n|-sideend|p1: p0x384bba0|move: Light Screen\n|upkeep\n|turn|9\n|inactive|Time left: 300 sec this turn | 300 sec total\n|\n|t:|1783544109\n|move|p2a: Milotic|Scald|p1a: Empoleon\n|-resisted|p1a: Empoleon\n|-crit|p1a: Empoleon\n|-damage|p1a: Empoleon|74/100\n|-status|p1a: Empoleon|brn\n|move|p1a: Empoleon|Surf|p2a: Milotic\n|-resisted|p2a: Milotic\n|-damage|p2a: Milotic|184/293\n|\n|-damage|p1a: Empoleon|68/100 brn|[from] brn\n|upkeep\n|turn|10\n|inactive|Time left: 300 sec this turn | 300 sec total\n|\n|t:|1783544110\n|move|p2a: Milotic|Recover|p2a: Milotic\n|-heal|p2a: Milotic|293/293\n|move|p1a: Empoleon|Roost|p1a: Empoleon\n|-heal|p1a: Empoleon|100/100 brn\n|-singleturn|p1a: Empoleon|move: Roost\n|\n|-damage|p1a: Empoleon|94/100 brn|[from] brn\n|upkeep\n|turn|11\n|inactive|Time left: 300 sec this turn | 300 sec total\n|\n|t:|1783544111\n|move|p2a: Milotic|Scald|p1a: Empoleon\n|-resisted|p1a: Empoleon\n|-damage|p1a: Empoleon|79/100 brn\n|move|p1a: Empoleon|Surf|p2a: Milotic\n|-resisted|p2a: Milotic\n|-damage|p2a: Milotic|250/293\n|\n|-damage|p1a: Empoleon|73/100 brn|[from] brn\n|upkeep\n|turn|12\n|inactive|Time left: 300 sec this turn | 300 sec total\n|\n|t:|1783544113\n|move|p2a: Milotic|Scald|p1a: Empoleon\n|-resisted|p1a: Empoleon\n|-damage|p1a: Empoleon|58/100 brn\n|move|p1a: Empoleon|Surf|p2a: Milotic\n|-resisted|p2a: Milotic\n|-crit|p2a: Milotic\n|-damage|p2a: Milotic|190/293\n|\n|-damage|p1a: Empoleon|52/100 brn|[from] brn\n|upkeep\n|turn|13\n|inactive|Time left: 300 sec this turn | 300 sec total\n|\n|t:|1783544114\n|move|p2a: Milotic|Scald|p1a: Empoleon\n|-resisted|p1a: Empoleon\n|-damage|p1a: Empoleon|38/100 brn\n|move|p1a: Empoleon|Roost|p1a: Empoleon\n|-heal|p1a: Empoleon|88/100 brn\n|-singleturn|p1a: Empoleon|move: Roost\n|\n|-damage|p1a: Empoleon|81/100 brn|[from] brn\n|upkeep\n|turn|14\n|inactive|Time left: 300 sec this turn | 300 sec total\n|\n|t:|1783544115\n|move|p2a: Milotic|Recover|p2a: Milotic\n|-heal|p2a: Milotic|293/293\n|move|p1a: Empoleon|Roost|p1a: Empoleon\n|-heal|p1a: Empoleon|100/100 brn\n|-singleturn|p1a: Empoleon|move: Roost\n|\n|-damage|p1a: Empoleon|94/100 brn|[from] brn\n|upkeep\n|turn|15\n|inactive|Time left: 300 sec this turn | 300 sec total\n|\n|t:|1783544116\n|move|p2a: Milotic|Scald|p1a: Empoleon\n|-resisted|p1a: Empoleon\n|-damage|p1a: Empoleon|81/100 brn\n|move|p1a: Empoleon|Surf|p2a: Milotic\n|-resisted|p2a: Milotic\n|-damage|p2a: Milotic|252/293\n|\n|-damage|p1a: Empoleon|75/100 brn|[from] brn\n|upkeep\n|turn|16\n|inactive|Time left: 300 sec this turn | 300 sec total\n|\n|t:|1783544117\n|move|p2a: Milotic|Ice Beam|p1a: Empoleon\n|-resisted|p1a: Empoleon\n|-damage|p1a: Empoleon|70/100 brn\n|move|p1a: Empoleon|Roost|p1a: Empoleon\n|-heal|p1a: Empoleon|100/100 brn\n|-singleturn|p1a: Empoleon|move: Roost\n|\n|-damage|p1a: Empoleon|94/100 brn|[from] brn\n|upkeep\n|turn|17\n|inactive|Time left: 300 sec this turn | 300 sec total\n|\n|t:|1783544118\n|move|p2a: Milotic|Ice Beam|p1a: Empoleon\n|-resisted|p1a: Empoleon\n|-damage|p1a: Empoleon|90/100 brn\n|move|p1a: Empoleon|Surf|p2a: Milotic\n|-resisted|p2a: Milotic\n|-damage|p2a: Milotic|210/293\n|\n|-damage|p1a: Empoleon|84/100 brn|[from] brn\n|upkeep\n|turn|18\n|inactive|Time left: 300 sec this turn | 300 sec total\n|\n|t:|1783544120\n|move|p2a: Milotic|Recover|p2a: Milotic\n|-heal|p2a: Milotic|293/293\n|move|p1a: Empoleon|Surf|p2a: Milotic\n|-resisted|p2a: Milotic\n|-damage|p2a: Milotic|252/293\n|\n|-damage|p1a: Empoleon|77/100 brn|[from] brn\n|upkeep\n|turn|19\n|inactive|Time left: 300 sec this turn | 300 sec total\n|\n|t:|1783544121\n|move|p2a: Milotic|Ice Beam|p1a: Empoleon\n|-resisted|p1a: Empoleon\n|-damage|p1a: Empoleon|72/100 brn\n|move|p1a: Empoleon|Surf|p2a: Milotic\n|-resisted|p2a: Milotic\n|-damage|p2a: Milotic|211/293\n|\n|-damage|p1a: Empoleon|66/100 brn|[from] brn\n|upkeep\n|turn|20\n|inactive|Time left: 300 sec this turn | 300 sec total\n|\n|t:|1783544122\n|move|p2a: Milotic|Ice Beam|p1a: Empoleon\n|-resisted|p1a: Empoleon\n|-damage|p1a: Empoleon|61/100 brn\n|move|p1a: Empoleon|Roost|p1a: Empoleon\n|-heal|p1a: Empoleon|100/100 brn\n|-singleturn|p1a: Empoleon|move: Roost\n|\n|-damage|p1a: Empoleon|94/100 brn|[from] brn\n|upkeep\n|turn|21\n|inactive|Time left: 300 sec this turn | 300 sec total\n|\n|t:|1783544124\n|move|p2a: Milotic|Ice Beam|p1a: Empoleon\n|-resisted|p1a: Empoleon\n|-damage|p1a: Empoleon|90/100 brn\n|move|p1a: Empoleon|Knock Off|p2a: Milotic\n|-damage|p2a: Milotic|188/293\n|\n|-damage|p1a: Empoleon|84/100 brn|[from] brn\n|upkeep\n|turn|22\n|inactive|Time left: 300 sec this turn | 300 sec total\n|\n|t:|1783544125\n|move|p2a: Milotic|Scald|p1a: Empoleon\n|-resisted|p1a: Empoleon\n|-damage|p1a: Empoleon|70/100 brn\n|move|p1a: Empoleon|Flip Turn|p2a: Milotic\n|-resisted|p2a: Milotic\n|-damage|p2a: Milotic|172/293\n|\n|t:|1783544126\n|switch|p1a: Meowstic|Meowstic, L89, M|100/100|[from] Flip Turn\n|\n|upkeep\n|turn|23\n|inactive|Time left: 300 sec this turn | 300 sec total\n|\n|t:|1783544127\n|switch|p2a: Incineroar|Incineroar, L82, M|24/290\n|-ability|p2a: Incineroar|Intimidate|boost\n|-unboost|p1a: Meowstic|atk|1\n|move|p1a: Meowstic|Light Screen|p1a: Meowstic\n|-sidestart|p1: p0x384bba0|move: Light Screen\n|\n|upkeep\n|turn|24\n|inactive|Time left: 300 sec this turn | 300 sec total\n|\n|t:|1783544128\n|move|p1a: Meowstic|Alluring Voice|p2a: Incineroar\n|-damage|p2a: Incineroar|0 fnt\n|faint|p2a: Incineroar\n|\n|upkeep\n|inactive|Time left: 300 sec this turn | 300 sec total | 5 sec grace\n|\n|t:|1783544129\n|switch|p2a: Electivire|Electivire, L84, F|263/263\n|turn|25\n|inactive|Time left: 300 sec this turn | 300 sec total\n|\n|t:|1783544130\n|move|p1a: Meowstic|Reflect|p1a: Meowstic\n|-sidestart|p1: p0x384bba0|Reflect\n|move|p2a: Electivire|Bulk Up|p2a: Electivire\n|-boost|p2a: Electivire|atk|1\n|-boost|p2a: Electivire|def|1\n|\n|upkeep\n|turn|26\n|inactive|Time left: 300 sec this turn | 300 sec total\n|\n|t:|1783544131\n|switch|p1a: Latias|Latias, L79, F|100/100\n|move|p2a: Electivire|Supercell Slam|p1a: Latias\n|-resisted|p1a: Latias\n|-damage|p1a: Latias|75/100\n|-damage|p2a: Electivire|237/263|[from] item: Life Orb\n|\n|upkeep\n|turn|27\n|inactive|Time left: 300 sec this turn | 300 sec total\n|\n|t:|1783544133\n|move|p1a: Latias|Calm Mind|p1a: Latias\n|-boost|p1a: Latias|spa|1\n|-boost|p1a: Latias|spd|1\n|move|p2a: Electivire|Ice Punch|p1a: Latias\n|-supereffective|p1a: Latias\n|-damage|p1a: Latias|24/100\n|-damage|p2a: Electivire|211/263|[from] item: Life Orb\n|\n|upkeep\n|turn|28\n|inactive|Time left: 300 sec this turn | 300 sec total\n|\n|t:|1783544134\n|move|p1a: Latias|Draco Meteor|p2a: Electivire\n|-damage|p2a: Electivire|0 fnt\n|-unboost|p1a: Latias|spa|2\n|faint|p2a: Electivire\n|\n|upkeep\n|inactive|Time left: 300 sec this turn | 300 sec total | 5 sec grace\n|\n|t:|1783544135\n|switch|p2a: Milotic|Milotic, L83, F|172/293\n|turn|29\n|inactive|Time left: 300 sec this turn | 300 sec total\n|\n|t:|1783544137\n|move|p1a: Latias|Recover|p1a: Latias\n|-heal|p1a: Latias|74/100\n|move|p2a: Milotic|Recover|p2a: Milotic\n|-heal|p2a: Milotic|293/293\n|\n|upkeep\n|turn|30\n|inactive|Time left: 300 sec this turn | 300 sec total\n|\n|t:|1783544138\n|switch|p2a: Grumpig|Grumpig, L92, F|297/297\n|move|p1a: Latias|Recover|p1a: Latias\n|-heal|p1a: Latias|100/100\n|\n|-sideend|p1: p0x384bba0|move: Light Screen\n|upkeep\n|turn|31\n|inactive|Time left: 300 sec this turn | 300 sec total\n|\n|t:|1783544139\n|move|p1a: Latias|Calm Mind|p1a: Latias\n|-boost|p1a: Latias|spa|1\n|-boost|p1a: Latias|spd|1\n|move|p2a: Grumpig|Nasty Plot|p2a: Grumpig\n|-boost|p2a: Grumpig|spa|2\n|\n|upkeep\n|turn|32\n|inactive|Time left: 300 sec this turn | 300 sec total\n|\n|t:|1783544140\n|move|p1a: Latias|Calm Mind|p1a: Latias\n|-boost|p1a: Latias|spa|1\n|-boost|p1a: Latias|spd|1\n|move|p2a: Grumpig|Dazzling Gleam|p1a: Latias\n|-supereffective|p1a: Latias\n|-damage|p1a: Latias|69/100\n|\n|-sideend|p1: p0x384bba0|Reflect\n|upkeep\n|turn|33\n|inactive|Time left: 300 sec this turn | 300 sec total\n|\n|t:|1783544141\n|move|p1a: Latias|Calm Mind|p1a: Latias\n|-boost|p1a: Latias|spa|1\n|-boost|p1a: Latias|spd|1\n|move|p2a: Grumpig|Psyshock|p1a: Latias\n|-resisted|p1a: Latias\n|-damage|p1a: Latias|32/100\n|\n|upkeep\n|turn|34\n|inactive|Time left: 300 sec this turn | 300 sec total\n|\n|t:|1783544142\n|move|p1a: Latias|Recover|p1a: Latias\n|-heal|p1a: Latias|82/100\n|move|p2a: Grumpig|Psyshock|p1a: Latias\n|-resisted|p1a: Latias\n|-damage|p1a: Latias|45/100\n|\n|upkeep\n|turn|35\n|inactive|Time left: 300 sec this turn | 300 sec total\n|\n|t:|1783544144\n|move|p1a: Latias|Psyshock|p2a: Grumpig\n|-resisted|p2a: Grumpig\n|-damage|p2a: Grumpig|192/297\n|move|p2a: Grumpig|Psyshock|p1a: Latias\n|-resisted|p1a: Latias\n|-damage|p1a: Latias|5/100\n|\n|-heal|p2a: Grumpig|210/297|[from] item: Leftovers\n|upkeep\n|turn|36\n|inactive|Time left: 300 sec this turn | 300 sec total\n|\n|t:|1783544145\n|move|p1a: Latias|Draco Meteor|p2a: Grumpig\n|-damage|p2a: Grumpig|0 fnt\n|-unboost|p1a: Latias|spa|2\n|faint|p2a: Grumpig\n|\n|upkeep\n|inactive|Time left: 300 sec this turn | 300 sec total | 5 sec grace\n|\n|t:|1783544146\n|switch|p2a: Hydrapple|Hydrapple, L83, M|312/312\n|turn|37\n|inactive|Time left: 300 sec this turn | 300 sec total\n|\n|t:|1783544147\n|move|p1a: Latias|Recover|p1a: Latias\n|-heal|p1a: Latias|55/100\n|move|p2a: Hydrapple|Dragon Tail|p1a: Latias\n|-supereffective|p1a: Latias\n|-damage|p1a: Latias|12/100\n|drag|p1a: Meowstic|Meowstic, L89, M|100/100\n|\n|upkeep\n|turn|38\n|inactive|Time left: 300 sec this turn | 300 sec total\n|\n|t:|1783544148\n|move|p1a: Meowstic|Light Screen|p1a: Meowstic\n|-sidestart|p1: p0x384bba0|move: Light Screen\n|move|p2a: Hydrapple|Fickle Beam|p1a: Meowstic\n|-damage|p1a: Meowstic|83/100\n|\n|upkeep\n|turn|39\n|inactive|Time left: 300 sec this turn | 300 sec total\n|\n|t:|1783544149\n|move|p1a: Meowstic|Reflect|p1a: Meowstic\n|-sidestart|p1: p0x384bba0|Reflect\n|move|p2a: Hydrapple|Fickle Beam|p1a: Meowstic\n|-damage|p1a: Meowstic|66/100\n|\n|upkeep\n|turn|40\n|inactive|Time left: 300 sec this turn | 300 sec total\n|\n|t:|1783544150\n|switch|p1a: Meowscarada|Meowscarada, L78, M|100/100\n|move|p2a: Hydrapple|Fickle Beam|p1a: Meowscarada\n|-damage|p1a: Meowscarada|76/100\n|\n|upkeep\n|turn|41\n|inactive|Time left: 300 sec this turn | 300 sec total\n|\n|t:|1783544151\n|move|p1a: Meowscarada|Triple Axel|p2a: Hydrapple\n|-start|p1a: Meowscarada|typechange|Ice|[from] ability: Protean\n|-supereffective|p2a: Hydrapple\n|-damage|p2a: Hydrapple|203/312\n|-supereffective|p2a: Hydrapple\n|-damage|p2a: Hydrapple|26/312\n|-supereffective|p2a: Hydrapple\n|-damage|p2a: Hydrapple|0 fnt\n|faint|p2a: Hydrapple\n|-hitcount|p2: Hydrapple|3\n|-damage|p1a: Meowscarada|66/100|[from] item: Life Orb\n|\n|upkeep\n|inactive|Time left: 300 sec this turn | 300 sec total | 5 sec grace\n|\n|t:|1783544151\n|switch|p2a: Regice|Regice, L88|284/284\n|turn|42\n|inactive|Time left: 300 sec this turn | 300 sec total\n|\n|t:|1783544153\n|move|p1a: Meowscarada|Knock Off|p2a: Regice\n|-damage|p2a: Regice|214/284\n|-enditem|p2a: Regice|Heavy-Duty Boots|[from] move: Knock Off|[of] p1a: Meowscarada\n|-damage|p1a: Meowscarada|57/100|[from] item: Life Orb\n|move|p2a: Regice|Ice Beam|p1a: Meowscarada\n|-resisted|p1a: Meowscarada\n|-damage|p1a: Meowscarada|42/100\n|\n|upkeep\n|turn|43\n|inactive|Time left: 300 sec this turn | 300 sec total\n|\n|t:|1783544154\n|switch|p1a: Chansey|Chansey, L85, F|100/100\n|move|p2a: Regice|Ice Beam|p1a: Chansey\n|-damage|p1a: Chansey|95/100\n|\n|upkeep\n|turn|44\n|inactive|Time left: 300 sec this turn | 300 sec total\n|\n|t:|1783544155\n|move|p2a: Regice|Ice Beam|p1a: Chansey\n|-damage|p1a: Chansey|90/100\n|move|p1a: Chansey|Stealth Rock|p2a: Regice\n|-sidestart|p2: p0y384bcfb|move: Stealth Rock\n|\n|upkeep\n|turn|45\n|inactive|Time left: 300 sec this turn | 300 sec total\n|\n|t:|1783544156\n|move|p2a: Regice|Ice Beam|p1a: Chansey\n|-damage|p1a: Chansey|85/100\n|-status|p1a: Chansey|frz\n|cant|p1a: Chansey|frz\n|\n|-sideend|p1: p0x384bba0|move: Light Screen\n|upkeep\n|turn|46\n|inactive|Time left: 300 sec this turn | 300 sec total\n|\n|t:|1783544157\n|move|p2a: Regice|Ice Beam|p1a: Chansey\n|-damage|p1a: Chansey|73/100 frz\n|-curestatus|p1a: Chansey|frz|[msg]\n|move|p1a: Chansey|Seismic Toss|p2a: Regice\n|-damage|p2a: Regice|129/284\n|\n|-sideend|p1: p0x384bba0|Reflect\n|upkeep\n|turn|47\n|inactive|Time left: 300 sec this turn | 300 sec total\n|\n|t:|1783544158\n|move|p2a: Regice|Ice Beam|p1a: Chansey\n|-damage|p1a: Chansey|61/100\n|move|p1a: Chansey|Soft-Boiled|p1a: Chansey\n|-heal|p1a: Chansey|100/100\n|\n|upkeep\n|turn|48\n|inactive|Time left: 300 sec this turn | 300 sec total\n|\n|t:|1783544159\n|move|p2a: Regice|Rest|p2a: Regice\n|-status|p2a: Regice|slp|[from] move: Rest\n|-heal|p2a: Regice|284/284 slp|[silent]\n|move|p1a: Chansey|Seismic Toss|p2a: Regice\n|-damage|p2a: Regice|199/284 slp\n|\n|upkeep\n|turn|49\n|inactive|Time left: 300 sec this turn | 300 sec total\n|\n|t:|1783544160\n|cant|p2a: Regice|slp\n|move|p2a: Regice|Sleep Talk|p2a: Regice\n|move|p2a: Regice|Ice Beam|p1a: Chansey|[from] move: Sleep Talk\n|-damage|p1a: Chansey|89/100\n|move|p1a: Chansey|Seismic Toss|p2a: Regice\n|-damage|p2a: Regice|114/284 slp\n|\n|upkeep\n|turn|50\n|inactive|Time left: 300 sec this turn | 300 sec total\n|\n|t:|1783544162\n|cant|p2a: Regice|slp\n|move|p2a: Regice|Sleep Talk|p2a: Regice\n|move|p2a: Regice|Ice Beam|p1a: Chansey|[from] move: Sleep Talk\n|-damage|p1a: Chansey|79/100\n|-status|p1a: Chansey|frz\n|cant|p1a: Chansey|frz\n|\n|upkeep\n|turn|51\n|inactive|Time left: 300 sec this turn | 300 sec total\n|\n|t:|1783544163\n|-curestatus|p2a: Regice|slp|[msg]\n|move|p2a: Regice|Ice Beam|p1a: Chansey\n|-damage|p1a: Chansey|67/100 frz\n|cant|p1a: Chansey|frz\n|\n|upkeep\n|turn|52\n|inactive|Time left: 300 sec this turn | 300 sec total\n|\n|t:|1783544164\n|-curestatus|p1a: Chansey|frz|[from] ability: Natural Cure|[silent]\n|switch|p1a: Meowstic|Meowstic, L89, M|66/100\n|move|p2a: Regice|Ice Beam|p1a: Meowstic\n|-damage|p1a: Meowstic|28/100\n|\n|upkeep\n|turn|53\n|inactive|Time left: 300 sec this turn | 300 sec total\n|\n|t:|1783544165\n|move|p1a: Meowstic|Light Screen|p1a: Meowstic\n|-sidestart|p1: p0x384bba0|move: Light Screen\n|move|p2a: Regice|Ice Beam|p1a: Meowstic\n|-damage|p1a: Meowstic|10/100\n|\n|upkeep\n|turn|54\n|inactive|Time left: 300 sec this turn | 300 sec total\n|\n|t:|1783544166\n|move|p1a: Meowstic|Reflect|p1a: Meowstic\n|-sidestart|p1: p0x384bba0|Reflect\n|move|p2a: Regice|Ice Beam|p1a: Meowstic\n|-damage|p1a: Meowstic|0 fnt\n|faint|p1a: Meowstic\n|\n|upkeep\n|\n|t:|1783544167\n|switch|p1a: Meowscarada|Meowscarada, L78, M|42/100\n|turn|55\n|inactive|Time left: 300 sec this turn | 300 sec total\n|\n|t:|1783544168\n|move|p1a: Meowscarada|Flower Trick|p2a: Regice\n|-start|p1a: Meowscarada|typechange|Grass|[from] ability: Protean\n|-crit|p2a: Regice\n|-damage|p2a: Regice|0 fnt\n|faint|p2a: Regice\n|-damage|p1a: Meowscarada|32/100|[from] item: Life Orb\n|\n|upkeep\n|inactive|Time left: 300 sec this turn | 300 sec total | 5 sec grace\n|\n|t:|1783544170\n|switch|p2a: Milotic|Milotic, L83, F|293/293\n|-damage|p2a: Milotic|257/293|[from] Stealth Rock\n|turn|56\n|inactive|Time left: 300 sec this turn | 300 sec total\n|\n|t:|1783544171\n|-terastallize|p2a: Milotic|Dragon\n|move|p1a: Meowscarada|Flower Trick|p2a: Milotic\n|-resisted|p2a: Milotic\n|-crit|p2a: Milotic\n|-damage|p2a: Milotic|179/293\n|-damage|p1a: Meowscarada|23/100|[from] item: Life Orb\n|move|p2a: Milotic|Recover|p2a: Milotic\n|-heal|p2a: Milotic|293/293\n|\n|upkeep\n|turn|57\n|inactive|Time left: 300 sec this turn | 300 sec total\n|\n|t:|1783544172\n|move|p1a: Meowscarada|Triple Axel|p2a: Milotic\n|-supereffective|p2a: Milotic\n|-damage|p2a: Milotic|249/293\n|-supereffective|p2a: Milotic\n|-damage|p2a: Milotic|171/293\n|-hitcount|p2a: Milotic|2\n|-damage|p1a: Meowscarada|13/100|[from] item: Life Orb\n|move|p2a: Milotic|Dragon Tail|p1a: Meowscarada\n|-damage|p1a: Meowscarada|1/100\n|drag|p1a: Empoleon|Empoleon, L84, M|70/100 brn\n|\n|-damage|p1a: Empoleon|63/100 brn|[from] brn\n|upkeep\n|turn|58\n|inactive|Time left: 300 sec this turn | 300 sec total\n|\n|t:|1783544173\n|switch|p1a: Meowscarada|Meowscarada, L78, M|1/100\n|move|p2a: Milotic|Dragon Tail|p1a: Meowscarada\n|-damage|p1a: Meowscarada|0 fnt\n|faint|p1a: Meowscarada\n|\n|upkeep\n|\n|t:|1783544174\n|switch|p1a: Latias|Latias, L79, F|12/100\n|turn|59\n|inactive|Time left: 300 sec this turn | 300 sec total\n|\n|t:|1783544175\n|-terastallize|p1a: Latias|Steel\n|move|p1a: Latias|Draco Meteor|p2a: Milotic\n|-supereffective|p2a: Milotic\n|-damage|p2a: Milotic|0 fnt\n|-unboost|p1a: Latias|spa|2\n|faint|p2a: Milotic\n|\n|win|p0x384bba0", "uploadtime": 1783544175, "views": 0, "rating": 0, "private": 0, "password": null, "_winner": "p0x384bba0", "_our_name": "p0y384bcfb"}