{"id": "battle-gen9randombattle-2546", "formatid": "gen9randombattle", "format": "[Gen 9] Random Battle", "players": ["p0x2546b8ae", "p0y25464434"], "log": "|init|battle\n|title|p0x2546b8ae vs. p0y25464434\n|j|\u2606p0x2546b8ae\n|j|\u2606p0y25464434\n|t:|1783569449\n|gametype|singles\n|player|p1|p0x2546b8ae|169|\n|player|p2|p0y25464434|265|\n|gen|9\n|tier|[Gen 9] Random Battle\n|rule|Species Clause: Limit one of each Pok\u00e9mon\n|rule|HP Percentage Mod: HP is shown in percentages\n|rule|Sleep Clause Mod: Limit one foe put to sleep\n|rule|Illusion Level Mod: Illusion disguises the Pok\u00e9mon's true level\n|\n|t:|1783569449\n|teamsize|p1|6\n|teamsize|p2|6\n|start\n|switch|p1a: Pelipper|Pelipper, L86, F|100/100\n|switch|p2a: Hitmontop|Hitmontop, L88, M|231/231\n|-ability|p2a: Hitmontop|Intimidate|boost\n|-unboost|p1a: Pelipper|atk|1\n|-weather|RainDance|[from] ability: Drizzle|[of] p1a: Pelipper\n|turn|1\n|inactive|Battle timer is ON: inactive players will automatically lose when time's up. (requested by p0y25464434)\n|\n|t:|1783569451\n|switch|p2a: Dragalge|Dragalge, L88, F|258/258\n|move|p1a: Pelipper|Weather Ball|p2a: Dragalge\n|-resisted|p2a: Dragalge\n|-damage|p2a: Dragalge|159/258\n|\n|-weather|RainDance|[upkeep]\n|-heal|p2a: Dragalge|175/258|[from] item: Leftovers\n|upkeep\n|turn|2\n|inactive|Time left: 300 sec this turn | 300 sec total\n|inactive|p0x2546b8ae also wants the timer to be on.\n|\n|t:|1783569452\n|move|p1a: Pelipper|Weather Ball|p2a: Dragalge\n|-resisted|p2a: Dragalge\n|-damage|p2a: Dragalge|79/258\n|move|p2a: Dragalge|Sludge Wave|p1a: Pelipper\n|-damage|p1a: Pelipper|35/100\n|\n|-weather|RainDance|[upkeep]\n|-heal|p2a: Dragalge|95/258|[from] item: Leftovers\n|upkeep\n|turn|3\n|inactive|Time left: 300 sec this turn | 300 sec total\n|\n|t:|1783569453\n|move|p1a: Pelipper|Weather Ball|p2a: Dragalge\n|-resisted|p2a: Dragalge\n|-damage|p2a: Dragalge|0 fnt\n|faint|p2a: Dragalge\n|\n|-weather|RainDance|[upkeep]\n|upkeep\n|inactive|Time left: 300 sec this turn | 300 sec total | 5 sec grace\n|\n|t:|1783569454\n|switch|p2a: Rotom|Rotom-Frost, L87|229/229\n|turn|4\n|inactive|Time left: 300 sec this turn | 300 sec total\n|\n|t:|1783569455\n|move|p2a: Rotom|Thunderbolt|p1a: Pelipper\n|-supereffective|p1a: Pelipper\n|-damage|p1a: Pelipper|0 fnt\n|faint|p1a: Pelipper\n|\n|-weather|RainDance|[upkeep]\n|upkeep\n|\n|t:|1783569456\n|switch|p1a: Oranguru|Oranguru, L92, M|100/100\n|turn|5\n|inactive|Time left: 300 sec this turn | 300 sec total\n|\n|t:|1783569457\n|move|p2a: Rotom|Blizzard|p1a: Oranguru|[miss]\n|-miss|p2a: Rotom|p1a: Oranguru\n|move|p1a: Oranguru|Nasty Plot|p1a: Oranguru\n|-boost|p1a: Oranguru|spa|2\n|\n|-weather|none\n|upkeep\n|turn|6\n|inactive|Time left: 300 sec this turn | 300 sec total\n|\n|t:|1783569458\n|move|p2a: Rotom|Volt Switch|p1a: Oranguru\n|-damage|p1a: Oranguru|80/100\n|inactive|Time left: 300 sec this turn | 300 sec total | 5 sec grace\n|\n|t:|1783569459\n|switch|p2a: Jumpluff|Jumpluff, L87, M|271/271|[from] Volt Switch\n|move|p1a: Oranguru|Hyper Voice|p2a: Jumpluff\n|-damage|p2a: Jumpluff|8/271\n|-damage|p1a: Oranguru|70/100|[from] item: Life Orb\n|\n|upkeep\n|turn|7\n|inactive|Time left: 300 sec this turn | 300 sec total\n|\n|t:|1783569460\n|move|p2a: Jumpluff|Acrobatics|p1a: Oranguru\n|-damage|p1a: Oranguru|42/100\n|move|p1a: Oranguru|Psyshock|p2a: Jumpluff\n|-damage|p2a: Jumpluff|0 fnt\n|faint|p2a: Jumpluff\n|-damage|p1a: Oranguru|33/100|[from] item: Life Orb\n|\n|upkeep\n|inactive|Time left: 300 sec this turn | 300 sec total | 5 sec grace\n|\n|t:|1783569461\n|switch|p2a: Stonjourner|Stonjourner, L91, F|330/330\n|turn|8\n|inactive|Time left: 300 sec this turn | 300 sec total\n|\n|t:|1783569462\n|switch|p1a: Hydrapple|Hydrapple, L83, M|100/100\n|move|p2a: Stonjourner|Heat Crash|p1a: Hydrapple\n|-damage|p1a: Hydrapple|56/100\n|-damage|p2a: Stonjourner|297/330|[from] item: Life Orb\n|\n|upkeep\n|turn|9\n|inactive|Time left: 300 sec this turn | 300 sec total\n|\n|t:|1783569463\n|move|p2a: Stonjourner|Stone Edge|p1a: Hydrapple|[miss]\n|-miss|p2a: Stonjourner|p1a: Hydrapple\n|move|p1a: Hydrapple|Fickle Beam|p2a: Stonjourner\n|-damage|p2a: Stonjourner|0 fnt\n|faint|p2a: Stonjourner\n|\n|upkeep\n|inactive|Time left: 300 sec this turn | 300 sec total | 5 sec grace\n|\n|t:|1783569464\n|switch|p2a: Toucannon|Toucannon, L88, F|284/284\n|turn|10\n|inactive|Time left: 300 sec this turn | 300 sec total\n|\n|t:|1783569465\n|-terastallize|p1a: Hydrapple|Steel\n|-singleturn|p2a: Toucannon|move: Beak Blast\n|move|p1a: Hydrapple|Fickle Beam|p2a: Toucannon|[anim] Fickle Beam All Out\n|-activate|p1a: Hydrapple|move: Fickle Beam\n|-damage|p2a: Toucannon|0 fnt\n|faint|p2a: Toucannon\n|\n|upkeep\n|inactive|Time left: 300 sec this turn | 300 sec total | 5 sec grace\n|\n|t:|1783569466\n|switch|p2a: Rotom|Rotom-Frost, L87|229/229\n|turn|11\n|inactive|Time left: 300 sec this turn | 300 sec total\n|\n|t:|1783569467\n|move|p2a: Rotom|Thunderbolt|p1a: Hydrapple\n|-damage|p1a: Hydrapple|17/100\n|move|p1a: Hydrapple|Fickle Beam|p2a: Rotom|[anim] Fickle Beam All Out\n|-activate|p1a: Hydrapple|move: Fickle Beam\n|-damage|p2a: Rotom|0 fnt\n|faint|p2a: Rotom\n|\n|upkeep\n|inactive|Time left: 300 sec this turn | 300 sec total | 5 sec grace\n|\n|t:|1783569468\n|switch|p2a: Hitmontop|Hitmontop, L88, M|231/231\n|-ability|p2a: Hitmontop|Intimidate|boost\n|-unboost|p1a: Hydrapple|atk|1\n|turn|12\n|inactive|Time left: 300 sec this turn | 300 sec total\n|\n|t:|1783569469\n|switch|p1a: Spectrier|Spectrier, L75|100/100\n|move|p2a: Hitmontop|Rapid Spin|p1a: Spectrier\n|-immune|p1a: Spectrier\n|\n|upkeep\n|turn|13\n|inactive|Time left: 300 sec this turn | 300 sec total\n|\n|t:|1783569470\n|move|p1a: Spectrier|Nasty Plot|p1a: Spectrier\n|-boost|p1a: Spectrier|spa|2\n|move|p2a: Hitmontop|Earthquake|p1a: Spectrier\n|-damage|p1a: Spectrier|57/100\n|\n|upkeep\n|turn|14\n|inactive|Time left: 300 sec this turn | 300 sec total\n|\n|t:|1783569471\n|move|p1a: Spectrier|Shadow Ball|p2a: Hitmontop\n|-damage|p2a: Hitmontop|95/231\n|-damage|p1a: Spectrier|48/100|[from] item: Life Orb\n|move|p2a: Hitmontop|Earthquake|p1a: Spectrier\n|-crit|p1a: Spectrier\n|-damage|p1a: Spectrier|0 fnt\n|faint|p1a: Spectrier\n|\n|upkeep\n|\n|t:|1783569472\n|switch|p1a: Arboliva|Arboliva, L91, F|100/100\n|turn|15\n|inactive|Time left: 300 sec this turn | 300 sec total\n|\n|t:|1783569473\n|-terastallize|p2a: Hitmontop|Steel\n|move|p2a: Hitmontop|Rapid Spin|p1a: Arboliva\n|-damage|p1a: Arboliva|89/100\n|-boost|p2a: Hitmontop|spe|1\n|-fieldstart|move: Grassy Terrain|[from] ability: Seed Sower|[of] p1a: Arboliva\n|move|p1a: Arboliva|Energy Ball|p2a: Hitmontop\n|-resisted|p2a: Hitmontop\n|-damage|p2a: Hitmontop|52/231\n|\n|-heal|p2a: Hitmontop|66/231|[from] Grassy Terrain\n|-heal|p1a: Arboliva|95/100|[from] Grassy Terrain\n|-heal|p1a: Arboliva|100/100|[from] item: Leftovers\n|upkeep\n|turn|16\n|inactive|Time left: 300 sec this turn | 300 sec total\n|\n|t:|1783569474\n|move|p2a: Hitmontop|Close Combat|p1a: Arboliva\n|-supereffective|p1a: Arboliva\n|-damage|p1a: Arboliva|18/100\n|-unboost|p2a: Hitmontop|def|1\n|-unboost|p2a: Hitmontop|spd|1\n|move|p1a: Arboliva|Earth Power|p2a: Hitmontop\n|-supereffective|p2a: Hitmontop\n|-damage|p2a: Hitmontop|0 fnt\n|faint|p2a: Hitmontop\n|\n|win|p0x2546b8ae", "uploadtime": 1783569474, "views": 0, "rating": 0, "private": 0, "password": null, "_winner": "p0x2546b8ae", "_our_name": "p0y25464434"}