{"id": "battle-gen9randombattle-72", "formatid": "gen9randombattle", "format": "[Gen 9] Random Battle", "players": ["p0x0721058", "p0y072bff5"], "log": "|init|battle\n|title|p0x0721058 vs. p0y072bff5\n|j|\u2606p0x0721058\n|j|\u2606p0y072bff5\n|t:|1783540287\n|gametype|singles\n|player|p1|p0x0721058|170|\n|player|p2|p0y072bff5|169|\n|gen|9\n|tier|[Gen 9] Random Battle\n|rule|Species Clause: Limit one of each Pok\u00e9mon\n|rule|HP Percentage Mod: HP is shown in percentages\n|rule|Sleep Clause Mod: Limit one foe put to sleep\n|rule|Illusion Level Mod: Illusion disguises the Pok\u00e9mon's true level\n|\n|t:|1783540287\n|teamsize|p1|6\n|teamsize|p2|6\n|start\n|switch|p1a: Rotom|Rotom-Mow, L87|100/100\n|switch|p2a: Ribombee|Ribombee, L83, F|235/235\n|turn|1\n|inactive|Battle timer is ON: inactive players will automatically lose when time's up. (requested by p0y072bff5)\n|inactive|p0x0721058 also wants the timer to be on.\n|\n|t:|1783540289\n|move|p2a: Ribombee|Sticky Web|p1a: Rotom\n|-sidestart|p1: p0x0721058|move: Sticky Web\n|move|p1a: Rotom|Nasty Plot|p1a: Rotom\n|-boost|p1a: Rotom|spa|2\n|\n|upkeep\n|turn|2\n|inactive|Time left: 300 sec this turn | 300 sec total\n|\n|t:|1783540290\n|move|p2a: Ribombee|Bug Buzz|p1a: Rotom\n|-supereffective|p1a: Rotom\n|-damage|p1a: Rotom|37/100\n|move|p1a: Rotom|Thunderbolt|p2a: Ribombee\n|-enditem|p2a: Ribombee|Focus Sash\n|-damage|p2a: Ribombee|1/235\n|\n|-heal|p1a: Rotom|43/100|[from] item: Leftovers\n|upkeep\n|turn|3\n|inactive|Time left: 300 sec this turn | 300 sec total\n|\n|t:|1783540291\n|-terastallize|p1a: Rotom|Electric\n|move|p2a: Ribombee|Bug Buzz|p1a: Rotom\n|-damage|p1a: Rotom|10/100\n|move|p1a: Rotom|Thunderbolt|p2a: Ribombee\n|-damage|p2a: Ribombee|0 fnt\n|faint|p2a: Ribombee\n|\n|-heal|p1a: Rotom|16/100|[from] item: Leftovers\n|upkeep\n|inactive|Time left: 300 sec this turn | 300 sec total | 5 sec grace\n|\n|t:|1783540292\n|switch|p2a: Hydreigon|Hydreigon, L79, M|275/275\n|turn|4\n|inactive|Time left: 300 sec this turn | 300 sec total\n|\n|t:|1783540293\n|move|p2a: Hydreigon|Dark Pulse|p1a: Rotom\n|-damage|p1a: Rotom|0 fnt\n|faint|p1a: Rotom\n|\n|upkeep\n|\n|t:|1783540294\n|switch|p1a: Magearna|Magearna-Original, L77|100/100\n|-activate|p1a: Magearna|move: Sticky Web\n|-unboost|p1a: Magearna|spe|1\n|turn|5\n|inactive|Time left: 300 sec this turn | 300 sec total\n|\n|t:|1783540296\n|move|p2a: Hydreigon|Dark Pulse|p1a: Magearna\n|-resisted|p1a: Magearna\n|-damage|p1a: Magearna|76/100\n|move|p1a: Magearna|Shift Gear|p1a: Magearna\n|-boost|p1a: Magearna|spe|2\n|-boost|p1a: Magearna|atk|1\n|\n|upkeep\n|turn|6\n|inactive|Time left: 300 sec this turn | 300 sec total\n|\n|t:|1783540297\n|switch|p2a: Houndoom|Houndoom, L87, F|272/272\n|move|p1a: Magearna|Shift Gear|p1a: Magearna\n|-boost|p1a: Magearna|spe|2\n|-boost|p1a: Magearna|atk|1\n|\n|upkeep\n|turn|7\n|inactive|Time left: 300 sec this turn | 300 sec total\n|\n|t:|1783540298\n|move|p1a: Magearna|Iron Head|p2a: Houndoom\n|-resisted|p2a: Houndoom\n|-damage|p2a: Houndoom|179/272\n|move|p2a: Houndoom|Fire Blast|p1a: Magearna\n|-supereffective|p1a: Magearna\n|-damage|p1a: Magearna|0 fnt\n|faint|p1a: Magearna\n|\n|upkeep\n|\n|t:|1783540299\n|switch|p1a: Blastoise|Blastoise, L80, F|100/100\n|-activate|p1a: Blastoise|move: Sticky Web\n|-unboost|p1a: Blastoise|spe|1\n|-enditem|p1a: Blastoise|White Herb\n|-clearnegativeboost|p1a: Blastoise|[silent]\n|turn|8\n|inactive|Time left: 300 sec this turn | 300 sec total\n|\n|t:|1783540301\n|move|p2a: Houndoom|Dark Pulse|p1a: Blastoise\n|-damage|p1a: Blastoise|64/100\n|move|p1a: Blastoise|Hydro Pump|p2a: Houndoom\n|-supereffective|p2a: Houndoom\n|-damage|p2a: Houndoom|0 fnt\n|faint|p2a: Houndoom\n|\n|upkeep\n|inactive|Time left: 300 sec this turn | 300 sec total | 5 sec grace\n|\n|t:|1783540302\n|switch|p2a: Terrakion|Terrakion, L79|273/273\n|turn|9\n|inactive|Time left: 300 sec this turn | 300 sec total\n|\n|t:|1783540303\n|move|p2a: Terrakion|Close Combat|p1a: Blastoise\n|-damage|p1a: Blastoise|0 fnt\n|-unboost|p2a: Terrakion|def|1\n|-unboost|p2a: Terrakion|spd|1\n|faint|p1a: Blastoise\n|\n|upkeep\n|\n|t:|1783540304\n|switch|p1a: Gothitelle|Gothitelle, L90, M|100/100\n|-activate|p1a: Gothitelle|move: Sticky Web\n|-unboost|p1a: Gothitelle|spe|1\n|turn|10\n|inactive|Time left: 300 sec this turn | 300 sec total\n|\n|t:|1783540305\n|move|p2a: Terrakion|Close Combat|p1a: Gothitelle\n|-resisted|p1a: Gothitelle\n|-damage|p1a: Gothitelle|63/100\n|-unboost|p2a: Terrakion|def|1\n|-unboost|p2a: Terrakion|spd|1\n|move|p1a: Gothitelle|Psychic|p2a: Terrakion\n|-supereffective|p2a: Terrakion\n|-damage|p2a: Terrakion|0 fnt\n|faint|p2a: Terrakion\n|\n|upkeep\n|inactive|Time left: 300 sec this turn | 300 sec total | 5 sec grace\n|\n|t:|1783540306\n|switch|p2a: Iron Boulder|Iron Boulder, L77|265/265\n|turn|11\n|inactive|Time left: 300 sec this turn | 300 sec total\n|\n|t:|1783540307\n|move|p2a: Iron Boulder|Swords Dance|p2a: Iron Boulder\n|-boost|p2a: Iron Boulder|atk|2\n|move|p1a: Gothitelle|Psychic|p2a: Iron Boulder\n|-resisted|p2a: Iron Boulder\n|-damage|p2a: Iron Boulder|217/265\n|\n|upkeep\n|turn|12\n|inactive|Time left: 300 sec this turn | 300 sec total\n|\n|t:|1783540307\n|move|p2a: Iron Boulder|Mighty Cleave|p1a: Gothitelle\n|-damage|p1a: Gothitelle|0 fnt\n|faint|p1a: Gothitelle\n|-damage|p2a: Iron Boulder|191/265|[from] item: Life Orb\n|\n|upkeep\n|\n|t:|1783540308\n|switch|p1a: Vespiquen|Vespiquen, L99, F|100/100\n|-ability|p1a: Vespiquen|Pressure\n|turn|13\n|inactive|Time left: 300 sec this turn | 300 sec total\n|\n|t:|1783540309\n|move|p2a: Iron Boulder|Mighty Cleave|p1a: Vespiquen\n|-supereffective|p1a: Vespiquen\n|-damage|p1a: Vespiquen|0 fnt\n|faint|p1a: Vespiquen\n|-damage|p2a: Iron Boulder|165/265|[from] item: Life Orb\n|\n|upkeep\n|\n|t:|1783540310\n|switch|p1a: Lycanroc|Lycanroc-Dusk, L81, M|100/100\n|-activate|p1a: Lycanroc|move: Sticky Web\n|-unboost|p1a: Lycanroc|spe|1\n|turn|14\n|inactive|Time left: 300 sec this turn | 300 sec total\n|\n|t:|1783540311\n|-terastallize|p2a: Iron Boulder|Fighting\n|move|p1a: Lycanroc|Accelerock|p2a: Iron Boulder\n|-resisted|p2a: Iron Boulder\n|-damage|p2a: Iron Boulder|109/265\n|move|p2a: Iron Boulder|Close Combat|p1a: Lycanroc\n|-supereffective|p1a: Lycanroc\n|-damage|p1a: Lycanroc|0 fnt\n|-unboost|p2a: Iron Boulder|def|1\n|-unboost|p2a: Iron Boulder|spd|1\n|faint|p1a: Lycanroc\n|-damage|p2a: Iron Boulder|83/265|[from] item: Life Orb\n|\n|win|p0y072bff5", "uploadtime": 1783540311, "views": 0, "rating": 0, "private": 0, "password": null, "_winner": "p0y072bff5", "_our_name": "p0y072bff5"}