{"id": "battle-gen9randombattle-393", "formatid": "gen9randombattle", "format": "[Gen 9] Random Battle", "players": ["p0x39383da", "p0y3938788"], "log": "|init|battle\n|title|p0x39383da vs. p0y3938788\n|j|\u2606p0x39383da\n|j|\u2606p0y3938788\n|t:|1783543637\n|gametype|singles\n|player|p1|p0x39383da|1|\n|player|p2|p0y3938788|266|\n|gen|9\n|tier|[Gen 9] Random Battle\n|rule|Species Clause: Limit one of each Pok\u00e9mon\n|rule|HP Percentage Mod: HP is shown in percentages\n|rule|Sleep Clause Mod: Limit one foe put to sleep\n|rule|Illusion Level Mod: Illusion disguises the Pok\u00e9mon's true level\n|\n|t:|1783543637\n|teamsize|p1|6\n|teamsize|p2|6\n|start\n|switch|p1a: Dodrio|Dodrio, L85, F|100/100\n|switch|p2a: Cetitan|Cetitan, L82, F|412/412\n|turn|1\n|inactive|Battle timer is ON: inactive players will automatically lose when time's up. (requested by p0y3938788)\n|inactive|p0x39383da also wants the timer to be on.\n|\n|t:|1783543639\n|switch|p1a: Lunala|Lunala, L70|100/100\n|move|p2a: Cetitan|Ice Spinner|p1a: Lunala\n|-damage|p1a: Lunala|83/100\n|\n|-heal|p1a: Lunala|89/100|[from] item: Leftovers\n|upkeep\n|turn|2\n|inactive|Time left: 300 sec this turn | 300 sec total\n|\n|t:|1783543640\n|move|p1a: Lunala|Calm Mind|p1a: Lunala\n|-boost|p1a: Lunala|spa|1\n|-boost|p1a: Lunala|spd|1\n|move|p2a: Cetitan|Belly Drum|p2a: Cetitan\n|-damage|p2a: Cetitan|206/412\n|-setboost|p2a: Cetitan|atk|6|[from] move: Belly Drum\n|-enditem|p2a: Cetitan|Sitrus Berry|[eat]\n|-heal|p2a: Cetitan|309/412|[from] item: Sitrus Berry\n|\n|-heal|p1a: Lunala|95/100|[from] item: Leftovers\n|upkeep\n|turn|3\n|inactive|Time left: 300 sec this turn | 300 sec total\n|\n|t:|1783543641\n|move|p1a: Lunala|Focus Blast|p2a: Cetitan|[miss]\n|-miss|p1a: Lunala|p2a: Cetitan\n|move|p2a: Cetitan|Ice Spinner|p1a: Lunala\n|-damage|p1a: Lunala|0 fnt\n|faint|p1a: Lunala\n|\n|upkeep\n|\n|t:|1783543642\n|switch|p1a: Zapdos|Zapdos-Galar, L77|100/100\n|turn|4\n|inactive|Time left: 300 sec this turn | 300 sec total\n|\n|t:|1783543643\n|-terastallize|p1a: Zapdos|Fighting\n|move|p2a: Cetitan|Ice Shard|p1a: Zapdos\n|-damage|p1a: Zapdos|31/100\n|move|p1a: Zapdos|Close Combat|p2a: Cetitan\n|-supereffective|p2a: Cetitan\n|-damage|p2a: Cetitan|0 fnt\n|-unboost|p1a: Zapdos|def|1\n|-unboost|p1a: Zapdos|spd|1\n|faint|p2a: Cetitan\n|\n|upkeep\n|inactive|Time left: 300 sec this turn | 300 sec total | 5 sec grace\n|\n|t:|1783543644\n|switch|p2a: Gengar|Gengar, L81, F|230/230\n|turn|5\n|inactive|Time left: 300 sec this turn | 300 sec total\n|\n|t:|1783543645\n|move|p2a: Gengar|Sludge Wave|p1a: Zapdos\n|-damage|p1a: Zapdos|0 fnt\n|faint|p1a: Zapdos\n|-damage|p2a: Gengar|207/230|[from] item: Life Orb\n|\n|upkeep\n|\n|t:|1783543646\n|switch|p1a: Dodrio|Dodrio, L85, F|100/100\n|turn|6\n|inactive|Time left: 300 sec this turn | 300 sec total\n|\n|t:|1783543648\n|switch|p2a: Rotom|Rotom-Frost, L87|229/229\n|move|p1a: Dodrio|Brave Bird|p2a: Rotom\n|-resisted|p2a: Rotom\n|-damage|p2a: Rotom|167/229\n|-damage|p1a: Dodrio|92/100|[from] Recoil\n|\n|upkeep\n|turn|7\n|inactive|Time left: 300 sec this turn | 300 sec total\n|\n|t:|1783543649\n|move|p1a: Dodrio|Double-Edge|p2a: Rotom\n|-damage|p2a: Rotom|47/229\n|-damage|p1a: Dodrio|76/100|[from] Recoil\n|move|p2a: Rotom|Thunderbolt|p1a: Dodrio\n|-supereffective|p1a: Dodrio\n|-damage|p1a: Dodrio|0 fnt\n|faint|p1a: Dodrio\n|\n|upkeep\n|\n|t:|1783543650\n|switch|p1a: Zangoose|Zangoose, L85, M|100/100\n|turn|8\n|inactive|Time left: 300 sec this turn | 300 sec total\n|\n|t:|1783543651\n|switch|p2a: Vileplume|Vileplume, L85, M|266/266\n|move|p1a: Zangoose|Knock Off|p2a: Vileplume\n|-damage|p2a: Vileplume|189/266\n|-enditem|p2a: Vileplume|Leftovers|[from] move: Knock Off|[of] p1a: Zangoose\n|\n|-status|p1a: Zangoose|tox|[from] item: Toxic Orb\n|upkeep\n|turn|9\n|inactive|Time left: 300 sec this turn | 300 sec total\n|\n|t:|1783543652\n|-terastallize|p2a: Vileplume|Steel\n|move|p1a: Zangoose|Facade|p2a: Vileplume\n|-resisted|p2a: Vileplume\n|-damage|p2a: Vileplume|49/266\n|move|p2a: Vileplume|Strength Sap|p1a: Zangoose\n|-unboost|p1a: Zangoose|atk|1\n|-heal|p2a: Vileplume|266/266\n|\n|-damage|p1a: Zangoose|94/100 tox|[from] psn\n|upkeep\n|turn|10\n|inactive|Time left: 300 sec this turn | 300 sec total\n|\n|t:|1783543653\n|switch|p1a: Perrserker|Perrserker, L89, M|100/100\n|move|p2a: Vileplume|Sludge Bomb|p1a: Perrserker\n|-immune|p1a: Perrserker\n|\n|upkeep\n|turn|11\n|inactive|Time left: 300 sec this turn | 300 sec total\n|\n|t:|1783543654\n|move|p1a: Perrserker|Close Combat|p2a: Vileplume\n|-supereffective|p2a: Vileplume\n|-damage|p2a: Vileplume|0 fnt\n|-unboost|p1a: Perrserker|def|1\n|-unboost|p1a: Perrserker|spd|1\n|faint|p2a: Vileplume\n|\n|upkeep\n|inactive|Time left: 300 sec this turn | 300 sec total | 5 sec grace\n|\n|t:|1783543655\n|switch|p2a: Gengar|Gengar, L81, F|207/230\n|turn|12\n|inactive|Time left: 300 sec this turn | 300 sec total\n|\n|t:|1783543656\n|switch|p1a: Zangoose|Zangoose, L85, M|94/100 tox\n|move|p2a: Gengar|Nasty Plot|p2a: Gengar\n|-boost|p2a: Gengar|spa|2\n|\n|-damage|p1a: Zangoose|88/100 tox|[from] psn\n|upkeep\n|turn|13\n|inactive|Time left: 300 sec this turn | 300 sec total\n|\n|t:|1783543657\n|switch|p1a: Perrserker|Perrserker, L89, M|100/100\n|move|p2a: Gengar|Sludge Wave|p1a: Perrserker\n|-immune|p1a: Perrserker\n|\n|upkeep\n|turn|14\n|inactive|Time left: 300 sec this turn | 300 sec total\n|\n|t:|1783543659\n|switch|p1a: Zangoose|Zangoose, L85, M|88/100 tox\n|move|p2a: Gengar|Shadow Ball|p1a: Zangoose\n|-immune|p1a: Zangoose\n|\n|-damage|p1a: Zangoose|82/100 tox|[from] psn\n|upkeep\n|turn|15\n|inactive|Time left: 300 sec this turn | 300 sec total\n|\n|t:|1783543660\n|switch|p1a: Perrserker|Perrserker, L89, M|100/100\n|move|p2a: Gengar|Sludge Wave|p1a: Perrserker\n|-immune|p1a: Perrserker\n|\n|upkeep\n|turn|16\n|inactive|Time left: 300 sec this turn | 300 sec total\n|\n|t:|1783543661\n|switch|p1a: Zangoose|Zangoose, L85, M|82/100 tox\n|move|p2a: Gengar|Shadow Ball|p1a: Zangoose\n|-immune|p1a: Zangoose\n|\n|-damage|p1a: Zangoose|76/100 tox|[from] psn\n|upkeep\n|turn|17\n|inactive|Time left: 300 sec this turn | 300 sec total\n|\n|t:|1783543662\n|switch|p1a: Perrserker|Perrserker, L89, M|100/100\n|move|p2a: Gengar|Sludge Wave|p1a: Perrserker\n|-immune|p1a: Perrserker\n|\n|upkeep\n|turn|18\n|inactive|Time left: 300 sec this turn | 300 sec total\n|\n|t:|1783543663\n|switch|p1a: Zangoose|Zangoose, L85, M|76/100 tox\n|move|p2a: Gengar|Shadow Ball|p1a: Zangoose\n|-immune|p1a: Zangoose\n|\n|-damage|p1a: Zangoose|70/100 tox|[from] psn\n|upkeep\n|turn|19\n|inactive|Time left: 300 sec this turn | 300 sec total\n|\n|t:|1783543664\n|switch|p1a: Perrserker|Perrserker, L89, M|100/100\n|move|p2a: Gengar|Sludge Wave|p1a: Perrserker\n|-immune|p1a: Perrserker\n|\n|upkeep\n|turn|20\n|inactive|Time left: 300 sec this turn | 300 sec total\n|\n|t:|1783543665\n|switch|p1a: Zangoose|Zangoose, L85, M|70/100 tox\n|move|p2a: Gengar|Shadow Ball|p1a: Zangoose\n|-immune|p1a: Zangoose\n|\n|-damage|p1a: Zangoose|64/100 tox|[from] psn\n|upkeep\n|turn|21\n|inactive|Time left: 300 sec this turn | 300 sec total\n|\n|t:|1783543666\n|switch|p1a: Perrserker|Perrserker, L89, M|100/100\n|move|p2a: Gengar|Sludge Wave|p1a: Perrserker\n|-immune|p1a: Perrserker\n|\n|upkeep\n|turn|22\n|inactive|Time left: 300 sec this turn | 300 sec total\n|\n|t:|1783543667\n|switch|p1a: Zangoose|Zangoose, L85, M|64/100 tox\n|move|p2a: Gengar|Shadow Ball|p1a: Zangoose\n|-immune|p1a: Zangoose\n|\n|-damage|p1a: Zangoose|58/100 tox|[from] psn\n|upkeep\n|turn|23\n|inactive|Time left: 300 sec this turn | 300 sec total\n|\n|t:|1783543668\n|switch|p1a: Perrserker|Perrserker, L89, M|100/100\n|move|p2a: Gengar|Sludge Wave|p1a: Perrserker\n|-immune|p1a: Perrserker\n|\n|upkeep\n|turn|24\n|inactive|Time left: 300 sec this turn | 300 sec total\n|\n|t:|1783543669\n|switch|p1a: Zangoose|Zangoose, L85, M|58/100 tox\n|move|p2a: Gengar|Shadow Ball|p1a: Zangoose\n|-immune|p1a: Zangoose\n|\n|-damage|p1a: Zangoose|52/100 tox|[from] psn\n|upkeep\n|turn|25\n|inactive|Time left: 300 sec this turn | 300 sec total\n|\n|t:|1783543670\n|move|p2a: Gengar|Sludge Wave|p1a: Zangoose\n|-damage|p1a: Zangoose|0 fnt\n|faint|p1a: Zangoose\n|-damage|p2a: Gengar|184/230|[from] item: Life Orb\n|\n|upkeep\n|\n|t:|1783543671\n|switch|p1a: Perrserker|Perrserker, L89, M|100/100\n|turn|26\n|inactive|Time left: 300 sec this turn | 300 sec total\n|\n|t:|1783543672\n|move|p2a: Gengar|Shadow Ball|p1a: Perrserker\n|-damage|p1a: Perrserker|0 fnt\n|faint|p1a: Perrserker\n|-damage|p2a: Gengar|161/230|[from] item: Life Orb\n|\n|upkeep\n|\n|t:|1783543673\n|switch|p1a: Pikachu|Pikachu-Sinnoh, L93, M|100/100\n|turn|27\n|inactive|Time left: 300 sec this turn | 300 sec total\n|\n|t:|1783543674\n|move|p1a: Pikachu|Fake Out|p2a: Gengar\n|-immune|p2a: Gengar\n|move|p2a: Gengar|Sludge Wave|p1a: Pikachu\n|-damage|p1a: Pikachu|0 fnt\n|faint|p1a: Pikachu\n|-damage|p2a: Gengar|138/230|[from] item: Life Orb\n|\n|win|p0y3938788", "uploadtime": 1783543674, "views": 0, "rating": 0, "private": 0, "password": null, "_winner": "p0y3938788", "_our_name": "p0y3938788"}