{"id": "battle-gen9randombattle-200", "formatid": "gen9randombattle", "format": "[Gen 9] Random Battle", "players": ["p0x20085ff", "p0y200499b"], "log": "|init|battle\n|title|p0x20085ff vs. p0y200499b\n|j|\u2606p0x20085ff\n|j|\u2606p0y200499b\n|t:|1783541882\n|gametype|singles\n|player|p1|p0x20085ff|266|\n|player|p2|p0y200499b|170|\n|gen|9\n|tier|[Gen 9] Random Battle\n|rule|Species Clause: Limit one of each Pok\u00e9mon\n|rule|HP Percentage Mod: HP is shown in percentages\n|rule|Sleep Clause Mod: Limit one foe put to sleep\n|rule|Illusion Level Mod: Illusion disguises the Pok\u00e9mon's true level\n|\n|t:|1783541882\n|teamsize|p1|6\n|teamsize|p2|6\n|start\n|switch|p1a: Oranguru|Oranguru, L92, F|100/100\n|switch|p2a: Electivire|Electivire, L84, M|263/263\n|turn|1\n|inactive|Battle timer is ON: inactive players will automatically lose when time's up. (requested by p0x20085ff)\n|inactive|Time left: 300 sec this turn | 300 sec total | 60 sec grace\n|inactive|p0y200499b also wants the timer to be on.\n|\n|t:|1783541884\n|switch|p1a: Hariyama|Hariyama, L87, F|100/100\n|move|p2a: Electivire|Supercell Slam|p1a: Hariyama\n|-damage|p1a: Hariyama|47/100\n|-damage|p2a: Electivire|237/263|[from] item: Life Orb\n|\n|-status|p1a: Hariyama|brn|[from] item: Flame Orb\n|upkeep\n|turn|2\n|inactive|Time left: 300 sec this turn | 300 sec total\n|\n|t:|1783541885\n|switch|p1a: Mimikyu|Mimikyu, L79, F|100/100\n|move|p2a: Electivire|Supercell Slam|p1a: Mimikyu\n|-activate|p1a: Mimikyu|ability: Disguise\n|-damage|p1a: Mimikyu|100/100\n|detailschange|p1a: Mimikyu|Mimikyu-Busted, L79, F\n|-damage|p1a: Mimikyu|88/100|[from] pokemon: Mimikyu-Busted\n|-damage|p2a: Electivire|211/263|[from] item: Life Orb\n|\n|upkeep\n|turn|3\n|inactive|Time left: 300 sec this turn | 300 sec total\n|\n|t:|1783541886\n|switch|p1a: Leafeon|Leafeon, L88, M|100/100\n|move|p2a: Electivire|Supercell Slam|p1a: Leafeon\n|-resisted|p1a: Leafeon\n|-damage|p1a: Leafeon|79/100\n|-damage|p2a: Electivire|185/263|[from] item: Life Orb\n|\n|upkeep\n|turn|4\n|inactive|Time left: 300 sec this turn | 300 sec total\n|\n|t:|1783541887\n|switch|p2a: Dipplin|Dipplin, L88, M|284/284\n|move|p1a: Leafeon|Leaf Blade|p2a: Dipplin\n|-resisted|p2a: Dipplin\n|-damage|p2a: Dipplin|263/284\n|-damage|p1a: Leafeon|69/100|[from] item: Life Orb\n|\n|upkeep\n|turn|5\n|inactive|Time left: 300 sec this turn | 300 sec total\n|\n|t:|1783541888\n|move|p1a: Leafeon|Swords Dance|p1a: Leafeon\n|-boost|p1a: Leafeon|atk|2\n|move|p2a: Dipplin|Giga Drain|p1a: Leafeon\n|-resisted|p1a: Leafeon\n|-crit|p1a: Leafeon\n|-damage|p1a: Leafeon|38/100\n|-heal|p2a: Dipplin|284/284|[from] drain|[of] p1a: Leafeon\n|\n|upkeep\n|turn|6\n|inactive|Time left: 300 sec this turn | 300 sec total\n|\n|t:|1783541889\n|move|p1a: Leafeon|Synthesis|p1a: Leafeon\n|-heal|p1a: Leafeon|88/100\n|move|p2a: Dipplin|Dragon Pulse|p1a: Leafeon\n|-damage|p1a: Leafeon|42/100\n|\n|upkeep\n|turn|7\n|inactive|Time left: 300 sec this turn | 300 sec total\n|\n|t:|1783541891\n|move|p1a: Leafeon|Synthesis|p1a: Leafeon\n|-heal|p1a: Leafeon|92/100\n|move|p2a: Dipplin|Dragon Pulse|p1a: Leafeon\n|-damage|p1a: Leafeon|47/100\n|\n|upkeep\n|turn|8\n|inactive|Time left: 300 sec this turn | 300 sec total\n|\n|t:|1783541892\n|move|p1a: Leafeon|Synthesis|p1a: Leafeon\n|-heal|p1a: Leafeon|97/100\n|move|p2a: Dipplin|Dragon Pulse|p1a: Leafeon\n|-damage|p1a: Leafeon|50/100\n|\n|upkeep\n|turn|9\n|inactive|Time left: 300 sec this turn | 300 sec total\n|\n|t:|1783541893\n|move|p1a: Leafeon|Synthesis|p1a: Leafeon\n|-heal|p1a: Leafeon|99/100\n|move|p2a: Dipplin|Dragon Pulse|p1a: Leafeon\n|-damage|p1a: Leafeon|57/100\n|\n|upkeep\n|turn|10\n|inactive|Time left: 300 sec this turn | 300 sec total\n|\n|t:|1783541894\n|move|p1a: Leafeon|Synthesis|p1a: Leafeon\n|-heal|p1a: Leafeon|100/100\n|move|p2a: Dipplin|Dragon Pulse|p1a: Leafeon\n|-damage|p1a: Leafeon|54/100\n|\n|upkeep\n|turn|11\n|inactive|Time left: 300 sec this turn | 300 sec total\n|\n|t:|1783541895\n|move|p1a: Leafeon|Synthesis|p1a: Leafeon\n|-heal|p1a: Leafeon|100/100\n|move|p2a: Dipplin|Dragon Pulse|p1a: Leafeon\n|-damage|p1a: Leafeon|56/100\n|\n|upkeep\n|turn|12\n|inactive|Time left: 300 sec this turn | 300 sec total\n|\n|t:|1783541896\n|move|p1a: Leafeon|Synthesis|p1a: Leafeon\n|-heal|p1a: Leafeon|100/100\n|move|p2a: Dipplin|Dragon Pulse|p1a: Leafeon\n|-damage|p1a: Leafeon|59/100\n|\n|upkeep\n|turn|13\n|inactive|Time left: 300 sec this turn | 300 sec total\n|\n|t:|1783541897\n|move|p1a: Leafeon|Synthesis|p1a: Leafeon\n|-heal|p1a: Leafeon|100/100\n|move|p2a: Dipplin|Dragon Pulse|p1a: Leafeon\n|-damage|p1a: Leafeon|52/100\n|\n|upkeep\n|turn|14\n|inactive|Time left: 300 sec this turn | 300 sec total\n|\n|t:|1783541898\n|move|p1a: Leafeon|Swords Dance|p1a: Leafeon\n|-boost|p1a: Leafeon|atk|2\n|move|p2a: Dipplin|Dragon Pulse|p1a: Leafeon\n|-damage|p1a: Leafeon|4/100\n|\n|upkeep\n|turn|15\n|inactive|Time left: 300 sec this turn | 300 sec total\n|\n|t:|1783541899\n|move|p1a: Leafeon|Double-Edge|p2a: Dipplin\n|-damage|p2a: Dipplin|57/284\n|-damage|p1a: Leafeon|0 fnt|[from] Recoil\n|faint|p1a: Leafeon\n|move|p2a: Dipplin|Recover|p2a: Dipplin\n|-heal|p2a: Dipplin|199/284\n|\n|upkeep\n|\n|t:|1783541900\n|switch|p1a: Noctowl|Noctowl, L95, M|100/100\n|turn|16\n|inactive|Time left: 300 sec this turn | 300 sec total\n|\n|t:|1783541901\n|move|p1a: Noctowl|Hurricane|p2a: Dipplin|[miss]\n|-miss|p1a: Noctowl|p2a: Dipplin\n|move|p2a: Dipplin|Recover|p2a: Dipplin\n|-heal|p2a: Dipplin|284/284\n|\n|upkeep\n|turn|17\n|inactive|Time left: 300 sec this turn | 300 sec total\n|\n|t:|1783541902\n|move|p1a: Noctowl|Calm Mind|p1a: Noctowl\n|-boost|p1a: Noctowl|spa|1\n|-boost|p1a: Noctowl|spd|1\n|move|p2a: Dipplin|Dragon Tail|p1a: Noctowl\n|-damage|p1a: Noctowl|79/100\n|drag|p1a: Mimikyu|Mimikyu-Busted, L79, F|88/100\n|\n|upkeep\n|turn|18\n|inactive|Time left: 300 sec this turn | 300 sec total\n|\n|t:|1783541903\n|move|p1a: Mimikyu|Swords Dance|p1a: Mimikyu\n|-boost|p1a: Mimikyu|atk|2\n|move|p2a: Dipplin|Giga Drain|p1a: Mimikyu\n|-damage|p1a: Mimikyu|50/100\n|\n|upkeep\n|turn|19\n|inactive|Time left: 300 sec this turn | 300 sec total\n|\n|t:|1783541904\n|move|p1a: Mimikyu|Swords Dance|p1a: Mimikyu\n|-boost|p1a: Mimikyu|atk|2\n|move|p2a: Dipplin|Giga Drain|p1a: Mimikyu\n|-damage|p1a: Mimikyu|10/100\n|\n|upkeep\n|turn|20\n|inactive|Time left: 300 sec this turn | 300 sec total\n|\n|t:|1783541905\n|-terastallize|p2a: Dipplin|Steel\n|move|p1a: Mimikyu|Play Rough|p2a: Dipplin\n|-resisted|p2a: Dipplin\n|-damage|p2a: Dipplin|205/284\n|-damage|p1a: Mimikyu|0 fnt|[from] item: Life Orb\n|faint|p1a: Mimikyu\n|move|p2a: Dipplin|Giga Drain|p1: Mimikyu|[notarget]\n|-fail|p2a: Dipplin\n|\n|upkeep\n|\n|t:|1783541906\n|switch|p1a: Hariyama|Hariyama, L87, F|47/100 brn\n|turn|21\n|inactive|Time left: 300 sec this turn | 300 sec total\n|\n|t:|1783541907\n|switch|p2a: Banette|Banette, L93, M|270/270\n|move|p1a: Hariyama|Close Combat|p2a: Banette\n|-immune|p2a: Banette\n|\n|-damage|p1a: Hariyama|41/100 brn|[from] brn\n|upkeep\n|turn|22\n|inactive|Time left: 300 sec this turn | 300 sec total\n|\n|t:|1783541908\n|move|p2a: Banette|Gunk Shot|p1a: Hariyama\n|-damage|p1a: Hariyama|0 fnt\n|faint|p1a: Hariyama\n|-damage|p2a: Banette|243/270|[from] item: Life Orb\n|\n|upkeep\n|\n|t:|1783541909\n|switch|p1a: Ludicolo|Ludicolo, L90, M|100/100\n|turn|23\n|inactive|Time left: 300 sec this turn | 300 sec total\n|\n|t:|1783541910\n|move|p1a: Ludicolo|Hydro Pump|p2a: Banette\n|-damage|p2a: Banette|33/270\n|move|p2a: Banette|Gunk Shot|p1a: Ludicolo\n|-supereffective|p1a: Ludicolo\n|-damage|p1a: Ludicolo|0 fnt\n|faint|p1a: Ludicolo\n|-damage|p2a: Banette|6/270|[from] item: Life Orb\n|\n|upkeep\n|\n|t:|1783541911\n|switch|p1a: Oranguru|Oranguru, L92, F|100/100\n|turn|24\n|inactive|Time left: 300 sec this turn | 300 sec total\n|\n|t:|1783541912\n|move|p2a: Banette|Swords Dance|p2a: Banette\n|-boost|p2a: Banette|atk|2\n|move|p1a: Oranguru|Nasty Plot|p1a: Oranguru\n|-boost|p1a: Oranguru|spa|2\n|\n|upkeep\n|turn|25\n|inactive|Time left: 300 sec this turn | 300 sec total\n|\n|t:|1783541913\n|move|p2a: Banette|Gunk Shot|p1a: Oranguru\n|-damage|p1a: Oranguru|1/100\n|-status|p1a: Oranguru|psn\n|-damage|p2a: Banette|0 fnt|[from] item: Life Orb\n|faint|p2a: Banette\n|move|p1a: Oranguru|Thunderbolt|p2: Banette|[notarget]\n|-fail|p1a: Oranguru\n|\n|-heal|p1a: Oranguru|7/100 psn|[from] item: Leftovers\n|-damage|p1a: Oranguru|0 fnt|[from] psn\n|faint|p1a: Oranguru\n|upkeep\n|inactive|Time left: 300 sec this turn | 300 sec total | 5 sec grace\n|\n|t:|1783541914\n|switch|p2a: Electivire|Electivire, L84, M|185/263\n|switch|p1a: Noctowl|Noctowl, L95, M|79/100\n|turn|26\n|inactive|Time left: 300 sec this turn | 300 sec total\n|\n|t:|1783541915\n|-terastallize|p1a: Noctowl|Normal\n|move|p2a: Electivire|Supercell Slam|p1a: Noctowl\n|-damage|p1a: Noctowl|12/100\n|-damage|p2a: Electivire|159/263|[from] item: Life Orb\n|move|p1a: Noctowl|Roost|p1a: Noctowl\n|-heal|p1a: Noctowl|62/100\n|\n|upkeep\n|turn|27\n|inactive|Time left: 300 sec this turn | 300 sec total\n|\n|t:|1783541916\n|move|p2a: Electivire|Supercell Slam|p1a: Noctowl\n|-damage|p1a: Noctowl|0 fnt\n|faint|p1a: Noctowl\n|-damage|p2a: Electivire|133/263|[from] item: Life Orb\n|\n|win|p0y200499b", "uploadtime": 1783541916, "views": 0, "rating": 0, "private": 0, "password": null, "_winner": "p0y200499b", "_our_name": "p0y200499b"}