{"id": "battle-gen9randombattle-866", "formatid": "gen9randombattle", "format": "[Gen 9] Random Battle", "players": ["p0x8668a48", "p0y866e9e4"], "log": "|init|battle\n|title|p0x8668a48 vs. p0y866e9e4\n|j|\u2606p0x8668a48\n|j|\u2606p0y866e9e4\n|t:|1783549937\n|gametype|singles\n|player|p1|p0x8668a48|1|\n|player|p2|p0y866e9e4|170|\n|gen|9\n|tier|[Gen 9] Random Battle\n|rule|Species Clause: Limit one of each Pok\u00e9mon\n|rule|HP Percentage Mod: HP is shown in percentages\n|rule|Sleep Clause Mod: Limit one foe put to sleep\n|rule|Illusion Level Mod: Illusion disguises the Pok\u00e9mon's true level\n|\n|t:|1783549937\n|teamsize|p1|6\n|teamsize|p2|6\n|start\n|switch|p1a: Ribombee|Ribombee, L83, F|100/100\n|switch|p2a: Tauros|Tauros-Paldea-Aqua, L81, M|252/252\n|turn|1\n|inactive|Battle timer is ON: inactive players will automatically lose when time's up. (requested by p0x8668a48)\n|inactive|Time left: 300 sec this turn | 300 sec total | 60 sec grace\n|inactive|p0y866e9e4 also wants the timer to be on.\n|\n|t:|1783549939\n|move|p1a: Ribombee|Moonblast|p2a: Tauros\n|-supereffective|p2a: Tauros\n|-damage|p2a: Tauros|12/252\n|-unboost|p2a: Tauros|spa|1\n|-enditem|p2a: Tauros|Sitrus Berry|[eat]\n|-heal|p2a: Tauros|75/252|[from] item: Sitrus Berry\n|move|p2a: Tauros|Liquidation|p1a: Ribombee\n|-damage|p1a: Ribombee|52/100\n|\n|upkeep\n|turn|2\n|inactive|Time left: 300 sec this turn | 300 sec total\n|\n|t:|1783549940\n|switch|p2a: Porygon2|Porygon2, L81|270/270\n|-ability|p2a: Porygon2|Download|boost\n|-boost|p2a: Porygon2|atk|1\n|move|p1a: Ribombee|Moonblast|p2a: Porygon2\n|-damage|p2a: Porygon2|209/270\n|\n|upkeep\n|turn|3\n|inactive|Time left: 300 sec this turn | 300 sec total\n|\n|t:|1783549941\n|move|p1a: Ribombee|Quiver Dance|p1a: Ribombee\n|-boost|p1a: Ribombee|spa|1\n|-boost|p1a: Ribombee|spd|1\n|-boost|p1a: Ribombee|spe|1\n|move|p2a: Porygon2|Tri Attack|p1a: Ribombee\n|-damage|p1a: Ribombee|21/100\n|\n|upkeep\n|turn|4\n|inactive|Time left: 300 sec this turn | 300 sec total\n|\n|t:|1783549942\n|move|p1a: Ribombee|Moonblast|p2a: Porygon2\n|-damage|p2a: Porygon2|119/270\n|move|p2a: Porygon2|Tri Attack|p1a: Ribombee\n|-damage|p1a: Ribombee|0 fnt\n|faint|p1a: Ribombee\n|\n|upkeep\n|\n|t:|1783549943\n|switch|p1a: Lurantis|Lurantis, L87, F|100/100\n|turn|5\n|inactive|Time left: 300 sec this turn | 300 sec total\n|\n|t:|1783549945\n|move|p2a: Porygon2|Recover|p2a: Porygon2\n|-heal|p2a: Porygon2|254/270\n|move|p1a: Lurantis|Superpower|p2a: Porygon2\n|-supereffective|p2a: Porygon2\n|-damage|p2a: Porygon2|128/270\n|-boost|p1a: Lurantis|atk|1\n|-boost|p1a: Lurantis|def|1\n|\n|upkeep\n|turn|6\n|inactive|Time left: 300 sec this turn | 300 sec total\n|\n|t:|1783549946\n|move|p2a: Porygon2|Recover|p2a: Porygon2\n|-heal|p2a: Porygon2|263/270\n|move|p1a: Lurantis|Superpower|p2a: Porygon2\n|-supereffective|p2a: Porygon2\n|-damage|p2a: Porygon2|81/270\n|-boost|p1a: Lurantis|atk|1\n|-boost|p1a: Lurantis|def|1\n|\n|upkeep\n|turn|7\n|inactive|Time left: 300 sec this turn | 300 sec total\n|\n|t:|1783549947\n|move|p2a: Porygon2|Recover|p2a: Porygon2\n|-heal|p2a: Porygon2|216/270\n|move|p1a: Lurantis|Leaf Storm|p2a: Porygon2\n|-crit|p2a: Porygon2\n|-damage|p2a: Porygon2|98/270\n|-boost|p1a: Lurantis|spa|2\n|\n|upkeep\n|turn|8\n|inactive|Time left: 300 sec this turn | 300 sec total\n|\n|t:|1783549948\n|move|p2a: Porygon2|Recover|p2a: Porygon2\n|-heal|p2a: Porygon2|233/270\n|move|p1a: Lurantis|Leaf Storm|p2a: Porygon2\n|-damage|p2a: Porygon2|79/270\n|-boost|p1a: Lurantis|spa|2\n|\n|upkeep\n|turn|9\n|inactive|Time left: 300 sec this turn | 300 sec total\n|\n|t:|1783549949\n|move|p2a: Porygon2|Ice Beam|p1a: Lurantis\n|-supereffective|p1a: Lurantis\n|-damage|p1a: Lurantis|52/100\n|move|p1a: Lurantis|Superpower|p2a: Porygon2\n|-supereffective|p2a: Porygon2\n|-damage|p2a: Porygon2|0 fnt\n|-boost|p1a: Lurantis|atk|1\n|-boost|p1a: Lurantis|def|1\n|faint|p2a: Porygon2\n|\n|-heal|p1a: Lurantis|58/100|[from] item: Leftovers\n|upkeep\n|inactive|Time left: 300 sec this turn | 300 sec total | 5 sec grace\n|\n|t:|1783549950\n|switch|p2a: Baxcalibur|Baxcalibur, L75, F|295/295\n|turn|10\n|inactive|Time left: 300 sec this turn | 300 sec total\n|\n|t:|1783549951\n|-terastallize|p2a: Baxcalibur|Dragon\n|move|p2a: Baxcalibur|Glaive Rush|p1a: Lurantis\n|-damage|p1a: Lurantis|15/100\n|-singlemove|p2a: Baxcalibur|Glaive Rush|[silent]\n|move|p1a: Lurantis|Superpower|p2a: Baxcalibur\n|-damage|p2a: Baxcalibur|0 fnt\n|-boost|p1a: Lurantis|atk|1\n|-boost|p1a: Lurantis|def|1\n|faint|p2a: Baxcalibur\n|\n|-heal|p1a: Lurantis|21/100|[from] item: Leftovers\n|upkeep\n|inactive|Time left: 300 sec this turn | 300 sec total | 5 sec grace\n|\n|t:|1783549953\n|switch|p2a: Blissey|Blissey, L85, F|572/572\n|turn|11\n|inactive|Time left: 300 sec this turn | 300 sec total\n|\n|t:|1783549954\n|move|p2a: Blissey|Seismic Toss|p1a: Lurantis\n|-damage|p1a: Lurantis|0 fnt\n|faint|p1a: Lurantis\n|\n|upkeep\n|\n|t:|1783549955\n|switch|p1a: Brambleghast|Brambleghast, L88, M|100/100\n|turn|12\n|inactive|Time left: 300 sec this turn | 300 sec total\n|\n|t:|1783549956\n|move|p1a: Brambleghast|Power Whip|p2a: Blissey|[miss]\n|-miss|p1a: Brambleghast|p2a: Blissey\n|move|p2a: Blissey|Stealth Rock|p1a: Brambleghast\n|-sidestart|p1: p0x8668a48|move: Stealth Rock\n|\n|upkeep\n|turn|13\n|inactive|Time left: 300 sec this turn | 300 sec total\n|\n|t:|1783549957\n|switch|p2a: Conkeldurr|Conkeldurr, L80, M|299/299\n|move|p1a: Brambleghast|Power Whip|p2a: Conkeldurr\n|-damage|p2a: Conkeldurr|145/299\n|\n|-status|p2a: Conkeldurr|brn|[from] item: Flame Orb\n|upkeep\n|turn|14\n|inactive|Time left: 300 sec this turn | 300 sec total\n|\n|t:|1783549958\n|switch|p2a: Tauros|Tauros-Paldea-Aqua, L81, M|75/252\n|move|p1a: Brambleghast|Power Whip|p2a: Tauros|[miss]\n|-miss|p1a: Brambleghast|p2a: Tauros\n|\n|upkeep\n|turn|15\n|inactive|Time left: 300 sec this turn | 300 sec total\n|\n|t:|1783549959\n|move|p2a: Tauros|Substitute|p2a: Tauros\n|-start|p2a: Tauros|Substitute\n|-damage|p2a: Tauros|12/252\n|move|p1a: Brambleghast|Power Whip|p2a: Tauros\n|-supereffective|p2a: Tauros\n|-end|p2a: Tauros|Substitute\n|\n|upkeep\n|turn|16\n|inactive|Time left: 300 sec this turn | 300 sec total\n|\n|t:|1783549960\n|move|p2a: Tauros|Liquidation|p1a: Brambleghast\n|-resisted|p1a: Brambleghast\n|-damage|p1a: Brambleghast|77/100\n|move|p1a: Brambleghast|Power Whip|p2a: Tauros\n|-supereffective|p2a: Tauros\n|-damage|p2a: Tauros|0 fnt\n|faint|p2a: Tauros\n|\n|-heal|p1a: Brambleghast|83/100|[from] item: Leftovers\n|upkeep\n|inactive|Time left: 300 sec this turn | 300 sec total | 5 sec grace\n|\n|t:|1783549962\n|switch|p2a: Araquanid|Araquanid, L82, F|246/246\n|turn|17\n|inactive|Time left: 300 sec this turn | 300 sec total\n|\n|t:|1783549962\n|move|p1a: Brambleghast|Power Whip|p2a: Araquanid\n|-damage|p2a: Araquanid|77/246\n|move|p2a: Araquanid|Sticky Web|p1a: Brambleghast\n|-sidestart|p1: p0x8668a48|move: Sticky Web\n|\n|-heal|p1a: Brambleghast|89/100|[from] item: Leftovers\n|upkeep\n|turn|18\n|inactive|Time left: 300 sec this turn | 300 sec total\n|\n|t:|1783549963\n|switch|p2a: Blissey|Blissey, L85, F|572/572\n|move|p1a: Brambleghast|Power Whip|p2a: Blissey\n|-damage|p2a: Blissey|76/572\n|\n|-heal|p1a: Brambleghast|95/100|[from] item: Leftovers\n|-heal|p2a: Blissey|111/572|[from] item: Leftovers\n|upkeep\n|turn|19\n|inactive|Time left: 300 sec this turn | 300 sec total\n|\n|t:|1783549964\n|move|p1a: Brambleghast|Power Whip|p2a: Blissey\n|-damage|p2a: Blissey|0 fnt\n|faint|p2a: Blissey\n|\n|-heal|p1a: Brambleghast|100/100|[from] item: Leftovers\n|upkeep\n|inactive|Time left: 300 sec this turn | 300 sec total | 5 sec grace\n|\n|t:|1783549965\n|switch|p2a: Araquanid|Araquanid, L82, F|77/246\n|turn|20\n|inactive|Time left: 300 sec this turn | 300 sec total\n|\n|t:|1783549966\n|move|p1a: Brambleghast|Poltergeist|p2a: Araquanid\n|-activate|p2a: Araquanid|move: Poltergeist|Heavy-Duty Boots\n|-damage|p2a: Araquanid|0 fnt\n|faint|p2a: Araquanid\n|\n|upkeep\n|inactive|Time left: 300 sec this turn | 300 sec total | 5 sec grace\n|\n|t:|1783549967\n|switch|p2a: Conkeldurr|Conkeldurr, L80, M|145/299 brn\n|turn|21\n|inactive|Time left: 300 sec this turn | 300 sec total\n|\n|t:|1783549968\n|-terastallize|p1a: Brambleghast|Fairy\n|move|p1a: Brambleghast|Poltergeist|p2a: Conkeldurr\n|-activate|p2a: Conkeldurr|move: Poltergeist|Flame Orb\n|-damage|p2a: Conkeldurr|3/299 brn\n|move|p2a: Conkeldurr|Facade|p1a: Brambleghast\n|-damage|p1a: Brambleghast|20/100\n|\n|-heal|p1a: Brambleghast|27/100|[from] item: Leftovers\n|-damage|p2a: Conkeldurr|0 fnt|[from] brn\n|faint|p2a: Conkeldurr\n|\n|win|p0x8668a48", "uploadtime": 1783549968, "views": 0, "rating": 0, "private": 0, "password": null, "_winner": "p0x8668a48", "_our_name": "p0y866e9e4"}