{"id": "battle-gen9randombattle-1090", "formatid": "gen9randombattle", "format": "[Gen 9] Random Battle", "players": ["p0x1090e41d", "p0y1090210e"], "log": "|init|battle\n|title|p0x1090e41d vs. p0y1090210e\n|j|\u2606p0x1090e41d\n|j|\u2606p0y1090210e\n|t:|1783551813\n|gametype|singles\n|player|p1|p0x1090e41d|101|\n|player|p2|p0y1090210e|265|\n|gen|9\n|tier|[Gen 9] Random Battle\n|rule|Species Clause: Limit one of each Pok\u00e9mon\n|rule|HP Percentage Mod: HP is shown in percentages\n|rule|Sleep Clause Mod: Limit one foe put to sleep\n|rule|Illusion Level Mod: Illusion disguises the Pok\u00e9mon's true level\n|\n|t:|1783551813\n|teamsize|p1|6\n|teamsize|p2|6\n|start\n|switch|p1a: Inteleon|Inteleon, L81, M|100/100\n|switch|p2a: Magcargo|Magcargo, L95, M|268/268\n|turn|1\n|inactive|Battle timer is ON: inactive players will automatically lose when time's up. (requested by p0y1090210e)\n|inactive|p0x1090e41d also wants the timer to be on.\n|\n|t:|1783551815\n|-terastallize|p2a: Magcargo|Grass\n|move|p1a: Inteleon|Scald|p2a: Magcargo\n|-resisted|p2a: Magcargo\n|-damage|p2a: Magcargo|194/268\n|move|p2a: Magcargo|Shell Smash|p2a: Magcargo\n|-unboost|p2a: Magcargo|def|1\n|-unboost|p2a: Magcargo|spd|1\n|-boost|p2a: Magcargo|atk|2\n|-boost|p2a: Magcargo|spa|2\n|-boost|p2a: Magcargo|spe|2\n|\n|upkeep\n|turn|2\n|inactive|Time left: 300 sec this turn | 300 sec total\n|\n|t:|1783551816\n|move|p1a: Inteleon|Scald|p2a: Magcargo\n|-resisted|p2a: Magcargo\n|-damage|p2a: Magcargo|88/268\n|move|p2a: Magcargo|Shell Smash|p2a: Magcargo\n|-unboost|p2a: Magcargo|def|1\n|-unboost|p2a: Magcargo|spd|1\n|-boost|p2a: Magcargo|atk|2\n|-boost|p2a: Magcargo|spa|2\n|-boost|p2a: Magcargo|spe|2\n|\n|upkeep\n|turn|3\n|inactive|Time left: 300 sec this turn | 300 sec total\n|\n|t:|1783551817\n|switch|p1a: Umbreon|Umbreon, L84, M|100/100\n|move|p2a: Magcargo|Power Gem|p1a: Umbreon\n|-damage|p1a: Umbreon|23/100\n|\n|-heal|p1a: Umbreon|29/100|[from] item: Leftovers\n|upkeep\n|turn|4\n|inactive|Time left: 300 sec this turn | 300 sec total\n|\n|t:|1783551818\n|move|p1a: Umbreon|Protect|p1a: Umbreon\n|-singleturn|p1a: Umbreon|Protect\n|move|p2a: Magcargo|Power Gem|p1a: Umbreon\n|-activate|p1a: Umbreon|move: Protect\n|\n|-heal|p1a: Umbreon|35/100|[from] item: Leftovers\n|upkeep\n|turn|5\n|inactive|Time left: 300 sec this turn | 300 sec total\n|\n|t:|1783551819\n|move|p2a: Magcargo|Power Gem|p1a: Umbreon\n|-damage|p1a: Umbreon|0 fnt\n|faint|p1a: Umbreon\n|\n|upkeep\n|\n|t:|1783551820\n|switch|p1a: Hitmonchan|Hitmonchan, L87, M|100/100\n|turn|6\n|inactive|Time left: 300 sec this turn | 300 sec total\n|\n|t:|1783551821\n|move|p2a: Magcargo|Fire Blast|p1a: Hitmonchan\n|-damage|p1a: Hitmonchan|0 fnt\n|faint|p1a: Hitmonchan\n|\n|upkeep\n|\n|t:|1783551822\n|switch|p1a: Inteleon|Inteleon, L81, M|100/100\n|turn|7\n|inactive|Time left: 300 sec this turn | 300 sec total\n|\n|t:|1783551822\n|move|p2a: Magcargo|Power Gem|p1a: Inteleon\n|-damage|p1a: Inteleon|0 fnt\n|faint|p1a: Inteleon\n|\n|upkeep\n|\n|t:|1783551823\n|switch|p1a: Torkoal|Torkoal, L88, F|100/100\n|-weather|SunnyDay|[from] ability: Drought|[of] p1a: Torkoal\n|turn|8\n|inactive|Time left: 300 sec this turn | 300 sec total\n|\n|t:|1783551824\n|move|p2a: Magcargo|Power Gem|p1a: Torkoal\n|-supereffective|p1a: Torkoal\n|-damage|p1a: Torkoal|0 fnt\n|faint|p1a: Torkoal\n|\n|-weather|SunnyDay|[upkeep]\n|upkeep\n|\n|t:|1783551825\n|switch|p1a: Golem|Golem-Alola, L93, F|100/100\n|turn|9\n|inactive|Time left: 300 sec this turn | 300 sec total\n|\n|t:|1783551826\n|move|p2a: Magcargo|Power Gem|p1a: Golem\n|-damage|p1a: Golem|0 fnt\n|faint|p1a: Golem\n|\n|-weather|SunnyDay|[upkeep]\n|upkeep\n|\n|t:|1783551827\n|switch|p1a: Hydreigon|Hydreigon, L79, M|100/100\n|turn|10\n|inactive|Time left: 300 sec this turn | 300 sec total\n|\n|t:|1783551828\n|-terastallize|p1a: Hydreigon|Dragon\n|move|p2a: Magcargo|Power Gem|p1a: Hydreigon\n|-damage|p1a: Hydreigon|0 fnt\n|faint|p1a: Hydreigon\n|\n|win|p0y1090210e", "uploadtime": 1783551828, "views": 0, "rating": 0, "private": 0, "password": null, "_winner": "p0y1090210e", "_our_name": "p0y1090210e"}