{"id": "battle-gen9randombattle-68", "formatid": "gen9randombattle", "format": "[Gen 9] Random Battle", "players": ["p0x068bc9b", "p0y06852a6"], "log": "|init|battle\n|title|p0x068bc9b vs. p0y06852a6\n|j|\u2606p0x068bc9b\n|j|\u2606p0y06852a6\n|t:|1783534026\n|gametype|singles\n|player|p1|p0x068bc9b|266|\n|player|p2|p0y06852a6|1|\n|gen|9\n|tier|[Gen 9] Random Battle\n|rule|Species Clause: Limit one of each Pok\u00e9mon\n|rule|HP Percentage Mod: HP is shown in percentages\n|rule|Sleep Clause Mod: Limit one foe put to sleep\n|rule|Illusion Level Mod: Illusion disguises the Pok\u00e9mon's true level\n|\n|t:|1783534026\n|teamsize|p1|6\n|teamsize|p2|6\n|start\n|switch|p1a: Gumshoos|Gumshoos, L95, M|321/321\n|switch|p2a: Iron Crown|Iron Crown, L78|100/100\n|turn|1\n|inactive|Battle timer is ON: inactive players will automatically lose when time's up. (requested by p0y06852a6)\n|inactive|Time left: 300 sec this turn | 300 sec total | 60 sec grace\n|inactive|p0x068bc9b also wants the timer to be on.\n|\n|t:|1783534027\n|-end|p2a: Iron Crown|Quark Drive|[silent]\n|switch|p2a: Articuno|Articuno-Galar, L84|100/100\n|move|p1a: Gumshoos|Knock Off|p2a: Articuno\n|-supereffective|p2a: Articuno\n|-damage|p2a: Articuno|0 fnt\n|-enditem|p2a: Articuno|Heavy-Duty Boots|[from] move: Knock Off|[of] p1a: Gumshoos\n|faint|p2a: Articuno\n|\n|upkeep\n|\n|t:|1783534028\n|switch|p2a: Glimmora|Glimmora, L75, F|100/100\n|turn|2\n|inactive|Time left: 300 sec this turn | 300 sec total\n|\n|t:|1783534029\n|switch|p1a: Slaking|Slaking, L84, M|389/389\n|move|p2a: Glimmora|Meteor Beam||[still]\n|-prepare|p2a: Glimmora|Meteor Beam\n|-boost|p2a: Glimmora|spa|1\n|-enditem|p2a: Glimmora|Power Herb\n|-anim|p2a: Glimmora|Meteor Beam|p1a: Slaking\n|-damage|p1a: Slaking|140/389\n|\n|upkeep\n|turn|3\n|inactive|Time left: 300 sec this turn | 300 sec total\n|\n|t:|1783534030\n|move|p1a: Slaking|Earthquake|p2a: Glimmora\n|-supereffective|p2a: Glimmora\n|-damage|p2a: Glimmora|0 fnt\n|-activate|p2a: Glimmora|ability: Toxic Debris\n|-sidestart|p1: p0x068bc9b|move: Toxic Spikes\n|faint|p2a: Glimmora\n|\n|upkeep\n|\n|t:|1783534031\n|switch|p2a: Mabosstiff|Mabosstiff, L86, M|100/100\n|turn|4\n|inactive|Time left: 300 sec this turn | 300 sec total\n|\n|t:|1783534032\n|cant|p1a: Slaking|ability: Truant\n|move|p2a: Mabosstiff|Crunch|p1a: Slaking\n|-damage|p1a: Slaking|4/389\n|\n|upkeep\n|turn|5\n|inactive|Time left: 300 sec this turn | 300 sec total\n|\n|t:|1783534033\n|move|p1a: Slaking|Earthquake|p2a: Mabosstiff\n|-damage|p2a: Mabosstiff|48/100\n|move|p2a: Mabosstiff|Crunch|p1a: Slaking\n|-damage|p1a: Slaking|0 fnt\n|faint|p1a: Slaking\n|\n|upkeep\n|inactive|Time left: 300 sec this turn | 300 sec total | 5 sec grace\n|\n|t:|1783534034\n|switch|p1a: Wugtrio|Wugtrio, L91, M|212/212\n|-status|p1a: Wugtrio|psn\n|turn|6\n|inactive|Time left: 300 sec this turn | 300 sec total\n|\n|t:|1783534035\n|switch|p2a: Mightyena|Mightyena, L96, M|100/100\n|-ability|p2a: Mightyena|Intimidate|boost\n|-unboost|p1a: Wugtrio|atk|1\n|move|p1a: Wugtrio|Liquidation|p2a: Mightyena\n|-damage|p2a: Mightyena|60/100\n|\n|-heal|p2a: Mightyena|66/100|[from] item: Leftovers\n|-damage|p1a: Wugtrio|186/212 psn|[from] psn\n|upkeep\n|turn|7\n|inactive|Time left: 300 sec this turn | 300 sec total\n|\n|t:|1783534036\n|move|p1a: Wugtrio|Liquidation|p2a: Mightyena\n|-damage|p2a: Mightyena|25/100\n|move|p2a: Mightyena|Crunch|p1a: Wugtrio\n|-damage|p1a: Wugtrio|35/212 psn\n|-ability|p1a: Wugtrio|Gooey\n|-unboost|p2a: Mightyena|spe|1\n|\n|-heal|p2a: Mightyena|31/100|[from] item: Leftovers\n|-damage|p1a: Wugtrio|9/212 psn|[from] psn\n|upkeep\n|turn|8\n|inactive|Time left: 300 sec this turn | 300 sec total\n|\n|t:|1783534037\n|switch|p2a: Mabosstiff|Mabosstiff, L86, M|48/100\n|move|p1a: Wugtrio|Liquidation|p2a: Mabosstiff\n|-damage|p2a: Mabosstiff|11/100\n|\n|-damage|p1a: Wugtrio|0 fnt|[from] psn\n|faint|p1a: Wugtrio\n|upkeep\n|inactive|Time left: 300 sec this turn | 300 sec total | 5 sec grace\n|\n|t:|1783534038\n|switch|p1a: Delibird|Delibird, F|252/252\n|turn|9\n|inactive|Time left: 300 sec this turn | 300 sec total\n|\n|t:|1783534039\n|switch|p2a: Iron Crown|Iron Crown, L78|100/100\n|move|p1a: Delibird|Rapid Spin|p2a: Iron Crown\n|-resisted|p2a: Iron Crown\n|-damage|p2a: Iron Crown|95/100\n|-boost|p1a: Delibird|spe|1\n|-sideend|p1: p0x068bc9b|Toxic Spikes|[from] move: Rapid Spin|[of] p1a: Delibird\n|\n|-heal|p2a: Iron Crown|100/100|[from] item: Leftovers\n|upkeep\n|turn|10\n|inactive|Time left: 300 sec this turn | 300 sec total\n|\n|t:|1783534040\n|switch|p1a: Gumshoos|Gumshoos, L95, M|321/321\n|move|p2a: Iron Crown|Tachyon Cutter|p1a: Gumshoos\n|-damage|p1a: Gumshoos|252/321\n|-damage|p1a: Gumshoos|186/321\n|-hitcount|p1a: Gumshoos|2\n|\n|upkeep\n|turn|11\n|inactive|Time left: 300 sec this turn | 300 sec total\n|\n|t:|1783534041\n|-terastallize|p1a: Gumshoos|Ground\n|move|p2a: Iron Crown|Focus Blast|p1a: Gumshoos\n|-damage|p1a: Gumshoos|81/321\n|move|p1a: Gumshoos|Earthquake|p2a: Iron Crown\n|-supereffective|p2a: Iron Crown\n|-damage|p2a: Iron Crown|0 fnt\n|faint|p2a: Iron Crown\n|-end|p2a: Iron Crown|Quark Drive|[silent]\n|\n|upkeep\n|\n|t:|1783534042\n|switch|p2a: Mabosstiff|Mabosstiff, L86, M|11/100\n|turn|12\n|inactive|Time left: 300 sec this turn | 300 sec total\n|\n|t:|1783534043\n|move|p2a: Mabosstiff|Crunch|p1a: Gumshoos\n|-damage|p1a: Gumshoos|0 fnt\n|faint|p1a: Gumshoos\n|\n|upkeep\n|inactive|Time left: 300 sec this turn | 300 sec total | 5 sec grace\n|\n|t:|1783534044\n|switch|p1a: Arceus|Arceus-Dark, L71|288/288\n|turn|13\n|inactive|Time left: 300 sec this turn | 300 sec total\n|\n|t:|1783534045\n|switch|p2a: Copperajah|Copperajah, L86, M|100/100\n|move|p1a: Arceus|Calm Mind|p1a: Arceus\n|-boost|p1a: Arceus|spa|1\n|-boost|p1a: Arceus|spd|1\n|\n|upkeep\n|turn|14\n|inactive|Time left: 300 sec this turn | 300 sec total\n|\n|t:|1783534046\n|-terastallize|p2a: Copperajah|Fairy\n|move|p1a: Arceus|Judgment|p2a: Copperajah\n|-resisted|p2a: Copperajah\n|-damage|p2a: Copperajah|72/100\n|move|p2a: Copperajah|Play Rough|p1a: Arceus\n|-supereffective|p1a: Arceus\n|-damage|p1a: Arceus|0 fnt\n|faint|p1a: Arceus\n|\n|upkeep\n|inactive|Time left: 300 sec this turn | 300 sec total | 5 sec grace\n|\n|t:|1783534048\n|switch|p1a: Electrode|Electrode, L92|260/260\n|turn|15\n|inactive|Time left: 300 sec this turn | 300 sec total\n|\n|t:|1783534049\n|move|p1a: Electrode|Thunderbolt|p2a: Copperajah\n|-damage|p2a: Copperajah|40/100\n|move|p2a: Copperajah|Play Rough|p1a: Electrode\n|-damage|p1a: Electrode|22/260\n|-status|p2a: Copperajah|par|[from] ability: Static|[of] p1a: Electrode\n|\n|-heal|p1a: Electrode|38/260|[from] item: Leftovers\n|upkeep\n|turn|16\n|inactive|Time left: 300 sec this turn | 300 sec total\n|\n|t:|1783534050\n|move|p1a: Electrode|Thunderbolt|p2a: Copperajah\n|-damage|p2a: Copperajah|6/100 par\n|move|p2a: Copperajah|Stealth Rock|p1a: Electrode\n|-sidestart|p1: p0x068bc9b|move: Stealth Rock\n|\n|-heal|p1a: Electrode|54/260|[from] item: Leftovers\n|upkeep\n|turn|17\n|inactive|Time left: 300 sec this turn | 300 sec total\n|\n|t:|1783534051\n|move|p1a: Electrode|Thunderbolt|p2a: Copperajah\n|-damage|p2a: Copperajah|0 fnt\n|faint|p2a: Copperajah\n|\n|-heal|p1a: Electrode|70/260|[from] item: Leftovers\n|upkeep\n|\n|t:|1783534052\n|switch|p2a: Mightyena|Mightyena, L96, M|31/100\n|-ability|p2a: Mightyena|Intimidate|boost\n|-unboost|p1a: Electrode|atk|1\n|turn|18\n|inactive|Time left: 300 sec this turn | 300 sec total\n|\n|t:|1783534053\n|move|p2a: Mightyena|Sucker Punch|p1a: Electrode\n|-damage|p1a: Electrode|0 fnt\n|faint|p1a: Electrode\n|\n|-heal|p2a: Mightyena|37/100|[from] item: Leftovers\n|upkeep\n|inactive|Time left: 300 sec this turn | 300 sec total | 5 sec grace\n|\n|t:|1783534054\n|switch|p1a: Delibird|Delibird, F|252/252\n|turn|19\n|inactive|Time left: 300 sec this turn | 300 sec total\n|\n|t:|1783534055\n|switch|p2a: Mabosstiff|Mabosstiff, L86, M|11/100\n|move|p1a: Delibird|Brave Bird|p2a: Mabosstiff\n|-damage|p2a: Mabosstiff|0 fnt\n|faint|p2a: Mabosstiff\n|-damage|p1a: Delibird|242/252|[from] Recoil\n|\n|upkeep\n|\n|t:|1783534056\n|switch|p2a: Mightyena|Mightyena, L96, M|37/100\n|-ability|p2a: Mightyena|Intimidate|boost\n|-unboost|p1a: Delibird|atk|1\n|turn|20\n|inactive|Time left: 300 sec this turn | 300 sec total\n|\n|t:|1783534057\n|move|p1a: Delibird|Freeze-Dry|p2a: Mightyena\n|-damage|p2a: Mightyena|5/100\n|move|p2a: Mightyena|Crunch|p1a: Delibird\n|-damage|p1a: Delibird|115/252\n|-unboost|p1a: Delibird|def|1\n|\n|-heal|p2a: Mightyena|11/100|[from] item: Leftovers\n|upkeep\n|turn|21\n|inactive|Time left: 300 sec this turn | 300 sec total\n|\n|t:|1783534058\n|move|p2a: Mightyena|Sucker Punch||[still]\n|-fail|p2a: Mightyena\n|move|p1a: Delibird|Spikes|p2a: Mightyena\n|-sidestart|p2: p0y06852a6|Spikes\n|\n|-heal|p2a: Mightyena|17/100|[from] item: Leftovers\n|upkeep\n|turn|22\n|inactive|Time left: 300 sec this turn | 300 sec total\n|\n|t:|1783534059\n|move|p2a: Mightyena|Sucker Punch||[still]\n|-fail|p2a: Mightyena\n|move|p1a: Delibird|Spikes|p2a: Mightyena\n|-sidestart|p2: p0y06852a6|Spikes\n|\n|-heal|p2a: Mightyena|24/100|[from] item: Leftovers\n|upkeep\n|turn|23\n|inactive|Time left: 300 sec this turn | 300 sec total\n|\n|t:|1783534060\n|move|p2a: Mightyena|Sucker Punch||[still]\n|-fail|p2a: Mightyena\n|move|p1a: Delibird|Spikes|p2a: Mightyena\n|-sidestart|p2: p0y06852a6|Spikes\n|\n|-heal|p2a: Mightyena|30/100|[from] item: Leftovers\n|upkeep\n|turn|24\n|inactive|Time left: 300 sec this turn | 300 sec total\n|\n|t:|1783534061\n|move|p2a: Mightyena|Sucker Punch||[still]\n|-fail|p2a: Mightyena\n|move|p1a: Delibird|Spikes||[still]\n|-fail|p1a: Delibird\n|\n|-heal|p2a: Mightyena|36/100|[from] item: Leftovers\n|upkeep\n|turn|25\n|inactive|Time left: 300 sec this turn | 300 sec total\n|\n|t:|1783534062\n|move|p2a: Mightyena|Sucker Punch||[still]\n|-fail|p2a: Mightyena\n|move|p1a: Delibird|Spikes||[still]\n|-fail|p1a: Delibird\n|\n|-heal|p2a: Mightyena|42/100|[from] item: Leftovers\n|upkeep\n|turn|26\n|inactive|Time left: 300 sec this turn | 300 sec total\n|\n|t:|1783534062\n|move|p2a: Mightyena|Sucker Punch|p1a: Delibird\n|-damage|p1a: Delibird|0 fnt\n|faint|p1a: Delibird\n|\n|win|p0y06852a6", "uploadtime": 1783534062, "views": 0, "rating": 0, "private": 0, "password": null, "_winner": "p0y06852a6", "_our_name": "p0x068bc9b"}