{"id": "battle-gen9randombattle-859", "formatid": "gen9randombattle", "format": "[Gen 9] Random Battle", "players": ["p0x8594b25", "p0y8594f85"], "log": "|init|battle\n|title|p0x8594b25 vs. p0y8594f85\n|j|\u2606p0x8594b25\n|j|\u2606p0y8594f85\n|t:|1783549101\n|gametype|singles\n|player|p1|p0x8594b25|101|\n|player|p2|p0y8594f85|101|\n|gen|9\n|tier|[Gen 9] Random Battle\n|rule|Species Clause: Limit one of each Pok\u00e9mon\n|rule|HP Percentage Mod: HP is shown in percentages\n|rule|Sleep Clause Mod: Limit one foe put to sleep\n|rule|Illusion Level Mod: Illusion disguises the Pok\u00e9mon's true level\n|\n|t:|1783549101\n|teamsize|p1|6\n|teamsize|p2|6\n|start\n|switch|p1a: Metagross|Metagross, L79|100/100\n|switch|p2a: Appletun|Appletun, L92, F|352/352\n|turn|1\n|inactive|Battle timer is ON: inactive players will automatically lose when time's up. (requested by p0x8594b25)\n|inactive|Time left: 300 sec this turn | 300 sec total | 60 sec grace\n|inactive|p0y8594f85 also wants the timer to be on.\n|\n|t:|1783549102\n|move|p1a: Metagross|Heavy Slam|p2a: Appletun\n|-damage|p2a: Appletun|201/352\n|move|p2a: Appletun|Apple Acid|p1a: Metagross\n|-resisted|p1a: Metagross\n|-damage|p1a: Metagross|78/100\n|\n|-heal|p2a: Appletun|223/352|[from] item: Leftovers\n|upkeep\n|turn|2\n|inactive|Time left: 300 sec this turn | 300 sec total\n|\n|t:|1783549103\n|move|p1a: Metagross|Heavy Slam|p2a: Appletun\n|-damage|p2a: Appletun|72/352\n|move|p2a: Appletun|Recover|p2a: Appletun\n|-heal|p2a: Appletun|248/352\n|\n|-heal|p2a: Appletun|270/352|[from] item: Leftovers\n|upkeep\n|turn|3\n|inactive|Time left: 300 sec this turn | 300 sec total\n|\n|t:|1783549104\n|move|p1a: Metagross|Heavy Slam|p2a: Appletun\n|-damage|p2a: Appletun|122/352\n|move|p2a: Appletun|Apple Acid|p1a: Metagross\n|-resisted|p1a: Metagross\n|-damage|p1a: Metagross|58/100\n|\n|-heal|p2a: Appletun|144/352|[from] item: Leftovers\n|upkeep\n|turn|4\n|inactive|Time left: 300 sec this turn | 300 sec total\n|\n|t:|1783549106\n|move|p1a: Metagross|Heavy Slam|p2a: Appletun\n|-damage|p2a: Appletun|0 fnt\n|faint|p2a: Appletun\n|\n|upkeep\n|inactive|Time left: 300 sec this turn | 300 sec total | 5 sec grace\n|\n|t:|1783549106\n|switch|p2a: Forretress|Forretress, L84, F|263/263\n|turn|5\n|inactive|Time left: 300 sec this turn | 300 sec total\n|\n|t:|1783549107\n|move|p1a: Metagross|Knock Off|p2a: Forretress\n|-damage|p2a: Forretress|205/263\n|-enditem|p2a: Forretress|Leftovers|[from] move: Knock Off|[of] p1a: Metagross\n|move|p2a: Forretress|Stealth Rock|p1a: Metagross\n|-sidestart|p1: p0x8594b25|move: Stealth Rock\n|\n|upkeep\n|turn|6\n|inactive|Time left: 300 sec this turn | 300 sec total\n|\n|t:|1783549109\n|move|p1a: Metagross|Heavy Slam|p2a: Forretress\n|-resisted|p2a: Forretress\n|-damage|p2a: Forretress|162/263\n|move|p2a: Forretress|Rapid Spin|p1a: Metagross\n|-resisted|p1a: Metagross\n|-damage|p1a: Metagross|52/100\n|-boost|p2a: Forretress|spe|1\n|\n|upkeep\n|turn|7\n|inactive|Time left: 300 sec this turn | 300 sec total\n|\n|t:|1783549110\n|move|p2a: Forretress|Thunder Wave|p1a: Metagross\n|-status|p1a: Metagross|par\n|cant|p1a: Metagross|par\n|\n|upkeep\n|turn|8\n|inactive|Time left: 300 sec this turn | 300 sec total\n|\n|t:|1783549110\n|switch|p1a: Excadrill|Excadrill, L79, F|100/100\n|-damage|p1a: Excadrill|98/100|[from] Stealth Rock\n|-ability|p1a: Excadrill|Mold Breaker\n|move|p2a: Forretress|Iron Head|p1a: Excadrill\n|-resisted|p1a: Excadrill\n|-damage|p1a: Excadrill|81/100\n|\n|-heal|p1a: Excadrill|87/100|[from] item: Leftovers\n|upkeep\n|turn|9\n|inactive|Time left: 300 sec this turn | 300 sec total\n|\n|t:|1783549112\n|move|p1a: Excadrill|Rapid Spin|p2a: Forretress\n|-resisted|p2a: Forretress\n|-damage|p2a: Forretress|148/263\n|-boost|p1a: Excadrill|spe|1\n|-sideend|p1: p0x8594b25|Stealth Rock|[from] move: Rapid Spin|[of] p1a: Excadrill\n|move|p2a: Forretress|Rapid Spin|p1a: Excadrill\n|-resisted|p1a: Excadrill\n|-damage|p1a: Excadrill|78/100\n|-boost|p2a: Forretress|spe|1\n|\n|-heal|p1a: Excadrill|84/100|[from] item: Leftovers\n|upkeep\n|turn|10\n|inactive|Time left: 300 sec this turn | 300 sec total\n|\n|t:|1783549113\n|move|p1a: Excadrill|Swords Dance|p1a: Excadrill\n|-boost|p1a: Excadrill|atk|2\n|move|p2a: Forretress|Stealth Rock|p1a: Excadrill\n|-sidestart|p1: p0x8594b25|move: Stealth Rock\n|\n|-heal|p1a: Excadrill|90/100|[from] item: Leftovers\n|upkeep\n|turn|11\n|inactive|Time left: 300 sec this turn | 300 sec total\n|\n|t:|1783549114\n|move|p1a: Excadrill|Earthquake|p2a: Forretress\n|-damage|p2a: Forretress|0 fnt\n|faint|p2a: Forretress\n|\n|-heal|p1a: Excadrill|96/100|[from] item: Leftovers\n|upkeep\n|inactive|Time left: 300 sec this turn | 300 sec total | 5 sec grace\n|\n|t:|1783549115\n|switch|p2a: Kommo-o|Kommo-o, L77, F|242/242\n|turn|12\n|inactive|Time left: 300 sec this turn | 300 sec total\n|\n|t:|1783549116\n|-terastallize|p1a: Excadrill|Water\n|move|p1a: Excadrill|Earthquake|p2a: Kommo-o\n|-damage|p2a: Kommo-o|52/242\n|move|p2a: Kommo-o|Close Combat|p1a: Excadrill\n|-damage|p1a: Excadrill|37/100\n|-unboost|p2a: Kommo-o|def|1\n|-unboost|p2a: Kommo-o|spd|1\n|\n|-heal|p1a: Excadrill|43/100|[from] item: Leftovers\n|upkeep\n|turn|13\n|inactive|Time left: 300 sec this turn | 300 sec total\n|\n|t:|1783549117\n|-terastallize|p2a: Kommo-o|Steel\n|move|p1a: Excadrill|Earthquake|p2a: Kommo-o\n|-supereffective|p2a: Kommo-o\n|-damage|p2a: Kommo-o|0 fnt\n|faint|p2a: Kommo-o\n|\n|-heal|p1a: Excadrill|49/100|[from] item: Leftovers\n|upkeep\n|inactive|Time left: 300 sec this turn | 300 sec total | 5 sec grace\n|\n|t:|1783549118\n|switch|p2a: Amoonguss|Amoonguss, L82, F|321/321\n|turn|14\n|inactive|Time left: 300 sec this turn | 300 sec total\n|\n|t:|1783549119\n|move|p1a: Excadrill|Iron Head|p2a: Amoonguss\n|-damage|p2a: Amoonguss|77/321\n|-damage|p1a: Excadrill|33/100|[from] item: Rocky Helmet|[of] p2a: Amoonguss\n|move|p2a: Amoonguss|Giga Drain|p1a: Excadrill\n|-supereffective|p1a: Excadrill\n|-damage|p1a: Excadrill|0 fnt\n|-heal|p2a: Amoonguss|126/321|[from] drain|[of] p1a: Excadrill\n|faint|p1a: Excadrill\n|\n|upkeep\n|\n|t:|1783549119\n|switch|p1a: Flygon|Flygon, L82, F|100/100\n|-damage|p1a: Flygon|94/100|[from] Stealth Rock\n|turn|15\n|inactive|Time left: 300 sec this turn | 300 sec total\n|\n|t:|1783549121\n|switch|p2a: Grimmsnarl|Grimmsnarl, L83, M|293/293\n|move|p1a: Flygon|Outrage|p2a: Grimmsnarl\n|-immune|p2a: Grimmsnarl\n|\n|upkeep\n|turn|16\n|inactive|Time left: 300 sec this turn | 300 sec total\n|\n|t:|1783549122\n|move|p1a: Flygon|Outrage|p2a: Grimmsnarl\n|-immune|p2a: Grimmsnarl\n|move|p2a: Grimmsnarl|Spirit Break|p1a: Flygon\n|-supereffective|p1a: Flygon\n|-damage|p1a: Flygon|21/100\n|-unboost|p1a: Flygon|spa|1\n|\n|upkeep\n|turn|17\n|inactive|Time left: 300 sec this turn | 300 sec total\n|\n|t:|1783549123\n|move|p2a: Grimmsnarl|Reflect|p2a: Grimmsnarl\n|-sidestart|p2: p0y8594f85|Reflect\n|move|p1a: Flygon|Outrage|p2a: Grimmsnarl\n|-immune|p2a: Grimmsnarl\n|\n|upkeep\n|turn|18\n|inactive|Time left: 300 sec this turn | 300 sec total\n|\n|t:|1783549124\n|move|p1a: Flygon|Outrage|p2a: Grimmsnarl\n|-immune|p2a: Grimmsnarl\n|move|p2a: Grimmsnarl|Spirit Break|p1a: Flygon\n|-supereffective|p1a: Flygon\n|-damage|p1a: Flygon|0 fnt\n|faint|p1a: Flygon\n|\n|upkeep\n|\n|t:|1783549125\n|switch|p1a: Metagross|Metagross, L79|52/100 par\n|-damage|p1a: Metagross|46/100 par|[from] Stealth Rock\n|turn|19\n|inactive|Time left: 300 sec this turn | 300 sec total\n|\n|t:|1783549126\n|move|p2a: Grimmsnarl|Light Screen|p2a: Grimmsnarl\n|-sidestart|p2: p0y8594f85|move: Light Screen\n|cant|p1a: Metagross|par\n|\n|upkeep\n|turn|20\n|inactive|Time left: 300 sec this turn | 300 sec total\n|\n|t:|1783549127\n|move|p2a: Grimmsnarl|Parting Shot|p1a: Metagross\n|-fail|p1a: Metagross|unboost|[from] ability: Clear Body|[of] p1a: Metagross\n|move|p1a: Metagross|Heavy Slam|p2a: Grimmsnarl\n|-supereffective|p2a: Grimmsnarl\n|-damage|p2a: Grimmsnarl|103/293\n|\n|upkeep\n|turn|21\n|inactive|Time left: 300 sec this turn | 300 sec total\n|\n|t:|1783549128\n|move|p2a: Grimmsnarl|Spirit Break|p1a: Metagross\n|-resisted|p1a: Metagross\n|-damage|p1a: Metagross|33/100 par\n|move|p1a: Metagross|Heavy Slam|p2a: Grimmsnarl\n|-supereffective|p2a: Grimmsnarl\n|-crit|p2a: Grimmsnarl\n|-damage|p2a: Grimmsnarl|0 fnt\n|faint|p2a: Grimmsnarl\n|\n|upkeep\n|inactive|Time left: 300 sec this turn | 300 sec total | 5 sec grace\n|\n|t:|1783549129\n|switch|p2a: Cresselia|Cresselia, L80, F|323/323\n|turn|22\n|inactive|Time left: 300 sec this turn | 300 sec total\n|\n|t:|1783549130\n|move|p2a: Cresselia|Calm Mind|p2a: Cresselia\n|-boost|p2a: Cresselia|spa|1\n|-boost|p2a: Cresselia|spd|1\n|cant|p1a: Metagross|par\n|\n|upkeep\n|turn|23\n|inactive|Time left: 300 sec this turn | 300 sec total\n|\n|t:|1783549132\n|move|p2a: Cresselia|Calm Mind|p2a: Cresselia\n|-boost|p2a: Cresselia|spa|1\n|-boost|p2a: Cresselia|spd|1\n|move|p1a: Metagross|Agility|p1a: Metagross\n|-boost|p1a: Metagross|spe|2\n|\n|upkeep\n|turn|24\n|inactive|Time left: 300 sec this turn | 300 sec total\n|\n|t:|1783549133\n|move|p2a: Cresselia|Thunderbolt|p1a: Metagross\n|-damage|p1a: Metagross|0 fnt\n|faint|p1a: Metagross\n|\n|-sideend|p2: p0y8594f85|Reflect\n|upkeep\n|\n|t:|1783549134\n|switch|p1a: Deoxys|Deoxys-Speed, L82|100/100\n|-damage|p1a: Deoxys|88/100|[from] Stealth Rock\n|-ability|p1a: Deoxys|Pressure\n|turn|25\n|inactive|Time left: 300 sec this turn | 300 sec total\n|\n|t:|1783549135\n|move|p1a: Deoxys|Knock Off|p2a: Cresselia\n|-supereffective|p2a: Cresselia\n|-crit|p2a: Cresselia\n|-damage|p2a: Cresselia|141/323\n|-enditem|p2a: Cresselia|Leftovers|[from] move: Knock Off|[of] p1a: Deoxys\n|move|p2a: Cresselia|Thunderbolt|p1a: Deoxys\n|-damage|p1a: Deoxys|40/100\n|\n|-heal|p1a: Deoxys|46/100|[from] item: Leftovers\n|upkeep\n|turn|26\n|inactive|Time left: 300 sec this turn | 300 sec total\n|\n|t:|1783549136\n|move|p1a: Deoxys|Knock Off|p2a: Cresselia\n|-supereffective|p2a: Cresselia\n|-damage|p2a: Cresselia|63/323\n|move|p2a: Cresselia|Moonlight|p2a: Cresselia\n|-heal|p2a: Cresselia|224/323\n|\n|-heal|p1a: Deoxys|52/100|[from] item: Leftovers\n|-sideend|p2: p0y8594f85|move: Light Screen\n|upkeep\n|turn|27\n|inactive|Time left: 300 sec this turn | 300 sec total\n|\n|t:|1783549137\n|move|p1a: Deoxys|Knock Off|p2a: Cresselia\n|-supereffective|p2a: Cresselia\n|-damage|p2a: Cresselia|146/323\n|move|p2a: Cresselia|Thunderbolt|p1a: Deoxys\n|-damage|p1a: Deoxys|8/100\n|\n|-heal|p1a: Deoxys|14/100|[from] item: Leftovers\n|upkeep\n|turn|28\n|inactive|Time left: 300 sec this turn | 300 sec total\n|\n|t:|1783549139\n|move|p1a: Deoxys|Knock Off|p2a: Cresselia\n|-supereffective|p2a: Cresselia\n|-damage|p2a: Cresselia|68/323\n|move|p2a: Cresselia|Moonlight|p2a: Cresselia\n|-heal|p2a: Cresselia|229/323\n|\n|-heal|p1a: Deoxys|20/100|[from] item: Leftovers\n|upkeep\n|turn|29\n|inactive|Time left: 300 sec this turn | 300 sec total\n|\n|t:|1783549140\n|move|p1a: Deoxys|Knock Off|p2a: Cresselia\n|-supereffective|p2a: Cresselia\n|-damage|p2a: Cresselia|151/323\n|move|p2a: Cresselia|Moonlight|p2a: Cresselia\n|-heal|p2a: Cresselia|312/323\n|\n|-heal|p1a: Deoxys|26/100|[from] item: Leftovers\n|upkeep\n|turn|30\n|inactive|Time left: 300 sec this turn | 300 sec total\n|\n|t:|1783549141\n|move|p1a: Deoxys|Knock Off|p2a: Cresselia\n|-supereffective|p2a: Cresselia\n|-damage|p2a: Cresselia|238/323\n|move|p2a: Cresselia|Psyshock|p1a: Deoxys\n|-resisted|p1a: Deoxys\n|-damage|p1a: Deoxys|0 fnt\n|faint|p1a: Deoxys\n|\n|upkeep\n|\n|t:|1783549142\n|switch|p1a: Palkia|Palkia, L75|100/100\n|-damage|p1a: Palkia|88/100|[from] Stealth Rock\n|-ability|p1a: Palkia|Pressure\n|turn|31\n|inactive|Time left: 300 sec this turn | 300 sec total\n|\n|t:|1783549143\n|move|p1a: Palkia|Thunder Wave|p2a: Cresselia\n|-status|p2a: Cresselia|par\n|move|p2a: Cresselia|Psyshock|p1a: Palkia\n|-damage|p1a: Palkia|39/100\n|\n|upkeep\n|turn|32\n|inactive|Time left: 300 sec this turn | 300 sec total\n|\n|t:|1783549144\n|move|p1a: Palkia|Spacial Rend|p2a: Cresselia\n|-damage|p2a: Cresselia|178/323 par\n|move|p2a: Cresselia|Psyshock|p1a: Palkia\n|-damage|p1a: Palkia|0 fnt\n|faint|p1a: Palkia\n|\n|upkeep\n|\n|t:|1783549145\n|switch|p1a: Zapdos|Zapdos-Galar, L77|100/100\n|-damage|p1a: Zapdos|88/100|[from] Stealth Rock\n|turn|33\n|inactive|Time left: 300 sec this turn | 300 sec total\n|\n|t:|1783549146\n|move|p1a: Zapdos|Bulk Up|p1a: Zapdos\n|-boost|p1a: Zapdos|atk|1\n|-boost|p1a: Zapdos|def|1\n|move|p2a: Cresselia|Thunderbolt|p1a: Zapdos\n|-supereffective|p1a: Zapdos\n|-damage|p1a: Zapdos|15/100\n|\n|upkeep\n|turn|34\n|inactive|Time left: 300 sec this turn | 300 sec total\n|\n|t:|1783549147\n|switch|p2a: Amoonguss|Amoonguss, L82, F|233/321\n|move|p1a: Zapdos|Bulk Up|p1a: Zapdos\n|-boost|p1a: Zapdos|atk|1\n|-boost|p1a: Zapdos|def|1\n|\n|upkeep\n|turn|35\n|inactive|Time left: 300 sec this turn | 300 sec total\n|\n|t:|1783549148\n|move|p1a: Zapdos|Bulk Up|p1a: Zapdos\n|-boost|p1a: Zapdos|atk|1\n|-boost|p1a: Zapdos|def|1\n|move|p2a: Amoonguss|Sludge Bomb|p1a: Zapdos\n|-damage|p1a: Zapdos|0 fnt\n|faint|p1a: Zapdos\n|\n|win|p0y8594f85", "uploadtime": 1783549148, "views": 0, "rating": 0, "private": 0, "password": null, "_winner": "p0y8594f85", "_our_name": "p0y8594f85"}