{"id": "battle-gen9randombattle-1309", "formatid": "gen9randombattle", "format": "[Gen 9] Random Battle", "players": ["p0x13098941", "p0y130901d3"], "log": "|init|battle\n|title|p0x13098941 vs. p0y130901d3\n|j|\u2606p0x13098941\n|j|\u2606p0y130901d3\n|t:|1783554313\n|gametype|singles\n|player|p1|p0x13098941|101|\n|player|p2|p0y130901d3|101|\n|gen|9\n|tier|[Gen 9] Random Battle\n|rule|Species Clause: Limit one of each Pok\u00e9mon\n|rule|HP Percentage Mod: HP is shown in percentages\n|rule|Sleep Clause Mod: Limit one foe put to sleep\n|rule|Illusion Level Mod: Illusion disguises the Pok\u00e9mon's true level\n|\n|t:|1783554313\n|teamsize|p1|6\n|teamsize|p2|6\n|start\n|switch|p1a: Dedenne|Dedenne, L88, F|261/261\n|switch|p2a: Zebstrika|Zebstrika, L87, F|100/100\n|turn|1\n|inactive|Battle timer is ON: inactive players will automatically lose when time's up. (requested by p0x13098941)\n|inactive|p0y130901d3 also wants the timer to be on.\n|\n|t:|1783554314\n|switch|p1a: Tropius|Tropius, L91, F|328/328\n|move|p2a: Zebstrika|High Horsepower|p1a: Tropius\n|-immune|p1a: Tropius\n|\n|upkeep\n|turn|2\n|inactive|Time left: 300 sec this turn | 300 sec total\n|\n|t:|1783554315\n|switch|p2a: Mightyena|Mightyena, L96, F|100/100\n|-ability|p2a: Mightyena|Intimidate|boost\n|-unboost|p1a: Tropius|atk|1\n|move|p1a: Tropius|Dragon Dance|p1a: Tropius\n|-boost|p1a: Tropius|atk|1\n|-boost|p1a: Tropius|spe|1\n|\n|upkeep\n|turn|3\n|inactive|Time left: 300 sec this turn | 300 sec total\n|\n|t:|1783554317\n|move|p1a: Tropius|Dragon Dance|p1a: Tropius\n|-boost|p1a: Tropius|atk|1\n|-boost|p1a: Tropius|spe|1\n|move|p2a: Mightyena|Throat Chop|p1a: Tropius\n|-damage|p1a: Tropius|169/328\n|-start|p1a: Tropius|Throat Chop|[silent]\n|\n|upkeep\n|turn|4\n|inactive|Time left: 300 sec this turn | 300 sec total\n|\n|t:|1783554318\n|move|p1a: Tropius|Leaf Blade|p2a: Mightyena\n|-damage|p2a: Mightyena|53/100\n|move|p2a: Mightyena|Throat Chop|p1a: Tropius\n|-damage|p1a: Tropius|15/328\n|-enditem|p1a: Tropius|Sitrus Berry|[eat]\n|-heal|p1a: Tropius|97/328|[from] item: Sitrus Berry\n|\n|-end|p1a: Tropius|Throat Chop|[silent]\n|upkeep\n|turn|5\n|inactive|Time left: 300 sec this turn | 300 sec total\n|\n|t:|1783554319\n|move|p1a: Tropius|Leaf Blade|p2a: Mightyena\n|-damage|p2a: Mightyena|5/100\n|move|p2a: Mightyena|Throat Chop|p1a: Tropius\n|-damage|p1a: Tropius|0 fnt\n|faint|p1a: Tropius\n|\n|upkeep\n|inactive|Time left: 300 sec this turn | 300 sec total | 5 sec grace\n|\n|t:|1783554320\n|switch|p1a: Drednaw|Drednaw, L81, F|278/278\n|turn|6\n|inactive|Time left: 300 sec this turn | 300 sec total\n|\n|t:|1783554321\n|move|p2a: Mightyena|Throat Chop|p1a: Drednaw\n|-damage|p1a: Drednaw|128/278\n|-start|p1a: Drednaw|Throat Chop|[silent]\n|move|p1a: Drednaw|Shell Smash|p1a: Drednaw\n|-unboost|p1a: Drednaw|def|1\n|-unboost|p1a: Drednaw|spd|1\n|-boost|p1a: Drednaw|atk|2\n|-boost|p1a: Drednaw|spa|2\n|-boost|p1a: Drednaw|spe|2\n|-enditem|p1a: Drednaw|White Herb\n|-clearnegativeboost|p1a: Drednaw|[silent]\n|\n|upkeep\n|turn|7\n|inactive|Time left: 300 sec this turn | 300 sec total\n|\n|t:|1783554322\n|move|p1a: Drednaw|Liquidation|p2a: Mightyena\n|-damage|p2a: Mightyena|0 fnt\n|faint|p2a: Mightyena\n|\n|-end|p1a: Drednaw|Throat Chop|[silent]\n|upkeep\n|\n|t:|1783554323\n|switch|p2a: Zarude|Zarude-Dada, L77|100/100\n|turn|8\n|inactive|Time left: 300 sec this turn | 300 sec total\n|\n|t:|1783554324\n|move|p1a: Drednaw|Stone Edge|p2a: Zarude\n|-damage|p2a: Zarude|25/100\n|move|p2a: Zarude|Power Whip|p1a: Drednaw\n|-supereffective|p1a: Drednaw\n|-damage|p1a: Drednaw|0 fnt\n|faint|p1a: Drednaw\n|\n|upkeep\n|inactive|Time left: 300 sec this turn | 300 sec total | 5 sec grace\n|\n|t:|1783554325\n|switch|p1a: Haxorus|Haxorus, L77, M|244/244\n|-ability|p1a: Haxorus|Mold Breaker\n|turn|9\n|inactive|Time left: 300 sec this turn | 300 sec total\n|\n|t:|1783554326\n|move|p2a: Zarude|Power Whip|p1a: Haxorus\n|-resisted|p1a: Haxorus\n|-damage|p1a: Haxorus|182/244\n|move|p1a: Haxorus|Dragon Dance|p1a: Haxorus\n|-boost|p1a: Haxorus|atk|1\n|-boost|p1a: Haxorus|spe|1\n|\n|upkeep\n|turn|10\n|inactive|Time left: 300 sec this turn | 300 sec total\n|\n|t:|1783554327\n|move|p2a: Zarude|Power Whip|p1a: Haxorus\n|-resisted|p1a: Haxorus\n|-damage|p1a: Haxorus|112/244\n|move|p1a: Haxorus|Dragon Dance|p1a: Haxorus\n|-boost|p1a: Haxorus|atk|1\n|-boost|p1a: Haxorus|spe|1\n|\n|upkeep\n|turn|11\n|inactive|Time left: 300 sec this turn | 300 sec total\n|\n|t:|1783554328\n|move|p1a: Haxorus|Earthquake|p2a: Zarude\n|-resisted|p2a: Zarude\n|-damage|p2a: Zarude|0 fnt\n|faint|p2a: Zarude\n|\n|upkeep\n|\n|t:|1783554329\n|switch|p2a: Illumise|Illumise, L91, F|100/100\n|turn|12\n|inactive|Time left: 300 sec this turn | 300 sec total\n|\n|t:|1783554330\n|move|p2a: Illumise|Encore|p1a: Haxorus\n|-start|p1a: Haxorus|Encore\n|move|p1a: Haxorus|Earthquake|p2a: Illumise\n|-resisted|p2a: Illumise\n|-damage|p2a: Illumise|71/100\n|\n|upkeep\n|turn|13\n|inactive|Time left: 300 sec this turn | 300 sec total\n|\n|t:|1783554331\n|move|p1a: Haxorus|Earthquake|p2a: Illumise\n|-resisted|p2a: Illumise\n|-damage|p2a: Illumise|37/100\n|move|p2a: Illumise|Bug Buzz|p1a: Haxorus\n|-damage|p1a: Haxorus|0 fnt\n|faint|p1a: Haxorus\n|\n|upkeep\n|inactive|Time left: 300 sec this turn | 300 sec total | 5 sec grace\n|\n|t:|1783554332\n|switch|p1a: Furret|Furret, L94, F|312/312\n|-item|p2a: Illumise|Heavy-Duty Boots|[from] ability: Frisk|[of] p1a: Furret\n|turn|14\n|inactive|Time left: 300 sec this turn | 300 sec total\n|\n|t:|1783554333\n|move|p2a: Illumise|Roost|p2a: Illumise\n|-heal|p2a: Illumise|87/100\n|-singleturn|p2a: Illumise|move: Roost\n|move|p1a: Furret|Tidy Up|p1a: Furret\n|-boost|p1a: Furret|atk|1\n|-boost|p1a: Furret|spe|1\n|\n|upkeep\n|turn|15\n|inactive|Time left: 300 sec this turn | 300 sec total\n|\n|t:|1783554334\n|move|p2a: Illumise|Encore|p1a: Furret\n|-start|p1a: Furret|Encore\n|move|p1a: Furret|Tidy Up|p1a: Furret\n|-boost|p1a: Furret|atk|1\n|-boost|p1a: Furret|spe|1\n|\n|upkeep\n|turn|16\n|inactive|Time left: 300 sec this turn | 300 sec total\n|\n|t:|1783554335\n|switch|p2a: Infernape|Infernape, L82, M|100/100\n|move|p1a: Furret|Tidy Up|p1a: Furret\n|-boost|p1a: Furret|atk|1\n|-boost|p1a: Furret|spe|1\n|\n|upkeep\n|turn|17\n|inactive|Time left: 300 sec this turn | 300 sec total\n|\n|t:|1783554336\n|move|p1a: Furret|Tidy Up|p1a: Furret\n|-boost|p1a: Furret|atk|1\n|-boost|p1a: Furret|spe|1\n|move|p2a: Infernape|Close Combat|p1a: Furret\n|-supereffective|p1a: Furret\n|-damage|p1a: Furret|0 fnt\n|-unboost|p2a: Infernape|def|1\n|-unboost|p2a: Infernape|spd|1\n|faint|p1a: Furret\n|-damage|p2a: Infernape|91/100|[from] item: Life Orb\n|\n|upkeep\n|inactive|Time left: 300 sec this turn | 300 sec total | 5 sec grace\n|\n|t:|1783554338\n|switch|p1a: Dedenne|Dedenne, L88, F|261/261\n|turn|18\n|inactive|Time left: 300 sec this turn | 300 sec total\n|\n|t:|1783554339\n|switch|p2a: Zebstrika|Zebstrika, L87, F|100/100\n|move|p1a: Dedenne|Dazzling Gleam|p2a: Zebstrika\n|-damage|p2a: Zebstrika|62/100\n|\n|upkeep\n|turn|19\n|inactive|Time left: 300 sec this turn | 300 sec total\n|\n|t:|1783554340\n|move|p2a: Zebstrika|High Horsepower|p1a: Dedenne\n|-supereffective|p1a: Dedenne\n|-damage|p1a: Dedenne|0 fnt\n|faint|p1a: Dedenne\n|-damage|p2a: Zebstrika|52/100|[from] item: Life Orb\n|\n|upkeep\n|inactive|Time left: 300 sec this turn | 300 sec total | 5 sec grace\n|\n|t:|1783554341\n|switch|p1a: Cobalion|Cobalion, L80|277/277\n|turn|20\n|inactive|Time left: 300 sec this turn | 300 sec total\n|\n|t:|1783554342\n|-terastallize|p1a: Cobalion|Water\n|move|p2a: Zebstrika|Volt Switch|p1a: Cobalion\n|-supereffective|p1a: Cobalion\n|-damage|p1a: Cobalion|66/277\n|-damage|p2a: Zebstrika|42/100|[from] item: Life Orb\n|\n|t:|1783554343\n|switch|p2a: Raichu|Raichu-Alola, L87, M|100/100|[from] Volt Switch\n|move|p1a: Cobalion|Aura Sphere|p2a: Raichu\n|-resisted|p2a: Raichu\n|-damage|p2a: Raichu|86/100\n|\n|-heal|p1a: Cobalion|83/277|[from] item: Leftovers\n|upkeep\n|turn|21\n|inactive|Time left: 300 sec this turn | 300 sec total\n|\n|t:|1783554344\n|-terastallize|p2a: Raichu|Fairy\n|move|p2a: Raichu|Psychic|p1a: Cobalion\n|-crit|p1a: Cobalion\n|-damage|p1a: Cobalion|0 fnt\n|faint|p1a: Cobalion\n|\n|win|p0y130901d3", "uploadtime": 1783554344, "views": 0, "rating": 0, "private": 0, "password": null, "_winner": "p0y130901d3", "_our_name": "p0x13098941"}