{"id": "battle-gen9randombattle-829", "formatid": "gen9randombattle", "format": "[Gen 9] Random Battle", "players": ["p0x8293a3a", "p0y829f4f1"], "log": "|init|battle\n|title|p0x8293a3a vs. p0y829f4f1\n|j|\u2606p0x8293a3a\n|j|\u2606p0y829f4f1\n|t:|1783548760\n|gametype|singles\n|player|p1|p0x8293a3a|101|\n|player|p2|p0y829f4f1|102|\n|gen|9\n|tier|[Gen 9] Random Battle\n|rule|Species Clause: Limit one of each Pok\u00e9mon\n|rule|HP Percentage Mod: HP is shown in percentages\n|rule|Sleep Clause Mod: Limit one foe put to sleep\n|rule|Illusion Level Mod: Illusion disguises the Pok\u00e9mon's true level\n|\n|t:|1783548760\n|teamsize|p1|6\n|teamsize|p2|6\n|start\n|switch|p1a: Palossand|Palossand, L89, F|100/100\n|switch|p2a: Terrakion|Terrakion, L79|273/273\n|turn|1\n|inactive|Battle timer is ON: inactive players will automatically lose when time's up. (requested by p0x8293a3a)\n|inactive|Time left: 300 sec this turn | 300 sec total | 60 sec grace\n|inactive|p0y829f4f1 also wants the timer to be on.\n|\n|t:|1783548761\n|switch|p2a: Enamorus|Enamorus-Therian, L83, F|259/259\n|move|p1a: Palossand|Earth Power|p2a: Enamorus\n|-immune|p2a: Enamorus\n|\n|upkeep\n|turn|2\n|inactive|Time left: 300 sec this turn | 300 sec total\n|\n|t:|1783548762\n|move|p2a: Enamorus|Moonblast|p1a: Palossand\n|-crit|p1a: Palossand\n|-damage|p1a: Palossand|32/100\n|move|p1a: Palossand|Stealth Rock|p2a: Enamorus\n|-sidestart|p2: p0y829f4f1|move: Stealth Rock\n|\n|-heal|p1a: Palossand|38/100|[from] item: Leftovers\n|upkeep\n|turn|3\n|inactive|Time left: 300 sec this turn | 300 sec total\n|\n|t:|1783548764\n|move|p2a: Enamorus|Moonblast|p1a: Palossand\n|-damage|p1a: Palossand|0 fnt\n|faint|p1a: Palossand\n|\n|upkeep\n|\n|t:|1783548765\n|switch|p1a: Sneasler|Sneasler, L74, F|100/100\n|turn|4\n|inactive|Time left: 300 sec this turn | 300 sec total\n|\n|t:|1783548766\n|move|p1a: Sneasler|Dire Claw|p2a: Enamorus\n|-supereffective|p2a: Enamorus\n|-damage|p2a: Enamorus|65/259\n|-enditem|p2a: Enamorus|Weakness Policy\n|-boost|p2a: Enamorus|atk|2|[from] item: Weakness Policy\n|-boost|p2a: Enamorus|spa|2|[from] item: Weakness Policy\n|-status|p2a: Enamorus|psn|[from] ability: Poison Touch|[of] p1a: Sneasler\n|move|p2a: Enamorus|Moonblast|p1a: Sneasler\n|-damage|p1a: Sneasler|0 fnt\n|faint|p1a: Sneasler\n|\n|-damage|p2a: Enamorus|33/259 psn|[from] psn\n|upkeep\n|\n|t:|1783548767\n|switch|p1a: Minun|Minun, L95, F|100/100\n|turn|5\n|inactive|Time left: 300 sec this turn | 300 sec total\n|\n|t:|1783548768\n|move|p1a: Minun|Alluring Voice|p2a: Enamorus\n|-damage|p2a: Enamorus|0 fnt\n|faint|p2a: Enamorus\n|-damage|p1a: Minun|91/100|[from] item: Life Orb\n|\n|upkeep\n|inactive|Time left: 300 sec this turn | 300 sec total | 5 sec grace\n|\n|t:|1783548769\n|switch|p2a: Terrakion|Terrakion, L79|273/273\n|-damage|p2a: Terrakion|256/273|[from] Stealth Rock\n|turn|6\n|inactive|Time left: 300 sec this turn | 300 sec total\n|\n|t:|1783548770\n|-terastallize|p1a: Minun|Fairy\n|move|p1a: Minun|Alluring Voice|p2a: Terrakion\n|-supereffective|p2a: Terrakion\n|-damage|p2a: Terrakion|22/273\n|-damage|p1a: Minun|81/100|[from] item: Life Orb\n|move|p2a: Terrakion|Close Combat|p1a: Minun\n|-resisted|p1a: Minun\n|-damage|p1a: Minun|30/100\n|-unboost|p2a: Terrakion|def|1\n|-unboost|p2a: Terrakion|spd|1\n|\n|upkeep\n|turn|7\n|inactive|Time left: 300 sec this turn | 300 sec total\n|\n|t:|1783548772\n|move|p1a: Minun|Thunderbolt|p2a: Terrakion\n|-damage|p2a: Terrakion|0 fnt\n|faint|p2a: Terrakion\n|-damage|p1a: Minun|21/100|[from] item: Life Orb\n|\n|upkeep\n|inactive|Time left: 300 sec this turn | 300 sec total | 5 sec grace\n|\n|t:|1783548772\n|switch|p2a: Grumpig|Grumpig, L92, M|297/297\n|-damage|p2a: Grumpig|260/297|[from] Stealth Rock\n|turn|8\n|inactive|Time left: 300 sec this turn | 300 sec total\n|\n|t:|1783548773\n|move|p1a: Minun|Thunderbolt|p2a: Grumpig\n|-damage|p2a: Grumpig|151/297\n|-status|p2a: Grumpig|par\n|-damage|p1a: Minun|11/100|[from] item: Life Orb\n|cant|p2a: Grumpig|par\n|\n|-heal|p2a: Grumpig|169/297 par|[from] item: Leftovers\n|upkeep\n|turn|9\n|inactive|Time left: 300 sec this turn | 300 sec total\n|\n|t:|1783548775\n|move|p1a: Minun|Alluring Voice|p2a: Grumpig\n|-damage|p2a: Grumpig|75/297 par\n|-damage|p1a: Minun|1/100|[from] item: Life Orb\n|move|p2a: Grumpig|Psyshock|p1a: Minun\n|-damage|p1a: Minun|0 fnt\n|faint|p1a: Minun\n|\n|-heal|p2a: Grumpig|93/297 par|[from] item: Leftovers\n|upkeep\n|\n|t:|1783548776\n|switch|p1a: Flygon|Flygon, L82, M|100/100\n|turn|10\n|inactive|Time left: 300 sec this turn | 300 sec total\n|\n|t:|1783548777\n|switch|p2a: Clefable|Clefable, L83, M|293/293\n|-damage|p2a: Clefable|257/293|[from] Stealth Rock\n|move|p1a: Flygon|Outrage|p2a: Clefable\n|-immune|p2a: Clefable\n|\n|-heal|p2a: Clefable|275/293|[from] item: Leftovers\n|upkeep\n|turn|11\n|inactive|Time left: 300 sec this turn | 300 sec total\n|\n|t:|1783548777\n|move|p1a: Flygon|Outrage|p2a: Clefable\n|-immune|p2a: Clefable\n|move|p2a: Clefable|Calm Mind|p2a: Clefable\n|-boost|p2a: Clefable|spa|1\n|-boost|p2a: Clefable|spd|1\n|\n|-heal|p2a: Clefable|293/293|[from] item: Leftovers\n|upkeep\n|turn|12\n|inactive|Time left: 300 sec this turn | 300 sec total\n|\n|t:|1783548779\n|move|p1a: Flygon|Outrage|p2a: Clefable\n|-immune|p2a: Clefable\n|move|p2a: Clefable|Moonblast|p1a: Flygon\n|-supereffective|p1a: Flygon\n|-damage|p1a: Flygon|0 fnt\n|faint|p1a: Flygon\n|\n|upkeep\n|\n|t:|1783548780\n|switch|p1a: Mew|Mew, L82|100/100\n|turn|13\n|inactive|Time left: 300 sec this turn | 300 sec total\n|\n|t:|1783548781\n|move|p1a: Mew|Psychic Noise|p2a: Clefable\n|-damage|p2a: Clefable|244/293\n|-start|p2a: Clefable|move: Heal Block\n|move|p2a: Clefable|Moonblast|p1a: Mew\n|-damage|p1a: Mew|55/100\n|\n|-heal|p1a: Mew|61/100|[from] item: Leftovers\n|upkeep\n|turn|14\n|inactive|Time left: 300 sec this turn | 300 sec total\n|\n|t:|1783548783\n|move|p1a: Mew|Psychic Noise|p2a: Clefable\n|-damage|p2a: Clefable|193/293\n|move|p2a: Clefable|Moonblast|p1a: Mew\n|-damage|p1a: Mew|14/100\n|-unboost|p1a: Mew|spa|1\n|\n|-heal|p1a: Mew|20/100|[from] item: Leftovers\n|-end|p2a: Clefable|move: Heal Block\n|upkeep\n|turn|15\n|inactive|Time left: 300 sec this turn | 300 sec total\n|\n|t:|1783548785\n|move|p1a: Mew|Psychic Noise|p2a: Clefable\n|-damage|p2a: Clefable|139/293\n|-start|p2a: Clefable|move: Heal Block\n|move|p2a: Clefable|Moonblast|p1a: Mew\n|-damage|p1a: Mew|0 fnt\n|faint|p1a: Mew\n|\n|upkeep\n|\n|t:|1783548786\n|switch|p1a: Zapdos|Zapdos-Galar, L77|100/100\n|turn|16\n|inactive|Time left: 300 sec this turn | 300 sec total\n|\n|t:|1783548787\n|move|p1a: Zapdos|Close Combat|p2a: Clefable\n|-resisted|p2a: Clefable\n|-damage|p2a: Clefable|34/293\n|-unboost|p1a: Zapdos|def|1\n|-unboost|p1a: Zapdos|spd|1\n|-damage|p1a: Zapdos|91/100|[from] item: Life Orb\n|move|p2a: Clefable|Moonblast|p1a: Zapdos\n|-supereffective|p1a: Zapdos\n|-damage|p1a: Zapdos|0 fnt\n|faint|p1a: Zapdos\n|\n|win|p0y829f4f1", "uploadtime": 1783548787, "views": 0, "rating": 0, "private": 0, "password": null, "_winner": "p0y829f4f1", "_our_name": "p0y829f4f1"}