{"id": "battle-gen9randombattle-1098", "formatid": "gen9randombattle", "format": "[Gen 9] Random Battle", "players": ["p0x1098920e", "p0y10987500"], "log": "|init|battle\n|title|p0x1098920e vs. p0y10987500\n|j|\u2606p0x1098920e\n|j|\u2606p0y10987500\n|t:|1783552706\n|gametype|singles\n|player|p1|p0x1098920e|102|\n|player|p2|p0y10987500|169|\n|gen|9\n|tier|[Gen 9] Random Battle\n|rule|Species Clause: Limit one of each Pok\u00e9mon\n|rule|HP Percentage Mod: HP is shown in percentages\n|rule|Sleep Clause Mod: Limit one foe put to sleep\n|rule|Illusion Level Mod: Illusion disguises the Pok\u00e9mon's true level\n|\n|t:|1783552706\n|teamsize|p1|6\n|teamsize|p2|6\n|start\n|switch|p1a: Ariados|Ariados, L95, F|100/100\n|switch|p2a: Glaceon|Glaceon, L94, F|275/275\n|turn|1\n|inactive|Battle timer is ON: inactive players will automatically lose when time's up. (requested by p0y10987500)\n|inactive|p0x1098920e also wants the timer to be on.\n|\n|t:|1783552707\n|move|p2a: Glaceon|Freeze-Dry|p1a: Ariados\n|-damage|p1a: Ariados|61/100\n|move|p1a: Ariados|Sticky Web|p2a: Glaceon\n|-sidestart|p2: p0y10987500|move: Sticky Web\n|\n|upkeep\n|turn|2\n|inactive|Time left: 300 sec this turn | 300 sec total\n|\n|t:|1783552708\n|move|p2a: Glaceon|Freeze-Dry|p1a: Ariados\n|-damage|p1a: Ariados|17/100\n|move|p1a: Ariados|Megahorn|p2a: Glaceon\n|-damage|p2a: Glaceon|152/275\n|\n|upkeep\n|turn|3\n|inactive|Time left: 300 sec this turn | 300 sec total\n|\n|t:|1783552709\n|switch|p1a: Heatran|Heatran, L79, F|100/100\n|-item|p1a: Heatran|Air Balloon\n|move|p2a: Glaceon|Freeze-Dry|p1a: Heatran\n|-resisted|p1a: Heatran\n|-damage|p1a: Heatran|91/100\n|-enditem|p1a: Heatran|Air Balloon\n|\n|upkeep\n|turn|4\n|inactive|Time left: 300 sec this turn | 300 sec total\n|\n|t:|1783552710\n|-terastallize|p2a: Glaceon|Ground\n|move|p2a: Glaceon|Mud Shot|p1a: Heatran\n|-supereffective|p1a: Heatran\n|-damage|p1a: Heatran|0 fnt\n|faint|p1a: Heatran\n|\n|upkeep\n|\n|t:|1783552711\n|switch|p1a: Chimecho|Chimecho, L93, F|100/100\n|turn|5\n|inactive|Time left: 300 sec this turn | 300 sec total\n|\n|t:|1783552712\n|move|p2a: Glaceon|Freeze-Dry|p1a: Chimecho\n|-damage|p1a: Chimecho|67/100\n|move|p1a: Chimecho|Calm Mind|p1a: Chimecho\n|-boost|p1a: Chimecho|spa|1\n|-boost|p1a: Chimecho|spd|1\n|\n|-heal|p1a: Chimecho|73/100|[from] item: Leftovers\n|upkeep\n|turn|6\n|inactive|Time left: 300 sec this turn | 300 sec total\n|\n|t:|1783552713\n|move|p2a: Glaceon|Freeze-Dry|p1a: Chimecho\n|-damage|p1a: Chimecho|47/100\n|move|p1a: Chimecho|Psyshock|p2a: Glaceon\n|-damage|p2a: Glaceon|35/275\n|\n|-heal|p1a: Chimecho|53/100|[from] item: Leftovers\n|upkeep\n|turn|7\n|inactive|Time left: 300 sec this turn | 300 sec total\n|\n|t:|1783552715\n|move|p2a: Glaceon|Freeze-Dry|p1a: Chimecho\n|-damage|p1a: Chimecho|29/100\n|move|p1a: Chimecho|Psyshock|p2a: Glaceon\n|-damage|p2a: Glaceon|0 fnt\n|faint|p2a: Glaceon\n|\n|-heal|p1a: Chimecho|36/100|[from] item: Leftovers\n|upkeep\n|inactive|Time left: 300 sec this turn | 300 sec total | 5 sec grace\n|\n|t:|1783552716\n|switch|p2a: Noctowl|Noctowl, L95, M|344/344\n|turn|8\n|inactive|Time left: 300 sec this turn | 300 sec total\n|\n|t:|1783552717\n|move|p2a: Noctowl|Nasty Plot|p2a: Noctowl\n|-boost|p2a: Noctowl|spa|2\n|move|p1a: Chimecho|Recover|p1a: Chimecho\n|-heal|p1a: Chimecho|86/100\n|\n|-heal|p1a: Chimecho|92/100|[from] item: Leftovers\n|upkeep\n|turn|9\n|inactive|Time left: 300 sec this turn | 300 sec total\n|\n|t:|1783552718\n|move|p2a: Noctowl|Hurricane|p1a: Chimecho\n|-damage|p1a: Chimecho|40/100\n|-start|p1a: Chimecho|confusion\n|-activate|p1a: Chimecho|confusion\n|-damage|p1a: Chimecho|34/100|[from] confusion\n|\n|-heal|p1a: Chimecho|40/100|[from] item: Leftovers\n|upkeep\n|turn|10\n|inactive|Time left: 300 sec this turn | 300 sec total\n|\n|t:|1783552719\n|move|p2a: Noctowl|Hyper Voice|p1a: Chimecho\n|-damage|p1a: Chimecho|0 fnt\n|faint|p1a: Chimecho\n|\n|upkeep\n|\n|t:|1783552720\n|switch|p1a: Pincurchin|Pincurchin, F|100/100\n|-fieldstart|move: Electric Terrain|[from] ability: Electric Surge|[of] p1a: Pincurchin\n|turn|11\n|inactive|Time left: 300 sec this turn | 300 sec total\n|\n|t:|1783552721\n|move|p2a: Noctowl|Hurricane|p1a: Pincurchin\n|-resisted|p1a: Pincurchin\n|-damage|p1a: Pincurchin|15/100\n|move|p1a: Pincurchin|Zing Zap|p2a: Noctowl\n|-supereffective|p2a: Noctowl\n|-damage|p2a: Noctowl|0 fnt\n|faint|p2a: Noctowl\n|\n|-heal|p1a: Pincurchin|21/100|[from] item: Leftovers\n|upkeep\n|inactive|Time left: 300 sec this turn | 300 sec total | 5 sec grace\n|\n|t:|1783552722\n|switch|p2a: Kyurem|Kyurem-White, L73|303/303\n|-activate|p2a: Kyurem|move: Sticky Web\n|-unboost|p2a: Kyurem|spe|1\n|-ability|p2a: Kyurem|Turboblaze\n|turn|12\n|inactive|Time left: 300 sec this turn | 300 sec total\n|\n|t:|1783552724\n|move|p2a: Kyurem|Freeze-Dry|p1a: Pincurchin\n|-damage|p1a: Pincurchin|0 fnt\n|faint|p1a: Pincurchin\n|\n|upkeep\n|\n|t:|1783552725\n|switch|p1a: Gengar|Gengar, L81, F|100/100\n|turn|13\n|inactive|Time left: 300 sec this turn | 300 sec total\n|\n|t:|1783552726\n|move|p1a: Gengar|Shadow Ball|p2a: Kyurem\n|-damage|p2a: Kyurem|144/303\n|move|p2a: Kyurem|Freeze-Dry|p1a: Gengar\n|-damage|p1a: Gengar|55/100\n|\n|upkeep\n|turn|14\n|inactive|Time left: 300 sec this turn | 300 sec total\n|\n|t:|1783552727\n|move|p1a: Gengar|Shadow Ball|p2a: Kyurem\n|-damage|p2a: Kyurem|0 fnt\n|faint|p2a: Kyurem\n|\n|upkeep\n|inactive|Time left: 300 sec this turn | 300 sec total | 5 sec grace\n|\n|t:|1783552728\n|switch|p2a: Magnezone|Magnezone, L85|258/258\n|-activate|p2a: Magnezone|move: Sticky Web\n|-unboost|p2a: Magnezone|spe|1\n|turn|15\n|inactive|Time left: 300 sec this turn | 300 sec total\n|\n|t:|1783552729\n|move|p1a: Gengar|Shadow Ball|p2a: Magnezone\n|-damage|p2a: Magnezone|101/258\n|move|p2a: Magnezone|Volt Switch|p1a: Gengar\n|-crit|p1a: Gengar\n|-damage|p1a: Gengar|0 fnt\n|faint|p1a: Gengar\n|inactive|Time left: 300 sec this turn | 300 sec total | 5 sec grace\n|\n|t:|1783552731\n|switch|p2a: Polteageist|Polteageist, L78|222/222|[from] Volt Switch\n|-activate|p2a: Polteageist|move: Sticky Web\n|-unboost|p2a: Polteageist|spe|1\n|-enditem|p2a: Polteageist|White Herb\n|-clearnegativeboost|p2a: Polteageist|[silent]\n|\n|-fieldend|move: Electric Terrain\n|upkeep\n|\n|t:|1783552732\n|switch|p1a: Scyther|Scyther, L82, M|100/100\n|turn|16\n|inactive|Time left: 300 sec this turn | 300 sec total\n|\n|t:|1783552733\n|move|p1a: Scyther|Dual Wingbeat|p2a: Polteageist\n|-damage|p2a: Polteageist|126/222\n|-damage|p2a: Polteageist|38/222\n|-hitcount|p2a: Polteageist|2\n|move|p2a: Polteageist|Shell Smash|p2a: Polteageist\n|-unboost|p2a: Polteageist|def|1\n|-unboost|p2a: Polteageist|spd|1\n|-boost|p2a: Polteageist|atk|2\n|-boost|p2a: Polteageist|spa|2\n|-boost|p2a: Polteageist|spe|2\n|\n|upkeep\n|turn|17\n|inactive|Time left: 300 sec this turn | 300 sec total\n|\n|t:|1783552734\n|move|p2a: Polteageist|Stored Power|p1a: Scyther\n|-damage|p1a: Scyther|4/100\n|move|p1a: Scyther|Dual Wingbeat|p2a: Polteageist|[miss]\n|-miss|p1a: Scyther|p2a: Polteageist\n|\n|upkeep\n|turn|18\n|inactive|Time left: 300 sec this turn | 300 sec total\n|\n|t:|1783552735\n|move|p2a: Polteageist|Stored Power|p1a: Scyther\n|-damage|p1a: Scyther|0 fnt\n|faint|p1a: Scyther\n|\n|upkeep\n|\n|t:|1783552736\n|switch|p1a: Ariados|Ariados, L95, F|17/100\n|turn|19\n|inactive|Time left: 300 sec this turn | 300 sec total\n|\n|t:|1783552737\n|move|p2a: Polteageist|Shadow Ball|p1a: Ariados\n|-damage|p1a: Ariados|0 fnt\n|faint|p1a: Ariados\n|\n|win|p0y10987500", "uploadtime": 1783552737, "views": 0, "rating": 0, "private": 0, "password": null, "_winner": "p0y10987500", "_our_name": "p0y10987500"}