{"id": "battle-gen9randombattle-2784", "formatid": "gen9randombattle", "format": "[Gen 9] Random Battle", "players": ["p0x27842a01", "p0y278476cd"], "log": "|init|battle\n|title|p0x27842a01 vs. p0y278476cd\n|j|\u2606p0x27842a01\n|j|\u2606p0y278476cd\n|t:|1783571057\n|gametype|singles\n|player|p1|p0x27842a01|266|\n|player|p2|p0y278476cd|169|\n|gen|9\n|tier|[Gen 9] Random Battle\n|rule|Species Clause: Limit one of each Pok\u00e9mon\n|rule|HP Percentage Mod: HP is shown in percentages\n|rule|Sleep Clause Mod: Limit one foe put to sleep\n|rule|Illusion Level Mod: Illusion disguises the Pok\u00e9mon's true level\n|\n|t:|1783571057\n|teamsize|p1|6\n|teamsize|p2|6\n|start\n|switch|p1a: Weezing|Weezing, L88, M|258/258\n|switch|p2a: Tauros|Tauros-Paldea-Combat, L82, M|100/100\n|-ability|p2a: Tauros|Intimidate|boost\n|-unboost|p1a: Weezing|atk|1\n|turn|1\n|inactive|Battle timer is ON: inactive players will automatically lose when time's up. (requested by p0y278476cd)\n|inactive|Time left: 300 sec this turn | 300 sec total | 60 sec grace\n|\n|t:|1783571058\n|switch|p2a: Araquanid|Araquanid, L82, M|100/100\n|move|p1a: Weezing|Will-O-Wisp|p2a: Araquanid\n|-immune|p2a: Araquanid|[from] ability: Water Bubble\n|\n|upkeep\n|turn|2\n|inactive|Time left: 300 sec this turn | 300 sec total\n|inactive|p0x27842a01 also wants the timer to be on.\n|\n|t:|1783571060\n|switch|p1a: Mimikyu|Mimikyu, L79, F|216/216\n|move|p2a: Araquanid|Sticky Web|p1a: Mimikyu\n|-sidestart|p1: p0x27842a01|move: Sticky Web\n|\n|upkeep\n|turn|3\n|inactive|Time left: 300 sec this turn | 300 sec total\n|\n|t:|1783571061\n|switch|p2a: Tauros|Tauros-Paldea-Combat, L82, M|100/100\n|-ability|p2a: Tauros|Intimidate|boost\n|-unboost|p1a: Mimikyu|atk|1\n|move|p1a: Mimikyu|Swords Dance|p1a: Mimikyu\n|-boost|p1a: Mimikyu|atk|2\n|\n|upkeep\n|turn|4\n|inactive|Time left: 300 sec this turn | 300 sec total\n|\n|t:|1783571062\n|switch|p2a: Cloyster|Cloyster, L80, F|100/100\n|move|p1a: Mimikyu|Play Rough|p2a: Cloyster\n|-damage|p2a: Cloyster|54/100\n|-damage|p1a: Mimikyu|195/216|[from] item: Life Orb\n|\n|upkeep\n|turn|5\n|inactive|Time left: 300 sec this turn | 300 sec total\n|\n|t:|1783571064\n|move|p1a: Mimikyu|Play Rough|p2a: Cloyster\n|-damage|p2a: Cloyster|13/100\n|-damage|p1a: Mimikyu|174/216|[from] item: Life Orb\n|move|p2a: Cloyster|Hydro Pump|p1a: Mimikyu\n|-activate|p1a: Mimikyu|ability: Disguise\n|-damage|p1a: Mimikyu|174/216\n|detailschange|p1a: Mimikyu|Mimikyu-Busted, L79, F\n|-damage|p1a: Mimikyu|147/216|[from] pokemon: Mimikyu-Busted\n|\n|upkeep\n|turn|6\n|inactive|Time left: 300 sec this turn | 300 sec total\n|\n|t:|1783571065\n|move|p1a: Mimikyu|Play Rough|p2a: Cloyster|[miss]\n|-miss|p1a: Mimikyu|p2a: Cloyster\n|move|p2a: Cloyster|Shell Smash|p2a: Cloyster\n|-unboost|p2a: Cloyster|def|1\n|-unboost|p2a: Cloyster|spd|1\n|-boost|p2a: Cloyster|atk|2\n|-boost|p2a: Cloyster|spa|2\n|-boost|p2a: Cloyster|spe|2\n|-enditem|p2a: Cloyster|White Herb\n|-clearnegativeboost|p2a: Cloyster|[silent]\n|\n|upkeep\n|turn|7\n|inactive|Time left: 300 sec this turn | 300 sec total\n|\n|t:|1783571066\n|move|p1a: Mimikyu|Shadow Sneak|p2a: Cloyster\n|-damage|p2a: Cloyster|0 fnt\n|faint|p2a: Cloyster\n|-damage|p1a: Mimikyu|126/216|[from] item: Life Orb\n|\n|upkeep\n|\n|t:|1783571067\n|switch|p2a: Mamoswine|Mamoswine, L81, M|100/100\n|turn|8\n|inactive|Time left: 300 sec this turn | 300 sec total\n|\n|t:|1783571068\n|move|p1a: Mimikyu|Play Rough|p2a: Mamoswine\n|-damage|p2a: Mamoswine|49/100\n|-damage|p1a: Mimikyu|105/216|[from] item: Life Orb\n|move|p2a: Mamoswine|Earthquake|p1a: Mimikyu\n|-crit|p1a: Mimikyu\n|-damage|p1a: Mimikyu|0 fnt\n|faint|p1a: Mimikyu\n|\n|upkeep\n|inactive|Time left: 300 sec this turn | 300 sec total | 5 sec grace\n|\n|t:|1783571069\n|switch|p1a: Reshiram|Reshiram, L76|277/277\n|-ability|p1a: Reshiram|Turboblaze\n|turn|9\n|inactive|Time left: 300 sec this turn | 300 sec total\n|\n|t:|1783571070\n|-terastallize|p1a: Reshiram|Dragon\n|move|p1a: Reshiram|Outrage|p2a: Mamoswine\n|-damage|p2a: Mamoswine|0 fnt\n|faint|p2a: Mamoswine\n|\n|upkeep\n|\n|t:|1783571071\n|switch|p2a: Tauros|Tauros-Paldea-Combat, L82, M|100/100\n|-ability|p2a: Tauros|Intimidate|boost\n|-unboost|p1a: Reshiram|atk|1\n|turn|10\n|inactive|Time left: 300 sec this turn | 300 sec total\n|\n|t:|1783571072\n|move|p2a: Tauros|Bulk Up|p2a: Tauros\n|-boost|p2a: Tauros|atk|1\n|-boost|p2a: Tauros|def|1\n|move|p1a: Reshiram|Outrage|p2a: Tauros|[from] lockedmove\n|-damage|p2a: Tauros|76/100\n|-start|p1a: Reshiram|confusion|[fatigue]\n|\n|upkeep\n|turn|11\n|inactive|Time left: 300 sec this turn | 300 sec total\n|\n|t:|1783571073\n|switch|p1a: Weezing|Weezing, L88, M|258/258\n|move|p2a: Tauros|Bulk Up|p2a: Tauros\n|-boost|p2a: Tauros|atk|1\n|-boost|p2a: Tauros|def|1\n|\n|upkeep\n|turn|12\n|inactive|Time left: 300 sec this turn | 300 sec total\n|\n|t:|1783571074\n|move|p2a: Tauros|Stone Edge|p1a: Weezing\n|-crit|p1a: Weezing\n|-damage|p1a: Weezing|24/258\n|-damage|p2a: Tauros|66/100|[from] item: Life Orb\n|move|p1a: Weezing|Sludge Bomb|p2a: Tauros\n|-damage|p2a: Tauros|19/100\n|\n|-heal|p1a: Weezing|40/258|[from] item: Leftovers\n|upkeep\n|turn|13\n|inactive|Time left: 300 sec this turn | 300 sec total\n|\n|t:|1783571075\n|move|p2a: Tauros|Close Combat|p1a: Weezing\n|-resisted|p1a: Weezing\n|-damage|p1a: Weezing|0 fnt\n|-unboost|p2a: Tauros|def|1\n|-unboost|p2a: Tauros|spd|1\n|faint|p1a: Weezing\n|-damage|p2a: Tauros|9/100|[from] item: Life Orb\n|\n|upkeep\n|inactive|Time left: 300 sec this turn | 300 sec total | 5 sec grace\n|\n|t:|1783571076\n|switch|p1a: Dusknoir|Dusknoir, L89, M|225/225\n|-activate|p1a: Dusknoir|move: Sticky Web\n|-unboost|p1a: Dusknoir|spe|1\n|-item|p2a: Tauros|Life Orb|[from] ability: Frisk|[of] p1a: Dusknoir\n|turn|14\n|inactive|Time left: 300 sec this turn | 300 sec total\n|\n|t:|1783571077\n|move|p1a: Dusknoir|Shadow Sneak|p2a: Tauros\n|-damage|p2a: Tauros|0 fnt\n|faint|p2a: Tauros\n|\n|upkeep\n|\n|t:|1783571078\n|switch|p2a: Darkrai|Darkrai, L77|100/100\n|turn|15\n|inactive|Time left: 300 sec this turn | 300 sec total\n|\n|t:|1783571079\n|switch|p1a: Reshiram|Reshiram, L76, tera:Dragon|277/277\n|-ability|p1a: Reshiram|Turboblaze\n|move|p2a: Darkrai|Nasty Plot|p2a: Darkrai\n|-boost|p2a: Darkrai|spa|2\n|\n|upkeep\n|turn|16\n|inactive|Time left: 300 sec this turn | 300 sec total\n|\n|t:|1783571080\n|move|p2a: Darkrai|Dark Pulse|p1a: Reshiram\n|-damage|p1a: Reshiram|74/277\n|-damage|p2a: Darkrai|91/100|[from] item: Life Orb\n|move|p1a: Reshiram|Dragon Dance|p1a: Reshiram\n|-boost|p1a: Reshiram|atk|1\n|-boost|p1a: Reshiram|spe|1\n|\n|upkeep\n|turn|17\n|inactive|Time left: 300 sec this turn | 300 sec total\n|\n|t:|1783571081\n|move|p1a: Reshiram|Outrage|p2a: Darkrai\n|-damage|p2a: Darkrai|0 fnt\n|faint|p2a: Darkrai\n|\n|upkeep\n|\n|t:|1783571082\n|switch|p2a: Mesprit|Mesprit, L85|100/100\n|turn|18\n|inactive|Time left: 300 sec this turn | 300 sec total\n|\n|t:|1783571083\n|-terastallize|p2a: Mesprit|Fighting\n|move|p1a: Reshiram|Outrage|p2a: Mesprit|[from] lockedmove\n|-damage|p2a: Mesprit|19/100\n|move|p2a: Mesprit|Drain Punch|p1a: Reshiram\n|-damage|p1a: Reshiram|0 fnt\n|-heal|p2a: Mesprit|32/100|[from] drain|[of] p1a: Reshiram\n|faint|p1a: Reshiram\n|\n|-heal|p2a: Mesprit|39/100|[from] item: Leftovers\n|upkeep\n|inactive|Time left: 300 sec this turn | 300 sec total | 5 sec grace\n|\n|t:|1783571085\n|switch|p1a: Dusknoir|Dusknoir, L89, M|225/225\n|-activate|p1a: Dusknoir|move: Sticky Web\n|-unboost|p1a: Dusknoir|spe|1\n|-item|p2a: Mesprit|Leftovers|[from] ability: Frisk|[of] p1a: Dusknoir\n|turn|19\n|inactive|Time left: 300 sec this turn | 300 sec total\n|\n|t:|1783571086\n|move|p2a: Mesprit|Psychic Noise|p1a: Dusknoir\n|-damage|p1a: Dusknoir|165/225\n|-start|p1a: Dusknoir|move: Heal Block\n|move|p1a: Dusknoir|Poltergeist|p2a: Mesprit\n|-activate|p2a: Mesprit|move: Poltergeist|Leftovers\n|-damage|p2a: Mesprit|0 fnt\n|faint|p2a: Mesprit\n|\n|upkeep\n|\n|t:|1783571087\n|switch|p2a: Araquanid|Araquanid, L82, M|100/100\n|turn|20\n|inactive|Time left: 300 sec this turn | 300 sec total\n|\n|t:|1783571088\n|move|p2a: Araquanid|Liquidation|p1a: Dusknoir\n|-damage|p1a: Dusknoir|74/225\n|move|p1a: Dusknoir|Pain Split|p2a: Araquanid\n|-sethp|p2a: Araquanid|66/100|[from] move: Pain Split|[silent]\n|-sethp|p1a: Dusknoir|160/225|[from] move: Pain Split\n|\n|-end|p1a: Dusknoir|move: Heal Block\n|upkeep\n|turn|21\n|inactive|Time left: 300 sec this turn | 300 sec total\n|\n|t:|1783571089\n|move|p2a: Araquanid|Liquidation|p1a: Dusknoir\n|-damage|p1a: Dusknoir|61/225\n|move|p1a: Dusknoir|Poltergeist|p2a: Araquanid\n|-activate|p2a: Araquanid|move: Poltergeist|Heavy-Duty Boots\n|-damage|p2a: Araquanid|16/100\n|\n|-heal|p1a: Dusknoir|75/225|[from] item: Leftovers\n|upkeep\n|turn|22\n|inactive|Time left: 300 sec this turn | 300 sec total\n|\n|t:|1783571090\n|move|p1a: Dusknoir|Shadow Sneak|p2a: Araquanid\n|-damage|p2a: Araquanid|0 fnt\n|faint|p2a: Araquanid\n|\n|win|p0x27842a01", "uploadtime": 1783571090, "views": 0, "rating": 0, "private": 0, "password": null, "_winner": "p0x27842a01", "_our_name": "p0x27842a01"}