{"id": "battle-gen9randombattle-1352", "formatid": "gen9randombattle", "format": "[Gen 9] Random Battle", "players": ["p0x13528c18", "p0y1352399a"], "log": "|init|battle\n|title|p0x13528c18 vs. p0y1352399a\n|j|\u2606p0x13528c18\n|j|\u2606p0y1352399a\n|t:|1783554831\n|gametype|singles\n|player|p1|p0x13528c18|266|\n|player|p2|p0y1352399a|102|\n|gen|9\n|tier|[Gen 9] Random Battle\n|rule|Species Clause: Limit one of each Pok\u00e9mon\n|rule|HP Percentage Mod: HP is shown in percentages\n|rule|Sleep Clause Mod: Limit one foe put to sleep\n|rule|Illusion Level Mod: Illusion disguises the Pok\u00e9mon's true level\n|\n|t:|1783554831\n|teamsize|p1|6\n|teamsize|p2|6\n|start\n|switch|p1a: Mightyena|Mightyena, L96, M|290/290\n|switch|p2a: Sceptile|Sceptile, L87, M|100/100\n|-ability|p1a: Mightyena|Intimidate|boost\n|-unboost|p2a: Sceptile|atk|1\n|turn|1\n|inactive|Battle timer is ON: inactive players will automatically lose when time's up. (requested by p0x13528c18)\n|inactive|p0y1352399a also wants the timer to be on.\n|\n|t:|1783554833\n|switch|p2a: Blaziken|Blaziken, L76, F|100/100\n|move|p1a: Mightyena|Super Fang|p2a: Blaziken\n|-damage|p2a: Blaziken|51/100\n|\n|upkeep\n|turn|2\n|inactive|Time left: 300 sec this turn | 300 sec total\n|\n|t:|1783554834\n|-terastallize|p1a: Mightyena|Fairy\n|move|p1a: Mightyena|Play Rough|p2a: Blaziken\n|-damage|p2a: Blaziken|0 fnt\n|faint|p2a: Blaziken\n|\n|upkeep\n|\n|t:|1783554835\n|switch|p2a: Victreebel|Victreebel, L90, F|100/100\n|turn|3\n|inactive|Time left: 300 sec this turn | 300 sec total\n|\n|t:|1783554836\n|switch|p1a: Solgaleo|Solgaleo, L74|325/325\n|move|p2a: Victreebel|Sludge Wave|p1a: Solgaleo\n|-immune|p1a: Solgaleo\n|\n|upkeep\n|turn|4\n|inactive|Time left: 300 sec this turn | 300 sec total\n|\n|t:|1783554837\n|switch|p2a: Iron Hands|Iron Hands, L79|100/100\n|move|p1a: Solgaleo|Sunsteel Strike|p2a: Iron Hands\n|-resisted|p2a: Iron Hands\n|-damage|p2a: Iron Hands|88/100\n|\n|upkeep\n|turn|5\n|inactive|Time left: 300 sec this turn | 300 sec total\n|\n|t:|1783554838\n|move|p1a: Solgaleo|Earthquake|p2a: Iron Hands\n|-supereffective|p2a: Iron Hands\n|-damage|p2a: Iron Hands|55/100\n|move|p2a: Iron Hands|Volt Switch|p1a: Solgaleo\n|-damage|p1a: Solgaleo|280/325\n|\n|t:|1783554839\n|-end|p2a: Iron Hands|Quark Drive|[silent]\n|switch|p2a: Sceptile|Sceptile, L87, M|100/100|[from] Volt Switch\n|\n|upkeep\n|turn|6\n|inactive|Time left: 300 sec this turn | 300 sec total\n|\n|t:|1783554840\n|move|p2a: Sceptile|Swords Dance|p2a: Sceptile\n|-boost|p2a: Sceptile|atk|2\n|move|p1a: Solgaleo|Sunsteel Strike|p2a: Sceptile\n|-damage|p2a: Sceptile|53/100\n|\n|upkeep\n|turn|7\n|inactive|Time left: 300 sec this turn | 300 sec total\n|\n|t:|1783554841\n|switch|p1a: Mightyena|Mightyena, L96, M, tera:Fairy|290/290\n|-ability|p1a: Mightyena|Intimidate|boost\n|-unboost|p2a: Sceptile|atk|1\n|move|p2a: Sceptile|Earthquake|p1a: Mightyena\n|-damage|p1a: Mightyena|154/290\n|-damage|p2a: Sceptile|43/100|[from] item: Life Orb\n|\n|upkeep\n|turn|8\n|inactive|Time left: 300 sec this turn | 300 sec total\n|\n|t:|1783554842\n|switch|p1a: Solgaleo|Solgaleo, L74|280/325\n|move|p2a: Sceptile|Leaf Blade|p1a: Solgaleo\n|-resisted|p1a: Solgaleo\n|-damage|p1a: Solgaleo|201/325\n|-damage|p2a: Sceptile|26/100|[from] item: Rocky Helmet|[of] p1a: Solgaleo\n|-damage|p2a: Sceptile|16/100|[from] item: Life Orb\n|\n|upkeep\n|turn|9\n|inactive|Time left: 300 sec this turn | 300 sec total\n|\n|t:|1783554843\n|switch|p1a: Mightyena|Mightyena, L96, M, tera:Fairy|154/290\n|-ability|p1a: Mightyena|Intimidate|boost\n|-unboost|p2a: Sceptile|atk|1\n|move|p2a: Sceptile|Earthquake|p1a: Mightyena\n|-damage|p1a: Mightyena|55/290\n|-damage|p2a: Sceptile|7/100|[from] item: Life Orb\n|\n|upkeep\n|turn|10\n|inactive|Time left: 300 sec this turn | 300 sec total\n|\n|t:|1783554844\n|move|p2a: Sceptile|Earthquake|p1a: Mightyena\n|-damage|p1a: Mightyena|0 fnt\n|faint|p1a: Mightyena\n|-damage|p2a: Sceptile|0 fnt|[from] item: Life Orb\n|faint|p2a: Sceptile\n|\n|upkeep\n|inactive|Time left: 300 sec this turn | 300 sec total | 5 sec grace\n|\n|t:|1783554845\n|switch|p2a: Iron Hands|Iron Hands, L79|55/100\n|switch|p1a: Kingdra|Kingdra, L84, M|263/263\n|turn|11\n|inactive|Time left: 300 sec this turn | 300 sec total\n|\n|t:|1783554846\n|move|p1a: Kingdra|Outrage|p2a: Iron Hands\n|-damage|p2a: Iron Hands|27/100\n|move|p2a: Iron Hands|Volt Switch|p1a: Kingdra\n|-damage|p1a: Kingdra|223/263\n|\n|t:|1783554847\n|-end|p2a: Iron Hands|Quark Drive|[silent]\n|switch|p2a: Zapdos|Zapdos, L78|100/100|[from] Volt Switch\n|\n|upkeep\n|turn|12\n|inactive|Time left: 300 sec this turn | 300 sec total\n|\n|t:|1783554847\n|move|p2a: Zapdos|Hurricane|p1a: Kingdra\n|-damage|p1a: Kingdra|105/263\n|move|p1a: Kingdra|Outrage|p2a: Zapdos|[from] lockedmove\n|-damage|p2a: Zapdos|47/100\n|\n|upkeep\n|turn|13\n|inactive|Time left: 300 sec this turn | 300 sec total\n|\n|t:|1783554848\n|move|p2a: Zapdos|Hurricane|p1a: Kingdra\n|-damage|p1a: Kingdra|0 fnt\n|faint|p1a: Kingdra\n|\n|upkeep\n|inactive|Time left: 300 sec this turn | 300 sec total | 5 sec grace\n|\n|t:|1783554849\n|switch|p1a: Pyroar|Pyroar, L88, M|295/295\n|-ability|p1a: Pyroar|Unnerve\n|turn|14\n|inactive|Time left: 300 sec this turn | 300 sec total\n|\n|t:|1783554850\n|switch|p2a: Cramorant|Cramorant, L86, F|100/100\n|move|p1a: Pyroar|Fire Blast|p2a: Cramorant\n|-resisted|p2a: Cramorant\n|-damage|p2a: Cramorant|76/100\n|\n|upkeep\n|turn|15\n|inactive|Time left: 300 sec this turn | 300 sec total\n|\n|t:|1783554851\n|move|p1a: Pyroar|Hyper Voice|p2a: Cramorant\n|-damage|p2a: Cramorant|34/100\n|move|p2a: Cramorant|Surf|p1a: Pyroar\n|-formechange|p2a: Cramorant|Cramorant-Gorging|\n|-supereffective|p1a: Pyroar\n|-damage|p1a: Pyroar|67/295\n|\n|upkeep\n|turn|16\n|inactive|Time left: 300 sec this turn | 300 sec total\n|\n|t:|1783554852\n|move|p1a: Pyroar|Hyper Voice|p2a: Cramorant\n|-damage|p2a: Cramorant|0 fnt\n|-damage|p1a: Pyroar|0 fnt|[from] ability: Gulp Missile|[of] p2a: Cramorant\n|-formechange|p2a: Cramorant|Cramorant|\n|faint|p2a: Cramorant\n|faint|p1a: Pyroar\n|\n|upkeep\n|inactive|Time left: 300 sec this turn | 300 sec total | 5 sec grace\n|\n|t:|1783554853\n|switch|p1a: Solgaleo|Solgaleo, L74|201/325\n|switch|p2a: Zapdos|Zapdos, L78|47/100\n|turn|17\n|inactive|Time left: 300 sec this turn | 300 sec total\n|\n|t:|1783554854\n|move|p2a: Zapdos|Discharge|p1a: Solgaleo\n|-damage|p1a: Solgaleo|99/325\n|-status|p1a: Solgaleo|par\n|move|p1a: Solgaleo|Morning Sun|p1a: Solgaleo\n|-heal|p1a: Solgaleo|261/325 par\n|\n|upkeep\n|turn|18\n|inactive|Time left: 300 sec this turn | 300 sec total\n|\n|t:|1783554855\n|move|p2a: Zapdos|Hurricane|p1a: Solgaleo\n|-resisted|p1a: Solgaleo\n|-damage|p1a: Solgaleo|194/325 par\n|-start|p1a: Solgaleo|confusion\n|-activate|p1a: Solgaleo|confusion\n|-damage|p1a: Solgaleo|166/325 par|[from] confusion\n|\n|upkeep\n|turn|19\n|inactive|Time left: 300 sec this turn | 300 sec total\n|\n|t:|1783554857\n|move|p2a: Zapdos|Roost|p2a: Zapdos\n|-heal|p2a: Zapdos|97/100\n|-singleturn|p2a: Zapdos|move: Roost\n|-end|p1a: Solgaleo|confusion\n|move|p1a: Solgaleo|Morning Sun|p1a: Solgaleo\n|-heal|p1a: Solgaleo|325/325 par\n|\n|upkeep\n|turn|20\n|inactive|Time left: 300 sec this turn | 300 sec total\n|\n|t:|1783554858\n|move|p2a: Zapdos|Discharge|p1a: Solgaleo\n|-damage|p1a: Solgaleo|217/325 par\n|move|p1a: Solgaleo|Knock Off|p2a: Zapdos\n|-damage|p2a: Zapdos|70/100\n|-enditem|p2a: Zapdos|Heavy-Duty Boots|[from] move: Knock Off|[of] p1a: Solgaleo\n|\n|upkeep\n|turn|21\n|inactive|Time left: 300 sec this turn | 300 sec total\n|\n|t:|1783554859\n|move|p2a: Zapdos|Hurricane|p1a: Solgaleo|[miss]\n|-miss|p2a: Zapdos|p1a: Solgaleo\n|move|p1a: Solgaleo|Morning Sun|p1a: Solgaleo\n|-heal|p1a: Solgaleo|325/325 par\n|\n|upkeep\n|turn|22\n|inactive|Time left: 300 sec this turn | 300 sec total\n|\n|t:|1783554860\n|move|p2a: Zapdos|Hurricane|p1a: Solgaleo\n|-resisted|p1a: Solgaleo\n|-damage|p1a: Solgaleo|259/325 par\n|cant|p1a: Solgaleo|par\n|\n|upkeep\n|turn|23\n|inactive|Time left: 300 sec this turn | 300 sec total\n|\n|t:|1783554861\n|move|p2a: Zapdos|Discharge|p1a: Solgaleo\n|-damage|p1a: Solgaleo|156/325 par\n|move|p1a: Solgaleo|Morning Sun|p1a: Solgaleo\n|-heal|p1a: Solgaleo|318/325 par\n|\n|upkeep\n|turn|24\n|inactive|Time left: 300 sec this turn | 300 sec total\n|\n|t:|1783554862\n|move|p2a: Zapdos|Hurricane|p1a: Solgaleo\n|-resisted|p1a: Solgaleo\n|-damage|p1a: Solgaleo|255/325 par\n|move|p1a: Solgaleo|Sunsteel Strike|p2a: Zapdos\n|-resisted|p2a: Zapdos\n|-damage|p2a: Zapdos|47/100\n|\n|upkeep\n|turn|25\n|inactive|Time left: 300 sec this turn | 300 sec total\n|\n|t:|1783554864\n|move|p2a: Zapdos|Hurricane|p1a: Solgaleo|[miss]\n|-miss|p2a: Zapdos|p1a: Solgaleo\n|move|p1a: Solgaleo|Morning Sun|p1a: Solgaleo\n|-heal|p1a: Solgaleo|325/325 par\n|\n|upkeep\n|turn|26\n|inactive|Time left: 300 sec this turn | 300 sec total\n|\n|t:|1783554865\n|move|p2a: Zapdos|Roost|p2a: Zapdos\n|-heal|p2a: Zapdos|97/100\n|-singleturn|p2a: Zapdos|move: Roost\n|cant|p1a: Solgaleo|par\n|\n|upkeep\n|turn|27\n|inactive|Time left: 300 sec this turn | 300 sec total\n|\n|t:|1783554866\n|move|p2a: Zapdos|Hurricane|p1a: Solgaleo\n|-resisted|p1a: Solgaleo\n|-damage|p1a: Solgaleo|257/325 par\n|cant|p1a: Solgaleo|par\n|\n|upkeep\n|turn|28\n|inactive|Time left: 300 sec this turn | 300 sec total\n|\n|t:|1783554867\n|move|p2a: Zapdos|Hurricane|p1a: Solgaleo|[miss]\n|-miss|p2a: Zapdos|p1a: Solgaleo\n|move|p1a: Solgaleo|Morning Sun|p1a: Solgaleo\n|-heal|p1a: Solgaleo|325/325 par\n|\n|upkeep\n|turn|29\n|inactive|Time left: 300 sec this turn | 300 sec total\n|\n|t:|1783554868\n|move|p2a: Zapdos|Hurricane|p1a: Solgaleo|[miss]\n|-miss|p2a: Zapdos|p1a: Solgaleo\n|move|p1a: Solgaleo|Morning Sun|p1a: Solgaleo\n|-fail|p1a: Solgaleo|heal\n|\n|upkeep\n|turn|30\n|inactive|Time left: 300 sec this turn | 300 sec total\n|\n|t:|1783554869\n|move|p2a: Zapdos|Hurricane|p1a: Solgaleo|[miss]\n|-miss|p2a: Zapdos|p1a: Solgaleo\n|move|p1a: Solgaleo|Sunsteel Strike|p2a: Zapdos\n|-resisted|p2a: Zapdos\n|-damage|p2a: Zapdos|74/100\n|\n|upkeep\n|turn|31\n|inactive|Time left: 300 sec this turn | 300 sec total\n|\n|t:|1783554870\n|move|p2a: Zapdos|Hurricane|p1a: Solgaleo|[miss]\n|-miss|p2a: Zapdos|p1a: Solgaleo\n|move|p1a: Solgaleo|Earthquake|p2a: Zapdos\n|-immune|p2a: Zapdos\n|\n|upkeep\n|turn|32\n|inactive|Time left: 300 sec this turn | 300 sec total\n|\n|t:|1783554871\n|move|p2a: Zapdos|Hurricane|p1a: Solgaleo|[miss]\n|-miss|p2a: Zapdos|p1a: Solgaleo\n|cant|p1a: Solgaleo|par\n|\n|upkeep\n|turn|33\n|inactive|Time left: 300 sec this turn | 300 sec total\n|\n|t:|1783554872\n|move|p2a: Zapdos|Discharge|p1a: Solgaleo\n|-damage|p1a: Solgaleo|219/325 par\n|move|p1a: Solgaleo|Sunsteel Strike|p2a: Zapdos\n|-resisted|p2a: Zapdos\n|-damage|p2a: Zapdos|53/100\n|\n|upkeep\n|turn|34\n|inactive|Time left: 300 sec this turn | 300 sec total\n|\n|t:|1783554873\n|move|p2a: Zapdos|Hurricane|p1a: Solgaleo\n|-resisted|p1a: Solgaleo\n|-crit|p1a: Solgaleo\n|-damage|p1a: Solgaleo|109/325 par\n|-start|p1a: Solgaleo|confusion\n|-activate|p1a: Solgaleo|confusion\n|move|p1a: Solgaleo|Morning Sun|p1a: Solgaleo\n|-heal|p1a: Solgaleo|271/325 par\n|\n|upkeep\n|turn|35\n|inactive|Time left: 300 sec this turn | 300 sec total\n|\n|t:|1783554874\n|move|p2a: Zapdos|Roost|p2a: Zapdos\n|-heal|p2a: Zapdos|100/100\n|-singleturn|p2a: Zapdos|move: Roost\n|-end|p1a: Solgaleo|confusion\n|move|p1a: Solgaleo|Earthquake|p2a: Zapdos\n|-supereffective|p2a: Zapdos\n|-damage|p2a: Zapdos|41/100\n|\n|upkeep\n|turn|36\n|inactive|Time left: 300 sec this turn | 300 sec total\n|\n|t:|1783554875\n|move|p2a: Zapdos|Hurricane|p1a: Solgaleo|[miss]\n|-miss|p2a: Zapdos|p1a: Solgaleo\n|move|p1a: Solgaleo|Knock Off|p2a: Zapdos\n|-damage|p2a: Zapdos|22/100\n|\n|upkeep\n|turn|37\n|inactive|Time left: 300 sec this turn | 300 sec total\n|\n|t:|1783554876\n|move|p2a: Zapdos|Roost|p2a: Zapdos\n|-heal|p2a: Zapdos|72/100\n|-singleturn|p2a: Zapdos|move: Roost\n|cant|p1a: Solgaleo|par\n|\n|upkeep\n|turn|38\n|inactive|Time left: 300 sec this turn | 300 sec total\n|\n|t:|1783554877\n|move|p2a: Zapdos|Discharge|p1a: Solgaleo\n|-damage|p1a: Solgaleo|175/325 par\n|move|p1a: Solgaleo|Knock Off|p2a: Zapdos\n|-damage|p2a: Zapdos|52/100\n|\n|upkeep\n|turn|39\n|inactive|Time left: 300 sec this turn | 300 sec total\n|\n|t:|1783554878\n|move|p2a: Zapdos|Discharge|p1a: Solgaleo\n|-damage|p1a: Solgaleo|75/325 par\n|move|p1a: Solgaleo|Knock Off|p2a: Zapdos\n|-damage|p2a: Zapdos|32/100\n|\n|upkeep\n|turn|40\n|inactive|Time left: 300 sec this turn | 300 sec total\n|\n|t:|1783554880\n|move|p2a: Zapdos|Discharge|p1a: Solgaleo\n|-damage|p1a: Solgaleo|0 fnt\n|faint|p1a: Solgaleo\n|\n|upkeep\n|inactive|Time left: 300 sec this turn | 300 sec total | 5 sec grace\n|\n|t:|1783554881\n|switch|p1a: Lucario|Lucario, L84, M|255/255\n|turn|41\n|inactive|Time left: 300 sec this turn | 300 sec total\n|\n|t:|1783554882\n|move|p2a: Zapdos|Discharge|p1a: Lucario\n|-damage|p1a: Lucario|155/255\n|-status|p1a: Lucario|par\n|move|p1a: Lucario|Aura Sphere|p2a: Zapdos\n|-resisted|p2a: Zapdos\n|-damage|p2a: Zapdos|6/100\n|-damage|p1a: Lucario|130/255 par|[from] item: Life Orb\n|\n|upkeep\n|turn|42\n|inactive|Time left: 300 sec this turn | 300 sec total\n|\n|t:|1783554883\n|move|p1a: Lucario|Vacuum Wave|p2a: Zapdos\n|-resisted|p2a: Zapdos\n|-damage|p2a: Zapdos|0 fnt\n|faint|p2a: Zapdos\n|-damage|p1a: Lucario|105/255 par|[from] item: Life Orb\n|\n|upkeep\n|\n|t:|1783554884\n|switch|p2a: Iron Hands|Iron Hands, L79|27/100\n|turn|43\n|inactive|Time left: 300 sec this turn | 300 sec total\n|\n|t:|1783554885\n|move|p2a: Iron Hands|Thunder Punch|p1a: Lucario\n|-damage|p1a: Lucario|0 fnt\n|faint|p1a: Lucario\n|\n|upkeep\n|inactive|Time left: 300 sec this turn | 300 sec total | 5 sec grace\n|\n|t:|1783554886\n|switch|p1a: Quaquaval|Quaquaval, L79, F|264/264\n|turn|44\n|inactive|Time left: 300 sec this turn | 300 sec total\n|\n|t:|1783554887\n|-terastallize|p2a: Iron Hands|Electric\n|move|p1a: Quaquaval|Triple Axel|p2a: Iron Hands\n|-damage|p2a: Iron Hands|22/100\n|-damage|p2a: Iron Hands|13/100\n|-hitcount|p2a: Iron Hands|2\n|-damage|p1a: Quaquaval|238/264|[from] item: Life Orb\n|move|p2a: Iron Hands|Thunder Punch|p1a: Quaquaval\n|-supereffective|p1a: Quaquaval\n|-damage|p1a: Quaquaval|0 fnt\n|faint|p1a: Quaquaval\n|\n|win|p0y1352399a", "uploadtime": 1783554887, "views": 0, "rating": 0, "private": 0, "password": null, "_winner": "p0y1352399a", "_our_name": "p0x13528c18"}