{"id": "battle-gen9randombattle-487", "formatid": "gen9randombattle", "format": "[Gen 9] Random Battle", "players": ["p0x4877f16", "p0y487904c"], "log": "|init|battle\n|title|p0x4877f16 vs. p0y487904c\n|j|\u2606p0x4877f16\n|j|\u2606p0y487904c\n|t:|1783544711\n|gametype|singles\n|player|p1|p0x4877f16|102|\n|player|p2|p0y487904c|265|\n|gen|9\n|tier|[Gen 9] Random Battle\n|rule|Species Clause: Limit one of each Pok\u00e9mon\n|rule|HP Percentage Mod: HP is shown in percentages\n|rule|Sleep Clause Mod: Limit one foe put to sleep\n|rule|Illusion Level Mod: Illusion disguises the Pok\u00e9mon's true level\n|\n|t:|1783544711\n|teamsize|p1|6\n|teamsize|p2|6\n|start\n|switch|p1a: Ogerpon|Ogerpon-Cornerstone, L76, F|100/100\n|switch|p2a: Hoopa|Hoopa-Unbound, L80|259/259\n|turn|1\n|inactive|Battle timer is ON: inactive players will automatically lose when time's up. (requested by p0x4877f16)\n|inactive|Time left: 300 sec this turn | 300 sec total | 60 sec grace\n|inactive|p0y487904c also wants the timer to be on.\n|\n|t:|1783544712\n|move|p1a: Ogerpon|Ivy Cudgel|p2a: Hoopa|[anim] Ivy Cudgel Rock\n|-damage|p2a: Hoopa|91/259\n|move|p2a: Hoopa|Hyperspace Fury|p1a: Ogerpon\n|-ability|p1a: Ogerpon|Sturdy\n|-damage|p1a: Ogerpon|1/100\n|-unboost|p2a: Hoopa|def|1\n|\n|upkeep\n|turn|2\n|inactive|Time left: 300 sec this turn | 300 sec total\n|\n|t:|1783544713\n|switch|p2a: Donphan|Donphan, L84, M|288/288\n|move|p1a: Ogerpon|Horn Leech|p2a: Donphan\n|-supereffective|p2a: Donphan\n|-damage|p2a: Donphan|142/288\n|-heal|p1a: Ogerpon|30/100|[from] drain|[of] p2a: Donphan\n|\n|-heal|p2a: Donphan|160/288|[from] item: Leftovers\n|upkeep\n|turn|3\n|inactive|Time left: 300 sec this turn | 300 sec total\n|\n|t:|1783544714\n|move|p1a: Ogerpon|Horn Leech|p2a: Donphan\n|-supereffective|p2a: Donphan\n|-damage|p2a: Donphan|14/288\n|-heal|p1a: Ogerpon|60/100|[from] drain|[of] p2a: Donphan\n|move|p2a: Donphan|Earthquake|p1a: Ogerpon\n|-damage|p1a: Ogerpon|6/100\n|\n|-heal|p2a: Donphan|32/288|[from] item: Leftovers\n|upkeep\n|turn|4\n|inactive|Time left: 300 sec this turn | 300 sec total\n|\n|t:|1783544715\n|switch|p2a: Sceptile|Sceptile, L87, M|264/264\n|move|p1a: Ogerpon|Horn Leech|p2a: Sceptile\n|-resisted|p2a: Sceptile\n|-damage|p2a: Sceptile|204/264\n|-heal|p1a: Ogerpon|18/100|[from] drain|[of] p2a: Sceptile\n|\n|upkeep\n|turn|5\n|inactive|Time left: 300 sec this turn | 300 sec total\n|\n|t:|1783544716\n|move|p2a: Sceptile|Giga Drain|p1a: Ogerpon\n|-damage|p1a: Ogerpon|0 fnt\n|-heal|p2a: Sceptile|226/264|[from] drain|[of] p1a: Ogerpon\n|faint|p1a: Ogerpon\n|-damage|p2a: Sceptile|200/264|[from] item: Life Orb\n|\n|upkeep\n|\n|t:|1783544717\n|switch|p1a: Mismagius|Mismagius, L86, M|100/100\n|turn|6\n|inactive|Time left: 300 sec this turn | 300 sec total\n|\n|t:|1783544718\n|move|p2a: Sceptile|Giga Drain|p1a: Mismagius\n|-damage|p1a: Mismagius|61/100\n|-heal|p2a: Sceptile|249/264|[from] drain|[of] p1a: Mismagius\n|-damage|p2a: Sceptile|223/264|[from] item: Life Orb\n|move|p1a: Mismagius|Mystical Fire|p2a: Sceptile\n|-supereffective|p2a: Sceptile\n|-damage|p2a: Sceptile|55/264\n|-unboost|p2a: Sceptile|spa|1\n|\n|upkeep\n|turn|7\n|inactive|Time left: 300 sec this turn | 300 sec total\n|\n|t:|1783544719\n|move|p2a: Sceptile|Giga Drain|p1a: Mismagius\n|-damage|p1a: Mismagius|21/100\n|-heal|p2a: Sceptile|104/264|[from] drain|[of] p1a: Mismagius\n|-damage|p2a: Sceptile|78/264|[from] item: Life Orb\n|move|p1a: Mismagius|Mystical Fire|p2a: Sceptile\n|-supereffective|p2a: Sceptile\n|-damage|p2a: Sceptile|0 fnt\n|faint|p2a: Sceptile\n|\n|upkeep\n|inactive|Time left: 300 sec this turn | 300 sec total | 5 sec grace\n|\n|t:|1783544721\n|switch|p2a: Hoopa|Hoopa-Unbound, L80|91/259\n|turn|8\n|inactive|Time left: 300 sec this turn | 300 sec total\n|\n|t:|1783544722\n|move|p1a: Mismagius|Mystical Fire|p2a: Hoopa\n|-damage|p2a: Hoopa|25/259\n|-unboost|p2a: Hoopa|spa|1\n|move|p2a: Hoopa|Hyperspace Fury|p1a: Mismagius\n|-supereffective|p1a: Mismagius\n|-damage|p1a: Mismagius|0 fnt\n|-unboost|p2a: Hoopa|def|1\n|faint|p1a: Mismagius\n|\n|upkeep\n|\n|t:|1783544723\n|switch|p1a: Drednaw|Drednaw, L81, F|100/100\n|turn|9\n|inactive|Time left: 300 sec this turn | 300 sec total\n|\n|t:|1783544724\n|-terastallize|p2a: Hoopa|Dark\n|move|p2a: Hoopa|Hyperspace Fury|p1a: Drednaw\n|-damage|p1a: Drednaw|0 fnt\n|-unboost|p2a: Hoopa|def|1\n|faint|p1a: Drednaw\n|\n|upkeep\n|\n|t:|1783544725\n|switch|p1a: Tinkaton|Tinkaton, L82, F|100/100\n|-ability|p1a: Tinkaton|Mold Breaker\n|turn|10\n|inactive|Time left: 300 sec this turn | 300 sec total\n|\n|t:|1783544726\n|move|p1a: Tinkaton|Swords Dance|p1a: Tinkaton\n|-boost|p1a: Tinkaton|atk|2\n|move|p2a: Hoopa|Hyperspace Fury|p1a: Tinkaton\n|-resisted|p1a: Tinkaton\n|-damage|p1a: Tinkaton|36/100\n|-unboost|p2a: Hoopa|def|1\n|\n|-heal|p1a: Tinkaton|42/100|[from] item: Leftovers\n|upkeep\n|turn|11\n|inactive|Time left: 300 sec this turn | 300 sec total\n|\n|t:|1783544727\n|move|p1a: Tinkaton|Play Rough|p2a: Hoopa\n|-supereffective|p2a: Hoopa\n|-damage|p2a: Hoopa|0 fnt\n|faint|p2a: Hoopa\n|\n|-heal|p1a: Tinkaton|48/100|[from] item: Leftovers\n|upkeep\n|inactive|Time left: 300 sec this turn | 300 sec total | 5 sec grace\n|\n|t:|1783544728\n|switch|p2a: Minun|Minun, L95, F|268/268\n|turn|12\n|inactive|Time left: 300 sec this turn | 300 sec total\n|\n|t:|1783544729\n|move|p2a: Minun|Thunderbolt|p1a: Tinkaton\n|-damage|p1a: Tinkaton|7/100\n|-damage|p2a: Minun|242/268|[from] item: Life Orb\n|move|p1a: Tinkaton|Gigaton Hammer|p2a: Minun\n|-resisted|p2a: Minun\n|-damage|p2a: Minun|65/268\n|\n|-heal|p1a: Tinkaton|13/100|[from] item: Leftovers\n|upkeep\n|turn|13\n|inactive|Time left: 300 sec this turn | 300 sec total\n|\n|t:|1783544730\n|switch|p1a: Flareon|Flareon, L90, M|100/100\n|move|p2a: Minun|Thunderbolt|p1a: Flareon\n|-damage|p1a: Flareon|62/100\n|-damage|p2a: Minun|39/268|[from] item: Life Orb\n|\n|-status|p1a: Flareon|tox|[from] item: Toxic Orb\n|upkeep\n|turn|14\n|inactive|Time left: 300 sec this turn | 300 sec total\n|\n|t:|1783544731\n|move|p2a: Minun|Thunderbolt|p1a: Flareon\n|-damage|p1a: Flareon|21/100 tox\n|-damage|p2a: Minun|13/268|[from] item: Life Orb\n|move|p1a: Flareon|Trailblaze|p2a: Minun\n|-damage|p2a: Minun|0 fnt\n|-boost|p1a: Flareon|spe|1\n|faint|p2a: Minun\n|\n|-damage|p1a: Flareon|15/100 tox|[from] psn\n|upkeep\n|inactive|Time left: 300 sec this turn | 300 sec total | 5 sec grace\n|\n|t:|1783544732\n|switch|p2a: Raging Bolt|Raging Bolt, L78|323/323\n|turn|15\n|inactive|Time left: 300 sec this turn | 300 sec total\n|\n|t:|1783544733\n|-terastallize|p1a: Flareon|Normal\n|move|p2a: Raging Bolt|Thunderclap|p1a: Flareon\n|-damage|p1a: Flareon|0 fnt\n|faint|p1a: Flareon\n|\n|upkeep\n|\n|t:|1783544734\n|switch|p1a: Tinkaton|Tinkaton, L82, F|13/100\n|-ability|p1a: Tinkaton|Mold Breaker\n|turn|16\n|inactive|Time left: 300 sec this turn | 300 sec total\n|\n|t:|1783544735\n|move|p1a: Tinkaton|Play Rough|p2a: Raging Bolt\n|-supereffective|p2a: Raging Bolt\n|-damage|p2a: Raging Bolt|171/323\n|-unboost|p2a: Raging Bolt|atk|1\n|move|p2a: Raging Bolt|Thunderbolt|p1a: Tinkaton\n|-damage|p1a: Tinkaton|0 fnt\n|faint|p1a: Tinkaton\n|\n|upkeep\n|\n|t:|1783544735\n|switch|p1a: Palafin|Palafin, L77, M|100/100\n|turn|17\n|inactive|Time left: 300 sec this turn | 300 sec total\n|\n|t:|1783544736\n|move|p1a: Palafin|Jet Punch|p2a: Raging Bolt\n|-resisted|p2a: Raging Bolt\n|-damage|p2a: Raging Bolt|138/323\n|move|p2a: Raging Bolt|Thunderbolt|p1a: Palafin\n|-supereffective|p1a: Palafin\n|-damage|p1a: Palafin|0 fnt\n|faint|p1a: Palafin\n|\n|win|p0y487904c", "uploadtime": 1783544736, "views": 0, "rating": 0, "private": 0, "password": null, "_winner": "p0y487904c", "_our_name": "p0y487904c"}