{"id": "battle-gen9randombattle-1350", "formatid": "gen9randombattle", "format": "[Gen 9] Random Battle", "players": ["p0x13509594", "p0y13509eef"], "log": "|init|battle\n|title|p0x13509594 vs. p0y13509eef\n|j|\u2606p0x13509594\n|j|\u2606p0y13509eef\n|t:|1783554803\n|gametype|singles\n|player|p1|p0x13509594|1|\n|player|p2|p0y13509eef|102|\n|gen|9\n|tier|[Gen 9] Random Battle\n|rule|Species Clause: Limit one of each Pok\u00e9mon\n|rule|HP Percentage Mod: HP is shown in percentages\n|rule|Sleep Clause Mod: Limit one foe put to sleep\n|rule|Illusion Level Mod: Illusion disguises the Pok\u00e9mon's true level\n|\n|t:|1783554803\n|teamsize|p1|6\n|teamsize|p2|6\n|start\n|switch|p1a: Glalie|Glalie, L96, F|309/309\n|switch|p2a: Garganacl|Garganacl, L80, F|100/100\n|turn|1\n|inactive|Battle timer is ON: inactive players will automatically lose when time's up. (requested by p0y13509eef)\n|inactive|Time left: 300 sec this turn | 300 sec total | 60 sec grace\n|inactive|p0x13509594 also wants the timer to be on.\n|\n|t:|1783554804\n|move|p1a: Glalie|Spikes|p2a: Garganacl\n|-sidestart|p2: p0y13509eef|Spikes\n|move|p2a: Garganacl|Salt Cure|p1a: Glalie\n|-supereffective|p1a: Glalie\n|-damage|p1a: Glalie|231/309\n|-start|p1a: Glalie|Salt Cure\n|\n|-damage|p1a: Glalie|193/309|[from] Salt Cure\n|upkeep\n|turn|2\n|inactive|Time left: 300 sec this turn | 300 sec total\n|\n|t:|1783554806\n|move|p1a: Glalie|Spikes|p2a: Garganacl\n|-sidestart|p2: p0y13509eef|Spikes\n|move|p2a: Garganacl|Body Press|p1a: Glalie\n|-supereffective|p1a: Glalie\n|-damage|p1a: Glalie|75/309\n|\n|-damage|p1a: Glalie|37/309|[from] Salt Cure\n|upkeep\n|turn|3\n|inactive|Time left: 300 sec this turn | 300 sec total\n|\n|t:|1783554807\n|switch|p1a: Iron Valiant|Iron Valiant, L78|244/244\n|move|p2a: Garganacl|Salt Cure|p1a: Iron Valiant\n|-resisted|p1a: Iron Valiant\n|-damage|p1a: Iron Valiant|223/244\n|-start|p1a: Iron Valiant|Salt Cure\n|\n|-damage|p1a: Iron Valiant|193/244|[from] Salt Cure\n|upkeep\n|turn|4\n|inactive|Time left: 300 sec this turn | 300 sec total\n|\n|t:|1783554808\n|switch|p2a: Pelipper|Pelipper, L86, F|100/100\n|-weather|RainDance|[from] ability: Drizzle|[of] p2a: Pelipper\n|move|p1a: Iron Valiant|Swords Dance|p1a: Iron Valiant\n|-boost|p1a: Iron Valiant|atk|2\n|\n|-weather|RainDance|[upkeep]\n|-damage|p1a: Iron Valiant|163/244|[from] Salt Cure\n|upkeep\n|turn|5\n|inactive|Time left: 300 sec this turn | 300 sec total\n|\n|t:|1783554809\n|move|p1a: Iron Valiant|Spirit Break|p2a: Pelipper\n|-damage|p2a: Pelipper|24/100\n|-unboost|p2a: Pelipper|spa|1\n|-damage|p1a: Iron Valiant|139/244|[from] item: Life Orb\n|move|p2a: Pelipper|Hurricane|p1a: Iron Valiant\n|-supereffective|p1a: Iron Valiant\n|-damage|p1a: Iron Valiant|0 fnt\n|faint|p1a: Iron Valiant\n|-end|p1a: Iron Valiant|Quark Drive|[silent]\n|\n|-weather|RainDance|[upkeep]\n|upkeep\n|inactive|Time left: 300 sec this turn | 300 sec total | 5 sec grace\n|\n|t:|1783554810\n|switch|p1a: Feraligatr|Feraligatr, L79, M|264/264\n|turn|6\n|inactive|Time left: 300 sec this turn | 300 sec total\n|\n|t:|1783554811\n|move|p1a: Feraligatr|Liquidation|p2a: Pelipper\n|-resisted|p2a: Pelipper\n|-damage|p2a: Pelipper|0 fnt\n|faint|p2a: Pelipper\n|\n|-weather|RainDance|[upkeep]\n|upkeep\n|\n|t:|1783554812\n|switch|p2a: Manaphy|Manaphy, L78|100/100\n|-damage|p2a: Manaphy|84/100|[from] Spikes\n|turn|7\n|inactive|Time left: 300 sec this turn | 300 sec total\n|\n|t:|1783554813\n|move|p2a: Manaphy|Tail Glow|p2a: Manaphy\n|-boost|p2a: Manaphy|spa|3\n|move|p1a: Feraligatr|Dragon Dance|p1a: Feraligatr\n|-boost|p1a: Feraligatr|atk|1\n|-boost|p1a: Feraligatr|spe|1\n|\n|-weather|RainDance|[upkeep]\n|-heal|p2a: Manaphy|90/100|[from] item: Leftovers\n|upkeep\n|turn|8\n|inactive|Time left: 300 sec this turn | 300 sec total\n|\n|t:|1783554814\n|move|p1a: Feraligatr|Liquidation|p2a: Manaphy\n|-resisted|p2a: Manaphy\n|-damage|p2a: Manaphy|37/100\n|move|p2a: Manaphy|Energy Ball|p1a: Feraligatr\n|-supereffective|p1a: Feraligatr\n|-damage|p1a: Feraligatr|0 fnt\n|faint|p1a: Feraligatr\n|\n|-weather|none\n|-heal|p2a: Manaphy|43/100|[from] item: Leftovers\n|upkeep\n|inactive|Time left: 300 sec this turn | 300 sec total | 5 sec grace\n|\n|t:|1783554815\n|switch|p1a: Iron Moth|Iron Moth, L78|253/253\n|turn|9\n|inactive|Time left: 300 sec this turn | 300 sec total\n|\n|t:|1783554816\n|move|p1a: Iron Moth|Sludge Wave|p2a: Manaphy\n|-damage|p2a: Manaphy|0 fnt\n|faint|p2a: Manaphy\n|\n|upkeep\n|\n|t:|1783554817\n|switch|p2a: Dunsparce|Dunsparce, L86, F|100/100\n|-damage|p2a: Dunsparce|84/100|[from] Spikes\n|turn|10\n|inactive|Time left: 300 sec this turn | 300 sec total\n|\n|t:|1783554818\n|-end|p1a: Iron Moth|Quark Drive|[silent]\n|switch|p1a: Flamigo|Flamigo, L82, M|269/269\n|move|p2a: Dunsparce|Body Slam|p1a: Flamigo\n|-damage|p1a: Flamigo|185/269\n|-status|p1a: Flamigo|par\n|\n|upkeep\n|turn|11\n|inactive|Time left: 300 sec this turn | 300 sec total\n|\n|t:|1783554819\n|move|p2a: Dunsparce|Coil|p2a: Dunsparce\n|-boost|p2a: Dunsparce|atk|1\n|-boost|p2a: Dunsparce|def|1\n|-boost|p2a: Dunsparce|accuracy|1\n|move|p1a: Flamigo|Close Combat|p2a: Dunsparce\n|-supereffective|p2a: Dunsparce\n|-damage|p2a: Dunsparce|15/100\n|-unboost|p1a: Flamigo|def|1\n|-unboost|p1a: Flamigo|spd|1\n|\n|upkeep\n|turn|12\n|inactive|Time left: 300 sec this turn | 300 sec total\n|\n|t:|1783554820\n|-terastallize|p2a: Dunsparce|Ghost\n|move|p2a: Dunsparce|Roost|p2a: Dunsparce\n|-heal|p2a: Dunsparce|65/100\n|move|p1a: Flamigo|Close Combat|p2a: Dunsparce\n|-damage|p2a: Dunsparce|29/100\n|-unboost|p1a: Flamigo|def|1\n|-unboost|p1a: Flamigo|spd|1\n|\n|upkeep\n|turn|13\n|inactive|Time left: 300 sec this turn | 300 sec total\n|\n|t:|1783554821\n|switch|p1a: Glalie|Glalie, L96, F|37/309\n|move|p2a: Dunsparce|Roost|p2a: Dunsparce\n|-heal|p2a: Dunsparce|79/100\n|\n|upkeep\n|turn|14\n|inactive|Time left: 300 sec this turn | 300 sec total\n|\n|t:|1783554822\n|move|p1a: Glalie|Taunt|p2a: Dunsparce\n|-start|p2a: Dunsparce|move: Taunt\n|cant|p2a: Dunsparce|move: Taunt|Coil\n|\n|upkeep\n|turn|15\n|inactive|Time left: 300 sec this turn | 300 sec total\n|\n|t:|1783554823\n|move|p1a: Glalie|Freeze-Dry|p2a: Dunsparce\n|-damage|p2a: Dunsparce|57/100\n|move|p2a: Dunsparce|Earthquake|p1a: Glalie\n|-damage|p1a: Glalie|0 fnt\n|faint|p1a: Glalie\n|\n|upkeep\n|inactive|Time left: 300 sec this turn | 300 sec total | 5 sec grace\n|\n|t:|1783554824\n|switch|p1a: Iron Moth|Iron Moth, L78|253/253\n|turn|16\n|inactive|Time left: 300 sec this turn | 300 sec total\n|\n|t:|1783554825\n|move|p1a: Iron Moth|Fire Blast|p2a: Dunsparce\n|-damage|p2a: Dunsparce|3/100\n|move|p2a: Dunsparce|Body Slam|p1a: Iron Moth\n|-damage|p1a: Iron Moth|102/253\n|-status|p1a: Iron Moth|par\n|\n|-end|p2a: Dunsparce|move: Taunt\n|upkeep\n|turn|17\n|inactive|Time left: 300 sec this turn | 300 sec total\n|\n|t:|1783554826\n|move|p2a: Dunsparce|Roost|p2a: Dunsparce\n|-heal|p2a: Dunsparce|53/100\n|move|p1a: Iron Moth|Fire Blast|p2a: Dunsparce\n|-damage|p2a: Dunsparce|0 fnt\n|faint|p2a: Dunsparce\n|\n|upkeep\n|\n|t:|1783554827\n|switch|p2a: Hydreigon|Hydreigon, L79, F|100/100\n|turn|18\n|inactive|Time left: 300 sec this turn | 300 sec total\n|\n|t:|1783554828\n|move|p2a: Hydreigon|Nasty Plot|p2a: Hydreigon\n|-boost|p2a: Hydreigon|spa|2\n|move|p1a: Iron Moth|Fire Blast|p2a: Hydreigon\n|-resisted|p2a: Hydreigon\n|-damage|p2a: Hydreigon|59/100\n|\n|upkeep\n|turn|19\n|inactive|Time left: 300 sec this turn | 300 sec total\n|\n|t:|1783554829\n|move|p2a: Hydreigon|Dark Pulse|p1a: Iron Moth\n|-damage|p1a: Iron Moth|0 fnt\n|faint|p1a: Iron Moth\n|-end|p1a: Iron Moth|Quark Drive|[silent]\n|-damage|p2a: Hydreigon|49/100|[from] item: Life Orb\n|\n|upkeep\n|inactive|Time left: 300 sec this turn | 300 sec total | 5 sec grace\n|\n|t:|1783554830\n|switch|p1a: Arboliva|Arboliva, L91, F|288/288\n|turn|20\n|inactive|Time left: 300 sec this turn | 300 sec total\n|\n|t:|1783554831\n|move|p2a: Hydreigon|Draco Meteor|p1a: Arboliva\n|-damage|p1a: Arboliva|0 fnt\n|-unboost|p2a: Hydreigon|spa|2\n|faint|p1a: Arboliva\n|-damage|p2a: Hydreigon|39/100|[from] item: Life Orb\n|\n|upkeep\n|inactive|Time left: 300 sec this turn | 300 sec total | 5 sec grace\n|\n|t:|1783554832\n|switch|p1a: Flamigo|Flamigo, L82, M|185/269 par\n|turn|21\n|inactive|Time left: 300 sec this turn | 300 sec total\n|\n|t:|1783554833\n|move|p2a: Hydreigon|Draco Meteor|p1a: Flamigo\n|-damage|p1a: Flamigo|0 fnt\n|-unboost|p2a: Hydreigon|spa|2\n|faint|p1a: Flamigo\n|-damage|p2a: Hydreigon|30/100|[from] item: Life Orb\n|\n|win|p0y13509eef", "uploadtime": 1783554833, "views": 0, "rating": 0, "private": 0, "password": null, "_winner": "p0y13509eef", "_our_name": "p0x13509594"}