{"id": "battle-gen9randombattle-1207", "formatid": "gen9randombattle", "format": "[Gen 9] Random Battle", "players": ["p0x1207b43e", "p0y12070266"], "log": "|init|battle\n|title|p0x1207b43e vs. p0y12070266\n|j|\u2606p0x1207b43e\n|j|\u2606p0y12070266\n|t:|1783553089\n|gametype|singles\n|player|p1|p0x1207b43e|265|\n|player|p2|p0y12070266|266|\n|gen|9\n|tier|[Gen 9] Random Battle\n|rule|Species Clause: Limit one of each Pok\u00e9mon\n|rule|HP Percentage Mod: HP is shown in percentages\n|rule|Sleep Clause Mod: Limit one foe put to sleep\n|rule|Illusion Level Mod: Illusion disguises the Pok\u00e9mon's true level\n|\n|t:|1783553089\n|teamsize|p1|6\n|teamsize|p2|6\n|start\n|switch|p1a: Slowbro|Slowbro-Galar, L87, F|100/100\n|switch|p2a: Frosmoth|Frosmoth, L82, M|249/249\n|turn|1\n|inactive|Battle timer is ON: inactive players will automatically lose when time's up. (requested by p0y12070266)\n|inactive|p0x1207b43e also wants the timer to be on.\n|\n|t:|1783553091\n|move|p2a: Frosmoth|Quiver Dance|p2a: Frosmoth\n|-boost|p2a: Frosmoth|spa|1\n|-boost|p2a: Frosmoth|spd|1\n|-boost|p2a: Frosmoth|spe|1\n|move|p1a: Slowbro|Fire Blast|p2a: Frosmoth\n|-supereffective|p2a: Frosmoth\n|-damage|p2a: Frosmoth|98/249\n|-damage|p1a: Slowbro|91/100|[from] item: Life Orb\n|\n|upkeep\n|turn|2\n|inactive|Time left: 300 sec this turn | 300 sec total\n|\n|t:|1783553092\n|move|p2a: Frosmoth|Ice Beam|p1a: Slowbro\n|-damage|p1a: Slowbro|27/100\n|move|p1a: Slowbro|Fire Blast|p2a: Frosmoth\n|-supereffective|p2a: Frosmoth\n|-damage|p2a: Frosmoth|0 fnt\n|faint|p2a: Frosmoth\n|-damage|p1a: Slowbro|17/100|[from] item: Life Orb\n|\n|upkeep\n|inactive|Time left: 300 sec this turn | 300 sec total | 5 sec grace\n|\n|t:|1783553093\n|switch|p2a: Gothitelle|Gothitelle, L90, M|272/272\n|turn|3\n|inactive|Time left: 300 sec this turn | 300 sec total\n|\n|t:|1783553094\n|move|p2a: Gothitelle|Dark Pulse|p1a: Slowbro\n|-supereffective|p1a: Slowbro\n|-damage|p1a: Slowbro|0 fnt\n|faint|p1a: Slowbro\n|\n|upkeep\n|\n|t:|1783553095\n|switch|p1a: Chien-Pao|Chien-Pao, L72|100/100\n|-ability|p1a: Chien-Pao|Sword of Ruin\n|turn|4\n|inactive|Time left: 300 sec this turn | 300 sec total\n|\n|t:|1783553096\n|switch|p2a: Pincurchin|Pincurchin, M|258/258\n|-fieldstart|move: Electric Terrain|[from] ability: Electric Surge|[of] p2a: Pincurchin\n|move|p1a: Chien-Pao|Throat Chop|p2a: Pincurchin\n|-damage|p2a: Pincurchin|138/258\n|-start|p2a: Pincurchin|Throat Chop|[silent]\n|\n|-heal|p2a: Pincurchin|154/258|[from] item: Leftovers\n|upkeep\n|turn|5\n|inactive|Time left: 300 sec this turn | 300 sec total\n|\n|t:|1783553097\n|move|p1a: Chien-Pao|Throat Chop|p2a: Pincurchin\n|-damage|p2a: Pincurchin|43/258\n|move|p2a: Pincurchin|Scald|p1a: Chien-Pao\n|-damage|p1a: Chien-Pao|57/100\n|\n|-heal|p2a: Pincurchin|59/258|[from] item: Leftovers\n|-end|p2a: Pincurchin|Throat Chop|[silent]\n|upkeep\n|turn|6\n|inactive|Time left: 300 sec this turn | 300 sec total\n|\n|t:|1783553098\n|switch|p2a: Komala|Komala, L87, M|255/255\n|-ability|p2a: Komala|Comatose\n|move|p1a: Chien-Pao|Throat Chop|p2a: Komala\n|-damage|p2a: Komala|80/255\n|-start|p2a: Komala|Throat Chop|[silent]\n|\n|upkeep\n|turn|7\n|inactive|Time left: 300 sec this turn | 300 sec total\n|\n|t:|1783553099\n|move|p2a: Komala|Body Slam|p1a: Chien-Pao\n|-damage|p1a: Chien-Pao|0 fnt\n|faint|p1a: Chien-Pao\n|\n|-end|p2a: Komala|Throat Chop|[silent]\n|upkeep\n|\n|t:|1783553100\n|switch|p1a: Arceus|Arceus-Poison, L70|100/100\n|turn|8\n|inactive|Time left: 300 sec this turn | 300 sec total\n|\n|t:|1783553102\n|move|p2a: Komala|Body Slam|p1a: Arceus\n|-damage|p1a: Arceus|62/100\n|-status|p1a: Arceus|par\n|cant|p1a: Arceus|par\n|\n|-fieldend|move: Electric Terrain\n|upkeep\n|turn|9\n|inactive|Time left: 300 sec this turn | 300 sec total\n|\n|t:|1783553103\n|move|p2a: Komala|Body Slam|p1a: Arceus\n|-damage|p1a: Arceus|28/100 par\n|cant|p1a: Arceus|par\n|\n|upkeep\n|turn|10\n|inactive|Time left: 300 sec this turn | 300 sec total\n|\n|t:|1783553104\n|move|p1a: Arceus|Extreme Speed|p2a: Komala\n|-damage|p2a: Komala|22/255\n|move|p2a: Komala|Body Slam|p1a: Arceus\n|-damage|p1a: Arceus|0 fnt\n|faint|p1a: Arceus\n|\n|upkeep\n|\n|t:|1783553105\n|switch|p1a: Dialga|Dialga, L73|100/100\n|-ability|p1a: Dialga|Pressure\n|turn|11\n|inactive|Time left: 300 sec this turn | 300 sec total\n|\n|t:|1783553106\n|move|p2a: Komala|Body Slam|p1a: Dialga\n|-resisted|p1a: Dialga\n|-damage|p1a: Dialga|81/100\n|-status|p1a: Dialga|par\n|move|p1a: Dialga|Heavy Slam|p2a: Komala\n|-damage|p2a: Komala|0 fnt\n|faint|p2a: Komala\n|\n|upkeep\n|inactive|Time left: 300 sec this turn | 300 sec total | 5 sec grace\n|\n|t:|1783553107\n|switch|p2a: Pincurchin|Pincurchin, M|59/258\n|-fieldstart|move: Electric Terrain|[from] ability: Electric Surge|[of] p2a: Pincurchin\n|turn|12\n|inactive|Time left: 300 sec this turn | 300 sec total\n|\n|t:|1783553108\n|move|p2a: Pincurchin|Recover|p2a: Pincurchin\n|-heal|p2a: Pincurchin|188/258\n|move|p1a: Dialga|Fire Blast|p2a: Pincurchin\n|-damage|p2a: Pincurchin|109/258\n|\n|-heal|p2a: Pincurchin|125/258|[from] item: Leftovers\n|upkeep\n|turn|13\n|inactive|Time left: 300 sec this turn | 300 sec total\n|\n|t:|1783553109\n|move|p2a: Pincurchin|Recover|p2a: Pincurchin\n|-heal|p2a: Pincurchin|254/258\n|move|p1a: Dialga|Heavy Slam|p2a: Pincurchin\n|-resisted|p2a: Pincurchin\n|-damage|p2a: Pincurchin|212/258\n|\n|-heal|p2a: Pincurchin|228/258|[from] item: Leftovers\n|upkeep\n|turn|14\n|inactive|Time left: 300 sec this turn | 300 sec total\n|\n|t:|1783553110\n|move|p2a: Pincurchin|Discharge|p1a: Dialga\n|-resisted|p1a: Dialga\n|-damage|p1a: Dialga|60/100 par\n|cant|p1a: Dialga|par\n|\n|-heal|p2a: Pincurchin|244/258|[from] item: Leftovers\n|upkeep\n|turn|15\n|inactive|Time left: 300 sec this turn | 300 sec total\n|\n|t:|1783553111\n|move|p2a: Pincurchin|Discharge|p1a: Dialga\n|-resisted|p1a: Dialga\n|-damage|p1a: Dialga|40/100 par\n|move|p1a: Dialga|Fire Blast|p2a: Pincurchin\n|-damage|p2a: Pincurchin|172/258\n|\n|-heal|p2a: Pincurchin|188/258|[from] item: Leftovers\n|upkeep\n|turn|16\n|inactive|Time left: 300 sec this turn | 300 sec total\n|\n|t:|1783553112\n|move|p2a: Pincurchin|Recover|p2a: Pincurchin\n|-heal|p2a: Pincurchin|258/258\n|move|p1a: Dialga|Heavy Slam|p2a: Pincurchin\n|-resisted|p2a: Pincurchin\n|-damage|p2a: Pincurchin|210/258\n|\n|-heal|p2a: Pincurchin|226/258|[from] item: Leftovers\n|-fieldend|move: Electric Terrain\n|upkeep\n|turn|17\n|inactive|Time left: 300 sec this turn | 300 sec total\n|\n|t:|1783553113\n|switch|p1a: Blissey|Blissey, L85, F|100/100\n|move|p2a: Pincurchin|Discharge|p1a: Blissey\n|-damage|p1a: Blissey|86/100\n|\n|-heal|p1a: Blissey|92/100|[from] item: Leftovers\n|-heal|p2a: Pincurchin|242/258|[from] item: Leftovers\n|upkeep\n|turn|18\n|inactive|Time left: 300 sec this turn | 300 sec total\n|\n|t:|1783553114\n|move|p1a: Blissey|Stealth Rock|p2a: Pincurchin\n|-sidestart|p2: p0y12070266|move: Stealth Rock\n|move|p2a: Pincurchin|Spikes|p1a: Blissey\n|-sidestart|p1: p0x1207b43e|Spikes\n|\n|-heal|p1a: Blissey|98/100|[from] item: Leftovers\n|-heal|p2a: Pincurchin|258/258|[from] item: Leftovers\n|upkeep\n|turn|19\n|inactive|Time left: 300 sec this turn | 300 sec total\n|\n|t:|1783553115\n|switch|p1a: Latias|Latias, L79, F|100/100\n|move|p2a: Pincurchin|Discharge|p1a: Latias\n|-resisted|p1a: Latias\n|-damage|p1a: Latias|83/100\n|\n|upkeep\n|turn|20\n|inactive|Time left: 300 sec this turn | 300 sec total\n|\n|t:|1783553116\n|move|p1a: Latias|Calm Mind|p1a: Latias\n|-boost|p1a: Latias|spa|1\n|-boost|p1a: Latias|spd|1\n|move|p2a: Pincurchin|Discharge|p1a: Latias\n|-resisted|p1a: Latias\n|-damage|p1a: Latias|70/100\n|-status|p1a: Latias|par\n|\n|upkeep\n|turn|21\n|inactive|Time left: 300 sec this turn | 300 sec total\n|\n|t:|1783553117\n|cant|p1a: Latias|par\n|move|p2a: Pincurchin|Scald|p1a: Latias\n|-resisted|p1a: Latias\n|-damage|p1a: Latias|63/100 par\n|\n|upkeep\n|turn|22\n|inactive|Time left: 300 sec this turn | 300 sec total\n|\n|t:|1783553118\n|cant|p1a: Latias|par\n|move|p2a: Pincurchin|Discharge|p1a: Latias\n|-resisted|p1a: Latias\n|-damage|p1a: Latias|51/100 par\n|\n|upkeep\n|turn|23\n|inactive|Time left: 300 sec this turn | 300 sec total\n|\n|t:|1783553119\n|move|p1a: Latias|Recover|p1a: Latias\n|-heal|p1a: Latias|100/100 par\n|move|p2a: Pincurchin|Scald|p1a: Latias\n|-resisted|p1a: Latias\n|-damage|p1a: Latias|93/100 par\n|\n|upkeep\n|turn|24\n|inactive|Time left: 300 sec this turn | 300 sec total\n|\n|t:|1783553121\n|move|p1a: Latias|Calm Mind|p1a: Latias\n|-boost|p1a: Latias|spa|1\n|-boost|p1a: Latias|spd|1\n|move|p2a: Pincurchin|Scald|p1a: Latias\n|-resisted|p1a: Latias\n|-damage|p1a: Latias|87/100 par\n|\n|upkeep\n|turn|25\n|inactive|Time left: 300 sec this turn | 300 sec total\n|\n|t:|1783553122\n|move|p1a: Latias|Draco Meteor|p2a: Pincurchin\n|-damage|p2a: Pincurchin|0 fnt\n|-unboost|p1a: Latias|spa|2\n|faint|p2a: Pincurchin\n|\n|upkeep\n|inactive|Time left: 300 sec this turn | 300 sec total | 5 sec grace\n|\n|t:|1783553123\n|switch|p2a: Cyclizar|Cyclizar, L84, M|255/255\n|turn|26\n|inactive|Time left: 300 sec this turn | 300 sec total\n|\n|t:|1783553124\n|move|p2a: Cyclizar|Rapid Spin|p1a: Latias\n|-damage|p1a: Latias|65/100 par\n|-boost|p2a: Cyclizar|spe|1\n|-sideend|p2: p0y12070266|Stealth Rock|[from] move: Rapid Spin|[of] p2a: Cyclizar\n|move|p1a: Latias|Calm Mind|p1a: Latias\n|-boost|p1a: Latias|spa|1\n|-boost|p1a: Latias|spd|1\n|\n|upkeep\n|turn|27\n|inactive|Time left: 300 sec this turn | 300 sec total\n|\n|t:|1783553125\n|move|p2a: Cyclizar|Knock Off|p1a: Latias\n|-supereffective|p1a: Latias\n|-damage|p1a: Latias|10/100 par\n|-enditem|p1a: Latias|Soul Dew|[from] move: Knock Off|[of] p2a: Cyclizar\n|move|p1a: Latias|Psyshock|p2a: Cyclizar\n|-damage|p2a: Cyclizar|93/255\n|\n|upkeep\n|turn|28\n|inactive|Time left: 300 sec this turn | 300 sec total\n|\n|t:|1783553126\n|move|p2a: Cyclizar|Rapid Spin|p1a: Latias\n|-damage|p1a: Latias|0 fnt\n|-boost|p2a: Cyclizar|spe|1\n|faint|p1a: Latias\n|\n|upkeep\n|\n|t:|1783553127\n|switch|p1a: Blissey|Blissey, L85, F|98/100\n|-damage|p1a: Blissey|86/100|[from] Spikes\n|turn|29\n|inactive|Time left: 300 sec this turn | 300 sec total\n|\n|t:|1783553128\n|move|p2a: Cyclizar|Knock Off|p1a: Blissey\n|-crit|p1a: Blissey\n|-damage|p1a: Blissey|35/100\n|-enditem|p1a: Blissey|Leftovers|[from] move: Knock Off|[of] p2a: Cyclizar\n|move|p1a: Blissey|Seismic Toss|p2a: Cyclizar\n|-damage|p2a: Cyclizar|8/255\n|\n|upkeep\n|turn|30\n|inactive|Time left: 300 sec this turn | 300 sec total\n|\n|t:|1783553129\n|switch|p2a: Dugtrio|Dugtrio, L84, M|196/196\n|move|p1a: Blissey|Soft-Boiled|p1a: Blissey\n|-heal|p1a: Blissey|85/100\n|\n|upkeep\n|turn|31\n|inactive|Time left: 300 sec this turn | 300 sec total\n|\n|t:|1783553130\n|move|p2a: Dugtrio|Swords Dance|p2a: Dugtrio\n|-boost|p2a: Dugtrio|atk|2\n|move|p1a: Blissey|Seismic Toss|p2a: Dugtrio\n|-damage|p2a: Dugtrio|111/196\n|\n|upkeep\n|turn|32\n|inactive|Time left: 300 sec this turn | 300 sec total\n|\n|t:|1783553131\n|move|p2a: Dugtrio|Earthquake|p1a: Blissey\n|-damage|p1a: Blissey|0 fnt\n|faint|p1a: Blissey\n|-damage|p2a: Dugtrio|92/196|[from] item: Life Orb\n|\n|upkeep\n|\n|t:|1783553132\n|switch|p1a: Dialga|Dialga, L73|40/100 par\n|-damage|p1a: Dialga|28/100 par|[from] Spikes\n|-ability|p1a: Dialga|Pressure\n|turn|33\n|inactive|Time left: 300 sec this turn | 300 sec total\n|\n|t:|1783553133\n|-terastallize|p2a: Dugtrio|Dark\n|move|p2a: Dugtrio|Sucker Punch|p1a: Dialga\n|-damage|p1a: Dialga|0 fnt\n|faint|p1a: Dialga\n|-damage|p2a: Dugtrio|73/196|[from] item: Life Orb\n|\n|win|p0y12070266", "uploadtime": 1783553133, "views": 0, "rating": 0, "private": 0, "password": null, "_winner": "p0y12070266", "_our_name": "p0y12070266"}