{"id": "battle-gen9randombattle-2572", "formatid": "gen9randombattle", "format": "[Gen 9] Random Battle", "players": ["p0x25725422", "p0y25726caf"], "log": "|init|battle\n|title|p0x25725422 vs. p0y25726caf\n|j|\u2606p0x25725422\n|j|\u2606p0y25726caf\n|t:|1783569728\n|gametype|singles\n|player|p1|p0x25725422|101|\n|player|p2|p0y25726caf|102|\n|gen|9\n|tier|[Gen 9] Random Battle\n|rule|Species Clause: Limit one of each Pok\u00e9mon\n|rule|HP Percentage Mod: HP is shown in percentages\n|rule|Sleep Clause Mod: Limit one foe put to sleep\n|rule|Illusion Level Mod: Illusion disguises the Pok\u00e9mon's true level\n|\n|t:|1783569728\n|teamsize|p1|6\n|teamsize|p2|6\n|start\n|switch|p1a: Kingdra|Kingdra, L84, M|263/263\n|switch|p2a: Iron Crown|Iron Crown, L78|100/100\n|turn|1\n|inactive|Battle timer is ON: inactive players will automatically lose when time's up. (requested by p0x25725422)\n|\n|t:|1783569729\n|move|p2a: Iron Crown|Calm Mind|p2a: Iron Crown\n|-boost|p2a: Iron Crown|spa|1\n|-boost|p2a: Iron Crown|spd|1\n|move|p1a: Kingdra|Wave Crash|p2a: Iron Crown\n|-damage|p2a: Iron Crown|39/100\n|-damage|p1a: Kingdra|209/263|[from] Recoil\n|-damage|p1a: Kingdra|183/263|[from] item: Life Orb\n|\n|-heal|p2a: Iron Crown|45/100|[from] item: Leftovers\n|upkeep\n|turn|2\n|inactive|Time left: 300 sec this turn | 300 sec total\n|inactive|p0y25726caf also wants the timer to be on.\n|\n|t:|1783569730\n|move|p2a: Iron Crown|Psyshock|p1a: Kingdra\n|-damage|p1a: Kingdra|66/263\n|move|p1a: Kingdra|Wave Crash|p2a: Iron Crown\n|-damage|p2a: Iron Crown|0 fnt\n|faint|p2a: Iron Crown\n|-end|p2a: Iron Crown|Quark Drive|[silent]\n|-damage|p1a: Kingdra|26/263|[from] Recoil\n|-damage|p1a: Kingdra|0 fnt|[from] item: Life Orb\n|faint|p1a: Kingdra\n|\n|upkeep\n|inactive|Time left: 300 sec this turn | 300 sec total | 5 sec grace\n|\n|t:|1783569731\n|switch|p2a: Ludicolo|Ludicolo, L90, F|100/100\n|switch|p1a: Spidops|Spidops, L96, F|271/271\n|turn|3\n|inactive|Time left: 300 sec this turn | 300 sec total\n|\n|t:|1783569732\n|move|p2a: Ludicolo|Hydro Pump|p1a: Spidops\n|-damage|p1a: Spidops|119/271\n|-damage|p2a: Ludicolo|90/100|[from] item: Life Orb\n|move|p1a: Spidops|Sticky Web|p2a: Ludicolo\n|-sidestart|p2: p0y25726caf|move: Sticky Web\n|\n|upkeep\n|turn|4\n|inactive|Time left: 300 sec this turn | 300 sec total\n|\n|t:|1783569733\n|switch|p1a: Alcremie|Alcremie-Rainbow-Swirl, L90, F|263/263\n|move|p2a: Ludicolo|Hydro Pump|p1a: Alcremie\n|-damage|p1a: Alcremie|153/263\n|-damage|p2a: Ludicolo|80/100|[from] item: Life Orb\n|\n|-heal|p1a: Alcremie|169/263|[from] item: Leftovers\n|upkeep\n|turn|5\n|inactive|Time left: 300 sec this turn | 300 sec total\n|\n|t:|1783569734\n|move|p2a: Ludicolo|Hydro Pump|p1a: Alcremie\n|-crit|p1a: Alcremie\n|-damage|p1a: Alcremie|0 fnt\n|faint|p1a: Alcremie\n|-damage|p2a: Ludicolo|70/100|[from] item: Life Orb\n|\n|upkeep\n|inactive|Time left: 300 sec this turn | 300 sec total | 5 sec grace\n|\n|t:|1783569735\n|switch|p1a: Noctowl|Noctowl, L95, M|344/344\n|turn|6\n|inactive|Time left: 300 sec this turn | 300 sec total\n|\n|t:|1783569736\n|move|p1a: Noctowl|Hurricane|p2a: Ludicolo\n|-supereffective|p2a: Ludicolo\n|-damage|p2a: Ludicolo|0 fnt\n|faint|p2a: Ludicolo\n|\n|upkeep\n|\n|t:|1783569737\n|switch|p2a: Coalossal|Coalossal, L89, F|100/100\n|turn|7\n|inactive|Time left: 300 sec this turn | 300 sec total\n|\n|t:|1783569738\n|move|p1a: Noctowl|Hurricane|p2a: Coalossal\n|-resisted|p2a: Coalossal\n|-damage|p2a: Coalossal|66/100\n|move|p2a: Coalossal|Stone Edge|p1a: Noctowl\n|-supereffective|p1a: Noctowl\n|-crit|p1a: Noctowl\n|-damage|p1a: Noctowl|0 fnt\n|faint|p1a: Noctowl\n|\n|upkeep\n|inactive|Time left: 300 sec this turn | 300 sec total | 5 sec grace\n|\n|t:|1783569739\n|switch|p1a: Magmortar|Magmortar, L88, F|275/275\n|turn|8\n|inactive|Time left: 300 sec this turn | 300 sec total\n|\n|t:|1783569740\n|move|p1a: Magmortar|Scorching Sands|p2a: Coalossal\n|-supereffective|p2a: Coalossal\n|-crit|p2a: Coalossal\n|-damage|p2a: Coalossal|0 fnt\n|faint|p2a: Coalossal\n|\n|upkeep\n|\n|t:|1783569741\n|switch|p2a: Cyclizar|Cyclizar, L84, F|100/100\n|turn|9\n|inactive|Time left: 300 sec this turn | 300 sec total\n|\n|t:|1783569742\n|move|p2a: Cyclizar|Rapid Spin|p1a: Magmortar\n|-damage|p1a: Magmortar|215/275\n|-boost|p2a: Cyclizar|spe|1\n|-sideend|p2: p0y25726caf|Sticky Web|[from] move: Rapid Spin|[of] p2a: Cyclizar\n|move|p1a: Magmortar|Focus Blast|p2a: Cyclizar|[miss]\n|-miss|p1a: Magmortar|p2a: Cyclizar\n|\n|upkeep\n|turn|10\n|inactive|Time left: 300 sec this turn | 300 sec total\n|\n|t:|1783569743\n|move|p2a: Cyclizar|Shed Tail|p2a: Cyclizar\n|-start|p2a: Cyclizar|Substitute|[from] move: Shed Tail\n|-damage|p2a: Cyclizar|50/100\n|\n|t:|1783569744\n|switch|p2a: Gallade|Gallade, L80, M|100/100|[from] Shed Tail\n|move|p1a: Magmortar|Focus Blast|p2a: Gallade\n|-resisted|p2a: Gallade\n|-activate|p2a: Gallade|move: Substitute|[damage]\n|\n|upkeep\n|turn|11\n|inactive|Time left: 300 sec this turn | 300 sec total\n|\n|t:|1783569745\n|move|p2a: Gallade|Psycho Cut|p1a: Magmortar\n|-crit|p1a: Magmortar\n|-damage|p1a: Magmortar|0 fnt\n|faint|p1a: Magmortar\n|\n|upkeep\n|inactive|Time left: 300 sec this turn | 300 sec total | 5 sec grace\n|\n|t:|1783569746\n|switch|p1a: Palafin|Palafin, L77, M|281/281\n|turn|12\n|inactive|Time left: 300 sec this turn | 300 sec total\n|\n|t:|1783569747\n|move|p2a: Gallade|Psycho Cut|p1a: Palafin\n|-damage|p1a: Palafin|115/281\n|move|p1a: Palafin|Flip Turn|p2a: Gallade\n|-end|p2a: Gallade|Substitute\n|inactive|Time left: 300 sec this turn | 300 sec total | 5 sec grace\n|\n|t:|1783569748\n|detailschange|p1a: Palafin|Palafin-Hero, L77, M\n|switch|p1a: Spidops|Spidops, L96, F|119/271|[from] Flip Turn\n|\n|upkeep\n|turn|13\n|inactive|Time left: 300 sec this turn | 300 sec total\n|\n|t:|1783569748\n|move|p2a: Gallade|Psycho Cut|p1a: Spidops\n|-damage|p1a: Spidops|11/271\n|move|p1a: Spidops|Knock Off|p2a: Gallade\n|-damage|p2a: Gallade|56/100\n|-enditem|p2a: Gallade|Choice Scarf|[from] move: Knock Off|[of] p1a: Spidops\n|\n|upkeep\n|turn|14\n|inactive|Time left: 300 sec this turn | 300 sec total\n|\n|t:|1783569749\n|move|p2a: Gallade|Leaf Blade|p1a: Spidops\n|-resisted|p1a: Spidops\n|-damage|p1a: Spidops|0 fnt\n|faint|p1a: Spidops\n|\n|upkeep\n|inactive|Time left: 300 sec this turn | 300 sec total | 5 sec grace\n|\n|t:|1783569750\n|switch|p1a: Palafin|Palafin-Hero, L77, M|115/281\n|-activate|p1a: Palafin|ability: Zero to Hero\n|turn|15\n|inactive|Time left: 300 sec this turn | 300 sec total\n|\n|t:|1783569751\n|move|p1a: Palafin|Jet Punch|p2a: Gallade\n|-damage|p2a: Gallade|0 fnt\n|faint|p2a: Gallade\n|\n|upkeep\n|\n|t:|1783569752\n|switch|p2a: Cyclizar|Cyclizar, L84, F|84/100\n|turn|16\n|inactive|Time left: 300 sec this turn | 300 sec total\n|\n|t:|1783569753\n|-terastallize|p2a: Cyclizar|Dragon\n|move|p1a: Palafin|Jet Punch|p2a: Cyclizar\n|-resisted|p2a: Cyclizar\n|-damage|p2a: Cyclizar|57/100\n|move|p2a: Cyclizar|Draco Meteor|p1a: Palafin\n|-damage|p1a: Palafin|0 fnt\n|-unboost|p2a: Cyclizar|spa|2\n|faint|p1a: Palafin\n|\n|win|p0y25726caf", "uploadtime": 1783569753, "views": 0, "rating": 0, "private": 0, "password": null, "_winner": "p0y25726caf", "_our_name": "p0x25725422"}