{"id": "battle-gen9randombattle-2842", "formatid": "gen9randombattle", "format": "[Gen 9] Random Battle", "players": ["p0x28428d95", "p0y2842fdcc"], "log": "|init|battle\n|title|p0x28428d95 vs. p0y2842fdcc\n|j|\u2606p0x28428d95\n|j|\u2606p0y2842fdcc\n|t:|1783571771\n|gametype|singles\n|player|p1|p0x28428d95|2|\n|player|p2|p0y2842fdcc|169|\n|gen|9\n|tier|[Gen 9] Random Battle\n|rule|Species Clause: Limit one of each Pok\u00e9mon\n|rule|HP Percentage Mod: HP is shown in percentages\n|rule|Sleep Clause Mod: Limit one foe put to sleep\n|rule|Illusion Level Mod: Illusion disguises the Pok\u00e9mon's true level\n|\n|t:|1783571771\n|teamsize|p1|6\n|teamsize|p2|6\n|start\n|switch|p1a: Annihilape|Annihilape, L76, M|292/292\n|switch|p2a: Komala|Komala, L87, M|100/100\n|-ability|p2a: Komala|Comatose\n|turn|1\n|inactive|Battle timer is ON: inactive players will automatically lose when time's up. (requested by p0y2842fdcc)\n|inactive|Time left: 300 sec this turn | 300 sec total | 60 sec grace\n|inactive|p0x28428d95 also wants the timer to be on.\n|\n|t:|1783571772\n|switch|p2a: Yanmega|Yanmega, L82, M|100/100\n|move|p1a: Annihilape|Drain Punch|p2a: Yanmega\n|-resisted|p2a: Yanmega\n|-damage|p2a: Yanmega|94/100\n|\n|upkeep\n|turn|2\n|inactive|Time left: 300 sec this turn | 300 sec total\n|\n|t:|1783571773\n|switch|p1a: Blastoise|Blastoise, L80, F|258/258\n|move|p2a: Yanmega|Air Slash|p1a: Blastoise\n|-damage|p1a: Blastoise|174/258\n|\n|-ability|p2a: Yanmega|Speed Boost|boost\n|-boost|p2a: Yanmega|spe|1\n|upkeep\n|turn|3\n|inactive|Time left: 300 sec this turn | 300 sec total\n|\n|t:|1783571775\n|move|p2a: Yanmega|Bug Buzz|p1a: Blastoise\n|-damage|p1a: Blastoise|86/258\n|move|p1a: Blastoise|Hydro Pump|p2a: Yanmega|[miss]\n|-miss|p1a: Blastoise|p2a: Yanmega\n|\n|-ability|p2a: Yanmega|Speed Boost|boost\n|-boost|p2a: Yanmega|spe|1\n|upkeep\n|turn|4\n|inactive|Time left: 300 sec this turn | 300 sec total\n|\n|t:|1783571775\n|switch|p1a: Muk|Muk-Alola, L82, M|306/306\n|move|p2a: Yanmega|Bug Buzz|p1a: Muk\n|-damage|p1a: Muk|243/306\n|\n|-ability|p2a: Yanmega|Speed Boost|boost\n|-boost|p2a: Yanmega|spe|1\n|upkeep\n|turn|5\n|inactive|Time left: 300 sec this turn | 300 sec total\n|\n|t:|1783571777\n|move|p2a: Yanmega|Air Slash|p1a: Muk\n|-damage|p1a: Muk|185/306\n|cant|p1a: Muk|flinch\n|\n|-ability|p2a: Yanmega|Speed Boost|boost\n|-boost|p2a: Yanmega|spe|1\n|upkeep\n|turn|6\n|inactive|Time left: 300 sec this turn | 300 sec total\n|\n|t:|1783571778\n|move|p2a: Yanmega|Protect|p2a: Yanmega\n|-singleturn|p2a: Yanmega|Protect\n|move|p1a: Muk|Knock Off|p2a: Yanmega\n|-activate|p2a: Yanmega|move: Protect\n|\n|-ability|p2a: Yanmega|Speed Boost|boost\n|-boost|p2a: Yanmega|spe|1\n|upkeep\n|turn|7\n|inactive|Time left: 300 sec this turn | 300 sec total\n|\n|t:|1783571779\n|move|p2a: Yanmega|Air Slash|p1a: Muk\n|-damage|p1a: Muk|133/306\n|move|p1a: Muk|Knock Off|p2a: Yanmega\n|-damage|p2a: Yanmega|55/100\n|-enditem|p2a: Yanmega|Heavy-Duty Boots|[from] move: Knock Off|[of] p1a: Muk\n|\n|-ability|p2a: Yanmega|Speed Boost|boost\n|-boost|p2a: Yanmega|spe|1\n|upkeep\n|turn|8\n|inactive|Time left: 300 sec this turn | 300 sec total\n|\n|t:|1783571780\n|move|p2a: Yanmega|Air Slash|p1a: Muk\n|-damage|p1a: Muk|76/306\n|move|p1a: Muk|Ice Punch|p2a: Yanmega\n|-supereffective|p2a: Yanmega\n|-crit|p2a: Yanmega\n|-damage|p2a: Yanmega|0 fnt\n|faint|p2a: Yanmega\n|\n|upkeep\n|\n|t:|1783571781\n|switch|p2a: Iron Crown|Iron Crown, L78|100/100\n|turn|9\n|inactive|Time left: 300 sec this turn | 300 sec total\n|\n|t:|1783571782\n|move|p2a: Iron Crown|Tachyon Cutter|p1a: Muk\n|-damage|p1a: Muk|27/306\n|-damage|p1a: Muk|0 fnt\n|faint|p1a: Muk\n|-hitcount|p1: Muk|2\n|\n|upkeep\n|inactive|Time left: 300 sec this turn | 300 sec total | 5 sec grace\n|\n|t:|1783571783\n|switch|p1a: Blastoise|Blastoise, L80, F|86/258\n|turn|10\n|inactive|Time left: 300 sec this turn | 300 sec total\n|\n|t:|1783571784\n|move|p2a: Iron Crown|Tachyon Cutter|p1a: Blastoise\n|-resisted|p1a: Blastoise\n|-damage|p1a: Blastoise|48/258\n|-resisted|p1a: Blastoise\n|-damage|p1a: Blastoise|12/258\n|-hitcount|p1a: Blastoise|2\n|move|p1a: Blastoise|Shell Smash|p1a: Blastoise\n|-unboost|p1a: Blastoise|def|1\n|-unboost|p1a: Blastoise|spd|1\n|-boost|p1a: Blastoise|atk|2\n|-boost|p1a: Blastoise|spa|2\n|-boost|p1a: Blastoise|spe|2\n|-enditem|p1a: Blastoise|White Herb\n|-clearnegativeboost|p1a: Blastoise|[silent]\n|\n|upkeep\n|turn|11\n|inactive|Time left: 300 sec this turn | 300 sec total\n|\n|t:|1783571785\n|move|p1a: Blastoise|Hydro Pump|p2a: Iron Crown\n|-damage|p2a: Iron Crown|0 fnt\n|faint|p2a: Iron Crown\n|-end|p2a: Iron Crown|Quark Drive|[silent]\n|\n|upkeep\n|\n|t:|1783571786\n|switch|p2a: Komala|Komala, L87, M|100/100\n|-ability|p2a: Komala|Comatose\n|turn|12\n|inactive|Time left: 300 sec this turn | 300 sec total\n|\n|t:|1783571787\n|move|p1a: Blastoise|Hydro Pump|p2a: Komala\n|-damage|p2a: Komala|28/100\n|move|p2a: Komala|Rapid Spin|p1a: Blastoise\n|-damage|p1a: Blastoise|0 fnt\n|-boost|p2a: Komala|spe|1\n|faint|p1a: Blastoise\n|\n|upkeep\n|inactive|Time left: 300 sec this turn | 300 sec total | 5 sec grace\n|\n|t:|1783571788\n|switch|p1a: Chesnaught|Chesnaught, L84, M|285/285\n|turn|13\n|inactive|Time left: 300 sec this turn | 300 sec total\n|\n|t:|1783571789\n|move|p2a: Komala|Body Slam|p1a: Chesnaught\n|-damage|p1a: Chesnaught|192/285\n|move|p1a: Chesnaught|Trailblaze|p2a: Komala\n|-damage|p2a: Komala|0 fnt\n|-boost|p1a: Chesnaught|spe|1\n|faint|p2a: Komala\n|\n|-heal|p1a: Chesnaught|209/285|[from] item: Leftovers\n|upkeep\n|\n|t:|1783571790\n|switch|p2a: Sunflora|Sunflora, F|100/100\n|turn|14\n|inactive|Time left: 300 sec this turn | 300 sec total\n|\n|t:|1783571791\n|move|p1a: Chesnaught|Body Press|p2a: Sunflora\n|-damage|p2a: Sunflora|65/100\n|move|p2a: Sunflora|Dazzling Gleam|p1a: Chesnaught\n|-supereffective|p1a: Chesnaught\n|-damage|p1a: Chesnaught|0 fnt\n|faint|p1a: Chesnaught\n|\n|upkeep\n|inactive|Time left: 300 sec this turn | 300 sec total | 5 sec grace\n|\n|t:|1783571792\n|switch|p1a: Exeggutor|Exeggutor, L89, F|312/312\n|turn|15\n|inactive|Time left: 300 sec this turn | 300 sec total\n|\n|t:|1783571793\n|move|p1a: Exeggutor|Sludge Bomb|p2a: Sunflora\n|-supereffective|p2a: Sunflora\n|-damage|p2a: Sunflora|17/100\n|-status|p2a: Sunflora|psn\n|move|p2a: Sunflora|Dazzling Gleam|p1a: Exeggutor\n|-damage|p1a: Exeggutor|169/312\n|\n|-damage|p2a: Sunflora|4/100 psn|[from] psn\n|upkeep\n|turn|16\n|inactive|Time left: 300 sec this turn | 300 sec total\n|\n|t:|1783571793\n|move|p1a: Exeggutor|Psychic|p2a: Sunflora\n|-damage|p2a: Sunflora|0 fnt\n|faint|p2a: Sunflora\n|\n|upkeep\n|\n|t:|1783571794\n|switch|p2a: Houndoom|Houndoom, L87, M|100/100\n|turn|17\n|inactive|Time left: 300 sec this turn | 300 sec total\n|\n|t:|1783571795\n|switch|p1a: Annihilape|Annihilape, L76, M|292/292\n|move|p2a: Houndoom|Fire Blast|p1a: Annihilape\n|-damage|p1a: Annihilape|138/292\n|\n|upkeep\n|turn|18\n|inactive|Time left: 300 sec this turn | 300 sec total\n|\n|t:|1783571796\n|-terastallize|p1a: Annihilape|Water\n|move|p2a: Houndoom|Fire Blast|p1a: Annihilape\n|-resisted|p1a: Annihilape\n|-damage|p1a: Annihilape|64/292\n|move|p1a: Annihilape|Rest|p1a: Annihilape\n|-status|p1a: Annihilape|slp|[from] move: Rest\n|-heal|p1a: Annihilape|292/292 slp|[silent]\n|-enditem|p1a: Annihilape|Chesto Berry|[eat]\n|-curestatus|p1a: Annihilape|slp|[msg]\n|\n|upkeep\n|turn|19\n|inactive|Time left: 300 sec this turn | 300 sec total\n|\n|t:|1783571797\n|-terastallize|p2a: Houndoom|Poison\n|move|p2a: Houndoom|Sludge Bomb|p1a: Annihilape\n|-damage|p1a: Annihilape|169/292\n|move|p1a: Annihilape|Drain Punch|p2a: Houndoom\n|-resisted|p2a: Houndoom\n|-damage|p2a: Houndoom|80/100\n|-heal|p1a: Annihilape|198/292|[from] drain|[of] p2a: Houndoom\n|\n|upkeep\n|turn|20\n|inactive|Time left: 300 sec this turn | 300 sec total\n|\n|t:|1783571797\n|move|p2a: Houndoom|Sludge Bomb|p1a: Annihilape\n|-damage|p1a: Annihilape|72/292\n|move|p1a: Annihilape|Drain Punch|p2a: Houndoom\n|-resisted|p2a: Houndoom\n|-damage|p2a: Houndoom|59/100\n|-heal|p1a: Annihilape|100/292|[from] drain|[of] p2a: Houndoom\n|\n|upkeep\n|turn|21\n|inactive|Time left: 300 sec this turn | 300 sec total\n|\n|t:|1783571798\n|move|p2a: Houndoom|Sludge Bomb|p1a: Annihilape\n|-damage|p1a: Annihilape|0 fnt\n|faint|p1a: Annihilape\n|\n|upkeep\n|inactive|Time left: 300 sec this turn | 300 sec total | 5 sec grace\n|\n|t:|1783571799\n|switch|p1a: Spectrier|Spectrier, L75|274/274\n|turn|22\n|inactive|Time left: 300 sec this turn | 300 sec total\n|\n|t:|1783571800\n|move|p1a: Spectrier|Nasty Plot|p1a: Spectrier\n|-boost|p1a: Spectrier|spa|2\n|move|p2a: Houndoom|Dark Pulse|p1a: Spectrier\n|-supereffective|p1a: Spectrier\n|-damage|p1a: Spectrier|44/274\n|\n|upkeep\n|turn|23\n|inactive|Time left: 300 sec this turn | 300 sec total\n|\n|t:|1783571801\n|move|p2a: Houndoom|Sucker Punch|p1a: Spectrier\n|-supereffective|p1a: Spectrier\n|-damage|p1a: Spectrier|0 fnt\n|faint|p1a: Spectrier\n|\n|upkeep\n|inactive|Time left: 300 sec this turn | 300 sec total | 5 sec grace\n|\n|t:|1783571802\n|switch|p1a: Exeggutor|Exeggutor, L89, F|169/312\n|turn|24\n|inactive|Time left: 300 sec this turn | 300 sec total\n|\n|t:|1783571803\n|move|p2a: Houndoom|Sludge Bomb|p1a: Exeggutor\n|-supereffective|p1a: Exeggutor\n|-damage|p1a: Exeggutor|0 fnt\n|faint|p1a: Exeggutor\n|\n|win|p0y2842fdcc", "uploadtime": 1783571803, "views": 0, "rating": 0, "private": 0, "password": null, "_winner": "p0y2842fdcc", "_our_name": "p0x28428d95"}