{"id": "battle-gen9randombattle-1924", "formatid": "gen9randombattle", "format": "[Gen 9] Random Battle", "players": ["p0x1924ef90", "p0y19244cdb"], "log": "|init|battle\n|title|p0x1924ef90 vs. p0y19244cdb\n|j|\u2606p0x1924ef90\n|j|\u2606p0y19244cdb\n|t:|1783561536\n|gametype|singles\n|player|p1|p0x1924ef90|2|\n|player|p2|p0y19244cdb|2|\n|gen|9\n|tier|[Gen 9] Random Battle\n|rule|Species Clause: Limit one of each Pok\u00e9mon\n|rule|HP Percentage Mod: HP is shown in percentages\n|rule|Sleep Clause Mod: Limit one foe put to sleep\n|rule|Illusion Level Mod: Illusion disguises the Pok\u00e9mon's true level\n|\n|t:|1783561536\n|teamsize|p1|6\n|teamsize|p2|6\n|start\n|switch|p1a: Lapras|Lapras, L87, M|367/367\n|switch|p2a: Grumpig|Grumpig, L92, F|100/100\n|turn|1\n|inactive|Battle timer is ON: inactive players will automatically lose when time's up. (requested by p0x1924ef90)\n|inactive|p0y19244cdb also wants the timer to be on.\n|\n|t:|1783561538\n|move|p2a: Grumpig|Nasty Plot|p2a: Grumpig\n|-boost|p2a: Grumpig|spa|2\n|move|p1a: Lapras|Hydro Pump|p2a: Grumpig\n|-damage|p2a: Grumpig|56/100\n|\n|-heal|p2a: Grumpig|62/100|[from] item: Leftovers\n|upkeep\n|turn|2\n|inactive|Time left: 300 sec this turn | 300 sec total\n|\n|t:|1783561538\n|move|p2a: Grumpig|Psyshock|p1a: Lapras\n|-damage|p1a: Lapras|169/367\n|move|p1a: Lapras|Hydro Pump|p2a: Grumpig\n|-damage|p2a: Grumpig|18/100\n|\n|-heal|p2a: Grumpig|24/100|[from] item: Leftovers\n|upkeep\n|turn|3\n|inactive|Time left: 300 sec this turn | 300 sec total\n|\n|t:|1783561539\n|move|p2a: Grumpig|Psyshock|p1a: Lapras\n|-damage|p1a: Lapras|0 fnt\n|faint|p1a: Lapras\n|\n|-heal|p2a: Grumpig|30/100|[from] item: Leftovers\n|upkeep\n|inactive|Time left: 300 sec this turn | 300 sec total | 5 sec grace\n|\n|t:|1783561540\n|switch|p1a: Vikavolt|Vikavolt, L83, F|263/263\n|turn|4\n|inactive|Time left: 300 sec this turn | 300 sec total\n|\n|t:|1783561541\n|move|p2a: Grumpig|Psyshock|p1a: Vikavolt\n|-damage|p1a: Vikavolt|86/263\n|move|p1a: Vikavolt|Bug Buzz|p2a: Grumpig\n|-supereffective|p2a: Grumpig\n|-damage|p2a: Grumpig|0 fnt\n|faint|p2a: Grumpig\n|\n|upkeep\n|\n|t:|1783561542\n|switch|p2a: Pyroar|Pyroar, L88, F|100/100\n|-ability|p2a: Pyroar|Unnerve\n|turn|5\n|inactive|Time left: 300 sec this turn | 300 sec total\n|\n|t:|1783561543\n|switch|p1a: Iron Thorns|Iron Thorns, L83|302/302\n|move|p2a: Pyroar|Fire Blast|p1a: Iron Thorns\n|-resisted|p1a: Iron Thorns\n|-damage|p1a: Iron Thorns|254/302\n|\n|upkeep\n|turn|6\n|inactive|Time left: 300 sec this turn | 300 sec total\n|\n|t:|1783561544\n|switch|p2a: Swalot|Swalot, L90, F|100/100\n|move|p1a: Iron Thorns|Stone Edge|p2a: Swalot|[miss]\n|-miss|p1a: Iron Thorns|p2a: Swalot\n|\n|upkeep\n|turn|7\n|inactive|Time left: 300 sec this turn | 300 sec total\n|\n|t:|1783561545\n|move|p1a: Iron Thorns|Stone Edge|p2a: Swalot\n|-damage|p2a: Swalot|61/100\n|move|p2a: Swalot|Knock Off|p1a: Iron Thorns\n|-damage|p1a: Iron Thorns|196/302\n|-enditem|p1a: Iron Thorns|Assault Vest|[from] move: Knock Off|[of] p2a: Swalot\n|\n|-heal|p2a: Swalot|67/100|[from] item: Leftovers\n|upkeep\n|turn|8\n|inactive|Time left: 300 sec this turn | 300 sec total\n|\n|t:|1783561546\n|move|p1a: Iron Thorns|Stone Edge|p2a: Swalot\n|-crit|p2a: Swalot\n|-damage|p2a: Swalot|2/100\n|move|p2a: Swalot|Sludge Bomb|p1a: Iron Thorns\n|-resisted|p1a: Iron Thorns\n|-damage|p1a: Iron Thorns|145/302\n|-status|p1a: Iron Thorns|psn\n|\n|-heal|p2a: Swalot|8/100|[from] item: Leftovers\n|-damage|p1a: Iron Thorns|108/302 psn|[from] psn\n|upkeep\n|turn|9\n|inactive|Time left: 300 sec this turn | 300 sec total\n|\n|t:|1783561547\n|switch|p2a: Whimsicott|Whimsicott, L84, M|100/100\n|move|p1a: Iron Thorns|Volt Switch|p2a: Whimsicott\n|-resisted|p2a: Whimsicott\n|-damage|p2a: Whimsicott|87/100\n|inactive|Time left: 300 sec this turn | 300 sec total | 5 sec grace\n|\n|t:|1783561548\n|-end|p1a: Iron Thorns|Quark Drive|[silent]\n|switch|p1a: Passimian|Passimian, L83, M|302/302|[from] Volt Switch\n|\n|-heal|p2a: Whimsicott|93/100|[from] item: Leftovers\n|upkeep\n|turn|10\n|inactive|Time left: 300 sec this turn | 300 sec total\n|\n|t:|1783561549\n|move|p2a: Whimsicott|Moonblast|p1a: Passimian\n|-supereffective|p1a: Passimian\n|-damage|p1a: Passimian|72/302\n|move|p1a: Passimian|Gunk Shot|p2a: Whimsicott\n|-supereffective|p2a: Whimsicott\n|-damage|p2a: Whimsicott|0 fnt\n|faint|p2a: Whimsicott\n|\n|-heal|p1a: Passimian|90/302|[from] item: Leftovers\n|upkeep\n|\n|t:|1783561550\n|switch|p2a: Scyther|Scyther, L82, F|100/100\n|turn|11\n|inactive|Time left: 300 sec this turn | 300 sec total\n|\n|t:|1783561551\n|switch|p1a: Klawf|Klawf, L90, F|272/272\n|move|p2a: Scyther|Dual Wingbeat|p1a: Klawf\n|-resisted|p1a: Klawf\n|-crit|p1a: Klawf\n|-damage|p1a: Klawf|233/272\n|-resisted|p1a: Klawf\n|-damage|p1a: Klawf|206/272\n|-hitcount|p1a: Klawf|2\n|\n|upkeep\n|turn|12\n|inactive|Time left: 300 sec this turn | 300 sec total\n|\n|t:|1783561552\n|-terastallize|p2a: Scyther|Fighting\n|move|p2a: Scyther|Swords Dance|p2a: Scyther\n|-boost|p2a: Scyther|atk|2\n|move|p1a: Klawf|Stone Edge|p2a: Scyther|[miss]\n|-miss|p1a: Klawf|p2a: Scyther\n|\n|upkeep\n|turn|13\n|inactive|Time left: 300 sec this turn | 300 sec total\n|\n|t:|1783561553\n|switch|p1a: Iron Thorns|Iron Thorns, L83|108/302 psn\n|move|p2a: Scyther|Close Combat|p1a: Iron Thorns\n|-supereffective|p1a: Iron Thorns\n|-damage|p1a: Iron Thorns|0 fnt\n|-unboost|p2a: Scyther|def|1\n|-unboost|p2a: Scyther|spd|1\n|faint|p1a: Iron Thorns\n|-end|p1a: Iron Thorns|Quark Drive|[silent]\n|\n|upkeep\n|inactive|Time left: 300 sec this turn | 300 sec total | 5 sec grace\n|\n|t:|1783561554\n|switch|p1a: Klawf|Klawf, L90, F|272/272\n|turn|14\n|inactive|Time left: 300 sec this turn | 300 sec total\n|\n|t:|1783561554\n|-terastallize|p1a: Klawf|Ground\n|move|p2a: Scyther|Close Combat|p1a: Klawf\n|-damage|p1a: Klawf|67/272\n|-unboost|p2a: Scyther|def|1\n|-unboost|p2a: Scyther|spd|1\n|move|p1a: Klawf|High Horsepower|p2a: Scyther\n|-damage|p2a: Scyther|0 fnt\n|faint|p2a: Scyther\n|-damage|p1a: Klawf|40/272|[from] item: Life Orb\n|\n|upkeep\n|\n|t:|1783561555\n|switch|p2a: Pyroar|Pyroar, L88, F|100/100\n|-ability|p2a: Pyroar|Unnerve\n|turn|15\n|inactive|Time left: 300 sec this turn | 300 sec total\n|\n|t:|1783561556\n|switch|p1a: Cramorant|Cramorant, L86, F|261/261\n|move|p2a: Pyroar|Hyper Voice|p1a: Cramorant\n|-damage|p1a: Cramorant|149/261\n|\n|upkeep\n|turn|16\n|inactive|Time left: 300 sec this turn | 300 sec total\n|\n|t:|1783561557\n|move|p2a: Pyroar|Work Up|p2a: Pyroar\n|-boost|p2a: Pyroar|atk|1\n|-boost|p2a: Pyroar|spa|1\n|move|p1a: Cramorant|Surf|p2a: Pyroar\n|-formechange|p1a: Cramorant|Cramorant-Gulping|\n|-supereffective|p2a: Pyroar\n|-damage|p2a: Pyroar|27/100\n|\n|upkeep\n|turn|17\n|inactive|Time left: 300 sec this turn | 300 sec total\n|\n|t:|1783561558\n|move|p2a: Pyroar|Hyper Voice|p1a: Cramorant\n|-damage|p1a: Cramorant|0 fnt\n|-damage|p2a: Pyroar|3/100|[from] ability: Gulp Missile|[of] p1a: Cramorant\n|-unboost|p2a: Pyroar|def|1\n|-formechange|p1a: Cramorant|Cramorant|\n|faint|p1a: Cramorant\n|\n|upkeep\n|inactive|Time left: 300 sec this turn | 300 sec total | 5 sec grace\n|\n|t:|1783561559\n|switch|p1a: Klawf|Klawf, L90, F, tera:Ground|130/272\n|turn|18\n|inactive|Time left: 300 sec this turn | 300 sec total\n|\n|t:|1783561560\n|switch|p1a: Passimian|Passimian, L83, M|90/302\n|move|p2a: Pyroar|Hyper Voice|p1a: Passimian\n|-damage|p1a: Passimian|0 fnt\n|faint|p1a: Passimian\n|\n|upkeep\n|inactive|Time left: 300 sec this turn | 300 sec total | 5 sec grace\n|\n|t:|1783561561\n|switch|p1a: Klawf|Klawf, L90, F, tera:Ground|220/272\n|turn|19\n|inactive|Time left: 300 sec this turn | 300 sec total\n|\n|t:|1783561562\n|move|p2a: Pyroar|Hyper Voice|p1a: Klawf\n|-damage|p1a: Klawf|0 fnt\n|faint|p1a: Klawf\n|\n|upkeep\n|inactive|Time left: 300 sec this turn | 300 sec total | 5 sec grace\n|\n|t:|1783561563\n|switch|p1a: Vikavolt|Vikavolt, L83, F|86/263\n|turn|20\n|inactive|Time left: 300 sec this turn | 300 sec total\n|\n|t:|1783561564\n|move|p2a: Pyroar|Hyper Voice|p1a: Vikavolt\n|-damage|p1a: Vikavolt|0 fnt\n|faint|p1a: Vikavolt\n|\n|win|p0y19244cdb", "uploadtime": 1783561564, "views": 0, "rating": 0, "private": 0, "password": null, "_winner": "p0y19244cdb", "_our_name": "p0x1924ef90"}