{"id": "battle-gen9randombattle-56", "formatid": "gen9randombattle", "format": "[Gen 9] Random Battle", "players": ["p0x0568e00", "p0y05664e1"], "log": "|init|battle\n|title|p0x0568e00 vs. p0y05664e1\n|j|\u2606p0x0568e00\n|j|\u2606p0y05664e1\n|t:|1783540102\n|gametype|singles\n|player|p1|p0x0568e00|102|\n|player|p2|p0y05664e1|170|\n|gen|9\n|tier|[Gen 9] Random Battle\n|rule|Species Clause: Limit one of each Pok\u00e9mon\n|rule|HP Percentage Mod: HP is shown in percentages\n|rule|Sleep Clause Mod: Limit one foe put to sleep\n|rule|Illusion Level Mod: Illusion disguises the Pok\u00e9mon's true level\n|\n|t:|1783540102\n|teamsize|p1|6\n|teamsize|p2|6\n|start\n|switch|p1a: Lumineon|Lumineon, L93, M|279/279\n|switch|p2a: Trevenant|Trevenant, L89, M|100/100\n|turn|1\n|inactive|Battle timer is ON: inactive players will automatically lose when time's up. (requested by p0x0568e00)\n|inactive|p0y05664e1 also wants the timer to be on.\n|\n|t:|1783540103\n|switch|p1a: Raging Bolt|Raging Bolt, L78|323/323\n|move|p2a: Trevenant|Horn Leech|p1a: Raging Bolt\n|-resisted|p1a: Raging Bolt\n|-damage|p1a: Raging Bolt|242/323\n|\n|-heal|p1a: Raging Bolt|262/323|[from] item: Leftovers\n|upkeep\n|turn|2\n|inactive|Time left: 300 sec this turn | 300 sec total\n|\n|t:|1783540105\n|move|p1a: Raging Bolt|Calm Mind|p1a: Raging Bolt\n|-boost|p1a: Raging Bolt|spa|1\n|-boost|p1a: Raging Bolt|spd|1\n|move|p2a: Trevenant|Horn Leech|p1a: Raging Bolt\n|-resisted|p1a: Raging Bolt\n|-damage|p1a: Raging Bolt|185/323\n|\n|-heal|p1a: Raging Bolt|205/323|[from] item: Leftovers\n|upkeep\n|turn|3\n|inactive|Time left: 300 sec this turn | 300 sec total\n|\n|t:|1783540106\n|move|p1a: Raging Bolt|Calm Mind|p1a: Raging Bolt\n|-boost|p1a: Raging Bolt|spa|1\n|-boost|p1a: Raging Bolt|spd|1\n|move|p2a: Trevenant|Horn Leech|p1a: Raging Bolt\n|-resisted|p1a: Raging Bolt\n|-damage|p1a: Raging Bolt|134/323\n|\n|-heal|p1a: Raging Bolt|154/323|[from] item: Leftovers\n|upkeep\n|turn|4\n|inactive|Time left: 300 sec this turn | 300 sec total\n|\n|t:|1783540107\n|move|p1a: Raging Bolt|Draco Meteor|p2a: Trevenant\n|-damage|p2a: Trevenant|2/100\n|-unboost|p1a: Raging Bolt|spa|2\n|move|p2a: Trevenant|Horn Leech|p1a: Raging Bolt\n|-resisted|p1a: Raging Bolt\n|-damage|p1a: Raging Bolt|76/323\n|-heal|p2a: Trevenant|15/100|[from] drain|[of] p1a: Raging Bolt\n|\n|-heal|p1a: Raging Bolt|96/323|[from] item: Leftovers\n|upkeep\n|turn|5\n|inactive|Time left: 300 sec this turn | 300 sec total\n|\n|t:|1783540108\n|switch|p2a: Granbull|Granbull, L88, F|100/100\n|-ability|p2a: Granbull|Intimidate|boost\n|-unboost|p1a: Raging Bolt|atk|1\n|move|p1a: Raging Bolt|Thunderbolt|p2a: Granbull\n|-damage|p2a: Granbull|54/100\n|\n|-heal|p1a: Raging Bolt|116/323|[from] item: Leftovers\n|-heal|p2a: Granbull|60/100|[from] item: Leftovers\n|upkeep\n|turn|6\n|inactive|Time left: 300 sec this turn | 300 sec total\n|\n|t:|1783540109\n|move|p1a: Raging Bolt|Thunderbolt|p2a: Granbull\n|-damage|p2a: Granbull|13/100\n|move|p2a: Granbull|Play Rough|p1a: Raging Bolt\n|-supereffective|p1a: Raging Bolt\n|-damage|p1a: Raging Bolt|0 fnt\n|faint|p1a: Raging Bolt\n|-end|p1a: Raging Bolt|Protosynthesis|[silent]\n|\n|-heal|p2a: Granbull|19/100|[from] item: Leftovers\n|upkeep\n|inactive|Time left: 300 sec this turn | 300 sec total | 5 sec grace\n|\n|t:|1783540110\n|switch|p1a: Delphox|Delphox, L84, M|263/263\n|turn|7\n|inactive|Time left: 300 sec this turn | 300 sec total\n|\n|t:|1783540111\n|move|p1a: Delphox|Psyshock|p2a: Granbull\n|-damage|p2a: Granbull|0 fnt\n|faint|p2a: Granbull\n|\n|upkeep\n|\n|t:|1783540112\n|switch|p2a: Toucannon|Toucannon, L88, M|100/100\n|turn|8\n|inactive|Time left: 300 sec this turn | 300 sec total\n|\n|t:|1783540113\n|move|p1a: Delphox|Psyshock|p2a: Toucannon\n|-damage|p2a: Toucannon|43/100\n|move|p2a: Toucannon|Knock Off|p1a: Delphox\n|-supereffective|p1a: Delphox\n|-damage|p1a: Delphox|65/263\n|-enditem|p1a: Delphox|Choice Specs|[from] move: Knock Off|[of] p2a: Toucannon\n|\n|upkeep\n|turn|9\n|inactive|Time left: 300 sec this turn | 300 sec total\n|\n|t:|1783540114\n|move|p1a: Delphox|Fire Blast|p2a: Toucannon\n|-damage|p2a: Toucannon|0 fnt\n|faint|p2a: Toucannon\n|\n|upkeep\n|\n|t:|1783540116\n|switch|p2a: Sceptile|Sceptile, L87, M|100/100\n|turn|10\n|inactive|Time left: 300 sec this turn | 300 sec total\n|\n|t:|1783540117\n|move|p2a: Sceptile|Earthquake|p1a: Delphox\n|-supereffective|p1a: Delphox\n|-damage|p1a: Delphox|0 fnt\n|faint|p1a: Delphox\n|-damage|p2a: Sceptile|91/100|[from] item: Life Orb\n|\n|upkeep\n|inactive|Time left: 300 sec this turn | 300 sec total | 5 sec grace\n|\n|t:|1783540118\n|switch|p1a: Polteageist|Polteageist, L78|222/222\n|turn|11\n|inactive|Time left: 300 sec this turn | 300 sec total\n|\n|t:|1783540119\n|move|p2a: Sceptile|Earthquake|p1a: Polteageist\n|-damage|p1a: Polteageist|101/222\n|-damage|p2a: Sceptile|81/100|[from] item: Life Orb\n|move|p1a: Polteageist|Shell Smash|p1a: Polteageist\n|-unboost|p1a: Polteageist|def|1\n|-unboost|p1a: Polteageist|spd|1\n|-boost|p1a: Polteageist|atk|2\n|-boost|p1a: Polteageist|spa|2\n|-boost|p1a: Polteageist|spe|2\n|-enditem|p1a: Polteageist|White Herb\n|-clearnegativeboost|p1a: Polteageist|[silent]\n|\n|upkeep\n|turn|12\n|inactive|Time left: 300 sec this turn | 300 sec total\n|\n|t:|1783540120\n|move|p1a: Polteageist|Stored Power|p2a: Sceptile\n|-damage|p2a: Sceptile|0 fnt\n|faint|p2a: Sceptile\n|\n|upkeep\n|\n|t:|1783540121\n|switch|p2a: Kyurem|Kyurem-Black, L71|100/100\n|-ability|p2a: Kyurem|Teravolt\n|turn|13\n|inactive|Time left: 300 sec this turn | 300 sec total\n|\n|t:|1783540122\n|move|p1a: Polteageist|Stored Power|p2a: Kyurem\n|-damage|p2a: Kyurem|17/100\n|move|p2a: Kyurem|Icicle Spear|p1a: Polteageist\n|-damage|p1a: Polteageist|56/222\n|-damage|p1a: Polteageist|17/222\n|-damage|p1a: Polteageist|0 fnt\n|-start|p2a: Kyurem|Disable|Icicle Spear|[from] ability: Cursed Body|[of] p1a: Polteageist\n|faint|p1a: Polteageist\n|-hitcount|p1: Polteageist|3\n|\n|upkeep\n|inactive|Time left: 300 sec this turn | 300 sec total | 5 sec grace\n|\n|t:|1783540123\n|switch|p1a: Porygon-Z|Porygon-Z, L83|277/277\n|turn|14\n|inactive|Time left: 300 sec this turn | 300 sec total\n|\n|t:|1783540124\n|switch|p2a: Registeel|Registeel, L81|100/100\n|move|p1a: Porygon-Z|Tri Attack|p2a: Registeel\n|-resisted|p2a: Registeel\n|-damage|p2a: Registeel|78/100\n|-damage|p1a: Porygon-Z|250/277|[from] item: Life Orb\n|\n|upkeep\n|turn|15\n|inactive|Time left: 300 sec this turn | 300 sec total\n|\n|t:|1783540125\n|-terastallize|p1a: Porygon-Z|Electric\n|move|p1a: Porygon-Z|Nasty Plot|p1a: Porygon-Z\n|-boost|p1a: Porygon-Z|spa|2\n|move|p2a: Registeel|Body Press|p1a: Porygon-Z\n|-damage|p1a: Porygon-Z|155/277\n|\n|upkeep\n|turn|16\n|inactive|Time left: 300 sec this turn | 300 sec total\n|\n|t:|1783540126\n|switch|p2a: Trevenant|Trevenant, L89, M|15/100\n|move|p1a: Porygon-Z|Thunderbolt|p2a: Trevenant\n|-resisted|p2a: Trevenant\n|-damage|p2a: Trevenant|0 fnt\n|faint|p2a: Trevenant\n|-damage|p1a: Porygon-Z|128/277|[from] item: Life Orb\n|\n|upkeep\n|\n|t:|1783540127\n|switch|p2a: Kyurem|Kyurem-Black, L71|17/100\n|-ability|p2a: Kyurem|Teravolt\n|turn|17\n|inactive|Time left: 300 sec this turn | 300 sec total\n|\n|t:|1783540128\n|switch|p2a: Registeel|Registeel, L81|78/100\n|move|p1a: Porygon-Z|Thunderbolt|p2a: Registeel\n|-damage|p2a: Registeel|0 fnt\n|faint|p2a: Registeel\n|-damage|p1a: Porygon-Z|101/277|[from] item: Life Orb\n|\n|upkeep\n|\n|t:|1783540129\n|switch|p2a: Kyurem|Kyurem-Black, L71|17/100\n|-ability|p2a: Kyurem|Teravolt\n|turn|18\n|inactive|Time left: 300 sec this turn | 300 sec total\n|\n|t:|1783540130\n|-terastallize|p2a: Kyurem|Ground\n|move|p1a: Porygon-Z|Tri Attack|p2a: Kyurem\n|-damage|p2a: Kyurem|0 fnt\n|faint|p2a: Kyurem\n|-damage|p1a: Porygon-Z|74/277|[from] item: Life Orb\n|\n|win|p0x0568e00", "uploadtime": 1783540130, "views": 0, "rating": 0, "private": 0, "password": null, "_winner": "p0x0568e00", "_our_name": "p0x0568e00"}