{"id": "battle-gen9randombattle-220", "formatid": "gen9randombattle", "format": "[Gen 9] Random Battle", "players": ["p0x220dcdc", "p0y220dcd9"], "log": "|init|battle\n|title|p0x220dcdc vs. p0y220dcd9\n|j|\u2606p0x220dcdc\n|j|\u2606p0y220dcd9\n|t:|1783541657\n|gametype|singles\n|player|p1|p0x220dcdc|101|\n|player|p2|p0y220dcd9|2|\n|gen|9\n|tier|[Gen 9] Random Battle\n|rule|Species Clause: Limit one of each Pok\u00e9mon\n|rule|HP Percentage Mod: HP is shown in percentages\n|rule|Sleep Clause Mod: Limit one foe put to sleep\n|rule|Illusion Level Mod: Illusion disguises the Pok\u00e9mon's true level\n|\n|t:|1783541657\n|teamsize|p1|6\n|teamsize|p2|6\n|start\n|switch|p1a: Manaphy|Manaphy, L78|100/100\n|switch|p2a: Gothitelle|Gothitelle, L90, F|272/272\n|turn|1\n|inactive|Battle timer is ON: inactive players will automatically lose when time's up. (requested by p0x220dcdc)\n|inactive|Time left: 300 sec this turn | 300 sec total | 60 sec grace\n|inactive|p0y220dcd9 also wants the timer to be on.\n|\n|t:|1783541659\n|move|p1a: Manaphy|Tail Glow|p1a: Manaphy\n|-boost|p1a: Manaphy|spa|3\n|move|p2a: Gothitelle|Calm Mind|p2a: Gothitelle\n|-boost|p2a: Gothitelle|spa|1\n|-boost|p2a: Gothitelle|spd|1\n|\n|upkeep\n|turn|2\n|inactive|Time left: 300 sec this turn | 300 sec total\n|\n|t:|1783541660\n|-terastallize|p1a: Manaphy|Water\n|move|p1a: Manaphy|Hydro Pump|p2a: Gothitelle|[miss]\n|-miss|p1a: Manaphy|p2a: Gothitelle\n|move|p2a: Gothitelle|Calm Mind|p2a: Gothitelle\n|-boost|p2a: Gothitelle|spa|1\n|-boost|p2a: Gothitelle|spd|1\n|\n|upkeep\n|turn|3\n|inactive|Time left: 300 sec this turn | 300 sec total\n|\n|t:|1783541660\n|move|p1a: Manaphy|Hydro Pump|p2a: Gothitelle\n|-crit|p2a: Gothitelle\n|-damage|p2a: Gothitelle|0 fnt\n|faint|p2a: Gothitelle\n|\n|upkeep\n|inactive|Time left: 300 sec this turn | 300 sec total | 5 sec grace\n|\n|t:|1783541661\n|switch|p2a: Umbreon|Umbreon, L84, M|297/297\n|turn|4\n|inactive|Time left: 300 sec this turn | 300 sec total\n|\n|t:|1783541662\n|move|p1a: Manaphy|Hydro Pump|p2a: Umbreon|[miss]\n|-miss|p1a: Manaphy|p2a: Umbreon\n|move|p2a: Umbreon|Toxic|p1a: Manaphy|[miss]\n|-miss|p2a: Umbreon|p1a: Manaphy\n|\n|upkeep\n|turn|5\n|inactive|Time left: 300 sec this turn | 300 sec total\n|\n|t:|1783541663\n|move|p1a: Manaphy|Hydro Pump|p2a: Umbreon\n|-damage|p2a: Umbreon|21/297\n|move|p2a: Umbreon|Toxic|p1a: Manaphy\n|-status|p1a: Manaphy|tox\n|\n|-heal|p2a: Umbreon|39/297|[from] item: Leftovers\n|-damage|p1a: Manaphy|95/100 tox|[from] psn\n|upkeep\n|turn|6\n|inactive|Time left: 300 sec this turn | 300 sec total\n|\n|t:|1783541664\n|move|p2a: Umbreon|Protect|p2a: Umbreon\n|-singleturn|p2a: Umbreon|Protect\n|move|p1a: Manaphy|Hydro Pump|p2a: Umbreon\n|-activate|p2a: Umbreon|move: Protect\n|\n|-heal|p1a: Manaphy|100/100 tox|[from] item: Leftovers\n|-heal|p2a: Umbreon|57/297|[from] item: Leftovers\n|-damage|p1a: Manaphy|89/100 tox|[from] psn\n|upkeep\n|turn|7\n|inactive|Time left: 300 sec this turn | 300 sec total\n|\n|t:|1783541665\n|move|p1a: Manaphy|Ice Beam|p2a: Umbreon\n|-damage|p2a: Umbreon|0 fnt\n|faint|p2a: Umbreon\n|\n|-heal|p1a: Manaphy|95/100 tox|[from] item: Leftovers\n|-damage|p1a: Manaphy|77/100 tox|[from] psn\n|upkeep\n|inactive|Time left: 300 sec this turn | 300 sec total | 5 sec grace\n|\n|t:|1783541666\n|switch|p2a: Kilowattrel|Kilowattrel, L83, F|252/252\n|turn|8\n|inactive|Time left: 300 sec this turn | 300 sec total\n|\n|t:|1783541667\n|move|p2a: Kilowattrel|Discharge|p1a: Manaphy\n|-supereffective|p1a: Manaphy\n|-damage|p1a: Manaphy|21/100 tox\n|move|p1a: Manaphy|Hydro Pump|p2a: Kilowattrel|[miss]\n|-miss|p1a: Manaphy|p2a: Kilowattrel\n|\n|-heal|p1a: Manaphy|27/100 tox|[from] item: Leftovers\n|-damage|p1a: Manaphy|3/100 tox|[from] psn\n|upkeep\n|turn|9\n|inactive|Time left: 300 sec this turn | 300 sec total\n|\n|t:|1783541668\n|switch|p1a: Zekrom|Zekrom, L71|100/100\n|-ability|p1a: Zekrom|Teravolt\n|move|p2a: Kilowattrel|Discharge|p1a: Zekrom\n|-resisted|p1a: Zekrom\n|-damage|p1a: Zekrom|91/100\n|\n|-heal|p1a: Zekrom|97/100|[from] item: Leftovers\n|upkeep\n|turn|10\n|inactive|Time left: 300 sec this turn | 300 sec total\n|\n|t:|1783541670\n|move|p2a: Kilowattrel|U-turn|p1a: Zekrom\n|-damage|p1a: Zekrom|85/100\n|inactive|Time left: 300 sec this turn | 300 sec total | 5 sec grace\n|\n|t:|1783541671\n|switch|p2a: Whimsicott|Whimsicott, L84, F|238/238|[from] U-turn\n|move|p1a: Zekrom|Outrage|p2a: Whimsicott\n|-immune|p2a: Whimsicott\n|\n|-heal|p1a: Zekrom|91/100|[from] item: Leftovers\n|upkeep\n|turn|11\n|inactive|Time left: 300 sec this turn | 300 sec total\n|\n|t:|1783541672\n|move|p2a: Whimsicott|Moonblast|p1a: Zekrom\n|-supereffective|p1a: Zekrom\n|-damage|p1a: Zekrom|26/100\n|move|p1a: Zekrom|Dragon Dance|p1a: Zekrom\n|-boost|p1a: Zekrom|atk|1\n|-boost|p1a: Zekrom|spe|1\n|\n|-heal|p1a: Zekrom|32/100|[from] item: Leftovers\n|upkeep\n|turn|12\n|inactive|Time left: 300 sec this turn | 300 sec total\n|\n|t:|1783541673\n|move|p1a: Zekrom|Bolt Strike|p2a: Whimsicott\n|-resisted|p2a: Whimsicott\n|-damage|p2a: Whimsicott|135/238\n|move|p2a: Whimsicott|Moonblast|p1a: Zekrom\n|-supereffective|p1a: Zekrom\n|-damage|p1a: Zekrom|0 fnt\n|faint|p1a: Zekrom\n|\n|-heal|p2a: Whimsicott|149/238|[from] item: Leftovers\n|upkeep\n|\n|t:|1783541674\n|switch|p1a: Oranguru|Oranguru, L92, F|100/100\n|turn|13\n|inactive|Time left: 300 sec this turn | 300 sec total\n|\n|t:|1783541676\n|move|p2a: Whimsicott|Leech Seed|p1a: Oranguru\n|-start|p1a: Oranguru|move: Leech Seed\n|move|p1a: Oranguru|Hyper Voice|p2a: Whimsicott\n|-damage|p2a: Whimsicott|1/238\n|-damage|p1a: Oranguru|91/100|[from] item: Life Orb\n|\n|-heal|p2a: Whimsicott|15/238|[from] item: Leftovers\n|-damage|p1a: Oranguru|78/100|[from] Leech Seed|[of] p2a: Whimsicott\n|-heal|p2a: Whimsicott|54/238|[silent]\n|upkeep\n|turn|14\n|inactive|Time left: 300 sec this turn | 300 sec total\n|\n|t:|1783541677\n|move|p2a: Whimsicott|Moonblast|p1a: Oranguru\n|-damage|p1a: Oranguru|55/100\n|move|p1a: Oranguru|Hyper Voice|p2a: Whimsicott\n|-damage|p2a: Whimsicott|0 fnt\n|faint|p2a: Whimsicott\n|-damage|p1a: Oranguru|46/100|[from] item: Life Orb\n|\n|upkeep\n|inactive|Time left: 300 sec this turn | 300 sec total | 5 sec grace\n|\n|t:|1783541678\n|switch|p2a: Grimmsnarl|Grimmsnarl, L83, M|293/293\n|turn|15\n|inactive|Time left: 300 sec this turn | 300 sec total\n|\n|t:|1783541679\n|switch|p1a: Diancie|Diancie, L82|100/100\n|move|p2a: Grimmsnarl|Spirit Break|p1a: Diancie\n|-damage|p1a: Diancie|74/100\n|\n|-heal|p1a: Diancie|80/100|[from] item: Leftovers\n|upkeep\n|turn|16\n|inactive|Time left: 300 sec this turn | 300 sec total\n|\n|t:|1783541680\n|move|p2a: Grimmsnarl|Spirit Break|p1a: Diancie\n|-damage|p1a: Diancie|53/100\n|move|p1a: Diancie|Calm Mind|p1a: Diancie\n|-boost|p1a: Diancie|spa|1\n|-boost|p1a: Diancie|spd|1\n|\n|-heal|p1a: Diancie|59/100|[from] item: Leftovers\n|upkeep\n|turn|17\n|inactive|Time left: 300 sec this turn | 300 sec total\n|\n|t:|1783541681\n|switch|p2a: Regirock|Regirock, L83|268/268\n|move|p1a: Diancie|Draining Kiss|p2a: Regirock\n|-damage|p2a: Regirock|202/268\n|-heal|p1a: Diancie|82/100|[from] drain|[of] p2a: Regirock\n|\n|-heal|p1a: Diancie|88/100|[from] item: Leftovers\n|upkeep\n|turn|18\n|inactive|Time left: 300 sec this turn | 300 sec total\n|\n|t:|1783541682\n|move|p2a: Regirock|Body Press|p1a: Diancie\n|-damage|p1a: Diancie|54/100\n|move|p1a: Diancie|Draining Kiss|p2a: Regirock\n|-damage|p2a: Regirock|127/268\n|-heal|p1a: Diancie|80/100|[from] drain|[of] p2a: Regirock\n|\n|-heal|p1a: Diancie|86/100|[from] item: Leftovers\n|upkeep\n|turn|19\n|inactive|Time left: 300 sec this turn | 300 sec total\n|\n|t:|1783541683\n|move|p2a: Regirock|Rest|p2a: Regirock\n|-status|p2a: Regirock|slp|[from] move: Rest\n|-heal|p2a: Regirock|268/268 slp|[silent]\n|-enditem|p2a: Regirock|Chesto Berry|[eat]\n|-curestatus|p2a: Regirock|slp|[msg]\n|move|p1a: Diancie|Draining Kiss|p2a: Regirock\n|-damage|p2a: Regirock|196/268\n|-heal|p1a: Diancie|100/100|[from] drain|[of] p2a: Regirock\n|\n|upkeep\n|turn|20\n|inactive|Time left: 300 sec this turn | 300 sec total\n|\n|t:|1783541684\n|move|p2a: Regirock|Body Press|p1a: Diancie\n|-damage|p1a: Diancie|66/100\n|move|p1a: Diancie|Earth Power|p2a: Regirock\n|-supereffective|p2a: Regirock\n|-damage|p2a: Regirock|12/268\n|\n|-heal|p1a: Diancie|72/100|[from] item: Leftovers\n|upkeep\n|turn|21\n|inactive|Time left: 300 sec this turn | 300 sec total\n|\n|t:|1783541685\n|move|p2a: Regirock|Rest|p2a: Regirock\n|-status|p2a: Regirock|slp|[from] move: Rest\n|-heal|p2a: Regirock|268/268 slp|[silent]\n|move|p1a: Diancie|Draining Kiss|p2a: Regirock\n|-damage|p2a: Regirock|196/268 slp\n|-heal|p1a: Diancie|97/100|[from] drain|[of] p2a: Regirock\n|\n|-heal|p1a: Diancie|100/100|[from] item: Leftovers\n|upkeep\n|turn|22\n|inactive|Time left: 300 sec this turn | 300 sec total\n|\n|t:|1783541686\n|cant|p2a: Regirock|slp\n|move|p1a: Diancie|Draining Kiss|p2a: Regirock\n|-damage|p2a: Regirock|121/268 slp\n|\n|upkeep\n|turn|23\n|inactive|Time left: 300 sec this turn | 300 sec total\n|\n|t:|1783541687\n|cant|p2a: Regirock|slp\n|move|p1a: Diancie|Earth Power|p2a: Regirock\n|-supereffective|p2a: Regirock\n|-damage|p2a: Regirock|0 fnt\n|faint|p2a: Regirock\n|\n|upkeep\n|inactive|Time left: 300 sec this turn | 300 sec total | 5 sec grace\n|\n|t:|1783541688\n|switch|p2a: Grimmsnarl|Grimmsnarl, L83, M|293/293\n|turn|24\n|inactive|Time left: 300 sec this turn | 300 sec total\n|\n|t:|1783541689\n|move|p2a: Grimmsnarl|Taunt|p1a: Diancie\n|-start|p1a: Diancie|move: Taunt\n|move|p1a: Diancie|Draining Kiss|p2a: Grimmsnarl\n|-supereffective|p2a: Grimmsnarl\n|-damage|p2a: Grimmsnarl|105/293\n|\n|-heal|p2a: Grimmsnarl|123/293|[from] item: Leftovers\n|upkeep\n|turn|25\n|inactive|Time left: 300 sec this turn | 300 sec total\n|\n|t:|1783541690\n|move|p2a: Grimmsnarl|Spirit Break|p1a: Diancie\n|-damage|p1a: Diancie|71/100\n|move|p1a: Diancie|Diamond Storm|p2a: Grimmsnarl\n|-damage|p2a: Grimmsnarl|0 fnt\n|faint|p2a: Grimmsnarl\n|\n|-heal|p1a: Diancie|77/100|[from] item: Leftovers\n|upkeep\n|inactive|Time left: 300 sec this turn | 300 sec total | 5 sec grace\n|\n|t:|1783541691\n|switch|p2a: Kilowattrel|Kilowattrel, L83, F|252/252\n|turn|26\n|inactive|Time left: 300 sec this turn | 300 sec total\n|\n|t:|1783541692\n|-terastallize|p2a: Kilowattrel|Steel\n|move|p2a: Kilowattrel|Hurricane|p1a: Diancie\n|-resisted|p1a: Diancie\n|-damage|p1a: Diancie|65/100\n|-start|p1a: Diancie|confusion\n|-activate|p1a: Diancie|confusion\n|-damage|p1a: Diancie|57/100|[from] confusion\n|\n|-heal|p1a: Diancie|63/100|[from] item: Leftovers\n|-end|p1a: Diancie|move: Taunt\n|upkeep\n|turn|27\n|inactive|Time left: 300 sec this turn | 300 sec total\n|\n|t:|1783541693\n|switch|p1a: Terrakion|Terrakion, L79|100/100\n|move|p2a: Kilowattrel|Discharge|p1a: Terrakion\n|-damage|p1a: Terrakion|69/100\n|\n|upkeep\n|turn|28\n|inactive|Time left: 300 sec this turn | 300 sec total\n|\n|t:|1783541694\n|move|p2a: Kilowattrel|Hurricane|p1a: Terrakion\n|-crit|p1a: Terrakion\n|-damage|p1a: Terrakion|0 fnt\n|faint|p1a: Terrakion\n|\n|upkeep\n|\n|t:|1783541695\n|switch|p1a: Diancie|Diancie, L82|63/100\n|turn|29\n|inactive|Time left: 300 sec this turn | 300 sec total\n|\n|t:|1783541696\n|move|p2a: Kilowattrel|Discharge|p1a: Diancie\n|-damage|p1a: Diancie|34/100\n|move|p1a: Diancie|Earth Power|p2a: Kilowattrel\n|-supereffective|p2a: Kilowattrel\n|-damage|p2a: Kilowattrel|86/252\n|\n|-heal|p1a: Diancie|40/100|[from] item: Leftovers\n|upkeep\n|turn|30\n|inactive|Time left: 300 sec this turn | 300 sec total\n|\n|t:|1783541697\n|move|p2a: Kilowattrel|Roost|p2a: Kilowattrel\n|-heal|p2a: Kilowattrel|212/252\n|move|p1a: Diancie|Earth Power|p2a: Kilowattrel\n|-supereffective|p2a: Kilowattrel\n|-damage|p2a: Kilowattrel|40/252\n|\n|-heal|p1a: Diancie|46/100|[from] item: Leftovers\n|upkeep\n|turn|31\n|inactive|Time left: 300 sec this turn | 300 sec total\n|\n|t:|1783541698\n|move|p2a: Kilowattrel|Roost|p2a: Kilowattrel\n|-heal|p2a: Kilowattrel|166/252\n|move|p1a: Diancie|Earth Power|p2a: Kilowattrel\n|-supereffective|p2a: Kilowattrel\n|-damage|p2a: Kilowattrel|14/252\n|\n|-heal|p1a: Diancie|52/100|[from] item: Leftovers\n|upkeep\n|turn|32\n|inactive|Time left: 300 sec this turn | 300 sec total\n|\n|t:|1783541699\n|move|p2a: Kilowattrel|Hurricane|p1a: Diancie\n|-resisted|p1a: Diancie\n|-damage|p1a: Diancie|34/100\n|move|p1a: Diancie|Earth Power|p2a: Kilowattrel\n|-supereffective|p2a: Kilowattrel\n|-damage|p2a: Kilowattrel|0 fnt\n|faint|p2a: Kilowattrel\n|\n|win|p0x220dcdc", "uploadtime": 1783541699, "views": 0, "rating": 0, "private": 0, "password": null, "_winner": "p0x220dcdc", "_our_name": "p0y220dcd9"}