{"id": "battle-gen9randombattle-289", "formatid": "gen9randombattle", "format": "[Gen 9] Random Battle", "players": ["p0x2898229", "p0y289e12e"], "log": "|init|battle\n|title|p0x2898229 vs. p0y289e12e\n|j|\u2606p0x2898229\n|j|\u2606p0y289e12e\n|t:|1783542924\n|gametype|singles\n|player|p1|p0x2898229|170|\n|player|p2|p0y289e12e|170|\n|gen|9\n|tier|[Gen 9] Random Battle\n|rule|Species Clause: Limit one of each Pok\u00e9mon\n|rule|HP Percentage Mod: HP is shown in percentages\n|rule|Sleep Clause Mod: Limit one foe put to sleep\n|rule|Illusion Level Mod: Illusion disguises the Pok\u00e9mon's true level\n|\n|t:|1783542924\n|teamsize|p1|6\n|teamsize|p2|6\n|start\n|switch|p1a: Heatran|Heatran, L79, M|273/273\n|switch|p2a: Talonflame|Talonflame, L83, F|100/100\n|-item|p1a: Heatran|Air Balloon\n|turn|1\n|inactive|Battle timer is ON: inactive players will automatically lose when time's up. (requested by p0y289e12e)\n|inactive|Time left: 300 sec this turn | 300 sec total | 60 sec grace\n|inactive|p0x2898229 also wants the timer to be on.\n|\n|t:|1783542926\n|move|p2a: Talonflame|Swords Dance|p2a: Talonflame\n|-boost|p2a: Talonflame|atk|2\n|move|p1a: Heatran|Stealth Rock|p2a: Talonflame\n|-sidestart|p2: p0y289e12e|move: Stealth Rock\n|\n|upkeep\n|turn|2\n|inactive|Time left: 300 sec this turn | 300 sec total\n|\n|t:|1783542927\n|move|p2a: Talonflame|Brave Bird|p1a: Heatran\n|-resisted|p1a: Heatran\n|-damage|p1a: Heatran|171/273\n|-enditem|p1a: Heatran|Air Balloon\n|-damage|p2a: Talonflame|88/100|[from] Recoil\n|move|p1a: Heatran|Magma Storm|p2a: Talonflame\n|-resisted|p2a: Talonflame\n|-damage|p2a: Talonflame|59/100\n|-activate|p2a: Talonflame|move: Magma Storm|[of] p1a: Heatran\n|\n|-damage|p2a: Talonflame|47/100|[from] move: Magma Storm|[partiallytrapped]\n|upkeep\n|turn|3\n|inactive|Time left: 300 sec this turn | 300 sec total\n|\n|t:|1783542928\n|-terastallize|p2a: Talonflame|Ground\n|move|p2a: Talonflame|Tera Blast|p1a: Heatran|[anim] Tera Blast Ground\n|-supereffective|p1a: Heatran\n|-damage|p1a: Heatran|0 fnt\n|faint|p1a: Heatran\n|\n|-end|p2a: Talonflame|Magma Storm|[partiallytrapped]|[silent]\n|upkeep\n|inactive|Time left: 300 sec this turn | 300 sec total | 5 sec grace\n|\n|t:|1783542929\n|switch|p1a: Banette|Banette, L93, M|270/270\n|turn|4\n|inactive|Time left: 300 sec this turn | 300 sec total\n|\n|t:|1783542930\n|move|p2a: Talonflame|Brave Bird|p1a: Banette\n|-damage|p1a: Banette|32/270\n|-damage|p2a: Talonflame|17/100|[from] Recoil\n|move|p1a: Banette|Poltergeist|p2a: Talonflame\n|-activate|p2a: Talonflame|move: Poltergeist|Heavy-Duty Boots\n|-damage|p2a: Talonflame|0 fnt\n|faint|p2a: Talonflame\n|-damage|p1a: Banette|5/270|[from] item: Life Orb\n|\n|upkeep\n|\n|t:|1783542931\n|switch|p2a: Persian|Persian-Alola, L86, F|100/100\n|turn|5\n|inactive|Time left: 300 sec this turn | 300 sec total\n|\n|t:|1783542933\n|move|p2a: Persian|Knock Off|p1a: Banette\n|-supereffective|p1a: Banette\n|-damage|p1a: Banette|0 fnt\n|-enditem|p1a: Banette|Life Orb|[from] move: Knock Off|[of] p2a: Persian\n|faint|p1a: Banette\n|\n|upkeep\n|inactive|Time left: 300 sec this turn | 300 sec total | 5 sec grace\n|\n|t:|1783542934\n|switch|p1a: Kilowattrel|Kilowattrel, L83, F|252/252\n|turn|6\n|inactive|Time left: 300 sec this turn | 300 sec total\n|\n|t:|1783542935\n|move|p1a: Kilowattrel|Hurricane|p2a: Persian|[miss]\n|-miss|p1a: Kilowattrel|p2a: Persian\n|move|p2a: Persian|Parting Shot|p1a: Kilowattrel\n|-unboost|p1a: Kilowattrel|atk|1\n|-unboost|p1a: Kilowattrel|spa|1\n|\n|t:|1783542936\n|switch|p2a: Gholdengo|Gholdengo, L77|100/100|[from] Parting Shot\n|-damage|p2a: Gholdengo|94/100|[from] Stealth Rock\n|\n|-heal|p2a: Gholdengo|100/100|[from] item: Leftovers\n|upkeep\n|turn|7\n|inactive|Time left: 300 sec this turn | 300 sec total\n|\n|t:|1783542937\n|switch|p1a: Flareon|Flareon, L90, F|263/263\n|move|p2a: Gholdengo|Nasty Plot|p2a: Gholdengo\n|-boost|p2a: Gholdengo|spa|2\n|\n|-status|p1a: Flareon|tox|[from] item: Toxic Orb\n|upkeep\n|turn|8\n|inactive|Time left: 300 sec this turn | 300 sec total\n|\n|t:|1783542938\n|move|p2a: Gholdengo|Make It Rain|p1a: Flareon\n|-resisted|p1a: Flareon\n|-damage|p1a: Flareon|149/263 tox\n|-unboost|p2a: Gholdengo|spa|1\n|move|p1a: Flareon|Flare Blitz|p2a: Gholdengo\n|-supereffective|p2a: Gholdengo\n|-damage|p2a: Gholdengo|0 fnt\n|faint|p2a: Gholdengo\n|-damage|p1a: Flareon|63/263 tox|[from] Recoil\n|\n|-damage|p1a: Flareon|47/263 tox|[from] psn\n|upkeep\n|\n|t:|1783542939\n|switch|p2a: Persian|Persian-Alola, L86, F|100/100\n|turn|9\n|inactive|Time left: 300 sec this turn | 300 sec total\n|\n|t:|1783542940\n|switch|p1a: Urshifu|Urshifu-Rapid-Strike, L75, F|274/274\n|move|p2a: Persian|Knock Off|p1a: Urshifu\n|-resisted|p1a: Urshifu\n|-damage|p1a: Urshifu|237/274\n|-enditem|p1a: Urshifu|Life Orb|[from] move: Knock Off|[of] p2a: Persian\n|\n|upkeep\n|turn|10\n|inactive|Time left: 300 sec this turn | 300 sec total\n|\n|t:|1783542941\n|move|p2a: Persian|Parting Shot|p1a: Urshifu\n|-unboost|p1a: Urshifu|atk|1\n|-unboost|p1a: Urshifu|spa|1\n|\n|t:|1783542942\n|switch|p2a: Misdreavus|Misdreavus, L90, M|100/100|[from] Parting Shot\n|-damage|p2a: Misdreavus|88/100|[from] Stealth Rock\n|move|p1a: Urshifu|Surging Strikes|p2a: Misdreavus\n|-crit|p2a: Misdreavus\n|-damage|p2a: Misdreavus|73/100\n|-crit|p2a: Misdreavus\n|-damage|p2a: Misdreavus|59/100\n|-crit|p2a: Misdreavus\n|-damage|p2a: Misdreavus|43/100\n|-hitcount|p2a: Misdreavus|3\n|\n|upkeep\n|turn|11\n|inactive|Time left: 300 sec this turn | 300 sec total\n|\n|t:|1783542943\n|switch|p1a: Kilowattrel|Kilowattrel, L83, F|252/252\n|move|p2a: Misdreavus|Will-O-Wisp|p1a: Kilowattrel\n|-status|p1a: Kilowattrel|brn\n|\n|-damage|p1a: Kilowattrel|237/252 brn|[from] brn\n|upkeep\n|turn|12\n|inactive|Time left: 300 sec this turn | 300 sec total\n|\n|t:|1783542943\n|move|p1a: Kilowattrel|Thunderbolt|p2a: Misdreavus\n|-damage|p2a: Misdreavus|18/100\n|move|p2a: Misdreavus|Draining Kiss|p1a: Kilowattrel\n|-damage|p1a: Kilowattrel|190/252 brn\n|-heal|p2a: Misdreavus|32/100|[from] drain|[of] p1a: Kilowattrel\n|\n|-damage|p1a: Kilowattrel|175/252 brn|[from] brn\n|upkeep\n|turn|13\n|inactive|Time left: 300 sec this turn | 300 sec total\n|\n|t:|1783542944\n|move|p1a: Kilowattrel|Hurricane|p2a: Misdreavus\n|-damage|p2a: Misdreavus|2/100\n|move|p2a: Misdreavus|Shadow Ball|p1a: Kilowattrel\n|-damage|p1a: Kilowattrel|51/252 brn\n|\n|-damage|p1a: Kilowattrel|36/252 brn|[from] brn\n|upkeep\n|turn|14\n|inactive|Time left: 300 sec this turn | 300 sec total\n|\n|t:|1783542945\n|move|p1a: Kilowattrel|Thunderbolt|p2a: Misdreavus\n|-damage|p2a: Misdreavus|0 fnt\n|faint|p2a: Misdreavus\n|\n|-damage|p1a: Kilowattrel|21/252 brn|[from] brn\n|upkeep\n|\n|t:|1783542946\n|switch|p2a: Gardevoir|Gardevoir, L83, F|100/100\n|-damage|p2a: Gardevoir|88/100|[from] Stealth Rock\n|-ability|p2a: Gardevoir|Volt Absorb|Trace|[from] ability: Trace|[of] p1a: Kilowattrel\n|turn|15\n|inactive|Time left: 300 sec this turn | 300 sec total\n|\n|t:|1783542947\n|move|p2a: Gardevoir|Moonblast|p1a: Kilowattrel\n|-damage|p1a: Kilowattrel|0 fnt\n|faint|p1a: Kilowattrel\n|\n|upkeep\n|inactive|Time left: 300 sec this turn | 300 sec total | 5 sec grace\n|\n|t:|1783542948\n|switch|p1a: Zangoose|Zangoose, L85, M|263/263\n|turn|16\n|inactive|Time left: 300 sec this turn | 300 sec total\n|\n|t:|1783542949\n|move|p2a: Gardevoir|Moonblast|p1a: Zangoose\n|-damage|p1a: Zangoose|97/263\n|move|p1a: Zangoose|Knock Off|p2a: Gardevoir\n|-damage|p2a: Gardevoir|49/100\n|-enditem|p2a: Gardevoir|Choice Scarf|[from] move: Knock Off|[of] p1a: Zangoose\n|\n|-status|p1a: Zangoose|tox|[from] item: Toxic Orb\n|upkeep\n|turn|17\n|inactive|Time left: 300 sec this turn | 300 sec total\n|\n|t:|1783542951\n|move|p1a: Zangoose|Facade|p2a: Gardevoir\n|-damage|p2a: Gardevoir|0 fnt\n|faint|p2a: Gardevoir\n|\n|-damage|p1a: Zangoose|81/263 tox|[from] psn\n|upkeep\n|\n|t:|1783542952\n|switch|p2a: Persian|Persian-Alola, L86, F|100/100\n|turn|18\n|inactive|Time left: 300 sec this turn | 300 sec total\n|\n|t:|1783542953\n|switch|p1a: Urshifu|Urshifu-Rapid-Strike, L75, F|237/274\n|move|p2a: Persian|Knock Off|p1a: Urshifu\n|-resisted|p1a: Urshifu\n|-crit|p1a: Urshifu\n|-damage|p1a: Urshifu|198/274\n|\n|upkeep\n|turn|19\n|inactive|Time left: 300 sec this turn | 300 sec total\n|\n|t:|1783542954\n|move|p2a: Persian|Parting Shot|p1a: Urshifu\n|-unboost|p1a: Urshifu|atk|1\n|-unboost|p1a: Urshifu|spa|1\n|\n|t:|1783542955\n|switch|p2a: Whiscash|Whiscash, L88, M|100/100|[from] Parting Shot\n|-damage|p2a: Whiscash|94/100|[from] Stealth Rock\n|move|p1a: Urshifu|Swords Dance|p1a: Urshifu\n|-boost|p1a: Urshifu|atk|2\n|\n|-heal|p2a: Whiscash|100/100|[from] item: Leftovers\n|upkeep\n|turn|20\n|inactive|Time left: 300 sec this turn | 300 sec total\n|\n|t:|1783542956\n|switch|p2a: Persian|Persian-Alola, L86, F|100/100\n|move|p1a: Urshifu|Swords Dance|p1a: Urshifu\n|-boost|p1a: Urshifu|atk|2\n|\n|upkeep\n|turn|21\n|inactive|Time left: 300 sec this turn | 300 sec total\n|\n|t:|1783542957\n|-terastallize|p1a: Urshifu|Water\n|move|p2a: Persian|Thunder Wave|p1a: Urshifu|[miss]\n|-miss|p2a: Persian|p1a: Urshifu\n|move|p1a: Urshifu|Surging Strikes|p2a: Persian\n|-crit|p2a: Persian\n|-damage|p2a: Persian|64/100\n|-crit|p2a: Persian\n|-damage|p2a: Persian|27/100\n|-crit|p2a: Persian\n|-damage|p2a: Persian|0 fnt\n|faint|p2a: Persian\n|-hitcount|p2: Persian|3\n|\n|upkeep\n|\n|t:|1783542958\n|switch|p2a: Whiscash|Whiscash, L88, M|100/100\n|-damage|p2a: Whiscash|94/100|[from] Stealth Rock\n|turn|22\n|inactive|Time left: 300 sec this turn | 300 sec total\n|\n|t:|1783542959\n|move|p1a: Urshifu|Surging Strikes|p2a: Whiscash\n|-crit|p2a: Whiscash\n|-damage|p2a: Whiscash|52/100\n|-crit|p2a: Whiscash\n|-damage|p2a: Whiscash|10/100\n|-crit|p2a: Whiscash\n|-damage|p2a: Whiscash|0 fnt\n|faint|p2a: Whiscash\n|-hitcount|p2: Whiscash|3\n|\n|win|p0x2898229", "uploadtime": 1783542959, "views": 0, "rating": 0, "private": 0, "password": null, "_winner": "p0x2898229", "_our_name": "p0x2898229"}