{"id": "battle-gen9randombattle-2106", "formatid": "gen9randombattle", "format": "[Gen 9] Random Battle", "players": ["p0x21062acf", "p0y21065686"], "log": "|init|battle\n|title|p0x21062acf vs. p0y21065686\n|j|\u2606p0x21062acf\n|j|\u2606p0y21065686\n|t:|1783564382\n|gametype|singles\n|player|p1|p0x21062acf|102|\n|player|p2|p0y21065686|169|\n|gen|9\n|tier|[Gen 9] Random Battle\n|rule|Species Clause: Limit one of each Pok\u00e9mon\n|rule|HP Percentage Mod: HP is shown in percentages\n|rule|Sleep Clause Mod: Limit one foe put to sleep\n|rule|Illusion Level Mod: Illusion disguises the Pok\u00e9mon's true level\n|\n|t:|1783564382\n|teamsize|p1|6\n|teamsize|p2|6\n|start\n|switch|p1a: Iron Leaves|Iron Leaves, L80|275/275\n|switch|p2a: Urshifu|Urshifu, L74, F|100/100\n|turn|1\n|inactive|Battle timer is ON: inactive players will automatically lose when time's up. (requested by p0y21065686)\n|inactive|Time left: 300 sec this turn | 300 sec total | 60 sec grace\n|inactive|p0x21062acf also wants the timer to be on.\n|\n|t:|1783564384\n|move|p1a: Iron Leaves|Close Combat|p2a: Urshifu\n|-supereffective|p2a: Urshifu\n|-damage|p2a: Urshifu|3/100\n|-unboost|p1a: Iron Leaves|def|1\n|-unboost|p1a: Iron Leaves|spd|1\n|-damage|p1a: Iron Leaves|248/275|[from] item: Life Orb\n|move|p2a: Urshifu|Wicked Blow|p1a: Iron Leaves\n|-supereffective|p1a: Iron Leaves\n|-crit|p1a: Iron Leaves\n|-damage|p1a: Iron Leaves|0 fnt\n|faint|p1a: Iron Leaves\n|-end|p1a: Iron Leaves|Quark Drive|[silent]\n|\n|upkeep\n|inactive|Time left: 300 sec this turn | 300 sec total | 65 sec grace\n|\n|t:|1783564385\n|switch|p1a: Mimikyu|Mimikyu, L79, F|216/216\n|turn|2\n|inactive|Time left: 300 sec this turn | 300 sec total\n|\n|t:|1783564387\n|switch|p2a: Mudsdale|Mudsdale, L83, F|100/100\n|move|p1a: Mimikyu|Swords Dance|p1a: Mimikyu\n|-boost|p1a: Mimikyu|atk|2\n|\n|upkeep\n|turn|3\n|inactive|Time left: 300 sec this turn | 300 sec total\n|\n|t:|1783564388\n|switch|p1a: Mightyena|Mightyena, L96, F|290/290\n|-ability|p1a: Mightyena|Intimidate|boost\n|-unboost|p2a: Mudsdale|atk|1\n|move|p2a: Mudsdale|Heavy Slam|p1a: Mightyena\n|-crit|p1a: Mightyena\n|-damage|p1a: Mightyena|120/290\n|\n|upkeep\n|turn|4\n|inactive|Time left: 300 sec this turn | 300 sec total\n|\n|t:|1783564389\n|move|p1a: Mightyena|Super Fang|p2a: Mudsdale\n|-damage|p2a: Mudsdale|50/100\n|-ability|p2a: Mudsdale|Stamina|boost\n|-boost|p2a: Mudsdale|def|1\n|move|p2a: Mudsdale|Heavy Slam|p1a: Mightyena\n|-damage|p1a: Mightyena|53/290\n|\n|-heal|p2a: Mudsdale|56/100|[from] item: Leftovers\n|upkeep\n|turn|5\n|inactive|Time left: 300 sec this turn | 300 sec total\n|\n|t:|1783564390\n|move|p1a: Mightyena|Super Fang|p2a: Mudsdale\n|-damage|p2a: Mudsdale|29/100\n|-ability|p2a: Mudsdale|Stamina|boost\n|-boost|p2a: Mudsdale|def|1\n|move|p2a: Mudsdale|Earthquake|p1a: Mightyena\n|-damage|p1a: Mightyena|0 fnt\n|faint|p1a: Mightyena\n|\n|-heal|p2a: Mudsdale|35/100|[from] item: Leftovers\n|upkeep\n|inactive|Time left: 300 sec this turn | 300 sec total | 5 sec grace\n|\n|t:|1783564391\n|switch|p1a: Reuniclus|Reuniclus, L88, M|337/337\n|turn|6\n|inactive|Time left: 300 sec this turn | 300 sec total\n|\n|t:|1783564392\n|switch|p2a: Urshifu|Urshifu, L74, F|3/100\n|move|p1a: Reuniclus|Focus Blast|p2a: Urshifu\n|-supereffective|p2a: Urshifu\n|-damage|p2a: Urshifu|0 fnt\n|faint|p2a: Urshifu\n|\n|upkeep\n|\n|t:|1783564393\n|switch|p2a: Drednaw|Drednaw, L81, M|100/100\n|turn|7\n|inactive|Time left: 300 sec this turn | 300 sec total\n|\n|t:|1783564394\n|move|p2a: Drednaw|Crunch|p1a: Reuniclus\n|-supereffective|p1a: Reuniclus\n|-damage|p1a: Reuniclus|133/337\n|move|p1a: Reuniclus|Focus Blast|p2a: Drednaw\n|-supereffective|p2a: Drednaw\n|-damage|p2a: Drednaw|0 fnt\n|faint|p2a: Drednaw\n|\n|upkeep\n|\n|t:|1783564395\n|switch|p2a: Mudsdale|Mudsdale, L83, F|35/100\n|turn|8\n|inactive|Time left: 300 sec this turn | 300 sec total\n|\n|t:|1783564396\n|move|p2a: Mudsdale|Earthquake|p1a: Reuniclus\n|-damage|p1a: Reuniclus|1/337\n|move|p1a: Reuniclus|Recover|p1a: Reuniclus\n|-heal|p1a: Reuniclus|170/337\n|\n|-heal|p2a: Mudsdale|41/100|[from] item: Leftovers\n|upkeep\n|turn|9\n|inactive|Time left: 300 sec this turn | 300 sec total\n|\n|t:|1783564397\n|move|p2a: Mudsdale|Earthquake|p1a: Reuniclus\n|-damage|p1a: Reuniclus|26/337\n|move|p1a: Reuniclus|Recover|p1a: Reuniclus\n|-heal|p1a: Reuniclus|195/337\n|\n|-heal|p2a: Mudsdale|47/100|[from] item: Leftovers\n|upkeep\n|turn|10\n|inactive|Time left: 300 sec this turn | 300 sec total\n|\n|t:|1783564399\n|move|p2a: Mudsdale|Earthquake|p1a: Reuniclus\n|-crit|p1a: Reuniclus\n|-damage|p1a: Reuniclus|0 fnt\n|faint|p1a: Reuniclus\n|\n|-heal|p2a: Mudsdale|52/100|[from] item: Leftovers\n|upkeep\n|inactive|Time left: 300 sec this turn | 300 sec total | 5 sec grace\n|\n|t:|1783564399\n|switch|p1a: Snorlax|Snorlax, L82, M|397/397\n|turn|11\n|inactive|Time left: 300 sec this turn | 300 sec total\n|\n|t:|1783564401\n|move|p2a: Mudsdale|Earthquake|p1a: Snorlax\n|-damage|p1a: Snorlax|222/397\n|move|p1a: Snorlax|Curse|p1a: Snorlax\n|-unboost|p1a: Snorlax|spe|1\n|-boost|p1a: Snorlax|atk|1\n|-boost|p1a: Snorlax|def|1\n|\n|-heal|p2a: Mudsdale|58/100|[from] item: Leftovers\n|-heal|p1a: Snorlax|246/397|[from] item: Leftovers\n|upkeep\n|turn|12\n|inactive|Time left: 300 sec this turn | 300 sec total\n|\n|t:|1783564402\n|move|p1a: Snorlax|Body Slam|p2a: Mudsdale\n|-damage|p2a: Mudsdale|16/100\n|-ability|p2a: Mudsdale|Stamina|boost\n|-boost|p2a: Mudsdale|def|1\n|move|p2a: Mudsdale|Roar|p1a: Snorlax\n|drag|p1a: Mimikyu|Mimikyu, L79, F|216/216\n|\n|-heal|p2a: Mudsdale|22/100|[from] item: Leftovers\n|upkeep\n|turn|13\n|inactive|Time left: 300 sec this turn | 300 sec total\n|\n|t:|1783564403\n|-terastallize|p1a: Mimikyu|Ghost\n|move|p1a: Mimikyu|Shadow Claw|p2a: Mudsdale\n|-damage|p2a: Mudsdale|0 fnt\n|faint|p2a: Mudsdale\n|-damage|p1a: Mimikyu|195/216|[from] item: Life Orb\n|\n|upkeep\n|\n|t:|1783564404\n|switch|p2a: Volcanion|Volcanion, L79|100/100\n|turn|14\n|inactive|Time left: 300 sec this turn | 300 sec total\n|\n|t:|1783564405\n|move|p2a: Volcanion|Steam Eruption|p1a: Mimikyu\n|-activate|p1a: Mimikyu|ability: Disguise\n|-damage|p1a: Mimikyu|195/216\n|detailschange|p1a: Mimikyu|Mimikyu-Busted, L79, F, tera:Ghost\n|-damage|p1a: Mimikyu|168/216|[from] pokemon: Mimikyu-Busted\n|move|p1a: Mimikyu|Swords Dance|p1a: Mimikyu\n|-boost|p1a: Mimikyu|atk|2\n|\n|upkeep\n|turn|15\n|inactive|Time left: 300 sec this turn | 300 sec total\n|\n|t:|1783564406\n|move|p2a: Volcanion|Steam Eruption|p1a: Mimikyu\n|-damage|p1a: Mimikyu|50/216\n|-status|p1a: Mimikyu|brn\n|move|p1a: Mimikyu|Shadow Claw|p2a: Volcanion\n|-damage|p2a: Volcanion|65/100\n|-damage|p1a: Mimikyu|29/216 brn|[from] item: Life Orb\n|\n|-damage|p1a: Mimikyu|16/216 brn|[from] brn\n|upkeep\n|turn|16\n|inactive|Time left: 300 sec this turn | 300 sec total\n|\n|t:|1783564407\n|switch|p2a: Carbink|Carbink, L90|100/100\n|move|p1a: Mimikyu|Shadow Sneak|p2a: Carbink\n|-damage|p2a: Carbink|84/100\n|-damage|p1a: Mimikyu|0 fnt|[from] item: Life Orb\n|faint|p1a: Mimikyu\n|\n|upkeep\n|inactive|Time left: 300 sec this turn | 300 sec total | 5 sec grace\n|\n|t:|1783564408\n|switch|p1a: Cryogonal|Cryogonal, L89|287/287\n|turn|17\n|inactive|Time left: 300 sec this turn | 300 sec total\n|\n|t:|1783564408\n|-terastallize|p2a: Carbink|Fighting\n|move|p1a: Cryogonal|Ice Beam|p2a: Carbink\n|-damage|p2a: Carbink|54/100\n|move|p2a: Carbink|Body Press|p1a: Cryogonal\n|-supereffective|p1a: Cryogonal\n|-damage|p1a: Cryogonal|0 fnt\n|faint|p1a: Cryogonal\n|\n|upkeep\n|inactive|Time left: 300 sec this turn | 300 sec total | 5 sec grace\n|\n|t:|1783564409\n|switch|p1a: Snorlax|Snorlax, L82, M|246/397\n|turn|18\n|inactive|Time left: 300 sec this turn | 300 sec total\n|\n|t:|1783564410\n|move|p2a: Carbink|Body Press|p1a: Snorlax\n|-supereffective|p1a: Snorlax\n|-damage|p1a: Snorlax|0 fnt\n|faint|p1a: Snorlax\n|\n|win|p0y21065686", "uploadtime": 1783564410, "views": 0, "rating": 0, "private": 0, "password": null, "_winner": "p0y21065686", "_our_name": "p0x21062acf"}