{"id": "battle-gen9randombattle-540", "formatid": "gen9randombattle", "format": "[Gen 9] Random Battle", "players": ["p0x5402f45", "p0y540ed1e"], "log": "|init|battle\n|title|p0x5402f45 vs. p0y540ed1e\n|j|\u2606p0x5402f45\n|j|\u2606p0y540ed1e\n|t:|1783546057\n|gametype|singles\n|player|p1|p0x5402f45|169|\n|player|p2|p0y540ed1e|266|\n|gen|9\n|tier|[Gen 9] Random Battle\n|rule|Species Clause: Limit one of each Pok\u00e9mon\n|rule|HP Percentage Mod: HP is shown in percentages\n|rule|Sleep Clause Mod: Limit one foe put to sleep\n|rule|Illusion Level Mod: Illusion disguises the Pok\u00e9mon's true level\n|\n|t:|1783546057\n|teamsize|p1|6\n|teamsize|p2|6\n|start\n|switch|p1a: Zapdos|Zapdos-Galar, L77|100/100\n|switch|p2a: Delphox|Delphox, L84, M|263/263\n|turn|1\n|inactive|Battle timer is ON: inactive players will automatically lose when time's up. (requested by p0x5402f45)\n|inactive|Time left: 300 sec this turn | 300 sec total | 60 sec grace\n|inactive|p0y540ed1e also wants the timer to be on.\n|\n|t:|1783546059\n|move|p2a: Delphox|Fire Blast|p1a: Zapdos|[miss]\n|-miss|p2a: Delphox|p1a: Zapdos\n|move|p1a: Zapdos|Knock Off|p2a: Delphox\n|-supereffective|p2a: Delphox\n|-damage|p2a: Delphox|55/263\n|-enditem|p2a: Delphox|Choice Scarf|[from] move: Knock Off|[of] p1a: Zapdos\n|-damage|p1a: Zapdos|91/100|[from] item: Life Orb\n|\n|upkeep\n|turn|2\n|inactive|Time left: 300 sec this turn | 300 sec total\n|\n|t:|1783546060\n|move|p2a: Delphox|Fire Blast|p1a: Zapdos|[miss]\n|-miss|p2a: Delphox|p1a: Zapdos\n|move|p1a: Zapdos|Knock Off|p2a: Delphox\n|-supereffective|p2a: Delphox\n|-damage|p2a: Delphox|0 fnt\n|faint|p2a: Delphox\n|-damage|p1a: Zapdos|81/100|[from] item: Life Orb\n|\n|upkeep\n|inactive|Time left: 300 sec this turn | 300 sec total | 5 sec grace\n|\n|t:|1783546061\n|switch|p2a: Cloyster|Cloyster, L80, M|211/211\n|turn|3\n|inactive|Time left: 300 sec this turn | 300 sec total\n|\n|t:|1783546062\n|-terastallize|p1a: Zapdos|Fighting\n|move|p1a: Zapdos|Close Combat|p2a: Cloyster\n|-supereffective|p2a: Cloyster\n|-damage|p2a: Cloyster|0 fnt\n|-unboost|p1a: Zapdos|def|1\n|-unboost|p1a: Zapdos|spd|1\n|faint|p2a: Cloyster\n|-damage|p1a: Zapdos|71/100|[from] item: Life Orb\n|\n|upkeep\n|inactive|Time left: 300 sec this turn | 300 sec total | 5 sec grace\n|\n|t:|1783546063\n|switch|p2a: Wugtrio|Wugtrio, L91, M|212/212\n|turn|4\n|inactive|Time left: 300 sec this turn | 300 sec total\n|\n|t:|1783546063\n|switch|p1a: Cloyster|Cloyster, L80, M|100/100\n|move|p2a: Wugtrio|Liquidation|p1a: Cloyster\n|-resisted|p1a: Cloyster\n|-damage|p1a: Cloyster|80/100\n|\n|upkeep\n|turn|5\n|inactive|Time left: 300 sec this turn | 300 sec total\n|\n|t:|1783546065\n|move|p2a: Wugtrio|Liquidation|p1a: Cloyster\n|-resisted|p1a: Cloyster\n|-damage|p1a: Cloyster|56/100\n|move|p1a: Cloyster|Icicle Spear|p2a: Wugtrio\n|-resisted|p2a: Wugtrio\n|-damage|p2a: Wugtrio|196/212\n|-resisted|p2a: Wugtrio\n|-crit|p2a: Wugtrio\n|-damage|p2a: Wugtrio|171/212\n|-resisted|p2a: Wugtrio\n|-damage|p2a: Wugtrio|153/212\n|-resisted|p2a: Wugtrio\n|-damage|p2a: Wugtrio|135/212\n|-resisted|p2a: Wugtrio\n|-damage|p2a: Wugtrio|117/212\n|-hitcount|p2a: Wugtrio|5\n|\n|upkeep\n|turn|6\n|inactive|Time left: 300 sec this turn | 300 sec total\n|\n|t:|1783546065\n|move|p2a: Wugtrio|Liquidation|p1a: Cloyster\n|-resisted|p1a: Cloyster\n|-damage|p1a: Cloyster|32/100\n|-unboost|p1a: Cloyster|def|1\n|-enditem|p1a: Cloyster|White Herb\n|-clearnegativeboost|p1a: Cloyster|[silent]\n|move|p1a: Cloyster|Shell Smash|p1a: Cloyster\n|-unboost|p1a: Cloyster|def|1\n|-unboost|p1a: Cloyster|spd|1\n|-boost|p1a: Cloyster|atk|2\n|-boost|p1a: Cloyster|spa|2\n|-boost|p1a: Cloyster|spe|2\n|\n|upkeep\n|turn|7\n|inactive|Time left: 300 sec this turn | 300 sec total\n|\n|t:|1783546066\n|move|p1a: Cloyster|Icicle Spear|p2a: Wugtrio\n|-resisted|p2a: Wugtrio\n|-damage|p2a: Wugtrio|84/212\n|-resisted|p2a: Wugtrio\n|-damage|p2a: Wugtrio|48/212\n|-resisted|p2a: Wugtrio\n|-damage|p2a: Wugtrio|16/212\n|-resisted|p2a: Wugtrio\n|-crit|p2a: Wugtrio\n|-damage|p2a: Wugtrio|0 fnt\n|faint|p2a: Wugtrio\n|-hitcount|p2: Wugtrio|4\n|\n|upkeep\n|inactive|Time left: 300 sec this turn | 300 sec total | 5 sec grace\n|\n|t:|1783546067\n|switch|p2a: Vigoroth|Vigoroth, L85, M|275/275\n|turn|8\n|inactive|Time left: 300 sec this turn | 300 sec total\n|\n|t:|1783546068\n|move|p1a: Cloyster|Icicle Spear|p2a: Vigoroth\n|-damage|p2a: Vigoroth|239/275\n|-damage|p2a: Vigoroth|205/275\n|-damage|p2a: Vigoroth|166/275\n|-damage|p2a: Vigoroth|133/275\n|-damage|p2a: Vigoroth|99/275\n|-hitcount|p2a: Vigoroth|5\n|move|p2a: Vigoroth|Body Slam|p1a: Cloyster\n|-damage|p1a: Cloyster|0 fnt\n|faint|p1a: Cloyster\n|\n|upkeep\n|\n|t:|1783546069\n|switch|p1a: Bruxish|Bruxish, L85, F|100/100\n|turn|9\n|inactive|Time left: 300 sec this turn | 300 sec total\n|\n|t:|1783546070\n|move|p1a: Bruxish|Psychic Fangs|p2a: Vigoroth\n|-damage|p2a: Vigoroth|0 fnt\n|faint|p2a: Vigoroth\n|-damage|p1a: Bruxish|91/100|[from] item: Life Orb\n|\n|upkeep\n|inactive|Time left: 300 sec this turn | 300 sec total | 5 sec grace\n|\n|t:|1783546071\n|switch|p2a: Torterra|Torterra, L78, M|276/276\n|turn|10\n|inactive|Time left: 300 sec this turn | 300 sec total\n|\n|t:|1783546072\n|move|p1a: Bruxish|Psychic Fangs|p2a: Torterra\n|-damage|p2a: Torterra|111/276\n|-damage|p1a: Bruxish|81/100|[from] item: Life Orb\n|move|p2a: Torterra|Shell Smash|p2a: Torterra\n|-unboost|p2a: Torterra|def|1\n|-unboost|p2a: Torterra|spd|1\n|-boost|p2a: Torterra|atk|2\n|-boost|p2a: Torterra|spa|2\n|-boost|p2a: Torterra|spe|2\n|\n|upkeep\n|turn|11\n|inactive|Time left: 300 sec this turn | 300 sec total\n|\n|t:|1783546073\n|move|p2a: Torterra|Bullet Seed|p1a: Bruxish\n|-supereffective|p1a: Bruxish\n|-crit|p1a: Bruxish\n|-damage|p1a: Bruxish|10/100\n|-supereffective|p1a: Bruxish\n|-damage|p1a: Bruxish|0 fnt\n|faint|p1a: Bruxish\n|-hitcount|p1: Bruxish|2\n|\n|upkeep\n|\n|t:|1783546074\n|switch|p1a: Electrode|Electrode-Hisui, L87|100/100\n|turn|12\n|inactive|Time left: 300 sec this turn | 300 sec total\n|\n|t:|1783546075\n|move|p1a: Electrode|Giga Drain|p2a: Torterra\n|-damage|p2a: Torterra|0 fnt\n|faint|p2a: Torterra\n|-damage|p1a: Electrode|91/100|[from] item: Life Orb\n|\n|upkeep\n|inactive|Time left: 300 sec this turn | 300 sec total | 5 sec grace\n|\n|t:|1783546076\n|switch|p2a: Kommo-o|Kommo-o, L77, F|242/242\n|turn|13\n|inactive|Time left: 300 sec this turn | 300 sec total\n|\n|t:|1783546076\n|move|p1a: Electrode|Volt Switch|p2a: Kommo-o\n|-resisted|p2a: Kommo-o\n|-damage|p2a: Kommo-o|203/242\n|-damage|p1a: Electrode|81/100|[from] item: Life Orb\n|\n|t:|1783546077\n|switch|p1a: Zapdos|Zapdos-Galar, L77, tera:Fighting|71/100|[from] Volt Switch\n|move|p2a: Kommo-o|Clangorous Soul|p2a: Kommo-o\n|-boost|p2a: Kommo-o|atk|1\n|-boost|p2a: Kommo-o|def|1\n|-boost|p2a: Kommo-o|spa|1\n|-boost|p2a: Kommo-o|spd|1\n|-boost|p2a: Kommo-o|spe|1\n|-damage|p2a: Kommo-o|124/242\n|-enditem|p2a: Kommo-o|Throat Spray\n|-boost|p2a: Kommo-o|spa|1|[from] item: Throat Spray\n|\n|upkeep\n|turn|14\n|inactive|Time left: 300 sec this turn | 300 sec total\n|\n|t:|1783546078\n|-terastallize|p2a: Kommo-o|Normal\n|move|p2a: Kommo-o|Boomburst|p1a: Zapdos\n|-damage|p1a: Zapdos|0 fnt\n|faint|p1a: Zapdos\n|\n|upkeep\n|\n|t:|1783546079\n|switch|p1a: Electrode|Electrode-Hisui, L87|81/100\n|turn|15\n|inactive|Time left: 300 sec this turn | 300 sec total\n|\n|t:|1783546080\n|move|p1a: Electrode|Thunderbolt|p2a: Kommo-o\n|-damage|p2a: Kommo-o|53/242\n|-damage|p1a: Electrode|71/100|[from] item: Life Orb\n|move|p2a: Kommo-o|Drain Punch|p1a: Electrode\n|-damage|p1a: Electrode|20/100\n|-heal|p2a: Kommo-o|116/242|[from] drain|[of] p1a: Electrode\n|\n|upkeep\n|turn|16\n|inactive|Time left: 300 sec this turn | 300 sec total\n|\n|t:|1783546081\n|move|p1a: Electrode|Thunderbolt|p2a: Kommo-o\n|-damage|p2a: Kommo-o|41/242\n|-damage|p1a: Electrode|10/100|[from] item: Life Orb\n|move|p2a: Kommo-o|Drain Punch|p1a: Electrode\n|-damage|p1a: Electrode|0 fnt\n|-heal|p2a: Kommo-o|53/242|[from] drain|[of] p1a: Electrode\n|faint|p1a: Electrode\n|\n|upkeep\n|\n|t:|1783546082\n|switch|p1a: Rhyperior|Rhyperior, L82, M|100/100\n|turn|17\n|inactive|Time left: 300 sec this turn | 300 sec total\n|\n|t:|1783546083\n|move|p2a: Kommo-o|Clanging Scales|p1a: Rhyperior\n|-damage|p1a: Rhyperior|12/100\n|-unboost|p2a: Kommo-o|def|1\n|move|p1a: Rhyperior|Earthquake|p2a: Kommo-o\n|-damage|p2a: Kommo-o|0 fnt\n|faint|p2a: Kommo-o\n|\n|win|p0x5402f45", "uploadtime": 1783546083, "views": 0, "rating": 0, "private": 0, "password": null, "_winner": "p0x5402f45", "_our_name": "p0y540ed1e"}