{"id": "battle-gen9randombattle-2294", "formatid": "gen9randombattle", "format": "[Gen 9] Random Battle", "players": ["p0x2294d93d", "p0y2294d246"], "log": "|init|battle\n|title|p0x2294d93d vs. p0y2294d246\n|j|\u2606p0x2294d93d\n|j|\u2606p0y2294d246\n|t:|1783565647\n|gametype|singles\n|player|p1|p0x2294d93d|170|\n|player|p2|p0y2294d246|2|\n|gen|9\n|tier|[Gen 9] Random Battle\n|rule|Species Clause: Limit one of each Pok\u00e9mon\n|rule|HP Percentage Mod: HP is shown in percentages\n|rule|Sleep Clause Mod: Limit one foe put to sleep\n|rule|Illusion Level Mod: Illusion disguises the Pok\u00e9mon's true level\n|\n|t:|1783565647\n|teamsize|p1|6\n|teamsize|p2|6\n|start\n|switch|p1a: Persian|Persian-Alola, L86, M|252/252\n|switch|p2a: Jolteon|Jolteon, L84, F|100/100\n|turn|1\n|inactive|Battle timer is ON: inactive players will automatically lose when time's up. (requested by p0x2294d93d)\n|inactive|p0y2294d246 also wants the timer to be on.\n|\n|t:|1783565648\n|switch|p1a: Granbull|Granbull, L88, F|302/302\n|-ability|p1a: Granbull|Intimidate|boost\n|-unboost|p2a: Jolteon|atk|1\n|move|p2a: Jolteon|Calm Mind|p2a: Jolteon\n|-boost|p2a: Jolteon|spa|1\n|-boost|p2a: Jolteon|spd|1\n|\n|upkeep\n|turn|2\n|inactive|Time left: 300 sec this turn | 300 sec total\n|\n|t:|1783565649\n|switch|p2a: Vikavolt|Vikavolt, L83, F|100/100\n|move|p1a: Granbull|Earthquake|p2a: Vikavolt\n|-immune|p2a: Vikavolt|[from] ability: Levitate\n|\n|upkeep\n|turn|3\n|inactive|Time left: 300 sec this turn | 300 sec total\n|\n|t:|1783565650\n|move|p1a: Granbull|Play Rough|p2a: Vikavolt|[miss]\n|-miss|p1a: Granbull|p2a: Vikavolt\n|move|p2a: Vikavolt|Sticky Web|p1a: Granbull\n|-sidestart|p1: p0x2294d93d|move: Sticky Web\n|\n|upkeep\n|turn|4\n|inactive|Time left: 300 sec this turn | 300 sec total\n|\n|t:|1783565651\n|move|p1a: Granbull|Play Rough|p2a: Vikavolt\n|-crit|p2a: Vikavolt\n|-damage|p2a: Vikavolt|27/100\n|move|p2a: Vikavolt|Volt Switch|p1a: Granbull\n|-damage|p1a: Granbull|170/302\n|\n|t:|1783565652\n|switch|p2a: Typhlosion|Typhlosion, L84, F|100/100|[from] Volt Switch\n|\n|-heal|p1a: Granbull|188/302|[from] item: Leftovers\n|upkeep\n|turn|5\n|inactive|Time left: 300 sec this turn | 300 sec total\n|\n|t:|1783565653\n|switch|p1a: Charizard|Charizard, L85, M|271/271\n|move|p2a: Typhlosion|Eruption|p1a: Charizard\n|-resisted|p1a: Charizard\n|-damage|p1a: Charizard|151/271\n|\n|upkeep\n|turn|6\n|inactive|Time left: 300 sec this turn | 300 sec total\n|\n|t:|1783565655\n|move|p1a: Charizard|Earthquake|p2a: Typhlosion\n|-supereffective|p2a: Typhlosion\n|-damage|p2a: Typhlosion|47/100\n|move|p2a: Typhlosion|Eruption|p1a: Charizard\n|-resisted|p1a: Charizard\n|-damage|p1a: Charizard|94/271\n|\n|upkeep\n|turn|7\n|inactive|Time left: 300 sec this turn | 300 sec total\n|\n|t:|1783565656\n|switch|p2a: Incineroar|Incineroar, L82, F|100/100\n|-ability|p2a: Incineroar|Intimidate|boost\n|-unboost|p1a: Charizard|atk|1\n|move|p1a: Charizard|Hurricane|p2a: Incineroar\n|-damage|p2a: Incineroar|51/100\n|-start|p2a: Incineroar|confusion\n|\n|upkeep\n|turn|8\n|inactive|Time left: 300 sec this turn | 300 sec total\n|\n|t:|1783565657\n|move|p1a: Charizard|Focus Blast|p2a: Incineroar\n|-supereffective|p2a: Incineroar\n|-damage|p2a: Incineroar|0 fnt\n|faint|p2a: Incineroar\n|\n|upkeep\n|\n|t:|1783565658\n|switch|p2a: Ambipom|Ambipom, L84, F|100/100\n|turn|9\n|inactive|Time left: 300 sec this turn | 300 sec total\n|\n|t:|1783565659\n|switch|p1a: Misdreavus|Misdreavus, L90, F|254/254\n|move|p2a: Ambipom|Triple Axel|p1a: Misdreavus\n|-damage|p1a: Misdreavus|225/254\n|-hitcount|p1a: Misdreavus|1\n|\n|upkeep\n|turn|10\n|inactive|Time left: 300 sec this turn | 300 sec total\n|\n|t:|1783565660\n|move|p2a: Ambipom|Triple Axel|p1a: Misdreavus\n|-damage|p1a: Misdreavus|195/254\n|-damage|p1a: Misdreavus|139/254\n|-damage|p1a: Misdreavus|60/254\n|-hitcount|p1a: Misdreavus|3\n|move|p1a: Misdreavus|Will-O-Wisp|p2a: Ambipom\n|-status|p2a: Ambipom|brn\n|\n|-damage|p2a: Ambipom|94/100 brn|[from] brn\n|upkeep\n|turn|11\n|inactive|Time left: 300 sec this turn | 300 sec total\n|\n|t:|1783565661\n|switch|p1a: Feraligatr|Feraligatr, L79, F|264/264\n|-activate|p1a: Feraligatr|move: Sticky Web\n|-unboost|p1a: Feraligatr|spe|1\n|move|p2a: Ambipom|Triple Axel|p1a: Feraligatr|[miss]\n|-miss|p2a: Ambipom|p1a: Feraligatr\n|\n|-damage|p2a: Ambipom|88/100 brn|[from] brn\n|upkeep\n|turn|12\n|inactive|Time left: 300 sec this turn | 300 sec total\n|\n|t:|1783565662\n|move|p2a: Ambipom|Triple Axel|p1a: Feraligatr\n|-resisted|p1a: Feraligatr\n|-damage|p1a: Feraligatr|256/264\n|-resisted|p1a: Feraligatr\n|-damage|p1a: Feraligatr|241/264\n|-resisted|p1a: Feraligatr\n|-damage|p1a: Feraligatr|219/264\n|-hitcount|p1a: Feraligatr|3\n|move|p1a: Feraligatr|Dragon Dance|p1a: Feraligatr\n|-boost|p1a: Feraligatr|atk|1\n|-boost|p1a: Feraligatr|spe|1\n|\n|-damage|p2a: Ambipom|82/100 brn|[from] brn\n|upkeep\n|turn|13\n|inactive|Time left: 300 sec this turn | 300 sec total\n|\n|t:|1783565663\n|move|p2a: Ambipom|Triple Axel|p1a: Feraligatr\n|-resisted|p1a: Feraligatr\n|-crit|p1a: Feraligatr\n|-damage|p1a: Feraligatr|208/264\n|-resisted|p1a: Feraligatr\n|-damage|p1a: Feraligatr|192/264\n|-resisted|p1a: Feraligatr\n|-damage|p1a: Feraligatr|171/264\n|-hitcount|p1a: Feraligatr|3\n|move|p1a: Feraligatr|Dragon Dance|p1a: Feraligatr\n|-boost|p1a: Feraligatr|atk|1\n|-boost|p1a: Feraligatr|spe|1\n|\n|-damage|p2a: Ambipom|76/100 brn|[from] brn\n|upkeep\n|turn|14\n|inactive|Time left: 300 sec this turn | 300 sec total\n|\n|t:|1783565664\n|move|p1a: Feraligatr|Dragon Dance|p1a: Feraligatr\n|-boost|p1a: Feraligatr|atk|1\n|-boost|p1a: Feraligatr|spe|1\n|move|p2a: Ambipom|Triple Axel|p1a: Feraligatr\n|-resisted|p1a: Feraligatr\n|-damage|p1a: Feraligatr|163/264\n|-resisted|p1a: Feraligatr\n|-damage|p1a: Feraligatr|147/264\n|-resisted|p1a: Feraligatr\n|-damage|p1a: Feraligatr|124/264\n|-hitcount|p1a: Feraligatr|3\n|\n|-damage|p2a: Ambipom|70/100 brn|[from] brn\n|upkeep\n|turn|15\n|inactive|Time left: 300 sec this turn | 300 sec total\n|\n|t:|1783565665\n|move|p1a: Feraligatr|Crunch|p2a: Ambipom\n|-damage|p2a: Ambipom|0 fnt\n|faint|p2a: Ambipom\n|\n|upkeep\n|\n|t:|1783565666\n|switch|p2a: Vikavolt|Vikavolt, L83, F|27/100\n|turn|16\n|inactive|Time left: 300 sec this turn | 300 sec total\n|\n|t:|1783565666\n|move|p1a: Feraligatr|Liquidation|p2a: Vikavolt\n|-damage|p2a: Vikavolt|0 fnt\n|faint|p2a: Vikavolt\n|\n|upkeep\n|\n|t:|1783565667\n|switch|p2a: Typhlosion|Typhlosion, L84, F|47/100\n|turn|17\n|inactive|Time left: 300 sec this turn | 300 sec total\n|\n|t:|1783565668\n|move|p1a: Feraligatr|Liquidation|p2a: Typhlosion\n|-supereffective|p2a: Typhlosion\n|-damage|p2a: Typhlosion|0 fnt\n|faint|p2a: Typhlosion\n|\n|upkeep\n|\n|t:|1783565669\n|switch|p2a: Jolteon|Jolteon, L84, F|100/100\n|turn|18\n|inactive|Time left: 300 sec this turn | 300 sec total\n|\n|t:|1783565670\n|move|p1a: Feraligatr|Crunch|p2a: Jolteon\n|-damage|p2a: Jolteon|0 fnt\n|faint|p2a: Jolteon\n|\n|upkeep\n|\n|t:|1783565670\n|switch|p2a: Hippowdon|Hippowdon, L82, F|100/100\n|-weather|Sandstorm|[from] ability: Sand Stream|[of] p2a: Hippowdon\n|turn|19\n|inactive|Time left: 300 sec this turn | 300 sec total\n|\n|t:|1783565671\n|move|p1a: Feraligatr|Liquidation|p2a: Hippowdon\n|-supereffective|p2a: Hippowdon\n|-damage|p2a: Hippowdon|0 fnt\n|faint|p2a: Hippowdon\n|\n|win|p0x2294d93d", "uploadtime": 1783565671, "views": 0, "rating": 0, "private": 0, "password": null, "_winner": "p0x2294d93d", "_our_name": "p0x2294d93d"}