{"id": "battle-gen9randombattle-1375", "formatid": "gen9randombattle", "format": "[Gen 9] Random Battle", "players": ["p0x1375d6b2", "p0y1375bf5d"], "log": "|init|battle\n|title|p0x1375d6b2 vs. p0y1375bf5d\n|j|\u2606p0x1375d6b2\n|j|\u2606p0y1375bf5d\n|t:|1783555984\n|gametype|singles\n|player|p1|p0x1375d6b2|2|\n|player|p2|p0y1375bf5d|101|\n|gen|9\n|tier|[Gen 9] Random Battle\n|rule|Species Clause: Limit one of each Pok\u00e9mon\n|rule|HP Percentage Mod: HP is shown in percentages\n|rule|Sleep Clause Mod: Limit one foe put to sleep\n|rule|Illusion Level Mod: Illusion disguises the Pok\u00e9mon's true level\n|\n|t:|1783555984\n|teamsize|p1|6\n|teamsize|p2|6\n|start\n|switch|p1a: Gurdurr|Gurdurr, L85, M|283/283\n|switch|p2a: Toxapex|Toxapex, L82, M|100/100\n|turn|1\n|inactive|Battle timer is ON: inactive players will automatically lose when time's up. (requested by p0y1375bf5d)\n|inactive|Time left: 300 sec this turn | 300 sec total | 60 sec grace\n|inactive|p0x1375d6b2 also wants the timer to be on.\n|\n|t:|1783555986\n|move|p1a: Gurdurr|Bulk Up|p1a: Gurdurr\n|-boost|p1a: Gurdurr|atk|1\n|-boost|p1a: Gurdurr|def|1\n|move|p2a: Toxapex|Toxic Spikes|p1a: Gurdurr\n|-sidestart|p1: p0x1375d6b2|move: Toxic Spikes\n|\n|upkeep\n|turn|2\n|inactive|Time left: 300 sec this turn | 300 sec total\n|\n|t:|1783555986\n|move|p1a: Gurdurr|Bulk Up|p1a: Gurdurr\n|-boost|p1a: Gurdurr|atk|1\n|-boost|p1a: Gurdurr|def|1\n|move|p2a: Toxapex|Toxic Spikes|p1a: Gurdurr\n|-sidestart|p1: p0x1375d6b2|move: Toxic Spikes\n|\n|upkeep\n|turn|3\n|inactive|Time left: 300 sec this turn | 300 sec total\n|\n|t:|1783555987\n|move|p1a: Gurdurr|Knock Off|p2a: Toxapex\n|-damage|p2a: Toxapex|57/100\n|-enditem|p2a: Toxapex|Leftovers|[from] move: Knock Off|[of] p1a: Gurdurr\n|move|p2a: Toxapex|Haze|p2a: Toxapex\n|-clearallboost\n|\n|upkeep\n|turn|4\n|inactive|Time left: 300 sec this turn | 300 sec total\n|\n|t:|1783555988\n|move|p1a: Gurdurr|Bulk Up|p1a: Gurdurr\n|-boost|p1a: Gurdurr|atk|1\n|-boost|p1a: Gurdurr|def|1\n|move|p2a: Toxapex|Recover|p2a: Toxapex\n|-heal|p2a: Toxapex|100/100\n|\n|upkeep\n|turn|5\n|inactive|Time left: 300 sec this turn | 300 sec total\n|\n|t:|1783555989\n|move|p1a: Gurdurr|Drain Punch|p2a: Toxapex\n|-resisted|p2a: Toxapex\n|-damage|p2a: Toxapex|80/100\n|move|p2a: Toxapex|Haze|p2a: Toxapex\n|-clearallboost\n|\n|upkeep\n|turn|6\n|inactive|Time left: 300 sec this turn | 300 sec total\n|\n|t:|1783555990\n|move|p1a: Gurdurr|Bulk Up|p1a: Gurdurr\n|-boost|p1a: Gurdurr|atk|1\n|-boost|p1a: Gurdurr|def|1\n|move|p2a: Toxapex|Liquidation|p1a: Gurdurr\n|-damage|p1a: Gurdurr|253/283\n|\n|upkeep\n|turn|7\n|inactive|Time left: 300 sec this turn | 300 sec total\n|\n|t:|1783555991\n|move|p1a: Gurdurr|Bulk Up|p1a: Gurdurr\n|-boost|p1a: Gurdurr|atk|1\n|-boost|p1a: Gurdurr|def|1\n|move|p2a: Toxapex|Haze|p2a: Toxapex\n|-clearallboost\n|\n|upkeep\n|turn|8\n|inactive|Time left: 300 sec this turn | 300 sec total\n|\n|t:|1783555992\n|move|p1a: Gurdurr|Bulk Up|p1a: Gurdurr\n|-boost|p1a: Gurdurr|atk|1\n|-boost|p1a: Gurdurr|def|1\n|move|p2a: Toxapex|Recover|p2a: Toxapex\n|-heal|p2a: Toxapex|100/100\n|\n|upkeep\n|turn|9\n|inactive|Time left: 300 sec this turn | 300 sec total\n|\n|t:|1783555993\n|move|p1a: Gurdurr|Drain Punch|p2a: Toxapex\n|-resisted|p2a: Toxapex\n|-damage|p2a: Toxapex|79/100\n|-heal|p1a: Gurdurr|277/283|[from] drain|[of] p2a: Toxapex\n|move|p2a: Toxapex|Haze|p2a: Toxapex\n|-clearallboost\n|\n|upkeep\n|turn|10\n|inactive|Time left: 300 sec this turn | 300 sec total\n|\n|t:|1783555994\n|move|p1a: Gurdurr|Bulk Up|p1a: Gurdurr\n|-boost|p1a: Gurdurr|atk|1\n|-boost|p1a: Gurdurr|def|1\n|move|p2a: Toxapex|Liquidation|p1a: Gurdurr\n|-damage|p1a: Gurdurr|246/283\n|\n|upkeep\n|turn|11\n|inactive|Time left: 300 sec this turn | 300 sec total\n|\n|t:|1783555995\n|move|p1a: Gurdurr|Drain Punch|p2a: Toxapex\n|-resisted|p2a: Toxapex\n|-damage|p2a: Toxapex|59/100\n|-heal|p1a: Gurdurr|268/283|[from] drain|[of] p2a: Toxapex\n|move|p2a: Toxapex|Haze|p2a: Toxapex\n|-clearallboost\n|\n|upkeep\n|turn|12\n|inactive|Time left: 300 sec this turn | 300 sec total\n|\n|t:|1783555996\n|switch|p2a: Vespiquen|Vespiquen, L99, F|100/100\n|-ability|p2a: Vespiquen|Pressure\n|move|p1a: Gurdurr|Bulk Up|p1a: Gurdurr\n|-boost|p1a: Gurdurr|atk|1\n|-boost|p1a: Gurdurr|def|1\n|\n|upkeep\n|turn|13\n|inactive|Time left: 300 sec this turn | 300 sec total\n|\n|t:|1783555997\n|move|p2a: Vespiquen|Air Slash|p1a: Gurdurr\n|-supereffective|p1a: Gurdurr\n|-damage|p1a: Gurdurr|86/283\n|move|p1a: Gurdurr|Knock Off|p2a: Vespiquen\n|-damage|p2a: Vespiquen|71/100\n|-enditem|p2a: Vespiquen|Heavy-Duty Boots|[from] move: Knock Off|[of] p1a: Gurdurr\n|\n|upkeep\n|turn|14\n|inactive|Time left: 300 sec this turn | 300 sec total\n|\n|t:|1783555999\n|move|p2a: Vespiquen|Air Slash|p1a: Gurdurr|[miss]\n|-miss|p2a: Vespiquen|p1a: Gurdurr\n|move|p1a: Gurdurr|Drain Punch|p2a: Vespiquen\n|-resisted|p2a: Vespiquen\n|-crit|p2a: Vespiquen\n|-damage|p2a: Vespiquen|58/100\n|-heal|p1a: Gurdurr|106/283|[from] drain|[of] p2a: Vespiquen\n|\n|upkeep\n|turn|15\n|inactive|Time left: 300 sec this turn | 300 sec total\n|\n|t:|1783556000\n|-terastallize|p1a: Gurdurr|Steel\n|move|p2a: Vespiquen|Air Slash|p1a: Gurdurr\n|-resisted|p1a: Gurdurr\n|-damage|p1a: Gurdurr|64/283\n|move|p1a: Gurdurr|Bulk Up|p1a: Gurdurr\n|-boost|p1a: Gurdurr|atk|1\n|-boost|p1a: Gurdurr|def|1\n|\n|upkeep\n|turn|16\n|inactive|Time left: 300 sec this turn | 300 sec total\n|\n|t:|1783556001\n|move|p2a: Vespiquen|Air Slash|p1a: Gurdurr\n|-resisted|p1a: Gurdurr\n|-damage|p1a: Gurdurr|17/283\n|move|p1a: Gurdurr|Drain Punch|p2a: Vespiquen\n|-resisted|p2a: Vespiquen\n|-damage|p2a: Vespiquen|47/100\n|-heal|p1a: Gurdurr|33/283|[from] drain|[of] p2a: Vespiquen\n|\n|upkeep\n|turn|17\n|inactive|Time left: 300 sec this turn | 300 sec total\n|\n|t:|1783556002\n|move|p2a: Vespiquen|Air Slash|p1a: Gurdurr\n|-resisted|p1a: Gurdurr\n|-damage|p1a: Gurdurr|0 fnt\n|faint|p1a: Gurdurr\n|\n|upkeep\n|inactive|Time left: 300 sec this turn | 300 sec total | 5 sec grace\n|\n|t:|1783556003\n|switch|p1a: Vespiquen|Vespiquen, L99, F|299/299\n|-ability|p1a: Vespiquen|Pressure\n|turn|18\n|inactive|Time left: 300 sec this turn | 300 sec total\n|\n|t:|1783556005\n|move|p1a: Vespiquen|Hurricane|p2a: Vespiquen\n|-supereffective|p2a: Vespiquen\n|-damage|p2a: Vespiquen|0 fnt\n|faint|p2a: Vespiquen\n|\n|upkeep\n|\n|t:|1783556006\n|switch|p2a: Glaceon|Glaceon, L94, F|100/100\n|turn|19\n|inactive|Time left: 300 sec this turn | 300 sec total\n|\n|t:|1783556007\n|move|p2a: Glaceon|Freeze-Dry|p1a: Vespiquen\n|-supereffective|p1a: Vespiquen\n|-damage|p1a: Vespiquen|123/299\n|move|p1a: Vespiquen|Spikes|p2a: Glaceon\n|-sidestart|p2: p0y1375bf5d|Spikes\n|\n|upkeep\n|turn|20\n|inactive|Time left: 300 sec this turn | 300 sec total\n|\n|t:|1783556008\n|switch|p1a: Dudunsparce|Dudunsparce, L83, M|343/343\n|-status|p1a: Dudunsparce|tox\n|move|p2a: Glaceon|Freeze-Dry|p1a: Dudunsparce\n|-damage|p1a: Dudunsparce|202/343 tox\n|\n|-heal|p1a: Dudunsparce|223/343 tox|[from] item: Leftovers\n|-damage|p1a: Dudunsparce|202/343 tox|[from] psn\n|upkeep\n|turn|21\n|inactive|Time left: 300 sec this turn | 300 sec total\n|\n|t:|1783556009\n|move|p2a: Glaceon|Freeze-Dry|p1a: Dudunsparce\n|-damage|p1a: Dudunsparce|73/343 tox\n|move|p1a: Dudunsparce|Roost|p1a: Dudunsparce\n|-heal|p1a: Dudunsparce|245/343 tox\n|-singleturn|p1a: Dudunsparce|move: Roost\n|\n|-heal|p1a: Dudunsparce|266/343 tox|[from] item: Leftovers\n|-damage|p1a: Dudunsparce|224/343 tox|[from] psn\n|upkeep\n|turn|22\n|inactive|Time left: 300 sec this turn | 300 sec total\n|\n|t:|1783556010\n|move|p2a: Glaceon|Freeze-Dry|p1a: Dudunsparce\n|-damage|p1a: Dudunsparce|98/343 tox\n|move|p1a: Dudunsparce|Roost|p1a: Dudunsparce\n|-heal|p1a: Dudunsparce|270/343 tox\n|-singleturn|p1a: Dudunsparce|move: Roost\n|\n|-heal|p1a: Dudunsparce|291/343 tox|[from] item: Leftovers\n|-damage|p1a: Dudunsparce|228/343 tox|[from] psn\n|upkeep\n|turn|23\n|inactive|Time left: 300 sec this turn | 300 sec total\n|\n|t:|1783556011\n|move|p2a: Glaceon|Freeze-Dry|p1a: Dudunsparce\n|-damage|p1a: Dudunsparce|96/343 tox\n|move|p1a: Dudunsparce|Roost|p1a: Dudunsparce\n|-heal|p1a: Dudunsparce|268/343 tox\n|-singleturn|p1a: Dudunsparce|move: Roost\n|\n|-heal|p1a: Dudunsparce|289/343 tox|[from] item: Leftovers\n|-damage|p1a: Dudunsparce|205/343 tox|[from] psn\n|upkeep\n|turn|24\n|inactive|Time left: 300 sec this turn | 300 sec total\n|\n|t:|1783556012\n|move|p2a: Glaceon|Freeze-Dry|p1a: Dudunsparce\n|-damage|p1a: Dudunsparce|72/343 tox\n|move|p1a: Dudunsparce|Roost|p1a: Dudunsparce\n|-heal|p1a: Dudunsparce|244/343 tox\n|-singleturn|p1a: Dudunsparce|move: Roost\n|\n|-heal|p1a: Dudunsparce|265/343 tox|[from] item: Leftovers\n|-damage|p1a: Dudunsparce|160/343 tox|[from] psn\n|upkeep\n|turn|25\n|inactive|Time left: 300 sec this turn | 300 sec total\n|\n|t:|1783556014\n|move|p2a: Glaceon|Freeze-Dry|p1a: Dudunsparce\n|-damage|p1a: Dudunsparce|24/343 tox\n|move|p1a: Dudunsparce|Toxic|p2a: Glaceon\n|-status|p2a: Glaceon|tox\n|\n|-heal|p1a: Dudunsparce|45/343 tox|[from] item: Leftovers\n|-damage|p2a: Glaceon|94/100 tox|[from] psn\n|-damage|p1a: Dudunsparce|0 fnt|[from] psn\n|faint|p1a: Dudunsparce\n|upkeep\n|inactive|Time left: 300 sec this turn | 300 sec total | 5 sec grace\n|\n|t:|1783556015\n|switch|p1a: Iron Leaves|Iron Leaves, L80|275/275\n|-status|p1a: Iron Leaves|tox\n|turn|26\n|inactive|Time left: 300 sec this turn | 300 sec total\n|\n|t:|1783556016\n|move|p1a: Iron Leaves|Leaf Blade|p2a: Glaceon\n|-crit|p2a: Glaceon\n|-damage|p2a: Glaceon|30/100 tox\n|move|p2a: Glaceon|Freeze-Dry|p1a: Iron Leaves\n|-supereffective|p1a: Iron Leaves\n|-damage|p1a: Iron Leaves|47/275 tox\n|\n|-damage|p1a: Iron Leaves|30/275 tox|[from] psn\n|-damage|p2a: Glaceon|17/100 tox|[from] psn\n|upkeep\n|turn|27\n|inactive|Time left: 300 sec this turn | 300 sec total\n|\n|t:|1783556017\n|move|p1a: Iron Leaves|Leaf Blade|p2a: Glaceon\n|-damage|p2a: Glaceon|0 fnt\n|faint|p2a: Glaceon\n|\n|-damage|p1a: Iron Leaves|0 fnt|[from] psn\n|faint|p1a: Iron Leaves\n|-end|p1a: Iron Leaves|Quark Drive|[silent]\n|upkeep\n|inactive|Time left: 300 sec this turn | 300 sec total | 5 sec grace\n|\n|t:|1783556018\n|switch|p1a: Barraskewda|Barraskewda, L81, M|231/231\n|switch|p2a: Uxie|Uxie, L83|100/100\n|-status|p1a: Barraskewda|tox\n|turn|28\n|inactive|Time left: 300 sec this turn | 300 sec total\n|\n|t:|1783556019\n|move|p1a: Barraskewda|Waterfall|p2a: Uxie\n|-damage|p2a: Uxie|61/100\n|move|p2a: Uxie|Psychic Noise|p1a: Barraskewda\n|-damage|p1a: Barraskewda|129/231 tox\n|-start|p1a: Barraskewda|move: Heal Block\n|\n|-heal|p2a: Uxie|67/100|[from] item: Leftovers\n|-damage|p1a: Barraskewda|115/231 tox|[from] psn\n|upkeep\n|turn|29\n|inactive|Time left: 300 sec this turn | 300 sec total\n|\n|t:|1783556020\n|move|p1a: Barraskewda|Waterfall|p2a: Uxie\n|-damage|p2a: Uxie|27/100\n|move|p2a: Uxie|Knock Off|p1a: Barraskewda\n|-damage|p1a: Barraskewda|36/231 tox\n|-enditem|p1a: Barraskewda|Choice Band|[from] move: Knock Off|[of] p2a: Uxie\n|\n|-heal|p2a: Uxie|33/100|[from] item: Leftovers\n|-damage|p1a: Barraskewda|8/231 tox|[from] psn\n|-end|p1a: Barraskewda|move: Heal Block\n|upkeep\n|turn|30\n|inactive|Time left: 300 sec this turn | 300 sec total\n|\n|t:|1783556022\n|move|p1a: Barraskewda|Waterfall|p2a: Uxie\n|-damage|p2a: Uxie|6/100\n|move|p2a: Uxie|Psychic Noise|p1a: Barraskewda\n|-damage|p1a: Barraskewda|0 fnt\n|faint|p1a: Barraskewda\n|\n|-heal|p2a: Uxie|12/100|[from] item: Leftovers\n|upkeep\n|inactive|Time left: 300 sec this turn | 300 sec total | 5 sec grace\n|\n|t:|1783556023\n|switch|p1a: Vespiquen|Vespiquen, L99, F|123/299\n|-ability|p1a: Vespiquen|Pressure\n|turn|31\n|inactive|Time left: 300 sec this turn | 300 sec total\n|\n|t:|1783556024\n|move|p2a: Uxie|Psychic Noise|p1a: Vespiquen\n|-damage|p1a: Vespiquen|72/299\n|-start|p1a: Vespiquen|move: Heal Block\n|move|p1a: Vespiquen|Toxic|p2a: Uxie\n|-status|p2a: Uxie|tox\n|\n|-heal|p2a: Uxie|19/100 tox|[from] item: Leftovers\n|-damage|p2a: Uxie|12/100 tox|[from] psn\n|upkeep\n|turn|32\n|inactive|Time left: 300 sec this turn | 300 sec total\n|\n|t:|1783556025\n|move|p2a: Uxie|Knock Off|p1a: Vespiquen\n|-damage|p1a: Vespiquen|28/299\n|-enditem|p1a: Vespiquen|Heavy-Duty Boots|[from] move: Knock Off|[of] p2a: Uxie\n|move|p1a: Vespiquen|Hurricane|p2a: Uxie\n|-damage|p2a: Uxie|0 fnt\n|faint|p2a: Uxie\n|\n|-end|p1a: Vespiquen|move: Heal Block\n|upkeep\n|\n|t:|1783556026\n|switch|p2a: Pachirisu|Pachirisu, L96, F|100/100\n|turn|33\n|inactive|Time left: 300 sec this turn | 300 sec total\n|\n|t:|1783556027\n|move|p2a: Pachirisu|Discharge|p1a: Vespiquen\n|-supereffective|p1a: Vespiquen\n|-damage|p1a: Vespiquen|0 fnt\n|faint|p1a: Vespiquen\n|\n|upkeep\n|inactive|Time left: 300 sec this turn | 300 sec total | 5 sec grace\n|\n|t:|1783556028\n|switch|p1a: Comfey|Comfey, L85, F|225/225\n|-status|p1a: Comfey|tox\n|turn|34\n|inactive|Time left: 300 sec this turn | 300 sec total\n|\n|t:|1783556029\n|move|p2a: Pachirisu|Super Fang|p1a: Comfey\n|-damage|p1a: Comfey|113/225 tox\n|move|p1a: Comfey|Calm Mind|p1a: Comfey\n|-boost|p1a: Comfey|spa|1\n|-boost|p1a: Comfey|spd|1\n|\n|-heal|p1a: Comfey|127/225 tox|[from] item: Leftovers\n|-damage|p1a: Comfey|113/225 tox|[from] psn\n|upkeep\n|turn|35\n|inactive|Time left: 300 sec this turn | 300 sec total\n|\n|t:|1783556029\n|switch|p2a: Vileplume|Vileplume, L85, M|100/100\n|-damage|p2a: Vileplume|88/100|[from] Spikes\n|move|p1a: Comfey|Calm Mind|p1a: Comfey\n|-boost|p1a: Comfey|spa|1\n|-boost|p1a: Comfey|spd|1\n|\n|-heal|p1a: Comfey|127/225 tox|[from] item: Leftovers\n|-heal|p2a: Vileplume|94/100|[from] item: Leftovers\n|-damage|p1a: Comfey|99/225 tox|[from] psn\n|upkeep\n|turn|36\n|inactive|Time left: 300 sec this turn | 300 sec total\n|\n|t:|1783556030\n|-terastallize|p2a: Vileplume|Steel\n|move|p1a: Comfey|Stored Power|p2a: Vileplume\n|-resisted|p2a: Vileplume\n|-damage|p2a: Vileplume|72/100\n|move|p2a: Vileplume|Sludge Bomb|p1a: Comfey\n|-supereffective|p1a: Comfey\n|-damage|p1a: Comfey|9/225 tox\n|\n|-heal|p1a: Comfey|23/225 tox|[from] item: Leftovers\n|-heal|p2a: Vileplume|78/100|[from] item: Leftovers\n|-damage|p1a: Comfey|0 fnt|[from] psn\n|faint|p1a: Comfey\n|\n|win|p0y1375bf5d", "uploadtime": 1783556030, "views": 0, "rating": 0, "private": 0, "password": null, "_winner": "p0y1375bf5d", "_our_name": "p0x1375d6b2"}