{"id": "battle-gen9randombattle-246", "formatid": "gen9randombattle", "format": "[Gen 9] Random Battle", "players": ["p0x246b016", "p0y246eb02"], "log": "|init|battle\n|title|p0x246b016 vs. p0y246eb02\n|j|\u2606p0x246b016\n|j|\u2606p0y246eb02\n|t:|1783541950\n|gametype|singles\n|player|p1|p0x246b016|265|\n|player|p2|p0y246eb02|170|\n|gen|9\n|tier|[Gen 9] Random Battle\n|rule|Species Clause: Limit one of each Pok\u00e9mon\n|rule|HP Percentage Mod: HP is shown in percentages\n|rule|Sleep Clause Mod: Limit one foe put to sleep\n|rule|Illusion Level Mod: Illusion disguises the Pok\u00e9mon's true level\n|\n|t:|1783541950\n|teamsize|p1|6\n|teamsize|p2|6\n|start\n|switch|p1a: Grimmsnarl|Grimmsnarl, L83, M|100/100\n|switch|p2a: Pikachu|Pikachu-Sinnoh, L93, F|216/216\n|turn|1\n|inactive|Battle timer is ON: inactive players will automatically lose when time's up. (requested by p0x246b016)\n|inactive|Time left: 300 sec this turn | 300 sec total | 60 sec grace\n|inactive|p0y246eb02 also wants the timer to be on.\n|\n|t:|1783541952\n|move|p2a: Pikachu|Fake Out|p1a: Grimmsnarl\n|-damage|p1a: Grimmsnarl|81/100\n|cant|p1a: Grimmsnarl|flinch\n|\n|-heal|p1a: Grimmsnarl|87/100|[from] item: Leftovers\n|upkeep\n|turn|2\n|inactive|Time left: 300 sec this turn | 300 sec total\n|\n|t:|1783541953\n|move|p2a: Pikachu|Volt Tackle|p1a: Grimmsnarl\n|-damage|p1a: Grimmsnarl|0 fnt\n|faint|p1a: Grimmsnarl\n|-damage|p2a: Pikachu|132/216|[from] Recoil\n|\n|upkeep\n|\n|t:|1783541954\n|switch|p1a: Koraidon|Koraidon, L64|100/100\n|-weather|SunnyDay|[from] ability: Orichalcum Pulse|[of] p1a: Koraidon\n|-activate|p1a: Koraidon|Orichalcum Pulse|[source]\n|turn|3\n|inactive|Time left: 300 sec this turn | 300 sec total\n|\n|t:|1783541955\n|move|p2a: Pikachu|Volt Switch|p1a: Koraidon\n|-resisted|p1a: Koraidon\n|-damage|p1a: Koraidon|70/100\n|inactive|Time left: 300 sec this turn | 300 sec total | 5 sec grace\n|\n|t:|1783541956\n|switch|p2a: Kommo-o|Kommo-o, L77, F|242/242|[from] Volt Switch\n|move|p1a: Koraidon|Outrage|p2a: Kommo-o\n|-supereffective|p2a: Kommo-o\n|-damage|p2a: Kommo-o|0 fnt\n|faint|p2a: Kommo-o\n|\n|-weather|SunnyDay|[upkeep]\n|upkeep\n|inactive|Time left: 300 sec this turn | 300 sec total | 10 sec grace\n|\n|t:|1783541957\n|switch|p2a: Iron Crown|Iron Crown, L78|268/268\n|turn|4\n|inactive|Time left: 300 sec this turn | 300 sec total\n|\n|t:|1783541958\n|move|p1a: Koraidon|Outrage|p2a: Iron Crown|[from] lockedmove\n|-resisted|p2a: Iron Crown\n|-damage|p2a: Iron Crown|180/268\n|-start|p1a: Koraidon|confusion|[fatigue]\n|move|p2a: Iron Crown|Tachyon Cutter|p1a: Koraidon\n|-damage|p1a: Koraidon|26/100\n|-damage|p1a: Koraidon|0 fnt\n|faint|p1a: Koraidon\n|-hitcount|p1: Koraidon|2\n|\n|-weather|SunnyDay|[upkeep]\n|upkeep\n|\n|t:|1783541959\n|switch|p1a: Oricorio|Oricorio, L84, F|100/100\n|turn|5\n|inactive|Time left: 300 sec this turn | 300 sec total\n|\n|t:|1783541960\n|-end|p2a: Iron Crown|Quark Drive|[silent]\n|switch|p2a: Tsareena|Tsareena, L87, F|267/267\n|move|p1a: Oricorio|Quiver Dance|p1a: Oricorio\n|-boost|p1a: Oricorio|spa|1\n|-boost|p1a: Oricorio|spd|1\n|-boost|p1a: Oricorio|spe|1\n|\n|-weather|SunnyDay|[upkeep]\n|upkeep\n|turn|6\n|inactive|Time left: 300 sec this turn | 300 sec total\n|\n|t:|1783541961\n|-terastallize|p2a: Tsareena|Fighting\n|move|p1a: Oricorio|Revelation Dance|p2a: Tsareena\n|-damage|p2a: Tsareena|141/267\n|move|p2a: Tsareena|Triple Axel|p1a: Oricorio\n|-damage|p1a: Oricorio|93/100\n|-hitcount|p1a: Oricorio|1\n|\n|-weather|SunnyDay|[upkeep]\n|upkeep\n|turn|7\n|inactive|Time left: 300 sec this turn | 300 sec total\n|\n|t:|1783541963\n|move|p1a: Oricorio|Revelation Dance|p2a: Tsareena\n|-damage|p2a: Tsareena|11/267\n|move|p2a: Tsareena|Triple Axel|p1a: Oricorio\n|-damage|p1a: Oricorio|84/100\n|-damage|p1a: Oricorio|69/100\n|-damage|p1a: Oricorio|44/100\n|-hitcount|p1a: Oricorio|3\n|\n|-weather|none\n|upkeep\n|turn|8\n|inactive|Time left: 300 sec this turn | 300 sec total\n|\n|t:|1783541964\n|move|p1a: Oricorio|Revelation Dance|p2a: Tsareena\n|-damage|p2a: Tsareena|0 fnt\n|faint|p2a: Tsareena\n|\n|upkeep\n|inactive|Time left: 300 sec this turn | 300 sec total | 5 sec grace\n|\n|t:|1783541964\n|switch|p2a: Pikachu|Pikachu-Sinnoh, L93, F|132/216\n|turn|9\n|inactive|Time left: 300 sec this turn | 300 sec total\n|\n|t:|1783541965\n|move|p2a: Pikachu|Fake Out|p1a: Oricorio\n|-damage|p1a: Oricorio|23/100\n|cant|p1a: Oricorio|flinch\n|\n|upkeep\n|turn|10\n|inactive|Time left: 300 sec this turn | 300 sec total\n|\n|t:|1783541966\n|switch|p2a: Ludicolo|Ludicolo, L90, F|290/290\n|move|p1a: Oricorio|Revelation Dance|p2a: Ludicolo\n|-damage|p2a: Ludicolo|169/290\n|\n|upkeep\n|turn|11\n|inactive|Time left: 300 sec this turn | 300 sec total\n|\n|t:|1783541967\n|move|p1a: Oricorio|Hurricane|p2a: Ludicolo\n|-supereffective|p2a: Ludicolo\n|-damage|p2a: Ludicolo|0 fnt\n|faint|p2a: Ludicolo\n|\n|upkeep\n|inactive|Time left: 300 sec this turn | 300 sec total | 5 sec grace\n|\n|t:|1783541968\n|switch|p2a: Pikachu|Pikachu-Sinnoh, L93, F|132/216\n|turn|12\n|inactive|Time left: 300 sec this turn | 300 sec total\n|\n|t:|1783541969\n|move|p2a: Pikachu|Fake Out|p1a: Oricorio\n|-damage|p1a: Oricorio|2/100\n|cant|p1a: Oricorio|flinch\n|\n|upkeep\n|turn|13\n|inactive|Time left: 300 sec this turn | 300 sec total\n|\n|t:|1783541970\n|switch|p2a: Iron Crown|Iron Crown, L78|180/268\n|move|p1a: Oricorio|Revelation Dance|p2a: Iron Crown\n|-supereffective|p2a: Iron Crown\n|-damage|p2a: Iron Crown|0 fnt\n|faint|p2a: Iron Crown\n|-end|p2a: Iron Crown|Quark Drive|[silent]\n|\n|upkeep\n|inactive|Time left: 300 sec this turn | 300 sec total | 5 sec grace\n|\n|t:|1783541971\n|switch|p2a: Pikachu|Pikachu-Sinnoh, L93, F|132/216\n|turn|14\n|inactive|Time left: 300 sec this turn | 300 sec total\n|\n|t:|1783541972\n|move|p2a: Pikachu|Fake Out|p1a: Oricorio\n|-damage|p1a: Oricorio|0 fnt\n|faint|p1a: Oricorio\n|\n|upkeep\n|\n|t:|1783541973\n|switch|p1a: Persian|Persian, L92, M|100/100\n|turn|15\n|inactive|Time left: 300 sec this turn | 300 sec total\n|\n|t:|1783541974\n|switch|p2a: Cobalion|Cobalion, L80|277/277\n|move|p1a: Persian|Double-Edge|p2a: Cobalion\n|-resisted|p2a: Cobalion\n|-damage|p2a: Cobalion|223/277\n|-damage|p1a: Persian|94/100|[from] Recoil\n|\n|-heal|p2a: Cobalion|240/277|[from] item: Leftovers\n|upkeep\n|turn|16\n|inactive|Time left: 300 sec this turn | 300 sec total\n|\n|t:|1783541975\n|move|p1a: Persian|U-turn|p2a: Cobalion\n|-resisted|p2a: Cobalion\n|-damage|p2a: Cobalion|232/277\n|\n|t:|1783541976\n|switch|p1a: Okidogi|Okidogi, L77, M|100/100|[from] U-turn\n|move|p2a: Cobalion|Iron Defense|p2a: Cobalion\n|-boost|p2a: Cobalion|def|2\n|\n|-heal|p2a: Cobalion|249/277|[from] item: Leftovers\n|upkeep\n|turn|17\n|inactive|Time left: 300 sec this turn | 300 sec total\n|\n|t:|1783541977\n|move|p2a: Cobalion|Body Press|p1a: Okidogi\n|-resisted|p1a: Okidogi\n|-damage|p1a: Okidogi|66/100\n|move|p1a: Okidogi|Bulk Up|p1a: Okidogi\n|-boost|p1a: Okidogi|atk|1\n|-boost|p1a: Okidogi|def|1\n|\n|-heal|p2a: Cobalion|266/277|[from] item: Leftovers\n|-heal|p1a: Okidogi|72/100|[from] item: Leftovers\n|upkeep\n|turn|18\n|inactive|Time left: 300 sec this turn | 300 sec total\n|\n|t:|1783541978\n|move|p2a: Cobalion|Iron Defense|p2a: Cobalion\n|-boost|p2a: Cobalion|def|2\n|move|p1a: Okidogi|Drain Punch|p2a: Cobalion\n|-supereffective|p2a: Cobalion\n|-damage|p2a: Cobalion|204/277\n|-heal|p1a: Okidogi|84/100|[from] drain|[of] p2a: Cobalion\n|\n|-heal|p2a: Cobalion|221/277|[from] item: Leftovers\n|-heal|p1a: Okidogi|90/100|[from] item: Leftovers\n|upkeep\n|turn|19\n|inactive|Time left: 300 sec this turn | 300 sec total\n|\n|t:|1783541979\n|move|p2a: Cobalion|Body Press|p1a: Okidogi\n|-resisted|p1a: Okidogi\n|-damage|p1a: Okidogi|57/100\n|move|p1a: Okidogi|Bulk Up|p1a: Okidogi\n|-boost|p1a: Okidogi|atk|1\n|-boost|p1a: Okidogi|def|1\n|\n|-heal|p2a: Cobalion|238/277|[from] item: Leftovers\n|-heal|p1a: Okidogi|63/100|[from] item: Leftovers\n|upkeep\n|turn|20\n|inactive|Time left: 300 sec this turn | 300 sec total\n|\n|t:|1783541980\n|move|p2a: Cobalion|Thunder Wave|p1a: Okidogi\n|-status|p1a: Okidogi|par\n|move|p1a: Okidogi|Drain Punch|p2a: Cobalion\n|-supereffective|p2a: Cobalion\n|-damage|p2a: Cobalion|146/277\n|-heal|p1a: Okidogi|81/100 par|[from] drain|[of] p2a: Cobalion\n|\n|-heal|p2a: Cobalion|163/277|[from] item: Leftovers\n|-heal|p1a: Okidogi|87/100 par|[from] item: Leftovers\n|upkeep\n|turn|21\n|inactive|Time left: 300 sec this turn | 300 sec total\n|\n|t:|1783541981\n|move|p2a: Cobalion|Body Press|p1a: Okidogi\n|-resisted|p1a: Okidogi\n|-damage|p1a: Okidogi|62/100 par\n|move|p1a: Okidogi|Drain Punch|p2a: Cobalion\n|-supereffective|p2a: Cobalion\n|-damage|p2a: Cobalion|79/277\n|-heal|p1a: Okidogi|78/100 par|[from] drain|[of] p2a: Cobalion\n|\n|-heal|p2a: Cobalion|96/277|[from] item: Leftovers\n|-heal|p1a: Okidogi|84/100 par|[from] item: Leftovers\n|upkeep\n|turn|22\n|inactive|Time left: 300 sec this turn | 300 sec total\n|\n|t:|1783541982\n|move|p2a: Cobalion|Iron Head|p1a: Okidogi\n|-damage|p1a: Okidogi|71/100 par\n|move|p1a: Okidogi|Drain Punch|p2a: Cobalion\n|-supereffective|p2a: Cobalion\n|-damage|p2a: Cobalion|0 fnt\n|-heal|p1a: Okidogi|89/100 par|[from] drain|[of] p2a: Cobalion\n|faint|p2a: Cobalion\n|\n|-heal|p1a: Okidogi|96/100 par|[from] item: Leftovers\n|upkeep\n|inactive|Time left: 300 sec this turn | 300 sec total | 5 sec grace\n|\n|t:|1783541983\n|switch|p2a: Pikachu|Pikachu-Sinnoh, L93, F|132/216\n|turn|23\n|inactive|Time left: 300 sec this turn | 300 sec total\n|\n|t:|1783541984\n|switch|p1a: Persian|Persian, L92, M|94/100\n|move|p2a: Pikachu|Fake Out|p1a: Persian\n|-damage|p1a: Persian|74/100\n|\n|upkeep\n|turn|24\n|inactive|Time left: 300 sec this turn | 300 sec total\n|\n|t:|1783541985\n|-terastallize|p1a: Persian|Normal\n|move|p1a: Persian|Double-Edge|p2a: Pikachu\n|-damage|p2a: Pikachu|0 fnt\n|faint|p2a: Pikachu\n|-damage|p1a: Persian|58/100|[from] Recoil\n|\n|win|p0x246b016", "uploadtime": 1783541985, "views": 0, "rating": 0, "private": 0, "password": null, "_winner": "p0x246b016", "_our_name": "p0y246eb02"}