{"id": "battle-gen9randombattle-719", "formatid": "gen9randombattle", "format": "[Gen 9] Random Battle", "players": ["p0x7192010", "p0y7191973"], "log": "|init|battle\n|title|p0x7192010 vs. p0y7191973\n|j|\u2606p0x7192010\n|j|\u2606p0y7191973\n|t:|1783548165\n|gametype|singles\n|player|p1|p0x7192010|2|\n|player|p2|p0y7191973|2|\n|gen|9\n|tier|[Gen 9] Random Battle\n|rule|Species Clause: Limit one of each Pok\u00e9mon\n|rule|HP Percentage Mod: HP is shown in percentages\n|rule|Sleep Clause Mod: Limit one foe put to sleep\n|rule|Illusion Level Mod: Illusion disguises the Pok\u00e9mon's true level\n|\n|t:|1783548165\n|teamsize|p1|6\n|teamsize|p2|6\n|start\n|switch|p1a: Stonjourner|Stonjourner, L91, M|330/330\n|switch|p2a: Charizard|Charizard, L85, M|100/100\n|turn|1\n|inactive|Battle timer is ON: inactive players will automatically lose when time's up. (requested by p0x7192010)\n|inactive|p0y7191973 also wants the timer to be on.\n|\n|t:|1783548167\n|move|p2a: Charizard|Focus Blast|p1a: Stonjourner|[miss]\n|-miss|p2a: Charizard|p1a: Stonjourner\n|move|p1a: Stonjourner|Stone Edge|p2a: Charizard\n|-supereffective|p2a: Charizard\n|-damage|p2a: Charizard|0 fnt\n|faint|p2a: Charizard\n|-damage|p1a: Stonjourner|297/330|[from] item: Life Orb\n|\n|upkeep\n|\n|t:|1783548168\n|switch|p2a: Palossand|Palossand, L89, F|100/100\n|turn|2\n|inactive|Time left: 300 sec this turn | 300 sec total\n|\n|t:|1783548170\n|switch|p1a: Tsareena|Tsareena, L87, F|267/267\n|move|p2a: Palossand|Earth Power|p1a: Tsareena\n|-resisted|p1a: Tsareena\n|-damage|p1a: Tsareena|236/267\n|-unboost|p1a: Tsareena|spd|1\n|\n|upkeep\n|turn|3\n|inactive|Time left: 300 sec this turn | 300 sec total\n|\n|t:|1783548171\n|move|p1a: Tsareena|Power Whip|p2a: Palossand\n|-supereffective|p2a: Palossand\n|-damage|p2a: Palossand|9/100\n|move|p2a: Palossand|Sludge Bomb|p1a: Tsareena\n|-supereffective|p1a: Tsareena\n|-damage|p1a: Tsareena|100/267\n|\n|-heal|p2a: Palossand|15/100|[from] item: Leftovers\n|upkeep\n|turn|4\n|inactive|Time left: 300 sec this turn | 300 sec total\n|\n|t:|1783548173\n|move|p1a: Tsareena|Knock Off|p2a: Palossand\n|-supereffective|p2a: Palossand\n|-damage|p2a: Palossand|0 fnt\n|-enditem|p2a: Palossand|Leftovers|[from] move: Knock Off|[of] p1a: Tsareena\n|faint|p2a: Palossand\n|\n|upkeep\n|\n|t:|1783548173\n|switch|p2a: Reshiram|Reshiram, L76|100/100\n|-ability|p2a: Reshiram|Turboblaze\n|turn|5\n|inactive|Time left: 300 sec this turn | 300 sec total\n|\n|t:|1783548174\n|switch|p1a: Avalugg|Avalugg-Hisui, L90, M|317/317\n|move|p2a: Reshiram|Outrage|p1a: Avalugg\n|-damage|p1a: Avalugg|253/317\n|\n|upkeep\n|turn|6\n|inactive|Time left: 300 sec this turn | 300 sec total\n|\n|t:|1783548175\n|move|p2a: Reshiram|Outrage|p1a: Avalugg|[from] lockedmove\n|-damage|p1a: Avalugg|192/317\n|move|p1a: Avalugg|Stone Edge|p2a: Reshiram\n|-supereffective|p2a: Reshiram\n|-damage|p2a: Reshiram|0 fnt\n|faint|p2a: Reshiram\n|\n|upkeep\n|\n|t:|1783548176\n|switch|p2a: Vigoroth|Vigoroth, L85, M|100/100\n|turn|7\n|inactive|Time left: 300 sec this turn | 300 sec total\n|\n|t:|1783548177\n|move|p2a: Vigoroth|Bulk Up|p2a: Vigoroth\n|-boost|p2a: Vigoroth|atk|1\n|-boost|p2a: Vigoroth|def|1\n|move|p1a: Avalugg|Recover|p1a: Avalugg\n|-heal|p1a: Avalugg|317/317\n|\n|upkeep\n|turn|8\n|inactive|Time left: 300 sec this turn | 300 sec total\n|\n|t:|1783548178\n|move|p2a: Vigoroth|Bulk Up|p2a: Vigoroth\n|-boost|p2a: Vigoroth|atk|1\n|-boost|p2a: Vigoroth|def|1\n|move|p1a: Avalugg|Body Press|p2a: Vigoroth\n|-supereffective|p2a: Vigoroth\n|-damage|p2a: Vigoroth|74/100\n|\n|upkeep\n|turn|9\n|inactive|Time left: 300 sec this turn | 300 sec total\n|\n|t:|1783548179\n|move|p2a: Vigoroth|Bulk Up|p2a: Vigoroth\n|-boost|p2a: Vigoroth|atk|1\n|-boost|p2a: Vigoroth|def|1\n|move|p1a: Avalugg|Body Press|p2a: Vigoroth\n|-supereffective|p2a: Vigoroth\n|-damage|p2a: Vigoroth|53/100\n|\n|upkeep\n|turn|10\n|inactive|Time left: 300 sec this turn | 300 sec total\n|\n|t:|1783548180\n|move|p2a: Vigoroth|Slack Off|p2a: Vigoroth\n|-heal|p2a: Vigoroth|100/100\n|move|p1a: Avalugg|Body Press|p2a: Vigoroth\n|-supereffective|p2a: Vigoroth\n|-damage|p2a: Vigoroth|79/100\n|\n|upkeep\n|turn|11\n|inactive|Time left: 300 sec this turn | 300 sec total\n|\n|t:|1783548181\n|move|p2a: Vigoroth|Earthquake|p1a: Avalugg\n|-supereffective|p1a: Avalugg\n|-damage|p1a: Avalugg|169/317\n|move|p1a: Avalugg|Stone Edge|p2a: Vigoroth\n|-damage|p2a: Vigoroth|64/100\n|\n|upkeep\n|turn|12\n|inactive|Time left: 300 sec this turn | 300 sec total\n|\n|t:|1783548182\n|move|p2a: Vigoroth|Earthquake|p1a: Avalugg\n|-supereffective|p1a: Avalugg\n|-damage|p1a: Avalugg|21/317\n|move|p1a: Avalugg|Recover|p1a: Avalugg\n|-heal|p1a: Avalugg|180/317\n|\n|upkeep\n|turn|13\n|inactive|Time left: 300 sec this turn | 300 sec total\n|\n|t:|1783548183\n|move|p2a: Vigoroth|Earthquake|p1a: Avalugg\n|-supereffective|p1a: Avalugg\n|-damage|p1a: Avalugg|24/317\n|move|p1a: Avalugg|Recover|p1a: Avalugg\n|-heal|p1a: Avalugg|183/317\n|\n|upkeep\n|turn|14\n|inactive|Time left: 300 sec this turn | 300 sec total\n|\n|t:|1783548184\n|move|p2a: Vigoroth|Earthquake|p1a: Avalugg\n|-supereffective|p1a: Avalugg\n|-crit|p1a: Avalugg\n|-damage|p1a: Avalugg|0 fnt\n|faint|p1a: Avalugg\n|\n|upkeep\n|inactive|Time left: 300 sec this turn | 300 sec total | 5 sec grace\n|\n|t:|1783548185\n|switch|p1a: Ninetales|Ninetales, L85, F|263/263\n|-weather|SunnyDay|[from] ability: Drought|[of] p1a: Ninetales\n|turn|15\n|inactive|Time left: 300 sec this turn | 300 sec total\n|\n|t:|1783548186\n|-terastallize|p1a: Ninetales|Fire\n|move|p1a: Ninetales|Fire Blast|p2a: Vigoroth\n|-damage|p2a: Vigoroth|0 fnt\n|faint|p2a: Vigoroth\n|\n|-weather|SunnyDay|[upkeep]\n|upkeep\n|\n|t:|1783548187\n|switch|p2a: Oricorio|Oricorio-Pa'u, L87, F|100/100\n|turn|16\n|inactive|Time left: 300 sec this turn | 300 sec total\n|\n|t:|1783548189\n|move|p1a: Ninetales|Fire Blast|p2a: Oricorio\n|-damage|p2a: Oricorio|8/100\n|move|p2a: Oricorio|Quiver Dance|p2a: Oricorio\n|-boost|p2a: Oricorio|spa|1\n|-boost|p2a: Oricorio|spd|1\n|-boost|p2a: Oricorio|spe|1\n|\n|-weather|SunnyDay|[upkeep]\n|upkeep\n|turn|17\n|inactive|Time left: 300 sec this turn | 300 sec total\n|\n|t:|1783548190\n|-terastallize|p2a: Oricorio|Ground\n|move|p2a: Oricorio|Revelation Dance|p1a: Ninetales\n|-supereffective|p1a: Ninetales\n|-damage|p1a: Ninetales|0 fnt\n|faint|p1a: Ninetales\n|\n|-weather|SunnyDay|[upkeep]\n|upkeep\n|inactive|Time left: 300 sec this turn | 300 sec total | 5 sec grace\n|\n|t:|1783548191\n|switch|p1a: Tsareena|Tsareena, L87, F|100/267\n|turn|18\n|inactive|Time left: 300 sec this turn | 300 sec total\n|\n|t:|1783548191\n|move|p2a: Oricorio|Hurricane|p1a: Tsareena\n|-supereffective|p1a: Tsareena\n|-damage|p1a: Tsareena|0 fnt\n|faint|p1a: Tsareena\n|\n|-weather|SunnyDay|[upkeep]\n|upkeep\n|inactive|Time left: 300 sec this turn | 300 sec total | 5 sec grace\n|\n|t:|1783548192\n|switch|p1a: Azelf|Azelf, L82|257/257\n|turn|19\n|inactive|Time left: 300 sec this turn | 300 sec total\n|\n|t:|1783548193\n|move|p2a: Oricorio|Roost|p2a: Oricorio\n|-heal|p2a: Oricorio|58/100\n|move|p1a: Azelf|Psychic|p2a: Oricorio\n|-damage|p2a: Oricorio|14/100\n|-damage|p1a: Azelf|232/257|[from] item: Life Orb\n|\n|-weather|none\n|upkeep\n|turn|20\n|inactive|Time left: 300 sec this turn | 300 sec total\n|\n|t:|1783548194\n|move|p2a: Oricorio|Roost|p2a: Oricorio\n|-heal|p2a: Oricorio|64/100\n|move|p1a: Azelf|Knock Off|p2a: Oricorio\n|-damage|p2a: Oricorio|18/100\n|-enditem|p2a: Oricorio|Heavy-Duty Boots|[from] move: Knock Off|[of] p1a: Azelf\n|-damage|p1a: Azelf|207/257|[from] item: Life Orb\n|\n|upkeep\n|turn|21\n|inactive|Time left: 300 sec this turn | 300 sec total\n|\n|t:|1783548195\n|move|p2a: Oricorio|Hurricane|p1a: Azelf\n|-damage|p1a: Azelf|0 fnt\n|faint|p1a: Azelf\n|\n|upkeep\n|inactive|Time left: 300 sec this turn | 300 sec total | 5 sec grace\n|\n|t:|1783548196\n|switch|p1a: Sceptile|Sceptile, L87, F|264/264\n|turn|22\n|inactive|Time left: 300 sec this turn | 300 sec total\n|\n|t:|1783548197\n|switch|p1a: Stonjourner|Stonjourner, L91, M|297/330\n|move|p2a: Oricorio|Hurricane|p1a: Stonjourner|[miss]\n|-miss|p2a: Oricorio|p1a: Stonjourner\n|\n|upkeep\n|turn|23\n|inactive|Time left: 300 sec this turn | 300 sec total\n|\n|t:|1783548198\n|switch|p1a: Sceptile|Sceptile, L87, F|264/264\n|move|p2a: Oricorio|Revelation Dance|p1a: Sceptile\n|-resisted|p1a: Sceptile\n|-damage|p1a: Sceptile|186/264\n|\n|-heal|p1a: Sceptile|202/264|[from] item: Leftovers\n|upkeep\n|turn|24\n|inactive|Time left: 300 sec this turn | 300 sec total\n|\n|t:|1783548199\n|switch|p1a: Stonjourner|Stonjourner, L91, M|297/330\n|move|p2a: Oricorio|Hurricane|p1a: Stonjourner|[miss]\n|-miss|p2a: Oricorio|p1a: Stonjourner\n|\n|upkeep\n|turn|25\n|inactive|Time left: 300 sec this turn | 300 sec total\n|\n|t:|1783548200\n|switch|p1a: Sceptile|Sceptile, L87, F|202/264\n|move|p2a: Oricorio|Revelation Dance|p1a: Sceptile\n|-resisted|p1a: Sceptile\n|-damage|p1a: Sceptile|133/264\n|\n|-heal|p1a: Sceptile|149/264|[from] item: Leftovers\n|upkeep\n|turn|26\n|inactive|Time left: 300 sec this turn | 300 sec total\n|\n|t:|1783548201\n|switch|p1a: Stonjourner|Stonjourner, L91, M|297/330\n|move|p2a: Oricorio|Hurricane|p1a: Stonjourner\n|-resisted|p1a: Stonjourner\n|-damage|p1a: Stonjourner|87/330\n|\n|upkeep\n|turn|27\n|inactive|Time left: 300 sec this turn | 300 sec total\n|\n|t:|1783548202\n|switch|p1a: Sceptile|Sceptile, L87, F|149/264\n|move|p2a: Oricorio|Revelation Dance|p1a: Sceptile\n|-resisted|p1a: Sceptile\n|-damage|p1a: Sceptile|75/264\n|\n|-heal|p1a: Sceptile|91/264|[from] item: Leftovers\n|upkeep\n|turn|28\n|inactive|Time left: 300 sec this turn | 300 sec total\n|\n|t:|1783548203\n|move|p2a: Oricorio|Hurricane|p1a: Sceptile\n|-supereffective|p1a: Sceptile\n|-damage|p1a: Sceptile|0 fnt\n|faint|p1a: Sceptile\n|\n|upkeep\n|inactive|Time left: 300 sec this turn | 300 sec total | 5 sec grace\n|\n|t:|1783548204\n|switch|p1a: Stonjourner|Stonjourner, L91, M|87/330\n|turn|29\n|inactive|Time left: 300 sec this turn | 300 sec total\n|\n|t:|1783548205\n|move|p2a: Oricorio|Revelation Dance|p1a: Stonjourner\n|-supereffective|p1a: Stonjourner\n|-damage|p1a: Stonjourner|0 fnt\n|faint|p1a: Stonjourner\n|\n|win|p0y7191973", "uploadtime": 1783548205, "views": 0, "rating": 0, "private": 0, "password": null, "_winner": "p0y7191973", "_our_name": "p0x7192010"}