{"id": "battle-gen9randombattle-299", "formatid": "gen9randombattle", "format": "[Gen 9] Random Battle", "players": ["p0x2997fcc", "p0y2993451"], "log": "|init|battle\n|title|p0x2997fcc vs. p0y2993451\n|j|\u2606p0x2997fcc\n|j|\u2606p0y2993451\n|t:|1783542540\n|gametype|singles\n|player|p1|p0x2997fcc|266|\n|player|p2|p0y2993451|265|\n|gen|9\n|tier|[Gen 9] Random Battle\n|rule|Species Clause: Limit one of each Pok\u00e9mon\n|rule|HP Percentage Mod: HP is shown in percentages\n|rule|Sleep Clause Mod: Limit one foe put to sleep\n|rule|Illusion Level Mod: Illusion disguises the Pok\u00e9mon's true level\n|\n|t:|1783542540\n|teamsize|p1|6\n|teamsize|p2|6\n|start\n|switch|p1a: Manaphy|Manaphy, L78|100/100\n|switch|p2a: Noctowl|Noctowl, L95, M|344/344\n|turn|1\n|inactive|Battle timer is ON: inactive players will automatically lose when time's up. (requested by p0y2993451)\n|inactive|p0x2997fcc also wants the timer to be on.\n|\n|t:|1783542542\n|move|p1a: Manaphy|Tail Glow|p1a: Manaphy\n|-boost|p1a: Manaphy|spa|3\n|move|p2a: Noctowl|Hyper Voice|p1a: Manaphy\n|-damage|p1a: Manaphy|65/100\n|\n|-heal|p1a: Manaphy|71/100|[from] item: Leftovers\n|upkeep\n|turn|2\n|inactive|Time left: 300 sec this turn | 300 sec total\n|\n|t:|1783542543\n|move|p1a: Manaphy|Ice Beam|p2a: Noctowl\n|-supereffective|p2a: Noctowl\n|-damage|p2a: Noctowl|100/344\n|move|p2a: Noctowl|Hurricane|p1a: Manaphy\n|-damage|p1a: Manaphy|26/100\n|\n|-heal|p1a: Manaphy|32/100|[from] item: Leftovers\n|upkeep\n|turn|3\n|inactive|Time left: 300 sec this turn | 300 sec total\n|\n|t:|1783542544\n|move|p1a: Manaphy|Hydro Pump|p2a: Noctowl|[miss]\n|-miss|p1a: Manaphy|p2a: Noctowl\n|move|p2a: Noctowl|Hyper Voice|p1a: Manaphy\n|-damage|p1a: Manaphy|0 fnt\n|faint|p1a: Manaphy\n|\n|upkeep\n|\n|t:|1783542545\n|switch|p1a: Noctowl|Noctowl, L95, F|100/100\n|turn|4\n|inactive|Time left: 300 sec this turn | 300 sec total\n|\n|t:|1783542547\n|move|p1a: Noctowl|Nasty Plot|p1a: Noctowl\n|-boost|p1a: Noctowl|spa|2\n|move|p2a: Noctowl|Roost|p2a: Noctowl\n|-heal|p2a: Noctowl|272/344\n|-singleturn|p2a: Noctowl|move: Roost\n|\n|upkeep\n|turn|5\n|inactive|Time left: 300 sec this turn | 300 sec total\n|\n|t:|1783542548\n|move|p1a: Noctowl|Hurricane|p2a: Noctowl\n|-damage|p2a: Noctowl|43/344\n|move|p2a: Noctowl|Calm Mind|p2a: Noctowl\n|-boost|p2a: Noctowl|spa|1\n|-boost|p2a: Noctowl|spd|1\n|\n|upkeep\n|turn|6\n|inactive|Time left: 300 sec this turn | 300 sec total\n|\n|t:|1783542549\n|move|p1a: Noctowl|Hyper Voice|p2a: Noctowl\n|-damage|p2a: Noctowl|0 fnt\n|faint|p2a: Noctowl\n|\n|upkeep\n|inactive|Time left: 300 sec this turn | 300 sec total | 5 sec grace\n|\n|t:|1783542550\n|switch|p2a: Regirock|Regirock, L83|268/268\n|turn|7\n|inactive|Time left: 300 sec this turn | 300 sec total\n|\n|t:|1783542551\n|move|p1a: Noctowl|Hyper Voice|p2a: Regirock\n|-resisted|p2a: Regirock\n|-damage|p2a: Regirock|70/268\n|move|p2a: Regirock|Stone Edge|p1a: Noctowl\n|-supereffective|p1a: Noctowl\n|-damage|p1a: Noctowl|15/100\n|\n|-heal|p2a: Regirock|86/268|[from] item: Leftovers\n|upkeep\n|turn|8\n|inactive|Time left: 300 sec this turn | 300 sec total\n|\n|t:|1783542553\n|move|p1a: Noctowl|Hyper Voice|p2a: Regirock\n|-resisted|p2a: Regirock\n|-damage|p2a: Regirock|0 fnt\n|faint|p2a: Regirock\n|\n|upkeep\n|inactive|Time left: 300 sec this turn | 300 sec total | 5 sec grace\n|\n|t:|1783542554\n|switch|p2a: Cramorant|Cramorant, L86, M|261/261\n|turn|9\n|inactive|Time left: 300 sec this turn | 300 sec total\n|\n|t:|1783542555\n|switch|p1a: Raikou|Raikou, L81|100/100\n|-ability|p1a: Raikou|Pressure\n|move|p2a: Cramorant|Surf|p1a: Raikou\n|-formechange|p2a: Cramorant|Cramorant-Gulping|\n|-damage|p1a: Raikou|68/100\n|\n|upkeep\n|turn|10\n|inactive|Time left: 300 sec this turn | 300 sec total\n|\n|t:|1783542556\n|switch|p2a: Zekrom|Zekrom, L71|259/259\n|-ability|p2a: Zekrom|Teravolt\n|move|p1a: Raikou|Volt Switch|p2a: Zekrom\n|-resisted|p2a: Zekrom\n|-damage|p2a: Zekrom|238/259\n|\n|t:|1783542557\n|switch|p1a: Bastiodon|Bastiodon, L89, F|100/100|[from] Volt Switch\n|\n|-heal|p2a: Zekrom|254/259|[from] item: Leftovers\n|upkeep\n|turn|11\n|inactive|Time left: 300 sec this turn | 300 sec total\n|\n|t:|1783542558\n|move|p2a: Zekrom|Bolt Strike|p1a: Bastiodon\n|-damage|p1a: Bastiodon|68/100\n|move|p1a: Bastiodon|Iron Defense|p1a: Bastiodon\n|-boost|p1a: Bastiodon|def|2\n|\n|-heal|p2a: Zekrom|259/259|[from] item: Leftovers\n|upkeep\n|turn|12\n|inactive|Time left: 300 sec this turn | 300 sec total\n|\n|t:|1783542559\n|move|p2a: Zekrom|Substitute|p2a: Zekrom\n|-start|p2a: Zekrom|Substitute\n|-damage|p2a: Zekrom|195/259\n|move|p1a: Bastiodon|Body Press|p2a: Zekrom\n|-end|p2a: Zekrom|Substitute\n|\n|-heal|p2a: Zekrom|211/259|[from] item: Leftovers\n|upkeep\n|turn|13\n|inactive|Time left: 300 sec this turn | 300 sec total\n|\n|t:|1783542560\n|switch|p2a: Cramorant|Cramorant, L86, M|261/261\n|move|p1a: Bastiodon|Body Press|p2a: Cramorant\n|-resisted|p2a: Cramorant\n|-damage|p2a: Cramorant|136/261\n|\n|upkeep\n|turn|14\n|inactive|Time left: 300 sec this turn | 300 sec total\n|\n|t:|1783542561\n|move|p2a: Cramorant|Surf|p1a: Bastiodon\n|-formechange|p2a: Cramorant|Cramorant-Gulping|\n|-supereffective|p1a: Bastiodon\n|-damage|p1a: Bastiodon|21/100\n|move|p1a: Bastiodon|Rest|p1a: Bastiodon\n|-status|p1a: Bastiodon|slp|[from] move: Rest\n|-heal|p1a: Bastiodon|100/100 slp|[silent]\n|-enditem|p1a: Bastiodon|Chesto Berry|[eat]\n|-curestatus|p1a: Bastiodon|slp|[msg]\n|\n|upkeep\n|turn|15\n|inactive|Time left: 300 sec this turn | 300 sec total\n|\n|t:|1783542562\n|move|p2a: Cramorant|Surf|p1a: Bastiodon\n|-supereffective|p1a: Bastiodon\n|-damage|p1a: Bastiodon|54/100\n|move|p1a: Bastiodon|Body Press|p2a: Cramorant\n|-resisted|p2a: Cramorant\n|-damage|p2a: Cramorant|12/261\n|-damage|p1a: Bastiodon|29/100|[from] ability: Gulp Missile|[of] p2a: Cramorant\n|-unboost|p1a: Bastiodon|def|1\n|-formechange|p2a: Cramorant|Cramorant|\n|\n|upkeep\n|turn|16\n|inactive|Time left: 300 sec this turn | 300 sec total\n|\n|t:|1783542563\n|switch|p1a: Dragapult|Dragapult, L77, F|100/100\n|move|p2a: Cramorant|Surf|p1a: Dragapult\n|-formechange|p2a: Cramorant|Cramorant-Gorging|\n|-resisted|p1a: Dragapult\n|-damage|p1a: Dragapult|81/100\n|\n|upkeep\n|turn|17\n|inactive|Time left: 300 sec this turn | 300 sec total\n|\n|t:|1783542564\n|move|p1a: Dragapult|Dragon Dance|p1a: Dragapult\n|-boost|p1a: Dragapult|atk|1\n|-boost|p1a: Dragapult|spe|1\n|move|p2a: Cramorant|Roost|p2a: Cramorant\n|-heal|p2a: Cramorant|143/261\n|-singleturn|p2a: Cramorant|move: Roost\n|\n|upkeep\n|turn|18\n|inactive|Time left: 300 sec this turn | 300 sec total\n|\n|t:|1783542565\n|move|p1a: Dragapult|Dragon Darts|p2a: Cramorant\n|-damage|p2a: Cramorant|0 fnt\n|-damage|p1a: Dragapult|56/100|[from] ability: Gulp Missile|[of] p2a: Cramorant\n|-status|p1a: Dragapult|par\n|-formechange|p2a: Cramorant|Cramorant|\n|faint|p2a: Cramorant\n|-damage|p1a: Dragapult|46/100 par|[from] item: Life Orb\n|\n|upkeep\n|inactive|Time left: 300 sec this turn | 300 sec total | 5 sec grace\n|\n|t:|1783542566\n|switch|p2a: Ursaring|Ursaring, L84, M|288/288\n|turn|19\n|inactive|Time left: 300 sec this turn | 300 sec total\n|\n|t:|1783542567\n|move|p1a: Dragapult|Dragon Darts|p2a: Ursaring\n|-damage|p2a: Ursaring|166/288\n|-anim|p1a: Dragapult|Dragon Darts|p2a: Ursaring\n|-damage|p2a: Ursaring|45/288\n|-damage|p1a: Dragapult|36/100 par|[from] item: Life Orb\n|move|p2a: Ursaring|Throat Chop|p1a: Dragapult\n|-supereffective|p1a: Dragapult\n|-damage|p1a: Dragapult|0 fnt\n|faint|p1a: Dragapult\n|\n|-status|p2a: Ursaring|tox|[from] item: Toxic Orb\n|upkeep\n|\n|t:|1783542567\n|switch|p1a: Raikou|Raikou, L81|68/100\n|-ability|p1a: Raikou|Pressure\n|turn|20\n|inactive|Time left: 300 sec this turn | 300 sec total\n|\n|t:|1783542568\n|switch|p2a: Zekrom|Zekrom, L71|211/259\n|-ability|p2a: Zekrom|Teravolt\n|move|p1a: Raikou|Scald|p2a: Zekrom\n|-resisted|p2a: Zekrom\n|-damage|p2a: Zekrom|181/259\n|-status|p2a: Zekrom|brn\n|\n|-heal|p2a: Zekrom|197/259 brn|[from] item: Leftovers\n|-damage|p2a: Zekrom|181/259 brn|[from] brn\n|upkeep\n|turn|21\n|inactive|Time left: 300 sec this turn | 300 sec total\n|\n|t:|1783542569\n|switch|p1a: Bastiodon|Bastiodon, L89, F|29/100\n|move|p2a: Zekrom|Dragon Dance|p2a: Zekrom\n|-boost|p2a: Zekrom|atk|1\n|-boost|p2a: Zekrom|spe|1\n|\n|-heal|p2a: Zekrom|197/259 brn|[from] item: Leftovers\n|-damage|p2a: Zekrom|181/259 brn|[from] brn\n|upkeep\n|turn|22\n|inactive|Time left: 300 sec this turn | 300 sec total\n|\n|t:|1783542570\n|move|p2a: Zekrom|Bolt Strike|p1a: Bastiodon\n|-damage|p1a: Bastiodon|6/100\n|-status|p1a: Bastiodon|par\n|cant|p1a: Bastiodon|par\n|\n|-heal|p2a: Zekrom|197/259 brn|[from] item: Leftovers\n|-damage|p2a: Zekrom|181/259 brn|[from] brn\n|upkeep\n|turn|23\n|inactive|Time left: 300 sec this turn | 300 sec total\n|\n|t:|1783542571\n|move|p2a: Zekrom|Outrage|p1a: Bastiodon\n|-resisted|p1a: Bastiodon\n|-damage|p1a: Bastiodon|0 fnt\n|faint|p1a: Bastiodon\n|\n|-heal|p2a: Zekrom|197/259 brn|[from] item: Leftovers\n|-damage|p2a: Zekrom|181/259 brn|[from] brn\n|upkeep\n|\n|t:|1783542572\n|switch|p1a: Altaria|Altaria, L89, F|100/100\n|turn|24\n|inactive|Time left: 300 sec this turn | 300 sec total\n|\n|t:|1783542573\n|-terastallize|p1a: Altaria|Steel\n|move|p2a: Zekrom|Outrage|p1a: Altaria|[from] lockedmove\n|-resisted|p1a: Altaria\n|-damage|p1a: Altaria|84/100\n|move|p1a: Altaria|Earthquake|p2a: Zekrom\n|-supereffective|p2a: Zekrom\n|-damage|p2a: Zekrom|63/259 brn\n|\n|-heal|p2a: Zekrom|79/259 brn|[from] item: Leftovers\n|-damage|p2a: Zekrom|63/259 brn|[from] brn\n|upkeep\n|turn|25\n|inactive|Time left: 300 sec this turn | 300 sec total\n|\n|t:|1783542574\n|move|p2a: Zekrom|Outrage|p1a: Altaria|[from] lockedmove\n|-resisted|p1a: Altaria\n|-crit|p1a: Altaria\n|-damage|p1a: Altaria|60/100\n|-start|p2a: Zekrom|confusion|[fatigue]\n|move|p1a: Altaria|Roost|p1a: Altaria\n|-heal|p1a: Altaria|100/100\n|\n|-heal|p2a: Zekrom|79/259 brn|[from] item: Leftovers\n|-damage|p2a: Zekrom|63/259 brn|[from] brn\n|upkeep\n|turn|26\n|inactive|Time left: 300 sec this turn | 300 sec total\n|\n|t:|1783542575\n|-activate|p2a: Zekrom|confusion\n|-damage|p2a: Zekrom|23/259 brn|[from] confusion\n|move|p1a: Altaria|Earthquake|p2a: Zekrom\n|-supereffective|p2a: Zekrom\n|-damage|p2a: Zekrom|0 fnt\n|faint|p2a: Zekrom\n|\n|upkeep\n|inactive|Time left: 300 sec this turn | 300 sec total | 5 sec grace\n|\n|t:|1783542576\n|switch|p2a: Ursaring|Ursaring, L84, M|45/288 tox\n|turn|27\n|inactive|Time left: 300 sec this turn | 300 sec total\n|\n|t:|1783542577\n|move|p2a: Ursaring|Close Combat|p1a: Altaria\n|-supereffective|p1a: Altaria\n|-damage|p1a: Altaria|25/100\n|-unboost|p2a: Ursaring|def|1\n|-unboost|p2a: Ursaring|spd|1\n|move|p1a: Altaria|Earthquake|p2a: Ursaring\n|-damage|p2a: Ursaring|0 fnt\n|faint|p2a: Ursaring\n|\n|upkeep\n|inactive|Time left: 300 sec this turn | 300 sec total | 5 sec grace\n|\n|t:|1783542578\n|switch|p2a: Regieleki|Regieleki, L79|256/256\n|turn|28\n|inactive|Time left: 300 sec this turn | 300 sec total\n|\n|t:|1783542579\n|switch|p1a: Raikou|Raikou, L81|68/100\n|-ability|p1a: Raikou|Pressure\n|move|p2a: Regieleki|Thunderbolt|p1a: Raikou\n|-resisted|p1a: Raikou\n|-damage|p1a: Raikou|44/100\n|\n|upkeep\n|turn|29\n|inactive|Time left: 300 sec this turn | 300 sec total\n|\n|t:|1783542580\n|-terastallize|p2a: Regieleki|Electric\n|move|p2a: Regieleki|Thunderbolt|p1a: Raikou\n|-resisted|p1a: Raikou\n|-damage|p1a: Raikou|12/100\n|move|p1a: Raikou|Scald|p2a: Regieleki\n|-damage|p2a: Regieleki|155/256\n|\n|upkeep\n|turn|30\n|inactive|Time left: 300 sec this turn | 300 sec total\n|\n|t:|1783542580\n|switch|p1a: Altaria|Altaria, L89, F, tera:Steel|25/100\n|move|p2a: Regieleki|Thunderbolt|p1a: Altaria\n|-damage|p1a: Altaria|0 fnt\n|faint|p1a: Altaria\n|\n|upkeep\n|\n|t:|1783542581\n|switch|p1a: Raikou|Raikou, L81|12/100\n|-ability|p1a: Raikou|Pressure\n|turn|31\n|inactive|Time left: 300 sec this turn | 300 sec total\n|\n|t:|1783542582\n|switch|p1a: Noctowl|Noctowl, L95, F|15/100\n|move|p2a: Regieleki|Volt Switch|p1a: Noctowl\n|-supereffective|p1a: Noctowl\n|-damage|p1a: Noctowl|0 fnt\n|faint|p1a: Noctowl\n|\n|upkeep\n|\n|t:|1783542583\n|switch|p1a: Raikou|Raikou, L81|12/100\n|-ability|p1a: Raikou|Pressure\n|turn|32\n|inactive|Time left: 300 sec this turn | 300 sec total\n|\n|t:|1783542584\n|move|p2a: Regieleki|Volt Switch|p1a: Raikou\n|-resisted|p1a: Raikou\n|-damage|p1a: Raikou|0 fnt\n|faint|p1a: Raikou\n|\n|win|p0y2993451", "uploadtime": 1783542584, "views": 0, "rating": 0, "private": 0, "password": null, "_winner": "p0y2993451", "_our_name": "p0y2993451"}