{"id": "battle-gen9randombattle-2803", "formatid": "gen9randombattle", "format": "[Gen 9] Random Battle", "players": ["p0x2803abf5", "p0y2803a705"], "log": "|init|battle\n|title|p0x2803abf5 vs. p0y2803a705\n|j|\u2606p0x2803abf5\n|j|\u2606p0y2803a705\n|t:|1783571307\n|gametype|singles\n|player|p1|p0x2803abf5|101|\n|player|p2|p0y2803a705|2|\n|gen|9\n|tier|[Gen 9] Random Battle\n|rule|Species Clause: Limit one of each Pok\u00e9mon\n|rule|HP Percentage Mod: HP is shown in percentages\n|rule|Sleep Clause Mod: Limit one foe put to sleep\n|rule|Illusion Level Mod: Illusion disguises the Pok\u00e9mon's true level\n|\n|t:|1783571307\n|teamsize|p1|6\n|teamsize|p2|6\n|start\n|switch|p1a: Zangoose|Zangoose, L85, F|100/100\n|switch|p2a: Abomasnow|Abomasnow, L84, F|287/287\n|-weather|Snowscape|[from] ability: Snow Warning|[of] p2a: Abomasnow\n|turn|1\n|inactive|Battle timer is ON: inactive players will automatically lose when time's up. (requested by p0x2803abf5)\n|inactive|Time left: 300 sec this turn | 300 sec total | 60 sec grace\n|inactive|p0y2803a705 also wants the timer to be on.\n|\n|t:|1783571308\n|move|p1a: Zangoose|Swords Dance|p1a: Zangoose\n|-boost|p1a: Zangoose|atk|2\n|move|p2a: Abomasnow|Aurora Veil|p2a: Abomasnow\n|-sidestart|p2: p0y2803a705|move: Aurora Veil\n|\n|-weather|Snowscape|[upkeep]\n|-status|p1a: Zangoose|tox|[from] item: Toxic Orb\n|upkeep\n|turn|2\n|inactive|Time left: 300 sec this turn | 300 sec total\n|\n|t:|1783571309\n|switch|p2a: Slaking|Slaking, L84, M|389/389\n|move|p1a: Zangoose|Facade|p2a: Slaking\n|-damage|p2a: Slaking|155/389\n|\n|-weather|Snowscape|[upkeep]\n|-damage|p1a: Zangoose|94/100 tox|[from] psn\n|upkeep\n|turn|3\n|inactive|Time left: 300 sec this turn | 300 sec total\n|\n|t:|1783571310\n|switch|p1a: Stantler|Stantler, L92, M|100/100\n|-ability|p1a: Stantler|Intimidate|boost\n|-unboost|p2a: Slaking|atk|1\n|move|p2a: Slaking|Giga Impact|p1a: Stantler\n|-damage|p1a: Stantler|57/100\n|-mustrecharge|p2a: Slaking\n|\n|-weather|Snowscape|[upkeep]\n|upkeep\n|turn|4\n|inactive|Time left: 300 sec this turn | 300 sec total\n|\n|t:|1783571311\n|switch|p1a: Regidrago|Regidrago, L77|100/100\n|cant|p2a: Slaking|recharge\n|\n|-weather|Snowscape|[upkeep]\n|upkeep\n|turn|5\n|inactive|Time left: 300 sec this turn | 300 sec total\n|\n|t:|1783571312\n|move|p2a: Slaking|Giga Impact|p1a: Regidrago\n|-damage|p1a: Regidrago|39/100\n|-mustrecharge|p2a: Slaking\n|move|p1a: Regidrago|Outrage|p2a: Slaking\n|-damage|p2a: Slaking|80/389\n|\n|-weather|none\n|upkeep\n|turn|6\n|inactive|Time left: 300 sec this turn | 300 sec total\n|\n|t:|1783571313\n|cant|p2a: Slaking|recharge\n|move|p1a: Regidrago|Outrage|p2a: Slaking|[from] lockedmove\n|-damage|p2a: Slaking|11/389\n|-start|p1a: Regidrago|confusion|[fatigue]\n|\n|upkeep\n|turn|7\n|inactive|Time left: 300 sec this turn | 300 sec total\n|\n|t:|1783571314\n|switch|p1a: Stantler|Stantler, L92, M|57/100\n|-ability|p1a: Stantler|Intimidate|boost\n|-unboost|p2a: Slaking|atk|1\n|move|p2a: Slaking|Giga Impact|p1a: Stantler|[miss]\n|-miss|p2a: Slaking|p1a: Stantler\n|\n|upkeep\n|turn|8\n|inactive|Time left: 300 sec this turn | 300 sec total\n|\n|t:|1783571315\n|switch|p2a: Abomasnow|Abomasnow, L84, F|287/287\n|-weather|Snowscape|[from] ability: Snow Warning|[of] p2a: Abomasnow\n|switch|p1a: Typhlosion|Typhlosion, L84, M|100/100\n|\n|-weather|Snowscape|[upkeep]\n|-sideend|p2: p0y2803a705|move: Aurora Veil\n|upkeep\n|turn|9\n|inactive|Time left: 300 sec this turn | 300 sec total\n|\n|t:|1783571316\n|-terastallize|p2a: Abomasnow|Water\n|move|p1a: Typhlosion|Eruption|p2a: Abomasnow\n|-resisted|p2a: Abomasnow\n|-damage|p2a: Abomasnow|196/287\n|move|p2a: Abomasnow|Aurora Veil|p2a: Abomasnow\n|-sidestart|p2: p0y2803a705|move: Aurora Veil\n|\n|-weather|Snowscape|[upkeep]\n|upkeep\n|turn|10\n|inactive|Time left: 300 sec this turn | 300 sec total\n|\n|t:|1783571317\n|switch|p2a: Pelipper|Pelipper, L86, F|243/243\n|-weather|RainDance|[from] ability: Drizzle|[of] p2a: Pelipper\n|move|p1a: Typhlosion|Eruption|p2a: Pelipper\n|-resisted|p2a: Pelipper\n|-damage|p2a: Pelipper|221/243\n|\n|-weather|RainDance|[upkeep]\n|upkeep\n|turn|11\n|inactive|Time left: 300 sec this turn | 300 sec total\n|\n|t:|1783571318\n|switch|p1a: Stantler|Stantler, L92, M|57/100\n|-ability|p1a: Stantler|Intimidate|boost\n|-unboost|p2a: Pelipper|atk|1\n|move|p2a: Pelipper|Weather Ball|p1a: Stantler\n|-damage|p1a: Stantler|0 fnt\n|faint|p1a: Stantler\n|\n|-weather|RainDance|[upkeep]\n|upkeep\n|\n|t:|1783571319\n|switch|p1a: Eelektross|Eelektross, L87, M|100/100\n|turn|12\n|inactive|Time left: 300 sec this turn | 300 sec total\n|\n|t:|1783571320\n|move|p2a: Pelipper|Weather Ball|p1a: Eelektross\n|-damage|p1a: Eelektross|19/100\n|move|p1a: Eelektross|Supercell Slam|p2a: Pelipper\n|-supereffective|p2a: Pelipper\n|-damage|p2a: Pelipper|3/243\n|\n|-weather|RainDance|[upkeep]\n|-heal|p1a: Eelektross|25/100|[from] item: Leftovers\n|upkeep\n|turn|13\n|inactive|Time left: 300 sec this turn | 300 sec total\n|\n|t:|1783571321\n|move|p2a: Pelipper|Weather Ball|p1a: Eelektross\n|-damage|p1a: Eelektross|0 fnt\n|faint|p1a: Eelektross\n|\n|-weather|RainDance|[upkeep]\n|upkeep\n|\n|t:|1783571322\n|switch|p1a: Regidrago|Regidrago, L77|39/100\n|turn|14\n|inactive|Time left: 300 sec this turn | 300 sec total\n|\n|t:|1783571323\n|move|p1a: Regidrago|Outrage|p2a: Pelipper\n|-damage|p2a: Pelipper|0 fnt\n|faint|p2a: Pelipper\n|\n|-weather|none\n|upkeep\n|inactive|Time left: 300 sec this turn | 300 sec total | 5 sec grace\n|\n|t:|1783571324\n|switch|p2a: Slaking|Slaking, L84, M|11/389\n|turn|15\n|inactive|Time left: 300 sec this turn | 300 sec total\n|\n|t:|1783571325\n|move|p2a: Slaking|Giga Impact|p1a: Regidrago\n|-damage|p1a: Regidrago|0 fnt\n|-mustrecharge|p2a: Slaking\n|faint|p1a: Regidrago\n|\n|upkeep\n|\n|t:|1783571326\n|switch|p1a: Zangoose|Zangoose, L85, F|94/100 tox\n|turn|16\n|inactive|Time left: 300 sec this turn | 300 sec total\n|\n|t:|1783571327\n|move|p1a: Zangoose|Quick Attack|p2a: Slaking\n|-damage|p2a: Slaking|0 fnt\n|faint|p2a: Slaking\n|\n|-damage|p1a: Zangoose|88/100 tox|[from] psn\n|-sideend|p2: p0y2803a705|move: Aurora Veil\n|upkeep\n|inactive|Time left: 300 sec this turn | 300 sec total | 5 sec grace\n|\n|t:|1783571328\n|switch|p2a: Stantler|Stantler, L92, F|284/284\n|-ability|p2a: Stantler|Intimidate|boost\n|-unboost|p1a: Zangoose|atk|1\n|turn|17\n|inactive|Time left: 300 sec this turn | 300 sec total\n|\n|t:|1783571329\n|move|p2a: Stantler|Body Slam|p1a: Zangoose\n|-damage|p1a: Zangoose|40/100 tox\n|move|p1a: Zangoose|Swords Dance|p1a: Zangoose\n|-boost|p1a: Zangoose|atk|2\n|\n|-damage|p1a: Zangoose|28/100 tox|[from] psn\n|upkeep\n|turn|18\n|inactive|Time left: 300 sec this turn | 300 sec total\n|\n|t:|1783571330\n|move|p1a: Zangoose|Quick Attack|p2a: Stantler\n|-damage|p2a: Stantler|202/284\n|move|p2a: Stantler|Earthquake|p1a: Zangoose\n|-crit|p1a: Zangoose\n|-damage|p1a: Zangoose|0 fnt\n|faint|p1a: Zangoose\n|\n|upkeep\n|\n|t:|1783571331\n|switch|p1a: Typhlosion|Typhlosion, L84, M|100/100\n|turn|19\n|inactive|Time left: 300 sec this turn | 300 sec total\n|\n|t:|1783571332\n|-terastallize|p1a: Typhlosion|Fire\n|move|p1a: Typhlosion|Eruption|p2a: Stantler\n|-damage|p2a: Stantler|14/284\n|move|p2a: Stantler|Earthquake|p1a: Typhlosion\n|-supereffective|p1a: Typhlosion\n|-damage|p1a: Typhlosion|38/100\n|\n|upkeep\n|turn|20\n|inactive|Time left: 300 sec this turn | 300 sec total\n|\n|t:|1783571333\n|move|p1a: Typhlosion|Eruption|p2a: Stantler\n|-damage|p2a: Stantler|0 fnt\n|faint|p2a: Stantler\n|\n|upkeep\n|inactive|Time left: 300 sec this turn | 300 sec total | 5 sec grace\n|\n|t:|1783571334\n|switch|p2a: Veluza|Veluza, L85, F|292/292\n|turn|21\n|inactive|Time left: 300 sec this turn | 300 sec total\n|\n|t:|1783571335\n|switch|p1a: Whimsicott|Whimsicott, L84, F|100/100\n|move|p2a: Veluza|Night Slash|p1a: Whimsicott\n|-resisted|p1a: Whimsicott\n|-damage|p1a: Whimsicott|74/100\n|\n|upkeep\n|turn|22\n|inactive|Time left: 300 sec this turn | 300 sec total\n|\n|t:|1783571336\n|switch|p2a: Gliscor|Gliscor, L76, M|239/239\n|move|p1a: Whimsicott|Giga Drain|p2a: Gliscor\n|-damage|p2a: Gliscor|148/239\n|-heal|p1a: Whimsicott|93/100|[from] drain|[of] p2a: Gliscor\n|\n|-status|p2a: Gliscor|tox|[from] item: Toxic Orb\n|upkeep\n|turn|23\n|inactive|Time left: 300 sec this turn | 300 sec total\n|\n|t:|1783571337\n|move|p2a: Gliscor|Protect|p2a: Gliscor\n|-singleturn|p2a: Gliscor|Protect\n|move|p1a: Whimsicott|Moonblast|p2a: Gliscor\n|-activate|p2a: Gliscor|move: Protect\n|\n|-heal|p2a: Gliscor|177/239 tox|[from] ability: Poison Heal\n|upkeep\n|turn|24\n|inactive|Time left: 300 sec this turn | 300 sec total\n|\n|t:|1783571338\n|move|p1a: Whimsicott|Moonblast|p2a: Gliscor\n|-damage|p2a: Gliscor|69/239 tox\n|-unboost|p2a: Gliscor|spa|1\n|move|p2a: Gliscor|Toxic|p1a: Whimsicott\n|-status|p1a: Whimsicott|tox\n|\n|-damage|p1a: Whimsicott|87/100 tox|[from] psn\n|-heal|p2a: Gliscor|98/239 tox|[from] ability: Poison Heal\n|upkeep\n|turn|25\n|inactive|Time left: 300 sec this turn | 300 sec total\n|\n|t:|1783571339\n|move|p2a: Gliscor|Protect|p2a: Gliscor\n|-singleturn|p2a: Gliscor|Protect\n|move|p1a: Whimsicott|Moonblast|p2a: Gliscor\n|-activate|p2a: Gliscor|move: Protect\n|\n|-damage|p1a: Whimsicott|75/100 tox|[from] psn\n|-heal|p2a: Gliscor|127/239 tox|[from] ability: Poison Heal\n|upkeep\n|turn|26\n|inactive|Time left: 300 sec this turn | 300 sec total\n|\n|t:|1783571340\n|move|p1a: Whimsicott|Giga Drain|p2a: Gliscor\n|-damage|p2a: Gliscor|51/239 tox\n|-heal|p1a: Whimsicott|91/100 tox|[from] drain|[of] p2a: Gliscor\n|move|p2a: Gliscor|Earthquake|p1a: Whimsicott\n|-resisted|p1a: Whimsicott\n|-damage|p1a: Whimsicott|72/100 tox\n|\n|-damage|p1a: Whimsicott|54/100 tox|[from] psn\n|-heal|p2a: Gliscor|80/239 tox|[from] ability: Poison Heal\n|upkeep\n|turn|27\n|inactive|Time left: 300 sec this turn | 300 sec total\n|\n|t:|1783571342\n|move|p2a: Gliscor|Protect|p2a: Gliscor\n|-singleturn|p2a: Gliscor|Protect\n|move|p1a: Whimsicott|Giga Drain|p2a: Gliscor\n|-activate|p2a: Gliscor|move: Protect\n|\n|-damage|p1a: Whimsicott|30/100 tox|[from] psn\n|-heal|p2a: Gliscor|109/239 tox|[from] ability: Poison Heal\n|upkeep\n|turn|28\n|inactive|Time left: 300 sec this turn | 300 sec total\n|\n|t:|1783571343\n|move|p1a: Whimsicott|Giga Drain|p2a: Gliscor\n|-damage|p2a: Gliscor|18/239 tox\n|-heal|p1a: Whimsicott|50/100 tox|[from] drain|[of] p2a: Gliscor\n|move|p2a: Gliscor|Earthquake|p1a: Whimsicott\n|-resisted|p1a: Whimsicott\n|-damage|p1a: Whimsicott|32/100 tox\n|\n|-damage|p1a: Whimsicott|3/100 tox|[from] psn\n|-heal|p2a: Gliscor|47/239 tox|[from] ability: Poison Heal\n|upkeep\n|turn|29\n|inactive|Time left: 300 sec this turn | 300 sec total\n|\n|t:|1783571344\n|move|p1a: Whimsicott|Stun Spore||[still]\n|-fail|p1a: Whimsicott\n|move|p2a: Gliscor|Earthquake|p1a: Whimsicott\n|-resisted|p1a: Whimsicott\n|-damage|p1a: Whimsicott|0 fnt\n|faint|p1a: Whimsicott\n|\n|-heal|p2a: Gliscor|76/239 tox|[from] ability: Poison Heal\n|upkeep\n|\n|t:|1783571345\n|switch|p1a: Typhlosion|Typhlosion, L84, M, tera:Fire|38/100\n|turn|30\n|inactive|Time left: 300 sec this turn | 300 sec total\n|\n|t:|1783571346\n|move|p1a: Typhlosion|Eruption|p2a: Gliscor\n|-damage|p2a: Gliscor|0 fnt\n|faint|p2a: Gliscor\n|\n|upkeep\n|inactive|Time left: 300 sec this turn | 300 sec total | 5 sec grace\n|\n|t:|1783571347\n|switch|p2a: Veluza|Veluza, L85, F|292/292\n|turn|31\n|inactive|Time left: 300 sec this turn | 300 sec total\n|\n|t:|1783571347\n|move|p1a: Typhlosion|Eruption|p2a: Veluza\n|-resisted|p2a: Veluza\n|-damage|p2a: Veluza|238/292\n|move|p2a: Veluza|Psycho Cut|p1a: Typhlosion\n|-damage|p1a: Typhlosion|0 fnt\n|faint|p1a: Typhlosion\n|\n|win|p0y2803a705", "uploadtime": 1783571347, "views": 0, "rating": 0, "private": 0, "password": null, "_winner": "p0y2803a705", "_our_name": "p0y2803a705"}