{"id": "battle-gen9randombattle-156", "formatid": "gen9randombattle", "format": "[Gen 9] Random Battle", "players": ["p0x156d7a2", "p0y156ed7a"], "log": "|init|battle\n|title|p0x156d7a2 vs. p0y156ed7a\n|j|\u2606p0x156d7a2\n|j|\u2606p0y156ed7a\n|t:|1783535053\n|gametype|singles\n|player|p1|p0x156d7a2|2|\n|player|p2|p0y156ed7a|265|\n|gen|9\n|tier|[Gen 9] Random Battle\n|rule|Species Clause: Limit one of each Pok\u00e9mon\n|rule|HP Percentage Mod: HP is shown in percentages\n|rule|Sleep Clause Mod: Limit one foe put to sleep\n|rule|Illusion Level Mod: Illusion disguises the Pok\u00e9mon's true level\n|\n|t:|1783535053\n|teamsize|p1|6\n|teamsize|p2|6\n|start\n|switch|p1a: Kommo-o|Kommo-o, L77, M|100/100\n|switch|p2a: Cloyster|Cloyster, L80, F|211/211\n|turn|1\n|inactive|Battle timer is ON: inactive players will automatically lose when time's up. (requested by p0y156ed7a)\n|inactive|p0x156d7a2 also wants the timer to be on.\n|\n|t:|1783535054\n|move|p1a: Kommo-o|Swords Dance|p1a: Kommo-o\n|-boost|p1a: Kommo-o|atk|2\n|move|p2a: Cloyster|Shell Smash|p2a: Cloyster\n|-unboost|p2a: Cloyster|def|1\n|-unboost|p2a: Cloyster|spd|1\n|-boost|p2a: Cloyster|atk|2\n|-boost|p2a: Cloyster|spa|2\n|-boost|p2a: Cloyster|spe|2\n|-enditem|p2a: Cloyster|White Herb\n|-clearnegativeboost|p2a: Cloyster|[silent]\n|\n|upkeep\n|turn|2\n|inactive|Time left: 300 sec this turn | 300 sec total\n|\n|t:|1783535055\n|-terastallize|p2a: Cloyster|Ground\n|-terastallize|p1a: Kommo-o|Steel\n|move|p2a: Cloyster|Drill Run|p1a: Kommo-o\n|-supereffective|p1a: Kommo-o\n|-damage|p1a: Kommo-o|3/100\n|move|p1a: Kommo-o|Close Combat|p2a: Cloyster\n|-damage|p2a: Cloyster|66/211\n|-unboost|p1a: Kommo-o|def|1\n|-unboost|p1a: Kommo-o|spd|1\n|\n|upkeep\n|turn|3\n|inactive|Time left: 300 sec this turn | 300 sec total\n|\n|t:|1783535056\n|move|p2a: Cloyster|Icicle Spear|p1a: Kommo-o\n|-resisted|p1a: Kommo-o\n|-damage|p1a: Kommo-o|0 fnt\n|faint|p1a: Kommo-o\n|-hitcount|p1: Kommo-o|1\n|\n|upkeep\n|\n|t:|1783535057\n|switch|p1a: Garganacl|Garganacl, L80, F|100/100\n|turn|4\n|inactive|Time left: 300 sec this turn | 300 sec total\n|\n|t:|1783535058\n|move|p2a: Cloyster|Drill Run|p1a: Garganacl\n|-supereffective|p1a: Garganacl\n|-damage|p1a: Garganacl|14/100\n|move|p1a: Garganacl|Salt Cure|p2a: Cloyster\n|-resisted|p2a: Cloyster\n|-crit|p2a: Cloyster\n|-damage|p2a: Cloyster|48/211\n|-start|p2a: Cloyster|Salt Cure\n|\n|-heal|p1a: Garganacl|20/100|[from] item: Leftovers\n|-damage|p2a: Cloyster|22/211|[from] Salt Cure\n|upkeep\n|turn|5\n|inactive|Time left: 300 sec this turn | 300 sec total\n|\n|t:|1783535060\n|move|p1a: Garganacl|Protect|p1a: Garganacl\n|-singleturn|p1a: Garganacl|Protect\n|move|p2a: Cloyster|Icicle Spear|p1a: Garganacl\n|-activate|p1a: Garganacl|move: Protect\n|\n|-heal|p1a: Garganacl|26/100|[from] item: Leftovers\n|-damage|p2a: Cloyster|0 fnt|[from] Salt Cure\n|faint|p2a: Cloyster\n|upkeep\n|inactive|Time left: 300 sec this turn | 300 sec total | 5 sec grace\n|\n|t:|1783535061\n|switch|p2a: Zacian|Zacian-Crowned, L64|225/225\n|-ability|p2a: Zacian|Intrepid Sword|boost\n|-boost|p2a: Zacian|atk|1\n|turn|6\n|inactive|Time left: 300 sec this turn | 300 sec total\n|\n|t:|1783535062\n|switch|p1a: Gliscor|Gliscor, L76, F|100/100\n|move|p2a: Zacian|Behemoth Blade|p1a: Gliscor\n|-damage|p1a: Gliscor|54/100\n|\n|-status|p1a: Gliscor|tox|[from] item: Toxic Orb\n|upkeep\n|turn|7\n|inactive|Time left: 300 sec this turn | 300 sec total\n|\n|t:|1783535063\n|move|p2a: Zacian|Behemoth Blade|p1a: Gliscor\n|-damage|p1a: Gliscor|5/100 tox\n|move|p1a: Gliscor|Earthquake|p2a: Zacian\n|-supereffective|p2a: Zacian\n|-damage|p2a: Zacian|45/225\n|\n|-heal|p1a: Gliscor|17/100 tox|[from] ability: Poison Heal\n|upkeep\n|turn|8\n|inactive|Time left: 300 sec this turn | 300 sec total\n|\n|t:|1783535064\n|move|p1a: Gliscor|Protect|p1a: Gliscor\n|-singleturn|p1a: Gliscor|Protect\n|move|p2a: Zacian|Behemoth Blade|p1a: Gliscor\n|-activate|p1a: Gliscor|move: Protect\n|\n|-heal|p1a: Gliscor|29/100 tox|[from] ability: Poison Heal\n|upkeep\n|turn|9\n|inactive|Time left: 300 sec this turn | 300 sec total\n|\n|t:|1783535064\n|switch|p1a: Dialga|Dialga-Origin, L73|100/100\n|-ability|p1a: Dialga|Pressure\n|move|p2a: Zacian|Play Rough|p1a: Dialga\n|-damage|p1a: Dialga|63/100\n|\n|upkeep\n|turn|10\n|inactive|Time left: 300 sec this turn | 300 sec total\n|\n|t:|1783535066\n|move|p2a: Zacian|Close Combat|p1a: Dialga\n|-supereffective|p1a: Dialga\n|-damage|p1a: Dialga|0 fnt\n|-unboost|p2a: Zacian|def|1\n|-unboost|p2a: Zacian|spd|1\n|faint|p1a: Dialga\n|\n|upkeep\n|\n|t:|1783535067\n|switch|p1a: Espathra|Espathra, L80, F|100/100\n|turn|11\n|inactive|Time left: 300 sec this turn | 300 sec total\n|\n|t:|1783535068\n|move|p2a: Zacian|Behemoth Blade|p1a: Espathra\n|-damage|p1a: Espathra|36/100\n|move|p1a: Espathra|Calm Mind|p1a: Espathra\n|-boost|p1a: Espathra|spa|1\n|-boost|p1a: Espathra|spd|1\n|\n|-heal|p1a: Espathra|42/100|[from] item: Leftovers\n|-ability|p1a: Espathra|Speed Boost|boost\n|-boost|p1a: Espathra|spe|1\n|upkeep\n|turn|12\n|inactive|Time left: 300 sec this turn | 300 sec total\n|\n|t:|1783535069\n|move|p1a: Espathra|Roost|p1a: Espathra\n|-heal|p1a: Espathra|92/100\n|-singleturn|p1a: Espathra|move: Roost\n|move|p2a: Zacian|Behemoth Blade|p1a: Espathra\n|-damage|p1a: Espathra|31/100\n|\n|-heal|p1a: Espathra|37/100|[from] item: Leftovers\n|-ability|p1a: Espathra|Speed Boost|boost\n|-boost|p1a: Espathra|spe|1\n|upkeep\n|turn|13\n|inactive|Time left: 300 sec this turn | 300 sec total\n|\n|t:|1783535070\n|move|p1a: Espathra|Roost|p1a: Espathra\n|-heal|p1a: Espathra|87/100\n|-singleturn|p1a: Espathra|move: Roost\n|move|p2a: Zacian|Behemoth Blade|p1a: Espathra\n|-damage|p1a: Espathra|19/100\n|\n|-heal|p1a: Espathra|25/100|[from] item: Leftovers\n|-ability|p1a: Espathra|Speed Boost|boost\n|-boost|p1a: Espathra|spe|1\n|upkeep\n|turn|14\n|inactive|Time left: 300 sec this turn | 300 sec total\n|\n|t:|1783535071\n|move|p1a: Espathra|Roost|p1a: Espathra\n|-heal|p1a: Espathra|75/100\n|-singleturn|p1a: Espathra|move: Roost\n|move|p2a: Zacian|Behemoth Blade|p1a: Espathra\n|-damage|p1a: Espathra|7/100\n|\n|-heal|p1a: Espathra|13/100|[from] item: Leftovers\n|-ability|p1a: Espathra|Speed Boost|boost\n|-boost|p1a: Espathra|spe|1\n|upkeep\n|turn|15\n|inactive|Time left: 300 sec this turn | 300 sec total\n|\n|t:|1783535072\n|move|p1a: Espathra|Stored Power|p2a: Zacian\n|-resisted|p2a: Zacian\n|-damage|p2a: Zacian|0 fnt\n|faint|p2a: Zacian\n|\n|-heal|p1a: Espathra|19/100|[from] item: Leftovers\n|-ability|p1a: Espathra|Speed Boost|boost\n|-boost|p1a: Espathra|spe|1\n|upkeep\n|inactive|Time left: 300 sec this turn | 300 sec total | 5 sec grace\n|\n|t:|1783535073\n|switch|p2a: Morpeko|Morpeko, L88, M|245/245\n|turn|16\n|inactive|Time left: 300 sec this turn | 300 sec total\n|\n|t:|1783535074\n|move|p1a: Espathra|Dazzling Gleam|p2a: Morpeko\n|-supereffective|p2a: Morpeko\n|-damage|p2a: Morpeko|49/245\n|move|p2a: Morpeko|Knock Off|p1a: Espathra\n|-supereffective|p1a: Espathra\n|-damage|p1a: Espathra|0 fnt\n|-enditem|p1a: Espathra|Leftovers|[from] move: Knock Off|[of] p2a: Morpeko\n|faint|p1a: Espathra\n|\n|-heal|p2a: Morpeko|64/245|[from] item: Leftovers\n|-formechange|p2a: Morpeko|Morpeko-Hangry||[from] ability: Hunger Switch\n|upkeep\n|\n|t:|1783535075\n|switch|p1a: Florges|Florges-Yellow, L85, F|100/100\n|turn|17\n|inactive|Time left: 300 sec this turn | 300 sec total\n|\n|t:|1783535076\n|move|p2a: Morpeko|Protect|p2a: Morpeko\n|-singleturn|p2a: Morpeko|Protect\n|move|p1a: Florges|Moonblast|p2a: Morpeko\n|-activate|p2a: Morpeko|move: Protect\n|\n|-heal|p2a: Morpeko|79/245|[from] item: Leftovers\n|-formechange|p2a: Morpeko|Morpeko||[from] ability: Hunger Switch\n|upkeep\n|turn|18\n|inactive|Time left: 300 sec this turn | 300 sec total\n|\n|t:|1783535077\n|move|p2a: Morpeko|Aura Wheel|p1a: Florges\n|-damage|p1a: Florges|46/100\n|-boost|p2a: Morpeko|spe|1\n|move|p1a: Florges|Moonblast|p2a: Morpeko\n|-supereffective|p2a: Morpeko\n|-damage|p2a: Morpeko|0 fnt\n|faint|p2a: Morpeko\n|\n|-heal|p1a: Florges|52/100|[from] item: Leftovers\n|upkeep\n|inactive|Time left: 300 sec this turn | 300 sec total | 5 sec grace\n|\n|t:|1783535078\n|switch|p2a: Skarmory|Skarmory, L80, F|235/235\n|turn|19\n|inactive|Time left: 300 sec this turn | 300 sec total\n|\n|t:|1783535078\n|move|p1a: Florges|Wish|p1a: Florges\n|move|p2a: Skarmory|Brave Bird|p1a: Florges\n|-damage|p1a: Florges|10/100\n|-damage|p2a: Skarmory|197/235|[from] Recoil\n|\n|-heal|p1a: Florges|16/100|[from] item: Leftovers\n|upkeep\n|turn|20\n|inactive|Time left: 300 sec this turn | 300 sec total\n|\n|t:|1783535080\n|move|p1a: Florges|Protect|p1a: Florges\n|-singleturn|p1a: Florges|Protect\n|move|p2a: Skarmory|Brave Bird|p1a: Florges\n|-activate|p1a: Florges|move: Protect\n|\n|-heal|p1a: Florges|65/100|[from] move: Wish|[wisher] Florges\n|-heal|p1a: Florges|71/100|[from] item: Leftovers\n|upkeep\n|turn|21\n|inactive|Time left: 300 sec this turn | 300 sec total\n|\n|t:|1783535081\n|move|p1a: Florges|Wish|p1a: Florges\n|move|p2a: Skarmory|Brave Bird|p1a: Florges\n|-damage|p1a: Florges|23/100\n|-damage|p2a: Skarmory|154/235|[from] Recoil\n|\n|-heal|p1a: Florges|29/100|[from] item: Leftovers\n|upkeep\n|turn|22\n|inactive|Time left: 300 sec this turn | 300 sec total\n|\n|t:|1783535082\n|move|p1a: Florges|Protect|p1a: Florges\n|-singleturn|p1a: Florges|Protect\n|move|p2a: Skarmory|Brave Bird|p1a: Florges\n|-activate|p1a: Florges|move: Protect\n|\n|-heal|p1a: Florges|79/100|[from] move: Wish|[wisher] Florges\n|-heal|p1a: Florges|85/100|[from] item: Leftovers\n|upkeep\n|turn|23\n|inactive|Time left: 300 sec this turn | 300 sec total\n|\n|t:|1783535083\n|move|p1a: Florges|Calm Mind|p1a: Florges\n|-boost|p1a: Florges|spa|1\n|-boost|p1a: Florges|spd|1\n|move|p2a: Skarmory|Brave Bird|p1a: Florges\n|-damage|p1a: Florges|39/100\n|-damage|p2a: Skarmory|112/235|[from] Recoil\n|\n|-heal|p1a: Florges|44/100|[from] item: Leftovers\n|upkeep\n|turn|24\n|inactive|Time left: 300 sec this turn | 300 sec total\n|\n|t:|1783535084\n|move|p1a: Florges|Moonblast|p2a: Skarmory\n|-resisted|p2a: Skarmory\n|-damage|p2a: Skarmory|10/235\n|move|p2a: Skarmory|Brave Bird|p1a: Florges\n|-damage|p1a: Florges|1/100\n|-damage|p2a: Skarmory|0 fnt|[from] Recoil\n|faint|p2a: Skarmory\n|\n|-heal|p1a: Florges|7/100|[from] item: Leftovers\n|upkeep\n|inactive|Time left: 300 sec this turn | 300 sec total | 5 sec grace\n|\n|t:|1783535085\n|switch|p2a: Arceus|Arceus-Fairy, L69|280/280\n|turn|25\n|inactive|Time left: 300 sec this turn | 300 sec total\n|\n|t:|1783535086\n|move|p1a: Florges|Protect|p1a: Florges\n|-singleturn|p1a: Florges|Protect\n|move|p2a: Arceus|Judgment|p1a: Florges\n|-activate|p1a: Florges|move: Protect\n|\n|-heal|p1a: Florges|13/100|[from] item: Leftovers\n|upkeep\n|turn|26\n|inactive|Time left: 300 sec this turn | 300 sec total\n|\n|t:|1783535087\n|move|p1a: Florges|Protect||[still]\n|-fail|p1a: Florges\n|move|p2a: Arceus|Judgment|p1a: Florges\n|-damage|p1a: Florges|0 fnt\n|faint|p1a: Florges\n|\n|upkeep\n|\n|t:|1783535088\n|switch|p1a: Garganacl|Garganacl, L80, F|26/100\n|turn|27\n|inactive|Time left: 300 sec this turn | 300 sec total\n|\n|t:|1783535088\n|move|p1a: Garganacl|Protect|p1a: Garganacl\n|-singleturn|p1a: Garganacl|Protect\n|move|p2a: Arceus|Judgment|p1a: Garganacl\n|-activate|p1a: Garganacl|move: Protect\n|\n|-heal|p1a: Garganacl|32/100|[from] item: Leftovers\n|upkeep\n|turn|28\n|inactive|Time left: 300 sec this turn | 300 sec total\n|\n|t:|1783535089\n|move|p1a: Garganacl|Protect||[still]\n|-fail|p1a: Garganacl\n|move|p2a: Arceus|Judgment|p1a: Garganacl\n|-damage|p1a: Garganacl|0 fnt\n|faint|p1a: Garganacl\n|\n|upkeep\n|\n|t:|1783535090\n|switch|p1a: Gliscor|Gliscor, L76, F|29/100 tox\n|turn|29\n|inactive|Time left: 300 sec this turn | 300 sec total\n|\n|t:|1783535091\n|move|p1a: Gliscor|Protect|p1a: Gliscor\n|-singleturn|p1a: Gliscor|Protect\n|move|p2a: Arceus|Judgment|p1a: Gliscor\n|-activate|p1a: Gliscor|move: Protect\n|\n|-heal|p1a: Gliscor|41/100 tox|[from] ability: Poison Heal\n|upkeep\n|turn|30\n|inactive|Time left: 300 sec this turn | 300 sec total\n|\n|t:|1783535092\n|move|p1a: Gliscor|Protect||[still]\n|-fail|p1a: Gliscor\n|move|p2a: Arceus|Judgment|p1a: Gliscor\n|-damage|p1a: Gliscor|0 fnt\n|faint|p1a: Gliscor\n|\n|win|p0y156ed7a", "uploadtime": 1783535092, "views": 0, "rating": 0, "private": 0, "password": null, "_winner": "p0y156ed7a", "_our_name": "p0y156ed7a"}