{"id": "battle-gen9randombattle-1830", "formatid": "gen9randombattle", "format": "[Gen 9] Random Battle", "players": ["p0x18301ec4", "p0y18300ee2"], "log": "|init|battle\n|title|p0x18301ec4 vs. p0y18300ee2\n|j|\u2606p0x18301ec4\n|j|\u2606p0y18300ee2\n|t:|1783560441\n|gametype|singles\n|player|p1|p0x18301ec4|266|\n|player|p2|p0y18300ee2|169|\n|gen|9\n|tier|[Gen 9] Random Battle\n|rule|Species Clause: Limit one of each Pok\u00e9mon\n|rule|HP Percentage Mod: HP is shown in percentages\n|rule|Sleep Clause Mod: Limit one foe put to sleep\n|rule|Illusion Level Mod: Illusion disguises the Pok\u00e9mon's true level\n|\n|t:|1783560441\n|teamsize|p1|6\n|teamsize|p2|6\n|start\n|switch|p1a: Veluza|Veluza, L85, M|100/100\n|switch|p2a: Lurantis|Lurantis, L87, F|264/264\n|turn|1\n|inactive|Battle timer is ON: inactive players will automatically lose when time's up. (requested by p0x18301ec4)\n|inactive|Time left: 300 sec this turn | 300 sec total | 60 sec grace\n|inactive|p0y18300ee2 also wants the timer to be on.\n|\n|t:|1783560443\n|switch|p1a: Yanmega|Yanmega, L82, M|100/100\n|move|p2a: Lurantis|Leaf Storm|p1a: Yanmega\n|-resisted|p1a: Yanmega\n|-damage|p1a: Yanmega|85/100\n|-boost|p2a: Lurantis|spa|2\n|\n|upkeep\n|turn|2\n|inactive|Time left: 300 sec this turn | 300 sec total\n|\n|t:|1783560444\n|move|p1a: Yanmega|Air Slash|p2a: Lurantis\n|-supereffective|p2a: Lurantis\n|-damage|p2a: Lurantis|156/264\n|move|p2a: Lurantis|Superpower|p1a: Yanmega\n|-resisted|p1a: Yanmega\n|-damage|p1a: Yanmega|77/100\n|-boost|p2a: Lurantis|atk|1\n|-boost|p2a: Lurantis|def|1\n|\n|-ability|p1a: Yanmega|Speed Boost|boost\n|-boost|p1a: Yanmega|spe|1\n|upkeep\n|turn|3\n|inactive|Time left: 300 sec this turn | 300 sec total\n|\n|t:|1783560445\n|-terastallize|p2a: Lurantis|Steel\n|move|p1a: Yanmega|Air Slash|p2a: Lurantis\n|-resisted|p2a: Lurantis\n|-damage|p2a: Lurantis|129/264\n|cant|p2a: Lurantis|flinch\n|\n|-ability|p1a: Yanmega|Speed Boost|boost\n|-boost|p1a: Yanmega|spe|1\n|upkeep\n|turn|4\n|inactive|Time left: 300 sec this turn | 300 sec total\n|\n|t:|1783560446\n|move|p1a: Yanmega|Air Slash|p2a: Lurantis\n|-resisted|p2a: Lurantis\n|-damage|p2a: Lurantis|101/264\n|cant|p2a: Lurantis|flinch\n|\n|-ability|p1a: Yanmega|Speed Boost|boost\n|-boost|p1a: Yanmega|spe|1\n|upkeep\n|turn|5\n|inactive|Time left: 300 sec this turn | 300 sec total\n|\n|t:|1783560447\n|-terastallize|p1a: Yanmega|Ground\n|move|p1a: Yanmega|Tera Blast|p2a: Lurantis|[anim] Tera Blast Ground\n|-supereffective|p2a: Lurantis\n|-damage|p2a: Lurantis|0 fnt\n|faint|p2a: Lurantis\n|\n|-ability|p1a: Yanmega|Speed Boost|boost\n|-boost|p1a: Yanmega|spe|1\n|upkeep\n|inactive|Time left: 300 sec this turn | 300 sec total | 5 sec grace\n|\n|t:|1783560448\n|switch|p2a: Mamoswine|Mamoswine, L81, F|311/311\n|turn|6\n|inactive|Time left: 300 sec this turn | 300 sec total\n|\n|t:|1783560450\n|move|p1a: Yanmega|Air Slash|p2a: Mamoswine\n|-damage|p2a: Mamoswine|202/311\n|cant|p2a: Mamoswine|flinch\n|\n|-ability|p1a: Yanmega|Speed Boost|boost\n|-boost|p1a: Yanmega|spe|1\n|upkeep\n|turn|7\n|inactive|Time left: 300 sec this turn | 300 sec total\n|\n|t:|1783560451\n|move|p1a: Yanmega|Air Slash|p2a: Mamoswine\n|-damage|p2a: Mamoswine|94/311\n|move|p2a: Mamoswine|Icicle Crash|p1a: Yanmega\n|-supereffective|p1a: Yanmega\n|-damage|p1a: Yanmega|0 fnt\n|faint|p1a: Yanmega\n|\n|upkeep\n|\n|t:|1783560451\n|switch|p1a: Veluza|Veluza, L85, M|100/100\n|turn|8\n|inactive|Time left: 300 sec this turn | 300 sec total\n|\n|t:|1783560452\n|move|p2a: Mamoswine|Icicle Crash|p1a: Veluza\n|-resisted|p1a: Veluza\n|-damage|p1a: Veluza|71/100\n|cant|p1a: Veluza|flinch\n|\n|upkeep\n|turn|9\n|inactive|Time left: 300 sec this turn | 300 sec total\n|\n|t:|1783560453\n|move|p2a: Mamoswine|Icicle Crash|p1a: Veluza\n|-resisted|p1a: Veluza\n|-damage|p1a: Veluza|41/100\n|-enditem|p1a: Veluza|Sitrus Berry|[eat]\n|-heal|p1a: Veluza|66/100|[from] item: Sitrus Berry\n|move|p1a: Veluza|Psycho Cut|p2a: Mamoswine\n|-damage|p2a: Mamoswine|0 fnt\n|faint|p2a: Mamoswine\n|\n|upkeep\n|inactive|Time left: 300 sec this turn | 300 sec total | 5 sec grace\n|\n|t:|1783560454\n|switch|p2a: Ogerpon|Ogerpon-Cornerstone, L76, F|247/247\n|turn|10\n|inactive|Time left: 300 sec this turn | 300 sec total\n|\n|t:|1783560455\n|switch|p1a: Mew|Mew, L82|100/100\n|move|p2a: Ogerpon|Power Whip|p1a: Mew\n|-damage|p1a: Mew|52/100\n|\n|upkeep\n|turn|11\n|inactive|Time left: 300 sec this turn | 300 sec total\n|\n|t:|1783560456\n|move|p1a: Mew|Bug Buzz|p2a: Ogerpon\n|-supereffective|p2a: Ogerpon\n|-damage|p2a: Ogerpon|75/247\n|-damage|p1a: Mew|42/100|[from] item: Life Orb\n|move|p2a: Ogerpon|Ivy Cudgel|p1a: Mew|[anim] Ivy Cudgel Rock\n|-damage|p1a: Mew|1/100\n|\n|upkeep\n|turn|12\n|inactive|Time left: 300 sec this turn | 300 sec total\n|\n|t:|1783560458\n|move|p1a: Mew|Bug Buzz|p2a: Ogerpon\n|-supereffective|p2a: Ogerpon\n|-damage|p2a: Ogerpon|0 fnt\n|faint|p2a: Ogerpon\n|-damage|p1a: Mew|0 fnt|[from] item: Life Orb\n|faint|p1a: Mew\n|\n|upkeep\n|inactive|Time left: 300 sec this turn | 300 sec total | 5 sec grace\n|\n|t:|1783560460\n|switch|p2a: Quagsire|Quagsire, L84, M|297/297\n|switch|p1a: Iron Valiant|Iron Valiant, L78|100/100\n|turn|13\n|inactive|Time left: 300 sec this turn | 300 sec total\n|\n|t:|1783560461\n|move|p1a: Iron Valiant|Moonblast|p2a: Quagsire\n|-crit|p2a: Quagsire\n|-damage|p2a: Quagsire|47/297\n|-unboost|p2a: Quagsire|spa|1\n|-damage|p1a: Iron Valiant|91/100|[from] item: Life Orb\n|move|p2a: Quagsire|Toxic|p1a: Iron Valiant\n|-status|p1a: Iron Valiant|tox\n|\n|-heal|p2a: Quagsire|65/297|[from] item: Leftovers\n|-damage|p1a: Iron Valiant|85/100 tox|[from] psn\n|upkeep\n|turn|14\n|inactive|Time left: 300 sec this turn | 300 sec total\n|\n|t:|1783560462\n|switch|p2a: Houndstone|Houndstone, L86, F|264/264\n|move|p1a: Iron Valiant|Moonblast|p2a: Houndstone\n|-damage|p2a: Houndstone|143/264\n|-damage|p1a: Iron Valiant|75/100 tox|[from] item: Life Orb\n|\n|-heal|p2a: Houndstone|159/264|[from] item: Leftovers\n|-damage|p1a: Iron Valiant|62/100 tox|[from] psn\n|upkeep\n|turn|15\n|inactive|Time left: 300 sec this turn | 300 sec total\n|\n|t:|1783560463\n|-end|p1a: Iron Valiant|Quark Drive|[silent]\n|switch|p1a: Veluza|Veluza, L85, M|66/100\n|move|p2a: Houndstone|Body Press|p1a: Veluza\n|-resisted|p1a: Veluza\n|-damage|p1a: Veluza|54/100\n|\n|-heal|p2a: Houndstone|175/264|[from] item: Leftovers\n|upkeep\n|turn|16\n|inactive|Time left: 300 sec this turn | 300 sec total\n|\n|t:|1783560464\n|move|p1a: Veluza|Aqua Cutter|p2a: Houndstone\n|-damage|p2a: Houndstone|67/264\n|move|p2a: Houndstone|Rest|p2a: Houndstone\n|-status|p2a: Houndstone|slp|[from] move: Rest\n|-heal|p2a: Houndstone|264/264 slp|[silent]\n|\n|upkeep\n|turn|17\n|inactive|Time left: 300 sec this turn | 300 sec total\n|\n|t:|1783560465\n|move|p1a: Veluza|Psycho Cut|p2a: Houndstone\n|-damage|p2a: Houndstone|165/264 slp\n|cant|p2a: Houndstone|slp\n|move|p2a: Houndstone|Sleep Talk|p2a: Houndstone\n|move|p2a: Houndstone|Body Press|p1a: Veluza|[from] move: Sleep Talk\n|-resisted|p1a: Veluza\n|-damage|p1a: Veluza|43/100\n|\n|-heal|p2a: Houndstone|181/264 slp|[from] item: Leftovers\n|upkeep\n|turn|18\n|inactive|Time left: 300 sec this turn | 300 sec total\n|\n|t:|1783560466\n|move|p1a: Veluza|Aqua Cutter|p2a: Houndstone\n|-damage|p2a: Houndstone|76/264 slp\n|cant|p2a: Houndstone|slp\n|move|p2a: Houndstone|Sleep Talk|p2a: Houndstone\n|move|p2a: Houndstone|Body Press|p1a: Veluza|[from] move: Sleep Talk\n|-resisted|p1a: Veluza\n|-damage|p1a: Veluza|30/100\n|\n|-heal|p2a: Houndstone|92/264 slp|[from] item: Leftovers\n|upkeep\n|turn|19\n|inactive|Time left: 300 sec this turn | 300 sec total\n|\n|t:|1783560467\n|move|p1a: Veluza|Psycho Cut|p2a: Houndstone\n|-damage|p2a: Houndstone|0 fnt\n|faint|p2a: Houndstone\n|\n|upkeep\n|inactive|Time left: 300 sec this turn | 300 sec total | 5 sec grace\n|\n|t:|1783560468\n|switch|p2a: Poliwrath|Poliwrath, L88, M|302/302\n|turn|20\n|inactive|Time left: 300 sec this turn | 300 sec total\n|\n|t:|1783560469\n|switch|p1a: Whimsicott|Whimsicott, L84, M|100/100\n|move|p2a: Poliwrath|Knock Off|p1a: Whimsicott\n|-resisted|p1a: Whimsicott\n|-damage|p1a: Whimsicott|81/100\n|-enditem|p1a: Whimsicott|Leftovers|[from] move: Knock Off|[of] p2a: Poliwrath\n|-damage|p2a: Poliwrath|272/302|[from] item: Life Orb\n|\n|upkeep\n|turn|21\n|inactive|Time left: 300 sec this turn | 300 sec total\n|\n|t:|1783560471\n|move|p1a: Whimsicott|Moonblast|p2a: Poliwrath\n|-supereffective|p2a: Poliwrath\n|-damage|p2a: Poliwrath|98/302\n|move|p2a: Poliwrath|Close Combat|p1a: Whimsicott\n|-resisted|p1a: Whimsicott\n|-damage|p1a: Whimsicott|40/100\n|-unboost|p2a: Poliwrath|def|1\n|-unboost|p2a: Poliwrath|spd|1\n|-damage|p2a: Poliwrath|68/302|[from] item: Life Orb\n|\n|upkeep\n|turn|22\n|inactive|Time left: 300 sec this turn | 300 sec total\n|\n|t:|1783560472\n|switch|p2a: Quagsire|Quagsire, L84, M|65/297\n|move|p1a: Whimsicott|Moonblast|p2a: Quagsire\n|-damage|p2a: Quagsire|0 fnt\n|faint|p2a: Quagsire\n|\n|upkeep\n|inactive|Time left: 300 sec this turn | 300 sec total | 5 sec grace\n|\n|t:|1783560472\n|switch|p2a: Poliwrath|Poliwrath, L88, M|68/302\n|turn|23\n|inactive|Time left: 300 sec this turn | 300 sec total\n|\n|t:|1783560473\n|move|p1a: Whimsicott|Moonblast|p2a: Poliwrath\n|-supereffective|p2a: Poliwrath\n|-damage|p2a: Poliwrath|0 fnt\n|faint|p2a: Poliwrath\n|\n|win|p0x18301ec4", "uploadtime": 1783560473, "views": 0, "rating": 0, "private": 0, "password": null, "_winner": "p0x18301ec4", "_our_name": "p0y18300ee2"}