{"id": "battle-gen9randombattle-1596", "formatid": "gen9randombattle", "format": "[Gen 9] Random Battle", "players": ["p0x15966b99", "p0y1596096f"], "log": "|init|battle\n|title|p0x15966b99 vs. p0y1596096f\n|j|\u2606p0x15966b99\n|j|\u2606p0y1596096f\n|t:|1783557702\n|gametype|singles\n|player|p1|p0x15966b99|170|\n|player|p2|p0y1596096f|170|\n|gen|9\n|tier|[Gen 9] Random Battle\n|rule|Species Clause: Limit one of each Pok\u00e9mon\n|rule|HP Percentage Mod: HP is shown in percentages\n|rule|Sleep Clause Mod: Limit one foe put to sleep\n|rule|Illusion Level Mod: Illusion disguises the Pok\u00e9mon's true level\n|\n|t:|1783557702\n|teamsize|p1|6\n|teamsize|p2|6\n|start\n|switch|p1a: Illumise|Illumise, L91, F|266/266\n|switch|p2a: Groudon|Groudon, L72|100/100\n|-weather|SunnyDay|[from] ability: Drought|[of] p2a: Groudon\n|turn|1\n|inactive|Battle timer is ON: inactive players will automatically lose when time's up. (requested by p0x15966b99)\n|\n|t:|1783557703\n|switch|p1a: Quagsire|Quagsire, L84, F|297/297\n|move|p2a: Groudon|Heat Crash|p1a: Quagsire\n|-resisted|p1a: Quagsire\n|-damage|p1a: Quagsire|232/297\n|\n|-weather|SunnyDay|[upkeep]\n|-heal|p1a: Quagsire|250/297|[from] item: Leftovers\n|upkeep\n|turn|2\n|inactive|Time left: 300 sec this turn | 300 sec total\n|inactive|p0y1596096f also wants the timer to be on.\n|\n|t:|1783557704\n|move|p2a: Groudon|Precipice Blades|p1a: Quagsire|[miss]\n|-miss|p2a: Groudon|p1a: Quagsire\n|move|p1a: Quagsire|Ice Beam|p2a: Groudon\n|-supereffective|p2a: Groudon\n|-damage|p2a: Groudon|58/100\n|\n|-weather|SunnyDay|[upkeep]\n|-heal|p2a: Groudon|64/100|[from] item: Leftovers\n|-heal|p1a: Quagsire|268/297|[from] item: Leftovers\n|upkeep\n|turn|3\n|inactive|Time left: 300 sec this turn | 300 sec total\n|\n|t:|1783557705\n|move|p2a: Groudon|Precipice Blades|p1a: Quagsire|[miss]\n|-miss|p2a: Groudon|p1a: Quagsire\n|move|p1a: Quagsire|Toxic|p2a: Groudon\n|-status|p2a: Groudon|tox\n|\n|-weather|SunnyDay|[upkeep]\n|-heal|p2a: Groudon|70/100 tox|[from] item: Leftovers\n|-heal|p1a: Quagsire|286/297|[from] item: Leftovers\n|-damage|p2a: Groudon|64/100 tox|[from] psn\n|upkeep\n|turn|4\n|inactive|Time left: 300 sec this turn | 300 sec total\n|\n|t:|1783557706\n|move|p2a: Groudon|Precipice Blades|p1a: Quagsire\n|-damage|p1a: Quagsire|153/297\n|move|p1a: Quagsire|Ice Beam|p2a: Groudon\n|-supereffective|p2a: Groudon\n|-damage|p2a: Groudon|23/100 tox\n|\n|-weather|SunnyDay|[upkeep]\n|-heal|p2a: Groudon|29/100 tox|[from] item: Leftovers\n|-heal|p1a: Quagsire|171/297|[from] item: Leftovers\n|-damage|p2a: Groudon|17/100 tox|[from] psn\n|upkeep\n|turn|5\n|inactive|Time left: 300 sec this turn | 300 sec total\n|\n|t:|1783557707\n|move|p2a: Groudon|Precipice Blades|p1a: Quagsire|[miss]\n|-miss|p2a: Groudon|p1a: Quagsire\n|move|p1a: Quagsire|Recover|p1a: Quagsire\n|-heal|p1a: Quagsire|297/297\n|\n|-weather|none\n|-heal|p2a: Groudon|23/100 tox|[from] item: Leftovers\n|-damage|p2a: Groudon|5/100 tox|[from] psn\n|upkeep\n|turn|6\n|inactive|Time left: 300 sec this turn | 300 sec total\n|\n|t:|1783557708\n|move|p2a: Groudon|Precipice Blades|p1a: Quagsire|[miss]\n|-miss|p2a: Groudon|p1a: Quagsire\n|move|p1a: Quagsire|Ice Beam|p2a: Groudon\n|-supereffective|p2a: Groudon\n|-damage|p2a: Groudon|0 fnt\n|faint|p2a: Groudon\n|\n|upkeep\n|\n|t:|1783557709\n|switch|p2a: Eelektross|Eelektross, L87, M|100/100\n|turn|7\n|inactive|Time left: 300 sec this turn | 300 sec total\n|\n|t:|1783557711\n|move|p2a: Eelektross|Coil|p2a: Eelektross\n|-boost|p2a: Eelektross|atk|1\n|-boost|p2a: Eelektross|def|1\n|-boost|p2a: Eelektross|accuracy|1\n|move|p1a: Quagsire|Toxic|p2a: Eelektross\n|-status|p2a: Eelektross|tox\n|\n|-damage|p2a: Eelektross|94/100 tox|[from] psn\n|upkeep\n|turn|8\n|inactive|Time left: 300 sec this turn | 300 sec total\n|\n|t:|1783557712\n|move|p2a: Eelektross|Coil|p2a: Eelektross\n|-boost|p2a: Eelektross|atk|1\n|-boost|p2a: Eelektross|def|1\n|-boost|p2a: Eelektross|accuracy|1\n|move|p1a: Quagsire|Ice Beam|p2a: Eelektross\n|-damage|p2a: Eelektross|78/100 tox\n|\n|-heal|p2a: Eelektross|84/100 tox|[from] item: Leftovers\n|-damage|p2a: Eelektross|72/100 tox|[from] psn\n|upkeep\n|turn|9\n|inactive|Time left: 300 sec this turn | 300 sec total\n|\n|t:|1783557713\n|move|p2a: Eelektross|Drain Punch|p1a: Quagsire\n|-damage|p1a: Quagsire|233/297\n|-heal|p2a: Eelektross|83/100 tox|[from] drain|[of] p1a: Quagsire\n|move|p1a: Quagsire|Ice Beam|p2a: Eelektross\n|-damage|p2a: Eelektross|64/100 tox\n|\n|-heal|p2a: Eelektross|70/100 tox|[from] item: Leftovers\n|-heal|p1a: Quagsire|251/297|[from] item: Leftovers\n|-damage|p2a: Eelektross|52/100 tox|[from] psn\n|upkeep\n|turn|10\n|inactive|Time left: 300 sec this turn | 300 sec total\n|\n|t:|1783557714\n|move|p2a: Eelektross|Knock Off|p1a: Quagsire\n|-damage|p1a: Quagsire|164/297\n|-enditem|p1a: Quagsire|Leftovers|[from] move: Knock Off|[of] p2a: Eelektross\n|move|p1a: Quagsire|Ice Beam|p2a: Eelektross\n|-damage|p2a: Eelektross|34/100 tox\n|\n|-heal|p2a: Eelektross|40/100 tox|[from] item: Leftovers\n|-damage|p2a: Eelektross|15/100 tox|[from] psn\n|upkeep\n|turn|11\n|inactive|Time left: 300 sec this turn | 300 sec total\n|\n|t:|1783557715\n|move|p2a: Eelektross|Drain Punch|p1a: Quagsire\n|-damage|p1a: Quagsire|94/297\n|-heal|p2a: Eelektross|27/100 tox|[from] drain|[of] p1a: Quagsire\n|move|p1a: Quagsire|Recover|p1a: Quagsire\n|-heal|p1a: Quagsire|243/297\n|\n|-heal|p2a: Eelektross|33/100 tox|[from] item: Leftovers\n|-damage|p2a: Eelektross|2/100 tox|[from] psn\n|upkeep\n|turn|12\n|inactive|Time left: 300 sec this turn | 300 sec total\n|\n|t:|1783557716\n|move|p2a: Eelektross|Knock Off|p1a: Quagsire\n|-damage|p1a: Quagsire|187/297\n|move|p1a: Quagsire|Earthquake|p2a: Eelektross\n|-immune|p2a: Eelektross|[from] ability: Levitate\n|\n|-heal|p2a: Eelektross|8/100 tox|[from] item: Leftovers\n|-damage|p2a: Eelektross|0 fnt|[from] psn\n|faint|p2a: Eelektross\n|upkeep\n|\n|t:|1783557717\n|switch|p2a: Seviper|Seviper, L93, M|100/100\n|turn|13\n|inactive|Time left: 300 sec this turn | 300 sec total\n|\n|t:|1783557718\n|move|p2a: Seviper|Trailblaze|p1a: Quagsire\n|-supereffective|p1a: Quagsire\n|-damage|p1a: Quagsire|0 fnt\n|-boost|p2a: Seviper|spe|1\n|faint|p1a: Quagsire\n|\n|upkeep\n|inactive|Time left: 300 sec this turn | 300 sec total | 5 sec grace\n|\n|t:|1783557719\n|switch|p1a: Articuno|Articuno-Galar, L84|288/288\n|turn|14\n|inactive|Time left: 300 sec this turn | 300 sec total\n|\n|t:|1783557720\n|-terastallize|p2a: Seviper|Ground\n|move|p2a: Seviper|Swords Dance|p2a: Seviper\n|-boost|p2a: Seviper|atk|2\n|move|p1a: Articuno|Freezing Glare|p2a: Seviper\n|-damage|p2a: Seviper|56/100\n|\n|-heal|p2a: Seviper|62/100|[from] item: Leftovers\n|upkeep\n|turn|15\n|inactive|Time left: 300 sec this turn | 300 sec total\n|\n|t:|1783557721\n|switch|p1a: Skarmory|Skarmory, L80, F|235/235\n|move|p2a: Seviper|Gunk Shot|p1a: Skarmory\n|-immune|p1a: Skarmory\n|\n|-heal|p2a: Seviper|68/100|[from] item: Leftovers\n|upkeep\n|turn|16\n|inactive|Time left: 300 sec this turn | 300 sec total\n|\n|t:|1783557722\n|move|p2a: Seviper|Gunk Shot|p1a: Skarmory\n|-immune|p1a: Skarmory\n|move|p1a: Skarmory|Brave Bird|p2a: Seviper\n|-damage|p2a: Seviper|23/100\n|-damage|p1a: Skarmory|192/235|[from] Recoil\n|\n|-heal|p2a: Seviper|29/100|[from] item: Leftovers\n|-heal|p1a: Skarmory|206/235|[from] item: Leftovers\n|upkeep\n|turn|17\n|inactive|Time left: 300 sec this turn | 300 sec total\n|\n|t:|1783557723\n|switch|p2a: Zekrom|Zekrom, L71|100/100\n|-ability|p2a: Zekrom|Teravolt\n|move|p1a: Skarmory|Brave Bird|p2a: Zekrom\n|-resisted|p2a: Zekrom\n|-damage|p2a: Zekrom|82/100\n|-damage|p1a: Skarmory|190/235|[from] Recoil\n|\n|-heal|p2a: Zekrom|88/100|[from] item: Leftovers\n|-heal|p1a: Skarmory|204/235|[from] item: Leftovers\n|upkeep\n|turn|18\n|inactive|Time left: 300 sec this turn | 300 sec total\n|\n|t:|1783557724\n|move|p2a: Zekrom|Bolt Strike|p1a: Skarmory\n|-supereffective|p1a: Skarmory\n|-damage|p1a: Skarmory|16/235\n|move|p1a: Skarmory|Spikes|p2a: Zekrom\n|-sidestart|p2: p0y1596096f|Spikes\n|\n|-heal|p2a: Zekrom|94/100|[from] item: Leftovers\n|-heal|p1a: Skarmory|30/235|[from] item: Leftovers\n|upkeep\n|turn|19\n|inactive|Time left: 300 sec this turn | 300 sec total\n|\n|t:|1783557725\n|switch|p1a: Articuno|Articuno-Galar, L84|288/288\n|move|p2a: Zekrom|Outrage|p1a: Articuno\n|-damage|p1a: Articuno|162/288\n|\n|-heal|p2a: Zekrom|100/100|[from] item: Leftovers\n|upkeep\n|turn|20\n|inactive|Time left: 300 sec this turn | 300 sec total\n|\n|t:|1783557726\n|-terastallize|p1a: Articuno|Steel\n|move|p1a: Articuno|Calm Mind|p1a: Articuno\n|-boost|p1a: Articuno|spa|1\n|-boost|p1a: Articuno|spd|1\n|move|p2a: Zekrom|Outrage|p1a: Articuno|[from] lockedmove\n|-resisted|p1a: Articuno\n|-damage|p1a: Articuno|100/288\n|\n|upkeep\n|turn|21\n|inactive|Time left: 300 sec this turn | 300 sec total\n|\n|t:|1783557727\n|move|p1a: Articuno|Freezing Glare|p2a: Zekrom\n|-damage|p2a: Zekrom|24/100\n|move|p2a: Zekrom|Outrage|p1a: Articuno|[from] lockedmove\n|-resisted|p1a: Articuno\n|-damage|p1a: Articuno|28/288\n|-start|p2a: Zekrom|confusion|[fatigue]\n|\n|-heal|p2a: Zekrom|30/100|[from] item: Leftovers\n|upkeep\n|turn|22\n|inactive|Time left: 300 sec this turn | 300 sec total\n|\n|t:|1783557728\n|move|p1a: Articuno|Recover|p1a: Articuno\n|-heal|p1a: Articuno|172/288\n|-activate|p2a: Zekrom|confusion\n|move|p2a: Zekrom|Bolt Strike|p1a: Articuno\n|-damage|p1a: Articuno|19/288\n|-status|p1a: Articuno|par\n|\n|-heal|p2a: Zekrom|36/100|[from] item: Leftovers\n|upkeep\n|turn|23\n|inactive|Time left: 300 sec this turn | 300 sec total\n|\n|t:|1783557729\n|-activate|p2a: Zekrom|confusion\n|move|p2a: Zekrom|Outrage|p1a: Articuno\n|-resisted|p1a: Articuno\n|-damage|p1a: Articuno|0 fnt\n|faint|p1a: Articuno\n|\n|-heal|p2a: Zekrom|43/100|[from] item: Leftovers\n|upkeep\n|inactive|Time left: 300 sec this turn | 300 sec total | 5 sec grace\n|\n|t:|1783557730\n|switch|p1a: Iron Moth|Iron Moth, L78|253/253\n|turn|24\n|inactive|Time left: 300 sec this turn | 300 sec total\n|\n|t:|1783557731\n|move|p1a: Iron Moth|Sludge Wave|p2a: Zekrom\n|-damage|p2a: Zekrom|0 fnt\n|faint|p2a: Zekrom\n|\n|upkeep\n|\n|t:|1783557732\n|switch|p2a: Swanna|Swanna, L89, F|100/100\n|turn|25\n|inactive|Time left: 300 sec this turn | 300 sec total\n|\n|t:|1783557733\n|move|p2a: Swanna|Hydro Pump|p1a: Iron Moth\n|-supereffective|p1a: Iron Moth\n|-damage|p1a: Iron Moth|29/253\n|move|p1a: Iron Moth|Sludge Wave|p2a: Swanna\n|-damage|p2a: Swanna|50/100\n|\n|upkeep\n|turn|26\n|inactive|Time left: 300 sec this turn | 300 sec total\n|\n|t:|1783557734\n|move|p2a: Swanna|Brave Bird|p1a: Iron Moth\n|-damage|p1a: Iron Moth|0 fnt\n|faint|p1a: Iron Moth\n|-end|p1a: Iron Moth|Quark Drive|[silent]\n|-damage|p2a: Swanna|47/100|[from] Recoil\n|\n|upkeep\n|inactive|Time left: 300 sec this turn | 300 sec total | 5 sec grace\n|\n|t:|1783557734\n|switch|p1a: Illumise|Illumise, L91, F|266/266\n|turn|27\n|inactive|Time left: 300 sec this turn | 300 sec total\n|\n|t:|1783557736\n|move|p1a: Illumise|Thunder Wave|p2a: Swanna\n|-status|p2a: Swanna|par\n|move|p2a: Swanna|Roost|p2a: Swanna\n|-heal|p2a: Swanna|97/100 par\n|-singleturn|p2a: Swanna|move: Roost\n|\n|upkeep\n|turn|28\n|inactive|Time left: 300 sec this turn | 300 sec total\n|\n|t:|1783557737\n|move|p1a: Illumise|Encore|p2a: Swanna\n|-start|p2a: Swanna|Encore\n|cant|p2a: Swanna|par\n|\n|upkeep\n|turn|29\n|inactive|Time left: 300 sec this turn | 300 sec total\n|\n|t:|1783557738\n|switch|p2a: Cinccino|Cinccino, L83, M|100/100\n|-damage|p2a: Cinccino|88/100|[from] Spikes\n|move|p1a: Illumise|Bug Buzz|p2a: Cinccino\n|-damage|p2a: Cinccino|42/100\n|\n|upkeep\n|turn|30\n|inactive|Time left: 300 sec this turn | 300 sec total\n|\n|t:|1783557739\n|move|p2a: Cinccino|Triple Axel|p1a: Illumise\n|-damage|p1a: Illumise|245/266\n|-damage|p1a: Illumise|204/266\n|-damage|p1a: Illumise|137/266\n|-hitcount|p1a: Illumise|3\n|move|p1a: Illumise|Bug Buzz|p2a: Cinccino\n|-damage|p2a: Cinccino|0 fnt\n|faint|p2a: Cinccino\n|\n|upkeep\n|\n|t:|1783557740\n|switch|p2a: Swanna|Swanna, L89, F|97/100 par\n|turn|31\n|inactive|Time left: 300 sec this turn | 300 sec total\n|\n|t:|1783557741\n|move|p1a: Illumise|Roost|p1a: Illumise\n|-heal|p1a: Illumise|266/266\n|-singleturn|p1a: Illumise|move: Roost\n|cant|p2a: Swanna|par\n|\n|upkeep\n|turn|32\n|inactive|Time left: 300 sec this turn | 300 sec total\n|\n|t:|1783557742\n|switch|p1a: Skarmory|Skarmory, L80, F|30/235\n|move|p2a: Swanna|Brave Bird|p1a: Skarmory\n|-resisted|p1a: Skarmory\n|-damage|p1a: Skarmory|0 fnt\n|faint|p1a: Skarmory\n|-damage|p2a: Swanna|93/100 par|[from] Recoil\n|\n|upkeep\n|inactive|Time left: 300 sec this turn | 300 sec total | 5 sec grace\n|\n|t:|1783557743\n|switch|p1a: Illumise|Illumise, L91, F|266/266\n|turn|33\n|inactive|Time left: 300 sec this turn | 300 sec total\n|\n|t:|1783557743\n|move|p1a: Illumise|Bug Buzz|p2a: Swanna\n|-resisted|p2a: Swanna\n|-damage|p2a: Swanna|73/100 par\n|-unboost|p2a: Swanna|spd|1\n|move|p2a: Swanna|Hydro Pump|p1a: Illumise\n|-damage|p1a: Illumise|160/266\n|\n|upkeep\n|turn|34\n|inactive|Time left: 300 sec this turn | 300 sec total\n|\n|t:|1783557744\n|move|p1a: Illumise|Encore|p2a: Swanna\n|-start|p2a: Swanna|Encore\n|cant|p2a: Swanna|par\n|\n|upkeep\n|turn|35\n|inactive|Time left: 300 sec this turn | 300 sec total\n|\n|t:|1783557746\n|move|p1a: Illumise|Roost|p1a: Illumise\n|-heal|p1a: Illumise|266/266\n|-singleturn|p1a: Illumise|move: Roost\n|cant|p2a: Swanna|par\n|\n|upkeep\n|turn|36\n|inactive|Time left: 300 sec this turn | 300 sec total\n|\n|t:|1783557747\n|move|p1a: Illumise|Bug Buzz|p2a: Swanna\n|-resisted|p2a: Swanna\n|-crit|p2a: Swanna\n|-damage|p2a: Swanna|32/100 par\n|-unboost|p2a: Swanna|spd|1\n|move|p2a: Swanna|Hydro Pump|p1a: Illumise\n|-damage|p1a: Illumise|155/266\n|\n|-end|p2a: Swanna|Encore\n|upkeep\n|turn|37\n|inactive|Time left: 300 sec this turn | 300 sec total\n|\n|t:|1783557748\n|switch|p2a: Seviper|Seviper, L93, M, tera:Ground|29/100\n|-damage|p2a: Seviper|17/100|[from] Spikes\n|move|p1a: Illumise|Bug Buzz|p2a: Seviper\n|-damage|p2a: Seviper|0 fnt\n|faint|p2a: Seviper\n|\n|upkeep\n|\n|t:|1783557749\n|switch|p2a: Swanna|Swanna, L89, F|32/100 par\n|turn|38\n|inactive|Time left: 300 sec this turn | 300 sec total\n|\n|t:|1783557750\n|move|p1a: Illumise|Bug Buzz|p2a: Swanna\n|-resisted|p2a: Swanna\n|-damage|p2a: Swanna|12/100 par\n|move|p2a: Swanna|Roost|p2a: Swanna\n|-heal|p2a: Swanna|62/100 par\n|-singleturn|p2a: Swanna|move: Roost\n|\n|upkeep\n|turn|39\n|inactive|Time left: 300 sec this turn | 300 sec total\n|\n|t:|1783557751\n|move|p1a: Illumise|Encore|p2a: Swanna\n|-start|p2a: Swanna|Encore\n|cant|p2a: Swanna|par\n|\n|upkeep\n|turn|40\n|inactive|Time left: 300 sec this turn | 300 sec total\n|\n|t:|1783557752\n|move|p1a: Illumise|Roost|p1a: Illumise\n|-heal|p1a: Illumise|266/266\n|-singleturn|p1a: Illumise|move: Roost\n|move|p2a: Swanna|Roost|p2a: Swanna\n|-heal|p2a: Swanna|100/100 par\n|-singleturn|p2a: Swanna|move: Roost\n|\n|upkeep\n|turn|41\n|inactive|Time left: 300 sec this turn | 300 sec total\n|\n|t:|1783557753\n|move|p1a: Illumise|Bug Buzz|p2a: Swanna\n|-resisted|p2a: Swanna\n|-damage|p2a: Swanna|80/100 par\n|move|p2a: Swanna|Roost|p2a: Swanna\n|-heal|p2a: Swanna|100/100 par\n|-singleturn|p2a: Swanna|move: Roost\n|\n|-end|p2a: Swanna|Encore\n|upkeep\n|turn|42\n|inactive|Time left: 300 sec this turn | 300 sec total\n|\n|t:|1783557754\n|move|p1a: Illumise|Encore|p2a: Swanna\n|-start|p2a: Swanna|Encore\n|move|p2a: Swanna|Roost||[still]\n|-fail|p2a: Swanna|heal\n|\n|upkeep\n|turn|43\n|inactive|Time left: 300 sec this turn | 300 sec total\n|\n|t:|1783557755\n|switch|p1a: Ditto|Ditto, L87|225/225\n|-transform|p1a: Ditto|p2a: Swanna|[from] ability: Imposter\n|cant|p2a: Swanna|par\n|\n|upkeep\n|turn|44\n|inactive|Time left: 300 sec this turn | 300 sec total\n|\n|t:|1783557756\n|move|p1a: Ditto|Defog|p2a: Swanna\n|-unboost|p2a: Swanna|evasion|1\n|-sideend|p2: p0y1596096f|Spikes|[from] move: Defog|[of] p1a: Ditto\n|move|p2a: Swanna|Roost||[still]\n|-fail|p2a: Swanna|heal\n|\n|-end|p2a: Swanna|Encore\n|upkeep\n|turn|45\n|inactive|Time left: 300 sec this turn | 300 sec total\n|\n|t:|1783557757\n|switch|p1a: Illumise|Illumise, L91, F|266/266\n|cant|p2a: Swanna|par\n|\n|upkeep\n|turn|46\n|inactive|Time left: 300 sec this turn | 300 sec total\n|\n|t:|1783557758\n|move|p1a: Illumise|Encore|p2a: Swanna\n|-start|p2a: Swanna|Encore\n|move|p2a: Swanna|Roost||[still]\n|-fail|p2a: Swanna|heal\n|\n|upkeep\n|turn|47\n|inactive|Time left: 300 sec this turn | 300 sec total\n|\n|t:|1783557759\n|move|p1a: Illumise|Bug Buzz|p2a: Swanna\n|-resisted|p2a: Swanna\n|-damage|p2a: Swanna|81/100 par\n|cant|p2a: Swanna|par\n|\n|upkeep\n|turn|48\n|inactive|Time left: 300 sec this turn | 300 sec total\n|\n|t:|1783557759\n|move|p1a: Illumise|Bug Buzz|p2a: Swanna\n|-resisted|p2a: Swanna\n|-damage|p2a: Swanna|60/100 par\n|move|p2a: Swanna|Roost|p2a: Swanna\n|-heal|p2a: Swanna|100/100 par\n|-singleturn|p2a: Swanna|move: Roost\n|\n|-end|p2a: Swanna|Encore\n|upkeep\n|turn|49\n|inactive|Time left: 300 sec this turn | 300 sec total\n|\n|t:|1783557760\n|move|p1a: Illumise|Encore||[still]\n|-fail|p1a: Illumise\n|cant|p2a: Swanna|par\n|\n|upkeep\n|turn|50\n|inactive|Time left: 300 sec this turn | 300 sec total\n|\n|t:|1783557761\n|move|p1a: Illumise|Encore||[still]\n|-fail|p1a: Illumise\n|move|p2a: Swanna|Brave Bird|p1a: Illumise\n|-supereffective|p1a: Illumise\n|-damage|p1a: Illumise|12/266\n|-damage|p2a: Swanna|70/100 par|[from] Recoil\n|\n|upkeep\n|turn|51\n|inactive|Time left: 300 sec this turn | 300 sec total\n|\n|t:|1783557762\n|move|p1a: Illumise|Roost|p1a: Illumise\n|-heal|p1a: Illumise|145/266\n|-singleturn|p1a: Illumise|move: Roost\n|move|p2a: Swanna|Brave Bird|p1a: Illumise\n|-supereffective|p1a: Illumise\n|-damage|p1a: Illumise|0 fnt\n|faint|p1a: Illumise\n|-damage|p2a: Swanna|53/100 par|[from] Recoil\n|\n|upkeep\n|inactive|Time left: 300 sec this turn | 300 sec total | 5 sec grace\n|\n|t:|1783557763\n|switch|p1a: Ditto|Ditto, L87|225/225\n|-transform|p1a: Ditto|p2a: Swanna|[from] ability: Imposter\n|turn|52\n|inactive|Time left: 300 sec this turn | 300 sec total\n|\n|t:|1783557764\n|move|p1a: Ditto|Brave Bird|p2a: Swanna\n|-damage|p2a: Swanna|2/100 par\n|-damage|p1a: Ditto|178/225|[from] Recoil\n|cant|p2a: Swanna|par\n|\n|upkeep\n|turn|53\n|inactive|Time left: 300 sec this turn | 300 sec total\n|\n|t:|1783557764\n|move|p1a: Ditto|Brave Bird|p2a: Swanna\n|-damage|p2a: Swanna|0 fnt\n|faint|p2a: Swanna\n|-damage|p1a: Ditto|177/225|[from] Recoil\n|\n|win|p0x15966b99", "uploadtime": 1783557764, "views": 0, "rating": 0, "private": 0, "password": null, "_winner": "p0x15966b99", "_our_name": "p0x15966b99"}