{"id": "battle-gen9randombattle-720", "formatid": "gen9randombattle", "format": "[Gen 9] Random Battle", "players": ["p0x7209b14", "p0y720e8f2"], "log": "|init|battle\n|title|p0x7209b14 vs. p0y720e8f2\n|j|\u2606p0x7209b14\n|j|\u2606p0y720e8f2\n|t:|1783548180\n|gametype|singles\n|player|p1|p0x7209b14|101|\n|player|p2|p0y720e8f2|101|\n|gen|9\n|tier|[Gen 9] Random Battle\n|rule|Species Clause: Limit one of each Pok\u00e9mon\n|rule|HP Percentage Mod: HP is shown in percentages\n|rule|Sleep Clause Mod: Limit one foe put to sleep\n|rule|Illusion Level Mod: Illusion disguises the Pok\u00e9mon's true level\n|\n|t:|1783548180\n|teamsize|p1|6\n|teamsize|p2|6\n|start\n|switch|p1a: Gallade|Gallade, L80, M|240/240\n|switch|p2a: Abomasnow|Abomasnow, L84, F|100/100\n|-weather|Snowscape|[from] ability: Snow Warning|[of] p2a: Abomasnow\n|turn|1\n|inactive|Battle timer is ON: inactive players will automatically lose when time's up. (requested by p0x7209b14)\n|inactive|p0y720e8f2 also wants the timer to be on.\n|\n|t:|1783548182\n|move|p1a: Gallade|Sacred Sword|p2a: Abomasnow\n|-supereffective|p2a: Abomasnow\n|-damage|p2a: Abomasnow|0 fnt\n|faint|p2a: Abomasnow\n|-damage|p1a: Gallade|216/240|[from] item: Life Orb\n|\n|-weather|Snowscape|[upkeep]\n|upkeep\n|\n|t:|1783548183\n|switch|p2a: Clawitzer|Clawitzer, L87, M|100/100\n|turn|2\n|inactive|Time left: 300 sec this turn | 300 sec total\n|\n|t:|1783548184\n|move|p1a: Gallade|Sacred Sword|p2a: Clawitzer\n|-damage|p2a: Clawitzer|28/100\n|-damage|p1a: Gallade|192/240|[from] item: Life Orb\n|move|p2a: Clawitzer|Water Pulse|p1a: Gallade\n|-damage|p1a: Gallade|44/240\n|\n|-weather|Snowscape|[upkeep]\n|upkeep\n|turn|3\n|inactive|Time left: 300 sec this turn | 300 sec total\n|\n|t:|1783548185\n|move|p1a: Gallade|Sacred Sword|p2a: Clawitzer\n|-damage|p2a: Clawitzer|0 fnt\n|faint|p2a: Clawitzer\n|-damage|p1a: Gallade|20/240|[from] item: Life Orb\n|\n|-weather|Snowscape|[upkeep]\n|upkeep\n|\n|t:|1783548186\n|switch|p2a: Hitmonchan|Hitmonchan, L87, M|100/100\n|turn|4\n|inactive|Time left: 300 sec this turn | 300 sec total\n|\n|t:|1783548187\n|switch|p1a: Lurantis|Lurantis, L87, M|264/264\n|move|p2a: Hitmonchan|Knock Off|p1a: Lurantis\n|-damage|p1a: Lurantis|196/264\n|-enditem|p1a: Lurantis|Leftovers|[from] move: Knock Off|[of] p2a: Hitmonchan\n|\n|-weather|Snowscape|[upkeep]\n|upkeep\n|turn|5\n|inactive|Time left: 300 sec this turn | 300 sec total\n|\n|t:|1783548188\n|move|p2a: Hitmonchan|Swords Dance|p2a: Hitmonchan\n|-boost|p2a: Hitmonchan|atk|2\n|move|p1a: Lurantis|Superpower|p2a: Hitmonchan\n|-damage|p2a: Hitmonchan|58/100\n|-boost|p1a: Lurantis|atk|1\n|-boost|p1a: Lurantis|def|1\n|\n|-weather|none\n|-heal|p2a: Hitmonchan|64/100|[from] item: Leftovers\n|upkeep\n|turn|6\n|inactive|Time left: 300 sec this turn | 300 sec total\n|\n|t:|1783548189\n|-terastallize|p2a: Hitmonchan|Fighting\n|-terastallize|p1a: Lurantis|Fighting\n|move|p2a: Hitmonchan|Drain Punch|p1a: Lurantis\n|-damage|p1a: Lurantis|16/264\n|-heal|p2a: Hitmonchan|100/100|[from] drain|[of] p1a: Lurantis\n|move|p1a: Lurantis|Superpower|p2a: Hitmonchan\n|-damage|p2a: Hitmonchan|4/100\n|-boost|p1a: Lurantis|atk|1\n|-boost|p1a: Lurantis|def|1\n|\n|-heal|p2a: Hitmonchan|11/100|[from] item: Leftovers\n|upkeep\n|turn|7\n|inactive|Time left: 300 sec this turn | 300 sec total\n|\n|t:|1783548190\n|switch|p1a: Chandelure|Chandelure, L83, M|235/235\n|move|p2a: Hitmonchan|Drain Punch|p1a: Chandelure\n|-immune|p1a: Chandelure\n|\n|-heal|p2a: Hitmonchan|17/100|[from] item: Leftovers\n|upkeep\n|turn|8\n|inactive|Time left: 300 sec this turn | 300 sec total\n|\n|t:|1783548191\n|move|p1a: Chandelure|Energy Ball|p2a: Hitmonchan\n|-damage|p2a: Hitmonchan|0 fnt\n|faint|p2a: Hitmonchan\n|\n|upkeep\n|\n|t:|1783548192\n|switch|p2a: Flapple|Flapple, L88, M|100/100\n|turn|9\n|inactive|Time left: 300 sec this turn | 300 sec total\n|\n|t:|1783548193\n|switch|p1a: Lurantis|Lurantis, L87, M, tera:Fighting|16/264\n|move|p2a: Flapple|Dragon Dance|p2a: Flapple\n|-boost|p2a: Flapple|atk|1\n|-boost|p2a: Flapple|spe|1\n|\n|upkeep\n|turn|10\n|inactive|Time left: 300 sec this turn | 300 sec total\n|\n|t:|1783548194\n|move|p2a: Flapple|Outrage|p1a: Lurantis\n|-damage|p1a: Lurantis|0 fnt\n|faint|p1a: Lurantis\n|\n|upkeep\n|inactive|Time left: 300 sec this turn | 300 sec total | 5 sec grace\n|\n|t:|1783548195\n|switch|p1a: Chandelure|Chandelure, L83, M|235/235\n|turn|11\n|inactive|Time left: 300 sec this turn | 300 sec total\n|\n|t:|1783548196\n|move|p1a: Chandelure|Fire Blast|p2a: Flapple\n|-damage|p2a: Flapple|26/100\n|move|p2a: Flapple|Outrage|p1a: Chandelure|[from] lockedmove\n|-damage|p1a: Chandelure|0 fnt\n|faint|p1a: Chandelure\n|-start|p2a: Flapple|confusion|[fatigue]\n|\n|upkeep\n|inactive|Time left: 300 sec this turn | 300 sec total | 5 sec grace\n|\n|t:|1783548197\n|switch|p1a: Gallade|Gallade, L80, M|20/240\n|turn|12\n|inactive|Time left: 300 sec this turn | 300 sec total\n|\n|t:|1783548198\n|-activate|p2a: Flapple|confusion\n|move|p2a: Flapple|Outrage|p1a: Gallade\n|-damage|p1a: Gallade|0 fnt\n|faint|p1a: Gallade\n|\n|upkeep\n|inactive|Time left: 300 sec this turn | 300 sec total | 5 sec grace\n|\n|t:|1783548199\n|switch|p1a: Iron Jugulis|Iron Jugulis, L77|271/271\n|turn|13\n|inactive|Time left: 300 sec this turn | 300 sec total\n|\n|t:|1783548200\n|-end|p2a: Flapple|confusion\n|move|p2a: Flapple|Outrage|p1a: Iron Jugulis|[from] lockedmove\n|-crit|p1a: Iron Jugulis\n|-damage|p1a: Iron Jugulis|0 fnt\n|faint|p1a: Iron Jugulis\n|-end|p1a: Iron Jugulis|Quark Drive|[silent]\n|\n|upkeep\n|inactive|Time left: 300 sec this turn | 300 sec total | 5 sec grace\n|\n|t:|1783548201\n|switch|p1a: Toxtricity|Toxtricity, L82, M|257/257\n|turn|14\n|inactive|Time left: 300 sec this turn | 300 sec total\n|\n|t:|1783548202\n|move|p2a: Flapple|Outrage|p1a: Toxtricity|[from] lockedmove\n|-damage|p1a: Toxtricity|0 fnt\n|faint|p1a: Toxtricity\n|-start|p2a: Flapple|confusion|[fatigue]\n|\n|upkeep\n|inactive|Time left: 300 sec this turn | 300 sec total | 5 sec grace\n|\n|t:|1783548203\n|switch|p1a: Flareon|Flareon, L90, F|263/263\n|turn|15\n|inactive|Time left: 300 sec this turn | 300 sec total\n|\n|t:|1783548204\n|-activate|p2a: Flapple|confusion\n|move|p2a: Flapple|Outrage|p1a: Flareon|[miss]\n|-miss|p2a: Flapple|p1a: Flareon\n|move|p1a: Flareon|Will-O-Wisp|p2a: Flapple\n|-status|p2a: Flapple|brn\n|\n|-damage|p2a: Flapple|20/100 brn|[from] brn\n|-status|p1a: Flareon|tox|[from] item: Toxic Orb\n|upkeep\n|turn|16\n|inactive|Time left: 300 sec this turn | 300 sec total\n|\n|t:|1783548204\n|-activate|p2a: Flapple|confusion\n|move|p2a: Flapple|Outrage|p1a: Flareon\n|-damage|p1a: Flareon|38/263 tox\n|move|p1a: Flareon|Trailblaze|p2a: Flapple\n|-resisted|p2a: Flapple\n|-damage|p2a: Flapple|13/100 brn\n|-boost|p1a: Flareon|spe|1\n|\n|-damage|p1a: Flareon|22/263 tox|[from] psn\n|-damage|p2a: Flapple|7/100 brn|[from] brn\n|upkeep\n|turn|17\n|inactive|Time left: 300 sec this turn | 300 sec total\n|\n|t:|1783548205\n|-activate|p2a: Flapple|confusion\n|move|p2a: Flapple|Outrage|p1a: Flareon|[from] lockedmove\n|-damage|p1a: Flareon|0 fnt\n|faint|p1a: Flareon\n|\n|win|p0y720e8f2", "uploadtime": 1783548205, "views": 0, "rating": 0, "private": 0, "password": null, "_winner": "p0y720e8f2", "_our_name": "p0x7209b14"}