{"id": "battle-gen9randombattle-197", "formatid": "gen9randombattle", "format": "[Gen 9] Random Battle", "players": ["p0x1976aa7", "p0y19705a5"], "log": "|init|battle\n|title|p0x1976aa7 vs. p0y19705a5\n|j|\u2606p0x1976aa7\n|j|\u2606p0y19705a5\n|t:|1783541400\n|gametype|singles\n|player|p1|p0x1976aa7|2|\n|player|p2|p0y19705a5|266|\n|gen|9\n|tier|[Gen 9] Random Battle\n|rule|Species Clause: Limit one of each Pok\u00e9mon\n|rule|HP Percentage Mod: HP is shown in percentages\n|rule|Sleep Clause Mod: Limit one foe put to sleep\n|rule|Illusion Level Mod: Illusion disguises the Pok\u00e9mon's true level\n|\n|t:|1783541400\n|teamsize|p1|6\n|teamsize|p2|6\n|start\n|switch|p1a: Incineroar|Incineroar, L82, F|290/290\n|switch|p2a: Lilligant|Lilligant-Hisui, L79, F|100/100\n|-ability|p1a: Incineroar|Intimidate|boost\n|-unboost|p2a: Lilligant|atk|1\n|turn|1\n|inactive|Battle timer is ON: inactive players will automatically lose when time's up. (requested by p0x1976aa7)\n|\n|t:|1783541402\n|move|p2a: Lilligant|Victory Dance|p2a: Lilligant\n|-boost|p2a: Lilligant|atk|1\n|-boost|p2a: Lilligant|def|1\n|-boost|p2a: Lilligant|spe|1\n|move|p1a: Incineroar|Knock Off|p2a: Lilligant\n|-resisted|p2a: Lilligant\n|-damage|p2a: Lilligant|83/100\n|-enditem|p2a: Lilligant|Wide Lens|[from] move: Knock Off|[of] p1a: Incineroar\n|\n|upkeep\n|turn|2\n|inactive|Time left: 300 sec this turn | 300 sec total\n|inactive|p0y19705a5 also wants the timer to be on.\n|\n|t:|1783541403\n|switch|p1a: Masquerain|Masquerain, L87, M|264/264\n|-ability|p1a: Masquerain|Intimidate|boost\n|-unboost|p2a: Lilligant|atk|1\n|move|p2a: Lilligant|Close Combat|p1a: Masquerain\n|-resisted|p1a: Masquerain\n|-damage|p1a: Masquerain|230/264\n|-unboost|p2a: Lilligant|def|1\n|-unboost|p2a: Lilligant|spd|1\n|\n|upkeep\n|turn|3\n|inactive|Time left: 300 sec this turn | 300 sec total\n|\n|t:|1783541405\n|move|p2a: Lilligant|Sleep Powder|p1a: Masquerain\n|-status|p1a: Masquerain|slp|[from] move: Sleep Powder\n|cant|p1a: Masquerain|slp\n|\n|upkeep\n|turn|4\n|inactive|Time left: 300 sec this turn | 300 sec total\n|\n|t:|1783541406\n|switch|p1a: Typhlosion|Typhlosion, L84, M|267/267\n|move|p2a: Lilligant|Victory Dance|p2a: Lilligant\n|-boost|p2a: Lilligant|atk|1\n|-boost|p2a: Lilligant|def|1\n|-boost|p2a: Lilligant|spe|1\n|\n|upkeep\n|turn|5\n|inactive|Time left: 300 sec this turn | 300 sec total\n|\n|t:|1783541407\n|-terastallize|p2a: Lilligant|Fighting\n|move|p2a: Lilligant|Close Combat|p1a: Typhlosion\n|-damage|p1a: Typhlosion|11/267\n|-unboost|p2a: Lilligant|def|1\n|-unboost|p2a: Lilligant|spd|1\n|move|p1a: Typhlosion|Eruption|p2a: Lilligant\n|-damage|p2a: Lilligant|66/100\n|\n|upkeep\n|turn|6\n|inactive|Time left: 300 sec this turn | 300 sec total\n|\n|t:|1783541408\n|switch|p1a: Lunala|Lunala, L70|308/308\n|move|p2a: Lilligant|Victory Dance|p2a: Lilligant\n|-boost|p2a: Lilligant|atk|1\n|-boost|p2a: Lilligant|def|1\n|-boost|p2a: Lilligant|spe|1\n|\n|upkeep\n|turn|7\n|inactive|Time left: 300 sec this turn | 300 sec total\n|\n|t:|1783541409\n|switch|p2a: Klawf|Klawf, L90, M|100/100\n|move|p1a: Lunala|Moonblast|p2a: Klawf\n|-damage|p2a: Klawf|69/100\n|\n|upkeep\n|turn|8\n|inactive|Time left: 300 sec this turn | 300 sec total\n|\n|t:|1783541410\n|move|p2a: Klawf|Knock Off|p1a: Lunala\n|-supereffective|p1a: Lunala\n|-damage|p1a: Lunala|64/308\n|-enditem|p1a: Lunala|Leftovers|[from] move: Knock Off|[of] p2a: Klawf\n|-damage|p2a: Klawf|59/100|[from] item: Life Orb\n|move|p1a: Lunala|Calm Mind|p1a: Lunala\n|-boost|p1a: Lunala|spa|1\n|-boost|p1a: Lunala|spd|1\n|\n|upkeep\n|turn|9\n|inactive|Time left: 300 sec this turn | 300 sec total\n|\n|t:|1783541411\n|move|p2a: Klawf|Crabhammer|p1a: Lunala\n|-damage|p1a: Lunala|0 fnt\n|faint|p1a: Lunala\n|-damage|p2a: Klawf|49/100|[from] item: Life Orb\n|\n|upkeep\n|inactive|Time left: 300 sec this turn | 300 sec total | 5 sec grace\n|\n|t:|1783541412\n|switch|p1a: Typhlosion|Typhlosion, L84, M|11/267\n|turn|10\n|inactive|Time left: 300 sec this turn | 300 sec total\n|\n|t:|1783541412\n|switch|p2a: Keldeo|Keldeo-Resolute, L79|100/100\n|move|p1a: Typhlosion|Fire Blast|p2a: Keldeo\n|-resisted|p2a: Keldeo\n|-damage|p2a: Keldeo|44/100\n|\n|-heal|p2a: Keldeo|50/100|[from] item: Leftovers\n|upkeep\n|turn|11\n|inactive|Time left: 300 sec this turn | 300 sec total\n|\n|t:|1783541413\n|move|p1a: Typhlosion|Fire Blast|p2a: Keldeo\n|-resisted|p2a: Keldeo\n|-damage|p2a: Keldeo|0 fnt\n|faint|p2a: Keldeo\n|\n|upkeep\n|\n|t:|1783541414\n|switch|p2a: Klawf|Klawf, L90, M|82/100\n|turn|12\n|inactive|Time left: 300 sec this turn | 300 sec total\n|\n|t:|1783541415\n|move|p1a: Typhlosion|Fire Blast|p2a: Klawf\n|-resisted|p2a: Klawf\n|-damage|p2a: Klawf|12/100\n|move|p2a: Klawf|Knock Off|p1a: Typhlosion\n|-damage|p1a: Typhlosion|0 fnt\n|-enditem|p1a: Typhlosion|Choice Specs|[from] move: Knock Off|[of] p2a: Klawf\n|faint|p1a: Typhlosion\n|-damage|p2a: Klawf|2/100|[from] item: Life Orb\n|\n|upkeep\n|inactive|Time left: 300 sec this turn | 300 sec total | 5 sec grace\n|\n|t:|1783541416\n|switch|p1a: Ambipom|Ambipom, L84, F|263/263\n|turn|13\n|inactive|Time left: 300 sec this turn | 300 sec total\n|\n|t:|1783541417\n|switch|p2a: Qwilfish|Qwilfish, L86, F|100/100\n|-ability|p2a: Qwilfish|Intimidate|boost\n|-unboost|p1a: Ambipom|atk|1\n|move|p1a: Ambipom|Triple Axel|p2a: Qwilfish\n|-resisted|p2a: Qwilfish\n|-damage|p2a: Qwilfish|96/100\n|-resisted|p2a: Qwilfish\n|-damage|p2a: Qwilfish|87/100\n|-resisted|p2a: Qwilfish\n|-damage|p2a: Qwilfish|75/100\n|-hitcount|p2a: Qwilfish|3\n|\n|upkeep\n|turn|14\n|inactive|Time left: 300 sec this turn | 300 sec total\n|\n|t:|1783541418\n|move|p1a: Ambipom|Triple Axel|p2a: Qwilfish|[miss]\n|-miss|p1a: Ambipom|p2a: Qwilfish\n|move|p2a: Qwilfish|Flip Turn|p1a: Ambipom\n|-damage|p1a: Ambipom|187/263\n|\n|t:|1783541419\n|switch|p2a: Klawf|Klawf, L90, M|35/100|[from] Flip Turn\n|\n|upkeep\n|turn|15\n|inactive|Time left: 300 sec this turn | 300 sec total\n|\n|t:|1783541420\n|switch|p2a: Qwilfish|Qwilfish, L86, F|75/100\n|-ability|p2a: Qwilfish|Intimidate|boost\n|-unboost|p1a: Ambipom|atk|1\n|move|p1a: Ambipom|Triple Axel|p2a: Qwilfish\n|-resisted|p2a: Qwilfish\n|-damage|p2a: Qwilfish|72/100\n|-resisted|p2a: Qwilfish\n|-damage|p2a: Qwilfish|66/100\n|-resisted|p2a: Qwilfish\n|-damage|p2a: Qwilfish|55/100\n|-hitcount|p2a: Qwilfish|3\n|\n|upkeep\n|turn|16\n|inactive|Time left: 300 sec this turn | 300 sec total\n|\n|t:|1783541421\n|switch|p1a: Masquerain|Masquerain, L87, M|230/264 slp\n|-ability|p1a: Masquerain|Intimidate|boost\n|-unboost|p2a: Qwilfish|atk|1\n|move|p2a: Qwilfish|Flip Turn|p1a: Masquerain\n|-damage|p1a: Masquerain|176/264 slp\n|\n|t:|1783541422\n|switch|p2a: Klawf|Klawf, L90, M|68/100|[from] Flip Turn\n|\n|upkeep\n|turn|17\n|inactive|Time left: 300 sec this turn | 300 sec total\n|\n|t:|1783541423\n|cant|p1a: Masquerain|slp\n|move|p2a: Klawf|Stone Edge|p1a: Masquerain\n|-supereffective|p1a: Masquerain\n|-damage|p1a: Masquerain|0 fnt\n|faint|p1a: Masquerain\n|-damage|p2a: Klawf|58/100|[from] item: Life Orb\n|\n|upkeep\n|inactive|Time left: 300 sec this turn | 300 sec total | 5 sec grace\n|\n|t:|1783541424\n|switch|p1a: Ambipom|Ambipom, L84, F|187/263\n|turn|18\n|inactive|Time left: 300 sec this turn | 300 sec total\n|\n|t:|1783541425\n|switch|p2a: Qwilfish|Qwilfish, L86, F|55/100\n|-ability|p2a: Qwilfish|Intimidate|boost\n|-unboost|p1a: Ambipom|atk|1\n|move|p1a: Ambipom|Triple Axel|p2a: Qwilfish\n|-resisted|p2a: Qwilfish\n|-damage|p2a: Qwilfish|51/100\n|-resisted|p2a: Qwilfish\n|-damage|p2a: Qwilfish|43/100\n|-resisted|p2a: Qwilfish\n|-damage|p2a: Qwilfish|31/100\n|-hitcount|p2a: Qwilfish|3\n|\n|upkeep\n|turn|19\n|inactive|Time left: 300 sec this turn | 300 sec total\n|\n|t:|1783541426\n|-terastallize|p1a: Ambipom|Ice\n|move|p1a: Ambipom|Triple Axel|p2a: Qwilfish|[miss]\n|-miss|p1a: Ambipom|p2a: Qwilfish\n|move|p2a: Qwilfish|Gunk Shot|p1a: Ambipom|[miss]\n|-miss|p2a: Qwilfish|p1a: Ambipom\n|\n|upkeep\n|turn|20\n|inactive|Time left: 300 sec this turn | 300 sec total\n|\n|t:|1783541427\n|switch|p2a: Klawf|Klawf, L90, M|91/100\n|move|p1a: Ambipom|Triple Axel|p2a: Klawf\n|-damage|p2a: Klawf|82/100\n|-damage|p2a: Klawf|63/100\n|-hitcount|p2a: Klawf|2\n|\n|upkeep\n|turn|21\n|inactive|Time left: 300 sec this turn | 300 sec total\n|\n|t:|1783541428\n|move|p1a: Ambipom|Triple Axel|p2a: Klawf|[miss]\n|-miss|p1a: Ambipom|p2a: Klawf\n|move|p2a: Klawf|Stone Edge|p1a: Ambipom\n|-supereffective|p1a: Ambipom\n|-damage|p1a: Ambipom|0 fnt\n|faint|p1a: Ambipom\n|-damage|p2a: Klawf|53/100|[from] item: Life Orb\n|\n|upkeep\n|inactive|Time left: 300 sec this turn | 300 sec total | 5 sec grace\n|\n|t:|1783541429\n|switch|p1a: Ludicolo|Ludicolo, L90, M|290/290\n|turn|22\n|inactive|Time left: 300 sec this turn | 300 sec total\n|\n|t:|1783541431\n|move|p2a: Klawf|Knock Off|p1a: Ludicolo\n|-damage|p1a: Ludicolo|177/290\n|-enditem|p1a: Ludicolo|Life Orb|[from] move: Knock Off|[of] p2a: Klawf\n|-damage|p2a: Klawf|44/100|[from] item: Life Orb\n|move|p1a: Ludicolo|Giga Drain|p2a: Klawf\n|-supereffective|p2a: Klawf\n|-damage|p2a: Klawf|0 fnt\n|-heal|p1a: Ludicolo|236/290|[from] drain|[of] p2a: Klawf\n|faint|p2a: Klawf\n|\n|upkeep\n|\n|t:|1783541431\n|switch|p2a: Lilligant|Lilligant-Hisui, L79, F, tera:Fighting|66/100\n|turn|23\n|inactive|Time left: 300 sec this turn | 300 sec total\n|\n|t:|1783541433\n|move|p2a: Lilligant|Close Combat|p1a: Ludicolo\n|-damage|p1a: Ludicolo|0 fnt\n|-unboost|p2a: Lilligant|def|1\n|-unboost|p2a: Lilligant|spd|1\n|faint|p1a: Ludicolo\n|\n|upkeep\n|inactive|Time left: 300 sec this turn | 300 sec total | 5 sec grace\n|\n|t:|1783541434\n|switch|p1a: Incineroar|Incineroar, L82, F|290/290\n|-ability|p1a: Incineroar|Intimidate|boost\n|-unboost|p2a: Lilligant|atk|1\n|turn|24\n|inactive|Time left: 300 sec this turn | 300 sec total\n|\n|t:|1783541435\n|move|p2a: Lilligant|Close Combat|p1a: Incineroar\n|-supereffective|p1a: Incineroar\n|-damage|p1a: Incineroar|0 fnt\n|-unboost|p2a: Lilligant|def|1\n|-unboost|p2a: Lilligant|spd|1\n|faint|p1a: Incineroar\n|\n|win|p0y19705a5", "uploadtime": 1783541435, "views": 0, "rating": 0, "private": 0, "password": null, "_winner": "p0y19705a5", "_our_name": "p0x1976aa7"}