{"id": "battle-gen9randombattle-577", "formatid": "gen9randombattle", "format": "[Gen 9] Random Battle", "players": ["p0x5772136", "p0y57744f6"], "log": "|init|battle\n|title|p0x5772136 vs. p0y57744f6\n|j|\u2606p0x5772136\n|j|\u2606p0y57744f6\n|t:|1783546484\n|gametype|singles\n|player|p1|p0x5772136|169|\n|player|p2|p0y57744f6|169|\n|gen|9\n|tier|[Gen 9] Random Battle\n|rule|Species Clause: Limit one of each Pok\u00e9mon\n|rule|HP Percentage Mod: HP is shown in percentages\n|rule|Sleep Clause Mod: Limit one foe put to sleep\n|rule|Illusion Level Mod: Illusion disguises the Pok\u00e9mon's true level\n|\n|t:|1783546484\n|teamsize|p1|6\n|teamsize|p2|6\n|start\n|switch|p1a: Tsareena|Tsareena, L87, F|100/100\n|switch|p2a: Serperior|Serperior, L79, M|248/248\n|turn|1\n|inactive|Battle timer is ON: inactive players will automatically lose when time's up. (requested by p0y57744f6)\n|\n|t:|1783546486\n|move|p2a: Serperior|Leaf Storm|p1a: Tsareena\n|-resisted|p1a: Tsareena\n|-damage|p1a: Tsareena|84/100\n|-boost|p2a: Serperior|spa|2\n|move|p1a: Tsareena|Triple Axel|p2a: Serperior|[miss]\n|-miss|p1a: Tsareena|p2a: Serperior\n|\n|upkeep\n|turn|2\n|inactive|Time left: 300 sec this turn | 300 sec total\n|inactive|p0x5772136 also wants the timer to be on.\n|\n|t:|1783546487\n|move|p2a: Serperior|Leaf Storm|p1a: Tsareena\n|-resisted|p1a: Tsareena\n|-damage|p1a: Tsareena|50/100\n|-boost|p2a: Serperior|spa|2\n|move|p1a: Tsareena|Triple Axel|p2a: Serperior\n|-supereffective|p2a: Serperior\n|-damage|p2a: Serperior|201/248\n|-supereffective|p2a: Serperior\n|-damage|p2a: Serperior|113/248\n|-supereffective|p2a: Serperior\n|-damage|p2a: Serperior|0 fnt\n|faint|p2a: Serperior\n|-hitcount|p2: Serperior|3\n|-damage|p1a: Tsareena|40/100|[from] item: Life Orb\n|\n|upkeep\n|inactive|Time left: 300 sec this turn | 300 sec total | 5 sec grace\n|\n|t:|1783546488\n|switch|p2a: Passimian|Passimian, L83, M|302/302\n|turn|3\n|inactive|Time left: 300 sec this turn | 300 sec total\n|\n|t:|1783546489\n|move|p2a: Passimian|Bulk Up|p2a: Passimian\n|-boost|p2a: Passimian|atk|1\n|-boost|p2a: Passimian|def|1\n|move|p1a: Tsareena|Synthesis|p1a: Tsareena\n|-heal|p1a: Tsareena|90/100\n|\n|upkeep\n|turn|4\n|inactive|Time left: 300 sec this turn | 300 sec total\n|\n|t:|1783546490\n|switch|p1a: Venomoth|Venomoth, L84, F|100/100\n|move|p2a: Passimian|Gunk Shot|p1a: Venomoth\n|-resisted|p1a: Venomoth\n|-damage|p1a: Venomoth|66/100\n|\n|upkeep\n|turn|5\n|inactive|Time left: 300 sec this turn | 300 sec total\n|\n|t:|1783546491\n|move|p1a: Venomoth|Sleep Powder|p2a: Passimian\n|-status|p2a: Passimian|slp|[from] move: Sleep Powder\n|cant|p2a: Passimian|slp\n|\n|upkeep\n|turn|6\n|inactive|Time left: 300 sec this turn | 300 sec total\n|\n|t:|1783546492\n|move|p1a: Venomoth|Quiver Dance|p1a: Venomoth\n|-boost|p1a: Venomoth|spa|1\n|-boost|p1a: Venomoth|spd|1\n|-boost|p1a: Venomoth|spe|1\n|-curestatus|p2a: Passimian|slp|[msg]\n|move|p2a: Passimian|Knock Off|p1a: Venomoth\n|-damage|p1a: Venomoth|7/100\n|-enditem|p1a: Venomoth|Heavy-Duty Boots|[from] move: Knock Off|[of] p2a: Passimian\n|\n|upkeep\n|turn|7\n|inactive|Time left: 300 sec this turn | 300 sec total\n|\n|t:|1783546493\n|move|p1a: Venomoth|Sleep Powder|p2a: Passimian\n|-status|p2a: Passimian|slp|[from] move: Sleep Powder\n|cant|p2a: Passimian|slp\n|\n|upkeep\n|turn|8\n|inactive|Time left: 300 sec this turn | 300 sec total\n|\n|t:|1783546494\n|move|p1a: Venomoth|Sludge Wave|p2a: Passimian\n|-damage|p2a: Passimian|130/302 slp\n|-curestatus|p2a: Passimian|slp|[msg]\n|move|p2a: Passimian|Knock Off|p1a: Venomoth\n|-damage|p1a: Venomoth|0 fnt\n|faint|p1a: Venomoth\n|\n|-heal|p2a: Passimian|148/302|[from] item: Leftovers\n|upkeep\n|\n|t:|1783546496\n|switch|p1a: Inteleon|Inteleon, L81, F|100/100\n|turn|9\n|inactive|Time left: 300 sec this turn | 300 sec total\n|\n|t:|1783546497\n|switch|p2a: Cramorant|Cramorant, L86, M|261/261\n|move|p1a: Inteleon|Scald|p2a: Cramorant\n|-resisted|p2a: Cramorant\n|-damage|p2a: Cramorant|192/261\n|\n|upkeep\n|turn|10\n|inactive|Time left: 300 sec this turn | 300 sec total\n|\n|t:|1783546498\n|move|p1a: Inteleon|Scald|p2a: Cramorant\n|-resisted|p2a: Cramorant\n|-damage|p2a: Cramorant|122/261\n|move|p2a: Cramorant|Surf|p1a: Inteleon\n|-formechange|p2a: Cramorant|Cramorant-Gorging|\n|-resisted|p1a: Inteleon\n|-damage|p1a: Inteleon|76/100\n|\n|upkeep\n|turn|11\n|inactive|Time left: 300 sec this turn | 300 sec total\n|\n|t:|1783546499\n|move|p1a: Inteleon|Scald|p2a: Cramorant\n|-resisted|p2a: Cramorant\n|-damage|p2a: Cramorant|54/261\n|-damage|p1a: Inteleon|51/100|[from] ability: Gulp Missile|[of] p2a: Cramorant\n|-status|p1a: Inteleon|par\n|-formechange|p2a: Cramorant|Cramorant|\n|move|p2a: Cramorant|Roost|p2a: Cramorant\n|-heal|p2a: Cramorant|185/261\n|-singleturn|p2a: Cramorant|move: Roost\n|\n|upkeep\n|turn|12\n|inactive|Time left: 300 sec this turn | 300 sec total\n|\n|t:|1783546500\n|move|p2a: Cramorant|Brave Bird|p1a: Inteleon\n|-damage|p1a: Inteleon|0 fnt\n|faint|p1a: Inteleon\n|-damage|p2a: Cramorant|144/261|[from] Recoil\n|\n|upkeep\n|\n|t:|1783546501\n|switch|p1a: Lurantis|Lurantis, L87, F|100/100\n|turn|13\n|inactive|Time left: 300 sec this turn | 300 sec total\n|\n|t:|1783546502\n|move|p2a: Cramorant|Brave Bird|p1a: Lurantis\n|-supereffective|p1a: Lurantis\n|-damage|p1a: Lurantis|18/100\n|-damage|p2a: Cramorant|72/261|[from] Recoil\n|move|p1a: Lurantis|Leaf Storm|p2a: Cramorant\n|-damage|p2a: Cramorant|0 fnt\n|-boost|p1a: Lurantis|spa|2\n|faint|p2a: Cramorant\n|\n|upkeep\n|inactive|Time left: 300 sec this turn | 300 sec total | 5 sec grace\n|\n|t:|1783546503\n|switch|p2a: Passimian|Passimian, L83, M|148/302\n|turn|14\n|inactive|Time left: 300 sec this turn | 300 sec total\n|\n|t:|1783546504\n|move|p2a: Passimian|Drain Punch|p1a: Lurantis\n|-damage|p1a: Lurantis|0 fnt\n|-heal|p2a: Passimian|171/302|[from] drain|[of] p1a: Lurantis\n|faint|p1a: Lurantis\n|\n|-heal|p2a: Passimian|189/302|[from] item: Leftovers\n|upkeep\n|\n|t:|1783546506\n|switch|p1a: Meowstic|Meowstic-F, L89, F|100/100\n|turn|15\n|inactive|Time left: 300 sec this turn | 300 sec total\n|\n|t:|1783546507\n|switch|p2a: Golem|Golem-Alola, L93, F|300/300\n|move|p1a: Meowstic|Nasty Plot|p1a: Meowstic\n|-boost|p1a: Meowstic|spa|2\n|\n|upkeep\n|turn|16\n|inactive|Time left: 300 sec this turn | 300 sec total\n|\n|t:|1783546508\n|move|p1a: Meowstic|Psychic|p2a: Golem\n|-damage|p2a: Golem|10/300\n|-damage|p1a: Meowstic|91/100|[from] item: Life Orb\n|move|p2a: Golem|Double-Edge|p1a: Meowstic\n|-damage|p1a: Meowstic|0 fnt\n|faint|p1a: Meowstic\n|-damage|p2a: Golem|0 fnt|[from] Recoil\n|faint|p2a: Golem\n|\n|upkeep\n|inactive|Time left: 300 sec this turn | 300 sec total | 5 sec grace\n|\n|t:|1783546509\n|switch|p1a: Tsareena|Tsareena, L87, F|90/100\n|switch|p2a: Passimian|Passimian, L83, M|189/302\n|turn|17\n|inactive|Time left: 300 sec this turn | 300 sec total\n|\n|t:|1783546510\n|move|p2a: Passimian|Bulk Up|p2a: Passimian\n|-boost|p2a: Passimian|atk|1\n|-boost|p2a: Passimian|def|1\n|move|p1a: Tsareena|Power Whip|p2a: Passimian|[miss]\n|-miss|p1a: Tsareena|p2a: Passimian\n|\n|-heal|p2a: Passimian|207/302|[from] item: Leftovers\n|upkeep\n|turn|18\n|inactive|Time left: 300 sec this turn | 300 sec total\n|\n|t:|1783546511\n|-terastallize|p1a: Tsareena|Fighting\n|move|p2a: Passimian|Drain Punch|p1a: Tsareena\n|-damage|p1a: Tsareena|46/100\n|-heal|p2a: Passimian|266/302|[from] drain|[of] p1a: Tsareena\n|move|p1a: Tsareena|High Jump Kick|p2a: Passimian\n|-damage|p2a: Passimian|124/302\n|-damage|p1a: Tsareena|36/100|[from] item: Life Orb\n|\n|-heal|p2a: Passimian|142/302|[from] item: Leftovers\n|upkeep\n|turn|19\n|inactive|Time left: 300 sec this turn | 300 sec total\n|\n|t:|1783546512\n|switch|p1a: Basculegion|Basculegion, L80, M|100/100\n|move|p2a: Passimian|Drain Punch|p1a: Basculegion\n|-immune|p1a: Basculegion\n|\n|-heal|p2a: Passimian|160/302|[from] item: Leftovers\n|upkeep\n|turn|20\n|inactive|Time left: 300 sec this turn | 300 sec total\n|\n|t:|1783546513\n|switch|p1a: Tsareena|Tsareena, L87, F, tera:Fighting|36/100\n|move|p2a: Passimian|Knock Off|p1a: Tsareena\n|-resisted|p1a: Tsareena\n|-damage|p1a: Tsareena|17/100\n|-enditem|p1a: Tsareena|Life Orb|[from] move: Knock Off|[of] p2a: Passimian\n|\n|-heal|p2a: Passimian|178/302|[from] item: Leftovers\n|upkeep\n|turn|21\n|inactive|Time left: 300 sec this turn | 300 sec total\n|\n|t:|1783546514\n|switch|p1a: Basculegion|Basculegion, L80, M|100/100\n|move|p2a: Passimian|Drain Punch|p1a: Basculegion\n|-immune|p1a: Basculegion\n|\n|-heal|p2a: Passimian|196/302|[from] item: Leftovers\n|upkeep\n|turn|22\n|inactive|Time left: 300 sec this turn | 300 sec total\n|\n|t:|1783546515\n|switch|p1a: Tsareena|Tsareena, L87, F, tera:Fighting|17/100\n|move|p2a: Passimian|Knock Off|p1a: Tsareena\n|-resisted|p1a: Tsareena\n|-damage|p1a: Tsareena|4/100\n|\n|-heal|p2a: Passimian|214/302|[from] item: Leftovers\n|upkeep\n|turn|23\n|inactive|Time left: 300 sec this turn | 300 sec total\n|\n|t:|1783546516\n|move|p2a: Passimian|Knock Off|p1a: Tsareena\n|-resisted|p1a: Tsareena\n|-damage|p1a: Tsareena|0 fnt\n|faint|p1a: Tsareena\n|\n|-heal|p2a: Passimian|232/302|[from] item: Leftovers\n|upkeep\n|\n|t:|1783546517\n|switch|p1a: Basculegion|Basculegion, L80, M|100/100\n|turn|24\n|inactive|Time left: 300 sec this turn | 300 sec total\n|\n|t:|1783546518\n|-terastallize|p2a: Passimian|Poison\n|move|p2a: Passimian|Knock Off|p1a: Basculegion\n|-supereffective|p1a: Basculegion\n|-damage|p1a: Basculegion|12/100\n|-enditem|p1a: Basculegion|Assault Vest|[from] move: Knock Off|[of] p2a: Passimian\n|move|p1a: Basculegion|Flip Turn|p2a: Passimian\n|-damage|p2a: Passimian|176/302\n|\n|-heal|p2a: Passimian|194/302|[from] item: Leftovers\n|upkeep\n|turn|25\n|inactive|Time left: 300 sec this turn | 300 sec total\n|\n|t:|1783546519\n|move|p2a: Passimian|Knock Off|p1a: Basculegion\n|-supereffective|p1a: Basculegion\n|-damage|p1a: Basculegion|0 fnt\n|faint|p1a: Basculegion\n|\n|win|p0y57744f6", "uploadtime": 1783546519, "views": 0, "rating": 0, "private": 0, "password": null, "_winner": "p0y57744f6", "_our_name": "p0y57744f6"}