{"id": "battle-gen9randombattle-2341", "formatid": "gen9randombattle", "format": "[Gen 9] Random Battle", "players": ["p0x23416170", "p0y2341cd19"], "log": "|init|battle\n|title|p0x23416170 vs. p0y2341cd19\n|j|\u2606p0x23416170\n|j|\u2606p0y2341cd19\n|t:|1783566159\n|gametype|singles\n|player|p1|p0x23416170|266|\n|player|p2|p0y2341cd19|2|\n|gen|9\n|tier|[Gen 9] Random Battle\n|rule|Species Clause: Limit one of each Pok\u00e9mon\n|rule|HP Percentage Mod: HP is shown in percentages\n|rule|Sleep Clause Mod: Limit one foe put to sleep\n|rule|Illusion Level Mod: Illusion disguises the Pok\u00e9mon's true level\n|\n|t:|1783566159\n|teamsize|p1|6\n|teamsize|p2|6\n|start\n|switch|p1a: Baxcalibur|Baxcalibur, L75, F|295/295\n|switch|p2a: Bellossom|Bellossom, L84, F|100/100\n|turn|1\n|inactive|Battle timer is ON: inactive players will automatically lose when time's up. (requested by p0y2341cd19)\n|inactive|Time left: 300 sec this turn | 300 sec total | 60 sec grace\n|\n|t:|1783566161\n|move|p1a: Baxcalibur|Swords Dance|p1a: Baxcalibur\n|-boost|p1a: Baxcalibur|atk|2\n|move|p2a: Bellossom|Quiver Dance|p2a: Bellossom\n|-boost|p2a: Bellossom|spa|1\n|-boost|p2a: Bellossom|spd|1\n|-boost|p2a: Bellossom|spe|1\n|\n|upkeep\n|turn|2\n|inactive|Time left: 300 sec this turn | 300 sec total\n|inactive|p0x23416170 also wants the timer to be on.\n|\n|t:|1783566162\n|-terastallize|p2a: Bellossom|Rock\n|move|p2a: Bellossom|Tera Blast|p1a: Baxcalibur|[anim] Tera Blast Rock\n|-supereffective|p1a: Baxcalibur\n|-damage|p1a: Baxcalibur|43/295\n|move|p1a: Baxcalibur|Icicle Spear|p2a: Bellossom\n|-damage|p2a: Bellossom|79/100\n|-damage|p2a: Bellossom|56/100\n|-damage|p2a: Bellossom|35/100\n|-damage|p2a: Bellossom|12/100\n|-damage|p2a: Bellossom|0 fnt\n|faint|p2a: Bellossom\n|-hitcount|p2: Bellossom|5\n|\n|upkeep\n|\n|t:|1783566164\n|switch|p2a: Mimikyu|Mimikyu, L79, M|100/100\n|turn|3\n|inactive|Time left: 300 sec this turn | 300 sec total\n|\n|t:|1783566165\n|switch|p1a: Armarouge|Armarouge, L80, F|267/267\n|move|p2a: Mimikyu|Play Rough|p1a: Armarouge\n|-resisted|p1a: Armarouge\n|-damage|p1a: Armarouge|222/267\n|-ability|p1a: Armarouge|Weak Armor|boost\n|-unboost|p1a: Armarouge|def|1\n|-boost|p1a: Armarouge|spe|2\n|-damage|p2a: Mimikyu|91/100|[from] item: Life Orb\n|\n|upkeep\n|turn|4\n|inactive|Time left: 300 sec this turn | 300 sec total\n|\n|t:|1783566166\n|move|p1a: Armarouge|Armor Cannon|p2a: Mimikyu\n|-activate|p2a: Mimikyu|ability: Disguise\n|-damage|p2a: Mimikyu|91/100\n|-unboost|p1a: Armarouge|def|1\n|-unboost|p1a: Armarouge|spd|1\n|detailschange|p2a: Mimikyu|Mimikyu-Busted, L79, M\n|-damage|p2a: Mimikyu|78/100|[from] pokemon: Mimikyu-Busted\n|move|p2a: Mimikyu|Shadow Claw|p1a: Armarouge\n|-supereffective|p1a: Armarouge\n|-crit|p1a: Armarouge\n|-damage|p1a: Armarouge|0 fnt\n|faint|p1a: Armarouge\n|-damage|p2a: Mimikyu|69/100|[from] item: Life Orb\n|\n|upkeep\n|inactive|Time left: 300 sec this turn | 300 sec total | 5 sec grace\n|\n|t:|1783566167\n|switch|p1a: Houndstone|Houndstone, L86, F|264/264\n|turn|5\n|inactive|Time left: 300 sec this turn | 300 sec total\n|\n|t:|1783566168\n|switch|p2a: Tauros|Tauros-Paldea-Combat, L82, M|100/100\n|-ability|p2a: Tauros|Intimidate|boost\n|-unboost|p1a: Houndstone|atk|1\n|move|p1a: Houndstone|Poltergeist|p2a: Tauros\n|-activate|p2a: Tauros|move: Poltergeist|Choice Band\n|-damage|p2a: Tauros|56/100\n|\n|upkeep\n|turn|6\n|inactive|Time left: 300 sec this turn | 300 sec total\n|\n|t:|1783566169\n|move|p2a: Tauros|Earthquake|p1a: Houndstone\n|-damage|p1a: Houndstone|162/264\n|move|p1a: Houndstone|Poltergeist|p2a: Tauros\n|-activate|p2a: Tauros|move: Poltergeist|Choice Band\n|-damage|p2a: Tauros|14/100\n|\n|upkeep\n|turn|7\n|inactive|Time left: 300 sec this turn | 300 sec total\n|\n|t:|1783566170\n|move|p2a: Tauros|Earthquake|p1a: Houndstone\n|-damage|p1a: Houndstone|68/264\n|move|p1a: Houndstone|Poltergeist|p2a: Tauros\n|-activate|p2a: Tauros|move: Poltergeist|Choice Band\n|-damage|p2a: Tauros|0 fnt\n|faint|p2a: Tauros\n|\n|upkeep\n|\n|t:|1783566171\n|switch|p2a: Arbok|Arbok, L87, F|100/100\n|-ability|p2a: Arbok|Intimidate|boost\n|-unboost|p1a: Houndstone|atk|1\n|turn|8\n|inactive|Time left: 300 sec this turn | 300 sec total\n|\n|t:|1783566172\n|move|p2a: Arbok|Coil|p2a: Arbok\n|-boost|p2a: Arbok|atk|1\n|-boost|p2a: Arbok|def|1\n|-boost|p2a: Arbok|accuracy|1\n|move|p1a: Houndstone|Poltergeist|p2a: Arbok\n|-activate|p2a: Arbok|move: Poltergeist|Leftovers\n|-damage|p2a: Arbok|72/100\n|\n|-heal|p2a: Arbok|78/100|[from] item: Leftovers\n|upkeep\n|turn|9\n|inactive|Time left: 300 sec this turn | 300 sec total\n|\n|t:|1783566173\n|move|p2a: Arbok|Coil|p2a: Arbok\n|-boost|p2a: Arbok|atk|1\n|-boost|p2a: Arbok|def|1\n|-boost|p2a: Arbok|accuracy|1\n|move|p1a: Houndstone|Poltergeist|p2a: Arbok\n|-activate|p2a: Arbok|move: Poltergeist|Leftovers\n|-damage|p2a: Arbok|54/100\n|\n|-heal|p2a: Arbok|60/100|[from] item: Leftovers\n|upkeep\n|turn|10\n|inactive|Time left: 300 sec this turn | 300 sec total\n|\n|t:|1783566174\n|move|p2a: Arbok|Earthquake|p1a: Houndstone\n|-damage|p1a: Houndstone|0 fnt\n|faint|p1a: Houndstone\n|\n|-heal|p2a: Arbok|66/100|[from] item: Leftovers\n|upkeep\n|inactive|Time left: 300 sec this turn | 300 sec total | 5 sec grace\n|\n|t:|1783566175\n|switch|p1a: Toxtricity|Toxtricity, L82, F|257/257\n|turn|11\n|inactive|Time left: 300 sec this turn | 300 sec total\n|\n|t:|1783566176\n|-terastallize|p1a: Toxtricity|Normal\n|move|p1a: Toxtricity|Boomburst|p2a: Arbok\n|-damage|p2a: Arbok|0 fnt\n|faint|p2a: Arbok\n|\n|upkeep\n|\n|t:|1783566177\n|switch|p2a: Mimikyu|Mimikyu-Busted, L79, M|69/100\n|turn|12\n|inactive|Time left: 300 sec this turn | 300 sec total\n|\n|t:|1783566177\n|switch|p1a: Clodsire|Clodsire, L81, M|343/343\n|move|p2a: Mimikyu|Swords Dance|p2a: Mimikyu\n|-boost|p2a: Mimikyu|atk|2\n|\n|upkeep\n|turn|13\n|inactive|Time left: 300 sec this turn | 300 sec total\n|\n|t:|1783566178\n|move|p2a: Mimikyu|Shadow Claw|p1a: Clodsire\n|-damage|p1a: Clodsire|125/343\n|-damage|p2a: Mimikyu|59/100|[from] item: Life Orb\n|move|p1a: Clodsire|Gunk Shot|p2a: Mimikyu\n|-damage|p2a: Mimikyu|3/100\n|-status|p2a: Mimikyu|psn\n|\n|-heal|p1a: Clodsire|146/343|[from] item: Leftovers\n|-damage|p2a: Mimikyu|0 fnt|[from] psn\n|faint|p2a: Mimikyu\n|upkeep\n|\n|t:|1783566179\n|switch|p2a: Uxie|Uxie, L83|100/100\n|turn|14\n|inactive|Time left: 300 sec this turn | 300 sec total\n|\n|t:|1783566180\n|switch|p1a: Frosmoth|Frosmoth, L82, F|249/249\n|move|p2a: Uxie|Psychic Noise|p1a: Frosmoth\n|-damage|p1a: Frosmoth|215/249\n|-start|p1a: Frosmoth|move: Heal Block\n|\n|upkeep\n|turn|15\n|inactive|Time left: 300 sec this turn | 300 sec total\n|\n|t:|1783566180\n|move|p2a: Uxie|U-turn|p1a: Frosmoth\n|-damage|p1a: Frosmoth|158/249\n|\n|t:|1783566181\n|switch|p2a: Hitmonlee|Hitmonlee, L85, M|100/100|[from] U-turn\n|move|p1a: Frosmoth|Ice Beam|p2a: Hitmonlee\n|-crit|p2a: Hitmonlee\n|-damage|p2a: Hitmonlee|36/100\n|-status|p2a: Hitmonlee|frz\n|\n|-end|p1a: Frosmoth|move: Heal Block\n|upkeep\n|turn|16\n|inactive|Time left: 300 sec this turn | 300 sec total\n|\n|t:|1783566182\n|cant|p2a: Hitmonlee|frz\n|move|p1a: Frosmoth|Quiver Dance|p1a: Frosmoth\n|-boost|p1a: Frosmoth|spa|1\n|-boost|p1a: Frosmoth|spd|1\n|-boost|p1a: Frosmoth|spe|1\n|\n|upkeep\n|turn|17\n|inactive|Time left: 300 sec this turn | 300 sec total\n|\n|t:|1783566183\n|switch|p2a: Uxie|Uxie, L83|100/100\n|move|p1a: Frosmoth|Ice Beam|p2a: Uxie\n|-damage|p2a: Uxie|52/100\n|\n|-heal|p2a: Uxie|58/100|[from] item: Leftovers\n|upkeep\n|turn|18\n|inactive|Time left: 300 sec this turn | 300 sec total\n|\n|t:|1783566183\n|switch|p2a: Hitmonlee|Hitmonlee, L85, M|36/100 frz\n|move|p1a: Frosmoth|Bug Buzz|p2a: Hitmonlee\n|-resisted|p2a: Hitmonlee\n|-damage|p2a: Hitmonlee|6/100 frz\n|\n|upkeep\n|turn|19\n|inactive|Time left: 300 sec this turn | 300 sec total\n|\n|t:|1783566184\n|move|p1a: Frosmoth|Bug Buzz|p2a: Hitmonlee\n|-resisted|p2a: Hitmonlee\n|-damage|p2a: Hitmonlee|0 fnt\n|faint|p2a: Hitmonlee\n|\n|upkeep\n|\n|t:|1783566185\n|switch|p2a: Uxie|Uxie, L83|58/100\n|turn|20\n|inactive|Time left: 300 sec this turn | 300 sec total\n|\n|t:|1783566185\n|move|p1a: Frosmoth|Bug Buzz|p2a: Uxie\n|-supereffective|p2a: Uxie\n|-crit|p2a: Uxie\n|-damage|p2a: Uxie|0 fnt\n|faint|p2a: Uxie\n|\n|win|p0x23416170", "uploadtime": 1783566185, "views": 0, "rating": 0, "private": 0, "password": null, "_winner": "p0x23416170", "_our_name": "p0x23416170"}