{"id": "battle-gen9randombattle-2334", "formatid": "gen9randombattle", "format": "[Gen 9] Random Battle", "players": ["p0x2334c00d", "p0y2334d4b1"], "log": "|init|battle\n|title|p0x2334c00d vs. p0y2334d4b1\n|j|\u2606p0x2334c00d\n|j|\u2606p0y2334d4b1\n|t:|1783567083\n|gametype|singles\n|player|p1|p0x2334c00d|169|\n|player|p2|p0y2334d4b1|169|\n|gen|9\n|tier|[Gen 9] Random Battle\n|rule|Species Clause: Limit one of each Pok\u00e9mon\n|rule|HP Percentage Mod: HP is shown in percentages\n|rule|Sleep Clause Mod: Limit one foe put to sleep\n|rule|Illusion Level Mod: Illusion disguises the Pok\u00e9mon's true level\n|\n|t:|1783567083\n|teamsize|p1|6\n|teamsize|p2|6\n|start\n|switch|p1a: Palkia|Palkia-Origin, L72|249/249\n|switch|p2a: Tauros|Tauros-Paldea-Combat, L82, M|100/100\n|-ability|p1a: Palkia|Pressure\n|-ability|p2a: Tauros|Intimidate|boost\n|-unboost|p1a: Palkia|atk|1\n|turn|1\n|inactive|Battle timer is ON: inactive players will automatically lose when time's up. (requested by p0x2334c00d)\n|inactive|p0y2334d4b1 also wants the timer to be on.\n|\n|t:|1783567085\n|switch|p1a: Yanmega|Yanmega, L82, M|275/275\n|move|p2a: Tauros|Close Combat|p1a: Yanmega\n|-resisted|p1a: Yanmega\n|-damage|p1a: Yanmega|220/275\n|-unboost|p2a: Tauros|def|1\n|-unboost|p2a: Tauros|spd|1\n|\n|upkeep\n|turn|2\n|inactive|Time left: 300 sec this turn | 300 sec total\n|\n|t:|1783567086\n|switch|p2a: Basculegion|Basculegion, L80, M|100/100\n|move|p1a: Yanmega|Bug Buzz|p2a: Basculegion\n|-resisted|p2a: Basculegion\n|-crit|p2a: Basculegion\n|-damage|p2a: Basculegion|83/100\n|\n|-ability|p1a: Yanmega|Speed Boost|boost\n|-boost|p1a: Yanmega|spe|1\n|upkeep\n|turn|3\n|inactive|Time left: 300 sec this turn | 300 sec total\n|\n|t:|1783567088\n|move|p1a: Yanmega|Air Slash|p2a: Basculegion\n|-damage|p2a: Basculegion|61/100\n|move|p2a: Basculegion|Wave Crash|p1a: Yanmega\n|-damage|p1a: Yanmega|36/275\n|-damage|p2a: Basculegion|42/100|[from] Recoil\n|\n|-ability|p1a: Yanmega|Speed Boost|boost\n|-boost|p1a: Yanmega|spe|1\n|upkeep\n|turn|4\n|inactive|Time left: 300 sec this turn | 300 sec total\n|\n|t:|1783567089\n|move|p1a: Yanmega|Protect|p1a: Yanmega\n|-singleturn|p1a: Yanmega|Protect\n|move|p2a: Basculegion|Flip Turn|p1a: Yanmega\n|-activate|p1a: Yanmega|move: Protect\n|\n|-ability|p1a: Yanmega|Speed Boost|boost\n|-boost|p1a: Yanmega|spe|1\n|upkeep\n|turn|5\n|inactive|Time left: 300 sec this turn | 300 sec total\n|\n|t:|1783567089\n|move|p1a: Yanmega|Air Slash|p2a: Basculegion\n|-damage|p2a: Basculegion|21/100\n|move|p2a: Basculegion|Flip Turn|p1a: Yanmega\n|-damage|p1a: Yanmega|0 fnt\n|faint|p1a: Yanmega\n|\n|t:|1783567091\n|switch|p2a: Minior|Minior-Violet, L79|100/100|[from] Flip Turn\n|-formechange|p2a: Minior|Minior-Meteor||[from] ability: Shields Down\n|\n|upkeep\n|inactive|Time left: 300 sec this turn | 300 sec total | 10 sec grace\n|\n|t:|1783567092\n|switch|p1a: Lucario|Lucario, L84, M|255/255\n|turn|6\n|inactive|Time left: 300 sec this turn | 300 sec total\n|\n|t:|1783567093\n|-terastallize|p2a: Minior|Flying\n|move|p1a: Lucario|Meteor Mash|p2a: Minior\n|-damage|p2a: Minior|36/100\n|move|p2a: Minior|Shell Smash|p2a: Minior\n|-unboost|p2a: Minior|def|1\n|-unboost|p2a: Minior|spd|1\n|-boost|p2a: Minior|atk|2\n|-boost|p2a: Minior|spa|2\n|-boost|p2a: Minior|spe|2\n|-enditem|p2a: Minior|White Herb\n|-clearnegativeboost|p2a: Minior|[silent]\n|\n|-formechange|p2a: Minior|Minior-Violet||[from] ability: Shields Down\n|upkeep\n|turn|7\n|inactive|Time left: 300 sec this turn | 300 sec total\n|\n|t:|1783567094\n|switch|p1a: Kingambit|Kingambit, L74, F|270/270\n|-activate|p1a: Kingambit|ability: Supreme Overlord\n|-start|p1a: Kingambit|fallen1|[silent]\n|move|p2a: Minior|Acrobatics|p1a: Kingambit\n|-resisted|p1a: Kingambit\n|-damage|p1a: Kingambit|134/270\n|\n|-heal|p1a: Kingambit|150/270|[from] item: Leftovers\n|upkeep\n|turn|8\n|inactive|Time left: 300 sec this turn | 300 sec total\n|\n|t:|1783567095\n|move|p1a: Kingambit|Sucker Punch|p2a: Minior\n|-damage|p2a: Minior|0 fnt\n|faint|p2a: Minior\n|\n|-heal|p1a: Kingambit|166/270|[from] item: Leftovers\n|upkeep\n|\n|t:|1783567096\n|switch|p2a: Tauros|Tauros-Paldea-Combat, L82, M|100/100\n|-ability|p2a: Tauros|Intimidate|boost\n|-unboost|p1a: Kingambit|atk|1\n|turn|9\n|inactive|Time left: 300 sec this turn | 300 sec total\n|\n|t:|1783567097\n|-end|p1a: Kingambit|fallen1|[silent]\n|switch|p1a: Spiritomb|Spiritomb, L89, F|234/234\n|move|p2a: Tauros|Close Combat|p1a: Spiritomb\n|-immune|p1a: Spiritomb\n|\n|upkeep\n|turn|10\n|inactive|Time left: 300 sec this turn | 300 sec total\n|\n|t:|1783567098\n|switch|p2a: Arceus|Arceus-Dark, L71|100/100\n|move|p1a: Spiritomb|Poltergeist|p2a: Arceus\n|-activate|p2a: Arceus|move: Poltergeist|Dread Plate\n|-resisted|p2a: Arceus\n|-damage|p2a: Arceus|80/100\n|\n|upkeep\n|turn|11\n|inactive|Time left: 300 sec this turn | 300 sec total\n|\n|t:|1783567099\n|switch|p1a: Lucario|Lucario, L84, M|255/255\n|move|p2a: Arceus|Calm Mind|p2a: Arceus\n|-boost|p2a: Arceus|spa|1\n|-boost|p2a: Arceus|spd|1\n|\n|upkeep\n|turn|12\n|inactive|Time left: 300 sec this turn | 300 sec total\n|\n|t:|1783567100\n|switch|p2a: Basculegion|Basculegion, L80, M|21/100\n|move|p1a: Lucario|Close Combat|p2a: Basculegion\n|-immune|p2a: Basculegion\n|\n|upkeep\n|turn|13\n|inactive|Time left: 300 sec this turn | 300 sec total\n|\n|t:|1783567101\n|switch|p1a: Palkia|Palkia-Origin, L72|249/249\n|-ability|p1a: Palkia|Pressure\n|move|p2a: Basculegion|Shadow Ball|p1a: Palkia\n|-damage|p1a: Palkia|165/249\n|\n|upkeep\n|turn|14\n|inactive|Time left: 300 sec this turn | 300 sec total\n|\n|t:|1783567102\n|move|p1a: Palkia|Draco Meteor|p2a: Basculegion\n|-damage|p2a: Basculegion|0 fnt\n|-unboost|p1a: Palkia|spa|2\n|faint|p2a: Basculegion\n|\n|upkeep\n|\n|t:|1783567103\n|switch|p2a: Tauros|Tauros-Paldea-Combat, L82, M|100/100\n|-ability|p2a: Tauros|Intimidate|boost\n|-unboost|p1a: Palkia|atk|1\n|turn|15\n|inactive|Time left: 300 sec this turn | 300 sec total\n|\n|t:|1783567103\n|switch|p1a: Spiritomb|Spiritomb, L89, F|234/234\n|move|p2a: Tauros|Earthquake|p1a: Spiritomb\n|-damage|p1a: Spiritomb|141/234\n|\n|-heal|p1a: Spiritomb|155/234|[from] item: Leftovers\n|upkeep\n|turn|16\n|inactive|Time left: 300 sec this turn | 300 sec total\n|\n|t:|1783567104\n|move|p2a: Tauros|Earthquake|p1a: Spiritomb\n|-damage|p1a: Spiritomb|66/234\n|move|p1a: Spiritomb|Will-O-Wisp|p2a: Tauros\n|-status|p2a: Tauros|brn\n|\n|-heal|p1a: Spiritomb|80/234|[from] item: Leftovers\n|-damage|p2a: Tauros|94/100 brn|[from] brn\n|upkeep\n|turn|17\n|inactive|Time left: 300 sec this turn | 300 sec total\n|\n|t:|1783567105\n|switch|p1a: Zapdos|Zapdos, L78|268/268\n|move|p2a: Tauros|Earthquake|p1a: Zapdos\n|-immune|p1a: Zapdos\n|\n|-damage|p2a: Tauros|88/100 brn|[from] brn\n|upkeep\n|turn|18\n|inactive|Time left: 300 sec this turn | 300 sec total\n|\n|t:|1783567106\n|move|p2a: Tauros|Earthquake|p1a: Zapdos\n|-immune|p1a: Zapdos\n|move|p1a: Zapdos|Discharge|p2a: Tauros\n|-damage|p2a: Tauros|46/100 brn\n|\n|-damage|p2a: Tauros|40/100 brn|[from] brn\n|upkeep\n|turn|19\n|inactive|Time left: 300 sec this turn | 300 sec total\n|\n|t:|1783567108\n|move|p2a: Tauros|Earthquake|p1a: Zapdos\n|-immune|p1a: Zapdos\n|move|p1a: Zapdos|Hurricane|p2a: Tauros|[miss]\n|-miss|p1a: Zapdos|p2a: Tauros\n|\n|-damage|p2a: Tauros|34/100 brn|[from] brn\n|upkeep\n|turn|20\n|inactive|Time left: 300 sec this turn | 300 sec total\n|\n|t:|1783567109\n|move|p2a: Tauros|Earthquake|p1a: Zapdos\n|-immune|p1a: Zapdos\n|move|p1a: Zapdos|Discharge|p2a: Tauros\n|-damage|p2a: Tauros|0 fnt\n|faint|p2a: Tauros\n|\n|upkeep\n|\n|t:|1783567110\n|switch|p2a: Girafarig|Girafarig, L89, F|100/100\n|turn|21\n|inactive|Time left: 300 sec this turn | 300 sec total\n|\n|t:|1783567111\n|move|p2a: Girafarig|Nasty Plot|p2a: Girafarig\n|-boost|p2a: Girafarig|spa|2\n|move|p1a: Zapdos|U-turn|p2a: Girafarig\n|-supereffective|p2a: Girafarig\n|-damage|p2a: Girafarig|75/100\n|inactive|Time left: 300 sec this turn | 300 sec total | 5 sec grace\n|\n|t:|1783567111\n|switch|p1a: Kingambit|Kingambit, L74, F|166/270|[from] U-turn\n|-activate|p1a: Kingambit|ability: Supreme Overlord\n|-start|p1a: Kingambit|fallen1|[silent]\n|\n|-heal|p1a: Kingambit|182/270|[from] item: Leftovers\n|upkeep\n|turn|22\n|inactive|Time left: 300 sec this turn | 300 sec total\n|\n|t:|1783567113\n|move|p2a: Girafarig|Dazzling Gleam|p1a: Kingambit\n|-crit|p1a: Kingambit\n|-damage|p1a: Kingambit|0 fnt\n|faint|p1a: Kingambit\n|-end|p1a: Kingambit|fallen1|[silent]\n|\n|upkeep\n|inactive|Time left: 300 sec this turn | 300 sec total | 5 sec grace\n|\n|t:|1783567114\n|switch|p1a: Spiritomb|Spiritomb, L89, F|80/234\n|turn|23\n|inactive|Time left: 300 sec this turn | 300 sec total\n|\n|t:|1783567115\n|move|p1a: Spiritomb|Sucker Punch|p2a: Girafarig\n|-supereffective|p2a: Girafarig\n|-damage|p2a: Girafarig|28/100\n|move|p2a: Girafarig|Dazzling Gleam|p1a: Spiritomb\n|-supereffective|p1a: Spiritomb\n|-damage|p1a: Spiritomb|0 fnt\n|faint|p1a: Spiritomb\n|\n|upkeep\n|inactive|Time left: 300 sec this turn | 300 sec total | 5 sec grace\n|\n|t:|1783567116\n|switch|p1a: Palkia|Palkia-Origin, L72|165/249\n|-ability|p1a: Palkia|Pressure\n|turn|24\n|inactive|Time left: 300 sec this turn | 300 sec total\n|\n|t:|1783567117\n|move|p1a: Palkia|Hydro Pump|p2a: Girafarig|[miss]\n|-miss|p1a: Palkia|p2a: Girafarig\n|move|p2a: Girafarig|Psyshock|p1a: Palkia\n|-damage|p1a: Palkia|0 fnt\n|faint|p1a: Palkia\n|\n|upkeep\n|inactive|Time left: 300 sec this turn | 300 sec total | 5 sec grace\n|\n|t:|1783567118\n|switch|p1a: Lucario|Lucario, L84, M|255/255\n|turn|25\n|inactive|Time left: 300 sec this turn | 300 sec total\n|\n|t:|1783567118\n|-terastallize|p1a: Lucario|Normal\n|move|p1a: Lucario|Extreme Speed|p2a: Girafarig\n|-damage|p2a: Girafarig|0 fnt\n|faint|p2a: Girafarig\n|\n|upkeep\n|\n|t:|1783567119\n|switch|p2a: Sandslash|Sandslash, L89, M|100/100\n|turn|26\n|inactive|Time left: 300 sec this turn | 300 sec total\n|\n|t:|1783567120\n|move|p1a: Lucario|Extreme Speed|p2a: Sandslash\n|-damage|p2a: Sandslash|61/100\n|move|p2a: Sandslash|Earthquake|p1a: Lucario\n|-damage|p1a: Lucario|111/255\n|\n|-heal|p2a: Sandslash|67/100|[from] item: Leftovers\n|upkeep\n|turn|27\n|inactive|Time left: 300 sec this turn | 300 sec total\n|\n|t:|1783567121\n|move|p1a: Lucario|Extreme Speed|p2a: Sandslash\n|-damage|p2a: Sandslash|27/100\n|move|p2a: Sandslash|Earthquake|p1a: Lucario\n|-damage|p1a: Lucario|0 fnt\n|faint|p1a: Lucario\n|\n|-heal|p2a: Sandslash|34/100|[from] item: Leftovers\n|upkeep\n|inactive|Time left: 300 sec this turn | 300 sec total | 5 sec grace\n|\n|t:|1783567123\n|switch|p1a: Zapdos|Zapdos, L78|268/268\n|turn|28\n|inactive|Time left: 300 sec this turn | 300 sec total\n|\n|t:|1783567124\n|move|p1a: Zapdos|Hurricane|p2a: Sandslash\n|-damage|p2a: Sandslash|0 fnt\n|faint|p2a: Sandslash\n|\n|upkeep\n|\n|t:|1783567125\n|switch|p2a: Arceus|Arceus-Dark, L71|80/100\n|turn|29\n|inactive|Time left: 300 sec this turn | 300 sec total\n|\n|t:|1783567126\n|move|p2a: Arceus|Calm Mind|p2a: Arceus\n|-boost|p2a: Arceus|spa|1\n|-boost|p2a: Arceus|spd|1\n|move|p1a: Zapdos|Hurricane|p2a: Arceus\n|-damage|p2a: Arceus|52/100\n|-start|p2a: Arceus|confusion\n|\n|upkeep\n|turn|30\n|inactive|Time left: 300 sec this turn | 300 sec total\n|\n|t:|1783567127\n|-activate|p2a: Arceus|confusion\n|move|p2a: Arceus|Judgment|p1a: Zapdos\n|-damage|p1a: Zapdos|85/268\n|move|p1a: Zapdos|Discharge|p2a: Arceus\n|-damage|p2a: Arceus|32/100\n|\n|upkeep\n|turn|31\n|inactive|Time left: 300 sec this turn | 300 sec total\n|\n|t:|1783567128\n|-end|p2a: Arceus|confusion\n|move|p2a: Arceus|Judgment|p1a: Zapdos\n|-damage|p1a: Zapdos|0 fnt\n|faint|p1a: Zapdos\n|\n|win|p0y2334d4b1", "uploadtime": 1783567128, "views": 0, "rating": 0, "private": 0, "password": null, "_winner": "p0y2334d4b1", "_our_name": "p0x2334c00d"}