{"id": "battle-gen9randombattle-312", "formatid": "gen9randombattle", "format": "[Gen 9] Random Battle", "players": ["p0x312337b", "p0y3127239"], "log": "|init|battle\n|title|p0x312337b vs. p0y3127239\n|j|\u2606p0x312337b\n|j|\u2606p0y3127239\n|t:|1783542699\n|gametype|singles\n|player|p1|p0x312337b|2|\n|player|p2|p0y3127239|2|\n|gen|9\n|tier|[Gen 9] Random Battle\n|rule|Species Clause: Limit one of each Pok\u00e9mon\n|rule|HP Percentage Mod: HP is shown in percentages\n|rule|Sleep Clause Mod: Limit one foe put to sleep\n|rule|Illusion Level Mod: Illusion disguises the Pok\u00e9mon's true level\n|\n|t:|1783542699\n|teamsize|p1|6\n|teamsize|p2|6\n|start\n|switch|p1a: Talonflame|Talonflame, L83, M|100/100\n|switch|p2a: Giratina|Giratina, L75|349/349\n|-ability|p2a: Giratina|Pressure\n|turn|1\n|inactive|Battle timer is ON: inactive players will automatically lose when time's up. (requested by p0x312337b)\n|inactive|Time left: 300 sec this turn | 300 sec total | 60 sec grace\n|inactive|p0y3127239 also wants the timer to be on.\n|\n|t:|1783542701\n|move|p1a: Talonflame|Swords Dance|p1a: Talonflame\n|-boost|p1a: Talonflame|atk|2\n|move|p2a: Giratina|Dragon Pulse|p1a: Talonflame\n|-damage|p1a: Talonflame|67/100\n|\n|upkeep\n|turn|2\n|inactive|Time left: 300 sec this turn | 300 sec total\n|\n|t:|1783542702\n|move|p1a: Talonflame|Brave Bird|p2a: Giratina\n|-damage|p2a: Giratina|157/349\n|-damage|p1a: Talonflame|43/100|[from] Recoil\n|move|p2a: Giratina|Dragon Pulse|p1a: Talonflame\n|-damage|p1a: Talonflame|9/100\n|\n|-heal|p2a: Giratina|178/349|[from] item: Leftovers\n|upkeep\n|turn|3\n|inactive|Time left: 300 sec this turn | 300 sec total\n|\n|t:|1783542703\n|move|p1a: Talonflame|Brave Bird|p2a: Giratina\n|-damage|p2a: Giratina|3/349\n|-damage|p1a: Talonflame|0 fnt|[from] Recoil\n|faint|p1a: Talonflame\n|move|p2a: Giratina|Dragon Pulse|p1: Talonflame|[notarget]\n|-fail|p2a: Giratina\n|\n|-heal|p2a: Giratina|24/349|[from] item: Leftovers\n|upkeep\n|\n|t:|1783542704\n|switch|p1a: Phione|Phione, L91|100/100\n|turn|4\n|inactive|Time left: 300 sec this turn | 300 sec total\n|\n|t:|1783542705\n|switch|p2a: Ampharos|Ampharos, L88, F|302/302\n|move|p1a: Phione|Scald|p2a: Ampharos\n|-damage|p2a: Ampharos|226/302\n|\n|upkeep\n|turn|5\n|inactive|Time left: 300 sec this turn | 300 sec total\n|\n|t:|1783542706\n|switch|p1a: Zekrom|Zekrom, L71|100/100\n|-ability|p1a: Zekrom|Teravolt\n|move|p2a: Ampharos|Thunderbolt|p1a: Zekrom\n|-resisted|p1a: Zekrom\n|-damage|p1a: Zekrom|84/100\n|-damage|p2a: Ampharos|196/302|[from] item: Life Orb\n|\n|-heal|p1a: Zekrom|90/100|[from] item: Leftovers\n|upkeep\n|turn|6\n|inactive|Time left: 300 sec this turn | 300 sec total\n|\n|t:|1783542707\n|move|p1a: Zekrom|Dragon Dance|p1a: Zekrom\n|-boost|p1a: Zekrom|atk|1\n|-boost|p1a: Zekrom|spe|1\n|move|p2a: Ampharos|Dazzling Gleam|p1a: Zekrom\n|-supereffective|p1a: Zekrom\n|-damage|p1a: Zekrom|19/100\n|-damage|p2a: Ampharos|166/302|[from] item: Life Orb\n|\n|-heal|p1a: Zekrom|26/100|[from] item: Leftovers\n|upkeep\n|turn|7\n|inactive|Time left: 300 sec this turn | 300 sec total\n|\n|t:|1783542708\n|-terastallize|p2a: Ampharos|Fairy\n|move|p1a: Zekrom|Outrage|p2a: Ampharos\n|-immune|p2a: Ampharos\n|move|p2a: Ampharos|Dazzling Gleam|p1a: Zekrom\n|-supereffective|p1a: Zekrom\n|-damage|p1a: Zekrom|0 fnt\n|faint|p1a: Zekrom\n|-damage|p2a: Ampharos|136/302|[from] item: Life Orb\n|\n|upkeep\n|\n|t:|1783542709\n|switch|p1a: Salazzle|Salazzle, L83, F|100/100\n|turn|8\n|inactive|Time left: 300 sec this turn | 300 sec total\n|\n|t:|1783542710\n|move|p1a: Salazzle|Flamethrower|p2a: Ampharos\n|-damage|p2a: Ampharos|30/302\n|move|p2a: Ampharos|Thunderbolt|p1a: Salazzle\n|-damage|p1a: Salazzle|14/100\n|-damage|p2a: Ampharos|0 fnt|[from] item: Life Orb\n|faint|p2a: Ampharos\n|\n|-heal|p1a: Salazzle|20/100|[from] item: Leftovers\n|upkeep\n|inactive|Time left: 300 sec this turn | 300 sec total | 5 sec grace\n|\n|t:|1783542711\n|switch|p2a: Weavile|Weavile, L79, M|240/240\n|turn|9\n|inactive|Time left: 300 sec this turn | 300 sec total\n|\n|t:|1783542712\n|move|p1a: Salazzle|Protect|p1a: Salazzle\n|-singleturn|p1a: Salazzle|Protect\n|move|p2a: Weavile|Knock Off|p1a: Salazzle\n|-activate|p1a: Salazzle|move: Protect\n|\n|-heal|p1a: Salazzle|26/100|[from] item: Leftovers\n|upkeep\n|turn|10\n|inactive|Time left: 300 sec this turn | 300 sec total\n|\n|t:|1783542713\n|switch|p1a: Mandibuzz|Mandibuzz, L85, F|100/100\n|move|p2a: Weavile|Knock Off|p1a: Mandibuzz\n|-resisted|p1a: Mandibuzz\n|-damage|p1a: Mandibuzz|87/100\n|-enditem|p1a: Mandibuzz|Heavy-Duty Boots|[from] move: Knock Off|[of] p2a: Weavile\n|\n|upkeep\n|turn|11\n|inactive|Time left: 300 sec this turn | 300 sec total\n|\n|t:|1783542714\n|move|p2a: Weavile|Triple Axel|p1a: Mandibuzz\n|-supereffective|p1a: Mandibuzz\n|-damage|p1a: Mandibuzz|74/100\n|-supereffective|p1a: Mandibuzz\n|-damage|p1a: Mandibuzz|50/100\n|-supereffective|p1a: Mandibuzz\n|-damage|p1a: Mandibuzz|15/100\n|-hitcount|p1a: Mandibuzz|3\n|move|p1a: Mandibuzz|U-turn|p2a: Weavile\n|-supereffective|p2a: Weavile\n|-crit|p2a: Weavile\n|-damage|p2a: Weavile|80/240\n|\n|t:|1783542715\n|switch|p1a: Dragapult|Dragapult, L77, F|100/100|[from] U-turn\n|\n|upkeep\n|turn|12\n|inactive|Time left: 300 sec this turn | 300 sec total\n|\n|t:|1783542716\n|switch|p2a: Garganacl|Garganacl, L80, M|291/291\n|move|p1a: Dragapult|Dragon Darts|p2a: Garganacl\n|-damage|p2a: Garganacl|249/291\n|-anim|p1a: Dragapult|Dragon Darts|p2a: Garganacl\n|-damage|p2a: Garganacl|210/291\n|\n|-heal|p2a: Garganacl|228/291|[from] item: Leftovers\n|upkeep\n|turn|13\n|inactive|Time left: 300 sec this turn | 300 sec total\n|\n|t:|1783542717\n|move|p1a: Dragapult|Dragon Darts|p2a: Garganacl\n|-damage|p2a: Garganacl|191/291\n|-anim|p1a: Dragapult|Dragon Darts|p2a: Garganacl\n|-damage|p2a: Garganacl|154/291\n|move|p2a: Garganacl|Salt Cure|p1a: Dragapult\n|-damage|p1a: Dragapult|81/100\n|-start|p1a: Dragapult|Salt Cure\n|\n|-heal|p2a: Garganacl|172/291|[from] item: Leftovers\n|-damage|p1a: Dragapult|68/100|[from] Salt Cure\n|upkeep\n|turn|14\n|inactive|Time left: 300 sec this turn | 300 sec total\n|\n|t:|1783542718\n|move|p1a: Dragapult|U-turn|p2a: Garganacl\n|-damage|p2a: Garganacl|133/291\n|\n|t:|1783542719\n|switch|p1a: Phione|Phione, L91|100/100|[from] U-turn\n|move|p2a: Garganacl|Salt Cure|p1a: Phione\n|-damage|p1a: Phione|86/100\n|-start|p1a: Phione|Salt Cure\n|\n|-heal|p1a: Phione|92/100|[from] item: Leftovers\n|-heal|p2a: Garganacl|151/291|[from] item: Leftovers\n|-damage|p1a: Phione|67/100|[from] Salt Cure\n|upkeep\n|turn|15\n|inactive|Time left: 300 sec this turn | 300 sec total\n|\n|t:|1783542719\n|switch|p2a: Giratina|Giratina, L75|24/349\n|-ability|p2a: Giratina|Pressure\n|move|p1a: Phione|Scald|p2a: Giratina\n|-resisted|p2a: Giratina\n|-damage|p2a: Giratina|0 fnt\n|faint|p2a: Giratina\n|\n|-heal|p1a: Phione|73/100|[from] item: Leftovers\n|-damage|p1a: Phione|48/100|[from] Salt Cure\n|upkeep\n|inactive|Time left: 300 sec this turn | 300 sec total | 5 sec grace\n|\n|t:|1783542720\n|switch|p2a: Weavile|Weavile, L79, M|80/240\n|turn|16\n|inactive|Time left: 300 sec this turn | 300 sec total\n|\n|t:|1783542721\n|move|p2a: Weavile|Knock Off|p1a: Phione\n|-damage|p1a: Phione|14/100\n|-enditem|p1a: Phione|Leftovers|[from] move: Knock Off|[of] p2a: Weavile\n|move|p1a: Phione|Scald|p2a: Weavile\n|-damage|p2a: Weavile|0 fnt\n|faint|p2a: Weavile\n|\n|-damage|p1a: Phione|0 fnt|[from] Salt Cure\n|faint|p1a: Phione\n|upkeep\n|inactive|Time left: 300 sec this turn | 300 sec total | 5 sec grace\n|\n|t:|1783542722\n|switch|p2a: Garganacl|Garganacl, L80, M|151/291\n|switch|p1a: Dragapult|Dragapult, L77, F|68/100\n|turn|17\n|inactive|Time left: 300 sec this turn | 300 sec total\n|\n|t:|1783542723\n|move|p1a: Dragapult|Dragon Darts|p2a: Garganacl\n|-damage|p2a: Garganacl|114/291\n|-anim|p1a: Dragapult|Dragon Darts|p2a: Garganacl\n|-damage|p2a: Garganacl|75/291\n|move|p2a: Garganacl|Salt Cure|p1a: Dragapult\n|-damage|p1a: Dragapult|49/100\n|-start|p1a: Dragapult|Salt Cure\n|-start|p2a: Garganacl|Disable|Salt Cure|[from] ability: Cursed Body|[of] p1a: Dragapult\n|\n|-heal|p2a: Garganacl|93/291|[from] item: Leftovers\n|-damage|p1a: Dragapult|36/100|[from] Salt Cure\n|upkeep\n|turn|18\n|inactive|Time left: 300 sec this turn | 300 sec total\n|\n|t:|1783542724\n|-terastallize|p1a: Dragapult|Dragon\n|move|p1a: Dragapult|Dragon Darts|p2a: Garganacl\n|-damage|p2a: Garganacl|33/291\n|-anim|p1a: Dragapult|Dragon Darts|p2a: Garganacl\n|-damage|p2a: Garganacl|0 fnt\n|faint|p2a: Garganacl\n|\n|-damage|p1a: Dragapult|24/100|[from] Salt Cure\n|upkeep\n|inactive|Time left: 300 sec this turn | 300 sec total | 5 sec grace\n|\n|t:|1783542725\n|switch|p2a: Donphan|Donphan, L84, F|288/288\n|turn|19\n|inactive|Time left: 300 sec this turn | 300 sec total\n|\n|t:|1783542726\n|move|p2a: Donphan|Ice Shard|p1a: Dragapult\n|-supereffective|p1a: Dragapult\n|-crit|p1a: Dragapult\n|-damage|p1a: Dragapult|0 fnt\n|faint|p1a: Dragapult\n|\n|upkeep\n|\n|t:|1783542727\n|switch|p1a: Salazzle|Salazzle, L83, F|26/100\n|turn|20\n|inactive|Time left: 300 sec this turn | 300 sec total\n|\n|t:|1783542728\n|move|p1a: Salazzle|Protect|p1a: Salazzle\n|-singleturn|p1a: Salazzle|Protect\n|move|p2a: Donphan|Earthquake|p1a: Salazzle\n|-activate|p1a: Salazzle|move: Protect\n|\n|-heal|p1a: Salazzle|32/100|[from] item: Leftovers\n|upkeep\n|turn|21\n|inactive|Time left: 300 sec this turn | 300 sec total\n|\n|t:|1783542729\n|move|p1a: Salazzle|Substitute|p1a: Salazzle\n|-start|p1a: Salazzle|Substitute\n|-damage|p1a: Salazzle|7/100\n|move|p2a: Donphan|Earthquake|p1a: Salazzle\n|-supereffective|p1a: Salazzle\n|-end|p1a: Salazzle|Substitute\n|\n|-heal|p1a: Salazzle|13/100|[from] item: Leftovers\n|upkeep\n|turn|22\n|inactive|Time left: 300 sec this turn | 300 sec total\n|\n|t:|1783542730\n|move|p1a: Salazzle|Protect|p1a: Salazzle\n|-singleturn|p1a: Salazzle|Protect\n|move|p2a: Donphan|Rapid Spin|p1a: Salazzle\n|-activate|p1a: Salazzle|move: Protect\n|\n|-heal|p1a: Salazzle|19/100|[from] item: Leftovers\n|upkeep\n|turn|23\n|inactive|Time left: 300 sec this turn | 300 sec total\n|\n|t:|1783542731\n|move|p1a: Salazzle|Protect|p1a: Salazzle\n|-singleturn|p1a: Salazzle|Protect\n|move|p2a: Donphan|Rapid Spin|p1a: Salazzle\n|-activate|p1a: Salazzle|move: Protect\n|\n|-heal|p1a: Salazzle|25/100|[from] item: Leftovers\n|upkeep\n|turn|24\n|inactive|Time left: 300 sec this turn | 300 sec total\n|\n|t:|1783542732\n|switch|p1a: Mandibuzz|Mandibuzz, L85, F|15/100\n|move|p2a: Donphan|Earthquake|p1a: Mandibuzz\n|-immune|p1a: Mandibuzz\n|\n|upkeep\n|turn|25\n|inactive|Time left: 300 sec this turn | 300 sec total\n|\n|t:|1783542733\n|switch|p1a: Salazzle|Salazzle, L83, F|25/100\n|move|p2a: Donphan|Ice Shard|p1a: Salazzle\n|-resisted|p1a: Salazzle\n|-damage|p1a: Salazzle|16/100\n|\n|-heal|p1a: Salazzle|22/100|[from] item: Leftovers\n|upkeep\n|turn|26\n|inactive|Time left: 300 sec this turn | 300 sec total\n|\n|t:|1783542734\n|move|p1a: Salazzle|Protect|p1a: Salazzle\n|-singleturn|p1a: Salazzle|Protect\n|move|p2a: Donphan|Rapid Spin|p1a: Salazzle\n|-activate|p1a: Salazzle|move: Protect\n|\n|-heal|p1a: Salazzle|28/100|[from] item: Leftovers\n|upkeep\n|turn|27\n|inactive|Time left: 300 sec this turn | 300 sec total\n|\n|t:|1783542735\n|switch|p1a: Mandibuzz|Mandibuzz, L85, F|15/100\n|move|p2a: Donphan|Earthquake|p1a: Mandibuzz\n|-immune|p1a: Mandibuzz\n|\n|upkeep\n|turn|28\n|inactive|Time left: 300 sec this turn | 300 sec total\n|\n|t:|1783542736\n|switch|p1a: Salazzle|Salazzle, L83, F|28/100\n|move|p2a: Donphan|Ice Shard|p1a: Salazzle\n|-resisted|p1a: Salazzle\n|-damage|p1a: Salazzle|19/100\n|\n|-heal|p1a: Salazzle|25/100|[from] item: Leftovers\n|upkeep\n|turn|29\n|inactive|Time left: 300 sec this turn | 300 sec total\n|\n|t:|1783542737\n|move|p1a: Salazzle|Protect|p1a: Salazzle\n|-singleturn|p1a: Salazzle|Protect\n|move|p2a: Donphan|Earthquake|p1a: Salazzle\n|-activate|p1a: Salazzle|move: Protect\n|\n|-heal|p1a: Salazzle|31/100|[from] item: Leftovers\n|upkeep\n|turn|30\n|inactive|Time left: 300 sec this turn | 300 sec total\n|\n|t:|1783542738\n|switch|p1a: Mandibuzz|Mandibuzz, L85, F|15/100\n|move|p2a: Donphan|Earthquake|p1a: Mandibuzz\n|-immune|p1a: Mandibuzz\n|\n|upkeep\n|turn|31\n|inactive|Time left: 300 sec this turn | 300 sec total\n|\n|t:|1783542739\n|switch|p1a: Salazzle|Salazzle, L83, F|31/100\n|move|p2a: Donphan|Ice Shard|p1a: Salazzle\n|-resisted|p1a: Salazzle\n|-damage|p1a: Salazzle|22/100\n|\n|-heal|p1a: Salazzle|28/100|[from] item: Leftovers\n|upkeep\n|turn|32\n|inactive|Time left: 300 sec this turn | 300 sec total\n|\n|t:|1783542740\n|move|p1a: Salazzle|Protect|p1a: Salazzle\n|-singleturn|p1a: Salazzle|Protect\n|move|p2a: Donphan|Earthquake|p1a: Salazzle\n|-activate|p1a: Salazzle|move: Protect\n|\n|-heal|p1a: Salazzle|34/100|[from] item: Leftovers\n|upkeep\n|turn|33\n|inactive|Time left: 300 sec this turn | 300 sec total\n|\n|t:|1783542741\n|switch|p1a: Mandibuzz|Mandibuzz, L85, F|15/100\n|move|p2a: Donphan|Earthquake|p1a: Mandibuzz\n|-immune|p1a: Mandibuzz\n|\n|upkeep\n|turn|34\n|inactive|Time left: 300 sec this turn | 300 sec total\n|\n|t:|1783542742\n|switch|p1a: Salazzle|Salazzle, L83, F|34/100\n|move|p2a: Donphan|Ice Shard|p1a: Salazzle\n|-resisted|p1a: Salazzle\n|-damage|p1a: Salazzle|25/100\n|\n|-heal|p1a: Salazzle|31/100|[from] item: Leftovers\n|upkeep\n|turn|35\n|inactive|Time left: 300 sec this turn | 300 sec total\n|\n|t:|1783542743\n|move|p1a: Salazzle|Protect|p1a: Salazzle\n|-singleturn|p1a: Salazzle|Protect\n|move|p2a: Donphan|Earthquake|p1a: Salazzle\n|-activate|p1a: Salazzle|move: Protect\n|\n|-heal|p1a: Salazzle|37/100|[from] item: Leftovers\n|upkeep\n|turn|36\n|inactive|Time left: 300 sec this turn | 300 sec total\n|\n|t:|1783542744\n|move|p1a: Salazzle|Substitute|p1a: Salazzle\n|-start|p1a: Salazzle|Substitute\n|-damage|p1a: Salazzle|13/100\n|move|p2a: Donphan|Earthquake|p1a: Salazzle\n|-supereffective|p1a: Salazzle\n|-end|p1a: Salazzle|Substitute\n|\n|-heal|p1a: Salazzle|19/100|[from] item: Leftovers\n|upkeep\n|turn|37\n|inactive|Time left: 300 sec this turn | 300 sec total\n|\n|t:|1783542745\n|move|p1a: Salazzle|Protect|p1a: Salazzle\n|-singleturn|p1a: Salazzle|Protect\n|move|p2a: Donphan|Rapid Spin|p1a: Salazzle\n|-activate|p1a: Salazzle|move: Protect\n|\n|-heal|p1a: Salazzle|25/100|[from] item: Leftovers\n|upkeep\n|turn|38\n|inactive|Time left: 300 sec this turn | 300 sec total\n|\n|t:|1783542747\n|switch|p1a: Mandibuzz|Mandibuzz, L85, F|15/100\n|move|p2a: Donphan|Earthquake|p1a: Mandibuzz\n|-immune|p1a: Mandibuzz\n|\n|upkeep\n|turn|39\n|inactive|Time left: 300 sec this turn | 300 sec total\n|\n|t:|1783542748\n|switch|p1a: Salazzle|Salazzle, L83, F|25/100\n|move|p2a: Donphan|Ice Shard|p1a: Salazzle\n|-resisted|p1a: Salazzle\n|-damage|p1a: Salazzle|15/100\n|\n|-heal|p1a: Salazzle|21/100|[from] item: Leftovers\n|upkeep\n|turn|40\n|inactive|Time left: 300 sec this turn | 300 sec total\n|\n|t:|1783542749\n|move|p1a: Salazzle|Protect|p1a: Salazzle\n|-singleturn|p1a: Salazzle|Protect\n|move|p2a: Donphan|Rapid Spin|p1a: Salazzle\n|-activate|p1a: Salazzle|move: Protect\n|\n|-heal|p1a: Salazzle|27/100|[from] item: Leftovers\n|upkeep\n|turn|41\n|inactive|Time left: 300 sec this turn | 300 sec total\n|\n|t:|1783542750\n|move|p1a: Salazzle|Substitute|p1a: Salazzle\n|-start|p1a: Salazzle|Substitute\n|-damage|p1a: Salazzle|3/100\n|move|p2a: Donphan|Earthquake|p1a: Salazzle\n|-supereffective|p1a: Salazzle\n|-end|p1a: Salazzle|Substitute\n|\n|-heal|p1a: Salazzle|9/100|[from] item: Leftovers\n|upkeep\n|turn|42\n|inactive|Time left: 300 sec this turn | 300 sec total\n|\n|t:|1783542751\n|move|p1a: Salazzle|Protect|p1a: Salazzle\n|-singleturn|p1a: Salazzle|Protect\n|move|p2a: Donphan|Rapid Spin|p1a: Salazzle\n|-activate|p1a: Salazzle|move: Protect\n|\n|-heal|p1a: Salazzle|15/100|[from] item: Leftovers\n|upkeep\n|turn|43\n|inactive|Time left: 300 sec this turn | 300 sec total\n|\n|t:|1783542752\n|move|p1a: Salazzle|Flamethrower|p2a: Donphan\n|-damage|p2a: Donphan|204/288\n|move|p2a: Donphan|Ice Spinner|p1a: Salazzle\n|-resisted|p1a: Salazzle\n|-damage|p1a: Salazzle|0 fnt\n|faint|p1a: Salazzle\n|\n|upkeep\n|\n|t:|1783542753\n|switch|p1a: Mandibuzz|Mandibuzz, L85, F|15/100\n|turn|44\n|inactive|Time left: 300 sec this turn | 300 sec total\n|\n|t:|1783542754\n|move|p2a: Donphan|Ice Shard|p1a: Mandibuzz\n|-supereffective|p1a: Mandibuzz\n|-damage|p1a: Mandibuzz|0 fnt\n|faint|p1a: Mandibuzz\n|\n|win|p0y3127239", "uploadtime": 1783542754, "views": 0, "rating": 0, "private": 0, "password": null, "_winner": "p0y3127239", "_our_name": "p0y3127239"}