{"id": "battle-gen9randombattle-2288", "formatid": "gen9randombattle", "format": "[Gen 9] Random Battle", "players": ["p0x22882380", "p0y22888cf9"], "log": "|init|battle\n|title|p0x22882380 vs. p0y22888cf9\n|j|\u2606p0x22882380\n|j|\u2606p0y22888cf9\n|t:|1783565572\n|gametype|singles\n|player|p1|p0x22882380|101|\n|player|p2|p0y22888cf9|169|\n|gen|9\n|tier|[Gen 9] Random Battle\n|rule|Species Clause: Limit one of each Pok\u00e9mon\n|rule|HP Percentage Mod: HP is shown in percentages\n|rule|Sleep Clause Mod: Limit one foe put to sleep\n|rule|Illusion Level Mod: Illusion disguises the Pok\u00e9mon's true level\n|\n|t:|1783565572\n|teamsize|p1|6\n|teamsize|p2|6\n|start\n|switch|p1a: Toxapex|Toxapex, L82, M|216/216\n|switch|p2a: Brute Bonnet|Brute Bonnet, L80|100/100\n|turn|1\n|inactive|Battle timer is ON: inactive players will automatically lose when time's up. (requested by p0y22888cf9)\n|inactive|Time left: 300 sec this turn | 300 sec total | 60 sec grace\n|inactive|p0x22882380 also wants the timer to be on.\n|\n|t:|1783565573\n|-end|p2a: Brute Bonnet|Protosynthesis|[silent]\n|switch|p2a: Luxray|Luxray, L88, F|100/100\n|move|p1a: Toxapex|Toxic|p2a: Luxray\n|-status|p2a: Luxray|tox\n|\n|-damage|p2a: Luxray|94/100 tox|[from] psn\n|upkeep\n|turn|2\n|inactive|Time left: 300 sec this turn | 300 sec total\n|\n|t:|1783565574\n|move|p2a: Luxray|Supercell Slam|p1a: Toxapex\n|-supereffective|p1a: Toxapex\n|-damage|p1a: Toxapex|0 fnt\n|-damage|p2a: Luxray|78/100 tox|[from] item: Rocky Helmet|[of] p1a: Toxapex\n|faint|p1a: Toxapex\n|\n|-damage|p2a: Luxray|66/100 tox|[from] psn\n|upkeep\n|inactive|Time left: 300 sec this turn | 300 sec total | 5 sec grace\n|\n|t:|1783565575\n|switch|p1a: Rayquaza|Rayquaza, L72|270/270\n|-ability|p1a: Rayquaza|Air Lock\n|turn|3\n|inactive|Time left: 300 sec this turn | 300 sec total\n|\n|t:|1783565576\n|move|p1a: Rayquaza|Earthquake|p2a: Luxray\n|-supereffective|p2a: Luxray\n|-damage|p2a: Luxray|16/100 tox\n|move|p2a: Luxray|Play Rough|p1a: Rayquaza\n|-supereffective|p1a: Rayquaza\n|-damage|p1a: Rayquaza|4/270\n|\n|-damage|p2a: Luxray|0 fnt|[from] psn\n|faint|p2a: Luxray\n|upkeep\n|\n|t:|1783565577\n|switch|p2a: Furret|Furret, L94, M|100/100\n|-item|p1a: Rayquaza|Loaded Dice|[from] ability: Frisk|[of] p2a: Furret\n|turn|4\n|inactive|Time left: 300 sec this turn | 300 sec total\n|\n|t:|1783565578\n|move|p2a: Furret|Tidy Up|p2a: Furret\n|-boost|p2a: Furret|atk|1\n|-boost|p2a: Furret|spe|1\n|move|p1a: Rayquaza|Earthquake|p2a: Furret\n|-damage|p2a: Furret|74/100\n|\n|upkeep\n|turn|5\n|inactive|Time left: 300 sec this turn | 300 sec total\n|\n|t:|1783565579\n|move|p2a: Furret|Brick Break|p1a: Rayquaza\n|-resisted|p1a: Rayquaza\n|-damage|p1a: Rayquaza|0 fnt\n|faint|p1a: Rayquaza\n|-damage|p2a: Furret|64/100|[from] item: Life Orb\n|\n|upkeep\n|inactive|Time left: 300 sec this turn | 300 sec total | 5 sec grace\n|\n|t:|1783565580\n|switch|p1a: Umbreon|Umbreon, L84, M|297/297\n|turn|6\n|inactive|Time left: 300 sec this turn | 300 sec total\n|\n|t:|1783565582\n|move|p2a: Furret|Brick Break|p1a: Umbreon\n|-supereffective|p1a: Umbreon\n|-damage|p1a: Umbreon|118/297\n|-damage|p2a: Furret|54/100|[from] item: Life Orb\n|move|p1a: Umbreon|Foul Play|p2a: Furret\n|-damage|p2a: Furret|0 fnt\n|faint|p2a: Furret\n|\n|-heal|p1a: Umbreon|136/297|[from] item: Leftovers\n|upkeep\n|\n|t:|1783565583\n|switch|p2a: Braviary|Braviary, L85, M|100/100\n|turn|7\n|inactive|Time left: 300 sec this turn | 300 sec total\n|\n|t:|1783565584\n|move|p2a: Braviary|Bulk Up|p2a: Braviary\n|-boost|p2a: Braviary|atk|1\n|-boost|p2a: Braviary|def|1\n|move|p1a: Umbreon|Wish|p1a: Umbreon\n|\n|-heal|p1a: Umbreon|154/297|[from] item: Leftovers\n|upkeep\n|turn|8\n|inactive|Time left: 300 sec this turn | 300 sec total\n|\n|t:|1783565585\n|move|p1a: Umbreon|Protect|p1a: Umbreon\n|-singleturn|p1a: Umbreon|Protect\n|move|p2a: Braviary|Brave Bird|p1a: Umbreon\n|-activate|p1a: Umbreon|move: Protect\n|\n|-heal|p1a: Umbreon|297/297|[from] move: Wish|[wisher] Umbreon\n|upkeep\n|turn|9\n|inactive|Time left: 300 sec this turn | 300 sec total\n|\n|t:|1783565586\n|move|p2a: Braviary|Brave Bird|p1a: Umbreon\n|-damage|p1a: Umbreon|93/297\n|-damage|p2a: Braviary|79/100|[from] Recoil\n|move|p1a: Umbreon|Foul Play|p2a: Braviary\n|-damage|p2a: Braviary|32/100\n|\n|-heal|p1a: Umbreon|111/297|[from] item: Leftovers\n|upkeep\n|turn|10\n|inactive|Time left: 300 sec this turn | 300 sec total\n|\n|t:|1783565587\n|move|p2a: Braviary|Roost|p2a: Braviary\n|-heal|p2a: Braviary|82/100\n|-singleturn|p2a: Braviary|move: Roost\n|move|p1a: Umbreon|Foul Play|p2a: Braviary\n|-damage|p2a: Braviary|41/100\n|\n|-heal|p1a: Umbreon|129/297|[from] item: Leftovers\n|upkeep\n|turn|11\n|inactive|Time left: 300 sec this turn | 300 sec total\n|\n|t:|1783565588\n|move|p2a: Braviary|Roost|p2a: Braviary\n|-heal|p2a: Braviary|91/100\n|-singleturn|p2a: Braviary|move: Roost\n|move|p1a: Umbreon|Foul Play|p2a: Braviary\n|-damage|p2a: Braviary|50/100\n|\n|-heal|p1a: Umbreon|147/297|[from] item: Leftovers\n|upkeep\n|turn|12\n|inactive|Time left: 300 sec this turn | 300 sec total\n|\n|t:|1783565589\n|move|p2a: Braviary|Brave Bird|p1a: Umbreon\n|-damage|p1a: Umbreon|0 fnt\n|faint|p1a: Umbreon\n|-damage|p2a: Braviary|34/100|[from] Recoil\n|\n|upkeep\n|inactive|Time left: 300 sec this turn | 300 sec total | 5 sec grace\n|\n|t:|1783565589\n|switch|p1a: Iron Moth|Iron Moth, L78|253/253\n|turn|13\n|inactive|Time left: 300 sec this turn | 300 sec total\n|\n|t:|1783565590\n|move|p1a: Iron Moth|Sludge Wave|p2a: Braviary\n|-damage|p2a: Braviary|0 fnt\n|faint|p2a: Braviary\n|\n|upkeep\n|\n|t:|1783565591\n|switch|p2a: Floatzel|Floatzel, L86, M|100/100\n|turn|14\n|inactive|Time left: 300 sec this turn | 300 sec total\n|\n|t:|1783565592\n|-end|p1a: Iron Moth|Quark Drive|[silent]\n|switch|p1a: Ogerpon|Ogerpon-Wellspring, L76, F|247/247\n|move|p2a: Floatzel|Wave Crash|p1a: Ogerpon\n|-immune|p1a: Ogerpon|[from] ability: Water Absorb\n|\n|upkeep\n|turn|15\n|inactive|Time left: 300 sec this turn | 300 sec total\n|\n|t:|1783565593\n|switch|p2a: Brute Bonnet|Brute Bonnet, L80|100/100\n|move|p1a: Ogerpon|Wood Hammer|p2a: Brute Bonnet\n|-resisted|p2a: Brute Bonnet\n|-damage|p2a: Brute Bonnet|79/100\n|-damage|p1a: Ogerpon|225/247|[from] Recoil\n|\n|-heal|p2a: Brute Bonnet|85/100|[from] item: Leftovers\n|upkeep\n|turn|16\n|inactive|Time left: 300 sec this turn | 300 sec total\n|\n|t:|1783565594\n|move|p1a: Ogerpon|U-turn|p2a: Brute Bonnet\n|-supereffective|p2a: Brute Bonnet\n|-damage|p2a: Brute Bonnet|10/100\n|inactive|Time left: 300 sec this turn | 300 sec total | 5 sec grace\n|\n|t:|1783565595\n|switch|p1a: Lokix|Lokix, L82, M|251/251|[from] U-turn\n|move|p2a: Brute Bonnet|Crunch|p1a: Lokix\n|-resisted|p1a: Lokix\n|-damage|p1a: Lokix|201/251\n|\n|-heal|p2a: Brute Bonnet|16/100|[from] item: Leftovers\n|upkeep\n|turn|17\n|inactive|Time left: 300 sec this turn | 300 sec total\n|\n|t:|1783565596\n|move|p1a: Lokix|First Impression|p2a: Brute Bonnet\n|-supereffective|p2a: Brute Bonnet\n|-damage|p2a: Brute Bonnet|0 fnt\n|faint|p2a: Brute Bonnet\n|-end|p2a: Brute Bonnet|Protosynthesis|[silent]\n|-damage|p1a: Lokix|176/251|[from] item: Life Orb\n|\n|upkeep\n|\n|t:|1783565597\n|switch|p2a: Floatzel|Floatzel, L86, M|100/100\n|turn|18\n|inactive|Time left: 300 sec this turn | 300 sec total\n|\n|t:|1783565598\n|switch|p1a: Ogerpon|Ogerpon-Wellspring, L76, F|225/247\n|move|p2a: Floatzel|Bulk Up|p2a: Floatzel\n|-boost|p2a: Floatzel|atk|1\n|-boost|p2a: Floatzel|def|1\n|\n|upkeep\n|turn|19\n|inactive|Time left: 300 sec this turn | 300 sec total\n|\n|t:|1783565599\n|move|p2a: Floatzel|Bulk Up|p2a: Floatzel\n|-boost|p2a: Floatzel|atk|1\n|-boost|p2a: Floatzel|def|1\n|move|p1a: Ogerpon|Wood Hammer|p2a: Floatzel\n|-supereffective|p2a: Floatzel\n|-damage|p2a: Floatzel|28/100\n|-damage|p1a: Ogerpon|157/247|[from] Recoil\n|\n|-heal|p2a: Floatzel|34/100|[from] item: Leftovers\n|upkeep\n|turn|20\n|inactive|Time left: 300 sec this turn | 300 sec total\n|\n|t:|1783565600\n|move|p2a: Floatzel|Ice Spinner|p1a: Ogerpon\n|-damage|p1a: Ogerpon|3/247\n|move|p1a: Ogerpon|Wood Hammer|p2a: Floatzel\n|-supereffective|p2a: Floatzel\n|-damage|p2a: Floatzel|0 fnt\n|faint|p2a: Floatzel\n|-damage|p1a: Ogerpon|0 fnt|[from] Recoil\n|faint|p1a: Ogerpon\n|\n|upkeep\n|inactive|Time left: 300 sec this turn | 300 sec total | 5 sec grace\n|\n|t:|1783565601\n|switch|p2a: Toxtricity|Toxtricity, L82, F|100/100\n|switch|p1a: Iron Moth|Iron Moth, L78|253/253\n|turn|21\n|inactive|Time left: 300 sec this turn | 300 sec total\n|\n|t:|1783565602\n|-terastallize|p1a: Iron Moth|Fire\n|move|p1a: Iron Moth|Fire Blast|p2a: Toxtricity\n|-damage|p2a: Toxtricity|14/100\n|move|p2a: Toxtricity|Shift Gear|p2a: Toxtricity\n|-boost|p2a: Toxtricity|spe|2\n|-boost|p2a: Toxtricity|atk|1\n|\n|upkeep\n|turn|22\n|inactive|Time left: 300 sec this turn | 300 sec total\n|\n|t:|1783565603\n|-terastallize|p2a: Toxtricity|Normal\n|move|p2a: Toxtricity|Gunk Shot|p1a: Iron Moth\n|-damage|p1a: Iron Moth|0 fnt\n|faint|p1a: Iron Moth\n|-end|p1a: Iron Moth|Quark Drive|[silent]\n|\n|upkeep\n|inactive|Time left: 300 sec this turn | 300 sec total | 5 sec grace\n|\n|t:|1783565604\n|switch|p1a: Lokix|Lokix, L82, M|176/251\n|turn|23\n|inactive|Time left: 300 sec this turn | 300 sec total\n|\n|t:|1783565605\n|move|p1a: Lokix|First Impression|p2a: Toxtricity\n|-damage|p2a: Toxtricity|0 fnt\n|faint|p2a: Toxtricity\n|-damage|p1a: Lokix|151/251|[from] item: Life Orb\n|\n|win|p0x22882380", "uploadtime": 1783565605, "views": 0, "rating": 0, "private": 0, "password": null, "_winner": "p0x22882380", "_our_name": "p0x22882380"}