{"id": "battle-gen9randombattle-2484", "formatid": "gen9randombattle", "format": "[Gen 9] Random Battle", "players": ["p0x248425bb", "p0y24843dc9"], "log": "|init|battle\n|title|p0x248425bb vs. p0y24843dc9\n|j|\u2606p0x248425bb\n|j|\u2606p0y24843dc9\n|t:|1783567835\n|gametype|singles\n|player|p1|p0x248425bb|2|\n|player|p2|p0y24843dc9|1|\n|gen|9\n|tier|[Gen 9] Random Battle\n|rule|Species Clause: Limit one of each Pok\u00e9mon\n|rule|HP Percentage Mod: HP is shown in percentages\n|rule|Sleep Clause Mod: Limit one foe put to sleep\n|rule|Illusion Level Mod: Illusion disguises the Pok\u00e9mon's true level\n|\n|t:|1783567835\n|teamsize|p1|6\n|teamsize|p2|6\n|start\n|switch|p1a: Sneasler|Sneasler, L74, M|100/100\n|switch|p2a: Seviper|Seviper, L93, M|287/287\n|turn|1\n|inactive|Battle timer is ON: inactive players will automatically lose when time's up. (requested by p0y24843dc9)\n|inactive|p0x248425bb also wants the timer to be on.\n|\n|t:|1783567837\n|switch|p1a: Gyarados|Gyarados, L79, M|100/100\n|-ability|p1a: Gyarados|Intimidate|boost\n|-unboost|p2a: Seviper|atk|1\n|move|p2a: Seviper|Swords Dance|p2a: Seviper\n|-boost|p2a: Seviper|atk|2\n|\n|upkeep\n|turn|2\n|inactive|Time left: 300 sec this turn | 300 sec total\n|\n|t:|1783567838\n|move|p2a: Seviper|Gunk Shot|p1a: Gyarados\n|-damage|p1a: Gyarados|0 fnt\n|faint|p1a: Gyarados\n|\n|upkeep\n|\n|t:|1783567839\n|switch|p1a: Mimikyu|Mimikyu, L79, M|100/100\n|turn|3\n|inactive|Time left: 300 sec this turn | 300 sec total\n|\n|t:|1783567841\n|move|p1a: Mimikyu|Swords Dance|p1a: Mimikyu\n|-boost|p1a: Mimikyu|atk|2\n|move|p2a: Seviper|Gunk Shot|p1a: Mimikyu|[miss]\n|-miss|p2a: Seviper|p1a: Mimikyu\n|\n|upkeep\n|turn|4\n|inactive|Time left: 300 sec this turn | 300 sec total\n|\n|t:|1783567842\n|move|p1a: Mimikyu|Shadow Claw|p2a: Seviper\n|-damage|p2a: Seviper|96/287\n|-damage|p1a: Mimikyu|91/100|[from] item: Life Orb\n|move|p2a: Seviper|Gunk Shot|p1a: Mimikyu|[miss]\n|-miss|p2a: Seviper|p1a: Mimikyu\n|\n|-heal|p2a: Seviper|113/287|[from] item: Leftovers\n|upkeep\n|turn|5\n|inactive|Time left: 300 sec this turn | 300 sec total\n|\n|t:|1783567843\n|switch|p2a: Girafarig|Girafarig, L89, M|269/269\n|move|p1a: Mimikyu|Shadow Claw|p2a: Girafarig\n|-immune|p2a: Girafarig\n|\n|upkeep\n|turn|6\n|inactive|Time left: 300 sec this turn | 300 sec total\n|\n|t:|1783567844\n|move|p2a: Girafarig|Psychic|p1a: Mimikyu\n|-activate|p1a: Mimikyu|ability: Disguise\n|-damage|p1a: Mimikyu|91/100\n|detailschange|p1a: Mimikyu|Mimikyu-Busted, L79, M\n|-damage|p1a: Mimikyu|78/100|[from] pokemon: Mimikyu-Busted\n|move|p1a: Mimikyu|Play Rough|p2a: Girafarig\n|-damage|p2a: Girafarig|117/269\n|-damage|p1a: Mimikyu|69/100|[from] item: Life Orb\n|\n|upkeep\n|turn|7\n|inactive|Time left: 300 sec this turn | 300 sec total\n|\n|t:|1783567845\n|move|p2a: Girafarig|Psychic|p1a: Mimikyu\n|-damage|p1a: Mimikyu|26/100\n|move|p1a: Mimikyu|Play Rough|p2a: Girafarig\n|-damage|p2a: Girafarig|0 fnt\n|faint|p2a: Girafarig\n|-damage|p1a: Mimikyu|17/100|[from] item: Life Orb\n|\n|upkeep\n|inactive|Time left: 300 sec this turn | 300 sec total | 5 sec grace\n|\n|t:|1783567846\n|switch|p2a: Zacian|Zacian-Crowned, L64|225/225\n|-ability|p2a: Zacian|Intrepid Sword|boost\n|-boost|p2a: Zacian|atk|1\n|turn|8\n|inactive|Time left: 300 sec this turn | 300 sec total\n|\n|t:|1783567847\n|move|p1a: Mimikyu|Shadow Sneak|p2a: Zacian\n|-damage|p2a: Zacian|130/225\n|-damage|p1a: Mimikyu|7/100|[from] item: Life Orb\n|move|p2a: Zacian|Behemoth Blade|p1a: Mimikyu\n|-supereffective|p1a: Mimikyu\n|-damage|p1a: Mimikyu|0 fnt\n|faint|p1a: Mimikyu\n|\n|upkeep\n|\n|t:|1783567848\n|switch|p1a: Brambleghast|Brambleghast, L88, F|100/100\n|turn|9\n|inactive|Time left: 300 sec this turn | 300 sec total\n|\n|t:|1783567849\n|move|p2a: Zacian|Behemoth Blade|p1a: Brambleghast\n|-damage|p1a: Brambleghast|34/100\n|move|p1a: Brambleghast|Poltergeist|p2a: Zacian\n|-activate|p2a: Zacian|move: Poltergeist|Rusted Sword\n|-damage|p2a: Zacian|0 fnt\n|faint|p2a: Zacian\n|\n|-heal|p1a: Brambleghast|40/100|[from] item: Leftovers\n|upkeep\n|inactive|Time left: 300 sec this turn | 300 sec total | 5 sec grace\n|\n|t:|1783567850\n|switch|p2a: Salamence|Salamence, L77, F|273/273\n|turn|10\n|inactive|Time left: 300 sec this turn | 300 sec total\n|\n|t:|1783567850\n|switch|p1a: Glaceon|Glaceon, L94, F|100/100\n|move|p2a: Salamence|Dragon Dance|p2a: Salamence\n|-boost|p2a: Salamence|atk|1\n|-boost|p2a: Salamence|spe|1\n|\n|upkeep\n|turn|11\n|inactive|Time left: 300 sec this turn | 300 sec total\n|\n|t:|1783567851\n|-terastallize|p2a: Salamence|Dragon\n|move|p2a: Salamence|Outrage|p1a: Glaceon\n|-damage|p1a: Glaceon|26/100\n|move|p1a: Glaceon|Freeze-Dry|p2a: Salamence\n|-supereffective|p2a: Salamence\n|-damage|p2a: Salamence|0 fnt\n|faint|p2a: Salamence\n|\n|upkeep\n|inactive|Time left: 300 sec this turn | 300 sec total | 5 sec grace\n|\n|t:|1783567852\n|switch|p2a: Cinccino|Cinccino, L83, M|260/260\n|turn|12\n|inactive|Time left: 300 sec this turn | 300 sec total\n|\n|t:|1783567853\n|switch|p1a: Cresselia|Cresselia, L80, F|100/100\n|move|p2a: Cinccino|Bullet Seed|p1a: Cresselia\n|-damage|p1a: Cresselia|93/100\n|-damage|p1a: Cresselia|86/100\n|-damage|p1a: Cresselia|78/100\n|-damage|p1a: Cresselia|71/100\n|-damage|p1a: Cresselia|64/100\n|-hitcount|p1a: Cresselia|5\n|\n|-heal|p1a: Cresselia|70/100|[from] item: Leftovers\n|upkeep\n|turn|13\n|inactive|Time left: 300 sec this turn | 300 sec total\n|\n|t:|1783567854\n|move|p2a: Cinccino|Tail Slap|p1a: Cresselia\n|-damage|p1a: Cresselia|60/100\n|-damage|p1a: Cresselia|49/100\n|-damage|p1a: Cresselia|39/100\n|-damage|p1a: Cresselia|29/100\n|-damage|p1a: Cresselia|18/100\n|-hitcount|p1a: Cresselia|5\n|move|p1a: Cresselia|Moonlight|p1a: Cresselia\n|-heal|p1a: Cresselia|67/100\n|\n|-heal|p1a: Cresselia|74/100|[from] item: Leftovers\n|upkeep\n|turn|14\n|inactive|Time left: 300 sec this turn | 300 sec total\n|\n|t:|1783567855\n|move|p2a: Cinccino|Tail Slap|p1a: Cresselia\n|-damage|p1a: Cresselia|62/100\n|-damage|p1a: Cresselia|52/100\n|-damage|p1a: Cresselia|42/100\n|-damage|p1a: Cresselia|33/100\n|-damage|p1a: Cresselia|22/100\n|-hitcount|p1a: Cresselia|5\n|move|p1a: Cresselia|Moonlight|p1a: Cresselia\n|-heal|p1a: Cresselia|71/100\n|\n|-heal|p1a: Cresselia|78/100|[from] item: Leftovers\n|upkeep\n|turn|15\n|inactive|Time left: 300 sec this turn | 300 sec total\n|\n|t:|1783567856\n|move|p2a: Cinccino|Tail Slap|p1a: Cresselia\n|-damage|p1a: Cresselia|66/100\n|-damage|p1a: Cresselia|56/100\n|-crit|p1a: Cresselia\n|-damage|p1a: Cresselia|40/100\n|-damage|p1a: Cresselia|30/100\n|-hitcount|p1a: Cresselia|4\n|move|p1a: Cresselia|Moonlight|p1a: Cresselia\n|-heal|p1a: Cresselia|79/100\n|\n|-heal|p1a: Cresselia|86/100|[from] item: Leftovers\n|upkeep\n|turn|16\n|inactive|Time left: 300 sec this turn | 300 sec total\n|\n|t:|1783567857\n|move|p2a: Cinccino|Tail Slap|p1a: Cresselia\n|-damage|p1a: Cresselia|75/100\n|-damage|p1a: Cresselia|65/100\n|-damage|p1a: Cresselia|53/100\n|-damage|p1a: Cresselia|44/100\n|-hitcount|p1a: Cresselia|4\n|move|p1a: Cresselia|Calm Mind|p1a: Cresselia\n|-boost|p1a: Cresselia|spa|1\n|-boost|p1a: Cresselia|spd|1\n|\n|-heal|p1a: Cresselia|50/100|[from] item: Leftovers\n|upkeep\n|turn|17\n|inactive|Time left: 300 sec this turn | 300 sec total\n|\n|t:|1783567858\n|move|p2a: Cinccino|Tail Slap|p1a: Cresselia\n|-damage|p1a: Cresselia|40/100\n|-damage|p1a: Cresselia|28/100\n|-damage|p1a: Cresselia|17/100\n|-damage|p1a: Cresselia|7/100\n|-hitcount|p1a: Cresselia|4\n|move|p1a: Cresselia|Moonlight|p1a: Cresselia\n|-heal|p1a: Cresselia|57/100\n|\n|-heal|p1a: Cresselia|63/100|[from] item: Leftovers\n|upkeep\n|turn|18\n|inactive|Time left: 300 sec this turn | 300 sec total\n|\n|t:|1783567859\n|move|p2a: Cinccino|Tail Slap|p1a: Cresselia|[miss]\n|-miss|p2a: Cinccino|p1a: Cresselia\n|move|p1a: Cresselia|Moonlight|p1a: Cresselia\n|-heal|p1a: Cresselia|100/100\n|\n|upkeep\n|turn|19\n|inactive|Time left: 300 sec this turn | 300 sec total\n|\n|t:|1783567860\n|move|p2a: Cinccino|Tail Slap|p1a: Cresselia\n|-damage|p1a: Cresselia|90/100\n|-damage|p1a: Cresselia|80/100\n|-damage|p1a: Cresselia|69/100\n|-damage|p1a: Cresselia|59/100\n|-hitcount|p1a: Cresselia|4\n|move|p1a: Cresselia|Psyshock|p2a: Cinccino\n|-damage|p2a: Cinccino|134/260\n|\n|-heal|p1a: Cresselia|65/100|[from] item: Leftovers\n|upkeep\n|turn|20\n|inactive|Time left: 300 sec this turn | 300 sec total\n|\n|t:|1783567861\n|move|p2a: Cinccino|Tail Slap|p1a: Cresselia\n|-damage|p1a: Cresselia|55/100\n|-damage|p1a: Cresselia|44/100\n|-damage|p1a: Cresselia|33/100\n|-damage|p1a: Cresselia|24/100\n|-damage|p1a: Cresselia|14/100\n|-hitcount|p1a: Cresselia|5\n|move|p1a: Cresselia|Moonlight|p1a: Cresselia\n|-heal|p1a: Cresselia|64/100\n|\n|-heal|p1a: Cresselia|70/100|[from] item: Leftovers\n|upkeep\n|turn|21\n|inactive|Time left: 300 sec this turn | 300 sec total\n|\n|t:|1783567862\n|move|p2a: Cinccino|Tail Slap|p1a: Cresselia\n|-damage|p1a: Cresselia|59/100\n|-damage|p1a: Cresselia|49/100\n|-damage|p1a: Cresselia|38/100\n|-damage|p1a: Cresselia|28/100\n|-damage|p1a: Cresselia|17/100\n|-hitcount|p1a: Cresselia|5\n|move|p1a: Cresselia|Moonlight|p1a: Cresselia\n|-heal|p1a: Cresselia|67/100\n|\n|-heal|p1a: Cresselia|73/100|[from] item: Leftovers\n|upkeep\n|turn|22\n|inactive|Time left: 300 sec this turn | 300 sec total\n|\n|t:|1783567863\n|-terastallize|p1a: Cresselia|Electric\n|move|p2a: Cinccino|Tail Slap|p1a: Cresselia\n|-crit|p1a: Cresselia\n|-damage|p1a: Cresselia|57/100\n|-damage|p1a: Cresselia|46/100\n|-damage|p1a: Cresselia|35/100\n|-damage|p1a: Cresselia|25/100\n|-damage|p1a: Cresselia|14/100\n|-hitcount|p1a: Cresselia|5\n|move|p1a: Cresselia|Thunderbolt|p2a: Cinccino\n|-damage|p2a: Cinccino|0 fnt\n|faint|p2a: Cinccino\n|\n|-heal|p1a: Cresselia|20/100|[from] item: Leftovers\n|upkeep\n|inactive|Time left: 300 sec this turn | 300 sec total | 5 sec grace\n|\n|t:|1783567864\n|switch|p2a: Emboar|Emboar, L84, M|322/322\n|turn|23\n|inactive|Time left: 300 sec this turn | 300 sec total\n|\n|t:|1783567865\n|move|p1a: Cresselia|Moonlight|p1a: Cresselia\n|-heal|p1a: Cresselia|70/100\n|move|p2a: Emboar|Knock Off|p1a: Cresselia\n|-damage|p1a: Cresselia|46/100\n|-enditem|p1a: Cresselia|Leftovers|[from] move: Knock Off|[of] p2a: Emboar\n|\n|upkeep\n|turn|24\n|inactive|Time left: 300 sec this turn | 300 sec total\n|\n|t:|1783567867\n|move|p1a: Cresselia|Psyshock|p2a: Emboar\n|-supereffective|p2a: Emboar\n|-damage|p2a: Emboar|86/322\n|move|p2a: Emboar|Close Combat|p1a: Cresselia\n|-damage|p1a: Cresselia|3/100\n|-unboost|p2a: Emboar|def|1\n|-unboost|p2a: Emboar|spd|1\n|\n|upkeep\n|turn|25\n|inactive|Time left: 300 sec this turn | 300 sec total\n|\n|t:|1783567868\n|move|p2a: Emboar|Sucker Punch|p1a: Cresselia\n|-damage|p1a: Cresselia|0 fnt\n|faint|p1a: Cresselia\n|\n|upkeep\n|\n|t:|1783567868\n|switch|p1a: Sneasler|Sneasler, L74, M|100/100\n|turn|26\n|inactive|Time left: 300 sec this turn | 300 sec total\n|\n|t:|1783567869\n|move|p1a: Sneasler|Swords Dance|p1a: Sneasler\n|-boost|p1a: Sneasler|atk|2\n|move|p2a: Emboar|Knock Off|p1a: Sneasler\n|-resisted|p1a: Sneasler\n|-damage|p1a: Sneasler|74/100\n|-enditem|p1a: Sneasler|White Herb|[from] move: Knock Off|[of] p2a: Emboar\n|\n|upkeep\n|turn|27\n|inactive|Time left: 300 sec this turn | 300 sec total\n|\n|t:|1783567870\n|move|p2a: Emboar|Sucker Punch|p1a: Sneasler\n|-resisted|p1a: Sneasler\n|-damage|p1a: Sneasler|57/100\n|move|p1a: Sneasler|Acrobatics|p2a: Emboar\n|-supereffective|p2a: Emboar\n|-damage|p2a: Emboar|0 fnt\n|faint|p2a: Emboar\n|\n|upkeep\n|inactive|Time left: 300 sec this turn | 300 sec total | 5 sec grace\n|\n|t:|1783567871\n|switch|p2a: Seviper|Seviper, L93, M|113/287\n|turn|28\n|inactive|Time left: 300 sec this turn | 300 sec total\n|\n|t:|1783567872\n|move|p1a: Sneasler|Acrobatics|p2a: Seviper\n|-damage|p2a: Seviper|0 fnt\n|faint|p2a: Seviper\n|\n|win|p0x248425bb", "uploadtime": 1783567872, "views": 0, "rating": 0, "private": 0, "password": null, "_winner": "p0x248425bb", "_our_name": "p0y24843dc9"}