{"id": "battle-gen9randombattle-612", "formatid": "gen9randombattle", "format": "[Gen 9] Random Battle", "players": ["p0x612345d", "p0y6125d35"], "log": "|init|battle\n|title|p0x612345d vs. p0y6125d35\n|j|\u2606p0x612345d\n|j|\u2606p0y6125d35\n|t:|1783546911\n|gametype|singles\n|player|p1|p0x612345d|102|\n|player|p2|p0y6125d35|102|\n|gen|9\n|tier|[Gen 9] Random Battle\n|rule|Species Clause: Limit one of each Pok\u00e9mon\n|rule|HP Percentage Mod: HP is shown in percentages\n|rule|Sleep Clause Mod: Limit one foe put to sleep\n|rule|Illusion Level Mod: Illusion disguises the Pok\u00e9mon's true level\n|\n|t:|1783546911\n|teamsize|p1|6\n|teamsize|p2|6\n|start\n|switch|p1a: Lanturn|Lanturn, L89, F|367/367\n|switch|p2a: Wigglytuff|Wigglytuff, L96, M|100/100\n|turn|1\n|inactive|Battle timer is ON: inactive players will automatically lose when time's up. (requested by p0x612345d)\n|inactive|p0y6125d35 also wants the timer to be on.\n|\n|t:|1783546913\n|move|p1a: Lanturn|Scald|p2a: Wigglytuff\n|-damage|p2a: Wigglytuff|77/100\n|-status|p2a: Wigglytuff|brn\n|move|p2a: Wigglytuff|Knock Off|p1a: Lanturn\n|-damage|p1a: Lanturn|322/367\n|-enditem|p1a: Lanturn|Leftovers|[from] move: Knock Off|[of] p2a: Wigglytuff\n|\n|-heal|p2a: Wigglytuff|83/100 brn|[from] item: Leftovers\n|-damage|p2a: Wigglytuff|77/100 brn|[from] brn\n|upkeep\n|turn|2\n|inactive|Time left: 300 sec this turn | 300 sec total\n|\n|t:|1783546914\n|move|p1a: Lanturn|Thunderbolt|p2a: Wigglytuff\n|-damage|p2a: Wigglytuff|51/100 brn\n|move|p2a: Wigglytuff|Alluring Voice|p1a: Lanturn\n|-damage|p1a: Lanturn|210/367\n|\n|-heal|p2a: Wigglytuff|57/100 brn|[from] item: Leftovers\n|-damage|p2a: Wigglytuff|51/100 brn|[from] brn\n|upkeep\n|turn|3\n|inactive|Time left: 300 sec this turn | 300 sec total\n|\n|t:|1783546915\n|move|p1a: Lanturn|Scald|p2a: Wigglytuff\n|-damage|p2a: Wigglytuff|27/100 brn\n|move|p2a: Wigglytuff|Alluring Voice|p1a: Lanturn\n|-damage|p1a: Lanturn|113/367\n|\n|-heal|p2a: Wigglytuff|34/100 brn|[from] item: Leftovers\n|-damage|p2a: Wigglytuff|27/100 brn|[from] brn\n|upkeep\n|turn|4\n|inactive|Time left: 300 sec this turn | 300 sec total\n|\n|t:|1783546916\n|switch|p2a: Cresselia|Cresselia, L80, F|100/100\n|move|p1a: Lanturn|Scald|p2a: Cresselia\n|-damage|p2a: Cresselia|79/100\n|-status|p2a: Cresselia|brn\n|\n|-heal|p2a: Cresselia|85/100 brn|[from] item: Leftovers\n|-damage|p2a: Cresselia|79/100 brn|[from] brn\n|upkeep\n|turn|5\n|inactive|Time left: 300 sec this turn | 300 sec total\n|\n|t:|1783546917\n|move|p2a: Cresselia|Calm Mind|p2a: Cresselia\n|-boost|p2a: Cresselia|spa|1\n|-boost|p2a: Cresselia|spd|1\n|move|p1a: Lanturn|Scald|p2a: Cresselia\n|-damage|p2a: Cresselia|66/100 brn\n|\n|-heal|p2a: Cresselia|72/100 brn|[from] item: Leftovers\n|-damage|p2a: Cresselia|66/100 brn|[from] brn\n|upkeep\n|turn|6\n|inactive|Time left: 300 sec this turn | 300 sec total\n|\n|t:|1783546918\n|switch|p1a: Coalossal|Coalossal, L89, F|341/341\n|move|p2a: Cresselia|Psyshock|p1a: Coalossal\n|-damage|p1a: Coalossal|268/341\n|\n|-heal|p2a: Cresselia|72/100 brn|[from] item: Leftovers\n|-damage|p2a: Cresselia|66/100 brn|[from] brn\n|upkeep\n|turn|7\n|inactive|Time left: 300 sec this turn | 300 sec total\n|\n|t:|1783546919\n|move|p2a: Cresselia|Psyshock|p1a: Coalossal\n|-damage|p1a: Coalossal|198/341\n|move|p1a: Coalossal|Stealth Rock|p2a: Cresselia\n|-sidestart|p2: p0y6125d35|move: Stealth Rock\n|\n|-heal|p2a: Cresselia|72/100 brn|[from] item: Leftovers\n|-damage|p2a: Cresselia|66/100 brn|[from] brn\n|upkeep\n|turn|8\n|inactive|Time left: 300 sec this turn | 300 sec total\n|\n|t:|1783546920\n|move|p2a: Cresselia|Calm Mind|p2a: Cresselia\n|-boost|p2a: Cresselia|spa|1\n|-boost|p2a: Cresselia|spd|1\n|move|p1a: Coalossal|Spikes|p2a: Cresselia\n|-sidestart|p2: p0y6125d35|Spikes\n|\n|-heal|p2a: Cresselia|72/100 brn|[from] item: Leftovers\n|-damage|p2a: Cresselia|66/100 brn|[from] brn\n|upkeep\n|turn|9\n|inactive|Time left: 300 sec this turn | 300 sec total\n|\n|t:|1783546921\n|move|p2a: Cresselia|Moonlight|p2a: Cresselia\n|-heal|p2a: Cresselia|100/100 brn\n|move|p1a: Coalossal|Spikes|p2a: Cresselia\n|-sidestart|p2: p0y6125d35|Spikes\n|\n|-damage|p2a: Cresselia|94/100 brn|[from] brn\n|upkeep\n|turn|10\n|inactive|Time left: 300 sec this turn | 300 sec total\n|\n|t:|1783546922\n|move|p2a: Cresselia|Psyshock|p1a: Coalossal\n|-damage|p1a: Coalossal|99/341\n|move|p1a: Coalossal|Stone Edge|p2a: Cresselia\n|-damage|p2a: Cresselia|66/100 brn\n|\n|-heal|p2a: Cresselia|73/100 brn|[from] item: Leftovers\n|-damage|p2a: Cresselia|66/100 brn|[from] brn\n|upkeep\n|turn|11\n|inactive|Time left: 300 sec this turn | 300 sec total\n|\n|t:|1783546923\n|switch|p1a: Greedent|Greedent, L86, F|347/347\n|move|p2a: Cresselia|Psyshock|p1a: Greedent\n|-damage|p1a: Greedent|238/347\n|\n|-heal|p2a: Cresselia|73/100 brn|[from] item: Leftovers\n|-damage|p2a: Cresselia|66/100 brn|[from] brn\n|upkeep\n|turn|12\n|inactive|Time left: 300 sec this turn | 300 sec total\n|\n|t:|1783546924\n|move|p2a: Cresselia|Psyshock|p1a: Greedent\n|-crit|p1a: Greedent\n|-damage|p1a: Greedent|75/347\n|-enditem|p1a: Greedent|Sitrus Berry|[eat]\n|-heal|p1a: Greedent|161/347|[from] item: Sitrus Berry\n|-heal|p1a: Greedent|276/347|[from] ability: Cheek Pouch\n|move|p1a: Greedent|Knock Off|p2a: Cresselia\n|-supereffective|p2a: Cresselia\n|-damage|p2a: Cresselia|28/100 brn\n|-enditem|p2a: Cresselia|Leftovers|[from] move: Knock Off|[of] p1a: Greedent\n|\n|-damage|p2a: Cresselia|22/100 brn|[from] brn\n|upkeep\n|turn|13\n|inactive|Time left: 300 sec this turn | 300 sec total\n|\n|t:|1783546925\n|move|p2a: Cresselia|Moonlight|p2a: Cresselia\n|-heal|p2a: Cresselia|72/100 brn\n|move|p1a: Greedent|Swords Dance|p1a: Greedent\n|-boost|p1a: Greedent|atk|2\n|\n|-damage|p2a: Cresselia|66/100 brn|[from] brn\n|upkeep\n|turn|14\n|inactive|Time left: 300 sec this turn | 300 sec total\n|\n|t:|1783546926\n|move|p2a: Cresselia|Moonlight|p2a: Cresselia\n|-heal|p2a: Cresselia|100/100 brn\n|move|p1a: Greedent|Body Slam|p2a: Cresselia\n|-damage|p2a: Cresselia|48/100 brn\n|\n|-damage|p2a: Cresselia|42/100 brn|[from] brn\n|upkeep\n|turn|15\n|inactive|Time left: 300 sec this turn | 300 sec total\n|\n|t:|1783546927\n|move|p2a: Cresselia|Moonlight|p2a: Cresselia\n|-heal|p2a: Cresselia|92/100 brn\n|move|p1a: Greedent|Body Slam|p2a: Cresselia\n|-damage|p2a: Cresselia|37/100 brn\n|\n|-damage|p2a: Cresselia|31/100 brn|[from] brn\n|upkeep\n|turn|16\n|inactive|Time left: 300 sec this turn | 300 sec total\n|\n|t:|1783546929\n|move|p2a: Cresselia|Moonlight|p2a: Cresselia\n|-heal|p2a: Cresselia|80/100 brn\n|move|p1a: Greedent|Body Slam|p2a: Cresselia\n|-damage|p2a: Cresselia|25/100 brn\n|\n|-damage|p2a: Cresselia|19/100 brn|[from] brn\n|upkeep\n|turn|17\n|inactive|Time left: 300 sec this turn | 300 sec total\n|\n|t:|1783546930\n|-terastallize|p2a: Cresselia|Steel\n|move|p2a: Cresselia|Moonlight|p2a: Cresselia\n|-heal|p2a: Cresselia|69/100 brn\n|move|p1a: Greedent|Body Slam|p2a: Cresselia\n|-resisted|p2a: Cresselia\n|-damage|p2a: Cresselia|42/100 brn\n|\n|-damage|p2a: Cresselia|36/100 brn|[from] brn\n|upkeep\n|turn|18\n|inactive|Time left: 300 sec this turn | 300 sec total\n|\n|t:|1783546931\n|move|p2a: Cresselia|Moonlight|p2a: Cresselia\n|-heal|p2a: Cresselia|86/100 brn\n|move|p1a: Greedent|Knock Off|p2a: Cresselia\n|-damage|p2a: Cresselia|58/100 brn\n|\n|-damage|p2a: Cresselia|52/100 brn|[from] brn\n|upkeep\n|turn|19\n|inactive|Time left: 300 sec this turn | 300 sec total\n|\n|t:|1783546932\n|move|p2a: Cresselia|Moonlight|p2a: Cresselia\n|-heal|p2a: Cresselia|100/100 brn\n|move|p1a: Greedent|Knock Off|p2a: Cresselia\n|-crit|p2a: Cresselia\n|-damage|p2a: Cresselia|60/100 brn\n|\n|-damage|p2a: Cresselia|54/100 brn|[from] brn\n|upkeep\n|turn|20\n|inactive|Time left: 300 sec this turn | 300 sec total\n|\n|t:|1783546933\n|move|p2a: Cresselia|Psyshock|p1a: Greedent\n|-damage|p1a: Greedent|155/347\n|move|p1a: Greedent|Body Slam|p2a: Cresselia\n|-resisted|p2a: Cresselia\n|-damage|p2a: Cresselia|31/100 brn\n|\n|-damage|p2a: Cresselia|24/100 brn|[from] brn\n|upkeep\n|turn|21\n|inactive|Time left: 300 sec this turn | 300 sec total\n|\n|t:|1783546935\n|move|p2a: Cresselia|Psyshock|p1a: Greedent\n|-damage|p1a: Greedent|37/347\n|move|p1a: Greedent|Knock Off|p2a: Cresselia\n|-damage|p2a: Cresselia|0 fnt\n|faint|p2a: Cresselia\n|\n|upkeep\n|\n|t:|1783546936\n|switch|p2a: Kricketune|Kricketune, L99, F|100/100\n|turn|22\n|inactive|Time left: 300 sec this turn | 300 sec total\n|\n|t:|1783546937\n|move|p2a: Kricketune|Sticky Web|p1a: Greedent\n|-sidestart|p1: p0x612345d|move: Sticky Web\n|move|p1a: Greedent|Knock Off|p2a: Kricketune\n|-damage|p2a: Kricketune|43/100\n|-enditem|p2a: Kricketune|Heavy-Duty Boots|[from] move: Knock Off|[of] p1a: Greedent\n|\n|upkeep\n|turn|23\n|inactive|Time left: 300 sec this turn | 300 sec total\n|\n|t:|1783546938\n|move|p2a: Kricketune|Knock Off|p1a: Greedent\n|-damage|p1a: Greedent|0 fnt\n|faint|p1a: Greedent\n|\n|upkeep\n|inactive|Time left: 300 sec this turn | 300 sec total | 5 sec grace\n|\n|t:|1783546939\n|switch|p1a: Coalossal|Coalossal, L89, F|99/341\n|turn|24\n|inactive|Time left: 300 sec this turn | 300 sec total\n|\n|t:|1783546941\n|move|p2a: Kricketune|Knock Off|p1a: Coalossal\n|-crit|p1a: Coalossal\n|-damage|p1a: Coalossal|0 fnt\n|-enditem|p1a: Coalossal|Heavy-Duty Boots|[from] move: Knock Off|[of] p2a: Kricketune\n|faint|p1a: Coalossal\n|\n|upkeep\n|inactive|Time left: 300 sec this turn | 300 sec total | 5 sec grace\n|\n|t:|1783546942\n|switch|p1a: Cyclizar|Cyclizar, L84, F|255/255\n|turn|25\n|inactive|Time left: 300 sec this turn | 300 sec total\n|\n|t:|1783546943\n|move|p1a: Cyclizar|Rapid Spin|p2a: Kricketune\n|-crit|p2a: Kricketune\n|-damage|p2a: Kricketune|11/100\n|-boost|p1a: Cyclizar|spe|1\n|-sideend|p1: p0x612345d|Sticky Web|[from] move: Rapid Spin|[of] p1a: Cyclizar\n|move|p2a: Kricketune|Knock Off|p1a: Cyclizar\n|-crit|p1a: Cyclizar\n|-damage|p1a: Cyclizar|96/255\n|-enditem|p1a: Cyclizar|Heavy-Duty Boots|[from] move: Knock Off|[of] p2a: Kricketune\n|\n|upkeep\n|turn|26\n|inactive|Time left: 300 sec this turn | 300 sec total\n|\n|t:|1783546944\n|move|p1a: Cyclizar|Rapid Spin|p2a: Kricketune\n|-damage|p2a: Kricketune|0 fnt\n|-boost|p1a: Cyclizar|spe|1\n|faint|p2a: Kricketune\n|\n|upkeep\n|\n|t:|1783546945\n|switch|p2a: Delphox|Delphox, L84, F|100/100\n|turn|27\n|inactive|Time left: 300 sec this turn | 300 sec total\n|\n|t:|1783546946\n|switch|p1a: Latias|Latias, L79, F, shiny|256/256\n|move|p2a: Delphox|Psyshock|p1a: Latias\n|-resisted|p1a: Latias\n|-damage|p1a: Latias|208/256\n|\n|upkeep\n|turn|28\n|inactive|Time left: 300 sec this turn | 300 sec total\n|\n|t:|1783546947\n|move|p2a: Delphox|Nasty Plot|p2a: Delphox\n|-boost|p2a: Delphox|spa|2\n|move|p1a: Latias|Calm Mind|p1a: Latias\n|-boost|p1a: Latias|spa|1\n|-boost|p1a: Latias|spd|1\n|\n|upkeep\n|turn|29\n|inactive|Time left: 300 sec this turn | 300 sec total\n|\n|t:|1783546948\n|move|p2a: Delphox|Fire Blast|p1a: Latias\n|-resisted|p1a: Latias\n|-damage|p1a: Latias|142/256\n|move|p1a: Latias|Calm Mind|p1a: Latias\n|-boost|p1a: Latias|spa|1\n|-boost|p1a: Latias|spd|1\n|\n|upkeep\n|turn|30\n|inactive|Time left: 300 sec this turn | 300 sec total\n|\n|t:|1783546950\n|move|p2a: Delphox|Psyshock|p1a: Latias\n|-resisted|p1a: Latias\n|-damage|p1a: Latias|36/256\n|move|p1a: Latias|Draco Meteor|p2a: Delphox\n|-damage|p2a: Delphox|0 fnt\n|-unboost|p1a: Latias|spa|2\n|faint|p2a: Delphox\n|\n|upkeep\n|\n|t:|1783546951\n|switch|p2a: Duraludon|Duraludon, L82, F|100/100\n|-damage|p2a: Duraludon|94/100|[from] Stealth Rock\n|-damage|p2a: Duraludon|78/100|[from] Spikes\n|turn|31\n|inactive|Time left: 300 sec this turn | 300 sec total\n|\n|t:|1783546952\n|move|p1a: Latias|Recover|p1a: Latias\n|-heal|p1a: Latias|164/256\n|move|p2a: Duraludon|Body Press|p1a: Latias\n|-resisted|p1a: Latias\n|-damage|p1a: Latias|132/256\n|\n|upkeep\n|turn|32\n|inactive|Time left: 300 sec this turn | 300 sec total\n|\n|t:|1783546953\n|move|p1a: Latias|Calm Mind|p1a: Latias\n|-boost|p1a: Latias|spa|1\n|-boost|p1a: Latias|spd|1\n|move|p2a: Duraludon|Thunder Wave|p1a: Latias\n|-status|p1a: Latias|par\n|\n|upkeep\n|turn|33\n|inactive|Time left: 300 sec this turn | 300 sec total\n|\n|t:|1783546953\n|move|p2a: Duraludon|Body Press|p1a: Latias\n|-resisted|p1a: Latias\n|-damage|p1a: Latias|97/256 par\n|move|p1a: Latias|Recover|p1a: Latias\n|-heal|p1a: Latias|225/256 par\n|\n|upkeep\n|turn|34\n|inactive|Time left: 300 sec this turn | 300 sec total\n|\n|t:|1783546954\n|move|p2a: Duraludon|Flash Cannon|p1a: Latias\n|-crit|p1a: Latias\n|-damage|p1a: Latias|119/256 par\n|cant|p1a: Latias|par\n|\n|upkeep\n|turn|35\n|inactive|Time left: 300 sec this turn | 300 sec total\n|\n|t:|1783546956\n|move|p2a: Duraludon|Body Press|p1a: Latias\n|-resisted|p1a: Latias\n|-damage|p1a: Latias|86/256 par\n|move|p1a: Latias|Recover|p1a: Latias\n|-heal|p1a: Latias|214/256 par\n|\n|upkeep\n|turn|36\n|inactive|Time left: 300 sec this turn | 300 sec total\n|\n|t:|1783546956\n|move|p2a: Duraludon|Body Press|p1a: Latias\n|-resisted|p1a: Latias\n|-damage|p1a: Latias|184/256 par\n|move|p1a: Latias|Calm Mind|p1a: Latias\n|-boost|p1a: Latias|spa|1\n|-boost|p1a: Latias|spd|1\n|\n|upkeep\n|turn|37\n|inactive|Time left: 300 sec this turn | 300 sec total\n|\n|t:|1783546957\n|move|p2a: Duraludon|Draco Meteor|p1a: Latias\n|-supereffective|p1a: Latias\n|-damage|p1a: Latias|94/256 par\n|-unboost|p2a: Duraludon|spa|2\n|cant|p1a: Latias|par\n|\n|upkeep\n|turn|38\n|inactive|Time left: 300 sec this turn | 300 sec total\n|\n|t:|1783546958\n|move|p2a: Duraludon|Body Press|p1a: Latias\n|-resisted|p1a: Latias\n|-damage|p1a: Latias|61/256 par\n|cant|p1a: Latias|par\n|\n|upkeep\n|turn|39\n|inactive|Time left: 300 sec this turn | 300 sec total\n|\n|t:|1783546959\n|move|p2a: Duraludon|Body Press|p1a: Latias\n|-resisted|p1a: Latias\n|-damage|p1a: Latias|29/256 par\n|cant|p1a: Latias|par\n|\n|upkeep\n|turn|40\n|inactive|Time left: 300 sec this turn | 300 sec total\n|\n|t:|1783546960\n|move|p2a: Duraludon|Body Press|p1a: Latias\n|-resisted|p1a: Latias\n|-damage|p1a: Latias|0 fnt\n|faint|p1a: Latias\n|\n|upkeep\n|inactive|Time left: 300 sec this turn | 300 sec total | 5 sec grace\n|\n|t:|1783546961\n|switch|p1a: Lanturn|Lanturn, L89, F|113/367\n|turn|41\n|inactive|Time left: 300 sec this turn | 300 sec total\n|\n|t:|1783546962\n|move|p2a: Duraludon|Body Press|p1a: Lanturn\n|-damage|p1a: Lanturn|28/367\n|move|p1a: Lanturn|Ice Beam|p2a: Duraludon\n|-damage|p2a: Duraludon|55/100\n|\n|upkeep\n|turn|42\n|inactive|Time left: 300 sec this turn | 300 sec total\n|\n|t:|1783546963\n|switch|p1a: Victreebel|Victreebel, L90, F|290/290\n|move|p2a: Duraludon|Body Press|p1a: Victreebel\n|-resisted|p1a: Victreebel\n|-damage|p1a: Victreebel|253/290\n|\n|upkeep\n|turn|43\n|inactive|Time left: 300 sec this turn | 300 sec total\n|\n|t:|1783546964\n|move|p2a: Duraludon|Body Press|p1a: Victreebel\n|-resisted|p1a: Victreebel\n|-damage|p1a: Victreebel|220/290\n|move|p1a: Victreebel|Sunny Day|p1a: Victreebel\n|-weather|SunnyDay\n|\n|-weather|SunnyDay|[upkeep]\n|upkeep\n|turn|44\n|inactive|Time left: 300 sec this turn | 300 sec total\n|\n|t:|1783546965\n|switch|p2a: Wigglytuff|Wigglytuff, L96, M|27/100 brn\n|-damage|p2a: Wigglytuff|15/100 brn|[from] Stealth Rock\n|-damage|p2a: Wigglytuff|0 fnt|[from] Spikes\n|faint|p2a: Wigglytuff\n|move|p1a: Victreebel|Weather Ball|p2: Wigglytuff|[notarget]\n|-fail|p1a: Victreebel\n|\n|-weather|SunnyDay|[upkeep]\n|upkeep\n|\n|t:|1783546966\n|switch|p2a: Victreebel|Victreebel, L90, F|100/100\n|-damage|p2a: Victreebel|88/100|[from] Stealth Rock\n|-damage|p2a: Victreebel|72/100|[from] Spikes\n|turn|45\n|inactive|Time left: 300 sec this turn | 300 sec total\n|\n|t:|1783546967\n|move|p1a: Victreebel|Weather Ball|p2a: Victreebel\n|-supereffective|p2a: Victreebel\n|-damage|p2a: Victreebel|0 fnt\n|faint|p2a: Victreebel\n|-damage|p1a: Victreebel|191/290|[from] item: Life Orb\n|\n|-weather|SunnyDay|[upkeep]\n|upkeep\n|\n|t:|1783546968\n|switch|p2a: Duraludon|Duraludon, L82, F|55/100\n|-damage|p2a: Duraludon|49/100|[from] Stealth Rock\n|-damage|p2a: Duraludon|33/100|[from] Spikes\n|turn|46\n|inactive|Time left: 300 sec this turn | 300 sec total\n|\n|t:|1783546969\n|-terastallize|p1a: Victreebel|Fire\n|move|p1a: Victreebel|Weather Ball|p2a: Duraludon\n|-damage|p2a: Duraludon|0 fnt\n|faint|p2a: Duraludon\n|-damage|p1a: Victreebel|162/290|[from] item: Life Orb\n|\n|win|p0x612345d", "uploadtime": 1783546969, "views": 0, "rating": 0, "private": 0, "password": null, "_winner": "p0x612345d", "_our_name": "p0x612345d"}