{"id": "battle-gen9randombattle-1094", "formatid": "gen9randombattle", "format": "[Gen 9] Random Battle", "players": ["p0x109479ef", "p0y109445ad"], "log": "|init|battle\n|title|p0x109479ef vs. p0y109445ad\n|j|\u2606p0x109479ef\n|j|\u2606p0y109445ad\n|t:|1783552652\n|gametype|singles\n|player|p1|p0x109479ef|1|\n|player|p2|p0y109445ad|266|\n|gen|9\n|tier|[Gen 9] Random Battle\n|rule|Species Clause: Limit one of each Pok\u00e9mon\n|rule|HP Percentage Mod: HP is shown in percentages\n|rule|Sleep Clause Mod: Limit one foe put to sleep\n|rule|Illusion Level Mod: Illusion disguises the Pok\u00e9mon's true level\n|\n|t:|1783552652\n|teamsize|p1|6\n|teamsize|p2|6\n|start\n|switch|p1a: Urshifu|Urshifu, L74, F|100/100\n|switch|p2a: Sneasler|Sneasler, L74, M|240/240\n|turn|1\n|inactive|Battle timer is ON: inactive players will automatically lose when time's up. (requested by p0y109445ad)\n|inactive|p0x109479ef also wants the timer to be on.\n|\n|t:|1783552654\n|move|p2a: Sneasler|Close Combat|p1a: Urshifu\n|-supereffective|p1a: Urshifu\n|-damage|p1a: Urshifu|0 fnt\n|-unboost|p2a: Sneasler|def|1\n|-unboost|p2a: Sneasler|spd|1\n|faint|p1a: Urshifu\n|\n|upkeep\n|\n|t:|1783552655\n|switch|p1a: Kricketune|Kricketune, L99, F|100/100\n|turn|2\n|inactive|Time left: 300 sec this turn | 300 sec total\n|\n|t:|1783552656\n|switch|p2a: Probopass|Probopass, L91, F|257/257\n|move|p1a: Kricketune|Sticky Web|p2a: Probopass\n|-sidestart|p2: p0y109445ad|move: Sticky Web\n|\n|upkeep\n|turn|3\n|inactive|Time left: 300 sec this turn | 300 sec total\n|\n|t:|1783552658\n|move|p1a: Kricketune|Knock Off|p2a: Probopass\n|-damage|p2a: Probopass|202/257\n|-enditem|p2a: Probopass|Chesto Berry|[from] move: Knock Off|[of] p1a: Kricketune\n|move|p2a: Probopass|Power Gem|p1a: Kricketune\n|-supereffective|p1a: Kricketune\n|-damage|p1a: Kricketune|29/100\n|\n|upkeep\n|turn|4\n|inactive|Time left: 300 sec this turn | 300 sec total\n|\n|t:|1783552659\n|move|p1a: Kricketune|Pounce|p2a: Probopass\n|-resisted|p2a: Probopass\n|-damage|p2a: Probopass|173/257\n|-unboost|p2a: Probopass|spe|1\n|move|p2a: Probopass|Power Gem|p1a: Kricketune\n|-supereffective|p1a: Kricketune\n|-damage|p1a: Kricketune|0 fnt\n|faint|p1a: Kricketune\n|\n|upkeep\n|\n|t:|1783552660\n|switch|p1a: Wugtrio|Wugtrio, L91, M|100/100\n|turn|5\n|inactive|Time left: 300 sec this turn | 300 sec total\n|\n|t:|1783552661\n|switch|p2a: Hydrapple|Hydrapple, L83, F|312/312\n|-activate|p2a: Hydrapple|move: Sticky Web\n|-unboost|p2a: Hydrapple|spe|1\n|move|p1a: Wugtrio|Liquidation|p2a: Hydrapple\n|-resisted|p2a: Hydrapple\n|-damage|p2a: Hydrapple|278/312\n|\n|-heal|p2a: Hydrapple|297/312|[from] item: Leftovers\n|upkeep\n|turn|6\n|inactive|Time left: 300 sec this turn | 300 sec total\n|\n|t:|1783552662\n|move|p1a: Wugtrio|Liquidation|p2a: Hydrapple\n|-resisted|p2a: Hydrapple\n|-damage|p2a: Hydrapple|264/312\n|move|p2a: Hydrapple|Nasty Plot|p2a: Hydrapple\n|-boost|p2a: Hydrapple|spa|2\n|\n|-heal|p2a: Hydrapple|283/312|[from] item: Leftovers\n|upkeep\n|turn|7\n|inactive|Time left: 300 sec this turn | 300 sec total\n|\n|t:|1783552663\n|switch|p1a: Crabominable|Crabominable, L90, F|100/100\n|move|p2a: Hydrapple|Fickle Beam|p1a: Crabominable|[anim] Fickle Beam All Out\n|-activate|p2a: Hydrapple|move: Fickle Beam\n|-damage|p1a: Crabominable|6/100\n|\n|-heal|p2a: Hydrapple|302/312|[from] item: Leftovers\n|upkeep\n|turn|8\n|inactive|Time left: 300 sec this turn | 300 sec total\n|\n|t:|1783552664\n|-terastallize|p2a: Hydrapple|Steel\n|move|p1a: Crabominable|Ice Hammer|p2a: Hydrapple\n|-resisted|p2a: Hydrapple\n|-damage|p2a: Hydrapple|224/312\n|-unboost|p1a: Crabominable|spe|1\n|move|p2a: Hydrapple|Fickle Beam|p1a: Crabominable\n|-damage|p1a: Crabominable|0 fnt\n|faint|p1a: Crabominable\n|\n|-heal|p2a: Hydrapple|243/312|[from] item: Leftovers\n|upkeep\n|\n|t:|1783552665\n|switch|p1a: Wugtrio|Wugtrio, L91, M|100/100\n|turn|9\n|inactive|Time left: 300 sec this turn | 300 sec total\n|\n|t:|1783552666\n|-terastallize|p1a: Wugtrio|Ground\n|move|p1a: Wugtrio|Stomping Tantrum|p2a: Hydrapple\n|-supereffective|p2a: Hydrapple\n|-damage|p2a: Hydrapple|3/312\n|move|p2a: Hydrapple|Fickle Beam|p1a: Wugtrio|[anim] Fickle Beam All Out\n|-activate|p2a: Hydrapple|move: Fickle Beam\n|-damage|p1a: Wugtrio|0 fnt\n|faint|p1a: Wugtrio\n|\n|-heal|p2a: Hydrapple|22/312|[from] item: Leftovers\n|upkeep\n|\n|t:|1783552667\n|switch|p1a: Glaceon|Glaceon, L94, M|100/100\n|turn|10\n|inactive|Time left: 300 sec this turn | 300 sec total\n|\n|t:|1783552668\n|switch|p2a: Probopass|Probopass, L91, F|173/257\n|-activate|p2a: Probopass|move: Sticky Web\n|-unboost|p2a: Probopass|spe|1\n|move|p1a: Glaceon|Freeze-Dry|p2a: Probopass\n|-resisted|p2a: Probopass\n|-damage|p2a: Probopass|138/257\n|\n|upkeep\n|turn|11\n|inactive|Time left: 300 sec this turn | 300 sec total\n|\n|t:|1783552669\n|move|p1a: Glaceon|Mud Shot|p2a: Probopass\n|-supereffective|p2a: Probopass\n|-damage|p2a: Probopass|0 fnt\n|faint|p2a: Probopass\n|\n|upkeep\n|inactive|Time left: 300 sec this turn | 300 sec total | 5 sec grace\n|\n|t:|1783552670\n|switch|p2a: Cinderace|Cinderace, L77, M|249/249\n|-activate|p2a: Cinderace|move: Sticky Web\n|-unboost|p2a: Cinderace|spe|1\n|turn|12\n|inactive|Time left: 300 sec this turn | 300 sec total\n|\n|t:|1783552671\n|move|p1a: Glaceon|Protect|p1a: Glaceon\n|-singleturn|p1a: Glaceon|Protect\n|move|p2a: Cinderace|Pyro Ball|p1a: Glaceon\n|-activate|p1a: Glaceon|move: Protect\n|\n|upkeep\n|turn|13\n|inactive|Time left: 300 sec this turn | 300 sec total\n|\n|t:|1783552672\n|switch|p1a: Suicune|Suicune, L82|100/100\n|-ability|p1a: Suicune|Pressure\n|move|p2a: Cinderace|Pyro Ball|p1a: Suicune|[miss]\n|-miss|p2a: Cinderace|p1a: Suicune\n|\n|upkeep\n|turn|14\n|inactive|Time left: 300 sec this turn | 300 sec total\n|\n|t:|1783552673\n|switch|p2a: Hydrapple|Hydrapple, L83, F, tera:Steel|126/312\n|-activate|p2a: Hydrapple|move: Sticky Web\n|-unboost|p2a: Hydrapple|spe|1\n|move|p1a: Suicune|Calm Mind|p1a: Suicune\n|-boost|p1a: Suicune|spa|1\n|-boost|p1a: Suicune|spd|1\n|\n|-heal|p2a: Hydrapple|145/312|[from] item: Leftovers\n|upkeep\n|turn|15\n|inactive|Time left: 300 sec this turn | 300 sec total\n|\n|t:|1783552674\n|move|p1a: Suicune|Calm Mind|p1a: Suicune\n|-boost|p1a: Suicune|spa|1\n|-boost|p1a: Suicune|spd|1\n|move|p2a: Hydrapple|Recover|p2a: Hydrapple\n|-heal|p2a: Hydrapple|301/312\n|\n|-heal|p2a: Hydrapple|312/312|[from] item: Leftovers\n|upkeep\n|turn|16\n|inactive|Time left: 300 sec this turn | 300 sec total\n|\n|t:|1783552675\n|move|p1a: Suicune|Calm Mind|p1a: Suicune\n|-boost|p1a: Suicune|spa|1\n|-boost|p1a: Suicune|spd|1\n|move|p2a: Hydrapple|Nasty Plot|p2a: Hydrapple\n|-boost|p2a: Hydrapple|spa|2\n|\n|upkeep\n|turn|17\n|inactive|Time left: 300 sec this turn | 300 sec total\n|\n|t:|1783552676\n|move|p1a: Suicune|Scald|p2a: Hydrapple\n|-damage|p2a: Hydrapple|89/312\n|move|p2a: Hydrapple|Recover|p2a: Hydrapple\n|-heal|p2a: Hydrapple|245/312\n|\n|-heal|p2a: Hydrapple|264/312|[from] item: Leftovers\n|upkeep\n|turn|18\n|inactive|Time left: 300 sec this turn | 300 sec total\n|\n|t:|1783552677\n|move|p1a: Suicune|Scald|p2a: Hydrapple\n|-damage|p2a: Hydrapple|75/312\n|-status|p2a: Hydrapple|brn\n|move|p2a: Hydrapple|Recover|p2a: Hydrapple\n|-heal|p2a: Hydrapple|231/312 brn\n|\n|-heal|p2a: Hydrapple|250/312 brn|[from] item: Leftovers\n|-damage|p2a: Hydrapple|231/312 brn|[from] brn\n|upkeep\n|turn|19\n|inactive|Time left: 300 sec this turn | 300 sec total\n|\n|t:|1783552678\n|move|p1a: Suicune|Scald|p2a: Hydrapple\n|-damage|p2a: Hydrapple|20/312 brn\n|move|p2a: Hydrapple|Fickle Beam|p1a: Suicune|[anim] Fickle Beam All Out\n|-activate|p2a: Hydrapple|move: Fickle Beam\n|-damage|p1a: Suicune|60/100\n|\n|-heal|p1a: Suicune|66/100|[from] item: Leftovers\n|-heal|p2a: Hydrapple|39/312 brn|[from] item: Leftovers\n|-damage|p2a: Hydrapple|20/312 brn|[from] brn\n|upkeep\n|turn|20\n|inactive|Time left: 300 sec this turn | 300 sec total\n|\n|t:|1783552679\n|move|p1a: Suicune|Scald|p2a: Hydrapple\n|-damage|p2a: Hydrapple|0 fnt\n|faint|p2a: Hydrapple\n|\n|-heal|p1a: Suicune|72/100|[from] item: Leftovers\n|upkeep\n|inactive|Time left: 300 sec this turn | 300 sec total | 5 sec grace\n|\n|t:|1783552681\n|switch|p2a: Scyther|Scyther, L82, M|249/249\n|turn|21\n|inactive|Time left: 300 sec this turn | 300 sec total\n|\n|t:|1783552682\n|move|p2a: Scyther|Dual Wingbeat|p1a: Suicune\n|-damage|p1a: Suicune|53/100\n|-damage|p1a: Suicune|34/100\n|-hitcount|p1a: Suicune|2\n|move|p1a: Suicune|Scald|p2a: Scyther\n|-damage|p2a: Scyther|27/249\n|\n|-heal|p1a: Suicune|40/100|[from] item: Leftovers\n|upkeep\n|turn|22\n|inactive|Time left: 300 sec this turn | 300 sec total\n|\n|t:|1783552683\n|move|p2a: Scyther|Dual Wingbeat|p1a: Suicune\n|-damage|p1a: Suicune|22/100\n|-damage|p1a: Suicune|2/100\n|-hitcount|p1a: Suicune|2\n|move|p1a: Suicune|Ice Beam|p2a: Scyther\n|-supereffective|p2a: Scyther\n|-damage|p2a: Scyther|0 fnt\n|faint|p2a: Scyther\n|\n|-heal|p1a: Suicune|8/100|[from] item: Leftovers\n|upkeep\n|inactive|Time left: 300 sec this turn | 300 sec total | 5 sec grace\n|\n|t:|1783552684\n|switch|p2a: Tornadus|Tornadus-Therian, L79, M|254/254\n|turn|23\n|inactive|Time left: 300 sec this turn | 300 sec total\n|\n|t:|1783552685\n|move|p2a: Tornadus|U-turn|p1a: Suicune\n|-crit|p1a: Suicune\n|-damage|p1a: Suicune|0 fnt\n|faint|p1a: Suicune\n|inactive|Time left: 300 sec this turn | 300 sec total | 5 sec grace\n|\n|t:|1783552686\n|switch|p2a: Cinderace|Cinderace, L77, M|249/249|[from] U-turn\n|-activate|p2a: Cinderace|move: Sticky Web\n|-unboost|p2a: Cinderace|spe|1\n|\n|upkeep\n|\n|t:|1783552687\n|switch|p1a: Glaceon|Glaceon, L94, M|100/100\n|turn|24\n|inactive|Time left: 300 sec this turn | 300 sec total\n|\n|t:|1783552688\n|move|p1a: Glaceon|Protect|p1a: Glaceon\n|-singleturn|p1a: Glaceon|Protect\n|move|p2a: Cinderace|Pyro Ball|p1a: Glaceon\n|-activate|p1a: Glaceon|move: Protect\n|\n|upkeep\n|turn|25\n|inactive|Time left: 300 sec this turn | 300 sec total\n|\n|t:|1783552689\n|move|p1a: Glaceon|Mud Shot|p2a: Cinderace|[miss]\n|-miss|p1a: Glaceon|p2a: Cinderace\n|move|p2a: Cinderace|Pyro Ball|p1a: Glaceon\n|-supereffective|p1a: Glaceon\n|-damage|p1a: Glaceon|0 fnt\n|faint|p1a: Glaceon\n|\n|win|p0y109445ad", "uploadtime": 1783552689, "views": 0, "rating": 0, "private": 0, "password": null, "_winner": "p0y109445ad", "_our_name": "p0y109445ad"}