{"id": "battle-gen9randombattle-2355", "formatid": "gen9randombattle", "format": "[Gen 9] Random Battle", "players": ["p0x23555151", "p0y23553483"], "log": "|init|battle\n|title|p0x23555151 vs. p0y23553483\n|j|\u2606p0x23555151\n|j|\u2606p0y23553483\n|t:|1783567378\n|gametype|singles\n|player|p1|p0x23555151|1|\n|player|p2|p0y23553483|265|\n|gen|9\n|tier|[Gen 9] Random Battle\n|rule|Species Clause: Limit one of each Pok\u00e9mon\n|rule|HP Percentage Mod: HP is shown in percentages\n|rule|Sleep Clause Mod: Limit one foe put to sleep\n|rule|Illusion Level Mod: Illusion disguises the Pok\u00e9mon's true level\n|\n|t:|1783567378\n|teamsize|p1|6\n|teamsize|p2|6\n|start\n|switch|p1a: Koraidon|Koraidon, L64|100/100\n|switch|p2a: Politoed|Politoed, L88, M|302/302\n|-weather|SunnyDay|[from] ability: Orichalcum Pulse|[of] p1a: Koraidon\n|-activate|p1a: Koraidon|Orichalcum Pulse|[source]\n|-weather|RainDance|[from] ability: Drizzle|[of] p2a: Politoed\n|turn|1\n|inactive|Battle timer is ON: inactive players will automatically lose when time's up. (requested by p0y23553483)\n|inactive|p0x23555151 also wants the timer to be on.\n|\n|t:|1783567379\n|move|p1a: Koraidon|Outrage|p2a: Politoed\n|-damage|p2a: Politoed|136/302\n|move|p2a: Politoed|Weather Ball|p1a: Koraidon\n|-resisted|p1a: Koraidon\n|-damage|p1a: Koraidon|39/100\n|\n|-weather|RainDance|[upkeep]\n|upkeep\n|turn|2\n|inactive|Time left: 300 sec this turn | 300 sec total\n|\n|t:|1783567380\n|switch|p2a: Ribombee|Ribombee, L83, M|235/235\n|move|p1a: Koraidon|Outrage|p2a: Ribombee|[from] lockedmove\n|-immune|p2a: Ribombee\n|-start|p1a: Koraidon|confusion|[fatigue]\n|\n|-weather|RainDance|[upkeep]\n|upkeep\n|turn|3\n|inactive|Time left: 300 sec this turn | 300 sec total\n|\n|t:|1783567382\n|switch|p1a: Politoed|Politoed, L88, F|100/100\n|move|p2a: Ribombee|Sticky Web|p1a: Politoed\n|-sidestart|p1: p0x23555151|move: Sticky Web\n|\n|-weather|RainDance|[upkeep]\n|upkeep\n|turn|4\n|inactive|Time left: 300 sec this turn | 300 sec total\n|\n|t:|1783567382\n|switch|p2a: Politoed|Politoed, L88, M|136/302\n|move|p1a: Politoed|Weather Ball|p2a: Politoed\n|-resisted|p2a: Politoed\n|-damage|p2a: Politoed|29/302\n|\n|-weather|RainDance|[upkeep]\n|upkeep\n|turn|5\n|inactive|Time left: 300 sec this turn | 300 sec total\n|\n|t:|1783567383\n|move|p1a: Politoed|Weather Ball|p2a: Politoed\n|-resisted|p2a: Politoed\n|-damage|p2a: Politoed|0 fnt\n|faint|p2a: Politoed\n|\n|-weather|none\n|upkeep\n|inactive|Time left: 300 sec this turn | 300 sec total | 5 sec grace\n|\n|t:|1783567384\n|switch|p2a: Forretress|Forretress, L84, F|263/263\n|turn|6\n|inactive|Time left: 300 sec this turn | 300 sec total\n|\n|t:|1783567385\n|switch|p1a: Eelektross|Eelektross, L87, M|100/100\n|move|p2a: Forretress|Stealth Rock|p1a: Eelektross\n|-sidestart|p1: p0x23555151|move: Stealth Rock\n|\n|upkeep\n|turn|7\n|inactive|Time left: 300 sec this turn | 300 sec total\n|\n|t:|1783567386\n|switch|p2a: Torterra|Torterra, L78, M|276/276\n|move|p1a: Eelektross|Coil|p1a: Eelektross\n|-boost|p1a: Eelektross|atk|1\n|-boost|p1a: Eelektross|def|1\n|-boost|p1a: Eelektross|accuracy|1\n|\n|upkeep\n|turn|8\n|inactive|Time left: 300 sec this turn | 300 sec total\n|\n|t:|1783567387\n|move|p1a: Eelektross|Knock Off|p2a: Torterra\n|-damage|p2a: Torterra|169/276\n|-enditem|p2a: Torterra|Loaded Dice|[from] move: Knock Off|[of] p1a: Eelektross\n|move|p2a: Torterra|Shell Smash|p2a: Torterra\n|-unboost|p2a: Torterra|def|1\n|-unboost|p2a: Torterra|spd|1\n|-boost|p2a: Torterra|atk|2\n|-boost|p2a: Torterra|spa|2\n|-boost|p2a: Torterra|spe|2\n|\n|upkeep\n|turn|9\n|inactive|Time left: 300 sec this turn | 300 sec total\n|\n|t:|1783567388\n|move|p2a: Torterra|Bullet Seed|p1a: Eelektross\n|-damage|p1a: Eelektross|87/100\n|-damage|p1a: Eelektross|74/100\n|-hitcount|p1a: Eelektross|2\n|move|p1a: Eelektross|Drain Punch|p2a: Torterra\n|-damage|p2a: Torterra|42/276\n|-heal|p1a: Eelektross|96/100|[from] drain|[of] p2a: Torterra\n|\n|-heal|p1a: Eelektross|100/100|[from] item: Leftovers\n|upkeep\n|turn|10\n|inactive|Time left: 300 sec this turn | 300 sec total\n|\n|t:|1783567389\n|move|p2a: Torterra|Bullet Seed|p1a: Eelektross\n|-damage|p1a: Eelektross|84/100\n|-damage|p1a: Eelektross|66/100\n|-damage|p1a: Eelektross|49/100\n|-damage|p1a: Eelektross|29/100\n|-hitcount|p1a: Eelektross|4\n|move|p1a: Eelektross|Knock Off|p2a: Torterra\n|-damage|p2a: Torterra|0 fnt\n|faint|p2a: Torterra\n|\n|-heal|p1a: Eelektross|36/100|[from] item: Leftovers\n|upkeep\n|inactive|Time left: 300 sec this turn | 300 sec total | 5 sec grace\n|\n|t:|1783567390\n|switch|p2a: Ribombee|Ribombee, L83, M|235/235\n|turn|11\n|inactive|Time left: 300 sec this turn | 300 sec total\n|\n|t:|1783567391\n|move|p2a: Ribombee|Moonblast|p1a: Eelektross\n|-damage|p1a: Eelektross|0 fnt\n|faint|p1a: Eelektross\n|\n|upkeep\n|\n|t:|1783567392\n|switch|p1a: Politoed|Politoed, L88, F|100/100\n|-activate|p1a: Politoed|move: Sticky Web\n|-unboost|p1a: Politoed|spe|1\n|-damage|p1a: Politoed|88/100|[from] Stealth Rock\n|-weather|RainDance|[from] ability: Drizzle|[of] p1a: Politoed\n|turn|12\n|inactive|Time left: 300 sec this turn | 300 sec total\n|\n|t:|1783567393\n|move|p2a: Ribombee|Moonblast|p1a: Politoed\n|-damage|p1a: Politoed|62/100\n|move|p1a: Politoed|Weather Ball|p2a: Ribombee\n|-damage|p2a: Ribombee|0 fnt\n|faint|p2a: Ribombee\n|\n|-weather|RainDance|[upkeep]\n|upkeep\n|inactive|Time left: 300 sec this turn | 300 sec total | 5 sec grace\n|\n|t:|1783567393\n|switch|p2a: Forretress|Forretress, L84, F|263/263\n|turn|13\n|inactive|Time left: 300 sec this turn | 300 sec total\n|\n|t:|1783567394\n|move|p1a: Politoed|Weather Ball|p2a: Forretress\n|-ability|p2a: Forretress|Sturdy\n|-damage|p2a: Forretress|1/263\n|move|p2a: Forretress|Rapid Spin|p1a: Politoed\n|-damage|p1a: Politoed|50/100\n|-boost|p2a: Forretress|spe|1\n|\n|-weather|RainDance|[upkeep]\n|-heal|p2a: Forretress|17/263|[from] item: Leftovers\n|upkeep\n|turn|14\n|inactive|Time left: 300 sec this turn | 300 sec total\n|\n|t:|1783567395\n|move|p2a: Forretress|Body Press|p1a: Politoed\n|-damage|p1a: Politoed|21/100\n|move|p1a: Politoed|Weather Ball|p2a: Forretress\n|-damage|p2a: Forretress|0 fnt\n|faint|p2a: Forretress\n|\n|-weather|RainDance|[upkeep]\n|upkeep\n|inactive|Time left: 300 sec this turn | 300 sec total | 5 sec grace\n|\n|t:|1783567396\n|switch|p2a: Arceus|Arceus-Rock, L74|300/300\n|turn|15\n|inactive|Time left: 300 sec this turn | 300 sec total\n|\n|t:|1783567397\n|move|p2a: Arceus|Earthquake|p1a: Politoed\n|-damage|p1a: Politoed|0 fnt\n|faint|p1a: Politoed\n|\n|-weather|RainDance|[upkeep]\n|upkeep\n|\n|t:|1783567398\n|switch|p1a: Tauros|Tauros-Paldea-Combat, L82, M|100/100\n|-activate|p1a: Tauros|move: Sticky Web\n|-unboost|p1a: Tauros|spe|1\n|-damage|p1a: Tauros|94/100|[from] Stealth Rock\n|-ability|p1a: Tauros|Intimidate|boost\n|-unboost|p2a: Arceus|atk|1\n|turn|16\n|inactive|Time left: 300 sec this turn | 300 sec total\n|\n|t:|1783567399\n|-terastallize|p2a: Arceus|Ground\n|move|p2a: Arceus|Dragon Dance|p2a: Arceus\n|-boost|p2a: Arceus|atk|1\n|-boost|p2a: Arceus|spe|1\n|move|p1a: Tauros|Bulk Up|p1a: Tauros\n|-boost|p1a: Tauros|atk|1\n|-boost|p1a: Tauros|def|1\n|\n|-weather|none\n|upkeep\n|turn|17\n|inactive|Time left: 300 sec this turn | 300 sec total\n|\n|t:|1783567400\n|move|p2a: Arceus|Stone Edge|p1a: Tauros\n|-resisted|p1a: Tauros\n|-damage|p1a: Tauros|81/100\n|move|p1a: Tauros|Bulk Up|p1a: Tauros\n|-boost|p1a: Tauros|atk|1\n|-boost|p1a: Tauros|def|1\n|\n|upkeep\n|turn|18\n|inactive|Time left: 300 sec this turn | 300 sec total\n|\n|t:|1783567401\n|-terastallize|p1a: Tauros|Fighting\n|move|p2a: Arceus|Stone Edge|p1a: Tauros|[miss]\n|-miss|p2a: Arceus|p1a: Tauros\n|move|p1a: Tauros|Close Combat|p2a: Arceus\n|-damage|p2a: Arceus|0 fnt\n|-unboost|p1a: Tauros|def|1\n|-unboost|p1a: Tauros|spd|1\n|faint|p2a: Arceus\n|-damage|p1a: Tauros|71/100|[from] item: Life Orb\n|\n|upkeep\n|inactive|Time left: 300 sec this turn | 300 sec total | 5 sec grace\n|\n|t:|1783567402\n|switch|p2a: Ditto|Ditto, L87|225/225\n|-transform|p2a: Ditto|p1a: Tauros|[from] ability: Imposter\n|-ability|p2a: Ditto|Intimidate|boost\n|-unboost|p1a: Tauros|atk|1\n|turn|19\n|inactive|Time left: 300 sec this turn | 300 sec total\n|\n|t:|1783567403\n|move|p2a: Ditto|Close Combat|p1a: Tauros\n|-damage|p1a: Tauros|9/100\n|-unboost|p2a: Ditto|def|1\n|-unboost|p2a: Ditto|spd|1\n|move|p1a: Tauros|Close Combat|p2a: Ditto\n|-damage|p2a: Ditto|0 fnt\n|-unboost|p1a: Tauros|def|1\n|-unboost|p1a: Tauros|spd|1\n|faint|p2a: Ditto\n|-damage|p1a: Tauros|0 fnt|[from] item: Life Orb\n|faint|p1a: Tauros\n|\n|win|p0x23555151", "uploadtime": 1783567403, "views": 0, "rating": 0, "private": 0, "password": null, "_winner": "p0x23555151", "_our_name": "p0y23553483"}