{"id": "battle-gen9randombattle-1609", "formatid": "gen9randombattle", "format": "[Gen 9] Random Battle", "players": ["p0x16094d70", "p0y16094853"], "log": "|init|battle\n|title|p0x16094d70 vs. p0y16094853\n|j|\u2606p0x16094d70\n|j|\u2606p0y16094853\n|t:|1783558611\n|gametype|singles\n|player|p1|p0x16094d70|102|\n|player|p2|p0y16094853|102|\n|gen|9\n|tier|[Gen 9] Random Battle\n|rule|Species Clause: Limit one of each Pok\u00e9mon\n|rule|HP Percentage Mod: HP is shown in percentages\n|rule|Sleep Clause Mod: Limit one foe put to sleep\n|rule|Illusion Level Mod: Illusion disguises the Pok\u00e9mon's true level\n|\n|t:|1783558611\n|teamsize|p1|6\n|teamsize|p2|6\n|start\n|switch|p1a: Dusknoir|Dusknoir, L89, M|225/225\n|switch|p2a: Terapagos|Terapagos, L77, M|100/100\n|-activate|p2a: Terapagos|ability: Tera Shift\n|detailschange|p2a: Terapagos|Terapagos-Terastal, L77, M\n|-heal|p2a: Terapagos|100/100|[silent]\n|-item|p2a: Terapagos|Heavy-Duty Boots|[from] ability: Frisk|[of] p1a: Dusknoir\n|turn|1\n|inactive|Battle timer is ON: inactive players will automatically lose when time's up. (requested by p0y16094853)\n|inactive|Time left: 300 sec this turn | 300 sec total | 60 sec grace\n|inactive|p0x16094d70 also wants the timer to be on.\n|\n|t:|1783558612\n|move|p2a: Terapagos|Calm Mind|p2a: Terapagos\n|-boost|p2a: Terapagos|spa|1\n|-boost|p2a: Terapagos|spd|1\n|move|p1a: Dusknoir|Earthquake|p2a: Terapagos\n|-activate|p2a: Terapagos|ability: Tera Shell\n|-resisted|p2a: Terapagos\n|-damage|p2a: Terapagos|86/100\n|\n|upkeep\n|turn|2\n|inactive|Time left: 300 sec this turn | 300 sec total\n|\n|t:|1783558614\n|switch|p1a: Slither Wing|Slither Wing, L81|270/270\n|move|p2a: Terapagos|Calm Mind|p2a: Terapagos\n|-boost|p2a: Terapagos|spa|1\n|-boost|p2a: Terapagos|spd|1\n|\n|upkeep\n|turn|3\n|inactive|Time left: 300 sec this turn | 300 sec total\n|\n|t:|1783558615\n|move|p1a: Slither Wing|Close Combat|p2a: Terapagos\n|-supereffective|p2a: Terapagos\n|-damage|p2a: Terapagos|0 fnt\n|-unboost|p1a: Slither Wing|def|1\n|-unboost|p1a: Slither Wing|spd|1\n|faint|p2a: Terapagos\n|\n|upkeep\n|\n|t:|1783558616\n|switch|p2a: Weezing|Weezing-Galar, L86, F|100/100\n|turn|4\n|inactive|Time left: 300 sec this turn | 300 sec total\n|\n|t:|1783558617\n|-end|p1a: Slither Wing|Protosynthesis|[silent]\n|switch|p1a: Dusknoir|Dusknoir, L89, M|225/225\n|-item|p2a: Weezing|Leftovers|[from] ability: Frisk|[of] p1a: Dusknoir\n|move|p2a: Weezing|Strange Steam|p1a: Dusknoir\n|-damage|p1a: Dusknoir|161/225\n|-start|p1a: Dusknoir|confusion\n|\n|-heal|p1a: Dusknoir|175/225|[from] item: Leftovers\n|upkeep\n|turn|5\n|inactive|Time left: 300 sec this turn | 300 sec total\n|\n|t:|1783558618\n|move|p2a: Weezing|Strange Steam|p1a: Dusknoir\n|-damage|p1a: Dusknoir|115/225\n|-activate|p1a: Dusknoir|confusion\n|move|p1a: Dusknoir|Will-O-Wisp|p2a: Weezing\n|-status|p2a: Weezing|brn\n|\n|-heal|p1a: Dusknoir|129/225|[from] item: Leftovers\n|-damage|p2a: Weezing|95/100 brn|[from] brn\n|upkeep\n|turn|6\n|inactive|Time left: 300 sec this turn | 300 sec total\n|\n|t:|1783558619\n|move|p2a: Weezing|Fire Blast|p1a: Dusknoir\n|-damage|p1a: Dusknoir|81/225\n|-activate|p1a: Dusknoir|confusion\n|move|p1a: Dusknoir|Pain Split|p2a: Weezing\n|-sethp|p2a: Weezing|64/100 brn|[from] move: Pain Split|[silent]\n|-sethp|p1a: Dusknoir|159/225|[from] move: Pain Split\n|\n|-heal|p2a: Weezing|70/100 brn|[from] item: Leftovers\n|-heal|p1a: Dusknoir|173/225|[from] item: Leftovers\n|-damage|p2a: Weezing|64/100 brn|[from] brn\n|upkeep\n|turn|7\n|inactive|Time left: 300 sec this turn | 300 sec total\n|\n|t:|1783558620\n|switch|p1a: Gengar|Gengar, L81, M|230/230\n|move|p2a: Weezing|Strange Steam|p1a: Gengar\n|-resisted|p1a: Gengar\n|-crit|p1a: Gengar\n|-damage|p1a: Gengar|152/230\n|-start|p2a: Weezing|Disable|Strange Steam|[from] ability: Cursed Body|[of] p1a: Gengar\n|\n|-heal|p2a: Weezing|70/100 brn|[from] item: Leftovers\n|-damage|p2a: Weezing|64/100 brn|[from] brn\n|upkeep\n|turn|8\n|inactive|Time left: 300 sec this turn | 300 sec total\n|\n|t:|1783558621\n|switch|p2a: Arbok|Arbok, L87, F|100/100\n|-ability|p2a: Arbok|Intimidate|boost\n|-unboost|p1a: Gengar|atk|1\n|move|p1a: Gengar|Shadow Ball|p2a: Arbok\n|-damage|p2a: Arbok|50/100\n|-unboost|p2a: Arbok|spd|1\n|-damage|p1a: Gengar|129/230|[from] item: Life Orb\n|\n|-heal|p2a: Arbok|56/100|[from] item: Leftovers\n|upkeep\n|turn|9\n|inactive|Time left: 300 sec this turn | 300 sec total\n|\n|t:|1783558622\n|switch|p2a: Florges|Florges-White, L85, F|100/100\n|move|p1a: Gengar|Shadow Ball|p2a: Florges\n|-damage|p2a: Florges|70/100\n|-damage|p1a: Gengar|106/230|[from] item: Life Orb\n|\n|-heal|p2a: Florges|76/100|[from] item: Leftovers\n|upkeep\n|turn|10\n|inactive|Time left: 300 sec this turn | 300 sec total\n|\n|t:|1783558623\n|move|p1a: Gengar|Sludge Wave|p2a: Florges\n|-supereffective|p2a: Florges\n|-damage|p2a: Florges|9/100\n|-damage|p1a: Gengar|83/230|[from] item: Life Orb\n|move|p2a: Florges|Moonblast|p1a: Gengar\n|-resisted|p1a: Gengar\n|-damage|p1a: Gengar|19/230\n|\n|-heal|p2a: Florges|15/100|[from] item: Leftovers\n|upkeep\n|turn|11\n|inactive|Time left: 300 sec this turn | 300 sec total\n|\n|t:|1783558624\n|move|p1a: Gengar|Sludge Wave|p2a: Florges\n|-supereffective|p2a: Florges\n|-damage|p2a: Florges|0 fnt\n|faint|p2a: Florges\n|-damage|p1a: Gengar|0 fnt|[from] item: Life Orb\n|faint|p1a: Gengar\n|\n|upkeep\n|inactive|Time left: 300 sec this turn | 300 sec total | 5 sec grace\n|\n|t:|1783558625\n|switch|p1a: Dusknoir|Dusknoir, L89, M|173/225\n|switch|p2a: Persian|Persian-Alola, L86, M|100/100\n|-item|p2a: Persian|Leftovers|[from] ability: Frisk|[of] p1a: Dusknoir\n|turn|12\n|inactive|Time left: 300 sec this turn | 300 sec total\n|\n|t:|1783558626\n|switch|p1a: Regice|Regice, L88|284/284\n|move|p2a: Persian|Nasty Plot|p2a: Persian\n|-boost|p2a: Persian|spa|2\n|\n|upkeep\n|turn|13\n|inactive|Time left: 300 sec this turn | 300 sec total\n|\n|t:|1783558627\n|move|p2a: Persian|Hypnosis|p1a: Regice\n|-status|p1a: Regice|slp|[from] move: Hypnosis\n|cant|p1a: Regice|slp\n|\n|upkeep\n|turn|14\n|inactive|Time left: 300 sec this turn | 300 sec total\n|\n|t:|1783558628\n|move|p2a: Persian|Dark Pulse|p1a: Regice\n|-damage|p1a: Regice|205/284 slp\n|cant|p1a: Regice|slp\n|\n|upkeep\n|turn|15\n|inactive|Time left: 300 sec this turn | 300 sec total\n|\n|t:|1783558629\n|move|p2a: Persian|Dark Pulse|p1a: Regice\n|-damage|p1a: Regice|129/284 slp\n|-curestatus|p1a: Regice|slp|[msg]\n|move|p1a: Regice|Ice Beam|p2a: Persian\n|-damage|p2a: Persian|49/100\n|\n|-heal|p2a: Persian|55/100|[from] item: Leftovers\n|upkeep\n|turn|16\n|inactive|Time left: 300 sec this turn | 300 sec total\n|\n|t:|1783558631\n|move|p2a: Persian|Dark Pulse|p1a: Regice\n|-damage|p1a: Regice|60/284\n|move|p1a: Regice|Ice Beam|p2a: Persian\n|-damage|p2a: Persian|0 fnt\n|faint|p2a: Persian\n|\n|upkeep\n|\n|t:|1783558632\n|switch|p2a: Cetitan|Cetitan, L82, M|100/100\n|turn|17\n|inactive|Time left: 300 sec this turn | 300 sec total\n|\n|t:|1783558633\n|switch|p1a: Slither Wing|Slither Wing, L81|270/270\n|move|p2a: Cetitan|Belly Drum|p2a: Cetitan\n|-damage|p2a: Cetitan|50/100\n|-setboost|p2a: Cetitan|atk|6|[from] move: Belly Drum\n|-enditem|p2a: Cetitan|Sitrus Berry|[eat]\n|-heal|p2a: Cetitan|75/100|[from] item: Sitrus Berry\n|\n|upkeep\n|turn|18\n|inactive|Time left: 300 sec this turn | 300 sec total\n|\n|t:|1783558634\n|-terastallize|p2a: Cetitan|Ice\n|move|p2a: Cetitan|Ice Shard|p1a: Slither Wing\n|-damage|p1a: Slither Wing|0 fnt\n|faint|p1a: Slither Wing\n|-end|p1a: Slither Wing|Protosynthesis|[silent]\n|\n|upkeep\n|inactive|Time left: 300 sec this turn | 300 sec total | 5 sec grace\n|\n|t:|1783558635\n|switch|p1a: Regice|Regice, L88|60/284\n|turn|19\n|inactive|Time left: 300 sec this turn | 300 sec total\n|\n|t:|1783558635\n|move|p2a: Cetitan|Ice Spinner|p1a: Regice\n|-resisted|p1a: Regice\n|-damage|p1a: Regice|0 fnt\n|faint|p1a: Regice\n|\n|upkeep\n|inactive|Time left: 300 sec this turn | 300 sec total | 5 sec grace\n|\n|t:|1783558636\n|switch|p1a: Shaymin|Shaymin-Sky, L73|266/266\n|turn|20\n|inactive|Time left: 300 sec this turn | 300 sec total\n|\n|t:|1783558637\n|-terastallize|p1a: Shaymin|Steel\n|move|p2a: Cetitan|Ice Shard|p1a: Shaymin\n|-resisted|p1a: Shaymin\n|-damage|p1a: Shaymin|112/266\n|move|p1a: Shaymin|Seed Flare|p2a: Cetitan\n|-damage|p2a: Cetitan|38/100\n|-unboost|p2a: Cetitan|spd|2\n|\n|upkeep\n|turn|21\n|inactive|Time left: 300 sec this turn | 300 sec total\n|\n|t:|1783558638\n|switch|p1a: Dusknoir|Dusknoir, L89, M|173/225\n|move|p2a: Cetitan|Ice Shard|p1a: Dusknoir\n|-damage|p1a: Dusknoir|15/225\n|\n|-heal|p1a: Dusknoir|29/225|[from] item: Leftovers\n|upkeep\n|turn|22\n|inactive|Time left: 300 sec this turn | 300 sec total\n|\n|t:|1783558639\n|move|p2a: Cetitan|Ice Spinner|p1a: Dusknoir\n|-damage|p1a: Dusknoir|0 fnt\n|faint|p1a: Dusknoir\n|\n|upkeep\n|inactive|Time left: 300 sec this turn | 300 sec total | 5 sec grace\n|\n|t:|1783558640\n|switch|p1a: Shaymin|Shaymin-Sky, L73, tera:Steel|112/266\n|turn|23\n|inactive|Time left: 300 sec this turn | 300 sec total\n|\n|t:|1783558641\n|move|p2a: Cetitan|Ice Shard|p1a: Shaymin\n|-resisted|p1a: Shaymin\n|-damage|p1a: Shaymin|0 fnt\n|faint|p1a: Shaymin\n|\n|upkeep\n|inactive|Time left: 300 sec this turn | 300 sec total | 5 sec grace\n|\n|t:|1783558642\n|switch|p1a: Cramorant|Cramorant, L86, F|261/261\n|turn|24\n|inactive|Time left: 300 sec this turn | 300 sec total\n|\n|t:|1783558643\n|move|p2a: Cetitan|Ice Shard|p1a: Cramorant\n|-damage|p1a: Cramorant|0 fnt\n|faint|p1a: Cramorant\n|\n|win|p0y16094853", "uploadtime": 1783558643, "views": 0, "rating": 0, "private": 0, "password": null, "_winner": "p0y16094853", "_our_name": "p0x16094d70"}