{"id": "battle-gen9randombattle-59", "formatid": "gen9randombattle", "format": "[Gen 9] Random Battle", "players": ["p0x059cc09", "p0y0593eea"], "log": "|init|battle\n|title|p0x059cc09 vs. p0y0593eea\n|j|\u2606p0x059cc09\n|j|\u2606p0y0593eea\n|t:|1783534464\n|gametype|singles\n|player|p1|p0x059cc09|170|\n|player|p2|p0y0593eea|169|\n|gen|9\n|tier|[Gen 9] Random Battle\n|rule|Species Clause: Limit one of each Pok\u00e9mon\n|rule|HP Percentage Mod: HP is shown in percentages\n|rule|Sleep Clause Mod: Limit one foe put to sleep\n|rule|Illusion Level Mod: Illusion disguises the Pok\u00e9mon's true level\n|\n|t:|1783534464\n|teamsize|p1|6\n|teamsize|p2|6\n|start\n|switch|p1a: Indeedee|Indeedee, L84, M|238/238\n|switch|p2a: Heatran|Heatran, L79, M|100/100\n|-fieldstart|move: Psychic Terrain|[from] ability: Psychic Surge|[of] p1a: Indeedee\n|-item|p2a: Heatran|Air Balloon\n|turn|1\n|inactive|Battle timer is ON: inactive players will automatically lose when time's up. (requested by p0x059cc09)\n|inactive|p0y0593eea also wants the timer to be on.\n|\n|t:|1783534465\n|move|p1a: Indeedee|Calm Mind|p1a: Indeedee\n|-boost|p1a: Indeedee|spa|1\n|-boost|p1a: Indeedee|spd|1\n|move|p2a: Heatran|Heavy Slam|p1a: Indeedee\n|-damage|p1a: Indeedee|84/238\n|\n|upkeep\n|turn|2\n|inactive|Time left: 300 sec this turn | 300 sec total\n|\n|t:|1783534466\n|move|p1a: Indeedee|Expanding Force|p2a: Heatran\n|-resisted|p2a: Heatran\n|-damage|p2a: Heatran|46/100\n|-enditem|p2a: Heatran|Air Balloon\n|-damage|p1a: Indeedee|61/238|[from] item: Life Orb\n|move|p2a: Heatran|Heavy Slam|p1a: Indeedee\n|-damage|p1a: Indeedee|0 fnt\n|faint|p1a: Indeedee\n|\n|upkeep\n|inactive|Time left: 300 sec this turn | 300 sec total | 5 sec grace\n|\n|t:|1783534467\n|switch|p1a: Zekrom|Zekrom, L71|259/259\n|-ability|p1a: Zekrom|Teravolt\n|turn|3\n|inactive|Time left: 300 sec this turn | 300 sec total\n|\n|t:|1783534468\n|move|p1a: Zekrom|Bolt Strike|p2a: Heatran|[miss]\n|-miss|p1a: Zekrom|p2a: Heatran\n|move|p2a: Heatran|Earth Power|p1a: Zekrom\n|-supereffective|p1a: Zekrom\n|-damage|p1a: Zekrom|97/259\n|\n|-heal|p1a: Zekrom|113/259|[from] item: Leftovers\n|upkeep\n|turn|4\n|inactive|Time left: 300 sec this turn | 300 sec total\n|\n|t:|1783534469\n|move|p1a: Zekrom|Bolt Strike|p2a: Heatran|[miss]\n|-miss|p1a: Zekrom|p2a: Heatran\n|move|p2a: Heatran|Earth Power|p1a: Zekrom\n|-supereffective|p1a: Zekrom\n|-damage|p1a: Zekrom|0 fnt\n|faint|p1a: Zekrom\n|\n|upkeep\n|inactive|Time left: 300 sec this turn | 300 sec total | 5 sec grace\n|\n|t:|1783534469\n|switch|p1a: Greedent|Greedent, L86, M|347/347\n|turn|5\n|inactive|Time left: 300 sec this turn | 300 sec total\n|\n|t:|1783534470\n|move|p2a: Heatran|Magma Storm|p1a: Greedent|[miss]\n|-miss|p2a: Heatran|p1a: Greedent\n|move|p1a: Greedent|Swords Dance|p1a: Greedent\n|-boost|p1a: Greedent|atk|2\n|\n|-fieldend|move: Psychic Terrain\n|upkeep\n|turn|6\n|inactive|Time left: 300 sec this turn | 300 sec total\n|\n|t:|1783534471\n|move|p2a: Heatran|Magma Storm|p1a: Greedent|[miss]\n|-miss|p2a: Heatran|p1a: Greedent\n|move|p1a: Greedent|Earthquake|p2a: Heatran\n|-supereffective|p2a: Heatran\n|-crit|p2a: Heatran\n|-damage|p2a: Heatran|0 fnt\n|faint|p2a: Heatran\n|\n|upkeep\n|\n|t:|1783534472\n|switch|p2a: Terrakion|Terrakion, L79|100/100\n|turn|7\n|inactive|Time left: 300 sec this turn | 300 sec total\n|\n|t:|1783534473\n|-terastallize|p1a: Greedent|Ghost\n|move|p2a: Terrakion|Close Combat|p1a: Greedent\n|-immune|p1a: Greedent\n|move|p1a: Greedent|Earthquake|p2a: Terrakion\n|-supereffective|p2a: Terrakion\n|-damage|p2a: Terrakion|0 fnt\n|faint|p2a: Terrakion\n|\n|upkeep\n|\n|t:|1783534474\n|switch|p2a: Masquerain|Masquerain, L87, M|100/100\n|-ability|p2a: Masquerain|Intimidate|boost\n|-unboost|p1a: Greedent|atk|1\n|turn|8\n|inactive|Time left: 300 sec this turn | 300 sec total\n|\n|t:|1783534475\n|move|p2a: Masquerain|Hurricane|p1a: Greedent\n|-damage|p1a: Greedent|196/347\n|move|p1a: Greedent|Body Slam|p2a: Masquerain\n|-damage|p2a: Masquerain|35/100\n|\n|upkeep\n|turn|9\n|inactive|Time left: 300 sec this turn | 300 sec total\n|\n|t:|1783534476\n|move|p2a: Masquerain|Quiver Dance|p2a: Masquerain\n|-boost|p2a: Masquerain|spa|1\n|-boost|p2a: Masquerain|spd|1\n|-boost|p2a: Masquerain|spe|1\n|move|p1a: Greedent|Knock Off|p2a: Masquerain\n|-damage|p2a: Masquerain|0 fnt\n|-enditem|p2a: Masquerain|Heavy-Duty Boots|[from] move: Knock Off|[of] p1a: Greedent\n|faint|p2a: Masquerain\n|\n|upkeep\n|\n|t:|1783534477\n|switch|p2a: Polteageist|Polteageist, L78|100/100\n|turn|10\n|inactive|Time left: 300 sec this turn | 300 sec total\n|\n|t:|1783534478\n|switch|p1a: Magearna|Magearna-Original, L77|250/250\n|move|p2a: Polteageist|Shell Smash|p2a: Polteageist\n|-unboost|p2a: Polteageist|def|1\n|-unboost|p2a: Polteageist|spd|1\n|-boost|p2a: Polteageist|atk|2\n|-boost|p2a: Polteageist|spa|2\n|-boost|p2a: Polteageist|spe|2\n|-enditem|p2a: Polteageist|White Herb\n|-clearnegativeboost|p2a: Polteageist|[silent]\n|\n|upkeep\n|turn|11\n|inactive|Time left: 300 sec this turn | 300 sec total\n|\n|t:|1783534479\n|move|p2a: Polteageist|Shadow Ball|p1a: Magearna\n|-damage|p1a: Magearna|81/250\n|move|p1a: Magearna|Fleur Cannon|p2a: Polteageist\n|-damage|p2a: Polteageist|42/100\n|-unboost|p1a: Magearna|spa|2\n|\n|-heal|p1a: Magearna|96/250|[from] item: Leftovers\n|upkeep\n|turn|12\n|inactive|Time left: 300 sec this turn | 300 sec total\n|\n|t:|1783534480\n|move|p2a: Polteageist|Shadow Ball|p1a: Magearna\n|-damage|p1a: Magearna|0 fnt\n|faint|p1a: Magearna\n|\n|upkeep\n|inactive|Time left: 300 sec this turn | 300 sec total | 5 sec grace\n|\n|t:|1783534481\n|switch|p1a: Hypno|Hypno, L95, F|315/315\n|turn|13\n|inactive|Time left: 300 sec this turn | 300 sec total\n|\n|t:|1783534482\n|move|p2a: Polteageist|Strength Sap|p1a: Hypno\n|-unboost|p1a: Hypno|atk|1\n|-heal|p2a: Polteageist|100/100\n|move|p1a: Hypno|Knock Off|p2a: Polteageist\n|-supereffective|p2a: Polteageist\n|-damage|p2a: Polteageist|61/100\n|-start|p1a: Hypno|Disable|Knock Off|[from] ability: Cursed Body|[of] p2a: Polteageist\n|\n|upkeep\n|turn|14\n|inactive|Time left: 300 sec this turn | 300 sec total\n|\n|t:|1783534483\n|move|p2a: Polteageist|Shadow Ball|p1a: Hypno\n|-supereffective|p1a: Hypno\n|-damage|p1a: Hypno|25/315\n|move|p1a: Hypno|Psychic Noise|p2a: Polteageist\n|-damage|p2a: Polteageist|28/100\n|-start|p2a: Polteageist|move: Heal Block\n|\n|-heal|p1a: Hypno|44/315|[from] item: Leftovers\n|upkeep\n|turn|15\n|inactive|Time left: 300 sec this turn | 300 sec total\n|\n|t:|1783534484\n|move|p2a: Polteageist|Stored Power|p1a: Hypno\n|-resisted|p1a: Hypno\n|-damage|p1a: Hypno|0 fnt\n|faint|p1a: Hypno\n|\n|-end|p2a: Polteageist|move: Heal Block\n|upkeep\n|inactive|Time left: 300 sec this turn | 300 sec total | 5 sec grace\n|\n|t:|1783534485\n|switch|p1a: Luvdisc|Luvdisc, M|247/247\n|turn|16\n|inactive|Time left: 300 sec this turn | 300 sec total\n|\n|t:|1783534486\n|-terastallize|p2a: Polteageist|Psychic\n|move|p2a: Polteageist|Stored Power|p1a: Luvdisc\n|-damage|p1a: Luvdisc|0 fnt\n|faint|p1a: Luvdisc\n|\n|upkeep\n|inactive|Time left: 300 sec this turn | 300 sec total | 5 sec grace\n|\n|t:|1783534487\n|switch|p1a: Greedent|Greedent, L86, M, tera:Ghost|196/347\n|turn|17\n|inactive|Time left: 300 sec this turn | 300 sec total\n|\n|t:|1783534488\n|move|p2a: Polteageist|Stored Power|p1a: Greedent\n|-damage|p1a: Greedent|0 fnt\n|faint|p1a: Greedent\n|\n|win|p0y0593eea", "uploadtime": 1783534488, "views": 0, "rating": 0, "private": 0, "password": null, "_winner": "p0y0593eea", "_our_name": "p0x059cc09"}