{"id": "battle-gen9randombattle-320", "formatid": "gen9randombattle", "format": "[Gen 9] Random Battle", "players": ["p0x320f40e", "p0y320ef2a"], "log": "|init|battle\n|title|p0x320f40e vs. p0y320ef2a\n|j|\u2606p0x320f40e\n|j|\u2606p0y320ef2a\n|t:|1783543321\n|gametype|singles\n|player|p1|p0x320f40e|101|\n|player|p2|p0y320ef2a|1|\n|gen|9\n|tier|[Gen 9] Random Battle\n|rule|Species Clause: Limit one of each Pok\u00e9mon\n|rule|HP Percentage Mod: HP is shown in percentages\n|rule|Sleep Clause Mod: Limit one foe put to sleep\n|rule|Illusion Level Mod: Illusion disguises the Pok\u00e9mon's true level\n|\n|t:|1783543321\n|teamsize|p1|6\n|teamsize|p2|6\n|start\n|switch|p1a: Ribombee|Ribombee, L83, M|100/100\n|switch|p2a: Sylveon|Sylveon, L85, F|300/300\n|turn|1\n|inactive|Battle timer is ON: inactive players will automatically lose when time's up. (requested by p0x320f40e)\n|inactive|Time left: 300 sec this turn | 300 sec total | 60 sec grace\n|inactive|p0y320ef2a also wants the timer to be on.\n|\n|t:|1783543323\n|move|p1a: Ribombee|Quiver Dance|p1a: Ribombee\n|-boost|p1a: Ribombee|spa|1\n|-boost|p1a: Ribombee|spd|1\n|-boost|p1a: Ribombee|spe|1\n|move|p2a: Sylveon|Hyper Voice|p1a: Ribombee\n|-crit|p1a: Ribombee\n|-damage|p1a: Ribombee|6/100\n|\n|upkeep\n|turn|2\n|inactive|Time left: 300 sec this turn | 300 sec total\n|\n|t:|1783543324\n|move|p1a: Ribombee|Moonblast|p2a: Sylveon\n|-damage|p2a: Sylveon|195/300\n|move|p2a: Sylveon|Hyper Voice|p1a: Ribombee\n|-damage|p1a: Ribombee|0 fnt\n|faint|p1a: Ribombee\n|\n|-heal|p2a: Sylveon|213/300|[from] item: Leftovers\n|upkeep\n|\n|t:|1783543325\n|switch|p1a: Torterra|Torterra, L78, M|100/100\n|turn|3\n|inactive|Time left: 300 sec this turn | 300 sec total\n|\n|t:|1783543326\n|move|p2a: Sylveon|Hyper Voice|p1a: Torterra\n|-damage|p1a: Torterra|52/100\n|move|p1a: Torterra|Shell Smash|p1a: Torterra\n|-unboost|p1a: Torterra|def|1\n|-unboost|p1a: Torterra|spd|1\n|-boost|p1a: Torterra|atk|2\n|-boost|p1a: Torterra|spa|2\n|-boost|p1a: Torterra|spe|2\n|\n|-heal|p2a: Sylveon|231/300|[from] item: Leftovers\n|upkeep\n|turn|4\n|inactive|Time left: 300 sec this turn | 300 sec total\n|\n|t:|1783543327\n|-terastallize|p2a: Sylveon|Steel\n|move|p1a: Torterra|Headlong Rush|p2a: Sylveon\n|-supereffective|p2a: Sylveon\n|-damage|p2a: Sylveon|0 fnt\n|-unboost|p1a: Torterra|def|1\n|-unboost|p1a: Torterra|spd|1\n|faint|p2a: Sylveon\n|\n|upkeep\n|inactive|Time left: 300 sec this turn | 300 sec total | 5 sec grace\n|\n|t:|1783543328\n|switch|p2a: Virizion|Virizion, L82|283/283\n|turn|5\n|inactive|Time left: 300 sec this turn | 300 sec total\n|\n|t:|1783543330\n|move|p1a: Torterra|Headlong Rush|p2a: Virizion\n|-resisted|p2a: Virizion\n|-damage|p2a: Virizion|130/283\n|-unboost|p1a: Torterra|def|1\n|-unboost|p1a: Torterra|spd|1\n|move|p2a: Virizion|Close Combat|p1a: Torterra\n|-damage|p1a: Torterra|0 fnt\n|-unboost|p2a: Virizion|def|1\n|-unboost|p2a: Virizion|spd|1\n|faint|p1a: Torterra\n|-damage|p2a: Virizion|102/283|[from] item: Life Orb\n|\n|upkeep\n|\n|t:|1783543331\n|switch|p1a: Overqwil|Overqwil, L82, M|100/100\n|-ability|p1a: Overqwil|Intimidate|boost\n|-unboost|p2a: Virizion|atk|1\n|turn|6\n|inactive|Time left: 300 sec this turn | 300 sec total\n|\n|t:|1783543332\n|switch|p2a: Baxcalibur|Baxcalibur, L75, M|295/295\n|move|p1a: Overqwil|Swords Dance|p1a: Overqwil\n|-boost|p1a: Overqwil|atk|2\n|\n|upkeep\n|turn|7\n|inactive|Time left: 300 sec this turn | 300 sec total\n|\n|t:|1783543333\n|switch|p2a: Virizion|Virizion, L82|102/283\n|move|p1a: Overqwil|Scale Shot|p2a: Virizion\n|-damage|p2a: Virizion|59/283\n|-damage|p2a: Virizion|14/283\n|-damage|p2a: Virizion|0 fnt\n|faint|p2a: Virizion\n|-hitcount|p2: Virizion|3\n|-unboost|p1a: Overqwil|def|1\n|-boost|p1a: Overqwil|spe|1\n|\n|upkeep\n|inactive|Time left: 300 sec this turn | 300 sec total | 5 sec grace\n|\n|t:|1783543334\n|switch|p2a: Flareon|Flareon, L90, F|263/263\n|turn|8\n|inactive|Time left: 300 sec this turn | 300 sec total\n|\n|t:|1783543336\n|move|p1a: Overqwil|Gunk Shot|p2a: Flareon\n|-damage|p2a: Flareon|0 fnt\n|faint|p2a: Flareon\n|\n|upkeep\n|inactive|Time left: 300 sec this turn | 300 sec total | 5 sec grace\n|\n|t:|1783543337\n|switch|p2a: Ceruledge|Ceruledge, L78, M|245/245\n|turn|9\n|inactive|Time left: 300 sec this turn | 300 sec total\n|\n|t:|1783543338\n|move|p1a: Overqwil|Crunch|p2a: Ceruledge\n|-supereffective|p2a: Ceruledge\n|-damage|p2a: Ceruledge|0 fnt\n|faint|p2a: Ceruledge\n|\n|upkeep\n|inactive|Time left: 300 sec this turn | 300 sec total | 5 sec grace\n|\n|t:|1783543339\n|switch|p2a: Baxcalibur|Baxcalibur, L75, M|295/295\n|turn|10\n|inactive|Time left: 300 sec this turn | 300 sec total\n|\n|t:|1783543340\n|switch|p2a: Plusle|Plusle, L95, M|268/268\n|move|p1a: Overqwil|Scale Shot|p2a: Plusle\n|-damage|p2a: Plusle|211/268\n|-damage|p2a: Plusle|150/268\n|-damage|p2a: Plusle|91/268\n|-damage|p2a: Plusle|32/268\n|-hitcount|p2a: Plusle|4\n|-unboost|p1a: Overqwil|def|1\n|-boost|p1a: Overqwil|spe|1\n|\n|upkeep\n|turn|11\n|inactive|Time left: 300 sec this turn | 300 sec total\n|\n|t:|1783543341\n|move|p1a: Overqwil|Crunch|p2a: Plusle\n|-damage|p2a: Plusle|0 fnt\n|faint|p2a: Plusle\n|\n|upkeep\n|inactive|Time left: 300 sec this turn | 300 sec total | 5 sec grace\n|\n|t:|1783543342\n|switch|p2a: Baxcalibur|Baxcalibur, L75, M|295/295\n|turn|12\n|inactive|Time left: 300 sec this turn | 300 sec total\n|\n|t:|1783543343\n|move|p2a: Baxcalibur|Ice Shard|p1a: Overqwil\n|-damage|p1a: Overqwil|49/100\n|move|p1a: Overqwil|Scale Shot|p2a: Baxcalibur\n|-supereffective|p2a: Baxcalibur\n|-damage|p2a: Baxcalibur|211/295\n|-supereffective|p2a: Baxcalibur\n|-damage|p2a: Baxcalibur|129/295\n|-supereffective|p2a: Baxcalibur\n|-damage|p2a: Baxcalibur|49/295\n|-supereffective|p2a: Baxcalibur\n|-damage|p2a: Baxcalibur|0 fnt\n|faint|p2a: Baxcalibur\n|-hitcount|p2: Baxcalibur|4\n|\n|win|p0x320f40e", "uploadtime": 1783543343, "views": 0, "rating": 0, "private": 0, "password": null, "_winner": "p0x320f40e", "_our_name": "p0y320ef2a"}