{"id": "battle-gen9randombattle-2462", "formatid": "gen9randombattle", "format": "[Gen 9] Random Battle", "players": ["p0x2462dc37", "p0y24623b99"], "log": "|init|battle\n|title|p0x2462dc37 vs. p0y24623b99\n|j|\u2606p0x2462dc37\n|j|\u2606p0y24623b99\n|t:|1783568546\n|gametype|singles\n|player|p1|p0x2462dc37|170|\n|player|p2|p0y24623b99|101|\n|gen|9\n|tier|[Gen 9] Random Battle\n|rule|Species Clause: Limit one of each Pok\u00e9mon\n|rule|HP Percentage Mod: HP is shown in percentages\n|rule|Sleep Clause Mod: Limit one foe put to sleep\n|rule|Illusion Level Mod: Illusion disguises the Pok\u00e9mon's true level\n|\n|t:|1783568546\n|teamsize|p1|6\n|teamsize|p2|6\n|start\n|switch|p1a: Ribombee|Ribombee, L83, M|235/235\n|switch|p2a: Qwilfish|Qwilfish-Hisui, L83, M|100/100\n|-ability|p2a: Qwilfish|Intimidate|boost\n|-unboost|p1a: Ribombee|atk|1\n|turn|1\n|inactive|Battle timer is ON: inactive players will automatically lose when time's up. (requested by p0x2462dc37)\n|\n|t:|1783568547\n|move|p1a: Ribombee|Moonblast|p2a: Qwilfish\n|-damage|p2a: Qwilfish|64/100\n|move|p2a: Qwilfish|Gunk Shot|p1a: Ribombee\n|-supereffective|p1a: Ribombee\n|-damage|p1a: Ribombee|0 fnt\n|faint|p1a: Ribombee\n|\n|upkeep\n|inactive|Time left: 300 sec this turn | 300 sec total | 65 sec grace\n|inactive|p0y24623b99 also wants the timer to be on.\n|\n|t:|1783568548\n|switch|p1a: Eelektross|Eelektross, L87, F|290/290\n|turn|2\n|inactive|Time left: 300 sec this turn | 300 sec total\n|\n|t:|1783568549\n|move|p2a: Qwilfish|Gunk Shot|p1a: Eelektross\n|-damage|p1a: Eelektross|151/290\n|move|p1a: Eelektross|Discharge|p2a: Qwilfish\n|-damage|p2a: Qwilfish|24/100\n|\n|upkeep\n|turn|3\n|inactive|Time left: 300 sec this turn | 300 sec total\n|\n|t:|1783568550\n|move|p2a: Qwilfish|Gunk Shot|p1a: Eelektross\n|-damage|p1a: Eelektross|13/290\n|move|p1a: Eelektross|Flamethrower|p2a: Qwilfish\n|-damage|p2a: Qwilfish|0 fnt\n|faint|p2a: Qwilfish\n|\n|upkeep\n|\n|t:|1783568551\n|switch|p2a: Ariados|Ariados, L95, M|100/100\n|turn|4\n|inactive|Time left: 300 sec this turn | 300 sec total\n|\n|t:|1783568553\n|move|p1a: Eelektross|Flamethrower|p2a: Ariados\n|-supereffective|p2a: Ariados\n|-damage|p2a: Ariados|48/100\n|move|p2a: Ariados|Sticky Web|p1a: Eelektross\n|-sidestart|p1: p0x2462dc37|move: Sticky Web\n|\n|upkeep\n|turn|5\n|inactive|Time left: 300 sec this turn | 300 sec total\n|\n|t:|1783568554\n|move|p2a: Ariados|Sucker Punch|p1a: Eelektross\n|-damage|p1a: Eelektross|0 fnt\n|faint|p1a: Eelektross\n|\n|upkeep\n|inactive|Time left: 300 sec this turn | 300 sec total | 5 sec grace\n|\n|t:|1783568555\n|switch|p1a: Tropius|Tropius, L91, F|328/328\n|turn|6\n|inactive|Time left: 300 sec this turn | 300 sec total\n|\n|t:|1783568556\n|switch|p2a: Mightyena|Mightyena, L96, M|100/100\n|-ability|p2a: Mightyena|Intimidate|boost\n|-unboost|p1a: Tropius|atk|1\n|move|p1a: Tropius|Air Slash|p2a: Mightyena\n|-damage|p2a: Mightyena|73/100\n|\n|-heal|p2a: Mightyena|79/100|[from] item: Leftovers\n|upkeep\n|turn|7\n|inactive|Time left: 300 sec this turn | 300 sec total\n|\n|t:|1783568558\n|move|p2a: Mightyena|Throat Chop|p1a: Tropius\n|-crit|p1a: Tropius\n|-damage|p1a: Tropius|171/328\n|-start|p1a: Tropius|Throat Chop|[silent]\n|move|p1a: Tropius|Leech Seed|p2a: Mightyena|[miss]\n|-miss|p1a: Tropius|p2a: Mightyena\n|\n|-heal|p2a: Mightyena|85/100|[from] item: Leftovers\n|upkeep\n|turn|8\n|inactive|Time left: 300 sec this turn | 300 sec total\n|\n|t:|1783568559\n|move|p2a: Mightyena|Throat Chop|p1a: Tropius\n|-damage|p1a: Tropius|75/328\n|-enditem|p1a: Tropius|Sitrus Berry|[eat]\n|-heal|p1a: Tropius|157/328|[from] item: Sitrus Berry\n|move|p1a: Tropius|Air Slash|p2a: Mightyena\n|-damage|p2a: Mightyena|56/100\n|\n|-heal|p2a: Mightyena|62/100|[from] item: Leftovers\n|-end|p1a: Tropius|Throat Chop|[silent]\n|-item|p1a: Tropius|Sitrus Berry|[from] ability: Harvest\n|upkeep\n|-enditem|p1a: Tropius|Sitrus Berry|[eat]\n|-heal|p1a: Tropius|239/328|[from] item: Sitrus Berry\n|turn|9\n|inactive|Time left: 300 sec this turn | 300 sec total\n|\n|t:|1783568560\n|move|p2a: Mightyena|Throat Chop|p1a: Tropius\n|-damage|p1a: Tropius|139/328\n|-start|p1a: Tropius|Throat Chop|[silent]\n|move|p1a: Tropius|Leech Seed|p2a: Mightyena\n|-start|p2a: Mightyena|move: Leech Seed\n|\n|-heal|p2a: Mightyena|68/100|[from] item: Leftovers\n|-damage|p2a: Mightyena|56/100|[from] Leech Seed|[of] p1a: Tropius\n|-heal|p1a: Tropius|175/328|[silent]\n|-item|p1a: Tropius|Sitrus Berry|[from] ability: Harvest\n|upkeep\n|turn|10\n|inactive|Time left: 300 sec this turn | 300 sec total\n|\n|t:|1783568561\n|switch|p2a: Ho-Oh|Ho-Oh, L71|100/100\n|move|p1a: Tropius|Air Slash|p2a: Ho-Oh\n|-damage|p2a: Ho-Oh|81/100\n|\n|-end|p1a: Tropius|Throat Chop|[silent]\n|upkeep\n|turn|11\n|inactive|Time left: 300 sec this turn | 300 sec total\n|\n|t:|1783568562\n|move|p1a: Tropius|Protect|p1a: Tropius\n|-singleturn|p1a: Tropius|Protect\n|move|p2a: Ho-Oh|Sacred Fire|p1a: Tropius\n|-activate|p1a: Tropius|move: Protect\n|\n|upkeep\n|turn|12\n|inactive|Time left: 300 sec this turn | 300 sec total\n|\n|t:|1783568563\n|switch|p1a: Hypno|Hypno, L95, F|315/315\n|-activate|p1a: Hypno|move: Sticky Web\n|-unboost|p1a: Hypno|spe|1\n|move|p2a: Ho-Oh|Sacred Fire|p1a: Hypno\n|-damage|p1a: Hypno|216/315\n|-status|p1a: Hypno|brn\n|\n|-heal|p1a: Hypno|235/315 brn|[from] item: Leftovers\n|-damage|p1a: Hypno|216/315 brn|[from] brn\n|upkeep\n|turn|13\n|inactive|Time left: 300 sec this turn | 300 sec total\n|\n|t:|1783568564\n|move|p2a: Ho-Oh|Sacred Fire|p1a: Hypno\n|-damage|p1a: Hypno|110/315 brn\n|move|p1a: Hypno|Psychic Noise|p2a: Ho-Oh\n|-damage|p2a: Ho-Oh|58/100\n|-start|p2a: Ho-Oh|move: Heal Block\n|\n|-heal|p1a: Hypno|129/315 brn|[from] item: Leftovers\n|-damage|p1a: Hypno|110/315 brn|[from] brn\n|upkeep\n|turn|14\n|inactive|Time left: 300 sec this turn | 300 sec total\n|\n|t:|1783568566\n|move|p2a: Ho-Oh|Sacred Fire|p1a: Hypno\n|-damage|p1a: Hypno|4/315 brn\n|move|p1a: Hypno|Focus Blast|p2a: Ho-Oh\n|-resisted|p2a: Ho-Oh\n|-damage|p2a: Ho-Oh|45/100\n|\n|-heal|p1a: Hypno|23/315 brn|[from] item: Leftovers\n|-damage|p1a: Hypno|4/315 brn|[from] brn\n|-end|p2a: Ho-Oh|move: Heal Block\n|upkeep\n|turn|15\n|inactive|Time left: 300 sec this turn | 300 sec total\n|\n|t:|1783568567\n|move|p2a: Ho-Oh|Recover|p2a: Ho-Oh\n|-heal|p2a: Ho-Oh|95/100\n|move|p1a: Hypno|Toxic|p2a: Ho-Oh\n|-status|p2a: Ho-Oh|tox\n|\n|-heal|p1a: Hypno|23/315 brn|[from] item: Leftovers\n|-damage|p2a: Ho-Oh|89/100 tox|[from] psn\n|-damage|p1a: Hypno|4/315 brn|[from] brn\n|upkeep\n|turn|16\n|inactive|Time left: 300 sec this turn | 300 sec total\n|\n|t:|1783568568\n|move|p2a: Ho-Oh|Sacred Fire|p1a: Hypno\n|-damage|p1a: Hypno|0 fnt\n|faint|p1a: Hypno\n|\n|-damage|p2a: Ho-Oh|77/100 tox|[from] psn\n|upkeep\n|inactive|Time left: 300 sec this turn | 300 sec total | 5 sec grace\n|\n|t:|1783568569\n|switch|p1a: Tropius|Tropius, L91, F|175/328\n|turn|17\n|inactive|Time left: 300 sec this turn | 300 sec total\n|\n|t:|1783568569\n|move|p1a: Tropius|Protect|p1a: Tropius\n|-singleturn|p1a: Tropius|Protect\n|move|p2a: Ho-Oh|Sacred Fire|p1a: Tropius\n|-activate|p1a: Tropius|move: Protect\n|\n|-damage|p2a: Ho-Oh|59/100 tox|[from] psn\n|upkeep\n|turn|18\n|inactive|Time left: 300 sec this turn | 300 sec total\n|\n|t:|1783568570\n|move|p1a: Tropius|Protect|p1a: Tropius\n|-singleturn|p1a: Tropius|Protect\n|move|p2a: Ho-Oh|Sacred Fire|p1a: Tropius\n|-activate|p1a: Tropius|move: Protect\n|\n|-damage|p2a: Ho-Oh|35/100 tox|[from] psn\n|upkeep\n|turn|19\n|inactive|Time left: 300 sec this turn | 300 sec total\n|\n|t:|1783568571\n|switch|p1a: Deoxys|Deoxys-Speed, L82|216/216\n|-activate|p1a: Deoxys|move: Sticky Web\n|-unboost|p1a: Deoxys|spe|1\n|-ability|p1a: Deoxys|Pressure\n|move|p2a: Ho-Oh|Sacred Fire|p1a: Deoxys\n|-damage|p1a: Deoxys|120/216\n|-status|p1a: Deoxys|brn\n|\n|-damage|p2a: Ho-Oh|5/100 tox|[from] psn\n|-damage|p1a: Deoxys|107/216 brn|[from] brn\n|upkeep\n|turn|20\n|inactive|Time left: 300 sec this turn | 300 sec total\n|\n|t:|1783568572\n|switch|p2a: Mightyena|Mightyena, L96, M|56/100\n|-ability|p2a: Mightyena|Intimidate|boost\n|-unboost|p1a: Deoxys|atk|1\n|move|p1a: Deoxys|Knock Off|p2a: Mightyena\n|-resisted|p2a: Mightyena\n|-damage|p2a: Mightyena|51/100\n|-enditem|p2a: Mightyena|Leftovers|[from] move: Knock Off|[of] p1a: Deoxys\n|-damage|p1a: Deoxys|86/216 brn|[from] item: Life Orb\n|\n|-damage|p1a: Deoxys|73/216 brn|[from] brn\n|upkeep\n|turn|21\n|inactive|Time left: 300 sec this turn | 300 sec total\n|\n|t:|1783568573\n|switch|p2a: Ho-Oh|Ho-Oh, L71|39/100 tox\n|move|p1a: Deoxys|Spikes|p2a: Ho-Oh\n|-sidestart|p2: p0y24623b99|Spikes\n|\n|-damage|p2a: Ho-Oh|33/100 tox|[from] psn\n|-damage|p1a: Deoxys|60/216 brn|[from] brn\n|upkeep\n|turn|22\n|inactive|Time left: 300 sec this turn | 300 sec total\n|\n|t:|1783568574\n|switch|p2a: Mightyena|Mightyena, L96, M|51/100\n|-damage|p2a: Mightyena|38/100|[from] Spikes\n|-ability|p2a: Mightyena|Intimidate|boost\n|-unboost|p1a: Deoxys|atk|1\n|move|p1a: Deoxys|Psycho Boost|p2a: Mightyena\n|-immune|p2a: Mightyena\n|\n|-damage|p1a: Deoxys|47/216 brn|[from] brn\n|upkeep\n|turn|23\n|inactive|Time left: 300 sec this turn | 300 sec total\n|\n|t:|1783568575\n|move|p1a: Deoxys|Spikes|p2a: Mightyena\n|-sidestart|p2: p0y24623b99|Spikes\n|move|p2a: Mightyena|Throat Chop|p1a: Deoxys\n|-supereffective|p1a: Deoxys\n|-damage|p1a: Deoxys|0 fnt\n|faint|p1a: Deoxys\n|\n|upkeep\n|inactive|Time left: 300 sec this turn | 300 sec total | 5 sec grace\n|\n|t:|1783568576\n|switch|p1a: Tropius|Tropius, L91, F|175/328\n|turn|24\n|inactive|Time left: 300 sec this turn | 300 sec total\n|\n|t:|1783568577\n|move|p2a: Mightyena|Poison Fang|p1a: Tropius\n|-supereffective|p1a: Tropius\n|-damage|p1a: Tropius|91/328\n|-status|p1a: Tropius|tox\n|-enditem|p1a: Tropius|Sitrus Berry|[eat]\n|-heal|p1a: Tropius|173/328 tox|[from] item: Sitrus Berry\n|move|p1a: Tropius|Leech Seed|p2a: Mightyena\n|-start|p2a: Mightyena|move: Leech Seed\n|\n|-damage|p2a: Mightyena|26/100|[from] Leech Seed|[of] p1a: Tropius\n|-heal|p1a: Tropius|209/328 tox|[silent]\n|-damage|p1a: Tropius|189/328 tox|[from] psn\n|-item|p1a: Tropius|Sitrus Berry|[from] ability: Harvest\n|upkeep\n|turn|25\n|inactive|Time left: 300 sec this turn | 300 sec total\n|\n|t:|1783568577\n|switch|p2a: Ho-Oh|Ho-Oh, L71|66/100 tox\n|move|p1a: Tropius|Air Slash|p2a: Ho-Oh\n|-damage|p2a: Ho-Oh|45/100 tox\n|\n|-damage|p2a: Ho-Oh|39/100 tox|[from] psn\n|-damage|p1a: Tropius|149/328 tox|[from] psn\n|upkeep\n|-enditem|p1a: Tropius|Sitrus Berry|[eat]\n|-heal|p1a: Tropius|231/328 tox|[from] item: Sitrus Berry\n|turn|26\n|inactive|Time left: 300 sec this turn | 300 sec total\n|\n|t:|1783568578\n|move|p2a: Ho-Oh|Recover|p2a: Ho-Oh\n|-heal|p2a: Ho-Oh|89/100 tox\n|move|p1a: Tropius|Air Slash|p2a: Ho-Oh\n|-damage|p2a: Ho-Oh|68/100 tox\n|\n|-damage|p2a: Ho-Oh|56/100 tox|[from] psn\n|-damage|p1a: Tropius|171/328 tox|[from] psn\n|-item|p1a: Tropius|Sitrus Berry|[from] ability: Harvest\n|upkeep\n|turn|27\n|inactive|Time left: 300 sec this turn | 300 sec total\n|\n|t:|1783568579\n|move|p1a: Tropius|Protect|p1a: Tropius\n|-singleturn|p1a: Tropius|Protect\n|move|p2a: Ho-Oh|Recover|p2a: Ho-Oh\n|-heal|p2a: Ho-Oh|100/100 tox\n|\n|-damage|p2a: Ho-Oh|83/100 tox|[from] psn\n|-damage|p1a: Tropius|91/328 tox|[from] psn\n|upkeep\n|-enditem|p1a: Tropius|Sitrus Berry|[eat]\n|-heal|p1a: Tropius|173/328 tox|[from] item: Sitrus Berry\n|turn|28\n|inactive|Time left: 300 sec this turn | 300 sec total\n|\n|t:|1783568580\n|switch|p2a: Dewgong|Dewgong, L94, M|100/100\n|move|p1a: Tropius|Protect||[still]\n|-fail|p1a: Tropius\n|\n|-damage|p1a: Tropius|73/328 tox|[from] psn\n|upkeep\n|turn|29\n|inactive|Time left: 300 sec this turn | 300 sec total\n|\n|t:|1783568581\n|switch|p1a: Slither Wing|Slither Wing, L81|270/270\n|-activate|p1a: Slither Wing|move: Sticky Web\n|-unboost|p1a: Slither Wing|spe|1\n|move|p2a: Dewgong|Ice Beam|p1a: Slither Wing\n|-damage|p1a: Slither Wing|179/270\n|-status|p1a: Slither Wing|frz\n|\n|upkeep\n|turn|30\n|inactive|Time left: 300 sec this turn | 300 sec total\n|\n|t:|1783568582\n|move|p2a: Dewgong|Ice Beam|p1a: Slither Wing\n|-damage|p1a: Slither Wing|91/270 frz\n|-curestatus|p1a: Slither Wing|frz|[msg]\n|move|p1a: Slither Wing|Wild Charge|p2a: Dewgong\n|-supereffective|p2a: Dewgong\n|-damage|p2a: Dewgong|42/100\n|-damage|p1a: Slither Wing|44/270|[from] Recoil\n|-damage|p1a: Slither Wing|17/270|[from] item: Life Orb\n|\n|upkeep\n|turn|31\n|inactive|Time left: 300 sec this turn | 300 sec total\n|\n|t:|1783568584\n|move|p2a: Dewgong|Ice Beam|p1a: Slither Wing\n|-damage|p1a: Slither Wing|0 fnt\n|faint|p1a: Slither Wing\n|-end|p1a: Slither Wing|Protosynthesis|[silent]\n|\n|upkeep\n|inactive|Time left: 300 sec this turn | 300 sec total | 5 sec grace\n|\n|t:|1783568585\n|switch|p1a: Tropius|Tropius, L91, F|73/328 tox\n|turn|32\n|inactive|Time left: 300 sec this turn | 300 sec total\n|\n|t:|1783568586\n|move|p2a: Dewgong|Ice Beam|p1a: Tropius\n|-supereffective|p1a: Tropius\n|-damage|p1a: Tropius|0 fnt\n|faint|p1a: Tropius\n|\n|win|p0y24623b99", "uploadtime": 1783568586, "views": 0, "rating": 0, "private": 0, "password": null, "_winner": "p0y24623b99", "_our_name": "p0x2462dc37"}