{"id": "battle-gen9randombattle-2855", "formatid": "gen9randombattle", "format": "[Gen 9] Random Battle", "players": ["p0x285551de", "p0y28557c99"], "log": "|init|battle\n|title|p0x285551de vs. p0y28557c99\n|j|\u2606p0x285551de\n|j|\u2606p0y28557c99\n|t:|1783571949\n|gametype|singles\n|player|p1|p0x285551de|102|\n|player|p2|p0y28557c99|102|\n|gen|9\n|tier|[Gen 9] Random Battle\n|rule|Species Clause: Limit one of each Pok\u00e9mon\n|rule|HP Percentage Mod: HP is shown in percentages\n|rule|Sleep Clause Mod: Limit one foe put to sleep\n|rule|Illusion Level Mod: Illusion disguises the Pok\u00e9mon's true level\n|\n|t:|1783571949\n|teamsize|p1|6\n|teamsize|p2|6\n|start\n|switch|p1a: Minior|Minior-Yellow, L79|224/224\n|switch|p2a: Vaporeon|Vaporeon, L86, F|100/100\n|-formechange|p1a: Minior|Minior-Meteor||[from] ability: Shields Down\n|turn|1\n|inactive|Battle timer is ON: inactive players will automatically lose when time's up. (requested by p0x285551de)\n|inactive|p0y28557c99 also wants the timer to be on.\n|\n|t:|1783571950\n|move|p2a: Vaporeon|Scald|p1a: Minior\n|-supereffective|p1a: Minior\n|-crit|p1a: Minior\n|-damage|p1a: Minior|0 fnt\n|faint|p1a: Minior\n|\n|upkeep\n|inactive|Time left: 300 sec this turn | 300 sec total | 65 sec grace\n|\n|t:|1783571951\n|switch|p1a: Zarude|Zarude-Dada, L77|288/288\n|turn|2\n|inactive|Time left: 300 sec this turn | 300 sec total\n|\n|t:|1783571953\n|move|p1a: Zarude|Power Whip|p2a: Vaporeon|[miss]\n|-miss|p1a: Zarude|p2a: Vaporeon\n|move|p2a: Vaporeon|Calm Mind|p2a: Vaporeon\n|-boost|p2a: Vaporeon|spa|1\n|-boost|p2a: Vaporeon|spd|1\n|\n|upkeep\n|turn|3\n|inactive|Time left: 300 sec this turn | 300 sec total\n|\n|t:|1783571954\n|-terastallize|p2a: Vaporeon|Poison\n|move|p1a: Zarude|Power Whip|p2a: Vaporeon\n|-resisted|p2a: Vaporeon\n|-damage|p2a: Vaporeon|78/100\n|move|p2a: Vaporeon|Scald|p1a: Zarude\n|-resisted|p1a: Zarude\n|-damage|p1a: Zarude|213/288\n|\n|-heal|p2a: Vaporeon|84/100|[from] item: Leftovers\n|upkeep\n|turn|4\n|inactive|Time left: 300 sec this turn | 300 sec total\n|\n|t:|1783571955\n|move|p1a: Zarude|Power Whip|p2a: Vaporeon\n|-resisted|p2a: Vaporeon\n|-damage|p2a: Vaporeon|61/100\n|move|p2a: Vaporeon|Scald|p1a: Zarude\n|-resisted|p1a: Zarude\n|-damage|p1a: Zarude|140/288\n|\n|-heal|p2a: Vaporeon|67/100|[from] item: Leftovers\n|upkeep\n|turn|5\n|inactive|Time left: 300 sec this turn | 300 sec total\n|\n|t:|1783571956\n|move|p1a: Zarude|Power Whip|p2a: Vaporeon\n|-resisted|p2a: Vaporeon\n|-damage|p2a: Vaporeon|44/100\n|move|p2a: Vaporeon|Scald|p1a: Zarude\n|-resisted|p1a: Zarude\n|-damage|p1a: Zarude|59/288\n|\n|-heal|p2a: Vaporeon|50/100|[from] item: Leftovers\n|upkeep\n|turn|6\n|inactive|Time left: 300 sec this turn | 300 sec total\n|\n|t:|1783571957\n|switch|p1a: Quagsire|Quagsire, L84, M|297/297\n|move|p2a: Vaporeon|Scald|p1a: Quagsire\n|-damage|p1a: Quagsire|182/297\n|\n|-heal|p2a: Vaporeon|56/100|[from] item: Leftovers\n|-heal|p1a: Quagsire|200/297|[from] item: Leftovers\n|upkeep\n|turn|7\n|inactive|Time left: 300 sec this turn | 300 sec total\n|\n|t:|1783571958\n|move|p2a: Vaporeon|Scald|p1a: Quagsire\n|-damage|p1a: Quagsire|70/297\n|-status|p1a: Quagsire|brn\n|move|p1a: Quagsire|Earthquake|p2a: Vaporeon\n|-supereffective|p2a: Vaporeon\n|-crit|p2a: Vaporeon\n|-damage|p2a: Vaporeon|4/100\n|\n|-heal|p2a: Vaporeon|10/100|[from] item: Leftovers\n|-heal|p1a: Quagsire|88/297 brn|[from] item: Leftovers\n|-damage|p1a: Quagsire|70/297 brn|[from] brn\n|upkeep\n|turn|8\n|inactive|Time left: 300 sec this turn | 300 sec total\n|\n|t:|1783571959\n|move|p2a: Vaporeon|Scald|p1a: Quagsire\n|-damage|p1a: Quagsire|0 fnt\n|faint|p1a: Quagsire\n|\n|-heal|p2a: Vaporeon|16/100|[from] item: Leftovers\n|upkeep\n|inactive|Time left: 300 sec this turn | 300 sec total | 5 sec grace\n|\n|t:|1783571960\n|switch|p1a: Kleavor|Kleavor, L78, F|237/237\n|turn|9\n|inactive|Time left: 300 sec this turn | 300 sec total\n|\n|t:|1783571961\n|move|p2a: Vaporeon|Protect|p2a: Vaporeon\n|-singleturn|p2a: Vaporeon|Protect\n|move|p1a: Kleavor|Stone Axe|p2a: Vaporeon\n|-activate|p2a: Vaporeon|move: Protect\n|\n|-heal|p2a: Vaporeon|22/100|[from] item: Leftovers\n|upkeep\n|turn|10\n|inactive|Time left: 300 sec this turn | 300 sec total\n|\n|t:|1783571962\n|switch|p2a: Hitmonchan|Hitmonchan, L87, M|100/100\n|move|p1a: Kleavor|Stone Axe|p2a: Hitmonchan\n|-resisted|p2a: Hitmonchan\n|-damage|p2a: Hitmonchan|75/100\n|-sidestart|p2: p0y28557c99|move: Stealth Rock\n|\n|-heal|p2a: Hitmonchan|81/100|[from] item: Leftovers\n|upkeep\n|turn|11\n|inactive|Time left: 300 sec this turn | 300 sec total\n|\n|t:|1783571963\n|move|p2a: Hitmonchan|Drain Punch|p1a: Kleavor\n|-damage|p1a: Kleavor|120/237\n|-heal|p2a: Hitmonchan|100/100|[from] drain|[of] p1a: Kleavor\n|move|p1a: Kleavor|X-Scissor|p2a: Hitmonchan\n|-resisted|p2a: Hitmonchan\n|-damage|p2a: Hitmonchan|68/100\n|\n|-heal|p2a: Hitmonchan|74/100|[from] item: Leftovers\n|upkeep\n|turn|12\n|inactive|Time left: 300 sec this turn | 300 sec total\n|\n|t:|1783571964\n|switch|p1a: Houndstone|Houndstone, L86, M|264/264\n|move|p2a: Hitmonchan|Drain Punch|p1a: Houndstone\n|-immune|p1a: Houndstone\n|\n|-heal|p2a: Hitmonchan|80/100|[from] item: Leftovers\n|upkeep\n|turn|13\n|inactive|Time left: 300 sec this turn | 300 sec total\n|\n|t:|1783571965\n|move|p2a: Hitmonchan|Knock Off|p1a: Houndstone\n|-supereffective|p1a: Houndstone\n|-damage|p1a: Houndstone|199/264\n|-enditem|p1a: Houndstone|Leftovers|[from] move: Knock Off|[of] p2a: Hitmonchan\n|move|p1a: Houndstone|Poltergeist|p2a: Hitmonchan\n|-activate|p2a: Hitmonchan|move: Poltergeist|Leftovers\n|-damage|p2a: Hitmonchan|22/100\n|\n|-heal|p2a: Hitmonchan|28/100|[from] item: Leftovers\n|upkeep\n|turn|14\n|inactive|Time left: 300 sec this turn | 300 sec total\n|\n|t:|1783571966\n|move|p2a: Hitmonchan|Knock Off|p1a: Houndstone\n|-supereffective|p1a: Houndstone\n|-damage|p1a: Houndstone|151/264\n|move|p1a: Houndstone|Poltergeist|p2a: Hitmonchan\n|-activate|p2a: Hitmonchan|move: Poltergeist|Leftovers\n|-damage|p2a: Hitmonchan|0 fnt\n|faint|p2a: Hitmonchan\n|\n|upkeep\n|\n|t:|1783571967\n|switch|p2a: Dragapult|Dragapult, L77, F|100/100\n|-damage|p2a: Dragapult|88/100|[from] Stealth Rock\n|turn|15\n|inactive|Time left: 300 sec this turn | 300 sec total\n|\n|t:|1783571968\n|move|p2a: Dragapult|Fire Blast|p1a: Houndstone\n|-damage|p1a: Houndstone|0 fnt\n|faint|p1a: Houndstone\n|\n|upkeep\n|inactive|Time left: 300 sec this turn | 300 sec total | 5 sec grace\n|\n|t:|1783571969\n|switch|p1a: Zarude|Zarude-Dada, L77|59/288\n|turn|16\n|inactive|Time left: 300 sec this turn | 300 sec total\n|\n|t:|1783571970\n|switch|p2a: Mabosstiff|Mabosstiff, L86, M|100/100\n|-damage|p2a: Mabosstiff|88/100|[from] Stealth Rock\n|move|p1a: Zarude|Knock Off|p2a: Mabosstiff\n|-resisted|p2a: Mabosstiff\n|-damage|p2a: Mabosstiff|71/100\n|-enditem|p2a: Mabosstiff|Choice Scarf|[from] move: Knock Off|[of] p1a: Zarude\n|\n|upkeep\n|turn|17\n|inactive|Time left: 300 sec this turn | 300 sec total\n|\n|t:|1783571971\n|move|p1a: Zarude|Knock Off|p2a: Mabosstiff\n|-resisted|p2a: Mabosstiff\n|-damage|p2a: Mabosstiff|59/100\n|move|p2a: Mabosstiff|Crunch|p1a: Zarude\n|-resisted|p1a: Zarude\n|-damage|p1a: Zarude|7/288\n|\n|upkeep\n|turn|18\n|inactive|Time left: 300 sec this turn | 300 sec total\n|\n|t:|1783571972\n|move|p1a: Zarude|Knock Off|p2a: Mabosstiff\n|-resisted|p2a: Mabosstiff\n|-damage|p2a: Mabosstiff|48/100\n|move|p2a: Mabosstiff|Play Rough|p1a: Zarude\n|-supereffective|p1a: Zarude\n|-damage|p1a: Zarude|0 fnt\n|faint|p1a: Zarude\n|\n|upkeep\n|inactive|Time left: 300 sec this turn | 300 sec total | 5 sec grace\n|\n|t:|1783571973\n|switch|p1a: Kleavor|Kleavor, L78, F|120/237\n|turn|19\n|inactive|Time left: 300 sec this turn | 300 sec total\n|\n|t:|1783571974\n|move|p2a: Mabosstiff|Crunch|p1a: Kleavor\n|-damage|p1a: Kleavor|14/237\n|-unboost|p1a: Kleavor|def|1\n|move|p1a: Kleavor|X-Scissor|p2a: Mabosstiff\n|-supereffective|p2a: Mabosstiff\n|-damage|p2a: Mabosstiff|0 fnt\n|faint|p2a: Mabosstiff\n|\n|upkeep\n|\n|t:|1783571975\n|switch|p2a: Espathra|Espathra, L80, F|100/100\n|-damage|p2a: Espathra|88/100|[from] Stealth Rock\n|turn|20\n|inactive|Time left: 300 sec this turn | 300 sec total\n|\n|t:|1783571976\n|switch|p1a: Azelf|Azelf, L82|257/257\n|move|p2a: Espathra|Lumina Crash|p1a: Azelf\n|-resisted|p1a: Azelf\n|-damage|p1a: Azelf|206/257\n|-unboost|p1a: Azelf|spd|2\n|\n|-ability|p2a: Espathra|Speed Boost|boost\n|-boost|p2a: Espathra|spe|1\n|upkeep\n|turn|21\n|inactive|Time left: 300 sec this turn | 300 sec total\n|\n|t:|1783571977\n|move|p2a: Espathra|Lumina Crash|p1a: Azelf\n|-resisted|p1a: Azelf\n|-damage|p1a: Azelf|115/257\n|-unboost|p1a: Azelf|spd|2\n|move|p1a: Azelf|Knock Off|p2a: Espathra\n|-supereffective|p2a: Espathra\n|-damage|p2a: Espathra|8/100\n|-enditem|p2a: Espathra|Choice Specs|[from] move: Knock Off|[of] p1a: Azelf\n|\n|-ability|p2a: Espathra|Speed Boost|boost\n|-boost|p2a: Espathra|spe|1\n|upkeep\n|turn|22\n|inactive|Time left: 300 sec this turn | 300 sec total\n|\n|t:|1783571978\n|switch|p1a: Kleavor|Kleavor, L78, F|14/237\n|move|p2a: Espathra|Dazzling Gleam|p1a: Kleavor\n|-crit|p1a: Kleavor\n|-damage|p1a: Kleavor|0 fnt\n|faint|p1a: Kleavor\n|\n|-ability|p2a: Espathra|Speed Boost|boost\n|-boost|p2a: Espathra|spe|1\n|upkeep\n|inactive|Time left: 300 sec this turn | 300 sec total | 5 sec grace\n|\n|t:|1783571978\n|switch|p1a: Azelf|Azelf, L82|115/257\n|turn|23\n|inactive|Time left: 300 sec this turn | 300 sec total\n|\n|t:|1783571979\n|-terastallize|p1a: Azelf|Fire\n|move|p2a: Espathra|Dazzling Gleam|p1a: Azelf\n|-resisted|p1a: Azelf\n|-damage|p1a: Azelf|91/257\n|move|p1a: Azelf|Fire Blast|p2a: Espathra|[miss]\n|-miss|p1a: Azelf|p2a: Espathra\n|\n|-ability|p2a: Espathra|Speed Boost|boost\n|-boost|p2a: Espathra|spe|1\n|upkeep\n|turn|24\n|inactive|Time left: 300 sec this turn | 300 sec total\n|\n|t:|1783571980\n|move|p2a: Espathra|Lumina Crash|p1a: Azelf\n|-damage|p1a: Azelf|31/257\n|-unboost|p1a: Azelf|spd|2\n|move|p1a: Azelf|Psychic|p2a: Espathra\n|-resisted|p2a: Espathra\n|-damage|p2a: Espathra|0 fnt\n|faint|p2a: Espathra\n|\n|upkeep\n|\n|t:|1783571981\n|switch|p2a: Dragapult|Dragapult, L77, F|88/100\n|-damage|p2a: Dragapult|76/100|[from] Stealth Rock\n|turn|25\n|inactive|Time left: 300 sec this turn | 300 sec total\n|\n|t:|1783571982\n|move|p2a: Dragapult|Shadow Ball|p1a: Azelf\n|-damage|p1a: Azelf|0 fnt\n|faint|p1a: Azelf\n|\n|win|p0y28557c99", "uploadtime": 1783571982, "views": 0, "rating": 0, "private": 0, "password": null, "_winner": "p0y28557c99", "_our_name": "p0x285551de"}