{"id": "battle-gen9randombattle-1184", "formatid": "gen9randombattle", "format": "[Gen 9] Random Battle", "players": ["p0x1184ff91", "p0y1184abaf"], "log": "|init|battle\n|title|p0x1184ff91 vs. p0y1184abaf\n|j|\u2606p0x1184ff91\n|j|\u2606p0y1184abaf\n|t:|1783553703\n|gametype|singles\n|player|p1|p0x1184ff91|170|\n|player|p2|p0y1184abaf|102|\n|gen|9\n|tier|[Gen 9] Random Battle\n|rule|Species Clause: Limit one of each Pok\u00e9mon\n|rule|HP Percentage Mod: HP is shown in percentages\n|rule|Sleep Clause Mod: Limit one foe put to sleep\n|rule|Illusion Level Mod: Illusion disguises the Pok\u00e9mon's true level\n|\n|t:|1783553703\n|teamsize|p1|6\n|teamsize|p2|6\n|start\n|switch|p1a: Minior|Minior-Violet, L79|224/224\n|switch|p2a: Manaphy|Manaphy, L78|100/100\n|-formechange|p1a: Minior|Minior-Meteor||[from] ability: Shields Down\n|turn|1\n|inactive|Battle timer is ON: inactive players will automatically lose when time's up. (requested by p0x1184ff91)\n|inactive|p0y1184abaf also wants the timer to be on.\n|\n|t:|1783553705\n|switch|p1a: Heracross|Heracross, L80, M|259/259\n|move|p2a: Manaphy|Tail Glow|p2a: Manaphy\n|-boost|p2a: Manaphy|spa|3\n|\n|-status|p1a: Heracross|brn|[from] item: Flame Orb\n|upkeep\n|turn|2\n|inactive|Time left: 300 sec this turn | 300 sec total\n|\n|t:|1783553706\n|move|p2a: Manaphy|Hydro Pump|p1a: Heracross|[miss]\n|-miss|p2a: Manaphy|p1a: Heracross\n|move|p1a: Heracross|Trailblaze|p2a: Manaphy\n|-supereffective|p2a: Manaphy\n|-damage|p2a: Manaphy|60/100\n|-boost|p1a: Heracross|spe|1\n|\n|-heal|p2a: Manaphy|66/100|[from] item: Leftovers\n|-damage|p1a: Heracross|243/259 brn|[from] brn\n|upkeep\n|turn|3\n|inactive|Time left: 300 sec this turn | 300 sec total\n|\n|t:|1783553707\n|move|p1a: Heracross|Close Combat|p2a: Manaphy\n|-damage|p2a: Manaphy|0 fnt\n|-unboost|p1a: Heracross|def|1\n|-unboost|p1a: Heracross|spd|1\n|faint|p2a: Manaphy\n|\n|-damage|p1a: Heracross|227/259 brn|[from] brn\n|upkeep\n|\n|t:|1783553708\n|switch|p2a: Slaking|Slaking, L84, F|100/100\n|turn|4\n|inactive|Time left: 300 sec this turn | 300 sec total\n|\n|t:|1783553709\n|switch|p1a: Dunsparce|Dunsparce, L86, F|312/312\n|move|p2a: Slaking|Giga Impact|p1a: Dunsparce\n|-damage|p1a: Dunsparce|53/312\n|-mustrecharge|p2a: Slaking\n|\n|upkeep\n|turn|5\n|inactive|Time left: 300 sec this turn | 300 sec total\n|\n|t:|1783553710\n|cant|p2a: Slaking|recharge\n|move|p1a: Dunsparce|Body Slam|p2a: Slaking\n|-damage|p2a: Slaking|82/100\n|\n|upkeep\n|turn|6\n|inactive|Time left: 300 sec this turn | 300 sec total\n|\n|t:|1783553711\n|-terastallize|p1a: Dunsparce|Ghost\n|move|p2a: Slaking|Giga Impact|p1a: Dunsparce\n|-immune|p1a: Dunsparce\n|move|p1a: Dunsparce|Roost|p1a: Dunsparce\n|-heal|p1a: Dunsparce|209/312\n|\n|upkeep\n|turn|7\n|inactive|Time left: 300 sec this turn | 300 sec total\n|\n|t:|1783553712\n|switch|p2a: Glastrier|Glastrier, L86|100/100\n|move|p1a: Dunsparce|Coil|p1a: Dunsparce\n|-boost|p1a: Dunsparce|atk|1\n|-boost|p1a: Dunsparce|def|1\n|-boost|p1a: Dunsparce|accuracy|1\n|\n|upkeep\n|turn|8\n|inactive|Time left: 300 sec this turn | 300 sec total\n|\n|t:|1783553713\n|move|p1a: Dunsparce|Coil|p1a: Dunsparce\n|-boost|p1a: Dunsparce|atk|1\n|-boost|p1a: Dunsparce|def|1\n|-boost|p1a: Dunsparce|accuracy|1\n|move|p2a: Glastrier|Swords Dance|p2a: Glastrier\n|-boost|p2a: Glastrier|atk|2\n|\n|upkeep\n|turn|9\n|inactive|Time left: 300 sec this turn | 300 sec total\n|\n|t:|1783553715\n|move|p1a: Dunsparce|Body Slam|p2a: Glastrier\n|-damage|p2a: Glastrier|69/100\n|move|p2a: Glastrier|Icicle Crash|p1a: Dunsparce\n|-damage|p1a: Dunsparce|101/312\n|\n|upkeep\n|turn|10\n|inactive|Time left: 300 sec this turn | 300 sec total\n|\n|t:|1783553716\n|move|p1a: Dunsparce|Roost|p1a: Dunsparce\n|-heal|p1a: Dunsparce|257/312\n|move|p2a: Glastrier|Icicle Crash|p1a: Dunsparce\n|-damage|p1a: Dunsparce|152/312\n|\n|upkeep\n|turn|11\n|inactive|Time left: 300 sec this turn | 300 sec total\n|\n|t:|1783553717\n|move|p1a: Dunsparce|Body Slam|p2a: Glastrier\n|-damage|p2a: Glastrier|33/100\n|-status|p2a: Glastrier|par\n|move|p2a: Glastrier|Heavy Slam|p1a: Dunsparce\n|-damage|p1a: Dunsparce|62/312\n|\n|upkeep\n|turn|12\n|inactive|Time left: 300 sec this turn | 300 sec total\n|\n|t:|1783553718\n|move|p1a: Dunsparce|Roost|p1a: Dunsparce\n|-heal|p1a: Dunsparce|218/312\n|move|p2a: Glastrier|Icicle Crash|p1a: Dunsparce\n|-damage|p1a: Dunsparce|110/312\n|\n|upkeep\n|turn|13\n|inactive|Time left: 300 sec this turn | 300 sec total\n|\n|t:|1783553719\n|move|p1a: Dunsparce|Roost|p1a: Dunsparce\n|-heal|p1a: Dunsparce|266/312\n|move|p2a: Glastrier|Icicle Crash|p1a: Dunsparce|[miss]\n|-miss|p2a: Glastrier|p1a: Dunsparce\n|\n|upkeep\n|turn|14\n|inactive|Time left: 300 sec this turn | 300 sec total\n|\n|t:|1783553720\n|move|p1a: Dunsparce|Body Slam|p2a: Glastrier\n|-damage|p2a: Glastrier|0 fnt\n|faint|p2a: Glastrier\n|\n|upkeep\n|\n|t:|1783553721\n|switch|p2a: Enamorus|Enamorus, L79, F|100/100\n|turn|15\n|inactive|Time left: 300 sec this turn | 300 sec total\n|\n|t:|1783553722\n|move|p2a: Enamorus|Substitute|p2a: Enamorus\n|-start|p2a: Enamorus|Substitute\n|-damage|p2a: Enamorus|76/100\n|move|p1a: Dunsparce|Body Slam|p2a: Enamorus\n|-end|p2a: Enamorus|Substitute\n|\n|-heal|p2a: Enamorus|82/100|[from] item: Leftovers\n|upkeep\n|turn|16\n|inactive|Time left: 300 sec this turn | 300 sec total\n|\n|t:|1783553724\n|move|p2a: Enamorus|Substitute|p2a: Enamorus\n|-start|p2a: Enamorus|Substitute\n|-damage|p2a: Enamorus|57/100\n|move|p1a: Dunsparce|Body Slam|p2a: Enamorus\n|-end|p2a: Enamorus|Substitute\n|\n|-heal|p2a: Enamorus|63/100|[from] item: Leftovers\n|upkeep\n|turn|17\n|inactive|Time left: 300 sec this turn | 300 sec total\n|\n|t:|1783553725\n|move|p2a: Enamorus|Substitute|p2a: Enamorus\n|-start|p2a: Enamorus|Substitute\n|-damage|p2a: Enamorus|39/100\n|move|p1a: Dunsparce|Body Slam|p2a: Enamorus\n|-end|p2a: Enamorus|Substitute\n|\n|-heal|p2a: Enamorus|45/100|[from] item: Leftovers\n|upkeep\n|turn|18\n|inactive|Time left: 300 sec this turn | 300 sec total\n|\n|t:|1783553726\n|move|p2a: Enamorus|Substitute|p2a: Enamorus\n|-start|p2a: Enamorus|Substitute\n|-damage|p2a: Enamorus|20/100\n|move|p1a: Dunsparce|Body Slam|p2a: Enamorus\n|-end|p2a: Enamorus|Substitute\n|\n|-heal|p2a: Enamorus|26/100|[from] item: Leftovers\n|upkeep\n|turn|19\n|inactive|Time left: 300 sec this turn | 300 sec total\n|\n|t:|1783553727\n|move|p2a: Enamorus|Substitute|p2a: Enamorus\n|-start|p2a: Enamorus|Substitute\n|-damage|p2a: Enamorus|1/100\n|move|p1a: Dunsparce|Body Slam|p2a: Enamorus\n|-end|p2a: Enamorus|Substitute\n|\n|-heal|p2a: Enamorus|7/100|[from] item: Leftovers\n|upkeep\n|turn|20\n|inactive|Time left: 300 sec this turn | 300 sec total\n|\n|t:|1783553728\n|move|p2a: Enamorus|Moonblast|p1a: Dunsparce\n|-damage|p1a: Dunsparce|172/312\n|move|p1a: Dunsparce|Body Slam|p2a: Enamorus\n|-damage|p2a: Enamorus|0 fnt\n|faint|p2a: Enamorus\n|\n|upkeep\n|\n|t:|1783553729\n|switch|p2a: Slaking|Slaking, L84, F|82/100\n|turn|21\n|inactive|Time left: 300 sec this turn | 300 sec total\n|\n|t:|1783553730\n|move|p2a: Slaking|Knock Off|p1a: Dunsparce\n|-supereffective|p1a: Dunsparce\n|-damage|p1a: Dunsparce|58/312\n|-enditem|p1a: Dunsparce|Eviolite|[from] move: Knock Off|[of] p2a: Slaking\n|move|p1a: Dunsparce|Roost|p1a: Dunsparce\n|-heal|p1a: Dunsparce|214/312\n|\n|upkeep\n|turn|22\n|inactive|Time left: 300 sec this turn | 300 sec total\n|\n|t:|1783553731\n|cant|p2a: Slaking|ability: Truant\n|move|p1a: Dunsparce|Body Slam|p2a: Slaking\n|-damage|p2a: Slaking|47/100\n|\n|upkeep\n|turn|23\n|inactive|Time left: 300 sec this turn | 300 sec total\n|\n|t:|1783553732\n|move|p2a: Slaking|Knock Off|p1a: Dunsparce\n|-supereffective|p1a: Dunsparce\n|-damage|p1a: Dunsparce|88/312\n|move|p1a: Dunsparce|Roost|p1a: Dunsparce\n|-heal|p1a: Dunsparce|244/312\n|\n|upkeep\n|turn|24\n|inactive|Time left: 300 sec this turn | 300 sec total\n|\n|t:|1783553733\n|cant|p2a: Slaking|ability: Truant\n|move|p1a: Dunsparce|Body Slam|p2a: Slaking\n|-damage|p2a: Slaking|9/100\n|-status|p2a: Slaking|par\n|\n|upkeep\n|turn|25\n|inactive|Time left: 300 sec this turn | 300 sec total\n|\n|t:|1783553734\n|move|p1a: Dunsparce|Earthquake|p2a: Slaking\n|-damage|p2a: Slaking|0 fnt\n|faint|p2a: Slaking\n|\n|upkeep\n|\n|t:|1783553734\n|switch|p2a: Bellibolt|Bellibolt, L84, F|100/100\n|turn|26\n|inactive|Time left: 300 sec this turn | 300 sec total\n|\n|t:|1783553735\n|move|p1a: Dunsparce|Earthquake|p2a: Bellibolt\n|-supereffective|p2a: Bellibolt\n|-damage|p2a: Bellibolt|31/100\n|-start|p2a: Bellibolt|Charge|Earthquake|[from] ability: Electromorphosis\n|move|p2a: Bellibolt|Thunderbolt|p1a: Dunsparce\n|-damage|p1a: Dunsparce|18/312\n|-end|p2a: Bellibolt|Charge|[silent]\n|\n|-heal|p2a: Bellibolt|37/100|[from] item: Leftovers\n|upkeep\n|turn|27\n|inactive|Time left: 300 sec this turn | 300 sec total\n|\n|t:|1783553737\n|move|p1a: Dunsparce|Body Slam|p2a: Bellibolt\n|-damage|p2a: Bellibolt|0 fnt\n|faint|p2a: Bellibolt\n|\n|upkeep\n|\n|t:|1783553738\n|switch|p2a: Cetitan|Cetitan, L82, M|100/100\n|turn|28\n|inactive|Time left: 300 sec this turn | 300 sec total\n|\n|t:|1783553739\n|move|p2a: Cetitan|Belly Drum|p2a: Cetitan\n|-damage|p2a: Cetitan|50/100\n|-setboost|p2a: Cetitan|atk|6|[from] move: Belly Drum\n|-enditem|p2a: Cetitan|Sitrus Berry|[eat]\n|-heal|p2a: Cetitan|75/100|[from] item: Sitrus Berry\n|move|p1a: Dunsparce|Body Slam|p2a: Cetitan\n|-damage|p2a: Cetitan|33/100\n|-status|p2a: Cetitan|par\n|\n|upkeep\n|turn|29\n|inactive|Time left: 300 sec this turn | 300 sec total\n|\n|t:|1783553739\n|-terastallize|p2a: Cetitan|Ice\n|move|p2a: Cetitan|Ice Shard|p1a: Dunsparce\n|-damage|p1a: Dunsparce|0 fnt\n|faint|p1a: Dunsparce\n|\n|upkeep\n|inactive|Time left: 300 sec this turn | 300 sec total | 5 sec grace\n|\n|t:|1783553740\n|switch|p1a: Greninja|Greninja, L80, M|246/246\n|turn|30\n|inactive|Time left: 300 sec this turn | 300 sec total\n|\n|t:|1783553741\n|move|p1a: Greninja|Dark Pulse|p2a: Cetitan\n|-start|p1a: Greninja|typechange|Dark|[from] ability: Protean\n|-damage|p2a: Cetitan|0 fnt\n|faint|p2a: Cetitan\n|-damage|p1a: Greninja|222/246|[from] item: Life Orb\n|\n|win|p0x1184ff91", "uploadtime": 1783553741, "views": 0, "rating": 0, "private": 0, "password": null, "_winner": "p0x1184ff91", "_our_name": "p0x1184ff91"}