{"id": "battle-gen9randombattle-864", "formatid": "gen9randombattle", "format": "[Gen 9] Random Battle", "players": ["p0x864cc75", "p0y8641584"], "log": "|init|battle\n|title|p0x864cc75 vs. p0y8641584\n|j|\u2606p0x864cc75\n|j|\u2606p0y8641584\n|t:|1783549925\n|gametype|singles\n|player|p1|p0x864cc75|2|\n|player|p2|p0y8641584|266|\n|gen|9\n|tier|[Gen 9] Random Battle\n|rule|Species Clause: Limit one of each Pok\u00e9mon\n|rule|HP Percentage Mod: HP is shown in percentages\n|rule|Sleep Clause Mod: Limit one foe put to sleep\n|rule|Illusion Level Mod: Illusion disguises the Pok\u00e9mon's true level\n|\n|t:|1783549925\n|teamsize|p1|6\n|teamsize|p2|6\n|start\n|switch|p1a: Clawitzer|Clawitzer, L87, F|265/265\n|switch|p2a: Banette|Banette, L93, F|100/100\n|turn|1\n|inactive|Battle timer is ON: inactive players will automatically lose when time's up. (requested by p0x864cc75)\n|inactive|p0y8641584 also wants the timer to be on.\n|\n|t:|1783549927\n|move|p2a: Banette|Poltergeist|p1a: Clawitzer\n|-activate|p1a: Clawitzer|move: Poltergeist|Choice Specs\n|-damage|p1a: Clawitzer|49/265\n|-damage|p2a: Banette|90/100|[from] item: Life Orb\n|move|p1a: Clawitzer|Dark Pulse|p2a: Banette\n|-supereffective|p2a: Banette\n|-damage|p2a: Banette|0 fnt\n|faint|p2a: Banette\n|\n|upkeep\n|\n|t:|1783549928\n|switch|p2a: Mismagius|Mismagius, L86, M|100/100\n|turn|2\n|inactive|Time left: 300 sec this turn | 300 sec total\n|\n|t:|1783549929\n|switch|p1a: Oinkologne|Oinkologne, L92, M|352/352\n|move|p2a: Mismagius|Shadow Ball|p1a: Oinkologne\n|-immune|p1a: Oinkologne\n|\n|upkeep\n|turn|3\n|inactive|Time left: 300 sec this turn | 300 sec total\n|\n|t:|1783549930\n|move|p2a: Mismagius|Shadow Ball|p1a: Oinkologne\n|-immune|p1a: Oinkologne\n|move|p1a: Oinkologne|Lash Out|p2a: Mismagius\n|-supereffective|p2a: Mismagius\n|-damage|p2a: Mismagius|38/100\n|\n|upkeep\n|turn|4\n|inactive|Time left: 300 sec this turn | 300 sec total\n|\n|t:|1783549930\n|switch|p2a: Ariados|Ariados, L95, M|100/100\n|move|p1a: Oinkologne|Lash Out|p2a: Ariados\n|-damage|p2a: Ariados|78/100\n|\n|upkeep\n|turn|5\n|inactive|Time left: 300 sec this turn | 300 sec total\n|\n|t:|1783549931\n|move|p1a: Oinkologne|Body Slam|p2a: Ariados\n|-damage|p2a: Ariados|38/100\n|-status|p2a: Ariados|par\n|move|p2a: Ariados|Sticky Web|p1a: Oinkologne\n|-sidestart|p1: p0x864cc75|move: Sticky Web\n|\n|upkeep\n|turn|6\n|inactive|Time left: 300 sec this turn | 300 sec total\n|\n|t:|1783549932\n|move|p1a: Oinkologne|Body Slam|p2a: Ariados\n|-damage|p2a: Ariados|0 fnt\n|faint|p2a: Ariados\n|\n|upkeep\n|\n|t:|1783549933\n|switch|p2a: Wyrdeer|Wyrdeer, L87, F|100/100\n|-ability|p2a: Wyrdeer|Intimidate|boost\n|-unboost|p1a: Oinkologne|atk|1\n|turn|7\n|inactive|Time left: 300 sec this turn | 300 sec total\n|\n|t:|1783549934\n|move|p1a: Oinkologne|Body Slam|p2a: Wyrdeer\n|-damage|p2a: Wyrdeer|76/100\n|move|p2a: Wyrdeer|Body Slam|p1a: Oinkologne\n|-damage|p1a: Oinkologne|250/352\n|\n|-heal|p1a: Oinkologne|272/352|[from] item: Leftovers\n|upkeep\n|turn|8\n|inactive|Time left: 300 sec this turn | 300 sec total\n|\n|t:|1783549935\n|move|p1a: Oinkologne|Body Slam|p2a: Wyrdeer\n|-damage|p2a: Wyrdeer|49/100\n|move|p2a: Wyrdeer|Body Slam|p1a: Oinkologne\n|-crit|p1a: Oinkologne\n|-damage|p1a: Oinkologne|106/352\n|-status|p1a: Oinkologne|par\n|\n|-heal|p1a: Oinkologne|128/352 par|[from] item: Leftovers\n|upkeep\n|turn|9\n|inactive|Time left: 300 sec this turn | 300 sec total\n|\n|t:|1783549936\n|move|p2a: Wyrdeer|Psychic Noise|p1a: Oinkologne\n|-damage|p1a: Oinkologne|41/352 par\n|-start|p1a: Oinkologne|move: Heal Block\n|move|p1a: Oinkologne|Lash Out|p2a: Wyrdeer\n|-supereffective|p2a: Wyrdeer\n|-damage|p2a: Wyrdeer|17/100\n|\n|upkeep\n|turn|10\n|inactive|Time left: 300 sec this turn | 300 sec total\n|\n|t:|1783549937\n|move|p2a: Wyrdeer|Body Slam|p1a: Oinkologne\n|-damage|p1a: Oinkologne|0 fnt\n|faint|p1a: Oinkologne\n|\n|upkeep\n|inactive|Time left: 300 sec this turn | 300 sec total | 5 sec grace\n|\n|t:|1783549938\n|switch|p1a: Terapagos|Terapagos, L77, M|265/265\n|-activate|p1a: Terapagos|ability: Tera Shift\n|detailschange|p1a: Terapagos|Terapagos-Terastal, L77, M\n|-heal|p1a: Terapagos|273/273|[silent]\n|turn|11\n|inactive|Time left: 300 sec this turn | 300 sec total\n|\n|t:|1783549939\n|switch|p2a: Mismagius|Mismagius, L86, M|38/100\n|move|p1a: Terapagos|Rapid Spin|p2a: Mismagius\n|-immune|p2a: Mismagius\n|\n|upkeep\n|turn|12\n|inactive|Time left: 300 sec this turn | 300 sec total\n|\n|t:|1783549940\n|move|p2a: Mismagius|Thunderbolt|p1a: Terapagos\n|-activate|p1a: Terapagos|ability: Tera Shell\n|-resisted|p1a: Terapagos\n|-damage|p1a: Terapagos|226/273\n|move|p1a: Terapagos|Calm Mind|p1a: Terapagos\n|-boost|p1a: Terapagos|spa|1\n|-boost|p1a: Terapagos|spd|1\n|\n|upkeep\n|turn|13\n|inactive|Time left: 300 sec this turn | 300 sec total\n|\n|t:|1783549942\n|move|p2a: Mismagius|Thunderbolt|p1a: Terapagos\n|-damage|p1a: Terapagos|158/273\n|move|p1a: Terapagos|Calm Mind|p1a: Terapagos\n|-boost|p1a: Terapagos|spa|1\n|-boost|p1a: Terapagos|spd|1\n|\n|upkeep\n|turn|14\n|inactive|Time left: 300 sec this turn | 300 sec total\n|\n|t:|1783549943\n|move|p2a: Mismagius|Thunderbolt|p1a: Terapagos\n|-damage|p1a: Terapagos|105/273\n|move|p1a: Terapagos|Calm Mind|p1a: Terapagos\n|-boost|p1a: Terapagos|spa|1\n|-boost|p1a: Terapagos|spd|1\n|\n|upkeep\n|turn|15\n|inactive|Time left: 300 sec this turn | 300 sec total\n|\n|t:|1783549944\n|move|p2a: Mismagius|Thunderbolt|p1a: Terapagos\n|-damage|p1a: Terapagos|68/273\n|move|p1a: Terapagos|Rapid Spin|p2a: Mismagius\n|-immune|p2a: Mismagius\n|\n|upkeep\n|turn|16\n|inactive|Time left: 300 sec this turn | 300 sec total\n|\n|t:|1783549945\n|move|p2a: Mismagius|Thunderbolt|p1a: Terapagos\n|-damage|p1a: Terapagos|32/273\n|-status|p1a: Terapagos|par\n|move|p1a: Terapagos|Rapid Spin|p2a: Mismagius\n|-immune|p2a: Mismagius\n|\n|upkeep\n|turn|17\n|inactive|Time left: 300 sec this turn | 300 sec total\n|\n|t:|1783549946\n|move|p2a: Mismagius|Thunderbolt|p1a: Terapagos\n|-damage|p1a: Terapagos|0 fnt\n|faint|p1a: Terapagos\n|\n|upkeep\n|inactive|Time left: 300 sec this turn | 300 sec total | 5 sec grace\n|\n|t:|1783549947\n|switch|p1a: Dragapult|Dragapult, L77, F|262/262\n|turn|18\n|inactive|Time left: 300 sec this turn | 300 sec total\n|\n|t:|1783549948\n|switch|p2a: Toedscruel|Toedscruel, L87, F|100/100\n|move|p1a: Dragapult|Dragon Darts|p2a: Toedscruel\n|-damage|p2a: Toedscruel|77/100\n|-anim|p1a: Dragapult|Dragon Darts|p2a: Toedscruel\n|-damage|p2a: Toedscruel|53/100\n|\n|-heal|p2a: Toedscruel|59/100|[from] item: Leftovers\n|upkeep\n|turn|19\n|inactive|Time left: 300 sec this turn | 300 sec total\n|\n|t:|1783549950\n|move|p1a: Dragapult|Dragon Darts|p2a: Toedscruel\n|-damage|p2a: Toedscruel|38/100\n|-anim|p1a: Dragapult|Dragon Darts|p2a: Toedscruel\n|-damage|p2a: Toedscruel|14/100\n|move|p2a: Toedscruel|Spore|p1a: Dragapult\n|-status|p1a: Dragapult|slp|[from] move: Spore\n|\n|-heal|p2a: Toedscruel|20/100|[from] item: Leftovers\n|upkeep\n|turn|20\n|inactive|Time left: 300 sec this turn | 300 sec total\n|\n|t:|1783549951\n|cant|p1a: Dragapult|slp\n|move|p2a: Toedscruel|Earth Power|p1a: Dragapult\n|-damage|p1a: Dragapult|151/262 slp\n|-start|p2a: Toedscruel|Disable|Earth Power|[from] ability: Cursed Body|[of] p1a: Dragapult\n|\n|-heal|p2a: Toedscruel|26/100|[from] item: Leftovers\n|upkeep\n|turn|21\n|inactive|Time left: 300 sec this turn | 300 sec total\n|\n|t:|1783549952\n|cant|p1a: Dragapult|slp\n|move|p2a: Toedscruel|Giga Drain|p1a: Dragapult\n|-resisted|p1a: Dragapult\n|-damage|p1a: Dragapult|109/262 slp\n|-heal|p2a: Toedscruel|34/100|[from] drain|[of] p1a: Dragapult\n|\n|-heal|p2a: Toedscruel|40/100|[from] item: Leftovers\n|upkeep\n|turn|22\n|inactive|Time left: 300 sec this turn | 300 sec total\n|\n|t:|1783549953\n|switch|p2a: Wyrdeer|Wyrdeer, L87, F|17/100\n|-ability|p2a: Wyrdeer|Intimidate|boost\n|-unboost|p1a: Dragapult|atk|1\n|-curestatus|p1a: Dragapult|slp|[msg]\n|move|p1a: Dragapult|Dragon Darts|p2a: Wyrdeer\n|-damage|p2a: Wyrdeer|5/100\n|-anim|p1a: Dragapult|Dragon Darts|p2a: Wyrdeer\n|-damage|p2a: Wyrdeer|0 fnt\n|faint|p2a: Wyrdeer\n|\n|upkeep\n|\n|t:|1783549954\n|switch|p2a: Toedscruel|Toedscruel, L87, F|40/100\n|turn|23\n|inactive|Time left: 300 sec this turn | 300 sec total\n|\n|t:|1783549955\n|-terastallize|p1a: Dragapult|Dragon\n|move|p1a: Dragapult|Dragon Darts|p2a: Toedscruel\n|-damage|p2a: Toedscruel|18/100\n|-anim|p1a: Dragapult|Dragon Darts|p2a: Toedscruel\n|-damage|p2a: Toedscruel|0 fnt\n|faint|p2a: Toedscruel\n|\n|upkeep\n|\n|t:|1783549957\n|switch|p2a: Victreebel|Victreebel, L90, M|100/100\n|turn|24\n|inactive|Time left: 300 sec this turn | 300 sec total\n|\n|t:|1783549958\n|move|p1a: Dragapult|Will-O-Wisp|p2a: Victreebel\n|-status|p2a: Victreebel|brn\n|move|p2a: Victreebel|Sludge Wave|p1a: Dragapult\n|-damage|p1a: Dragapult|0 fnt\n|-start|p2a: Victreebel|Disable|Sludge Wave|[from] ability: Cursed Body|[of] p1a: Dragapult\n|faint|p1a: Dragapult\n|-damage|p2a: Victreebel|90/100 brn|[from] item: Life Orb\n|\n|-damage|p2a: Victreebel|84/100 brn|[from] brn\n|upkeep\n|inactive|Time left: 300 sec this turn | 300 sec total | 5 sec grace\n|\n|t:|1783549959\n|switch|p1a: Dusknoir|Dusknoir, L89, F|225/225\n|-activate|p1a: Dusknoir|move: Sticky Web\n|-unboost|p1a: Dusknoir|spe|1\n|-item|p2a: Victreebel|Life Orb|[from] ability: Frisk|[of] p1a: Dusknoir\n|turn|25\n|inactive|Time left: 300 sec this turn | 300 sec total\n|\n|t:|1783549960\n|move|p2a: Victreebel|Sunny Day|p2a: Victreebel\n|-weather|SunnyDay\n|move|p1a: Dusknoir|Poltergeist|p2a: Victreebel|[miss]\n|-miss|p1a: Dusknoir|p2a: Victreebel\n|\n|-weather|SunnyDay|[upkeep]\n|-damage|p2a: Victreebel|78/100 brn|[from] brn\n|upkeep\n|turn|26\n|inactive|Time left: 300 sec this turn | 300 sec total\n|\n|t:|1783549961\n|move|p2a: Victreebel|Weather Ball|p1a: Dusknoir\n|-damage|p1a: Dusknoir|104/225\n|-damage|p2a: Victreebel|68/100 brn|[from] item: Life Orb\n|move|p1a: Dusknoir|Poltergeist|p2a: Victreebel\n|-activate|p2a: Victreebel|move: Poltergeist|Life Orb\n|-damage|p2a: Victreebel|12/100 brn\n|\n|-weather|SunnyDay|[upkeep]\n|-heal|p1a: Dusknoir|118/225|[from] item: Leftovers\n|-damage|p2a: Victreebel|6/100 brn|[from] brn\n|upkeep\n|turn|27\n|inactive|Time left: 300 sec this turn | 300 sec total\n|\n|t:|1783549962\n|switch|p1a: Regirock|Regirock, L83|268/268\n|-activate|p1a: Regirock|move: Sticky Web\n|-fail|p1a: Regirock|unboost|[from] ability: Clear Body|[of] p1a: Regirock\n|move|p2a: Victreebel|Weather Ball|p1a: Regirock\n|-resisted|p1a: Regirock\n|-damage|p1a: Regirock|193/268\n|-damage|p2a: Victreebel|0 fnt|[from] item: Life Orb\n|faint|p2a: Victreebel\n|\n|-weather|SunnyDay|[upkeep]\n|-heal|p1a: Regirock|209/268|[from] item: Leftovers\n|upkeep\n|\n|t:|1783549963\n|switch|p2a: Mismagius|Mismagius, L86, M|38/100\n|turn|28\n|inactive|Time left: 300 sec this turn | 300 sec total\n|\n|t:|1783549963\n|-terastallize|p2a: Mismagius|Ghost\n|move|p2a: Mismagius|Shadow Ball|p1a: Regirock\n|-damage|p1a: Regirock|25/268\n|move|p1a: Regirock|Stone Edge|p2a: Mismagius\n|-damage|p2a: Mismagius|0 fnt\n|faint|p2a: Mismagius\n|\n|win|p0x864cc75", "uploadtime": 1783549963, "views": 0, "rating": 0, "private": 0, "password": null, "_winner": "p0x864cc75", "_our_name": "p0x864cc75"}