{"id": "battle-gen9randombattle-1435", "formatid": "gen9randombattle", "format": "[Gen 9] Random Battle", "players": ["p0x143570cc", "p0y14356de5"], "log": "|init|battle\n|title|p0x143570cc vs. p0y14356de5\n|j|\u2606p0x143570cc\n|j|\u2606p0y14356de5\n|t:|1783556720\n|gametype|singles\n|player|p1|p0x143570cc|170|\n|player|p2|p0y14356de5|170|\n|gen|9\n|tier|[Gen 9] Random Battle\n|rule|Species Clause: Limit one of each Pok\u00e9mon\n|rule|HP Percentage Mod: HP is shown in percentages\n|rule|Sleep Clause Mod: Limit one foe put to sleep\n|rule|Illusion Level Mod: Illusion disguises the Pok\u00e9mon's true level\n|\n|t:|1783556720\n|teamsize|p1|6\n|teamsize|p2|6\n|start\n|switch|p1a: Dudunsparce|Dudunsparce-Three-Segment, L83, M|343/343\n|switch|p2a: Blaziken|Blaziken, L76, M|100/100\n|turn|1\n|inactive|Battle timer is ON: inactive players will automatically lose when time's up. (requested by p0x143570cc)\n|inactive|p0y14356de5 also wants the timer to be on.\n|\n|t:|1783556722\n|move|p2a: Blaziken|Swords Dance|p2a: Blaziken\n|-boost|p2a: Blaziken|atk|2\n|move|p1a: Dudunsparce|Boomburst|p2a: Blaziken\n|-damage|p2a: Blaziken|35/100\n|\n|-ability|p2a: Blaziken|Speed Boost|boost\n|-boost|p2a: Blaziken|spe|1\n|upkeep\n|turn|2\n|inactive|Time left: 300 sec this turn | 300 sec total\n|\n|t:|1783556723\n|-terastallize|p1a: Dudunsparce|Ghost\n|move|p2a: Blaziken|Flare Blitz|p1a: Dudunsparce\n|-damage|p1a: Dudunsparce|0 fnt\n|faint|p1a: Dudunsparce\n|-damage|p2a: Blaziken|0 fnt|[from] Recoil\n|faint|p2a: Blaziken\n|\n|upkeep\n|inactive|Time left: 300 sec this turn | 300 sec total | 5 sec grace\n|\n|t:|1783556724\n|switch|p2a: Avalugg|Avalugg, L88, F|100/100\n|switch|p1a: Porygon2|Porygon2, L81|270/270\n|-ability|p1a: Porygon2|Download|boost\n|-boost|p1a: Porygon2|spa|1\n|turn|3\n|inactive|Time left: 300 sec this turn | 300 sec total\n|\n|t:|1783556725\n|move|p1a: Porygon2|Tera Blast|p2a: Avalugg\n|-damage|p2a: Avalugg|40/100\n|move|p2a: Avalugg|Rapid Spin|p1a: Porygon2\n|-damage|p1a: Porygon2|238/270\n|-boost|p2a: Avalugg|spe|1\n|\n|upkeep\n|turn|4\n|inactive|Time left: 300 sec this turn | 300 sec total\n|\n|t:|1783556726\n|move|p2a: Avalugg|Recover|p2a: Avalugg\n|-heal|p2a: Avalugg|90/100\n|move|p1a: Porygon2|Tera Blast|p2a: Avalugg\n|-damage|p2a: Avalugg|34/100\n|\n|upkeep\n|turn|5\n|inactive|Time left: 300 sec this turn | 300 sec total\n|\n|t:|1783556727\n|move|p2a: Avalugg|Recover|p2a: Avalugg\n|-heal|p2a: Avalugg|84/100\n|move|p1a: Porygon2|Tera Blast|p2a: Avalugg\n|-damage|p2a: Avalugg|23/100\n|\n|upkeep\n|turn|6\n|inactive|Time left: 300 sec this turn | 300 sec total\n|\n|t:|1783556728\n|move|p2a: Avalugg|Recover|p2a: Avalugg\n|-heal|p2a: Avalugg|73/100\n|move|p1a: Porygon2|Tera Blast|p2a: Avalugg\n|-damage|p2a: Avalugg|10/100\n|\n|upkeep\n|turn|7\n|inactive|Time left: 300 sec this turn | 300 sec total\n|\n|t:|1783556728\n|move|p2a: Avalugg|Body Press|p1a: Porygon2\n|-supereffective|p1a: Porygon2\n|-damage|p1a: Porygon2|86/270\n|move|p1a: Porygon2|Tera Blast|p2a: Avalugg\n|-damage|p2a: Avalugg|0 fnt\n|faint|p2a: Avalugg\n|\n|upkeep\n|\n|t:|1783556729\n|switch|p2a: Noctowl|Noctowl, L95, M|100/100\n|turn|8\n|inactive|Time left: 300 sec this turn | 300 sec total\n|\n|t:|1783556730\n|move|p2a: Noctowl|Hurricane|p1a: Porygon2\n|-damage|p1a: Porygon2|0 fnt\n|faint|p1a: Porygon2\n|\n|upkeep\n|inactive|Time left: 300 sec this turn | 300 sec total | 5 sec grace\n|\n|t:|1783556731\n|switch|p1a: Ampharos|Ampharos, L88, F|302/302\n|turn|9\n|inactive|Time left: 300 sec this turn | 300 sec total\n|\n|t:|1783556732\n|move|p2a: Noctowl|Calm Mind|p2a: Noctowl\n|-boost|p2a: Noctowl|spa|1\n|-boost|p2a: Noctowl|spd|1\n|move|p1a: Ampharos|Thunderbolt|p2a: Noctowl\n|-supereffective|p2a: Noctowl\n|-damage|p2a: Noctowl|62/100\n|\n|upkeep\n|turn|10\n|inactive|Time left: 300 sec this turn | 300 sec total\n|\n|t:|1783556733\n|move|p2a: Noctowl|Roost|p2a: Noctowl\n|-heal|p2a: Noctowl|100/100\n|-singleturn|p2a: Noctowl|move: Roost\n|move|p1a: Ampharos|Dragon Tail|p2a: Noctowl\n|-damage|p2a: Noctowl|84/100\n|drag|p2a: Ting-Lu|Ting-Lu, L78|100/100\n|-ability|p2a: Ting-Lu|Vessel of Ruin\n|\n|upkeep\n|turn|11\n|inactive|Time left: 300 sec this turn | 300 sec total\n|\n|t:|1783556734\n|switch|p1a: Hydrapple|Hydrapple, L83, M|312/312\n|move|p2a: Ting-Lu|Earthquake|p1a: Hydrapple\n|-resisted|p1a: Hydrapple\n|-damage|p1a: Hydrapple|272/312\n|\n|upkeep\n|turn|12\n|inactive|Time left: 300 sec this turn | 300 sec total\n|\n|t:|1783556735\n|move|p1a: Hydrapple|Fickle Beam|p2a: Ting-Lu|[anim] Fickle Beam All Out\n|-activate|p1a: Hydrapple|move: Fickle Beam\n|-damage|p2a: Ting-Lu|52/100\n|move|p2a: Ting-Lu|Stealth Rock|p1a: Hydrapple\n|-sidestart|p1: p0x143570cc|move: Stealth Rock\n|\n|-heal|p2a: Ting-Lu|59/100|[from] item: Leftovers\n|upkeep\n|turn|13\n|inactive|Time left: 300 sec this turn | 300 sec total\n|\n|t:|1783556736\n|switch|p2a: Noctowl|Noctowl, L95, M|84/100\n|move|p1a: Hydrapple|Giga Drain|p2a: Noctowl\n|-resisted|p2a: Noctowl\n|-damage|p2a: Noctowl|74/100\n|-heal|p1a: Hydrapple|290/312|[from] drain|[of] p2a: Noctowl\n|\n|upkeep\n|turn|14\n|inactive|Time left: 300 sec this turn | 300 sec total\n|\n|t:|1783556738\n|move|p2a: Noctowl|Hurricane|p1a: Hydrapple\n|-supereffective|p1a: Hydrapple\n|-damage|p1a: Hydrapple|92/312\n|move|p1a: Hydrapple|Dragon Tail|p2a: Noctowl\n|-damage|p2a: Noctowl|51/100\n|drag|p2a: Gogoat|Gogoat, L88, F|100/100\n|\n|upkeep\n|turn|15\n|inactive|Time left: 300 sec this turn | 300 sec total\n|\n|t:|1783556739\n|move|p2a: Gogoat|Bulk Up|p2a: Gogoat\n|-boost|p2a: Gogoat|atk|1\n|-boost|p2a: Gogoat|def|1\n|move|p1a: Hydrapple|Fickle Beam|p2a: Gogoat|[anim] Fickle Beam All Out\n|-activate|p1a: Hydrapple|move: Fickle Beam\n|-damage|p2a: Gogoat|45/100\n|\n|-heal|p2a: Gogoat|51/100|[from] item: Leftovers\n|upkeep\n|turn|16\n|inactive|Time left: 300 sec this turn | 300 sec total\n|\n|t:|1783556740\n|move|p2a: Gogoat|Milk Drink|p2a: Gogoat\n|-heal|p2a: Gogoat|100/100\n|move|p1a: Hydrapple|Dragon Tail|p2a: Gogoat\n|-damage|p2a: Gogoat|87/100\n|drag|p2a: Ting-Lu|Ting-Lu, L78|59/100\n|-ability|p2a: Ting-Lu|Vessel of Ruin\n|\n|-heal|p2a: Ting-Lu|65/100|[from] item: Leftovers\n|upkeep\n|turn|17\n|inactive|Time left: 300 sec this turn | 300 sec total\n|\n|t:|1783556741\n|switch|p2a: Gogoat|Gogoat, L88, F|87/100\n|move|p1a: Hydrapple|Giga Drain|p2a: Gogoat\n|-ability|p2a: Gogoat|Sap Sipper|boost\n|-boost|p2a: Gogoat|atk|1\n|\n|-heal|p2a: Gogoat|93/100|[from] item: Leftovers\n|upkeep\n|turn|18\n|inactive|Time left: 300 sec this turn | 300 sec total\n|\n|t:|1783556742\n|move|p2a: Gogoat|Earthquake|p1a: Hydrapple\n|-resisted|p1a: Hydrapple\n|-damage|p1a: Hydrapple|39/312\n|move|p1a: Hydrapple|Dragon Tail|p2a: Gogoat\n|-damage|p2a: Gogoat|75/100\n|drag|p2a: Ting-Lu|Ting-Lu, L78|65/100\n|-ability|p2a: Ting-Lu|Vessel of Ruin\n|\n|-heal|p2a: Ting-Lu|71/100|[from] item: Leftovers\n|upkeep\n|turn|19\n|inactive|Time left: 300 sec this turn | 300 sec total\n|\n|t:|1783556743\n|switch|p2a: Gogoat|Gogoat, L88, F|75/100\n|move|p1a: Hydrapple|Giga Drain|p2a: Gogoat\n|-ability|p2a: Gogoat|Sap Sipper|boost\n|-boost|p2a: Gogoat|atk|1\n|\n|-heal|p2a: Gogoat|81/100|[from] item: Leftovers\n|upkeep\n|turn|20\n|inactive|Time left: 300 sec this turn | 300 sec total\n|\n|t:|1783556744\n|move|p2a: Gogoat|Earthquake|p1a: Hydrapple\n|-resisted|p1a: Hydrapple\n|-crit|p1a: Hydrapple\n|-damage|p1a: Hydrapple|0 fnt\n|faint|p1a: Hydrapple\n|\n|-heal|p2a: Gogoat|87/100|[from] item: Leftovers\n|upkeep\n|inactive|Time left: 300 sec this turn | 300 sec total | 5 sec grace\n|\n|t:|1783556745\n|switch|p1a: Cinderace|Cinderace, L77, F|250/250\n|turn|21\n|inactive|Time left: 300 sec this turn | 300 sec total\n|\n|t:|1783556746\n|-terastallize|p2a: Gogoat|Water\n|move|p1a: Cinderace|Will-O-Wisp|p2a: Gogoat\n|-status|p2a: Gogoat|brn\n|move|p2a: Gogoat|Earthquake|p1a: Cinderace\n|-supereffective|p1a: Cinderace\n|-damage|p1a: Cinderace|115/250\n|\n|-heal|p2a: Gogoat|93/100 brn|[from] item: Leftovers\n|-damage|p2a: Gogoat|87/100 brn|[from] brn\n|upkeep\n|turn|22\n|inactive|Time left: 300 sec this turn | 300 sec total\n|\n|t:|1783556747\n|move|p1a: Cinderace|Court Change|p1a: Cinderace\n|-start|p1a: Cinderace|typechange|Normal|[from] ability: Libero\n|-swapsideconditions\n|-activate|p1a: Cinderace|move: Court Change\n|move|p2a: Gogoat|Horn Leech|p1a: Cinderace\n|-damage|p1a: Cinderace|34/250\n|-heal|p2a: Gogoat|98/100 brn|[from] drain|[of] p1a: Cinderace\n|\n|-heal|p2a: Gogoat|100/100 brn|[from] item: Leftovers\n|-damage|p2a: Gogoat|94/100 brn|[from] brn\n|upkeep\n|turn|23\n|inactive|Time left: 300 sec this turn | 300 sec total\n|\n|t:|1783556748\n|move|p1a: Cinderace|U-turn|p2a: Gogoat\n|-damage|p2a: Gogoat|79/100 brn\n|inactive|Time left: 300 sec this turn | 300 sec total | 5 sec grace\n|\n|t:|1783556749\n|switch|p1a: Ampharos|Ampharos, L88, F|302/302|[from] U-turn\n|move|p2a: Gogoat|Earthquake|p1a: Ampharos\n|-supereffective|p1a: Ampharos\n|-damage|p1a: Ampharos|181/302\n|\n|-heal|p2a: Gogoat|85/100 brn|[from] item: Leftovers\n|-damage|p2a: Gogoat|79/100 brn|[from] brn\n|upkeep\n|turn|24\n|inactive|Time left: 300 sec this turn | 300 sec total\n|\n|t:|1783556750\n|move|p2a: Gogoat|Earthquake|p1a: Ampharos\n|-supereffective|p1a: Ampharos\n|-damage|p1a: Ampharos|57/302\n|move|p1a: Ampharos|Thunderbolt|p2a: Gogoat\n|-supereffective|p2a: Gogoat\n|-damage|p2a: Gogoat|14/100 brn\n|\n|-heal|p2a: Gogoat|20/100 brn|[from] item: Leftovers\n|-damage|p2a: Gogoat|14/100 brn|[from] brn\n|upkeep\n|turn|25\n|inactive|Time left: 300 sec this turn | 300 sec total\n|\n|t:|1783556751\n|switch|p1a: Camerupt|Camerupt, L91, F|275/275\n|move|p2a: Gogoat|Horn Leech|p1a: Camerupt\n|-damage|p1a: Camerupt|195/275\n|-heal|p2a: Gogoat|25/100 brn|[from] drain|[of] p1a: Camerupt\n|\n|-heal|p2a: Gogoat|31/100 brn|[from] item: Leftovers\n|-heal|p1a: Camerupt|212/275|[from] item: Leftovers\n|-damage|p2a: Gogoat|25/100 brn|[from] brn\n|upkeep\n|turn|26\n|inactive|Time left: 300 sec this turn | 300 sec total\n|\n|t:|1783556752\n|move|p2a: Gogoat|Earthquake|p1a: Camerupt\n|-supereffective|p1a: Camerupt\n|-damage|p1a: Camerupt|118/275\n|move|p1a: Camerupt|Earthquake|p2a: Gogoat\n|-damage|p2a: Gogoat|0 fnt\n|faint|p2a: Gogoat\n|\n|-heal|p1a: Camerupt|135/275|[from] item: Leftovers\n|upkeep\n|\n|t:|1783556753\n|switch|p2a: Noctowl|Noctowl, L95, M|51/100\n|turn|27\n|inactive|Time left: 300 sec this turn | 300 sec total\n|\n|t:|1783556754\n|move|p2a: Noctowl|Hurricane|p1a: Camerupt|[miss]\n|-miss|p2a: Noctowl|p1a: Camerupt\n|move|p1a: Camerupt|Overheat|p2a: Noctowl\n|-damage|p2a: Noctowl|8/100\n|-unboost|p1a: Camerupt|spa|2\n|\n|-heal|p1a: Camerupt|152/275|[from] item: Leftovers\n|upkeep\n|turn|28\n|inactive|Time left: 300 sec this turn | 300 sec total\n|\n|t:|1783556755\n|move|p2a: Noctowl|Roost|p2a: Noctowl\n|-heal|p2a: Noctowl|58/100\n|-singleturn|p2a: Noctowl|move: Roost\n|move|p1a: Camerupt|Overheat|p2a: Noctowl\n|-damage|p2a: Noctowl|36/100\n|-unboost|p1a: Camerupt|spa|2\n|\n|-heal|p1a: Camerupt|169/275|[from] item: Leftovers\n|upkeep\n|turn|29\n|inactive|Time left: 300 sec this turn | 300 sec total\n|\n|t:|1783556756\n|switch|p1a: Cinderace|Cinderace, L77, F|34/250\n|move|p2a: Noctowl|Roost|p2a: Noctowl\n|-heal|p2a: Noctowl|86/100\n|-singleturn|p2a: Noctowl|move: Roost\n|\n|upkeep\n|turn|30\n|inactive|Time left: 300 sec this turn | 300 sec total\n|\n|t:|1783556757\n|move|p1a: Cinderace|Pyro Ball|p2a: Noctowl|[miss]\n|-miss|p1a: Cinderace|p2a: Noctowl\n|move|p2a: Noctowl|Hyper Voice|p1a: Cinderace\n|-damage|p1a: Cinderace|0 fnt\n|faint|p1a: Cinderace\n|\n|upkeep\n|inactive|Time left: 300 sec this turn | 300 sec total | 5 sec grace\n|\n|t:|1783556758\n|switch|p1a: Camerupt|Camerupt, L91, F|169/275\n|turn|31\n|inactive|Time left: 300 sec this turn | 300 sec total\n|\n|t:|1783556760\n|move|p2a: Noctowl|Hyper Voice|p1a: Camerupt\n|-damage|p1a: Camerupt|43/275\n|move|p1a: Camerupt|Roar|p2a: Noctowl\n|drag|p2a: Terapagos|Terapagos, L77, F|100/100\n|-activate|p2a: Terapagos|ability: Tera Shift\n|detailschange|p2a: Terapagos|Terapagos-Terastal, L77, F\n|-heal|p2a: Terapagos|100/100|[silent]\n|-damage|p2a: Terapagos|88/100|[from] Stealth Rock\n|\n|-heal|p1a: Camerupt|60/275|[from] item: Leftovers\n|upkeep\n|turn|32\n|inactive|Time left: 300 sec this turn | 300 sec total\n|\n|t:|1783556761\n|move|p2a: Terapagos|Earth Power|p1a: Camerupt\n|-supereffective|p1a: Camerupt\n|-damage|p1a: Camerupt|0 fnt\n|faint|p1a: Camerupt\n|\n|upkeep\n|inactive|Time left: 300 sec this turn | 300 sec total | 5 sec grace\n|\n|t:|1783556761\n|switch|p1a: Ampharos|Ampharos, L88, F|57/302\n|turn|33\n|inactive|Time left: 300 sec this turn | 300 sec total\n|\n|t:|1783556762\n|move|p2a: Terapagos|Tera Starstorm|p1a: Ampharos\n|-damage|p1a: Ampharos|0 fnt\n|faint|p1a: Ampharos\n|\n|win|p0y14356de5", "uploadtime": 1783556762, "views": 0, "rating": 0, "private": 0, "password": null, "_winner": "p0y14356de5", "_our_name": "p0x143570cc"}