{"id": "battle-gen9randombattle-2203", "formatid": "gen9randombattle", "format": "[Gen 9] Random Battle", "players": ["p0x2203b726", "p0y2203c556"], "log": "|init|battle\n|title|p0x2203b726 vs. p0y2203c556\n|j|\u2606p0x2203b726\n|j|\u2606p0y2203c556\n|t:|1783564604\n|gametype|singles\n|player|p1|p0x2203b726|265|\n|player|p2|p0y2203c556|266|\n|gen|9\n|tier|[Gen 9] Random Battle\n|rule|Species Clause: Limit one of each Pok\u00e9mon\n|rule|HP Percentage Mod: HP is shown in percentages\n|rule|Sleep Clause Mod: Limit one foe put to sleep\n|rule|Illusion Level Mod: Illusion disguises the Pok\u00e9mon's true level\n|\n|t:|1783564605\n|teamsize|p1|6\n|teamsize|p2|6\n|start\n|switch|p1a: Wigglytuff|Wigglytuff, L96, M|100/100\n|switch|p2a: Magearna|Magearna, L77|250/250\n|turn|1\n|inactive|Battle timer is ON: inactive players will automatically lose when time's up. (requested by p0y2203c556)\n|\n|t:|1783564606\n|switch|p1a: Cinderace|Cinderace, L77, F|100/100\n|move|p2a: Magearna|Shift Gear|p2a: Magearna\n|-boost|p2a: Magearna|spe|2\n|-boost|p2a: Magearna|atk|1\n|\n|upkeep\n|turn|2\n|inactive|Time left: 300 sec this turn | 300 sec total\n|inactive|p0x2203b726 also wants the timer to be on.\n|\n|t:|1783564607\n|move|p2a: Magearna|Calm Mind|p2a: Magearna\n|-boost|p2a: Magearna|spa|1\n|-boost|p2a: Magearna|spd|1\n|move|p1a: Cinderace|Pyro Ball|p2a: Magearna\n|-supereffective|p2a: Magearna\n|-damage|p2a: Magearna|0 fnt\n|faint|p2a: Magearna\n|\n|upkeep\n|inactive|Time left: 300 sec this turn | 300 sec total | 5 sec grace\n|\n|t:|1783564608\n|switch|p2a: Blaziken|Blaziken, L76, F|247/247\n|turn|3\n|inactive|Time left: 300 sec this turn | 300 sec total\n|\n|t:|1783564609\n|move|p1a: Cinderace|Pyro Ball|p2a: Blaziken\n|-resisted|p2a: Blaziken\n|-damage|p2a: Blaziken|127/247\n|move|p2a: Blaziken|Swords Dance|p2a: Blaziken\n|-boost|p2a: Blaziken|atk|2\n|\n|-ability|p2a: Blaziken|Speed Boost|boost\n|-boost|p2a: Blaziken|spe|1\n|upkeep\n|turn|4\n|inactive|Time left: 300 sec this turn | 300 sec total\n|\n|t:|1783564610\n|switch|p1a: Masquerain|Masquerain, L87, M|100/100\n|-ability|p1a: Masquerain|Intimidate|boost\n|-unboost|p2a: Blaziken|atk|1\n|move|p2a: Blaziken|Close Combat|p1a: Masquerain\n|-resisted|p1a: Masquerain\n|-damage|p1a: Masquerain|71/100\n|-unboost|p2a: Blaziken|def|1\n|-unboost|p2a: Blaziken|spd|1\n|-damage|p2a: Blaziken|103/247|[from] item: Life Orb\n|\n|-ability|p2a: Blaziken|Speed Boost|boost\n|-boost|p2a: Blaziken|spe|1\n|upkeep\n|turn|5\n|inactive|Time left: 300 sec this turn | 300 sec total\n|\n|t:|1783564611\n|move|p2a: Blaziken|Flare Blitz|p1a: Masquerain\n|-supereffective|p1a: Masquerain\n|-damage|p1a: Masquerain|0 fnt\n|faint|p1a: Masquerain\n|-damage|p2a: Blaziken|42/247|[from] Recoil\n|-damage|p2a: Blaziken|18/247|[from] item: Life Orb\n|\n|-ability|p2a: Blaziken|Speed Boost|boost\n|-boost|p2a: Blaziken|spe|1\n|upkeep\n|\n|t:|1783564612\n|switch|p1a: Bellibolt|Bellibolt, L84, F|100/100\n|turn|6\n|inactive|Time left: 300 sec this turn | 300 sec total\n|\n|t:|1783564613\n|move|p2a: Blaziken|Protect|p2a: Blaziken\n|-singleturn|p2a: Blaziken|Protect\n|move|p1a: Bellibolt|Slack Off||[still]\n|-fail|p1a: Bellibolt|heal\n|\n|-ability|p2a: Blaziken|Speed Boost|boost\n|-boost|p2a: Blaziken|spe|1\n|upkeep\n|turn|7\n|inactive|Time left: 300 sec this turn | 300 sec total\n|\n|t:|1783564614\n|move|p2a: Blaziken|Close Combat|p1a: Bellibolt\n|-damage|p1a: Bellibolt|26/100\n|-unboost|p2a: Blaziken|def|1\n|-unboost|p2a: Blaziken|spd|1\n|-start|p1a: Bellibolt|Charge|Close Combat|[from] ability: Electromorphosis\n|-damage|p2a: Blaziken|0 fnt|[from] item: Life Orb\n|faint|p2a: Blaziken\n|move|p1a: Bellibolt|Muddy Water|p2: Blaziken|[notarget]\n|-fail|p1a: Bellibolt\n|\n|-heal|p1a: Bellibolt|32/100|[from] item: Leftovers\n|upkeep\n|inactive|Time left: 300 sec this turn | 300 sec total | 5 sec grace\n|\n|t:|1783564615\n|switch|p2a: Regidrago|Regidrago, L77|435/435\n|turn|8\n|inactive|Time left: 300 sec this turn | 300 sec total\n|\n|t:|1783564616\n|switch|p1a: Wigglytuff|Wigglytuff, L96, M|100/100\n|move|p2a: Regidrago|Outrage|p1a: Wigglytuff\n|-immune|p1a: Wigglytuff\n|\n|upkeep\n|turn|9\n|inactive|Time left: 300 sec this turn | 300 sec total\n|\n|t:|1783564617\n|move|p2a: Regidrago|Dragon Dance|p2a: Regidrago\n|-boost|p2a: Regidrago|atk|1\n|-boost|p2a: Regidrago|spe|1\n|move|p1a: Wigglytuff|Alluring Voice|p2a: Regidrago\n|-supereffective|p2a: Regidrago\n|-damage|p2a: Regidrago|115/435\n|-start|p2a: Regidrago|confusion\n|-enditem|p2a: Regidrago|Lum Berry|[eat]\n|-end|p2a: Regidrago|confusion\n|\n|upkeep\n|turn|10\n|inactive|Time left: 300 sec this turn | 300 sec total\n|\n|t:|1783564618\n|move|p2a: Regidrago|Earthquake|p1a: Wigglytuff\n|-damage|p1a: Wigglytuff|70/100\n|move|p1a: Wigglytuff|Alluring Voice|p2a: Regidrago\n|-supereffective|p2a: Regidrago\n|-damage|p2a: Regidrago|0 fnt\n|faint|p2a: Regidrago\n|\n|-heal|p1a: Wigglytuff|76/100|[from] item: Leftovers\n|upkeep\n|inactive|Time left: 300 sec this turn | 300 sec total | 5 sec grace\n|\n|t:|1783564619\n|switch|p2a: Oricorio|Oricorio, L84, M|263/263\n|turn|11\n|inactive|Time left: 300 sec this turn | 300 sec total\n|\n|t:|1783564620\n|move|p2a: Oricorio|Quiver Dance|p2a: Oricorio\n|-boost|p2a: Oricorio|spa|1\n|-boost|p2a: Oricorio|spd|1\n|-boost|p2a: Oricorio|spe|1\n|move|p1a: Wigglytuff|Knock Off|p2a: Oricorio\n|-damage|p2a: Oricorio|180/263\n|-enditem|p2a: Oricorio|Heavy-Duty Boots|[from] move: Knock Off|[of] p1a: Wigglytuff\n|\n|-heal|p1a: Wigglytuff|82/100|[from] item: Leftovers\n|upkeep\n|turn|12\n|inactive|Time left: 300 sec this turn | 300 sec total\n|\n|t:|1783564621\n|move|p2a: Oricorio|Quiver Dance|p2a: Oricorio\n|-boost|p2a: Oricorio|spa|1\n|-boost|p2a: Oricorio|spd|1\n|-boost|p2a: Oricorio|spe|1\n|move|p1a: Wigglytuff|Wish|p1a: Wigglytuff\n|\n|-heal|p1a: Wigglytuff|88/100|[from] item: Leftovers\n|upkeep\n|turn|13\n|inactive|Time left: 300 sec this turn | 300 sec total\n|\n|t:|1783564622\n|switch|p1a: Bellibolt|Bellibolt, L84, F|32/100\n|move|p2a: Oricorio|Quiver Dance|p2a: Oricorio\n|-boost|p2a: Oricorio|spa|1\n|-boost|p2a: Oricorio|spd|1\n|-boost|p2a: Oricorio|spe|1\n|\n|-heal|p1a: Bellibolt|98/100|[from] move: Wish|[wisher] Wigglytuff\n|-heal|p1a: Bellibolt|100/100|[from] item: Leftovers\n|upkeep\n|turn|14\n|inactive|Time left: 300 sec this turn | 300 sec total\n|\n|t:|1783564623\n|switch|p1a: Kilowattrel|Kilowattrel, L83, F|100/100\n|move|p2a: Oricorio|Revelation Dance|p1a: Kilowattrel\n|-damage|p1a: Kilowattrel|0 fnt\n|faint|p1a: Kilowattrel\n|\n|upkeep\n|\n|t:|1783564623\n|switch|p1a: Bellibolt|Bellibolt, L84, F|100/100\n|turn|15\n|inactive|Time left: 300 sec this turn | 300 sec total\n|\n|t:|1783564624\n|switch|p1a: Wigglytuff|Wigglytuff, L96, M|88/100\n|-terastallize|p2a: Oricorio|Ground\n|move|p2a: Oricorio|Revelation Dance|p1a: Wigglytuff\n|-damage|p1a: Wigglytuff|9/100\n|\n|-heal|p1a: Wigglytuff|16/100|[from] item: Leftovers\n|upkeep\n|turn|16\n|inactive|Time left: 300 sec this turn | 300 sec total\n|\n|t:|1783564625\n|move|p1a: Wigglytuff|Protect|p1a: Wigglytuff\n|-singleturn|p1a: Wigglytuff|Protect\n|move|p2a: Oricorio|Revelation Dance|p1a: Wigglytuff\n|-activate|p1a: Wigglytuff|move: Protect\n|\n|-heal|p1a: Wigglytuff|22/100|[from] item: Leftovers\n|upkeep\n|turn|17\n|inactive|Time left: 300 sec this turn | 300 sec total\n|\n|t:|1783564626\n|move|p1a: Wigglytuff|Protect|p1a: Wigglytuff\n|-singleturn|p1a: Wigglytuff|Protect\n|move|p2a: Oricorio|Revelation Dance|p1a: Wigglytuff\n|-activate|p1a: Wigglytuff|move: Protect\n|\n|-heal|p1a: Wigglytuff|28/100|[from] item: Leftovers\n|upkeep\n|turn|18\n|inactive|Time left: 300 sec this turn | 300 sec total\n|\n|t:|1783564627\n|move|p1a: Wigglytuff|Protect||[still]\n|-fail|p1a: Wigglytuff\n|move|p2a: Oricorio|Revelation Dance|p1a: Wigglytuff\n|-damage|p1a: Wigglytuff|0 fnt\n|faint|p1a: Wigglytuff\n|\n|upkeep\n|\n|t:|1783564628\n|switch|p1a: Vileplume|Vileplume, L85, F|100/100\n|turn|19\n|inactive|Time left: 300 sec this turn | 300 sec total\n|\n|t:|1783564629\n|move|p2a: Oricorio|Hurricane|p1a: Vileplume|[miss]\n|-miss|p2a: Oricorio|p1a: Vileplume\n|move|p1a: Vileplume|Sleep Powder|p2a: Oricorio\n|-status|p2a: Oricorio|slp|[from] move: Sleep Powder\n|\n|upkeep\n|turn|20\n|inactive|Time left: 300 sec this turn | 300 sec total\n|\n|t:|1783564631\n|switch|p1a: Cinderace|Cinderace, L77, F|100/100\n|cant|p2a: Oricorio|slp\n|\n|upkeep\n|turn|21\n|inactive|Time left: 300 sec this turn | 300 sec total\n|\n|t:|1783564632\n|cant|p2a: Oricorio|slp\n|move|p1a: Cinderace|Pyro Ball|p2a: Oricorio\n|-damage|p2a: Oricorio|0 fnt\n|faint|p2a: Oricorio\n|\n|upkeep\n|inactive|Time left: 300 sec this turn | 300 sec total | 5 sec grace\n|\n|t:|1783564632\n|switch|p2a: Basculegion|Basculegion-F, L83, F|335/335\n|turn|22\n|inactive|Time left: 300 sec this turn | 300 sec total\n|\n|t:|1783564633\n|switch|p1a: Vileplume|Vileplume, L85, F|100/100\n|move|p2a: Basculegion|Shadow Ball|p1a: Vileplume\n|-damage|p1a: Vileplume|58/100\n|-unboost|p1a: Vileplume|spd|1\n|\n|-heal|p1a: Vileplume|64/100|[from] item: Leftovers\n|upkeep\n|turn|23\n|inactive|Time left: 300 sec this turn | 300 sec total\n|\n|t:|1783564634\n|switch|p1a: Bellibolt|Bellibolt, L84, F|100/100\n|move|p2a: Basculegion|Shadow Ball|p1a: Bellibolt\n|-damage|p1a: Bellibolt|65/100\n|-start|p1a: Bellibolt|Charge|Shadow Ball|[from] ability: Electromorphosis\n|\n|-heal|p1a: Bellibolt|71/100|[from] item: Leftovers\n|upkeep\n|turn|24\n|inactive|Time left: 300 sec this turn | 300 sec total\n|\n|t:|1783564636\n|move|p2a: Basculegion|Hydro Pump|p1a: Bellibolt|[miss]\n|-miss|p2a: Basculegion|p1a: Bellibolt\n|move|p1a: Bellibolt|Thunderbolt|p2a: Basculegion\n|-supereffective|p2a: Basculegion\n|-damage|p2a: Basculegion|39/335\n|-end|p1a: Bellibolt|Charge|[silent]\n|\n|-heal|p1a: Bellibolt|77/100|[from] item: Leftovers\n|upkeep\n|turn|25\n|inactive|Time left: 300 sec this turn | 300 sec total\n|\n|t:|1783564637\n|move|p2a: Basculegion|Hydro Pump|p1a: Bellibolt\n|-damage|p1a: Bellibolt|28/100\n|-start|p1a: Bellibolt|Charge|Hydro Pump|[from] ability: Electromorphosis\n|move|p1a: Bellibolt|Slack Off|p1a: Bellibolt\n|-heal|p1a: Bellibolt|78/100\n|\n|-heal|p1a: Bellibolt|84/100|[from] item: Leftovers\n|upkeep\n|turn|26\n|inactive|Time left: 300 sec this turn | 300 sec total\n|\n|t:|1783564638\n|-terastallize|p1a: Bellibolt|Electric\n|move|p2a: Basculegion|Hydro Pump|p1a: Bellibolt\n|-damage|p1a: Bellibolt|31/100\n|-start|p1a: Bellibolt|Charge|Hydro Pump|[from] ability: Electromorphosis\n|move|p1a: Bellibolt|Thunderbolt|p2a: Basculegion\n|-supereffective|p2a: Basculegion\n|-damage|p2a: Basculegion|0 fnt\n|faint|p2a: Basculegion\n|-end|p1a: Bellibolt|Charge|[silent]\n|\n|-heal|p1a: Bellibolt|37/100|[from] item: Leftovers\n|upkeep\n|inactive|Time left: 300 sec this turn | 300 sec total | 5 sec grace\n|\n|t:|1783564638\n|switch|p2a: Ribombee|Ribombee, L83, F|235/235\n|turn|27\n|inactive|Time left: 300 sec this turn | 300 sec total\n|\n|t:|1783564639\n|switch|p1a: Cinderace|Cinderace, L77, F|100/100\n|move|p2a: Ribombee|Bug Buzz|p1a: Cinderace\n|-resisted|p1a: Cinderace\n|-damage|p1a: Cinderace|76/100\n|\n|upkeep\n|turn|28\n|inactive|Time left: 300 sec this turn | 300 sec total\n|\n|t:|1783564640\n|move|p2a: Ribombee|Moonblast|p1a: Cinderace\n|-resisted|p1a: Cinderace\n|-damage|p1a: Cinderace|54/100\n|move|p1a: Cinderace|Pyro Ball|p2a: Ribombee\n|-supereffective|p2a: Ribombee\n|-damage|p2a: Ribombee|0 fnt\n|faint|p2a: Ribombee\n|\n|win|p0x2203b726", "uploadtime": 1783564640, "views": 0, "rating": 0, "private": 0, "password": null, "_winner": "p0x2203b726", "_our_name": "p0y2203c556"}