{"id": "battle-gen9randombattle-2268", "formatid": "gen9randombattle", "format": "[Gen 9] Random Battle", "players": ["p0x2268d728", "p0y2268ab43"], "log": "|init|battle\n|title|p0x2268d728 vs. p0y2268ab43\n|j|\u2606p0x2268d728\n|j|\u2606p0y2268ab43\n|t:|1783565346\n|gametype|singles\n|player|p1|p0x2268d728|169|\n|player|p2|p0y2268ab43|266|\n|gen|9\n|tier|[Gen 9] Random Battle\n|rule|Species Clause: Limit one of each Pok\u00e9mon\n|rule|HP Percentage Mod: HP is shown in percentages\n|rule|Sleep Clause Mod: Limit one foe put to sleep\n|rule|Illusion Level Mod: Illusion disguises the Pok\u00e9mon's true level\n|\n|t:|1783565346\n|teamsize|p1|6\n|teamsize|p2|6\n|start\n|switch|p1a: Victreebel|Victreebel, L90, M|100/100\n|switch|p2a: Smeargle|Smeargle, L95, M|258/258\n|turn|1\n|inactive|Battle timer is ON: inactive players will automatically lose when time's up. (requested by p0x2268d728)\n|inactive|Time left: 300 sec this turn | 300 sec total | 60 sec grace\n|inactive|p0y2268ab43 also wants the timer to be on.\n|\n|t:|1783565347\n|switch|p1a: Hatterene|Hatterene, L85, F|100/100\n|move|p2a: Smeargle|Population Bomb|p1a: Hatterene\n|-damage|p1a: Hatterene|94/100\n|-damage|p1a: Hatterene|87/100\n|-damage|p1a: Hatterene|81/100\n|-damage|p1a: Hatterene|75/100\n|-damage|p1a: Hatterene|68/100\n|-damage|p1a: Hatterene|62/100\n|-damage|p1a: Hatterene|55/100\n|-damage|p1a: Hatterene|48/100\n|-damage|p1a: Hatterene|42/100\n|-damage|p1a: Hatterene|35/100\n|-hitcount|p1a: Hatterene|10\n|\n|upkeep\n|turn|2\n|inactive|Time left: 300 sec this turn | 300 sec total\n|\n|t:|1783565348\n|move|p2a: Smeargle|Population Bomb|p1a: Hatterene\n|-damage|p1a: Hatterene|28/100\n|-damage|p1a: Hatterene|22/100\n|-damage|p1a: Hatterene|15/100\n|-damage|p1a: Hatterene|9/100\n|-damage|p1a: Hatterene|2/100\n|-damage|p1a: Hatterene|0 fnt\n|faint|p1a: Hatterene\n|-hitcount|p1: Hatterene|6\n|\n|upkeep\n|\n|t:|1783565349\n|switch|p1a: Victreebel|Victreebel, L90, M|100/100\n|turn|3\n|inactive|Time left: 300 sec this turn | 300 sec total\n|\n|t:|1783565350\n|switch|p2a: Regidrago|Regidrago, L77|435/435\n|move|p1a: Victreebel|Poison Jab|p2a: Regidrago\n|-damage|p2a: Regidrago|219/435\n|-status|p2a: Regidrago|psn\n|-damage|p1a: Victreebel|90/100|[from] item: Life Orb\n|\n|-damage|p2a: Regidrago|165/435 psn|[from] psn\n|upkeep\n|turn|4\n|inactive|Time left: 300 sec this turn | 300 sec total\n|\n|t:|1783565351\n|move|p2a: Regidrago|Outrage|p1a: Victreebel\n|-damage|p1a: Victreebel|27/100\n|move|p1a: Victreebel|Poison Jab|p2a: Regidrago\n|-damage|p2a: Regidrago|0 fnt\n|faint|p2a: Regidrago\n|-damage|p1a: Victreebel|17/100|[from] item: Life Orb\n|\n|upkeep\n|inactive|Time left: 300 sec this turn | 300 sec total | 5 sec grace\n|\n|t:|1783565352\n|switch|p2a: Slither Wing|Slither Wing, L81|270/270\n|turn|5\n|inactive|Time left: 300 sec this turn | 300 sec total\n|\n|t:|1783565354\n|switch|p1a: Suicune|Suicune, L82|100/100\n|-ability|p1a: Suicune|Pressure\n|move|p2a: Slither Wing|U-turn|p1a: Suicune\n|-damage|p1a: Suicune|66/100\n|-damage|p2a: Slither Wing|243/270|[from] item: Life Orb\n|inactive|Time left: 300 sec this turn | 300 sec total | 5 sec grace\n|\n|t:|1783565355\n|-end|p2a: Slither Wing|Protosynthesis|[silent]\n|switch|p2a: Smeargle|Smeargle, L95, M|258/258|[from] U-turn\n|\n|-heal|p1a: Suicune|72/100|[from] item: Leftovers\n|upkeep\n|turn|6\n|inactive|Time left: 300 sec this turn | 300 sec total\n|\n|t:|1783565356\n|move|p2a: Smeargle|Shell Smash|p2a: Smeargle\n|-unboost|p2a: Smeargle|def|1\n|-unboost|p2a: Smeargle|spd|1\n|-boost|p2a: Smeargle|atk|2\n|-boost|p2a: Smeargle|spa|2\n|-boost|p2a: Smeargle|spe|2\n|move|p1a: Suicune|Scald|p2a: Smeargle\n|-crit|p2a: Smeargle\n|-damage|p2a: Smeargle|0 fnt\n|faint|p2a: Smeargle\n|\n|-heal|p1a: Suicune|78/100|[from] item: Leftovers\n|upkeep\n|inactive|Time left: 300 sec this turn | 300 sec total | 5 sec grace\n|\n|t:|1783565357\n|switch|p2a: Ogerpon|Ogerpon-Cornerstone, L76, F|247/247\n|turn|7\n|inactive|Time left: 300 sec this turn | 300 sec total\n|\n|t:|1783565358\n|switch|p1a: Magnezone|Magnezone, L85|100/100\n|move|p2a: Ogerpon|Swords Dance|p2a: Ogerpon\n|-boost|p2a: Ogerpon|atk|2\n|\n|upkeep\n|turn|8\n|inactive|Time left: 300 sec this turn | 300 sec total\n|\n|t:|1783565359\n|move|p2a: Ogerpon|Superpower|p1a: Magnezone\n|-supereffective|p1a: Magnezone\n|-damage|p1a: Magnezone|0 fnt\n|-unboost|p2a: Ogerpon|atk|1\n|-unboost|p2a: Ogerpon|def|1\n|faint|p1a: Magnezone\n|\n|upkeep\n|\n|t:|1783565360\n|switch|p1a: Arbok|Arbok, L87, M|100/100\n|-ability|p1a: Arbok|Intimidate|boost\n|-unboost|p2a: Ogerpon|atk|1\n|turn|9\n|inactive|Time left: 300 sec this turn | 300 sec total\n|\n|t:|1783565361\n|move|p2a: Ogerpon|Ivy Cudgel|p1a: Arbok|[anim] Ivy Cudgel Rock\n|-damage|p1a: Arbok|44/100\n|move|p1a: Arbok|Gunk Shot|p2a: Ogerpon\n|-ability|p2a: Ogerpon|Sturdy\n|-damage|p2a: Ogerpon|1/247\n|-damage|p1a: Arbok|34/100|[from] item: Life Orb\n|\n|upkeep\n|turn|10\n|inactive|Time left: 300 sec this turn | 300 sec total\n|\n|t:|1783565362\n|move|p1a: Arbok|Sucker Punch|p2a: Ogerpon\n|-crit|p2a: Ogerpon\n|-damage|p2a: Ogerpon|0 fnt\n|faint|p2a: Ogerpon\n|-damage|p1a: Arbok|24/100|[from] item: Life Orb\n|\n|upkeep\n|inactive|Time left: 300 sec this turn | 300 sec total | 5 sec grace\n|\n|t:|1783565363\n|switch|p2a: Dusknoir|Dusknoir, L89, F|225/225\n|-item|p1a: Arbok|Life Orb|[from] ability: Frisk|[of] p2a: Dusknoir\n|turn|11\n|inactive|Time left: 300 sec this turn | 300 sec total\n|\n|t:|1783565364\n|switch|p1a: Suicune|Suicune, L82|78/100\n|-ability|p1a: Suicune|Pressure\n|move|p2a: Dusknoir|Earthquake|p1a: Suicune\n|-damage|p1a: Suicune|42/100\n|\n|-heal|p1a: Suicune|48/100|[from] item: Leftovers\n|upkeep\n|turn|12\n|inactive|Time left: 300 sec this turn | 300 sec total\n|\n|t:|1783565365\n|move|p1a: Suicune|Scald|p2a: Dusknoir\n|-damage|p2a: Dusknoir|176/225\n|move|p2a: Dusknoir|Earthquake|p1a: Suicune\n|-damage|p1a: Suicune|13/100\n|\n|-heal|p1a: Suicune|19/100|[from] item: Leftovers\n|upkeep\n|turn|13\n|inactive|Time left: 300 sec this turn | 300 sec total\n|\n|t:|1783565366\n|move|p1a: Suicune|Rest|p1a: Suicune\n|-status|p1a: Suicune|slp|[from] move: Rest\n|-heal|p1a: Suicune|100/100 slp|[silent]\n|move|p2a: Dusknoir|Earthquake|p1a: Suicune\n|-damage|p1a: Suicune|65/100 slp\n|\n|-heal|p1a: Suicune|71/100 slp|[from] item: Leftovers\n|upkeep\n|turn|14\n|inactive|Time left: 300 sec this turn | 300 sec total\n|\n|t:|1783565367\n|cant|p1a: Suicune|slp\n|move|p1a: Suicune|Sleep Talk|p1a: Suicune\n|move|p1a: Suicune|Calm Mind|p1a: Suicune|[from] move: Sleep Talk\n|-boost|p1a: Suicune|spa|1\n|-boost|p1a: Suicune|spd|1\n|move|p2a: Dusknoir|Earthquake|p1a: Suicune\n|-damage|p1a: Suicune|36/100 slp\n|\n|-heal|p1a: Suicune|42/100 slp|[from] item: Leftovers\n|upkeep\n|turn|15\n|inactive|Time left: 300 sec this turn | 300 sec total\n|\n|t:|1783565368\n|-terastallize|p2a: Dusknoir|Ground\n|cant|p1a: Suicune|slp\n|move|p1a: Suicune|Sleep Talk|p1a: Suicune\n|move|p1a: Suicune|Scald|p2a: Dusknoir|[from] move: Sleep Talk\n|-supereffective|p2a: Dusknoir\n|-damage|p2a: Dusknoir|14/225\n|move|p2a: Dusknoir|Earthquake|p1a: Suicune\n|-damage|p1a: Suicune|0 fnt\n|faint|p1a: Suicune\n|\n|upkeep\n|\n|t:|1783565369\n|switch|p1a: Victreebel|Victreebel, L90, M|17/100\n|turn|16\n|inactive|Time left: 300 sec this turn | 300 sec total\n|\n|t:|1783565370\n|move|p1a: Victreebel|Poison Jab|p2a: Dusknoir\n|-resisted|p2a: Dusknoir\n|-damage|p2a: Dusknoir|0 fnt\n|faint|p2a: Dusknoir\n|-damage|p1a: Victreebel|7/100|[from] item: Life Orb\n|\n|upkeep\n|inactive|Time left: 300 sec this turn | 300 sec total | 5 sec grace\n|\n|t:|1783565371\n|switch|p2a: Slither Wing|Slither Wing, L81|243/270\n|turn|17\n|inactive|Time left: 300 sec this turn | 300 sec total\n|\n|t:|1783565372\n|move|p2a: Slither Wing|U-turn|p1a: Victreebel\n|-damage|p1a: Victreebel|0 fnt\n|faint|p1a: Victreebel\n|-damage|p2a: Slither Wing|216/270|[from] item: Life Orb\n|inactive|Time left: 300 sec this turn | 300 sec total | 5 sec grace\n|\n|t:|1783565373\n|-end|p2a: Slither Wing|Protosynthesis|[silent]\n|switch|p2a: Luvdisc|Luvdisc, F|247/247|[from] U-turn\n|\n|upkeep\n|\n|t:|1783565374\n|switch|p1a: Electrode|Electrode, L92|100/100\n|turn|18\n|inactive|Time left: 300 sec this turn | 300 sec total\n|\n|t:|1783565375\n|switch|p2a: Slither Wing|Slither Wing, L81|216/270\n|move|p1a: Electrode|Thunderbolt|p2a: Slither Wing\n|-damage|p2a: Slither Wing|98/270\n|-damage|p1a: Electrode|90/100|[from] item: Life Orb\n|\n|upkeep\n|turn|19\n|inactive|Time left: 300 sec this turn | 300 sec total\n|\n|t:|1783565376\n|-terastallize|p1a: Electrode|Ice\n|move|p2a: Slither Wing|First Impression|p1a: Electrode\n|-damage|p1a: Electrode|29/100\n|-damage|p2a: Slither Wing|71/270|[from] item: Life Orb\n|move|p1a: Electrode|Thunderbolt|p2a: Slither Wing\n|-damage|p2a: Slither Wing|0 fnt\n|faint|p2a: Slither Wing\n|-end|p2a: Slither Wing|Protosynthesis|[silent]\n|-damage|p1a: Electrode|19/100|[from] item: Life Orb\n|\n|upkeep\n|inactive|Time left: 300 sec this turn | 300 sec total | 5 sec grace\n|\n|t:|1783565377\n|switch|p2a: Luvdisc|Luvdisc, F|247/247\n|turn|20\n|inactive|Time left: 300 sec this turn | 300 sec total\n|\n|t:|1783565378\n|move|p1a: Electrode|Thunderbolt|p2a: Luvdisc\n|-supereffective|p2a: Luvdisc\n|-damage|p2a: Luvdisc|0 fnt\n|faint|p2a: Luvdisc\n|-damage|p1a: Electrode|9/100|[from] item: Life Orb\n|\n|win|p0x2268d728", "uploadtime": 1783565378, "views": 0, "rating": 0, "private": 0, "password": null, "_winner": "p0x2268d728", "_our_name": "p0y2268ab43"}