{"id": "battle-gen9randombattle-1802", "formatid": "gen9randombattle", "format": "[Gen 9] Random Battle", "players": ["p0x18020727", "p0y18027b6d"], "log": "|init|battle\n|title|p0x18020727 vs. p0y18027b6d\n|j|\u2606p0x18020727\n|j|\u2606p0y18027b6d\n|t:|1783560888\n|gametype|singles\n|player|p1|p0x18020727|169|\n|player|p2|p0y18027b6d|101|\n|gen|9\n|tier|[Gen 9] Random Battle\n|rule|Species Clause: Limit one of each Pok\u00e9mon\n|rule|HP Percentage Mod: HP is shown in percentages\n|rule|Sleep Clause Mod: Limit one foe put to sleep\n|rule|Illusion Level Mod: Illusion disguises the Pok\u00e9mon's true level\n|\n|t:|1783560888\n|teamsize|p1|6\n|teamsize|p2|6\n|start\n|switch|p1a: Bombirdier|Bombirdier, L85, F|258/258\n|switch|p2a: Camerupt|Camerupt, L91, F|100/100\n|turn|1\n|inactive|Battle timer is ON: inactive players will automatically lose when time's up. (requested by p0x18020727)\n|inactive|p0y18027b6d also wants the timer to be on.\n|\n|t:|1783560890\n|move|p1a: Bombirdier|Knock Off|p2a: Camerupt\n|-damage|p2a: Camerupt|32/100\n|-enditem|p2a: Camerupt|Leftovers|[from] move: Knock Off|[of] p1a: Bombirdier\n|move|p2a: Camerupt|Will-O-Wisp|p1a: Bombirdier\n|-status|p1a: Bombirdier|brn\n|\n|-damage|p1a: Bombirdier|242/258 brn|[from] brn\n|upkeep\n|turn|2\n|inactive|Time left: 300 sec this turn | 300 sec total\n|\n|t:|1783560891\n|move|p1a: Bombirdier|Knock Off|p2a: Camerupt\n|-damage|p2a: Camerupt|11/100\n|move|p2a: Camerupt|Stealth Rock|p1a: Bombirdier\n|-sidestart|p1: p0x18020727|move: Stealth Rock\n|\n|-damage|p1a: Bombirdier|226/258 brn|[from] brn\n|upkeep\n|turn|3\n|inactive|Time left: 300 sec this turn | 300 sec total\n|\n|t:|1783560892\n|switch|p2a: Iron Jugulis|Iron Jugulis, L77|100/100\n|move|p1a: Bombirdier|Knock Off|p2a: Iron Jugulis\n|-resisted|p2a: Iron Jugulis\n|-damage|p2a: Iron Jugulis|85/100\n|-enditem|p2a: Iron Jugulis|Choice Specs|[from] move: Knock Off|[of] p1a: Bombirdier\n|\n|-damage|p1a: Bombirdier|210/258 brn|[from] brn\n|upkeep\n|turn|4\n|inactive|Time left: 300 sec this turn | 300 sec total\n|\n|t:|1783560893\n|move|p2a: Iron Jugulis|Dark Pulse|p1a: Bombirdier\n|-resisted|p1a: Bombirdier\n|-damage|p1a: Bombirdier|165/258 brn\n|move|p1a: Bombirdier|Knock Off|p2a: Iron Jugulis\n|-resisted|p2a: Iron Jugulis\n|-damage|p2a: Iron Jugulis|74/100\n|\n|-damage|p1a: Bombirdier|149/258 brn|[from] brn\n|upkeep\n|turn|5\n|inactive|Time left: 300 sec this turn | 300 sec total\n|\n|t:|1783560894\n|move|p2a: Iron Jugulis|Hurricane|p1a: Bombirdier|[miss]\n|-miss|p2a: Iron Jugulis|p1a: Bombirdier\n|move|p1a: Bombirdier|Knock Off|p2a: Iron Jugulis\n|-resisted|p2a: Iron Jugulis\n|-damage|p2a: Iron Jugulis|63/100\n|\n|-damage|p1a: Bombirdier|133/258 brn|[from] brn\n|upkeep\n|turn|6\n|inactive|Time left: 300 sec this turn | 300 sec total\n|\n|t:|1783560895\n|move|p2a: Iron Jugulis|Hurricane|p1a: Bombirdier\n|-damage|p1a: Bombirdier|10/258 brn\n|-start|p1a: Bombirdier|confusion\n|-activate|p1a: Bombirdier|confusion\n|move|p1a: Bombirdier|Knock Off|p2a: Iron Jugulis\n|-resisted|p2a: Iron Jugulis\n|-damage|p2a: Iron Jugulis|51/100\n|\n|-damage|p1a: Bombirdier|0 fnt|[from] brn\n|faint|p1a: Bombirdier\n|upkeep\n|inactive|Time left: 300 sec this turn | 300 sec total | 5 sec grace\n|\n|t:|1783560896\n|switch|p1a: Wugtrio|Wugtrio, L91, M|212/212\n|-damage|p1a: Wugtrio|186/212|[from] Stealth Rock\n|turn|7\n|inactive|Time left: 300 sec this turn | 300 sec total\n|\n|t:|1783560897\n|-end|p2a: Iron Jugulis|Quark Drive|[silent]\n|switch|p2a: Vaporeon|Vaporeon, L86, M|100/100\n|move|p1a: Wugtrio|Liquidation|p2a: Vaporeon\n|-immune|p2a: Vaporeon|[from] ability: Water Absorb\n|\n|upkeep\n|turn|8\n|inactive|Time left: 300 sec this turn | 300 sec total\n|\n|t:|1783560898\n|move|p1a: Wugtrio|Liquidation|p2a: Vaporeon\n|-immune|p2a: Vaporeon|[from] ability: Water Absorb\n|move|p2a: Vaporeon|Scald|p1a: Wugtrio\n|-resisted|p1a: Wugtrio\n|-damage|p1a: Wugtrio|132/212\n|\n|upkeep\n|turn|9\n|inactive|Time left: 300 sec this turn | 300 sec total\n|\n|t:|1783560899\n|move|p1a: Wugtrio|Liquidation|p2a: Vaporeon\n|-immune|p2a: Vaporeon|[from] ability: Water Absorb\n|move|p2a: Vaporeon|Scald|p1a: Wugtrio\n|-resisted|p1a: Wugtrio\n|-damage|p1a: Wugtrio|75/212\n|\n|upkeep\n|turn|10\n|inactive|Time left: 300 sec this turn | 300 sec total\n|\n|t:|1783560900\n|switch|p1a: Rotom|Rotom-Mow, L87|229/229\n|-damage|p1a: Rotom|201/229|[from] Stealth Rock\n|move|p2a: Vaporeon|Calm Mind|p2a: Vaporeon\n|-boost|p2a: Vaporeon|spa|1\n|-boost|p2a: Vaporeon|spd|1\n|\n|-heal|p1a: Rotom|215/229|[from] item: Leftovers\n|upkeep\n|turn|11\n|inactive|Time left: 300 sec this turn | 300 sec total\n|\n|t:|1783560901\n|move|p1a: Rotom|Nasty Plot|p1a: Rotom\n|-boost|p1a: Rotom|spa|2\n|move|p2a: Vaporeon|Scald|p1a: Rotom\n|-resisted|p1a: Rotom\n|-damage|p1a: Rotom|154/229\n|\n|-heal|p1a: Rotom|168/229|[from] item: Leftovers\n|upkeep\n|turn|12\n|inactive|Time left: 300 sec this turn | 300 sec total\n|\n|t:|1783560902\n|switch|p2a: Dipplin|Dipplin, L88, F|100/100\n|move|p1a: Rotom|Leaf Storm|p2a: Dipplin\n|-resisted|p2a: Dipplin\n|-damage|p2a: Dipplin|83/100\n|-unboost|p1a: Rotom|spa|2\n|\n|-heal|p1a: Rotom|182/229|[from] item: Leftovers\n|upkeep\n|turn|13\n|inactive|Time left: 300 sec this turn | 300 sec total\n|\n|t:|1783560903\n|move|p1a: Rotom|Nasty Plot|p1a: Rotom\n|-boost|p1a: Rotom|spa|2\n|move|p2a: Dipplin|Dragon Pulse|p1a: Rotom\n|-damage|p1a: Rotom|101/229\n|\n|-heal|p1a: Rotom|115/229|[from] item: Leftovers\n|upkeep\n|turn|14\n|inactive|Time left: 300 sec this turn | 300 sec total\n|\n|t:|1783560904\n|move|p1a: Rotom|Thunderbolt|p2a: Dipplin\n|-resisted|p2a: Dipplin\n|-crit|p2a: Dipplin\n|-damage|p2a: Dipplin|63/100\n|move|p2a: Dipplin|Dragon Pulse|p1a: Rotom\n|-damage|p1a: Rotom|36/229\n|\n|-heal|p1a: Rotom|50/229|[from] item: Leftovers\n|upkeep\n|turn|15\n|inactive|Time left: 300 sec this turn | 300 sec total\n|\n|t:|1783560905\n|move|p1a: Rotom|Thunderbolt|p2a: Dipplin\n|-resisted|p2a: Dipplin\n|-damage|p2a: Dipplin|49/100\n|move|p2a: Dipplin|Dragon Pulse|p1a: Rotom\n|-damage|p1a: Rotom|0 fnt\n|faint|p1a: Rotom\n|\n|upkeep\n|inactive|Time left: 300 sec this turn | 300 sec total | 5 sec grace\n|\n|t:|1783560906\n|switch|p1a: Coalossal|Coalossal, L89, F|341/341\n|turn|16\n|inactive|Time left: 300 sec this turn | 300 sec total\n|\n|t:|1783560907\n|move|p2a: Dipplin|Giga Drain|p1a: Coalossal\n|-damage|p1a: Coalossal|254/341\n|-heal|p2a: Dipplin|65/100|[from] drain|[of] p1a: Coalossal\n|move|p1a: Coalossal|Rapid Spin|p2a: Dipplin\n|-damage|p2a: Dipplin|58/100\n|-boost|p1a: Coalossal|spe|1\n|-sideend|p1: p0x18020727|Stealth Rock|[from] move: Rapid Spin|[of] p1a: Coalossal\n|\n|upkeep\n|turn|17\n|inactive|Time left: 300 sec this turn | 300 sec total\n|\n|t:|1783560908\n|move|p1a: Coalossal|Spikes|p2a: Dipplin\n|-sidestart|p2: p0y18027b6d|Spikes\n|move|p2a: Dipplin|Recover|p2a: Dipplin\n|-heal|p2a: Dipplin|100/100\n|\n|upkeep\n|turn|18\n|inactive|Time left: 300 sec this turn | 300 sec total\n|\n|t:|1783560909\n|move|p1a: Coalossal|Spikes|p2a: Dipplin\n|-sidestart|p2: p0y18027b6d|Spikes\n|move|p2a: Dipplin|Giga Drain|p1a: Coalossal\n|-damage|p1a: Coalossal|173/341\n|\n|upkeep\n|turn|19\n|inactive|Time left: 300 sec this turn | 300 sec total\n|\n|t:|1783560910\n|move|p1a: Coalossal|Spikes|p2a: Dipplin\n|-sidestart|p2: p0y18027b6d|Spikes\n|move|p2a: Dipplin|Dragon Pulse|p1a: Coalossal\n|-damage|p1a: Coalossal|89/341\n|\n|upkeep\n|turn|20\n|inactive|Time left: 300 sec this turn | 300 sec total\n|\n|t:|1783560912\n|switch|p1a: Ting-Lu|Ting-Lu, L78|370/370\n|-ability|p1a: Ting-Lu|Vessel of Ruin\n|move|p2a: Dipplin|Dragon Pulse|p1a: Ting-Lu\n|-damage|p1a: Ting-Lu|291/370\n|\n|-heal|p1a: Ting-Lu|314/370|[from] item: Leftovers\n|upkeep\n|turn|21\n|inactive|Time left: 300 sec this turn | 300 sec total\n|\n|t:|1783560913\n|move|p2a: Dipplin|Giga Drain|p1a: Ting-Lu\n|-supereffective|p1a: Ting-Lu\n|-damage|p1a: Ting-Lu|174/370\n|move|p1a: Ting-Lu|Earthquake|p2a: Dipplin\n|-resisted|p2a: Dipplin\n|-damage|p2a: Dipplin|91/100\n|\n|-heal|p1a: Ting-Lu|197/370|[from] item: Leftovers\n|upkeep\n|turn|22\n|inactive|Time left: 300 sec this turn | 300 sec total\n|\n|t:|1783560914\n|move|p2a: Dipplin|Giga Drain|p1a: Ting-Lu\n|-supereffective|p1a: Ting-Lu\n|-damage|p1a: Ting-Lu|51/370\n|-heal|p2a: Dipplin|100/100|[from] drain|[of] p1a: Ting-Lu\n|move|p1a: Ting-Lu|Payback|p2a: Dipplin\n|-damage|p2a: Dipplin|79/100\n|\n|-heal|p1a: Ting-Lu|74/370|[from] item: Leftovers\n|upkeep\n|turn|23\n|inactive|Time left: 300 sec this turn | 300 sec total\n|\n|t:|1783560915\n|switch|p1a: Dusknoir|Dusknoir, L89, M|225/225\n|-item|p2a: Dipplin|Eviolite|[from] ability: Frisk|[of] p1a: Dusknoir\n|move|p2a: Dipplin|Dragon Pulse|p1a: Dusknoir\n|-damage|p1a: Dusknoir|162/225\n|\n|upkeep\n|turn|24\n|inactive|Time left: 300 sec this turn | 300 sec total\n|\n|t:|1783560916\n|move|p1a: Dusknoir|Leech Life|p2a: Dipplin\n|-supereffective|p2a: Dipplin\n|-damage|p2a: Dipplin|43/100\n|-heal|p1a: Dusknoir|213/225|[from] drain|[of] p2a: Dipplin\n|move|p2a: Dipplin|Giga Drain|p1a: Dusknoir\n|-damage|p1a: Dusknoir|150/225\n|-heal|p2a: Dipplin|55/100|[from] drain|[of] p1a: Dusknoir\n|\n|upkeep\n|turn|25\n|inactive|Time left: 300 sec this turn | 300 sec total\n|\n|t:|1783560917\n|switch|p2a: Corviknight|Corviknight, L80, M|100/100\n|move|p1a: Dusknoir|Leech Life|p2a: Corviknight\n|-resisted|p2a: Corviknight\n|-damage|p2a: Corviknight|94/100\n|-heal|p1a: Dusknoir|160/225|[from] drain|[of] p2a: Corviknight\n|-damage|p1a: Dusknoir|123/225|[from] item: Rocky Helmet|[of] p2a: Corviknight\n|\n|upkeep\n|turn|26\n|inactive|Time left: 300 sec this turn | 300 sec total\n|\n|t:|1783560918\n|move|p2a: Corviknight|Defog|p1a: Dusknoir\n|-unboost|p1a: Dusknoir|evasion|1\n|-sideend|p2: p0y18027b6d|Spikes|[from] move: Defog|[of] p2a: Corviknight\n|move|p1a: Dusknoir|Leech Life|p2a: Corviknight\n|-resisted|p2a: Corviknight\n|-damage|p2a: Corviknight|87/100\n|-heal|p1a: Dusknoir|133/225|[from] drain|[of] p2a: Corviknight\n|-damage|p1a: Dusknoir|96/225|[from] item: Rocky Helmet|[of] p2a: Corviknight\n|\n|upkeep\n|turn|27\n|inactive|Time left: 300 sec this turn | 300 sec total\n|\n|t:|1783560919\n|switch|p1a: Coalossal|Coalossal, L89, F|89/341\n|move|p2a: Corviknight|Brave Bird|p1a: Coalossal\n|-resisted|p1a: Coalossal\n|-damage|p1a: Coalossal|47/341\n|-damage|p2a: Corviknight|82/100|[from] Recoil\n|\n|upkeep\n|turn|28\n|inactive|Time left: 300 sec this turn | 300 sec total\n|\n|t:|1783560920\n|move|p2a: Corviknight|Body Press|p1a: Coalossal\n|-supereffective|p1a: Coalossal\n|-damage|p1a: Coalossal|0 fnt\n|faint|p1a: Coalossal\n|\n|upkeep\n|inactive|Time left: 300 sec this turn | 300 sec total | 5 sec grace\n|\n|t:|1783560921\n|switch|p1a: Dusknoir|Dusknoir, L89, M|96/225\n|-item|p2a: Corviknight|Rocky Helmet|[from] ability: Frisk|[of] p1a: Dusknoir\n|turn|29\n|inactive|Time left: 300 sec this turn | 300 sec total\n|\n|t:|1783560922\n|move|p2a: Corviknight|Brave Bird|p1a: Dusknoir\n|-damage|p1a: Dusknoir|18/225\n|-damage|p2a: Corviknight|73/100|[from] Recoil\n|move|p1a: Dusknoir|Poltergeist|p2a: Corviknight\n|-activate|p2a: Corviknight|move: Poltergeist|Rocky Helmet\n|-damage|p2a: Corviknight|4/100\n|\n|upkeep\n|turn|30\n|inactive|Time left: 300 sec this turn | 300 sec total\n|\n|t:|1783560923\n|move|p2a: Corviknight|Brave Bird|p1a: Dusknoir\n|-damage|p1a: Dusknoir|0 fnt\n|faint|p1a: Dusknoir\n|-damage|p2a: Corviknight|2/100|[from] Recoil\n|\n|upkeep\n|inactive|Time left: 300 sec this turn | 300 sec total | 5 sec grace\n|\n|t:|1783560924\n|switch|p1a: Wugtrio|Wugtrio, L91, M|75/212\n|turn|31\n|inactive|Time left: 300 sec this turn | 300 sec total\n|\n|t:|1783560925\n|switch|p2a: Dipplin|Dipplin, L88, F|55/100\n|move|p1a: Wugtrio|Throat Chop|p2a: Dipplin\n|-damage|p2a: Dipplin|36/100\n|-start|p2a: Dipplin|Throat Chop|[silent]\n|\n|upkeep\n|turn|32\n|inactive|Time left: 300 sec this turn | 300 sec total\n|\n|t:|1783560926\n|move|p1a: Wugtrio|Throat Chop|p2a: Dipplin\n|-damage|p2a: Dipplin|15/100\n|move|p2a: Dipplin|Giga Drain|p1a: Wugtrio\n|-supereffective|p1a: Wugtrio\n|-damage|p1a: Wugtrio|0 fnt\n|-heal|p2a: Dipplin|29/100|[from] drain|[of] p1a: Wugtrio\n|faint|p1a: Wugtrio\n|\n|-end|p2a: Dipplin|Throat Chop|[silent]\n|upkeep\n|inactive|Time left: 300 sec this turn | 300 sec total | 5 sec grace\n|\n|t:|1783560927\n|switch|p1a: Ting-Lu|Ting-Lu, L78|74/370\n|-ability|p1a: Ting-Lu|Vessel of Ruin\n|turn|33\n|inactive|Time left: 300 sec this turn | 300 sec total\n|\n|t:|1783560928\n|switch|p2a: Iron Jugulis|Iron Jugulis, L77|51/100\n|-terastallize|p1a: Ting-Lu|Steel\n|move|p1a: Ting-Lu|Payback|p2a: Iron Jugulis\n|-resisted|p2a: Iron Jugulis\n|-damage|p2a: Iron Jugulis|40/100\n|\n|-heal|p1a: Ting-Lu|97/370|[from] item: Leftovers\n|upkeep\n|turn|34\n|inactive|Time left: 300 sec this turn | 300 sec total\n|\n|t:|1783560929\n|-terastallize|p2a: Iron Jugulis|Ground\n|move|p2a: Iron Jugulis|Earth Power|p1a: Ting-Lu\n|-supereffective|p1a: Ting-Lu\n|-damage|p1a: Ting-Lu|0 fnt\n|faint|p1a: Ting-Lu\n|\n|win|p0y18027b6d", "uploadtime": 1783560929, "views": 0, "rating": 0, "private": 0, "password": null, "_winner": "p0y18027b6d", "_our_name": "p0x18020727"}