{"id": "battle-gen9randombattle-1512", "formatid": "gen9randombattle", "format": "[Gen 9] Random Battle", "players": ["p0x151288c8", "p0y15129a81"], "log": "|init|battle\n|title|p0x151288c8 vs. p0y15129a81\n|j|\u2606p0x151288c8\n|j|\u2606p0y15129a81\n|t:|1783557606\n|gametype|singles\n|player|p1|p0x151288c8|266|\n|player|p2|p0y15129a81|170|\n|gen|9\n|tier|[Gen 9] Random Battle\n|rule|Species Clause: Limit one of each Pok\u00e9mon\n|rule|HP Percentage Mod: HP is shown in percentages\n|rule|Sleep Clause Mod: Limit one foe put to sleep\n|rule|Illusion Level Mod: Illusion disguises the Pok\u00e9mon's true level\n|\n|t:|1783557606\n|teamsize|p1|6\n|teamsize|p2|6\n|start\n|switch|p1a: Dragapult|Dragapult, L77, M|262/262\n|switch|p2a: Koraidon|Koraidon, L64|100/100\n|-weather|SunnyDay|[from] ability: Orichalcum Pulse|[of] p2a: Koraidon\n|-activate|p2a: Koraidon|Orichalcum Pulse|[source]\n|turn|1\n|inactive|Battle timer is ON: inactive players will automatically lose when time's up. (requested by p0x151288c8)\n|inactive|p0y15129a81 also wants the timer to be on.\n|\n|t:|1783557607\n|-terastallize|p2a: Koraidon|Fire\n|move|p1a: Dragapult|Dragon Darts|p2a: Koraidon\n|-damage|p2a: Koraidon|78/100\n|-anim|p1a: Dragapult|Dragon Darts|p2a: Koraidon\n|-damage|p2a: Koraidon|55/100\n|move|p2a: Koraidon|Outrage|p1a: Dragapult\n|-supereffective|p1a: Dragapult\n|-damage|p1a: Dragapult|0 fnt\n|faint|p1a: Dragapult\n|\n|-weather|SunnyDay|[upkeep]\n|upkeep\n|inactive|Time left: 300 sec this turn | 300 sec total | 65 sec grace\n|\n|t:|1783557608\n|switch|p1a: Morpeko|Morpeko, L88, F|245/245\n|turn|2\n|inactive|Time left: 300 sec this turn | 300 sec total\n|\n|t:|1783557609\n|-terastallize|p1a: Morpeko|Electric\n|move|p1a: Morpeko|Aura Wheel|p2a: Koraidon\n|-damage|p2a: Koraidon|0 fnt\n|-boost|p1a: Morpeko|spe|1\n|faint|p2a: Koraidon\n|\n|-weather|SunnyDay|[upkeep]\n|upkeep\n|\n|t:|1783557610\n|switch|p2a: Gallade|Gallade, L80, M|100/100\n|turn|3\n|inactive|Time left: 300 sec this turn | 300 sec total\n|\n|t:|1783557611\n|move|p1a: Morpeko|Aura Wheel|p2a: Gallade\n|-damage|p2a: Gallade|3/100\n|-boost|p1a: Morpeko|spe|1\n|move|p2a: Gallade|Sacred Sword|p1a: Morpeko\n|-crit|p1a: Morpeko\n|-damage|p1a: Morpeko|0 fnt\n|faint|p1a: Morpeko\n|-damage|p2a: Gallade|0 fnt|[from] item: Life Orb\n|faint|p2a: Gallade\n|\n|-weather|SunnyDay|[upkeep]\n|upkeep\n|inactive|Time left: 300 sec this turn | 300 sec total | 5 sec grace\n|\n|t:|1783557612\n|switch|p1a: Grafaiai|Grafaiai, L86, F|249/249\n|switch|p2a: Tinkaton|Tinkaton, L82, F|100/100\n|-ability|p2a: Tinkaton|Mold Breaker\n|turn|4\n|inactive|Time left: 300 sec this turn | 300 sec total\n|\n|t:|1783557613\n|move|p1a: Grafaiai|Parting Shot|p2a: Tinkaton\n|-unboost|p2a: Tinkaton|atk|1\n|-unboost|p2a: Tinkaton|spa|1\n|inactive|Time left: 300 sec this turn | 300 sec total | 5 sec grace\n|\n|t:|1783557614\n|switch|p1a: Meganium|Meganium, L90, F|290/290|[from] Parting Shot\n|move|p2a: Tinkaton|Swords Dance|p2a: Tinkaton\n|-boost|p2a: Tinkaton|atk|2\n|\n|-weather|SunnyDay|[upkeep]\n|upkeep\n|turn|5\n|inactive|Time left: 300 sec this turn | 300 sec total\n|\n|t:|1783557615\n|move|p2a: Tinkaton|Swords Dance|p2a: Tinkaton\n|-boost|p2a: Tinkaton|atk|2\n|move|p1a: Meganium|Encore|p2a: Tinkaton\n|-start|p2a: Tinkaton|Encore\n|\n|-weather|none\n|upkeep\n|turn|6\n|inactive|Time left: 300 sec this turn | 300 sec total\n|\n|t:|1783557616\n|switch|p2a: Pelipper|Pelipper, L86, F|100/100\n|-weather|RainDance|[from] ability: Drizzle|[of] p2a: Pelipper\n|move|p1a: Meganium|Knock Off|p2a: Pelipper\n|-damage|p2a: Pelipper|75/100\n|-enditem|p2a: Pelipper|Heavy-Duty Boots|[from] move: Knock Off|[of] p1a: Meganium\n|\n|-weather|RainDance|[upkeep]\n|upkeep\n|turn|7\n|inactive|Time left: 300 sec this turn | 300 sec total\n|\n|t:|1783557617\n|move|p1a: Meganium|Energy Ball|p2a: Pelipper\n|-damage|p2a: Pelipper|25/100\n|move|p2a: Pelipper|Hurricane|p1a: Meganium\n|-supereffective|p1a: Meganium\n|-damage|p1a: Meganium|90/290\n|\n|-weather|RainDance|[upkeep]\n|-heal|p1a: Meganium|108/290|[from] item: Leftovers\n|upkeep\n|turn|8\n|inactive|Time left: 300 sec this turn | 300 sec total\n|\n|t:|1783557618\n|switch|p2a: Tinkaton|Tinkaton, L82, F|100/100\n|-ability|p2a: Tinkaton|Mold Breaker\n|move|p1a: Meganium|Energy Ball|p2a: Tinkaton\n|-resisted|p2a: Tinkaton\n|-damage|p2a: Tinkaton|85/100\n|\n|-weather|RainDance|[upkeep]\n|-heal|p2a: Tinkaton|91/100|[from] item: Leftovers\n|-heal|p1a: Meganium|126/290|[from] item: Leftovers\n|upkeep\n|turn|9\n|inactive|Time left: 300 sec this turn | 300 sec total\n|\n|t:|1783557619\n|move|p2a: Tinkaton|Knock Off|p1a: Meganium\n|-damage|p1a: Meganium|78/290\n|-enditem|p1a: Meganium|Leftovers|[from] move: Knock Off|[of] p2a: Tinkaton\n|move|p1a: Meganium|Encore|p2a: Tinkaton\n|-start|p2a: Tinkaton|Encore\n|\n|-weather|RainDance|[upkeep]\n|-heal|p2a: Tinkaton|98/100|[from] item: Leftovers\n|upkeep\n|turn|10\n|inactive|Time left: 300 sec this turn | 300 sec total\n|\n|t:|1783557620\n|switch|p2a: Pelipper|Pelipper, L86, F|25/100\n|move|p1a: Meganium|Knock Off|p2a: Pelipper\n|-crit|p2a: Pelipper\n|-damage|p2a: Pelipper|0 fnt\n|faint|p2a: Pelipper\n|\n|-weather|none\n|upkeep\n|\n|t:|1783557621\n|switch|p2a: Tinkaton|Tinkaton, L82, F|98/100\n|-ability|p2a: Tinkaton|Mold Breaker\n|turn|11\n|inactive|Time left: 300 sec this turn | 300 sec total\n|\n|t:|1783557622\n|move|p2a: Tinkaton|Gigaton Hammer|p1a: Meganium\n|-damage|p1a: Meganium|0 fnt\n|faint|p1a: Meganium\n|\n|-heal|p2a: Tinkaton|100/100|[from] item: Leftovers\n|upkeep\n|inactive|Time left: 300 sec this turn | 300 sec total | 5 sec grace\n|\n|t:|1783557623\n|switch|p1a: Glalie|Glalie, L96, M|309/309\n|turn|12\n|inactive|Time left: 300 sec this turn | 300 sec total\n|\n|t:|1783557624\n|switch|p2a: Mewtwo|Mewtwo, L72|100/100\n|-ability|p2a: Mewtwo|Pressure\n|move|p1a: Glalie|Earthquake|p2a: Mewtwo\n|-damage|p2a: Mewtwo|68/100\n|\n|upkeep\n|turn|13\n|inactive|Time left: 300 sec this turn | 300 sec total\n|\n|t:|1783557626\n|move|p2a: Mewtwo|Nasty Plot|p2a: Mewtwo\n|-boost|p2a: Mewtwo|spa|2\n|move|p1a: Glalie|Freeze-Dry|p2a: Mewtwo\n|-damage|p2a: Mewtwo|36/100\n|\n|upkeep\n|turn|14\n|inactive|Time left: 300 sec this turn | 300 sec total\n|\n|t:|1783557627\n|move|p2a: Mewtwo|Fire Blast|p1a: Glalie\n|-supereffective|p1a: Glalie\n|-damage|p1a: Glalie|0 fnt\n|faint|p1a: Glalie\n|-damage|p2a: Mewtwo|26/100|[from] item: Life Orb\n|\n|upkeep\n|inactive|Time left: 300 sec this turn | 300 sec total | 5 sec grace\n|\n|t:|1783557629\n|switch|p1a: Grafaiai|Grafaiai, L86, F|249/249\n|turn|15\n|inactive|Time left: 300 sec this turn | 300 sec total\n|\n|t:|1783557630\n|switch|p2a: Tinkaton|Tinkaton, L82, F|100/100\n|-ability|p2a: Tinkaton|Mold Breaker\n|move|p1a: Grafaiai|Knock Off|p2a: Tinkaton\n|-resisted|p2a: Tinkaton\n|-damage|p2a: Tinkaton|85/100\n|-enditem|p2a: Tinkaton|Leftovers|[from] move: Knock Off|[of] p1a: Grafaiai\n|\n|upkeep\n|turn|16\n|inactive|Time left: 300 sec this turn | 300 sec total\n|\n|t:|1783557631\n|move|p1a: Grafaiai|Parting Shot|p2a: Tinkaton\n|-unboost|p2a: Tinkaton|atk|1\n|-unboost|p2a: Tinkaton|spa|1\n|inactive|Time left: 300 sec this turn | 300 sec total | 5 sec grace\n|\n|t:|1783557632\n|switch|p1a: Uxie|Uxie, L83|260/260|[from] Parting Shot\n|move|p2a: Tinkaton|Swords Dance|p2a: Tinkaton\n|-boost|p2a: Tinkaton|atk|2\n|\n|upkeep\n|turn|17\n|inactive|Time left: 300 sec this turn | 300 sec total\n|\n|t:|1783557633\n|move|p1a: Uxie|Encore|p2a: Tinkaton\n|-start|p2a: Tinkaton|Encore\n|move|p2a: Tinkaton|Swords Dance|p2a: Tinkaton\n|-boost|p2a: Tinkaton|atk|2\n|\n|upkeep\n|turn|18\n|inactive|Time left: 300 sec this turn | 300 sec total\n|\n|t:|1783557634\n|switch|p2a: Sableye|Sableye, L88, M|100/100\n|move|p1a: Uxie|Thunder Wave|p2a: Sableye\n|-status|p2a: Sableye|par\n|\n|upkeep\n|turn|19\n|inactive|Time left: 300 sec this turn | 300 sec total\n|\n|t:|1783557635\n|move|p1a: Uxie|U-turn|p2a: Sableye\n|-damage|p2a: Sableye|83/100 par\n|inactive|Time left: 300 sec this turn | 300 sec total | 5 sec grace\n|\n|t:|1783557636\n|switch|p1a: Grafaiai|Grafaiai, L86, F|249/249|[from] U-turn\n|cant|p2a: Sableye|par\n|\n|-heal|p2a: Sableye|89/100 par|[from] item: Leftovers\n|upkeep\n|turn|20\n|inactive|Time left: 300 sec this turn | 300 sec total\n|\n|t:|1783557637\n|move|p1a: Grafaiai|Knock Off|p2a: Sableye\n|-damage|p2a: Sableye|53/100 par\n|-enditem|p2a: Sableye|Leftovers|[from] move: Knock Off|[of] p1a: Grafaiai\n|move|p2a: Sableye|Knock Off|p1a: Grafaiai\n|-damage|p1a: Grafaiai|129/249\n|-enditem|p1a: Grafaiai|Heavy-Duty Boots|[from] move: Knock Off|[of] p2a: Sableye\n|\n|upkeep\n|turn|21\n|inactive|Time left: 300 sec this turn | 300 sec total\n|\n|t:|1783557638\n|cant|p2a: Sableye|par\n|move|p1a: Grafaiai|Gunk Shot|p2a: Sableye\n|-resisted|p2a: Sableye\n|-damage|p2a: Sableye|25/100 par\n|\n|upkeep\n|turn|22\n|inactive|Time left: 300 sec this turn | 300 sec total\n|\n|t:|1783557639\n|move|p2a: Sableye|Recover|p2a: Sableye\n|-heal|p2a: Sableye|75/100 par\n|move|p1a: Grafaiai|Gunk Shot|p2a: Sableye|[miss]\n|-miss|p1a: Grafaiai|p2a: Sableye\n|\n|upkeep\n|turn|23\n|inactive|Time left: 300 sec this turn | 300 sec total\n|\n|t:|1783557640\n|move|p2a: Sableye|Will-O-Wisp|p1a: Grafaiai|[miss]\n|-miss|p2a: Sableye|p1a: Grafaiai\n|move|p1a: Grafaiai|Knock Off|p2a: Sableye\n|-damage|p2a: Sableye|54/100 par\n|\n|upkeep\n|turn|24\n|inactive|Time left: 300 sec this turn | 300 sec total\n|\n|t:|1783557641\n|move|p2a: Sableye|Will-O-Wisp|p1a: Grafaiai\n|-status|p1a: Grafaiai|brn\n|move|p1a: Grafaiai|Gunk Shot|p2a: Sableye|[miss]\n|-miss|p1a: Grafaiai|p2a: Sableye\n|\n|-damage|p1a: Grafaiai|114/249 brn|[from] brn\n|upkeep\n|turn|25\n|inactive|Time left: 300 sec this turn | 300 sec total\n|\n|t:|1783557642\n|cant|p2a: Sableye|par\n|move|p1a: Grafaiai|Gunk Shot|p2a: Sableye\n|-resisted|p2a: Sableye\n|-damage|p2a: Sableye|37/100 par\n|\n|-damage|p1a: Grafaiai|99/249 brn|[from] brn\n|upkeep\n|turn|26\n|inactive|Time left: 300 sec this turn | 300 sec total\n|\n|t:|1783557643\n|move|p2a: Sableye|Recover|p2a: Sableye\n|-heal|p2a: Sableye|88/100 par\n|move|p1a: Grafaiai|Gunk Shot|p2a: Sableye\n|-resisted|p2a: Sableye\n|-damage|p2a: Sableye|73/100 par\n|\n|-damage|p1a: Grafaiai|84/249 brn|[from] brn\n|upkeep\n|turn|27\n|inactive|Time left: 300 sec this turn | 300 sec total\n|\n|t:|1783557644\n|move|p1a: Grafaiai|Gunk Shot|p2a: Sableye\n|-resisted|p2a: Sableye\n|-damage|p2a: Sableye|59/100 par\n|move|p2a: Sableye|Knock Off|p1a: Grafaiai\n|-damage|p1a: Grafaiai|9/249 brn\n|\n|-damage|p1a: Grafaiai|0 fnt|[from] brn\n|faint|p1a: Grafaiai\n|upkeep\n|inactive|Time left: 300 sec this turn | 300 sec total | 5 sec grace\n|\n|t:|1783557645\n|switch|p1a: Uxie|Uxie, L83|260/260\n|turn|28\n|inactive|Time left: 300 sec this turn | 300 sec total\n|\n|t:|1783557646\n|move|p1a: Uxie|U-turn|p2a: Sableye\n|-damage|p2a: Sableye|40/100 par\n|move|p2a: Sableye|Knock Off|p1a: Uxie\n|-supereffective|p1a: Uxie\n|-damage|p1a: Uxie|120/260\n|-enditem|p1a: Uxie|Leftovers|[from] move: Knock Off|[of] p2a: Sableye\n|\n|upkeep\n|turn|29\n|inactive|Time left: 300 sec this turn | 300 sec total\n|\n|t:|1783557647\n|move|p1a: Uxie|U-turn|p2a: Sableye\n|-damage|p2a: Sableye|22/100 par\n|move|p2a: Sableye|Knock Off|p1a: Uxie\n|-supereffective|p1a: Uxie\n|-damage|p1a: Uxie|18/260\n|\n|upkeep\n|turn|30\n|inactive|Time left: 300 sec this turn | 300 sec total\n|\n|t:|1783557649\n|move|p1a: Uxie|Thunder Wave|p2a: Sableye\n|-fail|p2a: Sableye|par\n|cant|p2a: Sableye|par\n|\n|upkeep\n|turn|31\n|inactive|Time left: 300 sec this turn | 300 sec total\n|\n|t:|1783557650\n|move|p1a: Uxie|U-turn|p2a: Sableye\n|-damage|p2a: Sableye|3/100 par\n|cant|p2a: Sableye|par\n|\n|upkeep\n|turn|32\n|inactive|Time left: 300 sec this turn | 300 sec total\n|\n|t:|1783557651\n|move|p1a: Uxie|Thunder Wave|p2a: Sableye\n|-fail|p2a: Sableye|par\n|move|p2a: Sableye|Knock Off|p1a: Uxie\n|-supereffective|p1a: Uxie\n|-damage|p1a: Uxie|0 fnt\n|faint|p1a: Uxie\n|\n|win|p0y15129a81", "uploadtime": 1783557651, "views": 0, "rating": 0, "private": 0, "password": null, "_winner": "p0y15129a81", "_our_name": "p0x151288c8"}