{"id": "battle-gen9randombattle-2772", "formatid": "gen9randombattle", "format": "[Gen 9] Random Battle", "players": ["p0x27723a9a", "p0y27723ef6"], "log": "|init|battle\n|title|p0x27723a9a vs. p0y27723ef6\n|j|\u2606p0x27723a9a\n|j|\u2606p0y27723ef6\n|t:|1783570933\n|gametype|singles\n|player|p1|p0x27723a9a|2|\n|player|p2|p0y27723ef6|1|\n|gen|9\n|tier|[Gen 9] Random Battle\n|rule|Species Clause: Limit one of each Pok\u00e9mon\n|rule|HP Percentage Mod: HP is shown in percentages\n|rule|Sleep Clause Mod: Limit one foe put to sleep\n|rule|Illusion Level Mod: Illusion disguises the Pok\u00e9mon's true level\n|\n|t:|1783570933\n|teamsize|p1|6\n|teamsize|p2|6\n|start\n|switch|p1a: Iron Boulder|Iron Boulder, L77|100/100\n|switch|p2a: Meganium|Meganium, L90, M|290/290\n|turn|1\n|inactive|Battle timer is ON: inactive players will automatically lose when time's up. (requested by p0x27723a9a)\n|inactive|Time left: 300 sec this turn | 300 sec total | 60 sec grace\n|\n|t:|1783570935\n|-end|p1a: Iron Boulder|Quark Drive|[silent]\n|switch|p1a: Vikavolt|Vikavolt, L83, F|100/100\n|move|p2a: Meganium|Knock Off|p1a: Vikavolt\n|-damage|p1a: Vikavolt|72/100\n|-enditem|p1a: Vikavolt|Heavy-Duty Boots|[from] move: Knock Off|[of] p2a: Meganium\n|\n|upkeep\n|turn|2\n|inactive|Time left: 300 sec this turn | 300 sec total\n|inactive|p0y27723ef6 also wants the timer to be on.\n|\n|t:|1783570936\n|move|p2a: Meganium|Swords Dance|p2a: Meganium\n|-boost|p2a: Meganium|atk|2\n|move|p1a: Vikavolt|Sticky Web|p2a: Meganium\n|-sidestart|p2: p0y27723ef6|move: Sticky Web\n|\n|upkeep\n|turn|3\n|inactive|Time left: 300 sec this turn | 300 sec total\n|\n|t:|1783570937\n|move|p2a: Meganium|Petal Blizzard|p1a: Vikavolt\n|-resisted|p1a: Vikavolt\n|-crit|p1a: Vikavolt\n|-damage|p1a: Vikavolt|13/100\n|move|p1a: Vikavolt|Bug Buzz|p2a: Meganium\n|-supereffective|p2a: Meganium\n|-damage|p2a: Meganium|72/290\n|\n|-heal|p2a: Meganium|90/290|[from] item: Leftovers\n|upkeep\n|turn|4\n|inactive|Time left: 300 sec this turn | 300 sec total\n|\n|t:|1783570938\n|move|p2a: Meganium|Petal Blizzard|p1a: Vikavolt\n|-resisted|p1a: Vikavolt\n|-damage|p1a: Vikavolt|0 fnt\n|faint|p1a: Vikavolt\n|\n|-heal|p2a: Meganium|108/290|[from] item: Leftovers\n|upkeep\n|\n|t:|1783570939\n|switch|p1a: Bruxish|Bruxish, L85, F|100/100\n|turn|5\n|inactive|Time left: 300 sec this turn | 300 sec total\n|\n|t:|1783570941\n|switch|p2a: Weavile|Weavile, L79, M|240/240\n|move|p1a: Bruxish|Psychic Fangs|p2a: Weavile\n|-immune|p2a: Weavile\n|\n|upkeep\n|turn|6\n|inactive|Time left: 300 sec this turn | 300 sec total\n|\n|t:|1783570942\n|switch|p1a: Ogerpon|Ogerpon-Wellspring, L76, F|100/100\n|move|p2a: Weavile|Knock Off|p1a: Ogerpon\n|-damage|p1a: Ogerpon|65/100\n|\n|upkeep\n|turn|7\n|inactive|Time left: 300 sec this turn | 300 sec total\n|\n|t:|1783570943\n|move|p2a: Weavile|Swords Dance|p2a: Weavile\n|-boost|p2a: Weavile|atk|2\n|move|p1a: Ogerpon|Horn Leech|p2a: Weavile\n|-damage|p2a: Weavile|117/240\n|-heal|p1a: Ogerpon|90/100|[from] drain|[of] p2a: Weavile\n|\n|upkeep\n|turn|8\n|inactive|Time left: 300 sec this turn | 300 sec total\n|\n|t:|1783570944\n|-terastallize|p1a: Ogerpon|Water\n|detailschange|p1a: Ogerpon|Ogerpon-Wellspring-Tera, L76, F, tera:Water\n|-ability|p1a: Ogerpon|Embody Aspect (Wellspring)|boost\n|-boost|p1a: Ogerpon|spd|1\n|move|p2a: Weavile|Triple Axel|p1a: Ogerpon|[miss]\n|-miss|p2a: Weavile|p1a: Ogerpon\n|move|p1a: Ogerpon|Ivy Cudgel|p2a: Weavile|[anim] Ivy Cudgel Water\n|-damage|p2a: Weavile|0 fnt\n|faint|p2a: Weavile\n|\n|upkeep\n|inactive|Time left: 300 sec this turn | 300 sec total | 5 sec grace\n|\n|t:|1783570945\n|switch|p2a: Meganium|Meganium, L90, M|108/290\n|-activate|p2a: Meganium|move: Sticky Web\n|-unboost|p2a: Meganium|spe|1\n|turn|9\n|inactive|Time left: 300 sec this turn | 300 sec total\n|\n|t:|1783570946\n|switch|p1a: Alcremie|Alcremie-Mint-Cream, L90, F|100/100\n|move|p2a: Meganium|Petal Blizzard|p1a: Alcremie\n|-crit|p1a: Alcremie\n|-damage|p1a: Alcremie|38/100\n|\n|-heal|p1a: Alcremie|44/100|[from] item: Leftovers\n|-heal|p2a: Meganium|126/290|[from] item: Leftovers\n|upkeep\n|turn|10\n|inactive|Time left: 300 sec this turn | 300 sec total\n|\n|t:|1783570946\n|move|p1a: Alcremie|Recover|p1a: Alcremie\n|-heal|p1a: Alcremie|94/100\n|move|p2a: Meganium|Petal Blizzard|p1a: Alcremie\n|-damage|p1a: Alcremie|56/100\n|\n|-heal|p1a: Alcremie|62/100|[from] item: Leftovers\n|-heal|p2a: Meganium|144/290|[from] item: Leftovers\n|upkeep\n|turn|11\n|inactive|Time left: 300 sec this turn | 300 sec total\n|\n|t:|1783570947\n|move|p1a: Alcremie|Alluring Voice|p2a: Meganium\n|-damage|p2a: Meganium|50/290\n|move|p2a: Meganium|Petal Blizzard|p1a: Alcremie\n|-damage|p1a: Alcremie|8/100\n|\n|-heal|p1a: Alcremie|15/100|[from] item: Leftovers\n|-heal|p2a: Meganium|68/290|[from] item: Leftovers\n|upkeep\n|turn|12\n|inactive|Time left: 300 sec this turn | 300 sec total\n|\n|t:|1783570948\n|move|p1a: Alcremie|Alluring Voice|p2a: Meganium\n|-damage|p2a: Meganium|0 fnt\n|faint|p2a: Meganium\n|\n|-heal|p1a: Alcremie|21/100|[from] item: Leftovers\n|upkeep\n|inactive|Time left: 300 sec this turn | 300 sec total | 5 sec grace\n|\n|t:|1783570949\n|switch|p2a: Mabosstiff|Mabosstiff, L86, M|278/278\n|-activate|p2a: Mabosstiff|move: Sticky Web\n|-unboost|p2a: Mabosstiff|spe|1\n|turn|13\n|inactive|Time left: 300 sec this turn | 300 sec total\n|\n|t:|1783570950\n|move|p2a: Mabosstiff|Crunch|p1a: Alcremie\n|-resisted|p1a: Alcremie\n|-damage|p1a: Alcremie|0 fnt\n|faint|p1a: Alcremie\n|\n|upkeep\n|\n|t:|1783570951\n|switch|p1a: Ogerpon|Ogerpon-Wellspring-Tera, L76, F, tera:Water|90/100\n|-ability|p1a: Ogerpon|Embody Aspect (Wellspring)|boost\n|-boost|p1a: Ogerpon|spd|1\n|turn|14\n|inactive|Time left: 300 sec this turn | 300 sec total\n|\n|t:|1783570952\n|move|p1a: Ogerpon|Swords Dance|p1a: Ogerpon\n|-boost|p1a: Ogerpon|atk|2\n|move|p2a: Mabosstiff|Crunch|p1a: Ogerpon\n|-crit|p1a: Ogerpon\n|-damage|p1a: Ogerpon|18/100\n|\n|upkeep\n|turn|15\n|inactive|Time left: 300 sec this turn | 300 sec total\n|\n|t:|1783570953\n|switch|p2a: Mimikyu|Mimikyu, L79, M|216/216\n|-activate|p2a: Mimikyu|move: Sticky Web\n|-unboost|p2a: Mimikyu|spe|1\n|move|p1a: Ogerpon|Ivy Cudgel|p2a: Mimikyu|[anim] Ivy Cudgel Water\n|-activate|p2a: Mimikyu|ability: Disguise\n|-damage|p2a: Mimikyu|216/216\n|detailschange|p2a: Mimikyu|Mimikyu-Busted, L79, M\n|-damage|p2a: Mimikyu|189/216|[from] pokemon: Mimikyu-Busted\n|\n|upkeep\n|turn|16\n|inactive|Time left: 300 sec this turn | 300 sec total\n|\n|t:|1783570954\n|move|p2a: Mimikyu|Shadow Sneak|p1a: Ogerpon\n|-damage|p1a: Ogerpon|0 fnt\n|faint|p1a: Ogerpon\n|detailschange|p1: Ogerpon|Ogerpon-Wellspring, L76, F|[silent]\n|-damage|p2a: Mimikyu|168/216|[from] item: Life Orb\n|\n|upkeep\n|\n|t:|1783570955\n|switch|p1a: Bruxish|Bruxish, L85, F|100/100\n|turn|17\n|inactive|Time left: 300 sec this turn | 300 sec total\n|\n|t:|1783570956\n|switch|p2a: Mabosstiff|Mabosstiff, L86, M|278/278\n|-activate|p2a: Mabosstiff|move: Sticky Web\n|-unboost|p2a: Mabosstiff|spe|1\n|move|p1a: Bruxish|Wave Crash|p2a: Mabosstiff\n|-damage|p2a: Mabosstiff|77/278\n|-damage|p1a: Bruxish|75/100|[from] Recoil\n|\n|upkeep\n|turn|18\n|inactive|Time left: 300 sec this turn | 300 sec total\n|\n|t:|1783570957\n|switch|p2a: Samurott|Samurott, L88, F|310/310\n|-activate|p2a: Samurott|move: Sticky Web\n|-unboost|p2a: Samurott|spe|1\n|move|p1a: Bruxish|Wave Crash|p2a: Samurott\n|-resisted|p2a: Samurott\n|-damage|p2a: Samurott|214/310\n|-damage|p1a: Bruxish|62/100|[from] Recoil\n|\n|upkeep\n|turn|19\n|inactive|Time left: 300 sec this turn | 300 sec total\n|\n|t:|1783570958\n|move|p1a: Bruxish|Wave Crash|p2a: Samurott\n|-resisted|p2a: Samurott\n|-damage|p2a: Samurott|112/310\n|-damage|p1a: Bruxish|49/100|[from] Recoil\n|move|p2a: Samurott|Liquidation|p1a: Bruxish\n|-resisted|p1a: Bruxish\n|-damage|p1a: Bruxish|18/100\n|-damage|p2a: Samurott|81/310|[from] item: Life Orb\n|\n|upkeep\n|turn|20\n|inactive|Time left: 300 sec this turn | 300 sec total\n|\n|t:|1783570959\n|move|p2a: Samurott|Aqua Jet|p1a: Bruxish\n|-resisted|p1a: Bruxish\n|-damage|p1a: Bruxish|0 fnt\n|faint|p1a: Bruxish\n|-damage|p2a: Samurott|50/310|[from] item: Life Orb\n|\n|upkeep\n|\n|t:|1783570960\n|switch|p1a: Terrakion|Terrakion, L79|100/100\n|turn|21\n|inactive|Time left: 300 sec this turn | 300 sec total\n|\n|t:|1783570961\n|-terastallize|p2a: Samurott|Water\n|move|p2a: Samurott|Aqua Jet|p1a: Terrakion\n|-supereffective|p1a: Terrakion\n|-damage|p1a: Terrakion|2/100\n|-damage|p2a: Samurott|19/310|[from] item: Life Orb\n|move|p1a: Terrakion|Earthquake|p2a: Samurott\n|-damage|p2a: Samurott|0 fnt\n|faint|p2a: Samurott\n|-damage|p1a: Terrakion|0 fnt|[from] item: Life Orb\n|faint|p1a: Terrakion\n|\n|upkeep\n|inactive|Time left: 300 sec this turn | 300 sec total | 5 sec grace\n|\n|t:|1783570962\n|switch|p1a: Iron Boulder|Iron Boulder, L77|100/100\n|switch|p2a: Garchomp|Garchomp, L74, M|282/282\n|-activate|p2a: Garchomp|move: Sticky Web\n|-unboost|p2a: Garchomp|spe|1\n|turn|22\n|inactive|Time left: 300 sec this turn | 300 sec total\n|\n|t:|1783570963\n|move|p1a: Iron Boulder|Zen Headbutt|p2a: Garchomp\n|-damage|p2a: Garchomp|164/282\n|-damage|p1a: Iron Boulder|88/100|[from] ability: Rough Skin|[of] p2a: Garchomp\n|-damage|p1a: Iron Boulder|78/100|[from] item: Life Orb\n|move|p2a: Garchomp|Earthquake|p1a: Iron Boulder\n|-supereffective|p1a: Iron Boulder\n|-damage|p1a: Iron Boulder|0 fnt\n|faint|p1a: Iron Boulder\n|-end|p1a: Iron Boulder|Quark Drive|[silent]\n|\n|win|p0y27723ef6", "uploadtime": 1783570963, "views": 0, "rating": 0, "private": 0, "password": null, "_winner": "p0y27723ef6", "_our_name": "p0y27723ef6"}