{"id": "battle-gen9randombattle-2343", "formatid": "gen9randombattle", "format": "[Gen 9] Random Battle", "players": ["p0x234325a8", "p0y2343b1d8"], "log": "|init|battle\n|title|p0x234325a8 vs. p0y2343b1d8\n|j|\u2606p0x234325a8\n|j|\u2606p0y2343b1d8\n|t:|1783566185\n|gametype|singles\n|player|p1|p0x234325a8|265|\n|player|p2|p0y2343b1d8|169|\n|gen|9\n|tier|[Gen 9] Random Battle\n|rule|Species Clause: Limit one of each Pok\u00e9mon\n|rule|HP Percentage Mod: HP is shown in percentages\n|rule|Sleep Clause Mod: Limit one foe put to sleep\n|rule|Illusion Level Mod: Illusion disguises the Pok\u00e9mon's true level\n|\n|t:|1783566185\n|teamsize|p1|6\n|teamsize|p2|6\n|start\n|switch|p1a: Eternatus|Eternatus, L69|100/100\n|switch|p2a: Arbok|Arbok, L87, F|246/246\n|-ability|p1a: Eternatus|Pressure\n|-ability|p2a: Arbok|Intimidate|boost\n|-unboost|p1a: Eternatus|atk|1\n|turn|1\n|inactive|Battle timer is ON: inactive players will automatically lose when time's up. (requested by p0x234325a8)\n|inactive|Time left: 300 sec this turn | 300 sec total | 60 sec grace\n|inactive|p0y2343b1d8 also wants the timer to be on.\n|\n|t:|1783566186\n|switch|p2a: Grimmsnarl|Grimmsnarl, L83, M|293/293\n|move|p1a: Eternatus|Meteor Beam||[still]\n|-prepare|p1a: Eternatus|Meteor Beam\n|-boost|p1a: Eternatus|spa|1\n|-enditem|p1a: Eternatus|Power Herb\n|-anim|p1a: Eternatus|Meteor Beam|p2a: Grimmsnarl\n|-damage|p2a: Grimmsnarl|166/293\n|\n|upkeep\n|turn|2\n|inactive|Time left: 300 sec this turn | 300 sec total\n|\n|t:|1783566187\n|move|p2a: Grimmsnarl|Light Screen|p2a: Grimmsnarl\n|-sidestart|p2: p0y2343b1d8|move: Light Screen\n|move|p1a: Eternatus|Sludge Bomb|p2a: Grimmsnarl\n|-supereffective|p2a: Grimmsnarl\n|-damage|p2a: Grimmsnarl|4/293\n|-status|p2a: Grimmsnarl|psn\n|\n|-damage|p2a: Grimmsnarl|0 fnt|[from] psn\n|faint|p2a: Grimmsnarl\n|upkeep\n|inactive|Time left: 300 sec this turn | 300 sec total | 5 sec grace\n|\n|t:|1783566188\n|switch|p2a: Eiscue|Eiscue, L88, M|274/274\n|turn|3\n|inactive|Time left: 300 sec this turn | 300 sec total\n|\n|t:|1783566189\n|move|p1a: Eternatus|Meteor Beam||[still]\n|-prepare|p1a: Eternatus|Meteor Beam\n|-boost|p1a: Eternatus|spa|1\n|move|p2a: Eiscue|Belly Drum|p2a: Eiscue\n|-damage|p2a: Eiscue|137/274\n|-setboost|p2a: Eiscue|atk|6|[from] move: Belly Drum\n|-enditem|p2a: Eiscue|Sitrus Berry|[eat]\n|-heal|p2a: Eiscue|205/274|[from] item: Sitrus Berry\n|\n|upkeep\n|turn|4\n|inactive|Time left: 300 sec this turn | 300 sec total\n|\n|t:|1783566190\n|-terastallize|p2a: Eiscue|Electric\n|move|p1a: Eternatus|Meteor Beam|p2a: Eiscue|[from] lockedmove\n|-damage|p2a: Eiscue|137/274\n|move|p2a: Eiscue|Ice Spinner|p1a: Eternatus\n|-supereffective|p1a: Eternatus\n|-damage|p1a: Eternatus|0 fnt\n|faint|p1a: Eternatus\n|\n|upkeep\n|\n|t:|1783566191\n|switch|p1a: Iron Thorns|Iron Thorns, L83|100/100\n|turn|5\n|inactive|Time left: 300 sec this turn | 300 sec total\n|\n|t:|1783566192\n|move|p1a: Iron Thorns|Stealth Rock|p2a: Eiscue\n|-sidestart|p2: p0y2343b1d8|move: Stealth Rock\n|move|p2a: Eiscue|Ice Spinner|p1a: Iron Thorns\n|-damage|p1a: Iron Thorns|2/100\n|\n|upkeep\n|turn|6\n|inactive|Time left: 300 sec this turn | 300 sec total\n|\n|t:|1783566193\n|move|p1a: Iron Thorns|Wild Charge|p2a: Eiscue\n|-activate|p2a: Eiscue|ability: Ice Face\n|-damage|p2a: Eiscue|137/274\n|detailschange|p2a: Eiscue|Eiscue-Noice, L88, M, tera:Electric\n|move|p2a: Eiscue|Ice Spinner|p1a: Iron Thorns\n|-damage|p1a: Iron Thorns|0 fnt\n|faint|p1a: Iron Thorns\n|-end|p1a: Iron Thorns|Quark Drive|[silent]\n|\n|upkeep\n|\n|t:|1783566194\n|switch|p1a: Slowbro|Slowbro, L85, M|100/100\n|turn|7\n|inactive|Time left: 300 sec this turn | 300 sec total\n|\n|t:|1783566195\n|move|p2a: Eiscue|Tera Blast|p1a: Slowbro|[anim] Tera Blast Electric\n|-supereffective|p1a: Slowbro\n|-damage|p1a: Slowbro|0 fnt\n|faint|p1a: Slowbro\n|\n|upkeep\n|\n|t:|1783566196\n|switch|p1a: Ambipom|Ambipom, L84, F|100/100\n|turn|8\n|inactive|Time left: 300 sec this turn | 300 sec total\n|\n|t:|1783566197\n|switch|p1a: Lurantis|Lurantis, L87, F|100/100\n|move|p2a: Eiscue|Tera Blast|p1a: Lurantis|[anim] Tera Blast Electric\n|-resisted|p1a: Lurantis\n|-damage|p1a: Lurantis|46/100\n|\n|-heal|p1a: Lurantis|52/100|[from] item: Leftovers\n|upkeep\n|turn|9\n|inactive|Time left: 300 sec this turn | 300 sec total\n|\n|t:|1783566198\n|switch|p1a: Houndoom|Houndoom, L87, M|100/100\n|move|p2a: Eiscue|Ice Spinner|p1a: Houndoom\n|-resisted|p1a: Houndoom\n|-damage|p1a: Houndoom|9/100\n|\n|-sideend|p2: p0y2343b1d8|move: Light Screen\n|upkeep\n|turn|10\n|inactive|Time left: 300 sec this turn | 300 sec total\n|\n|t:|1783566199\n|move|p2a: Eiscue|Liquidation|p1a: Houndoom\n|-supereffective|p1a: Houndoom\n|-damage|p1a: Houndoom|0 fnt\n|faint|p1a: Houndoom\n|\n|upkeep\n|\n|t:|1783566200\n|switch|p1a: Lurantis|Lurantis, L87, F|52/100\n|turn|11\n|inactive|Time left: 300 sec this turn | 300 sec total\n|\n|t:|1783566201\n|move|p2a: Eiscue|Ice Spinner|p1a: Lurantis\n|-supereffective|p1a: Lurantis\n|-damage|p1a: Lurantis|0 fnt\n|faint|p1a: Lurantis\n|\n|upkeep\n|\n|t:|1783566202\n|switch|p1a: Ambipom|Ambipom, L84, F|100/100\n|turn|12\n|inactive|Time left: 300 sec this turn | 300 sec total\n|\n|t:|1783566203\n|move|p2a: Eiscue|Tera Blast|p1a: Ambipom|[anim] Tera Blast Electric\n|-damage|p1a: Ambipom|0 fnt\n|faint|p1a: Ambipom\n|\n|win|p0y2343b1d8", "uploadtime": 1783566203, "views": 0, "rating": 0, "private": 0, "password": null, "_winner": "p0y2343b1d8", "_our_name": "p0y2343b1d8"}