{"id": "battle-gen9randombattle-1926", "formatid": "gen9randombattle", "format": "[Gen 9] Random Battle", "players": ["p0x1926daed", "p0y1926dc73"], "log": "|init|battle\n|title|p0x1926daed vs. p0y1926dc73\n|j|\u2606p0x1926daed\n|j|\u2606p0y1926dc73\n|t:|1783561551\n|gametype|singles\n|player|p1|p0x1926daed|101|\n|player|p2|p0y1926dc73|101|\n|gen|9\n|tier|[Gen 9] Random Battle\n|rule|Species Clause: Limit one of each Pok\u00e9mon\n|rule|HP Percentage Mod: HP is shown in percentages\n|rule|Sleep Clause Mod: Limit one foe put to sleep\n|rule|Illusion Level Mod: Illusion disguises the Pok\u00e9mon's true level\n|\n|t:|1783561551\n|teamsize|p1|6\n|teamsize|p2|6\n|start\n|switch|p1a: Falinks|Falinks, L84|246/246\n|switch|p2a: Cobalion|Cobalion, L80|100/100\n|turn|1\n|inactive|Battle timer is ON: inactive players will automatically lose when time's up. (requested by p0y1926dc73)\n|inactive|Time left: 300 sec this turn | 300 sec total | 60 sec grace\n|inactive|p0x1926daed also wants the timer to be on.\n|\n|t:|1783561552\n|move|p2a: Cobalion|Close Combat|p1a: Falinks\n|-damage|p1a: Falinks|125/246\n|-unboost|p2a: Cobalion|def|1\n|-unboost|p2a: Cobalion|spd|1\n|-damage|p2a: Cobalion|91/100|[from] item: Life Orb\n|move|p1a: Falinks|No Retreat|p1a: Falinks\n|-boost|p1a: Falinks|atk|1\n|-boost|p1a: Falinks|def|1\n|-boost|p1a: Falinks|spa|1\n|-boost|p1a: Falinks|spd|1\n|-boost|p1a: Falinks|spe|1\n|-start|p1a: Falinks|move: No Retreat\n|\n|upkeep\n|turn|2\n|inactive|Time left: 300 sec this turn | 300 sec total\n|\n|t:|1783561553\n|switch|p2a: Victreebel|Victreebel, L90, F|100/100\n|move|p1a: Falinks|Close Combat|p2a: Victreebel\n|-resisted|p2a: Victreebel\n|-damage|p2a: Victreebel|51/100\n|-unboost|p1a: Falinks|def|1\n|-unboost|p1a: Falinks|spd|1\n|-damage|p1a: Falinks|101/246|[from] item: Life Orb\n|\n|upkeep\n|turn|3\n|inactive|Time left: 300 sec this turn | 300 sec total\n|\n|t:|1783561554\n|switch|p2a: Cobalion|Cobalion, L80|91/100\n|move|p1a: Falinks|Knock Off|p2a: Cobalion\n|-resisted|p2a: Cobalion\n|-damage|p2a: Cobalion|72/100\n|-ability|p2a: Cobalion|Justified|boost\n|-boost|p2a: Cobalion|atk|1\n|-enditem|p2a: Cobalion|Life Orb|[from] move: Knock Off|[of] p1a: Falinks\n|-damage|p1a: Falinks|77/246|[from] item: Life Orb\n|\n|upkeep\n|turn|4\n|inactive|Time left: 300 sec this turn | 300 sec total\n|\n|t:|1783561555\n|-terastallize|p2a: Cobalion|Fighting\n|move|p1a: Falinks|Close Combat|p2a: Cobalion\n|-damage|p2a: Cobalion|3/100\n|-unboost|p1a: Falinks|def|1\n|-unboost|p1a: Falinks|spd|1\n|-damage|p1a: Falinks|53/246|[from] item: Life Orb\n|move|p2a: Cobalion|Close Combat|p1a: Falinks\n|-damage|p1a: Falinks|0 fnt\n|-unboost|p2a: Cobalion|def|1\n|-unboost|p2a: Cobalion|spd|1\n|faint|p1a: Falinks\n|\n|upkeep\n|inactive|Time left: 300 sec this turn | 300 sec total | 5 sec grace\n|\n|t:|1783561556\n|switch|p1a: Squawkabilly|Squawkabilly-Blue, L85, F|278/278\n|turn|5\n|inactive|Time left: 300 sec this turn | 300 sec total\n|\n|t:|1783561557\n|move|p1a: Squawkabilly|Quick Attack|p2a: Cobalion\n|-damage|p2a: Cobalion|0 fnt\n|faint|p2a: Cobalion\n|\n|-status|p1a: Squawkabilly|brn|[from] item: Flame Orb\n|upkeep\n|\n|t:|1783561558\n|switch|p2a: Carbink|Carbink, L90|100/100\n|turn|6\n|inactive|Time left: 300 sec this turn | 300 sec total\n|\n|t:|1783561559\n|switch|p1a: Vikavolt|Vikavolt, L83, M|263/263\n|move|p2a: Carbink|Moonblast|p1a: Vikavolt\n|-damage|p1a: Vikavolt|182/263\n|\n|upkeep\n|turn|7\n|inactive|Time left: 300 sec this turn | 300 sec total\n|\n|t:|1783561560\n|move|p2a: Carbink|Moonblast|p1a: Vikavolt\n|-damage|p1a: Vikavolt|91/263\n|move|p1a: Vikavolt|Sticky Web|p2a: Carbink\n|-sidestart|p2: p0y1926dc73|move: Sticky Web\n|\n|upkeep\n|turn|8\n|inactive|Time left: 300 sec this turn | 300 sec total\n|\n|t:|1783561561\n|move|p2a: Carbink|Moonblast|p1a: Vikavolt\n|-damage|p1a: Vikavolt|13/263\n|move|p1a: Vikavolt|Thunderbolt|p2a: Carbink\n|-damage|p2a: Carbink|64/100\n|\n|upkeep\n|turn|9\n|inactive|Time left: 300 sec this turn | 300 sec total\n|\n|t:|1783561562\n|move|p2a: Carbink|Body Press|p1a: Vikavolt\n|-resisted|p1a: Vikavolt\n|-damage|p1a: Vikavolt|0 fnt\n|faint|p1a: Vikavolt\n|\n|upkeep\n|inactive|Time left: 300 sec this turn | 300 sec total | 5 sec grace\n|\n|t:|1783561563\n|switch|p1a: Ting-Lu|Ting-Lu, L78|370/370\n|-ability|p1a: Ting-Lu|Vessel of Ruin\n|turn|10\n|inactive|Time left: 300 sec this turn | 300 sec total\n|\n|t:|1783561564\n|move|p2a: Carbink|Iron Defense|p2a: Carbink\n|-boost|p2a: Carbink|def|2\n|move|p1a: Ting-Lu|Heavy Slam|p2a: Carbink\n|-supereffective|p2a: Carbink\n|-damage|p2a: Carbink|16/100\n|\n|upkeep\n|turn|11\n|inactive|Time left: 300 sec this turn | 300 sec total\n|\n|t:|1783561565\n|move|p2a: Carbink|Rest|p2a: Carbink\n|-status|p2a: Carbink|slp|[from] move: Rest\n|-heal|p2a: Carbink|100/100 slp|[silent]\n|-enditem|p2a: Carbink|Chesto Berry|[eat]\n|-curestatus|p2a: Carbink|slp|[msg]\n|move|p1a: Ting-Lu|Heavy Slam|p2a: Carbink\n|-supereffective|p2a: Carbink\n|-damage|p2a: Carbink|56/100\n|\n|upkeep\n|turn|12\n|inactive|Time left: 300 sec this turn | 300 sec total\n|\n|t:|1783561566\n|move|p2a: Carbink|Body Press|p1a: Ting-Lu\n|-supereffective|p1a: Ting-Lu\n|-damage|p1a: Ting-Lu|60/370\n|move|p1a: Ting-Lu|Stealth Rock|p2a: Carbink\n|-sidestart|p2: p0y1926dc73|move: Stealth Rock\n|\n|-heal|p1a: Ting-Lu|83/370|[from] item: Leftovers\n|upkeep\n|turn|13\n|inactive|Time left: 300 sec this turn | 300 sec total\n|\n|t:|1783561567\n|move|p2a: Carbink|Body Press|p1a: Ting-Lu\n|-supereffective|p1a: Ting-Lu\n|-damage|p1a: Ting-Lu|0 fnt\n|faint|p1a: Ting-Lu\n|\n|upkeep\n|inactive|Time left: 300 sec this turn | 300 sec total | 5 sec grace\n|\n|t:|1783561568\n|switch|p1a: Meloetta|Meloetta, L82|298/298\n|turn|14\n|inactive|Time left: 300 sec this turn | 300 sec total\n|\n|t:|1783561569\n|-terastallize|p1a: Meloetta|Fighting\n|move|p1a: Meloetta|Focus Blast|p2a: Carbink\n|-damage|p2a: Carbink|2/100\n|move|p2a: Carbink|Body Press|p1a: Meloetta\n|-damage|p1a: Meloetta|81/298\n|\n|upkeep\n|turn|15\n|inactive|Time left: 300 sec this turn | 300 sec total\n|\n|t:|1783561570\n|move|p1a: Meloetta|Focus Blast|p2a: Carbink\n|-damage|p2a: Carbink|0 fnt\n|faint|p2a: Carbink\n|\n|upkeep\n|\n|t:|1783561571\n|switch|p2a: Gallade|Gallade, L80, M|100/100\n|-activate|p2a: Gallade|move: Sticky Web\n|-unboost|p2a: Gallade|spe|1\n|-damage|p2a: Gallade|94/100|[from] Stealth Rock\n|turn|16\n|inactive|Time left: 300 sec this turn | 300 sec total\n|\n|t:|1783561572\n|move|p1a: Meloetta|Focus Blast|p2a: Gallade\n|-resisted|p2a: Gallade\n|-damage|p2a: Gallade|54/100\n|move|p2a: Gallade|Psycho Cut|p1a: Meloetta\n|-supereffective|p1a: Meloetta\n|-crit|p1a: Meloetta\n|-damage|p1a: Meloetta|0 fnt\n|faint|p1a: Meloetta\n|\n|upkeep\n|inactive|Time left: 300 sec this turn | 300 sec total | 5 sec grace\n|\n|t:|1783561572\n|switch|p1a: Ogerpon|Ogerpon-Hearthflame, L74, F|239/239\n|-ability|p1a: Ogerpon|Mold Breaker\n|turn|17\n|inactive|Time left: 300 sec this turn | 300 sec total\n|\n|t:|1783561573\n|move|p1a: Ogerpon|Ivy Cudgel|p2a: Gallade|[anim] Ivy Cudgel Fire\n|-damage|p2a: Gallade|0 fnt\n|faint|p2a: Gallade\n|\n|upkeep\n|\n|t:|1783561574\n|switch|p2a: Mightyena|Mightyena, L96, M|100/100\n|-activate|p2a: Mightyena|move: Sticky Web\n|-unboost|p2a: Mightyena|spe|1\n|-damage|p2a: Mightyena|88/100|[from] Stealth Rock\n|-ability|p2a: Mightyena|Intimidate|boost\n|-unboost|p1a: Ogerpon|atk|1\n|turn|18\n|inactive|Time left: 300 sec this turn | 300 sec total\n|\n|t:|1783561575\n|move|p1a: Ogerpon|Swords Dance|p1a: Ogerpon\n|-boost|p1a: Ogerpon|atk|2\n|move|p2a: Mightyena|Crunch|p1a: Ogerpon\n|-damage|p1a: Ogerpon|121/239\n|-unboost|p1a: Ogerpon|def|1\n|\n|upkeep\n|turn|19\n|inactive|Time left: 300 sec this turn | 300 sec total\n|\n|t:|1783561576\n|move|p1a: Ogerpon|Horn Leech|p2a: Mightyena\n|-damage|p2a: Mightyena|37/100\n|-heal|p1a: Ogerpon|195/239|[from] drain|[of] p2a: Mightyena\n|move|p2a: Mightyena|Crunch|p1a: Ogerpon\n|-damage|p1a: Ogerpon|12/239\n|\n|upkeep\n|turn|20\n|inactive|Time left: 300 sec this turn | 300 sec total\n|\n|t:|1783561577\n|move|p2a: Mightyena|Sucker Punch|p1a: Ogerpon\n|-damage|p1a: Ogerpon|0 fnt\n|faint|p1a: Ogerpon\n|\n|upkeep\n|inactive|Time left: 300 sec this turn | 300 sec total | 5 sec grace\n|\n|t:|1783561578\n|switch|p1a: Squawkabilly|Squawkabilly-Blue, L85, F|278/278 brn\n|turn|21\n|inactive|Time left: 300 sec this turn | 300 sec total\n|\n|t:|1783561579\n|move|p1a: Squawkabilly|Protect|p1a: Squawkabilly\n|-singleturn|p1a: Squawkabilly|Protect\n|move|p2a: Mightyena|Sucker Punch||[still]\n|-fail|p2a: Mightyena\n|\n|-damage|p1a: Squawkabilly|261/278 brn|[from] brn\n|upkeep\n|turn|22\n|inactive|Time left: 300 sec this turn | 300 sec total\n|\n|t:|1783561580\n|move|p1a: Squawkabilly|Quick Attack|p2a: Mightyena\n|-damage|p2a: Mightyena|15/100\n|move|p2a: Mightyena|Sucker Punch||[still]\n|-fail|p2a: Mightyena\n|\n|-damage|p1a: Squawkabilly|244/278 brn|[from] brn\n|upkeep\n|turn|23\n|inactive|Time left: 300 sec this turn | 300 sec total\n|\n|t:|1783561581\n|move|p1a: Squawkabilly|Quick Attack|p2a: Mightyena\n|-damage|p2a: Mightyena|0 fnt\n|faint|p2a: Mightyena\n|\n|-damage|p1a: Squawkabilly|227/278 brn|[from] brn\n|upkeep\n|\n|t:|1783561582\n|switch|p2a: Victreebel|Victreebel, L90, F|51/100\n|-activate|p2a: Victreebel|move: Sticky Web\n|-unboost|p2a: Victreebel|spe|1\n|-damage|p2a: Victreebel|38/100|[from] Stealth Rock\n|turn|24\n|inactive|Time left: 300 sec this turn | 300 sec total\n|\n|t:|1783561583\n|move|p2a: Victreebel|Sucker Punch|p1a: Squawkabilly\n|-damage|p1a: Squawkabilly|110/278 brn\n|-damage|p2a: Victreebel|28/100|[from] item: Life Orb\n|move|p1a: Squawkabilly|Facade|p2a: Victreebel\n|-damage|p2a: Victreebel|0 fnt\n|faint|p2a: Victreebel\n|\n|-damage|p1a: Squawkabilly|93/278 brn|[from] brn\n|upkeep\n|\n|t:|1783561584\n|switch|p2a: Meloetta|Meloetta, L82|100/100\n|-activate|p2a: Meloetta|move: Sticky Web\n|-unboost|p2a: Meloetta|spe|1\n|-damage|p2a: Meloetta|88/100|[from] Stealth Rock\n|turn|25\n|inactive|Time left: 300 sec this turn | 300 sec total\n|\n|t:|1783561585\n|move|p1a: Squawkabilly|Facade|p2a: Meloetta\n|-damage|p2a: Meloetta|1/100\n|move|p2a: Meloetta|Hyper Voice|p1a: Squawkabilly\n|-damage|p1a: Squawkabilly|0 fnt\n|faint|p1a: Squawkabilly\n|\n|win|p0y1926dc73", "uploadtime": 1783561585, "views": 0, "rating": 0, "private": 0, "password": null, "_winner": "p0y1926dc73", "_our_name": "p0x1926daed"}