{"id": "battle-gen9randombattle-526", "formatid": "gen9randombattle", "format": "[Gen 9] Random Battle", "players": ["p0x526f5ca", "p0y526be78"], "log": "|init|battle\n|title|p0x526f5ca vs. p0y526be78\n|j|\u2606p0x526f5ca\n|j|\u2606p0y526be78\n|t:|1783545897\n|gametype|singles\n|player|p1|p0x526f5ca|2|\n|player|p2|p0y526be78|1|\n|gen|9\n|tier|[Gen 9] Random Battle\n|rule|Species Clause: Limit one of each Pok\u00e9mon\n|rule|HP Percentage Mod: HP is shown in percentages\n|rule|Sleep Clause Mod: Limit one foe put to sleep\n|rule|Illusion Level Mod: Illusion disguises the Pok\u00e9mon's true level\n|\n|t:|1783545897\n|teamsize|p1|6\n|teamsize|p2|6\n|start\n|switch|p1a: Miraidon|Miraidon, L65|238/238\n|switch|p2a: Munkidori|Munkidori, L79, M|100/100\n|-fieldstart|move: Electric Terrain|[from] ability: Hadron Engine|[of] p1a: Miraidon\n|turn|1\n|inactive|Battle timer is ON: inactive players will automatically lose when time's up. (requested by p0y526be78)\n|inactive|Time left: 300 sec this turn | 300 sec total | 60 sec grace\n|inactive|p0x526f5ca also wants the timer to be on.\n|\n|t:|1783545899\n|move|p1a: Miraidon|Electro Drift|p2a: Munkidori\n|-damage|p2a: Munkidori|43/100\n|move|p2a: Munkidori|Sludge Wave|p1a: Miraidon\n|-damage|p1a: Miraidon|111/238\n|\n|upkeep\n|turn|2\n|inactive|Time left: 300 sec this turn | 300 sec total\n|\n|t:|1783545900\n|switch|p2a: Garchomp|Garchomp, L74, F|100/100\n|move|p1a: Miraidon|Electro Drift|p2a: Garchomp\n|-immune|p2a: Garchomp\n|\n|upkeep\n|turn|3\n|inactive|Time left: 300 sec this turn | 300 sec total\n|\n|t:|1783545901\n|switch|p1a: Feraligatr|Feraligatr, L79, M|264/264\n|move|p2a: Garchomp|Outrage|p1a: Feraligatr\n|-damage|p1a: Feraligatr|144/264\n|\n|upkeep\n|turn|4\n|inactive|Time left: 300 sec this turn | 300 sec total\n|\n|t:|1783545902\n|move|p2a: Garchomp|Outrage|p1a: Feraligatr|[from] lockedmove\n|-damage|p1a: Feraligatr|21/264\n|-start|p2a: Garchomp|confusion|[fatigue]\n|move|p1a: Feraligatr|Ice Punch|p2a: Garchomp\n|-supereffective|p2a: Garchomp\n|-damage|p2a: Garchomp|0 fnt\n|-damage|p1a: Feraligatr|0 fnt|[from] ability: Rough Skin|[of] p2a: Garchomp\n|faint|p2a: Garchomp\n|faint|p1a: Feraligatr\n|\n|upkeep\n|inactive|Time left: 300 sec this turn | 300 sec total | 5 sec grace\n|\n|t:|1783545903\n|switch|p2a: Lunala|Lunala, L70|100/100\n|switch|p1a: Miraidon|Miraidon, L65|111/238\n|-activate|p1a: Miraidon|ability: Hadron Engine\n|turn|5\n|inactive|Time left: 300 sec this turn | 300 sec total\n|\n|t:|1783545904\n|move|p1a: Miraidon|Electro Drift|p2a: Lunala\n|-damage|p2a: Lunala|62/100\n|move|p2a: Lunala|Moongeist Beam|p1a: Miraidon\n|-damage|p1a: Miraidon|12/238\n|\n|-heal|p2a: Lunala|68/100|[from] item: Leftovers\n|-fieldend|move: Electric Terrain\n|upkeep\n|turn|6\n|inactive|Time left: 300 sec this turn | 300 sec total\n|\n|t:|1783545905\n|move|p1a: Miraidon|Electro Drift|p2a: Lunala\n|-damage|p2a: Lunala|22/100\n|move|p2a: Lunala|Moonlight|p2a: Lunala\n|-heal|p2a: Lunala|72/100\n|\n|-heal|p2a: Lunala|78/100|[from] item: Leftovers\n|upkeep\n|turn|7\n|inactive|Time left: 300 sec this turn | 300 sec total\n|\n|t:|1783545906\n|move|p1a: Miraidon|Electro Drift|p2a: Lunala\n|-damage|p2a: Lunala|33/100\n|move|p2a: Lunala|Calm Mind|p2a: Lunala\n|-boost|p2a: Lunala|spa|1\n|-boost|p2a: Lunala|spd|1\n|\n|-heal|p2a: Lunala|39/100|[from] item: Leftovers\n|upkeep\n|turn|8\n|inactive|Time left: 300 sec this turn | 300 sec total\n|\n|t:|1783545907\n|-terastallize|p1a: Miraidon|Electric\n|move|p1a: Miraidon|Electro Drift|p2a: Lunala\n|-damage|p2a: Lunala|4/100\n|move|p2a: Lunala|Moonlight|p2a: Lunala\n|-heal|p2a: Lunala|54/100\n|\n|-heal|p2a: Lunala|60/100|[from] item: Leftovers\n|upkeep\n|turn|9\n|inactive|Time left: 300 sec this turn | 300 sec total\n|\n|t:|1783545908\n|move|p1a: Miraidon|Electro Drift|p2a: Lunala\n|-damage|p2a: Lunala|20/100\n|move|p2a: Lunala|Moonlight|p2a: Lunala\n|-heal|p2a: Lunala|70/100\n|\n|-heal|p2a: Lunala|76/100|[from] item: Leftovers\n|upkeep\n|turn|10\n|inactive|Time left: 300 sec this turn | 300 sec total\n|\n|t:|1783545909\n|move|p1a: Miraidon|Electro Drift|p2a: Lunala\n|-damage|p2a: Lunala|37/100\n|move|p2a: Lunala|Calm Mind|p2a: Lunala\n|-boost|p2a: Lunala|spa|1\n|-boost|p2a: Lunala|spd|1\n|\n|-heal|p2a: Lunala|43/100|[from] item: Leftovers\n|upkeep\n|turn|11\n|inactive|Time left: 300 sec this turn | 300 sec total\n|\n|t:|1783545910\n|switch|p1a: Goodra|Goodra-Hisui, L82, M|265/265\n|move|p2a: Lunala|Moongeist Beam|p1a: Goodra\n|-damage|p1a: Goodra|172/265\n|\n|-heal|p2a: Lunala|49/100|[from] item: Leftovers\n|upkeep\n|turn|12\n|inactive|Time left: 300 sec this turn | 300 sec total\n|\n|t:|1783545911\n|move|p2a: Lunala|Focus Blast|p1a: Goodra|[miss]\n|-miss|p2a: Lunala|p1a: Goodra\n|move|p1a: Goodra|Heavy Slam|p2a: Lunala\n|-damage|p2a: Lunala|25/100\n|\n|-heal|p2a: Lunala|31/100|[from] item: Leftovers\n|upkeep\n|turn|13\n|inactive|Time left: 300 sec this turn | 300 sec total\n|\n|t:|1783545912\n|move|p2a: Lunala|Moonlight|p2a: Lunala\n|-heal|p2a: Lunala|81/100\n|move|p1a: Goodra|Earthquake|p2a: Lunala\n|-damage|p2a: Lunala|53/100\n|\n|-heal|p2a: Lunala|60/100|[from] item: Leftovers\n|upkeep\n|turn|14\n|inactive|Time left: 300 sec this turn | 300 sec total\n|\n|t:|1783545913\n|move|p2a: Lunala|Moongeist Beam|p1a: Goodra\n|-damage|p1a: Goodra|85/265\n|move|p1a: Goodra|Earthquake|p2a: Lunala\n|-damage|p2a: Lunala|33/100\n|\n|-heal|p2a: Lunala|39/100|[from] item: Leftovers\n|upkeep\n|turn|15\n|inactive|Time left: 300 sec this turn | 300 sec total\n|\n|t:|1783545914\n|switch|p1a: Miraidon|Miraidon, L65, tera:Electric|12/238\n|-fieldstart|move: Electric Terrain|[from] ability: Hadron Engine|[of] p1a: Miraidon\n|move|p2a: Lunala|Moonlight|p2a: Lunala\n|-heal|p2a: Lunala|89/100\n|\n|-heal|p2a: Lunala|95/100|[from] item: Leftovers\n|upkeep\n|turn|16\n|inactive|Time left: 300 sec this turn | 300 sec total\n|\n|t:|1783545915\n|move|p1a: Miraidon|Draco Meteor|p2a: Lunala\n|-damage|p2a: Lunala|56/100\n|-unboost|p1a: Miraidon|spa|2\n|move|p2a: Lunala|Moongeist Beam|p1a: Miraidon\n|-damage|p1a: Miraidon|0 fnt\n|faint|p1a: Miraidon\n|\n|-heal|p2a: Lunala|62/100|[from] item: Leftovers\n|upkeep\n|inactive|Time left: 300 sec this turn | 300 sec total | 5 sec grace\n|\n|t:|1783545917\n|switch|p1a: Zamazenta|Zamazenta, L71|248/248\n|-ability|p1a: Zamazenta|Dauntless Shield|boost\n|-boost|p1a: Zamazenta|def|1\n|turn|17\n|inactive|Time left: 300 sec this turn | 300 sec total\n|\n|t:|1783545918\n|move|p1a: Zamazenta|Iron Head|p2a: Lunala\n|-damage|p2a: Lunala|32/100\n|move|p2a: Lunala|Moongeist Beam|p1a: Zamazenta\n|-damage|p1a: Zamazenta|68/248\n|\n|-heal|p2a: Lunala|38/100|[from] item: Leftovers\n|upkeep\n|turn|18\n|inactive|Time left: 300 sec this turn | 300 sec total\n|\n|t:|1783545919\n|move|p1a: Zamazenta|Iron Head|p2a: Lunala\n|-damage|p2a: Lunala|12/100\n|move|p2a: Lunala|Moonlight|p2a: Lunala\n|-heal|p2a: Lunala|62/100\n|\n|-heal|p2a: Lunala|68/100|[from] item: Leftovers\n|upkeep\n|turn|19\n|inactive|Time left: 300 sec this turn | 300 sec total\n|\n|t:|1783545920\n|move|p1a: Zamazenta|Iron Head|p2a: Lunala\n|-damage|p2a: Lunala|42/100\n|cant|p2a: Lunala|flinch\n|\n|-heal|p2a: Lunala|48/100|[from] item: Leftovers\n|-fieldend|move: Electric Terrain\n|upkeep\n|turn|20\n|inactive|Time left: 300 sec this turn | 300 sec total\n|\n|t:|1783545921\n|move|p1a: Zamazenta|Iron Head|p2a: Lunala\n|-damage|p2a: Lunala|19/100\n|cant|p2a: Lunala|flinch\n|\n|-heal|p2a: Lunala|25/100|[from] item: Leftovers\n|upkeep\n|turn|21\n|inactive|Time left: 300 sec this turn | 300 sec total\n|\n|t:|1783545922\n|switch|p2a: Great Tusk|Great Tusk, L77|100/100\n|move|p1a: Zamazenta|Iron Head|p2a: Great Tusk\n|-damage|p2a: Great Tusk|80/100\n|\n|upkeep\n|turn|22\n|inactive|Time left: 300 sec this turn | 300 sec total\n|\n|t:|1783545923\n|move|p1a: Zamazenta|Iron Head|p2a: Great Tusk\n|-damage|p2a: Great Tusk|59/100\n|cant|p2a: Great Tusk|flinch\n|\n|upkeep\n|turn|23\n|inactive|Time left: 300 sec this turn | 300 sec total\n|\n|t:|1783545924\n|move|p1a: Zamazenta|Iron Head|p2a: Great Tusk\n|-damage|p2a: Great Tusk|38/100\n|move|p2a: Great Tusk|Knock Off|p1a: Zamazenta\n|-resisted|p1a: Zamazenta\n|-damage|p1a: Zamazenta|46/248\n|-enditem|p1a: Zamazenta|Choice Band|[from] move: Knock Off|[of] p2a: Great Tusk\n|\n|upkeep\n|turn|24\n|inactive|Time left: 300 sec this turn | 300 sec total\n|\n|t:|1783545925\n|move|p1a: Zamazenta|Close Combat|p2a: Great Tusk\n|-damage|p2a: Great Tusk|9/100\n|-unboost|p1a: Zamazenta|def|1\n|-unboost|p1a: Zamazenta|spd|1\n|move|p2a: Great Tusk|Headlong Rush|p1a: Zamazenta\n|-damage|p1a: Zamazenta|0 fnt\n|-unboost|p2a: Great Tusk|def|1\n|-unboost|p2a: Great Tusk|spd|1\n|faint|p1a: Zamazenta\n|\n|upkeep\n|inactive|Time left: 300 sec this turn | 300 sec total | 5 sec grace\n|\n|t:|1783545926\n|switch|p1a: Gothitelle|Gothitelle, L90, F|272/272\n|turn|25\n|inactive|Time left: 300 sec this turn | 300 sec total\n|\n|t:|1783545927\n|move|p2a: Great Tusk|Knock Off|p1a: Gothitelle\n|-supereffective|p1a: Gothitelle\n|-damage|p1a: Gothitelle|136/272\n|-enditem|p1a: Gothitelle|Leftovers|[from] move: Knock Off|[of] p2a: Great Tusk\n|move|p1a: Gothitelle|Dark Pulse|p2a: Great Tusk\n|-resisted|p2a: Great Tusk\n|-damage|p2a: Great Tusk|0 fnt\n|faint|p2a: Great Tusk\n|-end|p2a: Great Tusk|Protosynthesis|[silent]\n|\n|upkeep\n|\n|t:|1783545928\n|switch|p2a: Houndoom|Houndoom, L87, F|100/100\n|turn|26\n|inactive|Time left: 300 sec this turn | 300 sec total\n|\n|t:|1783545928\n|move|p2a: Houndoom|Dark Pulse|p1a: Gothitelle\n|-supereffective|p1a: Gothitelle\n|-damage|p1a: Gothitelle|0 fnt\n|faint|p1a: Gothitelle\n|\n|upkeep\n|inactive|Time left: 300 sec this turn | 300 sec total | 5 sec grace\n|\n|t:|1783545929\n|switch|p1a: Goodra|Goodra-Hisui, L82, M|85/265\n|turn|27\n|inactive|Time left: 300 sec this turn | 300 sec total\n|\n|t:|1783545930\n|-terastallize|p2a: Houndoom|Dark\n|move|p2a: Houndoom|Sucker Punch|p1a: Goodra\n|-damage|p1a: Goodra|0 fnt\n|faint|p1a: Goodra\n|\n|upkeep\n|inactive|Time left: 300 sec this turn | 300 sec total | 5 sec grace\n|\n|t:|1783545930\n|switch|p1a: Gholdengo|Gholdengo, L77|261/261\n|turn|28\n|inactive|Time left: 300 sec this turn | 300 sec total\n|\n|t:|1783545931\n|move|p2a: Houndoom|Dark Pulse|p1a: Gholdengo\n|-supereffective|p1a: Gholdengo\n|-damage|p1a: Gholdengo|1/261\n|cant|p1a: Gholdengo|flinch\n|\n|-heal|p1a: Gholdengo|17/261|[from] item: Leftovers\n|upkeep\n|turn|29\n|inactive|Time left: 300 sec this turn | 300 sec total\n|\n|t:|1783545932\n|move|p2a: Houndoom|Dark Pulse|p1a: Gholdengo\n|-supereffective|p1a: Gholdengo\n|-crit|p1a: Gholdengo\n|-damage|p1a: Gholdengo|0 fnt\n|faint|p1a: Gholdengo\n|\n|win|p0y526be78", "uploadtime": 1783545932, "views": 0, "rating": 0, "private": 0, "password": null, "_winner": "p0y526be78", "_our_name": "p0x526f5ca"}