{"id": "battle-gen9randombattle-198", "formatid": "gen9randombattle", "format": "[Gen 9] Random Battle", "players": ["p0x198e8fe", "p0y198de23"], "log": "|init|battle\n|title|p0x198e8fe vs. p0y198de23\n|j|\u2606p0x198e8fe\n|j|\u2606p0y198de23\n|t:|1783541860\n|gametype|singles\n|player|p1|p0x198e8fe|102|\n|player|p2|p0y198de23|101|\n|gen|9\n|tier|[Gen 9] Random Battle\n|rule|Species Clause: Limit one of each Pok\u00e9mon\n|rule|HP Percentage Mod: HP is shown in percentages\n|rule|Sleep Clause Mod: Limit one foe put to sleep\n|rule|Illusion Level Mod: Illusion disguises the Pok\u00e9mon's true level\n|\n|t:|1783541860\n|teamsize|p1|6\n|teamsize|p2|6\n|start\n|switch|p1a: Sudowoodo|Sudowoodo, L94, F|284/284\n|switch|p2a: Necrozma|Necrozma, L80|100/100\n|turn|1\n|inactive|Battle timer is ON: inactive players will automatically lose when time's up. (requested by p0y198de23)\n|inactive|Time left: 300 sec this turn | 300 sec total | 60 sec grace\n|inactive|p0x198e8fe also wants the timer to be on.\n|\n|t:|1783541861\n|move|p2a: Necrozma|Photon Geyser|p1a: Sudowoodo\n|-damage|p1a: Sudowoodo|109/284\n|-damage|p2a: Necrozma|91/100|[from] item: Life Orb\n|move|p1a: Sudowoodo|Head Smash|p2a: Necrozma\n|-damage|p2a: Necrozma|30/100\n|\n|-heal|p1a: Sudowoodo|126/284|[from] item: Leftovers\n|upkeep\n|turn|2\n|inactive|Time left: 300 sec this turn | 300 sec total\n|\n|t:|1783541863\n|switch|p1a: Baxcalibur|Baxcalibur, L75, F|295/295\n|move|p2a: Necrozma|Photon Geyser|p1a: Baxcalibur\n|-damage|p1a: Baxcalibur|110/295\n|-damage|p2a: Necrozma|20/100|[from] item: Life Orb\n|\n|upkeep\n|turn|3\n|inactive|Time left: 300 sec this turn | 300 sec total\n|\n|t:|1783541864\n|switch|p2a: Cetitan|Cetitan, L82, F|100/100\n|move|p1a: Baxcalibur|Icicle Spear|p2a: Cetitan\n|-resisted|p2a: Cetitan\n|-damage|p2a: Cetitan|98/100\n|-resisted|p2a: Cetitan\n|-damage|p2a: Cetitan|96/100\n|-resisted|p2a: Cetitan\n|-damage|p2a: Cetitan|94/100\n|-resisted|p2a: Cetitan\n|-damage|p2a: Cetitan|91/100\n|-hitcount|p2a: Cetitan|4\n|\n|upkeep\n|turn|4\n|inactive|Time left: 300 sec this turn | 300 sec total\n|\n|t:|1783541865\n|move|p1a: Baxcalibur|Scale Shot|p2a: Cetitan\n|-damage|p2a: Cetitan|82/100\n|-damage|p2a: Cetitan|72/100\n|-damage|p2a: Cetitan|63/100\n|-crit|p2a: Cetitan\n|-damage|p2a: Cetitan|49/100\n|-enditem|p2a: Cetitan|Sitrus Berry|[eat]\n|-heal|p2a: Cetitan|74/100|[from] item: Sitrus Berry\n|-hitcount|p2a: Cetitan|4\n|-unboost|p1a: Baxcalibur|def|1\n|-boost|p1a: Baxcalibur|spe|1\n|move|p2a: Cetitan|Belly Drum|p2a: Cetitan\n|-damage|p2a: Cetitan|24/100\n|-setboost|p2a: Cetitan|atk|6|[from] move: Belly Drum\n|\n|upkeep\n|turn|5\n|inactive|Time left: 300 sec this turn | 300 sec total\n|\n|t:|1783541866\n|move|p2a: Cetitan|Ice Shard|p1a: Baxcalibur\n|-damage|p1a: Baxcalibur|0 fnt\n|faint|p1a: Baxcalibur\n|\n|upkeep\n|inactive|Time left: 300 sec this turn | 300 sec total | 5 sec grace\n|\n|t:|1783541867\n|switch|p1a: Veluza|Veluza, L85, M|292/292\n|turn|6\n|inactive|Time left: 300 sec this turn | 300 sec total\n|\n|t:|1783541868\n|move|p2a: Cetitan|Ice Shard|p1a: Veluza\n|-resisted|p1a: Veluza\n|-damage|p1a: Veluza|187/292\n|move|p1a: Veluza|Psycho Cut|p2a: Cetitan\n|-damage|p2a: Cetitan|0 fnt\n|faint|p2a: Cetitan\n|\n|upkeep\n|\n|t:|1783541869\n|switch|p2a: Dodrio|Dodrio, L85, F|100/100\n|turn|7\n|inactive|Time left: 300 sec this turn | 300 sec total\n|\n|t:|1783541870\n|switch|p1a: Sudowoodo|Sudowoodo, L94, F|126/284\n|move|p2a: Dodrio|Brave Bird|p1a: Sudowoodo\n|-resisted|p1a: Sudowoodo\n|-damage|p1a: Sudowoodo|49/284\n|-damage|p2a: Dodrio|90/100|[from] Recoil\n|\n|-heal|p1a: Sudowoodo|66/284|[from] item: Leftovers\n|upkeep\n|turn|8\n|inactive|Time left: 300 sec this turn | 300 sec total\n|\n|t:|1783541871\n|move|p2a: Dodrio|Brave Bird|p1a: Sudowoodo\n|-resisted|p1a: Sudowoodo\n|-damage|p1a: Sudowoodo|0 fnt\n|faint|p1a: Sudowoodo\n|-damage|p2a: Dodrio|81/100|[from] Recoil\n|\n|upkeep\n|inactive|Time left: 300 sec this turn | 300 sec total | 5 sec grace\n|\n|t:|1783541872\n|switch|p1a: Pikachu|Pikachu-Unova, L93, M|216/216\n|turn|9\n|inactive|Time left: 300 sec this turn | 300 sec total\n|\n|t:|1783541873\n|move|p2a: Dodrio|Brave Bird|p1a: Pikachu\n|-resisted|p1a: Pikachu\n|-damage|p1a: Pikachu|59/216\n|-damage|p2a: Dodrio|59/100|[from] Recoil\n|move|p1a: Pikachu|Volt Switch|p2a: Dodrio\n|-supereffective|p2a: Dodrio\n|-damage|p2a: Dodrio|0 fnt\n|faint|p2a: Dodrio\n|inactive|Time left: 300 sec this turn | 300 sec total | 5 sec grace\n|\n|t:|1783541874\n|switch|p1a: Sceptile|Sceptile, L87, F|264/264|[from] Volt Switch\n|\n|upkeep\n|\n|t:|1783541875\n|switch|p2a: Honchkrow|Honchkrow, L86, F|100/100\n|turn|10\n|inactive|Time left: 300 sec this turn | 300 sec total\n|\n|t:|1783541876\n|move|p1a: Sceptile|Substitute|p1a: Sceptile\n|-start|p1a: Sceptile|Substitute\n|-damage|p1a: Sceptile|198/264\n|move|p2a: Honchkrow|Brave Bird|p1a: Sceptile\n|-supereffective|p1a: Sceptile\n|-end|p1a: Sceptile|Substitute\n|-damage|p2a: Honchkrow|93/100|[from] Recoil|[of] p1a: Sceptile\n|\n|-heal|p1a: Sceptile|214/264|[from] item: Leftovers\n|upkeep\n|turn|11\n|inactive|Time left: 300 sec this turn | 300 sec total\n|\n|t:|1783541877\n|move|p1a: Sceptile|Substitute|p1a: Sceptile\n|-start|p1a: Sceptile|Substitute\n|-damage|p1a: Sceptile|148/264\n|move|p2a: Honchkrow|Heat Wave|p1a: Sceptile\n|-supereffective|p1a: Sceptile\n|-end|p1a: Sceptile|Substitute\n|\n|-heal|p1a: Sceptile|164/264|[from] item: Leftovers\n|upkeep\n|turn|12\n|inactive|Time left: 300 sec this turn | 300 sec total\n|\n|t:|1783541878\n|move|p1a: Sceptile|Substitute|p1a: Sceptile\n|-start|p1a: Sceptile|Substitute\n|-damage|p1a: Sceptile|98/264\n|move|p2a: Honchkrow|Brave Bird|p1a: Sceptile\n|-supereffective|p1a: Sceptile\n|-end|p1a: Sceptile|Substitute\n|-damage|p2a: Honchkrow|86/100|[from] Recoil|[of] p1a: Sceptile\n|\n|-heal|p1a: Sceptile|114/264|[from] item: Leftovers\n|upkeep\n|turn|13\n|inactive|Time left: 300 sec this turn | 300 sec total\n|\n|t:|1783541879\n|move|p1a: Sceptile|Substitute|p1a: Sceptile\n|-start|p1a: Sceptile|Substitute\n|-damage|p1a: Sceptile|48/264\n|move|p2a: Honchkrow|Brave Bird|p1a: Sceptile\n|-supereffective|p1a: Sceptile\n|-end|p1a: Sceptile|Substitute\n|-damage|p2a: Honchkrow|79/100|[from] Recoil|[of] p1a: Sceptile\n|\n|-heal|p1a: Sceptile|64/264|[from] item: Leftovers\n|upkeep\n|turn|14\n|inactive|Time left: 300 sec this turn | 300 sec total\n|\n|t:|1783541880\n|move|p1a: Sceptile|Giga Drain|p2a: Honchkrow\n|-resisted|p2a: Honchkrow\n|-damage|p2a: Honchkrow|50/100\n|-heal|p1a: Sceptile|109/264|[from] drain|[of] p2a: Honchkrow\n|move|p2a: Honchkrow|Brave Bird|p1a: Sceptile\n|-supereffective|p1a: Sceptile\n|-damage|p1a: Sceptile|0 fnt\n|faint|p1a: Sceptile\n|-ability|p2a: Honchkrow|Moxie|boost\n|-boost|p2a: Honchkrow|atk|1\n|-damage|p2a: Honchkrow|39/100|[from] Recoil\n|\n|upkeep\n|inactive|Time left: 300 sec this turn | 300 sec total | 5 sec grace\n|\n|t:|1783541880\n|switch|p1a: Slither Wing|Slither Wing, L81|270/270\n|turn|15\n|inactive|Time left: 300 sec this turn | 300 sec total\n|\n|t:|1783541881\n|switch|p2a: Skuntank|Skuntank, L84, M|100/100\n|move|p1a: Slither Wing|First Impression|p2a: Skuntank\n|-damage|p2a: Skuntank|41/100\n|-damage|p1a: Slither Wing|243/270|[from] item: Life Orb\n|\n|-heal|p2a: Skuntank|48/100|[from] item: Leftovers\n|upkeep\n|turn|16\n|inactive|Time left: 300 sec this turn | 300 sec total\n|\n|t:|1783541882\n|move|p2a: Skuntank|Gunk Shot|p1a: Slither Wing\n|-damage|p1a: Slither Wing|104/270\n|-status|p1a: Slither Wing|psn\n|move|p1a: Slither Wing|U-turn|p2a: Skuntank\n|-damage|p2a: Skuntank|1/100\n|-damage|p1a: Slither Wing|77/270 psn|[from] item: Life Orb\n|inactive|Time left: 300 sec this turn | 300 sec total | 5 sec grace\n|\n|t:|1783541883\n|-end|p1a: Slither Wing|Protosynthesis|[silent]\n|switch|p1a: Pikachu|Pikachu-Unova, L93, M|59/216|[from] U-turn\n|\n|-heal|p2a: Skuntank|7/100|[from] item: Leftovers\n|upkeep\n|turn|17\n|inactive|Time left: 300 sec this turn | 300 sec total\n|\n|t:|1783541884\n|move|p1a: Pikachu|Volt Switch|p2a: Skuntank\n|-damage|p2a: Skuntank|0 fnt\n|faint|p2a: Skuntank\n|inactive|Time left: 300 sec this turn | 300 sec total | 5 sec grace\n|\n|t:|1783541885\n|switch|p1a: Slither Wing|Slither Wing, L81|77/270 psn|[from] Volt Switch\n|\n|-damage|p1a: Slither Wing|44/270 psn|[from] psn\n|upkeep\n|\n|t:|1783541887\n|switch|p2a: Honchkrow|Honchkrow, L86, F|39/100\n|turn|18\n|inactive|Time left: 300 sec this turn | 300 sec total\n|\n|t:|1783541888\n|move|p1a: Slither Wing|First Impression|p2a: Honchkrow\n|-damage|p2a: Honchkrow|0 fnt\n|faint|p2a: Honchkrow\n|-damage|p1a: Slither Wing|17/270 psn|[from] item: Life Orb\n|\n|-damage|p1a: Slither Wing|0 fnt|[from] psn\n|faint|p1a: Slither Wing\n|-end|p1a: Slither Wing|Protosynthesis|[silent]\n|upkeep\n|inactive|Time left: 300 sec this turn | 300 sec total | 5 sec grace\n|\n|t:|1783541889\n|switch|p1a: Pikachu|Pikachu-Unova, L93, M|59/216\n|switch|p2a: Necrozma|Necrozma, L80|20/100\n|turn|19\n|inactive|Time left: 300 sec this turn | 300 sec total\n|\n|t:|1783541890\n|switch|p2a: Dugtrio|Dugtrio, L84, M|100/100\n|move|p1a: Pikachu|Surf|p2a: Dugtrio\n|-supereffective|p2a: Dugtrio\n|-damage|p2a: Dugtrio|0 fnt\n|faint|p2a: Dugtrio\n|\n|upkeep\n|\n|t:|1783541891\n|switch|p2a: Necrozma|Necrozma, L80|20/100\n|turn|20\n|inactive|Time left: 300 sec this turn | 300 sec total\n|\n|t:|1783541892\n|-terastallize|p2a: Necrozma|Steel\n|move|p1a: Pikachu|Knock Off|p2a: Necrozma\n|-damage|p2a: Necrozma|0 fnt\n|-enditem|p2a: Necrozma|Life Orb|[from] move: Knock Off|[of] p1a: Pikachu\n|faint|p2a: Necrozma\n|\n|win|p0x198e8fe", "uploadtime": 1783541892, "views": 0, "rating": 0, "private": 0, "password": null, "_winner": "p0x198e8fe", "_our_name": "p0x198e8fe"}