{"id": "battle-gen9randombattle-1514", "formatid": "gen9randombattle", "format": "[Gen 9] Random Battle", "players": ["p0x151404ff", "p0y1514768e"], "log": "|init|battle\n|title|p0x151404ff vs. p0y1514768e\n|j|\u2606p0x151404ff\n|j|\u2606p0y1514768e\n|t:|1783557615\n|gametype|singles\n|player|p1|p0x151404ff|101|\n|player|p2|p0y1514768e|102|\n|gen|9\n|tier|[Gen 9] Random Battle\n|rule|Species Clause: Limit one of each Pok\u00e9mon\n|rule|HP Percentage Mod: HP is shown in percentages\n|rule|Sleep Clause Mod: Limit one foe put to sleep\n|rule|Illusion Level Mod: Illusion disguises the Pok\u00e9mon's true level\n|\n|t:|1783557615\n|teamsize|p1|6\n|teamsize|p2|6\n|start\n|switch|p1a: Iron Bundle|Iron Bundle, L78|215/215\n|switch|p2a: Gurdurr|Gurdurr, L85, F|100/100\n|turn|1\n|inactive|Battle timer is ON: inactive players will automatically lose when time's up. (requested by p0y1514768e)\n|inactive|Time left: 300 sec this turn | 300 sec total | 60 sec grace\n|inactive|p0x151404ff also wants the timer to be on.\n|\n|t:|1783557616\n|-end|p1a: Iron Bundle|Quark Drive|[silent]\n|switch|p1a: Honchkrow|Honchkrow, L86, M|312/312\n|move|p2a: Gurdurr|Drain Punch|p1a: Honchkrow\n|-damage|p1a: Honchkrow|180/312\n|\n|upkeep\n|turn|2\n|inactive|Time left: 300 sec this turn | 300 sec total\n|\n|t:|1783557618\n|move|p1a: Honchkrow|Brave Bird|p2a: Gurdurr\n|-supereffective|p2a: Gurdurr\n|-damage|p2a: Gurdurr|28/100\n|-damage|p1a: Honchkrow|113/312|[from] Recoil\n|move|p2a: Gurdurr|Drain Punch|p1a: Honchkrow\n|-damage|p1a: Honchkrow|0 fnt\n|-heal|p2a: Gurdurr|49/100|[from] drain|[of] p1a: Honchkrow\n|faint|p1a: Honchkrow\n|\n|upkeep\n|inactive|Time left: 300 sec this turn | 300 sec total | 5 sec grace\n|\n|t:|1783557619\n|switch|p1a: Latios|Latios, L78, M|253/253\n|turn|3\n|inactive|Time left: 300 sec this turn | 300 sec total\n|\n|t:|1783557620\n|switch|p2a: Gothitelle|Gothitelle, L90, F|100/100\n|move|p1a: Latios|Luster Purge|p2a: Gothitelle\n|-resisted|p2a: Gothitelle\n|-damage|p2a: Gothitelle|82/100\n|-unboost|p2a: Gothitelle|spd|1\n|\n|-heal|p2a: Gothitelle|88/100|[from] item: Leftovers\n|upkeep\n|turn|4\n|inactive|Time left: 300 sec this turn | 300 sec total\n|\n|t:|1783557622\n|switch|p2a: Bisharp|Bisharp, L79, F|100/100\n|move|p1a: Latios|Luster Purge|p2a: Bisharp\n|-immune|p2a: Bisharp\n|\n|upkeep\n|turn|5\n|inactive|Time left: 300 sec this turn | 300 sec total\n|\n|t:|1783557623\n|move|p1a: Latios|Aura Sphere|p2a: Bisharp\n|-supereffective|p2a: Bisharp\n|-damage|p2a: Bisharp|18/100\n|move|p2a: Bisharp|Swords Dance|p2a: Bisharp\n|-boost|p2a: Bisharp|atk|2\n|\n|upkeep\n|turn|6\n|inactive|Time left: 300 sec this turn | 300 sec total\n|\n|t:|1783557624\n|-terastallize|p1a: Latios|Fighting\n|move|p2a: Bisharp|Sucker Punch|p1a: Latios\n|-resisted|p1a: Latios\n|-damage|p1a: Latios|155/253\n|move|p1a: Latios|Aura Sphere|p2a: Bisharp\n|-supereffective|p2a: Bisharp\n|-damage|p2a: Bisharp|0 fnt\n|faint|p2a: Bisharp\n|\n|upkeep\n|\n|t:|1783557625\n|switch|p2a: Indeedee|Indeedee, L84, M|100/100\n|-fieldstart|move: Psychic Terrain|[from] ability: Psychic Surge|[of] p2a: Indeedee\n|turn|7\n|inactive|Time left: 300 sec this turn | 300 sec total\n|\n|t:|1783557626\n|switch|p1a: Meloetta|Meloetta, L82|298/298\n|move|p2a: Indeedee|Expanding Force|p1a: Meloetta\n|-resisted|p1a: Meloetta\n|-damage|p1a: Meloetta|226/298\n|\n|upkeep\n|turn|8\n|inactive|Time left: 300 sec this turn | 300 sec total\n|\n|t:|1783557627\n|switch|p2a: Sudowoodo|Sudowoodo, L94, F|100/100\n|move|p1a: Meloetta|Knock Off|p2a: Sudowoodo\n|-damage|p2a: Sudowoodo|83/100\n|-enditem|p2a: Sudowoodo|Choice Band|[from] move: Knock Off|[of] p1a: Meloetta\n|-damage|p1a: Meloetta|197/298|[from] item: Life Orb\n|\n|upkeep\n|turn|9\n|inactive|Time left: 300 sec this turn | 300 sec total\n|\n|t:|1783557628\n|move|p1a: Meloetta|Relic Song|p2a: Sudowoodo\n|-resisted|p2a: Sudowoodo\n|-damage|p2a: Sudowoodo|60/100\n|-status|p2a: Sudowoodo|slp|[from] move: Relic Song\n|-formechange|p1a: Meloetta|Meloetta-Pirouette|[msg]\n|-damage|p1a: Meloetta|168/298|[from] item: Life Orb\n|cant|p2a: Sudowoodo|slp\n|\n|upkeep\n|turn|10\n|inactive|Time left: 300 sec this turn | 300 sec total\n|\n|t:|1783557629\n|move|p1a: Meloetta|Close Combat|p2a: Sudowoodo\n|-supereffective|p2a: Sudowoodo\n|-damage|p2a: Sudowoodo|0 fnt\n|-unboost|p1a: Meloetta|def|1\n|-unboost|p1a: Meloetta|spd|1\n|faint|p2a: Sudowoodo\n|-damage|p1a: Meloetta|139/298|[from] item: Life Orb\n|\n|upkeep\n|\n|t:|1783557630\n|switch|p2a: Indeedee|Indeedee, L84, M|100/100\n|turn|11\n|inactive|Time left: 300 sec this turn | 300 sec total\n|\n|t:|1783557631\n|move|p2a: Indeedee|Expanding Force|p1a: Meloetta\n|-supereffective|p1a: Meloetta\n|-damage|p1a: Meloetta|0 fnt\n|faint|p1a: Meloetta\n|\n|-fieldend|move: Psychic Terrain\n|upkeep\n|inactive|Time left: 300 sec this turn | 300 sec total | 5 sec grace\n|\n|t:|1783557632\n|switch|p1a: Smeargle|Smeargle, L95, F|258/258\n|turn|12\n|inactive|Time left: 300 sec this turn | 300 sec total\n|\n|t:|1783557633\n|move|p2a: Indeedee|Expanding Force|p1a: Smeargle\n|-damage|p1a: Smeargle|135/258\n|move|p1a: Smeargle|Shell Smash|p1a: Smeargle\n|-unboost|p1a: Smeargle|def|1\n|-unboost|p1a: Smeargle|spd|1\n|-boost|p1a: Smeargle|atk|2\n|-boost|p1a: Smeargle|spa|2\n|-boost|p1a: Smeargle|spe|2\n|\n|upkeep\n|turn|13\n|inactive|Time left: 300 sec this turn | 300 sec total\n|\n|t:|1783557634\n|move|p1a: Smeargle|Spore|p2a: Indeedee\n|-status|p2a: Indeedee|slp|[from] move: Spore\n|cant|p2a: Indeedee|slp\n|\n|upkeep\n|turn|14\n|inactive|Time left: 300 sec this turn | 300 sec total\n|\n|t:|1783557635\n|move|p1a: Smeargle|Population Bomb|p2a: Indeedee\n|-damage|p2a: Indeedee|80/100 slp\n|-damage|p2a: Indeedee|61/100 slp\n|-damage|p2a: Indeedee|43/100 slp\n|-damage|p2a: Indeedee|24/100 slp\n|-damage|p2a: Indeedee|5/100 slp\n|-damage|p2a: Indeedee|0 fnt\n|faint|p2a: Indeedee\n|-hitcount|p2: Indeedee|6\n|\n|upkeep\n|\n|t:|1783557636\n|switch|p2a: Gurdurr|Gurdurr, L85, F|49/100\n|turn|15\n|inactive|Time left: 300 sec this turn | 300 sec total\n|\n|t:|1783557637\n|switch|p1a: Latios|Latios, L78, M, tera:Fighting|155/253\n|move|p2a: Gurdurr|Mach Punch|p1a: Latios\n|-damage|p1a: Latios|97/253\n|\n|upkeep\n|turn|16\n|inactive|Time left: 300 sec this turn | 300 sec total\n|\n|t:|1783557638\n|switch|p2a: Lurantis|Lurantis, L87, F|100/100\n|move|p1a: Latios|Recover|p1a: Latios\n|-heal|p1a: Latios|224/253\n|\n|upkeep\n|turn|17\n|inactive|Time left: 300 sec this turn | 300 sec total\n|\n|t:|1783557639\n|move|p1a: Latios|Luster Purge|p2a: Lurantis\n|-crit|p2a: Lurantis\n|-damage|p2a: Lurantis|30/100\n|move|p2a: Lurantis|Superpower|p1a: Latios\n|-damage|p1a: Latios|123/253\n|-boost|p2a: Lurantis|atk|1\n|-boost|p2a: Lurantis|def|1\n|\n|-heal|p2a: Lurantis|36/100|[from] item: Leftovers\n|upkeep\n|turn|18\n|inactive|Time left: 300 sec this turn | 300 sec total\n|\n|t:|1783557640\n|switch|p2a: Gothitelle|Gothitelle, L90, F|88/100\n|move|p1a: Latios|Luster Purge|p2a: Gothitelle\n|-resisted|p2a: Gothitelle\n|-damage|p2a: Gothitelle|69/100\n|\n|-heal|p2a: Gothitelle|75/100|[from] item: Leftovers\n|upkeep\n|turn|19\n|inactive|Time left: 300 sec this turn | 300 sec total\n|\n|t:|1783557641\n|move|p1a: Latios|Draco Meteor|p2a: Gothitelle\n|-damage|p2a: Gothitelle|22/100\n|-unboost|p1a: Latios|spa|2\n|move|p2a: Gothitelle|Calm Mind|p2a: Gothitelle\n|-boost|p2a: Gothitelle|spa|1\n|-boost|p2a: Gothitelle|spd|1\n|\n|-heal|p2a: Gothitelle|28/100|[from] item: Leftovers\n|upkeep\n|turn|20\n|inactive|Time left: 300 sec this turn | 300 sec total\n|\n|t:|1783557642\n|move|p1a: Latios|Luster Purge|p2a: Gothitelle\n|-resisted|p2a: Gothitelle\n|-damage|p2a: Gothitelle|22/100\n|move|p2a: Gothitelle|Calm Mind|p2a: Gothitelle\n|-boost|p2a: Gothitelle|spa|1\n|-boost|p2a: Gothitelle|spd|1\n|\n|-heal|p2a: Gothitelle|28/100|[from] item: Leftovers\n|upkeep\n|turn|21\n|inactive|Time left: 300 sec this turn | 300 sec total\n|\n|t:|1783557643\n|move|p1a: Latios|Luster Purge|p2a: Gothitelle\n|-resisted|p2a: Gothitelle\n|-damage|p2a: Gothitelle|24/100\n|-unboost|p2a: Gothitelle|spd|1\n|move|p2a: Gothitelle|Calm Mind|p2a: Gothitelle\n|-boost|p2a: Gothitelle|spa|1\n|-boost|p2a: Gothitelle|spd|1\n|\n|-heal|p2a: Gothitelle|30/100|[from] item: Leftovers\n|upkeep\n|turn|22\n|inactive|Time left: 300 sec this turn | 300 sec total\n|\n|t:|1783557644\n|move|p1a: Latios|Aura Sphere|p2a: Gothitelle\n|-resisted|p2a: Gothitelle\n|-damage|p2a: Gothitelle|27/100\n|move|p2a: Gothitelle|Calm Mind|p2a: Gothitelle\n|-boost|p2a: Gothitelle|spa|1\n|-boost|p2a: Gothitelle|spd|1\n|\n|-heal|p2a: Gothitelle|33/100|[from] item: Leftovers\n|upkeep\n|turn|23\n|inactive|Time left: 300 sec this turn | 300 sec total\n|\n|t:|1783557646\n|move|p1a: Latios|Draco Meteor|p2a: Gothitelle\n|-damage|p2a: Gothitelle|22/100\n|-unboost|p1a: Latios|spa|2\n|move|p2a: Gothitelle|Calm Mind|p2a: Gothitelle\n|-boost|p2a: Gothitelle|spa|1\n|-boost|p2a: Gothitelle|spd|1\n|\n|-heal|p2a: Gothitelle|28/100|[from] item: Leftovers\n|upkeep\n|turn|24\n|inactive|Time left: 300 sec this turn | 300 sec total\n|\n|t:|1783557647\n|move|p1a: Latios|Recover|p1a: Latios\n|-heal|p1a: Latios|250/253\n|move|p2a: Gothitelle|Dark Pulse|p1a: Latios\n|-resisted|p1a: Latios\n|-damage|p1a: Latios|155/253\n|\n|-heal|p2a: Gothitelle|34/100|[from] item: Leftovers\n|upkeep\n|turn|25\n|inactive|Time left: 300 sec this turn | 300 sec total\n|\n|t:|1783557648\n|move|p1a: Latios|Draco Meteor|p2a: Gothitelle\n|-damage|p2a: Gothitelle|28/100\n|-unboost|p1a: Latios|spa|2\n|move|p2a: Gothitelle|Calm Mind|p2a: Gothitelle\n|-boost|p2a: Gothitelle|spa|1\n|-boost|p2a: Gothitelle|spd|1\n|\n|-heal|p2a: Gothitelle|35/100|[from] item: Leftovers\n|upkeep\n|turn|26\n|inactive|Time left: 300 sec this turn | 300 sec total\n|\n|t:|1783557649\n|move|p1a: Latios|Draco Meteor|p2a: Gothitelle\n|-damage|p2a: Gothitelle|30/100\n|move|p2a: Gothitelle|Calm Mind|p2a: Gothitelle\n|-boost|p2a: Gothitelle|spa|0\n|-boost|p2a: Gothitelle|spd|1\n|\n|-heal|p2a: Gothitelle|37/100|[from] item: Leftovers\n|upkeep\n|turn|27\n|inactive|Time left: 300 sec this turn | 300 sec total\n|\n|t:|1783557650\n|move|p1a: Latios|Draco Meteor|p2a: Gothitelle\n|-damage|p2a: Gothitelle|33/100\n|move|p2a: Gothitelle|Calm Mind|p2a: Gothitelle\n|-boost|p2a: Gothitelle|spa|0\n|-boost|p2a: Gothitelle|spd|0\n|\n|-heal|p2a: Gothitelle|39/100|[from] item: Leftovers\n|upkeep\n|turn|28\n|inactive|Time left: 300 sec this turn | 300 sec total\n|\n|t:|1783557651\n|move|p1a: Latios|Draco Meteor|p2a: Gothitelle\n|-damage|p2a: Gothitelle|35/100\n|move|p2a: Gothitelle|Dark Pulse|p1a: Latios\n|-resisted|p1a: Latios\n|-damage|p1a: Latios|44/253\n|\n|-heal|p2a: Gothitelle|42/100|[from] item: Leftovers\n|upkeep\n|turn|29\n|inactive|Time left: 300 sec this turn | 300 sec total\n|\n|t:|1783557653\n|move|p1a: Latios|Draco Meteor|p2a: Gothitelle\n|-damage|p2a: Gothitelle|38/100\n|move|p2a: Gothitelle|Calm Mind|p2a: Gothitelle\n|-boost|p2a: Gothitelle|spa|0\n|-boost|p2a: Gothitelle|spd|0\n|\n|-heal|p2a: Gothitelle|45/100|[from] item: Leftovers\n|upkeep\n|turn|30\n|inactive|Time left: 300 sec this turn | 300 sec total\n|\n|t:|1783557654\n|move|p1a: Latios|Aura Sphere|p2a: Gothitelle\n|-resisted|p2a: Gothitelle\n|-damage|p2a: Gothitelle|44/100\n|move|p2a: Gothitelle|Calm Mind|p2a: Gothitelle\n|-boost|p2a: Gothitelle|spa|0\n|-boost|p2a: Gothitelle|spd|0\n|\n|-heal|p2a: Gothitelle|50/100|[from] item: Leftovers\n|upkeep\n|turn|31\n|inactive|Time left: 300 sec this turn | 300 sec total\n|\n|t:|1783557655\n|move|p1a: Latios|Draco Meteor|p2a: Gothitelle\n|-damage|p2a: Gothitelle|46/100\n|move|p2a: Gothitelle|Thunderbolt|p1a: Latios\n|-damage|p1a: Latios|0 fnt\n|faint|p1a: Latios\n|\n|-heal|p2a: Gothitelle|53/100|[from] item: Leftovers\n|upkeep\n|inactive|Time left: 300 sec this turn | 300 sec total | 5 sec grace\n|\n|t:|1783557656\n|switch|p1a: Smeargle|Smeargle, L95, F|135/258\n|turn|32\n|inactive|Time left: 300 sec this turn | 300 sec total\n|\n|t:|1783557657\n|move|p1a: Smeargle|Population Bomb|p2a: Gothitelle\n|-damage|p2a: Gothitelle|48/100\n|-damage|p2a: Gothitelle|43/100\n|-crit|p2a: Gothitelle\n|-damage|p2a: Gothitelle|36/100\n|-damage|p2a: Gothitelle|31/100\n|-damage|p2a: Gothitelle|26/100\n|-crit|p2a: Gothitelle\n|-damage|p2a: Gothitelle|18/100\n|-damage|p2a: Gothitelle|13/100\n|-damage|p2a: Gothitelle|8/100\n|-damage|p2a: Gothitelle|2/100\n|-damage|p2a: Gothitelle|0 fnt\n|faint|p2a: Gothitelle\n|-hitcount|p2: Gothitelle|10\n|\n|upkeep\n|\n|t:|1783557658\n|switch|p2a: Gurdurr|Gurdurr, L85, F|49/100\n|turn|33\n|inactive|Time left: 300 sec this turn | 300 sec total\n|\n|t:|1783557659\n|move|p2a: Gurdurr|Mach Punch|p1a: Smeargle\n|-supereffective|p1a: Smeargle\n|-damage|p1a: Smeargle|0 fnt\n|faint|p1a: Smeargle\n|\n|upkeep\n|inactive|Time left: 300 sec this turn | 300 sec total | 5 sec grace\n|\n|t:|1783557660\n|switch|p1a: Iron Bundle|Iron Bundle, L78|215/215\n|turn|34\n|inactive|Time left: 300 sec this turn | 300 sec total\n|\n|t:|1783557661\n|-terastallize|p2a: Gurdurr|Steel\n|move|p1a: Iron Bundle|Encore|p2a: Gurdurr\n|-start|p2a: Gurdurr|Encore\n|move|p2a: Gurdurr|Mach Punch|p1a: Iron Bundle\n|-supereffective|p1a: Iron Bundle\n|-damage|p1a: Iron Bundle|137/215\n|\n|upkeep\n|turn|35\n|inactive|Time left: 300 sec this turn | 300 sec total\n|\n|t:|1783557662\n|-end|p1a: Iron Bundle|Quark Drive|[silent]\n|switch|p1a: Arcanine|Arcanine-Hisui, L79, M|280/280\n|switch|p2a: Lurantis|Lurantis, L87, F|36/100\n|\n|-heal|p2a: Lurantis|42/100|[from] item: Leftovers\n|upkeep\n|turn|36\n|inactive|Time left: 300 sec this turn | 300 sec total\n|\n|t:|1783557662\n|move|p1a: Arcanine|Flare Blitz|p2a: Lurantis\n|-supereffective|p2a: Lurantis\n|-crit|p2a: Lurantis\n|-damage|p2a: Lurantis|0 fnt\n|faint|p2a: Lurantis\n|\n|upkeep\n|\n|t:|1783557663\n|switch|p2a: Gurdurr|Gurdurr, L85, F, tera:Steel|49/100\n|turn|37\n|inactive|Time left: 300 sec this turn | 300 sec total\n|\n|t:|1783557664\n|move|p1a: Arcanine|Flare Blitz|p2a: Gurdurr\n|-supereffective|p2a: Gurdurr\n|-damage|p2a: Gurdurr|0 fnt\n|faint|p2a: Gurdurr\n|\n|win|p0x151404ff", "uploadtime": 1783557664, "views": 0, "rating": 0, "private": 0, "password": null, "_winner": "p0x151404ff", "_our_name": "p0x151404ff"}