{"id": "battle-gen9randombattle-62", "formatid": "gen9randombattle", "format": "[Gen 9] Random Battle", "players": ["p0x06257cb", "p0y0625d81"], "log": "|init|battle\n|title|p0x06257cb vs. p0y0625d81\n|j|\u2606p0x06257cb\n|j|\u2606p0y0625d81\n|t:|1783539904\n|gametype|singles\n|player|p1|p0x06257cb|266|\n|player|p2|p0y0625d81|2|\n|gen|9\n|tier|[Gen 9] Random Battle\n|rule|Species Clause: Limit one of each Pok\u00e9mon\n|rule|HP Percentage Mod: HP is shown in percentages\n|rule|Sleep Clause Mod: Limit one foe put to sleep\n|rule|Illusion Level Mod: Illusion disguises the Pok\u00e9mon's true level\n|\n|t:|1783539904\n|teamsize|p1|6\n|teamsize|p2|6\n|start\n|switch|p1a: Hypno|Hypno, L95, F|100/100\n|switch|p2a: Samurott|Samurott, L88, F|310/310\n|turn|1\n|inactive|Battle timer is ON: inactive players will automatically lose when time's up. (requested by p0y0625d81)\n|inactive|p0x06257cb also wants the timer to be on.\n|\n|t:|1783539905\n|move|p1a: Hypno|Toxic|p2a: Samurott\n|-status|p2a: Samurott|tox\n|move|p2a: Samurott|Knock Off|p1a: Hypno\n|-supereffective|p1a: Hypno\n|-damage|p1a: Hypno|40/100\n|-enditem|p1a: Hypno|Leftovers|[from] move: Knock Off|[of] p2a: Samurott\n|-damage|p2a: Samurott|279/310 tox|[from] item: Life Orb\n|\n|-damage|p2a: Samurott|260/310 tox|[from] psn\n|upkeep\n|turn|2\n|inactive|Time left: 300 sec this turn | 300 sec total\n|\n|t:|1783539907\n|move|p1a: Hypno|Knock Off|p2a: Samurott\n|-damage|p2a: Samurott|184/310 tox\n|-enditem|p2a: Samurott|Life Orb|[from] move: Knock Off|[of] p1a: Hypno\n|move|p2a: Samurott|Liquidation|p1a: Hypno\n|-damage|p1a: Hypno|3/100\n|\n|-damage|p2a: Samurott|146/310 tox|[from] psn\n|upkeep\n|turn|3\n|inactive|Time left: 300 sec this turn | 300 sec total\n|\n|t:|1783539908\n|move|p1a: Hypno|Psychic Noise|p2a: Samurott\n|-damage|p2a: Samurott|53/310 tox\n|-start|p2a: Samurott|move: Heal Block\n|move|p2a: Samurott|Liquidation|p1a: Hypno\n|-damage|p1a: Hypno|0 fnt\n|faint|p1a: Hypno\n|\n|-damage|p2a: Samurott|0 fnt|[from] psn\n|faint|p2a: Samurott\n|upkeep\n|inactive|Time left: 300 sec this turn | 300 sec total | 5 sec grace\n|\n|t:|1783539909\n|switch|p1a: Bisharp|Bisharp, L79, F|100/100\n|switch|p2a: Rampardos|Rampardos, L90, F|321/321\n|turn|4\n|inactive|Time left: 300 sec this turn | 300 sec total\n|\n|t:|1783539911\n|move|p2a: Rampardos|Fire Punch|p1a: Bisharp\n|-supereffective|p1a: Bisharp\n|-damage|p1a: Bisharp|27/100\n|move|p1a: Bisharp|Iron Head|p2a: Rampardos\n|-supereffective|p2a: Rampardos\n|-damage|p2a: Rampardos|81/321\n|\n|upkeep\n|turn|5\n|inactive|Time left: 300 sec this turn | 300 sec total\n|\n|t:|1783539912\n|move|p1a: Bisharp|Sucker Punch|p2a: Rampardos\n|-damage|p2a: Rampardos|0 fnt\n|faint|p2a: Rampardos\n|\n|upkeep\n|inactive|Time left: 300 sec this turn | 300 sec total | 5 sec grace\n|\n|t:|1783539912\n|switch|p2a: Hydrapple|Hydrapple, L83, M|312/312\n|turn|6\n|inactive|Time left: 300 sec this turn | 300 sec total\n|\n|t:|1783539913\n|move|p1a: Bisharp|Swords Dance|p1a: Bisharp\n|-boost|p1a: Bisharp|atk|2\n|move|p2a: Hydrapple|Nasty Plot|p2a: Hydrapple\n|-boost|p2a: Hydrapple|spa|2\n|\n|upkeep\n|turn|7\n|inactive|Time left: 300 sec this turn | 300 sec total\n|\n|t:|1783539914\n|move|p1a: Bisharp|Iron Head|p2a: Hydrapple\n|-damage|p2a: Hydrapple|152/312\n|move|p2a: Hydrapple|Giga Drain|p1a: Bisharp\n|-resisted|p1a: Bisharp\n|-damage|p1a: Bisharp|0 fnt\n|-heal|p2a: Hydrapple|183/312|[from] drain|[of] p1a: Bisharp\n|faint|p1a: Bisharp\n|-damage|p2a: Hydrapple|152/312|[from] item: Life Orb\n|\n|upkeep\n|\n|t:|1783539915\n|switch|p1a: Trevenant|Trevenant, L89, M|100/100\n|turn|8\n|inactive|Time left: 300 sec this turn | 300 sec total\n|\n|t:|1783539916\n|move|p1a: Trevenant|Poltergeist|p2a: Hydrapple\n|-activate|p2a: Hydrapple|move: Poltergeist|Life Orb\n|-damage|p2a: Hydrapple|0 fnt\n|faint|p2a: Hydrapple\n|-damage|p1a: Trevenant|91/100|[from] item: Life Orb\n|\n|upkeep\n|inactive|Time left: 300 sec this turn | 300 sec total | 5 sec grace\n|\n|t:|1783539917\n|switch|p2a: Articuno|Articuno, L86|295/295\n|-ability|p2a: Articuno|Pressure\n|turn|9\n|inactive|Time left: 300 sec this turn | 300 sec total\n|\n|t:|1783539918\n|switch|p1a: Stonjourner|Stonjourner, L91, M|100/100\n|move|p2a: Articuno|Brave Bird|p1a: Stonjourner\n|-resisted|p1a: Stonjourner\n|-damage|p1a: Stonjourner|88/100\n|-damage|p2a: Articuno|281/295|[from] Recoil\n|\n|upkeep\n|turn|10\n|inactive|Time left: 300 sec this turn | 300 sec total\n|\n|t:|1783539919\n|move|p2a: Articuno|Freeze-Dry|p1a: Stonjourner\n|-damage|p1a: Stonjourner|40/100\n|-status|p1a: Stonjourner|frz\n|cant|p1a: Stonjourner|frz\n|\n|upkeep\n|turn|11\n|inactive|Time left: 300 sec this turn | 300 sec total\n|\n|t:|1783539920\n|move|p2a: Articuno|Freeze-Dry|p1a: Stonjourner\n|-damage|p1a: Stonjourner|0 fnt\n|faint|p1a: Stonjourner\n|\n|upkeep\n|\n|t:|1783539921\n|switch|p1a: Dialga|Dialga-Origin, L73|100/100\n|-ability|p1a: Dialga|Pressure\n|turn|12\n|inactive|Time left: 300 sec this turn | 300 sec total\n|\n|t:|1783539922\n|move|p2a: Articuno|Freeze-Dry|p1a: Dialga\n|-damage|p1a: Dialga|74/100\n|move|p1a: Dialga|Flash Cannon|p2a: Articuno\n|-supereffective|p2a: Articuno\n|-damage|p2a: Articuno|125/295\n|\n|upkeep\n|turn|13\n|inactive|Time left: 300 sec this turn | 300 sec total\n|\n|t:|1783539923\n|move|p2a: Articuno|Roost|p2a: Articuno\n|-heal|p2a: Articuno|273/295\n|-singleturn|p2a: Articuno|move: Roost\n|move|p1a: Dialga|Flash Cannon|p2a: Articuno\n|-supereffective|p2a: Articuno\n|-damage|p2a: Articuno|109/295\n|\n|upkeep\n|turn|14\n|inactive|Time left: 300 sec this turn | 300 sec total\n|\n|t:|1783539924\n|move|p2a: Articuno|Roost|p2a: Articuno\n|-heal|p2a: Articuno|257/295\n|-singleturn|p2a: Articuno|move: Roost\n|move|p1a: Dialga|Flash Cannon|p2a: Articuno\n|-supereffective|p2a: Articuno\n|-damage|p2a: Articuno|87/295\n|\n|upkeep\n|turn|15\n|inactive|Time left: 300 sec this turn | 300 sec total\n|\n|t:|1783539925\n|move|p2a: Articuno|Roost|p2a: Articuno\n|-heal|p2a: Articuno|235/295\n|-singleturn|p2a: Articuno|move: Roost\n|move|p1a: Dialga|Flash Cannon|p2a: Articuno\n|-supereffective|p2a: Articuno\n|-damage|p2a: Articuno|79/295\n|\n|upkeep\n|turn|16\n|inactive|Time left: 300 sec this turn | 300 sec total\n|\n|t:|1783539926\n|move|p2a: Articuno|Roost|p2a: Articuno\n|-heal|p2a: Articuno|227/295\n|-singleturn|p2a: Articuno|move: Roost\n|move|p1a: Dialga|Flash Cannon|p2a: Articuno\n|-supereffective|p2a: Articuno\n|-damage|p2a: Articuno|63/295\n|-unboost|p2a: Articuno|spd|1\n|\n|upkeep\n|turn|17\n|inactive|Time left: 300 sec this turn | 300 sec total\n|\n|t:|1783539927\n|move|p2a: Articuno|Freeze-Dry|p1a: Dialga\n|-damage|p1a: Dialga|49/100\n|move|p1a: Dialga|Flash Cannon|p2a: Articuno\n|-supereffective|p2a: Articuno\n|-damage|p2a: Articuno|0 fnt\n|faint|p2a: Articuno\n|\n|upkeep\n|inactive|Time left: 300 sec this turn | 300 sec total | 5 sec grace\n|\n|t:|1783539928\n|switch|p2a: Comfey|Comfey, L85, M|225/225\n|turn|18\n|inactive|Time left: 300 sec this turn | 300 sec total\n|\n|t:|1783539929\n|move|p2a: Comfey|Calm Mind|p2a: Comfey\n|-boost|p2a: Comfey|spa|1\n|-boost|p2a: Comfey|spd|1\n|move|p1a: Dialga|Flash Cannon|p2a: Comfey\n|-supereffective|p2a: Comfey\n|-damage|p2a: Comfey|105/225\n|\n|-heal|p2a: Comfey|119/225|[from] item: Leftovers\n|upkeep\n|turn|19\n|inactive|Time left: 300 sec this turn | 300 sec total\n|\n|t:|1783539930\n|-terastallize|p1a: Dialga|Steel\n|move|p2a: Comfey|Draining Kiss|p1a: Dialga\n|-resisted|p1a: Dialga\n|-damage|p1a: Dialga|38/100\n|-heal|p2a: Comfey|142/225|[from] drain|[of] p1a: Dialga\n|move|p1a: Dialga|Flash Cannon|p2a: Comfey\n|-supereffective|p2a: Comfey\n|-damage|p2a: Comfey|0 fnt\n|faint|p2a: Comfey\n|\n|upkeep\n|inactive|Time left: 300 sec this turn | 300 sec total | 5 sec grace\n|\n|t:|1783539931\n|switch|p2a: Golduck|Golduck, L90, M|290/290\n|-ability|p2a: Golduck|Cloud Nine\n|turn|20\n|inactive|Time left: 300 sec this turn | 300 sec total\n|\n|t:|1783539933\n|switch|p1a: Trevenant|Trevenant, L89, M|91/100\n|move|p2a: Golduck|Hydro Pump|p1a: Trevenant\n|-resisted|p1a: Trevenant\n|-damage|p1a: Trevenant|68/100\n|\n|upkeep\n|turn|21\n|inactive|Time left: 300 sec this turn | 300 sec total\n|\n|t:|1783539933\n|move|p2a: Golduck|Nasty Plot|p2a: Golduck\n|-boost|p2a: Golduck|spa|2\n|move|p1a: Trevenant|Wood Hammer|p2a: Golduck\n|-supereffective|p2a: Golduck\n|-damage|p2a: Golduck|0 fnt\n|faint|p2a: Golduck\n|-damage|p1a: Trevenant|36/100|[from] Recoil\n|-damage|p1a: Trevenant|26/100|[from] item: Life Orb\n|\n|win|p0x06257cb", "uploadtime": 1783539933, "views": 0, "rating": 0, "private": 0, "password": null, "_winner": "p0x06257cb", "_our_name": "p0y0625d81"}