{"id": "battle-gen9randombattle-80", "formatid": "gen9randombattle", "format": "[Gen 9] Random Battle", "players": ["p0x08010cb", "p0y0804322"], "log": "|init|battle\n|title|p0x08010cb vs. p0y0804322\n|j|\u2606p0x08010cb\n|j|\u2606p0y0804322\n|t:|1783534176\n|gametype|singles\n|player|p1|p0x08010cb|1|\n|player|p2|p0y0804322|170|\n|gen|9\n|tier|[Gen 9] Random Battle\n|rule|Species Clause: Limit one of each Pok\u00e9mon\n|rule|HP Percentage Mod: HP is shown in percentages\n|rule|Sleep Clause Mod: Limit one foe put to sleep\n|rule|Illusion Level Mod: Illusion disguises the Pok\u00e9mon's true level\n|\n|t:|1783534176\n|teamsize|p1|6\n|teamsize|p2|6\n|start\n|switch|p1a: Deoxys|Deoxys-Attack, L72|191/191\n|switch|p2a: Komala|Komala, L87, F|100/100\n|-ability|p1a: Deoxys|Pressure\n|-ability|p2a: Komala|Comatose\n|turn|1\n|inactive|Battle timer is ON: inactive players will automatically lose when time's up. (requested by p0y0804322)\n|inactive|Time left: 300 sec this turn | 300 sec total | 60 sec grace\n|\n|t:|1783534178\n|switch|p2a: Magearna|Magearna-Original, L77|100/100\n|move|p1a: Deoxys|Superpower|p2a: Magearna\n|-damage|p2a: Magearna|55/100\n|-unboost|p1a: Deoxys|atk|1\n|-unboost|p1a: Deoxys|def|1\n|-damage|p1a: Deoxys|172/191|[from] item: Life Orb\n|\n|-heal|p2a: Magearna|61/100|[from] item: Leftovers\n|upkeep\n|turn|2\n|inactive|Time left: 300 sec this turn | 300 sec total\n|inactive|p0x08010cb also wants the timer to be on.\n|\n|t:|1783534179\n|switch|p1a: Jolteon|Jolteon, L84, M|246/246\n|move|p2a: Magearna|Shift Gear|p2a: Magearna\n|-boost|p2a: Magearna|spe|2\n|-boost|p2a: Magearna|atk|1\n|\n|-heal|p2a: Magearna|67/100|[from] item: Leftovers\n|upkeep\n|turn|3\n|inactive|Time left: 300 sec this turn | 300 sec total\n|\n|t:|1783534180\n|move|p2a: Magearna|Calm Mind|p2a: Magearna\n|-boost|p2a: Magearna|spa|1\n|-boost|p2a: Magearna|spd|1\n|move|p1a: Jolteon|Calm Mind|p1a: Jolteon\n|-boost|p1a: Jolteon|spa|1\n|-boost|p1a: Jolteon|spd|1\n|\n|-heal|p2a: Magearna|73/100|[from] item: Leftovers\n|upkeep\n|turn|4\n|inactive|Time left: 300 sec this turn | 300 sec total\n|\n|t:|1783534180\n|move|p2a: Magearna|Calm Mind|p2a: Magearna\n|-boost|p2a: Magearna|spa|1\n|-boost|p2a: Magearna|spd|1\n|move|p1a: Jolteon|Thunderbolt|p2a: Magearna\n|-damage|p2a: Magearna|43/100\n|-status|p2a: Magearna|par\n|\n|-heal|p2a: Magearna|49/100 par|[from] item: Leftovers\n|upkeep\n|turn|5\n|inactive|Time left: 300 sec this turn | 300 sec total\n|\n|t:|1783534181\n|move|p1a: Jolteon|Thunderbolt|p2a: Magearna\n|-damage|p2a: Magearna|20/100 par\n|move|p2a: Magearna|Calm Mind|p2a: Magearna\n|-boost|p2a: Magearna|spa|1\n|-boost|p2a: Magearna|spd|1\n|\n|-heal|p2a: Magearna|26/100 par|[from] item: Leftovers\n|upkeep\n|turn|6\n|inactive|Time left: 300 sec this turn | 300 sec total\n|\n|t:|1783534182\n|move|p1a: Jolteon|Thunderbolt|p2a: Magearna\n|-damage|p2a: Magearna|4/100 par\n|move|p2a: Magearna|Fleur Cannon|p1a: Jolteon\n|-damage|p1a: Jolteon|35/246\n|-unboost|p2a: Magearna|spa|2\n|\n|-heal|p1a: Jolteon|50/246|[from] item: Leftovers\n|-heal|p2a: Magearna|10/100 par|[from] item: Leftovers\n|upkeep\n|turn|7\n|inactive|Time left: 300 sec this turn | 300 sec total\n|\n|t:|1783534183\n|move|p1a: Jolteon|Thunderbolt|p2a: Magearna\n|-damage|p2a: Magearna|0 fnt\n|faint|p2a: Magearna\n|\n|-heal|p1a: Jolteon|65/246|[from] item: Leftovers\n|upkeep\n|\n|t:|1783534184\n|switch|p2a: Komala|Komala, L87, F|100/100\n|-ability|p2a: Komala|Comatose\n|turn|8\n|inactive|Time left: 300 sec this turn | 300 sec total\n|\n|t:|1783534185\n|move|p1a: Jolteon|Substitute|p1a: Jolteon\n|-start|p1a: Jolteon|Substitute\n|-damage|p1a: Jolteon|4/246\n|move|p2a: Komala|Rapid Spin|p1a: Jolteon\n|-end|p1a: Jolteon|Substitute\n|-boost|p2a: Komala|spe|1\n|\n|-heal|p1a: Jolteon|19/246|[from] item: Leftovers\n|upkeep\n|turn|9\n|inactive|Time left: 300 sec this turn | 300 sec total\n|\n|t:|1783534186\n|move|p1a: Jolteon|Thunderbolt|p2a: Komala\n|-damage|p2a: Komala|62/100\n|move|p2a: Komala|Body Slam|p1a: Jolteon\n|-damage|p1a: Jolteon|0 fnt\n|faint|p1a: Jolteon\n|\n|upkeep\n|inactive|Time left: 300 sec this turn | 300 sec total | 5 sec grace\n|\n|t:|1783534187\n|switch|p1a: Iron Boulder|Iron Boulder, L77|265/265\n|-enditem|p1a: Iron Boulder|Booster Energy\n|-activate|p1a: Iron Boulder|ability: Quark Drive|[fromitem]\n|-start|p1a: Iron Boulder|quarkdrivespe\n|turn|10\n|inactive|Time left: 300 sec this turn | 300 sec total\n|\n|t:|1783534188\n|switch|p2a: Gurdurr|Gurdurr, L85, M|100/100\n|move|p1a: Iron Boulder|Swords Dance|p1a: Iron Boulder\n|-boost|p1a: Iron Boulder|atk|2\n|\n|upkeep\n|turn|11\n|inactive|Time left: 300 sec this turn | 300 sec total\n|\n|t:|1783534189\n|move|p1a: Iron Boulder|Zen Headbutt|p2a: Gurdurr\n|-supereffective|p2a: Gurdurr\n|-damage|p2a: Gurdurr|21/100\n|move|p2a: Gurdurr|Drain Punch|p1a: Iron Boulder\n|-damage|p1a: Iron Boulder|159/265\n|-heal|p2a: Gurdurr|40/100|[from] drain|[of] p1a: Iron Boulder\n|\n|upkeep\n|turn|12\n|inactive|Time left: 300 sec this turn | 300 sec total\n|\n|t:|1783534190\n|move|p1a: Iron Boulder|Zen Headbutt|p2a: Gurdurr\n|-supereffective|p2a: Gurdurr\n|-damage|p2a: Gurdurr|0 fnt\n|faint|p2a: Gurdurr\n|\n|upkeep\n|\n|t:|1783534191\n|switch|p2a: Duraludon|Duraludon, L82, M|100/100\n|turn|13\n|inactive|Time left: 300 sec this turn | 300 sec total\n|\n|t:|1783534193\n|-terastallize|p1a: Iron Boulder|Fighting\n|move|p1a: Iron Boulder|Close Combat|p2a: Duraludon\n|-supereffective|p2a: Duraludon\n|-damage|p2a: Duraludon|0 fnt\n|-unboost|p1a: Iron Boulder|def|1\n|-unboost|p1a: Iron Boulder|spd|1\n|faint|p2a: Duraludon\n|\n|upkeep\n|\n|t:|1783534194\n|switch|p2a: Ribombee|Ribombee, L83, M|100/100\n|turn|14\n|inactive|Time left: 300 sec this turn | 300 sec total\n|\n|t:|1783534195\n|-terastallize|p2a: Ribombee|Ground\n|move|p1a: Iron Boulder|Mighty Cleave|p2a: Ribombee\n|-resisted|p2a: Ribombee\n|-damage|p2a: Ribombee|47/100\n|move|p2a: Ribombee|Quiver Dance|p2a: Ribombee\n|-boost|p2a: Ribombee|spa|1\n|-boost|p2a: Ribombee|spd|1\n|-boost|p2a: Ribombee|spe|1\n|\n|upkeep\n|turn|15\n|inactive|Time left: 300 sec this turn | 300 sec total\n|\n|t:|1783534196\n|-end|p1a: Iron Boulder|Quark Drive|[silent]\n|switch|p1a: Milotic|Milotic, L83, F|293/293\n|move|p2a: Ribombee|Moonblast|p1a: Milotic\n|-crit|p1a: Milotic\n|-damage|p1a: Milotic|122/293\n|\n|-heal|p1a: Milotic|140/293|[from] item: Leftovers\n|upkeep\n|turn|16\n|inactive|Time left: 300 sec this turn | 300 sec total\n|\n|t:|1783534197\n|move|p2a: Ribombee|Moonblast|p1a: Milotic\n|-crit|p1a: Milotic\n|-damage|p1a: Milotic|0 fnt\n|faint|p1a: Milotic\n|\n|upkeep\n|inactive|Time left: 300 sec this turn | 300 sec total | 5 sec grace\n|\n|t:|1783534198\n|switch|p1a: Lapras|Lapras, L87, M|368/368\n|turn|17\n|inactive|Time left: 300 sec this turn | 300 sec total\n|\n|t:|1783534199\n|move|p2a: Ribombee|Moonblast|p1a: Lapras\n|-damage|p1a: Lapras|227/368\n|-unboost|p1a: Lapras|spa|1\n|move|p1a: Lapras|Sparkling Aria|p2a: Ribombee\n|-supereffective|p2a: Ribombee\n|-damage|p2a: Ribombee|5/100\n|\n|upkeep\n|turn|18\n|inactive|Time left: 300 sec this turn | 300 sec total\n|\n|t:|1783534200\n|move|p2a: Ribombee|Moonblast|p1a: Lapras\n|-damage|p1a: Lapras|94/368\n|move|p1a: Lapras|Sparkling Aria|p2a: Ribombee\n|-supereffective|p2a: Ribombee\n|-crit|p2a: Ribombee\n|-damage|p2a: Ribombee|0 fnt\n|faint|p2a: Ribombee\n|\n|upkeep\n|\n|t:|1783534201\n|switch|p2a: Komala|Komala, L87, F|62/100\n|-ability|p2a: Komala|Comatose\n|turn|19\n|inactive|Time left: 300 sec this turn | 300 sec total\n|\n|t:|1783534203\n|move|p2a: Komala|Rapid Spin|p1a: Lapras\n|-damage|p1a: Lapras|33/368\n|-boost|p2a: Komala|spe|1\n|move|p1a: Lapras|Rest|p1a: Lapras\n|-status|p1a: Lapras|slp|[from] move: Rest\n|-heal|p1a: Lapras|368/368 slp|[silent]\n|\n|upkeep\n|turn|20\n|inactive|Time left: 300 sec this turn | 300 sec total\n|\n|t:|1783534204\n|switch|p1a: Umbreon|Umbreon, L84, M|297/297\n|move|p2a: Komala|Body Slam|p1a: Umbreon\n|-crit|p1a: Umbreon\n|-damage|p1a: Umbreon|168/297\n|\n|-heal|p1a: Umbreon|186/297|[from] item: Leftovers\n|upkeep\n|turn|21\n|inactive|Time left: 300 sec this turn | 300 sec total\n|\n|t:|1783534205\n|move|p2a: Komala|Body Slam|p1a: Umbreon\n|-damage|p1a: Umbreon|92/297\n|-status|p1a: Umbreon|par\n|-activate|p1a: Umbreon|ability: Synchronize\n|-immune|p2a: Komala|[from] ability: Comatose\n|move|p1a: Umbreon|Foul Play|p2a: Komala\n|-damage|p2a: Komala|4/100\n|\n|-heal|p1a: Umbreon|110/297 par|[from] item: Leftovers\n|upkeep\n|turn|22\n|inactive|Time left: 300 sec this turn | 300 sec total\n|\n|t:|1783534206\n|move|p2a: Komala|Body Slam|p1a: Umbreon\n|-damage|p1a: Umbreon|16/297 par\n|move|p1a: Umbreon|Foul Play|p2a: Komala\n|-damage|p2a: Komala|0 fnt\n|faint|p2a: Komala\n|\n|-heal|p1a: Umbreon|34/297 par|[from] item: Leftovers\n|upkeep\n|\n|t:|1783534207\n|switch|p2a: Sceptile|Sceptile, L87, F|100/100\n|turn|23\n|inactive|Time left: 300 sec this turn | 300 sec total\n|\n|t:|1783534208\n|move|p1a: Umbreon|Protect|p1a: Umbreon\n|-singleturn|p1a: Umbreon|Protect\n|move|p2a: Sceptile|Giga Drain|p1a: Umbreon\n|-activate|p1a: Umbreon|move: Protect\n|\n|-heal|p1a: Umbreon|52/297 par|[from] item: Leftovers\n|upkeep\n|turn|24\n|inactive|Time left: 300 sec this turn | 300 sec total\n|\n|t:|1783534209\n|move|p2a: Sceptile|Giga Drain|p1a: Umbreon\n|-damage|p1a: Umbreon|0 fnt\n|faint|p1a: Umbreon\n|\n|upkeep\n|inactive|Time left: 300 sec this turn | 300 sec total | 5 sec grace\n|\n|t:|1783534211\n|switch|p1a: Iron Boulder|Iron Boulder, L77, tera:Fighting|159/265\n|turn|25\n|inactive|Time left: 300 sec this turn | 300 sec total\n|\n|t:|1783534212\n|move|p2a: Sceptile|Giga Drain|p1a: Iron Boulder\n|-damage|p1a: Iron Boulder|77/265\n|move|p1a: Iron Boulder|Zen Headbutt|p2a: Sceptile\n|-damage|p2a: Sceptile|65/100\n|\n|-heal|p2a: Sceptile|71/100|[from] item: Leftovers\n|upkeep\n|turn|26\n|inactive|Time left: 300 sec this turn | 300 sec total\n|\n|t:|1783534213\n|move|p2a: Sceptile|Giga Drain|p1a: Iron Boulder\n|-damage|p1a: Iron Boulder|0 fnt\n|-heal|p2a: Sceptile|86/100|[from] drain|[of] p1a: Iron Boulder\n|faint|p1a: Iron Boulder\n|-end|p1a: Iron Boulder|Quark Drive|[silent]\n|\n|-heal|p2a: Sceptile|92/100|[from] item: Leftovers\n|upkeep\n|inactive|Time left: 300 sec this turn | 300 sec total | 5 sec grace\n|\n|t:|1783534214\n|switch|p1a: Lapras|Lapras, L87, M|368/368 slp\n|turn|27\n|inactive|Time left: 300 sec this turn | 300 sec total\n|\n|t:|1783534215\n|move|p2a: Sceptile|Leech Seed|p1a: Lapras\n|-start|p1a: Lapras|move: Leech Seed\n|cant|p1a: Lapras|slp\n|move|p1a: Lapras|Sleep Talk|p1a: Lapras\n|move|p1a: Lapras|Sparkling Aria|p2a: Sceptile|[from] move: Sleep Talk\n|-resisted|p2a: Sceptile\n|-damage|p2a: Sceptile|74/100\n|\n|-heal|p2a: Sceptile|80/100|[from] item: Leftovers\n|-damage|p1a: Lapras|322/368 slp|[from] Leech Seed|[of] p2a: Sceptile\n|-heal|p2a: Sceptile|97/100|[silent]\n|upkeep\n|turn|28\n|inactive|Time left: 300 sec this turn | 300 sec total\n|\n|t:|1783534216\n|move|p2a: Sceptile|Giga Drain|p1a: Lapras\n|-supereffective|p1a: Lapras\n|-damage|p1a: Lapras|146/368 slp\n|-heal|p2a: Sceptile|100/100|[from] drain|[of] p1a: Lapras\n|cant|p1a: Lapras|slp\n|move|p1a: Lapras|Sleep Talk|p1a: Lapras\n|move|p1a: Lapras|Rest||[from] move: Sleep Talk|[still]\n|-fail|p1a: Lapras\n|\n|-damage|p1a: Lapras|100/368 slp|[from] Leech Seed|[of] p2a: Sceptile\n|upkeep\n|turn|29\n|inactive|Time left: 300 sec this turn | 300 sec total\n|\n|t:|1783534218\n|move|p2a: Sceptile|Giga Drain|p1a: Lapras\n|-supereffective|p1a: Lapras\n|-damage|p1a: Lapras|0 fnt\n|faint|p1a: Lapras\n|\n|upkeep\n|inactive|Time left: 300 sec this turn | 300 sec total | 5 sec grace\n|\n|t:|1783534219\n|switch|p1a: Deoxys|Deoxys-Attack, L72|172/191\n|-ability|p1a: Deoxys|Pressure\n|turn|30\n|inactive|Time left: 300 sec this turn | 300 sec total\n|\n|t:|1783534220\n|move|p2a: Sceptile|Giga Drain|p1a: Deoxys\n|-damage|p1a: Deoxys|0 fnt\n|faint|p1a: Deoxys\n|\n|win|p0y0804322", "uploadtime": 1783534220, "views": 0, "rating": 0, "private": 0, "password": null, "_winner": "p0y0804322", "_our_name": "p0x08010cb"}