{"id": "battle-gen9randombattle-280", "formatid": "gen9randombattle", "format": "[Gen 9] Random Battle", "players": ["p0x280c0e6", "p0y280b1d0"], "log": "|init|battle\n|title|p0x280c0e6 vs. p0y280b1d0\n|j|\u2606p0x280c0e6\n|j|\u2606p0y280b1d0\n|t:|1783542829\n|gametype|singles\n|player|p1|p0x280c0e6|102|\n|player|p2|p0y280b1d0|2|\n|gen|9\n|tier|[Gen 9] Random Battle\n|rule|Species Clause: Limit one of each Pok\u00e9mon\n|rule|HP Percentage Mod: HP is shown in percentages\n|rule|Sleep Clause Mod: Limit one foe put to sleep\n|rule|Illusion Level Mod: Illusion disguises the Pok\u00e9mon's true level\n|\n|t:|1783542829\n|teamsize|p1|6\n|teamsize|p2|6\n|start\n|switch|p1a: Gyarados|Gyarados, L79, M|280/280\n|switch|p2a: Kingdra|Kingdra, L84, M|100/100\n|-ability|p1a: Gyarados|Intimidate|boost\n|-unboost|p2a: Kingdra|atk|1\n|turn|1\n|inactive|Battle timer is ON: inactive players will automatically lose when time's up. (requested by p0x280c0e6)\n|\n|t:|1783542831\n|move|p2a: Kingdra|Dragon Dance|p2a: Kingdra\n|-boost|p2a: Kingdra|atk|1\n|-boost|p2a: Kingdra|spe|1\n|move|p1a: Gyarados|Dragon Dance|p1a: Gyarados\n|-boost|p1a: Gyarados|atk|1\n|-boost|p1a: Gyarados|spe|1\n|\n|upkeep\n|turn|2\n|inactive|Time left: 300 sec this turn | 300 sec total\n|inactive|p0y280b1d0 also wants the timer to be on.\n|\n|t:|1783542832\n|switch|p1a: Avalugg|Avalugg, L88, M|310/310\n|move|p2a: Kingdra|Outrage|p1a: Avalugg\n|-damage|p1a: Avalugg|244/310\n|\n|upkeep\n|turn|3\n|inactive|Time left: 300 sec this turn | 300 sec total\n|\n|t:|1783542833\n|move|p2a: Kingdra|Outrage|p1a: Avalugg|[from] lockedmove\n|-damage|p1a: Avalugg|184/310\n|move|p1a: Avalugg|Avalanche|p2a: Kingdra\n|-damage|p2a: Kingdra|45/100\n|\n|upkeep\n|turn|4\n|inactive|Time left: 300 sec this turn | 300 sec total\n|\n|t:|1783542835\n|move|p2a: Kingdra|Outrage|p1a: Avalugg|[from] lockedmove\n|-damage|p1a: Avalugg|121/310\n|-start|p2a: Kingdra|confusion|[fatigue]\n|-enditem|p2a: Kingdra|Lum Berry|[eat]\n|-end|p2a: Kingdra|confusion\n|move|p1a: Avalugg|Avalanche|p2a: Kingdra\n|-crit|p2a: Kingdra\n|-damage|p2a: Kingdra|0 fnt\n|faint|p2a: Kingdra\n|\n|upkeep\n|\n|t:|1783542835\n|switch|p2a: Necrozma|Necrozma, L80|100/100\n|turn|5\n|inactive|Time left: 300 sec this turn | 300 sec total\n|\n|t:|1783542837\n|switch|p1a: Bisharp|Bisharp, L79, F|232/232\n|move|p2a: Necrozma|Photon Geyser|p1a: Bisharp\n|-immune|p1a: Bisharp\n|\n|upkeep\n|turn|6\n|inactive|Time left: 300 sec this turn | 300 sec total\n|\n|t:|1783542838\n|move|p2a: Necrozma|Dragon Dance|p2a: Necrozma\n|-boost|p2a: Necrozma|atk|1\n|-boost|p2a: Necrozma|spe|1\n|move|p1a: Bisharp|Swords Dance|p1a: Bisharp\n|-boost|p1a: Bisharp|atk|2\n|\n|upkeep\n|turn|7\n|inactive|Time left: 300 sec this turn | 300 sec total\n|\n|t:|1783542839\n|move|p2a: Necrozma|Earthquake|p1a: Bisharp\n|-supereffective|p1a: Bisharp\n|-damage|p1a: Bisharp|108/232\n|move|p1a: Bisharp|Throat Chop|p2a: Necrozma\n|-supereffective|p2a: Necrozma\n|-damage|p2a: Necrozma|9/100\n|-start|p2a: Necrozma|Throat Chop|[silent]\n|-enditem|p2a: Necrozma|Weakness Policy\n|-boost|p2a: Necrozma|atk|2|[from] item: Weakness Policy\n|-boost|p2a: Necrozma|spa|2|[from] item: Weakness Policy\n|\n|upkeep\n|turn|8\n|inactive|Time left: 300 sec this turn | 300 sec total\n|\n|t:|1783542840\n|move|p1a: Bisharp|Sucker Punch|p2a: Necrozma\n|-supereffective|p2a: Necrozma\n|-damage|p2a: Necrozma|0 fnt\n|faint|p2a: Necrozma\n|\n|upkeep\n|\n|t:|1783542841\n|switch|p2a: Duraludon|Duraludon, L82, F|100/100\n|turn|9\n|inactive|Time left: 300 sec this turn | 300 sec total\n|\n|t:|1783542842\n|move|p1a: Bisharp|Sucker Punch|p2a: Duraludon\n|-damage|p2a: Duraludon|66/100\n|move|p2a: Duraludon|Body Press|p1a: Bisharp\n|-supereffective|p1a: Bisharp\n|-damage|p1a: Bisharp|0 fnt\n|faint|p1a: Bisharp\n|\n|upkeep\n|inactive|Time left: 300 sec this turn | 300 sec total | 5 sec grace\n|\n|t:|1783542843\n|switch|p1a: Gyarados|Gyarados, L79, M|280/280\n|-ability|p1a: Gyarados|Intimidate|boost\n|-unboost|p2a: Duraludon|atk|1\n|turn|10\n|inactive|Time left: 300 sec this turn | 300 sec total\n|\n|t:|1783542844\n|move|p1a: Gyarados|Dragon Dance|p1a: Gyarados\n|-boost|p1a: Gyarados|atk|1\n|-boost|p1a: Gyarados|spe|1\n|move|p2a: Duraludon|Dragon Tail|p1a: Gyarados\n|-damage|p1a: Gyarados|229/280\n|drag|p1a: Latios|Latios, L78, M|253/253\n|\n|upkeep\n|turn|11\n|inactive|Time left: 300 sec this turn | 300 sec total\n|\n|t:|1783542845\n|switch|p2a: Deoxys|Deoxys-Defense, L84|100/100\n|-ability|p2a: Deoxys|Pressure\n|move|p1a: Latios|Calm Mind|p1a: Latios\n|-boost|p1a: Latios|spa|1\n|-boost|p1a: Latios|spd|1\n|\n|upkeep\n|turn|12\n|inactive|Time left: 300 sec this turn | 300 sec total\n|\n|t:|1783542846\n|move|p1a: Latios|Calm Mind|p1a: Latios\n|-boost|p1a: Latios|spa|1\n|-boost|p1a: Latios|spd|1\n|move|p2a: Deoxys|Stealth Rock|p1a: Latios\n|-sidestart|p1: p0x280c0e6|move: Stealth Rock\n|\n|upkeep\n|turn|13\n|inactive|Time left: 300 sec this turn | 300 sec total\n|\n|t:|1783542847\n|switch|p2a: Klefki|Klefki, L84, M|100/100\n|move|p1a: Latios|Draco Meteor|p2a: Klefki\n|-immune|p2a: Klefki\n|\n|upkeep\n|turn|14\n|inactive|Time left: 300 sec this turn | 300 sec total\n|\n|t:|1783542848\n|move|p1a: Latios|Psyshock|p2a: Klefki\n|-resisted|p2a: Klefki\n|-damage|p2a: Klefki|54/100\n|move|p2a: Klefki|Foul Play|p1a: Latios\n|-supereffective|p1a: Latios\n|-damage|p1a: Latios|137/253\n|\n|-heal|p2a: Klefki|60/100|[from] item: Leftovers\n|upkeep\n|turn|15\n|inactive|Time left: 300 sec this turn | 300 sec total\n|\n|t:|1783542849\n|move|p1a: Latios|Recover|p1a: Latios\n|-heal|p1a: Latios|253/253\n|move|p2a: Klefki|Foul Play|p1a: Latios\n|-supereffective|p1a: Latios\n|-damage|p1a: Latios|155/253\n|\n|-heal|p2a: Klefki|66/100|[from] item: Leftovers\n|upkeep\n|turn|16\n|inactive|Time left: 300 sec this turn | 300 sec total\n|\n|t:|1783542850\n|move|p1a: Latios|Psyshock|p2a: Klefki\n|-resisted|p2a: Klefki\n|-damage|p2a: Klefki|22/100\n|move|p2a: Klefki|Foul Play|p1a: Latios\n|-supereffective|p1a: Latios\n|-damage|p1a: Latios|39/253\n|\n|-heal|p2a: Klefki|28/100|[from] item: Leftovers\n|upkeep\n|turn|17\n|inactive|Time left: 300 sec this turn | 300 sec total\n|\n|t:|1783542851\n|move|p2a: Klefki|Thunder Wave|p1a: Latios\n|-status|p1a: Latios|par\n|move|p1a: Latios|Psyshock|p2a: Klefki\n|-resisted|p2a: Klefki\n|-damage|p2a: Klefki|0 fnt\n|faint|p2a: Klefki\n|\n|upkeep\n|\n|t:|1783542852\n|switch|p2a: Duraludon|Duraludon, L82, F|66/100\n|turn|18\n|inactive|Time left: 300 sec this turn | 300 sec total\n|\n|t:|1783542853\n|move|p2a: Duraludon|Flash Cannon|p1a: Latios\n|-damage|p1a: Latios|0 fnt\n|faint|p1a: Latios\n|\n|upkeep\n|inactive|Time left: 300 sec this turn | 300 sec total | 5 sec grace\n|\n|t:|1783542855\n|switch|p1a: Gyarados|Gyarados, L79, M|229/280\n|-ability|p1a: Gyarados|Intimidate|boost\n|-unboost|p2a: Duraludon|atk|1\n|turn|19\n|inactive|Time left: 300 sec this turn | 300 sec total\n|\n|t:|1783542855\n|move|p1a: Gyarados|Dragon Dance|p1a: Gyarados\n|-boost|p1a: Gyarados|atk|1\n|-boost|p1a: Gyarados|spe|1\n|move|p2a: Duraludon|Dragon Tail|p1a: Gyarados\n|-damage|p1a: Gyarados|186/280\n|drag|p1a: Avalugg|Avalugg, L88, M|121/310\n|\n|upkeep\n|turn|20\n|inactive|Time left: 300 sec this turn | 300 sec total\n|\n|t:|1783542857\n|switch|p1a: Gyarados|Gyarados, L79, M|186/280\n|-ability|p1a: Gyarados|Intimidate|boost\n|-unboost|p2a: Duraludon|atk|1\n|move|p2a: Duraludon|Flash Cannon|p1a: Gyarados\n|-resisted|p1a: Gyarados\n|-damage|p1a: Gyarados|141/280\n|-unboost|p1a: Gyarados|spd|1\n|\n|upkeep\n|turn|21\n|inactive|Time left: 300 sec this turn | 300 sec total\n|\n|t:|1783542858\n|move|p2a: Duraludon|Flash Cannon|p1a: Gyarados\n|-resisted|p1a: Gyarados\n|-damage|p1a: Gyarados|77/280\n|move|p1a: Gyarados|Dragon Dance|p1a: Gyarados\n|-boost|p1a: Gyarados|atk|1\n|-boost|p1a: Gyarados|spe|1\n|\n|upkeep\n|turn|22\n|inactive|Time left: 300 sec this turn | 300 sec total\n|\n|t:|1783542859\n|switch|p2a: Deoxys|Deoxys-Defense, L84|100/100\n|-ability|p2a: Deoxys|Pressure\n|move|p1a: Gyarados|Earthquake|p2a: Deoxys\n|-damage|p2a: Deoxys|71/100\n|\n|upkeep\n|turn|23\n|inactive|Time left: 300 sec this turn | 300 sec total\n|\n|t:|1783542860\n|move|p1a: Gyarados|Waterfall|p2a: Deoxys\n|-damage|p2a: Deoxys|31/100\n|-damage|p1a: Gyarados|31/280|[from] item: Rocky Helmet|[of] p2a: Deoxys\n|move|p2a: Deoxys|Psychic Noise|p1a: Gyarados\n|-damage|p1a: Gyarados|0 fnt\n|faint|p1a: Gyarados\n|\n|upkeep\n|inactive|Time left: 300 sec this turn | 300 sec total | 5 sec grace\n|\n|t:|1783542862\n|switch|p1a: Leafeon|Leafeon, L88, F|258/258\n|-damage|p1a: Leafeon|226/258|[from] Stealth Rock\n|turn|24\n|inactive|Time left: 300 sec this turn | 300 sec total\n|\n|t:|1783542863\n|switch|p2a: Duraludon|Duraludon, L82, F|66/100\n|move|p1a: Leafeon|Swords Dance|p1a: Leafeon\n|-boost|p1a: Leafeon|atk|2\n|\n|-heal|p1a: Leafeon|242/258|[from] item: Leftovers\n|upkeep\n|turn|25\n|inactive|Time left: 300 sec this turn | 300 sec total\n|\n|t:|1783542864\n|move|p1a: Leafeon|Substitute|p1a: Leafeon\n|-start|p1a: Leafeon|Substitute\n|-damage|p1a: Leafeon|178/258\n|move|p2a: Duraludon|Flash Cannon|p1a: Leafeon\n|-end|p1a: Leafeon|Substitute\n|\n|-heal|p1a: Leafeon|194/258|[from] item: Leftovers\n|upkeep\n|turn|26\n|inactive|Time left: 300 sec this turn | 300 sec total\n|\n|t:|1783542865\n|move|p1a: Leafeon|Substitute|p1a: Leafeon\n|-start|p1a: Leafeon|Substitute\n|-damage|p1a: Leafeon|130/258\n|move|p2a: Duraludon|Flash Cannon|p1a: Leafeon\n|-end|p1a: Leafeon|Substitute\n|\n|-heal|p1a: Leafeon|146/258|[from] item: Leftovers\n|upkeep\n|turn|27\n|inactive|Time left: 300 sec this turn | 300 sec total\n|\n|t:|1783542866\n|move|p1a: Leafeon|Substitute|p1a: Leafeon\n|-start|p1a: Leafeon|Substitute\n|-damage|p1a: Leafeon|82/258\n|move|p2a: Duraludon|Flash Cannon|p1a: Leafeon\n|-end|p1a: Leafeon|Substitute\n|\n|-heal|p1a: Leafeon|98/258|[from] item: Leftovers\n|upkeep\n|turn|28\n|inactive|Time left: 300 sec this turn | 300 sec total\n|\n|t:|1783542867\n|move|p1a: Leafeon|Substitute|p1a: Leafeon\n|-start|p1a: Leafeon|Substitute\n|-damage|p1a: Leafeon|34/258\n|move|p2a: Duraludon|Flash Cannon|p1a: Leafeon\n|-end|p1a: Leafeon|Substitute\n|\n|-heal|p1a: Leafeon|50/258|[from] item: Leftovers\n|upkeep\n|turn|29\n|inactive|Time left: 300 sec this turn | 300 sec total\n|\n|t:|1783542868\n|move|p1a: Leafeon|Leaf Blade|p2a: Duraludon\n|-resisted|p2a: Duraludon\n|-damage|p2a: Duraludon|52/100\n|move|p2a: Duraludon|Flash Cannon|p1a: Leafeon\n|-damage|p1a: Leafeon|0 fnt\n|faint|p1a: Leafeon\n|\n|upkeep\n|inactive|Time left: 300 sec this turn | 300 sec total | 5 sec grace\n|\n|t:|1783542869\n|switch|p1a: Heatran|Heatran, L79, M|273/273\n|-damage|p1a: Heatran|239/273|[from] Stealth Rock\n|-item|p1a: Heatran|Air Balloon\n|turn|30\n|inactive|Time left: 300 sec this turn | 300 sec total\n|\n|t:|1783542870\n|-terastallize|p2a: Duraludon|Fighting\n|move|p2a: Duraludon|Body Press|p1a: Heatran\n|-supereffective|p1a: Heatran\n|-damage|p1a: Heatran|59/273\n|-enditem|p1a: Heatran|Air Balloon\n|move|p1a: Heatran|Earth Power|p2a: Duraludon\n|-damage|p2a: Duraludon|22/100\n|\n|upkeep\n|turn|31\n|inactive|Time left: 300 sec this turn | 300 sec total\n|\n|t:|1783542871\n|switch|p1a: Avalugg|Avalugg, L88, M|121/310\n|move|p2a: Duraludon|Body Press|p1a: Avalugg\n|-supereffective|p1a: Avalugg\n|-damage|p1a: Avalugg|31/310\n|\n|upkeep\n|turn|32\n|inactive|Time left: 300 sec this turn | 300 sec total\n|\n|t:|1783542872\n|move|p2a: Duraludon|Body Press|p1a: Avalugg\n|-supereffective|p1a: Avalugg\n|-damage|p1a: Avalugg|0 fnt\n|faint|p1a: Avalugg\n|\n|upkeep\n|inactive|Time left: 300 sec this turn | 300 sec total | 5 sec grace\n|\n|t:|1783542873\n|switch|p1a: Heatran|Heatran, L79, M|59/273\n|-damage|p1a: Heatran|25/273|[from] Stealth Rock\n|turn|33\n|inactive|Time left: 300 sec this turn | 300 sec total\n|\n|t:|1783542874\n|move|p2a: Duraludon|Body Press|p1a: Heatran\n|-supereffective|p1a: Heatran\n|-damage|p1a: Heatran|0 fnt\n|faint|p1a: Heatran\n|\n|win|p0y280b1d0", "uploadtime": 1783542874, "views": 0, "rating": 0, "private": 0, "password": null, "_winner": "p0y280b1d0", "_our_name": "p0x280c0e6"}