{"id": "battle-gen9randombattle-1850", "formatid": "gen9randombattle", "format": "[Gen 9] Random Battle", "players": ["p0x1850c9a9", "p0y18509105"], "log": "|init|battle\n|title|p0x1850c9a9 vs. p0y18509105\n|j|\u2606p0x1850c9a9\n|j|\u2606p0y18509105\n|t:|1783561430\n|gametype|singles\n|player|p1|p0x1850c9a9|266|\n|player|p2|p0y18509105|170|\n|gen|9\n|tier|[Gen 9] Random Battle\n|rule|Species Clause: Limit one of each Pok\u00e9mon\n|rule|HP Percentage Mod: HP is shown in percentages\n|rule|Sleep Clause Mod: Limit one foe put to sleep\n|rule|Illusion Level Mod: Illusion disguises the Pok\u00e9mon's true level\n|\n|t:|1783561430\n|teamsize|p1|6\n|teamsize|p2|6\n|start\n|switch|p1a: Infernape|Infernape, L82, F|259/259\n|switch|p2a: Feraligatr|Feraligatr, L79, M|100/100\n|turn|1\n|inactive|Battle timer is ON: inactive players will automatically lose when time's up. (requested by p0x1850c9a9)\n|inactive|p0y18509105 also wants the timer to be on.\n|\n|t:|1783561432\n|move|p1a: Infernape|Close Combat|p2a: Feraligatr\n|-damage|p2a: Feraligatr|40/100\n|-unboost|p1a: Infernape|def|1\n|-unboost|p1a: Infernape|spd|1\n|-damage|p1a: Infernape|234/259|[from] item: Life Orb\n|move|p2a: Feraligatr|Liquidation|p1a: Infernape\n|-supereffective|p1a: Infernape\n|-damage|p1a: Infernape|0 fnt\n|faint|p1a: Infernape\n|\n|upkeep\n|inactive|Time left: 300 sec this turn | 300 sec total | 65 sec grace\n|\n|t:|1783561433\n|switch|p1a: Drednaw|Drednaw, L81, F|278/278\n|turn|2\n|inactive|Time left: 300 sec this turn | 300 sec total\n|\n|t:|1783561434\n|switch|p2a: Zamazenta|Zamazenta, L71|100/100\n|-ability|p2a: Zamazenta|Dauntless Shield|boost\n|-boost|p2a: Zamazenta|def|1\n|move|p1a: Drednaw|Shell Smash|p1a: Drednaw\n|-unboost|p1a: Drednaw|def|1\n|-unboost|p1a: Drednaw|spd|1\n|-boost|p1a: Drednaw|atk|2\n|-boost|p1a: Drednaw|spa|2\n|-boost|p1a: Drednaw|spe|2\n|-enditem|p1a: Drednaw|White Herb\n|-clearnegativeboost|p1a: Drednaw|[silent]\n|\n|upkeep\n|turn|3\n|inactive|Time left: 300 sec this turn | 300 sec total\n|\n|t:|1783561435\n|-terastallize|p1a: Drednaw|Ground\n|-terastallize|p2a: Zamazenta|Fighting\n|move|p1a: Drednaw|Earthquake|p2a: Zamazenta\n|-damage|p2a: Zamazenta|42/100\n|move|p2a: Zamazenta|Body Press|p1a: Drednaw\n|-damage|p1a: Drednaw|136/278\n|\n|upkeep\n|turn|4\n|inactive|Time left: 300 sec this turn | 300 sec total\n|\n|t:|1783561436\n|move|p1a: Drednaw|Liquidation|p2a: Zamazenta\n|-damage|p2a: Zamazenta|0 fnt\n|faint|p2a: Zamazenta\n|\n|upkeep\n|\n|t:|1783561437\n|switch|p2a: Walking Wake|Walking Wake, L79|100/100\n|turn|5\n|inactive|Time left: 300 sec this turn | 300 sec total\n|\n|t:|1783561438\n|move|p1a: Drednaw|Stone Edge|p2a: Walking Wake\n|-damage|p2a: Walking Wake|23/100\n|move|p2a: Walking Wake|Draco Meteor|p1a: Drednaw\n|-damage|p1a: Drednaw|0 fnt\n|-unboost|p2a: Walking Wake|spa|2\n|faint|p1a: Drednaw\n|\n|upkeep\n|inactive|Time left: 300 sec this turn | 300 sec total | 5 sec grace\n|\n|t:|1783561439\n|switch|p1a: Ursaluna|Ursaluna, L79, F|335/335\n|turn|6\n|inactive|Time left: 300 sec this turn | 300 sec total\n|\n|t:|1783561440\n|move|p2a: Walking Wake|Draco Meteor|p1a: Ursaluna\n|-damage|p1a: Ursaluna|203/335\n|-unboost|p2a: Walking Wake|spa|2\n|move|p1a: Ursaluna|Swords Dance|p1a: Ursaluna\n|-boost|p1a: Ursaluna|atk|2\n|\n|-status|p1a: Ursaluna|brn|[from] item: Flame Orb\n|upkeep\n|turn|7\n|inactive|Time left: 300 sec this turn | 300 sec total\n|\n|t:|1783561441\n|move|p2a: Walking Wake|Draco Meteor|p1a: Ursaluna\n|-damage|p1a: Ursaluna|116/335 brn\n|-unboost|p2a: Walking Wake|spa|2\n|move|p1a: Ursaluna|Facade|p2a: Walking Wake\n|-damage|p2a: Walking Wake|0 fnt\n|faint|p2a: Walking Wake\n|-end|p2a: Walking Wake|Protosynthesis|[silent]\n|\n|-damage|p1a: Ursaluna|96/335 brn|[from] brn\n|upkeep\n|\n|t:|1783561442\n|switch|p2a: Feraligatr|Feraligatr, L79, M|40/100\n|turn|8\n|inactive|Time left: 300 sec this turn | 300 sec total\n|\n|t:|1783561443\n|switch|p1a: Scovillain|Scovillain, L91, F|266/266\n|move|p2a: Feraligatr|Liquidation|p1a: Scovillain\n|-damage|p1a: Scovillain|114/266\n|\n|upkeep\n|turn|9\n|inactive|Time left: 300 sec this turn | 300 sec total\n|\n|t:|1783561443\n|switch|p2a: Chansey|Chansey, L85, F|100/100\n|move|p1a: Scovillain|Energy Ball|p2a: Chansey\n|-damage|p2a: Chansey|81/100\n|\n|upkeep\n|turn|10\n|inactive|Time left: 300 sec this turn | 300 sec total\n|\n|t:|1783561444\n|move|p1a: Scovillain|Energy Ball|p2a: Chansey\n|-damage|p2a: Chansey|62/100\n|-unboost|p2a: Chansey|spd|1\n|move|p2a: Chansey|Seismic Toss|p1a: Scovillain\n|-damage|p1a: Scovillain|29/266\n|\n|upkeep\n|turn|11\n|inactive|Time left: 300 sec this turn | 300 sec total\n|\n|t:|1783561445\n|move|p1a: Scovillain|Energy Ball|p2a: Chansey\n|-damage|p2a: Chansey|35/100\n|move|p2a: Chansey|Soft-Boiled|p2a: Chansey\n|-heal|p2a: Chansey|85/100\n|\n|upkeep\n|turn|12\n|inactive|Time left: 300 sec this turn | 300 sec total\n|\n|t:|1783561445\n|move|p1a: Scovillain|Energy Ball|p2a: Chansey\n|-damage|p2a: Chansey|58/100\n|move|p2a: Chansey|Seismic Toss|p1a: Scovillain\n|-damage|p1a: Scovillain|0 fnt\n|faint|p1a: Scovillain\n|\n|upkeep\n|inactive|Time left: 300 sec this turn | 300 sec total | 5 sec grace\n|\n|t:|1783561446\n|switch|p1a: Diancie|Diancie, L82|216/216\n|turn|13\n|inactive|Time left: 300 sec this turn | 300 sec total\n|\n|t:|1783561447\n|move|p2a: Chansey|Soft-Boiled|p2a: Chansey\n|-heal|p2a: Chansey|100/100\n|move|p1a: Diancie|Diamond Storm|p2a: Chansey\n|-damage|p2a: Chansey|61/100\n|-boost|p1a: Diancie|def|2\n|\n|upkeep\n|turn|14\n|inactive|Time left: 300 sec this turn | 300 sec total\n|\n|t:|1783561448\n|move|p2a: Chansey|Thunder Wave|p1a: Diancie|[miss]\n|-miss|p2a: Chansey|p1a: Diancie\n|move|p1a: Diancie|Calm Mind|p1a: Diancie\n|-boost|p1a: Diancie|spa|1\n|-boost|p1a: Diancie|spd|1\n|\n|upkeep\n|turn|15\n|inactive|Time left: 300 sec this turn | 300 sec total\n|\n|t:|1783561448\n|move|p2a: Chansey|Thunder Wave|p1a: Diancie\n|-status|p1a: Diancie|par\n|move|p1a: Diancie|Calm Mind|p1a: Diancie\n|-boost|p1a: Diancie|spa|1\n|-boost|p1a: Diancie|spd|1\n|\n|upkeep\n|turn|16\n|inactive|Time left: 300 sec this turn | 300 sec total\n|\n|t:|1783561449\n|move|p2a: Chansey|Soft-Boiled|p2a: Chansey\n|-heal|p2a: Chansey|100/100\n|move|p1a: Diancie|Diamond Storm|p2a: Chansey\n|-damage|p2a: Chansey|57/100\n|-boost|p1a: Diancie|def|2\n|\n|upkeep\n|turn|17\n|inactive|Time left: 300 sec this turn | 300 sec total\n|\n|t:|1783561450\n|move|p2a: Chansey|Soft-Boiled|p2a: Chansey\n|-heal|p2a: Chansey|100/100\n|move|p1a: Diancie|Diamond Storm|p2a: Chansey\n|-damage|p2a: Chansey|58/100\n|-boost|p1a: Diancie|def|2\n|\n|upkeep\n|turn|18\n|inactive|Time left: 300 sec this turn | 300 sec total\n|\n|t:|1783561451\n|move|p2a: Chansey|Soft-Boiled|p2a: Chansey\n|-heal|p2a: Chansey|100/100\n|move|p1a: Diancie|Diamond Storm|p2a: Chansey\n|-damage|p2a: Chansey|57/100\n|\n|upkeep\n|turn|19\n|inactive|Time left: 300 sec this turn | 300 sec total\n|\n|t:|1783561452\n|move|p2a: Chansey|Soft-Boiled|p2a: Chansey\n|-heal|p2a: Chansey|100/100\n|move|p1a: Diancie|Diamond Storm|p2a: Chansey\n|-damage|p2a: Chansey|55/100\n|\n|upkeep\n|turn|20\n|inactive|Time left: 300 sec this turn | 300 sec total\n|\n|t:|1783561453\n|move|p2a: Chansey|Soft-Boiled|p2a: Chansey\n|-heal|p2a: Chansey|100/100\n|move|p1a: Diancie|Diamond Storm|p2a: Chansey\n|-damage|p2a: Chansey|58/100\n|\n|upkeep\n|turn|21\n|inactive|Time left: 300 sec this turn | 300 sec total\n|\n|t:|1783561454\n|move|p2a: Chansey|Soft-Boiled|p2a: Chansey\n|-heal|p2a: Chansey|100/100\n|move|p1a: Diancie|Diamond Storm|p2a: Chansey\n|-damage|p2a: Chansey|58/100\n|\n|upkeep\n|turn|22\n|inactive|Time left: 300 sec this turn | 300 sec total\n|\n|t:|1783561455\n|switch|p2a: Uxie|Uxie, L83|100/100\n|move|p1a: Diancie|Draining Kiss|p2a: Uxie\n|-damage|p2a: Uxie|71/100\n|\n|-heal|p2a: Uxie|77/100|[from] item: Leftovers\n|upkeep\n|turn|23\n|inactive|Time left: 300 sec this turn | 300 sec total\n|\n|t:|1783561456\n|move|p2a: Uxie|Psychic Noise|p1a: Diancie\n|-damage|p1a: Diancie|192/216 par\n|-start|p1a: Diancie|move: Heal Block\n|move|p1a: Diancie|Calm Mind|p1a: Diancie\n|-boost|p1a: Diancie|spa|1\n|-boost|p1a: Diancie|spd|1\n|\n|-heal|p2a: Uxie|84/100|[from] item: Leftovers\n|upkeep\n|turn|24\n|inactive|Time left: 300 sec this turn | 300 sec total\n|\n|t:|1783561457\n|move|p2a: Uxie|Encore|p1a: Diancie\n|-start|p1a: Diancie|Encore\n|move|p1a: Diancie|Calm Mind|p1a: Diancie\n|-boost|p1a: Diancie|spa|1\n|-boost|p1a: Diancie|spd|1\n|\n|-heal|p2a: Uxie|90/100|[from] item: Leftovers\n|-end|p1a: Diancie|move: Heal Block\n|upkeep\n|turn|25\n|inactive|Time left: 300 sec this turn | 300 sec total\n|\n|t:|1783561458\n|move|p2a: Uxie|Psychic Noise|p1a: Diancie\n|-damage|p1a: Diancie|176/216 par\n|-start|p1a: Diancie|move: Heal Block\n|cant|p1a: Diancie|par\n|\n|-heal|p2a: Uxie|96/100|[from] item: Leftovers\n|upkeep\n|turn|26\n|inactive|Time left: 300 sec this turn | 300 sec total\n|\n|t:|1783561460\n|switch|p2a: Chansey|Chansey, L85, F|58/100\n|cant|p1a: Diancie|par\n|\n|-end|p1a: Diancie|Encore\n|-end|p1a: Diancie|move: Heal Block\n|upkeep\n|turn|27\n|inactive|Time left: 300 sec this turn | 300 sec total\n|\n|t:|1783561461\n|move|p2a: Chansey|Seismic Toss|p1a: Diancie\n|-damage|p1a: Diancie|91/216 par\n|move|p1a: Diancie|Draining Kiss|p2a: Chansey\n|-damage|p2a: Chansey|41/100\n|-heal|p1a: Diancie|162/216 par|[from] drain|[of] p2a: Chansey\n|\n|-heal|p1a: Diancie|175/216 par|[from] item: Leftovers\n|upkeep\n|turn|28\n|inactive|Time left: 300 sec this turn | 300 sec total\n|\n|t:|1783561462\n|move|p2a: Chansey|Seismic Toss|p1a: Diancie\n|-damage|p1a: Diancie|90/216 par\n|move|p1a: Diancie|Draining Kiss|p2a: Chansey\n|-damage|p2a: Chansey|24/100\n|-heal|p1a: Diancie|161/216 par|[from] drain|[of] p2a: Chansey\n|\n|-heal|p1a: Diancie|174/216 par|[from] item: Leftovers\n|upkeep\n|turn|29\n|inactive|Time left: 300 sec this turn | 300 sec total\n|\n|t:|1783561463\n|move|p2a: Chansey|Seismic Toss|p1a: Diancie\n|-damage|p1a: Diancie|89/216 par\n|move|p1a: Diancie|Draining Kiss|p2a: Chansey\n|-damage|p2a: Chansey|9/100\n|-heal|p1a: Diancie|154/216 par|[from] drain|[of] p2a: Chansey\n|\n|-heal|p1a: Diancie|167/216 par|[from] item: Leftovers\n|upkeep\n|turn|30\n|inactive|Time left: 300 sec this turn | 300 sec total\n|\n|t:|1783561464\n|move|p2a: Chansey|Seismic Toss|p1a: Diancie\n|-damage|p1a: Diancie|82/216 par\n|move|p1a: Diancie|Draining Kiss|p2a: Chansey\n|-damage|p2a: Chansey|0 fnt\n|-heal|p1a: Diancie|118/216 par|[from] drain|[of] p2a: Chansey\n|faint|p2a: Chansey\n|\n|-heal|p1a: Diancie|131/216 par|[from] item: Leftovers\n|upkeep\n|\n|t:|1783561465\n|switch|p2a: Uxie|Uxie, L83|96/100\n|turn|31\n|inactive|Time left: 300 sec this turn | 300 sec total\n|\n|t:|1783561466\n|move|p2a: Uxie|Psychic Noise|p1a: Diancie\n|-damage|p1a: Diancie|116/216 par\n|-start|p1a: Diancie|move: Heal Block\n|cant|p1a: Diancie|move: Heal Block|Draining Kiss\n|\n|-heal|p2a: Uxie|100/100|[from] item: Leftovers\n|upkeep\n|turn|32\n|inactive|Time left: 300 sec this turn | 300 sec total\n|\n|t:|1783561467\n|move|p2a: Uxie|Encore|p1a: Diancie\n|-start|p1a: Diancie|Encore\n|cant|p1a: Diancie|move: Heal Block|Draining Kiss\n|\n|-end|p1a: Diancie|move: Heal Block\n|upkeep\n|turn|33\n|inactive|Time left: 300 sec this turn | 300 sec total\n|\n|t:|1783561467\n|move|p2a: Uxie|Psychic Noise|p1a: Diancie\n|-damage|p1a: Diancie|101/216 par\n|-start|p1a: Diancie|move: Heal Block\n|cant|p1a: Diancie|move: Heal Block|Draining Kiss\n|\n|upkeep\n|turn|34\n|inactive|Time left: 300 sec this turn | 300 sec total\n|\n|t:|1783561469\n|switch|p2a: Feraligatr|Feraligatr, L79, M|40/100\n|switch|p1a: Amoonguss|Amoonguss, L82, M|321/321\n|\n|upkeep\n|turn|35\n|inactive|Time left: 300 sec this turn | 300 sec total\n|\n|t:|1783561470\n|switch|p2a: Magcargo|Magcargo, L95, F|100/100\n|move|p1a: Amoonguss|Giga Drain|p2a: Magcargo\n|-damage|p2a: Magcargo|78/100\n|\n|upkeep\n|turn|36\n|inactive|Time left: 300 sec this turn | 300 sec total\n|\n|t:|1783561471\n|move|p2a: Magcargo|Lava Plume|p1a: Amoonguss\n|-supereffective|p1a: Amoonguss\n|-damage|p1a: Amoonguss|111/321\n|-status|p1a: Amoonguss|brn\n|move|p1a: Amoonguss|Spore|p2a: Magcargo\n|-status|p2a: Magcargo|slp|[from] move: Spore\n|\n|-heal|p1a: Amoonguss|131/321 brn|[from] item: Leftovers\n|-damage|p1a: Amoonguss|111/321 brn|[from] brn\n|upkeep\n|turn|37\n|inactive|Time left: 300 sec this turn | 300 sec total\n|\n|t:|1783561472\n|switch|p1a: Diancie|Diancie, L82|101/216 par\n|cant|p2a: Magcargo|slp\n|\n|-heal|p1a: Diancie|114/216 par|[from] item: Leftovers\n|upkeep\n|turn|38\n|inactive|Time left: 300 sec this turn | 300 sec total\n|\n|t:|1783561473\n|switch|p2a: Feraligatr|Feraligatr, L79, M|40/100\n|move|p1a: Diancie|Earth Power|p2a: Feraligatr\n|-damage|p2a: Feraligatr|15/100\n|\n|-heal|p1a: Diancie|127/216 par|[from] item: Leftovers\n|upkeep\n|turn|39\n|inactive|Time left: 300 sec this turn | 300 sec total\n|\n|t:|1783561474\n|switch|p1a: Amoonguss|Amoonguss, L82, M|218/321 brn\n|move|p2a: Feraligatr|Liquidation|p1a: Amoonguss\n|-resisted|p1a: Amoonguss\n|-damage|p1a: Amoonguss|137/321 brn\n|\n|-heal|p1a: Amoonguss|157/321 brn|[from] item: Leftovers\n|-damage|p1a: Amoonguss|137/321 brn|[from] brn\n|upkeep\n|turn|40\n|inactive|Time left: 300 sec this turn | 300 sec total\n|\n|t:|1783561475\n|switch|p1a: Diancie|Diancie, L82|127/216 par\n|move|p2a: Feraligatr|Ice Punch|p1a: Diancie\n|-damage|p1a: Diancie|66/216 par\n|\n|-heal|p1a: Diancie|79/216 par|[from] item: Leftovers\n|upkeep\n|turn|41\n|inactive|Time left: 300 sec this turn | 300 sec total\n|\n|t:|1783561476\n|switch|p1a: Amoonguss|Amoonguss, L82, M|244/321 brn\n|move|p2a: Feraligatr|Liquidation|p1a: Amoonguss\n|-resisted|p1a: Amoonguss\n|-damage|p1a: Amoonguss|165/321 brn\n|\n|-heal|p1a: Amoonguss|185/321 brn|[from] item: Leftovers\n|-damage|p1a: Amoonguss|165/321 brn|[from] brn\n|upkeep\n|turn|42\n|inactive|Time left: 300 sec this turn | 300 sec total\n|\n|t:|1783561477\n|switch|p1a: Diancie|Diancie, L82|79/216 par\n|move|p2a: Feraligatr|Ice Punch|p1a: Diancie\n|-damage|p1a: Diancie|21/216 par\n|\n|-heal|p1a: Diancie|34/216 par|[from] item: Leftovers\n|upkeep\n|turn|43\n|inactive|Time left: 300 sec this turn | 300 sec total\n|\n|t:|1783561478\n|move|p2a: Feraligatr|Ice Punch|p1a: Diancie\n|-damage|p1a: Diancie|0 fnt\n|faint|p1a: Diancie\n|\n|upkeep\n|inactive|Time left: 300 sec this turn | 300 sec total | 5 sec grace\n|\n|t:|1783561479\n|switch|p1a: Amoonguss|Amoonguss, L82, M|272/321 brn\n|turn|44\n|inactive|Time left: 300 sec this turn | 300 sec total\n|\n|t:|1783561480\n|move|p2a: Feraligatr|Ice Punch|p1a: Amoonguss\n|-supereffective|p1a: Amoonguss\n|-damage|p1a: Amoonguss|61/321 brn\n|move|p1a: Amoonguss|Giga Drain|p2a: Feraligatr\n|-supereffective|p2a: Feraligatr\n|-damage|p2a: Feraligatr|0 fnt\n|-heal|p1a: Amoonguss|80/321 brn|[from] drain|[of] p2a: Feraligatr\n|faint|p2a: Feraligatr\n|\n|-heal|p1a: Amoonguss|100/321 brn|[from] item: Leftovers\n|-damage|p1a: Amoonguss|80/321 brn|[from] brn\n|upkeep\n|\n|t:|1783561481\n|switch|p2a: Uxie|Uxie, L83|100/100\n|turn|45\n|inactive|Time left: 300 sec this turn | 300 sec total\n|\n|t:|1783561482\n|switch|p1a: Ursaluna|Ursaluna, L79, F|96/335 brn\n|move|p2a: Uxie|Psychic Noise|p1a: Ursaluna\n|-damage|p1a: Ursaluna|18/335 brn\n|-start|p1a: Ursaluna|move: Heal Block\n|\n|-damage|p1a: Ursaluna|0 fnt|[from] brn\n|faint|p1a: Ursaluna\n|upkeep\n|inactive|Time left: 300 sec this turn | 300 sec total | 5 sec grace\n|\n|t:|1783561483\n|switch|p1a: Amoonguss|Amoonguss, L82, M|187/321 brn\n|turn|46\n|inactive|Time left: 300 sec this turn | 300 sec total\n|\n|t:|1783561484\n|move|p2a: Uxie|Psychic Noise|p1a: Amoonguss\n|-supereffective|p1a: Amoonguss\n|-damage|p1a: Amoonguss|47/321 brn\n|-start|p1a: Amoonguss|move: Heal Block\n|move|p1a: Amoonguss|Sludge Bomb|p2a: Uxie\n|-damage|p2a: Uxie|76/100\n|-status|p2a: Uxie|psn\n|\n|-heal|p2a: Uxie|82/100 psn|[from] item: Leftovers\n|-damage|p2a: Uxie|70/100 psn|[from] psn\n|-damage|p1a: Amoonguss|27/321 brn|[from] brn\n|upkeep\n|turn|47\n|inactive|Time left: 300 sec this turn | 300 sec total\n|\n|t:|1783561485\n|move|p2a: Uxie|U-turn|p1a: Amoonguss\n|-damage|p1a: Amoonguss|0 fnt\n|faint|p1a: Amoonguss\n|\n|win|p0y18509105", "uploadtime": 1783561485, "views": 0, "rating": 0, "private": 0, "password": null, "_winner": "p0y18509105", "_our_name": "p0x1850c9a9"}