{"id": "battle-gen9randombattle-1815", "formatid": "gen9randombattle", "format": "[Gen 9] Random Battle", "players": ["p0x1815137e", "p0y18154391"], "log": "|init|battle\n|title|p0x1815137e vs. p0y18154391\n|j|\u2606p0x1815137e\n|j|\u2606p0y18154391\n|t:|1783560245\n|gametype|singles\n|player|p1|p0x1815137e|2|\n|player|p2|p0y18154391|170|\n|gen|9\n|tier|[Gen 9] Random Battle\n|rule|Species Clause: Limit one of each Pok\u00e9mon\n|rule|HP Percentage Mod: HP is shown in percentages\n|rule|Sleep Clause Mod: Limit one foe put to sleep\n|rule|Illusion Level Mod: Illusion disguises the Pok\u00e9mon's true level\n|\n|t:|1783560245\n|teamsize|p1|6\n|teamsize|p2|6\n|start\n|switch|p1a: Deoxys|Deoxys, L74|100/100\n|switch|p2a: Bronzong|Bronzong, L88|261/261\n|-ability|p1a: Deoxys|Pressure\n|turn|1\n|inactive|Battle timer is ON: inactive players will automatically lose when time's up. (requested by p0x1815137e)\n|inactive|Time left: 300 sec this turn | 300 sec total | 60 sec grace\n|\n|t:|1783560247\n|move|p1a: Deoxys|Knock Off|p2a: Bronzong\n|-supereffective|p2a: Bronzong\n|-damage|p2a: Bronzong|105/261\n|-enditem|p2a: Bronzong|Leftovers|[from] move: Knock Off|[of] p1a: Deoxys\n|-damage|p1a: Deoxys|91/100|[from] item: Life Orb\n|move|p2a: Bronzong|Stealth Rock|p1a: Deoxys\n|-sidestart|p1: p0x1815137e|move: Stealth Rock\n|\n|upkeep\n|turn|2\n|inactive|Time left: 300 sec this turn | 300 sec total\n|inactive|p0y18154391 also wants the timer to be on.\n|\n|t:|1783560248\n|move|p1a: Deoxys|Knock Off|p2a: Bronzong\n|-supereffective|p2a: Bronzong\n|-damage|p2a: Bronzong|0 fnt\n|faint|p2a: Bronzong\n|-damage|p1a: Deoxys|81/100|[from] item: Life Orb\n|\n|upkeep\n|inactive|Time left: 300 sec this turn | 300 sec total | 5 sec grace\n|\n|t:|1783560249\n|switch|p2a: Electrode|Electrode-Hisui, L87|246/246\n|turn|3\n|inactive|Time left: 300 sec this turn | 300 sec total\n|\n|t:|1783560250\n|move|p2a: Electrode|Thunderbolt|p1a: Deoxys\n|-damage|p1a: Deoxys|11/100\n|move|p1a: Deoxys|Psycho Boost|p2a: Electrode\n|-damage|p2a: Electrode|11/246\n|-unboost|p1a: Deoxys|spa|2\n|-damage|p1a: Deoxys|1/100|[from] item: Life Orb\n|\n|-heal|p2a: Electrode|26/246|[from] item: Leftovers\n|upkeep\n|turn|4\n|inactive|Time left: 300 sec this turn | 300 sec total\n|\n|t:|1783560251\n|move|p1a: Deoxys|Extreme Speed|p2a: Electrode\n|-damage|p2a: Electrode|0 fnt\n|faint|p2a: Electrode\n|-damage|p1a: Deoxys|0 fnt|[from] item: Life Orb\n|faint|p1a: Deoxys\n|\n|upkeep\n|inactive|Time left: 300 sec this turn | 300 sec total | 5 sec grace\n|\n|t:|1783560252\n|switch|p2a: Flapple|Flapple, L88, M|266/266\n|switch|p1a: Swalot|Swalot, L90, M|100/100\n|-damage|p1a: Swalot|88/100|[from] Stealth Rock\n|turn|5\n|inactive|Time left: 300 sec this turn | 300 sec total\n|\n|t:|1783560254\n|move|p2a: Flapple|Outrage|p1a: Swalot\n|-damage|p1a: Swalot|0 fnt\n|faint|p1a: Swalot\n|\n|upkeep\n|\n|t:|1783560255\n|switch|p1a: Ribombee|Ribombee, L83, F|100/100\n|turn|6\n|inactive|Time left: 300 sec this turn | 300 sec total\n|\n|t:|1783560256\n|move|p1a: Ribombee|Quiver Dance|p1a: Ribombee\n|-boost|p1a: Ribombee|spa|1\n|-boost|p1a: Ribombee|spd|1\n|-boost|p1a: Ribombee|spe|1\n|move|p2a: Flapple|Outrage|p1a: Ribombee|[from] lockedmove\n|-immune|p1a: Ribombee\n|\n|upkeep\n|turn|7\n|inactive|Time left: 300 sec this turn | 300 sec total\n|\n|t:|1783560257\n|move|p1a: Ribombee|Bug Buzz|p2a: Flapple\n|-supereffective|p2a: Flapple\n|-damage|p2a: Flapple|0 fnt\n|faint|p2a: Flapple\n|\n|upkeep\n|inactive|Time left: 300 sec this turn | 300 sec total | 5 sec grace\n|\n|t:|1783560258\n|switch|p2a: Toxapex|Toxapex, L82, M|216/216\n|turn|8\n|inactive|Time left: 300 sec this turn | 300 sec total\n|\n|t:|1783560259\n|move|p1a: Ribombee|Moonblast|p2a: Toxapex\n|-resisted|p2a: Toxapex\n|-damage|p2a: Toxapex|167/216\n|-unboost|p2a: Toxapex|spa|1\n|move|p2a: Toxapex|Haze|p2a: Toxapex\n|-clearallboost\n|\n|-heal|p2a: Toxapex|180/216|[from] item: Leftovers\n|upkeep\n|turn|9\n|inactive|Time left: 300 sec this turn | 300 sec total\n|\n|t:|1783560260\n|move|p1a: Ribombee|Quiver Dance|p1a: Ribombee\n|-boost|p1a: Ribombee|spa|1\n|-boost|p1a: Ribombee|spd|1\n|-boost|p1a: Ribombee|spe|1\n|move|p2a: Toxapex|Liquidation|p1a: Ribombee\n|-damage|p1a: Ribombee|65/100\n|\n|-heal|p2a: Toxapex|193/216|[from] item: Leftovers\n|upkeep\n|turn|10\n|inactive|Time left: 300 sec this turn | 300 sec total\n|\n|t:|1783560261\n|move|p1a: Ribombee|Moonblast|p2a: Toxapex\n|-resisted|p2a: Toxapex\n|-damage|p2a: Toxapex|138/216\n|move|p2a: Toxapex|Liquidation|p1a: Ribombee\n|-damage|p1a: Ribombee|26/100\n|\n|-heal|p2a: Toxapex|151/216|[from] item: Leftovers\n|upkeep\n|turn|11\n|inactive|Time left: 300 sec this turn | 300 sec total\n|\n|t:|1783560262\n|-terastallize|p1a: Ribombee|Ground\n|-terastallize|p2a: Toxapex|Flying\n|move|p1a: Ribombee|Tera Blast|p2a: Toxapex|[anim] Tera Blast Ground\n|-immune|p2a: Toxapex\n|move|p2a: Toxapex|Liquidation|p1a: Ribombee\n|-supereffective|p1a: Ribombee\n|-damage|p1a: Ribombee|0 fnt\n|faint|p1a: Ribombee\n|\n|-heal|p2a: Toxapex|164/216|[from] item: Leftovers\n|upkeep\n|\n|t:|1783560264\n|switch|p1a: Ludicolo|Ludicolo, L90, F|100/100\n|-damage|p1a: Ludicolo|88/100|[from] Stealth Rock\n|turn|12\n|inactive|Time left: 300 sec this turn | 300 sec total\n|\n|t:|1783560265\n|move|p1a: Ludicolo|Hydro Pump|p2a: Toxapex\n|-damage|p2a: Toxapex|51/216\n|-damage|p1a: Ludicolo|78/100|[from] item: Life Orb\n|move|p2a: Toxapex|Recover|p2a: Toxapex\n|-heal|p2a: Toxapex|159/216\n|\n|-heal|p2a: Toxapex|172/216|[from] item: Leftovers\n|upkeep\n|turn|13\n|inactive|Time left: 300 sec this turn | 300 sec total\n|\n|t:|1783560266\n|move|p1a: Ludicolo|Hydro Pump|p2a: Toxapex\n|-damage|p2a: Toxapex|65/216\n|-damage|p1a: Ludicolo|68/100|[from] item: Life Orb\n|move|p2a: Toxapex|Recover|p2a: Toxapex\n|-heal|p2a: Toxapex|173/216\n|\n|-heal|p2a: Toxapex|186/216|[from] item: Leftovers\n|upkeep\n|turn|14\n|inactive|Time left: 300 sec this turn | 300 sec total\n|\n|t:|1783560267\n|move|p1a: Ludicolo|Ice Beam|p2a: Toxapex\n|-supereffective|p2a: Toxapex\n|-damage|p2a: Toxapex|64/216\n|-damage|p1a: Ludicolo|58/100|[from] item: Life Orb\n|move|p2a: Toxapex|Recover|p2a: Toxapex\n|-heal|p2a: Toxapex|172/216\n|\n|-heal|p2a: Toxapex|185/216|[from] item: Leftovers\n|upkeep\n|turn|15\n|inactive|Time left: 300 sec this turn | 300 sec total\n|\n|t:|1783560268\n|move|p1a: Ludicolo|Hydro Pump|p2a: Toxapex\n|-damage|p2a: Toxapex|72/216\n|-damage|p1a: Ludicolo|48/100|[from] item: Life Orb\n|move|p2a: Toxapex|Recover|p2a: Toxapex\n|-heal|p2a: Toxapex|180/216\n|\n|-heal|p2a: Toxapex|193/216|[from] item: Leftovers\n|upkeep\n|turn|16\n|inactive|Time left: 300 sec this turn | 300 sec total\n|\n|t:|1783560269\n|move|p1a: Ludicolo|Ice Beam|p2a: Toxapex\n|-supereffective|p2a: Toxapex\n|-damage|p2a: Toxapex|68/216\n|-damage|p1a: Ludicolo|38/100|[from] item: Life Orb\n|move|p2a: Toxapex|Recover|p2a: Toxapex\n|-heal|p2a: Toxapex|176/216\n|\n|-heal|p2a: Toxapex|189/216|[from] item: Leftovers\n|upkeep\n|turn|17\n|inactive|Time left: 300 sec this turn | 300 sec total\n|\n|t:|1783560270\n|move|p1a: Ludicolo|Ice Beam|p2a: Toxapex\n|-supereffective|p2a: Toxapex\n|-damage|p2a: Toxapex|62/216\n|-damage|p1a: Ludicolo|28/100|[from] item: Life Orb\n|move|p2a: Toxapex|Recover|p2a: Toxapex\n|-heal|p2a: Toxapex|170/216\n|\n|-heal|p2a: Toxapex|183/216|[from] item: Leftovers\n|upkeep\n|turn|18\n|inactive|Time left: 300 sec this turn | 300 sec total\n|\n|t:|1783560271\n|move|p1a: Ludicolo|Ice Beam|p2a: Toxapex\n|-supereffective|p2a: Toxapex\n|-damage|p2a: Toxapex|45/216\n|-status|p2a: Toxapex|frz\n|-damage|p1a: Ludicolo|18/100|[from] item: Life Orb\n|cant|p2a: Toxapex|frz\n|\n|-heal|p2a: Toxapex|58/216 frz|[from] item: Leftovers\n|upkeep\n|turn|19\n|inactive|Time left: 300 sec this turn | 300 sec total\n|\n|t:|1783560272\n|move|p1a: Ludicolo|Ice Beam|p2a: Toxapex\n|-supereffective|p2a: Toxapex\n|-damage|p2a: Toxapex|0 fnt\n|faint|p2a: Toxapex\n|-damage|p1a: Ludicolo|8/100|[from] item: Life Orb\n|\n|upkeep\n|inactive|Time left: 300 sec this turn | 300 sec total | 5 sec grace\n|\n|t:|1783560273\n|switch|p2a: Floatzel|Floatzel, L86, M|286/286\n|turn|20\n|inactive|Time left: 300 sec this turn | 300 sec total\n|\n|t:|1783560274\n|move|p2a: Floatzel|Wave Crash|p1a: Ludicolo\n|-resisted|p1a: Ludicolo\n|-damage|p1a: Ludicolo|0 fnt\n|faint|p1a: Ludicolo\n|-damage|p2a: Floatzel|279/286|[from] Recoil\n|\n|-heal|p2a: Floatzel|286/286|[from] item: Leftovers\n|upkeep\n|\n|t:|1783560275\n|switch|p1a: Piloswine|Piloswine, L85, F|100/100\n|-damage|p1a: Piloswine|88/100|[from] Stealth Rock\n|turn|21\n|inactive|Time left: 300 sec this turn | 300 sec total\n|\n|t:|1783560276\n|move|p2a: Floatzel|Bulk Up|p2a: Floatzel\n|-boost|p2a: Floatzel|atk|1\n|-boost|p2a: Floatzel|def|1\n|move|p1a: Piloswine|Earthquake|p2a: Floatzel\n|-damage|p2a: Floatzel|177/286\n|\n|-heal|p2a: Floatzel|194/286|[from] item: Leftovers\n|upkeep\n|turn|22\n|inactive|Time left: 300 sec this turn | 300 sec total\n|\n|t:|1783560276\n|move|p1a: Piloswine|Ice Shard|p2a: Floatzel\n|-resisted|p2a: Floatzel\n|-damage|p2a: Floatzel|172/286\n|move|p2a: Floatzel|Wave Crash|p1a: Piloswine\n|-supereffective|p1a: Piloswine\n|-damage|p1a: Piloswine|0 fnt\n|faint|p1a: Piloswine\n|-damage|p2a: Floatzel|83/286|[from] Recoil\n|\n|-heal|p2a: Floatzel|100/286|[from] item: Leftovers\n|upkeep\n|\n|t:|1783560277\n|switch|p1a: Skarmory|Skarmory, L80, M|100/100\n|-damage|p1a: Skarmory|88/100|[from] Stealth Rock\n|turn|23\n|inactive|Time left: 300 sec this turn | 300 sec total\n|\n|t:|1783560278\n|move|p2a: Floatzel|Taunt|p1a: Skarmory\n|-start|p1a: Skarmory|move: Taunt\n|cant|p1a: Skarmory|move: Taunt|Roost\n|\n|-heal|p2a: Floatzel|117/286|[from] item: Leftovers\n|-heal|p1a: Skarmory|94/100|[from] item: Leftovers\n|upkeep\n|turn|24\n|inactive|Time left: 300 sec this turn | 300 sec total\n|\n|t:|1783560278\n|move|p2a: Floatzel|Ice Spinner|p1a: Skarmory\n|-damage|p1a: Skarmory|63/100\n|move|p1a: Skarmory|Brave Bird|p2a: Floatzel\n|-damage|p2a: Floatzel|24/286\n|-damage|p1a: Skarmory|50/100|[from] Recoil\n|\n|-heal|p2a: Floatzel|41/286|[from] item: Leftovers\n|-heal|p1a: Skarmory|56/100|[from] item: Leftovers\n|upkeep\n|turn|25\n|inactive|Time left: 300 sec this turn | 300 sec total\n|\n|t:|1783560279\n|move|p2a: Floatzel|Wave Crash|p1a: Skarmory\n|-damage|p1a: Skarmory|0 fnt\n|faint|p1a: Skarmory\n|-damage|p2a: Floatzel|0 fnt|[from] Recoil\n|faint|p2a: Floatzel\n|\n|win|p0y18154391", "uploadtime": 1783560279, "views": 0, "rating": 0, "private": 0, "password": null, "_winner": "p0y18154391", "_our_name": "p0y18154391"}