{"id": "battle-gen9randombattle-2131", "formatid": "gen9randombattle", "format": "[Gen 9] Random Battle", "players": ["p0x2131cffc", "p0y2131dca1"], "log": "|init|battle\n|title|p0x2131cffc vs. p0y2131dca1\n|j|\u2606p0x2131cffc\n|j|\u2606p0y2131dca1\n|t:|1783563876\n|gametype|singles\n|player|p1|p0x2131cffc|1|\n|player|p2|p0y2131dca1|101|\n|gen|9\n|tier|[Gen 9] Random Battle\n|rule|Species Clause: Limit one of each Pok\u00e9mon\n|rule|HP Percentage Mod: HP is shown in percentages\n|rule|Sleep Clause Mod: Limit one foe put to sleep\n|rule|Illusion Level Mod: Illusion disguises the Pok\u00e9mon's true level\n|\n|t:|1783563876\n|teamsize|p1|6\n|teamsize|p2|6\n|start\n|switch|p1a: Magnezone|Magnezone, L85|100/100\n|switch|p2a: Klefki|Klefki, L84, F|233/233\n|turn|1\n|inactive|Battle timer is ON: inactive players will automatically lose when time's up. (requested by p0x2131cffc)\n|inactive|Time left: 300 sec this turn | 300 sec total | 60 sec grace\n|inactive|p0y2131dca1 also wants the timer to be on.\n|\n|t:|1783563878\n|move|p2a: Klefki|Spikes|p1a: Magnezone\n|-sidestart|p1: p0x2131cffc|Spikes\n|move|p1a: Magnezone|Thunderbolt|p2a: Klefki\n|-damage|p2a: Klefki|79/233\n|\n|-heal|p2a: Klefki|93/233|[from] item: Leftovers\n|upkeep\n|turn|2\n|inactive|Time left: 300 sec this turn | 300 sec total\n|\n|t:|1783563879\n|move|p2a: Klefki|Spikes|p1a: Magnezone\n|-sidestart|p1: p0x2131cffc|Spikes\n|move|p1a: Magnezone|Flash Cannon|p2a: Klefki\n|-damage|p2a: Klefki|0 fnt\n|faint|p2a: Klefki\n|\n|upkeep\n|inactive|Time left: 300 sec this turn | 300 sec total | 5 sec grace\n|\n|t:|1783563880\n|switch|p2a: Heracross|Heracross, L80, F|259/259\n|turn|3\n|inactive|Time left: 300 sec this turn | 300 sec total\n|\n|t:|1783563881\n|move|p2a: Heracross|Close Combat|p1a: Magnezone\n|-supereffective|p1a: Magnezone\n|-damage|p1a: Magnezone|7/100\n|-unboost|p2a: Heracross|def|1\n|-unboost|p2a: Heracross|spd|1\n|move|p1a: Magnezone|Flash Cannon|p2a: Heracross\n|-damage|p2a: Heracross|37/259\n|\n|-status|p2a: Heracross|brn|[from] item: Flame Orb\n|upkeep\n|turn|4\n|inactive|Time left: 300 sec this turn | 300 sec total\n|\n|t:|1783563882\n|move|p2a: Heracross|Trailblaze|p1a: Magnezone\n|-resisted|p1a: Magnezone\n|-damage|p1a: Magnezone|0 fnt\n|-boost|p2a: Heracross|spe|1\n|faint|p1a: Magnezone\n|\n|-damage|p2a: Heracross|21/259 brn|[from] brn\n|upkeep\n|\n|t:|1783563883\n|switch|p1a: Dugtrio|Dugtrio, L84, M|100/100\n|-damage|p1a: Dugtrio|84/100|[from] Spikes\n|turn|5\n|inactive|Time left: 300 sec this turn | 300 sec total\n|\n|t:|1783563884\n|move|p1a: Dugtrio|Sucker Punch|p2a: Heracross\n|-resisted|p2a: Heracross\n|-damage|p2a: Heracross|0 fnt\n|faint|p2a: Heracross\n|\n|upkeep\n|inactive|Time left: 300 sec this turn | 300 sec total | 5 sec grace\n|\n|t:|1783563885\n|switch|p2a: Cetitan|Cetitan, L82, M|412/412\n|turn|6\n|inactive|Time left: 300 sec this turn | 300 sec total\n|\n|t:|1783563886\n|switch|p1a: Arbok|Arbok, L87, F|100/100\n|-damage|p1a: Arbok|84/100|[from] Spikes\n|-ability|p1a: Arbok|Intimidate|boost\n|-unboost|p2a: Cetitan|atk|1\n|move|p2a: Cetitan|Belly Drum|p2a: Cetitan\n|-damage|p2a: Cetitan|206/412\n|-setboost|p2a: Cetitan|atk|6|[from] move: Belly Drum\n|-enditem|p2a: Cetitan|Sitrus Berry|[eat]\n|-heal|p2a: Cetitan|309/412|[from] item: Sitrus Berry\n|\n|-heal|p1a: Arbok|90/100|[from] item: Leftovers\n|upkeep\n|turn|7\n|inactive|Time left: 300 sec this turn | 300 sec total\n|\n|t:|1783563887\n|move|p1a: Arbok|Gunk Shot|p2a: Cetitan|[miss]\n|-miss|p1a: Arbok|p2a: Cetitan\n|move|p2a: Cetitan|Ice Spinner|p1a: Arbok\n|-damage|p1a: Arbok|0 fnt\n|faint|p1a: Arbok\n|\n|upkeep\n|\n|t:|1783563888\n|switch|p1a: Latias|Latias, L79, F|100/100\n|turn|8\n|inactive|Time left: 300 sec this turn | 300 sec total\n|\n|t:|1783563889\n|-terastallize|p1a: Latias|Steel\n|move|p1a: Latias|Draco Meteor|p2a: Cetitan\n|-damage|p2a: Cetitan|66/412\n|-unboost|p1a: Latias|spa|2\n|move|p2a: Cetitan|Ice Spinner|p1a: Latias\n|-resisted|p1a: Latias\n|-damage|p1a: Latias|27/100\n|\n|upkeep\n|turn|9\n|inactive|Time left: 300 sec this turn | 300 sec total\n|\n|t:|1783563890\n|move|p2a: Cetitan|Ice Shard|p1a: Latias\n|-resisted|p1a: Latias\n|-damage|p1a: Latias|0 fnt\n|faint|p1a: Latias\n|\n|upkeep\n|\n|t:|1783563891\n|switch|p1a: Dugtrio|Dugtrio, L84, M|84/100\n|-damage|p1a: Dugtrio|68/100|[from] Spikes\n|turn|10\n|inactive|Time left: 300 sec this turn | 300 sec total\n|\n|t:|1783563892\n|move|p1a: Dugtrio|Sucker Punch|p2a: Cetitan\n|-damage|p2a: Cetitan|0 fnt\n|faint|p2a: Cetitan\n|\n|upkeep\n|inactive|Time left: 300 sec this turn | 300 sec total | 5 sec grace\n|\n|t:|1783563893\n|switch|p2a: Dodrio|Dodrio, L85, F|241/241\n|turn|11\n|inactive|Time left: 300 sec this turn | 300 sec total\n|\n|t:|1783563894\n|switch|p1a: Calyrex|Calyrex-Shadow, L64|100/100\n|-ability|p1a: Calyrex|As One\n|-ability|p1a: Calyrex|Unnerve\n|-damage|p1a: Calyrex|84/100|[from] Spikes\n|move|p2a: Dodrio|Swords Dance|p2a: Dodrio\n|-boost|p2a: Dodrio|atk|2\n|\n|upkeep\n|turn|12\n|inactive|Time left: 300 sec this turn | 300 sec total\n|\n|t:|1783563895\n|move|p2a: Dodrio|Knock Off|p1a: Calyrex\n|-supereffective|p1a: Calyrex\n|-damage|p1a: Calyrex|0 fnt\n|-enditem|p1a: Calyrex|Life Orb|[from] move: Knock Off|[of] p2a: Dodrio\n|faint|p1a: Calyrex\n|\n|upkeep\n|\n|t:|1783563896\n|switch|p1a: Dugtrio|Dugtrio, L84, M|68/100\n|-damage|p1a: Dugtrio|52/100|[from] Spikes\n|turn|13\n|inactive|Time left: 300 sec this turn | 300 sec total\n|\n|t:|1783563897\n|-terastallize|p2a: Dodrio|Ground\n|move|p1a: Dugtrio|Stone Edge|p2a: Dodrio\n|-resisted|p2a: Dodrio\n|-damage|p2a: Dodrio|181/241\n|move|p2a: Dodrio|Brave Bird|p1a: Dugtrio\n|-damage|p1a: Dugtrio|0 fnt\n|faint|p1a: Dugtrio\n|-damage|p2a: Dodrio|148/241|[from] Recoil\n|\n|upkeep\n|\n|t:|1783563898\n|switch|p1a: Virizion|Virizion, L82|100/100\n|-damage|p1a: Virizion|84/100|[from] Spikes\n|turn|14\n|inactive|Time left: 300 sec this turn | 300 sec total\n|\n|t:|1783563899\n|move|p2a: Dodrio|Brave Bird|p1a: Virizion\n|-supereffective|p1a: Virizion\n|-damage|p1a: Virizion|0 fnt\n|faint|p1a: Virizion\n|-damage|p2a: Dodrio|70/241|[from] Recoil\n|\n|win|p0y2131dca1", "uploadtime": 1783563899, "views": 0, "rating": 0, "private": 0, "password": null, "_winner": "p0y2131dca1", "_our_name": "p0y2131dca1"}