{"id": "battle-gen9randombattle-1009", "formatid": "gen9randombattle", "format": "[Gen 9] Random Battle", "players": ["p0x10094d78", "p0y10094465"], "log": "|init|battle\n|title|p0x10094d78 vs. p0y10094465\n|j|\u2606p0x10094d78\n|j|\u2606p0y10094465\n|t:|1783551599\n|gametype|singles\n|player|p1|p0x10094d78|169|\n|player|p2|p0y10094465|101|\n|gen|9\n|tier|[Gen 9] Random Battle\n|rule|Species Clause: Limit one of each Pok\u00e9mon\n|rule|HP Percentage Mod: HP is shown in percentages\n|rule|Sleep Clause Mod: Limit one foe put to sleep\n|rule|Illusion Level Mod: Illusion disguises the Pok\u00e9mon's true level\n|\n|t:|1783551599\n|teamsize|p1|6\n|teamsize|p2|6\n|start\n|switch|p1a: Gogoat|Gogoat, L88, M|100/100\n|switch|p2a: Staraptor|Staraptor, L79, M|263/263\n|turn|1\n|inactive|Battle timer is ON: inactive players will automatically lose when time's up. (requested by p0x10094d78)\n|inactive|Time left: 300 sec this turn | 300 sec total | 60 sec grace\n|inactive|p0y10094465 also wants the timer to be on.\n|\n|t:|1783551601\n|switch|p1a: Eelektross|Eelektross, L87, M|100/100\n|move|p2a: Staraptor|Brave Bird|p1a: Eelektross\n|-resisted|p1a: Eelektross\n|-damage|p1a: Eelektross|57/100\n|-damage|p2a: Staraptor|221/263|[from] Recoil\n|\n|-heal|p1a: Eelektross|63/100|[from] item: Leftovers\n|upkeep\n|turn|2\n|inactive|Time left: 300 sec this turn | 300 sec total\n|\n|t:|1783551603\n|move|p2a: Staraptor|Brave Bird|p1a: Eelektross\n|-resisted|p1a: Eelektross\n|-damage|p1a: Eelektross|18/100\n|-damage|p2a: Staraptor|177/263|[from] Recoil\n|move|p1a: Eelektross|Supercell Slam|p2a: Staraptor\n|-supereffective|p2a: Staraptor\n|-damage|p2a: Staraptor|0 fnt\n|faint|p2a: Staraptor\n|\n|-heal|p1a: Eelektross|24/100|[from] item: Leftovers\n|upkeep\n|inactive|Time left: 300 sec this turn | 300 sec total | 5 sec grace\n|\n|t:|1783551604\n|switch|p2a: Walking Wake|Walking Wake, L79|286/286\n|turn|3\n|inactive|Time left: 300 sec this turn | 300 sec total\n|\n|t:|1783551605\n|switch|p1a: Glastrier|Glastrier, L86|100/100\n|move|p2a: Walking Wake|Flamethrower|p1a: Glastrier\n|-supereffective|p1a: Glastrier\n|-damage|p1a: Glastrier|47/100\n|\n|upkeep\n|turn|4\n|inactive|Time left: 300 sec this turn | 300 sec total\n|\n|t:|1783551606\n|-terastallize|p1a: Glastrier|Fighting\n|move|p2a: Walking Wake|Flamethrower|p1a: Glastrier\n|-damage|p1a: Glastrier|20/100\n|move|p1a: Glastrier|Close Combat|p2a: Walking Wake\n|-damage|p2a: Walking Wake|87/286\n|-unboost|p1a: Glastrier|def|1\n|-unboost|p1a: Glastrier|spd|1\n|\n|upkeep\n|turn|5\n|inactive|Time left: 300 sec this turn | 300 sec total\n|\n|t:|1783551607\n|move|p2a: Walking Wake|Flamethrower|p1a: Glastrier\n|-damage|p1a: Glastrier|0 fnt\n|faint|p1a: Glastrier\n|\n|upkeep\n|\n|t:|1783551608\n|switch|p1a: Hawlucha|Hawlucha, L80, M|100/100\n|turn|6\n|inactive|Time left: 300 sec this turn | 300 sec total\n|\n|t:|1783551609\n|-end|p2a: Walking Wake|Protosynthesis|[silent]\n|switch|p2a: Archaludon|Archaludon, L78, M|268/268\n|move|p1a: Hawlucha|Close Combat|p2a: Archaludon\n|-supereffective|p2a: Archaludon\n|-damage|p2a: Archaludon|74/268\n|-unboost|p1a: Hawlucha|def|1\n|-unboost|p1a: Hawlucha|spd|1\n|-ability|p2a: Archaludon|Stamina|boost\n|-boost|p2a: Archaludon|def|1\n|-enditem|p1a: Hawlucha|White Herb\n|-clearnegativeboost|p1a: Hawlucha|[silent]\n|\n|upkeep\n|turn|7\n|inactive|Time left: 300 sec this turn | 300 sec total\n|\n|t:|1783551610\n|-terastallize|p2a: Archaludon|Ground\n|move|p1a: Hawlucha|Close Combat|p2a: Archaludon\n|-damage|p2a: Archaludon|11/268\n|-unboost|p1a: Hawlucha|def|1\n|-unboost|p1a: Hawlucha|spd|1\n|-ability|p2a: Archaludon|Stamina|boost\n|-boost|p2a: Archaludon|def|1\n|move|p2a: Archaludon|Outrage|p1a: Hawlucha\n|-damage|p1a: Hawlucha|15/100\n|\n|upkeep\n|turn|8\n|inactive|Time left: 300 sec this turn | 300 sec total\n|\n|t:|1783551611\n|move|p1a: Hawlucha|Acrobatics|p2a: Archaludon\n|-damage|p2a: Archaludon|0 fnt\n|faint|p2a: Archaludon\n|\n|upkeep\n|inactive|Time left: 300 sec this turn | 300 sec total | 5 sec grace\n|\n|t:|1783551612\n|switch|p2a: Victreebel|Victreebel, L90, F|290/290\n|turn|9\n|inactive|Time left: 300 sec this turn | 300 sec total\n|\n|t:|1783551613\n|move|p2a: Victreebel|Sucker Punch|p1a: Hawlucha\n|-resisted|p1a: Hawlucha\n|-damage|p1a: Hawlucha|0 fnt\n|faint|p1a: Hawlucha\n|-damage|p2a: Victreebel|261/290|[from] item: Life Orb\n|\n|upkeep\n|\n|t:|1783551614\n|switch|p1a: Smeargle|Smeargle, L95, M|100/100\n|turn|10\n|inactive|Time left: 300 sec this turn | 300 sec total\n|\n|t:|1783551615\n|move|p1a: Smeargle|Sticky Web|p2a: Victreebel\n|-sidestart|p2: p0y10094465|move: Sticky Web\n|move|p2a: Victreebel|Sludge Wave|p1a: Smeargle\n|-damage|p1a: Smeargle|23/100\n|-damage|p2a: Victreebel|232/290|[from] item: Life Orb\n|\n|upkeep\n|turn|11\n|inactive|Time left: 300 sec this turn | 300 sec total\n|\n|t:|1783551616\n|move|p1a: Smeargle|Stealth Rock|p2a: Victreebel\n|-sidestart|p2: p0y10094465|move: Stealth Rock\n|move|p2a: Victreebel|Sludge Wave|p1a: Smeargle\n|-damage|p1a: Smeargle|0 fnt\n|faint|p1a: Smeargle\n|-damage|p2a: Victreebel|203/290|[from] item: Life Orb\n|\n|upkeep\n|\n|t:|1783551617\n|switch|p1a: Jumpluff|Jumpluff, L87, F|100/100\n|turn|12\n|inactive|Time left: 300 sec this turn | 300 sec total\n|\n|t:|1783551618\n|move|p1a: Jumpluff|Substitute|p1a: Jumpluff\n|-start|p1a: Jumpluff|Substitute\n|-damage|p1a: Jumpluff|76/100\n|move|p2a: Victreebel|Sludge Wave|p1a: Jumpluff\n|-supereffective|p1a: Jumpluff\n|-end|p1a: Jumpluff|Substitute\n|-damage|p2a: Victreebel|174/290|[from] item: Life Orb\n|\n|upkeep\n|turn|13\n|inactive|Time left: 300 sec this turn | 300 sec total\n|\n|t:|1783551619\n|switch|p2a: Snorlax|Snorlax, L82, F|397/397\n|-activate|p2a: Snorlax|move: Sticky Web\n|-unboost|p2a: Snorlax|spe|1\n|-damage|p2a: Snorlax|348/397|[from] Stealth Rock\n|move|p1a: Jumpluff|Acrobatics|p2a: Snorlax\n|-damage|p2a: Snorlax|246/397\n|\n|-heal|p2a: Snorlax|270/397|[from] item: Leftovers\n|upkeep\n|turn|14\n|inactive|Time left: 300 sec this turn | 300 sec total\n|\n|t:|1783551620\n|move|p1a: Jumpluff|Leech Seed|p2a: Snorlax\n|-start|p2a: Snorlax|move: Leech Seed\n|move|p2a: Snorlax|Body Slam|p1a: Jumpluff\n|-damage|p1a: Jumpluff|39/100\n|\n|-heal|p2a: Snorlax|294/397|[from] item: Leftovers\n|-damage|p2a: Snorlax|245/397|[from] Leech Seed|[of] p1a: Jumpluff\n|-heal|p1a: Jumpluff|57/100|[silent]\n|upkeep\n|turn|15\n|inactive|Time left: 300 sec this turn | 300 sec total\n|\n|t:|1783551621\n|move|p1a: Jumpluff|Strength Sap|p2a: Snorlax\n|-unboost|p2a: Snorlax|atk|1\n|-heal|p1a: Jumpluff|100/100\n|move|p2a: Snorlax|Body Slam|p1a: Jumpluff\n|-damage|p1a: Jumpluff|74/100\n|\n|-heal|p2a: Snorlax|269/397|[from] item: Leftovers\n|-damage|p2a: Snorlax|220/397|[from] Leech Seed|[of] p1a: Jumpluff\n|-heal|p1a: Jumpluff|92/100|[silent]\n|upkeep\n|turn|16\n|inactive|Time left: 300 sec this turn | 300 sec total\n|\n|t:|1783551622\n|switch|p2a: Walking Wake|Walking Wake, L79|87/286\n|-activate|p2a: Walking Wake|move: Sticky Web\n|-unboost|p2a: Walking Wake|spe|1\n|-damage|p2a: Walking Wake|52/286|[from] Stealth Rock\n|move|p1a: Jumpluff|Acrobatics|p2a: Walking Wake\n|-damage|p2a: Walking Wake|0 fnt\n|faint|p2a: Walking Wake\n|-end|p2a: Walking Wake|Protosynthesis|[silent]\n|\n|upkeep\n|inactive|Time left: 300 sec this turn | 300 sec total | 5 sec grace\n|\n|t:|1783551623\n|switch|p2a: Snorlax|Snorlax, L82, F|220/397\n|-activate|p2a: Snorlax|move: Sticky Web\n|-unboost|p2a: Snorlax|spe|1\n|-damage|p2a: Snorlax|171/397|[from] Stealth Rock\n|turn|17\n|inactive|Time left: 300 sec this turn | 300 sec total\n|\n|t:|1783551624\n|move|p1a: Jumpluff|Leech Seed|p2a: Snorlax\n|-start|p2a: Snorlax|move: Leech Seed\n|move|p2a: Snorlax|Body Slam|p1a: Jumpluff\n|-damage|p1a: Jumpluff|51/100\n|\n|-heal|p2a: Snorlax|195/397|[from] item: Leftovers\n|-damage|p2a: Snorlax|146/397|[from] Leech Seed|[of] p1a: Jumpluff\n|-heal|p1a: Jumpluff|69/100|[silent]\n|upkeep\n|turn|18\n|inactive|Time left: 300 sec this turn | 300 sec total\n|\n|t:|1783551625\n|move|p1a: Jumpluff|Strength Sap|p2a: Snorlax\n|-unboost|p2a: Snorlax|atk|1\n|-heal|p1a: Jumpluff|100/100\n|move|p2a: Snorlax|Body Slam|p1a: Jumpluff\n|-damage|p1a: Jumpluff|71/100\n|\n|-heal|p2a: Snorlax|170/397|[from] item: Leftovers\n|-damage|p2a: Snorlax|121/397|[from] Leech Seed|[of] p1a: Jumpluff\n|-heal|p1a: Jumpluff|89/100|[silent]\n|upkeep\n|turn|19\n|inactive|Time left: 300 sec this turn | 300 sec total\n|\n|t:|1783551626\n|switch|p2a: Victreebel|Victreebel, L90, F|174/290\n|-activate|p2a: Victreebel|move: Sticky Web\n|-unboost|p2a: Victreebel|spe|1\n|-damage|p2a: Victreebel|138/290|[from] Stealth Rock\n|move|p1a: Jumpluff|Acrobatics|p2a: Victreebel\n|-supereffective|p2a: Victreebel\n|-damage|p2a: Victreebel|0 fnt\n|faint|p2a: Victreebel\n|\n|upkeep\n|inactive|Time left: 300 sec this turn | 300 sec total | 5 sec grace\n|\n|t:|1783551627\n|switch|p2a: Amoonguss|Amoonguss, L82, M|321/321\n|-activate|p2a: Amoonguss|move: Sticky Web\n|-unboost|p2a: Amoonguss|spe|1\n|-damage|p2a: Amoonguss|281/321|[from] Stealth Rock\n|turn|20\n|inactive|Time left: 300 sec this turn | 300 sec total\n|\n|t:|1783551628\n|move|p1a: Jumpluff|Acrobatics|p2a: Amoonguss\n|-supereffective|p2a: Amoonguss\n|-damage|p2a: Amoonguss|81/321\n|move|p2a: Amoonguss|Sludge Bomb|p1a: Jumpluff\n|-supereffective|p1a: Jumpluff\n|-damage|p1a: Jumpluff|34/100\n|\n|-heal|p2a: Amoonguss|101/321|[from] item: Leftovers\n|upkeep\n|turn|21\n|inactive|Time left: 300 sec this turn | 300 sec total\n|\n|t:|1783551629\n|switch|p2a: Snorlax|Snorlax, L82, F|121/397\n|-activate|p2a: Snorlax|move: Sticky Web\n|-unboost|p2a: Snorlax|spe|1\n|-damage|p2a: Snorlax|72/397|[from] Stealth Rock\n|move|p1a: Jumpluff|Acrobatics|p2a: Snorlax\n|-damage|p2a: Snorlax|0 fnt\n|faint|p2a: Snorlax\n|\n|upkeep\n|inactive|Time left: 300 sec this turn | 300 sec total | 5 sec grace\n|\n|t:|1783551630\n|switch|p2a: Amoonguss|Amoonguss, L82, M|208/321\n|-activate|p2a: Amoonguss|move: Sticky Web\n|-unboost|p2a: Amoonguss|spe|1\n|-damage|p2a: Amoonguss|168/321|[from] Stealth Rock\n|turn|22\n|inactive|Time left: 300 sec this turn | 300 sec total\n|\n|t:|1783551631\n|move|p1a: Jumpluff|Acrobatics|p2a: Amoonguss\n|-supereffective|p2a: Amoonguss\n|-damage|p2a: Amoonguss|0 fnt\n|faint|p2a: Amoonguss\n|\n|win|p0x10094d78", "uploadtime": 1783551631, "views": 0, "rating": 0, "private": 0, "password": null, "_winner": "p0x10094d78", "_our_name": "p0y10094465"}