{"id": "battle-gen9randombattle-1141", "formatid": "gen9randombattle", "format": "[Gen 9] Random Battle", "players": ["p0x1141b146", "p0y11410e5e"], "log": "|init|battle\n|title|p0x1141b146 vs. p0y11410e5e\n|j|\u2606p0x1141b146\n|j|\u2606p0y11410e5e\n|t:|1783552363\n|gametype|singles\n|player|p1|p0x1141b146|2|\n|player|p2|p0y11410e5e|170|\n|gen|9\n|tier|[Gen 9] Random Battle\n|rule|Species Clause: Limit one of each Pok\u00e9mon\n|rule|HP Percentage Mod: HP is shown in percentages\n|rule|Sleep Clause Mod: Limit one foe put to sleep\n|rule|Illusion Level Mod: Illusion disguises the Pok\u00e9mon's true level\n|\n|t:|1783552363\n|teamsize|p1|6\n|teamsize|p2|6\n|start\n|switch|p1a: Gouging Fire|Gouging Fire, L74|100/100\n|switch|p2a: Azumarill|Azumarill, L82, F|298/298\n|turn|1\n|inactive|Battle timer is ON: inactive players will automatically lose when time's up. (requested by p0y11410e5e)\n|\n|t:|1783552365\n|move|p1a: Gouging Fire|Dragon Dance|p1a: Gouging Fire\n|-boost|p1a: Gouging Fire|atk|1\n|-boost|p1a: Gouging Fire|spe|1\n|move|p2a: Azumarill|Play Rough|p1a: Gouging Fire|[miss]\n|-miss|p2a: Azumarill|p1a: Gouging Fire\n|\n|upkeep\n|turn|2\n|inactive|Time left: 300 sec this turn | 300 sec total\n|inactive|p0x1141b146 also wants the timer to be on.\n|\n|t:|1783552366\n|move|p1a: Gouging Fire|Heat Crash|p2a: Azumarill\n|-resisted|p2a: Azumarill\n|-damage|p2a: Azumarill|210/298\n|move|p2a: Azumarill|Play Rough|p1a: Gouging Fire\n|-damage|p1a: Gouging Fire|48/100\n|\n|upkeep\n|turn|3\n|inactive|Time left: 300 sec this turn | 300 sec total\n|\n|t:|1783552367\n|move|p1a: Gouging Fire|Earthquake|p2a: Azumarill\n|-damage|p2a: Azumarill|99/298\n|move|p2a: Azumarill|Play Rough|p1a: Gouging Fire\n|-damage|p1a: Gouging Fire|0 fnt\n|faint|p1a: Gouging Fire\n|-end|p1a: Gouging Fire|Protosynthesis|[silent]\n|\n|upkeep\n|\n|t:|1783552368\n|switch|p1a: Pyroar|Pyroar, L88, M|100/100\n|-ability|p1a: Pyroar|Unnerve\n|turn|4\n|inactive|Time left: 300 sec this turn | 300 sec total\n|\n|t:|1783552369\n|move|p1a: Pyroar|Hyper Voice|p2a: Azumarill\n|-damage|p2a: Azumarill|0 fnt\n|faint|p2a: Azumarill\n|\n|upkeep\n|inactive|Time left: 300 sec this turn | 300 sec total | 5 sec grace\n|\n|t:|1783552370\n|switch|p2a: Mamoswine|Mamoswine, L81, M|311/311\n|turn|5\n|inactive|Time left: 300 sec this turn | 300 sec total\n|\n|t:|1783552372\n|switch|p1a: Dunsparce|Dunsparce, L86, M|100/100\n|move|p2a: Mamoswine|Earthquake|p1a: Dunsparce\n|-damage|p1a: Dunsparce|54/100\n|\n|upkeep\n|turn|6\n|inactive|Time left: 300 sec this turn | 300 sec total\n|\n|t:|1783552373\n|move|p2a: Mamoswine|Earthquake|p1a: Dunsparce\n|-damage|p1a: Dunsparce|6/100\n|move|p1a: Dunsparce|Body Slam|p2a: Mamoswine\n|-damage|p2a: Mamoswine|227/311\n|-status|p2a: Mamoswine|par\n|\n|upkeep\n|turn|7\n|inactive|Time left: 300 sec this turn | 300 sec total\n|\n|t:|1783552374\n|move|p1a: Dunsparce|Roost|p1a: Dunsparce\n|-heal|p1a: Dunsparce|56/100\n|-singleturn|p1a: Dunsparce|move: Roost\n|move|p2a: Mamoswine|Earthquake|p1a: Dunsparce\n|-damage|p1a: Dunsparce|8/100\n|\n|upkeep\n|turn|8\n|inactive|Time left: 300 sec this turn | 300 sec total\n|\n|t:|1783552375\n|move|p1a: Dunsparce|Roost|p1a: Dunsparce\n|-heal|p1a: Dunsparce|58/100\n|-singleturn|p1a: Dunsparce|move: Roost\n|move|p2a: Mamoswine|Earthquake|p1a: Dunsparce\n|-damage|p1a: Dunsparce|15/100\n|\n|upkeep\n|turn|9\n|inactive|Time left: 300 sec this turn | 300 sec total\n|\n|t:|1783552376\n|move|p1a: Dunsparce|Roost|p1a: Dunsparce\n|-heal|p1a: Dunsparce|65/100\n|-singleturn|p1a: Dunsparce|move: Roost\n|move|p2a: Mamoswine|Earthquake|p1a: Dunsparce\n|-damage|p1a: Dunsparce|17/100\n|\n|upkeep\n|turn|10\n|inactive|Time left: 300 sec this turn | 300 sec total\n|\n|t:|1783552376\n|move|p1a: Dunsparce|Roost|p1a: Dunsparce\n|-heal|p1a: Dunsparce|67/100\n|-singleturn|p1a: Dunsparce|move: Roost\n|move|p2a: Mamoswine|Earthquake|p1a: Dunsparce\n|-damage|p1a: Dunsparce|23/100\n|\n|upkeep\n|turn|11\n|inactive|Time left: 300 sec this turn | 300 sec total\n|\n|t:|1783552377\n|move|p1a: Dunsparce|Roost|p1a: Dunsparce\n|-heal|p1a: Dunsparce|73/100\n|-singleturn|p1a: Dunsparce|move: Roost\n|move|p2a: Mamoswine|Earthquake|p1a: Dunsparce\n|-damage|p1a: Dunsparce|25/100\n|\n|upkeep\n|turn|12\n|inactive|Time left: 300 sec this turn | 300 sec total\n|\n|t:|1783552378\n|move|p1a: Dunsparce|Roost|p1a: Dunsparce\n|-heal|p1a: Dunsparce|75/100\n|-singleturn|p1a: Dunsparce|move: Roost\n|move|p2a: Mamoswine|Earthquake|p1a: Dunsparce\n|-damage|p1a: Dunsparce|26/100\n|\n|upkeep\n|turn|13\n|inactive|Time left: 300 sec this turn | 300 sec total\n|\n|t:|1783552379\n|move|p1a: Dunsparce|Roost|p1a: Dunsparce\n|-heal|p1a: Dunsparce|76/100\n|-singleturn|p1a: Dunsparce|move: Roost\n|move|p2a: Mamoswine|Earthquake|p1a: Dunsparce\n|-damage|p1a: Dunsparce|29/100\n|\n|upkeep\n|turn|14\n|inactive|Time left: 300 sec this turn | 300 sec total\n|\n|t:|1783552380\n|move|p1a: Dunsparce|Roost|p1a: Dunsparce\n|-heal|p1a: Dunsparce|79/100\n|-singleturn|p1a: Dunsparce|move: Roost\n|move|p2a: Mamoswine|Earthquake|p1a: Dunsparce\n|-damage|p1a: Dunsparce|32/100\n|\n|upkeep\n|turn|15\n|inactive|Time left: 300 sec this turn | 300 sec total\n|\n|t:|1783552381\n|move|p1a: Dunsparce|Body Slam|p2a: Mamoswine\n|-damage|p2a: Mamoswine|143/311 par\n|move|p2a: Mamoswine|Earthquake|p1a: Dunsparce\n|-damage|p1a: Dunsparce|0 fnt\n|faint|p1a: Dunsparce\n|\n|upkeep\n|\n|t:|1783552382\n|switch|p1a: Golduck|Golduck, L90, F|100/100\n|-ability|p1a: Golduck|Cloud Nine\n|turn|16\n|inactive|Time left: 300 sec this turn | 300 sec total\n|\n|t:|1783552383\n|move|p1a: Golduck|Nasty Plot|p1a: Golduck\n|-boost|p1a: Golduck|spa|2\n|cant|p2a: Mamoswine|par\n|\n|upkeep\n|turn|17\n|inactive|Time left: 300 sec this turn | 300 sec total\n|\n|t:|1783552384\n|move|p1a: Golduck|Hydro Pump|p2a: Mamoswine\n|-supereffective|p2a: Mamoswine\n|-damage|p2a: Mamoswine|0 fnt\n|faint|p2a: Mamoswine\n|\n|upkeep\n|inactive|Time left: 300 sec this turn | 300 sec total | 5 sec grace\n|\n|t:|1783552385\n|switch|p2a: Mismagius|Mismagius, L86, M|243/243\n|turn|18\n|inactive|Time left: 300 sec this turn | 300 sec total\n|\n|t:|1783552386\n|move|p2a: Mismagius|Thunderbolt|p1a: Golduck\n|-supereffective|p1a: Golduck\n|-damage|p1a: Golduck|29/100\n|move|p1a: Golduck|Hydro Pump|p2a: Mismagius\n|-damage|p2a: Mismagius|36/243\n|\n|-heal|p1a: Golduck|35/100|[from] item: Leftovers\n|upkeep\n|turn|19\n|inactive|Time left: 300 sec this turn | 300 sec total\n|\n|t:|1783552388\n|switch|p1a: Pyroar|Pyroar, L88, M|100/100\n|-ability|p1a: Pyroar|Unnerve\n|move|p2a: Mismagius|Thunderbolt|p1a: Pyroar\n|-damage|p1a: Pyroar|58/100\n|\n|upkeep\n|turn|20\n|inactive|Time left: 300 sec this turn | 300 sec total\n|\n|t:|1783552389\n|move|p1a: Pyroar|Fire Blast|p2a: Mismagius\n|-crit|p2a: Mismagius\n|-damage|p2a: Mismagius|0 fnt\n|faint|p2a: Mismagius\n|\n|upkeep\n|inactive|Time left: 300 sec this turn | 300 sec total | 5 sec grace\n|\n|t:|1783552390\n|switch|p2a: Tropius|Tropius, L91, M|328/328\n|turn|21\n|inactive|Time left: 300 sec this turn | 300 sec total\n|\n|t:|1783552391\n|-terastallize|p2a: Tropius|Ground\n|move|p1a: Pyroar|Fire Blast|p2a: Tropius\n|-damage|p2a: Tropius|207/328\n|move|p2a: Tropius|Earthquake|p1a: Pyroar\n|-supereffective|p1a: Pyroar\n|-damage|p1a: Pyroar|0 fnt\n|faint|p1a: Pyroar\n|\n|upkeep\n|\n|t:|1783552392\n|switch|p1a: Golduck|Golduck, L90, F|35/100\n|-ability|p1a: Golduck|Cloud Nine\n|turn|22\n|inactive|Time left: 300 sec this turn | 300 sec total\n|\n|t:|1783552393\n|move|p1a: Golduck|Hydro Pump|p2a: Tropius|[miss]\n|-miss|p1a: Golduck|p2a: Tropius\n|move|p2a: Tropius|Dragon Dance|p2a: Tropius\n|-boost|p2a: Tropius|atk|1\n|-boost|p2a: Tropius|spe|1\n|\n|-heal|p1a: Golduck|41/100|[from] item: Leftovers\n|upkeep\n|turn|23\n|inactive|Time left: 300 sec this turn | 300 sec total\n|\n|t:|1783552394\n|switch|p1a: Lumineon|Lumineon, L93, F|100/100\n|move|p2a: Tropius|Earthquake|p1a: Lumineon\n|-damage|p1a: Lumineon|46/100\n|\n|upkeep\n|turn|24\n|inactive|Time left: 300 sec this turn | 300 sec total\n|\n|t:|1783552395\n|move|p1a: Lumineon|Hydro Pump|p2a: Tropius\n|-supereffective|p2a: Tropius\n|-damage|p2a: Tropius|1/328\n|-enditem|p2a: Tropius|Sitrus Berry|[eat]\n|-heal|p2a: Tropius|83/328|[from] item: Sitrus Berry\n|move|p2a: Tropius|Dragon Dance|p2a: Tropius\n|-boost|p2a: Tropius|atk|1\n|-boost|p2a: Tropius|spe|1\n|\n|upkeep\n|turn|25\n|inactive|Time left: 300 sec this turn | 300 sec total\n|\n|t:|1783552396\n|move|p2a: Tropius|Earthquake|p1a: Lumineon\n|-damage|p1a: Lumineon|0 fnt\n|faint|p1a: Lumineon\n|\n|-item|p2a: Tropius|Sitrus Berry|[from] ability: Harvest\n|upkeep\n|-enditem|p2a: Tropius|Sitrus Berry|[eat]\n|-heal|p2a: Tropius|165/328|[from] item: Sitrus Berry\n|\n|t:|1783552397\n|switch|p1a: Banette|Banette, L93, M|100/100\n|turn|26\n|inactive|Time left: 300 sec this turn | 300 sec total\n|\n|t:|1783552398\n|move|p2a: Tropius|Synthesis|p2a: Tropius\n|-heal|p2a: Tropius|328/328\n|move|p1a: Banette|Gunk Shot|p2a: Tropius\n|-resisted|p2a: Tropius\n|-crit|p2a: Tropius\n|-damage|p2a: Tropius|219/328\n|-damage|p1a: Banette|90/100|[from] item: Life Orb\n|\n|upkeep\n|turn|27\n|inactive|Time left: 300 sec this turn | 300 sec total\n|\n|t:|1783552399\n|move|p2a: Tropius|Earthquake|p1a: Banette\n|-damage|p1a: Banette|10/100\n|move|p1a: Banette|Gunk Shot|p2a: Tropius\n|-resisted|p2a: Tropius\n|-damage|p2a: Tropius|149/328\n|-status|p2a: Tropius|psn\n|-damage|p1a: Banette|0 fnt|[from] item: Life Orb\n|faint|p1a: Banette\n|\n|-damage|p2a: Tropius|108/328 psn|[from] psn\n|upkeep\n|\n|t:|1783552400\n|switch|p1a: Golduck|Golduck, L90, F|41/100\n|-ability|p1a: Golduck|Cloud Nine\n|turn|28\n|inactive|Time left: 300 sec this turn | 300 sec total\n|\n|t:|1783552400\n|-terastallize|p1a: Golduck|Water\n|move|p2a: Tropius|Earthquake|p1a: Golduck\n|-damage|p1a: Golduck|0 fnt\n|faint|p1a: Golduck\n|\n|win|p0y11410e5e", "uploadtime": 1783552400, "views": 0, "rating": 0, "private": 0, "password": null, "_winner": "p0y11410e5e", "_our_name": "p0y11410e5e"}