{"id": "battle-gen9randombattle-1087", "formatid": "gen9randombattle", "format": "[Gen 9] Random Battle", "players": ["p0x108736ae", "p0y108729f4"], "log": "|init|battle\n|title|p0x108736ae vs. p0y108729f4\n|j|\u2606p0x108736ae\n|j|\u2606p0y108729f4\n|t:|1783551794\n|gametype|singles\n|player|p1|p0x108736ae|265|\n|player|p2|p0y108729f4|170|\n|gen|9\n|tier|[Gen 9] Random Battle\n|rule|Species Clause: Limit one of each Pok\u00e9mon\n|rule|HP Percentage Mod: HP is shown in percentages\n|rule|Sleep Clause Mod: Limit one foe put to sleep\n|rule|Illusion Level Mod: Illusion disguises the Pok\u00e9mon's true level\n|\n|t:|1783551794\n|teamsize|p1|6\n|teamsize|p2|6\n|start\n|switch|p1a: Feraligatr|Feraligatr, L79, F|100/100\n|switch|p2a: Kingdra|Kingdra, L84, M|263/263\n|turn|1\n|inactive|Battle timer is ON: inactive players will automatically lose when time's up. (requested by p0x108736ae)\n|inactive|Time left: 300 sec this turn | 300 sec total | 60 sec grace\n|inactive|p0y108729f4 also wants the timer to be on.\n|\n|t:|1783551796\n|move|p2a: Kingdra|Outrage|p1a: Feraligatr\n|-damage|p1a: Feraligatr|53/100\n|move|p1a: Feraligatr|Dragon Dance|p1a: Feraligatr\n|-boost|p1a: Feraligatr|atk|1\n|-boost|p1a: Feraligatr|spe|1\n|\n|upkeep\n|turn|2\n|inactive|Time left: 300 sec this turn | 300 sec total\n|\n|t:|1783551797\n|switch|p1a: Piloswine|Piloswine, L85, F|100/100\n|move|p2a: Kingdra|Outrage|p1a: Piloswine|[from] lockedmove\n|-damage|p1a: Piloswine|69/100\n|\n|upkeep\n|turn|3\n|inactive|Time left: 300 sec this turn | 300 sec total\n|\n|t:|1783551798\n|move|p2a: Kingdra|Outrage|p1a: Piloswine|[from] lockedmove\n|-damage|p1a: Piloswine|40/100\n|-start|p2a: Kingdra|confusion|[fatigue]\n|-enditem|p2a: Kingdra|Lum Berry|[eat]\n|-end|p2a: Kingdra|confusion\n|move|p1a: Piloswine|Earthquake|p2a: Kingdra\n|-damage|p2a: Kingdra|158/263\n|\n|upkeep\n|turn|4\n|inactive|Time left: 300 sec this turn | 300 sec total\n|\n|t:|1783551799\n|move|p2a: Kingdra|Outrage|p1a: Piloswine\n|-damage|p1a: Piloswine|9/100\n|move|p1a: Piloswine|Earthquake|p2a: Kingdra\n|-damage|p2a: Kingdra|59/263\n|\n|upkeep\n|turn|5\n|inactive|Time left: 300 sec this turn | 300 sec total\n|\n|t:|1783551800\n|move|p1a: Piloswine|Ice Shard|p2a: Kingdra\n|-damage|p2a: Kingdra|17/263\n|move|p2a: Kingdra|Outrage|p1a: Piloswine|[from] lockedmove\n|-damage|p1a: Piloswine|0 fnt\n|faint|p1a: Piloswine\n|\n|upkeep\n|\n|t:|1783551801\n|switch|p1a: Delibird|Delibird, F|100/100\n|turn|6\n|inactive|Time left: 300 sec this turn | 300 sec total\n|\n|t:|1783551802\n|move|p1a: Delibird|Rapid Spin|p2a: Kingdra\n|-damage|p2a: Kingdra|0 fnt\n|-boost|p1a: Delibird|spe|1\n|faint|p2a: Kingdra\n|\n|upkeep\n|inactive|Time left: 300 sec this turn | 300 sec total | 5 sec grace\n|\n|t:|1783551803\n|switch|p2a: Mudsdale|Mudsdale, L83, M|302/302\n|turn|7\n|inactive|Time left: 300 sec this turn | 300 sec total\n|\n|t:|1783551804\n|switch|p1a: Feraligatr|Feraligatr, L79, F|53/100\n|move|p2a: Mudsdale|Heavy Slam|p1a: Feraligatr\n|-resisted|p1a: Feraligatr\n|-damage|p1a: Feraligatr|33/100\n|\n|upkeep\n|turn|8\n|inactive|Time left: 300 sec this turn | 300 sec total\n|\n|t:|1783551805\n|move|p1a: Feraligatr|Liquidation|p2a: Mudsdale\n|-supereffective|p2a: Mudsdale\n|-damage|p2a: Mudsdale|60/302\n|-ability|p2a: Mudsdale|Stamina|boost\n|-boost|p2a: Mudsdale|def|1\n|move|p2a: Mudsdale|Earthquake|p1a: Feraligatr\n|-damage|p1a: Feraligatr|0 fnt\n|faint|p1a: Feraligatr\n|\n|-heal|p2a: Mudsdale|78/302|[from] item: Leftovers\n|upkeep\n|\n|t:|1783551806\n|switch|p1a: Mewtwo|Mewtwo, L72|100/100\n|-ability|p1a: Mewtwo|Pressure\n|turn|9\n|inactive|Time left: 300 sec this turn | 300 sec total\n|\n|t:|1783551806\n|move|p1a: Mewtwo|Dark Pulse|p2a: Mudsdale\n|-damage|p2a: Mudsdale|0 fnt\n|faint|p2a: Mudsdale\n|-damage|p1a: Mewtwo|91/100|[from] item: Life Orb\n|\n|upkeep\n|inactive|Time left: 300 sec this turn | 300 sec total | 5 sec grace\n|\n|t:|1783551807\n|switch|p2a: Cetitan|Cetitan, L82, F|412/412\n|turn|10\n|inactive|Time left: 300 sec this turn | 300 sec total\n|\n|t:|1783551808\n|move|p1a: Mewtwo|Psystrike|p2a: Cetitan\n|-damage|p2a: Cetitan|240/412\n|-damage|p1a: Mewtwo|81/100|[from] item: Life Orb\n|move|p2a: Cetitan|Belly Drum|p2a: Cetitan\n|-damage|p2a: Cetitan|34/412\n|-setboost|p2a: Cetitan|atk|6|[from] move: Belly Drum\n|-enditem|p2a: Cetitan|Sitrus Berry|[eat]\n|-heal|p2a: Cetitan|137/412|[from] item: Sitrus Berry\n|\n|upkeep\n|turn|11\n|inactive|Time left: 300 sec this turn | 300 sec total\n|\n|t:|1783551809\n|-terastallize|p2a: Cetitan|Ice\n|move|p2a: Cetitan|Ice Shard|p1a: Mewtwo\n|-damage|p1a: Mewtwo|0 fnt\n|faint|p1a: Mewtwo\n|\n|upkeep\n|\n|t:|1783551809\n|switch|p1a: Dialga|Dialga-Origin, L73|100/100\n|-ability|p1a: Dialga|Pressure\n|turn|12\n|inactive|Time left: 300 sec this turn | 300 sec total\n|\n|t:|1783551810\n|move|p2a: Cetitan|Ice Shard|p1a: Dialga\n|-damage|p1a: Dialga|19/100\n|move|p1a: Dialga|Draco Meteor|p2a: Cetitan|[miss]\n|-miss|p1a: Dialga|p2a: Cetitan\n|\n|upkeep\n|turn|13\n|inactive|Time left: 300 sec this turn | 300 sec total\n|\n|t:|1783551811\n|move|p2a: Cetitan|Ice Shard|p1a: Dialga\n|-damage|p1a: Dialga|0 fnt\n|faint|p1a: Dialga\n|\n|upkeep\n|\n|t:|1783551812\n|switch|p1a: Tauros|Tauros, L82, M|100/100\n|turn|14\n|inactive|Time left: 300 sec this turn | 300 sec total\n|\n|t:|1783551812\n|move|p2a: Cetitan|Ice Shard|p1a: Tauros\n|-damage|p1a: Tauros|2/100\n|move|p1a: Tauros|Close Combat|p2a: Cetitan\n|-supereffective|p2a: Cetitan\n|-damage|p2a: Cetitan|0 fnt\n|-unboost|p1a: Tauros|def|1\n|-unboost|p1a: Tauros|spd|1\n|faint|p2a: Cetitan\n|-damage|p1a: Tauros|0 fnt|[from] item: Life Orb\n|faint|p1a: Tauros\n|\n|upkeep\n|inactive|Time left: 300 sec this turn | 300 sec total | 5 sec grace\n|\n|t:|1783551813\n|switch|p1a: Delibird|Delibird, F|100/100\n|switch|p2a: Bruxish|Bruxish, L85, F|254/254\n|turn|15\n|inactive|Time left: 300 sec this turn | 300 sec total\n|\n|t:|1783551814\n|move|p1a: Delibird|Freeze-Dry|p2a: Bruxish\n|-supereffective|p2a: Bruxish\n|-damage|p2a: Bruxish|60/254\n|move|p2a: Bruxish|Psychic Fangs|p1a: Delibird\n|-damage|p1a: Delibird|0 fnt\n|faint|p1a: Delibird\n|-damage|p2a: Bruxish|35/254|[from] item: Life Orb\n|\n|win|p0y108729f4", "uploadtime": 1783551814, "views": 0, "rating": 0, "private": 0, "password": null, "_winner": "p0y108729f4", "_our_name": "p0y108729f4"}