{"id": "battle-gen9randombattle-1550", "formatid": "gen9randombattle", "format": "[Gen 9] Random Battle", "players": ["p0x15503b91", "p0y1550bbc0"], "log": "|init|battle\n|title|p0x15503b91 vs. p0y1550bbc0\n|j|\u2606p0x15503b91\n|j|\u2606p0y1550bbc0\n|t:|1783558000\n|gametype|singles\n|player|p1|p0x15503b91|1|\n|player|p2|p0y1550bbc0|2|\n|gen|9\n|tier|[Gen 9] Random Battle\n|rule|Species Clause: Limit one of each Pok\u00e9mon\n|rule|HP Percentage Mod: HP is shown in percentages\n|rule|Sleep Clause Mod: Limit one foe put to sleep\n|rule|Illusion Level Mod: Illusion disguises the Pok\u00e9mon's true level\n|\n|t:|1783558000\n|teamsize|p1|6\n|teamsize|p2|6\n|start\n|switch|p1a: Tentacruel|Tentacruel, L84, M|272/272\n|switch|p2a: Pelipper|Pelipper, L86, F|100/100\n|-weather|RainDance|[from] ability: Drizzle|[of] p2a: Pelipper\n|turn|1\n|inactive|Battle timer is ON: inactive players will automatically lose when time's up. (requested by p0x15503b91)\n|inactive|p0y1550bbc0 also wants the timer to be on.\n|\n|t:|1783558001\n|move|p1a: Tentacruel|Sludge Bomb|p2a: Pelipper\n|-damage|p2a: Pelipper|61/100\n|-status|p2a: Pelipper|psn\n|move|p2a: Pelipper|Hurricane|p1a: Tentacruel\n|-damage|p1a: Tentacruel|130/272\n|\n|-weather|RainDance|[upkeep]\n|-heal|p1a: Tentacruel|147/272|[from] item: Leftovers\n|-damage|p2a: Pelipper|49/100 psn|[from] psn\n|upkeep\n|turn|2\n|inactive|Time left: 300 sec this turn | 300 sec total\n|\n|t:|1783558002\n|move|p1a: Tentacruel|Sludge Bomb|p2a: Pelipper\n|-damage|p2a: Pelipper|9/100 psn\n|move|p2a: Pelipper|Hurricane|p1a: Tentacruel\n|-damage|p1a: Tentacruel|8/272\n|\n|-weather|RainDance|[upkeep]\n|-heal|p1a: Tentacruel|25/272|[from] item: Leftovers\n|-damage|p2a: Pelipper|0 fnt|[from] psn\n|faint|p2a: Pelipper\n|upkeep\n|\n|t:|1783558003\n|switch|p2a: Whimsicott|Whimsicott, L84, M|100/100\n|turn|3\n|inactive|Time left: 300 sec this turn | 300 sec total\n|\n|t:|1783558004\n|move|p2a: Whimsicott|Moonblast|p1a: Tentacruel\n|-resisted|p1a: Tentacruel\n|-damage|p1a: Tentacruel|0 fnt\n|faint|p1a: Tentacruel\n|\n|-weather|RainDance|[upkeep]\n|upkeep\n|inactive|Time left: 300 sec this turn | 300 sec total | 5 sec grace\n|\n|t:|1783558005\n|switch|p1a: Gumshoos|Gumshoos, L95, M|321/321\n|turn|4\n|inactive|Time left: 300 sec this turn | 300 sec total\n|\n|t:|1783558006\n|move|p2a: Whimsicott|Substitute|p2a: Whimsicott\n|-start|p2a: Whimsicott|Substitute\n|-damage|p2a: Whimsicott|76/100\n|move|p1a: Gumshoos|Double-Edge|p2a: Whimsicott\n|-end|p2a: Whimsicott|Substitute\n|-damage|p1a: Gumshoos|302/321|[from] Recoil|[of] p2a: Whimsicott\n|\n|-weather|RainDance|[upkeep]\n|-heal|p2a: Whimsicott|82/100|[from] item: Leftovers\n|upkeep\n|turn|5\n|inactive|Time left: 300 sec this turn | 300 sec total\n|\n|t:|1783558007\n|move|p2a: Whimsicott|Moonblast|p1a: Gumshoos\n|-damage|p1a: Gumshoos|205/321\n|move|p1a: Gumshoos|Double-Edge|p2a: Whimsicott\n|-damage|p2a: Whimsicott|0 fnt\n|faint|p2a: Whimsicott\n|-damage|p1a: Gumshoos|141/321|[from] Recoil\n|\n|-weather|none\n|upkeep\n|\n|t:|1783558008\n|switch|p2a: Armarouge|Armarouge, L80, F|100/100\n|turn|6\n|inactive|Time left: 300 sec this turn | 300 sec total\n|\n|t:|1783558009\n|switch|p1a: Scream Tail|Scream Tail, L84|330/330\n|move|p2a: Armarouge|Meteor Beam||[still]\n|-prepare|p2a: Armarouge|Meteor Beam\n|-boost|p2a: Armarouge|spa|1\n|-enditem|p2a: Armarouge|Power Herb\n|-anim|p2a: Armarouge|Meteor Beam|p1a: Scream Tail\n|-damage|p1a: Scream Tail|206/330\n|\n|-heal|p1a: Scream Tail|226/330|[from] item: Leftovers\n|upkeep\n|turn|7\n|inactive|Time left: 300 sec this turn | 300 sec total\n|\n|t:|1783558010\n|move|p1a: Scream Tail|Wish|p1a: Scream Tail\n|move|p2a: Armarouge|Meteor Beam||[still]\n|-prepare|p2a: Armarouge|Meteor Beam\n|-boost|p2a: Armarouge|spa|1\n|\n|-heal|p1a: Scream Tail|246/330|[from] item: Leftovers\n|upkeep\n|turn|8\n|inactive|Time left: 300 sec this turn | 300 sec total\n|\n|t:|1783558011\n|move|p1a: Scream Tail|Dazzling Gleam|p2a: Armarouge\n|-resisted|p2a: Armarouge\n|-damage|p2a: Armarouge|87/100\n|move|p2a: Armarouge|Meteor Beam|p1a: Scream Tail|[from] lockedmove\n|-damage|p1a: Scream Tail|85/330\n|\n|-heal|p1a: Scream Tail|250/330|[from] move: Wish|[wisher] Scream Tail\n|-heal|p1a: Scream Tail|270/330|[from] item: Leftovers\n|upkeep\n|turn|9\n|inactive|Time left: 300 sec this turn | 300 sec total\n|\n|t:|1783558012\n|move|p1a: Scream Tail|Encore|p2a: Armarouge\n|-start|p2a: Armarouge|Encore\n|move|p2a: Armarouge|Meteor Beam||[still]\n|-prepare|p2a: Armarouge|Meteor Beam\n|-boost|p2a: Armarouge|spa|1\n|\n|-heal|p1a: Scream Tail|290/330|[from] item: Leftovers\n|upkeep\n|turn|10\n|inactive|Time left: 300 sec this turn | 300 sec total\n|\n|t:|1783558013\n|-end|p1a: Scream Tail|Protosynthesis|[silent]\n|switch|p1a: Gumshoos|Gumshoos, L95, M|141/321\n|move|p2a: Armarouge|Meteor Beam|p1a: Gumshoos|[from] lockedmove\n|-damage|p1a: Gumshoos|0 fnt\n|faint|p1a: Gumshoos\n|\n|upkeep\n|inactive|Time left: 300 sec this turn | 300 sec total | 5 sec grace\n|\n|t:|1783558014\n|switch|p1a: Beartic|Beartic, L91, F|321/321\n|turn|11\n|inactive|Time left: 300 sec this turn | 300 sec total\n|\n|t:|1783558015\n|move|p2a: Armarouge|Meteor Beam||[still]\n|-prepare|p2a: Armarouge|Meteor Beam\n|-boost|p2a: Armarouge|spa|1\n|move|p1a: Beartic|Earthquake|p2a: Armarouge\n|-supereffective|p2a: Armarouge\n|-damage|p2a: Armarouge|0 fnt\n|faint|p2a: Armarouge\n|\n|upkeep\n|\n|t:|1783558016\n|switch|p2a: Rhyperior|Rhyperior, L82, M|100/100\n|turn|12\n|inactive|Time left: 300 sec this turn | 300 sec total\n|\n|t:|1783558016\n|switch|p1a: Gliscor|Gliscor, L76, M|239/239\n|move|p2a: Rhyperior|Stone Edge|p1a: Gliscor|[miss]\n|-miss|p2a: Rhyperior|p1a: Gliscor\n|\n|-status|p1a: Gliscor|tox|[from] item: Toxic Orb\n|upkeep\n|turn|13\n|inactive|Time left: 300 sec this turn | 300 sec total\n|\n|t:|1783558017\n|move|p1a: Gliscor|Toxic|p2a: Rhyperior\n|-status|p2a: Rhyperior|tox\n|move|p2a: Rhyperior|Rock Polish|p2a: Rhyperior\n|-boost|p2a: Rhyperior|spe|2\n|\n|-damage|p2a: Rhyperior|94/100 tox|[from] psn\n|upkeep\n|turn|14\n|inactive|Time left: 300 sec this turn | 300 sec total\n|\n|t:|1783558018\n|move|p1a: Gliscor|Protect|p1a: Gliscor\n|-singleturn|p1a: Gliscor|Protect\n|move|p2a: Rhyperior|Stone Edge|p1a: Gliscor\n|-activate|p1a: Gliscor|move: Protect\n|\n|-damage|p2a: Rhyperior|82/100 tox|[from] psn\n|upkeep\n|turn|15\n|inactive|Time left: 300 sec this turn | 300 sec total\n|\n|t:|1783558019\n|move|p2a: Rhyperior|Stone Edge|p1a: Gliscor\n|-crit|p1a: Gliscor\n|-damage|p1a: Gliscor|70/239 tox\n|move|p1a: Gliscor|Substitute|p1a: Gliscor\n|-start|p1a: Gliscor|Substitute\n|-damage|p1a: Gliscor|11/239 tox\n|\n|-damage|p2a: Rhyperior|63/100 tox|[from] psn\n|-heal|p1a: Gliscor|40/239 tox|[from] ability: Poison Heal\n|upkeep\n|turn|16\n|inactive|Time left: 300 sec this turn | 300 sec total\n|\n|t:|1783558020\n|move|p2a: Rhyperior|Stone Edge|p1a: Gliscor\n|-crit|p1a: Gliscor\n|-end|p1a: Gliscor|Substitute\n|move|p1a: Gliscor|Earthquake|p2a: Rhyperior\n|-supereffective|p2a: Rhyperior\n|-damage|p2a: Rhyperior|33/100 tox\n|-enditem|p2a: Rhyperior|Weakness Policy\n|-boost|p2a: Rhyperior|atk|2|[from] item: Weakness Policy\n|-boost|p2a: Rhyperior|spa|2|[from] item: Weakness Policy\n|\n|-damage|p2a: Rhyperior|8/100 tox|[from] psn\n|-heal|p1a: Gliscor|69/239 tox|[from] ability: Poison Heal\n|upkeep\n|turn|17\n|inactive|Time left: 300 sec this turn | 300 sec total\n|\n|t:|1783558021\n|move|p1a: Gliscor|Protect|p1a: Gliscor\n|-singleturn|p1a: Gliscor|Protect\n|move|p2a: Rhyperior|Stone Edge|p1a: Gliscor\n|-activate|p1a: Gliscor|move: Protect\n|\n|-damage|p2a: Rhyperior|0 fnt|[from] psn\n|faint|p2a: Rhyperior\n|-heal|p1a: Gliscor|98/239 tox|[from] ability: Poison Heal\n|upkeep\n|\n|t:|1783558022\n|switch|p2a: Iron Treads|Iron Treads, L77|100/100\n|turn|18\n|inactive|Time left: 300 sec this turn | 300 sec total\n|\n|t:|1783558023\n|move|p2a: Iron Treads|Iron Head|p1a: Gliscor\n|-damage|p1a: Gliscor|26/239 tox\n|cant|p1a: Gliscor|flinch\n|\n|-heal|p1a: Gliscor|55/239 tox|[from] ability: Poison Heal\n|upkeep\n|turn|19\n|inactive|Time left: 300 sec this turn | 300 sec total\n|\n|t:|1783558024\n|move|p1a: Gliscor|Protect|p1a: Gliscor\n|-singleturn|p1a: Gliscor|Protect\n|move|p2a: Iron Treads|Iron Head|p1a: Gliscor\n|-activate|p1a: Gliscor|move: Protect\n|\n|-heal|p1a: Gliscor|84/239 tox|[from] ability: Poison Heal\n|upkeep\n|turn|20\n|inactive|Time left: 300 sec this turn | 300 sec total\n|\n|t:|1783558024\n|move|p2a: Iron Treads|Iron Head|p1a: Gliscor\n|-damage|p1a: Gliscor|15/239 tox\n|move|p1a: Gliscor|Earthquake|p2a: Iron Treads\n|-supereffective|p2a: Iron Treads\n|-damage|p2a: Iron Treads|42/100\n|\n|-heal|p1a: Gliscor|44/239 tox|[from] ability: Poison Heal\n|upkeep\n|turn|21\n|inactive|Time left: 300 sec this turn | 300 sec total\n|\n|t:|1783558025\n|move|p1a: Gliscor|Protect|p1a: Gliscor\n|-singleturn|p1a: Gliscor|Protect\n|move|p2a: Iron Treads|Iron Head|p1a: Gliscor\n|-activate|p1a: Gliscor|move: Protect\n|\n|-heal|p1a: Gliscor|73/239 tox|[from] ability: Poison Heal\n|upkeep\n|turn|22\n|inactive|Time left: 300 sec this turn | 300 sec total\n|\n|t:|1783558026\n|move|p2a: Iron Treads|Iron Head|p1a: Gliscor\n|-damage|p1a: Gliscor|3/239 tox\n|move|p1a: Gliscor|Earthquake|p2a: Iron Treads\n|-supereffective|p2a: Iron Treads\n|-damage|p2a: Iron Treads|0 fnt\n|faint|p2a: Iron Treads\n|-end|p2a: Iron Treads|Quark Drive|[silent]\n|\n|-heal|p1a: Gliscor|32/239 tox|[from] ability: Poison Heal\n|upkeep\n|\n|t:|1783558027\n|switch|p2a: Terapagos|Terapagos, L77, M|100/100\n|-activate|p2a: Terapagos|ability: Tera Shift\n|detailschange|p2a: Terapagos|Terapagos-Terastal, L77, M\n|-heal|p2a: Terapagos|100/100|[silent]\n|turn|23\n|inactive|Time left: 300 sec this turn | 300 sec total\n|\n|t:|1783558028\n|switch|p1a: Beartic|Beartic, L91, F|321/321\n|move|p2a: Terapagos|Calm Mind|p2a: Terapagos\n|-boost|p2a: Terapagos|spa|1\n|-boost|p2a: Terapagos|spd|1\n|\n|upkeep\n|turn|24\n|inactive|Time left: 300 sec this turn | 300 sec total\n|\n|t:|1783558029\n|-terastallize|p1a: Beartic|Fighting\n|move|p2a: Terapagos|Tera Starstorm|p1a: Beartic\n|-damage|p1a: Beartic|153/321\n|move|p1a: Beartic|Close Combat|p2a: Terapagos\n|-activate|p2a: Terapagos|ability: Tera Shell\n|-resisted|p2a: Terapagos\n|-damage|p2a: Terapagos|54/100\n|-unboost|p1a: Beartic|def|1\n|-unboost|p1a: Beartic|spd|1\n|\n|upkeep\n|turn|25\n|inactive|Time left: 300 sec this turn | 300 sec total\n|\n|t:|1783558030\n|move|p2a: Terapagos|Tera Starstorm|p1a: Beartic\n|-damage|p1a: Beartic|0 fnt\n|faint|p1a: Beartic\n|\n|upkeep\n|inactive|Time left: 300 sec this turn | 300 sec total | 5 sec grace\n|\n|t:|1783558030\n|switch|p1a: Zamazenta|Zamazenta-Crowned, L68|238/238\n|-ability|p1a: Zamazenta|Dauntless Shield|boost\n|-boost|p1a: Zamazenta|def|1\n|turn|26\n|inactive|Time left: 300 sec this turn | 300 sec total\n|\n|t:|1783558031\n|move|p1a: Zamazenta|Body Press|p2a: Terapagos\n|-supereffective|p2a: Terapagos\n|-damage|p2a: Terapagos|0 fnt\n|faint|p2a: Terapagos\n|\n|win|p0x15503b91", "uploadtime": 1783558031, "views": 0, "rating": 0, "private": 0, "password": null, "_winner": "p0x15503b91", "_our_name": "p0x15503b91"}