{"id": "battle-gen9randombattle-2425", "formatid": "gen9randombattle", "format": "[Gen 9] Random Battle", "players": ["p0x24250079", "p0y24251c7e"], "log": "|init|battle\n|title|p0x24250079 vs. p0y24251c7e\n|j|\u2606p0x24250079\n|j|\u2606p0y24251c7e\n|t:|1783568119\n|gametype|singles\n|player|p1|p0x24250079|169|\n|player|p2|p0y24251c7e|266|\n|gen|9\n|tier|[Gen 9] Random Battle\n|rule|Species Clause: Limit one of each Pok\u00e9mon\n|rule|HP Percentage Mod: HP is shown in percentages\n|rule|Sleep Clause Mod: Limit one foe put to sleep\n|rule|Illusion Level Mod: Illusion disguises the Pok\u00e9mon's true level\n|\n|t:|1783568119\n|teamsize|p1|6\n|teamsize|p2|6\n|start\n|switch|p1a: Volcarona|Volcarona, L77, F|257/257\n|switch|p2a: Roaring Moon|Roaring Moon, L72|100/100\n|turn|1\n|inactive|Battle timer is ON: inactive players will automatically lose when time's up. (requested by p0y24251c7e)\n|inactive|Time left: 300 sec this turn | 300 sec total | 60 sec grace\n|inactive|p0x24250079 also wants the timer to be on.\n|\n|t:|1783568121\n|move|p2a: Roaring Moon|Outrage|p1a: Volcarona\n|-damage|p1a: Volcarona|16/257\n|move|p1a: Volcarona|Bug Buzz|p2a: Roaring Moon\n|-supereffective|p2a: Roaring Moon\n|-damage|p2a: Roaring Moon|0 fnt\n|faint|p2a: Roaring Moon\n|-end|p2a: Roaring Moon|Protosynthesis|[silent]\n|\n|upkeep\n|\n|t:|1783568122\n|switch|p2a: Hariyama|Hariyama, L87, F|100/100\n|turn|2\n|inactive|Time left: 300 sec this turn | 300 sec total\n|\n|t:|1783568124\n|move|p1a: Volcarona|Fiery Dance|p2a: Hariyama\n|-damage|p2a: Hariyama|71/100\n|-boost|p1a: Volcarona|spa|1\n|move|p2a: Hariyama|Knock Off|p1a: Volcarona\n|-damage|p1a: Volcarona|0 fnt\n|-enditem|p1a: Volcarona|Heavy-Duty Boots|[from] move: Knock Off|[of] p2a: Hariyama\n|faint|p1a: Volcarona\n|\n|-status|p2a: Hariyama|brn|[from] item: Flame Orb\n|upkeep\n|inactive|Time left: 300 sec this turn | 300 sec total | 5 sec grace\n|\n|t:|1783568125\n|switch|p1a: Kyogre|Kyogre, L71|259/259\n|-weather|RainDance|[from] ability: Drizzle|[of] p1a: Kyogre\n|turn|3\n|inactive|Time left: 300 sec this turn | 300 sec total\n|\n|t:|1783568126\n|switch|p2a: Palkia|Palkia, L75|100/100\n|-ability|p2a: Palkia|Pressure\n|move|p1a: Kyogre|Water Spout|p2a: Palkia\n|-resisted|p2a: Palkia\n|-damage|p2a: Palkia|81/100\n|\n|-weather|RainDance|[upkeep]\n|upkeep\n|turn|4\n|inactive|Time left: 300 sec this turn | 300 sec total\n|\n|t:|1783568127\n|move|p1a: Kyogre|Water Spout|p2a: Palkia\n|-resisted|p2a: Palkia\n|-damage|p2a: Palkia|62/100\n|move|p2a: Palkia|Hydro Pump|p1a: Kyogre\n|-resisted|p1a: Kyogre\n|-damage|p1a: Kyogre|154/259\n|\n|-weather|RainDance|[upkeep]\n|upkeep\n|turn|5\n|inactive|Time left: 300 sec this turn | 300 sec total\n|\n|t:|1783568128\n|move|p1a: Kyogre|Water Spout|p2a: Palkia\n|-resisted|p2a: Palkia\n|-damage|p2a: Palkia|51/100\n|move|p2a: Palkia|Hydro Pump|p1a: Kyogre\n|-resisted|p1a: Kyogre\n|-damage|p1a: Kyogre|56/259\n|\n|-weather|RainDance|[upkeep]\n|upkeep\n|turn|6\n|inactive|Time left: 300 sec this turn | 300 sec total\n|\n|t:|1783568130\n|switch|p1a: Empoleon|Empoleon, L84, M|278/278\n|move|p2a: Palkia|Hydro Pump|p1a: Empoleon\n|-resisted|p1a: Empoleon\n|-damage|p1a: Empoleon|177/278\n|\n|-weather|RainDance|[upkeep]\n|-heal|p1a: Empoleon|194/278|[from] item: Leftovers\n|upkeep\n|turn|7\n|inactive|Time left: 300 sec this turn | 300 sec total\n|\n|t:|1783568131\n|move|p2a: Palkia|Hydro Pump|p1a: Empoleon\n|-resisted|p1a: Empoleon\n|-damage|p1a: Empoleon|83/278\n|move|p1a: Empoleon|Roost|p1a: Empoleon\n|-heal|p1a: Empoleon|222/278\n|-singleturn|p1a: Empoleon|move: Roost\n|\n|-weather|none\n|-heal|p1a: Empoleon|239/278|[from] item: Leftovers\n|upkeep\n|turn|8\n|inactive|Time left: 300 sec this turn | 300 sec total\n|\n|t:|1783568132\n|move|p2a: Palkia|Thunder Wave|p1a: Empoleon\n|-status|p1a: Empoleon|par\n|move|p1a: Empoleon|Knock Off|p2a: Palkia\n|-crit|p2a: Palkia\n|-damage|p2a: Palkia|11/100\n|-enditem|p2a: Palkia|Lustrous Orb|[from] move: Knock Off|[of] p1a: Empoleon\n|\n|-heal|p1a: Empoleon|256/278 par|[from] item: Leftovers\n|upkeep\n|turn|9\n|inactive|Time left: 300 sec this turn | 300 sec total\n|\n|t:|1783568133\n|move|p2a: Palkia|Hydro Pump|p1a: Empoleon\n|-resisted|p1a: Empoleon\n|-damage|p1a: Empoleon|200/278 par\n|move|p1a: Empoleon|Surf|p2a: Palkia\n|-resisted|p2a: Palkia\n|-damage|p2a: Palkia|1/100\n|\n|-heal|p1a: Empoleon|217/278 par|[from] item: Leftovers\n|upkeep\n|turn|10\n|inactive|Time left: 300 sec this turn | 300 sec total\n|\n|t:|1783568135\n|move|p2a: Palkia|Fire Blast|p1a: Empoleon\n|-damage|p1a: Empoleon|140/278 par\n|move|p1a: Empoleon|Knock Off|p2a: Palkia\n|-damage|p2a: Palkia|0 fnt\n|faint|p2a: Palkia\n|\n|-heal|p1a: Empoleon|157/278 par|[from] item: Leftovers\n|upkeep\n|\n|t:|1783568136\n|switch|p2a: Donphan|Donphan, L84, M|100/100\n|turn|11\n|inactive|Time left: 300 sec this turn | 300 sec total\n|\n|t:|1783568137\n|move|p2a: Donphan|Earthquake|p1a: Empoleon\n|-supereffective|p1a: Empoleon\n|-damage|p1a: Empoleon|0 fnt\n|faint|p1a: Empoleon\n|\n|upkeep\n|inactive|Time left: 300 sec this turn | 300 sec total | 5 sec grace\n|\n|t:|1783568138\n|switch|p1a: Breloom|Breloom, L83, F|235/235\n|turn|12\n|inactive|Time left: 300 sec this turn | 300 sec total\n|\n|t:|1783568139\n|-terastallize|p2a: Donphan|Dragon\n|move|p1a: Breloom|Bullet Seed|p2a: Donphan\n|-resisted|p2a: Donphan\n|-damage|p2a: Donphan|92/100\n|-resisted|p2a: Donphan\n|-damage|p2a: Donphan|84/100\n|-resisted|p2a: Donphan\n|-damage|p2a: Donphan|75/100\n|-hitcount|p2a: Donphan|3\n|-damage|p1a: Breloom|212/235|[from] item: Life Orb\n|move|p2a: Donphan|Ice Spinner|p1a: Breloom\n|-supereffective|p1a: Breloom\n|-damage|p1a: Breloom|66/235\n|\n|upkeep\n|turn|13\n|inactive|Time left: 300 sec this turn | 300 sec total\n|\n|t:|1783568140\n|move|p1a: Breloom|Rock Tomb|p2a: Donphan\n|-damage|p2a: Donphan|46/100\n|-unboost|p2a: Donphan|spe|1\n|-damage|p1a: Breloom|43/235|[from] item: Life Orb\n|move|p2a: Donphan|Earthquake|p1a: Breloom\n|-resisted|p1a: Breloom\n|-damage|p1a: Breloom|0 fnt\n|faint|p1a: Breloom\n|\n|upkeep\n|inactive|Time left: 300 sec this turn | 300 sec total | 5 sec grace\n|\n|t:|1783568141\n|switch|p1a: Iron Treads|Iron Treads, L77|265/265\n|turn|14\n|inactive|Time left: 300 sec this turn | 300 sec total\n|\n|t:|1783568142\n|move|p1a: Iron Treads|Iron Head|p2a: Donphan\n|-damage|p2a: Donphan|24/100\n|cant|p2a: Donphan|flinch\n|\n|upkeep\n|turn|15\n|inactive|Time left: 300 sec this turn | 300 sec total\n|\n|t:|1783568143\n|move|p1a: Iron Treads|Earthquake|p2a: Donphan\n|-damage|p2a: Donphan|0 fnt\n|faint|p2a: Donphan\n|\n|upkeep\n|\n|t:|1783568144\n|switch|p2a: Ambipom|Ambipom, L84, M|100/100\n|turn|16\n|inactive|Time left: 300 sec this turn | 300 sec total\n|\n|t:|1783568145\n|move|p2a: Ambipom|Triple Axel|p1a: Iron Treads\n|-damage|p1a: Iron Treads|237/265\n|-damage|p1a: Iron Treads|181/265\n|-damage|p1a: Iron Treads|95/265\n|-hitcount|p1a: Iron Treads|3\n|move|p1a: Iron Treads|Rapid Spin|p2a: Ambipom\n|-damage|p2a: Ambipom|84/100\n|-boost|p1a: Iron Treads|spe|1\n|\n|-heal|p1a: Iron Treads|111/265|[from] item: Leftovers\n|upkeep\n|turn|17\n|inactive|Time left: 300 sec this turn | 300 sec total\n|\n|t:|1783568147\n|move|p1a: Iron Treads|Earthquake|p2a: Ambipom\n|-damage|p2a: Ambipom|34/100\n|move|p2a: Ambipom|Triple Axel|p1a: Iron Treads\n|-damage|p1a: Iron Treads|83/265\n|-damage|p1a: Iron Treads|26/265\n|-damage|p1a: Iron Treads|0 fnt\n|faint|p1a: Iron Treads\n|-end|p1a: Iron Treads|Quark Drive|[silent]\n|-hitcount|p1: Iron Treads|3\n|\n|upkeep\n|inactive|Time left: 300 sec this turn | 300 sec total | 5 sec grace\n|\n|t:|1783568148\n|switch|p1a: Kyogre|Kyogre, L71|56/259\n|-weather|RainDance|[from] ability: Drizzle|[of] p1a: Kyogre\n|turn|18\n|inactive|Time left: 300 sec this turn | 300 sec total\n|\n|t:|1783568148\n|-terastallize|p1a: Kyogre|Water\n|move|p1a: Kyogre|Origin Pulse|p2a: Ambipom\n|-damage|p2a: Ambipom|0 fnt\n|faint|p2a: Ambipom\n|\n|-weather|RainDance|[upkeep]\n|upkeep\n|\n|t:|1783568149\n|switch|p2a: Hariyama|Hariyama, L87, F|71/100 brn\n|turn|19\n|inactive|Time left: 300 sec this turn | 300 sec total\n|\n|t:|1783568150\n|move|p2a: Hariyama|Fake Out|p1a: Kyogre\n|-damage|p1a: Kyogre|0 fnt\n|faint|p1a: Kyogre\n|\n|-weather|RainDance|[upkeep]\n|-damage|p2a: Hariyama|65/100 brn|[from] brn\n|upkeep\n|inactive|Time left: 300 sec this turn | 300 sec total | 5 sec grace\n|\n|t:|1783568151\n|switch|p1a: Scovillain|Scovillain, L91, M|266/266\n|turn|20\n|inactive|Time left: 300 sec this turn | 300 sec total\n|\n|t:|1783568152\n|move|p1a: Scovillain|Energy Ball|p2a: Hariyama\n|-damage|p2a: Hariyama|27/100 brn\n|move|p2a: Hariyama|Close Combat|p1a: Scovillain\n|-damage|p1a: Scovillain|0 fnt\n|-unboost|p2a: Hariyama|def|1\n|-unboost|p2a: Hariyama|spd|1\n|faint|p1a: Scovillain\n|\n|win|p0y24251c7e", "uploadtime": 1783568152, "views": 0, "rating": 0, "private": 0, "password": null, "_winner": "p0y24251c7e", "_our_name": "p0x24250079"}