{"id": "battle-gen9randombattle-1904", "formatid": "gen9randombattle", "format": "[Gen 9] Random Battle", "players": ["p0x190570e5", "p0y1905f2bb"], "log": "|init|battle\n|title|p0x190570e5 vs. p0y1905f2bb\n|j|\u2606p0x190570e5\n|j|\u2606p0y1905f2bb\n|t:|1783562027\n|gametype|singles\n|player|p1|p0x190570e5|2|\n|player|p2|p0y1905f2bb|265|\n|gen|9\n|tier|[Gen 9] Random Battle\n|rule|Species Clause: Limit one of each Pok\u00e9mon\n|rule|HP Percentage Mod: HP is shown in percentages\n|rule|Sleep Clause Mod: Limit one foe put to sleep\n|rule|Illusion Level Mod: Illusion disguises the Pok\u00e9mon's true level\n|\n|t:|1783562027\n|teamsize|p1|6\n|teamsize|p2|6\n|start\n|switch|p1a: Kyurem|Kyurem-Black, L71|295/295\n|switch|p2a: Electivire|Electivire, L84, F|100/100\n|-ability|p1a: Kyurem|Teravolt\n|turn|1\n|inactive|Battle timer is ON: inactive players will automatically lose when time's up. (requested by p0y1905f2bb)\n|inactive|p0x190570e5 also wants the timer to be on.\n|\n|t:|1783562028\n|move|p2a: Electivire|Bulk Up|p2a: Electivire\n|-boost|p2a: Electivire|atk|1\n|-boost|p2a: Electivire|def|1\n|move|p1a: Kyurem|Scale Shot|p2a: Electivire\n|-damage|p2a: Electivire|90/100\n|-damage|p2a: Electivire|81/100\n|-damage|p2a: Electivire|72/100\n|-damage|p2a: Electivire|62/100\n|-damage|p2a: Electivire|51/100\n|-hitcount|p2a: Electivire|5\n|-unboost|p1a: Kyurem|def|1\n|-boost|p1a: Kyurem|spe|1\n|\n|upkeep\n|turn|2\n|inactive|Time left: 300 sec this turn | 300 sec total | 60 sec grace\n|\n|t:|1783562029\n|move|p1a: Kyurem|Icicle Spear|p2a: Electivire\n|-damage|p2a: Electivire|41/100\n|-damage|p2a: Electivire|32/100\n|-damage|p2a: Electivire|22/100\n|-damage|p2a: Electivire|12/100\n|-hitcount|p2a: Electivire|4\n|move|p2a: Electivire|Earthquake|p1a: Kyurem\n|-damage|p1a: Kyurem|14/295\n|-damage|p2a: Electivire|2/100|[from] item: Life Orb\n|\n|upkeep\n|turn|3\n|inactive|Time left: 300 sec this turn | 300 sec total\n|\n|t:|1783562031\n|switch|p2a: Hippowdon|Hippowdon, L82, M|100/100\n|-weather|Sandstorm|[from] ability: Sand Stream|[of] p2a: Hippowdon\n|move|p1a: Kyurem|Icicle Spear|p2a: Hippowdon\n|-supereffective|p2a: Hippowdon\n|-damage|p2a: Hippowdon|84/100\n|-supereffective|p2a: Hippowdon\n|-crit|p2a: Hippowdon\n|-damage|p2a: Hippowdon|63/100\n|-supereffective|p2a: Hippowdon\n|-damage|p2a: Hippowdon|47/100\n|-supereffective|p2a: Hippowdon\n|-damage|p2a: Hippowdon|31/100\n|-hitcount|p2a: Hippowdon|4\n|\n|-weather|Sandstorm|[upkeep]\n|-damage|p1a: Kyurem|0 fnt|[from] Sandstorm\n|faint|p1a: Kyurem\n|-heal|p2a: Hippowdon|37/100|[from] item: Leftovers\n|upkeep\n|inactive|Time left: 300 sec this turn | 300 sec total | 5 sec grace\n|\n|t:|1783562032\n|switch|p1a: Sawsbuck|Sawsbuck-Winter, L88, F|284/284\n|turn|4\n|inactive|Time left: 300 sec this turn | 300 sec total\n|\n|t:|1783562033\n|switch|p2a: Sinistcha|Sinistcha-Masterpiece, L83|100/100\n|move|p1a: Sawsbuck|Horn Leech|p2a: Sinistcha\n|-resisted|p2a: Sinistcha\n|-damage|p2a: Sinistcha|80/100\n|-damage|p1a: Sawsbuck|256/284|[from] item: Life Orb\n|\n|-weather|Sandstorm|[upkeep]\n|-damage|p1a: Sawsbuck|239/284|[from] Sandstorm\n|-damage|p2a: Sinistcha|75/100|[from] Sandstorm\n|-heal|p2a: Sinistcha|80/100|[from] item: Leftovers\n|upkeep\n|turn|5\n|inactive|Time left: 300 sec this turn | 300 sec total\n|\n|t:|1783562034\n|move|p1a: Sawsbuck|Swords Dance|p1a: Sawsbuck\n|-boost|p1a: Sawsbuck|atk|2\n|move|p2a: Sinistcha|Calm Mind|p2a: Sinistcha\n|-boost|p2a: Sinistcha|spa|1\n|-boost|p2a: Sinistcha|spd|1\n|\n|-weather|Sandstorm|[upkeep]\n|-damage|p1a: Sawsbuck|222/284|[from] Sandstorm\n|-damage|p2a: Sinistcha|75/100|[from] Sandstorm\n|-heal|p2a: Sinistcha|80/100|[from] item: Leftovers\n|upkeep\n|turn|6\n|inactive|Time left: 300 sec this turn | 300 sec total\n|\n|t:|1783562035\n|move|p1a: Sawsbuck|Swords Dance|p1a: Sawsbuck\n|-boost|p1a: Sawsbuck|atk|2\n|move|p2a: Sinistcha|Strength Sap|p1a: Sawsbuck\n|-unboost|p1a: Sawsbuck|atk|1\n|-heal|p2a: Sinistcha|100/100\n|\n|-weather|Sandstorm|[upkeep]\n|-damage|p1a: Sawsbuck|205/284|[from] Sandstorm\n|-damage|p2a: Sinistcha|95/100|[from] Sandstorm\n|-heal|p2a: Sinistcha|100/100|[from] item: Leftovers\n|upkeep\n|turn|7\n|inactive|Time left: 300 sec this turn | 300 sec total\n|\n|t:|1783562036\n|move|p1a: Sawsbuck|Horn Leech|p2a: Sinistcha\n|-resisted|p2a: Sinistcha\n|-damage|p2a: Sinistcha|54/100\n|-heal|p1a: Sawsbuck|264/284|[from] drain|[of] p2a: Sinistcha\n|-damage|p1a: Sawsbuck|236/284|[from] item: Life Orb\n|move|p2a: Sinistcha|Calm Mind|p2a: Sinistcha\n|-boost|p2a: Sinistcha|spa|1\n|-boost|p2a: Sinistcha|spd|1\n|\n|-weather|none\n|-heal|p2a: Sinistcha|60/100|[from] item: Leftovers\n|upkeep\n|turn|8\n|inactive|Time left: 300 sec this turn | 300 sec total\n|\n|t:|1783562037\n|move|p1a: Sawsbuck|Horn Leech|p2a: Sinistcha\n|-resisted|p2a: Sinistcha\n|-damage|p2a: Sinistcha|7/100\n|-heal|p1a: Sawsbuck|284/284|[from] drain|[of] p2a: Sinistcha\n|-damage|p1a: Sawsbuck|256/284|[from] item: Life Orb\n|move|p2a: Sinistcha|Strength Sap|p1a: Sawsbuck\n|-unboost|p1a: Sawsbuck|atk|1\n|-heal|p2a: Sinistcha|100/100\n|\n|upkeep\n|turn|9\n|inactive|Time left: 300 sec this turn | 300 sec total\n|\n|t:|1783562038\n|move|p1a: Sawsbuck|Swords Dance|p1a: Sawsbuck\n|-boost|p1a: Sawsbuck|atk|2\n|move|p2a: Sinistcha|Matcha Gotcha|p1a: Sawsbuck\n|-resisted|p1a: Sawsbuck\n|-damage|p1a: Sawsbuck|151/284\n|-status|p1a: Sawsbuck|brn\n|\n|-damage|p1a: Sawsbuck|134/284 brn|[from] brn\n|upkeep\n|turn|10\n|inactive|Time left: 300 sec this turn | 300 sec total\n|\n|t:|1783562039\n|move|p1a: Sawsbuck|Swords Dance|p1a: Sawsbuck\n|-boost|p1a: Sawsbuck|atk|2\n|move|p2a: Sinistcha|Matcha Gotcha|p1a: Sawsbuck\n|-resisted|p1a: Sawsbuck\n|-damage|p1a: Sawsbuck|23/284 brn\n|\n|-damage|p1a: Sawsbuck|6/284 brn|[from] brn\n|upkeep\n|turn|11\n|inactive|Time left: 300 sec this turn | 300 sec total\n|\n|t:|1783562040\n|move|p1a: Sawsbuck|Horn Leech|p2a: Sinistcha\n|-resisted|p2a: Sinistcha\n|-damage|p2a: Sinistcha|58/100\n|-heal|p1a: Sawsbuck|60/284 brn|[from] drain|[of] p2a: Sinistcha\n|-damage|p1a: Sawsbuck|32/284 brn|[from] item: Life Orb\n|move|p2a: Sinistcha|Strength Sap|p1a: Sawsbuck\n|-unboost|p1a: Sawsbuck|atk|1\n|-heal|p2a: Sinistcha|100/100\n|\n|-damage|p1a: Sawsbuck|15/284 brn|[from] brn\n|upkeep\n|turn|12\n|inactive|Time left: 300 sec this turn | 300 sec total\n|\n|t:|1783562041\n|move|p1a: Sawsbuck|Horn Leech|p2a: Sinistcha\n|-resisted|p2a: Sinistcha\n|-damage|p2a: Sinistcha|68/100\n|-heal|p1a: Sawsbuck|57/284 brn|[from] drain|[of] p2a: Sinistcha\n|-damage|p1a: Sawsbuck|29/284 brn|[from] item: Life Orb\n|move|p2a: Sinistcha|Shadow Ball|p1a: Sawsbuck\n|-immune|p1a: Sawsbuck\n|\n|-heal|p2a: Sinistcha|74/100|[from] item: Leftovers\n|-damage|p1a: Sawsbuck|12/284 brn|[from] brn\n|upkeep\n|turn|13\n|inactive|Time left: 300 sec this turn | 300 sec total\n|\n|t:|1783562042\n|move|p1a: Sawsbuck|Horn Leech|p2a: Sinistcha\n|-resisted|p2a: Sinistcha\n|-damage|p2a: Sinistcha|39/100\n|-heal|p1a: Sawsbuck|56/284 brn|[from] drain|[of] p2a: Sinistcha\n|-damage|p1a: Sawsbuck|28/284 brn|[from] item: Life Orb\n|move|p2a: Sinistcha|Strength Sap|p1a: Sawsbuck\n|-unboost|p1a: Sawsbuck|atk|1\n|-heal|p2a: Sinistcha|100/100\n|\n|-damage|p1a: Sawsbuck|11/284 brn|[from] brn\n|upkeep\n|turn|14\n|inactive|Time left: 300 sec this turn | 300 sec total\n|\n|t:|1783562043\n|move|p1a: Sawsbuck|Horn Leech|p2a: Sinistcha\n|-resisted|p2a: Sinistcha\n|-crit|p2a: Sinistcha\n|-damage|p2a: Sinistcha|57/100\n|-heal|p1a: Sawsbuck|66/284 brn|[from] drain|[of] p2a: Sinistcha\n|-damage|p1a: Sawsbuck|38/284 brn|[from] item: Life Orb\n|move|p2a: Sinistcha|Shadow Ball|p1a: Sawsbuck\n|-immune|p1a: Sawsbuck\n|\n|-heal|p2a: Sinistcha|63/100|[from] item: Leftovers\n|-damage|p1a: Sawsbuck|21/284 brn|[from] brn\n|upkeep\n|turn|15\n|inactive|Time left: 300 sec this turn | 300 sec total\n|\n|t:|1783562044\n|move|p1a: Sawsbuck|Horn Leech|p2a: Sinistcha\n|-resisted|p2a: Sinistcha\n|-damage|p2a: Sinistcha|34/100\n|-heal|p1a: Sawsbuck|58/284 brn|[from] drain|[of] p2a: Sinistcha\n|-damage|p1a: Sawsbuck|30/284 brn|[from] item: Life Orb\n|move|p2a: Sinistcha|Matcha Gotcha|p1a: Sawsbuck\n|-resisted|p1a: Sawsbuck\n|-damage|p1a: Sawsbuck|0 fnt\n|-heal|p2a: Sinistcha|40/100|[from] drain|[of] p1a: Sawsbuck\n|faint|p1a: Sawsbuck\n|\n|-heal|p2a: Sinistcha|46/100|[from] item: Leftovers\n|upkeep\n|inactive|Time left: 300 sec this turn | 300 sec total | 5 sec grace\n|\n|t:|1783562045\n|switch|p1a: Fezandipiti|Fezandipiti, L82, M|278/278\n|turn|16\n|inactive|Time left: 300 sec this turn | 300 sec total\n|\n|t:|1783562046\n|move|p1a: Fezandipiti|Moonblast|p2a: Sinistcha\n|-damage|p2a: Sinistcha|29/100\n|-status|p2a: Sinistcha|tox|[from] ability: Toxic Chain|[of] p1a: Fezandipiti\n|move|p2a: Sinistcha|Strength Sap|p1a: Fezandipiti\n|-unboost|p1a: Fezandipiti|atk|1\n|-heal|p2a: Sinistcha|100/100 tox\n|\n|-damage|p2a: Sinistcha|95/100 tox|[from] psn\n|upkeep\n|turn|17\n|inactive|Time left: 300 sec this turn | 300 sec total\n|\n|t:|1783562047\n|move|p1a: Fezandipiti|Gunk Shot|p2a: Sinistcha\n|-damage|p2a: Sinistcha|69/100 tox\n|move|p2a: Sinistcha|Matcha Gotcha|p1a: Fezandipiti\n|-resisted|p1a: Fezandipiti\n|-damage|p1a: Fezandipiti|203/278\n|-heal|p2a: Sinistcha|84/100 tox|[from] drain|[of] p1a: Fezandipiti\n|\n|-heal|p1a: Fezandipiti|220/278|[from] item: Leftovers\n|-heal|p2a: Sinistcha|89/100 tox|[from] item: Leftovers\n|-damage|p2a: Sinistcha|78/100 tox|[from] psn\n|upkeep\n|turn|18\n|inactive|Time left: 300 sec this turn | 300 sec total\n|\n|t:|1783562048\n|move|p1a: Fezandipiti|Moonblast|p2a: Sinistcha\n|-damage|p2a: Sinistcha|62/100 tox\n|move|p2a: Sinistcha|Shadow Ball|p1a: Fezandipiti\n|-damage|p1a: Fezandipiti|76/278\n|\n|-heal|p1a: Fezandipiti|93/278|[from] item: Leftovers\n|-heal|p2a: Sinistcha|68/100 tox|[from] item: Leftovers\n|-damage|p2a: Sinistcha|50/100 tox|[from] psn\n|upkeep\n|turn|19\n|inactive|Time left: 300 sec this turn | 300 sec total\n|\n|t:|1783562049\n|move|p1a: Fezandipiti|Roost|p1a: Fezandipiti\n|-heal|p1a: Fezandipiti|232/278\n|-singleturn|p1a: Fezandipiti|move: Roost\n|move|p2a: Sinistcha|Strength Sap|p1a: Fezandipiti\n|-unboost|p1a: Fezandipiti|atk|1\n|-heal|p2a: Sinistcha|100/100 tox\n|\n|-heal|p1a: Fezandipiti|249/278|[from] item: Leftovers\n|-damage|p2a: Sinistcha|77/100 tox|[from] psn\n|upkeep\n|turn|20\n|inactive|Time left: 300 sec this turn | 300 sec total\n|\n|t:|1783562050\n|move|p1a: Fezandipiti|Moonblast|p2a: Sinistcha\n|-damage|p2a: Sinistcha|59/100 tox\n|move|p2a: Sinistcha|Matcha Gotcha|p1a: Fezandipiti\n|-resisted|p1a: Fezandipiti\n|-damage|p1a: Fezandipiti|171/278\n|-heal|p2a: Sinistcha|75/100 tox|[from] drain|[of] p1a: Fezandipiti\n|\n|-heal|p1a: Fezandipiti|188/278|[from] item: Leftovers\n|-heal|p2a: Sinistcha|80/100 tox|[from] item: Leftovers\n|-damage|p2a: Sinistcha|51/100 tox|[from] psn\n|upkeep\n|turn|21\n|inactive|Time left: 300 sec this turn | 300 sec total\n|\n|t:|1783562051\n|move|p1a: Fezandipiti|Moonblast|p2a: Sinistcha\n|-damage|p2a: Sinistcha|34/100 tox\n|move|p2a: Sinistcha|Strength Sap|p1a: Fezandipiti\n|-unboost|p1a: Fezandipiti|atk|1\n|-heal|p2a: Sinistcha|73/100 tox\n|\n|-heal|p1a: Fezandipiti|205/278|[from] item: Leftovers\n|-heal|p2a: Sinistcha|78/100 tox|[from] item: Leftovers\n|-damage|p2a: Sinistcha|43/100 tox|[from] psn\n|upkeep\n|turn|22\n|inactive|Time left: 300 sec this turn | 300 sec total\n|\n|t:|1783562052\n|move|p1a: Fezandipiti|Moonblast|p2a: Sinistcha\n|-damage|p2a: Sinistcha|26/100 tox\n|move|p2a: Sinistcha|Matcha Gotcha|p1a: Fezandipiti\n|-resisted|p1a: Fezandipiti\n|-damage|p1a: Fezandipiti|125/278\n|-heal|p2a: Sinistcha|42/100 tox|[from] drain|[of] p1a: Fezandipiti\n|\n|-heal|p1a: Fezandipiti|142/278|[from] item: Leftovers\n|-heal|p2a: Sinistcha|48/100 tox|[from] item: Leftovers\n|-damage|p2a: Sinistcha|7/100 tox|[from] psn\n|upkeep\n|turn|23\n|inactive|Time left: 300 sec this turn | 300 sec total\n|\n|t:|1783562053\n|switch|p1a: Ampharos|Ampharos, L88, M|302/302\n|switch|p2a: Hippowdon|Hippowdon, L82, M|37/100\n|-weather|Sandstorm|[from] ability: Sand Stream|[of] p2a: Hippowdon\n|\n|-weather|Sandstorm|[upkeep]\n|-damage|p1a: Ampharos|284/302|[from] Sandstorm\n|-heal|p2a: Hippowdon|43/100|[from] item: Leftovers\n|upkeep\n|turn|24\n|inactive|Time left: 300 sec this turn | 300 sec total\n|\n|t:|1783562055\n|move|p1a: Ampharos|Focus Blast|p2a: Hippowdon\n|-damage|p2a: Hippowdon|2/100\n|move|p2a: Hippowdon|Earthquake|p1a: Ampharos\n|-supereffective|p1a: Ampharos\n|-damage|p1a: Ampharos|60/302\n|\n|-weather|Sandstorm|[upkeep]\n|-damage|p1a: Ampharos|42/302|[from] Sandstorm\n|-heal|p2a: Hippowdon|8/100|[from] item: Leftovers\n|upkeep\n|turn|25\n|inactive|Time left: 300 sec this turn | 300 sec total\n|\n|t:|1783562056\n|move|p1a: Ampharos|Dazzling Gleam|p2a: Hippowdon\n|-damage|p2a: Hippowdon|0 fnt\n|faint|p2a: Hippowdon\n|\n|-weather|Sandstorm|[upkeep]\n|-damage|p1a: Ampharos|24/302|[from] Sandstorm\n|upkeep\n|\n|t:|1783562056\n|switch|p2a: Rhydon|Rhydon, L85, M|100/100\n|turn|26\n|inactive|Time left: 300 sec this turn | 300 sec total\n|\n|t:|1783562057\n|move|p1a: Ampharos|Focus Blast|p2a: Rhydon|[miss]\n|-miss|p1a: Ampharos|p2a: Rhydon\n|move|p2a: Rhydon|Earthquake|p1a: Ampharos\n|-supereffective|p1a: Ampharos\n|-damage|p1a: Ampharos|0 fnt\n|faint|p1a: Ampharos\n|\n|-weather|Sandstorm|[upkeep]\n|upkeep\n|inactive|Time left: 300 sec this turn | 300 sec total | 5 sec grace\n|\n|t:|1783562058\n|switch|p1a: Gastrodon|Gastrodon, L86, M|331/331\n|turn|27\n|inactive|Time left: 300 sec this turn | 300 sec total\n|\n|t:|1783562059\n|move|p2a: Rhydon|Earthquake|p1a: Gastrodon\n|-damage|p1a: Gastrodon|171/331\n|move|p1a: Gastrodon|Earthquake|p2a: Rhydon\n|-supereffective|p2a: Rhydon\n|-damage|p2a: Rhydon|66/100\n|\n|-weather|none\n|-heal|p1a: Gastrodon|191/331|[from] item: Leftovers\n|upkeep\n|turn|28\n|inactive|Time left: 300 sec this turn | 300 sec total\n|\n|t:|1783562060\n|move|p2a: Rhydon|Earthquake|p1a: Gastrodon\n|-damage|p1a: Gastrodon|35/331\n|move|p1a: Gastrodon|Recover|p1a: Gastrodon\n|-heal|p1a: Gastrodon|201/331\n|\n|-heal|p1a: Gastrodon|221/331|[from] item: Leftovers\n|upkeep\n|turn|29\n|inactive|Time left: 300 sec this turn | 300 sec total\n|\n|t:|1783562061\n|move|p2a: Rhydon|Earthquake|p1a: Gastrodon\n|-damage|p1a: Gastrodon|68/331\n|move|p1a: Gastrodon|Recover|p1a: Gastrodon\n|-heal|p1a: Gastrodon|234/331\n|\n|-heal|p1a: Gastrodon|254/331|[from] item: Leftovers\n|upkeep\n|turn|30\n|inactive|Time left: 300 sec this turn | 300 sec total\n|\n|t:|1783562062\n|move|p2a: Rhydon|Earthquake|p1a: Gastrodon\n|-damage|p1a: Gastrodon|79/331\n|move|p1a: Gastrodon|Earthquake|p2a: Rhydon\n|-supereffective|p2a: Rhydon\n|-damage|p2a: Rhydon|36/100\n|\n|-heal|p1a: Gastrodon|99/331|[from] item: Leftovers\n|upkeep\n|turn|31\n|inactive|Time left: 300 sec this turn | 300 sec total\n|\n|t:|1783562063\n|move|p2a: Rhydon|Earthquake|p1a: Gastrodon\n|-damage|p1a: Gastrodon|0 fnt\n|faint|p1a: Gastrodon\n|\n|upkeep\n|inactive|Time left: 300 sec this turn | 300 sec total | 5 sec grace\n|\n|t:|1783562064\n|switch|p1a: Electivire|Electivire, L84, F|263/263\n|turn|32\n|inactive|Time left: 300 sec this turn | 300 sec total\n|\n|t:|1783562065\n|-terastallize|p2a: Rhydon|Dragon\n|move|p1a: Electivire|Earthquake|p2a: Rhydon\n|-damage|p2a: Rhydon|17/100\n|-damage|p1a: Electivire|237/263|[from] item: Life Orb\n|move|p2a: Rhydon|Earthquake|p1a: Electivire\n|-supereffective|p1a: Electivire\n|-damage|p1a: Electivire|0 fnt\n|faint|p1a: Electivire\n|\n|upkeep\n|inactive|Time left: 300 sec this turn | 300 sec total | 5 sec grace\n|\n|t:|1783562066\n|switch|p1a: Fezandipiti|Fezandipiti, L82, M|142/278\n|turn|33\n|inactive|Time left: 300 sec this turn | 300 sec total\n|\n|t:|1783562067\n|move|p1a: Fezandipiti|Moonblast|p2a: Rhydon\n|-supereffective|p2a: Rhydon\n|-damage|p2a: Rhydon|0 fnt\n|faint|p2a: Rhydon\n|\n|-heal|p1a: Fezandipiti|159/278|[from] item: Leftovers\n|upkeep\n|\n|t:|1783562068\n|switch|p2a: Mienshao|Mienshao, L83, M|100/100\n|turn|34\n|inactive|Time left: 300 sec this turn | 300 sec total\n|\n|t:|1783562069\n|move|p2a: Mienshao|Swords Dance|p2a: Mienshao\n|-boost|p2a: Mienshao|atk|2\n|move|p1a: Fezandipiti|Roost|p1a: Fezandipiti\n|-heal|p1a: Fezandipiti|278/278\n|-singleturn|p1a: Fezandipiti|move: Roost\n|\n|upkeep\n|turn|35\n|inactive|Time left: 300 sec this turn | 300 sec total\n|\n|t:|1783562070\n|move|p2a: Mienshao|Poison Jab|p1a: Fezandipiti\n|-damage|p1a: Fezandipiti|86/278\n|-damage|p2a: Mienshao|91/100|[from] item: Life Orb\n|move|p1a: Fezandipiti|Roost|p1a: Fezandipiti\n|-heal|p1a: Fezandipiti|225/278\n|-singleturn|p1a: Fezandipiti|move: Roost\n|\n|-heal|p1a: Fezandipiti|242/278|[from] item: Leftovers\n|upkeep\n|turn|36\n|inactive|Time left: 300 sec this turn | 300 sec total\n|\n|t:|1783562071\n|move|p2a: Mienshao|Swords Dance|p2a: Mienshao\n|-boost|p2a: Mienshao|atk|2\n|move|p1a: Fezandipiti|Moonblast|p2a: Mienshao\n|-supereffective|p2a: Mienshao\n|-damage|p2a: Mienshao|14/100\n|-status|p2a: Mienshao|tox|[from] ability: Toxic Chain|[of] p1a: Fezandipiti\n|\n|-heal|p1a: Fezandipiti|259/278|[from] item: Leftovers\n|-damage|p2a: Mienshao|8/100 tox|[from] psn\n|upkeep\n|turn|37\n|inactive|Time left: 300 sec this turn | 300 sec total\n|\n|t:|1783562072\n|-terastallize|p1a: Fezandipiti|Dark\n|move|p2a: Mienshao|Poison Jab|p1a: Fezandipiti\n|-damage|p1a: Fezandipiti|0 fnt\n|faint|p1a: Fezandipiti\n|-damage|p2a: Mienshao|0 fnt|[from] item: Life Orb\n|faint|p2a: Mienshao\n|\n|win|p0y1905f2bb", "uploadtime": 1783562072, "views": 0, "rating": 0, "private": 0, "password": null, "_winner": "p0y1905f2bb", "_our_name": "p0x190570e5"}