{"id": "battle-gen9randombattle-1390", "formatid": "gen9randombattle", "format": "[Gen 9] Random Battle", "players": ["p0x1390de77", "p0y13900ef6"], "log": "|init|battle\n|title|p0x1390de77 vs. p0y13900ef6\n|j|\u2606p0x1390de77\n|j|\u2606p0y13900ef6\n|t:|1783556161\n|gametype|singles\n|player|p1|p0x1390de77|266|\n|player|p2|p0y13900ef6|101|\n|gen|9\n|tier|[Gen 9] Random Battle\n|rule|Species Clause: Limit one of each Pok\u00e9mon\n|rule|HP Percentage Mod: HP is shown in percentages\n|rule|Sleep Clause Mod: Limit one foe put to sleep\n|rule|Illusion Level Mod: Illusion disguises the Pok\u00e9mon's true level\n|\n|t:|1783556161\n|teamsize|p1|6\n|teamsize|p2|6\n|start\n|switch|p1a: Dragonite|Dragonite, L74, F|100/100\n|switch|p2a: Chi-Yu|Chi-Yu, L77|211/211\n|-ability|p2a: Chi-Yu|Beads of Ruin\n|turn|1\n|inactive|Battle timer is ON: inactive players will automatically lose when time's up. (requested by p0y13900ef6)\n|inactive|p0x1390de77 also wants the timer to be on.\n|\n|t:|1783556162\n|switch|p2a: Espathra|Espathra, L80, M|283/283\n|move|p1a: Dragonite|Outrage|p2a: Espathra\n|-damage|p2a: Espathra|102/283\n|\n|-heal|p2a: Espathra|119/283|[from] item: Leftovers\n|upkeep\n|turn|2\n|inactive|Time left: 300 sec this turn | 300 sec total\n|\n|t:|1783556163\n|-terastallize|p2a: Espathra|Fairy\n|move|p2a: Espathra|Dazzling Gleam|p1a: Dragonite\n|-supereffective|p1a: Dragonite\n|-damage|p1a: Dragonite|67/100\n|move|p1a: Dragonite|Outrage|p2a: Espathra|[from] lockedmove\n|-immune|p2a: Espathra\n|-start|p1a: Dragonite|confusion|[fatigue]\n|\n|-heal|p2a: Espathra|136/283|[from] item: Leftovers\n|-ability|p2a: Espathra|Speed Boost|boost\n|-boost|p2a: Espathra|spe|1\n|upkeep\n|turn|3\n|inactive|Time left: 300 sec this turn | 300 sec total\n|\n|t:|1783556164\n|switch|p1a: Excadrill|Excadrill, L79, F|100/100\n|-ability|p1a: Excadrill|Mold Breaker\n|move|p2a: Espathra|Calm Mind|p2a: Espathra\n|-boost|p2a: Espathra|spa|1\n|-boost|p2a: Espathra|spd|1\n|\n|-heal|p2a: Espathra|153/283|[from] item: Leftovers\n|-ability|p2a: Espathra|Speed Boost|boost\n|-boost|p2a: Espathra|spe|1\n|upkeep\n|turn|4\n|inactive|Time left: 300 sec this turn | 300 sec total\n|\n|t:|1783556165\n|move|p2a: Espathra|Protect|p2a: Espathra\n|-singleturn|p2a: Espathra|Protect\n|move|p1a: Excadrill|Iron Head|p2a: Espathra\n|-activate|p2a: Espathra|move: Protect\n|\n|-heal|p2a: Espathra|170/283|[from] item: Leftovers\n|-ability|p2a: Espathra|Speed Boost|boost\n|-boost|p2a: Espathra|spe|1\n|upkeep\n|turn|5\n|inactive|Time left: 300 sec this turn | 300 sec total\n|\n|t:|1783556166\n|move|p2a: Espathra|Stored Power|p1a: Excadrill\n|-resisted|p1a: Excadrill\n|-damage|p1a: Excadrill|75/100\n|move|p1a: Excadrill|Iron Head|p2a: Espathra\n|-supereffective|p2a: Espathra\n|-damage|p2a: Espathra|0 fnt\n|faint|p2a: Espathra\n|\n|upkeep\n|inactive|Time left: 300 sec this turn | 300 sec total | 5 sec grace\n|\n|t:|1783556167\n|switch|p2a: Tsareena|Tsareena, L87, F|267/267\n|turn|6\n|inactive|Time left: 300 sec this turn | 300 sec total\n|\n|t:|1783556169\n|switch|p1a: Masquerain|Masquerain, L87, M|100/100\n|-ability|p1a: Masquerain|Intimidate|boost\n|-unboost|p2a: Tsareena|atk|1\n|move|p2a: Tsareena|Power Whip|p1a: Masquerain\n|-resisted|p1a: Masquerain\n|-damage|p1a: Masquerain|84/100\n|-damage|p2a: Tsareena|241/267|[from] item: Life Orb\n|\n|upkeep\n|turn|7\n|inactive|Time left: 300 sec this turn | 300 sec total\n|\n|t:|1783556170\n|move|p1a: Masquerain|Sticky Web|p2a: Tsareena\n|-sidestart|p2: p0y13900ef6|move: Sticky Web\n|move|p2a: Tsareena|Triple Axel|p1a: Masquerain\n|-supereffective|p1a: Masquerain\n|-damage|p1a: Masquerain|69/100\n|-hitcount|p1a: Masquerain|1\n|-damage|p2a: Tsareena|215/267|[from] item: Life Orb\n|\n|upkeep\n|turn|8\n|inactive|Time left: 300 sec this turn | 300 sec total\n|\n|t:|1783556171\n|move|p1a: Masquerain|Hurricane|p2a: Tsareena|[miss]\n|-miss|p1a: Masquerain|p2a: Tsareena\n|move|p2a: Tsareena|Triple Axel|p1a: Masquerain\n|-supereffective|p1a: Masquerain\n|-damage|p1a: Masquerain|54/100\n|-supereffective|p1a: Masquerain\n|-damage|p1a: Masquerain|23/100\n|-hitcount|p1a: Masquerain|2\n|-damage|p2a: Tsareena|189/267|[from] item: Life Orb\n|\n|upkeep\n|turn|9\n|inactive|Time left: 300 sec this turn | 300 sec total\n|\n|t:|1783556172\n|switch|p2a: Zapdos|Zapdos, L78|268/268\n|move|p1a: Masquerain|Hurricane|p2a: Zapdos\n|-resisted|p2a: Zapdos\n|-damage|p2a: Zapdos|201/268\n|\n|upkeep\n|turn|10\n|inactive|Time left: 300 sec this turn | 300 sec total\n|\n|t:|1783556173\n|switch|p1a: Excadrill|Excadrill, L79, F|75/100\n|-ability|p1a: Excadrill|Mold Breaker\n|move|p2a: Zapdos|Hurricane|p1a: Excadrill\n|-resisted|p1a: Excadrill\n|-damage|p1a: Excadrill|56/100\n|-start|p1a: Excadrill|confusion\n|\n|upkeep\n|turn|11\n|inactive|Time left: 300 sec this turn | 300 sec total\n|\n|t:|1783556175\n|switch|p1a: Whiscash|Whiscash, L88, F|100/100\n|move|p2a: Zapdos|Hurricane|p1a: Whiscash|[miss]\n|-miss|p2a: Zapdos|p1a: Whiscash\n|\n|upkeep\n|turn|12\n|inactive|Time left: 300 sec this turn | 300 sec total\n|\n|t:|1783556176\n|move|p2a: Zapdos|Hurricane|p1a: Whiscash\n|-damage|p1a: Whiscash|60/100\n|move|p1a: Whiscash|Ice Beam|p2a: Zapdos\n|-supereffective|p2a: Zapdos\n|-damage|p2a: Zapdos|79/268\n|\n|-heal|p1a: Whiscash|66/100|[from] item: Leftovers\n|upkeep\n|turn|13\n|inactive|Time left: 300 sec this turn | 300 sec total\n|\n|t:|1783556177\n|move|p2a: Zapdos|Roost|p2a: Zapdos\n|-heal|p2a: Zapdos|213/268\n|-singleturn|p2a: Zapdos|move: Roost\n|move|p1a: Whiscash|Earthquake|p2a: Zapdos\n|-supereffective|p2a: Zapdos\n|-damage|p2a: Zapdos|0 fnt\n|faint|p2a: Zapdos\n|\n|-heal|p1a: Whiscash|72/100|[from] item: Leftovers\n|upkeep\n|inactive|Time left: 300 sec this turn | 300 sec total | 5 sec grace\n|\n|t:|1783556178\n|switch|p2a: Tsareena|Tsareena, L87, F|189/267\n|-activate|p2a: Tsareena|move: Sticky Web\n|-unboost|p2a: Tsareena|spe|1\n|turn|14\n|inactive|Time left: 300 sec this turn | 300 sec total\n|\n|t:|1783556179\n|move|p1a: Whiscash|Ice Beam|p2a: Tsareena\n|-supereffective|p2a: Tsareena\n|-damage|p2a: Tsareena|93/267\n|move|p2a: Tsareena|Power Whip|p1a: Whiscash\n|-supereffective|p1a: Whiscash\n|-damage|p1a: Whiscash|0 fnt\n|faint|p1a: Whiscash\n|-damage|p2a: Tsareena|67/267|[from] item: Life Orb\n|\n|upkeep\n|\n|t:|1783556180\n|switch|p1a: Dragonite|Dragonite, L74, F|67/100\n|turn|15\n|inactive|Time left: 300 sec this turn | 300 sec total\n|\n|t:|1783556181\n|move|p1a: Dragonite|Outrage|p2a: Tsareena\n|-damage|p2a: Tsareena|0 fnt\n|faint|p2a: Tsareena\n|\n|upkeep\n|inactive|Time left: 300 sec this turn | 300 sec total | 5 sec grace\n|\n|t:|1783556182\n|switch|p2a: Chi-Yu|Chi-Yu, L77|211/211\n|-ability|p2a: Chi-Yu|Beads of Ruin\n|turn|16\n|inactive|Time left: 300 sec this turn | 300 sec total\n|\n|t:|1783556183\n|move|p2a: Chi-Yu|Nasty Plot|p2a: Chi-Yu\n|-boost|p2a: Chi-Yu|spa|2\n|move|p1a: Dragonite|Outrage|p2a: Chi-Yu|[from] lockedmove\n|-damage|p2a: Chi-Yu|72/211\n|-start|p1a: Dragonite|confusion|[fatigue]\n|\n|upkeep\n|turn|17\n|inactive|Time left: 300 sec this turn | 300 sec total\n|\n|t:|1783556184\n|switch|p1a: Masquerain|Masquerain, L87, M|23/100\n|-ability|p1a: Masquerain|Intimidate|boost\n|-unboost|p2a: Chi-Yu|atk|1\n|move|p2a: Chi-Yu|Dark Pulse|p1a: Masquerain\n|-damage|p1a: Masquerain|0 fnt\n|faint|p1a: Masquerain\n|\n|upkeep\n|\n|t:|1783556185\n|switch|p1a: Farigiraf|Farigiraf, L90, M|100/100\n|turn|18\n|inactive|Time left: 300 sec this turn | 300 sec total\n|\n|t:|1783556186\n|-terastallize|p1a: Farigiraf|Water\n|move|p2a: Chi-Yu|Fire Blast|p1a: Farigiraf\n|-resisted|p1a: Farigiraf\n|-damage|p1a: Farigiraf|53/100\n|move|p1a: Farigiraf|Body Slam|p2a: Chi-Yu\n|-damage|p2a: Chi-Yu|0 fnt\n|faint|p2a: Chi-Yu\n|\n|-heal|p1a: Farigiraf|59/100|[from] item: Leftovers\n|upkeep\n|inactive|Time left: 300 sec this turn | 300 sec total | 5 sec grace\n|\n|t:|1783556187\n|switch|p2a: Jolteon|Jolteon, L84, M|246/246\n|-activate|p2a: Jolteon|move: Sticky Web\n|-unboost|p2a: Jolteon|spe|1\n|turn|19\n|inactive|Time left: 300 sec this turn | 300 sec total\n|\n|t:|1783556188\n|switch|p1a: Excadrill|Excadrill, L79, F|56/100\n|-ability|p1a: Excadrill|Mold Breaker\n|move|p2a: Jolteon|Substitute|p2a: Jolteon\n|-start|p2a: Jolteon|Substitute\n|-damage|p2a: Jolteon|185/246\n|\n|-heal|p2a: Jolteon|200/246|[from] item: Leftovers\n|upkeep\n|turn|20\n|inactive|Time left: 300 sec this turn | 300 sec total\n|\n|t:|1783556189\n|move|p1a: Excadrill|Earthquake|p2a: Jolteon\n|-supereffective|p2a: Jolteon\n|-end|p2a: Jolteon|Substitute\n|move|p2a: Jolteon|Substitute|p2a: Jolteon\n|-start|p2a: Jolteon|Substitute\n|-damage|p2a: Jolteon|139/246\n|\n|-heal|p2a: Jolteon|154/246|[from] item: Leftovers\n|upkeep\n|turn|21\n|inactive|Time left: 300 sec this turn | 300 sec total\n|\n|t:|1783556190\n|move|p1a: Excadrill|Iron Head|p2a: Jolteon\n|-resisted|p2a: Jolteon\n|-activate|p2a: Jolteon|move: Substitute|[damage]\n|move|p2a: Jolteon|Substitute|p2a: Jolteon\n|-fail|p2a: Jolteon|move: Substitute\n|\n|-heal|p2a: Jolteon|169/246|[from] item: Leftovers\n|upkeep\n|turn|22\n|inactive|Time left: 300 sec this turn | 300 sec total\n|\n|t:|1783556191\n|switch|p2a: Phione|Phione, L91|293/293\n|-activate|p2a: Phione|move: Sticky Web\n|-unboost|p2a: Phione|spe|1\n|move|p1a: Excadrill|Earthquake|p2a: Phione\n|-damage|p2a: Phione|169/293\n|\n|-heal|p2a: Phione|187/293|[from] item: Leftovers\n|upkeep\n|turn|23\n|inactive|Time left: 300 sec this turn | 300 sec total\n|\n|t:|1783556192\n|move|p1a: Excadrill|Earthquake|p2a: Phione\n|-damage|p2a: Phione|64/293\n|move|p2a: Phione|Rest|p2a: Phione\n|-status|p2a: Phione|slp|[from] move: Rest\n|-heal|p2a: Phione|293/293 slp|[silent]\n|\n|upkeep\n|turn|24\n|inactive|Time left: 300 sec this turn | 300 sec total\n|\n|t:|1783556193\n|move|p1a: Excadrill|Earthquake|p2a: Phione\n|-damage|p2a: Phione|181/293 slp\n|cant|p2a: Phione|slp\n|move|p2a: Phione|Sleep Talk|p2a: Phione\n|move|p2a: Phione|Rest||[from] move: Sleep Talk|[still]\n|-fail|p2a: Phione\n|\n|-heal|p2a: Phione|199/293 slp|[from] item: Leftovers\n|upkeep\n|turn|25\n|inactive|Time left: 300 sec this turn | 300 sec total\n|\n|t:|1783556194\n|move|p1a: Excadrill|Earthquake|p2a: Phione\n|-damage|p2a: Phione|72/293 slp\n|cant|p2a: Phione|slp\n|move|p2a: Phione|Sleep Talk|p2a: Phione\n|move|p2a: Phione|Scald|p1a: Excadrill|[from] move: Sleep Talk\n|-supereffective|p1a: Excadrill\n|-damage|p1a: Excadrill|10/100\n|\n|-heal|p2a: Phione|90/293 slp|[from] item: Leftovers\n|upkeep\n|turn|26\n|inactive|Time left: 300 sec this turn | 300 sec total\n|\n|t:|1783556195\n|move|p1a: Excadrill|Earthquake|p2a: Phione\n|-damage|p2a: Phione|0 fnt\n|faint|p2a: Phione\n|\n|upkeep\n|inactive|Time left: 300 sec this turn | 300 sec total | 5 sec grace\n|\n|t:|1783556196\n|switch|p2a: Jolteon|Jolteon, L84, M|169/246\n|-activate|p2a: Jolteon|move: Sticky Web\n|-unboost|p2a: Jolteon|spe|1\n|turn|27\n|inactive|Time left: 300 sec this turn | 300 sec total\n|\n|t:|1783556197\n|move|p1a: Excadrill|Earthquake|p2a: Jolteon\n|-supereffective|p2a: Jolteon\n|-damage|p2a: Jolteon|0 fnt\n|faint|p2a: Jolteon\n|\n|win|p0x1390de77", "uploadtime": 1783556197, "views": 0, "rating": 0, "private": 0, "password": null, "_winner": "p0x1390de77", "_our_name": "p0y13900ef6"}