{"id": "battle-gen9randombattle-255", "formatid": "gen9randombattle", "format": "[Gen 9] Random Battle", "players": ["p0x255540d", "p0y2551ebb"], "log": "|init|battle\n|title|p0x255540d vs. p0y2551ebb\n|j|\u2606p0x255540d\n|j|\u2606p0y2551ebb\n|t:|1783536226\n|gametype|singles\n|player|p1|p0x255540d|1|\n|player|p2|p0y2551ebb|1|\n|gen|9\n|tier|[Gen 9] Random Battle\n|rule|Species Clause: Limit one of each Pok\u00e9mon\n|rule|HP Percentage Mod: HP is shown in percentages\n|rule|Sleep Clause Mod: Limit one foe put to sleep\n|rule|Illusion Level Mod: Illusion disguises the Pok\u00e9mon's true level\n|\n|t:|1783536226\n|teamsize|p1|6\n|teamsize|p2|6\n|start\n|switch|p1a: Granbull|Granbull, L88, M|100/100\n|switch|p2a: Lanturn|Lanturn, L89, M|367/367\n|-ability|p1a: Granbull|Intimidate|boost\n|-unboost|p2a: Lanturn|atk|1\n|turn|1\n|inactive|Battle timer is ON: inactive players will automatically lose when time's up. (requested by p0y2551ebb)\n|\n|t:|1783536227\n|move|p2a: Lanturn|Scald|p1a: Granbull\n|-damage|p1a: Granbull|68/100\n|move|p1a: Granbull|Play Rough|p2a: Lanturn\n|-damage|p2a: Lanturn|208/367\n|\n|-heal|p2a: Lanturn|230/367|[from] item: Leftovers\n|-heal|p1a: Granbull|74/100|[from] item: Leftovers\n|upkeep\n|turn|2\n|inactive|Time left: 300 sec this turn | 300 sec total\n|inactive|p0x255540d also wants the timer to be on.\n|\n|t:|1783536229\n|move|p2a: Lanturn|Scald|p1a: Granbull\n|-crit|p1a: Granbull\n|-damage|p1a: Granbull|23/100\n|move|p1a: Granbull|Play Rough|p2a: Lanturn\n|-damage|p2a: Lanturn|83/367\n|\n|-heal|p2a: Lanturn|105/367|[from] item: Leftovers\n|-heal|p1a: Granbull|29/100|[from] item: Leftovers\n|upkeep\n|turn|3\n|inactive|Time left: 300 sec this turn | 300 sec total\n|\n|t:|1783536230\n|switch|p1a: Rotom|Rotom-Frost, L87|100/100\n|move|p2a: Lanturn|Scald|p1a: Rotom\n|-damage|p1a: Rotom|74/100\n|\n|-heal|p2a: Lanturn|127/367|[from] item: Leftovers\n|upkeep\n|turn|4\n|inactive|Time left: 300 sec this turn | 300 sec total\n|\n|t:|1783536231\n|move|p1a: Rotom|Nasty Plot|p1a: Rotom\n|-boost|p1a: Rotom|spa|2\n|move|p2a: Lanturn|Scald|p1a: Rotom\n|-damage|p1a: Rotom|44/100\n|\n|-heal|p2a: Lanturn|149/367|[from] item: Leftovers\n|upkeep\n|turn|5\n|inactive|Time left: 300 sec this turn | 300 sec total\n|\n|t:|1783536233\n|move|p1a: Rotom|Blizzard|p2a: Lanturn\n|-resisted|p2a: Lanturn\n|-damage|p2a: Lanturn|20/367\n|move|p2a: Lanturn|Scald|p1a: Rotom\n|-damage|p1a: Rotom|18/100\n|\n|-heal|p2a: Lanturn|42/367|[from] item: Leftovers\n|upkeep\n|turn|6\n|inactive|Time left: 300 sec this turn | 300 sec total\n|\n|t:|1783536234\n|move|p1a: Rotom|Blizzard|p2a: Lanturn\n|-resisted|p2a: Lanturn\n|-damage|p2a: Lanturn|0 fnt\n|faint|p2a: Lanturn\n|\n|upkeep\n|inactive|Time left: 300 sec this turn | 300 sec total | 5 sec grace\n|\n|t:|1783536235\n|switch|p2a: Typhlosion|Typhlosion, L84, F|267/267\n|turn|7\n|inactive|Time left: 300 sec this turn | 300 sec total\n|\n|t:|1783536236\n|move|p2a: Typhlosion|Eruption|p1a: Rotom\n|-supereffective|p1a: Rotom\n|-damage|p1a: Rotom|0 fnt\n|faint|p1a: Rotom\n|\n|upkeep\n|\n|t:|1783536237\n|switch|p1a: Charizard|Charizard, L85, F|100/100\n|turn|8\n|inactive|Time left: 300 sec this turn | 300 sec total\n|\n|t:|1783536238\n|move|p2a: Typhlosion|Eruption|p1a: Charizard\n|-resisted|p1a: Charizard\n|-damage|p1a: Charizard|66/100\n|move|p1a: Charizard|Swords Dance|p1a: Charizard\n|-boost|p1a: Charizard|atk|2\n|\n|upkeep\n|turn|9\n|inactive|Time left: 300 sec this turn | 300 sec total\n|\n|t:|1783536239\n|move|p2a: Typhlosion|Eruption|p1a: Charizard\n|-resisted|p1a: Charizard\n|-damage|p1a: Charizard|33/100\n|move|p1a: Charizard|Earthquake|p2a: Typhlosion\n|-supereffective|p2a: Typhlosion\n|-damage|p2a: Typhlosion|0 fnt\n|faint|p2a: Typhlosion\n|\n|upkeep\n|inactive|Time left: 300 sec this turn | 300 sec total | 5 sec grace\n|\n|t:|1783536241\n|switch|p2a: Dodrio|Dodrio, L85, M|241/241\n|turn|10\n|inactive|Time left: 300 sec this turn | 300 sec total\n|\n|t:|1783536242\n|move|p2a: Dodrio|Brave Bird|p1a: Charizard\n|-damage|p1a: Charizard|0 fnt\n|faint|p1a: Charizard\n|-damage|p2a: Dodrio|212/241|[from] Recoil\n|\n|upkeep\n|\n|t:|1783536243\n|switch|p1a: Granbull|Granbull, L88, M|29/100\n|-ability|p1a: Granbull|Intimidate|boost\n|-unboost|p2a: Dodrio|atk|1\n|turn|11\n|inactive|Time left: 300 sec this turn | 300 sec total\n|\n|t:|1783536243\n|switch|p1a: Sinistcha|Sinistcha, L83|100/100\n|move|p2a: Dodrio|Brave Bird|p1a: Sinistcha\n|-supereffective|p1a: Sinistcha\n|-damage|p1a: Sinistcha|0 fnt\n|faint|p1a: Sinistcha\n|-damage|p2a: Dodrio|128/241|[from] Recoil\n|\n|upkeep\n|\n|t:|1783536244\n|switch|p1a: Venomoth|Venomoth, L84, F|100/100\n|turn|12\n|inactive|Time left: 300 sec this turn | 300 sec total\n|\n|t:|1783536245\n|-terastallize|p1a: Venomoth|Steel\n|move|p2a: Dodrio|Brave Bird|p1a: Venomoth\n|-resisted|p1a: Venomoth\n|-damage|p1a: Venomoth|61/100\n|-damage|p2a: Dodrio|95/241|[from] Recoil\n|move|p1a: Venomoth|Quiver Dance|p1a: Venomoth\n|-boost|p1a: Venomoth|spa|1\n|-boost|p1a: Venomoth|spd|1\n|-boost|p1a: Venomoth|spe|1\n|\n|upkeep\n|turn|13\n|inactive|Time left: 300 sec this turn | 300 sec total\n|\n|t:|1783536246\n|switch|p2a: Dusknoir|Dusknoir, L89, M|225/225\n|-item|p1a: Venomoth|Heavy-Duty Boots|[from] ability: Frisk|[of] p2a: Dusknoir\n|move|p1a: Venomoth|Bug Buzz|p2a: Dusknoir\n|-resisted|p2a: Dusknoir\n|-damage|p2a: Dusknoir|141/225\n|\n|-heal|p2a: Dusknoir|155/225|[from] item: Leftovers\n|upkeep\n|turn|14\n|inactive|Time left: 300 sec this turn | 300 sec total\n|\n|t:|1783536247\n|move|p1a: Venomoth|Sleep Powder|p2a: Dusknoir\n|-status|p2a: Dusknoir|slp|[from] move: Sleep Powder\n|cant|p2a: Dusknoir|slp\n|\n|-heal|p2a: Dusknoir|169/225 slp|[from] item: Leftovers\n|upkeep\n|turn|15\n|inactive|Time left: 300 sec this turn | 300 sec total\n|\n|t:|1783536248\n|move|p1a: Venomoth|Sludge Wave|p2a: Dusknoir\n|-resisted|p2a: Dusknoir\n|-damage|p2a: Dusknoir|75/225 slp\n|-curestatus|p2a: Dusknoir|slp|[msg]\n|move|p2a: Dusknoir|Earthquake|p1a: Venomoth\n|-supereffective|p1a: Venomoth\n|-damage|p1a: Venomoth|0 fnt\n|faint|p1a: Venomoth\n|\n|-heal|p2a: Dusknoir|89/225|[from] item: Leftovers\n|upkeep\n|\n|t:|1783536249\n|switch|p1a: Maushold|Maushold, L76|100/100\n|turn|16\n|inactive|Time left: 300 sec this turn | 300 sec total\n|\n|t:|1783536250\n|move|p1a: Maushold|Tidy Up|p1a: Maushold\n|-boost|p1a: Maushold|atk|1\n|-boost|p1a: Maushold|spe|1\n|move|p2a: Dusknoir|Earthquake|p1a: Maushold\n|-damage|p1a: Maushold|53/100\n|\n|-heal|p2a: Dusknoir|103/225|[from] item: Leftovers\n|upkeep\n|turn|17\n|inactive|Time left: 300 sec this turn | 300 sec total\n|\n|t:|1783536251\n|move|p1a: Maushold|Bite|p2a: Dusknoir\n|-supereffective|p2a: Dusknoir\n|-damage|p2a: Dusknoir|21/225\n|move|p2a: Dusknoir|Earthquake|p1a: Maushold\n|-damage|p1a: Maushold|12/100\n|\n|-heal|p2a: Dusknoir|35/225|[from] item: Leftovers\n|upkeep\n|turn|18\n|inactive|Time left: 300 sec this turn | 300 sec total\n|\n|t:|1783536252\n|move|p1a: Maushold|Bite|p2a: Dusknoir\n|-supereffective|p2a: Dusknoir\n|-crit|p2a: Dusknoir\n|-damage|p2a: Dusknoir|0 fnt\n|faint|p2a: Dusknoir\n|\n|upkeep\n|inactive|Time left: 300 sec this turn | 300 sec total | 5 sec grace\n|\n|t:|1783536253\n|switch|p2a: Dodrio|Dodrio, L85, M|95/241\n|turn|19\n|inactive|Time left: 300 sec this turn | 300 sec total\n|\n|t:|1783536254\n|move|p2a: Dodrio|Quick Attack|p1a: Maushold\n|-damage|p1a: Maushold|0 fnt\n|faint|p1a: Maushold\n|\n|upkeep\n|\n|t:|1783536255\n|switch|p1a: Granbull|Granbull, L88, M|29/100\n|-ability|p1a: Granbull|Intimidate|boost\n|-unboost|p2a: Dodrio|atk|1\n|turn|20\n|inactive|Time left: 300 sec this turn | 300 sec total\n|\n|t:|1783536256\n|-terastallize|p2a: Dodrio|Ground\n|move|p2a: Dodrio|Quick Attack|p1a: Granbull\n|-damage|p1a: Granbull|13/100\n|move|p1a: Granbull|Thunder Wave|p2a: Dodrio\n|-immune|p2a: Dodrio\n|\n|-heal|p1a: Granbull|19/100|[from] item: Leftovers\n|upkeep\n|turn|21\n|inactive|Time left: 300 sec this turn | 300 sec total\n|\n|t:|1783536256\n|move|p2a: Dodrio|Quick Attack|p1a: Granbull\n|-damage|p1a: Granbull|3/100\n|move|p1a: Granbull|Roar|p2a: Dodrio\n|drag|p2a: Shiftry|Shiftry, L89, M|305/305\n|\n|-heal|p1a: Granbull|9/100|[from] item: Leftovers\n|upkeep\n|turn|22\n|inactive|Time left: 300 sec this turn | 300 sec total\n|\n|t:|1783536257\n|move|p2a: Shiftry|Knock Off|p1a: Granbull\n|-resisted|p1a: Granbull\n|-damage|p1a: Granbull|0 fnt\n|-enditem|p1a: Granbull|Leftovers|[from] move: Knock Off|[of] p2a: Shiftry\n|faint|p1a: Granbull\n|-damage|p2a: Shiftry|275/305|[from] item: Life Orb\n|\n|win|p0y2551ebb", "uploadtime": 1783536257, "views": 0, "rating": 0, "private": 0, "password": null, "_winner": "p0y2551ebb", "_our_name": "p0y2551ebb"}