{"id": "battle-gen9randombattle-2839", "formatid": "gen9randombattle", "format": "[Gen 9] Random Battle", "players": ["p0x2839c7bd", "p0y28396ff0"], "log": "|init|battle\n|title|p0x2839c7bd vs. p0y28396ff0\n|j|\u2606p0x2839c7bd\n|j|\u2606p0y28396ff0\n|t:|1783571733\n|gametype|singles\n|player|p1|p0x2839c7bd|170|\n|player|p2|p0y28396ff0|1|\n|gen|9\n|tier|[Gen 9] Random Battle\n|rule|Species Clause: Limit one of each Pok\u00e9mon\n|rule|HP Percentage Mod: HP is shown in percentages\n|rule|Sleep Clause Mod: Limit one foe put to sleep\n|rule|Illusion Level Mod: Illusion disguises the Pok\u00e9mon's true level\n|\n|t:|1783571733\n|teamsize|p1|6\n|teamsize|p2|6\n|start\n|switch|p1a: Dipplin|Dipplin, L88, M|284/284\n|switch|p2a: Golem|Golem, L87, M|100/100\n|turn|1\n|inactive|Battle timer is ON: inactive players will automatically lose when time's up. (requested by p0x2839c7bd)\n|inactive|p0y28396ff0 also wants the timer to be on.\n|\n|t:|1783571735\n|move|p2a: Golem|Stealth Rock|p1a: Dipplin\n|-sidestart|p1: p0x2839c7bd|move: Stealth Rock\n|move|p1a: Dipplin|Dragon Pulse|p2a: Golem\n|-damage|p2a: Golem|59/100\n|\n|upkeep\n|turn|2\n|inactive|Time left: 300 sec this turn | 300 sec total\n|\n|t:|1783571736\n|switch|p2a: Regice|Regice, L88|100/100\n|move|p1a: Dipplin|Dragon Pulse|p2a: Regice\n|-crit|p2a: Regice\n|-damage|p2a: Regice|77/100\n|\n|upkeep\n|turn|3\n|inactive|Time left: 300 sec this turn | 300 sec total\n|\n|t:|1783571737\n|switch|p1a: Vaporeon|Vaporeon, L86, M|364/364\n|-damage|p1a: Vaporeon|319/364|[from] Stealth Rock\n|move|p2a: Regice|Ice Beam|p1a: Vaporeon\n|-resisted|p1a: Vaporeon\n|-damage|p1a: Vaporeon|266/364\n|\n|-heal|p1a: Vaporeon|288/364|[from] item: Leftovers\n|upkeep\n|turn|4\n|inactive|Time left: 300 sec this turn | 300 sec total\n|\n|t:|1783571738\n|move|p1a: Vaporeon|Scald|p2a: Regice\n|-damage|p2a: Regice|59/100\n|move|p2a: Regice|Ice Beam|p1a: Vaporeon\n|-resisted|p1a: Vaporeon\n|-damage|p1a: Vaporeon|237/364\n|\n|-heal|p1a: Vaporeon|259/364|[from] item: Leftovers\n|upkeep\n|turn|5\n|inactive|Time left: 300 sec this turn | 300 sec total\n|\n|t:|1783571739\n|move|p1a: Vaporeon|Scald|p2a: Regice\n|-damage|p2a: Regice|43/100\n|move|p2a: Regice|Thunderbolt|p1a: Vaporeon\n|-supereffective|p1a: Vaporeon\n|-damage|p1a: Vaporeon|115/364\n|\n|-heal|p1a: Vaporeon|137/364|[from] item: Leftovers\n|upkeep\n|turn|6\n|inactive|Time left: 300 sec this turn | 300 sec total\n|\n|t:|1783571740\n|move|p1a: Vaporeon|Protect|p1a: Vaporeon\n|-singleturn|p1a: Vaporeon|Protect\n|move|p2a: Regice|Thunderbolt|p1a: Vaporeon\n|-activate|p1a: Vaporeon|move: Protect\n|\n|-heal|p1a: Vaporeon|159/364|[from] item: Leftovers\n|upkeep\n|turn|7\n|inactive|Time left: 300 sec this turn | 300 sec total\n|\n|t:|1783571741\n|move|p1a: Vaporeon|Scald|p2a: Regice\n|-damage|p2a: Regice|26/100\n|-status|p2a: Regice|brn\n|move|p2a: Regice|Thunderbolt|p1a: Vaporeon\n|-supereffective|p1a: Vaporeon\n|-damage|p1a: Vaporeon|21/364\n|\n|-heal|p1a: Vaporeon|43/364|[from] item: Leftovers\n|-damage|p2a: Regice|20/100 brn|[from] brn\n|upkeep\n|turn|8\n|inactive|Time left: 300 sec this turn | 300 sec total\n|\n|t:|1783571742\n|move|p1a: Vaporeon|Scald|p2a: Regice\n|-damage|p2a: Regice|4/100 brn\n|move|p2a: Regice|Thunderbolt|p1a: Vaporeon\n|-supereffective|p1a: Vaporeon\n|-damage|p1a: Vaporeon|0 fnt\n|faint|p1a: Vaporeon\n|\n|-damage|p2a: Regice|0 fnt|[from] brn\n|faint|p2a: Regice\n|upkeep\n|inactive|Time left: 300 sec this turn | 300 sec total | 5 sec grace\n|\n|t:|1783571742\n|switch|p1a: Medicham|Medicham, L86, M|243/243\n|switch|p2a: Houndoom|Houndoom, L87, M|100/100\n|-damage|p1a: Medicham|228/243|[from] Stealth Rock\n|turn|9\n|inactive|Time left: 300 sec this turn | 300 sec total\n|\n|t:|1783571744\n|switch|p2a: Vespiquen|Vespiquen, L99, F|100/100\n|-ability|p2a: Vespiquen|Pressure\n|move|p1a: Medicham|Close Combat|p2a: Vespiquen\n|-resisted|p2a: Vespiquen\n|-damage|p2a: Vespiquen|83/100\n|-unboost|p1a: Medicham|def|1\n|-unboost|p1a: Medicham|spd|1\n|\n|upkeep\n|turn|10\n|inactive|Time left: 300 sec this turn | 300 sec total\n|\n|t:|1783571744\n|switch|p1a: Pelipper|Pelipper, L86, M|243/243\n|-damage|p1a: Pelipper|183/243|[from] Stealth Rock\n|-weather|RainDance|[from] ability: Drizzle|[of] p1a: Pelipper\n|move|p2a: Vespiquen|Hurricane|p1a: Pelipper\n|-damage|p1a: Pelipper|24/243\n|-start|p1a: Pelipper|confusion\n|\n|-weather|RainDance|[upkeep]\n|upkeep\n|turn|11\n|inactive|Time left: 300 sec this turn | 300 sec total\n|\n|t:|1783571745\n|-activate|p1a: Pelipper|confusion\n|-damage|p1a: Pelipper|7/243|[from] confusion\n|move|p2a: Vespiquen|Hurricane|p1a: Pelipper\n|-damage|p1a: Pelipper|0 fnt\n|faint|p1a: Pelipper\n|\n|-weather|RainDance|[upkeep]\n|upkeep\n|inactive|Time left: 300 sec this turn | 300 sec total | 5 sec grace\n|\n|t:|1783571746\n|switch|p1a: Dipplin|Dipplin, L88, M|284/284\n|-damage|p1a: Dipplin|249/284|[from] Stealth Rock\n|turn|12\n|inactive|Time left: 300 sec this turn | 300 sec total\n|\n|t:|1783571747\n|move|p2a: Vespiquen|Hurricane|p1a: Dipplin\n|-supereffective|p1a: Dipplin\n|-damage|p1a: Dipplin|69/284\n|move|p1a: Dipplin|Dragon Tail|p2a: Vespiquen\n|-damage|p2a: Vespiquen|67/100\n|drag|p2a: Corviknight|Corviknight, L80, F|100/100\n|-ability|p2a: Corviknight|Pressure\n|\n|-weather|RainDance|[upkeep]\n|upkeep\n|turn|13\n|inactive|Time left: 300 sec this turn | 300 sec total\n|\n|t:|1783571748\n|-terastallize|p1a: Dipplin|Steel\n|move|p2a: Corviknight|Brave Bird|p1a: Dipplin\n|-resisted|p1a: Dipplin\n|-damage|p1a: Dipplin|42/284\n|-damage|p2a: Corviknight|97/100|[from] Recoil\n|move|p1a: Dipplin|Recover|p1a: Dipplin\n|-heal|p1a: Dipplin|184/284\n|\n|-weather|RainDance|[upkeep]\n|upkeep\n|turn|14\n|inactive|Time left: 300 sec this turn | 300 sec total\n|\n|t:|1783571749\n|switch|p2a: Vespiquen|Vespiquen, L99, F|67/100\n|-ability|p2a: Vespiquen|Pressure\n|move|p1a: Dipplin|Recover|p1a: Dipplin\n|-heal|p1a: Dipplin|284/284\n|\n|-weather|none\n|upkeep\n|turn|15\n|inactive|Time left: 300 sec this turn | 300 sec total\n|\n|t:|1783571750\n|move|p2a: Vespiquen|Roost|p2a: Vespiquen\n|-heal|p2a: Vespiquen|100/100\n|-singleturn|p2a: Vespiquen|move: Roost\n|move|p1a: Dipplin|Dragon Tail|p2a: Vespiquen\n|-damage|p2a: Vespiquen|85/100\n|drag|p2a: Mismagius|Mismagius, L86, F|100/100\n|\n|upkeep\n|turn|16\n|inactive|Time left: 300 sec this turn | 300 sec total\n|\n|t:|1783571751\n|move|p2a: Mismagius|Nasty Plot|p2a: Mismagius\n|-boost|p2a: Mismagius|spa|2\n|move|p1a: Dipplin|Dragon Pulse|p2a: Mismagius\n|-crit|p2a: Mismagius\n|-damage|p2a: Mismagius|49/100\n|\n|-heal|p2a: Mismagius|56/100|[from] item: Leftovers\n|upkeep\n|turn|17\n|inactive|Time left: 300 sec this turn | 300 sec total\n|\n|t:|1783571752\n|-terastallize|p2a: Mismagius|Fighting\n|move|p2a: Mismagius|Tera Blast|p1a: Dipplin|[anim] Tera Blast Fighting\n|-supereffective|p1a: Dipplin\n|-damage|p1a: Dipplin|36/284\n|move|p1a: Dipplin|Dragon Tail|p2a: Mismagius\n|-damage|p2a: Mismagius|24/100\n|drag|p2a: Corviknight|Corviknight, L80, F|97/100\n|-ability|p2a: Corviknight|Pressure\n|\n|upkeep\n|turn|18\n|inactive|Time left: 300 sec this turn | 300 sec total\n|\n|t:|1783571753\n|move|p2a: Corviknight|Body Press|p1a: Dipplin\n|-supereffective|p1a: Dipplin\n|-damage|p1a: Dipplin|0 fnt\n|faint|p1a: Dipplin\n|\n|upkeep\n|inactive|Time left: 300 sec this turn | 300 sec total | 5 sec grace\n|\n|t:|1783571754\n|switch|p1a: Medicham|Medicham, L86, M|228/243\n|-damage|p1a: Medicham|213/243|[from] Stealth Rock\n|turn|19\n|inactive|Time left: 300 sec this turn | 300 sec total\n|\n|t:|1783571755\n|move|p1a: Medicham|Close Combat|p2a: Corviknight\n|-damage|p2a: Corviknight|10/100\n|-unboost|p1a: Medicham|def|1\n|-unboost|p1a: Medicham|spd|1\n|-damage|p1a: Medicham|173/243|[from] item: Rocky Helmet|[of] p2a: Corviknight\n|move|p2a: Corviknight|Brave Bird|p1a: Medicham\n|-supereffective|p1a: Medicham\n|-damage|p1a: Medicham|0 fnt\n|faint|p1a: Medicham\n|-damage|p2a: Corviknight|0 fnt|[from] Recoil\n|faint|p2a: Corviknight\n|\n|upkeep\n|inactive|Time left: 300 sec this turn | 300 sec total | 5 sec grace\n|\n|t:|1783571756\n|switch|p1a: Lilligant|Lilligant-Hisui, L79, F|240/240\n|switch|p2a: Houndoom|Houndoom, L87, M|100/100\n|-damage|p1a: Lilligant|225/240|[from] Stealth Rock\n|turn|20\n|inactive|Time left: 300 sec this turn | 300 sec total\n|\n|t:|1783571757\n|switch|p1a: Incineroar|Incineroar, L82, F|290/290\n|-damage|p1a: Incineroar|218/290|[from] Stealth Rock\n|-ability|p1a: Incineroar|Intimidate|boost\n|-unboost|p2a: Houndoom|atk|1\n|move|p2a: Houndoom|Fire Blast|p1a: Incineroar\n|-resisted|p1a: Incineroar\n|-damage|p1a: Incineroar|172/290\n|\n|upkeep\n|turn|21\n|inactive|Time left: 300 sec this turn | 300 sec total\n|\n|t:|1783571758\n|switch|p2a: Vespiquen|Vespiquen, L99, F|85/100\n|-ability|p2a: Vespiquen|Pressure\n|move|p1a: Incineroar|Knock Off|p2a: Vespiquen\n|-damage|p2a: Vespiquen|58/100\n|-enditem|p2a: Vespiquen|Heavy-Duty Boots|[from] move: Knock Off|[of] p1a: Incineroar\n|\n|upkeep\n|turn|22\n|inactive|Time left: 300 sec this turn | 300 sec total\n|\n|t:|1783571759\n|move|p1a: Incineroar|Overheat|p2a: Vespiquen\n|-supereffective|p2a: Vespiquen\n|-damage|p2a: Vespiquen|2/100\n|-unboost|p1a: Incineroar|spa|2\n|move|p2a: Vespiquen|Roost|p2a: Vespiquen\n|-heal|p2a: Vespiquen|52/100\n|-singleturn|p2a: Vespiquen|move: Roost\n|\n|upkeep\n|turn|23\n|inactive|Time left: 300 sec this turn | 300 sec total\n|\n|t:|1783571760\n|move|p1a: Incineroar|Overheat|p2a: Vespiquen\n|-supereffective|p2a: Vespiquen\n|-damage|p2a: Vespiquen|25/100\n|-unboost|p1a: Incineroar|spa|2\n|move|p2a: Vespiquen|Roost|p2a: Vespiquen\n|-heal|p2a: Vespiquen|75/100\n|-singleturn|p2a: Vespiquen|move: Roost\n|\n|upkeep\n|turn|24\n|inactive|Time left: 300 sec this turn | 300 sec total\n|\n|t:|1783571761\n|move|p1a: Incineroar|Overheat|p2a: Vespiquen\n|-supereffective|p2a: Vespiquen\n|-damage|p2a: Vespiquen|57/100\n|-unboost|p1a: Incineroar|spa|2\n|move|p2a: Vespiquen|Hurricane|p1a: Incineroar\n|-damage|p1a: Incineroar|73/290\n|\n|upkeep\n|turn|25\n|inactive|Time left: 300 sec this turn | 300 sec total\n|\n|t:|1783571762\n|move|p1a: Incineroar|Knock Off|p2a: Vespiquen\n|-damage|p2a: Vespiquen|38/100\n|move|p2a: Vespiquen|Hurricane|p1a: Incineroar\n|-damage|p1a: Incineroar|0 fnt\n|faint|p1a: Incineroar\n|\n|upkeep\n|inactive|Time left: 300 sec this turn | 300 sec total | 5 sec grace\n|\n|t:|1783571763\n|switch|p1a: Lilligant|Lilligant-Hisui, L79, F|225/240\n|-damage|p1a: Lilligant|210/240|[from] Stealth Rock\n|turn|26\n|inactive|Time left: 300 sec this turn | 300 sec total\n|\n|t:|1783571764\n|move|p1a: Lilligant|Victory Dance|p1a: Lilligant\n|-boost|p1a: Lilligant|atk|1\n|-boost|p1a: Lilligant|def|1\n|-boost|p1a: Lilligant|spe|1\n|move|p2a: Vespiquen|Hurricane|p1a: Lilligant\n|-supereffective|p1a: Lilligant\n|-damage|p1a: Lilligant|0 fnt\n|faint|p1a: Lilligant\n|\n|win|p0y28396ff0", "uploadtime": 1783571764, "views": 0, "rating": 0, "private": 0, "password": null, "_winner": "p0y28396ff0", "_our_name": "p0x2839c7bd"}