{"id": "battle-gen9randombattle-2791", "formatid": "gen9randombattle", "format": "[Gen 9] Random Battle", "players": ["p0x27914991", "p0y2791abf4"], "log": "|init|battle\n|title|p0x27914991 vs. p0y2791abf4\n|j|\u2606p0x27914991\n|j|\u2606p0y2791abf4\n|t:|1783572161\n|gametype|singles\n|player|p1|p0x27914991|1|\n|player|p2|p0y2791abf4|1|\n|gen|9\n|tier|[Gen 9] Random Battle\n|rule|Species Clause: Limit one of each Pok\u00e9mon\n|rule|HP Percentage Mod: HP is shown in percentages\n|rule|Sleep Clause Mod: Limit one foe put to sleep\n|rule|Illusion Level Mod: Illusion disguises the Pok\u00e9mon's true level\n|\n|t:|1783572161\n|teamsize|p1|6\n|teamsize|p2|6\n|start\n|switch|p1a: Yanmega|Yanmega, L82, M|275/275\n|switch|p2a: Tyranitar|Tyranitar, L78, M|100/100\n|-weather|Sandstorm|[from] ability: Sand Stream|[of] p2a: Tyranitar\n|turn|1\n|inactive|Battle timer is ON: inactive players will automatically lose when time's up. (requested by p0x27914991)\n|inactive|p0y2791abf4 also wants the timer to be on.\n|\n|t:|1783572162\n|move|p1a: Yanmega|Air Slash|p2a: Tyranitar\n|-resisted|p2a: Tyranitar\n|-damage|p2a: Tyranitar|90/100\n|move|p2a: Tyranitar|Stone Edge|p1a: Yanmega\n|-supereffective|p1a: Yanmega\n|-damage|p1a: Yanmega|0 fnt\n|faint|p1a: Yanmega\n|\n|-weather|Sandstorm|[upkeep]\n|-heal|p2a: Tyranitar|96/100|[from] item: Leftovers\n|upkeep\n|inactive|Time left: 300 sec this turn | 300 sec total | 65 sec grace\n|\n|t:|1783572163\n|switch|p1a: Mabosstiff|Mabosstiff, L86, M|278/278\n|turn|2\n|inactive|Time left: 300 sec this turn | 300 sec total\n|\n|t:|1783572164\n|move|p1a: Mabosstiff|Play Rough|p2a: Tyranitar\n|-supereffective|p2a: Tyranitar\n|-damage|p2a: Tyranitar|16/100\n|move|p2a: Tyranitar|Stealth Rock|p1a: Mabosstiff\n|-sidestart|p1: p0x27914991|move: Stealth Rock\n|\n|-weather|Sandstorm|[upkeep]\n|-damage|p1a: Mabosstiff|261/278|[from] Sandstorm\n|-heal|p2a: Tyranitar|22/100|[from] item: Leftovers\n|upkeep\n|turn|3\n|inactive|Time left: 300 sec this turn | 300 sec total\n|\n|t:|1783572165\n|switch|p2a: Perrserker|Perrserker, L89, M|100/100\n|move|p1a: Mabosstiff|Play Rough|p2a: Perrserker\n|-resisted|p2a: Perrserker\n|-damage|p2a: Perrserker|63/100\n|\n|-weather|Sandstorm|[upkeep]\n|-damage|p1a: Mabosstiff|244/278|[from] Sandstorm\n|upkeep\n|turn|4\n|inactive|Time left: 300 sec this turn | 300 sec total\n|\n|t:|1783572166\n|switch|p1a: Corviknight|Corviknight, L80, F|288/288\n|-damage|p1a: Corviknight|252/288|[from] Stealth Rock\n|move|p2a: Perrserker|Close Combat|p1a: Corviknight\n|-damage|p1a: Corviknight|80/288\n|-unboost|p2a: Perrserker|def|1\n|-unboost|p2a: Perrserker|spd|1\n|-damage|p2a: Perrserker|47/100|[from] item: Rocky Helmet|[of] p1a: Corviknight\n|\n|-weather|Sandstorm|[upkeep]\n|upkeep\n|turn|5\n|inactive|Time left: 300 sec this turn | 300 sec total\n|\n|t:|1783572168\n|move|p1a: Corviknight|Body Press|p2a: Perrserker\n|-supereffective|p2a: Perrserker\n|-damage|p2a: Perrserker|0 fnt\n|faint|p2a: Perrserker\n|\n|-weather|none\n|upkeep\n|\n|t:|1783572168\n|switch|p2a: Masquerain|Masquerain, L87, M|100/100\n|-ability|p2a: Masquerain|Intimidate|boost\n|-ability|p1a: Corviknight|Mirror Armor\n|-unboost|p2a: Masquerain|atk|1\n|turn|6\n|inactive|Time left: 300 sec this turn | 300 sec total\n|\n|t:|1783572170\n|move|p2a: Masquerain|Sticky Web|p1a: Corviknight\n|-sidestart|p1: p0x27914991|move: Sticky Web\n|move|p1a: Corviknight|Roost|p1a: Corviknight\n|-heal|p1a: Corviknight|224/288\n|-singleturn|p1a: Corviknight|move: Roost\n|\n|upkeep\n|turn|7\n|inactive|Time left: 300 sec this turn | 300 sec total\n|\n|t:|1783572171\n|move|p2a: Masquerain|Hurricane|p1a: Corviknight\n|-resisted|p1a: Corviknight\n|-damage|p1a: Corviknight|155/288\n|-start|p1a: Corviknight|confusion\n|-activate|p1a: Corviknight|confusion\n|move|p1a: Corviknight|Defog|p2a: Masquerain\n|-unboost|p2a: Masquerain|evasion|1\n|-sideend|p1: p0x27914991|Stealth Rock|[from] move: Defog|[of] p1a: Corviknight\n|-sideend|p1: p0x27914991|Sticky Web|[from] move: Defog|[of] p1a: Corviknight\n|\n|upkeep\n|turn|8\n|inactive|Time left: 300 sec this turn | 300 sec total\n|\n|t:|1783572172\n|switch|p1a: Mabosstiff|Mabosstiff, L86, M|244/278\n|move|p2a: Masquerain|Sticky Web|p1a: Mabosstiff\n|-sidestart|p1: p0x27914991|move: Sticky Web\n|\n|upkeep\n|turn|9\n|inactive|Time left: 300 sec this turn | 300 sec total\n|\n|t:|1783572173\n|move|p1a: Mabosstiff|Wild Charge|p2a: Masquerain\n|-supereffective|p2a: Masquerain\n|-damage|p2a: Masquerain|0 fnt\n|faint|p2a: Masquerain\n|-damage|p1a: Mabosstiff|178/278|[from] Recoil\n|\n|upkeep\n|\n|t:|1783572174\n|switch|p2a: Electivire|Electivire, L84, M|100/100\n|turn|10\n|inactive|Time left: 300 sec this turn | 300 sec total\n|\n|t:|1783572174\n|switch|p1a: Corviknight|Corviknight, L80, F|155/288\n|move|p2a: Electivire|Supercell Slam|p1a: Corviknight\n|-supereffective|p1a: Corviknight\n|-damage|p1a: Corviknight|0 fnt\n|-damage|p2a: Electivire|84/100|[from] item: Rocky Helmet|[of] p1a: Corviknight\n|faint|p1a: Corviknight\n|-damage|p2a: Electivire|74/100|[from] item: Life Orb\n|\n|upkeep\n|inactive|Time left: 300 sec this turn | 300 sec total | 5 sec grace\n|\n|t:|1783572175\n|switch|p1a: Mabosstiff|Mabosstiff, L86, M|178/278\n|-activate|p1a: Mabosstiff|move: Sticky Web\n|-unboost|p1a: Mabosstiff|spe|1\n|turn|11\n|inactive|Time left: 300 sec this turn | 300 sec total\n|\n|t:|1783572176\n|move|p2a: Electivire|Bulk Up|p2a: Electivire\n|-boost|p2a: Electivire|atk|1\n|-boost|p2a: Electivire|def|1\n|move|p1a: Mabosstiff|Crunch|p2a: Electivire\n|-damage|p2a: Electivire|29/100\n|\n|upkeep\n|turn|12\n|inactive|Time left: 300 sec this turn | 300 sec total\n|\n|t:|1783572177\n|move|p2a: Electivire|Supercell Slam|p1a: Mabosstiff\n|-damage|p1a: Mabosstiff|0 fnt\n|faint|p1a: Mabosstiff\n|-damage|p2a: Electivire|20/100|[from] item: Life Orb\n|\n|upkeep\n|inactive|Time left: 300 sec this turn | 300 sec total | 5 sec grace\n|\n|t:|1783572178\n|switch|p1a: Glalie|Glalie, L96, M|309/309\n|turn|13\n|inactive|Time left: 300 sec this turn | 300 sec total\n|\n|t:|1783572179\n|move|p2a: Electivire|Supercell Slam|p1a: Glalie\n|-damage|p1a: Glalie|62/309\n|-damage|p2a: Electivire|10/100|[from] item: Life Orb\n|move|p1a: Glalie|Freeze-Dry|p2a: Electivire\n|-damage|p2a: Electivire|0 fnt\n|faint|p2a: Electivire\n|\n|upkeep\n|\n|t:|1783572180\n|switch|p2a: Azelf|Azelf, L82|100/100\n|turn|14\n|inactive|Time left: 300 sec this turn | 300 sec total\n|\n|t:|1783572181\n|switch|p1a: Scream Tail|Scream Tail, L84|330/330\n|-activate|p1a: Scream Tail|move: Sticky Web\n|-unboost|p1a: Scream Tail|spe|1\n|move|p2a: Azelf|Psyshock|p1a: Scream Tail\n|-resisted|p1a: Scream Tail\n|-damage|p1a: Scream Tail|263/330\n|\n|-heal|p1a: Scream Tail|283/330|[from] item: Leftovers\n|upkeep\n|turn|15\n|inactive|Time left: 300 sec this turn | 300 sec total\n|\n|t:|1783572182\n|move|p2a: Azelf|Psyshock|p1a: Scream Tail\n|-resisted|p1a: Scream Tail\n|-damage|p1a: Scream Tail|217/330\n|move|p1a: Scream Tail|Dazzling Gleam|p2a: Azelf\n|-damage|p2a: Azelf|69/100\n|\n|-heal|p1a: Scream Tail|237/330|[from] item: Leftovers\n|upkeep\n|turn|16\n|inactive|Time left: 300 sec this turn | 300 sec total\n|\n|t:|1783572183\n|move|p2a: Azelf|Psyshock|p1a: Scream Tail\n|-resisted|p1a: Scream Tail\n|-damage|p1a: Scream Tail|168/330\n|move|p1a: Scream Tail|Dazzling Gleam|p2a: Azelf\n|-damage|p2a: Azelf|38/100\n|\n|-heal|p1a: Scream Tail|188/330|[from] item: Leftovers\n|upkeep\n|turn|17\n|inactive|Time left: 300 sec this turn | 300 sec total\n|\n|t:|1783572184\n|move|p2a: Azelf|Psyshock|p1a: Scream Tail\n|-resisted|p1a: Scream Tail\n|-damage|p1a: Scream Tail|124/330\n|move|p1a: Scream Tail|Wish|p1a: Scream Tail\n|\n|-heal|p1a: Scream Tail|144/330|[from] item: Leftovers\n|upkeep\n|turn|18\n|inactive|Time left: 300 sec this turn | 300 sec total\n|\n|t:|1783572185\n|move|p2a: Azelf|Psyshock|p1a: Scream Tail\n|-resisted|p1a: Scream Tail\n|-damage|p1a: Scream Tail|82/330\n|move|p1a: Scream Tail|Dazzling Gleam|p2a: Azelf\n|-damage|p2a: Azelf|8/100\n|\n|-heal|p1a: Scream Tail|247/330|[from] move: Wish|[wisher] Scream Tail\n|-heal|p1a: Scream Tail|267/330|[from] item: Leftovers\n|upkeep\n|turn|19\n|inactive|Time left: 300 sec this turn | 300 sec total\n|\n|t:|1783572186\n|switch|p2a: Exeggutor|Exeggutor, L89, M|100/100\n|move|p1a: Scream Tail|Dazzling Gleam|p2a: Exeggutor\n|-damage|p2a: Exeggutor|78/100\n|\n|-heal|p1a: Scream Tail|287/330|[from] item: Leftovers\n|upkeep\n|turn|20\n|inactive|Time left: 300 sec this turn | 300 sec total\n|\n|t:|1783572187\n|move|p1a: Scream Tail|Protect|p1a: Scream Tail\n|-singleturn|p1a: Scream Tail|Protect\n|move|p2a: Exeggutor|Leech Seed|p1a: Scream Tail\n|-activate|p1a: Scream Tail|move: Protect\n|\n|-heal|p1a: Scream Tail|307/330|[from] item: Leftovers\n|upkeep\n|turn|21\n|inactive|Time left: 300 sec this turn | 300 sec total\n|\n|t:|1783572188\n|move|p1a: Scream Tail|Wish|p1a: Scream Tail\n|move|p2a: Exeggutor|Leech Seed|p1a: Scream Tail\n|-start|p1a: Scream Tail|move: Leech Seed\n|\n|-heal|p1a: Scream Tail|327/330|[from] item: Leftovers\n|-damage|p1a: Scream Tail|286/330|[from] Leech Seed|[of] p2a: Exeggutor\n|-heal|p2a: Exeggutor|92/100|[silent]\n|upkeep\n|turn|22\n|inactive|Time left: 300 sec this turn | 300 sec total\n|\n|t:|1783572189\n|-end|p1a: Scream Tail|Protosynthesis|[silent]\n|switch|p1a: Minun|Minun, L95, F|268/268\n|-activate|p1a: Minun|move: Sticky Web\n|-unboost|p1a: Minun|spe|1\n|move|p2a: Exeggutor|Sludge Bomb|p1a: Minun\n|-damage|p1a: Minun|182/268\n|-status|p1a: Minun|psn\n|\n|-heal|p1a: Minun|268/268 psn|[from] move: Wish|[wisher] Scream Tail\n|-damage|p1a: Minun|235/268 psn|[from] psn\n|upkeep\n|turn|23\n|inactive|Time left: 300 sec this turn | 300 sec total\n|\n|t:|1783572190\n|move|p1a: Minun|Nasty Plot|p1a: Minun\n|-boost|p1a: Minun|spa|2\n|move|p2a: Exeggutor|Sludge Bomb|p1a: Minun\n|-damage|p1a: Minun|162/268 psn\n|\n|-damage|p1a: Minun|129/268 psn|[from] psn\n|upkeep\n|turn|24\n|inactive|Time left: 300 sec this turn | 300 sec total\n|\n|t:|1783572191\n|move|p1a: Minun|Thunderbolt|p2a: Exeggutor\n|-resisted|p2a: Exeggutor\n|-crit|p2a: Exeggutor\n|-damage|p2a: Exeggutor|23/100\n|-enditem|p2a: Exeggutor|Sitrus Berry|[eat]\n|-heal|p2a: Exeggutor|48/100|[from] item: Sitrus Berry\n|-damage|p1a: Minun|103/268 psn|[from] item: Life Orb\n|move|p2a: Exeggutor|Psychic|p1a: Minun\n|-damage|p1a: Minun|0 fnt\n|faint|p1a: Minun\n|\n|-item|p2a: Exeggutor|Sitrus Berry|[from] ability: Harvest\n|upkeep\n|-enditem|p2a: Exeggutor|Sitrus Berry|[eat]\n|-heal|p2a: Exeggutor|73/100|[from] item: Sitrus Berry\n|inactive|Time left: 300 sec this turn | 300 sec total | 5 sec grace\n|\n|t:|1783572192\n|switch|p1a: Glalie|Glalie, L96, M|62/309\n|turn|25\n|inactive|Time left: 300 sec this turn | 300 sec total\n|\n|t:|1783572193\n|move|p1a: Glalie|Freeze-Dry|p2a: Exeggutor\n|-supereffective|p2a: Exeggutor\n|-damage|p2a: Exeggutor|13/100\n|move|p2a: Exeggutor|Sludge Bomb|p1a: Glalie\n|-damage|p1a: Glalie|0 fnt\n|faint|p1a: Glalie\n|\n|-item|p2a: Exeggutor|Sitrus Berry|[from] ability: Harvest\n|upkeep\n|-enditem|p2a: Exeggutor|Sitrus Berry|[eat]\n|-heal|p2a: Exeggutor|38/100|[from] item: Sitrus Berry\n|inactive|Time left: 300 sec this turn | 300 sec total | 5 sec grace\n|\n|t:|1783572194\n|switch|p1a: Scream Tail|Scream Tail, L84|286/330\n|-activate|p1a: Scream Tail|move: Sticky Web\n|-unboost|p1a: Scream Tail|spe|1\n|turn|26\n|inactive|Time left: 300 sec this turn | 300 sec total\n|\n|t:|1783572195\n|move|p1a: Scream Tail|Protect|p1a: Scream Tail\n|-singleturn|p1a: Scream Tail|Protect\n|move|p2a: Exeggutor|Leech Seed|p1a: Scream Tail\n|-activate|p1a: Scream Tail|move: Protect\n|\n|-heal|p1a: Scream Tail|306/330|[from] item: Leftovers\n|-item|p2a: Exeggutor|Sitrus Berry|[from] ability: Harvest\n|upkeep\n|-enditem|p2a: Exeggutor|Sitrus Berry|[eat]\n|-heal|p2a: Exeggutor|63/100|[from] item: Sitrus Berry\n|turn|27\n|inactive|Time left: 300 sec this turn | 300 sec total\n|\n|t:|1783572196\n|move|p1a: Scream Tail|Dazzling Gleam|p2a: Exeggutor\n|-damage|p2a: Exeggutor|41/100\n|move|p2a: Exeggutor|Leech Seed|p1a: Scream Tail\n|-start|p1a: Scream Tail|move: Leech Seed\n|\n|-heal|p1a: Scream Tail|326/330|[from] item: Leftovers\n|-damage|p1a: Scream Tail|285/330|[from] Leech Seed|[of] p2a: Exeggutor\n|-heal|p2a: Exeggutor|54/100|[silent]\n|-item|p2a: Exeggutor|Sitrus Berry|[from] ability: Harvest\n|upkeep\n|turn|28\n|inactive|Time left: 300 sec this turn | 300 sec total\n|\n|t:|1783572197\n|move|p1a: Scream Tail|Encore|p2a: Exeggutor\n|-start|p2a: Exeggutor|Encore\n|move|p2a: Exeggutor|Leech Seed||[still]\n|-fail|p2a: Exeggutor\n|\n|-heal|p1a: Scream Tail|305/330|[from] item: Leftovers\n|-damage|p1a: Scream Tail|264/330|[from] Leech Seed|[of] p2a: Exeggutor\n|-heal|p2a: Exeggutor|67/100|[silent]\n|upkeep\n|turn|29\n|inactive|Time left: 300 sec this turn | 300 sec total\n|\n|t:|1783572198\n|switch|p2a: Tyranitar|Tyranitar, L78, M|22/100\n|-weather|Sandstorm|[from] ability: Sand Stream|[of] p2a: Tyranitar\n|move|p1a: Scream Tail|Dazzling Gleam|p2a: Tyranitar\n|-supereffective|p2a: Tyranitar\n|-damage|p2a: Tyranitar|0 fnt\n|faint|p2a: Tyranitar\n|\n|-weather|Sandstorm|[upkeep]\n|-damage|p1a: Scream Tail|244/330|[from] Sandstorm\n|-heal|p1a: Scream Tail|264/330|[from] item: Leftovers\n|upkeep\n|\n|t:|1783572199\n|switch|p2a: Exeggutor|Exeggutor, L89, M|67/100\n|turn|30\n|inactive|Time left: 300 sec this turn | 300 sec total\n|\n|t:|1783572200\n|-terastallize|p1a: Scream Tail|Steel\n|move|p1a: Scream Tail|Dazzling Gleam|p2a: Exeggutor\n|-damage|p2a: Exeggutor|48/100\n|-enditem|p2a: Exeggutor|Sitrus Berry|[eat]\n|-heal|p2a: Exeggutor|73/100|[from] item: Sitrus Berry\n|move|p2a: Exeggutor|Sludge Bomb|p1a: Scream Tail\n|-immune|p1a: Scream Tail\n|\n|-weather|Sandstorm|[upkeep]\n|-damage|p2a: Exeggutor|67/100|[from] Sandstorm\n|-heal|p1a: Scream Tail|284/330|[from] item: Leftovers\n|-damage|p1a: Scream Tail|243/330|[from] Leech Seed|[of] p2a: Exeggutor\n|-heal|p2a: Exeggutor|80/100|[silent]\n|upkeep\n|turn|31\n|inactive|Time left: 300 sec this turn | 300 sec total\n|\n|t:|1783572201\n|move|p1a: Scream Tail|Wish|p1a: Scream Tail\n|move|p2a: Exeggutor|Substitute|p2a: Exeggutor\n|-start|p2a: Exeggutor|Substitute\n|-damage|p2a: Exeggutor|55/100\n|\n|-weather|Sandstorm|[upkeep]\n|-damage|p2a: Exeggutor|49/100|[from] Sandstorm\n|-heal|p1a: Scream Tail|263/330|[from] item: Leftovers\n|-damage|p1a: Scream Tail|222/330|[from] Leech Seed|[of] p2a: Exeggutor\n|-heal|p2a: Exeggutor|62/100|[silent]\n|-item|p2a: Exeggutor|Sitrus Berry|[from] ability: Harvest\n|upkeep\n|turn|32\n|inactive|Time left: 300 sec this turn | 300 sec total\n|\n|t:|1783572202\n|move|p1a: Scream Tail|Dazzling Gleam|p2a: Exeggutor\n|-activate|p2a: Exeggutor|move: Substitute|[damage]\n|move|p2a: Exeggutor|Psychic|p1a: Scream Tail\n|-resisted|p1a: Scream Tail\n|-damage|p1a: Scream Tail|168/330\n|\n|-weather|Sandstorm|[upkeep]\n|-damage|p2a: Exeggutor|56/100|[from] Sandstorm\n|-heal|p1a: Scream Tail|330/330|[from] move: Wish|[wisher] Scream Tail\n|-damage|p1a: Scream Tail|289/330|[from] Leech Seed|[of] p2a: Exeggutor\n|-heal|p2a: Exeggutor|69/100|[silent]\n|upkeep\n|turn|33\n|inactive|Time left: 300 sec this turn | 300 sec total\n|\n|t:|1783572203\n|move|p1a: Scream Tail|Wish|p1a: Scream Tail\n|move|p2a: Exeggutor|Psychic|p1a: Scream Tail\n|-resisted|p1a: Scream Tail\n|-damage|p1a: Scream Tail|238/330\n|-unboost|p1a: Scream Tail|spd|1\n|\n|-weather|none\n|-heal|p1a: Scream Tail|258/330|[from] item: Leftovers\n|-damage|p1a: Scream Tail|217/330|[from] Leech Seed|[of] p2a: Exeggutor\n|-heal|p2a: Exeggutor|82/100|[silent]\n|upkeep\n|turn|34\n|inactive|Time left: 300 sec this turn | 300 sec total\n|\n|t:|1783572205\n|move|p1a: Scream Tail|Dazzling Gleam|p2a: Exeggutor\n|-end|p2a: Exeggutor|Substitute\n|move|p2a: Exeggutor|Psychic|p1a: Scream Tail\n|-resisted|p1a: Scream Tail\n|-damage|p1a: Scream Tail|135/330\n|\n|-heal|p1a: Scream Tail|300/330|[from] move: Wish|[wisher] Scream Tail\n|-heal|p1a: Scream Tail|320/330|[from] item: Leftovers\n|-damage|p1a: Scream Tail|279/330|[from] Leech Seed|[of] p2a: Exeggutor\n|-heal|p2a: Exeggutor|95/100|[silent]\n|upkeep\n|turn|35\n|inactive|Time left: 300 sec this turn | 300 sec total\n|\n|t:|1783572206\n|move|p1a: Scream Tail|Dazzling Gleam|p2a: Exeggutor\n|-damage|p2a: Exeggutor|73/100\n|move|p2a: Exeggutor|Psychic|p1a: Scream Tail\n|-resisted|p1a: Scream Tail\n|-damage|p1a: Scream Tail|198/330\n|\n|-heal|p1a: Scream Tail|218/330|[from] item: Leftovers\n|-damage|p1a: Scream Tail|177/330|[from] Leech Seed|[of] p2a: Exeggutor\n|-heal|p2a: Exeggutor|86/100|[silent]\n|upkeep\n|turn|36\n|inactive|Time left: 300 sec this turn | 300 sec total\n|\n|t:|1783572207\n|move|p1a: Scream Tail|Wish|p1a: Scream Tail\n|move|p2a: Exeggutor|Psychic|p1a: Scream Tail\n|-resisted|p1a: Scream Tail\n|-damage|p1a: Scream Tail|102/330\n|\n|-heal|p1a: Scream Tail|122/330|[from] item: Leftovers\n|-damage|p1a: Scream Tail|81/330|[from] Leech Seed|[of] p2a: Exeggutor\n|-heal|p2a: Exeggutor|99/100|[silent]\n|upkeep\n|turn|37\n|inactive|Time left: 300 sec this turn | 300 sec total\n|\n|t:|1783572208\n|move|p1a: Scream Tail|Protect|p1a: Scream Tail\n|-singleturn|p1a: Scream Tail|Protect\n|move|p2a: Exeggutor|Psychic|p1a: Scream Tail\n|-activate|p1a: Scream Tail|move: Protect\n|\n|-heal|p1a: Scream Tail|246/330|[from] move: Wish|[wisher] Scream Tail\n|-heal|p1a: Scream Tail|266/330|[from] item: Leftovers\n|-damage|p1a: Scream Tail|225/330|[from] Leech Seed|[of] p2a: Exeggutor\n|-heal|p2a: Exeggutor|100/100|[silent]\n|upkeep\n|turn|38\n|inactive|Time left: 300 sec this turn | 300 sec total\n|\n|t:|1783572209\n|move|p1a: Scream Tail|Dazzling Gleam|p2a: Exeggutor\n|-damage|p2a: Exeggutor|78/100\n|move|p2a: Exeggutor|Psychic|p1a: Scream Tail\n|-resisted|p1a: Scream Tail\n|-damage|p1a: Scream Tail|143/330\n|\n|-heal|p1a: Scream Tail|163/330|[from] item: Leftovers\n|-damage|p1a: Scream Tail|122/330|[from] Leech Seed|[of] p2a: Exeggutor\n|-heal|p2a: Exeggutor|92/100|[silent]\n|upkeep\n|turn|39\n|inactive|Time left: 300 sec this turn | 300 sec total\n|\n|t:|1783572210\n|move|p1a: Scream Tail|Wish|p1a: Scream Tail\n|move|p2a: Exeggutor|Psychic|p1a: Scream Tail\n|-resisted|p1a: Scream Tail\n|-damage|p1a: Scream Tail|46/330\n|\n|-heal|p1a: Scream Tail|66/330|[from] item: Leftovers\n|-damage|p1a: Scream Tail|25/330|[from] Leech Seed|[of] p2a: Exeggutor\n|-heal|p2a: Exeggutor|100/100|[silent]\n|upkeep\n|turn|40\n|inactive|Time left: 300 sec this turn | 300 sec total\n|\n|t:|1783572211\n|switch|p2a: Azelf|Azelf, L82|8/100\n|move|p1a: Scream Tail|Protect||[still]\n|-fail|p1a: Scream Tail\n|\n|-heal|p1a: Scream Tail|190/330|[from] move: Wish|[wisher] Scream Tail\n|-heal|p1a: Scream Tail|210/330|[from] item: Leftovers\n|-damage|p1a: Scream Tail|169/330|[from] Leech Seed|[of] p2a: Azelf\n|-heal|p2a: Azelf|23/100|[silent]\n|upkeep\n|turn|41\n|inactive|Time left: 300 sec this turn | 300 sec total\n|\n|t:|1783572212\n|-terastallize|p2a: Azelf|Fire\n|move|p2a: Azelf|Fire Blast|p1a: Scream Tail\n|-supereffective|p1a: Scream Tail\n|-damage|p1a: Scream Tail|0 fnt\n|faint|p1a: Scream Tail\n|-end|p1a: Scream Tail|Protosynthesis|[silent]\n|\n|win|p0y2791abf4", "uploadtime": 1783572212, "views": 0, "rating": 0, "private": 0, "password": null, "_winner": "p0y2791abf4", "_our_name": "p0x27914991"}