{"id": "battle-gen9randombattle-107", "formatid": "gen9randombattle", "format": "[Gen 9] Random Battle", "players": ["p0x1077b7d", "p0y1079032"], "log": "|init|battle\n|title|p0x1077b7d vs. p0y1079032\n|j|\u2606p0x1077b7d\n|j|\u2606p0y1079032\n|t:|1783535001\n|gametype|singles\n|player|p1|p0x1077b7d|170|\n|player|p2|p0y1079032|2|\n|gen|9\n|tier|[Gen 9] Random Battle\n|rule|Species Clause: Limit one of each Pok\u00e9mon\n|rule|HP Percentage Mod: HP is shown in percentages\n|rule|Sleep Clause Mod: Limit one foe put to sleep\n|rule|Illusion Level Mod: Illusion disguises the Pok\u00e9mon's true level\n|\n|t:|1783535001\n|teamsize|p1|6\n|teamsize|p2|6\n|start\n|switch|p1a: Coalossal|Coalossal, L89, F|100/100\n|switch|p2a: Wugtrio|Wugtrio, L91, F|212/212\n|turn|1\n|inactive|Battle timer is ON: inactive players will automatically lose when time's up. (requested by p0y1079032)\n|inactive|p0x1077b7d also wants the timer to be on.\n|\n|t:|1783535002\n|-terastallize|p1a: Coalossal|Water\n|move|p2a: Wugtrio|Liquidation|p1a: Coalossal\n|-resisted|p1a: Coalossal\n|-damage|p1a: Coalossal|83/100\n|move|p1a: Coalossal|Stone Edge|p2a: Wugtrio|[miss]\n|-miss|p1a: Coalossal|p2a: Wugtrio\n|\n|upkeep\n|turn|2\n|inactive|Time left: 300 sec this turn | 300 sec total\n|\n|t:|1783535003\n|switch|p2a: Hatterene|Hatterene, L85, F|236/236\n|move|p1a: Coalossal|Will-O-Wisp|p2a: Hatterene\n|move|p2a: Hatterene|Will-O-Wisp|p1a: Coalossal|[from] ability: Magic Bounce\n|-status|p1a: Coalossal|brn\n|\n|-damage|p1a: Coalossal|77/100 brn|[from] brn\n|upkeep\n|turn|3\n|inactive|Time left: 300 sec this turn | 300 sec total\n|\n|t:|1783535005\n|move|p1a: Coalossal|Flamethrower|p2a: Hatterene\n|-damage|p2a: Hatterene|182/236\n|move|p2a: Hatterene|Draining Kiss|p1a: Coalossal\n|-damage|p1a: Coalossal|58/100 brn\n|-heal|p2a: Hatterene|232/236|[from] drain|[of] p1a: Coalossal\n|\n|-damage|p1a: Coalossal|52/100 brn|[from] brn\n|upkeep\n|turn|4\n|inactive|Time left: 300 sec this turn | 300 sec total\n|\n|t:|1783535006\n|move|p1a: Coalossal|Flamethrower|p2a: Hatterene\n|-damage|p2a: Hatterene|177/236\n|move|p2a: Hatterene|Draining Kiss|p1a: Coalossal\n|-damage|p1a: Coalossal|31/100 brn\n|-heal|p2a: Hatterene|229/236|[from] drain|[of] p1a: Coalossal\n|-status|p2a: Hatterene|brn|[from] ability: Flame Body|[of] p1a: Coalossal\n|\n|-damage|p1a: Coalossal|25/100 brn|[from] brn\n|-damage|p2a: Hatterene|215/236 brn|[from] brn\n|upkeep\n|turn|5\n|inactive|Time left: 300 sec this turn | 300 sec total\n|\n|t:|1783535007\n|move|p1a: Coalossal|Flamethrower|p2a: Hatterene\n|-damage|p2a: Hatterene|161/236 brn\n|move|p2a: Hatterene|Draining Kiss|p1a: Coalossal\n|-damage|p1a: Coalossal|4/100 brn\n|-heal|p2a: Hatterene|216/236 brn|[from] drain|[of] p1a: Coalossal\n|\n|-damage|p1a: Coalossal|0 fnt|[from] brn\n|faint|p1a: Coalossal\n|-damage|p2a: Hatterene|202/236 brn|[from] brn\n|upkeep\n|\n|t:|1783535008\n|switch|p1a: Trevenant|Trevenant, L89, M|100/100\n|turn|6\n|inactive|Time left: 300 sec this turn | 300 sec total\n|\n|t:|1783535009\n|switch|p2a: Rhyperior|Rhyperior, L82, M|323/323\n|move|p1a: Trevenant|Poltergeist|p2a: Rhyperior\n|-activate|p2a: Rhyperior|move: Poltergeist|Weakness Policy\n|-damage|p2a: Rhyperior|209/323\n|\n|upkeep\n|turn|7\n|inactive|Time left: 300 sec this turn | 300 sec total\n|\n|t:|1783535010\n|move|p1a: Trevenant|Poltergeist|p2a: Rhyperior\n|-activate|p2a: Rhyperior|move: Poltergeist|Weakness Policy\n|-damage|p2a: Rhyperior|91/323\n|move|p2a: Rhyperior|Stone Edge|p1a: Trevenant|[miss]\n|-miss|p2a: Rhyperior|p1a: Trevenant\n|\n|upkeep\n|turn|8\n|inactive|Time left: 300 sec this turn | 300 sec total\n|\n|t:|1783535011\n|move|p1a: Trevenant|Poltergeist|p2a: Rhyperior\n|-activate|p2a: Rhyperior|move: Poltergeist|Weakness Policy\n|-damage|p2a: Rhyperior|0 fnt\n|faint|p2a: Rhyperior\n|\n|upkeep\n|inactive|Time left: 300 sec this turn | 300 sec total | 5 sec grace\n|\n|t:|1783535013\n|switch|p2a: Wugtrio|Wugtrio, L91, F|212/212\n|turn|9\n|inactive|Time left: 300 sec this turn | 300 sec total\n|\n|t:|1783535014\n|-terastallize|p2a: Wugtrio|Dark\n|move|p2a: Wugtrio|Throat Chop|p1a: Trevenant\n|-supereffective|p1a: Trevenant\n|-damage|p1a: Trevenant|0 fnt\n|faint|p1a: Trevenant\n|\n|upkeep\n|\n|t:|1783535014\n|switch|p1a: Falinks|Falinks, L84|100/100\n|turn|10\n|inactive|Time left: 300 sec this turn | 300 sec total\n|\n|t:|1783535016\n|move|p2a: Wugtrio|Throat Chop|p1a: Falinks\n|-resisted|p1a: Falinks\n|-crit|p1a: Falinks\n|-damage|p1a: Falinks|59/100\n|-start|p1a: Falinks|Throat Chop|[silent]\n|move|p1a: Falinks|No Retreat|p1a: Falinks\n|-boost|p1a: Falinks|atk|1\n|-boost|p1a: Falinks|def|1\n|-boost|p1a: Falinks|spa|1\n|-boost|p1a: Falinks|spd|1\n|-boost|p1a: Falinks|spe|1\n|-start|p1a: Falinks|move: No Retreat\n|\n|upkeep\n|turn|11\n|inactive|Time left: 300 sec this turn | 300 sec total\n|\n|t:|1783535016\n|move|p2a: Wugtrio|Throat Chop|p1a: Falinks\n|-resisted|p1a: Falinks\n|-damage|p1a: Falinks|40/100\n|move|p1a: Falinks|Close Combat|p2a: Wugtrio\n|-supereffective|p2a: Wugtrio\n|-damage|p2a: Wugtrio|0 fnt\n|-unboost|p1a: Falinks|def|1\n|-unboost|p1a: Falinks|spd|1\n|-ability|p2a: Wugtrio|Gooey\n|-unboost|p1a: Falinks|spe|1\n|-ability|p1a: Falinks|Defiant|boost\n|-boost|p1a: Falinks|atk|2\n|faint|p2a: Wugtrio\n|-damage|p1a: Falinks|30/100|[from] item: Life Orb\n|\n|-end|p1a: Falinks|Throat Chop|[silent]\n|upkeep\n|inactive|Time left: 300 sec this turn | 300 sec total | 5 sec grace\n|\n|t:|1783535017\n|switch|p2a: Excadrill|Excadrill, L79, F|303/303\n|-ability|p2a: Excadrill|Mold Breaker\n|turn|12\n|inactive|Time left: 300 sec this turn | 300 sec total\n|\n|t:|1783535018\n|move|p2a: Excadrill|Iron Head|p1a: Falinks\n|-crit|p1a: Falinks\n|-damage|p1a: Falinks|0 fnt\n|faint|p1a: Falinks\n|\n|upkeep\n|\n|t:|1783535018\n|switch|p1a: Iron Bundle|Iron Bundle, L78|100/100\n|turn|13\n|inactive|Time left: 300 sec this turn | 300 sec total\n|\n|t:|1783535019\n|switch|p2a: Hariyama|Hariyama, L87, M|392/392\n|move|p1a: Iron Bundle|Hydro Pump|p2a: Hariyama\n|-damage|p2a: Hariyama|241/392\n|\n|upkeep\n|turn|14\n|inactive|Time left: 300 sec this turn | 300 sec total\n|\n|t:|1783535020\n|-end|p1a: Iron Bundle|Quark Drive|[silent]\n|switch|p1a: Masquerain|Masquerain, L87, M|100/100\n|-ability|p1a: Masquerain|Intimidate|boost\n|-unboost|p2a: Hariyama|atk|1\n|move|p2a: Hariyama|Knock Off|p1a: Masquerain\n|-damage|p1a: Masquerain|71/100\n|-enditem|p1a: Masquerain|Heavy-Duty Boots|[from] move: Knock Off|[of] p2a: Hariyama\n|\n|upkeep\n|turn|15\n|inactive|Time left: 300 sec this turn | 300 sec total\n|\n|t:|1783535020\n|move|p1a: Masquerain|U-turn|p2a: Hariyama\n|-resisted|p2a: Hariyama\n|-damage|p2a: Hariyama|205/392\n|\n|t:|1783535021\n|switch|p1a: Klawf|Klawf, L90, F|100/100|[from] U-turn\n|move|p2a: Hariyama|Stone Edge|p1a: Klawf\n|-crit|p1a: Klawf\n|-damage|p1a: Klawf|66/100\n|\n|upkeep\n|turn|16\n|inactive|Time left: 300 sec this turn | 300 sec total\n|\n|t:|1783535022\n|switch|p1a: Masquerain|Masquerain, L87, M|71/100\n|-ability|p1a: Masquerain|Intimidate|boost\n|-unboost|p2a: Hariyama|atk|1\n|move|p2a: Hariyama|Close Combat|p1a: Masquerain\n|-resisted|p1a: Masquerain\n|-damage|p1a: Masquerain|62/100\n|-unboost|p2a: Hariyama|def|1\n|-unboost|p2a: Hariyama|spd|1\n|\n|upkeep\n|turn|17\n|inactive|Time left: 300 sec this turn | 300 sec total\n|\n|t:|1783535023\n|switch|p2a: Hatterene|Hatterene, L85, F|202/236 brn\n|move|p1a: Masquerain|U-turn|p2a: Hatterene\n|-damage|p2a: Hatterene|151/236 brn\n|\n|t:|1783535024\n|switch|p1a: Klawf|Klawf, L90, F|99/100|[from] U-turn\n|\n|-damage|p2a: Hatterene|137/236 brn|[from] brn\n|upkeep\n|turn|18\n|inactive|Time left: 300 sec this turn | 300 sec total\n|\n|t:|1783535025\n|move|p1a: Klawf|Stone Edge|p2a: Hatterene\n|-damage|p2a: Hatterene|0 fnt\n|faint|p2a: Hatterene\n|-damage|p1a: Klawf|89/100|[from] item: Life Orb\n|\n|upkeep\n|inactive|Time left: 300 sec this turn | 300 sec total | 5 sec grace\n|\n|t:|1783535025\n|switch|p2a: Hariyama|Hariyama, L87, M|205/392\n|turn|19\n|inactive|Time left: 300 sec this turn | 300 sec total\n|\n|t:|1783535026\n|switch|p1a: Masquerain|Masquerain, L87, M|62/100\n|-ability|p1a: Masquerain|Intimidate|boost\n|-unboost|p2a: Hariyama|atk|1\n|move|p2a: Hariyama|Close Combat|p1a: Masquerain\n|-resisted|p1a: Masquerain\n|-damage|p1a: Masquerain|50/100\n|-unboost|p2a: Hariyama|def|1\n|-unboost|p2a: Hariyama|spd|1\n|\n|upkeep\n|turn|20\n|inactive|Time left: 300 sec this turn | 300 sec total\n|\n|t:|1783535027\n|switch|p2a: Excadrill|Excadrill, L79, F|303/303\n|-ability|p2a: Excadrill|Mold Breaker\n|move|p1a: Masquerain|Sticky Web|p2a: Excadrill\n|-sidestart|p2: p0y1079032|move: Sticky Web\n|\n|upkeep\n|turn|21\n|inactive|Time left: 300 sec this turn | 300 sec total\n|\n|t:|1783535028\n|move|p1a: Masquerain|U-turn|p2a: Excadrill\n|-resisted|p2a: Excadrill\n|-damage|p2a: Excadrill|264/303\n|\n|t:|1783535029\n|switch|p1a: Iron Bundle|Iron Bundle, L78|100/100|[from] U-turn\n|move|p2a: Excadrill|Rapid Spin|p1a: Iron Bundle\n|-damage|p1a: Iron Bundle|85/100\n|-boost|p2a: Excadrill|spe|1\n|-sideend|p2: p0y1079032|Sticky Web|[from] move: Rapid Spin|[of] p2a: Excadrill\n|\n|upkeep\n|turn|22\n|inactive|Time left: 300 sec this turn | 300 sec total\n|\n|t:|1783535030\n|move|p2a: Excadrill|Iron Head|p1a: Iron Bundle\n|-damage|p1a: Iron Bundle|42/100\n|move|p1a: Iron Bundle|Hydro Pump|p2a: Excadrill\n|-supereffective|p2a: Excadrill\n|-damage|p2a: Excadrill|0 fnt\n|faint|p2a: Excadrill\n|\n|upkeep\n|inactive|Time left: 300 sec this turn | 300 sec total | 5 sec grace\n|\n|t:|1783535031\n|switch|p2a: Hariyama|Hariyama, L87, M|205/392\n|turn|23\n|inactive|Time left: 300 sec this turn | 300 sec total\n|\n|t:|1783535031\n|move|p1a: Iron Bundle|Hydro Pump|p2a: Hariyama|[miss]\n|-miss|p1a: Iron Bundle|p2a: Hariyama\n|move|p2a: Hariyama|Heavy Slam|p1a: Iron Bundle\n|-damage|p1a: Iron Bundle|0 fnt\n|faint|p1a: Iron Bundle\n|-end|p1a: Iron Bundle|Quark Drive|[silent]\n|\n|upkeep\n|\n|t:|1783535033\n|switch|p1a: Masquerain|Masquerain, L87, M|50/100\n|-ability|p1a: Masquerain|Intimidate|boost\n|-unboost|p2a: Hariyama|atk|1\n|turn|24\n|inactive|Time left: 300 sec this turn | 300 sec total\n|\n|t:|1783535034\n|move|p1a: Masquerain|Hurricane|p2a: Hariyama|[miss]\n|-miss|p1a: Masquerain|p2a: Hariyama\n|move|p2a: Hariyama|Stone Edge|p1a: Masquerain|[miss]\n|-miss|p2a: Hariyama|p1a: Masquerain\n|\n|upkeep\n|turn|25\n|inactive|Time left: 300 sec this turn | 300 sec total\n|\n|t:|1783535035\n|move|p1a: Masquerain|Hurricane|p2a: Hariyama\n|-supereffective|p2a: Hariyama\n|-damage|p2a: Hariyama|0 fnt\n|faint|p2a: Hariyama\n|\n|upkeep\n|inactive|Time left: 300 sec this turn | 300 sec total | 5 sec grace\n|\n|t:|1783535035\n|switch|p2a: Jirachi|Jirachi, L80|291/291\n|turn|26\n|inactive|Time left: 300 sec this turn | 300 sec total\n|\n|t:|1783535036\n|switch|p1a: Klawf|Klawf, L90, F|100/100\n|move|p2a: Jirachi|Iron Head|p1a: Klawf\n|-supereffective|p1a: Klawf\n|-damage|p1a: Klawf|59/100\n|\n|upkeep\n|turn|27\n|inactive|Time left: 300 sec this turn | 300 sec total\n|\n|t:|1783535037\n|switch|p1a: Masquerain|Masquerain, L87, M|50/100\n|-ability|p1a: Masquerain|Intimidate|boost\n|-unboost|p2a: Jirachi|atk|1\n|move|p2a: Jirachi|Iron Head|p1a: Masquerain\n|-damage|p1a: Masquerain|24/100\n|\n|upkeep\n|turn|28\n|inactive|Time left: 300 sec this turn | 300 sec total\n|\n|t:|1783535039\n|switch|p1a: Klawf|Klawf, L90, F|92/100\n|move|p2a: Jirachi|Iron Head|p1a: Klawf\n|-supereffective|p1a: Klawf\n|-damage|p1a: Klawf|63/100\n|\n|upkeep\n|turn|29\n|inactive|Time left: 300 sec this turn | 300 sec total\n|\n|t:|1783535039\n|switch|p1a: Masquerain|Masquerain, L87, M|24/100\n|-ability|p1a: Masquerain|Intimidate|boost\n|-unboost|p2a: Jirachi|atk|1\n|move|p2a: Jirachi|Iron Head|p1a: Masquerain\n|-damage|p1a: Masquerain|6/100\n|\n|upkeep\n|turn|30\n|inactive|Time left: 300 sec this turn | 300 sec total\n|\n|t:|1783535040\n|move|p2a: Jirachi|Iron Head|p1a: Masquerain\n|-damage|p1a: Masquerain|0 fnt\n|faint|p1a: Masquerain\n|\n|upkeep\n|\n|t:|1783535041\n|switch|p1a: Klawf|Klawf, L90, F|96/100\n|turn|31\n|inactive|Time left: 300 sec this turn | 300 sec total\n|\n|t:|1783535043\n|move|p2a: Jirachi|Iron Head|p1a: Klawf\n|-supereffective|p1a: Klawf\n|-damage|p1a: Klawf|72/100\n|cant|p1a: Klawf|flinch\n|\n|upkeep\n|turn|32\n|inactive|Time left: 300 sec this turn | 300 sec total\n|\n|t:|1783535044\n|move|p2a: Jirachi|Iron Head|p1a: Klawf\n|-supereffective|p1a: Klawf\n|-damage|p1a: Klawf|48/100\n|move|p1a: Klawf|Knock Off|p2a: Jirachi\n|-supereffective|p2a: Jirachi\n|-damage|p2a: Jirachi|106/291\n|-enditem|p2a: Jirachi|Leftovers|[from] move: Knock Off|[of] p1a: Klawf\n|-damage|p1a: Klawf|38/100|[from] item: Life Orb\n|\n|upkeep\n|turn|33\n|inactive|Time left: 300 sec this turn | 300 sec total\n|\n|t:|1783535045\n|move|p2a: Jirachi|Iron Head|p1a: Klawf\n|-supereffective|p1a: Klawf\n|-damage|p1a: Klawf|13/100\n|move|p1a: Klawf|Knock Off|p2a: Jirachi\n|-supereffective|p2a: Jirachi\n|-damage|p2a: Jirachi|0 fnt\n|faint|p2a: Jirachi\n|-damage|p1a: Klawf|3/100|[from] item: Life Orb\n|\n|win|p0x1077b7d", "uploadtime": 1783535045, "views": 0, "rating": 0, "private": 0, "password": null, "_winner": "p0x1077b7d", "_our_name": "p0y1079032"}