{"id": "battle-gen9randombattle-2843", "formatid": "gen9randombattle", "format": "[Gen 9] Random Battle", "players": ["p0x2843d4f4", "p0y28438eb8"], "log": "|init|battle\n|title|p0x2843d4f4 vs. p0y28438eb8\n|j|\u2606p0x2843d4f4\n|j|\u2606p0y28438eb8\n|t:|1783571773\n|gametype|singles\n|player|p1|p0x2843d4f4|266|\n|player|p2|p0y28438eb8|102|\n|gen|9\n|tier|[Gen 9] Random Battle\n|rule|Species Clause: Limit one of each Pok\u00e9mon\n|rule|HP Percentage Mod: HP is shown in percentages\n|rule|Sleep Clause Mod: Limit one foe put to sleep\n|rule|Illusion Level Mod: Illusion disguises the Pok\u00e9mon's true level\n|\n|t:|1783571773\n|teamsize|p1|6\n|teamsize|p2|6\n|start\n|switch|p1a: Seviper|Seviper, L93, F|287/287\n|switch|p2a: Stonjourner|Stonjourner, L91, M|100/100\n|turn|1\n|inactive|Battle timer is ON: inactive players will automatically lose when time's up. (requested by p0x2843d4f4)\n|inactive|p0y28438eb8 also wants the timer to be on.\n|\n|t:|1783571774\n|switch|p1a: Bronzong|Bronzong, L88|261/261\n|move|p2a: Stonjourner|Earthquake|p1a: Bronzong\n|-immune|p1a: Bronzong|[from] ability: Levitate\n|\n|upkeep\n|turn|2\n|inactive|Time left: 300 sec this turn | 300 sec total\n|\n|t:|1783571775\n|move|p2a: Stonjourner|Heat Crash|p1a: Bronzong\n|-supereffective|p1a: Bronzong\n|-damage|p1a: Bronzong|139/261\n|-damage|p2a: Stonjourner|90/100|[from] item: Life Orb\n|move|p1a: Bronzong|Stealth Rock|p2a: Stonjourner\n|-sidestart|p2: p0y28438eb8|move: Stealth Rock\n|\n|-heal|p1a: Bronzong|155/261|[from] item: Leftovers\n|upkeep\n|turn|3\n|inactive|Time left: 300 sec this turn | 300 sec total\n|\n|t:|1783571776\n|-terastallize|p2a: Stonjourner|Fire\n|move|p2a: Stonjourner|Heat Crash|p1a: Bronzong\n|-supereffective|p1a: Bronzong\n|-damage|p1a: Bronzong|0 fnt\n|faint|p1a: Bronzong\n|-damage|p2a: Stonjourner|80/100|[from] item: Life Orb\n|\n|upkeep\n|inactive|Time left: 300 sec this turn | 300 sec total | 5 sec grace\n|\n|t:|1783571777\n|switch|p1a: Clawitzer|Clawitzer, L87, M|265/265\n|turn|4\n|inactive|Time left: 300 sec this turn | 300 sec total\n|\n|t:|1783571779\n|move|p2a: Stonjourner|Stone Edge|p1a: Clawitzer\n|-damage|p1a: Clawitzer|70/265\n|-damage|p2a: Stonjourner|70/100|[from] item: Life Orb\n|move|p1a: Clawitzer|Dark Pulse|p2a: Stonjourner\n|-damage|p2a: Stonjourner|0 fnt\n|faint|p2a: Stonjourner\n|\n|upkeep\n|\n|t:|1783571780\n|switch|p2a: Ariados|Ariados, L95, F|100/100\n|turn|5\n|inactive|Time left: 300 sec this turn | 300 sec total\n|\n|t:|1783571781\n|move|p1a: Clawitzer|Dark Pulse|p2a: Ariados\n|-damage|p2a: Ariados|37/100\n|cant|p2a: Ariados|flinch\n|\n|upkeep\n|turn|6\n|inactive|Time left: 300 sec this turn | 300 sec total\n|\n|t:|1783571782\n|switch|p2a: Manaphy|Manaphy, L78|100/100\n|-damage|p2a: Manaphy|88/100|[from] Stealth Rock\n|move|p1a: Clawitzer|Dark Pulse|p2a: Manaphy\n|-damage|p2a: Manaphy|33/100\n|\n|-heal|p2a: Manaphy|39/100|[from] item: Leftovers\n|upkeep\n|turn|7\n|inactive|Time left: 300 sec this turn | 300 sec total\n|\n|t:|1783571783\n|move|p2a: Manaphy|Energy Ball|p1a: Clawitzer\n|-supereffective|p1a: Clawitzer\n|-damage|p1a: Clawitzer|0 fnt\n|faint|p1a: Clawitzer\n|\n|-heal|p2a: Manaphy|45/100|[from] item: Leftovers\n|upkeep\n|inactive|Time left: 300 sec this turn | 300 sec total | 5 sec grace\n|\n|t:|1783571784\n|switch|p1a: Seviper|Seviper, L93, F|287/287\n|turn|8\n|inactive|Time left: 300 sec this turn | 300 sec total\n|\n|t:|1783571785\n|move|p2a: Manaphy|Hydro Pump|p1a: Seviper\n|-damage|p1a: Seviper|152/287\n|move|p1a: Seviper|Giga Drain|p2a: Manaphy\n|-supereffective|p2a: Manaphy\n|-damage|p2a: Manaphy|0 fnt\n|-heal|p1a: Seviper|215/287|[from] drain|[of] p2a: Manaphy\n|faint|p2a: Manaphy\n|-damage|p1a: Seviper|187/287|[from] item: Life Orb\n|\n|upkeep\n|\n|t:|1783571786\n|switch|p2a: Vileplume|Vileplume, L85, F|100/100\n|-damage|p2a: Vileplume|88/100|[from] Stealth Rock\n|turn|9\n|inactive|Time left: 300 sec this turn | 300 sec total\n|\n|t:|1783571787\n|move|p1a: Seviper|Flamethrower|p2a: Vileplume\n|-supereffective|p2a: Vileplume\n|-damage|p2a: Vileplume|6/100\n|-damage|p1a: Seviper|159/287|[from] item: Life Orb\n|move|p2a: Vileplume|Strength Sap|p1a: Seviper\n|-unboost|p1a: Seviper|atk|1\n|-heal|p2a: Vileplume|96/100\n|\n|-heal|p2a: Vileplume|100/100|[from] item: Leftovers\n|upkeep\n|turn|10\n|inactive|Time left: 300 sec this turn | 300 sec total\n|\n|t:|1783571788\n|move|p1a: Seviper|Flamethrower|p2a: Vileplume\n|-supereffective|p2a: Vileplume\n|-damage|p2a: Vileplume|26/100\n|-damage|p1a: Seviper|131/287|[from] item: Life Orb\n|move|p2a: Vileplume|Strength Sap|p1a: Seviper\n|-unboost|p1a: Seviper|atk|1\n|-heal|p2a: Vileplume|86/100\n|\n|-heal|p2a: Vileplume|92/100|[from] item: Leftovers\n|upkeep\n|turn|11\n|inactive|Time left: 300 sec this turn | 300 sec total\n|\n|t:|1783571790\n|move|p1a: Seviper|Flamethrower|p2a: Vileplume\n|-supereffective|p2a: Vileplume\n|-damage|p2a: Vileplume|19/100\n|-damage|p1a: Seviper|103/287|[from] item: Life Orb\n|move|p2a: Vileplume|Strength Sap|p1a: Seviper\n|-unboost|p1a: Seviper|atk|1\n|-heal|p2a: Vileplume|63/100\n|\n|-heal|p2a: Vileplume|69/100|[from] item: Leftovers\n|upkeep\n|turn|12\n|inactive|Time left: 300 sec this turn | 300 sec total\n|\n|t:|1783571791\n|switch|p2a: Floatzel|Floatzel, L86, F|100/100\n|-damage|p2a: Floatzel|88/100|[from] Stealth Rock\n|move|p1a: Seviper|Flamethrower|p2a: Floatzel\n|-resisted|p2a: Floatzel\n|-damage|p2a: Floatzel|64/100\n|-damage|p1a: Seviper|75/287|[from] item: Life Orb\n|\n|-heal|p2a: Floatzel|70/100|[from] item: Leftovers\n|upkeep\n|turn|13\n|inactive|Time left: 300 sec this turn | 300 sec total\n|\n|t:|1783571792\n|switch|p1a: Regidrago|Regidrago, L77|435/435\n|move|p2a: Floatzel|Wave Crash|p1a: Regidrago\n|-resisted|p1a: Regidrago\n|-damage|p1a: Regidrago|316/435\n|-damage|p2a: Floatzel|56/100|[from] Recoil\n|\n|-heal|p2a: Floatzel|62/100|[from] item: Leftovers\n|upkeep\n|turn|14\n|inactive|Time left: 300 sec this turn | 300 sec total\n|\n|t:|1783571793\n|move|p2a: Floatzel|Ice Spinner|p1a: Regidrago\n|-supereffective|p1a: Regidrago\n|-damage|p1a: Regidrago|100/435\n|move|p1a: Regidrago|Dragon Dance|p1a: Regidrago\n|-boost|p1a: Regidrago|atk|1\n|-boost|p1a: Regidrago|spe|1\n|\n|-heal|p2a: Floatzel|68/100|[from] item: Leftovers\n|upkeep\n|turn|15\n|inactive|Time left: 300 sec this turn | 300 sec total\n|\n|t:|1783571794\n|move|p1a: Regidrago|Dragon Claw|p2a: Floatzel\n|-damage|p2a: Floatzel|0 fnt\n|faint|p2a: Floatzel\n|-damage|p1a: Regidrago|57/435|[from] item: Life Orb\n|\n|upkeep\n|\n|t:|1783571794\n|switch|p2a: Rotom|Rotom-Mow, L87|100/100\n|-damage|p2a: Rotom|88/100|[from] Stealth Rock\n|turn|16\n|inactive|Time left: 300 sec this turn | 300 sec total\n|\n|t:|1783571795\n|move|p2a: Rotom|Volt Switch|p1a: Regidrago\n|-resisted|p1a: Regidrago\n|-damage|p1a: Regidrago|0 fnt\n|faint|p1a: Regidrago\n|\n|t:|1783571796\n|switch|p2a: Vileplume|Vileplume, L85, F|69/100|[from] Volt Switch\n|-damage|p2a: Vileplume|57/100|[from] Stealth Rock\n|\n|-heal|p2a: Vileplume|63/100|[from] item: Leftovers\n|upkeep\n|inactive|Time left: 300 sec this turn | 300 sec total | 10 sec grace\n|\n|t:|1783571797\n|switch|p1a: Seviper|Seviper, L93, F|75/287\n|turn|17\n|inactive|Time left: 300 sec this turn | 300 sec total\n|\n|t:|1783571798\n|move|p1a: Seviper|Flamethrower|p2a: Vileplume\n|-supereffective|p2a: Vileplume\n|-damage|p2a: Vileplume|0 fnt\n|faint|p2a: Vileplume\n|-damage|p1a: Seviper|47/287|[from] item: Life Orb\n|\n|upkeep\n|\n|t:|1783571799\n|switch|p2a: Rotom|Rotom-Mow, L87|88/100\n|-damage|p2a: Rotom|76/100|[from] Stealth Rock\n|turn|18\n|inactive|Time left: 300 sec this turn | 300 sec total\n|\n|t:|1783571799\n|switch|p1a: Piloswine|Piloswine, L85, F|309/309\n|move|p2a: Rotom|Thunderbolt|p1a: Piloswine\n|-immune|p1a: Piloswine\n|\n|upkeep\n|turn|19\n|inactive|Time left: 300 sec this turn | 300 sec total\n|\n|t:|1783571800\n|move|p2a: Rotom|Thunderbolt|p1a: Piloswine\n|-immune|p1a: Piloswine\n|move|p1a: Piloswine|Icicle Crash|p2a: Rotom\n|-supereffective|p2a: Rotom\n|-damage|p2a: Rotom|12/100\n|\n|upkeep\n|turn|20\n|inactive|Time left: 300 sec this turn | 300 sec total\n|\n|t:|1783571801\n|switch|p2a: Ariados|Ariados, L95, F|37/100\n|-terastallize|p1a: Piloswine|Poison\n|move|p1a: Piloswine|Ice Shard|p2a: Ariados\n|-damage|p2a: Ariados|22/100\n|\n|upkeep\n|turn|21\n|inactive|Time left: 300 sec this turn | 300 sec total\n|\n|t:|1783571802\n|switch|p2a: Rotom|Rotom-Mow, L87|12/100\n|-damage|p2a: Rotom|0 fnt|[from] Stealth Rock\n|faint|p2a: Rotom\n|move|p1a: Piloswine|Earthquake|p2: Rotom|[notarget]\n|-fail|p1a: Piloswine\n|\n|upkeep\n|\n|t:|1783571803\n|switch|p2a: Ariados|Ariados, L95, F|22/100\n|turn|22\n|inactive|Time left: 300 sec this turn | 300 sec total\n|\n|t:|1783571804\n|move|p1a: Piloswine|Earthquake|p2a: Ariados\n|-damage|p2a: Ariados|0 fnt\n|faint|p2a: Ariados\n|\n|win|p0x2843d4f4", "uploadtime": 1783571804, "views": 0, "rating": 0, "private": 0, "password": null, "_winner": "p0x2843d4f4", "_our_name": "p0x2843d4f4"}