{"id": "battle-gen9randombattle-33", "formatid": "gen9randombattle", "format": "[Gen 9] Random Battle", "players": ["p0x033ded9", "p0y0331e34"], "log": "|init|battle\n|title|p0x033ded9 vs. p0y0331e34\n|j|\u2606p0x033ded9\n|j|\u2606p0y0331e34\n|t:|1783539812\n|gametype|singles\n|player|p1|p0x033ded9|169|\n|player|p2|p0y0331e34|1|\n|gen|9\n|tier|[Gen 9] Random Battle\n|rule|Species Clause: Limit one of each Pok\u00e9mon\n|rule|HP Percentage Mod: HP is shown in percentages\n|rule|Sleep Clause Mod: Limit one foe put to sleep\n|rule|Illusion Level Mod: Illusion disguises the Pok\u00e9mon's true level\n|\n|t:|1783539812\n|teamsize|p1|6\n|teamsize|p2|6\n|start\n|switch|p1a: Grumpig|Grumpig, L92, M|297/297\n|switch|p2a: Manaphy|Manaphy, L78|100/100\n|turn|1\n|inactive|Battle timer is ON: inactive players will automatically lose when time's up. (requested by p0y0331e34)\n|inactive|Time left: 300 sec this turn | 300 sec total | 60 sec grace\n|inactive|p0x033ded9 also wants the timer to be on.\n|\n|t:|1783539813\n|move|p2a: Manaphy|Tail Glow|p2a: Manaphy\n|-boost|p2a: Manaphy|spa|3\n|move|p1a: Grumpig|Nasty Plot|p1a: Grumpig\n|-boost|p1a: Grumpig|spa|2\n|\n|upkeep\n|turn|2\n|inactive|Time left: 300 sec this turn | 300 sec total\n|\n|t:|1783539815\n|move|p2a: Manaphy|Hydro Pump|p1a: Grumpig\n|-damage|p1a: Grumpig|98/297\n|move|p1a: Grumpig|Psychic|p2a: Manaphy\n|-damage|p2a: Manaphy|21/100\n|\n|-heal|p2a: Manaphy|27/100|[from] item: Leftovers\n|-heal|p1a: Grumpig|116/297|[from] item: Leftovers\n|upkeep\n|turn|3\n|inactive|Time left: 300 sec this turn | 300 sec total\n|\n|t:|1783539816\n|move|p2a: Manaphy|Hydro Pump|p1a: Grumpig\n|-damage|p1a: Grumpig|0 fnt\n|faint|p1a: Grumpig\n|\n|-heal|p2a: Manaphy|33/100|[from] item: Leftovers\n|upkeep\n|inactive|Time left: 300 sec this turn | 300 sec total | 5 sec grace\n|\n|t:|1783539817\n|switch|p1a: Salazzle|Salazzle, L83, F|249/249\n|turn|4\n|inactive|Time left: 300 sec this turn | 300 sec total\n|\n|t:|1783539818\n|move|p1a: Salazzle|Sludge Wave|p2a: Manaphy\n|-damage|p2a: Manaphy|0 fnt\n|faint|p2a: Manaphy\n|\n|upkeep\n|\n|t:|1783539819\n|switch|p2a: Regidrago|Regidrago, L77|100/100\n|turn|5\n|inactive|Time left: 300 sec this turn | 300 sec total\n|\n|t:|1783539820\n|switch|p1a: Duraludon|Duraludon, L82, M|249/249\n|move|p2a: Regidrago|Dragon Energy|p1a: Duraludon\n|-damage|p1a: Duraludon|24/249\n|\n|upkeep\n|turn|6\n|inactive|Time left: 300 sec this turn | 300 sec total\n|\n|t:|1783539822\n|move|p2a: Regidrago|Dragon Energy|p1a: Duraludon\n|-damage|p1a: Duraludon|0 fnt\n|faint|p1a: Duraludon\n|\n|upkeep\n|inactive|Time left: 300 sec this turn | 300 sec total | 5 sec grace\n|\n|t:|1783539823\n|switch|p1a: Shaymin|Shaymin, L82|298/298\n|turn|7\n|inactive|Time left: 300 sec this turn | 300 sec total\n|\n|t:|1783539824\n|move|p2a: Regidrago|Dragon Energy|p1a: Shaymin\n|-damage|p1a: Shaymin|108/298\n|move|p1a: Shaymin|Leech Seed|p2a: Regidrago\n|-start|p2a: Regidrago|move: Leech Seed\n|\n|-heal|p1a: Shaymin|126/298|[from] item: Leftovers\n|-damage|p2a: Regidrago|88/100|[from] Leech Seed|[of] p1a: Shaymin\n|-heal|p1a: Shaymin|180/298|[silent]\n|upkeep\n|turn|8\n|inactive|Time left: 300 sec this turn | 300 sec total\n|\n|t:|1783539825\n|-terastallize|p1a: Shaymin|Steel\n|move|p2a: Regidrago|Dragon Energy|p1a: Shaymin\n|-resisted|p1a: Shaymin\n|-damage|p1a: Shaymin|90/298\n|move|p1a: Shaymin|Seed Flare|p2a: Regidrago\n|-resisted|p2a: Regidrago\n|-crit|p2a: Regidrago\n|-damage|p2a: Regidrago|55/100\n|\n|-heal|p1a: Shaymin|108/298|[from] item: Leftovers\n|-damage|p2a: Regidrago|43/100|[from] Leech Seed|[of] p1a: Shaymin\n|-heal|p1a: Shaymin|162/298|[silent]\n|upkeep\n|turn|9\n|inactive|Time left: 300 sec this turn | 300 sec total\n|\n|t:|1783539826\n|switch|p2a: Fezandipiti|Fezandipiti, L82, M|100/100\n|move|p1a: Shaymin|Leech Seed|p2a: Fezandipiti\n|-start|p2a: Fezandipiti|move: Leech Seed\n|\n|-heal|p1a: Shaymin|180/298|[from] item: Leftovers\n|-damage|p2a: Fezandipiti|88/100|[from] Leech Seed|[of] p1a: Shaymin\n|-heal|p1a: Shaymin|214/298|[silent]\n|upkeep\n|turn|10\n|inactive|Time left: 300 sec this turn | 300 sec total\n|\n|t:|1783539827\n|move|p1a: Shaymin|Leech Seed||[still]\n|-fail|p1a: Shaymin\n|move|p2a: Fezandipiti|Swords Dance|p2a: Fezandipiti\n|-boost|p2a: Fezandipiti|atk|2\n|\n|-heal|p1a: Shaymin|232/298|[from] item: Leftovers\n|-heal|p2a: Fezandipiti|94/100|[from] item: Leftovers\n|-damage|p2a: Fezandipiti|82/100|[from] Leech Seed|[of] p1a: Shaymin\n|-heal|p1a: Shaymin|266/298|[silent]\n|upkeep\n|turn|11\n|inactive|Time left: 300 sec this turn | 300 sec total\n|\n|t:|1783539828\n|-terastallize|p2a: Fezandipiti|Ground\n|move|p1a: Shaymin|Substitute|p1a: Shaymin\n|-start|p1a: Shaymin|Substitute\n|-damage|p1a: Shaymin|192/298\n|move|p2a: Fezandipiti|Tera Blast|p1a: Shaymin|[anim] Tera Blast Ground\n|-supereffective|p1a: Shaymin\n|-end|p1a: Shaymin|Substitute\n|\n|-heal|p1a: Shaymin|210/298|[from] item: Leftovers\n|-heal|p2a: Fezandipiti|88/100|[from] item: Leftovers\n|-damage|p2a: Fezandipiti|76/100|[from] Leech Seed|[of] p1a: Shaymin\n|-heal|p1a: Shaymin|244/298|[silent]\n|upkeep\n|turn|12\n|inactive|Time left: 300 sec this turn | 300 sec total\n|\n|t:|1783539829\n|move|p1a: Shaymin|Substitute|p1a: Shaymin\n|-start|p1a: Shaymin|Substitute\n|-damage|p1a: Shaymin|170/298\n|move|p2a: Fezandipiti|Tera Blast|p1a: Shaymin|[anim] Tera Blast Ground\n|-supereffective|p1a: Shaymin\n|-end|p1a: Shaymin|Substitute\n|\n|-heal|p1a: Shaymin|188/298|[from] item: Leftovers\n|-heal|p2a: Fezandipiti|82/100|[from] item: Leftovers\n|-damage|p2a: Fezandipiti|70/100|[from] Leech Seed|[of] p1a: Shaymin\n|-heal|p1a: Shaymin|222/298|[silent]\n|upkeep\n|turn|13\n|inactive|Time left: 300 sec this turn | 300 sec total\n|\n|t:|1783539830\n|move|p1a: Shaymin|Seed Flare|p2a: Fezandipiti\n|-supereffective|p2a: Fezandipiti\n|-damage|p2a: Fezandipiti|0 fnt\n|faint|p2a: Fezandipiti\n|\n|-heal|p1a: Shaymin|240/298|[from] item: Leftovers\n|upkeep\n|\n|t:|1783539831\n|switch|p2a: Iron Hands|Iron Hands, L79|100/100\n|turn|14\n|inactive|Time left: 300 sec this turn | 300 sec total\n|\n|t:|1783539832\n|move|p1a: Shaymin|Substitute|p1a: Shaymin\n|-start|p1a: Shaymin|Substitute\n|-damage|p1a: Shaymin|166/298\n|move|p2a: Iron Hands|Drain Punch|p1a: Shaymin\n|-supereffective|p1a: Shaymin\n|-end|p1a: Shaymin|Substitute\n|\n|-heal|p1a: Shaymin|184/298|[from] item: Leftovers\n|upkeep\n|turn|15\n|inactive|Time left: 300 sec this turn | 300 sec total\n|\n|t:|1783539833\n|move|p1a: Shaymin|Leech Seed|p2a: Iron Hands\n|-start|p2a: Iron Hands|move: Leech Seed\n|move|p2a: Iron Hands|Drain Punch|p1a: Shaymin\n|-supereffective|p1a: Shaymin\n|-damage|p1a: Shaymin|0 fnt\n|faint|p1a: Shaymin\n|\n|upkeep\n|inactive|Time left: 300 sec this turn | 300 sec total | 5 sec grace\n|\n|t:|1783539834\n|switch|p1a: Sawsbuck|Sawsbuck-Summer, L88, M|284/284\n|turn|16\n|inactive|Time left: 300 sec this turn | 300 sec total\n|\n|t:|1783539835\n|move|p1a: Sawsbuck|Swords Dance|p1a: Sawsbuck\n|-boost|p1a: Sawsbuck|atk|2\n|move|p2a: Iron Hands|Drain Punch|p1a: Sawsbuck\n|-supereffective|p1a: Sawsbuck\n|-damage|p1a: Sawsbuck|60/284\n|\n|-damage|p2a: Iron Hands|88/100|[from] Leech Seed|[of] p1a: Sawsbuck\n|-heal|p1a: Sawsbuck|106/284|[silent]\n|upkeep\n|turn|17\n|inactive|Time left: 300 sec this turn | 300 sec total\n|\n|t:|1783539836\n|move|p1a: Sawsbuck|Double-Edge|p2a: Iron Hands\n|-damage|p2a: Iron Hands|0 fnt\n|faint|p2a: Iron Hands\n|-end|p2a: Iron Hands|Quark Drive|[silent]\n|-damage|p1a: Sawsbuck|0 fnt|[from] Recoil\n|faint|p1a: Sawsbuck\n|\n|upkeep\n|inactive|Time left: 300 sec this turn | 300 sec total | 5 sec grace\n|\n|t:|1783539838\n|switch|p1a: Quaquaval|Quaquaval, L79, M|264/264\n|switch|p2a: Gastrodon|Gastrodon, L86, M|100/100\n|turn|18\n|inactive|Time left: 300 sec this turn | 300 sec total\n|\n|t:|1783539839\n|move|p1a: Quaquaval|Swords Dance|p1a: Quaquaval\n|-boost|p1a: Quaquaval|atk|2\n|move|p2a: Gastrodon|Earthquake|p1a: Quaquaval\n|-damage|p1a: Quaquaval|158/264\n|\n|upkeep\n|turn|19\n|inactive|Time left: 300 sec this turn | 300 sec total\n|\n|t:|1783539840\n|move|p1a: Quaquaval|Aqua Step|p2a: Gastrodon\n|-ability|p2a: Gastrodon|Storm Drain|boost\n|-boost|p2a: Gastrodon|spa|1\n|move|p2a: Gastrodon|Earthquake|p1a: Quaquaval\n|-damage|p1a: Quaquaval|44/264\n|\n|upkeep\n|turn|20\n|inactive|Time left: 300 sec this turn | 300 sec total\n|\n|t:|1783539841\n|move|p1a: Quaquaval|Close Combat|p2a: Gastrodon\n|-damage|p2a: Gastrodon|0 fnt\n|-unboost|p1a: Quaquaval|def|1\n|-unboost|p1a: Quaquaval|spd|1\n|faint|p2a: Gastrodon\n|-ability|p1a: Quaquaval|Moxie|boost\n|-boost|p1a: Quaquaval|atk|1\n|-damage|p1a: Quaquaval|18/264|[from] item: Life Orb\n|\n|upkeep\n|\n|t:|1783539842\n|switch|p2a: Regidrago|Regidrago, L77|43/100\n|turn|21\n|inactive|Time left: 300 sec this turn | 300 sec total\n|\n|t:|1783539843\n|move|p2a: Regidrago|Outrage|p1a: Quaquaval\n|-damage|p1a: Quaquaval|0 fnt\n|faint|p1a: Quaquaval\n|\n|upkeep\n|inactive|Time left: 300 sec this turn | 300 sec total | 5 sec grace\n|\n|t:|1783539844\n|switch|p1a: Salazzle|Salazzle, L83, F|249/249\n|turn|22\n|inactive|Time left: 300 sec this turn | 300 sec total\n|\n|t:|1783539845\n|move|p2a: Regidrago|Outrage|p1a: Salazzle|[from] lockedmove\n|-crit|p1a: Salazzle\n|-damage|p1a: Salazzle|0 fnt\n|faint|p1a: Salazzle\n|\n|win|p0y0331e34", "uploadtime": 1783539845, "views": 0, "rating": 0, "private": 0, "password": null, "_winner": "p0y0331e34", "_our_name": "p0x033ded9"}