{"id": "battle-gen9randombattle-625", "formatid": "gen9randombattle", "format": "[Gen 9] Random Battle", "players": ["p0x6254be4", "p0y625d75a"], "log": "|init|battle\n|title|p0x6254be4 vs. p0y625d75a\n|j|\u2606p0x6254be4\n|j|\u2606p0y625d75a\n|t:|1783547066\n|gametype|singles\n|player|p1|p0x6254be4|1|\n|player|p2|p0y625d75a|101|\n|gen|9\n|tier|[Gen 9] Random Battle\n|rule|Species Clause: Limit one of each Pok\u00e9mon\n|rule|HP Percentage Mod: HP is shown in percentages\n|rule|Sleep Clause Mod: Limit one foe put to sleep\n|rule|Illusion Level Mod: Illusion disguises the Pok\u00e9mon's true level\n|\n|t:|1783547066\n|teamsize|p1|6\n|teamsize|p2|6\n|start\n|switch|p1a: Basculegion|Basculegion, L80, M|100/100\n|switch|p2a: Gyarados|Gyarados, L79, F|280/280\n|turn|1\n|inactive|Battle timer is ON: inactive players will automatically lose when time's up. (requested by p0x6254be4)\n|inactive|Time left: 300 sec this turn | 300 sec total | 60 sec grace\n|inactive|p0y625d75a also wants the timer to be on.\n|\n|t:|1783547067\n|move|p2a: Gyarados|Dragon Dance|p2a: Gyarados\n|-boost|p2a: Gyarados|atk|1\n|-boost|p2a: Gyarados|spe|1\n|move|p1a: Basculegion|Shadow Ball|p2a: Gyarados\n|-damage|p2a: Gyarados|188/280\n|\n|upkeep\n|turn|2\n|inactive|Time left: 300 sec this turn | 300 sec total\n|\n|t:|1783547069\n|move|p2a: Gyarados|Stone Edge|p1a: Basculegion|[miss]\n|-miss|p2a: Gyarados|p1a: Basculegion\n|move|p1a: Basculegion|Shadow Ball|p2a: Gyarados\n|-damage|p2a: Gyarados|92/280\n|\n|upkeep\n|turn|3\n|inactive|Time left: 300 sec this turn | 300 sec total\n|\n|t:|1783547070\n|move|p2a: Gyarados|Stone Edge|p1a: Basculegion|[miss]\n|-miss|p2a: Gyarados|p1a: Basculegion\n|move|p1a: Basculegion|Wave Crash|p2a: Gyarados\n|-resisted|p2a: Gyarados\n|-damage|p2a: Gyarados|0 fnt\n|faint|p2a: Gyarados\n|-damage|p1a: Basculegion|91/100|[from] Recoil\n|\n|upkeep\n|inactive|Time left: 300 sec this turn | 300 sec total | 5 sec grace\n|\n|t:|1783547071\n|switch|p2a: Oranguru|Oranguru, L92, F|315/315\n|turn|4\n|inactive|Time left: 300 sec this turn | 300 sec total\n|\n|t:|1783547072\n|move|p1a: Basculegion|Wave Crash|p2a: Oranguru\n|-damage|p2a: Oranguru|151/315\n|-damage|p1a: Basculegion|74/100|[from] Recoil\n|move|p2a: Oranguru|Nasty Plot|p2a: Oranguru\n|-boost|p2a: Oranguru|spa|2\n|\n|-heal|p2a: Oranguru|170/315|[from] item: Leftovers\n|upkeep\n|turn|5\n|inactive|Time left: 300 sec this turn | 300 sec total\n|\n|t:|1783547073\n|move|p1a: Basculegion|Wave Crash|p2a: Oranguru\n|-damage|p2a: Oranguru|8/315\n|-damage|p1a: Basculegion|58/100|[from] Recoil\n|move|p2a: Oranguru|Thunderbolt|p1a: Basculegion\n|-supereffective|p1a: Basculegion\n|-damage|p1a: Basculegion|0 fnt\n|faint|p1a: Basculegion\n|\n|-heal|p2a: Oranguru|27/315|[from] item: Leftovers\n|upkeep\n|\n|t:|1783547074\n|switch|p1a: Latios|Latios, L78, M|100/100\n|turn|6\n|inactive|Time left: 300 sec this turn | 300 sec total\n|\n|t:|1783547076\n|move|p1a: Latios|Luster Purge|p2a: Oranguru\n|-resisted|p2a: Oranguru\n|-crit|p2a: Oranguru\n|-damage|p2a: Oranguru|0 fnt\n|faint|p2a: Oranguru\n|\n|upkeep\n|inactive|Time left: 300 sec this turn | 300 sec total | 5 sec grace\n|\n|t:|1783547076\n|switch|p2a: Fezandipiti|Fezandipiti, L82, M|278/278\n|turn|7\n|inactive|Time left: 300 sec this turn | 300 sec total\n|\n|t:|1783547078\n|move|p1a: Latios|Luster Purge|p2a: Fezandipiti\n|-supereffective|p2a: Fezandipiti\n|-damage|p2a: Fezandipiti|38/278\n|move|p2a: Fezandipiti|Moonblast|p1a: Latios\n|-supereffective|p1a: Latios\n|-damage|p1a: Latios|48/100\n|-unboost|p1a: Latios|spa|1\n|\n|-heal|p2a: Fezandipiti|55/278|[from] item: Leftovers\n|upkeep\n|turn|8\n|inactive|Time left: 300 sec this turn | 300 sec total\n|\n|t:|1783547079\n|-terastallize|p2a: Fezandipiti|Dark\n|move|p1a: Latios|Luster Purge|p2a: Fezandipiti\n|-immune|p2a: Fezandipiti\n|move|p2a: Fezandipiti|Roost|p2a: Fezandipiti\n|-heal|p2a: Fezandipiti|194/278\n|\n|-heal|p2a: Fezandipiti|211/278|[from] item: Leftovers\n|upkeep\n|turn|9\n|inactive|Time left: 300 sec this turn | 300 sec total\n|\n|t:|1783547080\n|switch|p1a: Magearna|Magearna, L77|100/100\n|move|p2a: Fezandipiti|Moonblast|p1a: Magearna\n|-resisted|p1a: Magearna\n|-damage|p1a: Magearna|86/100\n|\n|-heal|p2a: Fezandipiti|228/278|[from] item: Leftovers\n|upkeep\n|turn|10\n|inactive|Time left: 300 sec this turn | 300 sec total\n|\n|t:|1783547081\n|move|p2a: Fezandipiti|Moonblast|p1a: Magearna\n|-resisted|p1a: Magearna\n|-damage|p1a: Magearna|73/100\n|move|p1a: Magearna|Shift Gear|p1a: Magearna\n|-boost|p1a: Magearna|spe|2\n|-boost|p1a: Magearna|atk|1\n|\n|-heal|p2a: Fezandipiti|245/278|[from] item: Leftovers\n|upkeep\n|turn|11\n|inactive|Time left: 300 sec this turn | 300 sec total\n|\n|t:|1783547082\n|move|p1a: Magearna|Shift Gear|p1a: Magearna\n|-boost|p1a: Magearna|spe|2\n|-boost|p1a: Magearna|atk|1\n|move|p2a: Fezandipiti|Moonblast|p1a: Magearna\n|-resisted|p1a: Magearna\n|-damage|p1a: Magearna|58/100\n|-unboost|p1a: Magearna|spa|1\n|\n|-heal|p2a: Fezandipiti|262/278|[from] item: Leftovers\n|upkeep\n|turn|12\n|inactive|Time left: 300 sec this turn | 300 sec total\n|\n|t:|1783547083\n|switch|p2a: Cobalion|Cobalion, L80|277/277\n|move|p1a: Magearna|Iron Head|p2a: Cobalion\n|-resisted|p2a: Cobalion\n|-damage|p2a: Cobalion|226/277\n|\n|-heal|p2a: Cobalion|243/277|[from] item: Leftovers\n|upkeep\n|turn|13\n|inactive|Time left: 300 sec this turn | 300 sec total\n|\n|t:|1783547084\n|-terastallize|p1a: Magearna|Ground\n|move|p1a: Magearna|Tera Blast|p2a: Cobalion|[anim] Tera Blast Ground\n|-supereffective|p2a: Cobalion\n|-crit|p2a: Cobalion\n|-damage|p2a: Cobalion|0 fnt\n|faint|p2a: Cobalion\n|-ability|p1a: Magearna|Soul-Heart|boost\n|-boost|p1a: Magearna|spa|1\n|\n|upkeep\n|inactive|Time left: 300 sec this turn | 300 sec total | 5 sec grace\n|\n|t:|1783547085\n|switch|p2a: Fezandipiti|Fezandipiti, L82, M, tera:Dark|262/278\n|turn|14\n|inactive|Time left: 300 sec this turn | 300 sec total\n|\n|t:|1783547086\n|move|p1a: Magearna|Iron Head|p2a: Fezandipiti\n|-crit|p2a: Fezandipiti\n|-damage|p2a: Fezandipiti|55/278\n|cant|p2a: Fezandipiti|flinch\n|\n|-heal|p2a: Fezandipiti|72/278|[from] item: Leftovers\n|upkeep\n|turn|15\n|inactive|Time left: 300 sec this turn | 300 sec total\n|\n|t:|1783547088\n|move|p1a: Magearna|Tera Blast|p2a: Fezandipiti|[anim] Tera Blast Ground\n|-damage|p2a: Fezandipiti|0 fnt\n|faint|p2a: Fezandipiti\n|-ability|p1a: Magearna|Soul-Heart|boost\n|-boost|p1a: Magearna|spa|1\n|\n|upkeep\n|inactive|Time left: 300 sec this turn | 300 sec total | 5 sec grace\n|\n|t:|1783547089\n|switch|p2a: Annihilape|Annihilape, L76, M|292/292\n|turn|16\n|inactive|Time left: 300 sec this turn | 300 sec total\n|\n|t:|1783547090\n|switch|p2a: Salazzle|Salazzle, L83, F|249/249\n|move|p1a: Magearna|Fleur Cannon|p2a: Salazzle\n|-resisted|p2a: Salazzle\n|-damage|p2a: Salazzle|179/249\n|-unboost|p1a: Magearna|spa|2\n|\n|upkeep\n|turn|17\n|inactive|Time left: 300 sec this turn | 300 sec total\n|\n|t:|1783547091\n|move|p1a: Magearna|Tera Blast|p2a: Salazzle|[anim] Tera Blast Ground\n|-supereffective|p2a: Salazzle\n|-damage|p2a: Salazzle|0 fnt\n|faint|p2a: Salazzle\n|-ability|p1a: Magearna|Soul-Heart|boost\n|-boost|p1a: Magearna|spa|1\n|\n|upkeep\n|inactive|Time left: 300 sec this turn | 300 sec total | 5 sec grace\n|\n|t:|1783547092\n|switch|p2a: Annihilape|Annihilape, L76, M|292/292\n|turn|18\n|inactive|Time left: 300 sec this turn | 300 sec total\n|\n|t:|1783547093\n|move|p1a: Magearna|Fleur Cannon|p2a: Annihilape\n|-supereffective|p2a: Annihilape\n|-damage|p2a: Annihilape|0 fnt\n|-unboost|p1a: Magearna|spa|2\n|faint|p2a: Annihilape\n|\n|win|p0x6254be4", "uploadtime": 1783547093, "views": 0, "rating": 0, "private": 0, "password": null, "_winner": "p0x6254be4", "_our_name": "p0y625d75a"}