{"id": "battle-gen9randombattle-2759", "formatid": "gen9randombattle", "format": "[Gen 9] Random Battle", "players": ["p0x275959f0", "p0y2759ea11"], "log": "|init|battle\n|title|p0x275959f0 vs. p0y2759ea11\n|j|\u2606p0x275959f0\n|j|\u2606p0y2759ea11\n|t:|1783570787\n|gametype|singles\n|player|p1|p0x275959f0|266|\n|player|p2|p0y2759ea11|1|\n|gen|9\n|tier|[Gen 9] Random Battle\n|rule|Species Clause: Limit one of each Pok\u00e9mon\n|rule|HP Percentage Mod: HP is shown in percentages\n|rule|Sleep Clause Mod: Limit one foe put to sleep\n|rule|Illusion Level Mod: Illusion disguises the Pok\u00e9mon's true level\n|\n|t:|1783570787\n|teamsize|p1|6\n|teamsize|p2|6\n|start\n|switch|p1a: Cramorant|Cramorant, L86, M|261/261\n|switch|p2a: Bellossom|Bellossom, L84, F|100/100\n|turn|1\n|inactive|Battle timer is ON: inactive players will automatically lose when time's up. (requested by p0y2759ea11)\n|inactive|Time left: 300 sec this turn | 300 sec total | 60 sec grace\n|inactive|p0x275959f0 also wants the timer to be on.\n|\n|t:|1783570789\n|move|p1a: Cramorant|Surf|p2a: Bellossom\n|-formechange|p1a: Cramorant|Cramorant-Gulping|\n|-resisted|p2a: Bellossom\n|-damage|p2a: Bellossom|84/100\n|move|p2a: Bellossom|Quiver Dance|p2a: Bellossom\n|-boost|p2a: Bellossom|spa|1\n|-boost|p2a: Bellossom|spd|1\n|-boost|p2a: Bellossom|spe|1\n|\n|-heal|p2a: Bellossom|90/100|[from] item: Leftovers\n|upkeep\n|turn|2\n|inactive|Time left: 300 sec this turn | 300 sec total\n|\n|t:|1783570790\n|move|p2a: Bellossom|Strength Sap|p1a: Cramorant\n|-unboost|p1a: Cramorant|atk|1\n|-heal|p2a: Bellossom|100/100\n|move|p1a: Cramorant|Brave Bird|p2a: Bellossom\n|-supereffective|p2a: Bellossom\n|-damage|p2a: Bellossom|41/100\n|-damage|p1a: Cramorant|210/261|[from] Recoil\n|\n|-heal|p2a: Bellossom|47/100|[from] item: Leftovers\n|upkeep\n|turn|3\n|inactive|Time left: 300 sec this turn | 300 sec total\n|\n|t:|1783570790\n|move|p2a: Bellossom|Strength Sap|p1a: Cramorant\n|-unboost|p1a: Cramorant|atk|1\n|-heal|p2a: Bellossom|97/100\n|move|p1a: Cramorant|Brave Bird|p2a: Bellossom\n|-supereffective|p2a: Bellossom\n|-damage|p2a: Bellossom|53/100\n|-damage|p1a: Cramorant|172/261|[from] Recoil\n|\n|-heal|p2a: Bellossom|59/100|[from] item: Leftovers\n|upkeep\n|turn|4\n|inactive|Time left: 300 sec this turn | 300 sec total\n|\n|t:|1783570791\n|move|p2a: Bellossom|Quiver Dance|p2a: Bellossom\n|-boost|p2a: Bellossom|spa|1\n|-boost|p2a: Bellossom|spd|1\n|-boost|p2a: Bellossom|spe|1\n|move|p1a: Cramorant|Brave Bird|p2a: Bellossom\n|-supereffective|p2a: Bellossom\n|-damage|p2a: Bellossom|13/100\n|-damage|p1a: Cramorant|132/261|[from] Recoil\n|\n|-heal|p2a: Bellossom|19/100|[from] item: Leftovers\n|upkeep\n|turn|5\n|inactive|Time left: 300 sec this turn | 300 sec total\n|\n|t:|1783570793\n|move|p2a: Bellossom|Giga Drain|p1a: Cramorant\n|-crit|p1a: Cramorant\n|-damage|p1a: Cramorant|0 fnt\n|-heal|p2a: Bellossom|44/100|[from] drain|[of] p1a: Cramorant\n|-damage|p2a: Bellossom|20/100|[from] ability: Gulp Missile|[of] p1a: Cramorant\n|-unboost|p2a: Bellossom|def|1\n|-formechange|p1a: Cramorant|Cramorant|\n|faint|p1a: Cramorant\n|\n|-heal|p2a: Bellossom|26/100|[from] item: Leftovers\n|upkeep\n|inactive|Time left: 300 sec this turn | 300 sec total | 5 sec grace\n|\n|t:|1783570794\n|switch|p1a: Salamence|Salamence, L77, F|273/273\n|turn|6\n|inactive|Time left: 300 sec this turn | 300 sec total\n|\n|t:|1783570794\n|move|p2a: Bellossom|Strength Sap|p1a: Salamence\n|-unboost|p1a: Salamence|atk|1\n|-heal|p2a: Bellossom|100/100\n|move|p1a: Salamence|Dragon Dance|p1a: Salamence\n|-boost|p1a: Salamence|atk|1\n|-boost|p1a: Salamence|spe|1\n|\n|upkeep\n|turn|7\n|inactive|Time left: 300 sec this turn | 300 sec total\n|\n|t:|1783570795\n|-terastallize|p2a: Bellossom|Fairy\n|move|p1a: Salamence|Dual Wingbeat|p2a: Bellossom\n|-damage|p2a: Bellossom|77/100\n|-damage|p2a: Bellossom|50/100\n|-hitcount|p2a: Bellossom|2\n|move|p2a: Bellossom|Moonblast|p1a: Salamence\n|-supereffective|p1a: Salamence\n|-damage|p1a: Salamence|0 fnt\n|faint|p1a: Salamence\n|\n|-heal|p2a: Bellossom|56/100|[from] item: Leftovers\n|upkeep\n|inactive|Time left: 300 sec this turn | 300 sec total | 5 sec grace\n|\n|t:|1783570796\n|switch|p1a: Iron Treads|Iron Treads, L77|265/265\n|turn|8\n|inactive|Time left: 300 sec this turn | 300 sec total\n|\n|t:|1783570797\n|move|p2a: Bellossom|Strength Sap|p1a: Iron Treads\n|-unboost|p1a: Iron Treads|atk|1\n|-heal|p2a: Bellossom|100/100\n|move|p1a: Iron Treads|Iron Head|p2a: Bellossom\n|-supereffective|p2a: Bellossom\n|-damage|p2a: Bellossom|40/100\n|\n|-heal|p2a: Bellossom|47/100|[from] item: Leftovers\n|upkeep\n|turn|9\n|inactive|Time left: 300 sec this turn | 300 sec total\n|\n|t:|1783570798\n|move|p2a: Bellossom|Strength Sap|p1a: Iron Treads\n|-unboost|p1a: Iron Treads|atk|1\n|-heal|p2a: Bellossom|100/100\n|move|p1a: Iron Treads|Iron Head|p2a: Bellossom\n|-supereffective|p2a: Bellossom\n|-damage|p2a: Bellossom|56/100\n|\n|-heal|p2a: Bellossom|62/100|[from] item: Leftovers\n|upkeep\n|turn|10\n|inactive|Time left: 300 sec this turn | 300 sec total\n|\n|t:|1783570799\n|move|p2a: Bellossom|Giga Drain|p1a: Iron Treads\n|-damage|p1a: Iron Treads|75/265\n|-heal|p2a: Bellossom|99/100|[from] drain|[of] p1a: Iron Treads\n|move|p1a: Iron Treads|Stealth Rock|p2a: Bellossom\n|-sidestart|p2: p0y2759ea11|move: Stealth Rock\n|\n|-heal|p2a: Bellossom|100/100|[from] item: Leftovers\n|-heal|p1a: Iron Treads|91/265|[from] item: Leftovers\n|upkeep\n|turn|11\n|inactive|Time left: 300 sec this turn | 300 sec total\n|\n|t:|1783570800\n|move|p2a: Bellossom|Moonblast|p1a: Iron Treads\n|-resisted|p1a: Iron Treads\n|-damage|p1a: Iron Treads|0 fnt\n|faint|p1a: Iron Treads\n|-end|p1a: Iron Treads|Quark Drive|[silent]\n|\n|upkeep\n|inactive|Time left: 300 sec this turn | 300 sec total | 5 sec grace\n|\n|t:|1783570801\n|switch|p1a: Cyclizar|Cyclizar, L84, M|255/255\n|turn|12\n|inactive|Time left: 300 sec this turn | 300 sec total\n|\n|t:|1783570802\n|-terastallize|p1a: Cyclizar|Steel\n|move|p2a: Bellossom|Moonblast|p1a: Cyclizar\n|-resisted|p1a: Cyclizar\n|-damage|p1a: Cyclizar|140/255\n|move|p1a: Cyclizar|Shed Tail|p1a: Cyclizar\n|-start|p1a: Cyclizar|Substitute|[from] move: Shed Tail\n|-damage|p1a: Cyclizar|12/255\n|inactive|Time left: 300 sec this turn | 300 sec total | 5 sec grace\n|\n|t:|1783570803\n|switch|p1a: Basculin|Basculin-Blue-Striped, L86, F|261/261|[from] Shed Tail\n|\n|upkeep\n|turn|13\n|inactive|Time left: 300 sec this turn | 300 sec total\n|\n|t:|1783570803\n|switch|p2a: Zarude|Zarude, L77|100/100\n|-damage|p2a: Zarude|88/100|[from] Stealth Rock\n|move|p1a: Basculin|Wave Crash|p2a: Zarude\n|-resisted|p2a: Zarude\n|-damage|p2a: Zarude|46/100\n|-damage|p1a: Basculin|221/261|[from] Recoil\n|\n|-heal|p2a: Zarude|53/100|[from] item: Leftovers\n|upkeep\n|turn|14\n|inactive|Time left: 300 sec this turn | 300 sec total\n|\n|t:|1783570804\n|move|p1a: Basculin|Wave Crash|p2a: Zarude\n|-resisted|p2a: Zarude\n|-damage|p2a: Zarude|7/100\n|-damage|p1a: Basculin|178/261|[from] Recoil\n|move|p2a: Zarude|Synthesis|p2a: Zarude\n|-heal|p2a: Zarude|57/100\n|\n|-heal|p2a: Zarude|64/100|[from] item: Leftovers\n|upkeep\n|turn|15\n|inactive|Time left: 300 sec this turn | 300 sec total\n|\n|t:|1783570805\n|move|p1a: Basculin|Wave Crash|p2a: Zarude\n|-resisted|p2a: Zarude\n|-damage|p2a: Zarude|19/100\n|-damage|p1a: Basculin|136/261|[from] Recoil\n|move|p2a: Zarude|Synthesis|p2a: Zarude\n|-heal|p2a: Zarude|69/100\n|\n|-heal|p2a: Zarude|75/100|[from] item: Leftovers\n|upkeep\n|turn|16\n|inactive|Time left: 300 sec this turn | 300 sec total\n|\n|t:|1783570807\n|move|p1a: Basculin|Wave Crash|p2a: Zarude\n|-resisted|p2a: Zarude\n|-damage|p2a: Zarude|32/100\n|-damage|p1a: Basculin|95/261|[from] Recoil\n|move|p2a: Zarude|Synthesis|p2a: Zarude\n|-heal|p2a: Zarude|82/100\n|\n|-heal|p2a: Zarude|88/100|[from] item: Leftovers\n|upkeep\n|turn|17\n|inactive|Time left: 300 sec this turn | 300 sec total\n|\n|t:|1783570808\n|move|p1a: Basculin|Wave Crash|p2a: Zarude\n|-resisted|p2a: Zarude\n|-damage|p2a: Zarude|43/100\n|-damage|p1a: Basculin|52/261|[from] Recoil\n|move|p2a: Zarude|Synthesis|p2a: Zarude\n|-heal|p2a: Zarude|93/100\n|\n|-heal|p2a: Zarude|99/100|[from] item: Leftovers\n|upkeep\n|turn|18\n|inactive|Time left: 300 sec this turn | 300 sec total\n|\n|t:|1783570809\n|move|p1a: Basculin|Wave Crash|p2a: Zarude\n|-resisted|p2a: Zarude\n|-damage|p2a: Zarude|57/100\n|-damage|p1a: Basculin|12/261|[from] Recoil\n|move|p2a: Zarude|Swords Dance|p2a: Zarude\n|-boost|p2a: Zarude|atk|2\n|\n|-heal|p2a: Zarude|64/100|[from] item: Leftovers\n|upkeep\n|turn|19\n|inactive|Time left: 300 sec this turn | 300 sec total\n|\n|t:|1783570809\n|move|p1a: Basculin|Wave Crash|p2a: Zarude\n|-resisted|p2a: Zarude\n|-damage|p2a: Zarude|19/100\n|-damage|p1a: Basculin|0 fnt|[from] Recoil\n|faint|p1a: Basculin\n|move|p2a: Zarude|Synthesis|p2a: Zarude\n|-heal|p2a: Zarude|69/100\n|\n|-heal|p2a: Zarude|75/100|[from] item: Leftovers\n|upkeep\n|inactive|Time left: 300 sec this turn | 300 sec total | 5 sec grace\n|\n|t:|1783570810\n|switch|p1a: Cyclizar|Cyclizar, L84, M, tera:Steel|97/255\n|turn|20\n|inactive|Time left: 300 sec this turn | 300 sec total\n|\n|t:|1783570811\n|move|p1a: Cyclizar|Draco Meteor|p2a: Zarude\n|-damage|p2a: Zarude|35/100\n|-unboost|p1a: Cyclizar|spa|2\n|move|p2a: Zarude|Knock Off|p1a: Cyclizar\n|-damage|p1a: Cyclizar|0 fnt\n|-enditem|p1a: Cyclizar|Heavy-Duty Boots|[from] move: Knock Off|[of] p2a: Zarude\n|faint|p1a: Cyclizar\n|\n|-heal|p2a: Zarude|41/100|[from] item: Leftovers\n|upkeep\n|inactive|Time left: 300 sec this turn | 300 sec total | 5 sec grace\n|\n|t:|1783570812\n|switch|p1a: Iron Boulder|Iron Boulder, L77|265/265\n|turn|21\n|inactive|Time left: 300 sec this turn | 300 sec total\n|\n|t:|1783570813\n|move|p1a: Iron Boulder|Close Combat|p2a: Zarude\n|-supereffective|p2a: Zarude\n|-damage|p2a: Zarude|0 fnt\n|-unboost|p1a: Iron Boulder|def|1\n|-unboost|p1a: Iron Boulder|spd|1\n|faint|p2a: Zarude\n|-damage|p1a: Iron Boulder|239/265|[from] item: Life Orb\n|\n|upkeep\n|\n|t:|1783570814\n|switch|p2a: Granbull|Granbull, L88, F|100/100\n|-damage|p2a: Granbull|88/100|[from] Stealth Rock\n|-ability|p2a: Granbull|Intimidate|boost\n|-unboost|p1a: Iron Boulder|atk|1\n|turn|22\n|inactive|Time left: 300 sec this turn | 300 sec total\n|\n|t:|1783570815\n|move|p1a: Iron Boulder|Zen Headbutt|p2a: Granbull\n|-damage|p2a: Granbull|62/100\n|-damage|p1a: Iron Boulder|213/265|[from] item: Life Orb\n|move|p2a: Granbull|Earthquake|p1a: Iron Boulder\n|-supereffective|p1a: Iron Boulder\n|-damage|p1a: Iron Boulder|0 fnt\n|faint|p1a: Iron Boulder\n|-end|p1a: Iron Boulder|Quark Drive|[silent]\n|\n|win|p0y2759ea11", "uploadtime": 1783570815, "views": 0, "rating": 0, "private": 0, "password": null, "_winner": "p0y2759ea11", "_our_name": "p0x275959f0"}