{"id": "battle-gen9randombattle-2607", "formatid": "gen9randombattle", "format": "[Gen 9] Random Battle", "players": ["p0x260701b8", "p0y26077c08"], "log": "|init|battle\n|title|p0x260701b8 vs. p0y26077c08\n|j|\u2606p0x260701b8\n|j|\u2606p0y26077c08\n|t:|1783570107\n|gametype|singles\n|player|p1|p0x260701b8|266|\n|player|p2|p0y26077c08|101|\n|gen|9\n|tier|[Gen 9] Random Battle\n|rule|Species Clause: Limit one of each Pok\u00e9mon\n|rule|HP Percentage Mod: HP is shown in percentages\n|rule|Sleep Clause Mod: Limit one foe put to sleep\n|rule|Illusion Level Mod: Illusion disguises the Pok\u00e9mon's true level\n|\n|t:|1783570107\n|teamsize|p1|6\n|teamsize|p2|6\n|start\n|switch|p1a: Giratina|Giratina-Origin, L72|100/100\n|switch|p2a: Magnezone|Magnezone, L85|258/258\n|turn|1\n|inactive|Battle timer is ON: inactive players will automatically lose when time's up. (requested by p0x260701b8)\n|inactive|Time left: 300 sec this turn | 300 sec total | 60 sec grace\n|inactive|p0y26077c08 also wants the timer to be on.\n|\n|t:|1783570108\n|switch|p1a: Lurantis|Lurantis, L87, F|100/100\n|move|p2a: Magnezone|Flash Cannon|p1a: Lurantis\n|-damage|p1a: Lurantis|66/100\n|\n|upkeep\n|turn|2\n|inactive|Time left: 300 sec this turn | 300 sec total\n|\n|t:|1783570110\n|move|p2a: Magnezone|Flash Cannon|p1a: Lurantis\n|-damage|p1a: Lurantis|39/100\n|move|p1a: Lurantis|Superpower|p2a: Magnezone\n|-supereffective|p2a: Magnezone\n|-damage|p2a: Magnezone|102/258\n|-boost|p1a: Lurantis|atk|1\n|-boost|p1a: Lurantis|def|1\n|\n|upkeep\n|turn|3\n|inactive|Time left: 300 sec this turn | 300 sec total\n|\n|t:|1783570111\n|move|p2a: Magnezone|Flash Cannon|p1a: Lurantis\n|-damage|p1a: Lurantis|12/100\n|move|p1a: Lurantis|Superpower|p2a: Magnezone\n|-supereffective|p2a: Magnezone\n|-damage|p2a: Magnezone|0 fnt\n|-boost|p1a: Lurantis|atk|1\n|-boost|p1a: Lurantis|def|1\n|faint|p2a: Magnezone\n|\n|upkeep\n|inactive|Time left: 300 sec this turn | 300 sec total | 5 sec grace\n|\n|t:|1783570112\n|switch|p2a: Primarina|Primarina, L83, F|268/268\n|turn|4\n|inactive|Time left: 300 sec this turn | 300 sec total\n|\n|t:|1783570113\n|switch|p1a: Manaphy|Manaphy, L78|100/100\n|move|p2a: Primarina|Moonblast|p1a: Manaphy\n|-damage|p1a: Manaphy|34/100\n|\n|-heal|p1a: Manaphy|40/100|[from] item: Leftovers\n|upkeep\n|turn|5\n|inactive|Time left: 300 sec this turn | 300 sec total\n|\n|t:|1783570114\n|move|p1a: Manaphy|Energy Ball|p2a: Primarina\n|-supereffective|p2a: Primarina\n|-damage|p2a: Primarina|170/268\n|move|p2a: Primarina|Moonblast|p1a: Manaphy\n|-damage|p1a: Manaphy|0 fnt\n|faint|p1a: Manaphy\n|\n|upkeep\n|\n|t:|1783570115\n|switch|p1a: Mismagius|Mismagius, L86, F|100/100\n|turn|6\n|inactive|Time left: 300 sec this turn | 300 sec total\n|\n|t:|1783570116\n|move|p1a: Mismagius|Thunderbolt|p2a: Primarina\n|-supereffective|p2a: Primarina\n|-damage|p2a: Primarina|0 fnt\n|faint|p2a: Primarina\n|\n|upkeep\n|inactive|Time left: 300 sec this turn | 300 sec total | 5 sec grace\n|\n|t:|1783570117\n|switch|p2a: Mismagius|Mismagius, L86, F|243/243\n|turn|7\n|inactive|Time left: 300 sec this turn | 300 sec total\n|\n|t:|1783570118\n|move|p1a: Mismagius|Thunderbolt|p2a: Mismagius\n|-damage|p2a: Mismagius|149/243\n|-status|p2a: Mismagius|par\n|cant|p2a: Mismagius|par\n|\n|upkeep\n|turn|8\n|inactive|Time left: 300 sec this turn | 300 sec total\n|\n|t:|1783570120\n|move|p1a: Mismagius|Thunderbolt|p2a: Mismagius\n|-damage|p2a: Mismagius|52/243 par\n|move|p2a: Mismagius|Shadow Ball|p1a: Mismagius\n|-supereffective|p1a: Mismagius\n|-damage|p1a: Mismagius|20/100\n|-damage|p2a: Mismagius|28/243 par|[from] item: Life Orb\n|\n|upkeep\n|turn|9\n|inactive|Time left: 300 sec this turn | 300 sec total\n|\n|t:|1783570121\n|switch|p2a: Rhyperior|Rhyperior, L82, M|323/323\n|move|p1a: Mismagius|Thunderbolt|p2a: Rhyperior\n|-immune|p2a: Rhyperior\n|\n|upkeep\n|turn|10\n|inactive|Time left: 300 sec this turn | 300 sec total\n|\n|t:|1783570122\n|switch|p1a: Giratina|Giratina-Origin, L72|100/100\n|move|p2a: Rhyperior|Ice Punch|p1a: Giratina\n|-supereffective|p1a: Giratina\n|-damage|p1a: Giratina|55/100\n|-status|p1a: Giratina|frz\n|\n|upkeep\n|turn|11\n|inactive|Time left: 300 sec this turn | 300 sec total\n|\n|t:|1783570123\n|switch|p1a: Magcargo|Magcargo, L95, F|100/100\n|move|p2a: Rhyperior|Ice Punch|p1a: Magcargo\n|-resisted|p1a: Magcargo\n|-damage|p1a: Magcargo|92/100\n|\n|upkeep\n|turn|12\n|inactive|Time left: 300 sec this turn | 300 sec total\n|\n|t:|1783570124\n|move|p2a: Rhyperior|Earthquake|p1a: Magcargo\n|-supereffective|p1a: Magcargo\n|-damage|p1a: Magcargo|0 fnt\n|faint|p1a: Magcargo\n|\n|upkeep\n|\n|t:|1783570125\n|switch|p1a: Mismagius|Mismagius, L86, F|20/100\n|turn|13\n|inactive|Time left: 300 sec this turn | 300 sec total\n|\n|t:|1783570126\n|move|p1a: Mismagius|Energy Ball|p2a: Rhyperior\n|-supereffective|p2a: Rhyperior\n|-damage|p2a: Rhyperior|26/323\n|move|p2a: Rhyperior|Ice Punch|p1a: Mismagius\n|-damage|p1a: Mismagius|0 fnt\n|faint|p1a: Mismagius\n|\n|upkeep\n|\n|t:|1783570127\n|switch|p1a: Lurantis|Lurantis, L87, F|12/100\n|turn|14\n|inactive|Time left: 300 sec this turn | 300 sec total\n|\n|t:|1783570128\n|switch|p2a: Mismagius|Mismagius, L86, F|28/243 par\n|move|p1a: Lurantis|Leaf Storm|p2a: Mismagius\n|-damage|p2a: Mismagius|0 fnt\n|-boost|p1a: Lurantis|spa|2\n|faint|p2a: Mismagius\n|\n|upkeep\n|inactive|Time left: 300 sec this turn | 300 sec total | 5 sec grace\n|\n|t:|1783570129\n|switch|p2a: Brute Bonnet|Brute Bonnet, L80|309/309\n|turn|15\n|inactive|Time left: 300 sec this turn | 300 sec total\n|\n|t:|1783570130\n|move|p2a: Brute Bonnet|Crunch|p1a: Lurantis\n|-damage|p1a: Lurantis|0 fnt\n|faint|p1a: Lurantis\n|\n|upkeep\n|\n|t:|1783570131\n|switch|p1a: Ogerpon|Ogerpon-Cornerstone, L76, F|100/100\n|turn|16\n|inactive|Time left: 300 sec this turn | 300 sec total\n|\n|t:|1783570132\n|move|p1a: Ogerpon|Ivy Cudgel|p2a: Brute Bonnet|[anim] Ivy Cudgel Rock\n|-damage|p2a: Brute Bonnet|182/309\n|move|p2a: Brute Bonnet|Close Combat|p1a: Ogerpon\n|-supereffective|p1a: Ogerpon\n|-damage|p1a: Ogerpon|3/100\n|-unboost|p2a: Brute Bonnet|def|1\n|-unboost|p2a: Brute Bonnet|spd|1\n|\n|-heal|p2a: Brute Bonnet|201/309|[from] item: Leftovers\n|upkeep\n|turn|17\n|inactive|Time left: 300 sec this turn | 300 sec total\n|\n|t:|1783570133\n|move|p2a: Brute Bonnet|Sucker Punch||[still]\n|-fail|p2a: Brute Bonnet\n|move|p1a: Ogerpon|Synthesis|p1a: Ogerpon\n|-heal|p1a: Ogerpon|53/100\n|\n|-heal|p2a: Brute Bonnet|220/309|[from] item: Leftovers\n|upkeep\n|turn|18\n|inactive|Time left: 300 sec this turn | 300 sec total\n|\n|t:|1783570134\n|-terastallize|p2a: Brute Bonnet|Fighting\n|move|p1a: Ogerpon|Synthesis|p1a: Ogerpon\n|-heal|p1a: Ogerpon|100/100\n|move|p2a: Brute Bonnet|Close Combat|p1a: Ogerpon\n|-supereffective|p1a: Ogerpon\n|-ability|p1a: Ogerpon|Sturdy\n|-damage|p1a: Ogerpon|1/100\n|-unboost|p2a: Brute Bonnet|def|1\n|-unboost|p2a: Brute Bonnet|spd|1\n|\n|-heal|p2a: Brute Bonnet|239/309|[from] item: Leftovers\n|upkeep\n|turn|19\n|inactive|Time left: 300 sec this turn | 300 sec total\n|\n|t:|1783570135\n|move|p1a: Ogerpon|Power Whip|p2a: Brute Bonnet\n|-damage|p2a: Brute Bonnet|0 fnt\n|faint|p2a: Brute Bonnet\n|-end|p2a: Brute Bonnet|Protosynthesis|[silent]\n|\n|upkeep\n|inactive|Time left: 300 sec this turn | 300 sec total | 5 sec grace\n|\n|t:|1783570136\n|switch|p2a: Cinderace|Cinderace, L77, M|250/250\n|turn|20\n|inactive|Time left: 300 sec this turn | 300 sec total\n|\n|t:|1783570136\n|switch|p1a: Giratina|Giratina-Origin, L72|55/100 frz\n|move|p2a: Cinderace|U-turn|p1a: Giratina\n|-start|p2a: Cinderace|typechange|Bug|[from] ability: Libero\n|-resisted|p1a: Giratina\n|-damage|p1a: Giratina|44/100 frz\n|inactive|Time left: 300 sec this turn | 300 sec total | 5 sec grace\n|\n|t:|1783570137\n|switch|p2a: Rhyperior|Rhyperior, L82, M|26/323|[from] U-turn\n|\n|upkeep\n|turn|21\n|inactive|Time left: 300 sec this turn | 300 sec total\n|\n|t:|1783570138\n|cant|p1a: Giratina|frz\n|move|p2a: Rhyperior|Ice Punch|p1a: Giratina\n|-supereffective|p1a: Giratina\n|-damage|p1a: Giratina|1/100 frz\n|\n|upkeep\n|turn|22\n|inactive|Time left: 300 sec this turn | 300 sec total\n|\n|t:|1783570139\n|cant|p1a: Giratina|frz\n|move|p2a: Rhyperior|Ice Punch|p1a: Giratina\n|-supereffective|p1a: Giratina\n|-damage|p1a: Giratina|0 fnt\n|faint|p1a: Giratina\n|\n|upkeep\n|\n|t:|1783570140\n|switch|p1a: Ogerpon|Ogerpon-Cornerstone, L76, F|1/100\n|turn|23\n|inactive|Time left: 300 sec this turn | 300 sec total\n|\n|t:|1783570141\n|-terastallize|p1a: Ogerpon|Rock\n|detailschange|p1a: Ogerpon|Ogerpon-Cornerstone-Tera, L76, F, tera:Rock\n|-ability|p1a: Ogerpon|Embody Aspect (Cornerstone)|boost\n|-boost|p1a: Ogerpon|def|1\n|move|p1a: Ogerpon|Synthesis|p1a: Ogerpon\n|-heal|p1a: Ogerpon|51/100\n|move|p2a: Rhyperior|Earthquake|p1a: Ogerpon\n|-supereffective|p1a: Ogerpon\n|-damage|p1a: Ogerpon|0 fnt\n|faint|p1a: Ogerpon\n|detailschange|p1: Ogerpon|Ogerpon-Cornerstone, L76, F|[silent]\n|\n|win|p0y26077c08", "uploadtime": 1783570141, "views": 0, "rating": 0, "private": 0, "password": null, "_winner": "p0y26077c08", "_our_name": "p0y26077c08"}