{"id": "battle-gen9randombattle-46", "formatid": "gen9randombattle", "format": "[Gen 9] Random Battle", "players": ["p0x046d090", "p0y046ab9a"], "log": "|init|battle\n|title|p0x046d090 vs. p0y046ab9a\n|j|\u2606p0x046d090\n|j|\u2606p0y046ab9a\n|t:|1783533749\n|gametype|singles\n|player|p1|p0x046d090|102|\n|player|p2|p0y046ab9a|101|\n|gen|9\n|tier|[Gen 9] Random Battle\n|rule|Species Clause: Limit one of each Pok\u00e9mon\n|rule|HP Percentage Mod: HP is shown in percentages\n|rule|Sleep Clause Mod: Limit one foe put to sleep\n|rule|Illusion Level Mod: Illusion disguises the Pok\u00e9mon's true level\n|\n|t:|1783533749\n|teamsize|p1|6\n|teamsize|p2|6\n|start\n|switch|p1a: Raichu|Raichu-Alola, L87, F|246/246\n|switch|p2a: Lanturn|Lanturn, L89, F|100/100\n|turn|1\n|inactive|Battle timer is ON: inactive players will automatically lose when time's up. (requested by p0x046d090)\n|inactive|p0y046ab9a also wants the timer to be on.\n|\n|t:|1783533751\n|move|p1a: Raichu|Nasty Plot|p1a: Raichu\n|-boost|p1a: Raichu|spa|2\n|move|p2a: Lanturn|Ice Beam|p1a: Raichu\n|-damage|p1a: Raichu|188/246\n|\n|upkeep\n|turn|2\n|inactive|Time left: 300 sec this turn | 300 sec total\n|\n|t:|1783533752\n|move|p1a: Raichu|Psyshock|p2a: Lanturn\n|-damage|p2a: Lanturn|28/100\n|-damage|p1a: Raichu|164/246|[from] item: Life Orb\n|move|p2a: Lanturn|Scald|p1a: Raichu\n|-damage|p1a: Raichu|89/246\n|\n|-heal|p2a: Lanturn|34/100|[from] item: Leftovers\n|upkeep\n|turn|3\n|inactive|Time left: 300 sec this turn | 300 sec total\n|\n|t:|1783533754\n|move|p1a: Raichu|Psyshock|p2a: Lanturn\n|-crit|p2a: Lanturn\n|-damage|p2a: Lanturn|0 fnt\n|faint|p2a: Lanturn\n|-damage|p1a: Raichu|65/246|[from] item: Life Orb\n|\n|upkeep\n|\n|t:|1783533755\n|switch|p2a: Meganium|Meganium, L90, M|100/100\n|turn|4\n|inactive|Time left: 300 sec this turn | 300 sec total\n|\n|t:|1783533756\n|move|p1a: Raichu|Psyshock|p2a: Meganium\n|-damage|p2a: Meganium|29/100\n|-damage|p1a: Raichu|41/246|[from] item: Life Orb\n|move|p2a: Meganium|Knock Off|p1a: Raichu\n|-supereffective|p1a: Raichu\n|-damage|p1a: Raichu|0 fnt\n|-enditem|p1a: Raichu|Life Orb|[from] move: Knock Off|[of] p2a: Meganium\n|faint|p1a: Raichu\n|\n|-heal|p2a: Meganium|35/100|[from] item: Leftovers\n|upkeep\n|inactive|Time left: 300 sec this turn | 300 sec total | 5 sec grace\n|\n|t:|1783533757\n|switch|p1a: Dragonite|Dragonite, L74, M|257/257\n|turn|5\n|inactive|Time left: 300 sec this turn | 300 sec total\n|\n|t:|1783533758\n|move|p2a: Meganium|Knock Off|p1a: Dragonite\n|-damage|p1a: Dragonite|217/257\n|-enditem|p1a: Dragonite|Heavy-Duty Boots|[from] move: Knock Off|[of] p2a: Meganium\n|move|p1a: Dragonite|Dragon Dance|p1a: Dragonite\n|-boost|p1a: Dragonite|atk|1\n|-boost|p1a: Dragonite|spe|1\n|\n|-heal|p2a: Meganium|41/100|[from] item: Leftovers\n|upkeep\n|turn|6\n|inactive|Time left: 300 sec this turn | 300 sec total\n|\n|t:|1783533759\n|switch|p2a: Iron Valiant|Iron Valiant, L78|100/100\n|move|p1a: Dragonite|Outrage|p2a: Iron Valiant\n|-immune|p2a: Iron Valiant\n|\n|upkeep\n|turn|7\n|inactive|Time left: 300 sec this turn | 300 sec total\n|\n|t:|1783533760\n|-terastallize|p1a: Dragonite|Flying\n|move|p1a: Dragonite|Tera Blast|p2a: Iron Valiant|[anim] Tera Blast Flying\n|-supereffective|p2a: Iron Valiant\n|-damage|p2a: Iron Valiant|0 fnt\n|faint|p2a: Iron Valiant\n|-end|p2a: Iron Valiant|Quark Drive|[silent]\n|\n|upkeep\n|\n|t:|1783533761\n|switch|p2a: Bellibolt|Bellibolt, L84, M|100/100\n|turn|8\n|inactive|Time left: 300 sec this turn | 300 sec total\n|\n|t:|1783533762\n|move|p1a: Dragonite|Outrage|p2a: Bellibolt\n|-damage|p2a: Bellibolt|46/100\n|-start|p2a: Bellibolt|Charge|Outrage|[from] ability: Electromorphosis\n|move|p2a: Bellibolt|Thunderbolt|p1a: Dragonite\n|-supereffective|p1a: Dragonite\n|-damage|p1a: Dragonite|0 fnt\n|faint|p1a: Dragonite\n|-end|p2a: Bellibolt|Charge|[silent]\n|\n|-heal|p2a: Bellibolt|52/100|[from] item: Leftovers\n|upkeep\n|inactive|Time left: 300 sec this turn | 300 sec total | 5 sec grace\n|\n|t:|1783533763\n|switch|p1a: Exeggutor|Exeggutor, L89, M|312/312\n|turn|9\n|inactive|Time left: 300 sec this turn | 300 sec total\n|\n|t:|1783533764\n|move|p1a: Exeggutor|Psychic Noise|p2a: Bellibolt\n|-damage|p2a: Bellibolt|17/100\n|-start|p2a: Bellibolt|move: Heal Block\n|-start|p2a: Bellibolt|Charge|Psychic Noise|[from] ability: Electromorphosis\n|cant|p2a: Bellibolt|move: Heal Block|Slack Off\n|\n|upkeep\n|turn|10\n|inactive|Time left: 300 sec this turn | 300 sec total\n|\n|t:|1783533766\n|move|p1a: Exeggutor|Psychic Noise|p2a: Bellibolt\n|-damage|p2a: Bellibolt|0 fnt\n|faint|p2a: Bellibolt\n|\n|upkeep\n|\n|t:|1783533766\n|switch|p2a: Lilligant|Lilligant, L86, F|100/100\n|turn|11\n|inactive|Time left: 300 sec this turn | 300 sec total\n|\n|t:|1783533767\n|move|p2a: Lilligant|Quiver Dance|p2a: Lilligant\n|-boost|p2a: Lilligant|spa|1\n|-boost|p2a: Lilligant|spd|1\n|-boost|p2a: Lilligant|spe|1\n|move|p1a: Exeggutor|Sludge Bomb|p2a: Lilligant\n|-supereffective|p2a: Lilligant\n|-damage|p2a: Lilligant|51/100\n|\n|upkeep\n|turn|12\n|inactive|Time left: 300 sec this turn | 300 sec total\n|\n|t:|1783533768\n|move|p2a: Lilligant|Petal Dance|p1a: Exeggutor\n|-resisted|p1a: Exeggutor\n|-damage|p1a: Exeggutor|161/312\n|-damage|p2a: Lilligant|41/100|[from] item: Life Orb\n|move|p1a: Exeggutor|Sludge Bomb|p2a: Lilligant\n|-supereffective|p2a: Lilligant\n|-damage|p2a: Lilligant|0 fnt\n|faint|p2a: Lilligant\n|\n|upkeep\n|\n|t:|1783533769\n|switch|p2a: Meganium|Meganium, L90, M|41/100\n|turn|13\n|inactive|Time left: 300 sec this turn | 300 sec total\n|\n|t:|1783533770\n|-terastallize|p2a: Meganium|Ground\n|move|p2a: Meganium|Swords Dance|p2a: Meganium\n|-boost|p2a: Meganium|atk|2\n|move|p1a: Exeggutor|Sludge Bomb|p2a: Meganium\n|-resisted|p2a: Meganium\n|-damage|p2a: Meganium|29/100\n|\n|-heal|p2a: Meganium|35/100|[from] item: Leftovers\n|upkeep\n|turn|14\n|inactive|Time left: 300 sec this turn | 300 sec total\n|\n|t:|1783533771\n|switch|p1a: Eiscue|Eiscue, L88, M|274/274\n|move|p2a: Meganium|Knock Off|p1a: Eiscue\n|-activate|p1a: Eiscue|ability: Ice Face\n|-damage|p1a: Eiscue|274/274\n|-enditem|p1a: Eiscue|Sitrus Berry|[from] move: Knock Off|[of] p2a: Meganium\n|detailschange|p1a: Eiscue|Eiscue-Noice, L88, M\n|\n|-heal|p2a: Meganium|42/100|[from] item: Leftovers\n|upkeep\n|turn|15\n|inactive|Time left: 300 sec this turn | 300 sec total\n|\n|t:|1783533772\n|switch|p2a: Coalossal|Coalossal, L89, M|100/100\n|move|p1a: Eiscue|Ice Spinner|p2a: Coalossal\n|-resisted|p2a: Coalossal\n|-damage|p2a: Coalossal|92/100\n|\n|upkeep\n|turn|16\n|inactive|Time left: 300 sec this turn | 300 sec total\n|\n|t:|1783533772\n|switch|p1a: Golduck|Golduck, L90, F|290/290\n|-ability|p1a: Golduck|Cloud Nine\n|move|p2a: Coalossal|Overheat|p1a: Golduck\n|-resisted|p1a: Golduck\n|-damage|p1a: Golduck|224/290\n|-unboost|p2a: Coalossal|spa|2\n|\n|-heal|p1a: Golduck|242/290|[from] item: Leftovers\n|upkeep\n|turn|17\n|inactive|Time left: 300 sec this turn | 300 sec total\n|\n|t:|1783533773\n|switch|p2a: Meganium|Meganium, L90, M, tera:Ground|42/100\n|move|p1a: Golduck|Hydro Pump|p2a: Meganium\n|-supereffective|p2a: Meganium\n|-damage|p2a: Meganium|0 fnt\n|faint|p2a: Meganium\n|\n|-heal|p1a: Golduck|260/290|[from] item: Leftovers\n|upkeep\n|\n|t:|1783533773\n|switch|p2a: Coalossal|Coalossal, L89, M|92/100\n|turn|18\n|inactive|Time left: 300 sec this turn | 300 sec total\n|\n|t:|1783533774\n|move|p1a: Golduck|Hydro Pump|p2a: Coalossal\n|-supereffective|p2a: Coalossal\n|-damage|p2a: Coalossal|0 fnt\n|faint|p2a: Coalossal\n|\n|win|p0x046d090", "uploadtime": 1783533774, "views": 0, "rating": 0, "private": 0, "password": null, "_winner": "p0x046d090", "_our_name": "p0x046d090"}