{"id": "battle-gen9randombattle-196", "formatid": "gen9randombattle", "format": "[Gen 9] Random Battle", "players": ["p0x1968d39", "p0y196f3ba"], "log": "|init|battle\n|title|p0x1968d39 vs. p0y196f3ba\n|j|\u2606p0x1968d39\n|j|\u2606p0y196f3ba\n|t:|1783535519\n|gametype|singles\n|player|p1|p0x1968d39|170|\n|player|p2|p0y196f3ba|266|\n|gen|9\n|tier|[Gen 9] Random Battle\n|rule|Species Clause: Limit one of each Pok\u00e9mon\n|rule|HP Percentage Mod: HP is shown in percentages\n|rule|Sleep Clause Mod: Limit one foe put to sleep\n|rule|Illusion Level Mod: Illusion disguises the Pok\u00e9mon's true level\n|\n|t:|1783535519\n|teamsize|p1|6\n|teamsize|p2|6\n|start\n|switch|p1a: Vaporeon|Vaporeon, L86, M|364/364\n|switch|p2a: Pachirisu|Pachirisu, L96, M|100/100\n|turn|1\n|inactive|Battle timer is ON: inactive players will automatically lose when time's up. (requested by p0y196f3ba)\n|inactive|Time left: 300 sec this turn | 300 sec total | 60 sec grace\n|inactive|p0x1968d39 also wants the timer to be on.\n|\n|t:|1783535521\n|move|p2a: Pachirisu|Super Fang|p1a: Vaporeon\n|-damage|p1a: Vaporeon|182/364\n|move|p1a: Vaporeon|Scald|p2a: Pachirisu\n|-damage|p2a: Pachirisu|79/100\n|\n|-heal|p1a: Vaporeon|204/364|[from] item: Leftovers\n|upkeep\n|turn|2\n|inactive|Time left: 300 sec this turn | 300 sec total\n|\n|t:|1783535522\n|move|p2a: Pachirisu|Thunderbolt|p1a: Vaporeon\n|-supereffective|p1a: Vaporeon\n|-damage|p1a: Vaporeon|70/364\n|move|p1a: Vaporeon|Scald|p2a: Pachirisu\n|-damage|p2a: Pachirisu|57/100\n|\n|-heal|p1a: Vaporeon|92/364|[from] item: Leftovers\n|upkeep\n|turn|3\n|inactive|Time left: 300 sec this turn | 300 sec total\n|\n|t:|1783535523\n|move|p1a: Vaporeon|Protect|p1a: Vaporeon\n|-singleturn|p1a: Vaporeon|Protect\n|move|p2a: Pachirisu|Thunderbolt|p1a: Vaporeon\n|-activate|p1a: Vaporeon|move: Protect\n|\n|-heal|p1a: Vaporeon|114/364|[from] item: Leftovers\n|upkeep\n|turn|4\n|inactive|Time left: 300 sec this turn | 300 sec total\n|\n|t:|1783535524\n|switch|p1a: Whiscash|Whiscash, L88, M|337/337\n|move|p2a: Pachirisu|Thunderbolt|p1a: Whiscash\n|-immune|p1a: Whiscash\n|\n|upkeep\n|turn|5\n|inactive|Time left: 300 sec this turn | 300 sec total\n|\n|t:|1783535526\n|move|p2a: Pachirisu|Super Fang|p1a: Whiscash\n|-damage|p1a: Whiscash|169/337\n|move|p1a: Whiscash|Earthquake|p2a: Pachirisu\n|-supereffective|p2a: Pachirisu\n|-damage|p2a: Pachirisu|0 fnt\n|faint|p2a: Pachirisu\n|\n|-heal|p1a: Whiscash|190/337|[from] item: Leftovers\n|upkeep\n|\n|t:|1783535527\n|switch|p2a: Ogerpon|Ogerpon-Hearthflame, L74, F|100/100\n|-ability|p2a: Ogerpon|Mold Breaker\n|turn|6\n|inactive|Time left: 300 sec this turn | 300 sec total\n|\n|t:|1783535528\n|move|p2a: Ogerpon|Power Whip|p1a: Whiscash\n|-supereffective|p1a: Whiscash\n|-damage|p1a: Whiscash|0 fnt\n|faint|p1a: Whiscash\n|\n|upkeep\n|inactive|Time left: 300 sec this turn | 300 sec total | 5 sec grace\n|\n|t:|1783535528\n|switch|p1a: Staraptor|Staraptor, L79, M|263/263\n|turn|7\n|inactive|Time left: 300 sec this turn | 300 sec total\n|\n|t:|1783535529\n|-terastallize|p2a: Ogerpon|Fire\n|detailschange|p2a: Ogerpon|Ogerpon-Hearthflame-Tera, L74, F, tera:Fire\n|-ability|p2a: Ogerpon|Embody Aspect (Hearthflame)|boost\n|-boost|p2a: Ogerpon|atk|1\n|move|p2a: Ogerpon|Ivy Cudgel|p1a: Staraptor|[anim] Ivy Cudgel Fire\n|-damage|p1a: Staraptor|0 fnt\n|faint|p1a: Staraptor\n|\n|upkeep\n|inactive|Time left: 300 sec this turn | 300 sec total | 5 sec grace\n|\n|t:|1783535530\n|switch|p1a: Palossand|Palossand, L89, M|296/296\n|turn|8\n|inactive|Time left: 300 sec this turn | 300 sec total\n|\n|t:|1783535531\n|-terastallize|p1a: Palossand|Poison\n|move|p2a: Ogerpon|Power Whip|p1a: Palossand\n|-resisted|p1a: Palossand\n|-damage|p1a: Palossand|215/296\n|move|p1a: Palossand|Earth Power|p2a: Ogerpon\n|-supereffective|p2a: Ogerpon\n|-damage|p2a: Ogerpon|10/100\n|\n|-heal|p1a: Palossand|233/296|[from] item: Leftovers\n|upkeep\n|turn|9\n|inactive|Time left: 300 sec this turn | 300 sec total\n|\n|t:|1783535532\n|move|p2a: Ogerpon|Ivy Cudgel|p1a: Palossand|[anim] Ivy Cudgel Fire\n|-damage|p1a: Palossand|41/296\n|move|p1a: Palossand|Sludge Bomb|p2a: Ogerpon\n|-damage|p2a: Ogerpon|0 fnt\n|faint|p2a: Ogerpon\n|detailschange|p2: Ogerpon|Ogerpon-Hearthflame, L74, F|[silent]\n|\n|-heal|p1a: Palossand|59/296|[from] item: Leftovers\n|upkeep\n|\n|t:|1783535533\n|switch|p2a: Azumarill|Azumarill, L82, M|100/100\n|turn|10\n|inactive|Time left: 300 sec this turn | 300 sec total\n|\n|t:|1783535534\n|switch|p1a: Vaporeon|Vaporeon, L86, M|114/364\n|move|p2a: Azumarill|Knock Off|p1a: Vaporeon\n|-damage|p1a: Vaporeon|0 fnt\n|-enditem|p1a: Vaporeon|Leftovers|[from] move: Knock Off|[of] p2a: Azumarill\n|faint|p1a: Vaporeon\n|\n|upkeep\n|inactive|Time left: 300 sec this turn | 300 sec total | 5 sec grace\n|\n|t:|1783535535\n|switch|p1a: Chien-Pao|Chien-Pao, L72|234/234\n|-ability|p1a: Chien-Pao|Sword of Ruin\n|turn|11\n|inactive|Time left: 300 sec this turn | 300 sec total\n|\n|t:|1783535536\n|move|p1a: Chien-Pao|Swords Dance|p1a: Chien-Pao\n|-boost|p1a: Chien-Pao|atk|2\n|move|p2a: Azumarill|Knock Off|p1a: Chien-Pao\n|-resisted|p1a: Chien-Pao\n|-damage|p1a: Chien-Pao|154/234\n|-enditem|p1a: Chien-Pao|Heavy-Duty Boots|[from] move: Knock Off|[of] p2a: Azumarill\n|\n|upkeep\n|turn|12\n|inactive|Time left: 300 sec this turn | 300 sec total\n|\n|t:|1783535537\n|switch|p2a: Meowscarada|Meowscarada, L78, F|100/100\n|move|p1a: Chien-Pao|Throat Chop|p2a: Meowscarada\n|-resisted|p2a: Meowscarada\n|-damage|p2a: Meowscarada|49/100\n|-start|p2a: Meowscarada|Throat Chop|[silent]\n|\n|upkeep\n|turn|13\n|inactive|Time left: 300 sec this turn | 300 sec total\n|\n|t:|1783535538\n|move|p1a: Chien-Pao|Sucker Punch|p2a: Meowscarada\n|-resisted|p2a: Meowscarada\n|-damage|p2a: Meowscarada|2/100\n|move|p2a: Meowscarada|U-turn|p1a: Chien-Pao\n|-start|p2a: Meowscarada|typechange|Bug|[from] ability: Protean\n|-supereffective|p1a: Chien-Pao\n|-damage|p1a: Chien-Pao|0 fnt\n|faint|p1a: Chien-Pao\n|\n|t:|1783535539\n|switch|p2a: Azumarill|Azumarill, L82, M|100/100|[from] U-turn\n|\n|upkeep\n|inactive|Time left: 300 sec this turn | 300 sec total | 10 sec grace\n|\n|t:|1783535540\n|switch|p1a: Cetitan|Cetitan, L82, M|412/412\n|turn|14\n|inactive|Time left: 300 sec this turn | 300 sec total\n|\n|t:|1783535541\n|move|p1a: Cetitan|Earthquake|p2a: Azumarill\n|-damage|p2a: Azumarill|74/100\n|move|p2a: Azumarill|Liquidation|p1a: Cetitan\n|-damage|p1a: Cetitan|199/412\n|-enditem|p1a: Cetitan|Sitrus Berry|[eat]\n|-heal|p1a: Cetitan|302/412|[from] item: Sitrus Berry\n|\n|upkeep\n|turn|15\n|inactive|Time left: 300 sec this turn | 300 sec total\n|\n|t:|1783535542\n|move|p1a: Cetitan|Earthquake|p2a: Azumarill\n|-damage|p2a: Azumarill|47/100\n|move|p2a: Azumarill|Liquidation|p1a: Cetitan\n|-damage|p1a: Cetitan|82/412\n|-unboost|p1a: Cetitan|def|1\n|\n|upkeep\n|turn|16\n|inactive|Time left: 300 sec this turn | 300 sec total\n|\n|t:|1783535543\n|move|p1a: Cetitan|Ice Shard|p2a: Azumarill\n|-resisted|p2a: Azumarill\n|-damage|p2a: Azumarill|39/100\n|move|p2a: Azumarill|Liquidation|p1a: Cetitan\n|-damage|p1a: Cetitan|0 fnt\n|faint|p1a: Cetitan\n|\n|upkeep\n|inactive|Time left: 300 sec this turn | 300 sec total | 5 sec grace\n|\n|t:|1783535544\n|switch|p1a: Palossand|Palossand, L89, M, tera:Poison|59/296\n|turn|17\n|inactive|Time left: 300 sec this turn | 300 sec total\n|\n|t:|1783535545\n|move|p2a: Azumarill|Liquidation|p1a: Palossand\n|-damage|p1a: Palossand|0 fnt\n|faint|p1a: Palossand\n|\n|win|p0y196f3ba", "uploadtime": 1783535545, "views": 0, "rating": 0, "private": 0, "password": null, "_winner": "p0y196f3ba", "_our_name": "p0x1968d39"}