{"id": "battle-gen9randombattle-794", "formatid": "gen9randombattle", "format": "[Gen 9] Random Battle", "players": ["p0x794ef76", "p0y7941d96"], "log": "|init|battle\n|title|p0x794ef76 vs. p0y7941d96\n|j|\u2606p0x794ef76\n|j|\u2606p0y7941d96\n|t:|1783548353\n|gametype|singles\n|player|p1|p0x794ef76|170|\n|player|p2|p0y7941d96|266|\n|gen|9\n|tier|[Gen 9] Random Battle\n|rule|Species Clause: Limit one of each Pok\u00e9mon\n|rule|HP Percentage Mod: HP is shown in percentages\n|rule|Sleep Clause Mod: Limit one foe put to sleep\n|rule|Illusion Level Mod: Illusion disguises the Pok\u00e9mon's true level\n|\n|t:|1783548353\n|teamsize|p1|6\n|teamsize|p2|6\n|start\n|switch|p1a: Slowking|Slowking-Galar, L85, M|300/300\n|switch|p2a: Sceptile|Sceptile, L87, M|100/100\n|turn|1\n|inactive|Battle timer is ON: inactive players will automatically lose when time's up. (requested by p0y7941d96)\n|inactive|Time left: 300 sec this turn | 300 sec total | 60 sec grace\n|inactive|p0x794ef76 also wants the timer to be on.\n|\n|t:|1783548355\n|switch|p2a: Milotic|Milotic, L83, M|100/100\n|switch|p1a: Conkeldurr|Conkeldurr, L80, F|299/299\n|\n|-status|p1a: Conkeldurr|brn|[from] item: Flame Orb\n|upkeep\n|turn|2\n|inactive|Time left: 300 sec this turn | 300 sec total\n|\n|t:|1783548356\n|switch|p2a: Carbink|Carbink, L90|100/100\n|move|p1a: Conkeldurr|Close Combat|p2a: Carbink\n|-damage|p2a: Carbink|40/100\n|-unboost|p1a: Conkeldurr|def|1\n|-unboost|p1a: Conkeldurr|spd|1\n|\n|-heal|p2a: Carbink|46/100|[from] item: Leftovers\n|-damage|p1a: Conkeldurr|281/299 brn|[from] brn\n|upkeep\n|turn|3\n|inactive|Time left: 300 sec this turn | 300 sec total\n|\n|t:|1783548357\n|switch|p1a: Slowking|Slowking-Galar, L85, M|300/300\n|move|p2a: Carbink|Moonblast|p1a: Slowking\n|-resisted|p1a: Slowking\n|-damage|p1a: Slowking|272/300\n|\n|-heal|p2a: Carbink|52/100|[from] item: Leftovers\n|upkeep\n|turn|4\n|inactive|Time left: 300 sec this turn | 300 sec total\n|\n|t:|1783548358\n|move|p2a: Carbink|Rock Polish|p2a: Carbink\n|-boost|p2a: Carbink|spe|2\n|move|p1a: Slowking|Sludge Bomb|p2a: Carbink\n|-damage|p2a: Carbink|25/100\n|-status|p2a: Carbink|psn\n|\n|-heal|p2a: Carbink|31/100 psn|[from] item: Leftovers\n|-damage|p2a: Carbink|19/100 psn|[from] psn\n|upkeep\n|turn|5\n|inactive|Time left: 300 sec this turn | 300 sec total\n|\n|t:|1783548359\n|switch|p2a: Mamoswine|Mamoswine, L81, F|100/100\n|move|p1a: Slowking|Sludge Bomb|p2a: Mamoswine\n|-resisted|p2a: Mamoswine\n|-crit|p2a: Mamoswine\n|-damage|p2a: Mamoswine|62/100\n|\n|upkeep\n|turn|6\n|inactive|Time left: 300 sec this turn | 300 sec total\n|\n|t:|1783548360\n|switch|p1a: Thundurus|Thundurus, L80, M|258/258\n|move|p2a: Mamoswine|Earthquake|p1a: Thundurus\n|-immune|p1a: Thundurus\n|\n|upkeep\n|turn|7\n|inactive|Time left: 300 sec this turn | 300 sec total\n|\n|t:|1783548361\n|move|p2a: Mamoswine|Ice Shard|p1a: Thundurus\n|-supereffective|p1a: Thundurus\n|-damage|p1a: Thundurus|99/258\n|-damage|p2a: Mamoswine|52/100|[from] item: Life Orb\n|move|p1a: Thundurus|Acrobatics|p2a: Mamoswine\n|-damage|p2a: Mamoswine|7/100\n|\n|upkeep\n|turn|8\n|inactive|Time left: 300 sec this turn | 300 sec total\n|\n|t:|1783548362\n|move|p2a: Mamoswine|Ice Shard|p1a: Thundurus\n|-supereffective|p1a: Thundurus\n|-damage|p1a: Thundurus|0 fnt\n|faint|p1a: Thundurus\n|-damage|p2a: Mamoswine|0 fnt|[from] item: Life Orb\n|faint|p2a: Mamoswine\n|\n|upkeep\n|inactive|Time left: 300 sec this turn | 300 sec total | 5 sec grace\n|\n|t:|1783548363\n|switch|p1a: Conkeldurr|Conkeldurr, L80, F|281/299 brn\n|switch|p2a: Falinks|Falinks, L84|100/100\n|turn|9\n|inactive|Time left: 300 sec this turn | 300 sec total\n|\n|t:|1783548364\n|move|p2a: Falinks|No Retreat|p2a: Falinks\n|-boost|p2a: Falinks|atk|1\n|-boost|p2a: Falinks|def|1\n|-boost|p2a: Falinks|spa|1\n|-boost|p2a: Falinks|spd|1\n|-boost|p2a: Falinks|spe|1\n|-start|p2a: Falinks|move: No Retreat\n|move|p1a: Conkeldurr|Facade|p2a: Falinks\n|-damage|p2a: Falinks|55/100\n|\n|-damage|p1a: Conkeldurr|263/299 brn|[from] brn\n|upkeep\n|turn|10\n|inactive|Time left: 300 sec this turn | 300 sec total\n|\n|t:|1783548365\n|move|p2a: Falinks|Close Combat|p1a: Conkeldurr\n|-damage|p1a: Conkeldurr|29/299 brn\n|-unboost|p2a: Falinks|def|1\n|-unboost|p2a: Falinks|spd|1\n|-damage|p2a: Falinks|45/100|[from] item: Life Orb\n|move|p1a: Conkeldurr|Close Combat|p2a: Falinks\n|-damage|p2a: Falinks|0 fnt\n|-unboost|p1a: Conkeldurr|def|1\n|-unboost|p1a: Conkeldurr|spd|1\n|faint|p2a: Falinks\n|\n|-damage|p1a: Conkeldurr|11/299 brn|[from] brn\n|upkeep\n|\n|t:|1783548366\n|switch|p2a: Chi-Yu|Chi-Yu, L77|100/100\n|-ability|p2a: Chi-Yu|Beads of Ruin\n|turn|11\n|inactive|Time left: 300 sec this turn | 300 sec total\n|\n|t:|1783548367\n|move|p1a: Conkeldurr|Mach Punch|p2a: Chi-Yu\n|-supereffective|p2a: Chi-Yu\n|-damage|p2a: Chi-Yu|15/100\n|move|p2a: Chi-Yu|Fire Blast|p1a: Conkeldurr|[miss]\n|-miss|p2a: Chi-Yu|p1a: Conkeldurr\n|\n|-damage|p1a: Conkeldurr|0 fnt|[from] brn\n|faint|p1a: Conkeldurr\n|upkeep\n|inactive|Time left: 300 sec this turn | 300 sec total | 5 sec grace\n|\n|t:|1783548368\n|switch|p1a: Pachirisu|Pachirisu, L96, M|271/271\n|turn|12\n|inactive|Time left: 300 sec this turn | 300 sec total\n|\n|t:|1783548369\n|switch|p2a: Milotic|Milotic, L83, M|100/100\n|move|p1a: Pachirisu|Discharge|p2a: Milotic\n|-supereffective|p2a: Milotic\n|-damage|p2a: Milotic|65/100\n|\n|-heal|p2a: Milotic|71/100|[from] item: Leftovers\n|upkeep\n|turn|13\n|inactive|Time left: 300 sec this turn | 300 sec total\n|\n|t:|1783548370\n|move|p1a: Pachirisu|Discharge|p2a: Milotic\n|-supereffective|p2a: Milotic\n|-damage|p2a: Milotic|40/100\n|move|p2a: Milotic|Scald|p1a: Pachirisu\n|-damage|p1a: Pachirisu|195/271\n|-status|p1a: Pachirisu|brn\n|\n|-heal|p2a: Milotic|46/100|[from] item: Leftovers\n|-damage|p1a: Pachirisu|179/271 brn|[from] brn\n|upkeep\n|turn|14\n|inactive|Time left: 300 sec this turn | 300 sec total\n|\n|t:|1783548371\n|move|p1a: Pachirisu|Discharge|p2a: Milotic\n|-supereffective|p2a: Milotic\n|-damage|p2a: Milotic|11/100\n|move|p2a: Milotic|Recover|p2a: Milotic\n|-heal|p2a: Milotic|61/100\n|\n|-heal|p2a: Milotic|67/100|[from] item: Leftovers\n|-damage|p1a: Pachirisu|163/271 brn|[from] brn\n|upkeep\n|turn|15\n|inactive|Time left: 300 sec this turn | 300 sec total\n|\n|t:|1783548372\n|move|p1a: Pachirisu|Discharge|p2a: Milotic\n|-supereffective|p2a: Milotic\n|-damage|p2a: Milotic|35/100\n|move|p2a: Milotic|Recover|p2a: Milotic\n|-heal|p2a: Milotic|85/100\n|\n|-heal|p2a: Milotic|91/100|[from] item: Leftovers\n|-damage|p1a: Pachirisu|147/271 brn|[from] brn\n|upkeep\n|turn|16\n|inactive|Time left: 300 sec this turn | 300 sec total\n|\n|t:|1783548373\n|move|p1a: Pachirisu|Discharge|p2a: Milotic\n|-supereffective|p2a: Milotic\n|-damage|p2a: Milotic|56/100\n|move|p2a: Milotic|Scald|p1a: Pachirisu\n|-damage|p1a: Pachirisu|71/271 brn\n|\n|-heal|p2a: Milotic|62/100|[from] item: Leftovers\n|-damage|p1a: Pachirisu|55/271 brn|[from] brn\n|upkeep\n|turn|17\n|inactive|Time left: 300 sec this turn | 300 sec total\n|\n|t:|1783548374\n|move|p1a: Pachirisu|Discharge|p2a: Milotic\n|-supereffective|p2a: Milotic\n|-damage|p2a: Milotic|27/100\n|move|p2a: Milotic|Recover|p2a: Milotic\n|-heal|p2a: Milotic|77/100\n|\n|-heal|p2a: Milotic|83/100|[from] item: Leftovers\n|-damage|p1a: Pachirisu|39/271 brn|[from] brn\n|upkeep\n|turn|18\n|inactive|Time left: 300 sec this turn | 300 sec total\n|\n|t:|1783548375\n|move|p1a: Pachirisu|Discharge|p2a: Milotic\n|-supereffective|p2a: Milotic\n|-damage|p2a: Milotic|52/100\n|move|p2a: Milotic|Scald|p1a: Pachirisu\n|-damage|p1a: Pachirisu|0 fnt\n|faint|p1a: Pachirisu\n|\n|-heal|p2a: Milotic|58/100|[from] item: Leftovers\n|upkeep\n|inactive|Time left: 300 sec this turn | 300 sec total | 5 sec grace\n|\n|t:|1783548376\n|switch|p1a: Slowking|Slowking-Galar, L85, M|300/300\n|turn|19\n|inactive|Time left: 300 sec this turn | 300 sec total\n|\n|t:|1783548377\n|move|p2a: Milotic|Recover|p2a: Milotic\n|-heal|p2a: Milotic|100/100\n|move|p1a: Slowking|Sludge Bomb|p2a: Milotic\n|-damage|p2a: Milotic|74/100\n|\n|-heal|p2a: Milotic|80/100|[from] item: Leftovers\n|upkeep\n|turn|20\n|inactive|Time left: 300 sec this turn | 300 sec total\n|\n|t:|1783548378\n|move|p2a: Milotic|Scald|p1a: Slowking\n|-damage|p1a: Slowking|230/300\n|-status|p1a: Slowking|brn\n|move|p1a: Slowking|Sludge Bomb|p2a: Milotic\n|-damage|p2a: Milotic|51/100\n|\n|-heal|p2a: Milotic|57/100|[from] item: Leftovers\n|-damage|p1a: Slowking|212/300 brn|[from] brn\n|upkeep\n|turn|21\n|inactive|Time left: 300 sec this turn | 300 sec total\n|\n|t:|1783548379\n|move|p2a: Milotic|Recover|p2a: Milotic\n|-heal|p2a: Milotic|100/100\n|move|p1a: Slowking|Sludge Bomb|p2a: Milotic\n|-damage|p2a: Milotic|74/100\n|-status|p2a: Milotic|psn\n|\n|-heal|p2a: Milotic|80/100 psn|[from] item: Leftovers\n|-damage|p2a: Milotic|67/100 psn|[from] psn\n|-damage|p1a: Slowking|194/300 brn|[from] brn\n|upkeep\n|turn|22\n|inactive|Time left: 300 sec this turn | 300 sec total\n|\n|t:|1783548381\n|move|p2a: Milotic|Recover|p2a: Milotic\n|-heal|p2a: Milotic|100/100 psn\n|move|p1a: Slowking|Sludge Bomb|p2a: Milotic\n|-damage|p2a: Milotic|73/100 psn\n|\n|-heal|p2a: Milotic|79/100 psn|[from] item: Leftovers\n|-damage|p2a: Milotic|67/100 psn|[from] psn\n|-damage|p1a: Slowking|176/300 brn|[from] brn\n|upkeep\n|turn|23\n|inactive|Time left: 300 sec this turn | 300 sec total\n|\n|t:|1783548382\n|move|p2a: Milotic|Recover|p2a: Milotic\n|-heal|p2a: Milotic|100/100 psn\n|move|p1a: Slowking|Sludge Bomb|p2a: Milotic\n|-damage|p2a: Milotic|69/100 psn\n|\n|-heal|p2a: Milotic|76/100 psn|[from] item: Leftovers\n|-damage|p2a: Milotic|63/100 psn|[from] psn\n|-damage|p1a: Slowking|158/300 brn|[from] brn\n|upkeep\n|turn|24\n|inactive|Time left: 300 sec this turn | 300 sec total\n|\n|t:|1783548383\n|move|p2a: Milotic|Recover|p2a: Milotic\n|-heal|p2a: Milotic|100/100 psn\n|move|p1a: Slowking|Slack Off|p1a: Slowking\n|-heal|p1a: Slowking|300/300 brn\n|\n|-damage|p2a: Milotic|88/100 psn|[from] psn\n|-damage|p1a: Slowking|282/300 brn|[from] brn\n|upkeep\n|turn|25\n|inactive|Time left: 300 sec this turn | 300 sec total\n|\n|t:|1783548384\n|move|p2a: Milotic|Ice Beam|p1a: Slowking\n|-damage|p1a: Slowking|226/300 brn\n|move|p1a: Slowking|Sludge Bomb|p2a: Milotic\n|-damage|p2a: Milotic|57/100 psn\n|\n|-heal|p2a: Milotic|64/100 psn|[from] item: Leftovers\n|-damage|p2a: Milotic|51/100 psn|[from] psn\n|-damage|p1a: Slowking|208/300 brn|[from] brn\n|upkeep\n|turn|26\n|inactive|Time left: 300 sec this turn | 300 sec total\n|\n|t:|1783548386\n|move|p2a: Milotic|Ice Beam|p1a: Slowking\n|-damage|p1a: Slowking|157/300 brn\n|move|p1a: Slowking|Sludge Bomb|p2a: Milotic\n|-damage|p2a: Milotic|21/100 psn\n|\n|-heal|p2a: Milotic|27/100 psn|[from] item: Leftovers\n|-damage|p2a: Milotic|15/100 psn|[from] psn\n|-damage|p1a: Slowking|139/300 brn|[from] brn\n|upkeep\n|turn|27\n|inactive|Time left: 300 sec this turn | 300 sec total\n|\n|t:|1783548387\n|move|p2a: Milotic|Scald|p1a: Slowking\n|-damage|p1a: Slowking|70/300 brn\n|move|p1a: Slowking|Slack Off|p1a: Slowking\n|-heal|p1a: Slowking|220/300 brn\n|\n|-heal|p2a: Milotic|21/100 psn|[from] item: Leftovers\n|-damage|p2a: Milotic|9/100 psn|[from] psn\n|-damage|p1a: Slowking|202/300 brn|[from] brn\n|upkeep\n|turn|28\n|inactive|Time left: 300 sec this turn | 300 sec total\n|\n|t:|1783548388\n|switch|p2a: Chi-Yu|Chi-Yu, L77|15/100\n|-ability|p2a: Chi-Yu|Beads of Ruin\n|-prepare|p1a: Slowking|Chilly Reception|[premajor]\n|move|p1a: Slowking|Chilly Reception|p1a: Slowking\n|-weather|Snowscape\n|inactive|Time left: 300 sec this turn | 300 sec total | 5 sec grace\n|\n|t:|1783548389\n|switch|p1a: Luvdisc|Luvdisc, M|247/247|[from] Chilly Reception\n|\n|-weather|Snowscape|[upkeep]\n|upkeep\n|turn|29\n|inactive|Time left: 300 sec this turn | 300 sec total\n|\n|t:|1783548390\n|switch|p2a: Sceptile|Sceptile, L87, M|100/100\n|move|p1a: Luvdisc|Surf|p2a: Sceptile\n|-resisted|p2a: Sceptile\n|-damage|p2a: Sceptile|88/100\n|\n|-weather|Snowscape|[upkeep]\n|upkeep\n|turn|30\n|inactive|Time left: 300 sec this turn | 300 sec total\n|\n|t:|1783548392\n|switch|p1a: Amoonguss|Amoonguss, L82, M|321/321\n|move|p2a: Sceptile|Giga Drain|p1a: Amoonguss\n|-resisted|p1a: Amoonguss\n|-damage|p1a: Amoonguss|292/321\n|-heal|p2a: Sceptile|94/100|[from] drain|[of] p1a: Amoonguss\n|-damage|p2a: Sceptile|84/100|[from] item: Life Orb\n|\n|-weather|Snowscape|[upkeep]\n|-heal|p1a: Amoonguss|312/321|[from] item: Leftovers\n|upkeep\n|turn|31\n|inactive|Time left: 300 sec this turn | 300 sec total\n|\n|t:|1783548393\n|move|p2a: Sceptile|Shed Tail|p2a: Sceptile\n|-start|p2a: Sceptile|Substitute|[from] move: Shed Tail\n|-damage|p2a: Sceptile|34/100\n|\n|t:|1783548394\n|switch|p2a: Chi-Yu|Chi-Yu, L77|15/100|[from] Shed Tail\n|-ability|p2a: Chi-Yu|Beads of Ruin\n|move|p1a: Amoonguss|Sludge Bomb|p2a: Chi-Yu\n|-end|p2a: Chi-Yu|Substitute\n|\n|-weather|Snowscape|[upkeep]\n|-heal|p1a: Amoonguss|321/321|[from] item: Leftovers\n|upkeep\n|turn|32\n|inactive|Time left: 300 sec this turn | 300 sec total\n|\n|t:|1783548395\n|-terastallize|p1a: Amoonguss|Water\n|move|p2a: Chi-Yu|Fire Blast|p1a: Amoonguss\n|-resisted|p1a: Amoonguss\n|-damage|p1a: Amoonguss|222/321\n|move|p1a: Amoonguss|Sludge Bomb|p2a: Chi-Yu\n|-damage|p2a: Chi-Yu|0 fnt\n|faint|p2a: Chi-Yu\n|\n|-weather|none\n|-heal|p1a: Amoonguss|242/321|[from] item: Leftovers\n|upkeep\n|\n|t:|1783548396\n|switch|p2a: Sceptile|Sceptile, L87, M|34/100\n|turn|33\n|inactive|Time left: 300 sec this turn | 300 sec total\n|\n|t:|1783548397\n|switch|p1a: Slowking|Slowking-Galar, L85, M|300/300 brn\n|move|p2a: Sceptile|Giga Drain|p1a: Slowking\n|-resisted|p1a: Slowking\n|-damage|p1a: Slowking|222/300 brn\n|-heal|p2a: Sceptile|49/100|[from] drain|[of] p1a: Slowking\n|-damage|p2a: Sceptile|39/100|[from] item: Life Orb\n|\n|-damage|p1a: Slowking|204/300 brn|[from] brn\n|upkeep\n|turn|34\n|inactive|Time left: 300 sec this turn | 300 sec total\n|\n|t:|1783548398\n|switch|p1a: Amoonguss|Amoonguss, L82, M, tera:Water|321/321\n|move|p2a: Sceptile|Rock Slide|p1a: Amoonguss\n|-damage|p1a: Amoonguss|243/321\n|-damage|p2a: Sceptile|29/100|[from] item: Life Orb\n|\n|-heal|p1a: Amoonguss|263/321|[from] item: Leftovers\n|upkeep\n|turn|35\n|inactive|Time left: 300 sec this turn | 300 sec total\n|\n|t:|1783548399\n|switch|p1a: Slowking|Slowking-Galar, L85, M|300/300 brn\n|move|p2a: Sceptile|Giga Drain|p1a: Slowking\n|-resisted|p1a: Slowking\n|-damage|p1a: Slowking|226/300 brn\n|-heal|p2a: Sceptile|43/100|[from] drain|[of] p1a: Slowking\n|-damage|p2a: Sceptile|33/100|[from] item: Life Orb\n|\n|-damage|p1a: Slowking|208/300 brn|[from] brn\n|upkeep\n|turn|36\n|inactive|Time left: 300 sec this turn | 300 sec total\n|\n|t:|1783548400\n|move|p2a: Sceptile|Rock Slide|p1a: Slowking\n|-damage|p1a: Slowking|137/300 brn\n|-damage|p2a: Sceptile|23/100|[from] item: Life Orb\n|cant|p1a: Slowking|flinch\n|\n|-damage|p1a: Slowking|119/300 brn|[from] brn\n|upkeep\n|turn|37\n|inactive|Time left: 300 sec this turn | 300 sec total\n|\n|t:|1783548401\n|switch|p1a: Amoonguss|Amoonguss, L82, M, tera:Water|321/321\n|move|p2a: Sceptile|Rock Slide|p1a: Amoonguss\n|-damage|p1a: Amoonguss|237/321\n|-damage|p2a: Sceptile|13/100|[from] item: Life Orb\n|\n|-heal|p1a: Amoonguss|257/321|[from] item: Leftovers\n|upkeep\n|turn|38\n|inactive|Time left: 300 sec this turn | 300 sec total\n|\n|t:|1783548402\n|switch|p1a: Slowking|Slowking-Galar, L85, M|219/300 brn\n|move|p2a: Sceptile|Giga Drain|p1a: Slowking\n|-resisted|p1a: Slowking\n|-damage|p1a: Slowking|148/300 brn\n|-heal|p2a: Sceptile|27/100|[from] drain|[of] p1a: Slowking\n|-damage|p2a: Sceptile|17/100|[from] item: Life Orb\n|\n|-damage|p1a: Slowking|130/300 brn|[from] brn\n|upkeep\n|turn|39\n|inactive|Time left: 300 sec this turn | 300 sec total\n|\n|t:|1783548403\n|switch|p1a: Amoonguss|Amoonguss, L82, M, tera:Water|321/321\n|move|p2a: Sceptile|Rock Slide|p1a: Amoonguss\n|-damage|p1a: Amoonguss|233/321\n|-damage|p2a: Sceptile|7/100|[from] item: Life Orb\n|\n|-heal|p1a: Amoonguss|253/321|[from] item: Leftovers\n|upkeep\n|turn|40\n|inactive|Time left: 300 sec this turn | 300 sec total\n|\n|t:|1783548404\n|switch|p1a: Slowking|Slowking-Galar, L85, M|230/300 brn\n|move|p2a: Sceptile|Giga Drain|p1a: Slowking\n|-resisted|p1a: Slowking\n|-damage|p1a: Slowking|155/300 brn\n|-heal|p2a: Sceptile|22/100|[from] drain|[of] p1a: Slowking\n|-damage|p2a: Sceptile|12/100|[from] item: Life Orb\n|\n|-damage|p1a: Slowking|137/300 brn|[from] brn\n|upkeep\n|turn|41\n|inactive|Time left: 300 sec this turn | 300 sec total\n|\n|t:|1783548405\n|move|p2a: Sceptile|Rock Slide|p1a: Slowking\n|-damage|p1a: Slowking|72/300 brn\n|-damage|p2a: Sceptile|2/100|[from] item: Life Orb\n|move|p1a: Slowking|Sludge Bomb|p2a: Sceptile\n|-supereffective|p2a: Sceptile\n|-crit|p2a: Sceptile\n|-damage|p2a: Sceptile|0 fnt\n|faint|p2a: Sceptile\n|\n|-damage|p1a: Slowking|54/300 brn|[from] brn\n|upkeep\n|\n|t:|1783548406\n|switch|p2a: Milotic|Milotic, L83, M|9/100 psn\n|turn|42\n|inactive|Time left: 300 sec this turn | 300 sec total\n|\n|t:|1783548407\n|move|p2a: Milotic|Ice Beam|p1a: Slowking\n|-crit|p1a: Slowking\n|-damage|p1a: Slowking|0 fnt\n|faint|p1a: Slowking\n|\n|-heal|p2a: Milotic|15/100 psn|[from] item: Leftovers\n|-damage|p2a: Milotic|3/100 psn|[from] psn\n|upkeep\n|inactive|Time left: 300 sec this turn | 300 sec total | 5 sec grace\n|\n|t:|1783548408\n|switch|p1a: Amoonguss|Amoonguss, L82, M, tera:Water|321/321\n|turn|43\n|inactive|Time left: 300 sec this turn | 300 sec total\n|\n|t:|1783548409\n|move|p2a: Milotic|Scald|p1a: Amoonguss\n|-resisted|p1a: Amoonguss\n|-damage|p1a: Amoonguss|271/321\n|-status|p1a: Amoonguss|brn\n|move|p1a: Amoonguss|Stomping Tantrum|p2a: Milotic\n|-damage|p2a: Milotic|0 fnt\n|faint|p2a: Milotic\n|\n|-heal|p1a: Amoonguss|291/321 brn|[from] item: Leftovers\n|-damage|p1a: Amoonguss|271/321 brn|[from] brn\n|upkeep\n|\n|t:|1783548410\n|switch|p2a: Carbink|Carbink, L90|19/100 psn\n|turn|44\n|inactive|Time left: 300 sec this turn | 300 sec total\n|\n|t:|1783548411\n|move|p2a: Carbink|Body Press|p1a: Amoonguss\n|-damage|p1a: Amoonguss|157/321 brn\n|move|p1a: Amoonguss|Giga Drain|p2a: Carbink\n|-supereffective|p2a: Carbink\n|-damage|p2a: Carbink|0 fnt\n|-heal|p1a: Amoonguss|179/321 brn|[from] drain|[of] p2a: Carbink\n|faint|p2a: Carbink\n|\n|win|p0x794ef76", "uploadtime": 1783548411, "views": 0, "rating": 0, "private": 0, "password": null, "_winner": "p0x794ef76", "_our_name": "p0x794ef76"}