{"id": "battle-gen9randombattle-2249", "formatid": "gen9randombattle", "format": "[Gen 9] Random Battle", "players": ["p0x2249db0d", "p0y22494b2a"], "log": "|init|battle\n|title|p0x2249db0d vs. p0y22494b2a\n|j|\u2606p0x2249db0d\n|j|\u2606p0y22494b2a\n|t:|1783566066\n|gametype|singles\n|player|p1|p0x2249db0d|265|\n|player|p2|p0y22494b2a|170|\n|gen|9\n|tier|[Gen 9] Random Battle\n|rule|Species Clause: Limit one of each Pok\u00e9mon\n|rule|HP Percentage Mod: HP is shown in percentages\n|rule|Sleep Clause Mod: Limit one foe put to sleep\n|rule|Illusion Level Mod: Illusion disguises the Pok\u00e9mon's true level\n|\n|t:|1783566066\n|teamsize|p1|6\n|teamsize|p2|6\n|start\n|switch|p1a: Delibird|Delibird, M|252/252\n|switch|p2a: Deoxys|Deoxys-Speed, L82|100/100\n|-ability|p2a: Deoxys|Pressure\n|turn|1\n|inactive|Battle timer is ON: inactive players will automatically lose when time's up. (requested by p0x2249db0d)\n|inactive|p0y22494b2a also wants the timer to be on.\n|\n|t:|1783566068\n|switch|p2a: Dunsparce|Dunsparce, L86, M|100/100\n|move|p1a: Delibird|Brave Bird|p2a: Dunsparce\n|-damage|p2a: Dunsparce|69/100\n|-damage|p1a: Delibird|220/252|[from] Recoil\n|\n|upkeep\n|turn|2\n|inactive|Time left: 300 sec this turn | 300 sec total\n|\n|t:|1783566069\n|move|p1a: Delibird|Spikes|p2a: Dunsparce\n|-sidestart|p2: p0y22494b2a|Spikes\n|move|p2a: Dunsparce|Body Slam|p1a: Delibird\n|-damage|p1a: Delibird|127/252\n|-status|p1a: Delibird|par\n|\n|upkeep\n|turn|3\n|inactive|Time left: 300 sec this turn | 300 sec total\n|\n|t:|1783566070\n|move|p2a: Dunsparce|Coil|p2a: Dunsparce\n|-boost|p2a: Dunsparce|atk|1\n|-boost|p2a: Dunsparce|def|1\n|-boost|p2a: Dunsparce|accuracy|1\n|move|p1a: Delibird|Spikes|p2a: Dunsparce\n|-sidestart|p2: p0y22494b2a|Spikes\n|\n|upkeep\n|turn|4\n|inactive|Time left: 300 sec this turn | 300 sec total\n|\n|t:|1783566071\n|move|p2a: Dunsparce|Body Slam|p1a: Delibird\n|-damage|p1a: Delibird|0 fnt\n|faint|p1a: Delibird\n|\n|upkeep\n|inactive|Time left: 300 sec this turn | 300 sec total | 5 sec grace\n|\n|t:|1783566072\n|switch|p1a: Appletun|Appletun, L92, M|352/352\n|turn|5\n|inactive|Time left: 300 sec this turn | 300 sec total\n|\n|t:|1783566073\n|move|p2a: Dunsparce|Body Slam|p1a: Appletun\n|-damage|p1a: Appletun|237/352\n|-status|p1a: Appletun|par\n|move|p1a: Appletun|Apple Acid|p2a: Dunsparce\n|-damage|p2a: Dunsparce|44/100\n|-unboost|p2a: Dunsparce|spd|1\n|\n|-heal|p1a: Appletun|259/352 par|[from] item: Leftovers\n|upkeep\n|turn|6\n|inactive|Time left: 300 sec this turn | 300 sec total\n|\n|t:|1783566074\n|move|p2a: Dunsparce|Roost|p2a: Dunsparce\n|-heal|p2a: Dunsparce|94/100\n|-singleturn|p2a: Dunsparce|move: Roost\n|move|p1a: Appletun|Apple Acid|p2a: Dunsparce\n|-damage|p2a: Dunsparce|51/100\n|-unboost|p2a: Dunsparce|spd|1\n|\n|-heal|p1a: Appletun|281/352 par|[from] item: Leftovers\n|upkeep\n|turn|7\n|inactive|Time left: 300 sec this turn | 300 sec total\n|\n|t:|1783566075\n|move|p2a: Dunsparce|Roost|p2a: Dunsparce\n|-heal|p2a: Dunsparce|100/100\n|-singleturn|p2a: Dunsparce|move: Roost\n|move|p1a: Appletun|Apple Acid|p2a: Dunsparce\n|-damage|p2a: Dunsparce|49/100\n|-unboost|p2a: Dunsparce|spd|1\n|\n|-heal|p1a: Appletun|303/352 par|[from] item: Leftovers\n|upkeep\n|turn|8\n|inactive|Time left: 300 sec this turn | 300 sec total\n|\n|t:|1783566075\n|move|p2a: Dunsparce|Roost|p2a: Dunsparce\n|-heal|p2a: Dunsparce|99/100\n|-singleturn|p2a: Dunsparce|move: Roost\n|move|p1a: Appletun|Apple Acid|p2a: Dunsparce\n|-damage|p2a: Dunsparce|29/100\n|-unboost|p2a: Dunsparce|spd|1\n|\n|-heal|p1a: Appletun|325/352 par|[from] item: Leftovers\n|upkeep\n|turn|9\n|inactive|Time left: 300 sec this turn | 300 sec total\n|\n|t:|1783566076\n|move|p2a: Dunsparce|Body Slam|p1a: Appletun\n|-damage|p1a: Appletun|222/352 par\n|move|p1a: Appletun|Apple Acid|p2a: Dunsparce\n|-damage|p2a: Dunsparce|0 fnt\n|faint|p2a: Dunsparce\n|\n|-heal|p1a: Appletun|244/352 par|[from] item: Leftovers\n|upkeep\n|\n|t:|1783566077\n|switch|p2a: Rotom|Rotom-Mow, L87|100/100\n|turn|10\n|inactive|Time left: 300 sec this turn | 300 sec total\n|\n|t:|1783566078\n|move|p2a: Rotom|Nasty Plot|p2a: Rotom\n|-boost|p2a: Rotom|spa|2\n|move|p1a: Appletun|Recover|p1a: Appletun\n|-heal|p1a: Appletun|352/352 par\n|\n|upkeep\n|turn|11\n|inactive|Time left: 300 sec this turn | 300 sec total\n|\n|t:|1783566079\n|move|p2a: Rotom|Nasty Plot|p2a: Rotom\n|-boost|p2a: Rotom|spa|2\n|move|p1a: Appletun|Apple Acid|p2a: Rotom\n|-resisted|p2a: Rotom\n|-damage|p2a: Rotom|82/100\n|-unboost|p2a: Rotom|spd|1\n|\n|-heal|p2a: Rotom|88/100|[from] item: Leftovers\n|upkeep\n|turn|12\n|inactive|Time left: 300 sec this turn | 300 sec total\n|\n|t:|1783566080\n|move|p2a: Rotom|Thunderbolt|p1a: Appletun\n|-resisted|p1a: Appletun\n|-damage|p1a: Appletun|280/352 par\n|move|p1a: Appletun|Draco Meteor|p2a: Rotom\n|-damage|p2a: Rotom|1/100\n|-unboost|p1a: Appletun|spa|2\n|\n|-heal|p2a: Rotom|7/100|[from] item: Leftovers\n|-heal|p1a: Appletun|302/352 par|[from] item: Leftovers\n|upkeep\n|turn|13\n|inactive|Time left: 300 sec this turn | 300 sec total\n|\n|t:|1783566081\n|move|p2a: Rotom|Thunderbolt|p1a: Appletun\n|-resisted|p1a: Appletun\n|-damage|p1a: Appletun|223/352 par\n|cant|p1a: Appletun|par\n|\n|-heal|p2a: Rotom|14/100|[from] item: Leftovers\n|-heal|p1a: Appletun|245/352 par|[from] item: Leftovers\n|upkeep\n|turn|14\n|inactive|Time left: 300 sec this turn | 300 sec total\n|\n|t:|1783566082\n|move|p2a: Rotom|Thunderbolt|p1a: Appletun\n|-resisted|p1a: Appletun\n|-damage|p1a: Appletun|170/352 par\n|move|p1a: Appletun|Apple Acid|p2a: Rotom\n|-resisted|p2a: Rotom\n|-damage|p2a: Rotom|0 fnt\n|faint|p2a: Rotom\n|\n|-heal|p1a: Appletun|192/352 par|[from] item: Leftovers\n|upkeep\n|\n|t:|1783566083\n|switch|p2a: Hippowdon|Hippowdon, L82, F|100/100\n|-damage|p2a: Hippowdon|84/100|[from] Spikes\n|-weather|Sandstorm|[from] ability: Sand Stream|[of] p2a: Hippowdon\n|turn|15\n|inactive|Time left: 300 sec this turn | 300 sec total\n|\n|t:|1783566085\n|move|p2a: Hippowdon|Earthquake|p1a: Appletun\n|-resisted|p1a: Appletun\n|-damage|p1a: Appletun|141/352 par\n|move|p1a: Appletun|Apple Acid|p2a: Hippowdon\n|-supereffective|p2a: Hippowdon\n|-damage|p2a: Hippowdon|45/100\n|-unboost|p2a: Hippowdon|spd|1\n|\n|-weather|Sandstorm|[upkeep]\n|-damage|p1a: Appletun|119/352 par|[from] Sandstorm\n|-heal|p2a: Hippowdon|51/100|[from] item: Leftovers\n|-heal|p1a: Appletun|141/352 par|[from] item: Leftovers\n|upkeep\n|turn|16\n|inactive|Time left: 300 sec this turn | 300 sec total\n|\n|t:|1783566086\n|move|p2a: Hippowdon|Slack Off|p2a: Hippowdon\n|-heal|p2a: Hippowdon|100/100\n|move|p1a: Appletun|Apple Acid|p2a: Hippowdon\n|-supereffective|p2a: Hippowdon\n|-damage|p2a: Hippowdon|38/100\n|-unboost|p2a: Hippowdon|spd|1\n|\n|-weather|Sandstorm|[upkeep]\n|-damage|p1a: Appletun|119/352 par|[from] Sandstorm\n|-heal|p2a: Hippowdon|44/100|[from] item: Leftovers\n|-heal|p1a: Appletun|141/352 par|[from] item: Leftovers\n|upkeep\n|turn|17\n|inactive|Time left: 300 sec this turn | 300 sec total\n|\n|t:|1783566087\n|move|p2a: Hippowdon|Slack Off|p2a: Hippowdon\n|-heal|p2a: Hippowdon|94/100\n|move|p1a: Appletun|Apple Acid|p2a: Hippowdon\n|-supereffective|p2a: Hippowdon\n|-damage|p2a: Hippowdon|11/100\n|-unboost|p2a: Hippowdon|spd|1\n|\n|-weather|Sandstorm|[upkeep]\n|-damage|p1a: Appletun|119/352 par|[from] Sandstorm\n|-heal|p2a: Hippowdon|18/100|[from] item: Leftovers\n|-heal|p1a: Appletun|141/352 par|[from] item: Leftovers\n|upkeep\n|turn|18\n|inactive|Time left: 300 sec this turn | 300 sec total\n|\n|t:|1783566088\n|move|p2a: Hippowdon|Slack Off|p2a: Hippowdon\n|-heal|p2a: Hippowdon|68/100\n|move|p1a: Appletun|Apple Acid|p2a: Hippowdon\n|-supereffective|p2a: Hippowdon\n|-damage|p2a: Hippowdon|0 fnt\n|faint|p2a: Hippowdon\n|\n|-weather|Sandstorm|[upkeep]\n|-damage|p1a: Appletun|119/352 par|[from] Sandstorm\n|-heal|p1a: Appletun|141/352 par|[from] item: Leftovers\n|upkeep\n|\n|t:|1783566089\n|switch|p2a: Empoleon|Empoleon, L84, M|100/100\n|-damage|p2a: Empoleon|84/100|[from] Spikes\n|turn|19\n|inactive|Time left: 300 sec this turn | 300 sec total\n|\n|t:|1783566090\n|switch|p1a: Eternatus|Eternatus, L69|308/308\n|-ability|p1a: Eternatus|Pressure\n|move|p2a: Empoleon|Ice Beam|p1a: Eternatus\n|-supereffective|p1a: Eternatus\n|-damage|p1a: Eternatus|148/308\n|\n|-weather|none\n|-heal|p1a: Eternatus|167/308|[from] item: Leftovers\n|-heal|p2a: Empoleon|90/100|[from] item: Leftovers\n|upkeep\n|turn|20\n|inactive|Time left: 300 sec this turn | 300 sec total\n|\n|t:|1783566091\n|move|p1a: Eternatus|Recover|p1a: Eternatus\n|-heal|p1a: Eternatus|308/308\n|move|p2a: Empoleon|Ice Beam|p1a: Eternatus\n|-supereffective|p1a: Eternatus\n|-damage|p1a: Eternatus|134/308\n|\n|-heal|p1a: Eternatus|153/308|[from] item: Leftovers\n|-heal|p2a: Empoleon|96/100|[from] item: Leftovers\n|upkeep\n|turn|21\n|inactive|Time left: 300 sec this turn | 300 sec total\n|\n|t:|1783566093\n|move|p1a: Eternatus|Recover|p1a: Eternatus\n|-heal|p1a: Eternatus|307/308\n|move|p2a: Empoleon|Ice Beam|p1a: Eternatus\n|-supereffective|p1a: Eternatus\n|-damage|p1a: Eternatus|139/308\n|\n|-heal|p1a: Eternatus|158/308|[from] item: Leftovers\n|-heal|p2a: Empoleon|100/100|[from] item: Leftovers\n|upkeep\n|turn|22\n|inactive|Time left: 300 sec this turn | 300 sec total\n|\n|t:|1783566094\n|move|p1a: Eternatus|Recover|p1a: Eternatus\n|-heal|p1a: Eternatus|308/308\n|move|p2a: Empoleon|Ice Beam|p1a: Eternatus\n|-supereffective|p1a: Eternatus\n|-damage|p1a: Eternatus|134/308\n|-status|p1a: Eternatus|frz\n|\n|-heal|p1a: Eternatus|153/308 frz|[from] item: Leftovers\n|upkeep\n|turn|23\n|inactive|Time left: 300 sec this turn | 300 sec total\n|\n|t:|1783566095\n|-curestatus|p1a: Eternatus|frz|[msg]\n|move|p1a: Eternatus|Fire Blast|p2a: Empoleon\n|-damage|p2a: Empoleon|77/100\n|move|p2a: Empoleon|Ice Beam|p1a: Eternatus\n|-supereffective|p1a: Eternatus\n|-damage|p1a: Eternatus|0 fnt\n|faint|p1a: Eternatus\n|\n|-heal|p2a: Empoleon|83/100|[from] item: Leftovers\n|upkeep\n|inactive|Time left: 300 sec this turn | 300 sec total | 5 sec grace\n|\n|t:|1783566096\n|switch|p1a: Plusle|Plusle, L95, M|268/268\n|turn|24\n|inactive|Time left: 300 sec this turn | 300 sec total\n|\n|t:|1783566097\n|-terastallize|p2a: Empoleon|Grass\n|move|p1a: Plusle|Thunderbolt|p2a: Empoleon\n|-resisted|p2a: Empoleon\n|-damage|p2a: Empoleon|61/100\n|-damage|p1a: Plusle|242/268|[from] item: Life Orb\n|move|p2a: Empoleon|Surf|p1a: Plusle\n|-damage|p1a: Plusle|140/268\n|\n|-heal|p2a: Empoleon|67/100|[from] item: Leftovers\n|upkeep\n|turn|25\n|inactive|Time left: 300 sec this turn | 300 sec total\n|\n|t:|1783566098\n|switch|p1a: Lapras|Lapras, L87, F|368/368\n|move|p2a: Empoleon|Surf|p1a: Lapras\n|-immune|p1a: Lapras|[from] ability: Water Absorb\n|\n|-heal|p2a: Empoleon|73/100|[from] item: Leftovers\n|upkeep\n|turn|26\n|inactive|Time left: 300 sec this turn | 300 sec total\n|\n|t:|1783566099\n|move|p1a: Lapras|Freeze-Dry|p2a: Empoleon\n|-supereffective|p2a: Empoleon\n|-damage|p2a: Empoleon|24/100\n|move|p2a: Empoleon|Roost|p2a: Empoleon\n|-heal|p2a: Empoleon|74/100\n|\n|-heal|p2a: Empoleon|80/100|[from] item: Leftovers\n|upkeep\n|turn|27\n|inactive|Time left: 300 sec this turn | 300 sec total\n|\n|t:|1783566100\n|move|p1a: Lapras|Freeze-Dry|p2a: Empoleon\n|-supereffective|p2a: Empoleon\n|-damage|p2a: Empoleon|38/100\n|move|p2a: Empoleon|Roost|p2a: Empoleon\n|-heal|p2a: Empoleon|88/100\n|\n|-heal|p2a: Empoleon|94/100|[from] item: Leftovers\n|upkeep\n|turn|28\n|inactive|Time left: 300 sec this turn | 300 sec total\n|\n|t:|1783566101\n|move|p1a: Lapras|Freeze-Dry|p2a: Empoleon\n|-supereffective|p2a: Empoleon\n|-damage|p2a: Empoleon|50/100\n|move|p2a: Empoleon|Yawn|p1a: Lapras\n|-start|p1a: Lapras|move: Yawn|[of] p2a: Empoleon\n|\n|-heal|p2a: Empoleon|56/100|[from] item: Leftovers\n|upkeep\n|turn|29\n|inactive|Time left: 300 sec this turn | 300 sec total\n|\n|t:|1783566102\n|move|p1a: Lapras|Freeze-Dry|p2a: Empoleon\n|-supereffective|p2a: Empoleon\n|-damage|p2a: Empoleon|7/100\n|move|p2a: Empoleon|Roost|p2a: Empoleon\n|-heal|p2a: Empoleon|57/100\n|\n|-heal|p2a: Empoleon|63/100|[from] item: Leftovers\n|-end|p1a: Lapras|move: Yawn|[silent]\n|-status|p1a: Lapras|slp\n|upkeep\n|turn|30\n|inactive|Time left: 300 sec this turn | 300 sec total\n|\n|t:|1783566103\n|cant|p1a: Lapras|slp\n|move|p1a: Lapras|Sleep Talk|p1a: Lapras\n|move|p1a: Lapras|Freeze-Dry|p2a: Empoleon|[from] move: Sleep Talk\n|-supereffective|p2a: Empoleon\n|-damage|p2a: Empoleon|17/100\n|move|p2a: Empoleon|Roost|p2a: Empoleon\n|-heal|p2a: Empoleon|67/100\n|\n|-heal|p2a: Empoleon|73/100|[from] item: Leftovers\n|upkeep\n|turn|31\n|inactive|Time left: 300 sec this turn | 300 sec total\n|\n|t:|1783566104\n|cant|p1a: Lapras|slp\n|move|p1a: Lapras|Sleep Talk|p1a: Lapras\n|move|p1a: Lapras|Sparkling Aria|p2a: Empoleon|[from] move: Sleep Talk\n|-resisted|p2a: Empoleon\n|-damage|p2a: Empoleon|57/100\n|move|p2a: Empoleon|Roost|p2a: Empoleon\n|-heal|p2a: Empoleon|100/100\n|\n|upkeep\n|turn|32\n|inactive|Time left: 300 sec this turn | 300 sec total\n|\n|t:|1783566105\n|cant|p1a: Lapras|slp\n|move|p2a: Empoleon|Roost||[still]\n|-fail|p2a: Empoleon|heal\n|\n|upkeep\n|turn|33\n|inactive|Time left: 300 sec this turn | 300 sec total\n|\n|t:|1783566105\n|-curestatus|p1a: Lapras|slp|[msg]\n|move|p1a: Lapras|Freeze-Dry|p2a: Empoleon\n|-supereffective|p2a: Empoleon\n|-damage|p2a: Empoleon|57/100\n|move|p2a: Empoleon|Roost|p2a: Empoleon\n|-heal|p2a: Empoleon|100/100\n|\n|upkeep\n|turn|34\n|inactive|Time left: 300 sec this turn | 300 sec total\n|\n|t:|1783566106\n|move|p1a: Lapras|Freeze-Dry|p2a: Empoleon\n|-supereffective|p2a: Empoleon\n|-damage|p2a: Empoleon|53/100\n|move|p2a: Empoleon|Yawn|p1a: Lapras\n|-start|p1a: Lapras|move: Yawn|[of] p2a: Empoleon\n|\n|-heal|p2a: Empoleon|59/100|[from] item: Leftovers\n|upkeep\n|turn|35\n|inactive|Time left: 300 sec this turn | 300 sec total\n|\n|t:|1783566107\n|move|p1a: Lapras|Freeze-Dry|p2a: Empoleon\n|-supereffective|p2a: Empoleon\n|-damage|p2a: Empoleon|9/100\n|move|p2a: Empoleon|Roost|p2a: Empoleon\n|-heal|p2a: Empoleon|59/100\n|\n|-heal|p2a: Empoleon|66/100|[from] item: Leftovers\n|-end|p1a: Lapras|move: Yawn|[silent]\n|-status|p1a: Lapras|slp\n|upkeep\n|turn|36\n|inactive|Time left: 300 sec this turn | 300 sec total\n|\n|t:|1783566108\n|cant|p1a: Lapras|slp\n|move|p1a: Lapras|Sleep Talk|p1a: Lapras\n|move|p1a: Lapras|Rest||[from] move: Sleep Talk|[still]\n|-fail|p1a: Lapras\n|move|p2a: Empoleon|Surf|p1a: Lapras\n|-immune|p1a: Lapras|[from] ability: Water Absorb\n|\n|-heal|p2a: Empoleon|72/100|[from] item: Leftovers\n|upkeep\n|turn|37\n|inactive|Time left: 300 sec this turn | 300 sec total\n|\n|t:|1783566109\n|-curestatus|p1a: Lapras|slp|[msg]\n|move|p1a: Lapras|Sleep Talk||[still]\n|-fail|p1a: Lapras\n|move|p2a: Empoleon|Ice Beam|p1a: Lapras\n|-resisted|p1a: Lapras\n|-damage|p1a: Lapras|353/368\n|\n|-heal|p2a: Empoleon|78/100|[from] item: Leftovers\n|upkeep\n|turn|38\n|inactive|Time left: 300 sec this turn | 300 sec total\n|\n|t:|1783566110\n|move|p1a: Lapras|Freeze-Dry|p2a: Empoleon\n|-supereffective|p2a: Empoleon\n|-damage|p2a: Empoleon|34/100\n|move|p2a: Empoleon|Yawn|p1a: Lapras\n|-start|p1a: Lapras|move: Yawn|[of] p2a: Empoleon\n|\n|-heal|p2a: Empoleon|40/100|[from] item: Leftovers\n|upkeep\n|turn|39\n|inactive|Time left: 300 sec this turn | 300 sec total\n|\n|t:|1783566111\n|move|p1a: Lapras|Freeze-Dry|p2a: Empoleon\n|-supereffective|p2a: Empoleon\n|-damage|p2a: Empoleon|0 fnt\n|faint|p2a: Empoleon\n|\n|-end|p1a: Lapras|move: Yawn|[silent]\n|-status|p1a: Lapras|slp\n|upkeep\n|\n|t:|1783566112\n|switch|p2a: Iron Boulder|Iron Boulder, L77|100/100\n|-damage|p2a: Iron Boulder|84/100|[from] Spikes\n|-enditem|p2a: Iron Boulder|Booster Energy\n|-activate|p2a: Iron Boulder|ability: Quark Drive|[fromitem]\n|-start|p2a: Iron Boulder|quarkdrivespe\n|turn|40\n|inactive|Time left: 300 sec this turn | 300 sec total\n|\n|t:|1783566113\n|switch|p1a: Scizor|Scizor, L79, M|240/240\n|move|p2a: Iron Boulder|Swords Dance|p2a: Iron Boulder\n|-boost|p2a: Iron Boulder|atk|2\n|\n|upkeep\n|turn|41\n|inactive|Time left: 300 sec this turn | 300 sec total\n|\n|t:|1783566114\n|-end|p2a: Iron Boulder|Quark Drive|[silent]\n|switch|p2a: Deoxys|Deoxys-Speed, L82|100/100\n|-damage|p2a: Deoxys|84/100|[from] Spikes\n|-ability|p2a: Deoxys|Pressure\n|move|p1a: Scizor|Bullet Punch|p2a: Deoxys\n|-damage|p2a: Deoxys|32/100\n|\n|upkeep\n|turn|42\n|inactive|Time left: 300 sec this turn | 300 sec total\n|\n|t:|1783566115\n|move|p1a: Scizor|Bullet Punch|p2a: Deoxys\n|-damage|p2a: Deoxys|0 fnt\n|faint|p2a: Deoxys\n|\n|upkeep\n|\n|t:|1783566116\n|switch|p2a: Iron Boulder|Iron Boulder, L77|84/100\n|-damage|p2a: Iron Boulder|67/100|[from] Spikes\n|turn|43\n|inactive|Time left: 300 sec this turn | 300 sec total\n|\n|t:|1783566117\n|-terastallize|p1a: Scizor|Dragon\n|move|p1a: Scizor|Bullet Punch|p2a: Iron Boulder\n|-supereffective|p2a: Iron Boulder\n|-damage|p2a: Iron Boulder|0 fnt\n|faint|p2a: Iron Boulder\n|-end|p2a: Iron Boulder|Quark Drive|[silent]\n|\n|win|p0x2249db0d", "uploadtime": 1783566117, "views": 0, "rating": 0, "private": 0, "password": null, "_winner": "p0x2249db0d", "_our_name": "p0x2249db0d"}