{"id": "battle-gen9randombattle-2872", "formatid": "gen9randombattle", "format": "[Gen 9] Random Battle", "players": ["p0x2872ac69", "p0y2872fa2b"], "log": "|init|battle\n|title|p0x2872ac69 vs. p0y2872fa2b\n|j|\u2606p0x2872ac69\n|j|\u2606p0y2872fa2b\n|t:|1783572130\n|gametype|singles\n|player|p1|p0x2872ac69|2|\n|player|p2|p0y2872fa2b|169|\n|gen|9\n|tier|[Gen 9] Random Battle\n|rule|Species Clause: Limit one of each Pok\u00e9mon\n|rule|HP Percentage Mod: HP is shown in percentages\n|rule|Sleep Clause Mod: Limit one foe put to sleep\n|rule|Illusion Level Mod: Illusion disguises the Pok\u00e9mon's true level\n|\n|t:|1783572130\n|teamsize|p1|6\n|teamsize|p2|6\n|start\n|switch|p1a: Breloom|Breloom, L83, M|235/235\n|switch|p2a: Hitmontop|Hitmontop, L88, M|100/100\n|turn|1\n|inactive|Battle timer is ON: inactive players will automatically lose when time's up. (requested by p0y2872fa2b)\n|inactive|Time left: 300 sec this turn | 300 sec total | 60 sec grace\n|\n|t:|1783572132\n|switch|p1a: Chandelure|Chandelure, L83, F|235/235\n|move|p2a: Hitmontop|Triple Axel|p1a: Chandelure\n|-resisted|p1a: Chandelure\n|-damage|p1a: Chandelure|224/235\n|-hitcount|p1a: Chandelure|1\n|\n|upkeep\n|turn|2\n|inactive|Time left: 300 sec this turn | 300 sec total\n|inactive|p0x2872ac69 also wants the timer to be on.\n|\n|t:|1783572133\n|switch|p2a: Krookodile|Krookodile, L79, M|100/100\n|-ability|p2a: Krookodile|Intimidate|boost\n|-unboost|p1a: Chandelure|atk|1\n|move|p1a: Chandelure|Fire Blast|p2a: Krookodile|[miss]\n|-miss|p1a: Chandelure|p2a: Krookodile\n|\n|upkeep\n|turn|3\n|inactive|Time left: 300 sec this turn | 300 sec total\n|\n|t:|1783572135\n|-terastallize|p1a: Chandelure|Grass\n|move|p2a: Krookodile|Earthquake|p1a: Chandelure\n|-resisted|p1a: Chandelure\n|-damage|p1a: Chandelure|148/235\n|move|p1a: Chandelure|Energy Ball|p2a: Krookodile\n|-supereffective|p2a: Krookodile\n|-damage|p2a: Krookodile|0 fnt\n|faint|p2a: Krookodile\n|\n|upkeep\n|\n|t:|1783572136\n|switch|p2a: Hitmontop|Hitmontop, L88, M|100/100\n|turn|4\n|inactive|Time left: 300 sec this turn | 300 sec total\n|\n|t:|1783572137\n|move|p1a: Chandelure|Fire Blast|p2a: Hitmontop\n|-damage|p2a: Hitmontop|49/100\n|move|p2a: Hitmontop|Triple Axel|p1a: Chandelure\n|-supereffective|p1a: Chandelure\n|-damage|p1a: Chandelure|102/235\n|-supereffective|p1a: Chandelure\n|-damage|p1a: Chandelure|18/235\n|-supereffective|p1a: Chandelure\n|-damage|p1a: Chandelure|0 fnt\n|faint|p1a: Chandelure\n|-hitcount|p1: Chandelure|3\n|\n|-heal|p2a: Hitmontop|55/100|[from] item: Leftovers\n|upkeep\n|inactive|Time left: 300 sec this turn | 300 sec total | 5 sec grace\n|\n|t:|1783572138\n|switch|p1a: Brambleghast|Brambleghast, L88, M|240/240\n|turn|5\n|inactive|Time left: 300 sec this turn | 300 sec total\n|\n|t:|1783572139\n|switch|p2a: Arcanine|Arcanine, L84, F|100/100\n|-ability|p2a: Arcanine|Intimidate|boost\n|-unboost|p1a: Brambleghast|atk|1\n|move|p1a: Brambleghast|Poltergeist|p2a: Arcanine\n|-activate|p2a: Arcanine|move: Poltergeist|Heavy-Duty Boots\n|-damage|p2a: Arcanine|65/100\n|\n|upkeep\n|turn|6\n|inactive|Time left: 300 sec this turn | 300 sec total\n|\n|t:|1783572140\n|switch|p1a: Iron Bundle|Iron Bundle, L78|215/215\n|move|p2a: Arcanine|Flare Blitz|p1a: Iron Bundle\n|-damage|p1a: Iron Bundle|82/215\n|-damage|p2a: Arcanine|49/100|[from] Recoil\n|\n|upkeep\n|turn|7\n|inactive|Time left: 300 sec this turn | 300 sec total\n|\n|t:|1783572141\n|move|p1a: Iron Bundle|Hydro Pump|p2a: Arcanine|[miss]\n|-miss|p1a: Iron Bundle|p2a: Arcanine\n|move|p2a: Arcanine|Flare Blitz|p1a: Iron Bundle\n|-damage|p1a: Iron Bundle|0 fnt\n|faint|p1a: Iron Bundle\n|-end|p1a: Iron Bundle|Quark Drive|[silent]\n|-damage|p2a: Arcanine|40/100|[from] Recoil\n|\n|upkeep\n|inactive|Time left: 300 sec this turn | 300 sec total | 5 sec grace\n|\n|t:|1783572142\n|switch|p1a: Morpeko|Morpeko, L88, F|245/245\n|turn|8\n|inactive|Time left: 300 sec this turn | 300 sec total\n|\n|t:|1783572143\n|switch|p2a: Lilligant|Lilligant-Hisui, L79, F|100/100\n|move|p1a: Morpeko|Aura Wheel|p2a: Lilligant\n|-resisted|p2a: Lilligant\n|-damage|p2a: Lilligant|72/100\n|-boost|p1a: Morpeko|spe|1\n|\n|-formechange|p1a: Morpeko|Morpeko-Hangry||[from] ability: Hunger Switch\n|upkeep\n|turn|9\n|inactive|Time left: 300 sec this turn | 300 sec total\n|\n|t:|1783572144\n|move|p1a: Morpeko|Parting Shot|p2a: Lilligant\n|-unboost|p2a: Lilligant|atk|1\n|-unboost|p2a: Lilligant|spa|1\n|inactive|Time left: 300 sec this turn | 300 sec total | 5 sec grace\n|\n|t:|1783572145\n|switch|p1a: Brambleghast|Brambleghast, L88, M|240/240|[from] Parting Shot\n|move|p2a: Lilligant|Victory Dance|p2a: Lilligant\n|-boost|p2a: Lilligant|atk|1\n|-boost|p2a: Lilligant|def|1\n|-boost|p2a: Lilligant|spe|1\n|\n|upkeep\n|turn|10\n|inactive|Time left: 300 sec this turn | 300 sec total\n|\n|t:|1783572146\n|move|p2a: Lilligant|Victory Dance|p2a: Lilligant\n|-boost|p2a: Lilligant|atk|1\n|-boost|p2a: Lilligant|def|1\n|-boost|p2a: Lilligant|spe|1\n|move|p1a: Brambleghast|Poltergeist|p2a: Lilligant\n|-activate|p2a: Lilligant|move: Poltergeist|Wide Lens\n|-damage|p2a: Lilligant|35/100\n|\n|upkeep\n|turn|11\n|inactive|Time left: 300 sec this turn | 300 sec total\n|\n|t:|1783572147\n|move|p2a: Lilligant|Leaf Blade|p1a: Brambleghast\n|-resisted|p1a: Brambleghast\n|-damage|p1a: Brambleghast|136/240\n|move|p1a: Brambleghast|Poltergeist|p2a: Lilligant\n|-activate|p2a: Lilligant|move: Poltergeist|Wide Lens\n|-damage|p2a: Lilligant|0 fnt\n|faint|p2a: Lilligant\n|\n|upkeep\n|\n|t:|1783572148\n|switch|p2a: Arcanine|Arcanine, L84, F|40/100\n|-ability|p2a: Arcanine|Intimidate|boost\n|-unboost|p1a: Brambleghast|atk|1\n|turn|12\n|inactive|Time left: 300 sec this turn | 300 sec total\n|\n|t:|1783572148\n|move|p1a: Brambleghast|Poltergeist|p2a: Arcanine\n|-activate|p2a: Arcanine|move: Poltergeist|Heavy-Duty Boots\n|-damage|p2a: Arcanine|4/100\n|move|p2a: Arcanine|Morning Sun|p2a: Arcanine\n|-heal|p2a: Arcanine|54/100\n|\n|upkeep\n|turn|13\n|inactive|Time left: 300 sec this turn | 300 sec total\n|\n|t:|1783572150\n|move|p1a: Brambleghast|Poltergeist|p2a: Arcanine|[miss]\n|-miss|p1a: Brambleghast|p2a: Arcanine\n|move|p2a: Arcanine|Will-O-Wisp|p1a: Brambleghast\n|-status|p1a: Brambleghast|brn\n|\n|-damage|p1a: Brambleghast|121/240 brn|[from] brn\n|upkeep\n|turn|14\n|inactive|Time left: 300 sec this turn | 300 sec total\n|\n|t:|1783572151\n|move|p1a: Brambleghast|Rapid Spin|p2a: Arcanine\n|-damage|p2a: Arcanine|49/100\n|-boost|p1a: Brambleghast|spe|1\n|move|p2a: Arcanine|Morning Sun|p2a: Arcanine\n|-heal|p2a: Arcanine|99/100\n|\n|-damage|p1a: Brambleghast|106/240 brn|[from] brn\n|upkeep\n|turn|15\n|inactive|Time left: 300 sec this turn | 300 sec total\n|\n|t:|1783572152\n|move|p1a: Brambleghast|Spikes|p2a: Arcanine\n|-sidestart|p2: p0y2872fa2b|Spikes\n|move|p2a: Arcanine|Flare Blitz|p1a: Brambleghast\n|-supereffective|p1a: Brambleghast\n|-damage|p1a: Brambleghast|0 fnt\n|faint|p1a: Brambleghast\n|-damage|p2a: Arcanine|87/100|[from] Recoil\n|\n|upkeep\n|inactive|Time left: 300 sec this turn | 300 sec total | 5 sec grace\n|\n|t:|1783572153\n|switch|p1a: Morpeko|Morpeko, L88, F|245/245\n|turn|16\n|inactive|Time left: 300 sec this turn | 300 sec total\n|\n|t:|1783572154\n|move|p1a: Morpeko|Aura Wheel|p2a: Arcanine\n|-damage|p2a: Arcanine|40/100\n|-boost|p1a: Morpeko|spe|1\n|move|p2a: Arcanine|Close Combat|p1a: Morpeko\n|-supereffective|p1a: Morpeko\n|-damage|p1a: Morpeko|0 fnt\n|-unboost|p2a: Arcanine|def|1\n|-unboost|p2a: Arcanine|spd|1\n|faint|p1a: Morpeko\n|\n|upkeep\n|inactive|Time left: 300 sec this turn | 300 sec total | 5 sec grace\n|\n|t:|1783572154\n|switch|p1a: Maushold|Maushold, L76|238/238\n|turn|17\n|inactive|Time left: 300 sec this turn | 300 sec total\n|\n|t:|1783572155\n|move|p1a: Maushold|Population Bomb|p2a: Arcanine\n|-damage|p2a: Arcanine|29/100\n|-damage|p2a: Arcanine|15/100\n|-damage|p2a: Arcanine|2/100\n|-damage|p2a: Arcanine|0 fnt\n|faint|p2a: Arcanine\n|-hitcount|p2: Arcanine|4\n|\n|upkeep\n|\n|t:|1783572156\n|switch|p2a: Magmortar|Magmortar, L88, M|100/100\n|turn|18\n|inactive|Time left: 300 sec this turn | 300 sec total\n|\n|t:|1783572157\n|move|p1a: Maushold|Population Bomb|p2a: Magmortar\n|-damage|p2a: Magmortar|90/100\n|-damage|p2a: Magmortar|79/100\n|-damage|p2a: Magmortar|70/100\n|-status|p1a: Maushold|brn|[from] ability: Flame Body|[of] p2a: Magmortar\n|-damage|p2a: Magmortar|64/100\n|-damage|p2a: Magmortar|60/100\n|-damage|p2a: Magmortar|55/100\n|-damage|p2a: Magmortar|50/100\n|-damage|p2a: Magmortar|45/100\n|-damage|p2a: Magmortar|40/100\n|-damage|p2a: Magmortar|35/100\n|-hitcount|p2a: Magmortar|10\n|move|p2a: Magmortar|Focus Blast|p1a: Maushold\n|-supereffective|p1a: Maushold\n|-damage|p1a: Maushold|0 fnt\n|faint|p1a: Maushold\n|\n|upkeep\n|inactive|Time left: 300 sec this turn | 300 sec total | 5 sec grace\n|\n|t:|1783572158\n|switch|p1a: Breloom|Breloom, L83, M|235/235\n|turn|19\n|inactive|Time left: 300 sec this turn | 300 sec total\n|\n|t:|1783572159\n|-terastallize|p2a: Magmortar|Electric\n|move|p1a: Breloom|Mach Punch|p2a: Magmortar\n|-damage|p2a: Magmortar|0 fnt\n|-status|p1a: Breloom|brn|[from] ability: Flame Body|[of] p2a: Magmortar\n|faint|p2a: Magmortar\n|-damage|p1a: Breloom|212/235 brn|[from] item: Life Orb\n|\n|-damage|p1a: Breloom|198/235 brn|[from] brn\n|upkeep\n|\n|t:|1783572160\n|switch|p2a: Gothitelle|Gothitelle, L90, F|100/100\n|-damage|p2a: Gothitelle|88/100|[from] Spikes\n|turn|20\n|inactive|Time left: 300 sec this turn | 300 sec total\n|\n|t:|1783572160\n|move|p1a: Breloom|Mach Punch|p2a: Gothitelle\n|-resisted|p2a: Gothitelle\n|-damage|p2a: Gothitelle|79/100\n|-damage|p1a: Breloom|175/235 brn|[from] item: Life Orb\n|move|p2a: Gothitelle|Psychic Noise|p1a: Breloom\n|-supereffective|p1a: Breloom\n|-damage|p1a: Breloom|0 fnt\n|faint|p1a: Breloom\n|\n|win|p0y2872fa2b", "uploadtime": 1783572160, "views": 0, "rating": 0, "private": 0, "password": null, "_winner": "p0y2872fa2b", "_our_name": "p0x2872ac69"}