{"id": "battle-gen9randombattle-477", "formatid": "gen9randombattle", "format": "[Gen 9] Random Battle", "players": ["p0x4773886", "p0y4770075"], "log": "|init|battle\n|title|p0x4773886 vs. p0y4770075\n|j|\u2606p0x4773886\n|j|\u2606p0y4770075\n|t:|1783545344\n|gametype|singles\n|player|p1|p0x4773886|101|\n|player|p2|p0y4770075|170|\n|gen|9\n|tier|[Gen 9] Random Battle\n|rule|Species Clause: Limit one of each Pok\u00e9mon\n|rule|HP Percentage Mod: HP is shown in percentages\n|rule|Sleep Clause Mod: Limit one foe put to sleep\n|rule|Illusion Level Mod: Illusion disguises the Pok\u00e9mon's true level\n|\n|t:|1783545344\n|teamsize|p1|6\n|teamsize|p2|6\n|start\n|switch|p1a: Dugtrio|Dugtrio, L84, M|100/100\n|switch|p2a: Beartic|Beartic, L91, F|321/321\n|turn|1\n|inactive|Battle timer is ON: inactive players will automatically lose when time's up. (requested by p0x4773886)\n|inactive|Time left: 300 sec this turn | 300 sec total | 60 sec grace\n|\n|t:|1783545345\n|switch|p1a: Keldeo|Keldeo-Resolute, L79|100/100\n|move|p2a: Beartic|Icicle Crash|p1a: Keldeo\n|-resisted|p1a: Keldeo\n|-damage|p1a: Keldeo|77/100\n|\n|-heal|p1a: Keldeo|83/100|[from] item: Leftovers\n|upkeep\n|turn|2\n|inactive|Time left: 300 sec this turn | 300 sec total\n|inactive|p0y4770075 also wants the timer to be on.\n|\n|t:|1783545346\n|move|p1a: Keldeo|Secret Sword|p2a: Beartic\n|-supereffective|p2a: Beartic\n|-damage|p2a: Beartic|109/321\n|move|p2a: Beartic|Swords Dance|p2a: Beartic\n|-boost|p2a: Beartic|atk|2\n|\n|-heal|p1a: Keldeo|90/100|[from] item: Leftovers\n|upkeep\n|turn|3\n|inactive|Time left: 300 sec this turn | 300 sec total\n|\n|t:|1783545347\n|-terastallize|p2a: Beartic|Fighting\n|move|p1a: Keldeo|Surf|p2a: Beartic\n|-damage|p2a: Beartic|6/321\n|move|p2a: Beartic|Close Combat|p1a: Keldeo\n|-damage|p1a: Keldeo|0 fnt\n|-unboost|p2a: Beartic|def|1\n|-unboost|p2a: Beartic|spd|1\n|faint|p1a: Keldeo\n|\n|upkeep\n|\n|t:|1783545348\n|switch|p1a: Scyther|Scyther, L82, M|100/100\n|turn|4\n|inactive|Time left: 300 sec this turn | 300 sec total\n|\n|t:|1783545350\n|move|p1a: Scyther|Dual Wingbeat|p2a: Beartic\n|-supereffective|p2a: Beartic\n|-damage|p2a: Beartic|0 fnt\n|faint|p2a: Beartic\n|-hitcount|p2: Beartic|1\n|\n|upkeep\n|inactive|Time left: 300 sec this turn | 300 sec total | 5 sec grace\n|\n|t:|1783545351\n|switch|p2a: Inteleon|Inteleon, L81, M|246/246\n|turn|5\n|inactive|Time left: 300 sec this turn | 300 sec total\n|\n|t:|1783545352\n|switch|p1a: Eelektross|Eelektross, L87, F|100/100\n|move|p2a: Inteleon|Scald|p1a: Eelektross\n|-damage|p1a: Eelektross|66/100\n|\n|upkeep\n|turn|6\n|inactive|Time left: 300 sec this turn | 300 sec total\n|\n|t:|1783545353\n|move|p2a: Inteleon|Scald|p1a: Eelektross\n|-crit|p1a: Eelektross\n|-damage|p1a: Eelektross|18/100\n|-status|p1a: Eelektross|brn\n|move|p1a: Eelektross|Discharge|p2a: Inteleon\n|-supereffective|p2a: Inteleon\n|-damage|p2a: Inteleon|0 fnt\n|faint|p2a: Inteleon\n|\n|-damage|p1a: Eelektross|12/100 brn|[from] brn\n|upkeep\n|inactive|Time left: 300 sec this turn | 300 sec total | 5 sec grace\n|\n|t:|1783545354\n|switch|p2a: Masquerain|Masquerain, L87, M|264/264\n|-ability|p2a: Masquerain|Intimidate|boost\n|-unboost|p1a: Eelektross|atk|1\n|turn|7\n|inactive|Time left: 300 sec this turn | 300 sec total\n|\n|t:|1783545356\n|move|p2a: Masquerain|Quiver Dance|p2a: Masquerain\n|-boost|p2a: Masquerain|spa|1\n|-boost|p2a: Masquerain|spd|1\n|-boost|p2a: Masquerain|spe|1\n|move|p1a: Eelektross|Discharge|p2a: Masquerain\n|-supereffective|p2a: Masquerain\n|-damage|p2a: Masquerain|144/264\n|\n|-damage|p1a: Eelektross|6/100 brn|[from] brn\n|upkeep\n|turn|8\n|inactive|Time left: 300 sec this turn | 300 sec total\n|\n|t:|1783545357\n|move|p2a: Masquerain|Bug Buzz|p1a: Eelektross\n|-damage|p1a: Eelektross|0 fnt\n|faint|p1a: Eelektross\n|\n|upkeep\n|\n|t:|1783545358\n|switch|p1a: Dugtrio|Dugtrio, L84, M|100/100\n|turn|9\n|inactive|Time left: 300 sec this turn | 300 sec total\n|\n|t:|1783545358\n|move|p2a: Masquerain|Hurricane|p1a: Dugtrio\n|-enditem|p1a: Dugtrio|Focus Sash\n|-damage|p1a: Dugtrio|1/100\n|move|p1a: Dugtrio|Stone Edge|p2a: Masquerain\n|-supereffective|p2a: Masquerain\n|-crit|p2a: Masquerain\n|-damage|p2a: Masquerain|0 fnt\n|faint|p2a: Masquerain\n|\n|upkeep\n|inactive|Time left: 300 sec this turn | 300 sec total | 5 sec grace\n|\n|t:|1783545359\n|switch|p2a: Swampert|Swampert, L83, M|302/302\n|turn|10\n|inactive|Time left: 300 sec this turn | 300 sec total\n|\n|t:|1783545360\n|move|p1a: Dugtrio|Earthquake|p2a: Swampert\n|-damage|p2a: Swampert|194/302\n|move|p2a: Swampert|Stealth Rock|p1a: Dugtrio\n|-sidestart|p1: p0x4773886|move: Stealth Rock\n|\n|-heal|p2a: Swampert|212/302|[from] item: Leftovers\n|upkeep\n|turn|11\n|inactive|Time left: 300 sec this turn | 300 sec total\n|\n|t:|1783545361\n|move|p1a: Dugtrio|Earthquake|p2a: Swampert\n|-damage|p2a: Swampert|112/302\n|move|p2a: Swampert|Earthquake|p1a: Dugtrio\n|-damage|p1a: Dugtrio|0 fnt\n|faint|p1a: Dugtrio\n|\n|-heal|p2a: Swampert|130/302|[from] item: Leftovers\n|upkeep\n|\n|t:|1783545362\n|switch|p1a: Scyther|Scyther, L82, M|100/100\n|turn|12\n|inactive|Time left: 300 sec this turn | 300 sec total\n|\n|t:|1783545363\n|switch|p2a: Tyranitar|Tyranitar, L78, F|284/284\n|-weather|Sandstorm|[from] ability: Sand Stream|[of] p2a: Tyranitar\n|move|p1a: Scyther|Dual Wingbeat|p2a: Tyranitar\n|-resisted|p2a: Tyranitar\n|-damage|p2a: Tyranitar|254/284\n|-resisted|p2a: Tyranitar\n|-damage|p2a: Tyranitar|224/284\n|-hitcount|p2a: Tyranitar|2\n|\n|-weather|Sandstorm|[upkeep]\n|-damage|p1a: Scyther|94/100|[from] Sandstorm\n|upkeep\n|turn|13\n|inactive|Time left: 300 sec this turn | 300 sec total\n|\n|t:|1783545364\n|switch|p2a: Swampert|Swampert, L83, M|130/302\n|move|p1a: Scyther|Close Combat|p2a: Swampert\n|-damage|p2a: Swampert|35/302\n|-unboost|p1a: Scyther|def|1\n|-unboost|p1a: Scyther|spd|1\n|\n|-weather|Sandstorm|[upkeep]\n|-damage|p1a: Scyther|88/100|[from] Sandstorm\n|-heal|p2a: Swampert|53/302|[from] item: Leftovers\n|upkeep\n|turn|14\n|inactive|Time left: 300 sec this turn | 300 sec total\n|\n|t:|1783545366\n|move|p1a: Scyther|U-turn|p2a: Swampert\n|-damage|p2a: Swampert|0 fnt\n|faint|p2a: Swampert\n|\n|t:|1783545367\n|switch|p1a: Bastiodon|Bastiodon, L89, M|100/100|[from] U-turn\n|-damage|p1a: Bastiodon|95/100|[from] Stealth Rock\n|\n|-weather|Sandstorm|[upkeep]\n|upkeep\n|inactive|Time left: 300 sec this turn | 300 sec total | 10 sec grace\n|\n|t:|1783545368\n|switch|p2a: Ogerpon|Ogerpon-Hearthflame, L74, F|239/239\n|-ability|p2a: Ogerpon|Mold Breaker\n|turn|15\n|inactive|Time left: 300 sec this turn | 300 sec total\n|\n|t:|1783545369\n|-terastallize|p1a: Bastiodon|Fighting\n|move|p2a: Ogerpon|Swords Dance|p2a: Ogerpon\n|-boost|p2a: Ogerpon|atk|2\n|move|p1a: Bastiodon|Body Press|p2a: Ogerpon\n|-damage|p2a: Ogerpon|50/239\n|\n|-weather|Sandstorm|[upkeep]\n|-damage|p2a: Ogerpon|36/239|[from] Sandstorm\n|-damage|p1a: Bastiodon|89/100|[from] Sandstorm\n|upkeep\n|turn|16\n|inactive|Time left: 300 sec this turn | 300 sec total\n|\n|t:|1783545370\n|move|p2a: Ogerpon|Ivy Cudgel|p1a: Bastiodon|[anim] Ivy Cudgel Fire\n|-damage|p1a: Bastiodon|41/100\n|move|p1a: Bastiodon|Body Press|p2a: Ogerpon\n|-damage|p2a: Ogerpon|0 fnt\n|faint|p2a: Ogerpon\n|\n|-weather|none\n|upkeep\n|inactive|Time left: 300 sec this turn | 300 sec total | 5 sec grace\n|\n|t:|1783545371\n|switch|p2a: Tyranitar|Tyranitar, L78, F|224/284\n|-weather|Sandstorm|[from] ability: Sand Stream|[of] p2a: Tyranitar\n|turn|17\n|inactive|Time left: 300 sec this turn | 300 sec total\n|\n|t:|1783545372\n|move|p2a: Tyranitar|Earthquake|p1a: Bastiodon\n|-damage|p1a: Bastiodon|22/100\n|move|p1a: Bastiodon|Body Press|p2a: Tyranitar\n|-supereffective|p2a: Tyranitar\n|-damage|p2a: Tyranitar|0 fnt\n|faint|p2a: Tyranitar\n|\n|win|p0x4773886", "uploadtime": 1783545372, "views": 0, "rating": 0, "private": 0, "password": null, "_winner": "p0x4773886", "_our_name": "p0y4770075"}