{"id": "battle-gen9randombattle-2933", "formatid": "gen9randombattle", "format": "[Gen 9] Random Battle", "players": ["p0x2933bfad", "p0y2933d064"], "log": "|init|battle\n|title|p0x2933bfad vs. p0y2933d064\n|j|\u2606p0x2933bfad\n|j|\u2606p0y2933d064\n|t:|1783572792\n|gametype|singles\n|player|p1|p0x2933bfad|266|\n|player|p2|p0y2933d064|169|\n|gen|9\n|tier|[Gen 9] Random Battle\n|rule|Species Clause: Limit one of each Pok\u00e9mon\n|rule|HP Percentage Mod: HP is shown in percentages\n|rule|Sleep Clause Mod: Limit one foe put to sleep\n|rule|Illusion Level Mod: Illusion disguises the Pok\u00e9mon's true level\n|\n|t:|1783572792\n|teamsize|p1|6\n|teamsize|p2|6\n|start\n|switch|p1a: Greninja|Greninja, L80, M|100/100\n|switch|p2a: Galvantula|Galvantula, L82, F|249/249\n|turn|1\n|inactive|Battle timer is ON: inactive players will automatically lose when time's up. (requested by p0x2933bfad)\n|inactive|Time left: 300 sec this turn | 300 sec total | 60 sec grace\n|inactive|p0y2933d064 also wants the timer to be on.\n|\n|t:|1783572793\n|move|p1a: Greninja|Dark Pulse|p2a: Galvantula\n|-damage|p2a: Galvantula|109/249\n|-damage|p1a: Greninja|91/100|[from] item: Life Orb\n|move|p2a: Galvantula|Sticky Web|p1a: Greninja\n|-sidestart|p1: p0x2933bfad|move: Sticky Web\n|\n|upkeep\n|turn|2\n|inactive|Time left: 300 sec this turn | 300 sec total\n|\n|t:|1783572795\n|switch|p2a: Toxicroak|Toxicroak, L84, M|277/277\n|move|p1a: Greninja|Dark Pulse|p2a: Toxicroak\n|-resisted|p2a: Toxicroak\n|-damage|p2a: Toxicroak|207/277\n|-damage|p1a: Greninja|81/100|[from] item: Life Orb\n|\n|upkeep\n|turn|3\n|inactive|Time left: 300 sec this turn | 300 sec total\n|\n|t:|1783572796\n|switch|p1a: Great Tusk|Great Tusk, L77|100/100\n|-activate|p1a: Great Tusk|move: Sticky Web\n|-unboost|p1a: Great Tusk|spe|1\n|move|p2a: Toxicroak|Gunk Shot|p1a: Great Tusk\n|-resisted|p1a: Great Tusk\n|-damage|p1a: Great Tusk|77/100\n|-status|p1a: Great Tusk|psn\n|-damage|p2a: Toxicroak|180/277|[from] item: Life Orb\n|\n|-heal|p1a: Great Tusk|84/100 psn|[from] item: Leftovers\n|-damage|p1a: Great Tusk|71/100 psn|[from] psn\n|upkeep\n|turn|4\n|inactive|Time left: 300 sec this turn | 300 sec total\n|\n|t:|1783572797\n|switch|p2a: Mew|Mew, L82|298/298\n|move|p1a: Great Tusk|Rapid Spin|p2a: Mew\n|-damage|p2a: Mew|262/298\n|-boost|p1a: Great Tusk|spe|1\n|-sideend|p1: p0x2933bfad|Sticky Web|[from] move: Rapid Spin|[of] p1a: Great Tusk\n|\n|-heal|p1a: Great Tusk|77/100 psn|[from] item: Leftovers\n|-damage|p1a: Great Tusk|65/100 psn|[from] psn\n|upkeep\n|turn|5\n|inactive|Time left: 300 sec this turn | 300 sec total\n|\n|t:|1783572799\n|move|p2a: Mew|Psychic|p1a: Great Tusk\n|-supereffective|p1a: Great Tusk\n|-damage|p1a: Great Tusk|0 fnt\n|faint|p1a: Great Tusk\n|-end|p1a: Great Tusk|Protosynthesis|[silent]\n|-damage|p2a: Mew|233/298|[from] item: Life Orb\n|\n|upkeep\n|\n|t:|1783572800\n|switch|p1a: Flutter Mane|Flutter Mane, L74|100/100\n|turn|6\n|inactive|Time left: 300 sec this turn | 300 sec total\n|\n|t:|1783572801\n|move|p1a: Flutter Mane|Moonblast|p2a: Mew\n|-damage|p2a: Mew|85/298\n|move|p2a: Mew|Psychic|p1a: Flutter Mane\n|-damage|p1a: Flutter Mane|52/100\n|-damage|p2a: Mew|56/298|[from] item: Life Orb\n|\n|upkeep\n|turn|7\n|inactive|Time left: 300 sec this turn | 300 sec total\n|\n|t:|1783572804\n|move|p1a: Flutter Mane|Moonblast|p2a: Mew\n|-damage|p2a: Mew|0 fnt\n|faint|p2a: Mew\n|\n|upkeep\n|inactive|Time left: 300 sec this turn | 300 sec total | 5 sec grace\n|\n|t:|1783572804\n|switch|p2a: Ambipom|Ambipom, L84, F|263/263\n|turn|8\n|inactive|Time left: 300 sec this turn | 300 sec total\n|\n|t:|1783572805\n|move|p1a: Flutter Mane|Moonblast|p2a: Ambipom\n|-damage|p2a: Ambipom|67/263\n|-unboost|p2a: Ambipom|spa|1\n|move|p2a: Ambipom|Triple Axel|p1a: Flutter Mane\n|-damage|p1a: Flutter Mane|27/100\n|-damage|p1a: Flutter Mane|0 fnt\n|faint|p1a: Flutter Mane\n|-end|p1a: Flutter Mane|Protosynthesis|[silent]\n|-hitcount|p1: Flutter Mane|2\n|\n|upkeep\n|\n|t:|1783572806\n|switch|p1a: Greninja|Greninja, L80, M|81/100\n|turn|9\n|inactive|Time left: 300 sec this turn | 300 sec total\n|\n|t:|1783572807\n|move|p1a: Greninja|Dark Pulse|p2a: Ambipom\n|-damage|p2a: Ambipom|0 fnt\n|faint|p2a: Ambipom\n|-ability|p1a: Greninja|Battle Bond|boost\n|-boost|p1a: Greninja|atk|1\n|-boost|p1a: Greninja|spa|1\n|-boost|p1a: Greninja|spe|1\n|-activate|p1a: Greninja|ability: Battle Bond\n|-damage|p1a: Greninja|71/100|[from] item: Life Orb\n|\n|upkeep\n|inactive|Time left: 300 sec this turn | 300 sec total | 5 sec grace\n|\n|t:|1783572808\n|switch|p2a: Breloom|Breloom, L83, M|235/235\n|turn|10\n|inactive|Time left: 300 sec this turn | 300 sec total\n|\n|t:|1783572809\n|-terastallize|p1a: Greninja|Poison\n|move|p2a: Breloom|Mach Punch|p1a: Greninja\n|-resisted|p1a: Greninja\n|-damage|p1a: Greninja|46/100\n|-damage|p2a: Breloom|212/235|[from] item: Life Orb\n|move|p1a: Greninja|Ice Beam|p2a: Breloom\n|-supereffective|p2a: Breloom\n|-damage|p2a: Breloom|0 fnt\n|faint|p2a: Breloom\n|-damage|p1a: Greninja|36/100|[from] item: Life Orb\n|\n|upkeep\n|inactive|Time left: 300 sec this turn | 300 sec total | 5 sec grace\n|\n|t:|1783572811\n|switch|p2a: Toxicroak|Toxicroak, L84, M|180/277\n|turn|11\n|inactive|Time left: 300 sec this turn | 300 sec total\n|\n|t:|1783572812\n|move|p1a: Greninja|Dark Pulse|p2a: Toxicroak\n|-resisted|p2a: Toxicroak\n|-damage|p2a: Toxicroak|75/277\n|-damage|p1a: Greninja|27/100|[from] item: Life Orb\n|move|p2a: Toxicroak|Earthquake|p1a: Greninja\n|-supereffective|p1a: Greninja\n|-damage|p1a: Greninja|0 fnt\n|faint|p1a: Greninja\n|-damage|p2a: Toxicroak|48/277|[from] item: Life Orb\n|\n|upkeep\n|\n|t:|1783572813\n|switch|p1a: Cobalion|Cobalion, L80|100/100\n|turn|12\n|inactive|Time left: 300 sec this turn | 300 sec total\n|\n|t:|1783572814\n|switch|p2a: Altaria|Altaria, L89, F|278/278\n|move|p1a: Cobalion|Iron Head|p2a: Altaria\n|-damage|p2a: Altaria|187/278\n|-damage|p1a: Cobalion|91/100|[from] item: Life Orb\n|\n|upkeep\n|turn|13\n|inactive|Time left: 300 sec this turn | 300 sec total\n|\n|t:|1783572815\n|move|p1a: Cobalion|Swords Dance|p1a: Cobalion\n|-boost|p1a: Cobalion|atk|2\n|move|p2a: Altaria|Dragon Dance|p2a: Altaria\n|-boost|p2a: Altaria|atk|1\n|-boost|p2a: Altaria|spe|1\n|\n|upkeep\n|turn|14\n|inactive|Time left: 300 sec this turn | 300 sec total\n|\n|t:|1783572816\n|move|p2a: Altaria|Earthquake|p1a: Cobalion\n|-supereffective|p1a: Cobalion\n|-damage|p1a: Cobalion|42/100\n|move|p1a: Cobalion|Iron Head|p2a: Altaria\n|-damage|p2a: Altaria|23/278\n|-damage|p1a: Cobalion|33/100|[from] item: Life Orb\n|\n|upkeep\n|turn|15\n|inactive|Time left: 300 sec this turn | 300 sec total\n|\n|t:|1783572817\n|switch|p1a: Dudunsparce|Dudunsparce, L83, M|100/100\n|move|p2a: Altaria|Earthquake|p1a: Dudunsparce\n|-damage|p1a: Dudunsparce|71/100\n|\n|-heal|p1a: Dudunsparce|77/100|[from] item: Leftovers\n|upkeep\n|turn|16\n|inactive|Time left: 300 sec this turn | 300 sec total\n|\n|t:|1783572818\n|move|p2a: Altaria|Roost|p2a: Altaria\n|-heal|p2a: Altaria|162/278\n|-singleturn|p2a: Altaria|move: Roost\n|move|p1a: Dudunsparce|Boomburst|p2a: Altaria\n|-damage|p2a: Altaria|62/278\n|\n|-heal|p1a: Dudunsparce|84/100|[from] item: Leftovers\n|upkeep\n|turn|17\n|inactive|Time left: 300 sec this turn | 300 sec total\n|\n|t:|1783572819\n|move|p2a: Altaria|Roost|p2a: Altaria\n|-heal|p2a: Altaria|201/278\n|-singleturn|p2a: Altaria|move: Roost\n|move|p1a: Dudunsparce|Boomburst|p2a: Altaria\n|-crit|p2a: Altaria\n|-damage|p2a: Altaria|27/278\n|\n|-heal|p1a: Dudunsparce|90/100|[from] item: Leftovers\n|upkeep\n|turn|18\n|inactive|Time left: 300 sec this turn | 300 sec total\n|\n|t:|1783572820\n|move|p2a: Altaria|Roost|p2a: Altaria\n|-heal|p2a: Altaria|166/278\n|-singleturn|p2a: Altaria|move: Roost\n|move|p1a: Dudunsparce|Boomburst|p2a: Altaria\n|-damage|p2a: Altaria|63/278\n|\n|-heal|p1a: Dudunsparce|96/100|[from] item: Leftovers\n|upkeep\n|turn|19\n|inactive|Time left: 300 sec this turn | 300 sec total\n|\n|t:|1783572821\n|move|p2a: Altaria|Roost|p2a: Altaria\n|-heal|p2a: Altaria|202/278\n|-singleturn|p2a: Altaria|move: Roost\n|move|p1a: Dudunsparce|Boomburst|p2a: Altaria\n|-damage|p2a: Altaria|96/278\n|\n|-heal|p1a: Dudunsparce|100/100|[from] item: Leftovers\n|upkeep\n|turn|20\n|inactive|Time left: 300 sec this turn | 300 sec total\n|\n|t:|1783572822\n|move|p2a: Altaria|Roost|p2a: Altaria\n|-heal|p2a: Altaria|235/278\n|-singleturn|p2a: Altaria|move: Roost\n|move|p1a: Dudunsparce|Boomburst|p2a: Altaria\n|-damage|p2a: Altaria|117/278\n|\n|upkeep\n|turn|21\n|inactive|Time left: 300 sec this turn | 300 sec total\n|\n|t:|1783572823\n|move|p2a: Altaria|Roost|p2a: Altaria\n|-heal|p2a: Altaria|256/278\n|-singleturn|p2a: Altaria|move: Roost\n|move|p1a: Dudunsparce|Boomburst|p2a: Altaria\n|-crit|p2a: Altaria\n|-damage|p2a: Altaria|85/278\n|\n|upkeep\n|turn|22\n|inactive|Time left: 300 sec this turn | 300 sec total\n|\n|t:|1783572823\n|move|p2a: Altaria|Roost|p2a: Altaria\n|-heal|p2a: Altaria|224/278\n|-singleturn|p2a: Altaria|move: Roost\n|move|p1a: Dudunsparce|Boomburst|p2a: Altaria\n|-damage|p2a: Altaria|118/278\n|\n|upkeep\n|turn|23\n|inactive|Time left: 300 sec this turn | 300 sec total\n|\n|t:|1783572824\n|move|p2a: Altaria|Roost|p2a: Altaria\n|-heal|p2a: Altaria|257/278\n|-singleturn|p2a: Altaria|move: Roost\n|move|p1a: Dudunsparce|Boomburst|p2a: Altaria\n|-damage|p2a: Altaria|146/278\n|\n|upkeep\n|turn|24\n|inactive|Time left: 300 sec this turn | 300 sec total\n|\n|t:|1783572825\n|move|p2a: Altaria|Dragon Dance|p2a: Altaria\n|-boost|p2a: Altaria|atk|1\n|-boost|p2a: Altaria|spe|1\n|move|p1a: Dudunsparce|Boomburst|p2a: Altaria\n|-damage|p2a: Altaria|34/278\n|\n|upkeep\n|turn|25\n|inactive|Time left: 300 sec this turn | 300 sec total\n|\n|t:|1783572826\n|move|p2a: Altaria|Brave Bird|p1a: Dudunsparce\n|-damage|p1a: Dudunsparce|29/100\n|-damage|p2a: Altaria|0 fnt|[from] Recoil\n|faint|p2a: Altaria\n|move|p1a: Dudunsparce|Boomburst|p2: Altaria|[notarget]\n|-fail|p1a: Dudunsparce\n|\n|-heal|p1a: Dudunsparce|35/100|[from] item: Leftovers\n|upkeep\n|inactive|Time left: 300 sec this turn | 300 sec total | 5 sec grace\n|\n|t:|1783572827\n|switch|p2a: Toxicroak|Toxicroak, L84, M|48/277\n|turn|26\n|inactive|Time left: 300 sec this turn | 300 sec total\n|\n|t:|1783572828\n|move|p2a: Toxicroak|Close Combat|p1a: Dudunsparce\n|-supereffective|p1a: Dudunsparce\n|-damage|p1a: Dudunsparce|0 fnt\n|-unboost|p2a: Toxicroak|def|1\n|-unboost|p2a: Toxicroak|spd|1\n|faint|p1a: Dudunsparce\n|-damage|p2a: Toxicroak|21/277|[from] item: Life Orb\n|\n|upkeep\n|\n|t:|1783572829\n|switch|p1a: Illumise|Illumise, L91, F|100/100\n|turn|27\n|inactive|Time left: 300 sec this turn | 300 sec total\n|\n|t:|1783572829\n|move|p1a: Illumise|Bug Buzz|p2a: Toxicroak\n|-resisted|p2a: Toxicroak\n|-damage|p2a: Toxicroak|0 fnt\n|faint|p2a: Toxicroak\n|\n|upkeep\n|inactive|Time left: 300 sec this turn | 300 sec total | 5 sec grace\n|\n|t:|1783572830\n|switch|p2a: Galvantula|Galvantula, L82, F|109/249\n|turn|28\n|inactive|Time left: 300 sec this turn | 300 sec total\n|\n|t:|1783572831\n|-terastallize|p2a: Galvantula|Electric\n|move|p2a: Galvantula|Thunder|p1a: Illumise\n|-damage|p1a: Illumise|49/100\n|-status|p1a: Illumise|par\n|move|p1a: Illumise|Bug Buzz|p2a: Galvantula\n|-damage|p2a: Galvantula|0 fnt\n|faint|p2a: Galvantula\n|\n|win|p0x2933bfad", "uploadtime": 1783572831, "views": 0, "rating": 0, "private": 0, "password": null, "_winner": "p0x2933bfad", "_our_name": "p0y2933d064"}