{"id": "battle-gen9randombattle-2180", "formatid": "gen9randombattle", "format": "[Gen 9] Random Battle", "players": ["p0x21809d70", "p0y21802ef5"], "log": "|init|battle\n|title|p0x21809d70 vs. p0y21802ef5\n|j|\u2606p0x21809d70\n|j|\u2606p0y21802ef5\n|t:|1783564385\n|gametype|singles\n|player|p1|p0x21809d70|101|\n|player|p2|p0y21802ef5|265|\n|gen|9\n|tier|[Gen 9] Random Battle\n|rule|Species Clause: Limit one of each Pok\u00e9mon\n|rule|HP Percentage Mod: HP is shown in percentages\n|rule|Sleep Clause Mod: Limit one foe put to sleep\n|rule|Illusion Level Mod: Illusion disguises the Pok\u00e9mon's true level\n|\n|t:|1783564385\n|teamsize|p1|6\n|teamsize|p2|6\n|start\n|switch|p1a: Lokix|Lokix, L82, F|100/100\n|switch|p2a: Wyrdeer|Wyrdeer, L87, F|321/321\n|-ability|p2a: Wyrdeer|Intimidate|boost\n|-unboost|p1a: Lokix|atk|1\n|turn|1\n|inactive|Battle timer is ON: inactive players will automatically lose when time's up. (requested by p0x21809d70)\n|inactive|Time left: 300 sec this turn | 300 sec total | 60 sec grace\n|inactive|p0y21802ef5 also wants the timer to be on.\n|\n|t:|1783564386\n|switch|p1a: Golurk|Golurk, L87|100/100\n|move|p2a: Wyrdeer|Body Slam|p1a: Golurk\n|-immune|p1a: Golurk\n|\n|upkeep\n|turn|2\n|inactive|Time left: 300 sec this turn | 300 sec total\n|\n|t:|1783564388\n|move|p2a: Wyrdeer|Earthquake|p1a: Golurk\n|-damage|p1a: Golurk|74/100\n|move|p1a: Golurk|Dynamic Punch|p2a: Wyrdeer\n|-damage|p2a: Wyrdeer|180/321\n|-start|p2a: Wyrdeer|confusion\n|\n|-heal|p2a: Wyrdeer|200/321|[from] item: Leftovers\n|upkeep\n|turn|3\n|inactive|Time left: 300 sec this turn | 300 sec total\n|\n|t:|1783564388\n|-activate|p2a: Wyrdeer|confusion\n|move|p2a: Wyrdeer|Earthquake|p1a: Golurk\n|-damage|p1a: Golurk|45/100\n|move|p1a: Golurk|Dynamic Punch|p2a: Wyrdeer\n|-damage|p2a: Wyrdeer|44/321\n|\n|-heal|p2a: Wyrdeer|64/321|[from] item: Leftovers\n|upkeep\n|turn|4\n|inactive|Time left: 300 sec this turn | 300 sec total\n|\n|t:|1783564389\n|-activate|p2a: Wyrdeer|confusion\n|move|p2a: Wyrdeer|Psychic Noise|p1a: Golurk\n|-damage|p1a: Golurk|14/100\n|-start|p1a: Golurk|move: Heal Block\n|move|p1a: Golurk|Dynamic Punch|p2a: Wyrdeer\n|-damage|p2a: Wyrdeer|0 fnt\n|faint|p2a: Wyrdeer\n|\n|upkeep\n|inactive|Time left: 300 sec this turn | 300 sec total | 5 sec grace\n|\n|t:|1783564390\n|switch|p2a: Iron Valiant|Iron Valiant, L78|244/244\n|turn|5\n|inactive|Time left: 300 sec this turn | 300 sec total\n|\n|t:|1783564392\n|move|p2a: Iron Valiant|Spirit Break|p1a: Golurk\n|-damage|p1a: Golurk|0 fnt\n|faint|p1a: Golurk\n|-damage|p2a: Iron Valiant|220/244|[from] item: Life Orb\n|\n|upkeep\n|\n|t:|1783564392\n|switch|p1a: Torterra|Torterra, L78, F|100/100\n|turn|6\n|inactive|Time left: 300 sec this turn | 300 sec total\n|\n|t:|1783564393\n|-end|p2a: Iron Valiant|Quark Drive|[silent]\n|switch|p2a: Hawlucha|Hawlucha, L80, F|256/256\n|move|p1a: Torterra|Shell Smash|p1a: Torterra\n|-unboost|p1a: Torterra|def|1\n|-unboost|p1a: Torterra|spd|1\n|-boost|p1a: Torterra|atk|2\n|-boost|p1a: Torterra|spa|2\n|-boost|p1a: Torterra|spe|2\n|\n|upkeep\n|turn|7\n|inactive|Time left: 300 sec this turn | 300 sec total\n|\n|t:|1783564394\n|move|p1a: Torterra|Rock Blast|p2a: Hawlucha\n|-damage|p2a: Hawlucha|215/256\n|-crit|p2a: Hawlucha\n|-damage|p2a: Hawlucha|156/256\n|-crit|p2a: Hawlucha\n|-damage|p2a: Hawlucha|94/256\n|-damage|p2a: Hawlucha|56/256\n|-damage|p2a: Hawlucha|16/256\n|-hitcount|p2a: Hawlucha|5\n|move|p2a: Hawlucha|Brave Bird|p1a: Torterra\n|-supereffective|p1a: Torterra\n|-damage|p1a: Torterra|0 fnt\n|faint|p1a: Torterra\n|-damage|p2a: Hawlucha|0 fnt|[from] Recoil\n|faint|p2a: Hawlucha\n|\n|upkeep\n|inactive|Time left: 300 sec this turn | 300 sec total | 5 sec grace\n|\n|t:|1783564395\n|switch|p2a: Copperajah|Copperajah, L86, M|350/350\n|switch|p1a: Grimmsnarl|Grimmsnarl, L83, M|100/100\n|turn|8\n|inactive|Time left: 300 sec this turn | 300 sec total\n|\n|t:|1783564396\n|move|p1a: Grimmsnarl|Reflect|p1a: Grimmsnarl\n|-sidestart|p1: p0x21809d70|Reflect\n|move|p2a: Copperajah|Iron Head|p1a: Grimmsnarl\n|-supereffective|p1a: Grimmsnarl\n|-damage|p1a: Grimmsnarl|13/100\n|\n|upkeep\n|turn|9\n|inactive|Time left: 300 sec this turn | 300 sec total\n|\n|t:|1783564397\n|move|p1a: Grimmsnarl|Light Screen|p1a: Grimmsnarl\n|-sidestart|p1: p0x21809d70|move: Light Screen\n|move|p2a: Copperajah|Stealth Rock|p1a: Grimmsnarl\n|-sidestart|p1: p0x21809d70|move: Stealth Rock\n|\n|upkeep\n|turn|10\n|inactive|Time left: 300 sec this turn | 300 sec total\n|\n|t:|1783564398\n|move|p1a: Grimmsnarl|Spirit Break|p2a: Copperajah\n|-resisted|p2a: Copperajah\n|-damage|p2a: Copperajah|296/350\n|-unboost|p2a: Copperajah|spa|1\n|move|p2a: Copperajah|Iron Head|p1a: Grimmsnarl\n|-supereffective|p1a: Grimmsnarl\n|-damage|p1a: Grimmsnarl|0 fnt\n|faint|p1a: Grimmsnarl\n|\n|upkeep\n|\n|t:|1783564399\n|switch|p1a: Squawkabilly|Squawkabilly-White, L89, M|100/100\n|turn|11\n|inactive|Time left: 300 sec this turn | 300 sec total\n|\n|t:|1783564400\n|move|p1a: Squawkabilly|Parting Shot|p2a: Copperajah\n|-unboost|p2a: Copperajah|atk|1\n|-unboost|p2a: Copperajah|spa|1\n|\n|t:|1783564401\n|switch|p1a: Mesprit|Mesprit, L85|100/100|[from] Parting Shot\n|-damage|p1a: Mesprit|88/100|[from] Stealth Rock\n|move|p2a: Copperajah|Iron Head|p1a: Mesprit\n|-damage|p1a: Mesprit|70/100\n|\n|-heal|p1a: Mesprit|76/100|[from] item: Leftovers\n|upkeep\n|turn|12\n|inactive|Time left: 300 sec this turn | 300 sec total\n|\n|t:|1783564402\n|switch|p2a: Skuntank|Skuntank, L84, F|310/310\n|move|p1a: Mesprit|Knock Off|p2a: Skuntank\n|-resisted|p2a: Skuntank\n|-damage|p2a: Skuntank|261/310\n|-enditem|p2a: Skuntank|Assault Vest|[from] move: Knock Off|[of] p1a: Mesprit\n|\n|-heal|p1a: Mesprit|82/100|[from] item: Leftovers\n|upkeep\n|turn|13\n|inactive|Time left: 300 sec this turn | 300 sec total\n|\n|t:|1783564403\n|move|p2a: Skuntank|Knock Off|p1a: Mesprit\n|-supereffective|p1a: Mesprit\n|-damage|p1a: Mesprit|48/100\n|-enditem|p1a: Mesprit|Leftovers|[from] move: Knock Off|[of] p2a: Skuntank\n|move|p1a: Mesprit|U-turn|p2a: Skuntank\n|-damage|p2a: Skuntank|189/310\n|\n|t:|1783564404\n|switch|p1a: Squawkabilly|Squawkabilly-White, L89, M|100/100|[from] U-turn\n|\n|upkeep\n|turn|14\n|inactive|Time left: 300 sec this turn | 300 sec total\n|\n|t:|1783564405\n|switch|p2a: Copperajah|Copperajah, L86, M|296/350\n|move|p1a: Squawkabilly|Double-Edge|p2a: Copperajah\n|-resisted|p2a: Copperajah\n|-crit|p2a: Copperajah\n|-damage|p2a: Copperajah|122/350\n|-damage|p1a: Squawkabilly|81/100|[from] Recoil\n|\n|upkeep\n|turn|15\n|inactive|Time left: 300 sec this turn | 300 sec total\n|\n|t:|1783564406\n|move|p1a: Squawkabilly|Double-Edge|p2a: Copperajah|[miss]\n|-miss|p1a: Squawkabilly|p2a: Copperajah\n|move|p2a: Copperajah|Iron Head|p1a: Squawkabilly\n|-damage|p1a: Squawkabilly|32/100\n|\n|-sideend|p1: p0x21809d70|Reflect\n|upkeep\n|turn|16\n|inactive|Time left: 300 sec this turn | 300 sec total\n|\n|t:|1783564407\n|move|p1a: Squawkabilly|Brave Bird|p2a: Copperajah\n|-resisted|p2a: Copperajah\n|-damage|p2a: Copperajah|9/350\n|-damage|p1a: Squawkabilly|20/100|[from] Recoil\n|move|p2a: Copperajah|Iron Head|p1a: Squawkabilly\n|-damage|p1a: Squawkabilly|0 fnt\n|faint|p1a: Squawkabilly\n|\n|-sideend|p1: p0x21809d70|move: Light Screen\n|upkeep\n|\n|t:|1783564408\n|switch|p1a: Mesprit|Mesprit, L85|48/100\n|-damage|p1a: Mesprit|36/100|[from] Stealth Rock\n|turn|17\n|inactive|Time left: 300 sec this turn | 300 sec total\n|\n|t:|1783564409\n|switch|p2a: Skuntank|Skuntank, L84, F|189/310\n|move|p1a: Mesprit|Psychic Noise|p2a: Skuntank\n|-immune|p2a: Skuntank\n|\n|upkeep\n|turn|18\n|inactive|Time left: 300 sec this turn | 300 sec total\n|\n|t:|1783564410\n|move|p2a: Skuntank|Gunk Shot|p1a: Mesprit|[miss]\n|-miss|p2a: Skuntank|p1a: Mesprit\n|move|p1a: Mesprit|Encore|p2a: Skuntank\n|-start|p2a: Skuntank|Encore\n|\n|upkeep\n|turn|19\n|inactive|Time left: 300 sec this turn | 300 sec total\n|\n|t:|1783564411\n|-terastallize|p1a: Mesprit|Steel\n|move|p2a: Skuntank|Gunk Shot|p1a: Mesprit\n|-immune|p1a: Mesprit\n|move|p1a: Mesprit|Psychic Noise|p2a: Skuntank\n|-immune|p2a: Skuntank\n|\n|upkeep\n|turn|20\n|inactive|Time left: 300 sec this turn | 300 sec total\n|\n|t:|1783564412\n|switch|p2a: Copperajah|Copperajah, L86, M|9/350\n|move|p1a: Mesprit|Encore||[still]\n|-fail|p1a: Mesprit\n|\n|upkeep\n|turn|21\n|inactive|Time left: 300 sec this turn | 300 sec total\n|\n|t:|1783564413\n|move|p1a: Mesprit|Psychic Noise|p2a: Copperajah\n|-resisted|p2a: Copperajah\n|-damage|p2a: Copperajah|0 fnt\n|faint|p2a: Copperajah\n|\n|upkeep\n|inactive|Time left: 300 sec this turn | 300 sec total | 5 sec grace\n|\n|t:|1783564414\n|switch|p2a: Iron Valiant|Iron Valiant, L78|220/244\n|turn|22\n|inactive|Time left: 300 sec this turn | 300 sec total\n|\n|t:|1783564415\n|switch|p1a: Lokix|Lokix, L82, F|100/100\n|-damage|p1a: Lokix|76/100|[from] Stealth Rock\n|-terastallize|p2a: Iron Valiant|Fighting\n|move|p2a: Iron Valiant|Close Combat|p1a: Lokix\n|-damage|p1a: Lokix|0 fnt\n|-unboost|p2a: Iron Valiant|def|1\n|-unboost|p2a: Iron Valiant|spd|1\n|faint|p1a: Lokix\n|-damage|p2a: Iron Valiant|196/244|[from] item: Life Orb\n|\n|upkeep\n|\n|t:|1783564416\n|switch|p1a: Mesprit|Mesprit, L85, tera:Steel|36/100\n|-damage|p1a: Mesprit|30/100|[from] Stealth Rock\n|turn|23\n|inactive|Time left: 300 sec this turn | 300 sec total\n|\n|t:|1783564417\n|move|p2a: Iron Valiant|Close Combat|p1a: Mesprit\n|-supereffective|p1a: Mesprit\n|-damage|p1a: Mesprit|0 fnt\n|-unboost|p2a: Iron Valiant|def|1\n|-unboost|p2a: Iron Valiant|spd|1\n|faint|p1a: Mesprit\n|-damage|p2a: Iron Valiant|172/244|[from] item: Life Orb\n|\n|win|p0y21802ef5", "uploadtime": 1783564417, "views": 0, "rating": 0, "private": 0, "password": null, "_winner": "p0y21802ef5", "_our_name": "p0y21802ef5"}