{"id": "battle-gen9randombattle-735", "formatid": "gen9randombattle", "format": "[Gen 9] Random Battle", "players": ["p0x735e84c", "p0y7351108"], "log": "|init|battle\n|title|p0x735e84c vs. p0y7351108\n|j|\u2606p0x735e84c\n|j|\u2606p0y7351108\n|t:|1783547651\n|gametype|singles\n|player|p1|p0x735e84c|101|\n|player|p2|p0y7351108|1|\n|gen|9\n|tier|[Gen 9] Random Battle\n|rule|Species Clause: Limit one of each Pok\u00e9mon\n|rule|HP Percentage Mod: HP is shown in percentages\n|rule|Sleep Clause Mod: Limit one foe put to sleep\n|rule|Illusion Level Mod: Illusion disguises the Pok\u00e9mon's true level\n|\n|t:|1783547651\n|teamsize|p1|6\n|teamsize|p2|6\n|start\n|switch|p1a: Cresselia|Cresselia, L80, F|100/100\n|switch|p2a: Hariyama|Hariyama, L87, F|392/392\n|turn|1\n|inactive|Battle timer is ON: inactive players will automatically lose when time's up. (requested by p0y7351108)\n|inactive|p0x735e84c also wants the timer to be on.\n|\n|t:|1783547653\n|move|p1a: Cresselia|Calm Mind|p1a: Cresselia\n|-boost|p1a: Cresselia|spa|1\n|-boost|p1a: Cresselia|spd|1\n|move|p2a: Hariyama|Knock Off|p1a: Cresselia\n|-supereffective|p1a: Cresselia\n|-damage|p1a: Cresselia|52/100\n|-enditem|p1a: Cresselia|Leftovers|[from] move: Knock Off|[of] p2a: Hariyama\n|\n|-status|p2a: Hariyama|brn|[from] item: Flame Orb\n|upkeep\n|turn|2\n|inactive|Time left: 300 sec this turn | 300 sec total\n|\n|t:|1783547654\n|move|p1a: Cresselia|Moonlight|p1a: Cresselia\n|-heal|p1a: Cresselia|100/100\n|move|p2a: Hariyama|Facade|p1a: Cresselia\n|-damage|p1a: Cresselia|50/100\n|\n|-damage|p2a: Hariyama|368/392 brn|[from] brn\n|upkeep\n|turn|3\n|inactive|Time left: 300 sec this turn | 300 sec total\n|\n|t:|1783547655\n|move|p1a: Cresselia|Moonlight|p1a: Cresselia\n|-heal|p1a: Cresselia|99/100\n|move|p2a: Hariyama|Facade|p1a: Cresselia\n|-damage|p1a: Cresselia|53/100\n|\n|-damage|p2a: Hariyama|344/392 brn|[from] brn\n|upkeep\n|turn|4\n|inactive|Time left: 300 sec this turn | 300 sec total\n|\n|t:|1783547656\n|-terastallize|p2a: Hariyama|Normal\n|move|p1a: Cresselia|Psyshock|p2a: Hariyama\n|-damage|p2a: Hariyama|230/392 brn\n|move|p2a: Hariyama|Facade|p1a: Cresselia\n|-damage|p1a: Cresselia|0 fnt\n|faint|p1a: Cresselia\n|\n|-damage|p2a: Hariyama|206/392 brn|[from] brn\n|upkeep\n|\n|t:|1783547657\n|switch|p1a: Toxtricity|Toxtricity, L82, F|100/100\n|turn|5\n|inactive|Time left: 300 sec this turn | 300 sec total\n|\n|t:|1783547658\n|-terastallize|p1a: Toxtricity|Normal\n|move|p1a: Toxtricity|Boomburst|p2a: Hariyama\n|-damage|p2a: Hariyama|0 fnt\n|faint|p2a: Hariyama\n|-enditem|p1a: Toxtricity|Throat Spray\n|-boost|p1a: Toxtricity|spa|1|[from] item: Throat Spray\n|\n|upkeep\n|inactive|Time left: 300 sec this turn | 300 sec total | 5 sec grace\n|\n|t:|1783547659\n|switch|p2a: Tauros|Tauros-Paldea-Combat, L82, M|257/257\n|-ability|p2a: Tauros|Intimidate|boost\n|-unboost|p1a: Toxtricity|atk|1\n|turn|6\n|inactive|Time left: 300 sec this turn | 300 sec total\n|\n|t:|1783547660\n|switch|p1a: Arceus|Arceus-Ghost, L69|100/100\n|move|p2a: Tauros|Close Combat|p1a: Arceus\n|-immune|p1a: Arceus\n|\n|upkeep\n|turn|7\n|inactive|Time left: 300 sec this turn | 300 sec total\n|\n|t:|1783547661\n|switch|p2a: Golduck|Golduck, L90, M|290/290\n|-ability|p2a: Golduck|Cloud Nine\n|move|p1a: Arceus|Judgment|p2a: Golduck\n|-damage|p2a: Golduck|188/290\n|\n|-heal|p2a: Golduck|206/290|[from] item: Leftovers\n|upkeep\n|turn|8\n|inactive|Time left: 300 sec this turn | 300 sec total\n|\n|t:|1783547662\n|move|p1a: Arceus|Calm Mind|p1a: Arceus\n|-boost|p1a: Arceus|spa|1\n|-boost|p1a: Arceus|spd|1\n|move|p2a: Golduck|Nasty Plot|p2a: Golduck\n|-boost|p2a: Golduck|spa|2\n|\n|-heal|p2a: Golduck|224/290|[from] item: Leftovers\n|upkeep\n|turn|9\n|inactive|Time left: 300 sec this turn | 300 sec total\n|\n|t:|1783547663\n|move|p1a: Arceus|Judgment|p2a: Golduck\n|-damage|p2a: Golduck|80/290\n|move|p2a: Golduck|Hydro Pump|p1a: Arceus\n|-damage|p1a: Arceus|35/100\n|\n|-heal|p2a: Golduck|98/290|[from] item: Leftovers\n|upkeep\n|turn|10\n|inactive|Time left: 300 sec this turn | 300 sec total\n|\n|t:|1783547664\n|move|p1a: Arceus|Judgment|p2a: Golduck\n|-damage|p2a: Golduck|0 fnt\n|faint|p2a: Golduck\n|\n|upkeep\n|inactive|Time left: 300 sec this turn | 300 sec total | 5 sec grace\n|\n|t:|1783547665\n|switch|p2a: Brambleghast|Brambleghast, L88, F|240/240\n|turn|11\n|inactive|Time left: 300 sec this turn | 300 sec total\n|\n|t:|1783547666\n|move|p2a: Brambleghast|Power Whip|p1a: Arceus\n|-damage|p1a: Arceus|0 fnt\n|faint|p1a: Arceus\n|\n|upkeep\n|\n|t:|1783547667\n|switch|p1a: Snorlax|Snorlax, L82, M|100/100\n|turn|12\n|inactive|Time left: 300 sec this turn | 300 sec total\n|\n|t:|1783547668\n|move|p2a: Brambleghast|Leech Seed|p1a: Snorlax\n|-start|p1a: Snorlax|move: Leech Seed\n|move|p1a: Snorlax|Crunch|p2a: Brambleghast\n|-supereffective|p2a: Brambleghast\n|-damage|p2a: Brambleghast|112/240\n|\n|-heal|p2a: Brambleghast|127/240|[from] item: Leftovers\n|-damage|p1a: Snorlax|88/100|[from] Leech Seed|[of] p2a: Brambleghast\n|-heal|p2a: Brambleghast|176/240|[silent]\n|upkeep\n|turn|13\n|inactive|Time left: 300 sec this turn | 300 sec total\n|\n|t:|1783547669\n|move|p2a: Brambleghast|Power Whip|p1a: Snorlax\n|-damage|p1a: Snorlax|39/100\n|move|p1a: Snorlax|Crunch|p2a: Brambleghast\n|-supereffective|p2a: Brambleghast\n|-damage|p2a: Brambleghast|52/240\n|\n|-heal|p2a: Brambleghast|67/240|[from] item: Leftovers\n|-heal|p1a: Snorlax|45/100|[from] item: Leftovers\n|-damage|p1a: Snorlax|33/100|[from] Leech Seed|[of] p2a: Brambleghast\n|-heal|p2a: Brambleghast|116/240|[silent]\n|upkeep\n|turn|14\n|inactive|Time left: 300 sec this turn | 300 sec total\n|\n|t:|1783547670\n|switch|p1a: Electrode|Electrode-Hisui, L87|100/100\n|move|p2a: Brambleghast|Power Whip|p1a: Electrode\n|-resisted|p1a: Electrode\n|-damage|p1a: Electrode|65/100\n|\n|-heal|p1a: Electrode|71/100|[from] item: Leftovers\n|-heal|p2a: Brambleghast|131/240|[from] item: Leftovers\n|upkeep\n|turn|15\n|inactive|Time left: 300 sec this turn | 300 sec total\n|\n|t:|1783547671\n|move|p1a: Electrode|Giga Drain|p2a: Brambleghast\n|-resisted|p2a: Brambleghast\n|-damage|p2a: Brambleghast|92/240\n|-heal|p1a: Electrode|79/100|[from] drain|[of] p2a: Brambleghast\n|move|p2a: Brambleghast|Poltergeist|p1a: Electrode\n|-activate|p1a: Electrode|move: Poltergeist|Leftovers\n|-damage|p1a: Electrode|7/100\n|\n|-heal|p1a: Electrode|13/100|[from] item: Leftovers\n|-heal|p2a: Brambleghast|107/240|[from] item: Leftovers\n|upkeep\n|turn|16\n|inactive|Time left: 300 sec this turn | 300 sec total\n|\n|t:|1783547672\n|move|p1a: Electrode|Thunderbolt|p2a: Brambleghast\n|-resisted|p2a: Brambleghast\n|-damage|p2a: Brambleghast|59/240\n|move|p2a: Brambleghast|Power Whip|p1a: Electrode|[miss]\n|-miss|p2a: Brambleghast|p1a: Electrode\n|\n|-heal|p1a: Electrode|19/100|[from] item: Leftovers\n|-heal|p2a: Brambleghast|74/240|[from] item: Leftovers\n|upkeep\n|turn|17\n|inactive|Time left: 300 sec this turn | 300 sec total\n|\n|t:|1783547673\n|move|p1a: Electrode|Thunderbolt|p2a: Brambleghast\n|-resisted|p2a: Brambleghast\n|-damage|p2a: Brambleghast|29/240\n|move|p2a: Brambleghast|Power Whip|p1a: Electrode\n|-resisted|p1a: Electrode\n|-damage|p1a: Electrode|0 fnt\n|faint|p1a: Electrode\n|\n|-heal|p2a: Brambleghast|44/240|[from] item: Leftovers\n|upkeep\n|\n|t:|1783547674\n|switch|p1a: Toxtricity|Toxtricity, L82, F, tera:Normal|100/100\n|turn|18\n|inactive|Time left: 300 sec this turn | 300 sec total\n|\n|t:|1783547675\n|move|p2a: Brambleghast|Power Whip|p1a: Toxtricity|[miss]\n|-miss|p2a: Brambleghast|p1a: Toxtricity\n|move|p1a: Toxtricity|Shift Gear|p1a: Toxtricity\n|-boost|p1a: Toxtricity|spe|2\n|-boost|p1a: Toxtricity|atk|1\n|\n|-heal|p2a: Brambleghast|59/240|[from] item: Leftovers\n|upkeep\n|turn|19\n|inactive|Time left: 300 sec this turn | 300 sec total\n|\n|t:|1783547676\n|move|p1a: Toxtricity|Gunk Shot|p2a: Brambleghast\n|-damage|p2a: Brambleghast|0 fnt\n|faint|p2a: Brambleghast\n|\n|upkeep\n|inactive|Time left: 300 sec this turn | 300 sec total | 5 sec grace\n|\n|t:|1783547677\n|switch|p2a: Iron Boulder|Iron Boulder, L77|265/265\n|-enditem|p2a: Iron Boulder|Booster Energy\n|-activate|p2a: Iron Boulder|ability: Quark Drive|[fromitem]\n|-start|p2a: Iron Boulder|quarkdrivespe\n|turn|20\n|inactive|Time left: 300 sec this turn | 300 sec total\n|\n|t:|1783547678\n|move|p2a: Iron Boulder|Swords Dance|p2a: Iron Boulder\n|-boost|p2a: Iron Boulder|atk|2\n|move|p1a: Toxtricity|Gunk Shot|p2a: Iron Boulder\n|-resisted|p2a: Iron Boulder\n|-damage|p2a: Iron Boulder|166/265\n|\n|upkeep\n|turn|21\n|inactive|Time left: 300 sec this turn | 300 sec total\n|\n|t:|1783547679\n|move|p2a: Iron Boulder|Close Combat|p1a: Toxtricity\n|-supereffective|p1a: Toxtricity\n|-damage|p1a: Toxtricity|0 fnt\n|-unboost|p2a: Iron Boulder|def|1\n|-unboost|p2a: Iron Boulder|spd|1\n|faint|p1a: Toxtricity\n|\n|upkeep\n|\n|t:|1783547679\n|switch|p1a: Palafin|Palafin, L77, F|100/100\n|turn|22\n|inactive|Time left: 300 sec this turn | 300 sec total\n|\n|t:|1783547680\n|move|p1a: Palafin|Jet Punch|p2a: Iron Boulder\n|-supereffective|p2a: Iron Boulder\n|-damage|p2a: Iron Boulder|0 fnt\n|faint|p2a: Iron Boulder\n|-end|p2a: Iron Boulder|Quark Drive|[silent]\n|\n|upkeep\n|inactive|Time left: 300 sec this turn | 300 sec total | 5 sec grace\n|\n|t:|1783547681\n|switch|p2a: Tauros|Tauros-Paldea-Combat, L82, M|257/257\n|-ability|p2a: Tauros|Intimidate|boost\n|-unboost|p1a: Palafin|atk|1\n|turn|23\n|inactive|Time left: 300 sec this turn | 300 sec total\n|\n|t:|1783547682\n|move|p1a: Palafin|Jet Punch|p2a: Tauros\n|-damage|p2a: Tauros|215/257\n|move|p2a: Tauros|Close Combat|p1a: Palafin\n|-crit|p1a: Palafin\n|-damage|p1a: Palafin|0 fnt\n|-unboost|p2a: Tauros|def|1\n|-unboost|p2a: Tauros|spd|1\n|faint|p1a: Palafin\n|\n|upkeep\n|\n|t:|1783547683\n|switch|p1a: Snorlax|Snorlax, L82, M|33/100\n|turn|24\n|inactive|Time left: 300 sec this turn | 300 sec total\n|\n|t:|1783547684\n|move|p2a: Tauros|Close Combat|p1a: Snorlax\n|-supereffective|p1a: Snorlax\n|-damage|p1a: Snorlax|0 fnt\n|-unboost|p2a: Tauros|def|1\n|-unboost|p2a: Tauros|spd|1\n|faint|p1a: Snorlax\n|\n|win|p0y7351108", "uploadtime": 1783547684, "views": 0, "rating": 0, "private": 0, "password": null, "_winner": "p0y7351108", "_our_name": "p0y7351108"}