{"id": "battle-gen9randombattle-234", "formatid": "gen9randombattle", "format": "[Gen 9] Random Battle", "players": ["p0x234d964", "p0y2347cd4"], "log": "|init|battle\n|title|p0x234d964 vs. p0y2347cd4\n|j|\u2606p0x234d964\n|j|\u2606p0y2347cd4\n|t:|1783541820\n|gametype|singles\n|player|p1|p0x234d964|101|\n|player|p2|p0y2347cd4|169|\n|gen|9\n|tier|[Gen 9] Random Battle\n|rule|Species Clause: Limit one of each Pok\u00e9mon\n|rule|HP Percentage Mod: HP is shown in percentages\n|rule|Sleep Clause Mod: Limit one foe put to sleep\n|rule|Illusion Level Mod: Illusion disguises the Pok\u00e9mon's true level\n|\n|t:|1783541820\n|teamsize|p1|6\n|teamsize|p2|6\n|start\n|switch|p1a: Skeledirge|Skeledirge, L79, F|100/100\n|switch|p2a: Quagsire|Quagsire, L84, M|297/297\n|turn|1\n|inactive|Battle timer is ON: inactive players will automatically lose when time's up. (requested by p0x234d964)\n|inactive|Time left: 300 sec this turn | 300 sec total | 60 sec grace\n|inactive|p0y2347cd4 also wants the timer to be on.\n|\n|t:|1783541822\n|move|p1a: Skeledirge|Torch Song|p2a: Quagsire\n|-resisted|p2a: Quagsire\n|-damage|p2a: Quagsire|243/297\n|-boost|p1a: Skeledirge|spa|1\n|move|p2a: Quagsire|Earthquake|p1a: Skeledirge\n|-supereffective|p1a: Skeledirge\n|-damage|p1a: Skeledirge|37/100\n|\n|-heal|p2a: Quagsire|261/297|[from] item: Leftovers\n|upkeep\n|turn|2\n|inactive|Time left: 300 sec this turn | 300 sec total\n|\n|t:|1783541823\n|move|p1a: Skeledirge|Slack Off|p1a: Skeledirge\n|-heal|p1a: Skeledirge|87/100\n|move|p2a: Quagsire|Earthquake|p1a: Skeledirge\n|-supereffective|p1a: Skeledirge\n|-damage|p1a: Skeledirge|19/100\n|\n|-heal|p2a: Quagsire|279/297|[from] item: Leftovers\n|upkeep\n|turn|3\n|inactive|Time left: 300 sec this turn | 300 sec total\n|\n|t:|1783541824\n|move|p1a: Skeledirge|Slack Off|p1a: Skeledirge\n|-heal|p1a: Skeledirge|69/100\n|move|p2a: Quagsire|Earthquake|p1a: Skeledirge\n|-supereffective|p1a: Skeledirge\n|-damage|p1a: Skeledirge|9/100\n|\n|-heal|p2a: Quagsire|297/297|[from] item: Leftovers\n|upkeep\n|turn|4\n|inactive|Time left: 300 sec this turn | 300 sec total\n|\n|t:|1783541825\n|move|p1a: Skeledirge|Slack Off|p1a: Skeledirge\n|-heal|p1a: Skeledirge|59/100\n|move|p2a: Quagsire|Earthquake|p1a: Skeledirge\n|-supereffective|p1a: Skeledirge\n|-crit|p1a: Skeledirge\n|-damage|p1a: Skeledirge|0 fnt\n|faint|p1a: Skeledirge\n|\n|upkeep\n|\n|t:|1783541826\n|switch|p1a: Enamorus|Enamorus-Therian, L83, F|100/100\n|turn|5\n|inactive|Time left: 300 sec this turn | 300 sec total\n|\n|t:|1783541828\n|switch|p2a: Basculegion|Basculegion-F, L83, F|335/335\n|move|p1a: Enamorus|Moonblast|p2a: Basculegion\n|-damage|p2a: Basculegion|194/335\n|-unboost|p2a: Basculegion|spa|1\n|\n|upkeep\n|turn|6\n|inactive|Time left: 300 sec this turn | 300 sec total\n|\n|t:|1783541829\n|move|p2a: Basculegion|Wave Crash|p1a: Enamorus\n|-damage|p1a: Enamorus|47/100\n|-damage|p2a: Basculegion|148/335|[from] Recoil\n|move|p1a: Enamorus|Moonblast|p2a: Basculegion\n|-damage|p2a: Basculegion|0 fnt\n|faint|p2a: Basculegion\n|\n|upkeep\n|inactive|Time left: 300 sec this turn | 300 sec total | 5 sec grace\n|\n|t:|1783541830\n|switch|p2a: Mamoswine|Mamoswine, L81, M|311/311\n|turn|7\n|inactive|Time left: 300 sec this turn | 300 sec total\n|\n|t:|1783541831\n|move|p2a: Mamoswine|Icicle Crash|p1a: Enamorus\n|-supereffective|p1a: Enamorus\n|-damage|p1a: Enamorus|0 fnt\n|faint|p1a: Enamorus\n|-damage|p2a: Mamoswine|280/311|[from] item: Life Orb\n|\n|upkeep\n|\n|t:|1783541832\n|switch|p1a: Basculegion|Basculegion-F, L83, F|100/100\n|turn|8\n|inactive|Time left: 300 sec this turn | 300 sec total\n|\n|t:|1783541833\n|switch|p2a: Cryogonal|Cryogonal, L89|287/287\n|move|p1a: Basculegion|Hydro Pump|p2a: Cryogonal\n|-damage|p2a: Cryogonal|181/287\n|\n|upkeep\n|turn|9\n|inactive|Time left: 300 sec this turn | 300 sec total\n|\n|t:|1783541834\n|move|p2a: Cryogonal|Freeze-Dry|p1a: Basculegion\n|-supereffective|p1a: Basculegion\n|-damage|p1a: Basculegion|66/100\n|move|p1a: Basculegion|Wave Crash|p2a: Cryogonal\n|-damage|p2a: Cryogonal|0 fnt\n|faint|p2a: Cryogonal\n|-damage|p1a: Basculegion|48/100|[from] Recoil\n|\n|upkeep\n|inactive|Time left: 300 sec this turn | 300 sec total | 5 sec grace\n|\n|t:|1783541835\n|switch|p2a: Morpeko|Morpeko, L88, F|245/245\n|turn|10\n|inactive|Time left: 300 sec this turn | 300 sec total\n|\n|t:|1783541836\n|switch|p1a: Jolteon|Jolteon, L84, M|100/100\n|move|p2a: Morpeko|Aura Wheel|p1a: Jolteon\n|-immune|p1a: Jolteon|[from] ability: Volt Absorb\n|\n|-formechange|p2a: Morpeko|Morpeko-Hangry||[from] ability: Hunger Switch\n|upkeep\n|turn|11\n|inactive|Time left: 300 sec this turn | 300 sec total\n|\n|t:|1783541837\n|switch|p1a: Keldeo|Keldeo-Resolute, L79|100/100\n|move|p2a: Morpeko|Aura Wheel|p1a: Keldeo\n|-resisted|p1a: Keldeo\n|-damage|p1a: Keldeo|77/100\n|-boost|p2a: Morpeko|spe|1\n|-ability|p1a: Keldeo|Justified|boost\n|-boost|p1a: Keldeo|atk|1\n|\n|-heal|p1a: Keldeo|83/100|[from] item: Leftovers\n|-formechange|p2a: Morpeko|Morpeko||[from] ability: Hunger Switch\n|upkeep\n|turn|12\n|inactive|Time left: 300 sec this turn | 300 sec total\n|\n|t:|1783541838\n|-terastallize|p2a: Morpeko|Electric\n|-terastallize|p1a: Keldeo|Steel\n|move|p2a: Morpeko|Aura Wheel|p1a: Keldeo\n|-damage|p1a: Keldeo|24/100\n|-boost|p2a: Morpeko|spe|1\n|move|p1a: Keldeo|Secret Sword|p2a: Morpeko\n|-damage|p2a: Morpeko|112/245\n|\n|-heal|p2a: Morpeko|127/245|[from] item: Leftovers\n|-heal|p1a: Keldeo|31/100|[from] item: Leftovers\n|upkeep\n|turn|13\n|inactive|Time left: 300 sec this turn | 300 sec total\n|\n|t:|1783541839\n|switch|p1a: Weezing|Weezing, L88, M|100/100\n|move|p2a: Morpeko|Knock Off|p1a: Weezing\n|-damage|p1a: Weezing|65/100\n|-enditem|p1a: Weezing|Leftovers|[from] move: Knock Off|[of] p2a: Morpeko\n|\n|-heal|p2a: Morpeko|142/245|[from] item: Leftovers\n|upkeep\n|turn|14\n|inactive|Time left: 300 sec this turn | 300 sec total\n|\n|t:|1783541839\n|move|p2a: Morpeko|Protect|p2a: Morpeko\n|-singleturn|p2a: Morpeko|Protect\n|move|p1a: Weezing|Gunk Shot|p2a: Morpeko\n|-activate|p2a: Morpeko|move: Protect\n|\n|-heal|p2a: Morpeko|157/245|[from] item: Leftovers\n|upkeep\n|turn|15\n|inactive|Time left: 300 sec this turn | 300 sec total\n|\n|t:|1783541840\n|move|p2a: Morpeko|Aura Wheel|p1a: Weezing\n|-crit|p1a: Weezing\n|-damage|p1a: Weezing|0 fnt\n|-boost|p2a: Morpeko|spe|1\n|faint|p1a: Weezing\n|\n|-heal|p2a: Morpeko|172/245|[from] item: Leftovers\n|upkeep\n|\n|t:|1783541841\n|switch|p1a: Keldeo|Keldeo-Resolute, L79, tera:Steel|31/100\n|turn|16\n|inactive|Time left: 300 sec this turn | 300 sec total\n|\n|t:|1783541842\n|move|p2a: Morpeko|Knock Off|p1a: Keldeo\n|-damage|p1a: Keldeo|0 fnt\n|-enditem|p1a: Keldeo|Leftovers|[from] move: Knock Off|[of] p2a: Morpeko\n|faint|p1a: Keldeo\n|\n|-heal|p2a: Morpeko|187/245|[from] item: Leftovers\n|upkeep\n|\n|t:|1783541843\n|switch|p1a: Jolteon|Jolteon, L84, M|100/100\n|turn|17\n|inactive|Time left: 300 sec this turn | 300 sec total\n|\n|t:|1783541843\n|move|p2a: Morpeko|Knock Off|p1a: Jolteon\n|-damage|p1a: Jolteon|43/100\n|-enditem|p1a: Jolteon|Heavy-Duty Boots|[from] move: Knock Off|[of] p2a: Morpeko\n|move|p1a: Jolteon|Thunderbolt|p2a: Morpeko\n|-resisted|p2a: Morpeko\n|-damage|p2a: Morpeko|118/245\n|\n|-heal|p2a: Morpeko|133/245|[from] item: Leftovers\n|upkeep\n|turn|18\n|inactive|Time left: 300 sec this turn | 300 sec total\n|\n|t:|1783541844\n|move|p2a: Morpeko|Knock Off|p1a: Jolteon\n|-crit|p1a: Jolteon\n|-damage|p1a: Jolteon|0 fnt\n|faint|p1a: Jolteon\n|\n|-heal|p2a: Morpeko|148/245|[from] item: Leftovers\n|upkeep\n|\n|t:|1783541845\n|switch|p1a: Basculegion|Basculegion-F, L83, F|48/100\n|turn|19\n|inactive|Time left: 300 sec this turn | 300 sec total\n|\n|t:|1783541846\n|move|p2a: Morpeko|Aura Wheel|p1a: Basculegion\n|-supereffective|p1a: Basculegion\n|-damage|p1a: Basculegion|0 fnt\n|-boost|p2a: Morpeko|spe|1\n|faint|p1a: Basculegion\n|\n|win|p0y2347cd4", "uploadtime": 1783541846, "views": 0, "rating": 0, "private": 0, "password": null, "_winner": "p0y2347cd4", "_our_name": "p0y2347cd4"}