{"id": "battle-gen9randombattle-615", "formatid": "gen9randombattle", "format": "[Gen 9] Random Battle", "players": ["p0x6151212", "p0y6157ec0"], "log": "|init|battle\n|title|p0x6151212 vs. p0y6157ec0\n|j|\u2606p0x6151212\n|j|\u2606p0y6157ec0\n|t:|1783546957\n|gametype|singles\n|player|p1|p0x6151212|2|\n|player|p2|p0y6157ec0|169|\n|gen|9\n|tier|[Gen 9] Random Battle\n|rule|Species Clause: Limit one of each Pok\u00e9mon\n|rule|HP Percentage Mod: HP is shown in percentages\n|rule|Sleep Clause Mod: Limit one foe put to sleep\n|rule|Illusion Level Mod: Illusion disguises the Pok\u00e9mon's true level\n|\n|t:|1783546957\n|teamsize|p1|6\n|teamsize|p2|6\n|start\n|switch|p1a: Passimian|Passimian, L83, F|100/100\n|switch|p2a: Arceus|Arceus-Poison, L70|284/284\n|turn|1\n|inactive|Battle timer is ON: inactive players will automatically lose when time's up. (requested by p0x6151212)\n|inactive|Time left: 300 sec this turn | 300 sec total | 60 sec grace\n|inactive|p0y6157ec0 also wants the timer to be on.\n|\n|t:|1783546959\n|move|p2a: Arceus|Swords Dance|p2a: Arceus\n|-boost|p2a: Arceus|atk|2\n|move|p1a: Passimian|Knock Off|p2a: Arceus\n|-damage|p2a: Arceus|207/284\n|\n|upkeep\n|turn|2\n|inactive|Time left: 300 sec this turn | 300 sec total\n|\n|t:|1783546960\n|switch|p1a: Glastrier|Glastrier, L86|100/100\n|move|p2a: Arceus|Gunk Shot|p1a: Glastrier\n|-crit|p1a: Glastrier\n|-damage|p1a: Glastrier|13/100\n|-status|p1a: Glastrier|psn\n|\n|-damage|p1a: Glastrier|0 fnt|[from] psn\n|faint|p1a: Glastrier\n|upkeep\n|\n|t:|1783546961\n|switch|p1a: Whiscash|Whiscash, L88, M|100/100\n|turn|3\n|inactive|Time left: 300 sec this turn | 300 sec total\n|\n|t:|1783546962\n|-terastallize|p2a: Arceus|Ground\n|move|p2a: Arceus|Earthquake|p1a: Whiscash\n|-damage|p1a: Whiscash|43/100\n|move|p1a: Whiscash|Earthquake|p2a: Arceus\n|-damage|p2a: Arceus|93/284\n|-damage|p1a: Whiscash|33/100|[from] item: Life Orb\n|\n|upkeep\n|turn|4\n|inactive|Time left: 300 sec this turn | 300 sec total\n|\n|t:|1783546963\n|move|p2a: Arceus|Gunk Shot|p1a: Whiscash\n|-resisted|p1a: Whiscash\n|-damage|p1a: Whiscash|0 fnt\n|faint|p1a: Whiscash\n|\n|upkeep\n|\n|t:|1783546964\n|switch|p1a: Slowbro|Slowbro, L85, M|100/100\n|turn|5\n|inactive|Time left: 300 sec this turn | 300 sec total\n|\n|t:|1783546965\n|move|p2a: Arceus|Gunk Shot|p1a: Slowbro\n|-damage|p1a: Slowbro|35/100\n|move|p1a: Slowbro|Scald|p2a: Arceus\n|-supereffective|p2a: Arceus\n|-crit|p2a: Arceus\n|-damage|p2a: Arceus|0 fnt\n|faint|p2a: Arceus\n|\n|upkeep\n|inactive|Time left: 300 sec this turn | 300 sec total | 5 sec grace\n|\n|t:|1783546966\n|switch|p2a: Zekrom|Zekrom, L71|259/259\n|-ability|p2a: Zekrom|Teravolt\n|turn|6\n|inactive|Time left: 300 sec this turn | 300 sec total\n|\n|t:|1783546968\n|switch|p1a: Passimian|Passimian, L83, F|100/100\n|move|p2a: Zekrom|Dragon Dance|p2a: Zekrom\n|-boost|p2a: Zekrom|atk|1\n|-boost|p2a: Zekrom|spe|1\n|\n|upkeep\n|turn|7\n|inactive|Time left: 300 sec this turn | 300 sec total\n|\n|t:|1783546969\n|move|p2a: Zekrom|Outrage|p1a: Passimian\n|-crit|p1a: Passimian\n|-damage|p1a: Passimian|11/100\n|move|p1a: Passimian|Close Combat|p2a: Zekrom\n|-damage|p2a: Zekrom|69/259\n|-unboost|p1a: Passimian|def|1\n|-unboost|p1a: Passimian|spd|1\n|\n|-heal|p2a: Zekrom|85/259|[from] item: Leftovers\n|upkeep\n|turn|8\n|inactive|Time left: 300 sec this turn | 300 sec total\n|\n|t:|1783546970\n|move|p2a: Zekrom|Outrage|p1a: Passimian|[from] lockedmove\n|-damage|p1a: Passimian|0 fnt\n|faint|p1a: Passimian\n|\n|-heal|p2a: Zekrom|101/259|[from] item: Leftovers\n|upkeep\n|\n|t:|1783546971\n|switch|p1a: Slowbro|Slowbro, L85, M|68/100\n|turn|9\n|inactive|Time left: 300 sec this turn | 300 sec total\n|\n|t:|1783546971\n|-terastallize|p1a: Slowbro|Fairy\n|move|p2a: Zekrom|Outrage|p1a: Slowbro|[from] lockedmove\n|-immune|p1a: Slowbro\n|-start|p2a: Zekrom|confusion|[fatigue]\n|move|p1a: Slowbro|Psychic Noise|p2a: Zekrom\n|-damage|p2a: Zekrom|17/259\n|-start|p2a: Zekrom|move: Heal Block\n|\n|upkeep\n|turn|10\n|inactive|Time left: 300 sec this turn | 300 sec total\n|\n|t:|1783546972\n|-activate|p2a: Zekrom|confusion\n|move|p2a: Zekrom|Bolt Strike|p1a: Slowbro\n|-damage|p1a: Slowbro|9/100\n|move|p1a: Slowbro|Scald|p2a: Zekrom\n|-resisted|p2a: Zekrom\n|-damage|p2a: Zekrom|0 fnt\n|faint|p2a: Zekrom\n|\n|upkeep\n|inactive|Time left: 300 sec this turn | 300 sec total | 5 sec grace\n|\n|t:|1783546973\n|switch|p2a: Weavile|Weavile, L79, M|239/239\n|turn|11\n|inactive|Time left: 300 sec this turn | 300 sec total\n|\n|t:|1783546974\n|move|p2a: Weavile|Triple Axel|p1a: Slowbro\n|-damage|p1a: Slowbro|0 fnt\n|faint|p1a: Slowbro\n|-hitcount|p1: Slowbro|1\n|\n|upkeep\n|\n|t:|1783546975\n|switch|p1a: Kleavor|Kleavor, L78, M|100/100\n|turn|12\n|inactive|Time left: 300 sec this turn | 300 sec total\n|\n|t:|1783546976\n|switch|p2a: Archaludon|Archaludon, L78, F|268/268\n|move|p1a: Kleavor|Stone Axe|p2a: Archaludon\n|-resisted|p2a: Archaludon\n|-damage|p2a: Archaludon|226/268\n|-ability|p2a: Archaludon|Stamina|boost\n|-boost|p2a: Archaludon|def|1\n|-sidestart|p2: p0y6157ec0|move: Stealth Rock\n|\n|-heal|p2a: Archaludon|242/268|[from] item: Leftovers\n|upkeep\n|turn|13\n|inactive|Time left: 300 sec this turn | 300 sec total\n|\n|t:|1783546977\n|switch|p1a: Sunflora|Sunflora, F|100/100\n|move|p2a: Archaludon|Flash Cannon|p1a: Sunflora\n|-damage|p1a: Sunflora|76/100\n|\n|-heal|p2a: Archaludon|258/268|[from] item: Leftovers\n|upkeep\n|turn|14\n|inactive|Time left: 300 sec this turn | 300 sec total\n|\n|t:|1783546978\n|switch|p2a: Scovillain|Scovillain, L91, M|266/266\n|move|p1a: Sunflora|Earth Power|p2a: Scovillain\n|-damage|p2a: Scovillain|123/266\n|-damage|p1a: Sunflora|67/100|[from] item: Life Orb\n|\n|upkeep\n|turn|15\n|inactive|Time left: 300 sec this turn | 300 sec total\n|\n|t:|1783546979\n|move|p2a: Scovillain|Fire Blast|p1a: Sunflora|[miss]\n|-miss|p2a: Scovillain|p1a: Sunflora\n|move|p1a: Sunflora|Earth Power|p2a: Scovillain\n|-damage|p2a: Scovillain|0 fnt\n|faint|p2a: Scovillain\n|-damage|p1a: Sunflora|57/100|[from] item: Life Orb\n|\n|upkeep\n|inactive|Time left: 300 sec this turn | 300 sec total | 5 sec grace\n|\n|t:|1783546980\n|switch|p2a: Weavile|Weavile, L79, M|239/239\n|-damage|p2a: Weavile|180/239|[from] Stealth Rock\n|turn|16\n|inactive|Time left: 300 sec this turn | 300 sec total\n|\n|t:|1783546981\n|switch|p1a: Kleavor|Kleavor, L78, M|100/100\n|move|p2a: Weavile|Knock Off|p1a: Kleavor\n|-damage|p1a: Kleavor|29/100\n|-enditem|p1a: Kleavor|Heavy-Duty Boots|[from] move: Knock Off|[of] p2a: Weavile\n|\n|upkeep\n|turn|17\n|inactive|Time left: 300 sec this turn | 300 sec total\n|\n|t:|1783546982\n|switch|p1a: Sunflora|Sunflora, F|57/100\n|move|p2a: Weavile|Knock Off|p1a: Sunflora\n|-crit|p1a: Sunflora\n|-damage|p1a: Sunflora|0 fnt\n|-enditem|p1a: Sunflora|Life Orb|[from] move: Knock Off|[of] p2a: Weavile\n|faint|p1a: Sunflora\n|\n|upkeep\n|\n|t:|1783546983\n|switch|p1a: Kleavor|Kleavor, L78, M|29/100\n|turn|18\n|inactive|Time left: 300 sec this turn | 300 sec total\n|\n|t:|1783546984\n|move|p2a: Weavile|Knock Off|p1a: Kleavor\n|-damage|p1a: Kleavor|0 fnt\n|faint|p1a: Kleavor\n|\n|win|p0y6157ec0", "uploadtime": 1783546984, "views": 0, "rating": 0, "private": 0, "password": null, "_winner": "p0y6157ec0", "_our_name": "p0y6157ec0"}