{"id": "battle-gen9randombattle-256", "formatid": "gen9randombattle", "format": "[Gen 9] Random Battle", "players": ["p0x256940a", "p0y256a15b"], "log": "|init|battle\n|title|p0x256940a vs. p0y256a15b\n|j|\u2606p0x256940a\n|j|\u2606p0y256a15b\n|t:|1783536248\n|gametype|singles\n|player|p1|p0x256940a|101|\n|player|p2|p0y256a15b|1|\n|gen|9\n|tier|[Gen 9] Random Battle\n|rule|Species Clause: Limit one of each Pok\u00e9mon\n|rule|HP Percentage Mod: HP is shown in percentages\n|rule|Sleep Clause Mod: Limit one foe put to sleep\n|rule|Illusion Level Mod: Illusion disguises the Pok\u00e9mon's true level\n|\n|t:|1783536248\n|teamsize|p1|6\n|teamsize|p2|6\n|start\n|switch|p1a: Mienshao|Mienshao, L83, M|244/244\n|switch|p2a: Vikavolt|Vikavolt, L83, F|100/100\n|turn|1\n|inactive|Battle timer is ON: inactive players will automatically lose when time's up. (requested by p0y256a15b)\n|inactive|Time left: 300 sec this turn | 300 sec total | 60 sec grace\n|inactive|p0x256940a also wants the timer to be on.\n|\n|t:|1783536249\n|move|p1a: Mienshao|Swords Dance|p1a: Mienshao\n|-boost|p1a: Mienshao|atk|2\n|move|p2a: Vikavolt|Sticky Web|p1a: Mienshao\n|-sidestart|p1: p0x256940a|move: Sticky Web\n|\n|upkeep\n|turn|2\n|inactive|Time left: 300 sec this turn | 300 sec total\n|\n|t:|1783536251\n|-terastallize|p1a: Mienshao|Dark\n|move|p1a: Mienshao|Knock Off|p2a: Vikavolt\n|-damage|p2a: Vikavolt|0 fnt\n|-enditem|p2a: Vikavolt|Heavy-Duty Boots|[from] move: Knock Off|[of] p1a: Mienshao\n|faint|p2a: Vikavolt\n|-damage|p1a: Mienshao|220/244|[from] item: Life Orb\n|\n|upkeep\n|\n|t:|1783536251\n|switch|p2a: Ambipom|Ambipom, L84, M|100/100\n|turn|3\n|inactive|Time left: 300 sec this turn | 300 sec total\n|\n|t:|1783536253\n|switch|p1a: Dondozo|Dondozo, L78, F|362/362\n|-activate|p1a: Dondozo|move: Sticky Web\n|-unboost|p1a: Dondozo|spe|1\n|move|p2a: Ambipom|Fake Out|p1a: Dondozo\n|-damage|p1a: Dondozo|289/362\n|\n|-heal|p1a: Dondozo|311/362|[from] item: Leftovers\n|upkeep\n|turn|4\n|inactive|Time left: 300 sec this turn | 300 sec total\n|\n|t:|1783536254\n|switch|p2a: Abomasnow|Abomasnow, L84, M|100/100\n|-weather|Snowscape|[from] ability: Snow Warning|[of] p2a: Abomasnow\n|move|p1a: Dondozo|Wave Crash|p2a: Abomasnow\n|-resisted|p2a: Abomasnow\n|-damage|p2a: Abomasnow|85/100\n|-damage|p1a: Dondozo|296/362|[from] Recoil\n|\n|-weather|Snowscape|[upkeep]\n|-heal|p1a: Dondozo|318/362|[from] item: Leftovers\n|upkeep\n|turn|5\n|inactive|Time left: 300 sec this turn | 300 sec total\n|\n|t:|1783536255\n|move|p2a: Abomasnow|Aurora Veil|p2a: Abomasnow\n|-sidestart|p2: p0y256a15b|move: Aurora Veil\n|move|p1a: Dondozo|Wave Crash|p2a: Abomasnow\n|-resisted|p2a: Abomasnow\n|-damage|p2a: Abomasnow|77/100\n|-damage|p1a: Dondozo|311/362|[from] Recoil\n|\n|-weather|Snowscape|[upkeep]\n|-heal|p1a: Dondozo|333/362|[from] item: Leftovers\n|upkeep\n|turn|6\n|inactive|Time left: 300 sec this turn | 300 sec total\n|\n|t:|1783536256\n|move|p2a: Abomasnow|Wood Hammer|p1a: Dondozo\n|-supereffective|p1a: Dondozo\n|-damage|p1a: Dondozo|109/362\n|-damage|p2a: Abomasnow|51/100|[from] Recoil\n|move|p1a: Dondozo|Curse|p1a: Dondozo\n|-unboost|p1a: Dondozo|spe|1\n|-boost|p1a: Dondozo|atk|1\n|-boost|p1a: Dondozo|def|1\n|\n|-weather|Snowscape|[upkeep]\n|-heal|p1a: Dondozo|131/362|[from] item: Leftovers\n|upkeep\n|turn|7\n|inactive|Time left: 300 sec this turn | 300 sec total\n|\n|t:|1783536257\n|move|p2a: Abomasnow|Wood Hammer|p1a: Dondozo\n|-supereffective|p1a: Dondozo\n|-damage|p1a: Dondozo|0 fnt\n|faint|p1a: Dondozo\n|-damage|p2a: Abomasnow|36/100|[from] Recoil\n|\n|-weather|Snowscape|[upkeep]\n|upkeep\n|inactive|Time left: 300 sec this turn | 300 sec total | 5 sec grace\n|\n|t:|1783536258\n|switch|p1a: Mienshao|Mienshao, L83, M, tera:Dark|244/244\n|-activate|p1a: Mienshao|move: Sticky Web\n|-unboost|p1a: Mienshao|spe|1\n|turn|8\n|inactive|Time left: 300 sec this turn | 300 sec total\n|\n|t:|1783536259\n|move|p2a: Abomasnow|Blizzard|p1a: Mienshao\n|-damage|p1a: Mienshao|96/244\n|move|p1a: Mienshao|Close Combat|p2a: Abomasnow\n|-supereffective|p2a: Abomasnow\n|-damage|p2a: Abomasnow|0 fnt\n|-unboost|p1a: Mienshao|def|1\n|-unboost|p1a: Mienshao|spd|1\n|faint|p2a: Abomasnow\n|-damage|p1a: Mienshao|72/244|[from] item: Life Orb\n|\n|-weather|none\n|upkeep\n|\n|t:|1783536260\n|switch|p2a: Kleavor|Kleavor, L78, M|100/100\n|turn|9\n|inactive|Time left: 300 sec this turn | 300 sec total\n|\n|t:|1783536260\n|switch|p1a: Jirachi|Jirachi, L80|291/291\n|-activate|p1a: Jirachi|move: Sticky Web\n|-unboost|p1a: Jirachi|spe|1\n|move|p2a: Kleavor|Stone Axe|p1a: Jirachi\n|-resisted|p1a: Jirachi\n|-damage|p1a: Jirachi|234/291\n|-sidestart|p1: p0x256940a|move: Stealth Rock\n|\n|-heal|p1a: Jirachi|252/291|[from] item: Leftovers\n|upkeep\n|turn|10\n|inactive|Time left: 300 sec this turn | 300 sec total\n|\n|t:|1783536261\n|move|p2a: Kleavor|X-Scissor|p1a: Jirachi\n|-damage|p1a: Jirachi|122/291\n|move|p1a: Jirachi|Iron Head|p2a: Kleavor\n|-supereffective|p2a: Kleavor\n|-damage|p2a: Kleavor|66/100\n|\n|-heal|p1a: Jirachi|140/291|[from] item: Leftovers\n|upkeep\n|turn|11\n|inactive|Time left: 300 sec this turn | 300 sec total\n|\n|t:|1783536262\n|move|p2a: Kleavor|X-Scissor|p1a: Jirachi\n|-damage|p1a: Jirachi|2/291\n|move|p1a: Jirachi|Iron Head|p2a: Kleavor\n|-supereffective|p2a: Kleavor\n|-damage|p2a: Kleavor|33/100\n|\n|-heal|p1a: Jirachi|20/291|[from] item: Leftovers\n|upkeep\n|turn|12\n|inactive|Time left: 300 sec this turn | 300 sec total\n|\n|t:|1783536263\n|move|p2a: Kleavor|X-Scissor|p1a: Jirachi\n|-damage|p1a: Jirachi|0 fnt\n|faint|p1a: Jirachi\n|\n|-sideend|p2: p0y256a15b|move: Aurora Veil\n|upkeep\n|inactive|Time left: 300 sec this turn | 300 sec total | 5 sec grace\n|\n|t:|1783536264\n|switch|p1a: Primarina|Primarina, L83, M|268/268\n|-activate|p1a: Primarina|move: Sticky Web\n|-unboost|p1a: Primarina|spe|1\n|-damage|p1a: Primarina|235/268|[from] Stealth Rock\n|turn|13\n|inactive|Time left: 300 sec this turn | 300 sec total\n|\n|t:|1783536265\n|move|p2a: Kleavor|Stone Axe|p1a: Primarina\n|-damage|p1a: Primarina|90/268\n|move|p1a: Primarina|Moonblast|p2a: Kleavor\n|-damage|p2a: Kleavor|0 fnt\n|faint|p2a: Kleavor\n|\n|upkeep\n|\n|t:|1783536266\n|switch|p2a: Calyrex|Calyrex, L93|100/100\n|-ability|p2a: Calyrex|Unnerve\n|turn|14\n|inactive|Time left: 300 sec this turn | 300 sec total\n|\n|t:|1783536267\n|move|p2a: Calyrex|Giga Drain|p1a: Primarina\n|-supereffective|p1a: Primarina\n|-damage|p1a: Primarina|0 fnt\n|faint|p1a: Primarina\n|\n|upkeep\n|inactive|Time left: 300 sec this turn | 300 sec total | 5 sec grace\n|\n|t:|1783536268\n|switch|p1a: Mienshao|Mienshao, L83, M, tera:Dark|153/244\n|-activate|p1a: Mienshao|move: Sticky Web\n|-unboost|p1a: Mienshao|spe|1\n|-damage|p1a: Mienshao|123/244|[from] Stealth Rock\n|turn|15\n|inactive|Time left: 300 sec this turn | 300 sec total\n|\n|t:|1783536269\n|move|p2a: Calyrex|Body Press|p1a: Mienshao\n|-supereffective|p1a: Mienshao\n|-damage|p1a: Mienshao|0 fnt\n|faint|p1a: Mienshao\n|\n|upkeep\n|inactive|Time left: 300 sec this turn | 300 sec total | 5 sec grace\n|\n|t:|1783536270\n|switch|p1a: Skuntank|Skuntank, L84, F|310/310\n|-activate|p1a: Skuntank|move: Sticky Web\n|-unboost|p1a: Skuntank|spe|1\n|-damage|p1a: Skuntank|272/310|[from] Stealth Rock\n|turn|16\n|inactive|Time left: 300 sec this turn | 300 sec total\n|\n|t:|1783536272\n|-terastallize|p2a: Calyrex|Fighting\n|move|p2a: Calyrex|Body Press|p1a: Skuntank\n|-damage|p1a: Skuntank|154/310\n|move|p1a: Skuntank|Knock Off|p2a: Calyrex\n|-resisted|p2a: Calyrex\n|-crit|p2a: Calyrex\n|-damage|p2a: Calyrex|73/100\n|-enditem|p2a: Calyrex|Leftovers|[from] move: Knock Off|[of] p1a: Skuntank\n|-damage|p1a: Skuntank|123/310|[from] item: Life Orb\n|\n|upkeep\n|turn|17\n|inactive|Time left: 300 sec this turn | 300 sec total\n|\n|t:|1783536273\n|move|p2a: Calyrex|Body Press|p1a: Skuntank\n|-damage|p1a: Skuntank|20/310\n|move|p1a: Skuntank|Gunk Shot|p2a: Calyrex\n|-damage|p2a: Calyrex|25/100\n|-status|p2a: Calyrex|psn\n|-damage|p1a: Skuntank|0 fnt|[from] item: Life Orb\n|faint|p1a: Skuntank\n|\n|-damage|p2a: Calyrex|12/100 psn|[from] psn\n|upkeep\n|inactive|Time left: 300 sec this turn | 300 sec total | 5 sec grace\n|\n|t:|1783536274\n|switch|p1a: Scream Tail|Scream Tail, L84|330/330\n|-activate|p1a: Scream Tail|move: Sticky Web\n|-unboost|p1a: Scream Tail|spe|1\n|-damage|p1a: Scream Tail|289/330|[from] Stealth Rock\n|turn|18\n|inactive|Time left: 300 sec this turn | 300 sec total\n|\n|t:|1783536275\n|move|p2a: Calyrex|Giga Drain|p1a: Scream Tail\n|-damage|p1a: Scream Tail|225/330\n|-heal|p2a: Calyrex|22/100 psn|[from] drain|[of] p1a: Scream Tail\n|move|p1a: Scream Tail|Wish|p1a: Scream Tail\n|\n|-heal|p1a: Scream Tail|245/330|[from] item: Leftovers\n|-damage|p2a: Calyrex|9/100 psn|[from] psn\n|upkeep\n|turn|19\n|inactive|Time left: 300 sec this turn | 300 sec total\n|\n|t:|1783536276\n|switch|p2a: Ambipom|Ambipom, L84, M|100/100\n|move|p1a: Scream Tail|Protect||[still]\n|-fail|p1a: Scream Tail\n|\n|-heal|p1a: Scream Tail|330/330|[from] move: Wish|[wisher] Scream Tail\n|upkeep\n|turn|20\n|inactive|Time left: 300 sec this turn | 300 sec total\n|\n|t:|1783536277\n|move|p2a: Ambipom|Fake Out|p1a: Scream Tail\n|-damage|p1a: Scream Tail|264/330\n|cant|p1a: Scream Tail|flinch\n|\n|-heal|p1a: Scream Tail|284/330|[from] item: Leftovers\n|upkeep\n|turn|21\n|inactive|Time left: 300 sec this turn | 300 sec total\n|\n|t:|1783536278\n|move|p2a: Ambipom|Knock Off|p1a: Scream Tail\n|-damage|p1a: Scream Tail|222/330\n|-enditem|p1a: Scream Tail|Leftovers|[from] move: Knock Off|[of] p2a: Ambipom\n|move|p1a: Scream Tail|Wish|p1a: Scream Tail\n|\n|upkeep\n|turn|22\n|inactive|Time left: 300 sec this turn | 300 sec total\n|\n|t:|1783536280\n|move|p2a: Ambipom|Double-Edge|p1a: Scream Tail\n|-damage|p1a: Scream Tail|83/330\n|-damage|p2a: Ambipom|83/100|[from] Recoil\n|move|p1a: Scream Tail|Play Rough|p2a: Ambipom\n|-damage|p2a: Ambipom|50/100\n|\n|-heal|p1a: Scream Tail|248/330|[from] move: Wish|[wisher] Scream Tail\n|upkeep\n|turn|23\n|inactive|Time left: 300 sec this turn | 300 sec total\n|\n|t:|1783536281\n|move|p2a: Ambipom|Double-Edge|p1a: Scream Tail\n|-damage|p1a: Scream Tail|94/330\n|-damage|p2a: Ambipom|31/100|[from] Recoil\n|move|p1a: Scream Tail|Wish|p1a: Scream Tail\n|\n|upkeep\n|turn|24\n|inactive|Time left: 300 sec this turn | 300 sec total\n|\n|t:|1783536282\n|move|p1a: Scream Tail|Protect|p1a: Scream Tail\n|-singleturn|p1a: Scream Tail|Protect\n|move|p2a: Ambipom|Double-Edge|p1a: Scream Tail\n|-activate|p1a: Scream Tail|move: Protect\n|\n|-heal|p1a: Scream Tail|259/330|[from] move: Wish|[wisher] Scream Tail\n|upkeep\n|turn|25\n|inactive|Time left: 300 sec this turn | 300 sec total\n|\n|t:|1783536283\n|move|p2a: Ambipom|Double-Edge|p1a: Scream Tail\n|-damage|p1a: Scream Tail|126/330\n|-damage|p2a: Ambipom|14/100|[from] Recoil\n|move|p1a: Scream Tail|Wish|p1a: Scream Tail\n|\n|upkeep\n|turn|26\n|inactive|Time left: 300 sec this turn | 300 sec total\n|\n|t:|1783536284\n|move|p1a: Scream Tail|Protect|p1a: Scream Tail\n|-singleturn|p1a: Scream Tail|Protect\n|move|p2a: Ambipom|Double-Edge|p1a: Scream Tail\n|-activate|p1a: Scream Tail|move: Protect\n|\n|-heal|p1a: Scream Tail|291/330|[from] move: Wish|[wisher] Scream Tail\n|upkeep\n|turn|27\n|inactive|Time left: 300 sec this turn | 300 sec total\n|\n|t:|1783536285\n|switch|p2a: Indeedee|Indeedee, L84, M|100/100\n|-fieldstart|move: Psychic Terrain|[from] ability: Psychic Surge|[of] p2a: Indeedee\n|move|p1a: Scream Tail|Wish|p1a: Scream Tail\n|\n|upkeep\n|turn|28\n|inactive|Time left: 300 sec this turn | 300 sec total\n|\n|t:|1783536286\n|move|p2a: Indeedee|Shadow Ball|p1a: Scream Tail\n|-supereffective|p1a: Scream Tail\n|-damage|p1a: Scream Tail|185/330\n|move|p1a: Scream Tail|Play Rough|p2a: Indeedee\n|-damage|p2a: Indeedee|62/100\n|\n|-heal|p1a: Scream Tail|330/330|[from] move: Wish|[wisher] Scream Tail\n|upkeep\n|turn|29\n|inactive|Time left: 300 sec this turn | 300 sec total\n|\n|t:|1783536287\n|move|p2a: Indeedee|Shadow Ball|p1a: Scream Tail\n|-supereffective|p1a: Scream Tail\n|-damage|p1a: Scream Tail|238/330\n|move|p1a: Scream Tail|Play Rough|p2a: Indeedee\n|-damage|p2a: Indeedee|22/100\n|\n|upkeep\n|turn|30\n|inactive|Time left: 300 sec this turn | 300 sec total\n|\n|t:|1783536288\n|move|p2a: Indeedee|Shadow Ball|p1a: Scream Tail\n|-supereffective|p1a: Scream Tail\n|-damage|p1a: Scream Tail|146/330\n|move|p1a: Scream Tail|Wish|p1a: Scream Tail\n|\n|upkeep\n|turn|31\n|inactive|Time left: 300 sec this turn | 300 sec total\n|\n|t:|1783536289\n|move|p1a: Scream Tail|Protect|p1a: Scream Tail\n|-singleturn|p1a: Scream Tail|Protect\n|move|p2a: Indeedee|Shadow Ball|p1a: Scream Tail\n|-activate|p1a: Scream Tail|move: Protect\n|\n|-heal|p1a: Scream Tail|311/330|[from] move: Wish|[wisher] Scream Tail\n|-fieldend|move: Psychic Terrain\n|upkeep\n|turn|32\n|inactive|Time left: 300 sec this turn | 300 sec total\n|\n|t:|1783536290\n|switch|p2a: Calyrex|Calyrex, L93, tera:Fighting|9/100 psn\n|-ability|p2a: Calyrex|Unnerve\n|move|p1a: Scream Tail|Play Rough|p2a: Calyrex|[miss]\n|-miss|p1a: Scream Tail|p2a: Calyrex\n|\n|-damage|p2a: Calyrex|0 fnt|[from] psn\n|faint|p2a: Calyrex\n|upkeep\n|\n|t:|1783536291\n|switch|p2a: Indeedee|Indeedee, L84, M|22/100\n|-fieldstart|move: Psychic Terrain|[from] ability: Psychic Surge|[of] p2a: Indeedee\n|turn|33\n|inactive|Time left: 300 sec this turn | 300 sec total\n|\n|t:|1783536292\n|move|p2a: Indeedee|Healing Wish|p2a: Indeedee\n|faint|p2a: Indeedee\n|move|p1a: Scream Tail|Play Rough|p2: Indeedee|[notarget]\n|-fail|p1a: Scream Tail\n|\n|upkeep\n|\n|t:|1783536293\n|switch|p2a: Ambipom|Ambipom, L84, M|14/100\n|-heal|p2a: Ambipom|100/100|[from] move: Healing Wish\n|turn|34\n|inactive|Time left: 300 sec this turn | 300 sec total\n|\n|t:|1783536294\n|move|p2a: Ambipom|Double-Edge|p1a: Scream Tail\n|-damage|p1a: Scream Tail|172/330\n|-damage|p2a: Ambipom|83/100|[from] Recoil\n|move|p1a: Scream Tail|Wish|p1a: Scream Tail\n|\n|upkeep\n|turn|35\n|inactive|Time left: 300 sec this turn | 300 sec total\n|\n|t:|1783536294\n|move|p2a: Ambipom|Double-Edge|p1a: Scream Tail\n|-crit|p1a: Scream Tail\n|-damage|p1a: Scream Tail|0 fnt\n|faint|p1a: Scream Tail\n|-end|p1a: Scream Tail|Protosynthesis|[silent]\n|-damage|p2a: Ambipom|61/100|[from] Recoil\n|\n|win|p0y256a15b", "uploadtime": 1783536294, "views": 0, "rating": 0, "private": 0, "password": null, "_winner": "p0y256a15b", "_our_name": "p0x256940a"}