{"id": "battle-gen9randombattle-1034", "formatid": "gen9randombattle", "format": "[Gen 9] Random Battle", "players": ["p0x1034a1a7", "p0y1034dce7"], "log": "|init|battle\n|title|p0x1034a1a7 vs. p0y1034dce7\n|j|\u2606p0x1034a1a7\n|j|\u2606p0y1034dce7\n|t:|1783551897\n|gametype|singles\n|player|p1|p0x1034a1a7|170|\n|player|p2|p0y1034dce7|266|\n|gen|9\n|tier|[Gen 9] Random Battle\n|rule|Species Clause: Limit one of each Pok\u00e9mon\n|rule|HP Percentage Mod: HP is shown in percentages\n|rule|Sleep Clause Mod: Limit one foe put to sleep\n|rule|Illusion Level Mod: Illusion disguises the Pok\u00e9mon's true level\n|\n|t:|1783551897\n|teamsize|p1|6\n|teamsize|p2|6\n|start\n|switch|p1a: Duraludon|Duraludon, L82, M|100/100\n|switch|p2a: Goodra|Goodra-Hisui, L82, F|265/265\n|turn|1\n|inactive|Battle timer is ON: inactive players will automatically lose when time's up. (requested by p0x1034a1a7)\n|inactive|Time left: 300 sec this turn | 300 sec total | 60 sec grace\n|inactive|p0y1034dce7 also wants the timer to be on.\n|\n|t:|1783551898\n|switch|p2a: Misdreavus|Misdreavus, L90, F|254/254\n|move|p1a: Duraludon|Body Press|p2a: Misdreavus\n|-immune|p2a: Misdreavus\n|\n|upkeep\n|turn|2\n|inactive|Time left: 300 sec this turn | 300 sec total\n|\n|t:|1783551900\n|switch|p1a: Ursaring|Ursaring, L84, M|100/100\n|move|p2a: Misdreavus|Shadow Ball|p1a: Ursaring\n|-immune|p1a: Ursaring\n|\n|-status|p1a: Ursaring|tox|[from] item: Toxic Orb\n|upkeep\n|turn|3\n|inactive|Time left: 300 sec this turn | 300 sec total\n|\n|t:|1783551901\n|move|p1a: Ursaring|Swords Dance|p1a: Ursaring\n|-boost|p1a: Ursaring|atk|2\n|move|p2a: Misdreavus|Calm Mind|p2a: Misdreavus\n|-boost|p2a: Misdreavus|spa|1\n|-boost|p2a: Misdreavus|spd|1\n|\n|-damage|p1a: Ursaring|94/100 tox|[from] psn\n|upkeep\n|turn|4\n|inactive|Time left: 300 sec this turn | 300 sec total\n|\n|t:|1783551902\n|move|p1a: Ursaring|Throat Chop|p2a: Misdreavus\n|-supereffective|p2a: Misdreavus\n|-damage|p2a: Misdreavus|6/254\n|-start|p2a: Misdreavus|Throat Chop|[silent]\n|move|p2a: Misdreavus|Draining Kiss|p1a: Ursaring\n|-damage|p1a: Ursaring|71/100 tox\n|-heal|p2a: Misdreavus|57/254|[from] drain|[of] p1a: Ursaring\n|\n|-damage|p1a: Ursaring|58/100 tox|[from] psn\n|upkeep\n|turn|5\n|inactive|Time left: 300 sec this turn | 300 sec total\n|\n|t:|1783551903\n|move|p1a: Ursaring|Throat Chop|p2a: Misdreavus\n|-supereffective|p2a: Misdreavus\n|-damage|p2a: Misdreavus|0 fnt\n|faint|p2a: Misdreavus\n|\n|-damage|p1a: Ursaring|39/100 tox|[from] psn\n|upkeep\n|inactive|Time left: 300 sec this turn | 300 sec total | 5 sec grace\n|\n|t:|1783551904\n|switch|p2a: Terrakion|Terrakion, L79|273/273\n|turn|6\n|inactive|Time left: 300 sec this turn | 300 sec total\n|\n|t:|1783551905\n|switch|p1a: Tsareena|Tsareena, L87, F|100/100\n|move|p2a: Terrakion|Earthquake|p1a: Tsareena\n|-resisted|p1a: Tsareena\n|-damage|p1a: Tsareena|83/100\n|-damage|p2a: Terrakion|246/273|[from] item: Life Orb\n|\n|upkeep\n|turn|7\n|inactive|Time left: 300 sec this turn | 300 sec total\n|\n|t:|1783551906\n|move|p1a: Tsareena|High Jump Kick|p2a: Terrakion\n|-supereffective|p2a: Terrakion\n|-damage|p2a: Terrakion|12/273\n|move|p2a: Terrakion|Swords Dance|p2a: Terrakion\n|-boost|p2a: Terrakion|atk|2\n|\n|upkeep\n|turn|8\n|inactive|Time left: 300 sec this turn | 300 sec total\n|\n|t:|1783551907\n|move|p1a: Tsareena|High Jump Kick|p2a: Terrakion\n|-supereffective|p2a: Terrakion\n|-damage|p2a: Terrakion|0 fnt\n|faint|p2a: Terrakion\n|\n|upkeep\n|inactive|Time left: 300 sec this turn | 300 sec total | 5 sec grace\n|\n|t:|1783551909\n|switch|p2a: Glastrier|Glastrier, L86|311/311\n|turn|9\n|inactive|Time left: 300 sec this turn | 300 sec total\n|\n|t:|1783551909\n|move|p1a: Tsareena|High Jump Kick|p2a: Glastrier\n|-supereffective|p2a: Glastrier\n|-damage|p2a: Glastrier|159/311\n|move|p2a: Glastrier|Icicle Crash|p1a: Tsareena|[miss]\n|-miss|p2a: Glastrier|p1a: Tsareena\n|\n|upkeep\n|turn|10\n|inactive|Time left: 300 sec this turn | 300 sec total\n|\n|t:|1783551911\n|switch|p2a: Venusaur|Venusaur, L84, M|272/272\n|move|p1a: Tsareena|High Jump Kick|p2a: Venusaur|[miss]\n|-miss|p1a: Tsareena|p2a: Venusaur\n|-damage|p1a: Tsareena|33/100|[from] highjumpkick\n|\n|upkeep\n|turn|11\n|inactive|Time left: 300 sec this turn | 300 sec total\n|\n|t:|1783551912\n|move|p1a: Tsareena|High Jump Kick|p2a: Venusaur\n|-resisted|p2a: Venusaur\n|-damage|p2a: Venusaur|207/272\n|move|p2a: Venusaur|Sludge Bomb|p1a: Tsareena\n|-supereffective|p1a: Tsareena\n|-damage|p1a: Tsareena|0 fnt\n|faint|p1a: Tsareena\n|\n|-heal|p2a: Venusaur|224/272|[from] item: Leftovers\n|upkeep\n|\n|t:|1783551913\n|switch|p1a: Ursaring|Ursaring, L84, M|39/100 tox\n|turn|12\n|inactive|Time left: 300 sec this turn | 300 sec total\n|\n|t:|1783551913\n|switch|p2a: Goodra|Goodra-Hisui, L82, F|265/265\n|-terastallize|p1a: Ursaring|Normal\n|move|p1a: Ursaring|Facade|p2a: Goodra\n|-resisted|p2a: Goodra\n|-damage|p2a: Goodra|143/265\n|\n|-damage|p1a: Ursaring|33/100 tox|[from] psn\n|upkeep\n|turn|13\n|inactive|Time left: 300 sec this turn | 300 sec total\n|\n|t:|1783551914\n|move|p1a: Ursaring|Close Combat|p2a: Goodra\n|-supereffective|p2a: Goodra\n|-damage|p2a: Goodra|0 fnt\n|-unboost|p1a: Ursaring|def|1\n|-unboost|p1a: Ursaring|spd|1\n|faint|p2a: Goodra\n|\n|-damage|p1a: Ursaring|21/100 tox|[from] psn\n|upkeep\n|inactive|Time left: 300 sec this turn | 300 sec total | 5 sec grace\n|\n|t:|1783551915\n|switch|p2a: Glastrier|Glastrier, L86|159/311\n|turn|14\n|inactive|Time left: 300 sec this turn | 300 sec total\n|\n|t:|1783551916\n|-terastallize|p2a: Glastrier|Steel\n|move|p1a: Ursaring|Facade|p2a: Glastrier\n|-resisted|p2a: Glastrier\n|-damage|p2a: Glastrier|62/311\n|move|p2a: Glastrier|Heavy Slam|p1a: Ursaring\n|-damage|p1a: Ursaring|0 fnt\n|faint|p1a: Ursaring\n|-ability|p2a: Glastrier|Chilling Neigh|boost\n|-boost|p2a: Glastrier|atk|1\n|\n|upkeep\n|\n|t:|1783551917\n|switch|p1a: Crawdaunt|Crawdaunt, L84, F|100/100\n|turn|15\n|inactive|Time left: 300 sec this turn | 300 sec total\n|\n|t:|1783551918\n|move|p1a: Crawdaunt|Knock Off|p2a: Glastrier\n|-damage|p2a: Glastrier|0 fnt\n|-enditem|p2a: Glastrier|Choice Band|[from] move: Knock Off|[of] p1a: Crawdaunt\n|faint|p2a: Glastrier\n|-damage|p1a: Crawdaunt|91/100|[from] item: Life Orb\n|\n|upkeep\n|inactive|Time left: 300 sec this turn | 300 sec total | 5 sec grace\n|\n|t:|1783551919\n|switch|p2a: Toxicroak|Toxicroak, L84, F|277/277\n|turn|16\n|inactive|Time left: 300 sec this turn | 300 sec total\n|\n|t:|1783551920\n|move|p2a: Toxicroak|Close Combat|p1a: Crawdaunt\n|-supereffective|p1a: Crawdaunt\n|-damage|p1a: Crawdaunt|0 fnt\n|-unboost|p2a: Toxicroak|def|1\n|-unboost|p2a: Toxicroak|spd|1\n|faint|p1a: Crawdaunt\n|\n|upkeep\n|\n|t:|1783551921\n|switch|p1a: Toxtricity|Toxtricity, L82, F|100/100\n|turn|17\n|inactive|Time left: 300 sec this turn | 300 sec total\n|\n|t:|1783551922\n|switch|p2a: Venusaur|Venusaur, L84, M|224/272\n|move|p1a: Toxtricity|Boomburst|p2a: Venusaur\n|-crit|p2a: Venusaur\n|-damage|p2a: Venusaur|47/272\n|\n|-heal|p2a: Venusaur|64/272|[from] item: Leftovers\n|upkeep\n|turn|18\n|inactive|Time left: 300 sec this turn | 300 sec total\n|\n|t:|1783551923\n|move|p1a: Toxtricity|Boomburst|p2a: Venusaur\n|-damage|p2a: Venusaur|0 fnt\n|faint|p2a: Venusaur\n|\n|upkeep\n|inactive|Time left: 300 sec this turn | 300 sec total | 5 sec grace\n|\n|t:|1783551924\n|switch|p2a: Toxicroak|Toxicroak, L84, F|277/277\n|turn|19\n|inactive|Time left: 300 sec this turn | 300 sec total\n|\n|t:|1783551925\n|move|p1a: Toxtricity|Boomburst|p2a: Toxicroak\n|-damage|p2a: Toxicroak|105/277\n|move|p2a: Toxicroak|Earthquake|p1a: Toxtricity\n|-supereffective|p1a: Toxtricity\n|-damage|p1a: Toxtricity|0 fnt\n|faint|p1a: Toxtricity\n|\n|upkeep\n|\n|t:|1783551926\n|switch|p1a: Miraidon|Miraidon, L65|100/100\n|-fieldstart|move: Electric Terrain|[from] ability: Hadron Engine|[of] p1a: Miraidon\n|turn|20\n|inactive|Time left: 300 sec this turn | 300 sec total\n|\n|t:|1783551927\n|move|p1a: Miraidon|Draco Meteor|p2a: Toxicroak\n|-damage|p2a: Toxicroak|0 fnt\n|-unboost|p1a: Miraidon|spa|2\n|faint|p2a: Toxicroak\n|-damage|p1a: Miraidon|91/100|[from] item: Life Orb\n|\n|win|p0x1034a1a7", "uploadtime": 1783551927, "views": 0, "rating": 0, "private": 0, "password": null, "_winner": "p0x1034a1a7", "_our_name": "p0y1034dce7"}