{"id": "battle-gen9randombattle-1032", "formatid": "gen9randombattle", "format": "[Gen 9] Random Battle", "players": ["p0x1032afc9", "p0y1032f270"], "log": "|init|battle\n|title|p0x1032afc9 vs. p0y1032f270\n|j|\u2606p0x1032afc9\n|j|\u2606p0y1032f270\n|t:|1783551885\n|gametype|singles\n|player|p1|p0x1032afc9|101|\n|player|p2|p0y1032f270|101|\n|gen|9\n|tier|[Gen 9] Random Battle\n|rule|Species Clause: Limit one of each Pok\u00e9mon\n|rule|HP Percentage Mod: HP is shown in percentages\n|rule|Sleep Clause Mod: Limit one foe put to sleep\n|rule|Illusion Level Mod: Illusion disguises the Pok\u00e9mon's true level\n|\n|t:|1783551885\n|teamsize|p1|6\n|teamsize|p2|6\n|start\n|switch|p1a: Banette|Banette, L93, M|100/100\n|switch|p2a: Typhlosion|Typhlosion-Hisui, L83, F|257/257\n|turn|1\n|inactive|Battle timer is ON: inactive players will automatically lose when time's up. (requested by p0x1032afc9)\n|inactive|Time left: 300 sec this turn | 300 sec total | 60 sec grace\n|inactive|p0y1032f270 also wants the timer to be on.\n|\n|t:|1783551886\n|move|p2a: Typhlosion|Shadow Ball|p1a: Banette\n|-supereffective|p1a: Banette\n|-damage|p1a: Banette|20/100\n|-unboost|p1a: Banette|spd|1\n|move|p1a: Banette|Poltergeist|p2a: Typhlosion\n|-activate|p2a: Typhlosion|move: Poltergeist|Heavy-Duty Boots\n|-supereffective|p2a: Typhlosion\n|-damage|p2a: Typhlosion|0 fnt\n|faint|p2a: Typhlosion\n|-damage|p1a: Banette|10/100|[from] item: Life Orb\n|\n|upkeep\n|inactive|Time left: 300 sec this turn | 300 sec total | 65 sec grace\n|\n|t:|1783551888\n|switch|p2a: Landorus|Landorus, L75, M|257/257\n|turn|2\n|inactive|Time left: 300 sec this turn | 300 sec total\n|\n|t:|1783551889\n|switch|p1a: Pelipper|Pelipper, L86, M|100/100\n|-weather|RainDance|[from] ability: Drizzle|[of] p1a: Pelipper\n|move|p2a: Landorus|Nasty Plot|p2a: Landorus\n|-boost|p2a: Landorus|spa|2\n|\n|-weather|RainDance|[upkeep]\n|upkeep\n|turn|3\n|inactive|Time left: 300 sec this turn | 300 sec total\n|\n|t:|1783551890\n|-terastallize|p2a: Landorus|Poison\n|move|p2a: Landorus|Sludge Wave|p1a: Pelipper\n|-damage|p1a: Pelipper|0 fnt\n|faint|p1a: Pelipper\n|\n|-weather|RainDance|[upkeep]\n|upkeep\n|\n|t:|1783551891\n|switch|p1a: Samurott|Samurott, L88, M|100/100\n|turn|4\n|inactive|Time left: 300 sec this turn | 300 sec total\n|\n|t:|1783551892\n|move|p2a: Landorus|Sludge Wave|p1a: Samurott\n|-damage|p1a: Samurott|23/100\n|move|p1a: Samurott|Hydro Pump|p2a: Landorus\n|-damage|p2a: Landorus|0 fnt\n|faint|p2a: Landorus\n|\n|-weather|RainDance|[upkeep]\n|upkeep\n|inactive|Time left: 300 sec this turn | 300 sec total | 5 sec grace\n|\n|t:|1783551893\n|switch|p2a: Walking Wake|Walking Wake, L79|286/286\n|turn|5\n|inactive|Time left: 300 sec this turn | 300 sec total\n|\n|t:|1783551894\n|move|p2a: Walking Wake|Hydro Pump|p1a: Samurott\n|-resisted|p1a: Samurott\n|-damage|p1a: Samurott|0 fnt\n|faint|p1a: Samurott\n|\n|-weather|RainDance|[upkeep]\n|upkeep\n|\n|t:|1783551895\n|switch|p1a: Banette|Banette, L93, M|10/100\n|turn|6\n|inactive|Time left: 300 sec this turn | 300 sec total\n|\n|t:|1783551896\n|move|p2a: Walking Wake|Hydro Pump|p1a: Banette\n|-damage|p1a: Banette|0 fnt\n|faint|p1a: Banette\n|\n|-weather|none\n|upkeep\n|\n|t:|1783551897\n|switch|p1a: Rhyperior|Rhyperior, L82, F|100/100\n|turn|7\n|inactive|Time left: 300 sec this turn | 300 sec total\n|\n|t:|1783551898\n|-terastallize|p1a: Rhyperior|Steel\n|move|p2a: Walking Wake|Hydro Pump|p1a: Rhyperior\n|-damage|p1a: Rhyperior|46/100\n|move|p1a: Rhyperior|Dragon Tail|p2a: Walking Wake\n|-supereffective|p2a: Walking Wake\n|-damage|p2a: Walking Wake|164/286\n|-end|p2a: Walking Wake|Protosynthesis|[silent]\n|drag|p2a: Pawmot|Pawmot, L80, F|243/243\n|\n|upkeep\n|turn|8\n|inactive|Time left: 300 sec this turn | 300 sec total\n|\n|t:|1783551899\n|switch|p1a: Moltres|Moltres, L81|100/100\n|move|p2a: Pawmot|Close Combat|p1a: Moltres\n|-resisted|p1a: Moltres\n|-damage|p1a: Moltres|71/100\n|-unboost|p2a: Pawmot|def|1\n|-unboost|p2a: Pawmot|spd|1\n|-damage|p2a: Pawmot|219/243|[from] item: Life Orb\n|\n|upkeep\n|turn|9\n|inactive|Time left: 300 sec this turn | 300 sec total\n|\n|t:|1783551900\n|switch|p1a: Rhyperior|Rhyperior, L82, F, tera:Steel|46/100\n|move|p2a: Pawmot|Double Shock|p1a: Rhyperior\n|-damage|p1a: Rhyperior|7/100\n|-start|p2a: Pawmot|typechange|???/Fighting|[from] move: Double Shock\n|-damage|p2a: Pawmot|195/243|[from] item: Life Orb\n|\n|upkeep\n|turn|10\n|inactive|Time left: 300 sec this turn | 300 sec total\n|\n|t:|1783551901\n|switch|p2a: Sandslash|Sandslash, L89, M|278/278\n|move|p1a: Rhyperior|Earthquake|p2a: Sandslash\n|-damage|p2a: Sandslash|170/278\n|\n|-heal|p2a: Sandslash|187/278|[from] item: Leftovers\n|upkeep\n|turn|11\n|inactive|Time left: 300 sec this turn | 300 sec total\n|\n|t:|1783551902\n|switch|p1a: Moltres|Moltres, L81|71/100\n|move|p2a: Sandslash|Stone Edge|p1a: Moltres\n|-supereffective|p1a: Moltres\n|-damage|p1a: Moltres|0 fnt\n|faint|p1a: Moltres\n|\n|-heal|p2a: Sandslash|204/278|[from] item: Leftovers\n|upkeep\n|\n|t:|1783551903\n|switch|p1a: Iron Treads|Iron Treads, L77|100/100\n|turn|12\n|inactive|Time left: 300 sec this turn | 300 sec total\n|\n|t:|1783551904\n|move|p1a: Iron Treads|Iron Head|p2a: Sandslash\n|-damage|p2a: Sandslash|146/278\n|move|p2a: Sandslash|Earthquake|p1a: Iron Treads\n|-supereffective|p1a: Iron Treads\n|-damage|p1a: Iron Treads|16/100\n|\n|-heal|p2a: Sandslash|163/278|[from] item: Leftovers\n|upkeep\n|turn|13\n|inactive|Time left: 300 sec this turn | 300 sec total\n|\n|t:|1783551905\n|move|p1a: Iron Treads|Iron Head|p2a: Sandslash\n|-damage|p2a: Sandslash|96/278\n|cant|p2a: Sandslash|flinch\n|\n|-heal|p2a: Sandslash|113/278|[from] item: Leftovers\n|upkeep\n|turn|14\n|inactive|Time left: 300 sec this turn | 300 sec total\n|\n|t:|1783551906\n|move|p1a: Iron Treads|Iron Head|p2a: Sandslash\n|-damage|p2a: Sandslash|53/278\n|move|p2a: Sandslash|Earthquake|p1a: Iron Treads\n|-supereffective|p1a: Iron Treads\n|-damage|p1a: Iron Treads|0 fnt\n|faint|p1a: Iron Treads\n|-end|p1a: Iron Treads|Quark Drive|[silent]\n|\n|-heal|p2a: Sandslash|70/278|[from] item: Leftovers\n|upkeep\n|\n|t:|1783551907\n|switch|p1a: Rhyperior|Rhyperior, L82, F, tera:Steel|7/100\n|turn|15\n|inactive|Time left: 300 sec this turn | 300 sec total\n|\n|t:|1783551908\n|move|p2a: Sandslash|Earthquake|p1a: Rhyperior\n|-supereffective|p1a: Rhyperior\n|-damage|p1a: Rhyperior|0 fnt\n|faint|p1a: Rhyperior\n|\n|win|p0y1032f270", "uploadtime": 1783551908, "views": 0, "rating": 0, "private": 0, "password": null, "_winner": "p0y1032f270", "_our_name": "p0y1032f270"}