{"id": "battle-gen9randombattle-49", "formatid": "gen9randombattle", "format": "[Gen 9] Random Battle", "players": ["p0x049d3d3", "p0y0497395"], "log": "|init|battle\n|title|p0x049d3d3 vs. p0y0497395\n|j|\u2606p0x049d3d3\n|j|\u2606p0y0497395\n|t:|1783533779\n|gametype|singles\n|player|p1|p0x049d3d3|170|\n|player|p2|p0y0497395|1|\n|gen|9\n|tier|[Gen 9] Random Battle\n|rule|Species Clause: Limit one of each Pok\u00e9mon\n|rule|HP Percentage Mod: HP is shown in percentages\n|rule|Sleep Clause Mod: Limit one foe put to sleep\n|rule|Illusion Level Mod: Illusion disguises the Pok\u00e9mon's true level\n|\n|t:|1783533779\n|teamsize|p1|6\n|teamsize|p2|6\n|start\n|switch|p1a: Quagsire|Quagsire, L84, M|100/100\n|switch|p2a: Rotom|Rotom-Mow, L87|229/229\n|turn|1\n|inactive|Battle timer is ON: inactive players will automatically lose when time's up. (requested by p0x049d3d3)\n|inactive|Time left: 300 sec this turn | 300 sec total | 60 sec grace\n|inactive|p0y0497395 also wants the timer to be on.\n|\n|t:|1783533780\n|move|p2a: Rotom|Nasty Plot|p2a: Rotom\n|-boost|p2a: Rotom|spa|2\n|move|p1a: Quagsire|Ice Beam|p2a: Rotom\n|-supereffective|p2a: Rotom\n|-damage|p2a: Rotom|143/229\n|\n|-heal|p2a: Rotom|157/229|[from] item: Leftovers\n|upkeep\n|turn|2\n|inactive|Time left: 300 sec this turn | 300 sec total\n|\n|t:|1783533781\n|switch|p1a: Pachirisu|Pachirisu, L96, F|100/100\n|move|p2a: Rotom|Leaf Storm|p1a: Pachirisu\n|-damage|p1a: Pachirisu|35/100\n|-unboost|p2a: Rotom|spa|2\n|\n|-heal|p2a: Rotom|171/229|[from] item: Leftovers\n|upkeep\n|turn|3\n|inactive|Time left: 300 sec this turn | 300 sec total\n|\n|t:|1783533783\n|move|p1a: Pachirisu|Super Fang|p2a: Rotom\n|-damage|p2a: Rotom|86/229\n|move|p2a: Rotom|Nasty Plot|p2a: Rotom\n|-boost|p2a: Rotom|spa|2\n|\n|-heal|p2a: Rotom|100/229|[from] item: Leftovers\n|upkeep\n|turn|4\n|inactive|Time left: 300 sec this turn | 300 sec total\n|\n|t:|1783533784\n|move|p1a: Pachirisu|Super Fang|p2a: Rotom\n|-damage|p2a: Rotom|50/229\n|move|p2a: Rotom|Nasty Plot|p2a: Rotom\n|-boost|p2a: Rotom|spa|2\n|\n|-heal|p2a: Rotom|64/229|[from] item: Leftovers\n|upkeep\n|turn|5\n|inactive|Time left: 300 sec this turn | 300 sec total\n|\n|t:|1783533785\n|move|p1a: Pachirisu|U-turn|p2a: Rotom\n|-supereffective|p2a: Rotom\n|-damage|p2a: Rotom|4/229\n|\n|t:|1783533786\n|switch|p1a: Quagsire|Quagsire, L84, M|100/100|[from] U-turn\n|move|p2a: Rotom|Leaf Storm|p1a: Quagsire\n|-supereffective|p1a: Quagsire\n|-damage|p1a: Quagsire|0 fnt\n|-unboost|p2a: Rotom|spa|2\n|faint|p1a: Quagsire\n|\n|-heal|p2a: Rotom|18/229|[from] item: Leftovers\n|upkeep\n|\n|t:|1783533787\n|switch|p1a: Barraskewda|Barraskewda, L81, F|100/100\n|turn|6\n|inactive|Time left: 300 sec this turn | 300 sec total\n|\n|t:|1783533788\n|switch|p2a: Chesnaught|Chesnaught, L84, F|285/285\n|move|p1a: Barraskewda|Waterfall|p2a: Chesnaught\n|-resisted|p2a: Chesnaught\n|-damage|p2a: Chesnaught|231/285\n|\n|-heal|p2a: Chesnaught|248/285|[from] item: Leftovers\n|upkeep\n|turn|7\n|inactive|Time left: 300 sec this turn | 300 sec total\n|\n|t:|1783533790\n|move|p1a: Barraskewda|Waterfall|p2a: Chesnaught\n|-resisted|p2a: Chesnaught\n|-damage|p2a: Chesnaught|194/285\n|move|p2a: Chesnaught|Body Press|p1a: Barraskewda\n|-damage|p1a: Barraskewda|41/100\n|\n|-heal|p2a: Chesnaught|211/285|[from] item: Leftovers\n|upkeep\n|turn|8\n|inactive|Time left: 300 sec this turn | 300 sec total\n|\n|t:|1783533791\n|switch|p1a: Annihilape|Annihilape, L76, M|100/100\n|move|p2a: Chesnaught|Trailblaze|p1a: Annihilape\n|-damage|p1a: Annihilape|78/100\n|-boost|p2a: Chesnaught|spe|1\n|\n|-heal|p2a: Chesnaught|228/285|[from] item: Leftovers\n|upkeep\n|turn|9\n|inactive|Time left: 300 sec this turn | 300 sec total\n|\n|t:|1783533792\n|move|p2a: Chesnaught|Iron Defense|p2a: Chesnaught\n|-boost|p2a: Chesnaught|def|2\n|move|p1a: Annihilape|Bulk Up|p1a: Annihilape\n|-boost|p1a: Annihilape|atk|1\n|-boost|p1a: Annihilape|def|1\n|\n|-heal|p2a: Chesnaught|245/285|[from] item: Leftovers\n|upkeep\n|turn|10\n|inactive|Time left: 300 sec this turn | 300 sec total\n|\n|t:|1783533793\n|move|p2a: Chesnaught|Trailblaze|p1a: Annihilape\n|-damage|p1a: Annihilape|63/100\n|-boost|p2a: Chesnaught|spe|1\n|move|p1a: Annihilape|Bulk Up|p1a: Annihilape\n|-boost|p1a: Annihilape|atk|1\n|-boost|p1a: Annihilape|def|1\n|\n|-heal|p2a: Chesnaught|262/285|[from] item: Leftovers\n|upkeep\n|turn|11\n|inactive|Time left: 300 sec this turn | 300 sec total\n|\n|t:|1783533794\n|move|p2a: Chesnaught|Iron Defense|p2a: Chesnaught\n|-boost|p2a: Chesnaught|def|2\n|move|p1a: Annihilape|Drain Punch|p2a: Chesnaught\n|-damage|p2a: Chesnaught|220/285\n|-heal|p1a: Annihilape|70/100|[from] drain|[of] p2a: Chesnaught\n|\n|-heal|p2a: Chesnaught|237/285|[from] item: Leftovers\n|upkeep\n|turn|12\n|inactive|Time left: 300 sec this turn | 300 sec total\n|\n|t:|1783533795\n|move|p2a: Chesnaught|Trailblaze|p1a: Annihilape\n|-damage|p1a: Annihilape|57/100\n|-boost|p2a: Chesnaught|spe|1\n|move|p1a: Annihilape|Bulk Up|p1a: Annihilape\n|-boost|p1a: Annihilape|atk|1\n|-boost|p1a: Annihilape|def|1\n|\n|-heal|p2a: Chesnaught|254/285|[from] item: Leftovers\n|upkeep\n|turn|13\n|inactive|Time left: 300 sec this turn | 300 sec total\n|\n|t:|1783533797\n|move|p2a: Chesnaught|Iron Defense|p2a: Chesnaught\n|-boost|p2a: Chesnaught|def|2\n|move|p1a: Annihilape|Drain Punch|p2a: Chesnaught\n|-damage|p2a: Chesnaught|215/285\n|-heal|p1a: Annihilape|64/100|[from] drain|[of] p2a: Chesnaught\n|\n|-heal|p2a: Chesnaught|232/285|[from] item: Leftovers\n|upkeep\n|turn|14\n|inactive|Time left: 300 sec this turn | 300 sec total\n|\n|t:|1783533798\n|move|p2a: Chesnaught|Trailblaze|p1a: Annihilape\n|-crit|p1a: Annihilape\n|-damage|p1a: Annihilape|29/100\n|-boost|p2a: Chesnaught|spe|1\n|move|p1a: Annihilape|Drain Punch|p2a: Chesnaught\n|-damage|p2a: Chesnaught|195/285\n|-heal|p1a: Annihilape|36/100|[from] drain|[of] p2a: Chesnaught\n|\n|-heal|p2a: Chesnaught|212/285|[from] item: Leftovers\n|upkeep\n|turn|15\n|inactive|Time left: 300 sec this turn | 300 sec total\n|\n|t:|1783533799\n|move|p2a: Chesnaught|Trailblaze|p1a: Annihilape\n|-damage|p1a: Annihilape|27/100\n|-boost|p2a: Chesnaught|spe|1\n|move|p1a: Annihilape|Rest|p1a: Annihilape\n|-status|p1a: Annihilape|slp|[from] move: Rest\n|-heal|p1a: Annihilape|100/100 slp|[silent]\n|-enditem|p1a: Annihilape|Chesto Berry|[eat]\n|-curestatus|p1a: Annihilape|slp|[msg]\n|\n|-heal|p2a: Chesnaught|229/285|[from] item: Leftovers\n|upkeep\n|turn|16\n|inactive|Time left: 300 sec this turn | 300 sec total\n|\n|t:|1783533800\n|move|p2a: Chesnaught|Trailblaze|p1a: Annihilape\n|-damage|p1a: Annihilape|90/100\n|-boost|p2a: Chesnaught|spe|1\n|move|p1a: Annihilape|Bulk Up|p1a: Annihilape\n|-boost|p1a: Annihilape|atk|1\n|-boost|p1a: Annihilape|def|1\n|\n|-heal|p2a: Chesnaught|246/285|[from] item: Leftovers\n|upkeep\n|turn|17\n|inactive|Time left: 300 sec this turn | 300 sec total\n|\n|t:|1783533801\n|move|p2a: Chesnaught|Synthesis|p2a: Chesnaught\n|-heal|p2a: Chesnaught|285/285\n|move|p1a: Annihilape|Drain Punch|p2a: Chesnaught\n|-damage|p2a: Chesnaught|240/285\n|-heal|p1a: Annihilape|98/100|[from] drain|[of] p2a: Chesnaught\n|\n|-heal|p2a: Chesnaught|257/285|[from] item: Leftovers\n|upkeep\n|turn|18\n|inactive|Time left: 300 sec this turn | 300 sec total\n|\n|t:|1783533802\n|move|p2a: Chesnaught|Body Press|p1a: Annihilape\n|-immune|p1a: Annihilape\n|move|p1a: Annihilape|Drain Punch|p2a: Chesnaught\n|-damage|p2a: Chesnaught|209/285\n|-heal|p1a: Annihilape|100/100|[from] drain|[of] p2a: Chesnaught\n|\n|-heal|p2a: Chesnaught|226/285|[from] item: Leftovers\n|upkeep\n|turn|19\n|inactive|Time left: 300 sec this turn | 300 sec total\n|\n|t:|1783533803\n|move|p2a: Chesnaught|Synthesis|p2a: Chesnaught\n|-heal|p2a: Chesnaught|285/285\n|move|p1a: Annihilape|Drain Punch|p2a: Chesnaught\n|-damage|p2a: Chesnaught|237/285\n|\n|-heal|p2a: Chesnaught|254/285|[from] item: Leftovers\n|upkeep\n|turn|20\n|inactive|Time left: 300 sec this turn | 300 sec total\n|\n|t:|1783533804\n|move|p2a: Chesnaught|Body Press|p1a: Annihilape\n|-immune|p1a: Annihilape\n|move|p1a: Annihilape|Drain Punch|p2a: Chesnaught\n|-damage|p2a: Chesnaught|211/285\n|\n|-heal|p2a: Chesnaught|228/285|[from] item: Leftovers\n|upkeep\n|turn|21\n|inactive|Time left: 300 sec this turn | 300 sec total\n|\n|t:|1783533805\n|move|p2a: Chesnaught|Body Press|p1a: Annihilape\n|-immune|p1a: Annihilape\n|move|p1a: Annihilape|Drain Punch|p2a: Chesnaught\n|-damage|p2a: Chesnaught|185/285\n|\n|-heal|p2a: Chesnaught|202/285|[from] item: Leftovers\n|upkeep\n|turn|22\n|inactive|Time left: 300 sec this turn | 300 sec total\n|\n|t:|1783533807\n|move|p2a: Chesnaught|Synthesis|p2a: Chesnaught\n|-heal|p2a: Chesnaught|285/285\n|move|p1a: Annihilape|Drain Punch|p2a: Chesnaught\n|-damage|p2a: Chesnaught|240/285\n|\n|-heal|p2a: Chesnaught|257/285|[from] item: Leftovers\n|upkeep\n|turn|23\n|inactive|Time left: 300 sec this turn | 300 sec total\n|\n|t:|1783533808\n|move|p2a: Chesnaught|Body Press|p1a: Annihilape\n|-immune|p1a: Annihilape\n|move|p1a: Annihilape|Drain Punch|p2a: Chesnaught\n|-damage|p2a: Chesnaught|214/285\n|\n|-heal|p2a: Chesnaught|231/285|[from] item: Leftovers\n|upkeep\n|turn|24\n|inactive|Time left: 300 sec this turn | 300 sec total\n|\n|t:|1783533809\n|move|p2a: Chesnaught|Body Press|p1a: Annihilape\n|-immune|p1a: Annihilape\n|move|p1a: Annihilape|Drain Punch|p2a: Chesnaught\n|-damage|p2a: Chesnaught|182/285\n|\n|-heal|p2a: Chesnaught|199/285|[from] item: Leftovers\n|upkeep\n|turn|25\n|inactive|Time left: 300 sec this turn | 300 sec total\n|\n|t:|1783533810\n|move|p2a: Chesnaught|Synthesis|p2a: Chesnaught\n|-heal|p2a: Chesnaught|285/285\n|move|p1a: Annihilape|Drain Punch|p2a: Chesnaught\n|-damage|p2a: Chesnaught|237/285\n|\n|-heal|p2a: Chesnaught|254/285|[from] item: Leftovers\n|upkeep\n|turn|26\n|inactive|Time left: 300 sec this turn | 300 sec total\n|\n|t:|1783533811\n|move|p2a: Chesnaught|Body Press|p1a: Annihilape\n|-immune|p1a: Annihilape\n|move|p1a: Annihilape|Drain Punch|p2a: Chesnaught\n|-damage|p2a: Chesnaught|209/285\n|\n|-heal|p2a: Chesnaught|226/285|[from] item: Leftovers\n|upkeep\n|turn|27\n|inactive|Time left: 300 sec this turn | 300 sec total\n|\n|t:|1783533812\n|move|p2a: Chesnaught|Body Press|p1a: Annihilape\n|-immune|p1a: Annihilape\n|move|p1a: Annihilape|Drain Punch|p2a: Chesnaught\n|-damage|p2a: Chesnaught|184/285\n|\n|-heal|p2a: Chesnaught|201/285|[from] item: Leftovers\n|upkeep\n|turn|28\n|inactive|Time left: 300 sec this turn | 300 sec total\n|\n|t:|1783533814\n|move|p2a: Chesnaught|Synthesis|p2a: Chesnaught\n|-heal|p2a: Chesnaught|285/285\n|move|p1a: Annihilape|Drain Punch|p2a: Chesnaught\n|-damage|p2a: Chesnaught|240/285\n|\n|-heal|p2a: Chesnaught|257/285|[from] item: Leftovers\n|upkeep\n|turn|29\n|inactive|Time left: 300 sec this turn | 300 sec total\n|\n|t:|1783533815\n|move|p2a: Chesnaught|Synthesis|p2a: Chesnaught\n|-heal|p2a: Chesnaught|285/285\n|move|p1a: Annihilape|Bulk Up|p1a: Annihilape\n|-boost|p1a: Annihilape|atk|1\n|-boost|p1a: Annihilape|def|1\n|\n|upkeep\n|turn|30\n|inactive|Time left: 300 sec this turn | 300 sec total\n|\n|t:|1783533816\n|move|p2a: Chesnaught|Body Press|p1a: Annihilape\n|-immune|p1a: Annihilape\n|move|p1a: Annihilape|Bulk Up|p1a: Annihilape\n|-boost|p1a: Annihilape|atk|1\n|-boost|p1a: Annihilape|def|1\n|\n|upkeep\n|turn|31\n|inactive|Time left: 300 sec this turn | 300 sec total\n|\n|t:|1783533817\n|move|p2a: Chesnaught|Body Press|p1a: Annihilape\n|-immune|p1a: Annihilape\n|move|p1a: Annihilape|Rage Fist|p2a: Chesnaught\n|-damage|p2a: Chesnaught|32/285\n|\n|-heal|p2a: Chesnaught|49/285|[from] item: Leftovers\n|upkeep\n|turn|32\n|inactive|Time left: 300 sec this turn | 300 sec total\n|\n|t:|1783533818\n|move|p2a: Chesnaught|Synthesis|p2a: Chesnaught\n|-heal|p2a: Chesnaught|191/285\n|move|p1a: Annihilape|Rage Fist|p2a: Chesnaught\n|-damage|p2a: Chesnaught|0 fnt\n|faint|p2a: Chesnaught\n|\n|upkeep\n|inactive|Time left: 300 sec this turn | 300 sec total | 5 sec grace\n|\n|t:|1783533819\n|switch|p2a: Rotom|Rotom-Mow, L87|18/229\n|turn|33\n|inactive|Time left: 300 sec this turn | 300 sec total\n|\n|t:|1783533820\n|move|p2a: Rotom|Will-O-Wisp|p1a: Annihilape\n|-status|p1a: Annihilape|brn\n|move|p1a: Annihilape|Rage Fist|p2a: Rotom\n|-damage|p2a: Rotom|0 fnt\n|faint|p2a: Rotom\n|\n|-damage|p1a: Annihilape|94/100 brn|[from] brn\n|upkeep\n|inactive|Time left: 300 sec this turn | 300 sec total | 5 sec grace\n|\n|t:|1783533821\n|switch|p2a: Ho-Oh|Ho-Oh, L71|268/268\n|turn|34\n|inactive|Time left: 300 sec this turn | 300 sec total\n|\n|t:|1783533822\n|move|p1a: Annihilape|Rage Fist|p2a: Ho-Oh\n|-damage|p2a: Ho-Oh|0 fnt\n|faint|p2a: Ho-Oh\n|\n|-damage|p1a: Annihilape|88/100 brn|[from] brn\n|upkeep\n|inactive|Time left: 300 sec this turn | 300 sec total | 5 sec grace\n|\n|t:|1783533823\n|switch|p2a: Bombirdier|Bombirdier, L85, M|258/258\n|turn|35\n|inactive|Time left: 300 sec this turn | 300 sec total\n|\n|t:|1783533824\n|move|p2a: Bombirdier|Brave Bird|p1a: Annihilape\n|-supereffective|p1a: Annihilape\n|-damage|p1a: Annihilape|59/100 brn\n|-damage|p2a: Bombirdier|230/258|[from] Recoil\n|move|p1a: Annihilape|Drain Punch|p2a: Bombirdier\n|-damage|p2a: Bombirdier|74/258\n|-heal|p1a: Annihilape|86/100 brn|[from] drain|[of] p2a: Bombirdier\n|\n|-damage|p1a: Annihilape|80/100 brn|[from] brn\n|upkeep\n|turn|36\n|inactive|Time left: 300 sec this turn | 300 sec total\n|\n|t:|1783533825\n|move|p2a: Bombirdier|Brave Bird|p1a: Annihilape\n|-supereffective|p1a: Annihilape\n|-damage|p1a: Annihilape|49/100 brn\n|-damage|p2a: Bombirdier|44/258|[from] Recoil\n|move|p1a: Annihilape|Rest|p1a: Annihilape\n|-status|p1a: Annihilape|slp|[from] move: Rest\n|-heal|p1a: Annihilape|100/100 slp|[silent]\n|\n|upkeep\n|turn|37\n|inactive|Time left: 300 sec this turn | 300 sec total\n|\n|t:|1783533826\n|switch|p2a: Polteageist|Polteageist, L78|222/222\n|cant|p1a: Annihilape|slp\n|\n|upkeep\n|turn|38\n|inactive|Time left: 300 sec this turn | 300 sec total\n|\n|t:|1783533827\n|-terastallize|p2a: Polteageist|Psychic\n|cant|p1a: Annihilape|slp\n|move|p2a: Polteageist|Shell Smash|p2a: Polteageist\n|-unboost|p2a: Polteageist|def|1\n|-unboost|p2a: Polteageist|spd|1\n|-boost|p2a: Polteageist|atk|2\n|-boost|p2a: Polteageist|spa|2\n|-boost|p2a: Polteageist|spe|2\n|-enditem|p2a: Polteageist|White Herb\n|-clearnegativeboost|p2a: Polteageist|[silent]\n|\n|upkeep\n|turn|39\n|inactive|Time left: 300 sec this turn | 300 sec total\n|\n|t:|1783533827\n|switch|p1a: Iron Crown|Iron Crown, L78|100/100\n|move|p2a: Polteageist|Stored Power|p1a: Iron Crown\n|-resisted|p1a: Iron Crown\n|-damage|p1a: Iron Crown|74/100\n|\n|upkeep\n|turn|40\n|inactive|Time left: 300 sec this turn | 300 sec total\n|\n|t:|1783533828\n|-terastallize|p1a: Iron Crown|Steel\n|move|p2a: Polteageist|Shadow Ball|p1a: Iron Crown\n|-damage|p1a: Iron Crown|12/100\n|move|p1a: Iron Crown|Tachyon Cutter|p2a: Polteageist\n|-damage|p2a: Polteageist|122/222\n|-damage|p2a: Polteageist|20/222\n|-start|p1a: Iron Crown|Disable|Tachyon Cutter|[from] ability: Cursed Body|[of] p2a: Polteageist\n|-hitcount|p2a: Polteageist|2\n|\n|upkeep\n|turn|41\n|inactive|Time left: 300 sec this turn | 300 sec total\n|\n|t:|1783533829\n|move|p2a: Polteageist|Stored Power|p1a: Iron Crown\n|-resisted|p1a: Iron Crown\n|-damage|p1a: Iron Crown|0 fnt\n|faint|p1a: Iron Crown\n|-end|p1a: Iron Crown|Quark Drive|[silent]\n|\n|upkeep\n|\n|t:|1783533830\n|switch|p1a: Pachirisu|Pachirisu, L96, F|35/100\n|turn|42\n|inactive|Time left: 300 sec this turn | 300 sec total\n|\n|t:|1783533831\n|move|p2a: Polteageist|Stored Power|p1a: Pachirisu\n|-damage|p1a: Pachirisu|0 fnt\n|faint|p1a: Pachirisu\n|\n|upkeep\n|\n|t:|1783533831\n|switch|p1a: Barraskewda|Barraskewda, L81, F|41/100\n|turn|43\n|inactive|Time left: 300 sec this turn | 300 sec total\n|\n|t:|1783533832\n|move|p2a: Polteageist|Stored Power|p1a: Barraskewda\n|-damage|p1a: Barraskewda|0 fnt\n|faint|p1a: Barraskewda\n|\n|upkeep\n|\n|t:|1783533833\n|switch|p1a: Sandslash|Sandslash-Alola, L88, M|100/100\n|turn|44\n|inactive|Time left: 300 sec this turn | 300 sec total\n|\n|t:|1783533834\n|move|p2a: Polteageist|Strength Sap|p1a: Sandslash\n|-unboost|p1a: Sandslash|atk|1\n|-heal|p2a: Polteageist|222/222\n|move|p1a: Sandslash|Triple Axel|p2a: Polteageist\n|-crit|p2a: Polteageist\n|-damage|p2a: Polteageist|171/222\n|-damage|p2a: Polteageist|128/222\n|-damage|p2a: Polteageist|64/222\n|-hitcount|p2a: Polteageist|3\n|\n|upkeep\n|turn|45\n|inactive|Time left: 300 sec this turn | 300 sec total\n|\n|t:|1783533835\n|move|p2a: Polteageist|Strength Sap|p1a: Sandslash\n|-unboost|p1a: Sandslash|atk|1\n|-heal|p2a: Polteageist|214/222\n|move|p1a: Sandslash|Triple Axel|p2a: Polteageist\n|-damage|p2a: Polteageist|196/222\n|-hitcount|p2a: Polteageist|1\n|\n|upkeep\n|turn|46\n|inactive|Time left: 300 sec this turn | 300 sec total\n|\n|t:|1783533836\n|move|p2a: Polteageist|Stored Power|p1a: Sandslash\n|-resisted|p1a: Sandslash\n|-damage|p1a: Sandslash|23/100\n|move|p1a: Sandslash|Iron Head|p2a: Polteageist\n|-damage|p2a: Polteageist|130/222\n|-start|p1a: Sandslash|Disable|Iron Head|[from] ability: Cursed Body|[of] p2a: Polteageist\n|\n|-heal|p1a: Sandslash|30/100|[from] item: Leftovers\n|upkeep\n|turn|47\n|inactive|Time left: 300 sec this turn | 300 sec total\n|\n|t:|1783533837\n|move|p2a: Polteageist|Stored Power|p1a: Sandslash\n|-resisted|p1a: Sandslash\n|-damage|p1a: Sandslash|0 fnt\n|faint|p1a: Sandslash\n|\n|upkeep\n|\n|t:|1783533838\n|switch|p1a: Annihilape|Annihilape, L76, M|100/100 slp\n|turn|48\n|inactive|Time left: 300 sec this turn | 300 sec total\n|\n|t:|1783533839\n|move|p2a: Polteageist|Stored Power|p1a: Annihilape\n|-supereffective|p1a: Annihilape\n|-damage|p1a: Annihilape|0 fnt\n|faint|p1a: Annihilape\n|\n|win|p0y0497395", "uploadtime": 1783533839, "views": 0, "rating": 0, "private": 0, "password": null, "_winner": "p0y0497395", "_our_name": "p0y0497395"}