{"id": "battle-gen9randombattle-2159", "formatid": "gen9randombattle", "format": "[Gen 9] Random Battle", "players": ["p0x215917ac", "p0y215987d3"], "log": "|init|battle\n|title|p0x215917ac vs. p0y215987d3\n|j|\u2606p0x215917ac\n|j|\u2606p0y215987d3\n|t:|1783564165\n|gametype|singles\n|player|p1|p0x215917ac|2|\n|player|p2|p0y215987d3|170|\n|gen|9\n|tier|[Gen 9] Random Battle\n|rule|Species Clause: Limit one of each Pok\u00e9mon\n|rule|HP Percentage Mod: HP is shown in percentages\n|rule|Sleep Clause Mod: Limit one foe put to sleep\n|rule|Illusion Level Mod: Illusion disguises the Pok\u00e9mon's true level\n|\n|t:|1783564165\n|teamsize|p1|6\n|teamsize|p2|6\n|start\n|switch|p1a: Yanmega|Yanmega, L82, F|100/100\n|switch|p2a: Minior|Minior-Blue, L79|224/224\n|-formechange|p2a: Minior|Minior-Meteor||[from] ability: Shields Down\n|turn|1\n|inactive|Battle timer is ON: inactive players will automatically lose when time's up. (requested by p0x215917ac)\n|inactive|Time left: 300 sec this turn | 300 sec total | 60 sec grace\n|inactive|p0y215987d3 also wants the timer to be on.\n|\n|t:|1783564166\n|switch|p1a: Golduck|Golduck, L90, F|100/100\n|-ability|p1a: Golduck|Cloud Nine\n|move|p2a: Minior|Shell Smash|p2a: Minior\n|-unboost|p2a: Minior|def|1\n|-unboost|p2a: Minior|spd|1\n|-boost|p2a: Minior|atk|2\n|-boost|p2a: Minior|spa|2\n|-boost|p2a: Minior|spe|2\n|-enditem|p2a: Minior|White Herb\n|-clearnegativeboost|p2a: Minior|[silent]\n|\n|upkeep\n|turn|2\n|inactive|Time left: 300 sec this turn | 300 sec total\n|\n|t:|1783564167\n|-terastallize|p2a: Minior|Steel\n|move|p2a: Minior|Acrobatics|p1a: Golduck\n|-damage|p1a: Golduck|48/100\n|move|p1a: Golduck|Hydro Pump|p2a: Minior\n|-damage|p2a: Minior|71/224\n|-damage|p1a: Golduck|38/100|[from] item: Life Orb\n|\n|-formechange|p2a: Minior|Minior-Blue||[from] ability: Shields Down\n|upkeep\n|turn|3\n|inactive|Time left: 300 sec this turn | 300 sec total\n|\n|t:|1783564168\n|move|p2a: Minior|Power Gem|p1a: Golduck\n|-damage|p1a: Golduck|0 fnt\n|faint|p1a: Golduck\n|\n|upkeep\n|\n|t:|1783564169\n|switch|p1a: Honchkrow|Honchkrow, L86, F|100/100\n|turn|4\n|inactive|Time left: 300 sec this turn | 300 sec total\n|\n|t:|1783564170\n|move|p1a: Honchkrow|Sucker Punch||[still]\n|-fail|p1a: Honchkrow\n|move|p2a: Minior|Shell Smash|p2a: Minior\n|-unboost|p2a: Minior|def|1\n|-unboost|p2a: Minior|spd|1\n|-boost|p2a: Minior|atk|2\n|-boost|p2a: Minior|spa|2\n|-boost|p2a: Minior|spe|2\n|\n|upkeep\n|turn|5\n|inactive|Time left: 300 sec this turn | 300 sec total\n|\n|t:|1783564171\n|move|p1a: Honchkrow|Sucker Punch|p2a: Minior\n|-damage|p2a: Minior|0 fnt\n|faint|p2a: Minior\n|-ability|p1a: Honchkrow|Moxie|boost\n|-boost|p1a: Honchkrow|atk|1\n|\n|upkeep\n|inactive|Time left: 300 sec this turn | 300 sec total | 5 sec grace\n|\n|t:|1783564172\n|switch|p2a: Regirock|Regirock, L83|268/268\n|turn|6\n|inactive|Time left: 300 sec this turn | 300 sec total\n|\n|t:|1783564173\n|switch|p1a: Zamazenta|Zamazenta, L71|100/100\n|-ability|p1a: Zamazenta|Dauntless Shield|boost\n|-boost|p1a: Zamazenta|def|1\n|move|p2a: Regirock|Stone Edge|p1a: Zamazenta|[miss]\n|-miss|p2a: Regirock|p1a: Zamazenta\n|\n|upkeep\n|turn|7\n|inactive|Time left: 300 sec this turn | 300 sec total\n|\n|t:|1783564174\n|move|p1a: Zamazenta|Body Press|p2a: Regirock\n|-supereffective|p2a: Regirock\n|-damage|p2a: Regirock|166/268\n|move|p2a: Regirock|Thunder Wave|p1a: Zamazenta\n|-status|p1a: Zamazenta|par\n|\n|-heal|p2a: Regirock|182/268|[from] item: Leftovers\n|upkeep\n|turn|8\n|inactive|Time left: 300 sec this turn | 300 sec total\n|\n|t:|1783564175\n|move|p2a: Regirock|Stealth Rock|p1a: Zamazenta\n|-sidestart|p1: p0x215917ac|move: Stealth Rock\n|cant|p1a: Zamazenta|par\n|\n|-heal|p2a: Regirock|198/268|[from] item: Leftovers\n|upkeep\n|turn|9\n|inactive|Time left: 300 sec this turn | 300 sec total\n|\n|t:|1783564176\n|switch|p2a: Polteageist|Polteageist, L78|222/222\n|move|p1a: Zamazenta|Body Press|p2a: Polteageist\n|-immune|p2a: Polteageist\n|\n|upkeep\n|turn|10\n|inactive|Time left: 300 sec this turn | 300 sec total\n|\n|t:|1783564178\n|switch|p1a: Honchkrow|Honchkrow, L86, F|100/100\n|move|p2a: Polteageist|Shell Smash|p2a: Polteageist\n|-unboost|p2a: Polteageist|def|1\n|-unboost|p2a: Polteageist|spd|1\n|-boost|p2a: Polteageist|atk|2\n|-boost|p2a: Polteageist|spa|2\n|-boost|p2a: Polteageist|spe|2\n|-enditem|p2a: Polteageist|White Herb\n|-clearnegativeboost|p2a: Polteageist|[silent]\n|\n|upkeep\n|turn|11\n|inactive|Time left: 300 sec this turn | 300 sec total\n|\n|t:|1783564179\n|move|p2a: Polteageist|Strength Sap|p1a: Honchkrow\n|-unboost|p1a: Honchkrow|atk|1\n|move|p1a: Honchkrow|Lash Out|p2a: Polteageist\n|-supereffective|p2a: Polteageist\n|-damage|p2a: Polteageist|0 fnt\n|faint|p2a: Polteageist\n|-ability|p1a: Honchkrow|Moxie|boost\n|-boost|p1a: Honchkrow|atk|1\n|\n|upkeep\n|inactive|Time left: 300 sec this turn | 300 sec total | 5 sec grace\n|\n|t:|1783564179\n|switch|p2a: Regirock|Regirock, L83|198/268\n|turn|12\n|inactive|Time left: 300 sec this turn | 300 sec total\n|\n|t:|1783564180\n|switch|p1a: Zamazenta|Zamazenta, L71|100/100 par\n|-damage|p1a: Zamazenta|94/100 par|[from] Stealth Rock\n|move|p2a: Regirock|Stone Edge|p1a: Zamazenta\n|-resisted|p1a: Zamazenta\n|-damage|p1a: Zamazenta|75/100 par\n|\n|-heal|p2a: Regirock|214/268|[from] item: Leftovers\n|-heal|p1a: Zamazenta|81/100 par|[from] item: Leftovers\n|upkeep\n|turn|13\n|inactive|Time left: 300 sec this turn | 300 sec total\n|\n|t:|1783564181\n|switch|p1a: Yanmega|Yanmega, L82, F|100/100\n|move|p2a: Regirock|Body Press|p1a: Yanmega\n|-resisted|p1a: Yanmega\n|-damage|p1a: Yanmega|92/100\n|\n|-heal|p2a: Regirock|230/268|[from] item: Leftovers\n|upkeep\n|turn|14\n|inactive|Time left: 300 sec this turn | 300 sec total\n|\n|t:|1783564183\n|-terastallize|p1a: Yanmega|Ground\n|move|p1a: Yanmega|Tera Blast|p2a: Regirock|[anim] Tera Blast Ground\n|-supereffective|p2a: Regirock\n|-damage|p2a: Regirock|60/268\n|move|p2a: Regirock|Stone Edge|p1a: Yanmega\n|-resisted|p1a: Yanmega\n|-damage|p1a: Yanmega|71/100\n|\n|-heal|p2a: Regirock|76/268|[from] item: Leftovers\n|-ability|p1a: Yanmega|Speed Boost|boost\n|-boost|p1a: Yanmega|spe|1\n|upkeep\n|turn|15\n|inactive|Time left: 300 sec this turn | 300 sec total\n|\n|t:|1783564184\n|switch|p2a: Toxapex|Toxapex, L82, F|216/216\n|move|p1a: Yanmega|Tera Blast|p2a: Toxapex|[anim] Tera Blast Ground\n|-supereffective|p2a: Toxapex\n|-damage|p2a: Toxapex|72/216\n|\n|-ability|p1a: Yanmega|Speed Boost|boost\n|-boost|p1a: Yanmega|spe|1\n|upkeep\n|turn|16\n|inactive|Time left: 300 sec this turn | 300 sec total\n|\n|t:|1783564185\n|switch|p2a: Ludicolo|Ludicolo, L90, M|290/290\n|move|p1a: Yanmega|Tera Blast|p2a: Ludicolo|[anim] Tera Blast Ground\n|-resisted|p2a: Ludicolo\n|-damage|p2a: Ludicolo|254/290\n|\n|-ability|p1a: Yanmega|Speed Boost|boost\n|-boost|p1a: Yanmega|spe|1\n|upkeep\n|turn|17\n|inactive|Time left: 300 sec this turn | 300 sec total\n|\n|t:|1783564186\n|move|p1a: Yanmega|Air Slash|p2a: Ludicolo\n|-supereffective|p2a: Ludicolo\n|-damage|p2a: Ludicolo|92/290\n|move|p2a: Ludicolo|Giga Drain|p1a: Yanmega\n|-supereffective|p1a: Yanmega\n|-damage|p1a: Yanmega|0 fnt\n|-heal|p2a: Ludicolo|190/290|[from] drain|[of] p1a: Yanmega\n|faint|p1a: Yanmega\n|-damage|p2a: Ludicolo|161/290|[from] item: Life Orb\n|\n|upkeep\n|\n|t:|1783564187\n|switch|p1a: Toxicroak|Toxicroak, L84, M|100/100\n|-damage|p1a: Toxicroak|94/100|[from] Stealth Rock\n|turn|18\n|inactive|Time left: 300 sec this turn | 300 sec total\n|\n|t:|1783564188\n|switch|p2a: Toxapex|Toxapex, L82, F|144/216\n|move|p1a: Toxicroak|Swords Dance|p1a: Toxicroak\n|-boost|p1a: Toxicroak|atk|2\n|\n|upkeep\n|turn|19\n|inactive|Time left: 300 sec this turn | 300 sec total\n|\n|t:|1783564189\n|move|p1a: Toxicroak|Earthquake|p2a: Toxapex\n|-supereffective|p2a: Toxapex\n|-damage|p2a: Toxapex|0 fnt\n|faint|p2a: Toxapex\n|-damage|p1a: Toxicroak|85/100|[from] item: Life Orb\n|\n|upkeep\n|inactive|Time left: 300 sec this turn | 300 sec total | 5 sec grace\n|\n|t:|1783564189\n|switch|p2a: Regirock|Regirock, L83|76/268\n|turn|20\n|inactive|Time left: 300 sec this turn | 300 sec total\n|\n|t:|1783564190\n|move|p1a: Toxicroak|Earthquake|p2a: Regirock\n|-supereffective|p2a: Regirock\n|-damage|p2a: Regirock|0 fnt\n|faint|p2a: Regirock\n|-damage|p1a: Toxicroak|75/100|[from] item: Life Orb\n|\n|upkeep\n|inactive|Time left: 300 sec this turn | 300 sec total | 5 sec grace\n|\n|t:|1783564191\n|switch|p2a: Hitmonchan|Hitmonchan, L87, M|229/229\n|turn|21\n|inactive|Time left: 300 sec this turn | 300 sec total\n|\n|t:|1783564192\n|move|p1a: Toxicroak|Close Combat|p2a: Hitmonchan\n|-damage|p2a: Hitmonchan|0 fnt\n|-unboost|p1a: Toxicroak|def|1\n|-unboost|p1a: Toxicroak|spd|1\n|faint|p2a: Hitmonchan\n|-damage|p1a: Toxicroak|65/100|[from] item: Life Orb\n|\n|upkeep\n|inactive|Time left: 300 sec this turn | 300 sec total | 5 sec grace\n|\n|t:|1783564192\n|switch|p2a: Ludicolo|Ludicolo, L90, M|161/290\n|turn|22\n|inactive|Time left: 300 sec this turn | 300 sec total\n|\n|t:|1783564193\n|move|p1a: Toxicroak|Close Combat|p2a: Ludicolo\n|-damage|p2a: Ludicolo|0 fnt\n|-unboost|p1a: Toxicroak|def|1\n|-unboost|p1a: Toxicroak|spd|1\n|faint|p2a: Ludicolo\n|-damage|p1a: Toxicroak|55/100|[from] item: Life Orb\n|\n|win|p0x215917ac", "uploadtime": 1783564193, "views": 0, "rating": 0, "private": 0, "password": null, "_winner": "p0x215917ac", "_our_name": "p0y215987d3"}