{"id": "battle-gen9randombattle-1330", "formatid": "gen9randombattle", "format": "[Gen 9] Random Battle", "players": ["p0x133092ba", "p0y1330ebf6"], "log": "|init|battle\n|title|p0x133092ba vs. p0y1330ebf6\n|j|\u2606p0x133092ba\n|j|\u2606p0y1330ebf6\n|t:|1783554575\n|gametype|singles\n|player|p1|p0x133092ba|170|\n|player|p2|p0y1330ebf6|2|\n|gen|9\n|tier|[Gen 9] Random Battle\n|rule|Species Clause: Limit one of each Pok\u00e9mon\n|rule|HP Percentage Mod: HP is shown in percentages\n|rule|Sleep Clause Mod: Limit one foe put to sleep\n|rule|Illusion Level Mod: Illusion disguises the Pok\u00e9mon's true level\n|\n|t:|1783554575\n|teamsize|p1|6\n|teamsize|p2|6\n|start\n|switch|p1a: Tinkaton|Tinkaton, L82, F|100/100\n|switch|p2a: Kyurem|Kyurem, L77|319/319\n|-ability|p1a: Tinkaton|Mold Breaker\n|-ability|p2a: Kyurem|Pressure\n|turn|1\n|inactive|Battle timer is ON: inactive players will automatically lose when time's up. (requested by p0x133092ba)\n|inactive|Time left: 300 sec this turn | 300 sec total | 60 sec grace\n|\n|t:|1783554577\n|move|p1a: Tinkaton|Swords Dance|p1a: Tinkaton\n|-boost|p1a: Tinkaton|atk|2\n|move|p2a: Kyurem|Dragon Dance|p2a: Kyurem\n|-boost|p2a: Kyurem|atk|1\n|-boost|p2a: Kyurem|spe|1\n|\n|upkeep\n|turn|2\n|inactive|Time left: 300 sec this turn | 300 sec total\n|inactive|p0y1330ebf6 also wants the timer to be on.\n|\n|t:|1783554578\n|-terastallize|p2a: Kyurem|Ground\n|move|p1a: Tinkaton|Protect|p1a: Tinkaton\n|-singleturn|p1a: Tinkaton|Protect\n|move|p2a: Kyurem|Tera Blast|p1a: Tinkaton|[anim] Tera Blast Ground\n|-activate|p1a: Tinkaton|move: Protect\n|\n|upkeep\n|turn|3\n|inactive|Time left: 300 sec this turn | 300 sec total\n|\n|t:|1783554579\n|move|p1a: Tinkaton|Protect||[still]\n|-fail|p1a: Tinkaton\n|move|p2a: Kyurem|Tera Blast|p1a: Tinkaton|[anim] Tera Blast Ground\n|-supereffective|p1a: Tinkaton\n|-damage|p1a: Tinkaton|0 fnt\n|faint|p1a: Tinkaton\n|\n|upkeep\n|\n|t:|1783554580\n|switch|p1a: Zacian|Zacian, L69|100/100\n|-ability|p1a: Zacian|Intrepid Sword|boost\n|-boost|p1a: Zacian|atk|1\n|turn|4\n|inactive|Time left: 300 sec this turn | 300 sec total\n|\n|t:|1783554581\n|move|p2a: Kyurem|Icicle Spear|p1a: Zacian\n|-damage|p1a: Zacian|84/100\n|-damage|p1a: Zacian|66/100\n|-damage|p1a: Zacian|50/100\n|-damage|p1a: Zacian|31/100\n|-hitcount|p1a: Zacian|4\n|move|p1a: Zacian|Play Rough|p2a: Kyurem\n|-damage|p2a: Kyurem|144/319\n|\n|upkeep\n|turn|5\n|inactive|Time left: 300 sec this turn | 300 sec total\n|\n|t:|1783554582\n|move|p2a: Kyurem|Icicle Spear|p1a: Zacian\n|-damage|p1a: Zacian|15/100\n|-damage|p1a: Zacian|0 fnt\n|faint|p1a: Zacian\n|-hitcount|p1: Zacian|2\n|\n|upkeep\n|\n|t:|1783554582\n|switch|p1a: Zangoose|Zangoose, L85, F|100/100\n|turn|6\n|inactive|Time left: 300 sec this turn | 300 sec total\n|\n|t:|1783554583\n|move|p2a: Kyurem|Icicle Spear|p1a: Zangoose\n|-damage|p1a: Zangoose|80/100\n|-damage|p1a: Zangoose|58/100\n|-damage|p1a: Zangoose|36/100\n|-crit|p1a: Zangoose\n|-damage|p1a: Zangoose|3/100\n|-hitcount|p1a: Zangoose|4\n|move|p1a: Zangoose|Swords Dance|p1a: Zangoose\n|-boost|p1a: Zangoose|atk|2\n|\n|-status|p1a: Zangoose|tox|[from] item: Toxic Orb\n|upkeep\n|turn|7\n|inactive|Time left: 300 sec this turn | 300 sec total\n|\n|t:|1783554584\n|move|p1a: Zangoose|Quick Attack|p2a: Kyurem\n|-damage|p2a: Kyurem|0 fnt\n|faint|p2a: Kyurem\n|\n|-damage|p1a: Zangoose|0 fnt|[from] psn\n|faint|p1a: Zangoose\n|upkeep\n|inactive|Time left: 300 sec this turn | 300 sec total | 5 sec grace\n|\n|t:|1783554585\n|switch|p1a: Typhlosion|Typhlosion-Hisui, L83, M|100/100\n|switch|p2a: Alcremie|Alcremie-Ruby-Cream, L90, F|263/263\n|turn|8\n|inactive|Time left: 300 sec this turn | 300 sec total\n|\n|t:|1783554586\n|move|p1a: Typhlosion|Calm Mind|p1a: Typhlosion\n|-boost|p1a: Typhlosion|spa|1\n|-boost|p1a: Typhlosion|spd|1\n|move|p2a: Alcremie|Calm Mind|p2a: Alcremie\n|-boost|p2a: Alcremie|spa|1\n|-boost|p2a: Alcremie|spd|1\n|\n|upkeep\n|turn|9\n|inactive|Time left: 300 sec this turn | 300 sec total\n|\n|t:|1783554587\n|move|p1a: Typhlosion|Calm Mind|p1a: Typhlosion\n|-boost|p1a: Typhlosion|spa|1\n|-boost|p1a: Typhlosion|spd|1\n|move|p2a: Alcremie|Psyshock|p1a: Typhlosion\n|-damage|p1a: Typhlosion|53/100\n|\n|upkeep\n|turn|10\n|inactive|Time left: 300 sec this turn | 300 sec total\n|\n|t:|1783554588\n|-terastallize|p1a: Typhlosion|Fire\n|move|p1a: Typhlosion|Fire Blast|p2a: Alcremie\n|-damage|p2a: Alcremie|95/263\n|move|p2a: Alcremie|Calm Mind|p2a: Alcremie\n|-boost|p2a: Alcremie|spa|1\n|-boost|p2a: Alcremie|spd|1\n|\n|-heal|p2a: Alcremie|111/263|[from] item: Leftovers\n|upkeep\n|turn|11\n|inactive|Time left: 300 sec this turn | 300 sec total\n|\n|t:|1783554589\n|move|p1a: Typhlosion|Fire Blast|p2a: Alcremie\n|-damage|p2a: Alcremie|0 fnt\n|faint|p2a: Alcremie\n|\n|upkeep\n|inactive|Time left: 300 sec this turn | 300 sec total | 5 sec grace\n|\n|t:|1783554590\n|switch|p2a: Zapdos|Zapdos-Galar, L77|265/265\n|turn|12\n|inactive|Time left: 300 sec this turn | 300 sec total\n|\n|t:|1783554591\n|move|p2a: Zapdos|Close Combat|p1a: Typhlosion\n|-damage|p1a: Typhlosion|0 fnt\n|-unboost|p2a: Zapdos|def|1\n|-unboost|p2a: Zapdos|spd|1\n|faint|p1a: Typhlosion\n|\n|upkeep\n|\n|t:|1783554592\n|switch|p1a: Salazzle|Salazzle, L83, F|100/100\n|turn|13\n|inactive|Time left: 300 sec this turn | 300 sec total\n|\n|t:|1783554593\n|switch|p2a: Manaphy|Manaphy, L78|284/284\n|move|p1a: Salazzle|Fire Blast|p2a: Manaphy\n|-resisted|p2a: Manaphy\n|-damage|p2a: Manaphy|226/284\n|\n|-heal|p2a: Manaphy|243/284|[from] item: Leftovers\n|upkeep\n|turn|14\n|inactive|Time left: 300 sec this turn | 300 sec total\n|\n|t:|1783554594\n|switch|p1a: Meowstic|Meowstic, L89, M|100/100\n|move|p2a: Manaphy|Hydro Pump|p1a: Meowstic\n|-damage|p1a: Meowstic|65/100\n|\n|-heal|p1a: Meowstic|71/100|[from] item: Leftovers\n|-heal|p2a: Manaphy|260/284|[from] item: Leftovers\n|upkeep\n|turn|15\n|inactive|Time left: 300 sec this turn | 300 sec total\n|\n|t:|1783554595\n|move|p1a: Meowstic|Thunder Wave|p2a: Manaphy\n|-status|p2a: Manaphy|par\n|move|p2a: Manaphy|Tail Glow|p2a: Manaphy\n|-boost|p2a: Manaphy|spa|3\n|\n|-heal|p1a: Meowstic|77/100|[from] item: Leftovers\n|-heal|p2a: Manaphy|277/284 par|[from] item: Leftovers\n|upkeep\n|turn|16\n|inactive|Time left: 300 sec this turn | 300 sec total\n|\n|t:|1783554597\n|move|p1a: Meowstic|Psychic Noise|p2a: Manaphy\n|-damage|p2a: Manaphy|198/284 par\n|-start|p2a: Manaphy|move: Heal Block\n|move|p2a: Manaphy|Hydro Pump|p1a: Meowstic\n|-damage|p1a: Meowstic|0 fnt\n|faint|p1a: Meowstic\n|\n|upkeep\n|\n|t:|1783554597\n|switch|p1a: Salazzle|Salazzle, L83, F|100/100\n|turn|17\n|inactive|Time left: 300 sec this turn | 300 sec total\n|\n|t:|1783554598\n|move|p1a: Salazzle|Sludge Wave|p2a: Manaphy\n|-damage|p2a: Manaphy|87/284 par\n|cant|p2a: Manaphy|par\n|\n|-end|p2a: Manaphy|move: Heal Block\n|upkeep\n|turn|18\n|inactive|Time left: 300 sec this turn | 300 sec total\n|\n|t:|1783554599\n|switch|p2a: Piloswine|Piloswine, L85, M|309/309\n|move|p1a: Salazzle|Nasty Plot|p1a: Salazzle\n|-boost|p1a: Salazzle|spa|2\n|\n|upkeep\n|turn|19\n|inactive|Time left: 300 sec this turn | 300 sec total\n|\n|t:|1783554600\n|move|p1a: Salazzle|Fire Blast|p2a: Piloswine\n|-supereffective|p2a: Piloswine\n|-damage|p2a: Piloswine|103/309\n|move|p2a: Piloswine|Earthquake|p1a: Salazzle\n|-supereffective|p1a: Salazzle\n|-damage|p1a: Salazzle|0 fnt\n|faint|p1a: Salazzle\n|\n|win|p0y1330ebf6", "uploadtime": 1783554600, "views": 0, "rating": 0, "private": 0, "password": null, "_winner": "p0y1330ebf6", "_our_name": "p0y1330ebf6"}