{"id": "battle-gen9randombattle-252", "formatid": "gen9randombattle", "format": "[Gen 9] Random Battle", "players": ["p0x25259e9", "p0y252b928"], "log": "|init|battle\n|title|p0x25259e9 vs. p0y252b928\n|j|\u2606p0x25259e9\n|j|\u2606p0y252b928\n|t:|1783542017\n|gametype|singles\n|player|p1|p0x25259e9|102|\n|player|p2|p0y252b928|1|\n|gen|9\n|tier|[Gen 9] Random Battle\n|rule|Species Clause: Limit one of each Pok\u00e9mon\n|rule|HP Percentage Mod: HP is shown in percentages\n|rule|Sleep Clause Mod: Limit one foe put to sleep\n|rule|Illusion Level Mod: Illusion disguises the Pok\u00e9mon's true level\n|\n|t:|1783542017\n|teamsize|p1|6\n|teamsize|p2|6\n|start\n|switch|p1a: Skuntank|Skuntank, L84, F|310/310\n|switch|p2a: Kingambit|Kingambit, L74, M|100/100\n|turn|1\n|inactive|Battle timer is ON: inactive players will automatically lose when time's up. (requested by p0y252b928)\n|inactive|Time left: 300 sec this turn | 300 sec total | 60 sec grace\n|inactive|p0x25259e9 also wants the timer to be on.\n|\n|t:|1783542019\n|move|p1a: Skuntank|Fire Blast|p2a: Kingambit\n|-supereffective|p2a: Kingambit\n|-damage|p2a: Kingambit|29/100\n|-damage|p1a: Skuntank|279/310|[from] item: Life Orb\n|move|p2a: Kingambit|Swords Dance|p2a: Kingambit\n|-boost|p2a: Kingambit|atk|2\n|\n|-heal|p2a: Kingambit|35/100|[from] item: Leftovers\n|upkeep\n|turn|2\n|inactive|Time left: 300 sec this turn | 300 sec total\n|\n|t:|1783542020\n|move|p1a: Skuntank|Fire Blast|p2a: Kingambit\n|-supereffective|p2a: Kingambit\n|-damage|p2a: Kingambit|0 fnt\n|faint|p2a: Kingambit\n|-end|p2a: Kingambit|fallenundefined|[silent]\n|-damage|p1a: Skuntank|248/310|[from] item: Life Orb\n|\n|upkeep\n|\n|t:|1783542021\n|switch|p2a: Urshifu|Urshifu-Rapid-Strike, L75, M|100/100\n|turn|3\n|inactive|Time left: 300 sec this turn | 300 sec total\n|\n|t:|1783542022\n|move|p2a: Urshifu|Surging Strikes|p1a: Skuntank\n|-crit|p1a: Skuntank\n|-damage|p1a: Skuntank|170/310\n|-crit|p1a: Skuntank\n|-damage|p1a: Skuntank|89/310\n|-crit|p1a: Skuntank\n|-damage|p1a: Skuntank|8/310\n|-hitcount|p1a: Skuntank|3\n|move|p1a: Skuntank|Gunk Shot|p2a: Urshifu\n|-damage|p2a: Urshifu|46/100\n|-damage|p1a: Skuntank|0 fnt|[from] item: Life Orb\n|faint|p1a: Skuntank\n|\n|upkeep\n|inactive|Time left: 300 sec this turn | 300 sec total | 5 sec grace\n|\n|t:|1783542022\n|switch|p1a: Araquanid|Araquanid, L82, M|246/246\n|turn|4\n|inactive|Time left: 300 sec this turn | 300 sec total\n|\n|t:|1783542023\n|move|p2a: Urshifu|Surging Strikes|p1a: Araquanid\n|-resisted|p1a: Araquanid\n|-crit|p1a: Araquanid\n|-damage|p1a: Araquanid|216/246\n|-resisted|p1a: Araquanid\n|-crit|p1a: Araquanid\n|-damage|p1a: Araquanid|184/246\n|-resisted|p1a: Araquanid\n|-crit|p1a: Araquanid\n|-damage|p1a: Araquanid|151/246\n|-hitcount|p1a: Araquanid|3\n|move|p1a: Araquanid|Sticky Web|p2a: Urshifu\n|-sidestart|p2: p0y252b928|move: Sticky Web\n|\n|upkeep\n|turn|5\n|inactive|Time left: 300 sec this turn | 300 sec total\n|\n|t:|1783542024\n|switch|p1a: Golduck|Golduck, L90, F|290/290\n|-ability|p1a: Golduck|Cloud Nine\n|move|p2a: Urshifu|Surging Strikes|p1a: Golduck\n|-resisted|p1a: Golduck\n|-crit|p1a: Golduck\n|-damage|p1a: Golduck|260/290\n|-resisted|p1a: Golduck\n|-crit|p1a: Golduck\n|-damage|p1a: Golduck|230/290\n|-resisted|p1a: Golduck\n|-crit|p1a: Golduck\n|-damage|p1a: Golduck|197/290\n|-hitcount|p1a: Golduck|3\n|\n|upkeep\n|turn|6\n|inactive|Time left: 300 sec this turn | 300 sec total\n|\n|t:|1783542025\n|move|p1a: Golduck|Nasty Plot|p1a: Golduck\n|-boost|p1a: Golduck|spa|2\n|move|p2a: Urshifu|Surging Strikes|p1a: Golduck\n|-resisted|p1a: Golduck\n|-crit|p1a: Golduck\n|-damage|p1a: Golduck|165/290\n|-resisted|p1a: Golduck\n|-crit|p1a: Golduck\n|-damage|p1a: Golduck|136/290\n|-resisted|p1a: Golduck\n|-crit|p1a: Golduck\n|-damage|p1a: Golduck|106/290\n|-hitcount|p1a: Golduck|3\n|\n|upkeep\n|turn|7\n|inactive|Time left: 300 sec this turn | 300 sec total\n|\n|t:|1783542026\n|move|p1a: Golduck|Hydro Pump|p2a: Urshifu|[miss]\n|-miss|p1a: Golduck|p2a: Urshifu\n|move|p2a: Urshifu|Surging Strikes|p1a: Golduck\n|-resisted|p1a: Golduck\n|-crit|p1a: Golduck\n|-damage|p1a: Golduck|77/290\n|-resisted|p1a: Golduck\n|-crit|p1a: Golduck\n|-damage|p1a: Golduck|44/290\n|-resisted|p1a: Golduck\n|-crit|p1a: Golduck\n|-damage|p1a: Golduck|11/290\n|-hitcount|p1a: Golduck|3\n|\n|upkeep\n|turn|8\n|inactive|Time left: 300 sec this turn | 300 sec total\n|\n|t:|1783542027\n|move|p1a: Golduck|Ice Beam|p2a: Urshifu\n|-resisted|p2a: Urshifu\n|-damage|p2a: Urshifu|0 fnt\n|faint|p2a: Urshifu\n|-damage|p1a: Golduck|0 fnt|[from] item: Life Orb\n|faint|p1a: Golduck\n|\n|upkeep\n|inactive|Time left: 300 sec this turn | 300 sec total | 5 sec grace\n|\n|t:|1783542028\n|switch|p1a: Grimmsnarl|Grimmsnarl, L83, M|293/293\n|switch|p2a: Bombirdier|Bombirdier, L85, M|100/100\n|turn|9\n|inactive|Time left: 300 sec this turn | 300 sec total\n|\n|t:|1783542029\n|move|p2a: Bombirdier|Stone Edge|p1a: Grimmsnarl\n|-damage|p1a: Grimmsnarl|69/293\n|move|p1a: Grimmsnarl|Spirit Break|p2a: Bombirdier\n|-supereffective|p2a: Bombirdier\n|-damage|p2a: Bombirdier|26/100\n|-unboost|p2a: Bombirdier|spa|1\n|\n|-heal|p1a: Grimmsnarl|87/293|[from] item: Leftovers\n|upkeep\n|turn|10\n|inactive|Time left: 300 sec this turn | 300 sec total\n|\n|t:|1783542030\n|move|p2a: Bombirdier|Stone Edge|p1a: Grimmsnarl\n|-damage|p1a: Grimmsnarl|0 fnt\n|faint|p1a: Grimmsnarl\n|\n|upkeep\n|inactive|Time left: 300 sec this turn | 300 sec total | 5 sec grace\n|\n|t:|1783542031\n|switch|p1a: Alcremie|Alcremie, L90, F|263/263\n|turn|11\n|inactive|Time left: 300 sec this turn | 300 sec total\n|\n|t:|1783542032\n|move|p2a: Bombirdier|Stone Edge|p1a: Alcremie\n|-damage|p1a: Alcremie|82/263\n|move|p1a: Alcremie|Alluring Voice|p2a: Bombirdier\n|-supereffective|p2a: Bombirdier\n|-damage|p2a: Bombirdier|0 fnt\n|faint|p2a: Bombirdier\n|\n|-heal|p1a: Alcremie|98/263|[from] item: Leftovers\n|upkeep\n|\n|t:|1783542033\n|switch|p2a: Ogerpon|Ogerpon-Hearthflame, L74, F|100/100\n|-activate|p2a: Ogerpon|move: Sticky Web\n|-unboost|p2a: Ogerpon|spe|1\n|-ability|p2a: Ogerpon|Mold Breaker\n|turn|12\n|inactive|Time left: 300 sec this turn | 300 sec total\n|\n|t:|1783542034\n|move|p1a: Alcremie|Psyshock|p2a: Ogerpon\n|-damage|p2a: Ogerpon|63/100\n|move|p2a: Ogerpon|Swords Dance|p2a: Ogerpon\n|-boost|p2a: Ogerpon|atk|2\n|\n|-heal|p1a: Alcremie|114/263|[from] item: Leftovers\n|upkeep\n|turn|13\n|inactive|Time left: 300 sec this turn | 300 sec total\n|\n|t:|1783542036\n|move|p1a: Alcremie|Psyshock|p2a: Ogerpon\n|-damage|p2a: Ogerpon|26/100\n|move|p2a: Ogerpon|Horn Leech|p1a: Alcremie\n|-damage|p1a: Alcremie|0 fnt\n|-heal|p2a: Ogerpon|50/100|[from] drain|[of] p1a: Alcremie\n|faint|p1a: Alcremie\n|\n|upkeep\n|inactive|Time left: 300 sec this turn | 300 sec total | 5 sec grace\n|\n|t:|1783542037\n|switch|p1a: Dugtrio|Dugtrio, L84, M|196/196\n|turn|14\n|inactive|Time left: 300 sec this turn | 300 sec total\n|\n|t:|1783542038\n|move|p1a: Dugtrio|Earthquake|p2a: Ogerpon\n|-damage|p2a: Ogerpon|0 fnt\n|faint|p2a: Ogerpon\n|-damage|p1a: Dugtrio|177/196|[from] item: Life Orb\n|\n|upkeep\n|\n|t:|1783542038\n|switch|p2a: Hoopa|Hoopa, L85|100/100\n|-activate|p2a: Hoopa|move: Sticky Web\n|-unboost|p2a: Hoopa|spe|1\n|turn|15\n|inactive|Time left: 300 sec this turn | 300 sec total\n|\n|t:|1783542039\n|-terastallize|p2a: Hoopa|Fighting\n|move|p1a: Dugtrio|Sucker Punch|p2a: Hoopa\n|-resisted|p2a: Hoopa\n|-damage|p2a: Hoopa|84/100\n|-damage|p1a: Dugtrio|158/196|[from] item: Life Orb\n|move|p2a: Hoopa|Psychic|p1a: Dugtrio\n|-damage|p1a: Dugtrio|0 fnt\n|faint|p1a: Dugtrio\n|\n|upkeep\n|inactive|Time left: 300 sec this turn | 300 sec total | 5 sec grace\n|\n|t:|1783542041\n|switch|p1a: Araquanid|Araquanid, L82, M|151/246\n|turn|16\n|inactive|Time left: 300 sec this turn | 300 sec total\n|\n|t:|1783542041\n|move|p2a: Hoopa|Psychic|p1a: Araquanid\n|-damage|p1a: Araquanid|45/246\n|move|p1a: Araquanid|Leech Life|p2a: Hoopa\n|-resisted|p2a: Hoopa\n|-damage|p2a: Hoopa|68/100\n|-heal|p1a: Araquanid|68/246|[from] drain|[of] p2a: Hoopa\n|\n|upkeep\n|turn|17\n|inactive|Time left: 300 sec this turn | 300 sec total\n|\n|t:|1783542042\n|move|p2a: Hoopa|Psychic|p1a: Araquanid\n|-damage|p1a: Araquanid|0 fnt\n|faint|p1a: Araquanid\n|\n|win|p0y252b928", "uploadtime": 1783542042, "views": 0, "rating": 0, "private": 0, "password": null, "_winner": "p0y252b928", "_our_name": "p0x25259e9"}