{"id": "battle-gen9randombattle-1355", "formatid": "gen9randombattle", "format": "[Gen 9] Random Battle", "players": ["p0x1355ff38", "p0y13557bec"], "log": "|init|battle\n|title|p0x1355ff38 vs. p0y13557bec\n|j|\u2606p0x1355ff38\n|j|\u2606p0y13557bec\n|t:|1783555748\n|gametype|singles\n|player|p1|p0x1355ff38|2|\n|player|p2|p0y13557bec|102|\n|gen|9\n|tier|[Gen 9] Random Battle\n|rule|Species Clause: Limit one of each Pok\u00e9mon\n|rule|HP Percentage Mod: HP is shown in percentages\n|rule|Sleep Clause Mod: Limit one foe put to sleep\n|rule|Illusion Level Mod: Illusion disguises the Pok\u00e9mon's true level\n|\n|t:|1783555748\n|teamsize|p1|6\n|teamsize|p2|6\n|start\n|switch|p1a: Zapdos|Zapdos-Galar, L77|265/265\n|switch|p2a: Primarina|Primarina, L83, M|100/100\n|turn|1\n|inactive|Battle timer is ON: inactive players will automatically lose when time's up. (requested by p0y13557bec)\n|inactive|Time left: 300 sec this turn | 300 sec total | 60 sec grace\n|inactive|p0x1355ff38 also wants the timer to be on.\n|\n|t:|1783555749\n|switch|p1a: Leavanny|Leavanny, L86, M|269/269\n|move|p2a: Primarina|Moonblast|p1a: Leavanny\n|-damage|p1a: Leavanny|82/269\n|-unboost|p1a: Leavanny|spa|1\n|\n|upkeep\n|turn|2\n|inactive|Time left: 300 sec this turn | 300 sec total\n|\n|t:|1783555750\n|move|p1a: Leavanny|Sticky Web|p2a: Primarina\n|-sidestart|p2: p0y13557bec|move: Sticky Web\n|move|p2a: Primarina|Moonblast|p1a: Leavanny\n|-crit|p1a: Leavanny\n|-damage|p1a: Leavanny|0 fnt\n|faint|p1a: Leavanny\n|\n|upkeep\n|inactive|Time left: 300 sec this turn | 300 sec total | 5 sec grace\n|\n|t:|1783555751\n|switch|p1a: Swalot|Swalot, L90, M|326/326\n|turn|3\n|inactive|Time left: 300 sec this turn | 300 sec total\n|\n|t:|1783555752\n|move|p1a: Swalot|Sludge Bomb|p2a: Primarina\n|-supereffective|p2a: Primarina\n|-damage|p2a: Primarina|45/100\n|move|p2a: Primarina|Moonblast|p1a: Swalot\n|-resisted|p1a: Swalot\n|-damage|p1a: Swalot|245/326\n|\n|-heal|p1a: Swalot|265/326|[from] item: Leftovers\n|upkeep\n|turn|4\n|inactive|Time left: 300 sec this turn | 300 sec total\n|\n|t:|1783555753\n|move|p1a: Swalot|Sludge Bomb|p2a: Primarina\n|-supereffective|p2a: Primarina\n|-damage|p2a: Primarina|0 fnt\n|faint|p2a: Primarina\n|\n|-heal|p1a: Swalot|285/326|[from] item: Leftovers\n|upkeep\n|\n|t:|1783555755\n|switch|p2a: Roaring Moon|Roaring Moon, L72|100/100\n|-activate|p2a: Roaring Moon|move: Sticky Web\n|-unboost|p2a: Roaring Moon|spe|1\n|turn|5\n|inactive|Time left: 300 sec this turn | 300 sec total\n|\n|t:|1783555756\n|move|p1a: Swalot|Sludge Bomb|p2a: Roaring Moon\n|-damage|p2a: Roaring Moon|63/100\n|move|p2a: Roaring Moon|Outrage|p1a: Swalot\n|-damage|p1a: Swalot|92/326\n|\n|-heal|p1a: Swalot|112/326|[from] item: Leftovers\n|upkeep\n|turn|6\n|inactive|Time left: 300 sec this turn | 300 sec total\n|\n|t:|1783555757\n|switch|p1a: Scream Tail|Scream Tail, L84|330/330\n|move|p2a: Roaring Moon|Outrage|p1a: Scream Tail|[from] lockedmove\n|-immune|p1a: Scream Tail\n|-start|p2a: Roaring Moon|confusion|[fatigue]\n|\n|upkeep\n|turn|7\n|inactive|Time left: 300 sec this turn | 300 sec total\n|\n|t:|1783555758\n|-end|p2a: Roaring Moon|Protosynthesis|[silent]\n|switch|p2a: Serperior|Serperior, L79, M|100/100\n|-activate|p2a: Serperior|move: Sticky Web\n|-boost|p2a: Serperior|spe|1\n|move|p1a: Scream Tail|Play Rough|p2a: Serperior\n|-damage|p2a: Serperior|70/100\n|\n|upkeep\n|turn|8\n|inactive|Time left: 300 sec this turn | 300 sec total\n|\n|t:|1783555759\n|move|p2a: Serperior|Leaf Storm|p1a: Scream Tail\n|-damage|p1a: Scream Tail|213/330\n|-boost|p2a: Serperior|spa|2\n|-damage|p2a: Serperior|61/100|[from] item: Life Orb\n|move|p1a: Scream Tail|Thunder Wave|p2a: Serperior\n|-status|p2a: Serperior|par\n|\n|-heal|p1a: Scream Tail|233/330|[from] item: Leftovers\n|upkeep\n|turn|9\n|inactive|Time left: 300 sec this turn | 300 sec total\n|\n|t:|1783555760\n|-end|p1a: Scream Tail|Protosynthesis|[silent]\n|switch|p1a: Zapdos|Zapdos-Galar, L77|265/265\n|move|p2a: Serperior|Leaf Storm|p1a: Zapdos\n|-resisted|p1a: Zapdos\n|-damage|p1a: Zapdos|118/265\n|-boost|p2a: Serperior|spa|2\n|-damage|p2a: Serperior|51/100 par|[from] item: Life Orb\n|\n|upkeep\n|turn|10\n|inactive|Time left: 300 sec this turn | 300 sec total\n|\n|t:|1783555761\n|move|p1a: Zapdos|Brave Bird|p2a: Serperior\n|-supereffective|p2a: Serperior\n|-damage|p2a: Serperior|0 fnt\n|faint|p2a: Serperior\n|-damage|p1a: Zapdos|77/265|[from] Recoil\n|-damage|p1a: Zapdos|51/265|[from] item: Life Orb\n|\n|upkeep\n|\n|t:|1783555762\n|switch|p2a: Azumarill|Azumarill, L82, F|100/100\n|-activate|p2a: Azumarill|move: Sticky Web\n|-unboost|p2a: Azumarill|spe|1\n|turn|11\n|inactive|Time left: 300 sec this turn | 300 sec total\n|\n|t:|1783555763\n|move|p1a: Zapdos|Brave Bird|p2a: Azumarill\n|-damage|p2a: Azumarill|36/100\n|-enditem|p2a: Azumarill|Sitrus Berry|[eat]\n|-heal|p2a: Azumarill|61/100|[from] item: Sitrus Berry\n|-damage|p1a: Zapdos|0 fnt|[from] Recoil\n|faint|p1a: Zapdos\n|move|p2a: Azumarill|Belly Drum|p2a: Azumarill\n|-damage|p2a: Azumarill|11/100\n|-setboost|p2a: Azumarill|atk|6|[from] move: Belly Drum\n|\n|upkeep\n|inactive|Time left: 300 sec this turn | 300 sec total | 5 sec grace\n|\n|t:|1783555764\n|switch|p1a: Scream Tail|Scream Tail, L84|233/330\n|turn|12\n|inactive|Time left: 300 sec this turn | 300 sec total\n|\n|t:|1783555765\n|-terastallize|p2a: Azumarill|Water\n|move|p2a: Azumarill|Aqua Jet|p1a: Scream Tail\n|-damage|p1a: Scream Tail|0 fnt\n|faint|p1a: Scream Tail\n|-end|p1a: Scream Tail|Protosynthesis|[silent]\n|\n|upkeep\n|inactive|Time left: 300 sec this turn | 300 sec total | 5 sec grace\n|\n|t:|1783555766\n|switch|p1a: Magmortar|Magmortar, L88, M|275/275\n|turn|13\n|inactive|Time left: 300 sec this turn | 300 sec total\n|\n|t:|1783555767\n|-terastallize|p1a: Magmortar|Water\n|move|p2a: Azumarill|Aqua Jet|p1a: Magmortar\n|-resisted|p1a: Magmortar\n|-crit|p1a: Magmortar\n|-damage|p1a: Magmortar|43/275\n|move|p1a: Magmortar|Thunderbolt|p2a: Azumarill\n|-supereffective|p2a: Azumarill\n|-damage|p2a: Azumarill|0 fnt\n|faint|p2a: Azumarill\n|\n|upkeep\n|\n|t:|1783555768\n|switch|p2a: Gurdurr|Gurdurr, L85, F|100/100\n|-activate|p2a: Gurdurr|move: Sticky Web\n|-unboost|p2a: Gurdurr|spe|1\n|turn|14\n|inactive|Time left: 300 sec this turn | 300 sec total\n|\n|t:|1783555769\n|move|p1a: Magmortar|Fire Blast|p2a: Gurdurr\n|-damage|p2a: Gurdurr|46/100\n|-status|p2a: Gurdurr|brn\n|move|p2a: Gurdurr|Knock Off|p1a: Magmortar\n|-damage|p1a: Magmortar|0 fnt\n|-enditem|p1a: Magmortar|Heavy-Duty Boots|[from] move: Knock Off|[of] p2a: Gurdurr\n|faint|p1a: Magmortar\n|\n|-damage|p2a: Gurdurr|40/100 brn|[from] brn\n|upkeep\n|inactive|Time left: 300 sec this turn | 300 sec total | 5 sec grace\n|\n|t:|1783555770\n|switch|p1a: Swalot|Swalot, L90, M|112/326\n|turn|15\n|inactive|Time left: 300 sec this turn | 300 sec total\n|\n|t:|1783555771\n|move|p1a: Swalot|Sludge Bomb|p2a: Gurdurr\n|-damage|p2a: Gurdurr|7/100 brn\n|move|p2a: Gurdurr|Knock Off|p1a: Swalot\n|-damage|p1a: Swalot|4/326\n|-enditem|p1a: Swalot|Leftovers|[from] move: Knock Off|[of] p2a: Gurdurr\n|\n|-damage|p2a: Gurdurr|1/100 brn|[from] brn\n|upkeep\n|turn|16\n|inactive|Time left: 300 sec this turn | 300 sec total\n|\n|t:|1783555773\n|switch|p2a: Blissey|Blissey, L85, F|100/100\n|-activate|p2a: Blissey|move: Sticky Web\n|-unboost|p2a: Blissey|spe|1\n|move|p1a: Swalot|Sludge Bomb|p2a: Blissey\n|-damage|p2a: Blissey|89/100\n|\n|-heal|p2a: Blissey|96/100|[from] item: Leftovers\n|upkeep\n|turn|17\n|inactive|Time left: 300 sec this turn | 300 sec total\n|\n|t:|1783555774\n|move|p1a: Swalot|Knock Off|p2a: Blissey\n|-crit|p2a: Blissey\n|-damage|p2a: Blissey|46/100\n|-enditem|p2a: Blissey|Leftovers|[from] move: Knock Off|[of] p1a: Swalot\n|move|p2a: Blissey|Seismic Toss|p1a: Swalot\n|-damage|p1a: Swalot|0 fnt\n|faint|p1a: Swalot\n|\n|upkeep\n|inactive|Time left: 300 sec this turn | 300 sec total | 5 sec grace\n|\n|t:|1783555775\n|switch|p1a: Deoxys|Deoxys-Speed, L82|216/216\n|-ability|p1a: Deoxys|Pressure\n|turn|18\n|inactive|Time left: 300 sec this turn | 300 sec total\n|\n|t:|1783555776\n|move|p1a: Deoxys|Nasty Plot|p1a: Deoxys\n|-boost|p1a: Deoxys|spa|2\n|move|p2a: Blissey|Seismic Toss|p1a: Deoxys\n|-damage|p1a: Deoxys|131/216\n|\n|upkeep\n|turn|19\n|inactive|Time left: 300 sec this turn | 300 sec total\n|\n|t:|1783555777\n|move|p1a: Deoxys|Focus Blast|p2a: Blissey\n|-supereffective|p2a: Blissey\n|-damage|p2a: Blissey|0 fnt\n|faint|p2a: Blissey\n|-damage|p1a: Deoxys|110/216|[from] item: Life Orb\n|\n|upkeep\n|\n|t:|1783555778\n|switch|p2a: Gurdurr|Gurdurr, L85, F|1/100 brn\n|-activate|p2a: Gurdurr|move: Sticky Web\n|-unboost|p2a: Gurdurr|spe|1\n|turn|20\n|inactive|Time left: 300 sec this turn | 300 sec total\n|\n|t:|1783555779\n|move|p1a: Deoxys|Dark Pulse|p2a: Gurdurr\n|-resisted|p2a: Gurdurr\n|-damage|p2a: Gurdurr|0 fnt\n|faint|p2a: Gurdurr\n|-damage|p1a: Deoxys|89/216|[from] item: Life Orb\n|\n|upkeep\n|\n|t:|1783555780\n|switch|p2a: Roaring Moon|Roaring Moon, L72|63/100\n|-activate|p2a: Roaring Moon|move: Sticky Web\n|-unboost|p2a: Roaring Moon|spe|1\n|turn|21\n|inactive|Time left: 300 sec this turn | 300 sec total\n|\n|t:|1783555781\n|move|p1a: Deoxys|Focus Blast|p2a: Roaring Moon|[miss]\n|-miss|p1a: Deoxys|p2a: Roaring Moon\n|move|p2a: Roaring Moon|U-turn|p1a: Deoxys\n|-supereffective|p1a: Deoxys\n|-damage|p1a: Deoxys|0 fnt\n|faint|p1a: Deoxys\n|\n|win|p0y13557bec", "uploadtime": 1783555781, "views": 0, "rating": 0, "private": 0, "password": null, "_winner": "p0y13557bec", "_our_name": "p0x1355ff38"}