{"id": "battle-gen9randombattle-5", "formatid": "gen9randombattle", "format": "[Gen 9] Random Battle", "players": ["p0x0051fe6", "p0y0051857"], "log": "|init|battle\n|title|p0x0051fe6 vs. p0y0051857\n|j|\u2606p0x0051fe6\n|j|\u2606p0y0051857\n|t:|1783539479\n|gametype|singles\n|player|p1|p0x0051fe6|1|\n|player|p2|p0y0051857|265|\n|gen|9\n|tier|[Gen 9] Random Battle\n|rule|Species Clause: Limit one of each Pok\u00e9mon\n|rule|HP Percentage Mod: HP is shown in percentages\n|rule|Sleep Clause Mod: Limit one foe put to sleep\n|rule|Illusion Level Mod: Illusion disguises the Pok\u00e9mon's true level\n|\n|t:|1783539479\n|teamsize|p1|6\n|teamsize|p2|6\n|start\n|switch|p1a: Phione|Phione, L91|293/293\n|switch|p2a: Masquerain|Masquerain, L87, M|100/100\n|-ability|p2a: Masquerain|Intimidate|boost\n|-unboost|p1a: Phione|atk|1\n|turn|1\n|inactive|Battle timer is ON: inactive players will automatically lose when time's up. (requested by p0y0051857)\n|inactive|Time left: 300 sec this turn | 300 sec total | 60 sec grace\n|inactive|p0x0051fe6 also wants the timer to be on.\n|\n|t:|1783539480\n|switch|p1a: Typhlosion|Typhlosion-Hisui, L83, F|257/257\n|move|p2a: Masquerain|Sticky Web|p1a: Typhlosion\n|-sidestart|p1: p0x0051fe6|move: Sticky Web\n|\n|upkeep\n|turn|2\n|inactive|Time left: 300 sec this turn | 300 sec total\n|\n|t:|1783539482\n|switch|p2a: Florges|Florges-Yellow, L85, F|100/100\n|move|p1a: Typhlosion|Eruption|p2a: Florges\n|-damage|p2a: Florges|38/100\n|\n|-heal|p2a: Florges|44/100|[from] item: Leftovers\n|upkeep\n|turn|3\n|inactive|Time left: 300 sec this turn | 300 sec total\n|\n|t:|1783539483\n|switch|p2a: Keldeo|Keldeo-Resolute, L79|100/100\n|move|p1a: Typhlosion|Eruption|p2a: Keldeo\n|-resisted|p2a: Keldeo\n|-damage|p2a: Keldeo|52/100\n|\n|upkeep\n|turn|4\n|inactive|Time left: 300 sec this turn | 300 sec total\n|\n|t:|1783539484\n|move|p2a: Keldeo|Hydro Pump|p1a: Typhlosion|[miss]\n|-miss|p2a: Keldeo|p1a: Typhlosion\n|move|p1a: Typhlosion|Eruption|p2a: Keldeo\n|-resisted|p2a: Keldeo\n|-damage|p2a: Keldeo|0 fnt\n|faint|p2a: Keldeo\n|\n|upkeep\n|\n|t:|1783539485\n|switch|p2a: Typhlosion|Typhlosion, L84, F|100/100\n|turn|5\n|inactive|Time left: 300 sec this turn | 300 sec total\n|\n|t:|1783539487\n|move|p2a: Typhlosion|Eruption|p1a: Typhlosion\n|-resisted|p1a: Typhlosion\n|-damage|p1a: Typhlosion|130/257\n|move|p1a: Typhlosion|Eruption|p2a: Typhlosion\n|-resisted|p2a: Typhlosion\n|-damage|p2a: Typhlosion|72/100\n|\n|upkeep\n|turn|6\n|inactive|Time left: 300 sec this turn | 300 sec total\n|\n|t:|1783539488\n|switch|p1a: Phione|Phione, L91|293/293\n|-activate|p1a: Phione|move: Sticky Web\n|-unboost|p1a: Phione|spe|1\n|move|p2a: Typhlosion|Eruption|p1a: Phione\n|-resisted|p1a: Phione\n|-damage|p1a: Phione|207/293\n|\n|-heal|p1a: Phione|225/293|[from] item: Leftovers\n|upkeep\n|turn|7\n|inactive|Time left: 300 sec this turn | 300 sec total\n|\n|t:|1783539490\n|move|p2a: Typhlosion|Eruption|p1a: Phione\n|-resisted|p1a: Phione\n|-damage|p1a: Phione|140/293\n|move|p1a: Phione|Scald|p2a: Typhlosion\n|-supereffective|p2a: Typhlosion\n|-damage|p2a: Typhlosion|3/100\n|\n|-heal|p1a: Phione|158/293|[from] item: Leftovers\n|upkeep\n|turn|8\n|inactive|Time left: 300 sec this turn | 300 sec total\n|\n|t:|1783539491\n|switch|p2a: Florges|Florges-Yellow, L85, F|44/100\n|switch|p1a: Spidops|Spidops, L96, M|271/271\n|\n|-heal|p2a: Florges|50/100|[from] item: Leftovers\n|upkeep\n|turn|9\n|inactive|Time left: 300 sec this turn | 300 sec total\n|\n|t:|1783539492\n|move|p2a: Florges|Calm Mind|p2a: Florges\n|-boost|p2a: Florges|spa|1\n|-boost|p2a: Florges|spd|1\n|move|p1a: Spidops|Sticky Web|p2a: Florges\n|-sidestart|p2: p0y0051857|move: Sticky Web\n|\n|-heal|p2a: Florges|56/100|[from] item: Leftovers\n|upkeep\n|turn|10\n|inactive|Time left: 300 sec this turn | 300 sec total\n|\n|t:|1783539493\n|move|p2a: Florges|Moonblast|p1a: Spidops\n|-damage|p1a: Spidops|114/271\n|move|p1a: Spidops|Circle Throw|p2a: Florges\n|-resisted|p2a: Florges\n|-damage|p2a: Florges|46/100\n|drag|p2a: Basculin|Basculin-Blue-Striped, L86, M|100/100\n|-activate|p2a: Basculin|move: Sticky Web\n|-unboost|p2a: Basculin|spe|1\n|\n|upkeep\n|turn|11\n|inactive|Time left: 300 sec this turn | 300 sec total\n|\n|t:|1783539494\n|switch|p1a: Eiscue|Eiscue, L88, F|274/274\n|-activate|p1a: Eiscue|move: Sticky Web\n|-unboost|p1a: Eiscue|spe|1\n|move|p2a: Basculin|Wave Crash|p1a: Eiscue\n|-activate|p1a: Eiscue|ability: Ice Face\n|-damage|p1a: Eiscue|274/274\n|detailschange|p1a: Eiscue|Eiscue-Noice, L88, F\n|\n|upkeep\n|turn|12\n|inactive|Time left: 300 sec this turn | 300 sec total\n|\n|t:|1783539495\n|switch|p1a: Rotom|Rotom-Mow, L87|229/229\n|move|p2a: Basculin|Wave Crash|p1a: Rotom\n|-resisted|p1a: Rotom\n|-damage|p1a: Rotom|125/229\n|-damage|p2a: Basculin|87/100|[from] Recoil\n|\n|upkeep\n|turn|13\n|inactive|Time left: 300 sec this turn | 300 sec total\n|\n|t:|1783539496\n|switch|p2a: Typhlosion|Typhlosion, L84, F|3/100\n|-activate|p2a: Typhlosion|move: Sticky Web\n|-unboost|p2a: Typhlosion|spe|1\n|move|p1a: Rotom|Thunderbolt|p2a: Typhlosion\n|-damage|p2a: Typhlosion|0 fnt\n|faint|p2a: Typhlosion\n|\n|upkeep\n|\n|t:|1783539496\n|switch|p2a: Florges|Florges-Yellow, L85, F|46/100\n|-activate|p2a: Florges|move: Sticky Web\n|-unboost|p2a: Florges|spe|1\n|turn|14\n|inactive|Time left: 300 sec this turn | 300 sec total\n|\n|t:|1783539497\n|move|p1a: Rotom|Thunderbolt|p2a: Florges\n|-damage|p2a: Florges|21/100\n|move|p2a: Florges|Moonblast|p1a: Rotom\n|-damage|p1a: Rotom|32/229\n|-unboost|p1a: Rotom|spa|1\n|\n|-heal|p2a: Florges|27/100|[from] item: Leftovers\n|upkeep\n|turn|15\n|inactive|Time left: 300 sec this turn | 300 sec total\n|\n|t:|1783539498\n|switch|p1a: Typhlosion|Typhlosion-Hisui, L83, F|130/257\n|-activate|p1a: Typhlosion|move: Sticky Web\n|-unboost|p1a: Typhlosion|spe|1\n|move|p2a: Florges|Calm Mind|p2a: Florges\n|-boost|p2a: Florges|spa|1\n|-boost|p2a: Florges|spd|1\n|\n|-heal|p2a: Florges|33/100|[from] item: Leftovers\n|upkeep\n|turn|16\n|inactive|Time left: 300 sec this turn | 300 sec total\n|\n|t:|1783539499\n|move|p2a: Florges|Protect|p2a: Florges\n|-singleturn|p2a: Florges|Protect\n|move|p1a: Typhlosion|Fire Blast|p2a: Florges\n|-activate|p2a: Florges|move: Protect\n|\n|-heal|p2a: Florges|39/100|[from] item: Leftovers\n|upkeep\n|turn|17\n|inactive|Time left: 300 sec this turn | 300 sec total\n|\n|t:|1783539499\n|move|p1a: Typhlosion|Fire Blast|p2a: Florges|[miss]\n|-miss|p1a: Typhlosion|p2a: Florges\n|move|p2a: Florges|Wish|p2a: Florges\n|\n|-heal|p2a: Florges|45/100|[from] item: Leftovers\n|upkeep\n|turn|18\n|inactive|Time left: 300 sec this turn | 300 sec total\n|\n|t:|1783539500\n|move|p1a: Typhlosion|Fire Blast|p2a: Florges\n|-damage|p2a: Florges|15/100\n|move|p2a: Florges|Moonblast|p1a: Typhlosion\n|-resisted|p1a: Typhlosion\n|-damage|p1a: Typhlosion|41/257\n|\n|-heal|p2a: Florges|65/100|[from] move: Wish|[wisher] Florges\n|-heal|p2a: Florges|71/100|[from] item: Leftovers\n|upkeep\n|turn|19\n|inactive|Time left: 300 sec this turn | 300 sec total\n|\n|t:|1783539501\n|move|p1a: Typhlosion|Fire Blast|p2a: Florges\n|-damage|p2a: Florges|27/100\n|move|p2a: Florges|Moonblast|p1a: Typhlosion\n|-resisted|p1a: Typhlosion\n|-damage|p1a: Typhlosion|0 fnt\n|faint|p1a: Typhlosion\n|\n|-heal|p2a: Florges|33/100|[from] item: Leftovers\n|upkeep\n|inactive|Time left: 300 sec this turn | 300 sec total | 5 sec grace\n|\n|t:|1783539501\n|switch|p1a: Pawmot|Pawmot, L80, M|243/243\n|-activate|p1a: Pawmot|move: Sticky Web\n|-unboost|p1a: Pawmot|spe|1\n|turn|20\n|inactive|Time left: 300 sec this turn | 300 sec total\n|\n|t:|1783539502\n|move|p2a: Florges|Protect|p2a: Florges\n|-singleturn|p2a: Florges|Protect\n|move|p1a: Pawmot|Double Shock|p2a: Florges\n|-activate|p2a: Florges|move: Protect\n|\n|-heal|p2a: Florges|39/100|[from] item: Leftovers\n|upkeep\n|turn|21\n|inactive|Time left: 300 sec this turn | 300 sec total\n|\n|t:|1783539503\n|move|p1a: Pawmot|Double Shock|p2a: Florges\n|-damage|p2a: Florges|0 fnt\n|-start|p1a: Pawmot|typechange|???/Fighting|[from] move: Double Shock\n|faint|p2a: Florges\n|\n|upkeep\n|\n|t:|1783539504\n|switch|p2a: Basculin|Basculin-Blue-Striped, L86, M|87/100\n|-activate|p2a: Basculin|move: Sticky Web\n|-unboost|p2a: Basculin|spe|1\n|turn|22\n|inactive|Time left: 300 sec this turn | 300 sec total\n|\n|t:|1783539505\n|switch|p1a: Phione|Phione, L91|158/293\n|-activate|p1a: Phione|move: Sticky Web\n|-unboost|p1a: Phione|spe|1\n|move|p2a: Basculin|Wave Crash|p1a: Phione\n|-resisted|p1a: Phione\n|-damage|p1a: Phione|28/293\n|-damage|p2a: Basculin|71/100|[from] Recoil\n|\n|-heal|p1a: Phione|46/293|[from] item: Leftovers\n|upkeep\n|turn|23\n|inactive|Time left: 300 sec this turn | 300 sec total\n|\n|t:|1783539506\n|move|p2a: Basculin|Wave Crash|p1a: Phione\n|-resisted|p1a: Phione\n|-crit|p1a: Phione\n|-damage|p1a: Phione|0 fnt\n|faint|p1a: Phione\n|-damage|p2a: Basculin|65/100|[from] Recoil\n|\n|upkeep\n|inactive|Time left: 300 sec this turn | 300 sec total | 5 sec grace\n|\n|t:|1783539507\n|switch|p1a: Rotom|Rotom-Mow, L87|32/229\n|turn|24\n|inactive|Time left: 300 sec this turn | 300 sec total\n|\n|t:|1783539508\n|switch|p2a: Iron Crown|Iron Crown, L78|100/100\n|-activate|p2a: Iron Crown|move: Sticky Web\n|-unboost|p2a: Iron Crown|spe|1\n|move|p1a: Rotom|Thunderbolt|p2a: Iron Crown\n|-damage|p2a: Iron Crown|67/100\n|\n|-heal|p2a: Iron Crown|73/100|[from] item: Leftovers\n|upkeep\n|turn|25\n|inactive|Time left: 300 sec this turn | 300 sec total\n|\n|t:|1783539509\n|move|p1a: Rotom|Thunderbolt|p2a: Iron Crown\n|-crit|p2a: Iron Crown\n|-damage|p2a: Iron Crown|12/100\n|move|p2a: Iron Crown|Psyshock|p1a: Rotom\n|-damage|p1a: Rotom|0 fnt\n|faint|p1a: Rotom\n|\n|-heal|p2a: Iron Crown|18/100|[from] item: Leftovers\n|upkeep\n|inactive|Time left: 300 sec this turn | 300 sec total | 5 sec grace\n|\n|t:|1783539510\n|switch|p1a: Pawmot|Pawmot, L80, M|243/243\n|-activate|p1a: Pawmot|move: Sticky Web\n|-unboost|p1a: Pawmot|spe|1\n|turn|26\n|inactive|Time left: 300 sec this turn | 300 sec total\n|\n|t:|1783539511\n|move|p1a: Pawmot|Double Shock|p2a: Iron Crown\n|-damage|p2a: Iron Crown|0 fnt\n|-start|p1a: Pawmot|typechange|???/Fighting|[from] move: Double Shock\n|faint|p2a: Iron Crown\n|-end|p2a: Iron Crown|Quark Drive|[silent]\n|\n|upkeep\n|\n|t:|1783539513\n|switch|p2a: Basculin|Basculin-Blue-Striped, L86, M|65/100\n|-activate|p2a: Basculin|move: Sticky Web\n|-unboost|p2a: Basculin|spe|1\n|turn|27\n|inactive|Time left: 300 sec this turn | 300 sec total\n|\n|t:|1783539514\n|switch|p1a: Spidops|Spidops, L96, M|114/271\n|move|p2a: Basculin|Wave Crash|p1a: Spidops\n|-damage|p1a: Spidops|0 fnt\n|faint|p1a: Spidops\n|-damage|p2a: Basculin|51/100|[from] Recoil\n|\n|upkeep\n|inactive|Time left: 300 sec this turn | 300 sec total | 5 sec grace\n|\n|t:|1783539515\n|switch|p1a: Eiscue|Eiscue-Noice, L88, F|274/274\n|-activate|p1a: Eiscue|move: Sticky Web\n|-unboost|p1a: Eiscue|spe|1\n|turn|28\n|inactive|Time left: 300 sec this turn | 300 sec total\n|\n|t:|1783539516\n|switch|p2a: Masquerain|Masquerain, L87, M|100/100\n|-ability|p2a: Masquerain|Intimidate|boost\n|-unboost|p1a: Eiscue|atk|1\n|-terastallize|p1a: Eiscue|Water\n|move|p1a: Eiscue|Ice Spinner|p2a: Masquerain\n|-supereffective|p2a: Masquerain\n|-damage|p2a: Masquerain|48/100\n|\n|upkeep\n|turn|29\n|inactive|Time left: 300 sec this turn | 300 sec total\n|\n|t:|1783539517\n|move|p2a: Masquerain|Hurricane|p1a: Eiscue|[miss]\n|-miss|p2a: Masquerain|p1a: Eiscue\n|move|p1a: Eiscue|Ice Spinner|p2a: Masquerain\n|-supereffective|p2a: Masquerain\n|-damage|p2a: Masquerain|0 fnt\n|faint|p2a: Masquerain\n|\n|upkeep\n|\n|t:|1783539518\n|switch|p2a: Basculin|Basculin-Blue-Striped, L86, M|51/100\n|-activate|p2a: Basculin|move: Sticky Web\n|-unboost|p2a: Basculin|spe|1\n|turn|30\n|inactive|Time left: 300 sec this turn | 300 sec total\n|\n|t:|1783539519\n|move|p2a: Basculin|Aqua Jet|p1a: Eiscue\n|-resisted|p1a: Eiscue\n|-damage|p1a: Eiscue|226/274\n|move|p1a: Eiscue|Ice Spinner|p2a: Basculin\n|-resisted|p2a: Basculin\n|-damage|p2a: Basculin|39/100\n|\n|upkeep\n|turn|31\n|inactive|Time left: 300 sec this turn | 300 sec total\n|\n|t:|1783539521\n|-terastallize|p2a: Basculin|Water\n|move|p2a: Basculin|Aqua Jet|p1a: Eiscue\n|-resisted|p1a: Eiscue\n|-damage|p1a: Eiscue|169/274\n|move|p1a: Eiscue|Belly Drum|p1a: Eiscue\n|-damage|p1a: Eiscue|32/274\n|-setboost|p1a: Eiscue|atk|6|[from] move: Belly Drum\n|-enditem|p1a: Eiscue|Sitrus Berry|[eat]\n|-heal|p1a: Eiscue|100/274|[from] item: Sitrus Berry\n|\n|upkeep\n|turn|32\n|inactive|Time left: 300 sec this turn | 300 sec total\n|\n|t:|1783539522\n|move|p2a: Basculin|Aqua Jet|p1a: Eiscue\n|-resisted|p1a: Eiscue\n|-damage|p1a: Eiscue|42/274\n|move|p1a: Eiscue|Liquidation|p2a: Basculin\n|-resisted|p2a: Basculin\n|-damage|p2a: Basculin|0 fnt\n|faint|p2a: Basculin\n|\n|win|p0x0051fe6", "uploadtime": 1783539522, "views": 0, "rating": 0, "private": 0, "password": null, "_winner": "p0x0051fe6", "_our_name": "p0x0051fe6"}