{"id": "battle-gen9randombattle-882", "formatid": "gen9randombattle", "format": "[Gen 9] Random Battle", "players": ["p0x88249e2", "p0y8826d1d"], "log": "|init|battle\n|title|p0x88249e2 vs. p0y8826d1d\n|j|\u2606p0x88249e2\n|j|\u2606p0y8826d1d\n|t:|1783549341\n|gametype|singles\n|player|p1|p0x88249e2|1|\n|player|p2|p0y8826d1d|2|\n|gen|9\n|tier|[Gen 9] Random Battle\n|rule|Species Clause: Limit one of each Pok\u00e9mon\n|rule|HP Percentage Mod: HP is shown in percentages\n|rule|Sleep Clause Mod: Limit one foe put to sleep\n|rule|Illusion Level Mod: Illusion disguises the Pok\u00e9mon's true level\n|\n|t:|1783549341\n|teamsize|p1|6\n|teamsize|p2|6\n|start\n|switch|p1a: Kricketune|Kricketune, L99, M|100/100\n|switch|p2a: Avalugg|Avalugg, L88, M|310/310\n|turn|1\n|inactive|Battle timer is ON: inactive players will automatically lose when time's up. (requested by p0x88249e2)\n|inactive|Time left: 300 sec this turn | 300 sec total | 60 sec grace\n|inactive|p0y8826d1d also wants the timer to be on.\n|\n|t:|1783549343\n|move|p1a: Kricketune|Sticky Web|p2a: Avalugg\n|-sidestart|p2: p0y8826d1d|move: Sticky Web\n|move|p2a: Avalugg|Rapid Spin|p1a: Kricketune\n|-damage|p1a: Kricketune|81/100\n|-boost|p2a: Avalugg|spe|1\n|-sideend|p2: p0y8826d1d|Sticky Web|[from] move: Rapid Spin|[of] p2a: Avalugg\n|\n|upkeep\n|turn|2\n|inactive|Time left: 300 sec this turn | 300 sec total\n|\n|t:|1783549344\n|move|p1a: Kricketune|Sticky Web|p2a: Avalugg\n|-sidestart|p2: p0y8826d1d|move: Sticky Web\n|move|p2a: Avalugg|Avalanche|p1a: Kricketune\n|-damage|p1a: Kricketune|48/100\n|\n|upkeep\n|turn|3\n|inactive|Time left: 300 sec this turn | 300 sec total\n|\n|t:|1783549345\n|switch|p1a: Gholdengo|Gholdengo, L77|100/100\n|move|p2a: Avalugg|Rapid Spin|p1a: Gholdengo\n|-immune|p1a: Gholdengo\n|\n|upkeep\n|turn|4\n|inactive|Time left: 300 sec this turn | 300 sec total\n|\n|t:|1783549347\n|switch|p2a: Ursaluna|Ursaluna, L79, M|335/335\n|-activate|p2a: Ursaluna|move: Sticky Web\n|-unboost|p2a: Ursaluna|spe|1\n|move|p1a: Gholdengo|Make It Rain|p2a: Ursaluna\n|-damage|p2a: Ursaluna|175/335\n|-unboost|p1a: Gholdengo|spa|1\n|\n|-status|p2a: Ursaluna|brn|[from] item: Flame Orb\n|upkeep\n|turn|5\n|inactive|Time left: 300 sec this turn | 300 sec total\n|\n|t:|1783549348\n|move|p1a: Gholdengo|Make It Rain|p2a: Ursaluna\n|-damage|p2a: Ursaluna|67/335 brn\n|-unboost|p1a: Gholdengo|spa|1\n|move|p2a: Ursaluna|Headlong Rush|p1a: Gholdengo\n|-supereffective|p1a: Gholdengo\n|-damage|p1a: Gholdengo|0 fnt\n|-unboost|p2a: Ursaluna|def|1\n|-unboost|p2a: Ursaluna|spd|1\n|faint|p1a: Gholdengo\n|\n|-damage|p2a: Ursaluna|47/335 brn|[from] brn\n|upkeep\n|\n|t:|1783549349\n|switch|p1a: Arboliva|Arboliva, L91, M|100/100\n|turn|6\n|inactive|Time left: 300 sec this turn | 300 sec total\n|\n|t:|1783549350\n|switch|p2a: Bellossom|Bellossom, L84, F|263/263\n|-activate|p2a: Bellossom|move: Sticky Web\n|-unboost|p2a: Bellossom|spe|1\n|move|p1a: Arboliva|Energy Ball|p2a: Bellossom\n|-resisted|p2a: Bellossom\n|-damage|p2a: Bellossom|199/263\n|\n|-heal|p2a: Bellossom|215/263|[from] item: Leftovers\n|upkeep\n|turn|7\n|inactive|Time left: 300 sec this turn | 300 sec total\n|\n|t:|1783549351\n|move|p1a: Arboliva|Energy Ball|p2a: Bellossom\n|-resisted|p2a: Bellossom\n|-damage|p2a: Bellossom|154/263\n|move|p2a: Bellossom|Quiver Dance|p2a: Bellossom\n|-boost|p2a: Bellossom|spa|1\n|-boost|p2a: Bellossom|spd|1\n|-boost|p2a: Bellossom|spe|1\n|\n|-heal|p2a: Bellossom|170/263|[from] item: Leftovers\n|upkeep\n|turn|8\n|inactive|Time left: 300 sec this turn | 300 sec total\n|\n|t:|1783549352\n|move|p2a: Bellossom|Quiver Dance|p2a: Bellossom\n|-boost|p2a: Bellossom|spa|1\n|-boost|p2a: Bellossom|spd|1\n|-boost|p2a: Bellossom|spe|1\n|move|p1a: Arboliva|Hyper Voice|p2a: Bellossom\n|-damage|p2a: Bellossom|104/263\n|\n|-heal|p2a: Bellossom|120/263|[from] item: Leftovers\n|upkeep\n|turn|9\n|inactive|Time left: 300 sec this turn | 300 sec total\n|\n|t:|1783549353\n|move|p2a: Bellossom|Strength Sap|p1a: Arboliva\n|-unboost|p1a: Arboliva|atk|1\n|-heal|p2a: Bellossom|250/263\n|move|p1a: Arboliva|Hyper Voice|p2a: Bellossom\n|-damage|p2a: Bellossom|187/263\n|\n|-heal|p2a: Bellossom|203/263|[from] item: Leftovers\n|upkeep\n|turn|10\n|inactive|Time left: 300 sec this turn | 300 sec total\n|\n|t:|1783549354\n|move|p2a: Bellossom|Quiver Dance|p2a: Bellossom\n|-boost|p2a: Bellossom|spa|1\n|-boost|p2a: Bellossom|spd|1\n|-boost|p2a: Bellossom|spe|1\n|move|p1a: Arboliva|Strength Sap|p2a: Bellossom\n|-unboost|p2a: Bellossom|atk|1\n|\n|-heal|p2a: Bellossom|219/263|[from] item: Leftovers\n|upkeep\n|turn|11\n|inactive|Time left: 300 sec this turn | 300 sec total\n|\n|t:|1783549355\n|move|p2a: Bellossom|Quiver Dance|p2a: Bellossom\n|-boost|p2a: Bellossom|spa|1\n|-boost|p2a: Bellossom|spd|1\n|-boost|p2a: Bellossom|spe|1\n|move|p1a: Arboliva|Strength Sap|p2a: Bellossom\n|-unboost|p2a: Bellossom|atk|1\n|\n|-heal|p2a: Bellossom|235/263|[from] item: Leftovers\n|upkeep\n|turn|12\n|inactive|Time left: 300 sec this turn | 300 sec total\n|\n|t:|1783549356\n|move|p2a: Bellossom|Moonblast|p1a: Arboliva\n|-damage|p1a: Arboliva|53/100\n|-unboost|p1a: Arboliva|spa|1\n|-fieldstart|move: Grassy Terrain|[from] ability: Seed Sower|[of] p1a: Arboliva\n|move|p1a: Arboliva|Strength Sap|p2a: Bellossom\n|-unboost|p2a: Bellossom|atk|1\n|-heal|p1a: Arboliva|76/100\n|\n|-heal|p2a: Bellossom|251/263|[from] Grassy Terrain\n|-heal|p2a: Bellossom|263/263|[from] item: Leftovers\n|-heal|p1a: Arboliva|83/100|[from] Grassy Terrain\n|-heal|p1a: Arboliva|89/100|[from] item: Leftovers\n|upkeep\n|turn|13\n|inactive|Time left: 300 sec this turn | 300 sec total\n|\n|t:|1783549357\n|move|p2a: Bellossom|Moonblast|p1a: Arboliva\n|-damage|p1a: Arboliva|34/100\n|-unboost|p1a: Arboliva|spa|1\n|move|p1a: Arboliva|Strength Sap|p2a: Bellossom\n|-unboost|p2a: Bellossom|atk|1\n|-heal|p1a: Arboliva|53/100\n|\n|-heal|p1a: Arboliva|59/100|[from] Grassy Terrain\n|-heal|p1a: Arboliva|66/100|[from] item: Leftovers\n|upkeep\n|turn|14\n|inactive|Time left: 300 sec this turn | 300 sec total\n|\n|t:|1783549359\n|move|p2a: Bellossom|Moonblast|p1a: Arboliva\n|-damage|p1a: Arboliva|16/100\n|move|p1a: Arboliva|Strength Sap|p2a: Bellossom\n|-unboost|p2a: Bellossom|atk|1\n|-heal|p1a: Arboliva|32/100\n|\n|-heal|p1a: Arboliva|38/100|[from] Grassy Terrain\n|-heal|p1a: Arboliva|44/100|[from] item: Leftovers\n|upkeep\n|turn|15\n|inactive|Time left: 300 sec this turn | 300 sec total\n|\n|t:|1783549360\n|switch|p1a: Iron Boulder|Iron Boulder, L77|100/100\n|move|p2a: Bellossom|Moonblast|p1a: Iron Boulder\n|-damage|p1a: Iron Boulder|39/100\n|\n|-heal|p1a: Iron Boulder|45/100|[from] Grassy Terrain\n|upkeep\n|turn|16\n|inactive|Time left: 300 sec this turn | 300 sec total\n|\n|t:|1783549361\n|-end|p1a: Iron Boulder|Quark Drive|[silent]\n|switch|p1a: Arboliva|Arboliva, L91, M|44/100\n|move|p2a: Bellossom|Moonblast|p1a: Arboliva\n|-damage|p1a: Arboliva|0 fnt\n|faint|p1a: Arboliva\n|\n|-fieldend|move: Grassy Terrain\n|upkeep\n|\n|t:|1783549362\n|switch|p1a: Iron Boulder|Iron Boulder, L77|45/100\n|turn|17\n|inactive|Time left: 300 sec this turn | 300 sec total\n|\n|t:|1783549363\n|move|p2a: Bellossom|Moonblast|p1a: Iron Boulder\n|-damage|p1a: Iron Boulder|0 fnt\n|faint|p1a: Iron Boulder\n|-end|p1a: Iron Boulder|Quark Drive|[silent]\n|\n|upkeep\n|\n|t:|1783549364\n|switch|p1a: Minun|Minun, L95, M|100/100\n|turn|18\n|inactive|Time left: 300 sec this turn | 300 sec total\n|\n|t:|1783549365\n|switch|p1a: Kricketune|Kricketune, L99, M|48/100\n|move|p2a: Bellossom|Moonblast|p1a: Kricketune\n|-damage|p1a: Kricketune|0 fnt\n|faint|p1a: Kricketune\n|\n|upkeep\n|\n|t:|1783549366\n|switch|p1a: Minun|Minun, L95, M|100/100\n|turn|19\n|inactive|Time left: 300 sec this turn | 300 sec total\n|\n|t:|1783549367\n|move|p2a: Bellossom|Giga Drain|p1a: Minun\n|-damage|p1a: Minun|20/100\n|move|p1a: Minun|Nasty Plot|p1a: Minun\n|-boost|p1a: Minun|spa|2\n|\n|upkeep\n|turn|20\n|inactive|Time left: 300 sec this turn | 300 sec total\n|\n|t:|1783549368\n|move|p2a: Bellossom|Moonblast|p1a: Minun\n|-damage|p1a: Minun|0 fnt\n|faint|p1a: Minun\n|\n|upkeep\n|\n|t:|1783549369\n|switch|p1a: Hydreigon|Hydreigon, L79, F|100/100\n|turn|21\n|inactive|Time left: 300 sec this turn | 300 sec total\n|\n|t:|1783549370\n|-terastallize|p2a: Bellossom|Fairy\n|-terastallize|p1a: Hydreigon|Dark\n|move|p2a: Bellossom|Moonblast|p1a: Hydreigon\n|-supereffective|p1a: Hydreigon\n|-damage|p1a: Hydreigon|0 fnt\n|faint|p1a: Hydreigon\n|\n|win|p0y8826d1d", "uploadtime": 1783549370, "views": 0, "rating": 0, "private": 0, "password": null, "_winner": "p0y8826d1d", "_our_name": "p0y8826d1d"}