{"id": "battle-gen9randombattle-326", "formatid": "gen9randombattle", "format": "[Gen 9] Random Battle", "players": ["p0x325aea9", "p0y3255bfa"], "log": "|init|battle\n|title|p0x325aea9 vs. p0y3255bfa\n|j|\u2606p0x325aea9\n|j|\u2606p0y3255bfa\n|t:|1783542854\n|gametype|singles\n|player|p1|p0x325aea9|1|\n|player|p2|p0y3255bfa|265|\n|gen|9\n|tier|[Gen 9] Random Battle\n|rule|Species Clause: Limit one of each Pok\u00e9mon\n|rule|HP Percentage Mod: HP is shown in percentages\n|rule|Sleep Clause Mod: Limit one foe put to sleep\n|rule|Illusion Level Mod: Illusion disguises the Pok\u00e9mon's true level\n|\n|t:|1783542854\n|teamsize|p1|6\n|teamsize|p2|6\n|start\n|switch|p1a: Dewgong|Dewgong, L94, F|322/322\n|switch|p2a: Cyclizar|Cyclizar, L84, M|100/100\n|turn|1\n|inactive|Battle timer is ON: inactive players will automatically lose when time's up. (requested by p0x325aea9)\n|\n|t:|1783542855\n|move|p2a: Cyclizar|Shed Tail|p2a: Cyclizar\n|-start|p2a: Cyclizar|Substitute|[from] move: Shed Tail\n|-damage|p2a: Cyclizar|50/100\n|inactive|p0y3255bfa also wants the timer to be on.\n|\n|t:|1783542856\n|switch|p2a: Sylveon|Sylveon, L85, M|100/100|[from] Shed Tail\n|move|p1a: Dewgong|Ice Beam|p2a: Sylveon\n|-end|p2a: Sylveon|Substitute\n|\n|upkeep\n|turn|2\n|inactive|Time left: 300 sec this turn | 300 sec total\n|\n|t:|1783542857\n|move|p1a: Dewgong|Ice Beam|p2a: Sylveon\n|-damage|p2a: Sylveon|78/100\n|move|p2a: Sylveon|Calm Mind|p2a: Sylveon\n|-boost|p2a: Sylveon|spa|1\n|-boost|p2a: Sylveon|spd|1\n|\n|-heal|p2a: Sylveon|84/100|[from] item: Leftovers\n|upkeep\n|turn|3\n|inactive|Time left: 300 sec this turn | 300 sec total\n|\n|t:|1783542859\n|move|p1a: Dewgong|Ice Beam|p2a: Sylveon\n|-damage|p2a: Sylveon|69/100\n|move|p2a: Sylveon|Hyper Voice|p1a: Dewgong\n|-damage|p1a: Dewgong|216/322\n|\n|-heal|p2a: Sylveon|75/100|[from] item: Leftovers\n|upkeep\n|turn|4\n|inactive|Time left: 300 sec this turn | 300 sec total\n|\n|t:|1783542860\n|move|p1a: Dewgong|Knock Off|p2a: Sylveon\n|-resisted|p2a: Sylveon\n|-damage|p2a: Sylveon|61/100\n|-enditem|p2a: Sylveon|Leftovers|[from] move: Knock Off|[of] p1a: Dewgong\n|move|p2a: Sylveon|Hyper Voice|p1a: Dewgong\n|-damage|p1a: Dewgong|108/322\n|\n|upkeep\n|turn|5\n|inactive|Time left: 300 sec this turn | 300 sec total\n|\n|t:|1783542861\n|move|p1a: Dewgong|Flip Turn|p2a: Sylveon\n|-crit|p2a: Sylveon\n|-damage|p2a: Sylveon|22/100\n|inactive|Time left: 300 sec this turn | 300 sec total | 5 sec grace\n|\n|t:|1783542862\n|switch|p1a: Iron Leaves|Iron Leaves, L80|275/275|[from] Flip Turn\n|move|p2a: Sylveon|Hyper Voice|p1a: Iron Leaves\n|-damage|p1a: Iron Leaves|112/275\n|\n|upkeep\n|turn|6\n|inactive|Time left: 300 sec this turn | 300 sec total\n|\n|t:|1783542863\n|move|p2a: Sylveon|Protect|p2a: Sylveon\n|-singleturn|p2a: Sylveon|Protect\n|move|p1a: Iron Leaves|Leaf Blade|p2a: Sylveon\n|-activate|p2a: Sylveon|move: Protect\n|\n|upkeep\n|turn|7\n|inactive|Time left: 300 sec this turn | 300 sec total\n|\n|t:|1783542864\n|move|p2a: Sylveon|Protect||[still]\n|-fail|p2a: Sylveon\n|move|p1a: Iron Leaves|Leaf Blade|p2a: Sylveon\n|-damage|p2a: Sylveon|0 fnt\n|faint|p2a: Sylveon\n|\n|upkeep\n|\n|t:|1783542865\n|switch|p2a: Frosmoth|Frosmoth, L82, F|100/100\n|turn|8\n|inactive|Time left: 300 sec this turn | 300 sec total\n|\n|t:|1783542867\n|move|p1a: Iron Leaves|Leaf Blade|p2a: Frosmoth\n|-resisted|p2a: Frosmoth\n|-damage|p2a: Frosmoth|55/100\n|move|p2a: Frosmoth|Quiver Dance|p2a: Frosmoth\n|-boost|p2a: Frosmoth|spa|1\n|-boost|p2a: Frosmoth|spd|1\n|-boost|p2a: Frosmoth|spe|1\n|\n|upkeep\n|turn|9\n|inactive|Time left: 300 sec this turn | 300 sec total\n|\n|t:|1783542868\n|move|p2a: Frosmoth|Ice Beam|p1a: Iron Leaves\n|-supereffective|p1a: Iron Leaves\n|-damage|p1a: Iron Leaves|0 fnt\n|faint|p1a: Iron Leaves\n|-end|p1a: Iron Leaves|Quark Drive|[silent]\n|\n|upkeep\n|inactive|Time left: 300 sec this turn | 300 sec total | 5 sec grace\n|\n|t:|1783542869\n|switch|p1a: Coalossal|Coalossal, L89, M|341/341\n|turn|10\n|inactive|Time left: 300 sec this turn | 300 sec total\n|\n|t:|1783542870\n|-terastallize|p2a: Frosmoth|Ground\n|move|p2a: Frosmoth|Tera Blast|p1a: Coalossal|[anim] Tera Blast Ground\n|-supereffective|p1a: Coalossal\n|-damage|p1a: Coalossal|0 fnt\n|faint|p1a: Coalossal\n|\n|upkeep\n|inactive|Time left: 300 sec this turn | 300 sec total | 5 sec grace\n|\n|t:|1783542871\n|switch|p1a: Dewgong|Dewgong, L94, F|108/322\n|turn|11\n|inactive|Time left: 300 sec this turn | 300 sec total\n|\n|t:|1783542873\n|switch|p2a: Oinkologne|Oinkologne-F, L92, F|100/100\n|move|p1a: Dewgong|Flip Turn|p2a: Oinkologne\n|-damage|p2a: Oinkologne|81/100\n|inactive|Time left: 300 sec this turn | 300 sec total | 5 sec grace\n|\n|t:|1783542874\n|switch|p1a: Gholdengo|Gholdengo, L77|261/261|[from] Flip Turn\n|\n|-heal|p2a: Oinkologne|87/100|[from] item: Leftovers\n|upkeep\n|turn|12\n|inactive|Time left: 300 sec this turn | 300 sec total\n|\n|t:|1783542875\n|move|p1a: Gholdengo|Nasty Plot|p1a: Gholdengo\n|-boost|p1a: Gholdengo|spa|2\n|move|p2a: Oinkologne|High Horsepower|p1a: Gholdengo\n|-supereffective|p1a: Gholdengo\n|-damage|p1a: Gholdengo|99/261\n|\n|-heal|p1a: Gholdengo|115/261|[from] item: Leftovers\n|-heal|p2a: Oinkologne|93/100|[from] item: Leftovers\n|upkeep\n|turn|13\n|inactive|Time left: 300 sec this turn | 300 sec total\n|\n|t:|1783542876\n|move|p1a: Gholdengo|Focus Blast|p2a: Oinkologne\n|-supereffective|p2a: Oinkologne\n|-damage|p2a: Oinkologne|10/100\n|move|p2a: Oinkologne|High Horsepower|p1a: Gholdengo\n|-supereffective|p1a: Gholdengo\n|-damage|p1a: Gholdengo|0 fnt\n|faint|p1a: Gholdengo\n|\n|-heal|p2a: Oinkologne|16/100|[from] item: Leftovers\n|upkeep\n|inactive|Time left: 300 sec this turn | 300 sec total | 5 sec grace\n|\n|t:|1783542877\n|switch|p1a: Dewgong|Dewgong, L94, F|108/322\n|turn|14\n|inactive|Time left: 300 sec this turn | 300 sec total\n|\n|t:|1783542878\n|switch|p2a: Palkia|Palkia-Origin, L72|100/100\n|-ability|p2a: Palkia|Pressure\n|move|p1a: Dewgong|Knock Off|p2a: Palkia\n|-damage|p2a: Palkia|81/100\n|\n|upkeep\n|turn|15\n|inactive|Time left: 300 sec this turn | 300 sec total\n|\n|t:|1783542879\n|move|p2a: Palkia|Thunder Wave|p1a: Dewgong\n|-status|p1a: Dewgong|par\n|cant|p1a: Dewgong|par\n|\n|upkeep\n|turn|16\n|inactive|Time left: 300 sec this turn | 300 sec total\n|\n|t:|1783542880\n|move|p2a: Palkia|Fire Blast|p1a: Dewgong\n|-damage|p1a: Dewgong|84/322 par\n|cant|p1a: Dewgong|par\n|\n|upkeep\n|turn|17\n|inactive|Time left: 300 sec this turn | 300 sec total\n|\n|t:|1783542881\n|move|p2a: Palkia|Draco Meteor|p1a: Dewgong\n|-damage|p1a: Dewgong|0 fnt\n|-unboost|p2a: Palkia|spa|2\n|faint|p1a: Dewgong\n|\n|upkeep\n|inactive|Time left: 300 sec this turn | 300 sec total | 5 sec grace\n|\n|t:|1783542882\n|switch|p1a: Palkia|Palkia, L75|259/259\n|-ability|p1a: Palkia|Pressure\n|turn|18\n|inactive|Time left: 300 sec this turn | 300 sec total\n|\n|t:|1783542883\n|switch|p2a: Cryogonal|Cryogonal, L89|100/100\n|move|p1a: Palkia|Spacial Rend|p2a: Cryogonal\n|-damage|p2a: Cryogonal|68/100\n|\n|upkeep\n|turn|19\n|inactive|Time left: 300 sec this turn | 300 sec total\n|\n|t:|1783542885\n|move|p2a: Cryogonal|Freeze-Dry|p1a: Palkia\n|-supereffective|p1a: Palkia\n|-damage|p1a: Palkia|0 fnt\n|faint|p1a: Palkia\n|\n|upkeep\n|inactive|Time left: 300 sec this turn | 300 sec total | 5 sec grace\n|\n|t:|1783542886\n|switch|p1a: Volbeat|Volbeat, L90, M|263/263\n|turn|20\n|inactive|Time left: 300 sec this turn | 300 sec total\n|\n|t:|1783542887\n|move|p2a: Cryogonal|Freeze-Dry|p1a: Volbeat\n|-damage|p1a: Volbeat|184/263\n|move|p1a: Volbeat|Lunge|p2a: Cryogonal\n|-damage|p2a: Cryogonal|28/100\n|-unboost|p2a: Cryogonal|atk|1\n|\n|upkeep\n|turn|21\n|inactive|Time left: 300 sec this turn | 300 sec total\n|\n|t:|1783542888\n|move|p2a: Cryogonal|Recover|p2a: Cryogonal\n|-heal|p2a: Cryogonal|78/100\n|move|p1a: Volbeat|Lunge|p2a: Cryogonal\n|-damage|p2a: Cryogonal|40/100\n|-unboost|p2a: Cryogonal|atk|1\n|\n|upkeep\n|turn|22\n|inactive|Time left: 300 sec this turn | 300 sec total\n|\n|t:|1783542889\n|move|p2a: Cryogonal|Freeze-Dry|p1a: Volbeat\n|-damage|p1a: Volbeat|108/263\n|-status|p1a: Volbeat|frz\n|cant|p1a: Volbeat|frz\n|\n|upkeep\n|turn|23\n|inactive|Time left: 300 sec this turn | 300 sec total\n|\n|t:|1783542890\n|cant|p1a: Volbeat|frz\n|move|p2a: Cryogonal|Freeze-Dry|p1a: Volbeat\n|-damage|p1a: Volbeat|33/263 frz\n|\n|upkeep\n|turn|24\n|inactive|Time left: 300 sec this turn | 300 sec total\n|\n|t:|1783542891\n|-terastallize|p1a: Volbeat|Steel\n|cant|p1a: Volbeat|frz\n|move|p2a: Cryogonal|Freeze-Dry|p1a: Volbeat\n|-resisted|p1a: Volbeat\n|-crit|p1a: Volbeat\n|-damage|p1a: Volbeat|0 fnt\n|faint|p1a: Volbeat\n|\n|win|p0y3255bfa", "uploadtime": 1783542891, "views": 0, "rating": 0, "private": 0, "password": null, "_winner": "p0y3255bfa", "_our_name": "p0x325aea9"}