{"id": "battle-gen9randombattle-2196", "formatid": "gen9randombattle", "format": "[Gen 9] Random Battle", "players": ["p0x21964259", "p0y21963e41"], "log": "|init|battle\n|title|p0x21964259 vs. p0y21963e41\n|j|\u2606p0x21964259\n|j|\u2606p0y21963e41\n|t:|1783564543\n|gametype|singles\n|player|p1|p0x21964259|2|\n|player|p2|p0y21963e41|102|\n|gen|9\n|tier|[Gen 9] Random Battle\n|rule|Species Clause: Limit one of each Pok\u00e9mon\n|rule|HP Percentage Mod: HP is shown in percentages\n|rule|Sleep Clause Mod: Limit one foe put to sleep\n|rule|Illusion Level Mod: Illusion disguises the Pok\u00e9mon's true level\n|\n|t:|1783564543\n|teamsize|p1|6\n|teamsize|p2|6\n|start\n|switch|p1a: Inteleon|Inteleon, L81, M|100/100\n|switch|p2a: Ditto|Ditto, L87|225/225\n|-transform|p2a: Ditto|p1a: Inteleon|[from] ability: Imposter\n|turn|1\n|inactive|Battle timer is ON: inactive players will automatically lose when time's up. (requested by p0x21964259)\n|inactive|Time left: 300 sec this turn | 300 sec total | 60 sec grace\n|inactive|p0y21963e41 also wants the timer to be on.\n|\n|t:|1783564544\n|move|p2a: Ditto|U-turn|p1a: Inteleon\n|-damage|p1a: Inteleon|77/100\n|inactive|Time left: 300 sec this turn | 300 sec total | 65 sec grace\n|\n|t:|1783564545\n|switch|p2a: Mightyena|Mightyena, L96, M|290/290|[from] U-turn\n|-ability|p2a: Mightyena|Intimidate|boost\n|-unboost|p1a: Inteleon|atk|1\n|move|p1a: Inteleon|Scald|p2a: Mightyena\n|-damage|p2a: Mightyena|187/290\n|\n|upkeep\n|turn|2\n|inactive|Time left: 300 sec this turn | 300 sec total\n|\n|t:|1783564546\n|move|p1a: Inteleon|Scald|p2a: Mightyena\n|-damage|p2a: Mightyena|72/290\n|-status|p2a: Mightyena|brn\n|move|p2a: Mightyena|Throat Chop|p1a: Inteleon\n|-damage|p1a: Inteleon|49/100\n|-start|p1a: Inteleon|Throat Chop|[silent]\n|\n|-damage|p2a: Mightyena|54/290 brn|[from] brn\n|upkeep\n|turn|3\n|inactive|Time left: 300 sec this turn | 300 sec total\n|\n|t:|1783564547\n|move|p1a: Inteleon|Scald|p2a: Mightyena\n|-damage|p2a: Mightyena|0 fnt\n|faint|p2a: Mightyena\n|\n|-end|p1a: Inteleon|Throat Chop|[silent]\n|upkeep\n|inactive|Time left: 300 sec this turn | 300 sec total | 5 sec grace\n|\n|t:|1783564548\n|switch|p2a: Scrafty|Scrafty, L83, M|244/244\n|turn|4\n|inactive|Time left: 300 sec this turn | 300 sec total\n|\n|t:|1783564549\n|move|p1a: Inteleon|Scald|p2a: Scrafty\n|-damage|p2a: Scrafty|124/244\n|move|p2a: Scrafty|Knock Off|p1a: Inteleon\n|-damage|p1a: Inteleon|0 fnt\n|-enditem|p1a: Inteleon|Choice Specs|[from] move: Knock Off|[of] p2a: Scrafty\n|faint|p1a: Inteleon\n|\n|-heal|p2a: Scrafty|139/244|[from] item: Leftovers\n|upkeep\n|\n|t:|1783564550\n|switch|p1a: Tornadus|Tornadus, L82, M|100/100\n|turn|5\n|inactive|Time left: 300 sec this turn | 300 sec total\n|\n|t:|1783564551\n|move|p1a: Tornadus|Bleakwind Storm|p2a: Scrafty\n|-supereffective|p2a: Scrafty\n|-damage|p2a: Scrafty|0 fnt\n|faint|p2a: Scrafty\n|\n|upkeep\n|inactive|Time left: 300 sec this turn | 300 sec total | 5 sec grace\n|\n|t:|1783564552\n|switch|p2a: Iron Moth|Iron Moth, L78|253/253\n|turn|6\n|inactive|Time left: 300 sec this turn | 300 sec total\n|\n|t:|1783564553\n|move|p1a: Tornadus|Bleakwind Storm|p2a: Iron Moth\n|-damage|p2a: Iron Moth|138/253\n|-unboost|p2a: Iron Moth|spe|1\n|move|p2a: Iron Moth|Sludge Wave|p1a: Tornadus\n|-damage|p1a: Tornadus|25/100\n|\n|upkeep\n|turn|7\n|inactive|Time left: 300 sec this turn | 300 sec total\n|\n|t:|1783564554\n|move|p1a: Tornadus|Bleakwind Storm|p2a: Iron Moth\n|-damage|p2a: Iron Moth|23/253\n|move|p2a: Iron Moth|Sludge Wave|p1a: Tornadus\n|-damage|p1a: Tornadus|0 fnt\n|faint|p1a: Tornadus\n|\n|upkeep\n|\n|t:|1783564555\n|switch|p1a: Mesprit|Mesprit, L85|100/100\n|turn|8\n|inactive|Time left: 300 sec this turn | 300 sec total\n|\n|t:|1783564556\n|-end|p2a: Iron Moth|Quark Drive|[silent]\n|switch|p2a: Mew|Mew, L82|298/298\n|move|p1a: Mesprit|Knock Off|p2a: Mew\n|-supereffective|p2a: Mew\n|-damage|p2a: Mew|166/298\n|-enditem|p2a: Mew|Life Orb|[from] move: Knock Off|[of] p1a: Mesprit\n|\n|upkeep\n|turn|9\n|inactive|Time left: 300 sec this turn | 300 sec total\n|\n|t:|1783564557\n|move|p2a: Mew|Nasty Plot|p2a: Mew\n|-boost|p2a: Mew|spa|2\n|move|p1a: Mesprit|Knock Off|p2a: Mew\n|-supereffective|p2a: Mew\n|-damage|p2a: Mew|70/298\n|\n|upkeep\n|turn|10\n|inactive|Time left: 300 sec this turn | 300 sec total\n|\n|t:|1783564559\n|move|p2a: Mew|Bug Buzz|p1a: Mesprit\n|-supereffective|p1a: Mesprit\n|-damage|p1a: Mesprit|22/100\n|move|p1a: Mesprit|Knock Off|p2a: Mew\n|-supereffective|p2a: Mew\n|-damage|p2a: Mew|0 fnt\n|faint|p2a: Mew\n|\n|-heal|p1a: Mesprit|28/100|[from] item: Leftovers\n|upkeep\n|inactive|Time left: 300 sec this turn | 300 sec total | 5 sec grace\n|\n|t:|1783564560\n|switch|p2a: Iron Moth|Iron Moth, L78|23/253\n|turn|11\n|inactive|Time left: 300 sec this turn | 300 sec total\n|\n|t:|1783564561\n|switch|p1a: Slowking|Slowking, L88, F|100/100\n|move|p2a: Iron Moth|Fire Blast|p1a: Slowking\n|-resisted|p1a: Slowking\n|-damage|p1a: Slowking|74/100\n|\n|upkeep\n|turn|12\n|inactive|Time left: 300 sec this turn | 300 sec total\n|\n|t:|1783564562\n|move|p2a: Iron Moth|Fire Blast|p1a: Slowking\n|-resisted|p1a: Slowking\n|-damage|p1a: Slowking|48/100\n|move|p1a: Slowking|Scald|p2a: Iron Moth\n|-supereffective|p2a: Iron Moth\n|-damage|p2a: Iron Moth|0 fnt\n|faint|p2a: Iron Moth\n|-end|p2a: Iron Moth|Quark Drive|[silent]\n|\n|upkeep\n|inactive|Time left: 300 sec this turn | 300 sec total | 5 sec grace\n|\n|t:|1783564563\n|switch|p2a: Galvantula|Galvantula, L82, M|249/249\n|turn|13\n|inactive|Time left: 300 sec this turn | 300 sec total\n|\n|t:|1783564564\n|-terastallize|p1a: Slowking|Fairy\n|move|p2a: Galvantula|Thunder|p1a: Slowking\n|-damage|p1a: Slowking|19/100\n|move|p1a: Slowking|Scald|p2a: Galvantula\n|-damage|p2a: Galvantula|119/249\n|\n|upkeep\n|turn|14\n|inactive|Time left: 300 sec this turn | 300 sec total\n|\n|t:|1783564565\n|move|p2a: Galvantula|Thunder|p1a: Slowking\n|-damage|p1a: Slowking|0 fnt\n|faint|p1a: Slowking\n|\n|upkeep\n|\n|t:|1783564566\n|switch|p1a: Lokix|Lokix, L82, F|100/100\n|turn|15\n|inactive|Time left: 300 sec this turn | 300 sec total\n|\n|t:|1783564567\n|switch|p2a: Ditto|Ditto, L87|225/225\n|-transform|p2a: Ditto|p1a: Lokix|[from] ability: Imposter\n|move|p1a: Lokix|First Impression|p2a: Ditto\n|-supereffective|p2a: Ditto\n|-damage|p2a: Ditto|0 fnt\n|faint|p2a: Ditto\n|-damage|p1a: Lokix|91/100|[from] item: Life Orb\n|\n|upkeep\n|inactive|Time left: 300 sec this turn | 300 sec total | 5 sec grace\n|\n|t:|1783564567\n|switch|p2a: Galvantula|Galvantula, L82, M|119/249\n|turn|16\n|inactive|Time left: 300 sec this turn | 300 sec total\n|\n|t:|1783564568\n|move|p1a: Lokix|Sucker Punch||[still]\n|-fail|p1a: Lokix\n|move|p2a: Galvantula|Sticky Web|p1a: Lokix\n|-sidestart|p1: p0x21964259|move: Sticky Web\n|\n|upkeep\n|turn|17\n|inactive|Time left: 300 sec this turn | 300 sec total\n|\n|t:|1783564569\n|move|p1a: Lokix|Sucker Punch|p2a: Galvantula\n|-damage|p2a: Galvantula|0 fnt\n|faint|p2a: Galvantula\n|-damage|p1a: Lokix|81/100|[from] item: Life Orb\n|\n|win|p0x21964259", "uploadtime": 1783564569, "views": 0, "rating": 0, "private": 0, "password": null, "_winner": "p0x21964259", "_our_name": "p0y21963e41"}