{"id": "battle-gen9randombattle-344", "formatid": "gen9randombattle", "format": "[Gen 9] Random Battle", "players": ["p0x344e00c", "p0y344b3cb"], "log": "|init|battle\n|title|p0x344e00c vs. p0y344b3cb\n|j|\u2606p0x344e00c\n|j|\u2606p0y344b3cb\n|t:|1783543117\n|gametype|singles\n|player|p1|p0x344e00c|2|\n|player|p2|p0y344b3cb|170|\n|gen|9\n|tier|[Gen 9] Random Battle\n|rule|Species Clause: Limit one of each Pok\u00e9mon\n|rule|HP Percentage Mod: HP is shown in percentages\n|rule|Sleep Clause Mod: Limit one foe put to sleep\n|rule|Illusion Level Mod: Illusion disguises the Pok\u00e9mon's true level\n|\n|t:|1783543117\n|teamsize|p1|6\n|teamsize|p2|6\n|start\n|switch|p1a: Vespiquen|Vespiquen, L99, F|299/299\n|switch|p2a: Tinkaton|Tinkaton, L82, F|100/100\n|-ability|p2a: Tinkaton|Mold Breaker\n|-ability|p1a: Vespiquen|Pressure\n|turn|1\n|inactive|Battle timer is ON: inactive players will automatically lose when time's up. (requested by p0x344e00c)\n|inactive|p0y344b3cb also wants the timer to be on.\n|\n|t:|1783543119\n|move|p2a: Tinkaton|Swords Dance|p2a: Tinkaton\n|-boost|p2a: Tinkaton|atk|2\n|move|p1a: Vespiquen|Spikes|p2a: Tinkaton\n|-sidestart|p2: p0y344b3cb|Spikes\n|\n|upkeep\n|turn|2\n|inactive|Time left: 300 sec this turn | 300 sec total\n|\n|t:|1783543120\n|switch|p1a: Registeel|Registeel, L81|262/262\n|move|p2a: Tinkaton|Gigaton Hammer|p1a: Registeel\n|-resisted|p1a: Registeel\n|-damage|p1a: Registeel|173/262\n|\n|upkeep\n|turn|3\n|inactive|Time left: 300 sec this turn | 300 sec total\n|\n|t:|1783543120\n|move|p2a: Tinkaton|Play Rough|p1a: Registeel\n|-resisted|p1a: Registeel\n|-damage|p1a: Registeel|119/262\n|move|p1a: Registeel|Iron Defense|p1a: Registeel\n|-boost|p1a: Registeel|def|2\n|\n|upkeep\n|turn|4\n|inactive|Time left: 300 sec this turn | 300 sec total\n|\n|t:|1783543121\n|move|p2a: Tinkaton|Protect|p2a: Tinkaton\n|-singleturn|p2a: Tinkaton|Protect\n|move|p1a: Registeel|Body Press|p2a: Tinkaton\n|-activate|p2a: Tinkaton|move: Protect\n|\n|upkeep\n|turn|5\n|inactive|Time left: 300 sec this turn | 300 sec total\n|\n|t:|1783543122\n|move|p2a: Tinkaton|Swords Dance|p2a: Tinkaton\n|-boost|p2a: Tinkaton|atk|2\n|move|p1a: Registeel|Body Press|p2a: Tinkaton\n|-damage|p2a: Tinkaton|42/100\n|\n|-heal|p2a: Tinkaton|48/100|[from] item: Leftovers\n|upkeep\n|turn|6\n|inactive|Time left: 300 sec this turn | 300 sec total\n|\n|t:|1783543123\n|move|p2a: Tinkaton|Protect|p2a: Tinkaton\n|-singleturn|p2a: Tinkaton|Protect\n|move|p1a: Registeel|Body Press|p2a: Tinkaton\n|-activate|p2a: Tinkaton|move: Protect\n|\n|-heal|p2a: Tinkaton|55/100|[from] item: Leftovers\n|upkeep\n|turn|7\n|inactive|Time left: 300 sec this turn | 300 sec total\n|\n|t:|1783543124\n|move|p2a: Tinkaton|Gigaton Hammer|p1a: Registeel\n|-resisted|p1a: Registeel\n|-damage|p1a: Registeel|56/262\n|move|p1a: Registeel|Body Press|p2a: Tinkaton\n|-damage|p2a: Tinkaton|0 fnt\n|faint|p2a: Tinkaton\n|\n|upkeep\n|\n|t:|1783543125\n|switch|p2a: Galvantula|Galvantula, L82, F|100/100\n|turn|8\n|inactive|Time left: 300 sec this turn | 300 sec total\n|\n|t:|1783543126\n|move|p2a: Galvantula|Sticky Web|p1a: Registeel\n|-sidestart|p1: p0x344e00c|move: Sticky Web\n|move|p1a: Registeel|Rest|p1a: Registeel\n|-status|p1a: Registeel|slp|[from] move: Rest\n|-heal|p1a: Registeel|262/262 slp|[silent]\n|-enditem|p1a: Registeel|Chesto Berry|[eat]\n|-curestatus|p1a: Registeel|slp|[msg]\n|\n|upkeep\n|turn|9\n|inactive|Time left: 300 sec this turn | 300 sec total\n|\n|t:|1783543127\n|move|p2a: Galvantula|Thunder|p1a: Registeel|[miss]\n|-miss|p2a: Galvantula|p1a: Registeel\n|move|p1a: Registeel|Body Press|p2a: Galvantula\n|-resisted|p2a: Galvantula\n|-crit|p2a: Galvantula\n|-damage|p2a: Galvantula|43/100\n|\n|upkeep\n|turn|10\n|inactive|Time left: 300 sec this turn | 300 sec total\n|\n|t:|1783543128\n|move|p2a: Galvantula|Thunder|p1a: Registeel\n|-damage|p1a: Registeel|190/262\n|move|p1a: Registeel|Body Press|p2a: Galvantula\n|-resisted|p2a: Galvantula\n|-damage|p2a: Galvantula|3/100\n|\n|upkeep\n|turn|11\n|inactive|Time left: 300 sec this turn | 300 sec total\n|\n|t:|1783543130\n|move|p2a: Galvantula|Thunder|p1a: Registeel\n|-damage|p1a: Registeel|120/262\n|move|p1a: Registeel|Body Press|p2a: Galvantula\n|-resisted|p2a: Galvantula\n|-damage|p2a: Galvantula|0 fnt\n|faint|p2a: Galvantula\n|\n|upkeep\n|\n|t:|1783543131\n|switch|p2a: Gastrodon|Gastrodon, L86, M|100/100\n|-damage|p2a: Gastrodon|88/100|[from] Spikes\n|turn|12\n|inactive|Time left: 300 sec this turn | 300 sec total\n|\n|t:|1783543132\n|move|p1a: Registeel|Body Press|p2a: Gastrodon\n|-damage|p2a: Gastrodon|31/100\n|move|p2a: Gastrodon|Recover|p2a: Gastrodon\n|-heal|p2a: Gastrodon|81/100\n|\n|-heal|p2a: Gastrodon|87/100|[from] item: Leftovers\n|upkeep\n|turn|13\n|inactive|Time left: 300 sec this turn | 300 sec total\n|\n|t:|1783543133\n|move|p1a: Registeel|Body Press|p2a: Gastrodon\n|-damage|p2a: Gastrodon|38/100\n|move|p2a: Gastrodon|Earthquake|p1a: Registeel\n|-supereffective|p1a: Registeel\n|-damage|p1a: Registeel|52/262\n|\n|-heal|p2a: Gastrodon|44/100|[from] item: Leftovers\n|upkeep\n|turn|14\n|inactive|Time left: 300 sec this turn | 300 sec total\n|\n|t:|1783543134\n|-terastallize|p2a: Gastrodon|Poison\n|move|p1a: Registeel|Body Press|p2a: Gastrodon\n|-resisted|p2a: Gastrodon\n|-damage|p2a: Gastrodon|18/100\n|move|p2a: Gastrodon|Recover|p2a: Gastrodon\n|-heal|p2a: Gastrodon|68/100\n|\n|-heal|p2a: Gastrodon|74/100|[from] item: Leftovers\n|upkeep\n|turn|15\n|inactive|Time left: 300 sec this turn | 300 sec total\n|\n|t:|1783543135\n|move|p1a: Registeel|Iron Head|p2a: Gastrodon\n|-damage|p2a: Gastrodon|52/100\n|move|p2a: Gastrodon|Surf|p1a: Registeel\n|-damage|p1a: Registeel|0 fnt\n|faint|p1a: Registeel\n|\n|-heal|p2a: Gastrodon|58/100|[from] item: Leftovers\n|upkeep\n|inactive|Time left: 300 sec this turn | 300 sec total | 5 sec grace\n|\n|t:|1783543136\n|switch|p1a: Slaking|Slaking, L84, M|389/389\n|-activate|p1a: Slaking|move: Sticky Web\n|-unboost|p1a: Slaking|spe|1\n|turn|16\n|inactive|Time left: 300 sec this turn | 300 sec total\n|\n|t:|1783543138\n|switch|p2a: Slaking|Slaking, L84, M|100/100\n|-damage|p2a: Slaking|88/100|[from] Spikes\n|move|p1a: Slaking|Giga Impact|p2a: Slaking|[miss]\n|-miss|p1a: Slaking|p2a: Slaking\n|\n|upkeep\n|turn|17\n|inactive|Time left: 300 sec this turn | 300 sec total\n|\n|t:|1783543139\n|cant|p1a: Slaking|ability: Truant\n|move|p2a: Slaking|Giga Impact|p1a: Slaking\n|-damage|p1a: Slaking|94/389\n|-mustrecharge|p2a: Slaking\n|\n|upkeep\n|turn|18\n|inactive|Time left: 300 sec this turn | 300 sec total\n|\n|t:|1783543140\n|move|p1a: Slaking|Giga Impact|p2a: Slaking\n|-damage|p2a: Slaking|35/100\n|-mustrecharge|p1a: Slaking\n|cant|p2a: Slaking|recharge\n|\n|upkeep\n|turn|19\n|inactive|Time left: 300 sec this turn | 300 sec total\n|\n|t:|1783543141\n|cant|p1a: Slaking|recharge\n|move|p2a: Slaking|Giga Impact|p1a: Slaking\n|-damage|p1a: Slaking|0 fnt\n|-mustrecharge|p2a: Slaking\n|faint|p1a: Slaking\n|\n|upkeep\n|inactive|Time left: 300 sec this turn | 300 sec total | 5 sec grace\n|\n|t:|1783543142\n|switch|p1a: Vespiquen|Vespiquen, L99, F|299/299\n|-ability|p1a: Vespiquen|Pressure\n|turn|20\n|inactive|Time left: 300 sec this turn | 300 sec total\n|\n|t:|1783543143\n|cant|p2a: Slaking|recharge\n|move|p1a: Vespiquen|Hurricane|p2a: Slaking\n|-damage|p2a: Slaking|0 fnt\n|faint|p2a: Slaking\n|\n|upkeep\n|\n|t:|1783543144\n|switch|p2a: Sandslash|Sandslash-Alola, L88, F|100/100\n|-damage|p2a: Sandslash|88/100|[from] Spikes\n|turn|21\n|inactive|Time left: 300 sec this turn | 300 sec total\n|\n|t:|1783543145\n|move|p2a: Sandslash|Triple Axel|p1a: Vespiquen\n|-supereffective|p1a: Vespiquen\n|-damage|p1a: Vespiquen|261/299\n|-supereffective|p1a: Vespiquen\n|-damage|p1a: Vespiquen|183/299\n|-supereffective|p1a: Vespiquen\n|-damage|p1a: Vespiquen|63/299\n|-hitcount|p1a: Vespiquen|3\n|move|p1a: Vespiquen|Hurricane|p2a: Sandslash\n|-resisted|p2a: Sandslash\n|-damage|p2a: Sandslash|57/100\n|\n|-heal|p2a: Sandslash|63/100|[from] item: Leftovers\n|upkeep\n|turn|22\n|inactive|Time left: 300 sec this turn | 300 sec total\n|\n|t:|1783543146\n|move|p2a: Sandslash|Triple Axel|p1a: Vespiquen\n|-supereffective|p1a: Vespiquen\n|-damage|p1a: Vespiquen|25/299\n|-supereffective|p1a: Vespiquen\n|-damage|p1a: Vespiquen|0 fnt\n|faint|p1a: Vespiquen\n|-hitcount|p1: Vespiquen|2\n|\n|-heal|p2a: Sandslash|69/100|[from] item: Leftovers\n|upkeep\n|inactive|Time left: 300 sec this turn | 300 sec total | 5 sec grace\n|\n|t:|1783543147\n|switch|p1a: Chimecho|Chimecho, L93, M|290/290\n|turn|23\n|inactive|Time left: 300 sec this turn | 300 sec total\n|\n|t:|1783543148\n|move|p1a: Chimecho|Cosmic Power|p1a: Chimecho\n|-boost|p1a: Chimecho|def|1\n|-boost|p1a: Chimecho|spd|1\n|move|p2a: Sandslash|Rapid Spin|p1a: Chimecho\n|-damage|p1a: Chimecho|266/290\n|-boost|p2a: Sandslash|spe|1\n|-sideend|p2: p0y344b3cb|Spikes|[from] move: Rapid Spin|[of] p2a: Sandslash\n|\n|-heal|p2a: Sandslash|75/100|[from] item: Leftovers\n|-heal|p1a: Chimecho|284/290|[from] item: Leftovers\n|upkeep\n|turn|24\n|inactive|Time left: 300 sec this turn | 300 sec total\n|\n|t:|1783543149\n|move|p2a: Sandslash|Rapid Spin|p1a: Chimecho\n|-damage|p1a: Chimecho|260/290\n|-boost|p2a: Sandslash|spe|1\n|move|p1a: Chimecho|Cosmic Power|p1a: Chimecho\n|-boost|p1a: Chimecho|def|1\n|-boost|p1a: Chimecho|spd|1\n|\n|-heal|p2a: Sandslash|82/100|[from] item: Leftovers\n|-heal|p1a: Chimecho|278/290|[from] item: Leftovers\n|upkeep\n|turn|25\n|inactive|Time left: 300 sec this turn | 300 sec total\n|\n|t:|1783543151\n|move|p2a: Sandslash|Iron Head|p1a: Chimecho\n|-crit|p1a: Chimecho\n|-damage|p1a: Chimecho|139/290\n|move|p1a: Chimecho|Cosmic Power|p1a: Chimecho\n|-boost|p1a: Chimecho|def|1\n|-boost|p1a: Chimecho|spd|1\n|\n|-heal|p2a: Sandslash|88/100|[from] item: Leftovers\n|-heal|p1a: Chimecho|157/290|[from] item: Leftovers\n|upkeep\n|turn|26\n|inactive|Time left: 300 sec this turn | 300 sec total\n|\n|t:|1783543152\n|move|p2a: Sandslash|Triple Axel|p1a: Chimecho\n|-damage|p1a: Chimecho|147/290\n|-damage|p1a: Chimecho|128/290\n|-damage|p1a: Chimecho|101/290\n|-hitcount|p1a: Chimecho|3\n|move|p1a: Chimecho|Stored Power|p2a: Sandslash\n|-resisted|p2a: Sandslash\n|-damage|p2a: Sandslash|50/100\n|\n|-heal|p2a: Sandslash|56/100|[from] item: Leftovers\n|-heal|p1a: Chimecho|119/290|[from] item: Leftovers\n|upkeep\n|turn|27\n|inactive|Time left: 300 sec this turn | 300 sec total\n|\n|t:|1783543153\n|move|p2a: Sandslash|Iron Head|p1a: Chimecho\n|-damage|p1a: Chimecho|83/290\n|move|p1a: Chimecho|Stored Power|p2a: Sandslash\n|-resisted|p2a: Sandslash\n|-crit|p2a: Sandslash\n|-damage|p2a: Sandslash|0 fnt\n|faint|p2a: Sandslash\n|\n|-heal|p1a: Chimecho|101/290|[from] item: Leftovers\n|upkeep\n|\n|t:|1783543154\n|switch|p2a: Electivire|Electivire, L84, M|100/100\n|turn|28\n|inactive|Time left: 300 sec this turn | 300 sec total\n|\n|t:|1783543155\n|move|p2a: Electivire|Supercell Slam|p1a: Chimecho\n|-damage|p1a: Chimecho|41/290\n|-damage|p2a: Electivire|91/100|[from] item: Life Orb\n|move|p1a: Chimecho|Recover|p1a: Chimecho\n|-heal|p1a: Chimecho|186/290\n|\n|-heal|p1a: Chimecho|204/290|[from] item: Leftovers\n|upkeep\n|turn|29\n|inactive|Time left: 300 sec this turn | 300 sec total\n|\n|t:|1783543156\n|move|p2a: Electivire|Supercell Slam|p1a: Chimecho\n|-damage|p1a: Chimecho|134/290\n|-damage|p2a: Electivire|81/100|[from] item: Life Orb\n|move|p1a: Chimecho|Stored Power|p2a: Electivire\n|-damage|p2a: Electivire|5/100\n|\n|-heal|p1a: Chimecho|152/290|[from] item: Leftovers\n|upkeep\n|turn|30\n|inactive|Time left: 300 sec this turn | 300 sec total\n|\n|t:|1783543157\n|move|p2a: Electivire|Ice Punch|p1a: Chimecho\n|-damage|p1a: Chimecho|118/290\n|-damage|p2a: Electivire|0 fnt|[from] item: Life Orb\n|faint|p2a: Electivire\n|move|p1a: Chimecho|Stored Power|p2: Electivire|[notarget]\n|-fail|p1a: Chimecho\n|\n|-heal|p1a: Chimecho|136/290|[from] item: Leftovers\n|upkeep\n|\n|t:|1783543158\n|switch|p2a: Gastrodon|Gastrodon, L86, M, tera:Poison|58/100\n|turn|31\n|inactive|Time left: 300 sec this turn | 300 sec total\n|\n|t:|1783543159\n|move|p1a: Chimecho|Stored Power|p2a: Gastrodon\n|-supereffective|p2a: Gastrodon\n|-damage|p2a: Gastrodon|0 fnt\n|faint|p2a: Gastrodon\n|\n|win|p0x344e00c", "uploadtime": 1783543159, "views": 0, "rating": 0, "private": 0, "password": null, "_winner": "p0x344e00c", "_our_name": "p0x344e00c"}