{"id": "battle-gen9randombattle-1965", "formatid": "gen9randombattle", "format": "[Gen 9] Random Battle", "players": ["p0x19656601", "p0y1965fb13"], "log": "|init|battle\n|title|p0x19656601 vs. p0y1965fb13\n|j|\u2606p0x19656601\n|j|\u2606p0y1965fb13\n|t:|1783562030\n|gametype|singles\n|player|p1|p0x19656601|266|\n|player|p2|p0y1965fb13|102|\n|gen|9\n|tier|[Gen 9] Random Battle\n|rule|Species Clause: Limit one of each Pok\u00e9mon\n|rule|HP Percentage Mod: HP is shown in percentages\n|rule|Sleep Clause Mod: Limit one foe put to sleep\n|rule|Illusion Level Mod: Illusion disguises the Pok\u00e9mon's true level\n|\n|t:|1783562030\n|teamsize|p1|6\n|teamsize|p2|6\n|start\n|switch|p1a: Slaking|Slaking, L84, M|389/389\n|switch|p2a: Ninetales|Ninetales, L85, F|100/100\n|-weather|SunnyDay|[from] ability: Drought|[of] p2a: Ninetales\n|turn|1\n|inactive|Battle timer is ON: inactive players will automatically lose when time's up. (requested by p0x19656601)\n|inactive|p0y1965fb13 also wants the timer to be on.\n|\n|t:|1783562031\n|switch|p2a: Salamence|Salamence, L77, F|100/100\n|-ability|p2a: Salamence|Intimidate|boost\n|-unboost|p1a: Slaking|atk|1\n|move|p1a: Slaking|Giga Impact|p2a: Salamence\n|-damage|p2a: Salamence|0 fnt\n|-mustrecharge|p1a: Slaking\n|faint|p2a: Salamence\n|\n|-weather|SunnyDay|[upkeep]\n|upkeep\n|\n|t:|1783562032\n|switch|p2a: Wigglytuff|Wigglytuff, L96, M|100/100\n|turn|2\n|inactive|Time left: 300 sec this turn | 300 sec total\n|\n|t:|1783562033\n|cant|p1a: Slaking|recharge\n|move|p2a: Wigglytuff|Fire Blast|p1a: Slaking\n|-damage|p1a: Slaking|213/389\n|\n|-weather|SunnyDay|[upkeep]\n|upkeep\n|turn|3\n|inactive|Time left: 300 sec this turn | 300 sec total\n|\n|t:|1783562034\n|move|p1a: Slaking|Giga Impact|p2a: Wigglytuff\n|-damage|p2a: Wigglytuff|21/100\n|-mustrecharge|p1a: Slaking\n|move|p2a: Wigglytuff|Fire Blast|p1a: Slaking\n|-damage|p1a: Slaking|37/389\n|\n|-weather|SunnyDay|[upkeep]\n|-heal|p2a: Wigglytuff|27/100|[from] item: Leftovers\n|upkeep\n|turn|4\n|inactive|Time left: 300 sec this turn | 300 sec total\n|\n|t:|1783562035\n|cant|p1a: Slaking|recharge\n|move|p2a: Wigglytuff|Dazzling Gleam|p1a: Slaking\n|-damage|p1a: Slaking|0 fnt\n|faint|p1a: Slaking\n|\n|-weather|SunnyDay|[upkeep]\n|-heal|p2a: Wigglytuff|33/100|[from] item: Leftovers\n|upkeep\n|inactive|Time left: 300 sec this turn | 300 sec total | 5 sec grace\n|\n|t:|1783562035\n|switch|p1a: Mudsdale|Mudsdale, L83, M|302/302\n|turn|5\n|inactive|Time left: 300 sec this turn | 300 sec total\n|\n|t:|1783562036\n|move|p2a: Wigglytuff|Fire Blast|p1a: Mudsdale\n|-damage|p1a: Mudsdale|164/302\n|-ability|p1a: Mudsdale|Stamina|boost\n|-boost|p1a: Mudsdale|def|1\n|move|p1a: Mudsdale|Earthquake|p2a: Wigglytuff\n|-damage|p2a: Wigglytuff|0 fnt\n|faint|p2a: Wigglytuff\n|\n|-weather|none\n|-heal|p1a: Mudsdale|182/302|[from] item: Leftovers\n|upkeep\n|\n|t:|1783562037\n|switch|p2a: Ninetales|Ninetales, L85, F|100/100\n|-weather|SunnyDay|[from] ability: Drought|[of] p2a: Ninetales\n|turn|6\n|inactive|Time left: 300 sec this turn | 300 sec total\n|\n|t:|1783562038\n|-terastallize|p2a: Ninetales|Grass\n|move|p2a: Ninetales|Solar Beam||[still]\n|-prepare|p2a: Ninetales|Solar Beam\n|-anim|p2a: Ninetales|Solar Beam|p1a: Mudsdale\n|-supereffective|p1a: Mudsdale\n|-damage|p1a: Mudsdale|0 fnt\n|faint|p1a: Mudsdale\n|\n|-weather|SunnyDay|[upkeep]\n|upkeep\n|inactive|Time left: 300 sec this turn | 300 sec total | 5 sec grace\n|\n|t:|1783562039\n|switch|p1a: Toxicroak|Toxicroak, L84, F|277/277\n|turn|7\n|inactive|Time left: 300 sec this turn | 300 sec total\n|\n|t:|1783562040\n|move|p1a: Toxicroak|Gunk Shot|p2a: Ninetales|[miss]\n|-miss|p1a: Toxicroak|p2a: Ninetales\n|move|p2a: Ninetales|Fire Blast|p1a: Toxicroak\n|-damage|p1a: Toxicroak|12/277\n|\n|-weather|SunnyDay|[upkeep]\n|-damage|p1a: Toxicroak|0 fnt|[from] ability: Dry Skin|[of] p1a: Toxicroak\n|faint|p1a: Toxicroak\n|upkeep\n|inactive|Time left: 300 sec this turn | 300 sec total | 5 sec grace\n|\n|t:|1783562041\n|switch|p1a: Overqwil|Overqwil, L82, M|274/274\n|-ability|p1a: Overqwil|Intimidate|boost\n|-unboost|p2a: Ninetales|atk|1\n|turn|8\n|inactive|Time left: 300 sec this turn | 300 sec total\n|\n|t:|1783562042\n|move|p2a: Ninetales|Fire Blast|p1a: Overqwil\n|-damage|p1a: Overqwil|70/274\n|move|p1a: Overqwil|Gunk Shot|p2a: Ninetales\n|-supereffective|p2a: Ninetales\n|-damage|p2a: Ninetales|0 fnt\n|faint|p2a: Ninetales\n|\n|-weather|SunnyDay|[upkeep]\n|upkeep\n|\n|t:|1783562043\n|switch|p2a: Girafarig|Girafarig, L89, F|100/100\n|turn|9\n|inactive|Time left: 300 sec this turn | 300 sec total\n|\n|t:|1783562043\n|switch|p1a: Greedent|Greedent, L86, M|347/347\n|move|p2a: Girafarig|Dazzling Gleam|p1a: Greedent\n|-damage|p1a: Greedent|283/347\n|\n|-weather|SunnyDay|[upkeep]\n|upkeep\n|turn|10\n|inactive|Time left: 300 sec this turn | 300 sec total\n|\n|t:|1783562044\n|move|p2a: Girafarig|Nasty Plot|p2a: Girafarig\n|-boost|p2a: Girafarig|spa|2\n|move|p1a: Greedent|Swords Dance|p1a: Greedent\n|-boost|p1a: Greedent|atk|2\n|\n|-weather|none\n|upkeep\n|turn|11\n|inactive|Time left: 300 sec this turn | 300 sec total\n|\n|t:|1783562045\n|move|p2a: Girafarig|Psyshock|p1a: Greedent\n|-damage|p1a: Greedent|108/347\n|-enditem|p1a: Greedent|Sitrus Berry|[eat]\n|-heal|p1a: Greedent|194/347|[from] item: Sitrus Berry\n|-heal|p1a: Greedent|309/347|[from] ability: Cheek Pouch\n|move|p1a: Greedent|Knock Off|p2a: Girafarig\n|-supereffective|p2a: Girafarig\n|-damage|p2a: Girafarig|13/100\n|-enditem|p2a: Girafarig|Eviolite|[from] move: Knock Off|[of] p1a: Greedent\n|\n|upkeep\n|turn|12\n|inactive|Time left: 300 sec this turn | 300 sec total\n|\n|t:|1783562047\n|move|p2a: Girafarig|Psyshock|p1a: Greedent\n|-damage|p1a: Greedent|146/347\n|move|p1a: Greedent|Earthquake|p2a: Girafarig\n|-damage|p2a: Girafarig|0 fnt\n|faint|p2a: Girafarig\n|\n|upkeep\n|\n|t:|1783562048\n|switch|p2a: Florges|Florges-White, L85, F|100/100\n|turn|13\n|inactive|Time left: 300 sec this turn | 300 sec total\n|\n|t:|1783562049\n|move|p2a: Florges|Moonblast|p1a: Greedent\n|-damage|p1a: Greedent|28/347\n|-unboost|p1a: Greedent|spa|1\n|move|p1a: Greedent|Body Slam|p2a: Florges\n|-damage|p2a: Florges|19/100\n|\n|-heal|p2a: Florges|24/100|[from] item: Leftovers\n|upkeep\n|turn|14\n|inactive|Time left: 300 sec this turn | 300 sec total\n|\n|t:|1783562050\n|move|p2a: Florges|Moonblast|p1a: Greedent\n|-damage|p1a: Greedent|0 fnt\n|faint|p1a: Greedent\n|\n|-heal|p2a: Florges|30/100|[from] item: Leftovers\n|upkeep\n|inactive|Time left: 300 sec this turn | 300 sec total | 5 sec grace\n|\n|t:|1783562051\n|switch|p1a: Zamazenta|Zamazenta, L71|248/248\n|-ability|p1a: Zamazenta|Dauntless Shield|boost\n|-boost|p1a: Zamazenta|def|1\n|turn|15\n|inactive|Time left: 300 sec this turn | 300 sec total\n|\n|t:|1783562052\n|switch|p2a: Talonflame|Talonflame, L83, M|100/100\n|move|p1a: Zamazenta|Iron Head|p2a: Talonflame\n|-resisted|p2a: Talonflame\n|-damage|p2a: Talonflame|89/100\n|-status|p1a: Zamazenta|brn|[from] ability: Flame Body|[of] p2a: Talonflame\n|\n|-damage|p1a: Zamazenta|233/248 brn|[from] brn\n|upkeep\n|turn|16\n|inactive|Time left: 300 sec this turn | 300 sec total\n|\n|t:|1783562053\n|move|p2a: Talonflame|Brave Bird|p1a: Zamazenta\n|-supereffective|p1a: Zamazenta\n|-damage|p1a: Zamazenta|83/248 brn\n|-damage|p2a: Talonflame|70/100|[from] Recoil\n|move|p1a: Zamazenta|Stone Edge|p2a: Talonflame\n|-supereffective|p2a: Talonflame\n|-damage|p2a: Talonflame|13/100\n|\n|-heal|p1a: Zamazenta|98/248 brn|[from] item: Leftovers\n|-damage|p1a: Zamazenta|83/248 brn|[from] brn\n|upkeep\n|turn|17\n|inactive|Time left: 300 sec this turn | 300 sec total\n|\n|t:|1783562054\n|switch|p1a: Overqwil|Overqwil, L82, M|70/274\n|-ability|p1a: Overqwil|Intimidate|boost\n|-unboost|p2a: Talonflame|atk|1\n|move|p2a: Talonflame|Roost|p2a: Talonflame\n|-heal|p2a: Talonflame|64/100\n|-singleturn|p2a: Talonflame|move: Roost\n|\n|upkeep\n|turn|18\n|inactive|Time left: 300 sec this turn | 300 sec total\n|\n|t:|1783562055\n|move|p2a: Talonflame|Brave Bird|p1a: Overqwil\n|-damage|p1a: Overqwil|0 fnt\n|faint|p1a: Overqwil\n|-damage|p2a: Talonflame|55/100|[from] Recoil\n|\n|upkeep\n|inactive|Time left: 300 sec this turn | 300 sec total | 5 sec grace\n|\n|t:|1783562056\n|switch|p1a: Zamazenta|Zamazenta, L71|83/248 brn\n|turn|19\n|inactive|Time left: 300 sec this turn | 300 sec total\n|\n|t:|1783562057\n|-terastallize|p1a: Zamazenta|Steel\n|move|p2a: Talonflame|Overheat|p1a: Zamazenta\n|-supereffective|p1a: Zamazenta\n|-damage|p1a: Zamazenta|0 fnt\n|-unboost|p2a: Talonflame|spa|2\n|faint|p1a: Zamazenta\n|\n|win|p0y1965fb13", "uploadtime": 1783562057, "views": 0, "rating": 0, "private": 0, "password": null, "_winner": "p0y1965fb13", "_our_name": "p0x19656601"}