{"id": "battle-gen9randombattle-2070", "formatid": "gen9randombattle", "format": "[Gen 9] Random Battle", "players": ["p0x2070bc21", "p0y207016dd"], "log": "|init|battle\n|title|p0x2070bc21 vs. p0y207016dd\n|j|\u2606p0x2070bc21\n|j|\u2606p0y207016dd\n|t:|1783563989\n|gametype|singles\n|player|p1|p0x2070bc21|2|\n|player|p2|p0y207016dd|102|\n|gen|9\n|tier|[Gen 9] Random Battle\n|rule|Species Clause: Limit one of each Pok\u00e9mon\n|rule|HP Percentage Mod: HP is shown in percentages\n|rule|Sleep Clause Mod: Limit one foe put to sleep\n|rule|Illusion Level Mod: Illusion disguises the Pok\u00e9mon's true level\n|\n|t:|1783563989\n|teamsize|p1|6\n|teamsize|p2|6\n|start\n|switch|p1a: Toxapex|Toxapex, L82, M|100/100\n|switch|p2a: Kleavor|Kleavor, L78, M|237/237\n|turn|1\n|inactive|Battle timer is ON: inactive players will automatically lose when time's up. (requested by p0x2070bc21)\n|inactive|Time left: 300 sec this turn | 300 sec total | 60 sec grace\n|inactive|p0y207016dd also wants the timer to be on.\n|\n|t:|1783563991\n|move|p2a: Kleavor|Stone Axe|p1a: Toxapex\n|-damage|p1a: Toxapex|65/100\n|-damage|p2a: Kleavor|198/237|[from] item: Rocky Helmet|[of] p1a: Toxapex\n|-sidestart|p1: p0x2070bc21|move: Stealth Rock\n|move|p1a: Toxapex|Liquidation|p2a: Kleavor\n|-supereffective|p2a: Kleavor\n|-damage|p2a: Kleavor|70/237\n|-unboost|p2a: Kleavor|def|1\n|\n|upkeep\n|turn|2\n|inactive|Time left: 300 sec this turn | 300 sec total\n|\n|t:|1783563992\n|switch|p2a: Staraptor|Staraptor, L79, M|263/263\n|move|p1a: Toxapex|Recover|p1a: Toxapex\n|-heal|p1a: Toxapex|100/100\n|\n|upkeep\n|turn|3\n|inactive|Time left: 300 sec this turn | 300 sec total\n|\n|t:|1783563994\n|move|p2a: Staraptor|Brave Bird|p1a: Toxapex\n|-damage|p1a: Toxapex|22/100\n|-damage|p2a: Staraptor|220/263|[from] item: Rocky Helmet|[of] p1a: Toxapex\n|-damage|p2a: Staraptor|164/263|[from] Recoil\n|move|p1a: Toxapex|Liquidation|p2a: Staraptor\n|-crit|p2a: Staraptor\n|-damage|p2a: Staraptor|41/263\n|\n|upkeep\n|turn|4\n|inactive|Time left: 300 sec this turn | 300 sec total\n|\n|t:|1783563995\n|move|p2a: Staraptor|Brave Bird|p1a: Toxapex\n|-damage|p1a: Toxapex|0 fnt\n|-damage|p2a: Staraptor|0 fnt|[from] item: Rocky Helmet|[of] p1a: Toxapex\n|faint|p1a: Toxapex\n|faint|p2a: Staraptor\n|\n|upkeep\n|inactive|Time left: 300 sec this turn | 300 sec total | 5 sec grace\n|\n|t:|1783563996\n|switch|p2a: Bellossom|Bellossom, L84, M|263/263\n|switch|p1a: Necrozma|Necrozma-Dawn-Wings, L76|100/100\n|-damage|p1a: Necrozma|88/100|[from] Stealth Rock\n|turn|5\n|inactive|Time left: 300 sec this turn | 300 sec total\n|\n|t:|1783563997\n|move|p1a: Necrozma|Dragon Dance|p1a: Necrozma\n|-boost|p1a: Necrozma|atk|1\n|-boost|p1a: Necrozma|spe|1\n|move|p2a: Bellossom|Quiver Dance|p2a: Bellossom\n|-boost|p2a: Bellossom|spa|1\n|-boost|p2a: Bellossom|spd|1\n|-boost|p2a: Bellossom|spe|1\n|\n|upkeep\n|turn|6\n|inactive|Time left: 300 sec this turn | 300 sec total\n|\n|t:|1783563998\n|move|p1a: Necrozma|Dragon Dance|p1a: Necrozma\n|-boost|p1a: Necrozma|atk|1\n|-boost|p1a: Necrozma|spe|1\n|move|p2a: Bellossom|Strength Sap|p1a: Necrozma\n|-unboost|p1a: Necrozma|atk|1\n|\n|upkeep\n|turn|7\n|inactive|Time left: 300 sec this turn | 300 sec total\n|\n|t:|1783563999\n|move|p1a: Necrozma|Dragon Dance|p1a: Necrozma\n|-boost|p1a: Necrozma|atk|1\n|-boost|p1a: Necrozma|spe|1\n|move|p2a: Bellossom|Strength Sap|p1a: Necrozma\n|-unboost|p1a: Necrozma|atk|1\n|\n|upkeep\n|turn|8\n|inactive|Time left: 300 sec this turn | 300 sec total\n|\n|t:|1783564000\n|move|p1a: Necrozma|Dragon Dance|p1a: Necrozma\n|-boost|p1a: Necrozma|atk|1\n|-boost|p1a: Necrozma|spe|1\n|move|p2a: Bellossom|Strength Sap|p1a: Necrozma\n|-unboost|p1a: Necrozma|atk|1\n|\n|upkeep\n|turn|9\n|inactive|Time left: 300 sec this turn | 300 sec total\n|\n|t:|1783564001\n|move|p1a: Necrozma|Dragon Dance|p1a: Necrozma\n|-boost|p1a: Necrozma|atk|1\n|-boost|p1a: Necrozma|spe|1\n|move|p2a: Bellossom|Strength Sap|p1a: Necrozma\n|-unboost|p1a: Necrozma|atk|1\n|\n|upkeep\n|turn|10\n|inactive|Time left: 300 sec this turn | 300 sec total\n|\n|t:|1783564002\n|move|p1a: Necrozma|Dragon Dance|p1a: Necrozma\n|-boost|p1a: Necrozma|atk|1\n|-boost|p1a: Necrozma|spe|1\n|move|p2a: Bellossom|Strength Sap|p1a: Necrozma\n|-unboost|p1a: Necrozma|atk|1\n|\n|upkeep\n|turn|11\n|inactive|Time left: 300 sec this turn | 300 sec total\n|\n|t:|1783564003\n|move|p1a: Necrozma|Dragon Dance|p1a: Necrozma\n|-boost|p1a: Necrozma|atk|1\n|-boost|p1a: Necrozma|spe|0\n|move|p2a: Bellossom|Strength Sap|p1a: Necrozma\n|-unboost|p1a: Necrozma|atk|1\n|\n|upkeep\n|turn|12\n|inactive|Time left: 300 sec this turn | 300 sec total\n|\n|t:|1783564004\n|move|p1a: Necrozma|Dragon Dance|p1a: Necrozma\n|-boost|p1a: Necrozma|atk|1\n|-boost|p1a: Necrozma|spe|0\n|move|p2a: Bellossom|Strength Sap|p1a: Necrozma\n|-unboost|p1a: Necrozma|atk|1\n|\n|upkeep\n|turn|13\n|inactive|Time left: 300 sec this turn | 300 sec total\n|\n|t:|1783564005\n|move|p1a: Necrozma|Dragon Dance|p1a: Necrozma\n|-boost|p1a: Necrozma|atk|1\n|-boost|p1a: Necrozma|spe|0\n|move|p2a: Bellossom|Strength Sap|p1a: Necrozma\n|-unboost|p1a: Necrozma|atk|1\n|\n|upkeep\n|turn|14\n|inactive|Time left: 300 sec this turn | 300 sec total\n|\n|t:|1783564006\n|move|p1a: Necrozma|Dragon Dance|p1a: Necrozma\n|-boost|p1a: Necrozma|atk|1\n|-boost|p1a: Necrozma|spe|0\n|move|p2a: Bellossom|Strength Sap|p1a: Necrozma\n|-unboost|p1a: Necrozma|atk|1\n|\n|upkeep\n|turn|15\n|inactive|Time left: 300 sec this turn | 300 sec total\n|\n|t:|1783564007\n|move|p1a: Necrozma|Dragon Dance|p1a: Necrozma\n|-boost|p1a: Necrozma|atk|1\n|-boost|p1a: Necrozma|spe|0\n|move|p2a: Bellossom|Strength Sap|p1a: Necrozma\n|-unboost|p1a: Necrozma|atk|1\n|\n|upkeep\n|turn|16\n|inactive|Time left: 300 sec this turn | 300 sec total\n|\n|t:|1783564008\n|move|p1a: Necrozma|Dragon Dance|p1a: Necrozma\n|-boost|p1a: Necrozma|atk|1\n|-boost|p1a: Necrozma|spe|0\n|move|p2a: Bellossom|Strength Sap|p1a: Necrozma\n|-unboost|p1a: Necrozma|atk|1\n|\n|upkeep\n|turn|17\n|inactive|Time left: 300 sec this turn | 300 sec total\n|\n|t:|1783564009\n|move|p1a: Necrozma|Dragon Dance|p1a: Necrozma\n|-boost|p1a: Necrozma|atk|1\n|-boost|p1a: Necrozma|spe|0\n|move|p2a: Bellossom|Strength Sap|p1a: Necrozma\n|-unboost|p1a: Necrozma|atk|1\n|\n|upkeep\n|turn|18\n|inactive|Time left: 300 sec this turn | 300 sec total\n|\n|t:|1783564010\n|move|p1a: Necrozma|Dragon Dance|p1a: Necrozma\n|-boost|p1a: Necrozma|atk|1\n|-boost|p1a: Necrozma|spe|0\n|move|p2a: Bellossom|Strength Sap|p1a: Necrozma\n|-unboost|p1a: Necrozma|atk|1\n|\n|upkeep\n|turn|19\n|inactive|Time left: 300 sec this turn | 300 sec total\n|\n|t:|1783564011\n|move|p1a: Necrozma|Dragon Dance|p1a: Necrozma\n|-boost|p1a: Necrozma|atk|1\n|-boost|p1a: Necrozma|spe|0\n|move|p2a: Bellossom|Strength Sap|p1a: Necrozma\n|-unboost|p1a: Necrozma|atk|1\n|\n|upkeep\n|turn|20\n|inactive|Time left: 300 sec this turn | 300 sec total\n|\n|t:|1783564011\n|move|p1a: Necrozma|Dragon Dance|p1a: Necrozma\n|-boost|p1a: Necrozma|atk|1\n|-boost|p1a: Necrozma|spe|0\n|move|p2a: Bellossom|Strength Sap|p1a: Necrozma\n|-unboost|p1a: Necrozma|atk|1\n|\n|upkeep\n|turn|21\n|inactive|Time left: 300 sec this turn | 300 sec total\n|\n|t:|1783564012\n|move|p1a: Necrozma|Dragon Dance|p1a: Necrozma\n|-boost|p1a: Necrozma|atk|1\n|-boost|p1a: Necrozma|spe|0\n|move|p2a: Bellossom|Strength Sap|p1a: Necrozma\n|-unboost|p1a: Necrozma|atk|1\n|\n|upkeep\n|turn|22\n|inactive|Time left: 300 sec this turn | 300 sec total\n|\n|t:|1783564013\n|move|p1a: Necrozma|Photon Geyser|p2a: Bellossom\n|-damage|p2a: Bellossom|72/263\n|-damage|p1a: Necrozma|78/100|[from] item: Life Orb\n|move|p2a: Bellossom|Giga Drain|p1a: Necrozma\n|-damage|p1a: Necrozma|41/100\n|-heal|p2a: Bellossom|122/263|[from] drain|[of] p1a: Necrozma\n|\n|-heal|p2a: Bellossom|138/263|[from] item: Leftovers\n|upkeep\n|turn|23\n|inactive|Time left: 300 sec this turn | 300 sec total\n|\n|t:|1783564014\n|move|p1a: Necrozma|Photon Geyser|p2a: Bellossom\n|-damage|p2a: Bellossom|0 fnt\n|faint|p2a: Bellossom\n|-damage|p1a: Necrozma|31/100|[from] item: Life Orb\n|\n|upkeep\n|inactive|Time left: 300 sec this turn | 300 sec total | 5 sec grace\n|\n|t:|1783564015\n|switch|p2a: Rotom|Rotom-Wash, L82|216/216\n|turn|24\n|inactive|Time left: 300 sec this turn | 300 sec total\n|\n|t:|1783564015\n|move|p1a: Necrozma|Photon Geyser|p2a: Rotom\n|-damage|p2a: Rotom|39/216\n|-damage|p1a: Necrozma|21/100|[from] item: Life Orb\n|move|p2a: Rotom|Thunderbolt|p1a: Necrozma\n|-damage|p1a: Necrozma|0 fnt\n|faint|p1a: Necrozma\n|\n|-heal|p2a: Rotom|52/216|[from] item: Leftovers\n|upkeep\n|\n|t:|1783564016\n|switch|p1a: Koraidon|Koraidon, L64|100/100\n|-damage|p1a: Koraidon|95/100|[from] Stealth Rock\n|-weather|SunnyDay|[from] ability: Orichalcum Pulse|[of] p1a: Koraidon\n|-activate|p1a: Koraidon|Orichalcum Pulse|[source]\n|turn|25\n|inactive|Time left: 300 sec this turn | 300 sec total\n|\n|t:|1783564017\n|move|p1a: Koraidon|Scale Shot|p2a: Rotom\n|-damage|p2a: Rotom|28/216\n|-damage|p2a: Rotom|4/216\n|-damage|p2a: Rotom|0 fnt\n|faint|p2a: Rotom\n|-hitcount|p2: Rotom|3\n|-unboost|p1a: Koraidon|def|1\n|-boost|p1a: Koraidon|spe|1\n|\n|-weather|SunnyDay|[upkeep]\n|upkeep\n|inactive|Time left: 300 sec this turn | 300 sec total | 5 sec grace\n|\n|t:|1783564018\n|switch|p2a: Malamar|Malamar, L82, F|275/275\n|turn|26\n|inactive|Time left: 300 sec this turn | 300 sec total\n|\n|t:|1783564019\n|-terastallize|p1a: Koraidon|Fire\n|move|p1a: Koraidon|Flare Blitz|p2a: Malamar\n|-damage|p2a: Malamar|86/275\n|-damage|p1a: Koraidon|68/100|[from] Recoil\n|move|p2a: Malamar|Superpower|p1a: Koraidon\n|-damage|p1a: Koraidon|20/100\n|-boost|p2a: Malamar|atk|1\n|-boost|p2a: Malamar|def|1\n|\n|-weather|SunnyDay|[upkeep]\n|-heal|p2a: Malamar|103/275|[from] item: Leftovers\n|upkeep\n|turn|27\n|inactive|Time left: 300 sec this turn | 300 sec total\n|\n|t:|1783564020\n|move|p1a: Koraidon|Flare Blitz|p2a: Malamar\n|-crit|p2a: Malamar\n|-damage|p2a: Malamar|0 fnt\n|faint|p2a: Malamar\n|-damage|p1a: Koraidon|5/100|[from] Recoil\n|\n|-weather|SunnyDay|[upkeep]\n|upkeep\n|inactive|Time left: 300 sec this turn | 300 sec total | 5 sec grace\n|\n|t:|1783564021\n|switch|p2a: Banette|Banette, L93, F|270/270\n|turn|28\n|inactive|Time left: 300 sec this turn | 300 sec total\n|\n|t:|1783564021\n|move|p2a: Banette|Shadow Sneak|p1a: Koraidon\n|-damage|p1a: Koraidon|0 fnt\n|faint|p1a: Koraidon\n|-damage|p2a: Banette|243/270|[from] item: Life Orb\n|\n|-weather|SunnyDay|[upkeep]\n|upkeep\n|\n|t:|1783564022\n|switch|p1a: Morpeko|Morpeko, L88, F|100/100\n|-damage|p1a: Morpeko|88/100|[from] Stealth Rock\n|turn|29\n|inactive|Time left: 300 sec this turn | 300 sec total\n|\n|t:|1783564023\n|-terastallize|p2a: Banette|Poison\n|move|p1a: Morpeko|Knock Off|p2a: Banette\n|-damage|p2a: Banette|108/270\n|-enditem|p2a: Banette|Life Orb|[from] move: Knock Off|[of] p1a: Morpeko\n|move|p2a: Banette|Gunk Shot|p1a: Morpeko\n|-crit|p1a: Morpeko\n|-damage|p1a: Morpeko|0 fnt\n|faint|p1a: Morpeko\n|\n|-weather|none\n|upkeep\n|\n|t:|1783564024\n|switch|p1a: Tatsugiri|Tatsugiri, L87, M|100/100\n|turn|30\n|inactive|Time left: 300 sec this turn | 300 sec total\n|\n|t:|1783564025\n|move|p2a: Banette|Shadow Sneak|p1a: Tatsugiri\n|-crit|p1a: Tatsugiri\n|-damage|p1a: Tatsugiri|60/100\n|move|p1a: Tatsugiri|Surf|p2a: Banette\n|-damage|p2a: Banette|0 fnt\n|faint|p2a: Banette\n|\n|upkeep\n|inactive|Time left: 300 sec this turn | 300 sec total | 5 sec grace\n|\n|t:|1783564026\n|switch|p2a: Kleavor|Kleavor, L78, M|70/237\n|turn|31\n|inactive|Time left: 300 sec this turn | 300 sec total\n|\n|t:|1783564027\n|move|p1a: Tatsugiri|Surf|p2a: Kleavor\n|-supereffective|p2a: Kleavor\n|-damage|p2a: Kleavor|0 fnt\n|faint|p2a: Kleavor\n|\n|win|p0x2070bc21", "uploadtime": 1783564027, "views": 0, "rating": 0, "private": 0, "password": null, "_winner": "p0x2070bc21", "_our_name": "p0y207016dd"}