{"id": "battle-gen9randombattle-69", "formatid": "gen9randombattle", "format": "[Gen 9] Random Battle", "players": ["p0x0690637", "p0y069c4e5"], "log": "|init|battle\n|title|p0x0690637 vs. p0y069c4e5\n|j|\u2606p0x0690637\n|j|\u2606p0y069c4e5\n|t:|1783539982\n|gametype|singles\n|player|p1|p0x0690637|265|\n|player|p2|p0y069c4e5|1|\n|gen|9\n|tier|[Gen 9] Random Battle\n|rule|Species Clause: Limit one of each Pok\u00e9mon\n|rule|HP Percentage Mod: HP is shown in percentages\n|rule|Sleep Clause Mod: Limit one foe put to sleep\n|rule|Illusion Level Mod: Illusion disguises the Pok\u00e9mon's true level\n|\n|t:|1783539982\n|teamsize|p1|6\n|teamsize|p2|6\n|start\n|switch|p1a: Scrafty|Scrafty, L83, M|100/100\n|switch|p2a: Goodra|Goodra, L85, M|292/292\n|-ability|p1a: Scrafty|Intimidate|boost\n|-unboost|p2a: Goodra|atk|1\n|turn|1\n|inactive|Battle timer is ON: inactive players will automatically lose when time's up. (requested by p0y069c4e5)\n|\n|t:|1783539984\n|switch|p2a: Volcanion|Volcanion, L79|256/256\n|move|p1a: Scrafty|Knock Off|p2a: Volcanion\n|-damage|p2a: Volcanion|178/256\n|-enditem|p2a: Volcanion|Heavy-Duty Boots|[from] move: Knock Off|[of] p1a: Scrafty\n|\n|upkeep\n|turn|2\n|inactive|Time left: 300 sec this turn | 300 sec total\n|inactive|p0x0690637 also wants the timer to be on.\n|\n|t:|1783539985\n|move|p2a: Volcanion|Steam Eruption|p1a: Scrafty\n|-damage|p1a: Scrafty|55/100\n|move|p1a: Scrafty|Dragon Dance|p1a: Scrafty\n|-boost|p1a: Scrafty|atk|1\n|-boost|p1a: Scrafty|spe|1\n|\n|-heal|p1a: Scrafty|61/100|[from] item: Leftovers\n|upkeep\n|turn|3\n|inactive|Time left: 300 sec this turn | 300 sec total\n|\n|t:|1783539986\n|move|p1a: Scrafty|Drain Punch|p2a: Volcanion\n|-damage|p2a: Volcanion|87/256\n|-heal|p1a: Scrafty|80/100|[from] drain|[of] p2a: Volcanion\n|move|p2a: Volcanion|Steam Eruption|p1a: Scrafty\n|-damage|p1a: Scrafty|33/100\n|\n|-heal|p1a: Scrafty|39/100|[from] item: Leftovers\n|upkeep\n|turn|4\n|inactive|Time left: 300 sec this turn | 300 sec total\n|\n|t:|1783539987\n|move|p1a: Scrafty|Drain Punch|p2a: Volcanion\n|-damage|p2a: Volcanion|0 fnt\n|-heal|p1a: Scrafty|57/100|[from] drain|[of] p2a: Volcanion\n|faint|p2a: Volcanion\n|\n|-heal|p1a: Scrafty|64/100|[from] item: Leftovers\n|upkeep\n|inactive|Time left: 300 sec this turn | 300 sec total | 5 sec grace\n|\n|t:|1783539988\n|switch|p2a: Milotic|Milotic, L83, F|293/293\n|turn|5\n|inactive|Time left: 300 sec this turn | 300 sec total\n|\n|t:|1783539989\n|move|p1a: Scrafty|Drain Punch|p2a: Milotic\n|-damage|p2a: Milotic|163/293\n|-heal|p1a: Scrafty|90/100|[from] drain|[of] p2a: Milotic\n|move|p2a: Milotic|Dragon Tail|p1a: Scrafty|[miss]\n|-miss|p2a: Milotic|p1a: Scrafty\n|\n|-heal|p1a: Scrafty|96/100|[from] item: Leftovers\n|-heal|p2a: Milotic|181/293|[from] item: Leftovers\n|upkeep\n|turn|6\n|inactive|Time left: 300 sec this turn | 300 sec total\n|\n|t:|1783539990\n|move|p1a: Scrafty|Knock Off|p2a: Milotic\n|-damage|p2a: Milotic|18/293\n|-enditem|p2a: Milotic|Leftovers|[from] move: Knock Off|[of] p1a: Scrafty\n|move|p2a: Milotic|Dragon Tail|p1a: Scrafty\n|-damage|p1a: Scrafty|87/100\n|drag|p1a: Cacturne|Cacturne, L92, F|100/100\n|\n|upkeep\n|turn|7\n|inactive|Time left: 300 sec this turn | 300 sec total\n|\n|t:|1783539991\n|move|p1a: Cacturne|Sucker Punch|p2a: Milotic\n|-damage|p2a: Milotic|0 fnt\n|faint|p2a: Milotic\n|-damage|p1a: Cacturne|91/100|[from] item: Life Orb\n|\n|upkeep\n|inactive|Time left: 300 sec this turn | 300 sec total | 5 sec grace\n|\n|t:|1783539992\n|switch|p2a: Komala|Komala, L87, F|255/255\n|-ability|p2a: Komala|Comatose\n|turn|8\n|inactive|Time left: 300 sec this turn | 300 sec total\n|\n|t:|1783539993\n|move|p2a: Komala|U-turn|p1a: Cacturne\n|-supereffective|p1a: Cacturne\n|-damage|p1a: Cacturne|0 fnt\n|faint|p1a: Cacturne\n|inactive|Time left: 300 sec this turn | 300 sec total | 5 sec grace\n|\n|t:|1783539994\n|switch|p2a: Chimecho|Chimecho, L93, M|290/290|[from] U-turn\n|\n|upkeep\n|\n|t:|1783539995\n|switch|p1a: Scrafty|Scrafty, L83, M|87/100\n|-ability|p1a: Scrafty|Intimidate|boost\n|-unboost|p2a: Chimecho|atk|1\n|turn|9\n|inactive|Time left: 300 sec this turn | 300 sec total\n|\n|t:|1783539996\n|move|p2a: Chimecho|Dazzling Gleam|p1a: Scrafty\n|-supereffective|p1a: Scrafty\n|-damage|p1a: Scrafty|0 fnt\n|faint|p1a: Scrafty\n|\n|upkeep\n|\n|t:|1783539997\n|switch|p1a: Crabominable|Crabominable, L90, M|100/100\n|turn|10\n|inactive|Time left: 300 sec this turn | 300 sec total\n|\n|t:|1783539999\n|move|p2a: Chimecho|Cosmic Power|p2a: Chimecho\n|-boost|p2a: Chimecho|def|1\n|-boost|p2a: Chimecho|spd|1\n|move|p1a: Crabominable|Knock Off|p2a: Chimecho\n|-supereffective|p2a: Chimecho\n|-damage|p2a: Chimecho|98/290\n|-enditem|p2a: Chimecho|Leftovers|[from] move: Knock Off|[of] p1a: Crabominable\n|\n|upkeep\n|turn|11\n|inactive|Time left: 300 sec this turn | 300 sec total\n|\n|t:|1783540000\n|move|p2a: Chimecho|Recover|p2a: Chimecho\n|-heal|p2a: Chimecho|243/290\n|move|p1a: Crabominable|Knock Off|p2a: Chimecho\n|-supereffective|p2a: Chimecho\n|-damage|p2a: Chimecho|111/290\n|\n|upkeep\n|turn|12\n|inactive|Time left: 300 sec this turn | 300 sec total\n|\n|t:|1783540002\n|move|p2a: Chimecho|Recover|p2a: Chimecho\n|-heal|p2a: Chimecho|256/290\n|move|p1a: Crabominable|Knock Off|p2a: Chimecho\n|-supereffective|p2a: Chimecho\n|-damage|p2a: Chimecho|116/290\n|\n|upkeep\n|turn|13\n|inactive|Time left: 300 sec this turn | 300 sec total\n|\n|t:|1783540003\n|move|p2a: Chimecho|Recover|p2a: Chimecho\n|-heal|p2a: Chimecho|261/290\n|move|p1a: Crabominable|Knock Off|p2a: Chimecho\n|-supereffective|p2a: Chimecho\n|-damage|p2a: Chimecho|137/290\n|\n|upkeep\n|turn|14\n|inactive|Time left: 300 sec this turn | 300 sec total\n|\n|t:|1783540005\n|move|p2a: Chimecho|Recover|p2a: Chimecho\n|-heal|p2a: Chimecho|282/290\n|move|p1a: Crabominable|Knock Off|p2a: Chimecho\n|-supereffective|p2a: Chimecho\n|-damage|p2a: Chimecho|156/290\n|\n|upkeep\n|turn|15\n|inactive|Time left: 300 sec this turn | 300 sec total\n|\n|t:|1783540006\n|move|p2a: Chimecho|Recover|p2a: Chimecho\n|-heal|p2a: Chimecho|290/290\n|move|p1a: Crabominable|Knock Off|p2a: Chimecho\n|-supereffective|p2a: Chimecho\n|-damage|p2a: Chimecho|150/290\n|\n|upkeep\n|turn|16\n|inactive|Time left: 300 sec this turn | 300 sec total\n|\n|t:|1783540007\n|move|p2a: Chimecho|Recover|p2a: Chimecho\n|-heal|p2a: Chimecho|290/290\n|move|p1a: Crabominable|Knock Off|p2a: Chimecho\n|-supereffective|p2a: Chimecho\n|-damage|p2a: Chimecho|168/290\n|\n|upkeep\n|turn|17\n|inactive|Time left: 300 sec this turn | 300 sec total\n|\n|t:|1783540008\n|move|p2a: Chimecho|Recover|p2a: Chimecho\n|-heal|p2a: Chimecho|290/290\n|move|p1a: Crabominable|Knock Off|p2a: Chimecho\n|-supereffective|p2a: Chimecho\n|-damage|p2a: Chimecho|152/290\n|\n|upkeep\n|turn|18\n|inactive|Time left: 300 sec this turn | 300 sec total\n|\n|t:|1783540009\n|move|p2a: Chimecho|Recover|p2a: Chimecho\n|-heal|p2a: Chimecho|290/290\n|move|p1a: Crabominable|Knock Off|p2a: Chimecho\n|-supereffective|p2a: Chimecho\n|-damage|p2a: Chimecho|162/290\n|\n|upkeep\n|turn|19\n|inactive|Time left: 300 sec this turn | 300 sec total\n|\n|t:|1783540010\n|move|p2a: Chimecho|Stored Power|p1a: Crabominable\n|-supereffective|p1a: Crabominable\n|-damage|p1a: Crabominable|43/100\n|move|p1a: Crabominable|Knock Off|p2a: Chimecho\n|-supereffective|p2a: Chimecho\n|-damage|p2a: Chimecho|32/290\n|\n|upkeep\n|turn|20\n|inactive|Time left: 300 sec this turn | 300 sec total\n|\n|t:|1783540012\n|switch|p1a: Whiscash|Whiscash, L88, F|100/100\n|move|p2a: Chimecho|Stored Power|p1a: Whiscash\n|-damage|p1a: Whiscash|76/100\n|\n|upkeep\n|turn|21\n|inactive|Time left: 300 sec this turn | 300 sec total\n|\n|t:|1783540013\n|move|p2a: Chimecho|Stored Power|p1a: Whiscash\n|-damage|p1a: Whiscash|49/100\n|move|p1a: Whiscash|Dragon Dance|p1a: Whiscash\n|-boost|p1a: Whiscash|atk|1\n|-boost|p1a: Whiscash|spe|1\n|\n|upkeep\n|turn|22\n|inactive|Time left: 300 sec this turn | 300 sec total\n|\n|t:|1783540014\n|move|p1a: Whiscash|Dragon Dance|p1a: Whiscash\n|-boost|p1a: Whiscash|atk|1\n|-boost|p1a: Whiscash|spe|1\n|move|p2a: Chimecho|Stored Power|p1a: Whiscash\n|-damage|p1a: Whiscash|24/100\n|\n|upkeep\n|turn|23\n|inactive|Time left: 300 sec this turn | 300 sec total\n|\n|t:|1783540015\n|move|p1a: Whiscash|Liquidation|p2a: Chimecho\n|-damage|p2a: Chimecho|0 fnt\n|faint|p2a: Chimecho\n|-damage|p1a: Whiscash|14/100|[from] item: Life Orb\n|\n|upkeep\n|inactive|Time left: 300 sec this turn | 300 sec total | 5 sec grace\n|\n|t:|1783540016\n|switch|p2a: Snorlax|Snorlax, L82, F|397/397\n|turn|24\n|inactive|Time left: 300 sec this turn | 300 sec total\n|\n|t:|1783540017\n|-terastallize|p1a: Whiscash|Ground\n|move|p1a: Whiscash|Earthquake|p2a: Snorlax\n|-damage|p2a: Snorlax|0 fnt\n|faint|p2a: Snorlax\n|-damage|p1a: Whiscash|4/100|[from] item: Life Orb\n|\n|upkeep\n|inactive|Time left: 300 sec this turn | 300 sec total | 5 sec grace\n|\n|t:|1783540018\n|switch|p2a: Komala|Komala, L87, F|255/255\n|-ability|p2a: Komala|Comatose\n|turn|25\n|inactive|Time left: 300 sec this turn | 300 sec total\n|\n|t:|1783540019\n|move|p1a: Whiscash|Earthquake|p2a: Komala\n|-damage|p2a: Komala|0 fnt\n|faint|p2a: Komala\n|-damage|p1a: Whiscash|0 fnt|[from] item: Life Orb\n|faint|p1a: Whiscash\n|\n|upkeep\n|inactive|Time left: 300 sec this turn | 300 sec total | 5 sec grace\n|\n|t:|1783540020\n|switch|p2a: Goodra|Goodra, L85, M|292/292\n|switch|p1a: Thundurus|Thundurus, L80, M|100/100\n|turn|26\n|inactive|Time left: 300 sec this turn | 300 sec total\n|\n|t:|1783540021\n|move|p1a: Thundurus|Acrobatics|p2a: Goodra\n|-damage|p2a: Goodra|156/292\n|move|p2a: Goodra|Fire Blast|p1a: Thundurus|[miss]\n|-miss|p2a: Goodra|p1a: Thundurus\n|\n|upkeep\n|turn|27\n|inactive|Time left: 300 sec this turn | 300 sec total\n|\n|t:|1783540022\n|-terastallize|p2a: Goodra|Water\n|move|p1a: Thundurus|Acrobatics|p2a: Goodra\n|-damage|p2a: Goodra|5/292\n|move|p2a: Goodra|Scald|p1a: Thundurus\n|-damage|p1a: Thundurus|56/100\n|\n|upkeep\n|turn|28\n|inactive|Time left: 300 sec this turn | 300 sec total\n|\n|t:|1783540024\n|move|p1a: Thundurus|U-turn|p2a: Goodra\n|-damage|p2a: Goodra|0 fnt\n|faint|p2a: Goodra\n|\n|win|p0x0690637", "uploadtime": 1783540024, "views": 0, "rating": 0, "private": 0, "password": null, "_winner": "p0x0690637", "_our_name": "p0y069c4e5"}