{"id": "battle-gen9randombattle-329", "formatid": "gen9randombattle", "format": "[Gen 9] Random Battle", "players": ["p0x32960ca", "p0y3298eb4"], "log": "|init|battle\n|title|p0x32960ca vs. p0y3298eb4\n|j|\u2606p0x32960ca\n|j|\u2606p0y3298eb4\n|t:|1783542899\n|gametype|singles\n|player|p1|p0x32960ca|101|\n|player|p2|p0y3298eb4|1|\n|gen|9\n|tier|[Gen 9] Random Battle\n|rule|Species Clause: Limit one of each Pok\u00e9mon\n|rule|HP Percentage Mod: HP is shown in percentages\n|rule|Sleep Clause Mod: Limit one foe put to sleep\n|rule|Illusion Level Mod: Illusion disguises the Pok\u00e9mon's true level\n|\n|t:|1783542899\n|teamsize|p1|6\n|teamsize|p2|6\n|start\n|switch|p1a: Ursaluna|Ursaluna, L79, F|335/335\n|switch|p2a: Farigiraf|Farigiraf, L90, M|100/100\n|turn|1\n|inactive|Battle timer is ON: inactive players will automatically lose when time's up. (requested by p0x32960ca)\n|inactive|p0y3298eb4 also wants the timer to be on.\n|\n|t:|1783542901\n|move|p2a: Farigiraf|Body Slam|p1a: Ursaluna\n|-damage|p1a: Ursaluna|248/335\n|-status|p1a: Ursaluna|par\n|cant|p1a: Ursaluna|par\n|\n|upkeep\n|turn|2\n|inactive|Time left: 300 sec this turn | 300 sec total\n|\n|t:|1783542902\n|move|p2a: Farigiraf|Protect|p2a: Farigiraf\n|-singleturn|p2a: Farigiraf|Protect\n|move|p1a: Ursaluna|Facade|p2a: Farigiraf\n|-activate|p2a: Farigiraf|move: Protect\n|\n|upkeep\n|turn|3\n|inactive|Time left: 300 sec this turn | 300 sec total\n|\n|t:|1783542902\n|move|p2a: Farigiraf|Psychic Noise|p1a: Ursaluna\n|-damage|p1a: Ursaluna|137/335 par\n|-start|p1a: Ursaluna|move: Heal Block\n|move|p1a: Ursaluna|Facade|p2a: Farigiraf\n|-damage|p2a: Farigiraf|18/100\n|\n|-heal|p2a: Farigiraf|24/100|[from] item: Leftovers\n|upkeep\n|turn|4\n|inactive|Time left: 300 sec this turn | 300 sec total\n|\n|t:|1783542903\n|move|p2a: Farigiraf|Psychic Noise|p1a: Ursaluna\n|-damage|p1a: Ursaluna|17/335 par\n|move|p1a: Ursaluna|Facade|p2a: Farigiraf\n|-damage|p2a: Farigiraf|0 fnt\n|faint|p2a: Farigiraf\n|\n|-end|p1a: Ursaluna|move: Heal Block\n|upkeep\n|\n|t:|1783542904\n|switch|p2a: Gliscor|Gliscor, L76, M|100/100\n|turn|5\n|inactive|Time left: 300 sec this turn | 300 sec total\n|\n|t:|1783542905\n|move|p2a: Gliscor|Earthquake|p1a: Ursaluna\n|-damage|p1a: Ursaluna|0 fnt\n|faint|p1a: Ursaluna\n|\n|-status|p2a: Gliscor|tox|[from] item: Toxic Orb\n|upkeep\n|inactive|Time left: 300 sec this turn | 300 sec total | 5 sec grace\n|\n|t:|1783542906\n|switch|p1a: Kingdra|Kingdra, L84, F|263/263\n|turn|6\n|inactive|Time left: 300 sec this turn | 300 sec total\n|\n|t:|1783542907\n|switch|p2a: Chimecho|Chimecho, L93, M|100/100\n|move|p1a: Kingdra|Dragon Dance|p1a: Kingdra\n|-boost|p1a: Kingdra|atk|1\n|-boost|p1a: Kingdra|spe|1\n|\n|upkeep\n|turn|7\n|inactive|Time left: 300 sec this turn | 300 sec total\n|\n|t:|1783542908\n|-terastallize|p2a: Chimecho|Steel\n|move|p1a: Kingdra|Outrage|p2a: Chimecho\n|-resisted|p2a: Chimecho\n|-damage|p2a: Chimecho|70/100\n|move|p2a: Chimecho|Dazzling Gleam|p1a: Kingdra\n|-supereffective|p1a: Kingdra\n|-damage|p1a: Kingdra|133/263\n|\n|-heal|p2a: Chimecho|76/100|[from] item: Leftovers\n|upkeep\n|turn|8\n|inactive|Time left: 300 sec this turn | 300 sec total\n|\n|t:|1783542909\n|move|p1a: Kingdra|Outrage|p2a: Chimecho|[from] lockedmove\n|-resisted|p2a: Chimecho\n|-damage|p2a: Chimecho|47/100\n|move|p2a: Chimecho|Dazzling Gleam|p1a: Kingdra\n|-supereffective|p1a: Kingdra\n|-damage|p1a: Kingdra|0 fnt\n|faint|p1a: Kingdra\n|\n|-heal|p2a: Chimecho|53/100|[from] item: Leftovers\n|upkeep\n|inactive|Time left: 300 sec this turn | 300 sec total | 5 sec grace\n|\n|t:|1783542911\n|switch|p1a: Mewtwo|Mewtwo, L72|272/272\n|-ability|p1a: Mewtwo|Unnerve\n|turn|9\n|inactive|Time left: 300 sec this turn | 300 sec total\n|\n|t:|1783542912\n|move|p1a: Mewtwo|Nasty Plot|p1a: Mewtwo\n|-boost|p1a: Mewtwo|spa|2\n|move|p2a: Chimecho|Recover|p2a: Chimecho\n|-heal|p2a: Chimecho|100/100\n|\n|upkeep\n|turn|10\n|inactive|Time left: 300 sec this turn | 300 sec total\n|\n|t:|1783542913\n|move|p1a: Mewtwo|Aura Sphere|p2a: Chimecho\n|-supereffective|p2a: Chimecho\n|-damage|p2a: Chimecho|3/100\n|-damage|p1a: Mewtwo|245/272|[from] item: Life Orb\n|move|p2a: Chimecho|Dazzling Gleam|p1a: Mewtwo\n|-damage|p1a: Mewtwo|163/272\n|\n|-heal|p2a: Chimecho|9/100|[from] item: Leftovers\n|upkeep\n|turn|11\n|inactive|Time left: 300 sec this turn | 300 sec total\n|\n|t:|1783542915\n|move|p1a: Mewtwo|Psystrike|p2a: Chimecho\n|-resisted|p2a: Chimecho\n|-damage|p2a: Chimecho|0 fnt\n|faint|p2a: Chimecho\n|-damage|p1a: Mewtwo|136/272|[from] item: Life Orb\n|\n|upkeep\n|\n|t:|1783542916\n|switch|p2a: Rillaboom|Rillaboom, L79, F|100/100\n|-fieldstart|move: Grassy Terrain|[from] ability: Grassy Surge|[of] p2a: Rillaboom\n|turn|12\n|inactive|Time left: 300 sec this turn | 300 sec total\n|\n|t:|1783542917\n|move|p2a: Rillaboom|Grassy Glide|p1a: Mewtwo\n|-damage|p1a: Mewtwo|11/272\n|-damage|p2a: Rillaboom|91/100|[from] item: Life Orb\n|move|p1a: Mewtwo|Psystrike|p2a: Rillaboom\n|-damage|p2a: Rillaboom|0 fnt\n|faint|p2a: Rillaboom\n|-damage|p1a: Mewtwo|0 fnt|[from] item: Life Orb\n|faint|p1a: Mewtwo\n|\n|upkeep\n|inactive|Time left: 300 sec this turn | 300 sec total | 5 sec grace\n|\n|t:|1783542919\n|switch|p1a: Ribombee|Ribombee, L83, M|235/235\n|switch|p2a: Noctowl|Noctowl, L95, F|100/100\n|turn|13\n|inactive|Time left: 300 sec this turn | 300 sec total\n|\n|t:|1783542920\n|-terastallize|p1a: Ribombee|Ground\n|move|p1a: Ribombee|Quiver Dance|p1a: Ribombee\n|-boost|p1a: Ribombee|spa|1\n|-boost|p1a: Ribombee|spd|1\n|-boost|p1a: Ribombee|spe|1\n|move|p2a: Noctowl|Nasty Plot|p2a: Noctowl\n|-boost|p2a: Noctowl|spa|2\n|\n|upkeep\n|turn|14\n|inactive|Time left: 300 sec this turn | 300 sec total\n|\n|t:|1783542922\n|move|p1a: Ribombee|Moonblast|p2a: Noctowl\n|-damage|p2a: Noctowl|62/100\n|move|p2a: Noctowl|Hyper Voice|p1a: Ribombee\n|-damage|p1a: Ribombee|61/235\n|\n|-heal|p1a: Ribombee|75/235|[from] Grassy Terrain\n|upkeep\n|turn|15\n|inactive|Time left: 300 sec this turn | 300 sec total\n|\n|t:|1783542923\n|move|p1a: Ribombee|Moonblast|p2a: Noctowl\n|-damage|p2a: Noctowl|25/100\n|-unboost|p2a: Noctowl|spa|1\n|move|p2a: Noctowl|Roost|p2a: Noctowl\n|-heal|p2a: Noctowl|75/100\n|-singleturn|p2a: Noctowl|move: Roost\n|\n|-heal|p1a: Ribombee|89/235|[from] Grassy Terrain\n|-heal|p2a: Noctowl|81/100|[from] Grassy Terrain\n|upkeep\n|turn|16\n|inactive|Time left: 300 sec this turn | 300 sec total\n|\n|t:|1783542924\n|move|p1a: Ribombee|Moonblast|p2a: Noctowl\n|-damage|p2a: Noctowl|49/100\n|move|p2a: Noctowl|Hyper Voice|p1a: Ribombee\n|-damage|p1a: Ribombee|0 fnt\n|faint|p1a: Ribombee\n|\n|-fieldend|move: Grassy Terrain\n|upkeep\n|inactive|Time left: 300 sec this turn | 300 sec total | 5 sec grace\n|\n|t:|1783542925\n|switch|p1a: Honchkrow|Honchkrow, L86, F|312/312\n|turn|17\n|inactive|Time left: 300 sec this turn | 300 sec total\n|\n|t:|1783542926\n|move|p2a: Noctowl|Roost|p2a: Noctowl\n|-heal|p2a: Noctowl|99/100\n|-singleturn|p2a: Noctowl|move: Roost\n|move|p1a: Honchkrow|Brave Bird|p2a: Noctowl\n|-damage|p2a: Noctowl|38/100\n|-damage|p1a: Honchkrow|242/312|[from] Recoil\n|\n|upkeep\n|turn|18\n|inactive|Time left: 300 sec this turn | 300 sec total\n|\n|t:|1783542927\n|move|p2a: Noctowl|Roost|p2a: Noctowl\n|-heal|p2a: Noctowl|88/100\n|-singleturn|p2a: Noctowl|move: Roost\n|move|p1a: Honchkrow|Brave Bird|p2a: Noctowl\n|-damage|p2a: Noctowl|25/100\n|-damage|p1a: Honchkrow|171/312|[from] Recoil\n|\n|upkeep\n|turn|19\n|inactive|Time left: 300 sec this turn | 300 sec total\n|\n|t:|1783542928\n|move|p2a: Noctowl|Roost|p2a: Noctowl\n|-heal|p2a: Noctowl|75/100\n|-singleturn|p2a: Noctowl|move: Roost\n|move|p1a: Honchkrow|Brave Bird|p2a: Noctowl\n|-damage|p2a: Noctowl|11/100\n|-damage|p1a: Honchkrow|98/312|[from] Recoil\n|\n|upkeep\n|turn|20\n|inactive|Time left: 300 sec this turn | 300 sec total\n|\n|t:|1783542930\n|move|p2a: Noctowl|Roost|p2a: Noctowl\n|-heal|p2a: Noctowl|61/100\n|-singleturn|p2a: Noctowl|move: Roost\n|move|p1a: Honchkrow|Brave Bird|p2a: Noctowl\n|-damage|p2a: Noctowl|0 fnt\n|faint|p2a: Noctowl\n|-ability|p1a: Honchkrow|Moxie|boost\n|-boost|p1a: Honchkrow|atk|1\n|-damage|p1a: Honchkrow|29/312|[from] Recoil\n|\n|upkeep\n|\n|t:|1783542931\n|switch|p2a: Gliscor|Gliscor, L76, M|100/100 tox\n|turn|21\n|inactive|Time left: 300 sec this turn | 300 sec total\n|\n|t:|1783542932\n|move|p2a: Gliscor|Knock Off|p1a: Honchkrow\n|-resisted|p1a: Honchkrow\n|-damage|p1a: Honchkrow|0 fnt\n|-enditem|p1a: Honchkrow|Heavy-Duty Boots|[from] move: Knock Off|[of] p2a: Gliscor\n|faint|p1a: Honchkrow\n|\n|upkeep\n|inactive|Time left: 300 sec this turn | 300 sec total | 5 sec grace\n|\n|t:|1783542933\n|switch|p1a: Noivern|Noivern, L82, M|274/274\n|turn|22\n|inactive|Time left: 300 sec this turn | 300 sec total\n|\n|t:|1783542934\n|move|p1a: Noivern|Hurricane|p2a: Gliscor\n|-damage|p2a: Gliscor|40/100 tox\n|move|p2a: Gliscor|Toxic|p1a: Noivern\n|-status|p1a: Noivern|tox\n|\n|-damage|p1a: Noivern|257/274 tox|[from] psn\n|-heal|p2a: Gliscor|52/100 tox|[from] ability: Poison Heal\n|upkeep\n|turn|23\n|inactive|Time left: 300 sec this turn | 300 sec total\n|\n|t:|1783542935\n|move|p2a: Gliscor|Protect|p2a: Gliscor\n|-singleturn|p2a: Gliscor|Protect\n|move|p1a: Noivern|Hurricane|p2a: Gliscor\n|-activate|p2a: Gliscor|move: Protect\n|\n|-damage|p1a: Noivern|223/274 tox|[from] psn\n|-heal|p2a: Gliscor|65/100 tox|[from] ability: Poison Heal\n|upkeep\n|turn|24\n|inactive|Time left: 300 sec this turn | 300 sec total\n|\n|t:|1783542936\n|move|p1a: Noivern|Hurricane|p2a: Gliscor\n|-damage|p2a: Gliscor|4/100 tox\n|-start|p2a: Gliscor|confusion\n|-activate|p2a: Gliscor|confusion\n|move|p2a: Gliscor|Knock Off|p1a: Noivern\n|-damage|p1a: Noivern|164/274 tox\n|-enditem|p1a: Noivern|Heavy-Duty Boots|[from] move: Knock Off|[of] p2a: Gliscor\n|\n|-damage|p1a: Noivern|113/274 tox|[from] psn\n|-heal|p2a: Gliscor|16/100 tox|[from] ability: Poison Heal\n|upkeep\n|turn|25\n|inactive|Time left: 300 sec this turn | 300 sec total\n|\n|t:|1783542938\n|switch|p2a: Volbeat|Volbeat, L90, M|100/100\n|move|p1a: Noivern|Roost|p1a: Noivern\n|-heal|p1a: Noivern|250/274 tox\n|-singleturn|p1a: Noivern|move: Roost\n|\n|-damage|p1a: Noivern|182/274 tox|[from] psn\n|upkeep\n|turn|26\n|inactive|Time left: 300 sec this turn | 300 sec total\n|\n|t:|1783542938\n|move|p1a: Noivern|Roost|p1a: Noivern\n|-heal|p1a: Noivern|274/274 tox\n|-singleturn|p1a: Noivern|move: Roost\n|move|p2a: Volbeat|Lunge|p1a: Noivern\n|-damage|p1a: Noivern|181/274 tox\n|-unboost|p1a: Noivern|atk|1\n|\n|-damage|p1a: Noivern|96/274 tox|[from] psn\n|upkeep\n|turn|27\n|inactive|Time left: 300 sec this turn | 300 sec total\n|\n|t:|1783542940\n|switch|p2a: Gliscor|Gliscor, L76, M|16/100 tox\n|move|p1a: Noivern|Roost|p1a: Noivern\n|-heal|p1a: Noivern|233/274 tox\n|-singleturn|p1a: Noivern|move: Roost\n|\n|-damage|p1a: Noivern|131/274 tox|[from] psn\n|-heal|p2a: Gliscor|29/100 tox|[from] ability: Poison Heal\n|upkeep\n|turn|28\n|inactive|Time left: 300 sec this turn | 300 sec total\n|\n|t:|1783542941\n|move|p1a: Noivern|Roost|p1a: Noivern\n|-heal|p1a: Noivern|268/274 tox\n|-singleturn|p1a: Noivern|move: Roost\n|move|p2a: Gliscor|Earthquake|p1a: Noivern\n|-damage|p1a: Noivern|175/274 tox\n|\n|-damage|p1a: Noivern|56/274 tox|[from] psn\n|-heal|p2a: Gliscor|41/100 tox|[from] ability: Poison Heal\n|upkeep\n|turn|29\n|inactive|Time left: 300 sec this turn | 300 sec total\n|\n|t:|1783542942\n|move|p1a: Noivern|Hurricane|p2a: Gliscor|[miss]\n|-miss|p1a: Noivern|p2a: Gliscor\n|move|p2a: Gliscor|Earthquake|p1a: Noivern\n|-immune|p1a: Noivern\n|\n|-damage|p1a: Noivern|0 fnt|[from] psn\n|faint|p1a: Noivern\n|\n|win|p0y3298eb4", "uploadtime": 1783542942, "views": 0, "rating": 0, "private": 0, "password": null, "_winner": "p0y3298eb4", "_our_name": "p0x32960ca"}