{"id": "battle-gen9randombattle-2468", "formatid": "gen9randombattle", "format": "[Gen 9] Random Battle", "players": ["p0x246803dd", "p0y246821f8"], "log": "|init|battle\n|title|p0x246803dd vs. p0y246821f8\n|j|\u2606p0x246803dd\n|j|\u2606p0y246821f8\n|t:|1783568620\n|gametype|singles\n|player|p1|p0x246803dd|265|\n|player|p2|p0y246821f8|102|\n|gen|9\n|tier|[Gen 9] Random Battle\n|rule|Species Clause: Limit one of each Pok\u00e9mon\n|rule|HP Percentage Mod: HP is shown in percentages\n|rule|Sleep Clause Mod: Limit one foe put to sleep\n|rule|Illusion Level Mod: Illusion disguises the Pok\u00e9mon's true level\n|\n|t:|1783568620\n|teamsize|p1|6\n|teamsize|p2|6\n|start\n|switch|p1a: Vivillon|Vivillon-Monsoon, L83, M|100/100\n|switch|p2a: Delphox|Delphox, L84, F|263/263\n|turn|1\n|inactive|Battle timer is ON: inactive players will automatically lose when time's up. (requested by p0y246821f8)\n|inactive|p0x246803dd also wants the timer to be on.\n|\n|t:|1783568621\n|switch|p1a: Necrozma|Necrozma-Dawn-Wings, L76|100/100\n|move|p2a: Delphox|Fire Blast|p1a: Necrozma\n|-damage|p1a: Necrozma|60/100\n|\n|-heal|p1a: Necrozma|66/100|[from] item: Leftovers\n|upkeep\n|turn|2\n|inactive|Time left: 300 sec this turn | 300 sec total\n|\n|t:|1783568622\n|move|p2a: Delphox|Nasty Plot|p2a: Delphox\n|-boost|p2a: Delphox|spa|2\n|move|p1a: Necrozma|Moongeist Beam|p2a: Delphox\n|-supereffective|p2a: Delphox\n|-damage|p2a: Delphox|27/263\n|\n|-heal|p1a: Necrozma|72/100|[from] item: Leftovers\n|upkeep\n|turn|3\n|inactive|Time left: 300 sec this turn | 300 sec total\n|\n|t:|1783568623\n|move|p2a: Delphox|Fire Blast|p1a: Necrozma\n|-damage|p1a: Necrozma|0 fnt\n|faint|p1a: Necrozma\n|\n|upkeep\n|\n|t:|1783568624\n|switch|p1a: Mabosstiff|Mabosstiff, L86, M|100/100\n|turn|4\n|inactive|Time left: 300 sec this turn | 300 sec total\n|\n|t:|1783568625\n|move|p1a: Mabosstiff|Crunch|p2a: Delphox\n|-supereffective|p2a: Delphox\n|-damage|p2a: Delphox|0 fnt\n|faint|p2a: Delphox\n|\n|upkeep\n|inactive|Time left: 300 sec this turn | 300 sec total | 5 sec grace\n|\n|t:|1783568626\n|switch|p2a: Sneasler|Sneasler, L74, M|240/240\n|turn|5\n|inactive|Time left: 300 sec this turn | 300 sec total\n|\n|t:|1783568627\n|move|p1a: Mabosstiff|Crunch|p2a: Sneasler\n|-resisted|p2a: Sneasler\n|-damage|p2a: Sneasler|159/240\n|move|p2a: Sneasler|Dire Claw|p1a: Mabosstiff\n|-damage|p1a: Mabosstiff|57/100\n|\n|upkeep\n|turn|6\n|inactive|Time left: 300 sec this turn | 300 sec total\n|\n|t:|1783568628\n|move|p1a: Mabosstiff|Crunch|p2a: Sneasler\n|-resisted|p2a: Sneasler\n|-crit|p2a: Sneasler\n|-damage|p2a: Sneasler|41/240\n|move|p2a: Sneasler|Dire Claw|p1a: Mabosstiff\n|-damage|p1a: Mabosstiff|16/100\n|-status|p1a: Mabosstiff|psn|[from] ability: Poison Touch|[of] p2a: Sneasler\n|\n|-damage|p1a: Mabosstiff|4/100 psn|[from] psn\n|upkeep\n|turn|7\n|inactive|Time left: 300 sec this turn | 300 sec total\n|\n|t:|1783568629\n|move|p1a: Mabosstiff|Crunch|p2a: Sneasler\n|-resisted|p2a: Sneasler\n|-damage|p2a: Sneasler|0 fnt\n|faint|p2a: Sneasler\n|\n|-damage|p1a: Mabosstiff|0 fnt|[from] psn\n|faint|p1a: Mabosstiff\n|upkeep\n|inactive|Time left: 300 sec this turn | 300 sec total | 5 sec grace\n|\n|t:|1783568630\n|switch|p2a: Iron Bundle|Iron Bundle, L78|215/215\n|switch|p1a: Ninetales|Ninetales-Alola, L78, M|100/100\n|-weather|Snowscape|[from] ability: Snow Warning|[of] p1a: Ninetales\n|turn|8\n|inactive|Time left: 300 sec this turn | 300 sec total\n|\n|t:|1783568631\n|move|p2a: Iron Bundle|Hydro Pump|p1a: Ninetales\n|-damage|p1a: Ninetales|20/100\n|move|p1a: Ninetales|Aurora Veil|p1a: Ninetales\n|-sidestart|p1: p0x246803dd|move: Aurora Veil\n|\n|-weather|Snowscape|[upkeep]\n|upkeep\n|turn|9\n|inactive|Time left: 300 sec this turn | 300 sec total\n|\n|t:|1783568632\n|move|p2a: Iron Bundle|Hydro Pump|p1a: Ninetales\n|-damage|p1a: Ninetales|0 fnt\n|faint|p1a: Ninetales\n|\n|-weather|Snowscape|[upkeep]\n|upkeep\n|\n|t:|1783568633\n|switch|p1a: Vivillon|Vivillon-Monsoon, L83, M|100/100\n|turn|10\n|inactive|Time left: 300 sec this turn | 300 sec total\n|\n|t:|1783568634\n|move|p2a: Iron Bundle|Hydro Pump|p1a: Vivillon\n|-damage|p1a: Vivillon|47/100\n|move|p1a: Vivillon|Quiver Dance|p1a: Vivillon\n|-boost|p1a: Vivillon|spa|1\n|-boost|p1a: Vivillon|spd|1\n|-boost|p1a: Vivillon|spe|1\n|\n|-weather|Snowscape|[upkeep]\n|upkeep\n|turn|11\n|inactive|Time left: 300 sec this turn | 300 sec total\n|\n|t:|1783568635\n|-end|p2a: Iron Bundle|Quark Drive|[silent]\n|switch|p2a: Cryogonal|Cryogonal, L89|287/287\n|move|p1a: Vivillon|Hurricane|p2a: Cryogonal\n|-damage|p2a: Cryogonal|175/287\n|\n|-weather|Snowscape|[upkeep]\n|upkeep\n|turn|12\n|inactive|Time left: 300 sec this turn | 300 sec total\n|\n|t:|1783568636\n|move|p1a: Vivillon|Sleep Powder|p2a: Cryogonal\n|-status|p2a: Cryogonal|slp|[from] move: Sleep Powder\n|cant|p2a: Cryogonal|slp\n|\n|-weather|none\n|upkeep\n|turn|13\n|inactive|Time left: 300 sec this turn | 300 sec total\n|\n|t:|1783568637\n|move|p1a: Vivillon|Quiver Dance|p1a: Vivillon\n|-boost|p1a: Vivillon|spa|1\n|-boost|p1a: Vivillon|spd|1\n|-boost|p1a: Vivillon|spe|1\n|cant|p2a: Cryogonal|slp\n|\n|upkeep\n|turn|14\n|inactive|Time left: 300 sec this turn | 300 sec total\n|\n|t:|1783568638\n|move|p1a: Vivillon|Hurricane|p2a: Cryogonal\n|-damage|p2a: Cryogonal|36/287 slp\n|-curestatus|p2a: Cryogonal|slp|[msg]\n|move|p2a: Cryogonal|Freeze-Dry|p1a: Vivillon\n|-supereffective|p1a: Vivillon\n|-damage|p1a: Vivillon|24/100\n|\n|upkeep\n|turn|15\n|inactive|Time left: 300 sec this turn | 300 sec total\n|\n|t:|1783568639\n|move|p1a: Vivillon|Bug Buzz|p2a: Cryogonal\n|-damage|p2a: Cryogonal|0 fnt\n|faint|p2a: Cryogonal\n|\n|-sideend|p1: p0x246803dd|move: Aurora Veil\n|upkeep\n|inactive|Time left: 300 sec this turn | 300 sec total | 5 sec grace\n|\n|t:|1783568640\n|switch|p2a: Toxtricity|Toxtricity, L82, F|257/257\n|turn|16\n|inactive|Time left: 300 sec this turn | 300 sec total\n|\n|t:|1783568641\n|move|p1a: Vivillon|Sleep Powder|p2a: Toxtricity\n|-status|p2a: Toxtricity|slp|[from] move: Sleep Powder\n|cant|p2a: Toxtricity|slp\n|\n|upkeep\n|turn|17\n|inactive|Time left: 300 sec this turn | 300 sec total\n|\n|t:|1783568642\n|move|p1a: Vivillon|Hurricane|p2a: Toxtricity\n|-resisted|p2a: Toxtricity\n|-damage|p2a: Toxtricity|128/257 slp\n|cant|p2a: Toxtricity|slp\n|\n|upkeep\n|turn|18\n|inactive|Time left: 300 sec this turn | 300 sec total\n|\n|t:|1783568643\n|move|p1a: Vivillon|Hurricane|p2a: Toxtricity\n|-resisted|p2a: Toxtricity\n|-damage|p2a: Toxtricity|1/257 slp\n|-curestatus|p2a: Toxtricity|slp|[msg]\n|move|p2a: Toxtricity|Overdrive|p1a: Vivillon\n|-supereffective|p1a: Vivillon\n|-damage|p1a: Vivillon|0 fnt\n|faint|p1a: Vivillon\n|\n|upkeep\n|\n|t:|1783568644\n|switch|p1a: Duraludon|Duraludon, L82, F|100/100\n|turn|19\n|inactive|Time left: 300 sec this turn | 300 sec total\n|\n|t:|1783568645\n|move|p2a: Toxtricity|Overdrive|p1a: Duraludon\n|-resisted|p1a: Duraludon\n|-damage|p1a: Duraludon|77/100\n|move|p1a: Duraludon|Flash Cannon|p2a: Toxtricity\n|-resisted|p2a: Toxtricity\n|-damage|p2a: Toxtricity|0 fnt\n|faint|p2a: Toxtricity\n|\n|upkeep\n|inactive|Time left: 300 sec this turn | 300 sec total | 5 sec grace\n|\n|t:|1783568646\n|switch|p2a: Iron Bundle|Iron Bundle, L78|215/215\n|turn|20\n|inactive|Time left: 300 sec this turn | 300 sec total\n|\n|t:|1783568647\n|-terastallize|p2a: Iron Bundle|Ice\n|move|p2a: Iron Bundle|Ice Beam|p1a: Duraludon\n|-damage|p1a: Duraludon|0 fnt\n|faint|p1a: Duraludon\n|\n|upkeep\n|\n|t:|1783568648\n|switch|p1a: Scream Tail|Scream Tail, L84|100/100\n|turn|21\n|inactive|Time left: 300 sec this turn | 300 sec total\n|\n|t:|1783568649\n|move|p2a: Iron Bundle|Ice Beam|p1a: Scream Tail\n|-damage|p1a: Scream Tail|52/100\n|-status|p1a: Scream Tail|frz\n|cant|p1a: Scream Tail|frz\n|\n|-heal|p1a: Scream Tail|58/100 frz|[from] item: Leftovers\n|upkeep\n|turn|22\n|inactive|Time left: 300 sec this turn | 300 sec total\n|\n|t:|1783568650\n|-terastallize|p1a: Scream Tail|Steel\n|move|p2a: Iron Bundle|Ice Beam|p1a: Scream Tail\n|-resisted|p1a: Scream Tail\n|-damage|p1a: Scream Tail|33/100 frz\n|cant|p1a: Scream Tail|frz\n|\n|-heal|p1a: Scream Tail|39/100 frz|[from] item: Leftovers\n|upkeep\n|turn|23\n|inactive|Time left: 300 sec this turn | 300 sec total\n|\n|t:|1783568651\n|move|p2a: Iron Bundle|Ice Beam|p1a: Scream Tail\n|-resisted|p1a: Scream Tail\n|-damage|p1a: Scream Tail|14/100 frz\n|cant|p1a: Scream Tail|frz\n|\n|-heal|p1a: Scream Tail|20/100 frz|[from] item: Leftovers\n|upkeep\n|turn|24\n|inactive|Time left: 300 sec this turn | 300 sec total\n|\n|t:|1783568652\n|cant|p1a: Scream Tail|frz\n|move|p2a: Iron Bundle|Ice Beam|p1a: Scream Tail\n|-resisted|p1a: Scream Tail\n|-crit|p1a: Scream Tail\n|-damage|p1a: Scream Tail|0 fnt\n|faint|p1a: Scream Tail\n|-end|p1a: Scream Tail|Protosynthesis|[silent]\n|\n|win|p0y246821f8", "uploadtime": 1783568652, "views": 0, "rating": 0, "private": 0, "password": null, "_winner": "p0y246821f8", "_our_name": "p0y246821f8"}