{"id": "battle-gen9randombattle-1074", "formatid": "gen9randombattle", "format": "[Gen 9] Random Battle", "players": ["p0x107493c8", "p0y10748920"], "log": "|init|battle\n|title|p0x107493c8 vs. p0y10748920\n|j|\u2606p0x107493c8\n|j|\u2606p0y10748920\n|t:|1783552351\n|gametype|singles\n|player|p1|p0x107493c8|266|\n|player|p2|p0y10748920|266|\n|gen|9\n|tier|[Gen 9] Random Battle\n|rule|Species Clause: Limit one of each Pok\u00e9mon\n|rule|HP Percentage Mod: HP is shown in percentages\n|rule|Sleep Clause Mod: Limit one foe put to sleep\n|rule|Illusion Level Mod: Illusion disguises the Pok\u00e9mon's true level\n|\n|t:|1783552351\n|teamsize|p1|6\n|teamsize|p2|6\n|start\n|switch|p1a: Golduck|Golduck, L90, F|290/290\n|switch|p2a: Rampardos|Rampardos, L90, F|100/100\n|-ability|p1a: Golduck|Cloud Nine\n|turn|1\n|inactive|Battle timer is ON: inactive players will automatically lose when time's up. (requested by p0x107493c8)\n|inactive|p0y10748920 also wants the timer to be on.\n|\n|t:|1783552352\n|switch|p2a: Suicune|Suicune, L82|100/100\n|-ability|p2a: Suicune|Pressure\n|move|p1a: Golduck|Grass Knot|p2a: Suicune\n|-supereffective|p2a: Suicune\n|-damage|p2a: Suicune|29/100\n|\n|-heal|p2a: Suicune|35/100|[from] item: Leftovers\n|upkeep\n|turn|2\n|inactive|Time left: 300 sec this turn | 300 sec total\n|\n|t:|1783552354\n|move|p1a: Golduck|Grass Knot|p2a: Suicune\n|-supereffective|p2a: Suicune\n|-damage|p2a: Suicune|0 fnt\n|faint|p2a: Suicune\n|\n|upkeep\n|\n|t:|1783552355\n|switch|p2a: Chi-Yu|Chi-Yu, L77|100/100\n|-ability|p2a: Chi-Yu|Beads of Ruin\n|turn|3\n|inactive|Time left: 300 sec this turn | 300 sec total\n|\n|t:|1783552356\n|switch|p1a: Quagsire|Quagsire, L84, F|297/297\n|move|p2a: Chi-Yu|Dark Pulse|p1a: Quagsire\n|-damage|p1a: Quagsire|59/297\n|\n|-heal|p1a: Quagsire|77/297|[from] item: Leftovers\n|upkeep\n|turn|4\n|inactive|Time left: 300 sec this turn | 300 sec total\n|\n|t:|1783552357\n|switch|p1a: Golduck|Golduck, L90, F|290/290\n|-ability|p1a: Golduck|Cloud Nine\n|move|p2a: Chi-Yu|Dark Pulse|p1a: Golduck\n|-damage|p1a: Golduck|109/290\n|\n|upkeep\n|turn|5\n|inactive|Time left: 300 sec this turn | 300 sec total\n|\n|t:|1783552358\n|-terastallize|p2a: Chi-Yu|Dark\n|move|p1a: Golduck|Hydro Pump|p2a: Chi-Yu\n|-damage|p2a: Chi-Yu|15/100\n|move|p2a: Chi-Yu|Dark Pulse|p1a: Golduck\n|-damage|p1a: Golduck|0 fnt\n|faint|p1a: Golduck\n|\n|upkeep\n|inactive|Time left: 300 sec this turn | 300 sec total | 5 sec grace\n|\n|t:|1783552359\n|switch|p1a: Galvantula|Galvantula, L82, M|249/249\n|turn|6\n|inactive|Time left: 300 sec this turn | 300 sec total\n|\n|t:|1783552360\n|move|p1a: Galvantula|Bug Buzz|p2a: Chi-Yu\n|-supereffective|p2a: Chi-Yu\n|-crit|p2a: Chi-Yu\n|-damage|p2a: Chi-Yu|0 fnt\n|faint|p2a: Chi-Yu\n|\n|upkeep\n|\n|t:|1783552361\n|switch|p2a: Rampardos|Rampardos, L90, F|100/100\n|turn|7\n|inactive|Time left: 300 sec this turn | 300 sec total\n|\n|t:|1783552362\n|move|p1a: Galvantula|Thunder|p2a: Rampardos\n|-damage|p2a: Rampardos|50/100\n|move|p2a: Rampardos|Fire Punch|p1a: Galvantula\n|-supereffective|p1a: Galvantula\n|-damage|p1a: Galvantula|0 fnt\n|faint|p1a: Galvantula\n|\n|upkeep\n|inactive|Time left: 300 sec this turn | 300 sec total | 5 sec grace\n|\n|t:|1783552363\n|switch|p1a: Minun|Minun, L95, M|268/268\n|turn|8\n|inactive|Time left: 300 sec this turn | 300 sec total\n|\n|t:|1783552364\n|switch|p2a: Iron Thorns|Iron Thorns, L83|100/100\n|move|p1a: Minun|Thunderbolt|p2a: Iron Thorns\n|-resisted|p2a: Iron Thorns\n|-damage|p2a: Iron Thorns|85/100\n|-damage|p1a: Minun|242/268|[from] item: Life Orb\n|\n|upkeep\n|turn|9\n|inactive|Time left: 300 sec this turn | 300 sec total\n|\n|t:|1783552365\n|switch|p1a: Altaria|Altaria, L89, M|278/278\n|move|p2a: Iron Thorns|Earthquake|p1a: Altaria\n|-immune|p1a: Altaria\n|\n|upkeep\n|turn|10\n|inactive|Time left: 300 sec this turn | 300 sec total\n|\n|t:|1783552366\n|switch|p1a: Quagsire|Quagsire, L84, F|77/297\n|move|p2a: Iron Thorns|Stone Edge|p1a: Quagsire\n|-resisted|p1a: Quagsire\n|-crit|p1a: Quagsire\n|-damage|p1a: Quagsire|0 fnt\n|faint|p1a: Quagsire\n|\n|upkeep\n|inactive|Time left: 300 sec this turn | 300 sec total | 5 sec grace\n|\n|t:|1783552367\n|switch|p1a: Flutter Mane|Flutter Mane, L74|203/203\n|turn|11\n|inactive|Time left: 300 sec this turn | 300 sec total\n|\n|t:|1783552368\n|move|p1a: Flutter Mane|Moonblast|p2a: Iron Thorns\n|-damage|p2a: Iron Thorns|55/100\n|-damage|p1a: Flutter Mane|183/203|[from] item: Life Orb\n|move|p2a: Iron Thorns|Stone Edge|p1a: Flutter Mane\n|-damage|p1a: Flutter Mane|0 fnt\n|faint|p1a: Flutter Mane\n|-end|p1a: Flutter Mane|Protosynthesis|[silent]\n|\n|upkeep\n|inactive|Time left: 300 sec this turn | 300 sec total | 5 sec grace\n|\n|t:|1783552369\n|switch|p1a: Minun|Minun, L95, M|242/268\n|turn|12\n|inactive|Time left: 300 sec this turn | 300 sec total\n|\n|t:|1783552370\n|move|p1a: Minun|Grass Knot|p2a: Iron Thorns\n|-supereffective|p2a: Iron Thorns\n|-damage|p2a: Iron Thorns|0 fnt\n|faint|p2a: Iron Thorns\n|-end|p2a: Iron Thorns|Quark Drive|[silent]\n|-damage|p1a: Minun|216/268|[from] item: Life Orb\n|\n|upkeep\n|\n|t:|1783552371\n|switch|p2a: Passimian|Passimian, L83, F|100/100\n|turn|13\n|inactive|Time left: 300 sec this turn | 300 sec total\n|\n|t:|1783552372\n|move|p2a: Passimian|Close Combat|p1a: Minun\n|-damage|p1a: Minun|38/268\n|-unboost|p2a: Passimian|def|1\n|-unboost|p2a: Passimian|spd|1\n|move|p1a: Minun|Nasty Plot|p1a: Minun\n|-boost|p1a: Minun|spa|2\n|\n|upkeep\n|turn|14\n|inactive|Time left: 300 sec this turn | 300 sec total\n|\n|t:|1783552373\n|switch|p1a: Altaria|Altaria, L89, M|278/278\n|move|p2a: Passimian|Close Combat|p1a: Altaria\n|-resisted|p1a: Altaria\n|-damage|p1a: Altaria|208/278\n|-unboost|p2a: Passimian|def|1\n|-unboost|p2a: Passimian|spd|1\n|\n|upkeep\n|turn|15\n|inactive|Time left: 300 sec this turn | 300 sec total\n|\n|t:|1783552375\n|move|p2a: Passimian|Close Combat|p1a: Altaria\n|-resisted|p1a: Altaria\n|-damage|p1a: Altaria|136/278\n|-unboost|p2a: Passimian|def|1\n|-unboost|p2a: Passimian|spd|1\n|move|p1a: Altaria|Brave Bird|p2a: Passimian\n|-supereffective|p2a: Passimian\n|-damage|p2a: Passimian|0 fnt\n|faint|p2a: Passimian\n|-damage|p1a: Altaria|36/278|[from] Recoil\n|\n|upkeep\n|\n|t:|1783552375\n|switch|p2a: Flamigo|Flamigo, L82, F|100/100\n|turn|16\n|inactive|Time left: 300 sec this turn | 300 sec total\n|\n|t:|1783552376\n|move|p2a: Flamigo|Throat Chop|p1a: Altaria\n|-damage|p1a: Altaria|0 fnt\n|faint|p1a: Altaria\n|\n|upkeep\n|inactive|Time left: 300 sec this turn | 300 sec total | 5 sec grace\n|\n|t:|1783552377\n|switch|p1a: Minun|Minun, L95, M|38/268\n|turn|17\n|inactive|Time left: 300 sec this turn | 300 sec total\n|\n|t:|1783552378\n|move|p2a: Flamigo|Throat Chop|p1a: Minun\n|-damage|p1a: Minun|0 fnt\n|faint|p1a: Minun\n|\n|win|p0y10748920", "uploadtime": 1783552378, "views": 0, "rating": 0, "private": 0, "password": null, "_winner": "p0y10748920", "_our_name": "p0x107493c8"}