{"id": "battle-gen9randombattle-2497", "formatid": "gen9randombattle", "format": "[Gen 9] Random Battle", "players": ["p0x24973456", "p0y24976c47"], "log": "|init|battle\n|title|p0x24973456 vs. p0y24976c47\n|j|\u2606p0x24973456\n|j|\u2606p0y24976c47\n|t:|1783568952\n|gametype|singles\n|player|p1|p0x24973456|266|\n|player|p2|p0y24976c47|1|\n|gen|9\n|tier|[Gen 9] Random Battle\n|rule|Species Clause: Limit one of each Pok\u00e9mon\n|rule|HP Percentage Mod: HP is shown in percentages\n|rule|Sleep Clause Mod: Limit one foe put to sleep\n|rule|Illusion Level Mod: Illusion disguises the Pok\u00e9mon's true level\n|\n|t:|1783568952\n|teamsize|p1|6\n|teamsize|p2|6\n|start\n|switch|p1a: Salazzle|Salazzle, L83, F|249/249\n|switch|p2a: Diancie|Diancie, L82|100/100\n|turn|1\n|inactive|Battle timer is ON: inactive players will automatically lose when time's up. (requested by p0y24976c47)\n|inactive|Time left: 300 sec this turn | 300 sec total | 60 sec grace\n|inactive|p0x24973456 also wants the timer to be on.\n|\n|t:|1783568953\n|switch|p1a: Gliscor|Gliscor, L76, M|239/239\n|move|p2a: Diancie|Diamond Storm|p1a: Gliscor\n|-damage|p1a: Gliscor|148/239\n|\n|-status|p1a: Gliscor|tox|[from] item: Toxic Orb\n|upkeep\n|turn|2\n|inactive|Time left: 300 sec this turn | 300 sec total\n|\n|t:|1783568954\n|move|p1a: Gliscor|Earthquake|p2a: Diancie\n|-supereffective|p2a: Diancie\n|-damage|p2a: Diancie|47/100\n|move|p2a: Diancie|Diamond Storm|p1a: Gliscor\n|-damage|p1a: Gliscor|67/239 tox\n|-boost|p2a: Diancie|def|2\n|\n|-heal|p2a: Diancie|53/100|[from] item: Leftovers\n|-heal|p1a: Gliscor|96/239 tox|[from] ability: Poison Heal\n|upkeep\n|turn|3\n|inactive|Time left: 300 sec this turn | 300 sec total\n|\n|t:|1783568955\n|move|p1a: Gliscor|Earthquake|p2a: Diancie\n|-supereffective|p2a: Diancie\n|-damage|p2a: Diancie|27/100\n|move|p2a: Diancie|Moonblast|p1a: Gliscor\n|-damage|p1a: Gliscor|0 fnt\n|faint|p1a: Gliscor\n|\n|-heal|p2a: Diancie|33/100|[from] item: Leftovers\n|upkeep\n|inactive|Time left: 300 sec this turn | 300 sec total | 5 sec grace\n|\n|t:|1783568956\n|switch|p1a: Basculegion|Basculegion, L80, M|323/323\n|turn|4\n|inactive|Time left: 300 sec this turn | 300 sec total\n|\n|t:|1783568957\n|move|p1a: Basculegion|Wave Crash|p2a: Diancie\n|-supereffective|p2a: Diancie\n|-damage|p2a: Diancie|0 fnt\n|faint|p2a: Diancie\n|-damage|p1a: Basculegion|300/323|[from] Recoil\n|\n|upkeep\n|\n|t:|1783568958\n|switch|p2a: Bruxish|Bruxish, L85, M|100/100\n|turn|5\n|inactive|Time left: 300 sec this turn | 300 sec total\n|\n|t:|1783568959\n|move|p2a: Bruxish|Psychic Fangs|p1a: Basculegion\n|-damage|p1a: Basculegion|0 fnt\n|faint|p1a: Basculegion\n|\n|upkeep\n|inactive|Time left: 300 sec this turn | 300 sec total | 5 sec grace\n|\n|t:|1783568959\n|switch|p1a: Wyrdeer|Wyrdeer, L87, F|321/321\n|-ability|p1a: Wyrdeer|Intimidate|boost\n|-unboost|p2a: Bruxish|atk|1\n|turn|6\n|inactive|Time left: 300 sec this turn | 300 sec total\n|\n|t:|1783568960\n|move|p2a: Bruxish|Psychic Fangs|p1a: Wyrdeer\n|-resisted|p1a: Wyrdeer\n|-damage|p1a: Wyrdeer|244/321\n|move|p1a: Wyrdeer|Psychic Noise|p2a: Bruxish\n|-resisted|p2a: Bruxish\n|-damage|p2a: Bruxish|79/100\n|-start|p2a: Bruxish|move: Heal Block\n|\n|-heal|p1a: Wyrdeer|264/321|[from] item: Leftovers\n|upkeep\n|turn|7\n|inactive|Time left: 300 sec this turn | 300 sec total\n|\n|t:|1783568961\n|move|p2a: Bruxish|Psychic Fangs|p1a: Wyrdeer\n|-resisted|p1a: Wyrdeer\n|-damage|p1a: Wyrdeer|181/321\n|move|p1a: Wyrdeer|Megahorn|p2a: Bruxish\n|-supereffective|p2a: Bruxish\n|-crit|p2a: Bruxish\n|-damage|p2a: Bruxish|0 fnt\n|faint|p2a: Bruxish\n|\n|-heal|p1a: Wyrdeer|201/321|[from] item: Leftovers\n|upkeep\n|\n|t:|1783568962\n|switch|p2a: Appletun|Appletun, L92, F|100/100\n|turn|8\n|inactive|Time left: 300 sec this turn | 300 sec total\n|\n|t:|1783568963\n|move|p1a: Wyrdeer|Megahorn|p2a: Appletun\n|-supereffective|p2a: Appletun\n|-damage|p2a: Appletun|51/100\n|move|p2a: Appletun|Apple Acid|p1a: Wyrdeer\n|-damage|p1a: Wyrdeer|92/321\n|-unboost|p1a: Wyrdeer|spd|1\n|\n|-heal|p1a: Wyrdeer|112/321|[from] item: Leftovers\n|-heal|p2a: Appletun|57/100|[from] item: Leftovers\n|upkeep\n|turn|9\n|inactive|Time left: 300 sec this turn | 300 sec total\n|\n|t:|1783568964\n|move|p1a: Wyrdeer|Megahorn|p2a: Appletun|[miss]\n|-miss|p1a: Wyrdeer|p2a: Appletun\n|move|p2a: Appletun|Apple Acid|p1a: Wyrdeer\n|-damage|p1a: Wyrdeer|0 fnt\n|faint|p1a: Wyrdeer\n|\n|-heal|p2a: Appletun|64/100|[from] item: Leftovers\n|upkeep\n|inactive|Time left: 300 sec this turn | 300 sec total | 5 sec grace\n|\n|t:|1783568965\n|switch|p1a: Calyrex|Calyrex-Ice, L72|263/263\n|-ability|p1a: Calyrex|As One\n|-ability|p1a: Calyrex|Unnerve\n|turn|10\n|inactive|Time left: 300 sec this turn | 300 sec total\n|\n|t:|1783568966\n|switch|p2a: Dondozo|Dondozo, L78, F|100/100\n|move|p1a: Calyrex|Glacial Lance|p2a: Dondozo\n|-resisted|p2a: Dondozo\n|-damage|p2a: Dondozo|82/100\n|\n|-heal|p2a: Dondozo|88/100|[from] item: Leftovers\n|upkeep\n|turn|11\n|inactive|Time left: 300 sec this turn | 300 sec total\n|\n|t:|1783568967\n|move|p1a: Calyrex|Agility|p1a: Calyrex\n|-boost|p1a: Calyrex|spe|2\n|move|p2a: Dondozo|Wave Crash|p1a: Calyrex\n|-damage|p1a: Calyrex|169/263\n|-damage|p2a: Dondozo|79/100|[from] Recoil\n|\n|-heal|p2a: Dondozo|85/100|[from] item: Leftovers\n|upkeep\n|turn|12\n|inactive|Time left: 300 sec this turn | 300 sec total\n|\n|t:|1783568968\n|move|p1a: Calyrex|Glacial Lance|p2a: Dondozo\n|-resisted|p2a: Dondozo\n|-damage|p2a: Dondozo|67/100\n|move|p2a: Dondozo|Wave Crash|p1a: Calyrex\n|-damage|p1a: Calyrex|75/263\n|-damage|p2a: Dondozo|59/100|[from] Recoil\n|\n|-heal|p2a: Dondozo|65/100|[from] item: Leftovers\n|upkeep\n|turn|13\n|inactive|Time left: 300 sec this turn | 300 sec total\n|\n|t:|1783568969\n|move|p1a: Calyrex|Glacial Lance|p2a: Dondozo\n|-resisted|p2a: Dondozo\n|-damage|p2a: Dondozo|49/100\n|move|p2a: Dondozo|Wave Crash|p1a: Calyrex\n|-damage|p1a: Calyrex|0 fnt\n|faint|p1a: Calyrex\n|-damage|p2a: Dondozo|42/100|[from] Recoil\n|\n|-heal|p2a: Dondozo|48/100|[from] item: Leftovers\n|upkeep\n|inactive|Time left: 300 sec this turn | 300 sec total | 5 sec grace\n|\n|t:|1783568970\n|switch|p1a: Sneasler|Sneasler, L74, F|240/240\n|turn|14\n|inactive|Time left: 300 sec this turn | 300 sec total\n|\n|t:|1783568971\n|move|p1a: Sneasler|Gunk Shot|p2a: Dondozo\n|-damage|p2a: Dondozo|16/100\n|move|p2a: Dondozo|Wave Crash|p1a: Sneasler\n|-damage|p1a: Sneasler|71/240\n|-damage|p2a: Dondozo|1/100|[from] Recoil\n|\n|-heal|p2a: Dondozo|7/100|[from] item: Leftovers\n|upkeep\n|turn|15\n|inactive|Time left: 300 sec this turn | 300 sec total\n|\n|t:|1783568972\n|switch|p2a: Ceruledge|Ceruledge, L78, F|100/100\n|move|p1a: Sneasler|Gunk Shot|p2a: Ceruledge\n|-resisted|p2a: Ceruledge\n|-damage|p2a: Ceruledge|74/100\n|-status|p2a: Ceruledge|psn\n|-ability|p2a: Ceruledge|Weak Armor|boost\n|-unboost|p2a: Ceruledge|def|1\n|-boost|p2a: Ceruledge|spe|2\n|\n|-damage|p2a: Ceruledge|61/100 psn|[from] psn\n|upkeep\n|turn|16\n|inactive|Time left: 300 sec this turn | 300 sec total\n|\n|t:|1783568973\n|switch|p1a: Salazzle|Salazzle, L83, F|249/249\n|move|p2a: Ceruledge|Bitter Blade|p1a: Salazzle\n|-resisted|p1a: Salazzle\n|-damage|p1a: Salazzle|177/249\n|-heal|p2a: Ceruledge|76/100 psn|[from] drain|[of] p1a: Salazzle\n|\n|-heal|p1a: Salazzle|192/249|[from] item: Leftovers\n|-damage|p2a: Ceruledge|64/100 psn|[from] psn\n|upkeep\n|turn|17\n|inactive|Time left: 300 sec this turn | 300 sec total\n|\n|t:|1783568974\n|move|p2a: Ceruledge|Swords Dance|p2a: Ceruledge\n|-boost|p2a: Ceruledge|atk|2\n|move|p1a: Salazzle|Substitute|p1a: Salazzle\n|-start|p1a: Salazzle|Substitute\n|-damage|p1a: Salazzle|130/249\n|\n|-heal|p1a: Salazzle|145/249|[from] item: Leftovers\n|-damage|p2a: Ceruledge|52/100 psn|[from] psn\n|upkeep\n|turn|18\n|inactive|Time left: 300 sec this turn | 300 sec total\n|\n|t:|1783568975\n|move|p1a: Salazzle|Protect|p1a: Salazzle\n|-singleturn|p1a: Salazzle|Protect\n|move|p2a: Ceruledge|Bitter Blade|p1a: Salazzle\n|-activate|p1a: Salazzle|move: Protect\n|\n|-heal|p1a: Salazzle|160/249|[from] item: Leftovers\n|-damage|p2a: Ceruledge|39/100 psn|[from] psn\n|upkeep\n|turn|19\n|inactive|Time left: 300 sec this turn | 300 sec total\n|\n|t:|1783568976\n|move|p2a: Ceruledge|Bitter Blade|p1a: Salazzle\n|-resisted|p1a: Salazzle\n|-end|p1a: Salazzle|Substitute\n|-heal|p2a: Ceruledge|52/100 psn|[from] drain|[of] p1a: Salazzle\n|move|p1a: Salazzle|Flamethrower|p2a: Ceruledge\n|-resisted|p2a: Ceruledge\n|-damage|p2a: Ceruledge|31/100 psn\n|\n|-heal|p1a: Salazzle|175/249|[from] item: Leftovers\n|-damage|p2a: Ceruledge|18/100 psn|[from] psn\n|upkeep\n|turn|20\n|inactive|Time left: 300 sec this turn | 300 sec total\n|\n|t:|1783568976\n|move|p1a: Salazzle|Protect|p1a: Salazzle\n|-singleturn|p1a: Salazzle|Protect\n|move|p2a: Ceruledge|Bitter Blade|p1a: Salazzle\n|-activate|p1a: Salazzle|move: Protect\n|\n|-heal|p1a: Salazzle|190/249|[from] item: Leftovers\n|-damage|p2a: Ceruledge|6/100 psn|[from] psn\n|upkeep\n|turn|21\n|inactive|Time left: 300 sec this turn | 300 sec total\n|\n|t:|1783568977\n|switch|p1a: Sneasler|Sneasler, L74, F|71/240\n|move|p2a: Ceruledge|Bitter Blade|p1a: Sneasler\n|-damage|p1a: Sneasler|0 fnt\n|-heal|p2a: Ceruledge|21/100 psn|[from] drain|[of] p1a: Sneasler\n|faint|p1a: Sneasler\n|\n|-damage|p2a: Ceruledge|9/100 psn|[from] psn\n|upkeep\n|inactive|Time left: 300 sec this turn | 300 sec total | 5 sec grace\n|\n|t:|1783568978\n|switch|p1a: Salazzle|Salazzle, L83, F|190/249\n|turn|22\n|inactive|Time left: 300 sec this turn | 300 sec total\n|\n|t:|1783568979\n|move|p1a: Salazzle|Protect|p1a: Salazzle\n|-singleturn|p1a: Salazzle|Protect\n|move|p2a: Ceruledge|Bitter Blade|p1a: Salazzle\n|-activate|p1a: Salazzle|move: Protect\n|\n|-heal|p1a: Salazzle|205/249|[from] item: Leftovers\n|-damage|p2a: Ceruledge|0 fnt|[from] psn\n|faint|p2a: Ceruledge\n|upkeep\n|\n|t:|1783568980\n|switch|p2a: Appletun|Appletun, L92, F|64/100\n|turn|23\n|inactive|Time left: 300 sec this turn | 300 sec total\n|\n|t:|1783568981\n|move|p1a: Salazzle|Substitute|p1a: Salazzle\n|-start|p1a: Salazzle|Substitute\n|-damage|p1a: Salazzle|143/249\n|move|p2a: Appletun|Dragon Tail|p1a: Salazzle|[miss]\n|-miss|p2a: Appletun|p1a: Salazzle\n|\n|-heal|p1a: Salazzle|158/249|[from] item: Leftovers\n|-heal|p2a: Appletun|70/100|[from] item: Leftovers\n|upkeep\n|turn|24\n|inactive|Time left: 300 sec this turn | 300 sec total\n|\n|t:|1783568982\n|move|p1a: Salazzle|Toxic|p2a: Appletun\n|-status|p2a: Appletun|tox\n|move|p2a: Appletun|Dragon Tail|p1a: Salazzle\n|-end|p1a: Salazzle|Substitute\n|\n|-heal|p1a: Salazzle|173/249|[from] item: Leftovers\n|-heal|p2a: Appletun|76/100 tox|[from] item: Leftovers\n|-damage|p2a: Appletun|70/100 tox|[from] psn\n|upkeep\n|turn|25\n|inactive|Time left: 300 sec this turn | 300 sec total\n|\n|t:|1783568983\n|move|p1a: Salazzle|Substitute|p1a: Salazzle\n|-start|p1a: Salazzle|Substitute\n|-damage|p1a: Salazzle|111/249\n|move|p2a: Appletun|Dragon Tail|p1a: Salazzle\n|-end|p1a: Salazzle|Substitute\n|\n|-heal|p1a: Salazzle|126/249|[from] item: Leftovers\n|-heal|p2a: Appletun|76/100 tox|[from] item: Leftovers\n|-damage|p2a: Appletun|64/100 tox|[from] psn\n|upkeep\n|turn|26\n|inactive|Time left: 300 sec this turn | 300 sec total\n|\n|t:|1783568984\n|move|p1a: Salazzle|Protect|p1a: Salazzle\n|-singleturn|p1a: Salazzle|Protect\n|move|p2a: Appletun|Dragon Tail|p1a: Salazzle\n|-activate|p1a: Salazzle|move: Protect\n|\n|-heal|p1a: Salazzle|141/249|[from] item: Leftovers\n|-heal|p2a: Appletun|70/100 tox|[from] item: Leftovers\n|-damage|p2a: Appletun|51/100 tox|[from] psn\n|upkeep\n|turn|27\n|inactive|Time left: 300 sec this turn | 300 sec total\n|\n|t:|1783568985\n|move|p1a: Salazzle|Substitute|p1a: Salazzle\n|-start|p1a: Salazzle|Substitute\n|-damage|p1a: Salazzle|79/249\n|move|p2a: Appletun|Draco Meteor|p1a: Salazzle\n|-end|p1a: Salazzle|Substitute\n|-unboost|p2a: Appletun|spa|2\n|\n|-heal|p1a: Salazzle|94/249|[from] item: Leftovers\n|-heal|p2a: Appletun|57/100 tox|[from] item: Leftovers\n|-damage|p2a: Appletun|32/100 tox|[from] psn\n|upkeep\n|turn|28\n|inactive|Time left: 300 sec this turn | 300 sec total\n|\n|t:|1783568986\n|switch|p2a: Uxie|Uxie, L83|100/100\n|move|p1a: Salazzle|Substitute|p1a: Salazzle\n|-start|p1a: Salazzle|Substitute\n|-damage|p1a: Salazzle|32/249\n|\n|-heal|p1a: Salazzle|47/249|[from] item: Leftovers\n|upkeep\n|turn|29\n|inactive|Time left: 300 sec this turn | 300 sec total\n|\n|t:|1783568987\n|-terastallize|p1a: Salazzle|Grass\n|-terastallize|p2a: Uxie|Steel\n|move|p1a: Salazzle|Protect|p1a: Salazzle\n|-singleturn|p1a: Salazzle|Protect\n|move|p2a: Uxie|Psychic Noise|p1a: Salazzle\n|-activate|p1a: Salazzle|move: Protect\n|\n|-heal|p1a: Salazzle|62/249|[from] item: Leftovers\n|upkeep\n|turn|30\n|inactive|Time left: 300 sec this turn | 300 sec total\n|\n|t:|1783568988\n|move|p1a: Salazzle|Protect||[still]\n|-fail|p1a: Salazzle\n|move|p2a: Uxie|Psychic Noise|p1a: Salazzle\n|-damage|p1a: Salazzle|0 fnt\n|faint|p1a: Salazzle\n|\n|win|p0y24976c47", "uploadtime": 1783568988, "views": 0, "rating": 0, "private": 0, "password": null, "_winner": "p0y24976c47", "_our_name": "p0x24973456"}