{"id": "battle-gen9randombattle-2038", "formatid": "gen9randombattle", "format": "[Gen 9] Random Battle", "players": ["p0x203982f6", "p0y2039e34a"], "log": "|init|battle\n|title|p0x203982f6 vs. p0y2039e34a\n|j|\u2606p0x203982f6\n|j|\u2606p0y2039e34a\n|t:|1783562843\n|gametype|singles\n|player|p1|p0x203982f6|265|\n|player|p2|p0y2039e34a|169|\n|gen|9\n|tier|[Gen 9] Random Battle\n|rule|Species Clause: Limit one of each Pok\u00e9mon\n|rule|HP Percentage Mod: HP is shown in percentages\n|rule|Sleep Clause Mod: Limit one foe put to sleep\n|rule|Illusion Level Mod: Illusion disguises the Pok\u00e9mon's true level\n|\n|t:|1783562843\n|teamsize|p1|6\n|teamsize|p2|6\n|start\n|switch|p1a: Kommo-o|Kommo-o, L77, M|242/242\n|switch|p2a: Gothitelle|Gothitelle, L90, M|100/100\n|turn|1\n|inactive|Battle timer is ON: inactive players will automatically lose when time's up. (requested by p0x203982f6)\n|\n|t:|1783562844\n|move|p2a: Gothitelle|Psychic|p1a: Kommo-o\n|-supereffective|p1a: Kommo-o\n|-damage|p1a: Kommo-o|32/242\n|move|p1a: Kommo-o|Swords Dance|p1a: Kommo-o\n|-boost|p1a: Kommo-o|atk|2\n|\n|upkeep\n|turn|2\n|inactive|Time left: 300 sec this turn | 300 sec total\n|inactive|p0y2039e34a also wants the timer to be on.\n|\n|t:|1783562845\n|move|p2a: Gothitelle|Psychic|p1a: Kommo-o\n|-supereffective|p1a: Kommo-o\n|-crit|p1a: Kommo-o\n|-damage|p1a: Kommo-o|0 fnt\n|faint|p1a: Kommo-o\n|\n|upkeep\n|inactive|Time left: 300 sec this turn | 300 sec total | 5 sec grace\n|\n|t:|1783562846\n|switch|p1a: Empoleon|Empoleon, L84, M|278/278\n|turn|3\n|inactive|Time left: 300 sec this turn | 300 sec total\n|\n|t:|1783562847\n|switch|p2a: Whiscash|Whiscash, L88, M|100/100\n|move|p1a: Empoleon|Surf|p2a: Whiscash\n|-damage|p2a: Whiscash|62/100\n|\n|upkeep\n|turn|4\n|inactive|Time left: 300 sec this turn | 300 sec total\n|\n|t:|1783562848\n|move|p2a: Whiscash|Earthquake|p1a: Empoleon\n|-supereffective|p1a: Empoleon\n|-crit|p1a: Empoleon\n|-damage|p1a: Empoleon|0 fnt\n|faint|p1a: Empoleon\n|-damage|p2a: Whiscash|52/100|[from] item: Life Orb\n|\n|upkeep\n|inactive|Time left: 300 sec this turn | 300 sec total | 5 sec grace\n|\n|t:|1783562849\n|switch|p1a: Virizion|Virizion, L82|283/283\n|turn|5\n|inactive|Time left: 300 sec this turn | 300 sec total\n|\n|t:|1783562850\n|switch|p2a: Bronzong|Bronzong, L88|100/100\n|move|p1a: Virizion|Swords Dance|p1a: Virizion\n|-boost|p1a: Virizion|atk|2\n|\n|upkeep\n|turn|6\n|inactive|Time left: 300 sec this turn | 300 sec total\n|\n|t:|1783562851\n|move|p1a: Virizion|Close Combat|p2a: Bronzong\n|-damage|p2a: Bronzong|6/100\n|-unboost|p1a: Virizion|def|1\n|-unboost|p1a: Virizion|spd|1\n|-damage|p1a: Virizion|255/283|[from] item: Life Orb\n|move|p2a: Bronzong|Psychic|p1a: Virizion\n|-supereffective|p1a: Virizion\n|-damage|p1a: Virizion|33/283\n|\n|-heal|p2a: Bronzong|12/100|[from] item: Leftovers\n|upkeep\n|turn|7\n|inactive|Time left: 300 sec this turn | 300 sec total\n|\n|t:|1783562852\n|move|p1a: Virizion|Close Combat|p2a: Bronzong\n|-damage|p2a: Bronzong|0 fnt\n|-unboost|p1a: Virizion|def|1\n|-unboost|p1a: Virizion|spd|1\n|faint|p2a: Bronzong\n|-damage|p1a: Virizion|5/283|[from] item: Life Orb\n|\n|upkeep\n|\n|t:|1783562853\n|switch|p2a: Gothitelle|Gothitelle, L90, M|100/100\n|turn|8\n|inactive|Time left: 300 sec this turn | 300 sec total\n|\n|t:|1783562854\n|move|p2a: Gothitelle|Psychic|p1a: Virizion\n|-supereffective|p1a: Virizion\n|-damage|p1a: Virizion|0 fnt\n|faint|p1a: Virizion\n|\n|upkeep\n|inactive|Time left: 300 sec this turn | 300 sec total | 5 sec grace\n|\n|t:|1783562855\n|switch|p1a: Greninja|Greninja, L80, M|246/246\n|turn|9\n|inactive|Time left: 300 sec this turn | 300 sec total\n|\n|t:|1783562856\n|move|p2a: Gothitelle|Psychic|p1a: Greninja\n|-immune|p1a: Greninja\n|move|p1a: Greninja|Hydro Pump|p2a: Gothitelle\n|-start|p1a: Greninja|typechange|Water|[from] ability: Protean\n|-damage|p2a: Gothitelle|56/100\n|-damage|p1a: Greninja|222/246|[from] item: Life Orb\n|\n|upkeep\n|turn|10\n|inactive|Time left: 300 sec this turn | 300 sec total\n|\n|t:|1783562858\n|move|p2a: Gothitelle|Psychic|p1a: Greninja\n|-damage|p1a: Greninja|86/246\n|move|p1a: Greninja|Hydro Pump|p2a: Gothitelle\n|-damage|p2a: Gothitelle|16/100\n|-damage|p1a: Greninja|62/246|[from] item: Life Orb\n|\n|upkeep\n|turn|11\n|inactive|Time left: 300 sec this turn | 300 sec total\n|\n|t:|1783562859\n|move|p2a: Gothitelle|Psychic|p1a: Greninja\n|-damage|p1a: Greninja|0 fnt\n|faint|p1a: Greninja\n|\n|upkeep\n|inactive|Time left: 300 sec this turn | 300 sec total | 5 sec grace\n|\n|t:|1783562860\n|switch|p1a: Zebstrika|Zebstrika, L87, M|272/272\n|turn|12\n|inactive|Time left: 300 sec this turn | 300 sec total\n|\n|t:|1783562861\n|switch|p2a: Donphan|Donphan, L84, M|100/100\n|move|p1a: Zebstrika|High Horsepower|p2a: Donphan\n|-damage|p2a: Donphan|77/100\n|-damage|p1a: Zebstrika|245/272|[from] item: Life Orb\n|\n|-heal|p2a: Donphan|83/100|[from] item: Leftovers\n|upkeep\n|turn|13\n|inactive|Time left: 300 sec this turn | 300 sec total\n|\n|t:|1783562862\n|-terastallize|p1a: Zebstrika|Ground\n|move|p1a: Zebstrika|High Horsepower|p2a: Donphan\n|-damage|p2a: Donphan|46/100\n|-damage|p1a: Zebstrika|218/272|[from] item: Life Orb\n|move|p2a: Donphan|Earthquake|p1a: Zebstrika\n|-damage|p1a: Zebstrika|68/272\n|\n|-heal|p2a: Donphan|53/100|[from] item: Leftovers\n|upkeep\n|turn|14\n|inactive|Time left: 300 sec this turn | 300 sec total\n|\n|t:|1783562863\n|move|p1a: Zebstrika|High Horsepower|p2a: Donphan\n|-damage|p2a: Donphan|13/100\n|-damage|p1a: Zebstrika|41/272|[from] item: Life Orb\n|move|p2a: Donphan|Rapid Spin|p1a: Zebstrika\n|-damage|p1a: Zebstrika|0 fnt\n|-boost|p2a: Donphan|spe|1\n|faint|p1a: Zebstrika\n|\n|-heal|p2a: Donphan|19/100|[from] item: Leftovers\n|upkeep\n|inactive|Time left: 300 sec this turn | 300 sec total | 5 sec grace\n|\n|t:|1783562864\n|switch|p1a: Pikachu|Pikachu, L93, F|216/216\n|turn|15\n|inactive|Time left: 300 sec this turn | 300 sec total\n|\n|t:|1783562865\n|move|p1a: Pikachu|Fake Out|p2a: Donphan\n|-damage|p2a: Donphan|7/100\n|cant|p2a: Donphan|flinch\n|\n|-heal|p2a: Donphan|13/100|[from] item: Leftovers\n|upkeep\n|turn|16\n|inactive|Time left: 300 sec this turn | 300 sec total\n|\n|t:|1783562866\n|move|p1a: Pikachu|Surf|p2a: Donphan\n|-supereffective|p2a: Donphan\n|-damage|p2a: Donphan|0 fnt\n|faint|p2a: Donphan\n|\n|upkeep\n|\n|t:|1783562867\n|switch|p2a: Whiscash|Whiscash, L88, M|52/100\n|turn|17\n|inactive|Time left: 300 sec this turn | 300 sec total\n|\n|t:|1783562868\n|move|p1a: Pikachu|Knock Off|p2a: Whiscash\n|-damage|p2a: Whiscash|16/100\n|-enditem|p2a: Whiscash|Life Orb|[from] move: Knock Off|[of] p1a: Pikachu\n|move|p2a: Whiscash|Earthquake|p1a: Pikachu\n|-supereffective|p1a: Pikachu\n|-damage|p1a: Pikachu|0 fnt\n|faint|p1a: Pikachu\n|\n|win|p0y2039e34a", "uploadtime": 1783562868, "views": 0, "rating": 0, "private": 0, "password": null, "_winner": "p0y2039e34a", "_our_name": "p0x203982f6"}