{"id": "battle-gen9randombattle-1590", "formatid": "gen9randombattle", "format": "[Gen 9] Random Battle", "players": ["p0x159099dc", "p0y1590786f"], "log": "|init|battle\n|title|p0x159099dc vs. p0y1590786f\n|j|\u2606p0x159099dc\n|j|\u2606p0y1590786f\n|t:|1783557621\n|gametype|singles\n|player|p1|p0x159099dc|265|\n|player|p2|p0y1590786f|102|\n|gen|9\n|tier|[Gen 9] Random Battle\n|rule|Species Clause: Limit one of each Pok\u00e9mon\n|rule|HP Percentage Mod: HP is shown in percentages\n|rule|Sleep Clause Mod: Limit one foe put to sleep\n|rule|Illusion Level Mod: Illusion disguises the Pok\u00e9mon's true level\n|\n|t:|1783557621\n|teamsize|p1|6\n|teamsize|p2|6\n|start\n|switch|p1a: Snorlax|Snorlax, L82, F|100/100\n|switch|p2a: Entei|Entei, L78|307/307\n|turn|1\n|inactive|Battle timer is ON: inactive players will automatically lose when time's up. (requested by p0y1590786f)\n|inactive|p0x159099dc also wants the timer to be on.\n|\n|t:|1783557623\n|move|p2a: Entei|Sacred Fire|p1a: Snorlax\n|-damage|p1a: Snorlax|76/100\n|-status|p1a: Snorlax|brn\n|move|p1a: Snorlax|Body Slam|p2a: Entei\n|-damage|p2a: Entei|252/307\n|\n|-heal|p1a: Snorlax|82/100 brn|[from] item: Leftovers\n|-damage|p1a: Snorlax|76/100 brn|[from] brn\n|upkeep\n|turn|2\n|inactive|Time left: 300 sec this turn | 300 sec total\n|\n|t:|1783557624\n|switch|p1a: Magcargo|Magcargo, L95, F|100/100\n|move|p2a: Entei|Sacred Fire|p1a: Magcargo\n|-resisted|p1a: Magcargo\n|-damage|p1a: Magcargo|90/100\n|\n|upkeep\n|turn|3\n|inactive|Time left: 300 sec this turn | 300 sec total\n|\n|t:|1783557625\n|switch|p2a: Magmortar|Magmortar, L88, F|275/275\n|move|p1a: Magcargo|Power Gem|p2a: Magmortar\n|-supereffective|p2a: Magmortar\n|-damage|p2a: Magmortar|71/275\n|\n|upkeep\n|turn|4\n|inactive|Time left: 300 sec this turn | 300 sec total\n|\n|t:|1783557627\n|move|p2a: Magmortar|Scorching Sands|p1a: Magcargo\n|-supereffective|p1a: Magcargo\n|-damage|p1a: Magcargo|0 fnt\n|faint|p1a: Magcargo\n|\n|upkeep\n|\n|t:|1783557628\n|switch|p1a: Venomoth|Venomoth, L84, M|100/100\n|turn|5\n|inactive|Time left: 300 sec this turn | 300 sec total\n|\n|t:|1783557629\n|move|p1a: Venomoth|Sludge Wave|p2a: Magmortar\n|-damage|p2a: Magmortar|0 fnt\n|faint|p2a: Magmortar\n|\n|upkeep\n|inactive|Time left: 300 sec this turn | 300 sec total | 5 sec grace\n|\n|t:|1783557630\n|switch|p2a: Entei|Entei, L78|252/307\n|turn|6\n|inactive|Time left: 300 sec this turn | 300 sec total\n|\n|t:|1783557631\n|switch|p1a: Snorlax|Snorlax, L82, F|76/100 brn\n|move|p2a: Entei|Sacred Fire|p1a: Snorlax\n|-damage|p1a: Snorlax|50/100 brn\n|\n|-heal|p1a: Snorlax|56/100 brn|[from] item: Leftovers\n|-damage|p1a: Snorlax|50/100 brn|[from] brn\n|upkeep\n|turn|7\n|inactive|Time left: 300 sec this turn | 300 sec total\n|\n|t:|1783557632\n|move|p2a: Entei|Sacred Fire|p1a: Snorlax\n|-damage|p1a: Snorlax|22/100 brn\n|move|p1a: Snorlax|Rest|p1a: Snorlax\n|-status|p1a: Snorlax|slp|[from] move: Rest\n|-heal|p1a: Snorlax|100/100 slp|[silent]\n|\n|upkeep\n|turn|8\n|inactive|Time left: 300 sec this turn | 300 sec total\n|\n|t:|1783557633\n|move|p2a: Entei|Sacred Fire|p1a: Snorlax\n|-damage|p1a: Snorlax|75/100 slp\n|cant|p1a: Snorlax|slp\n|move|p1a: Snorlax|Sleep Talk|p1a: Snorlax\n|move|p1a: Snorlax|Curse|p1a: Snorlax|[from] move: Sleep Talk\n|-unboost|p1a: Snorlax|spe|1\n|-boost|p1a: Snorlax|atk|1\n|-boost|p1a: Snorlax|def|1\n|\n|-heal|p1a: Snorlax|81/100 slp|[from] item: Leftovers\n|upkeep\n|turn|9\n|inactive|Time left: 300 sec this turn | 300 sec total\n|\n|t:|1783557634\n|move|p2a: Entei|Sacred Fire|p1a: Snorlax\n|-damage|p1a: Snorlax|62/100 slp\n|cant|p1a: Snorlax|slp\n|move|p1a: Snorlax|Sleep Talk|p1a: Snorlax\n|move|p1a: Snorlax|Body Slam|p2a: Entei|[from] move: Sleep Talk\n|-damage|p2a: Entei|89/307\n|-status|p2a: Entei|par\n|\n|-heal|p1a: Snorlax|69/100 slp|[from] item: Leftovers\n|upkeep\n|turn|10\n|inactive|Time left: 300 sec this turn | 300 sec total\n|\n|t:|1783557635\n|move|p2a: Entei|Sacred Fire|p1a: Snorlax\n|-damage|p1a: Snorlax|52/100 slp\n|-curestatus|p1a: Snorlax|slp|[msg]\n|move|p1a: Snorlax|Body Slam|p2a: Entei\n|-damage|p2a: Entei|0 fnt\n|faint|p2a: Entei\n|\n|-heal|p1a: Snorlax|58/100|[from] item: Leftovers\n|upkeep\n|inactive|Time left: 300 sec this turn | 300 sec total | 5 sec grace\n|\n|t:|1783557636\n|switch|p2a: Gallade|Gallade, L80, M|240/240\n|turn|11\n|inactive|Time left: 300 sec this turn | 300 sec total\n|\n|t:|1783557638\n|-terastallize|p1a: Snorlax|Fairy\n|move|p2a: Gallade|Psycho Cut|p1a: Snorlax\n|-damage|p1a: Snorlax|32/100\n|move|p1a: Snorlax|Body Slam|p2a: Gallade\n|-damage|p2a: Gallade|65/240\n|-status|p2a: Gallade|par\n|\n|-heal|p1a: Snorlax|38/100|[from] item: Leftovers\n|upkeep\n|turn|12\n|inactive|Time left: 300 sec this turn | 300 sec total\n|\n|t:|1783557639\n|switch|p1a: Stantler|Stantler, L92, F|100/100\n|-ability|p1a: Stantler|Intimidate|boost\n|-unboost|p2a: Gallade|atk|1\n|move|p2a: Gallade|Psycho Cut|p1a: Stantler\n|-damage|p1a: Stantler|78/100\n|\n|upkeep\n|turn|13\n|inactive|Time left: 300 sec this turn | 300 sec total\n|\n|t:|1783557640\n|move|p1a: Stantler|Body Slam|p2a: Gallade\n|-damage|p2a: Gallade|0 fnt\n|faint|p2a: Gallade\n|\n|upkeep\n|inactive|Time left: 300 sec this turn | 300 sec total | 5 sec grace\n|\n|t:|1783557641\n|switch|p2a: Azelf|Azelf, L82|257/257\n|turn|14\n|inactive|Time left: 300 sec this turn | 300 sec total\n|\n|t:|1783557642\n|move|p2a: Azelf|Psychic|p1a: Stantler\n|-damage|p1a: Stantler|31/100\n|move|p1a: Stantler|Body Slam|p2a: Azelf\n|-damage|p2a: Azelf|133/257\n|\n|upkeep\n|turn|15\n|inactive|Time left: 300 sec this turn | 300 sec total\n|\n|t:|1783557643\n|move|p2a: Azelf|Psychic|p1a: Stantler\n|-damage|p1a: Stantler|0 fnt\n|faint|p1a: Stantler\n|\n|upkeep\n|\n|t:|1783557644\n|switch|p1a: Toxicroak|Toxicroak, L84, F|100/100\n|turn|16\n|inactive|Time left: 300 sec this turn | 300 sec total\n|\n|t:|1783557645\n|move|p1a: Toxicroak|Gunk Shot|p2a: Azelf|[miss]\n|-miss|p1a: Toxicroak|p2a: Azelf\n|move|p2a: Azelf|Psychic|p1a: Toxicroak\n|-supereffective|p1a: Toxicroak\n|-damage|p1a: Toxicroak|0 fnt\n|faint|p1a: Toxicroak\n|\n|upkeep\n|\n|t:|1783557646\n|switch|p1a: Banette|Banette, L93, F|100/100\n|turn|17\n|inactive|Time left: 300 sec this turn | 300 sec total\n|\n|t:|1783557647\n|-terastallize|p2a: Azelf|Fire\n|move|p1a: Banette|Shadow Sneak|p2a: Azelf\n|-damage|p2a: Azelf|38/257\n|-damage|p1a: Banette|90/100|[from] item: Life Orb\n|move|p2a: Azelf|Psychic|p1a: Banette\n|-damage|p1a: Banette|19/100\n|\n|upkeep\n|turn|18\n|inactive|Time left: 300 sec this turn | 300 sec total\n|\n|t:|1783557648\n|move|p1a: Banette|Shadow Sneak|p2a: Azelf\n|-damage|p2a: Azelf|0 fnt\n|faint|p2a: Azelf\n|-damage|p1a: Banette|9/100|[from] item: Life Orb\n|\n|upkeep\n|inactive|Time left: 300 sec this turn | 300 sec total | 5 sec grace\n|\n|t:|1783557649\n|switch|p2a: Sandy Shocks|Sandy Shocks, L80|267/267\n|turn|19\n|inactive|Time left: 300 sec this turn | 300 sec total\n|\n|t:|1783557651\n|move|p1a: Banette|Shadow Sneak|p2a: Sandy Shocks\n|-damage|p2a: Sandy Shocks|185/267\n|-damage|p1a: Banette|0 fnt|[from] item: Life Orb\n|faint|p1a: Banette\n|move|p2a: Sandy Shocks|Earth Power|p1: Banette|[notarget]\n|-fail|p2a: Sandy Shocks\n|\n|upkeep\n|\n|t:|1783557652\n|switch|p1a: Venomoth|Venomoth, L84, M|100/100\n|turn|20\n|inactive|Time left: 300 sec this turn | 300 sec total\n|\n|t:|1783557653\n|move|p2a: Sandy Shocks|Thunderbolt|p1a: Venomoth\n|-damage|p1a: Venomoth|51/100\n|move|p1a: Venomoth|Quiver Dance|p1a: Venomoth\n|-boost|p1a: Venomoth|spa|1\n|-boost|p1a: Venomoth|spd|1\n|-boost|p1a: Venomoth|spe|1\n|\n|upkeep\n|turn|21\n|inactive|Time left: 300 sec this turn | 300 sec total\n|\n|t:|1783557654\n|move|p1a: Venomoth|Sleep Powder|p2a: Sandy Shocks\n|-status|p2a: Sandy Shocks|slp|[from] move: Sleep Powder\n|cant|p2a: Sandy Shocks|slp\n|\n|upkeep\n|turn|22\n|inactive|Time left: 300 sec this turn | 300 sec total\n|\n|t:|1783557655\n|move|p1a: Venomoth|Quiver Dance|p1a: Venomoth\n|-boost|p1a: Venomoth|spa|1\n|-boost|p1a: Venomoth|spd|1\n|-boost|p1a: Venomoth|spe|1\n|cant|p2a: Sandy Shocks|slp\n|\n|upkeep\n|turn|23\n|inactive|Time left: 300 sec this turn | 300 sec total\n|\n|t:|1783557656\n|-end|p2a: Sandy Shocks|Protosynthesis|[silent]\n|switch|p2a: Illumise|Illumise, L91, F|266/266\n|move|p1a: Venomoth|Sludge Wave|p2a: Illumise\n|-damage|p2a: Illumise|97/266\n|\n|upkeep\n|turn|24\n|inactive|Time left: 300 sec this turn | 300 sec total\n|\n|t:|1783557657\n|move|p2a: Illumise|Roost|p2a: Illumise\n|-heal|p2a: Illumise|230/266\n|-singleturn|p2a: Illumise|move: Roost\n|move|p1a: Venomoth|Sludge Wave|p2a: Illumise\n|-damage|p2a: Illumise|37/266\n|\n|upkeep\n|turn|25\n|inactive|Time left: 300 sec this turn | 300 sec total\n|\n|t:|1783557658\n|move|p2a: Illumise|Thunder Wave|p1a: Venomoth\n|-status|p1a: Venomoth|par\n|cant|p1a: Venomoth|par\n|\n|upkeep\n|turn|26\n|inactive|Time left: 300 sec this turn | 300 sec total\n|\n|t:|1783557660\n|move|p2a: Illumise|Roost|p2a: Illumise\n|-heal|p2a: Illumise|170/266\n|-singleturn|p2a: Illumise|move: Roost\n|cant|p1a: Venomoth|par\n|\n|upkeep\n|turn|27\n|inactive|Time left: 300 sec this turn | 300 sec total\n|\n|t:|1783557661\n|move|p2a: Illumise|Roost|p2a: Illumise\n|-heal|p2a: Illumise|266/266\n|-singleturn|p2a: Illumise|move: Roost\n|move|p1a: Venomoth|Sludge Wave|p2a: Illumise\n|-damage|p2a: Illumise|82/266\n|-status|p2a: Illumise|psn\n|\n|-damage|p2a: Illumise|49/266 psn|[from] psn\n|upkeep\n|turn|28\n|inactive|Time left: 300 sec this turn | 300 sec total\n|\n|t:|1783557662\n|move|p2a: Illumise|Roost|p2a: Illumise\n|-heal|p2a: Illumise|182/266 psn\n|-singleturn|p2a: Illumise|move: Roost\n|move|p1a: Venomoth|Sludge Wave|p2a: Illumise\n|-damage|p2a: Illumise|8/266 psn\n|\n|-damage|p2a: Illumise|0 fnt|[from] psn\n|faint|p2a: Illumise\n|upkeep\n|inactive|Time left: 300 sec this turn | 300 sec total | 5 sec grace\n|\n|t:|1783557663\n|switch|p2a: Sandy Shocks|Sandy Shocks, L80|185/267 slp\n|turn|29\n|inactive|Time left: 300 sec this turn | 300 sec total\n|\n|t:|1783557664\n|-curestatus|p2a: Sandy Shocks|slp|[msg]\n|move|p2a: Sandy Shocks|Volt Switch|p1a: Venomoth\n|-crit|p1a: Venomoth\n|-damage|p1a: Venomoth|0 fnt\n|faint|p1a: Venomoth\n|\n|upkeep\n|\n|t:|1783557665\n|switch|p1a: Snorlax|Snorlax, L82, F, tera:Fairy|38/100\n|turn|30\n|inactive|Time left: 300 sec this turn | 300 sec total\n|\n|t:|1783557666\n|move|p2a: Sandy Shocks|Earth Power|p1a: Snorlax\n|-damage|p1a: Snorlax|15/100\n|move|p1a: Snorlax|Rest|p1a: Snorlax\n|-status|p1a: Snorlax|slp|[from] move: Rest\n|-heal|p1a: Snorlax|100/100 slp|[silent]\n|\n|upkeep\n|turn|31\n|inactive|Time left: 300 sec this turn | 300 sec total\n|\n|t:|1783557667\n|move|p2a: Sandy Shocks|Earth Power|p1a: Snorlax\n|-damage|p1a: Snorlax|77/100 slp\n|cant|p1a: Snorlax|slp\n|move|p1a: Snorlax|Sleep Talk|p1a: Snorlax\n|move|p1a: Snorlax|Curse|p1a: Snorlax|[from] move: Sleep Talk\n|-unboost|p1a: Snorlax|spe|1\n|-boost|p1a: Snorlax|atk|1\n|-boost|p1a: Snorlax|def|1\n|\n|-heal|p1a: Snorlax|83/100 slp|[from] item: Leftovers\n|upkeep\n|turn|32\n|inactive|Time left: 300 sec this turn | 300 sec total\n|\n|t:|1783557668\n|move|p2a: Sandy Shocks|Earth Power|p1a: Snorlax\n|-damage|p1a: Snorlax|58/100 slp\n|cant|p1a: Snorlax|slp\n|move|p1a: Snorlax|Sleep Talk|p1a: Snorlax\n|move|p1a: Snorlax|Rest||[from] move: Sleep Talk|[still]\n|-fail|p1a: Snorlax\n|\n|-heal|p1a: Snorlax|64/100 slp|[from] item: Leftovers\n|upkeep\n|turn|33\n|inactive|Time left: 300 sec this turn | 300 sec total\n|\n|t:|1783557669\n|move|p2a: Sandy Shocks|Earth Power|p1a: Snorlax\n|-damage|p1a: Snorlax|40/100 slp\n|-curestatus|p1a: Snorlax|slp|[msg]\n|move|p1a: Snorlax|Body Slam|p2a: Sandy Shocks\n|-damage|p2a: Sandy Shocks|58/267\n|\n|-heal|p1a: Snorlax|46/100|[from] item: Leftovers\n|upkeep\n|turn|34\n|inactive|Time left: 300 sec this turn | 300 sec total\n|\n|t:|1783557670\n|move|p2a: Sandy Shocks|Thunderbolt|p1a: Snorlax\n|-damage|p1a: Snorlax|22/100\n|move|p1a: Snorlax|Body Slam|p2a: Sandy Shocks\n|-damage|p2a: Sandy Shocks|0 fnt\n|faint|p2a: Sandy Shocks\n|-end|p2a: Sandy Shocks|Protosynthesis|[silent]\n|\n|win|p0x159099dc", "uploadtime": 1783557670, "views": 0, "rating": 0, "private": 0, "password": null, "_winner": "p0x159099dc", "_our_name": "p0y1590786f"}