{"id": "battle-gen9randombattle-1263", "formatid": "gen9randombattle", "format": "[Gen 9] Random Battle", "players": ["p0x12632df2", "p0y1263ffee"], "log": "|init|battle\n|title|p0x12632df2 vs. p0y1263ffee\n|j|\u2606p0x12632df2\n|j|\u2606p0y1263ffee\n|t:|1783554657\n|gametype|singles\n|player|p1|p0x12632df2|170|\n|player|p2|p0y1263ffee|102|\n|gen|9\n|tier|[Gen 9] Random Battle\n|rule|Species Clause: Limit one of each Pok\u00e9mon\n|rule|HP Percentage Mod: HP is shown in percentages\n|rule|Sleep Clause Mod: Limit one foe put to sleep\n|rule|Illusion Level Mod: Illusion disguises the Pok\u00e9mon's true level\n|\n|t:|1783554657\n|teamsize|p1|6\n|teamsize|p2|6\n|start\n|switch|p1a: Whimsicott|Whimsicott, L84, M|238/238\n|switch|p2a: Tsareena|Tsareena, L87, F|100/100\n|turn|1\n|inactive|Battle timer is ON: inactive players will automatically lose when time's up. (requested by p0x12632df2)\n|inactive|p0y1263ffee also wants the timer to be on.\n|\n|t:|1783554658\n|move|p1a: Whimsicott|Moonblast|p2a: Tsareena\n|-crit|p2a: Tsareena\n|-damage|p2a: Tsareena|56/100\n|move|p2a: Tsareena|Rapid Spin|p1a: Whimsicott\n|-damage|p1a: Whimsicott|191/238\n|-boost|p2a: Tsareena|spe|1\n|\n|upkeep\n|turn|2\n|inactive|Time left: 300 sec this turn | 300 sec total\n|\n|t:|1783554660\n|switch|p1a: Magnezone|Magnezone, L85|258/258\n|move|p2a: Tsareena|Synthesis|p2a: Tsareena\n|-heal|p2a: Tsareena|100/100\n|\n|upkeep\n|turn|3\n|inactive|Time left: 300 sec this turn | 300 sec total\n|\n|t:|1783554661\n|move|p2a: Tsareena|High Jump Kick|p1a: Magnezone\n|-supereffective|p1a: Magnezone\n|-damage|p1a: Magnezone|66/258\n|move|p1a: Magnezone|Flash Cannon|p2a: Tsareena\n|-damage|p2a: Tsareena|53/100\n|\n|-heal|p1a: Magnezone|82/258|[from] item: Leftovers\n|upkeep\n|turn|4\n|inactive|Time left: 300 sec this turn | 300 sec total\n|\n|t:|1783554662\n|move|p2a: Tsareena|High Jump Kick|p1a: Magnezone\n|-supereffective|p1a: Magnezone\n|-damage|p1a: Magnezone|0 fnt\n|faint|p1a: Magnezone\n|\n|upkeep\n|inactive|Time left: 300 sec this turn | 300 sec total | 5 sec grace\n|\n|t:|1783554663\n|switch|p1a: Emboar|Emboar, L84, F|322/322\n|turn|5\n|inactive|Time left: 300 sec this turn | 300 sec total\n|\n|t:|1783554664\n|move|p2a: Tsareena|High Jump Kick|p1a: Emboar|[miss]\n|-miss|p2a: Tsareena|p1a: Emboar\n|-damage|p2a: Tsareena|3/100|[from] highjumpkick\n|move|p1a: Emboar|Flare Blitz|p2a: Tsareena\n|-supereffective|p2a: Tsareena\n|-damage|p2a: Tsareena|0 fnt\n|faint|p2a: Tsareena\n|-damage|p1a: Emboar|319/322|[from] Recoil\n|\n|upkeep\n|\n|t:|1783554666\n|switch|p2a: Raging Bolt|Raging Bolt, L78|100/100\n|turn|6\n|inactive|Time left: 300 sec this turn | 300 sec total\n|\n|t:|1783554667\n|move|p2a: Raging Bolt|Calm Mind|p2a: Raging Bolt\n|-boost|p2a: Raging Bolt|spa|1\n|-boost|p2a: Raging Bolt|spd|1\n|move|p1a: Emboar|Flare Blitz|p2a: Raging Bolt\n|-resisted|p2a: Raging Bolt\n|-damage|p2a: Raging Bolt|69/100\n|-damage|p1a: Emboar|285/322|[from] Recoil\n|\n|-heal|p2a: Raging Bolt|75/100|[from] item: Leftovers\n|upkeep\n|turn|7\n|inactive|Time left: 300 sec this turn | 300 sec total\n|\n|t:|1783554668\n|move|p2a: Raging Bolt|Thunderbolt|p1a: Emboar\n|-damage|p1a: Emboar|138/322\n|move|p1a: Emboar|Knock Off|p2a: Raging Bolt\n|-damage|p2a: Raging Bolt|50/100\n|-enditem|p2a: Raging Bolt|Leftovers|[from] move: Knock Off|[of] p1a: Emboar\n|\n|upkeep\n|turn|8\n|inactive|Time left: 300 sec this turn | 300 sec total\n|\n|t:|1783554669\n|move|p2a: Raging Bolt|Thunderbolt|p1a: Emboar\n|-crit|p1a: Emboar\n|-damage|p1a: Emboar|0 fnt\n|faint|p1a: Emboar\n|\n|upkeep\n|inactive|Time left: 300 sec this turn | 300 sec total | 5 sec grace\n|\n|t:|1783554670\n|switch|p1a: Venomoth|Venomoth, L84, M|255/255\n|turn|9\n|inactive|Time left: 300 sec this turn | 300 sec total\n|\n|t:|1783554671\n|move|p1a: Venomoth|Quiver Dance|p1a: Venomoth\n|-boost|p1a: Venomoth|spa|1\n|-boost|p1a: Venomoth|spd|1\n|-boost|p1a: Venomoth|spe|1\n|move|p2a: Raging Bolt|Thunderbolt|p1a: Venomoth\n|-damage|p1a: Venomoth|135/255\n|\n|upkeep\n|turn|10\n|inactive|Time left: 300 sec this turn | 300 sec total\n|\n|t:|1783554672\n|move|p1a: Venomoth|Sleep Powder|p2a: Raging Bolt\n|-status|p2a: Raging Bolt|slp|[from] move: Sleep Powder\n|cant|p2a: Raging Bolt|slp\n|\n|upkeep\n|turn|11\n|inactive|Time left: 300 sec this turn | 300 sec total\n|\n|t:|1783554673\n|move|p1a: Venomoth|Quiver Dance|p1a: Venomoth\n|-boost|p1a: Venomoth|spa|1\n|-boost|p1a: Venomoth|spd|1\n|-boost|p1a: Venomoth|spe|1\n|cant|p2a: Raging Bolt|slp\n|\n|upkeep\n|turn|12\n|inactive|Time left: 300 sec this turn | 300 sec total\n|\n|t:|1783554674\n|move|p1a: Venomoth|Quiver Dance|p1a: Venomoth\n|-boost|p1a: Venomoth|spa|1\n|-boost|p1a: Venomoth|spd|1\n|-boost|p1a: Venomoth|spe|1\n|cant|p2a: Raging Bolt|slp\n|\n|upkeep\n|turn|13\n|inactive|Time left: 300 sec this turn | 300 sec total\n|\n|t:|1783554675\n|-curestatus|p2a: Raging Bolt|slp|[msg]\n|move|p2a: Raging Bolt|Thunderclap|p1a: Venomoth\n|-damage|p1a: Venomoth|71/255\n|move|p1a: Venomoth|Sludge Wave|p2a: Raging Bolt\n|-damage|p2a: Raging Bolt|2/100\n|\n|upkeep\n|turn|14\n|inactive|Time left: 300 sec this turn | 300 sec total\n|\n|t:|1783554676\n|-terastallize|p2a: Raging Bolt|Electric\n|move|p2a: Raging Bolt|Thunderclap||[still]\n|-fail|p2a: Raging Bolt\n|move|p1a: Venomoth|Sleep Powder|p2a: Raging Bolt|[miss]\n|-miss|p1a: Venomoth|p2a: Raging Bolt\n|\n|upkeep\n|turn|15\n|inactive|Time left: 300 sec this turn | 300 sec total\n|\n|t:|1783554678\n|move|p1a: Venomoth|Sleep Powder|p2a: Raging Bolt|[miss]\n|-miss|p1a: Venomoth|p2a: Raging Bolt\n|move|p2a: Raging Bolt|Thunderbolt|p1a: Venomoth\n|-damage|p1a: Venomoth|0 fnt\n|faint|p1a: Venomoth\n|\n|upkeep\n|inactive|Time left: 300 sec this turn | 300 sec total | 5 sec grace\n|\n|t:|1783554678\n|switch|p1a: Morpeko|Morpeko, L88, F|245/245\n|turn|16\n|inactive|Time left: 300 sec this turn | 300 sec total\n|\n|t:|1783554679\n|-end|p2a: Raging Bolt|Protosynthesis|[silent]\n|switch|p2a: Archaludon|Archaludon, L78, M|100/100\n|move|p1a: Morpeko|Rapid Spin|p2a: Archaludon\n|-resisted|p2a: Archaludon\n|-damage|p2a: Archaludon|95/100\n|-boost|p1a: Morpeko|spe|1\n|-ability|p2a: Archaludon|Stamina|boost\n|-boost|p2a: Archaludon|def|1\n|\n|-formechange|p1a: Morpeko|Morpeko-Hangry||[from] ability: Hunger Switch\n|upkeep\n|turn|17\n|inactive|Time left: 300 sec this turn | 300 sec total\n|\n|t:|1783554680\n|move|p1a: Morpeko|Parting Shot|p2a: Archaludon\n|-unboost|p2a: Archaludon|atk|1\n|-unboost|p2a: Archaludon|spa|1\n|inactive|Time left: 300 sec this turn | 300 sec total | 5 sec grace\n|\n|t:|1783554681\n|switch|p1a: Enamorus|Enamorus-Therian, L83, F|259/259|[from] Parting Shot\n|move|p2a: Archaludon|Body Press|p1a: Enamorus\n|-resisted|p1a: Enamorus\n|-damage|p1a: Enamorus|238/259\n|\n|upkeep\n|turn|18\n|inactive|Time left: 300 sec this turn | 300 sec total\n|\n|t:|1783554682\n|switch|p2a: Sylveon|Sylveon, L85, M|100/100\n|move|p1a: Enamorus|Moonblast|p2a: Sylveon\n|-damage|p2a: Sylveon|71/100\n|-unboost|p2a: Sylveon|spa|1\n|\n|-heal|p2a: Sylveon|77/100|[from] item: Leftovers\n|upkeep\n|turn|19\n|inactive|Time left: 300 sec this turn | 300 sec total\n|\n|t:|1783554683\n|move|p2a: Sylveon|Calm Mind|p2a: Sylveon\n|-boost|p2a: Sylveon|spa|1\n|-boost|p2a: Sylveon|spd|1\n|move|p1a: Enamorus|Agility|p1a: Enamorus\n|-boost|p1a: Enamorus|spe|2\n|\n|-heal|p2a: Sylveon|83/100|[from] item: Leftovers\n|upkeep\n|turn|20\n|inactive|Time left: 300 sec this turn | 300 sec total\n|\n|t:|1783554684\n|move|p1a: Enamorus|Moonblast|p2a: Sylveon\n|-damage|p2a: Sylveon|63/100\n|move|p2a: Sylveon|Hyper Voice|p1a: Enamorus\n|-damage|p1a: Enamorus|127/259\n|\n|-heal|p2a: Sylveon|69/100|[from] item: Leftovers\n|upkeep\n|turn|21\n|inactive|Time left: 300 sec this turn | 300 sec total\n|\n|t:|1783554685\n|move|p1a: Enamorus|Moonblast|p2a: Sylveon\n|-damage|p2a: Sylveon|47/100\n|move|p2a: Sylveon|Hyper Voice|p1a: Enamorus\n|-damage|p1a: Enamorus|0 fnt\n|faint|p1a: Enamorus\n|\n|-heal|p2a: Sylveon|53/100|[from] item: Leftovers\n|upkeep\n|inactive|Time left: 300 sec this turn | 300 sec total | 5 sec grace\n|\n|t:|1783554686\n|switch|p1a: Morpeko|Morpeko, L88, F|245/245\n|turn|22\n|inactive|Time left: 300 sec this turn | 300 sec total\n|\n|t:|1783554687\n|switch|p2a: Archaludon|Archaludon, L78, M|95/100\n|-terastallize|p1a: Morpeko|Electric\n|move|p1a: Morpeko|Aura Wheel|p2a: Archaludon\n|-resisted|p2a: Archaludon\n|-damage|p2a: Archaludon|69/100\n|-boost|p1a: Morpeko|spe|1\n|-ability|p2a: Archaludon|Stamina|boost\n|-boost|p2a: Archaludon|def|1\n|\n|upkeep\n|turn|23\n|inactive|Time left: 300 sec this turn | 300 sec total\n|\n|t:|1783554688\n|move|p1a: Morpeko|Protect|p1a: Morpeko\n|-singleturn|p1a: Morpeko|Protect\n|move|p2a: Archaludon|Body Press|p1a: Morpeko\n|-activate|p1a: Morpeko|move: Protect\n|\n|upkeep\n|turn|24\n|inactive|Time left: 300 sec this turn | 300 sec total\n|\n|t:|1783554689\n|move|p1a: Morpeko|Parting Shot|p2a: Archaludon\n|-unboost|p2a: Archaludon|atk|1\n|-unboost|p2a: Archaludon|spa|1\n|inactive|Time left: 300 sec this turn | 300 sec total | 5 sec grace\n|\n|t:|1783554690\n|switch|p1a: Whimsicott|Whimsicott, L84, M|191/238|[from] Parting Shot\n|move|p2a: Archaludon|Body Press|p1a: Whimsicott\n|-resisted|p1a: Whimsicott\n|-damage|p1a: Whimsicott|142/238\n|\n|upkeep\n|turn|25\n|inactive|Time left: 300 sec this turn | 300 sec total\n|\n|t:|1783554691\n|switch|p1a: Morpeko|Morpeko, L88, F, tera:Electric|245/245\n|move|p2a: Archaludon|Body Press|p1a: Morpeko\n|-damage|p1a: Morpeko|120/245\n|\n|upkeep\n|turn|26\n|inactive|Time left: 300 sec this turn | 300 sec total\n|\n|t:|1783554693\n|move|p1a: Morpeko|Protect|p1a: Morpeko\n|-singleturn|p1a: Morpeko|Protect\n|move|p2a: Archaludon|Body Press|p1a: Morpeko\n|-activate|p1a: Morpeko|move: Protect\n|\n|upkeep\n|turn|27\n|inactive|Time left: 300 sec this turn | 300 sec total\n|\n|t:|1783554694\n|move|p1a: Morpeko|Parting Shot|p2a: Archaludon\n|-unboost|p2a: Archaludon|atk|1\n|-unboost|p2a: Archaludon|spa|1\n|inactive|Time left: 300 sec this turn | 300 sec total | 5 sec grace\n|\n|t:|1783554695\n|switch|p1a: Whimsicott|Whimsicott, L84, M|142/238|[from] Parting Shot\n|move|p2a: Archaludon|Body Press|p1a: Whimsicott\n|-resisted|p1a: Whimsicott\n|-damage|p1a: Whimsicott|98/238\n|\n|upkeep\n|turn|28\n|inactive|Time left: 300 sec this turn | 300 sec total\n|\n|t:|1783554695\n|move|p1a: Whimsicott|Stun Spore|p2a: Archaludon\n|-status|p2a: Archaludon|par\n|move|p2a: Archaludon|Body Press|p1a: Whimsicott\n|-resisted|p1a: Whimsicott\n|-damage|p1a: Whimsicott|53/238\n|\n|upkeep\n|turn|29\n|inactive|Time left: 300 sec this turn | 300 sec total\n|\n|t:|1783554697\n|switch|p1a: Morpeko|Morpeko, L88, F, tera:Electric|120/245\n|cant|p2a: Archaludon|par\n|\n|upkeep\n|turn|30\n|inactive|Time left: 300 sec this turn | 300 sec total\n|\n|t:|1783554698\n|move|p1a: Morpeko|Aura Wheel|p2a: Archaludon\n|-resisted|p2a: Archaludon\n|-damage|p2a: Archaludon|53/100 par\n|-boost|p1a: Morpeko|spe|1\n|-ability|p2a: Archaludon|Stamina|boost\n|-boost|p2a: Archaludon|def|1\n|cant|p2a: Archaludon|par\n|\n|upkeep\n|turn|31\n|inactive|Time left: 300 sec this turn | 300 sec total\n|\n|t:|1783554699\n|move|p1a: Morpeko|Protect|p1a: Morpeko\n|-singleturn|p1a: Morpeko|Protect\n|cant|p2a: Archaludon|par\n|\n|upkeep\n|turn|32\n|inactive|Time left: 300 sec this turn | 300 sec total\n|\n|t:|1783554699\n|move|p1a: Morpeko|Aura Wheel|p2a: Archaludon\n|-resisted|p2a: Archaludon\n|-damage|p2a: Archaludon|40/100 par\n|-boost|p1a: Morpeko|spe|1\n|-ability|p2a: Archaludon|Stamina|boost\n|-boost|p2a: Archaludon|def|1\n|move|p2a: Archaludon|Body Press|p1a: Morpeko\n|-damage|p1a: Morpeko|0 fnt\n|faint|p1a: Morpeko\n|\n|upkeep\n|inactive|Time left: 300 sec this turn | 300 sec total | 5 sec grace\n|\n|t:|1783554700\n|switch|p1a: Whimsicott|Whimsicott, L84, M|53/238\n|turn|33\n|inactive|Time left: 300 sec this turn | 300 sec total\n|\n|t:|1783554701\n|move|p1a: Whimsicott|Moonblast|p2a: Archaludon\n|-damage|p2a: Archaludon|13/100 par\n|-ability|p2a: Archaludon|Stamina|boost\n|-boost|p2a: Archaludon|def|1\n|move|p2a: Archaludon|Flash Cannon|p1a: Whimsicott\n|-supereffective|p1a: Whimsicott\n|-damage|p1a: Whimsicott|0 fnt\n|faint|p1a: Whimsicott\n|\n|win|p0y1263ffee", "uploadtime": 1783554701, "views": 0, "rating": 0, "private": 0, "password": null, "_winner": "p0y1263ffee", "_our_name": "p0x12632df2"}