{"id": "battle-gen9randombattle-77", "formatid": "gen9randombattle", "format": "[Gen 9] Random Battle", "players": ["p0x077a28f", "p0y0771552"], "log": "|init|battle\n|title|p0x077a28f vs. p0y0771552\n|j|\u2606p0x077a28f\n|j|\u2606p0y0771552\n|t:|1783540344\n|gametype|singles\n|player|p1|p0x077a28f|266|\n|player|p2|p0y0771552|169|\n|gen|9\n|tier|[Gen 9] Random Battle\n|rule|Species Clause: Limit one of each Pok\u00e9mon\n|rule|HP Percentage Mod: HP is shown in percentages\n|rule|Sleep Clause Mod: Limit one foe put to sleep\n|rule|Illusion Level Mod: Illusion disguises the Pok\u00e9mon's true level\n|\n|t:|1783540344\n|teamsize|p1|6\n|teamsize|p2|6\n|start\n|switch|p1a: Dudunsparce|Dudunsparce, L83, M|343/343\n|switch|p2a: Regidrago|Regidrago, L77|100/100\n|turn|1\n|inactive|Battle timer is ON: inactive players will automatically lose when time's up. (requested by p0x077a28f)\n|\n|t:|1783540346\n|switch|p1a: Porygon2|Porygon2, L81|270/270\n|-ability|p1a: Porygon2|Download|boost\n|-boost|p1a: Porygon2|spa|1\n|-terastallize|p2a: Regidrago|Dragon\n|move|p2a: Regidrago|Outrage|p1a: Porygon2\n|-damage|p1a: Porygon2|126/270\n|\n|upkeep\n|turn|2\n|inactive|Time left: 300 sec this turn | 300 sec total\n|inactive|p0y0771552 also wants the timer to be on.\n|\n|t:|1783540347\n|-terastallize|p1a: Porygon2|Fairy\n|move|p2a: Regidrago|Outrage|p1a: Porygon2|[from] lockedmove\n|-immune|p1a: Porygon2\n|-start|p2a: Regidrago|confusion|[fatigue]\n|move|p1a: Porygon2|Tera Blast|p2a: Regidrago|[anim] Tera Blast Fairy\n|-supereffective|p2a: Regidrago\n|-damage|p2a: Regidrago|12/100\n|\n|upkeep\n|turn|3\n|inactive|Time left: 300 sec this turn | 300 sec total\n|\n|t:|1783540349\n|switch|p2a: Seviper|Seviper, L93, F|100/100\n|move|p1a: Porygon2|Tera Blast|p2a: Seviper|[anim] Tera Blast Fairy\n|-resisted|p2a: Seviper\n|-damage|p2a: Seviper|75/100\n|\n|upkeep\n|turn|4\n|inactive|Time left: 300 sec this turn | 300 sec total\n|\n|t:|1783540350\n|move|p2a: Seviper|Gunk Shot|p1a: Porygon2|[miss]\n|-miss|p2a: Seviper|p1a: Porygon2\n|move|p1a: Porygon2|Recover|p1a: Porygon2\n|-heal|p1a: Porygon2|261/270\n|\n|upkeep\n|turn|5\n|inactive|Time left: 300 sec this turn | 300 sec total\n|\n|t:|1783540351\n|switch|p1a: Empoleon|Empoleon, L84, F|278/278\n|move|p2a: Seviper|Gunk Shot|p1a: Empoleon\n|-immune|p1a: Empoleon\n|\n|upkeep\n|turn|6\n|inactive|Time left: 300 sec this turn | 300 sec total\n|\n|t:|1783540352\n|switch|p2a: Vikavolt|Vikavolt, L83, M|100/100\n|move|p1a: Empoleon|Surf|p2a: Vikavolt\n|-damage|p2a: Vikavolt|58/100\n|\n|upkeep\n|turn|7\n|inactive|Time left: 300 sec this turn | 300 sec total\n|\n|t:|1783540353\n|move|p1a: Empoleon|Surf|p2a: Vikavolt\n|-damage|p2a: Vikavolt|12/100\n|move|p2a: Vikavolt|Sticky Web|p1a: Empoleon\n|-sidestart|p1: p0x077a28f|move: Sticky Web\n|\n|upkeep\n|turn|8\n|inactive|Time left: 300 sec this turn | 300 sec total\n|\n|t:|1783540354\n|move|p1a: Empoleon|Knock Off|p2a: Vikavolt\n|-damage|p2a: Vikavolt|0 fnt\n|-enditem|p2a: Vikavolt|Heavy-Duty Boots|[from] move: Knock Off|[of] p1a: Empoleon\n|faint|p2a: Vikavolt\n|\n|upkeep\n|\n|t:|1783540356\n|switch|p2a: Necrozma|Necrozma, L80|100/100\n|turn|9\n|inactive|Time left: 300 sec this turn | 300 sec total\n|\n|t:|1783540357\n|move|p2a: Necrozma|Dragon Dance|p2a: Necrozma\n|-boost|p2a: Necrozma|atk|1\n|-boost|p2a: Necrozma|spe|1\n|move|p1a: Empoleon|Knock Off|p2a: Necrozma\n|-supereffective|p2a: Necrozma\n|-damage|p2a: Necrozma|71/100\n|-enditem|p2a: Necrozma|Life Orb|[from] move: Knock Off|[of] p1a: Empoleon\n|\n|upkeep\n|turn|10\n|inactive|Time left: 300 sec this turn | 300 sec total\n|\n|t:|1783540358\n|move|p2a: Necrozma|Earthquake|p1a: Empoleon\n|-supereffective|p1a: Empoleon\n|-damage|p1a: Empoleon|80/278\n|move|p1a: Empoleon|Surf|p2a: Necrozma\n|-damage|p2a: Necrozma|35/100\n|\n|-heal|p1a: Empoleon|97/278|[from] item: Leftovers\n|upkeep\n|turn|11\n|inactive|Time left: 300 sec this turn | 300 sec total\n|\n|t:|1783540359\n|switch|p1a: Porygon2|Porygon2, L81, tera:Fairy|261/270\n|-activate|p1a: Porygon2|move: Sticky Web\n|-unboost|p1a: Porygon2|spe|1\n|-ability|p1a: Porygon2|Download|boost\n|-boost|p1a: Porygon2|spa|1\n|move|p2a: Necrozma|Knock Off|p1a: Porygon2\n|-resisted|p1a: Porygon2\n|-damage|p1a: Porygon2|224/270\n|-enditem|p1a: Porygon2|Eviolite|[from] move: Knock Off|[of] p2a: Necrozma\n|\n|upkeep\n|turn|12\n|inactive|Time left: 300 sec this turn | 300 sec total\n|\n|t:|1783540360\n|move|p2a: Necrozma|Photon Geyser|p1a: Porygon2\n|-damage|p1a: Porygon2|62/270\n|move|p1a: Porygon2|Tera Blast|p2a: Necrozma|[anim] Tera Blast Fairy\n|-damage|p2a: Necrozma|0 fnt\n|faint|p2a: Necrozma\n|\n|upkeep\n|\n|t:|1783540361\n|switch|p2a: Shaymin|Shaymin-Sky, L73|100/100\n|turn|13\n|inactive|Time left: 300 sec this turn | 300 sec total\n|\n|t:|1783540362\n|move|p2a: Shaymin|Seed Flare|p1a: Porygon2\n|-damage|p1a: Porygon2|0 fnt\n|faint|p1a: Porygon2\n|\n|upkeep\n|inactive|Time left: 300 sec this turn | 300 sec total | 5 sec grace\n|\n|t:|1783540363\n|switch|p1a: Milotic|Milotic, L83, M|293/293\n|-activate|p1a: Milotic|move: Sticky Web\n|-unboost|p1a: Milotic|spe|1\n|-ability|p1a: Milotic|Competitive|boost\n|-boost|p1a: Milotic|spa|2\n|turn|14\n|inactive|Time left: 300 sec this turn | 300 sec total\n|\n|t:|1783540364\n|move|p2a: Shaymin|Substitute|p2a: Shaymin\n|-start|p2a: Shaymin|Substitute\n|-damage|p2a: Shaymin|76/100\n|move|p1a: Milotic|Ice Beam|p2a: Shaymin\n|-supereffective|p2a: Shaymin\n|-end|p2a: Shaymin|Substitute\n|\n|-heal|p2a: Shaymin|82/100|[from] item: Leftovers\n|upkeep\n|turn|15\n|inactive|Time left: 300 sec this turn | 300 sec total\n|\n|t:|1783540365\n|move|p2a: Shaymin|Seed Flare|p1a: Milotic\n|-supereffective|p1a: Milotic\n|-damage|p1a: Milotic|117/293\n|-unboost|p1a: Milotic|spd|2\n|-ability|p1a: Milotic|Competitive|boost\n|-boost|p1a: Milotic|spa|2\n|move|p1a: Milotic|Ice Beam|p2a: Shaymin\n|-supereffective|p2a: Shaymin\n|-damage|p2a: Shaymin|0 fnt\n|faint|p2a: Shaymin\n|\n|-heal|p1a: Milotic|135/293|[from] item: Leftovers\n|upkeep\n|\n|t:|1783540366\n|switch|p2a: Regidrago|Regidrago, L77, tera:Dragon|12/100\n|turn|16\n|inactive|Time left: 300 sec this turn | 300 sec total\n|\n|t:|1783540367\n|move|p2a: Regidrago|Outrage|p1a: Milotic\n|-damage|p1a: Milotic|0 fnt\n|faint|p1a: Milotic\n|\n|upkeep\n|inactive|Time left: 300 sec this turn | 300 sec total | 5 sec grace\n|\n|t:|1783540368\n|switch|p1a: Dudunsparce|Dudunsparce, L83, M|343/343\n|-activate|p1a: Dudunsparce|move: Sticky Web\n|-unboost|p1a: Dudunsparce|spe|1\n|turn|17\n|inactive|Time left: 300 sec this turn | 300 sec total\n|\n|t:|1783540369\n|move|p2a: Regidrago|Outrage|p1a: Dudunsparce|[from] lockedmove\n|-damage|p1a: Dudunsparce|117/343\n|-start|p2a: Regidrago|confusion|[fatigue]\n|move|p1a: Dudunsparce|Boomburst|p2a: Regidrago\n|-damage|p2a: Regidrago|0 fnt\n|faint|p2a: Regidrago\n|\n|-heal|p1a: Dudunsparce|138/343|[from] item: Leftovers\n|upkeep\n|\n|t:|1783540370\n|switch|p2a: Annihilape|Annihilape, L76, F|100/100\n|turn|18\n|inactive|Time left: 300 sec this turn | 300 sec total\n|\n|t:|1783540371\n|switch|p1a: Illumise|Illumise, L91, F|266/266\n|move|p2a: Annihilape|Drain Punch|p1a: Illumise\n|-resisted|p1a: Illumise\n|-damage|p1a: Illumise|228/266\n|\n|upkeep\n|turn|19\n|inactive|Time left: 300 sec this turn | 300 sec total\n|\n|t:|1783540372\n|move|p1a: Illumise|Encore|p2a: Annihilape\n|-start|p2a: Annihilape|Encore\n|move|p2a: Annihilape|Drain Punch|p1a: Illumise\n|-resisted|p1a: Illumise\n|-damage|p1a: Illumise|186/266\n|\n|upkeep\n|turn|20\n|inactive|Time left: 300 sec this turn | 300 sec total\n|\n|t:|1783540373\n|move|p1a: Illumise|Thunder Wave|p2a: Annihilape\n|-status|p2a: Annihilape|par\n|cant|p2a: Annihilape|par\n|\n|upkeep\n|turn|21\n|inactive|Time left: 300 sec this turn | 300 sec total\n|\n|t:|1783540374\n|switch|p2a: Seviper|Seviper, L93, F|75/100\n|move|p1a: Illumise|Roost|p1a: Illumise\n|-heal|p1a: Illumise|266/266\n|-singleturn|p1a: Illumise|move: Roost\n|\n|upkeep\n|turn|22\n|inactive|Time left: 300 sec this turn | 300 sec total\n|\n|t:|1783540375\n|switch|p1a: Empoleon|Empoleon, L84, F|97/278\n|-activate|p1a: Empoleon|move: Sticky Web\n|-unboost|p1a: Empoleon|spe|1\n|-ability|p1a: Empoleon|Competitive|boost\n|-boost|p1a: Empoleon|spa|2\n|move|p2a: Seviper|Flamethrower|p1a: Empoleon\n|-damage|p1a: Empoleon|30/278\n|\n|-heal|p1a: Empoleon|47/278|[from] item: Leftovers\n|upkeep\n|turn|23\n|inactive|Time left: 300 sec this turn | 300 sec total\n|\n|t:|1783540376\n|move|p2a: Seviper|Flamethrower|p1a: Empoleon\n|-crit|p1a: Empoleon\n|-damage|p1a: Empoleon|0 fnt\n|faint|p1a: Empoleon\n|\n|upkeep\n|inactive|Time left: 300 sec this turn | 300 sec total | 5 sec grace\n|\n|t:|1783540377\n|switch|p1a: Dudunsparce|Dudunsparce, L83, M|138/343\n|-activate|p1a: Dudunsparce|move: Sticky Web\n|-unboost|p1a: Dudunsparce|spe|1\n|turn|24\n|inactive|Time left: 300 sec this turn | 300 sec total\n|\n|t:|1783540378\n|move|p2a: Seviper|Flamethrower|p1a: Dudunsparce\n|-damage|p1a: Dudunsparce|49/343\n|-status|p1a: Dudunsparce|brn\n|move|p1a: Dudunsparce|Roost|p1a: Dudunsparce\n|-heal|p1a: Dudunsparce|221/343 brn\n|-singleturn|p1a: Dudunsparce|move: Roost\n|\n|-heal|p1a: Dudunsparce|242/343 brn|[from] item: Leftovers\n|-damage|p1a: Dudunsparce|221/343 brn|[from] brn\n|upkeep\n|turn|25\n|inactive|Time left: 300 sec this turn | 300 sec total\n|\n|t:|1783540379\n|switch|p2a: Annihilape|Annihilape, L76, F|100/100 par\n|move|p1a: Dudunsparce|Roost|p1a: Dudunsparce\n|-heal|p1a: Dudunsparce|343/343 brn\n|-singleturn|p1a: Dudunsparce|move: Roost\n|\n|-damage|p1a: Dudunsparce|322/343 brn|[from] brn\n|upkeep\n|turn|26\n|inactive|Time left: 300 sec this turn | 300 sec total\n|\n|t:|1783540380\n|switch|p1a: Kricketune|Kricketune, L99, M|312/312\n|move|p2a: Annihilape|Bulk Up|p2a: Annihilape\n|-boost|p2a: Annihilape|atk|1\n|-boost|p2a: Annihilape|def|1\n|\n|upkeep\n|turn|27\n|inactive|Time left: 300 sec this turn | 300 sec total\n|\n|t:|1783540381\n|move|p1a: Kricketune|Sticky Web|p2a: Annihilape\n|-sidestart|p2: p0y0771552|move: Sticky Web\n|move|p2a: Annihilape|Rage Fist|p1a: Kricketune\n|-damage|p1a: Kricketune|210/312\n|\n|upkeep\n|turn|28\n|inactive|Time left: 300 sec this turn | 300 sec total\n|\n|t:|1783540382\n|move|p1a: Kricketune|Knock Off|p2a: Annihilape\n|-damage|p2a: Annihilape|79/100 par\n|-enditem|p2a: Annihilape|Leftovers|[from] move: Knock Off|[of] p1a: Kricketune\n|move|p2a: Annihilape|Drain Punch|p1a: Kricketune\n|-resisted|p1a: Kricketune\n|-damage|p1a: Kricketune|138/312\n|-heal|p2a: Annihilape|91/100 par|[from] drain|[of] p1a: Kricketune\n|\n|upkeep\n|turn|29\n|inactive|Time left: 300 sec this turn | 300 sec total\n|\n|t:|1783540383\n|move|p1a: Kricketune|Knock Off|p2a: Annihilape\n|-damage|p2a: Annihilape|77/100 par\n|cant|p2a: Annihilape|par\n|\n|upkeep\n|turn|30\n|inactive|Time left: 300 sec this turn | 300 sec total\n|\n|t:|1783540384\n|move|p1a: Kricketune|Knock Off|p2a: Annihilape\n|-damage|p2a: Annihilape|60/100 par\n|cant|p2a: Annihilape|par\n|\n|upkeep\n|turn|31\n|inactive|Time left: 300 sec this turn | 300 sec total\n|\n|t:|1783540386\n|switch|p1a: Illumise|Illumise, L91, F|266/266\n|cant|p2a: Annihilape|par\n|\n|upkeep\n|turn|32\n|inactive|Time left: 300 sec this turn | 300 sec total\n|\n|t:|1783540387\n|move|p1a: Illumise|Encore|p2a: Annihilape\n|-start|p2a: Annihilape|Encore\n|move|p2a: Annihilape|Drain Punch|p1a: Illumise\n|-resisted|p1a: Illumise\n|-crit|p1a: Illumise\n|-damage|p1a: Illumise|171/266\n|-heal|p2a: Annihilape|77/100 par|[from] drain|[of] p1a: Illumise\n|\n|upkeep\n|turn|33\n|inactive|Time left: 300 sec this turn | 300 sec total\n|\n|t:|1783540388\n|move|p1a: Illumise|Roost|p1a: Illumise\n|-heal|p1a: Illumise|266/266\n|-singleturn|p1a: Illumise|move: Roost\n|move|p2a: Annihilape|Drain Punch|p1a: Illumise\n|-resisted|p1a: Illumise\n|-damage|p1a: Illumise|212/266\n|-heal|p2a: Annihilape|86/100 par|[from] drain|[of] p1a: Illumise\n|\n|upkeep\n|turn|34\n|inactive|Time left: 300 sec this turn | 300 sec total\n|\n|t:|1783540389\n|move|p1a: Illumise|Roost|p1a: Illumise\n|-heal|p1a: Illumise|266/266\n|-singleturn|p1a: Illumise|move: Roost\n|move|p2a: Annihilape|Drain Punch|p1a: Illumise\n|-resisted|p1a: Illumise\n|-damage|p1a: Illumise|209/266\n|-heal|p2a: Annihilape|96/100 par|[from] drain|[of] p1a: Illumise\n|\n|-end|p2a: Annihilape|Encore\n|upkeep\n|turn|35\n|inactive|Time left: 300 sec this turn | 300 sec total\n|\n|t:|1783540390\n|move|p1a: Illumise|Encore|p2a: Annihilape\n|-start|p2a: Annihilape|Encore\n|move|p2a: Annihilape|Drain Punch|p1a: Illumise\n|-resisted|p1a: Illumise\n|-damage|p1a: Illumise|151/266\n|-heal|p2a: Annihilape|100/100 par|[from] drain|[of] p1a: Illumise\n|\n|upkeep\n|turn|36\n|inactive|Time left: 300 sec this turn | 300 sec total\n|\n|t:|1783540391\n|move|p1a: Illumise|Roost|p1a: Illumise\n|-heal|p1a: Illumise|266/266\n|-singleturn|p1a: Illumise|move: Roost\n|move|p2a: Annihilape|Drain Punch|p1a: Illumise\n|-resisted|p1a: Illumise\n|-damage|p1a: Illumise|209/266\n|\n|upkeep\n|turn|37\n|inactive|Time left: 300 sec this turn | 300 sec total\n|\n|t:|1783540392\n|move|p1a: Illumise|Roost|p1a: Illumise\n|-heal|p1a: Illumise|266/266\n|-singleturn|p1a: Illumise|move: Roost\n|move|p2a: Annihilape|Drain Punch|p1a: Illumise\n|-resisted|p1a: Illumise\n|-damage|p1a: Illumise|208/266\n|\n|-end|p2a: Annihilape|Encore\n|upkeep\n|turn|38\n|inactive|Time left: 300 sec this turn | 300 sec total\n|\n|t:|1783540393\n|move|p1a: Illumise|Encore|p2a: Annihilape\n|-start|p2a: Annihilape|Encore\n|move|p2a: Annihilape|Drain Punch|p1a: Illumise\n|-resisted|p1a: Illumise\n|-damage|p1a: Illumise|154/266\n|\n|upkeep\n|turn|39\n|inactive|Time left: 300 sec this turn | 300 sec total\n|\n|t:|1783540394\n|move|p1a: Illumise|Roost|p1a: Illumise\n|-heal|p1a: Illumise|266/266\n|-singleturn|p1a: Illumise|move: Roost\n|move|p2a: Annihilape|Drain Punch|p1a: Illumise\n|-resisted|p1a: Illumise\n|-damage|p1a: Illumise|209/266\n|\n|upkeep\n|turn|40\n|inactive|Time left: 300 sec this turn | 300 sec total\n|\n|t:|1783540395\n|move|p1a: Illumise|Roost|p1a: Illumise\n|-heal|p1a: Illumise|266/266\n|-singleturn|p1a: Illumise|move: Roost\n|move|p2a: Annihilape|Drain Punch|p1a: Illumise\n|-resisted|p1a: Illumise\n|-damage|p1a: Illumise|209/266\n|\n|-end|p2a: Annihilape|Encore\n|upkeep\n|turn|41\n|inactive|Time left: 300 sec this turn | 300 sec total\n|\n|t:|1783540397\n|move|p1a: Illumise|Encore|p2a: Annihilape\n|-start|p2a: Annihilape|Encore\n|move|p2a: Annihilape|Drain Punch|p1a: Illumise\n|-resisted|p1a: Illumise\n|-damage|p1a: Illumise|147/266\n|\n|upkeep\n|turn|42\n|inactive|Time left: 300 sec this turn | 300 sec total\n|\n|t:|1783540398\n|move|p1a: Illumise|Roost|p1a: Illumise\n|-heal|p1a: Illumise|266/266\n|-singleturn|p1a: Illumise|move: Roost\n|move|p2a: Annihilape|Drain Punch|p1a: Illumise\n|-resisted|p1a: Illumise\n|-damage|p1a: Illumise|207/266\n|\n|upkeep\n|turn|43\n|inactive|Time left: 300 sec this turn | 300 sec total\n|\n|t:|1783540399\n|move|p1a: Illumise|Thunder Wave|p2a: Annihilape|[miss]\n|-miss|p1a: Illumise|p2a: Annihilape\n|cant|p2a: Annihilape|par\n|\n|-end|p2a: Annihilape|Encore\n|upkeep\n|turn|44\n|inactive|Time left: 300 sec this turn | 300 sec total\n|\n|t:|1783540400\n|move|p1a: Illumise|Encore|p2a: Annihilape\n|-start|p2a: Annihilape|Encore\n|move|p2a: Annihilape|Drain Punch|p1a: Illumise\n|-resisted|p1a: Illumise\n|-damage|p1a: Illumise|152/266\n|\n|upkeep\n|turn|45\n|inactive|Time left: 300 sec this turn | 300 sec total\n|\n|t:|1783540401\n|move|p1a: Illumise|Thunder Wave|p2a: Annihilape\n|-fail|p2a: Annihilape|par\n|cant|p2a: Annihilape|par\n|\n|upkeep\n|turn|46\n|inactive|Time left: 300 sec this turn | 300 sec total\n|\n|t:|1783540402\n|switch|p2a: Seviper|Seviper, L93, F|75/100\n|-activate|p2a: Seviper|move: Sticky Web\n|-unboost|p2a: Seviper|spe|1\n|move|p1a: Illumise|Bug Buzz|p2a: Seviper\n|-resisted|p2a: Seviper\n|-damage|p2a: Seviper|57/100\n|\n|upkeep\n|turn|47\n|inactive|Time left: 300 sec this turn | 300 sec total\n|\n|t:|1783540403\n|move|p1a: Illumise|Thunder Wave|p2a: Seviper\n|-status|p2a: Seviper|par\n|move|p2a: Seviper|Gunk Shot|p1a: Illumise\n|-damage|p1a: Illumise|0 fnt\n|faint|p1a: Illumise\n|\n|upkeep\n|inactive|Time left: 300 sec this turn | 300 sec total | 5 sec grace\n|\n|t:|1783540405\n|switch|p1a: Dudunsparce|Dudunsparce, L83, M|322/343 brn\n|-activate|p1a: Dudunsparce|move: Sticky Web\n|-unboost|p1a: Dudunsparce|spe|1\n|turn|48\n|inactive|Time left: 300 sec this turn | 300 sec total\n|\n|t:|1783540406\n|switch|p2a: Annihilape|Annihilape, L76, F|100/100 par\n|-activate|p2a: Annihilape|move: Sticky Web\n|-unboost|p2a: Annihilape|spe|1\n|-ability|p2a: Annihilape|Defiant|boost\n|-boost|p2a: Annihilape|atk|2\n|move|p1a: Dudunsparce|Boomburst|p2a: Annihilape\n|-immune|p2a: Annihilape\n|\n|-heal|p1a: Dudunsparce|343/343 brn|[from] item: Leftovers\n|-damage|p1a: Dudunsparce|322/343 brn|[from] brn\n|upkeep\n|turn|49\n|inactive|Time left: 300 sec this turn | 300 sec total\n|\n|t:|1783540407\n|move|p1a: Dudunsparce|Roost|p1a: Dudunsparce\n|-heal|p1a: Dudunsparce|343/343 brn\n|-singleturn|p1a: Dudunsparce|move: Roost\n|move|p2a: Annihilape|Drain Punch|p1a: Dudunsparce\n|-supereffective|p1a: Dudunsparce\n|-damage|p1a: Dudunsparce|7/343 brn\n|\n|-heal|p1a: Dudunsparce|28/343 brn|[from] item: Leftovers\n|-damage|p1a: Dudunsparce|7/343 brn|[from] brn\n|upkeep\n|turn|50\n|inactive|Time left: 300 sec this turn | 300 sec total\n|\n|t:|1783540408\n|move|p1a: Dudunsparce|Roost|p1a: Dudunsparce\n|-heal|p1a: Dudunsparce|179/343 brn\n|-singleturn|p1a: Dudunsparce|move: Roost\n|cant|p2a: Annihilape|par\n|\n|-heal|p1a: Dudunsparce|200/343 brn|[from] item: Leftovers\n|-damage|p1a: Dudunsparce|179/343 brn|[from] brn\n|upkeep\n|turn|51\n|inactive|Time left: 300 sec this turn | 300 sec total\n|\n|t:|1783540409\n|move|p1a: Dudunsparce|Roost|p1a: Dudunsparce\n|-heal|p1a: Dudunsparce|343/343 brn\n|-singleturn|p1a: Dudunsparce|move: Roost\n|move|p2a: Annihilape|Bulk Up|p2a: Annihilape\n|-boost|p2a: Annihilape|atk|1\n|-boost|p2a: Annihilape|def|1\n|\n|-damage|p1a: Dudunsparce|322/343 brn|[from] brn\n|upkeep\n|turn|52\n|inactive|Time left: 300 sec this turn | 300 sec total\n|\n|t:|1783540410\n|move|p1a: Dudunsparce|Earthquake|p2a: Annihilape\n|-crit|p2a: Annihilape\n|-damage|p2a: Annihilape|79/100 par\n|cant|p2a: Annihilape|par\n|\n|-heal|p1a: Dudunsparce|343/343 brn|[from] item: Leftovers\n|-damage|p1a: Dudunsparce|322/343 brn|[from] brn\n|upkeep\n|turn|53\n|inactive|Time left: 300 sec this turn | 300 sec total\n|\n|t:|1783540411\n|move|p1a: Dudunsparce|Earthquake|p2a: Annihilape\n|-damage|p2a: Annihilape|70/100 par\n|move|p2a: Annihilape|Bulk Up|p2a: Annihilape\n|-boost|p2a: Annihilape|atk|1\n|-boost|p2a: Annihilape|def|1\n|\n|-heal|p1a: Dudunsparce|343/343 brn|[from] item: Leftovers\n|-damage|p1a: Dudunsparce|322/343 brn|[from] brn\n|upkeep\n|turn|54\n|inactive|Time left: 300 sec this turn | 300 sec total\n|\n|t:|1783540412\n|move|p1a: Dudunsparce|Earthquake|p2a: Annihilape\n|-damage|p2a: Annihilape|63/100 par\n|move|p2a: Annihilape|Bulk Up|p2a: Annihilape\n|-boost|p2a: Annihilape|atk|1\n|-boost|p2a: Annihilape|def|1\n|\n|-heal|p1a: Dudunsparce|343/343 brn|[from] item: Leftovers\n|-damage|p1a: Dudunsparce|322/343 brn|[from] brn\n|upkeep\n|turn|55\n|inactive|Time left: 300 sec this turn | 300 sec total\n|\n|t:|1783540413\n|move|p1a: Dudunsparce|Earthquake|p2a: Annihilape\n|-damage|p2a: Annihilape|57/100 par\n|move|p2a: Annihilape|Bulk Up|p2a: Annihilape\n|-boost|p2a: Annihilape|atk|1\n|-boost|p2a: Annihilape|def|1\n|\n|-heal|p1a: Dudunsparce|343/343 brn|[from] item: Leftovers\n|-damage|p1a: Dudunsparce|322/343 brn|[from] brn\n|upkeep\n|turn|56\n|inactive|Time left: 300 sec this turn | 300 sec total\n|\n|t:|1783540414\n|move|p1a: Dudunsparce|Earthquake|p2a: Annihilape\n|-crit|p2a: Annihilape\n|-damage|p2a: Annihilape|36/100 par\n|move|p2a: Annihilape|Rage Fist|p1a: Dudunsparce\n|-immune|p1a: Dudunsparce\n|\n|-heal|p1a: Dudunsparce|343/343 brn|[from] item: Leftovers\n|-damage|p1a: Dudunsparce|322/343 brn|[from] brn\n|upkeep\n|turn|57\n|inactive|Time left: 300 sec this turn | 300 sec total\n|\n|t:|1783540415\n|move|p1a: Dudunsparce|Boomburst|p2a: Annihilape\n|-immune|p2a: Annihilape\n|move|p2a: Annihilape|Rage Fist|p1a: Dudunsparce\n|-immune|p1a: Dudunsparce\n|\n|-heal|p1a: Dudunsparce|343/343 brn|[from] item: Leftovers\n|-damage|p1a: Dudunsparce|322/343 brn|[from] brn\n|upkeep\n|turn|58\n|inactive|Time left: 300 sec this turn | 300 sec total\n|\n|t:|1783540417\n|move|p1a: Dudunsparce|Toxic||[still]\n|-fail|p1a: Dudunsparce\n|move|p2a: Annihilape|Rage Fist|p1a: Dudunsparce\n|-immune|p1a: Dudunsparce\n|\n|-heal|p1a: Dudunsparce|343/343 brn|[from] item: Leftovers\n|-damage|p1a: Dudunsparce|322/343 brn|[from] brn\n|upkeep\n|turn|59\n|inactive|Time left: 300 sec this turn | 300 sec total\n|\n|t:|1783540418\n|move|p1a: Dudunsparce|Earthquake|p2a: Annihilape\n|-damage|p2a: Annihilape|31/100 par\n|move|p2a: Annihilape|Bulk Up|p2a: Annihilape\n|-boost|p2a: Annihilape|atk|0\n|-boost|p2a: Annihilape|def|1\n|\n|-heal|p1a: Dudunsparce|343/343 brn|[from] item: Leftovers\n|-damage|p1a: Dudunsparce|322/343 brn|[from] brn\n|upkeep\n|turn|60\n|inactive|Time left: 300 sec this turn | 300 sec total\n|\n|t:|1783540419\n|move|p1a: Dudunsparce|Earthquake|p2a: Annihilape\n|-damage|p2a: Annihilape|28/100 par\n|move|p2a: Annihilape|Bulk Up|p2a: Annihilape\n|-boost|p2a: Annihilape|atk|0\n|-boost|p2a: Annihilape|def|1\n|\n|-heal|p1a: Dudunsparce|343/343 brn|[from] item: Leftovers\n|-damage|p1a: Dudunsparce|322/343 brn|[from] brn\n|upkeep\n|turn|61\n|inactive|Time left: 300 sec this turn | 300 sec total\n|\n|t:|1783540420\n|move|p1a: Dudunsparce|Toxic||[still]\n|-fail|p1a: Dudunsparce\n|move|p2a: Annihilape|Rage Fist|p1a: Dudunsparce\n|-immune|p1a: Dudunsparce\n|\n|-heal|p1a: Dudunsparce|343/343 brn|[from] item: Leftovers\n|-damage|p1a: Dudunsparce|322/343 brn|[from] brn\n|upkeep\n|turn|62\n|inactive|Time left: 300 sec this turn | 300 sec total\n|\n|t:|1783540421\n|move|p1a: Dudunsparce|Toxic|p2a: Annihilape|[miss]\n|-miss|p1a: Dudunsparce|p2a: Annihilape\n|cant|p2a: Annihilape|par\n|\n|-heal|p1a: Dudunsparce|343/343 brn|[from] item: Leftovers\n|-damage|p1a: Dudunsparce|322/343 brn|[from] brn\n|upkeep\n|turn|63\n|inactive|Time left: 300 sec this turn | 300 sec total\n|\n|t:|1783540422\n|move|p1a: Dudunsparce|Toxic||[still]\n|-fail|p1a: Dudunsparce\n|move|p2a: Annihilape|Bulk Up|p2a: Annihilape\n|-boost|p2a: Annihilape|atk|0\n|-boost|p2a: Annihilape|def|0\n|\n|-heal|p1a: Dudunsparce|343/343 brn|[from] item: Leftovers\n|-damage|p1a: Dudunsparce|322/343 brn|[from] brn\n|upkeep\n|turn|64\n|inactive|Time left: 300 sec this turn | 300 sec total\n|\n|t:|1783540423\n|move|p1a: Dudunsparce|Roost|p1a: Dudunsparce\n|-heal|p1a: Dudunsparce|343/343 brn\n|-singleturn|p1a: Dudunsparce|move: Roost\n|move|p2a: Annihilape|Rage Fist|p1a: Dudunsparce\n|-immune|p1a: Dudunsparce\n|\n|-damage|p1a: Dudunsparce|322/343 brn|[from] brn\n|upkeep\n|turn|65\n|inactive|Time left: 300 sec this turn | 300 sec total\n|\n|t:|1783540424\n|move|p1a: Dudunsparce|Earthquake|p2a: Annihilape\n|-damage|p2a: Annihilape|24/100 par\n|move|p2a: Annihilape|Rage Fist|p1a: Dudunsparce\n|-immune|p1a: Dudunsparce\n|\n|-heal|p1a: Dudunsparce|343/343 brn|[from] item: Leftovers\n|-damage|p1a: Dudunsparce|322/343 brn|[from] brn\n|upkeep\n|turn|66\n|inactive|Time left: 300 sec this turn | 300 sec total\n|\n|t:|1783540425\n|move|p1a: Dudunsparce|Roost|p1a: Dudunsparce\n|-heal|p1a: Dudunsparce|343/343 brn\n|-singleturn|p1a: Dudunsparce|move: Roost\n|move|p2a: Annihilape|Bulk Up|p2a: Annihilape\n|-boost|p2a: Annihilape|atk|0\n|-boost|p2a: Annihilape|def|0\n|\n|-damage|p1a: Dudunsparce|322/343 brn|[from] brn\n|upkeep\n|turn|67\n|inactive|Time left: 300 sec this turn | 300 sec total\n|\n|t:|1783540426\n|switch|p1a: Kricketune|Kricketune, L99, M|138/312\n|move|p2a: Annihilape|Rage Fist|p1a: Kricketune\n|-damage|p1a: Kricketune|0 fnt\n|faint|p1a: Kricketune\n|\n|upkeep\n|inactive|Time left: 300 sec this turn | 300 sec total | 5 sec grace\n|\n|t:|1783540427\n|switch|p1a: Dudunsparce|Dudunsparce, L83, M|322/343 brn\n|-activate|p1a: Dudunsparce|move: Sticky Web\n|-unboost|p1a: Dudunsparce|spe|1\n|turn|68\n|inactive|Time left: 300 sec this turn | 300 sec total\n|\n|t:|1783540428\n|move|p1a: Dudunsparce|Roost|p1a: Dudunsparce\n|-heal|p1a: Dudunsparce|343/343 brn\n|-singleturn|p1a: Dudunsparce|move: Roost\n|move|p2a: Annihilape|Rage Fist|p1a: Dudunsparce\n|-immune|p1a: Dudunsparce\n|\n|-damage|p1a: Dudunsparce|322/343 brn|[from] brn\n|upkeep\n|turn|69\n|inactive|Time left: 300 sec this turn | 300 sec total\n|\n|t:|1783540429\n|move|p1a: Dudunsparce|Earthquake|p2a: Annihilape\n|-crit|p2a: Annihilape\n|-damage|p2a: Annihilape|1/100 par\n|cant|p2a: Annihilape|par\n|\n|-heal|p1a: Dudunsparce|343/343 brn|[from] item: Leftovers\n|-damage|p1a: Dudunsparce|322/343 brn|[from] brn\n|upkeep\n|turn|70\n|inactive|Time left: 300 sec this turn | 300 sec total\n|\n|t:|1783540430\n|move|p1a: Dudunsparce|Earthquake|p2a: Annihilape\n|-damage|p2a: Annihilape|0 fnt\n|faint|p2a: Annihilape\n|\n|-heal|p1a: Dudunsparce|343/343 brn|[from] item: Leftovers\n|-damage|p1a: Dudunsparce|322/343 brn|[from] brn\n|upkeep\n|\n|t:|1783540431\n|switch|p2a: Seviper|Seviper, L93, F|57/100 par\n|-activate|p2a: Seviper|move: Sticky Web\n|-unboost|p2a: Seviper|spe|1\n|turn|71\n|inactive|Time left: 300 sec this turn | 300 sec total\n|\n|t:|1783540432\n|move|p1a: Dudunsparce|Boomburst|p2a: Seviper\n|-damage|p2a: Seviper|6/100 par\n|cant|p2a: Seviper|par\n|\n|-heal|p1a: Dudunsparce|343/343 brn|[from] item: Leftovers\n|-damage|p1a: Dudunsparce|322/343 brn|[from] brn\n|upkeep\n|turn|72\n|inactive|Time left: 300 sec this turn | 300 sec total\n|\n|t:|1783540433\n|move|p1a: Dudunsparce|Boomburst|p2a: Seviper\n|-damage|p2a: Seviper|0 fnt\n|faint|p2a: Seviper\n|\n|win|p0x077a28f", "uploadtime": 1783540433, "views": 0, "rating": 0, "private": 0, "password": null, "_winner": "p0x077a28f", "_our_name": "p0x077a28f"}