{"id": "battle-gen9randombattle-1354", "formatid": "gen9randombattle", "format": "[Gen 9] Random Battle", "players": ["p0x135455be", "p0y1354ba65"], "log": "|init|battle\n|title|p0x135455be vs. p0y1354ba65\n|j|\u2606p0x135455be\n|j|\u2606p0y1354ba65\n|t:|1783555744\n|gametype|singles\n|player|p1|p0x135455be|169|\n|player|p2|p0y1354ba65|2|\n|gen|9\n|tier|[Gen 9] Random Battle\n|rule|Species Clause: Limit one of each Pok\u00e9mon\n|rule|HP Percentage Mod: HP is shown in percentages\n|rule|Sleep Clause Mod: Limit one foe put to sleep\n|rule|Illusion Level Mod: Illusion disguises the Pok\u00e9mon's true level\n|\n|t:|1783555744\n|teamsize|p1|6\n|teamsize|p2|6\n|start\n|switch|p1a: Ditto|Ditto, L87|225/225\n|switch|p2a: Garganacl|Garganacl, L80, F|100/100\n|-transform|p1a: Ditto|p2a: Garganacl|[from] ability: Imposter\n|turn|1\n|inactive|Battle timer is ON: inactive players will automatically lose when time's up. (requested by p0x135455be)\n|inactive|p0y1354ba65 also wants the timer to be on.\n|\n|t:|1783555745\n|move|p1a: Ditto|Stealth Rock|p2a: Garganacl\n|-sidestart|p2: p0y1354ba65|move: Stealth Rock\n|move|p2a: Garganacl|Stealth Rock|p1a: Ditto\n|-sidestart|p1: p0x135455be|move: Stealth Rock\n|\n|upkeep\n|turn|2\n|inactive|Time left: 300 sec this turn | 300 sec total\n|\n|t:|1783555746\n|switch|p1a: Meganium|Meganium, L90, F|290/290\n|-damage|p1a: Meganium|254/290|[from] Stealth Rock\n|move|p2a: Garganacl|Salt Cure|p1a: Meganium\n|-damage|p1a: Meganium|220/290\n|-start|p1a: Meganium|Salt Cure\n|\n|-heal|p1a: Meganium|238/290|[from] item: Leftovers\n|-damage|p1a: Meganium|202/290|[from] Salt Cure\n|upkeep\n|turn|3\n|inactive|Time left: 300 sec this turn | 300 sec total\n|\n|t:|1783555747\n|switch|p2a: Masquerain|Masquerain, L87, M|100/100\n|-ability|p2a: Masquerain|Intimidate|boost\n|-unboost|p1a: Meganium|atk|1\n|move|p1a: Meganium|Energy Ball|p2a: Masquerain\n|-resisted|p2a: Masquerain\n|-damage|p2a: Masquerain|91/100\n|\n|-heal|p1a: Meganium|220/290|[from] item: Leftovers\n|-damage|p1a: Meganium|184/290|[from] Salt Cure\n|upkeep\n|turn|4\n|inactive|Time left: 300 sec this turn | 300 sec total\n|\n|t:|1783555748\n|move|p1a: Meganium|Knock Off|p2a: Masquerain\n|-damage|p2a: Masquerain|71/100\n|-enditem|p2a: Masquerain|Heavy-Duty Boots|[from] move: Knock Off|[of] p1a: Meganium\n|move|p2a: Masquerain|Sticky Web|p1a: Meganium\n|-sidestart|p1: p0x135455be|move: Sticky Web\n|\n|-heal|p1a: Meganium|202/290|[from] item: Leftovers\n|-damage|p1a: Meganium|166/290|[from] Salt Cure\n|upkeep\n|turn|5\n|inactive|Time left: 300 sec this turn | 300 sec total\n|\n|t:|1783555749\n|move|p2a: Masquerain|Bug Buzz|p1a: Meganium\n|-supereffective|p1a: Meganium\n|-damage|p1a: Meganium|0 fnt\n|faint|p1a: Meganium\n|\n|upkeep\n|inactive|Time left: 300 sec this turn | 300 sec total | 5 sec grace\n|\n|t:|1783555750\n|switch|p1a: Frosmoth|Frosmoth, L82, F|249/249\n|turn|6\n|inactive|Time left: 300 sec this turn | 300 sec total\n|\n|t:|1783555751\n|move|p2a: Masquerain|Hurricane|p1a: Frosmoth\n|-supereffective|p1a: Frosmoth\n|-damage|p1a: Frosmoth|119/249\n|move|p1a: Frosmoth|Quiver Dance|p1a: Frosmoth\n|-boost|p1a: Frosmoth|spa|1\n|-boost|p1a: Frosmoth|spd|1\n|-boost|p1a: Frosmoth|spe|1\n|\n|upkeep\n|turn|7\n|inactive|Time left: 300 sec this turn | 300 sec total\n|\n|t:|1783555752\n|move|p1a: Frosmoth|Ice Beam|p2a: Masquerain\n|-supereffective|p2a: Masquerain\n|-damage|p2a: Masquerain|0 fnt\n|faint|p2a: Masquerain\n|\n|upkeep\n|\n|t:|1783555753\n|switch|p2a: Mudsdale|Mudsdale, L83, M|100/100\n|-damage|p2a: Mudsdale|95/100|[from] Stealth Rock\n|turn|8\n|inactive|Time left: 300 sec this turn | 300 sec total\n|\n|t:|1783555754\n|-terastallize|p2a: Mudsdale|Steel\n|move|p1a: Frosmoth|Ice Beam|p2a: Mudsdale\n|-resisted|p2a: Mudsdale\n|-damage|p2a: Mudsdale|68/100\n|-ability|p2a: Mudsdale|Stamina|boost\n|-boost|p2a: Mudsdale|def|1\n|move|p2a: Mudsdale|Heavy Slam|p1a: Frosmoth\n|-supereffective|p1a: Frosmoth\n|-damage|p1a: Frosmoth|0 fnt\n|faint|p1a: Frosmoth\n|\n|-heal|p2a: Mudsdale|74/100|[from] item: Leftovers\n|upkeep\n|inactive|Time left: 300 sec this turn | 300 sec total | 5 sec grace\n|\n|t:|1783555755\n|switch|p1a: Reshiram|Reshiram, L76|277/277\n|-ability|p1a: Reshiram|Turboblaze\n|turn|9\n|inactive|Time left: 300 sec this turn | 300 sec total\n|\n|t:|1783555756\n|move|p1a: Reshiram|Blue Flare|p2a: Mudsdale\n|-supereffective|p2a: Mudsdale\n|-damage|p2a: Mudsdale|0 fnt\n|faint|p2a: Mudsdale\n|\n|upkeep\n|\n|t:|1783555757\n|switch|p2a: Garganacl|Garganacl, L80, F|100/100\n|-damage|p2a: Garganacl|88/100|[from] Stealth Rock\n|turn|10\n|inactive|Time left: 300 sec this turn | 300 sec total\n|\n|t:|1783555758\n|move|p1a: Reshiram|Earth Power|p2a: Garganacl\n|-supereffective|p2a: Garganacl\n|-damage|p2a: Garganacl|35/100\n|move|p2a: Garganacl|Salt Cure|p1a: Reshiram\n|-supereffective|p1a: Reshiram\n|-damage|p1a: Reshiram|193/277\n|-start|p1a: Reshiram|Salt Cure\n|\n|-heal|p2a: Garganacl|41/100|[from] item: Leftovers\n|-damage|p1a: Reshiram|159/277|[from] Salt Cure\n|upkeep\n|turn|11\n|inactive|Time left: 300 sec this turn | 300 sec total\n|\n|t:|1783555759\n|move|p2a: Garganacl|Protect|p2a: Garganacl\n|-singleturn|p2a: Garganacl|Protect\n|move|p1a: Reshiram|Earth Power|p2a: Garganacl\n|-activate|p2a: Garganacl|move: Protect\n|\n|-heal|p2a: Garganacl|47/100|[from] item: Leftovers\n|-damage|p1a: Reshiram|125/277|[from] Salt Cure\n|upkeep\n|turn|12\n|inactive|Time left: 300 sec this turn | 300 sec total\n|\n|t:|1783555760\n|move|p1a: Reshiram|Earth Power|p2a: Garganacl\n|-supereffective|p2a: Garganacl\n|-damage|p2a: Garganacl|0 fnt\n|faint|p2a: Garganacl\n|\n|-damage|p1a: Reshiram|91/277|[from] Salt Cure\n|upkeep\n|\n|t:|1783555761\n|switch|p2a: Electivire|Electivire, L84, F|100/100\n|-damage|p2a: Electivire|88/100|[from] Stealth Rock\n|turn|13\n|inactive|Time left: 300 sec this turn | 300 sec total\n|\n|t:|1783555762\n|switch|p1a: Zarude|Zarude-Dada, L77|288/288\n|-damage|p1a: Zarude|252/288|[from] Stealth Rock\n|-activate|p1a: Zarude|move: Sticky Web\n|-unboost|p1a: Zarude|spe|1\n|move|p2a: Electivire|Knock Off|p1a: Zarude\n|-resisted|p1a: Zarude\n|-damage|p1a: Zarude|196/288\n|-enditem|p1a: Zarude|Life Orb|[from] move: Knock Off|[of] p2a: Electivire\n|-damage|p2a: Electivire|78/100|[from] item: Life Orb\n|\n|upkeep\n|turn|14\n|inactive|Time left: 300 sec this turn | 300 sec total\n|\n|t:|1783555764\n|move|p2a: Electivire|Ice Punch|p1a: Zarude\n|-supereffective|p1a: Zarude\n|-damage|p1a: Zarude|24/288\n|-damage|p2a: Electivire|69/100|[from] item: Life Orb\n|move|p1a: Zarude|Power Whip|p2a: Electivire\n|-damage|p2a: Electivire|7/100\n|\n|upkeep\n|turn|15\n|inactive|Time left: 300 sec this turn | 300 sec total\n|\n|t:|1783555765\n|move|p2a: Electivire|Knock Off|p1a: Zarude\n|-resisted|p1a: Zarude\n|-damage|p1a: Zarude|0 fnt\n|faint|p1a: Zarude\n|-damage|p2a: Electivire|0 fnt|[from] item: Life Orb\n|faint|p2a: Electivire\n|\n|upkeep\n|inactive|Time left: 300 sec this turn | 300 sec total | 5 sec grace\n|\n|t:|1783555766\n|switch|p2a: Ursaring|Ursaring, L84, M|100/100\n|switch|p1a: Cyclizar|Cyclizar, L84, M|255/255\n|-damage|p2a: Ursaring|88/100|[from] Stealth Rock\n|turn|16\n|inactive|Time left: 300 sec this turn | 300 sec total\n|\n|t:|1783555767\n|move|p1a: Cyclizar|Rapid Spin|p2a: Ursaring\n|-damage|p2a: Ursaring|69/100\n|-boost|p1a: Cyclizar|spe|1\n|-sideend|p1: p0x135455be|Stealth Rock|[from] move: Rapid Spin|[of] p1a: Cyclizar\n|-sideend|p1: p0x135455be|Sticky Web|[from] move: Rapid Spin|[of] p1a: Cyclizar\n|move|p2a: Ursaring|Close Combat|p1a: Cyclizar\n|-supereffective|p1a: Cyclizar\n|-damage|p1a: Cyclizar|3/255\n|-unboost|p2a: Ursaring|def|1\n|-unboost|p2a: Ursaring|spd|1\n|\n|-status|p2a: Ursaring|tox|[from] item: Toxic Orb\n|upkeep\n|turn|17\n|inactive|Time left: 300 sec this turn | 300 sec total\n|\n|t:|1783555768\n|switch|p2a: Skarmory|Skarmory, L80, M|100/100\n|-damage|p2a: Skarmory|88/100|[from] Stealth Rock\n|move|p1a: Cyclizar|Draco Meteor|p2a: Skarmory\n|-resisted|p2a: Skarmory\n|-damage|p2a: Skarmory|57/100\n|-unboost|p1a: Cyclizar|spa|2\n|\n|-heal|p2a: Skarmory|63/100|[from] item: Leftovers\n|upkeep\n|turn|18\n|inactive|Time left: 300 sec this turn | 300 sec total\n|\n|t:|1783555769\n|move|p1a: Cyclizar|Draco Meteor|p2a: Skarmory|[miss]\n|-miss|p1a: Cyclizar|p2a: Skarmory\n|move|p2a: Skarmory|Brave Bird|p1a: Cyclizar\n|-damage|p1a: Cyclizar|0 fnt\n|faint|p1a: Cyclizar\n|-damage|p2a: Skarmory|62/100|[from] Recoil\n|\n|-heal|p2a: Skarmory|68/100|[from] item: Leftovers\n|upkeep\n|inactive|Time left: 300 sec this turn | 300 sec total | 5 sec grace\n|\n|t:|1783555770\n|switch|p1a: Ditto|Ditto, L87|225/225\n|-transform|p1a: Ditto|p2a: Skarmory|[from] ability: Imposter\n|turn|19\n|inactive|Time left: 300 sec this turn | 300 sec total\n|\n|t:|1783555771\n|move|p1a: Ditto|Iron Defense|p1a: Ditto\n|-boost|p1a: Ditto|def|2\n|move|p2a: Skarmory|Brave Bird|p1a: Ditto\n|-resisted|p1a: Ditto\n|-damage|p1a: Ditto|207/225\n|-damage|p2a: Skarmory|66/100|[from] Recoil\n|\n|-heal|p2a: Skarmory|72/100|[from] item: Leftovers\n|upkeep\n|turn|20\n|inactive|Time left: 300 sec this turn | 300 sec total\n|\n|t:|1783555772\n|move|p1a: Ditto|Iron Defense|p1a: Ditto\n|-boost|p1a: Ditto|def|2\n|move|p2a: Skarmory|Iron Defense|p2a: Skarmory\n|-boost|p2a: Skarmory|def|2\n|\n|-heal|p2a: Skarmory|78/100|[from] item: Leftovers\n|upkeep\n|turn|21\n|inactive|Time left: 300 sec this turn | 300 sec total\n|\n|t:|1783555773\n|move|p1a: Ditto|Iron Defense|p1a: Ditto\n|-boost|p1a: Ditto|def|2\n|move|p2a: Skarmory|Body Press|p1a: Ditto\n|-crit|p1a: Ditto\n|-damage|p1a: Ditto|52/225\n|\n|-heal|p2a: Skarmory|83/100|[from] item: Leftovers\n|upkeep\n|turn|22\n|inactive|Time left: 300 sec this turn | 300 sec total\n|\n|t:|1783555774\n|move|p1a: Ditto|Iron Defense|p1a: Ditto\n|-boost|p1a: Ditto|def|0\n|move|p2a: Skarmory|Iron Defense|p2a: Skarmory\n|-boost|p2a: Skarmory|def|2\n|\n|-heal|p2a: Skarmory|89/100|[from] item: Leftovers\n|upkeep\n|turn|23\n|inactive|Time left: 300 sec this turn | 300 sec total\n|\n|t:|1783555775\n|move|p1a: Ditto|Iron Defense|p1a: Ditto\n|-boost|p1a: Ditto|def|0\n|move|p2a: Skarmory|Body Press|p1a: Ditto\n|-damage|p1a: Ditto|13/225\n|\n|-heal|p2a: Skarmory|95/100|[from] item: Leftovers\n|upkeep\n|turn|24\n|inactive|Time left: 300 sec this turn | 300 sec total\n|\n|t:|1783555776\n|-activate|p1a: Ditto|move: Struggle\n|move|p1a: Ditto|Struggle|p2a: Skarmory\n|-damage|p2a: Skarmory|92/100\n|-damage|p1a: Ditto|0 fnt|[from] recoil\n|faint|p1a: Ditto\n|move|p2a: Skarmory|Body Press|p1: Ditto|[notarget]\n|-fail|p2a: Skarmory\n|\n|-heal|p2a: Skarmory|98/100|[from] item: Leftovers\n|upkeep\n|inactive|Time left: 300 sec this turn | 300 sec total | 5 sec grace\n|\n|t:|1783555777\n|switch|p1a: Reshiram|Reshiram, L76|91/277\n|-ability|p1a: Reshiram|Turboblaze\n|turn|25\n|inactive|Time left: 300 sec this turn | 300 sec total\n|\n|t:|1783555778\n|-terastallize|p1a: Reshiram|Ground\n|move|p1a: Reshiram|Blue Flare|p2a: Skarmory\n|-supereffective|p2a: Skarmory\n|-damage|p2a: Skarmory|0 fnt\n|faint|p2a: Skarmory\n|\n|upkeep\n|\n|t:|1783555779\n|switch|p2a: Ursaring|Ursaring, L84, M|69/100 tox\n|-damage|p2a: Ursaring|56/100 tox|[from] Stealth Rock\n|turn|26\n|inactive|Time left: 300 sec this turn | 300 sec total\n|\n|t:|1783555780\n|move|p2a: Ursaring|Close Combat|p1a: Reshiram\n|-damage|p1a: Reshiram|0 fnt\n|-unboost|p2a: Ursaring|def|1\n|-unboost|p2a: Ursaring|spd|1\n|faint|p1a: Reshiram\n|\n|win|p0y1354ba65", "uploadtime": 1783555780, "views": 0, "rating": 0, "private": 0, "password": null, "_winner": "p0y1354ba65", "_our_name": "p0x135455be"}