{"id": "battle-gen9randombattle-1030", "formatid": "gen9randombattle", "format": "[Gen 9] Random Battle", "players": ["p0x10303566", "p0y103051d8"], "log": "|init|battle\n|title|p0x10303566 vs. p0y103051d8\n|j|\u2606p0x10303566\n|j|\u2606p0y103051d8\n|t:|1783551138\n|gametype|singles\n|player|p1|p0x10303566|170|\n|player|p2|p0y103051d8|102|\n|gen|9\n|tier|[Gen 9] Random Battle\n|rule|Species Clause: Limit one of each Pok\u00e9mon\n|rule|HP Percentage Mod: HP is shown in percentages\n|rule|Sleep Clause Mod: Limit one foe put to sleep\n|rule|Illusion Level Mod: Illusion disguises the Pok\u00e9mon's true level\n|\n|t:|1783551138\n|teamsize|p1|6\n|teamsize|p2|6\n|start\n|switch|p1a: Mismagius|Mismagius, L86, F|243/243\n|switch|p2a: Minior|Minior-Yellow, L79|100/100\n|-formechange|p2a: Minior|Minior-Meteor||[from] ability: Shields Down\n|turn|1\n|inactive|Battle timer is ON: inactive players will automatically lose when time's up. (requested by p0x10303566)\n|inactive|p0y103051d8 also wants the timer to be on.\n|\n|t:|1783551140\n|move|p1a: Mismagius|Nasty Plot|p1a: Mismagius\n|-boost|p1a: Mismagius|spa|2\n|move|p2a: Minior|Shell Smash|p2a: Minior\n|-unboost|p2a: Minior|def|1\n|-unboost|p2a: Minior|spd|1\n|-boost|p2a: Minior|atk|2\n|-boost|p2a: Minior|spa|2\n|-boost|p2a: Minior|spe|2\n|-enditem|p2a: Minior|White Herb\n|-clearnegativeboost|p2a: Minior|[silent]\n|\n|upkeep\n|turn|2\n|inactive|Time left: 300 sec this turn | 300 sec total\n|\n|t:|1783551141\n|move|p2a: Minior|Acrobatics|p1a: Mismagius\n|-damage|p1a: Mismagius|72/243\n|move|p1a: Mismagius|Shadow Ball|p2a: Minior\n|-damage|p2a: Minior|0 fnt\n|faint|p2a: Minior\n|-damage|p1a: Mismagius|48/243|[from] item: Life Orb\n|\n|upkeep\n|\n|t:|1783551142\n|switch|p2a: Azumarill|Azumarill, L82, F|100/100\n|turn|3\n|inactive|Time left: 300 sec this turn | 300 sec total\n|\n|t:|1783551143\n|move|p2a: Azumarill|Aqua Jet|p1a: Mismagius\n|-damage|p1a: Mismagius|0 fnt\n|faint|p1a: Mismagius\n|\n|upkeep\n|inactive|Time left: 300 sec this turn | 300 sec total | 5 sec grace\n|\n|t:|1783551144\n|switch|p1a: Torterra|Torterra, L78, M|276/276\n|turn|4\n|inactive|Time left: 300 sec this turn | 300 sec total\n|\n|t:|1783551145\n|switch|p2a: Cacturne|Cacturne, L92, M|100/100\n|move|p1a: Torterra|Shell Smash|p1a: Torterra\n|-unboost|p1a: Torterra|def|1\n|-unboost|p1a: Torterra|spd|1\n|-boost|p1a: Torterra|atk|2\n|-boost|p1a: Torterra|spa|2\n|-boost|p1a: Torterra|spe|2\n|\n|upkeep\n|turn|5\n|inactive|Time left: 300 sec this turn | 300 sec total\n|\n|t:|1783551147\n|move|p1a: Torterra|Rock Blast|p2a: Cacturne\n|-damage|p2a: Cacturne|86/100\n|-damage|p2a: Cacturne|70/100\n|-damage|p2a: Cacturne|57/100\n|-damage|p2a: Cacturne|42/100\n|-hitcount|p2a: Cacturne|4\n|move|p2a: Cacturne|Knock Off|p1a: Torterra\n|-damage|p1a: Torterra|0 fnt\n|-enditem|p1a: Torterra|Loaded Dice|[from] move: Knock Off|[of] p2a: Cacturne\n|faint|p1a: Torterra\n|-damage|p2a: Cacturne|33/100|[from] item: Life Orb\n|\n|upkeep\n|inactive|Time left: 300 sec this turn | 300 sec total | 5 sec grace\n|\n|t:|1783551148\n|switch|p1a: Toucannon|Toucannon, L88, F|284/284\n|turn|6\n|inactive|Time left: 300 sec this turn | 300 sec total\n|\n|t:|1783551149\n|move|p2a: Cacturne|Sucker Punch|p1a: Toucannon\n|-damage|p1a: Toucannon|154/284\n|-damage|p2a: Cacturne|23/100|[from] item: Life Orb\n|move|p1a: Toucannon|Boomburst|p2a: Cacturne\n|-damage|p2a: Cacturne|0 fnt\n|faint|p2a: Cacturne\n|\n|upkeep\n|\n|t:|1783551150\n|switch|p2a: Delphox|Delphox, L84, F|100/100\n|turn|7\n|inactive|Time left: 300 sec this turn | 300 sec total\n|\n|t:|1783551151\n|-singleturn|p1a: Toucannon|move: Beak Blast\n|move|p2a: Delphox|Fire Blast|p1a: Toucannon\n|-damage|p1a: Toucannon|0 fnt\n|faint|p1a: Toucannon\n|\n|upkeep\n|inactive|Time left: 300 sec this turn | 300 sec total | 5 sec grace\n|\n|t:|1783551152\n|switch|p1a: Grumpig|Grumpig, L92, F|297/297\n|turn|8\n|inactive|Time left: 300 sec this turn | 300 sec total\n|\n|t:|1783551153\n|move|p2a: Delphox|Fire Blast|p1a: Grumpig\n|-damage|p1a: Grumpig|219/297\n|move|p1a: Grumpig|Nasty Plot|p1a: Grumpig\n|-boost|p1a: Grumpig|spa|2\n|\n|-heal|p1a: Grumpig|237/297|[from] item: Leftovers\n|upkeep\n|turn|9\n|inactive|Time left: 300 sec this turn | 300 sec total\n|\n|t:|1783551155\n|move|p2a: Delphox|Fire Blast|p1a: Grumpig\n|-damage|p1a: Grumpig|162/297\n|move|p1a: Grumpig|Shadow Ball|p2a: Delphox\n|-supereffective|p2a: Delphox\n|-crit|p2a: Delphox\n|-damage|p2a: Delphox|0 fnt\n|faint|p2a: Delphox\n|\n|-heal|p1a: Grumpig|180/297|[from] item: Leftovers\n|upkeep\n|\n|t:|1783551156\n|switch|p2a: Azumarill|Azumarill, L82, F|100/100\n|turn|10\n|inactive|Time left: 300 sec this turn | 300 sec total\n|\n|t:|1783551157\n|move|p1a: Grumpig|Psychic|p2a: Azumarill\n|-damage|p2a: Azumarill|17/100\n|move|p2a: Azumarill|Play Rough|p1a: Grumpig|[miss]\n|-miss|p2a: Azumarill|p1a: Grumpig\n|\n|-heal|p1a: Grumpig|198/297|[from] item: Leftovers\n|upkeep\n|turn|11\n|inactive|Time left: 300 sec this turn | 300 sec total\n|\n|t:|1783551158\n|move|p1a: Grumpig|Psychic|p2a: Azumarill\n|-damage|p2a: Azumarill|0 fnt\n|faint|p2a: Azumarill\n|\n|-heal|p1a: Grumpig|216/297|[from] item: Leftovers\n|upkeep\n|\n|t:|1783551159\n|switch|p2a: Indeedee|Indeedee, L84, M|100/100\n|-fieldstart|move: Psychic Terrain|[from] ability: Psychic Surge|[of] p2a: Indeedee\n|turn|12\n|inactive|Time left: 300 sec this turn | 300 sec total\n|\n|t:|1783551160\n|move|p2a: Indeedee|Expanding Force|p1a: Grumpig\n|-resisted|p1a: Grumpig\n|-damage|p1a: Grumpig|113/297\n|move|p1a: Grumpig|Psychic|p2a: Indeedee\n|-resisted|p2a: Indeedee\n|-damage|p2a: Indeedee|49/100\n|\n|-heal|p1a: Grumpig|131/297|[from] item: Leftovers\n|upkeep\n|turn|13\n|inactive|Time left: 300 sec this turn | 300 sec total\n|\n|t:|1783551161\n|-terastallize|p2a: Indeedee|Psychic\n|move|p2a: Indeedee|Expanding Force|p1a: Grumpig\n|-resisted|p1a: Grumpig\n|-damage|p1a: Grumpig|2/297\n|move|p1a: Grumpig|Psychic|p2a: Indeedee\n|-resisted|p2a: Indeedee\n|-damage|p2a: Indeedee|0 fnt\n|faint|p2a: Indeedee\n|\n|-heal|p1a: Grumpig|20/297|[from] item: Leftovers\n|upkeep\n|\n|t:|1783551162\n|switch|p2a: Oricorio|Oricorio, L84, M|100/100\n|turn|14\n|inactive|Time left: 300 sec this turn | 300 sec total\n|\n|t:|1783551163\n|move|p2a: Oricorio|Revelation Dance|p1a: Grumpig\n|-crit|p1a: Grumpig\n|-damage|p1a: Grumpig|0 fnt\n|faint|p1a: Grumpig\n|\n|upkeep\n|inactive|Time left: 300 sec this turn | 300 sec total | 5 sec grace\n|\n|t:|1783551164\n|switch|p1a: Brute Bonnet|Brute Bonnet, L80|309/309\n|turn|15\n|inactive|Time left: 300 sec this turn | 300 sec total\n|\n|t:|1783551165\n|-terastallize|p1a: Brute Bonnet|Poison\n|move|p2a: Oricorio|Quiver Dance|p2a: Oricorio\n|-boost|p2a: Oricorio|spa|1\n|-boost|p2a: Oricorio|spd|1\n|-boost|p2a: Oricorio|spe|1\n|move|p1a: Brute Bonnet|Crunch|p2a: Oricorio\n|-crit|p2a: Oricorio\n|-damage|p2a: Oricorio|34/100\n|\n|upkeep\n|turn|16\n|inactive|Time left: 300 sec this turn | 300 sec total\n|\n|t:|1783551166\n|move|p2a: Oricorio|Roost|p2a: Oricorio\n|-heal|p2a: Oricorio|84/100\n|-singleturn|p2a: Oricorio|move: Roost\n|move|p1a: Brute Bonnet|Spore|p2a: Oricorio\n|-status|p2a: Oricorio|slp|[from] move: Spore\n|\n|-fieldend|move: Psychic Terrain\n|upkeep\n|turn|17\n|inactive|Time left: 300 sec this turn | 300 sec total\n|\n|t:|1783551167\n|cant|p2a: Oricorio|slp\n|move|p1a: Brute Bonnet|Crunch|p2a: Oricorio\n|-damage|p2a: Oricorio|43/100 slp\n|\n|upkeep\n|turn|18\n|inactive|Time left: 300 sec this turn | 300 sec total\n|\n|t:|1783551168\n|cant|p2a: Oricorio|slp\n|move|p1a: Brute Bonnet|Crunch|p2a: Oricorio\n|-damage|p2a: Oricorio|1/100 slp\n|\n|upkeep\n|turn|19\n|inactive|Time left: 300 sec this turn | 300 sec total\n|\n|t:|1783551168\n|cant|p2a: Oricorio|slp\n|move|p1a: Brute Bonnet|Crunch|p2a: Oricorio\n|-crit|p2a: Oricorio\n|-damage|p2a: Oricorio|0 fnt\n|faint|p2a: Oricorio\n|\n|win|p0x10303566", "uploadtime": 1783551168, "views": 0, "rating": 0, "private": 0, "password": null, "_winner": "p0x10303566", "_our_name": "p0x10303566"}