{"id": "battle-gen9randombattle-1598", "formatid": "gen9randombattle", "format": "[Gen 9] Random Battle", "players": ["p0x15989424", "p0y159895f6"], "log": "|init|battle\n|title|p0x15989424 vs. p0y159895f6\n|j|\u2606p0x15989424\n|j|\u2606p0y159895f6\n|t:|1783557719\n|gametype|singles\n|player|p1|p0x15989424|1|\n|player|p2|p0y159895f6|169|\n|gen|9\n|tier|[Gen 9] Random Battle\n|rule|Species Clause: Limit one of each Pok\u00e9mon\n|rule|HP Percentage Mod: HP is shown in percentages\n|rule|Sleep Clause Mod: Limit one foe put to sleep\n|rule|Illusion Level Mod: Illusion disguises the Pok\u00e9mon's true level\n|\n|t:|1783557719\n|teamsize|p1|6\n|teamsize|p2|6\n|start\n|switch|p1a: Sandy Shocks|Sandy Shocks, L80|267/267\n|switch|p2a: Zebstrika|Zebstrika, L87, M|100/100\n|turn|1\n|inactive|Battle timer is ON: inactive players will automatically lose when time's up. (requested by p0x15989424)\n|inactive|p0y159895f6 also wants the timer to be on.\n|\n|t:|1783557720\n|-terastallize|p2a: Zebstrika|Ground\n|move|p2a: Zebstrika|High Horsepower|p1a: Sandy Shocks\n|-supereffective|p1a: Sandy Shocks\n|-damage|p1a: Sandy Shocks|0 fnt\n|faint|p1a: Sandy Shocks\n|-end|p1a: Sandy Shocks|Protosynthesis|[silent]\n|-damage|p2a: Zebstrika|91/100|[from] item: Life Orb\n|\n|upkeep\n|inactive|Time left: 300 sec this turn | 300 sec total | 65 sec grace\n|\n|t:|1783557721\n|switch|p1a: Crabominable|Crabominable, L90, F|321/321\n|turn|2\n|inactive|Time left: 300 sec this turn | 300 sec total\n|\n|t:|1783557723\n|switch|p2a: Grimmsnarl|Grimmsnarl, L83, M|100/100\n|move|p1a: Crabominable|Drain Punch|p2a: Grimmsnarl\n|-damage|p2a: Grimmsnarl|41/100\n|\n|upkeep\n|turn|3\n|inactive|Time left: 300 sec this turn | 300 sec total\n|\n|t:|1783557724\n|move|p2a: Grimmsnarl|Reflect|p2a: Grimmsnarl\n|-sidestart|p2: p0y159895f6|Reflect\n|move|p1a: Crabominable|Drain Punch|p2a: Grimmsnarl\n|-damage|p2a: Grimmsnarl|8/100\n|\n|upkeep\n|turn|4\n|inactive|Time left: 300 sec this turn | 300 sec total\n|\n|t:|1783557725\n|move|p2a: Grimmsnarl|Spirit Break|p1a: Crabominable\n|-supereffective|p1a: Crabominable\n|-damage|p1a: Crabominable|127/321\n|-unboost|p1a: Crabominable|spa|1\n|move|p1a: Crabominable|Earthquake|p2a: Grimmsnarl\n|-damage|p2a: Grimmsnarl|0 fnt\n|faint|p2a: Grimmsnarl\n|\n|upkeep\n|\n|t:|1783557726\n|switch|p2a: Zebstrika|Zebstrika, L87, M, tera:Ground|91/100\n|turn|5\n|inactive|Time left: 300 sec this turn | 300 sec total\n|\n|t:|1783557727\n|switch|p1a: Appletun|Appletun, L92, F|352/352\n|move|p2a: Zebstrika|Supercell Slam|p1a: Appletun\n|-resisted|p1a: Appletun\n|-damage|p1a: Appletun|318/352\n|-damage|p2a: Zebstrika|81/100|[from] item: Life Orb\n|\n|-heal|p1a: Appletun|340/352|[from] item: Leftovers\n|upkeep\n|turn|6\n|inactive|Time left: 300 sec this turn | 300 sec total\n|\n|t:|1783557728\n|move|p2a: Zebstrika|High Horsepower|p1a: Appletun\n|-resisted|p1a: Appletun\n|-damage|p1a: Appletun|276/352\n|-damage|p2a: Zebstrika|71/100|[from] item: Life Orb\n|move|p1a: Appletun|Dragon Pulse|p2a: Zebstrika\n|-damage|p2a: Zebstrika|25/100\n|\n|-heal|p1a: Appletun|298/352|[from] item: Leftovers\n|upkeep\n|turn|7\n|inactive|Time left: 300 sec this turn | 300 sec total\n|\n|t:|1783557729\n|move|p2a: Zebstrika|High Horsepower|p1a: Appletun\n|-resisted|p1a: Appletun\n|-damage|p1a: Appletun|233/352\n|-damage|p2a: Zebstrika|15/100|[from] item: Life Orb\n|move|p1a: Appletun|Dragon Pulse|p2a: Zebstrika\n|-damage|p2a: Zebstrika|0 fnt\n|faint|p2a: Zebstrika\n|\n|-heal|p1a: Appletun|255/352|[from] item: Leftovers\n|upkeep\n|\n|t:|1783557730\n|switch|p2a: Dunsparce|Dunsparce, L86, M|100/100\n|turn|8\n|inactive|Time left: 300 sec this turn | 300 sec total\n|\n|t:|1783557731\n|move|p2a: Dunsparce|Body Slam|p1a: Appletun\n|-damage|p1a: Appletun|183/352\n|move|p1a: Appletun|Leech Seed|p2a: Dunsparce|[miss]\n|-miss|p1a: Appletun|p2a: Dunsparce\n|\n|-heal|p1a: Appletun|205/352|[from] item: Leftovers\n|upkeep\n|turn|9\n|inactive|Time left: 300 sec this turn | 300 sec total\n|\n|t:|1783557732\n|move|p2a: Dunsparce|Coil|p2a: Dunsparce\n|-boost|p2a: Dunsparce|atk|1\n|-boost|p2a: Dunsparce|def|1\n|-boost|p2a: Dunsparce|accuracy|1\n|move|p1a: Appletun|Apple Acid|p2a: Dunsparce\n|-damage|p2a: Dunsparce|74/100\n|-unboost|p2a: Dunsparce|spd|1\n|\n|-heal|p1a: Appletun|227/352|[from] item: Leftovers\n|upkeep\n|turn|10\n|inactive|Time left: 300 sec this turn | 300 sec total\n|\n|t:|1783557733\n|move|p2a: Dunsparce|Body Slam|p1a: Appletun\n|-damage|p1a: Appletun|119/352\n|move|p1a: Appletun|Apple Acid|p2a: Dunsparce\n|-damage|p2a: Dunsparce|33/100\n|-unboost|p2a: Dunsparce|spd|1\n|\n|-heal|p1a: Appletun|141/352|[from] item: Leftovers\n|-sideend|p2: p0y159895f6|Reflect\n|upkeep\n|turn|11\n|inactive|Time left: 300 sec this turn | 300 sec total\n|\n|t:|1783557734\n|move|p2a: Dunsparce|Roost|p2a: Dunsparce\n|-heal|p2a: Dunsparce|83/100\n|-singleturn|p2a: Dunsparce|move: Roost\n|move|p1a: Appletun|Apple Acid|p2a: Dunsparce\n|-damage|p2a: Dunsparce|33/100\n|-unboost|p2a: Dunsparce|spd|1\n|\n|-heal|p1a: Appletun|163/352|[from] item: Leftovers\n|upkeep\n|turn|12\n|inactive|Time left: 300 sec this turn | 300 sec total\n|\n|t:|1783557735\n|move|p2a: Dunsparce|Body Slam|p1a: Appletun\n|-damage|p1a: Appletun|49/352\n|-status|p1a: Appletun|par\n|cant|p1a: Appletun|par\n|\n|-heal|p1a: Appletun|71/352 par|[from] item: Leftovers\n|upkeep\n|turn|13\n|inactive|Time left: 300 sec this turn | 300 sec total\n|\n|t:|1783557736\n|move|p2a: Dunsparce|Body Slam|p1a: Appletun\n|-damage|p1a: Appletun|0 fnt\n|faint|p1a: Appletun\n|\n|upkeep\n|inactive|Time left: 300 sec this turn | 300 sec total | 5 sec grace\n|\n|t:|1783557737\n|switch|p1a: Crabominable|Crabominable, L90, F|127/321\n|turn|14\n|inactive|Time left: 300 sec this turn | 300 sec total\n|\n|t:|1783557738\n|switch|p2a: Dipplin|Dipplin, L88, M|100/100\n|move|p1a: Crabominable|Drain Punch|p2a: Dipplin\n|-damage|p2a: Dipplin|74/100\n|-heal|p1a: Crabominable|165/321|[from] drain|[of] p2a: Dipplin\n|\n|upkeep\n|turn|15\n|inactive|Time left: 300 sec this turn | 300 sec total\n|\n|t:|1783557739\n|switch|p2a: Phione|Phione, L91|100/100\n|move|p1a: Crabominable|Ice Hammer|p2a: Phione|[miss]\n|-miss|p1a: Crabominable|p2a: Phione\n|\n|upkeep\n|turn|16\n|inactive|Time left: 300 sec this turn | 300 sec total\n|\n|t:|1783557740\n|move|p2a: Phione|Scald|p1a: Crabominable\n|-damage|p1a: Crabominable|98/321\n|move|p1a: Crabominable|Drain Punch|p2a: Phione\n|-damage|p2a: Phione|56/100\n|-heal|p1a: Crabominable|163/321|[from] drain|[of] p2a: Phione\n|\n|-heal|p2a: Phione|62/100|[from] item: Leftovers\n|upkeep\n|turn|17\n|inactive|Time left: 300 sec this turn | 300 sec total\n|\n|t:|1783557742\n|move|p2a: Phione|Scald|p1a: Crabominable\n|-damage|p1a: Crabominable|100/321\n|move|p1a: Crabominable|Drain Punch|p2a: Phione\n|-damage|p2a: Phione|14/100\n|-heal|p1a: Crabominable|171/321|[from] drain|[of] p2a: Phione\n|\n|-heal|p2a: Phione|20/100|[from] item: Leftovers\n|upkeep\n|turn|18\n|inactive|Time left: 300 sec this turn | 300 sec total\n|\n|t:|1783557742\n|move|p2a: Phione|Scald|p1a: Crabominable\n|-damage|p1a: Crabominable|107/321\n|move|p1a: Crabominable|Drain Punch|p2a: Phione\n|-damage|p2a: Phione|0 fnt\n|-heal|p1a: Crabominable|136/321|[from] drain|[of] p2a: Phione\n|faint|p2a: Phione\n|\n|upkeep\n|\n|t:|1783557743\n|switch|p2a: Dunsparce|Dunsparce, L86, M|33/100\n|turn|19\n|inactive|Time left: 300 sec this turn | 300 sec total\n|\n|t:|1783557744\n|switch|p2a: Dipplin|Dipplin, L88, M|74/100\n|move|p1a: Crabominable|Drain Punch|p2a: Dipplin\n|-damage|p2a: Dipplin|47/100\n|-heal|p1a: Crabominable|174/321|[from] drain|[of] p2a: Dipplin\n|\n|upkeep\n|turn|20\n|inactive|Time left: 300 sec this turn | 300 sec total\n|\n|t:|1783557746\n|move|p1a: Crabominable|Ice Hammer|p2a: Dipplin\n|-supereffective|p2a: Dipplin\n|-damage|p2a: Dipplin|0 fnt\n|-unboost|p1a: Crabominable|spe|1\n|faint|p2a: Dipplin\n|\n|upkeep\n|\n|t:|1783557747\n|switch|p2a: Jolteon|Jolteon, L84, F|100/100\n|turn|21\n|inactive|Time left: 300 sec this turn | 300 sec total\n|\n|t:|1783557748\n|-terastallize|p1a: Crabominable|Ground\n|move|p2a: Jolteon|Substitute|p2a: Jolteon\n|-start|p2a: Jolteon|Substitute\n|-damage|p2a: Jolteon|76/100\n|move|p1a: Crabominable|Earthquake|p2a: Jolteon\n|-supereffective|p2a: Jolteon\n|-end|p2a: Jolteon|Substitute\n|\n|-heal|p2a: Jolteon|82/100|[from] item: Leftovers\n|upkeep\n|turn|22\n|inactive|Time left: 300 sec this turn | 300 sec total\n|\n|t:|1783557749\n|move|p2a: Jolteon|Substitute|p2a: Jolteon\n|-start|p2a: Jolteon|Substitute\n|-damage|p2a: Jolteon|57/100\n|move|p1a: Crabominable|Drain Punch|p2a: Jolteon\n|-end|p2a: Jolteon|Substitute\n|-heal|p1a: Crabominable|205/321|[from] drain|[of] p2a: Jolteon\n|\n|-heal|p2a: Jolteon|63/100|[from] item: Leftovers\n|upkeep\n|turn|23\n|inactive|Time left: 300 sec this turn | 300 sec total\n|\n|t:|1783557750\n|move|p2a: Jolteon|Substitute|p2a: Jolteon\n|-start|p2a: Jolteon|Substitute\n|-damage|p2a: Jolteon|38/100\n|move|p1a: Crabominable|Drain Punch|p2a: Jolteon\n|-end|p2a: Jolteon|Substitute\n|-heal|p1a: Crabominable|236/321|[from] drain|[of] p2a: Jolteon\n|\n|-heal|p2a: Jolteon|44/100|[from] item: Leftovers\n|upkeep\n|turn|24\n|inactive|Time left: 300 sec this turn | 300 sec total\n|\n|t:|1783557751\n|move|p2a: Jolteon|Substitute|p2a: Jolteon\n|-start|p2a: Jolteon|Substitute\n|-damage|p2a: Jolteon|20/100\n|move|p1a: Crabominable|Drain Punch|p2a: Jolteon\n|-end|p2a: Jolteon|Substitute\n|-heal|p1a: Crabominable|267/321|[from] drain|[of] p2a: Jolteon\n|\n|-heal|p2a: Jolteon|26/100|[from] item: Leftovers\n|upkeep\n|turn|25\n|inactive|Time left: 300 sec this turn | 300 sec total\n|\n|t:|1783557752\n|move|p2a: Jolteon|Substitute|p2a: Jolteon\n|-start|p2a: Jolteon|Substitute\n|-damage|p2a: Jolteon|1/100\n|move|p1a: Crabominable|Drain Punch|p2a: Jolteon\n|-end|p2a: Jolteon|Substitute\n|-heal|p1a: Crabominable|298/321|[from] drain|[of] p2a: Jolteon\n|\n|-heal|p2a: Jolteon|7/100|[from] item: Leftovers\n|upkeep\n|turn|26\n|inactive|Time left: 300 sec this turn | 300 sec total\n|\n|t:|1783557754\n|move|p2a: Jolteon|Thunderbolt|p1a: Crabominable\n|-immune|p1a: Crabominable\n|move|p1a: Crabominable|Drain Punch|p2a: Jolteon\n|-damage|p2a: Jolteon|0 fnt\n|-heal|p1a: Crabominable|306/321|[from] drain|[of] p2a: Jolteon\n|faint|p2a: Jolteon\n|\n|upkeep\n|\n|t:|1783557755\n|switch|p2a: Dunsparce|Dunsparce, L86, M|33/100\n|turn|27\n|inactive|Time left: 300 sec this turn | 300 sec total\n|\n|t:|1783557756\n|move|p2a: Dunsparce|Body Slam|p1a: Crabominable\n|-damage|p1a: Crabominable|236/321\n|move|p1a: Crabominable|Drain Punch|p2a: Dunsparce\n|-supereffective|p2a: Dunsparce\n|-damage|p2a: Dunsparce|0 fnt\n|-heal|p1a: Crabominable|287/321|[from] drain|[of] p2a: Dunsparce\n|faint|p2a: Dunsparce\n|\n|win|p0x15989424", "uploadtime": 1783557756, "views": 0, "rating": 0, "private": 0, "password": null, "_winner": "p0x15989424", "_our_name": "p0x15989424"}