{"id": "battle-gen9randombattle-80", "formatid": "gen9randombattle", "format": "[Gen 9] Random Battle", "players": ["p0x080e5b1", "p0y080d8e8"], "log": "|init|battle\n|title|p0x080e5b1 vs. p0y080d8e8\n|j|\u2606p0x080e5b1\n|j|\u2606p0y080d8e8\n|t:|1783540104\n|gametype|singles\n|player|p1|p0x080e5b1|170|\n|player|p2|p0y080d8e8|1|\n|gen|9\n|tier|[Gen 9] Random Battle\n|rule|Species Clause: Limit one of each Pok\u00e9mon\n|rule|HP Percentage Mod: HP is shown in percentages\n|rule|Sleep Clause Mod: Limit one foe put to sleep\n|rule|Illusion Level Mod: Illusion disguises the Pok\u00e9mon's true level\n|\n|t:|1783540104\n|teamsize|p1|6\n|teamsize|p2|6\n|start\n|switch|p1a: Scyther|Scyther, L82, M|249/249\n|switch|p2a: Golem|Golem-Alola, L93, M|100/100\n|turn|1\n|inactive|Battle timer is ON: inactive players will automatically lose when time's up. (requested by p0x080e5b1)\n|inactive|p0y080d8e8 also wants the timer to be on.\n|\n|t:|1783540106\n|switch|p1a: Donphan|Donphan, L84, M|288/288\n|move|p2a: Golem|Double-Edge|p1a: Donphan\n|-immune|p1a: Donphan\n|\n|upkeep\n|turn|2\n|inactive|Time left: 300 sec this turn | 300 sec total\n|\n|t:|1783540107\n|switch|p2a: Slither Wing|Slither Wing, L81|100/100\n|move|p1a: Donphan|Earthquake|p2a: Slither Wing\n|-resisted|p2a: Slither Wing\n|-damage|p2a: Slither Wing|77/100\n|\n|upkeep\n|turn|3\n|inactive|Time left: 300 sec this turn | 300 sec total\n|\n|t:|1783540108\n|move|p2a: Slither Wing|First Impression|p1a: Donphan\n|-damage|p1a: Donphan|167/288\n|-damage|p2a: Slither Wing|67/100|[from] item: Life Orb\n|move|p1a: Donphan|Earthquake|p2a: Slither Wing\n|-resisted|p2a: Slither Wing\n|-damage|p2a: Slither Wing|42/100\n|\n|upkeep\n|turn|4\n|inactive|Time left: 300 sec this turn | 300 sec total\n|\n|t:|1783540110\n|move|p2a: Slither Wing|U-turn|p1a: Donphan\n|-damage|p1a: Donphan|80/288\n|-damage|p2a: Slither Wing|32/100|[from] item: Life Orb\n|\n|t:|1783540111\n|-end|p2a: Slither Wing|Protosynthesis|[silent]\n|switch|p2a: Noctowl|Noctowl, L95, F|100/100|[from] U-turn\n|move|p1a: Donphan|Earthquake|p2a: Noctowl\n|-immune|p2a: Noctowl\n|\n|upkeep\n|turn|5\n|inactive|Time left: 300 sec this turn | 300 sec total\n|\n|t:|1783540112\n|switch|p1a: Camerupt|Camerupt, L91, M|275/275\n|move|p2a: Noctowl|Hurricane|p1a: Camerupt\n|-damage|p1a: Camerupt|130/275\n|\n|-heal|p1a: Camerupt|147/275|[from] item: Leftovers\n|upkeep\n|turn|6\n|inactive|Time left: 300 sec this turn | 300 sec total\n|\n|t:|1783540113\n|move|p2a: Noctowl|Hurricane|p1a: Camerupt\n|-damage|p1a: Camerupt|0 fnt\n|faint|p1a: Camerupt\n|\n|upkeep\n|inactive|Time left: 300 sec this turn | 300 sec total | 5 sec grace\n|\n|t:|1783540114\n|switch|p1a: Scyther|Scyther, L82, M|249/249\n|turn|7\n|inactive|Time left: 300 sec this turn | 300 sec total\n|\n|t:|1783540115\n|move|p1a: Scyther|Swords Dance|p1a: Scyther\n|-boost|p1a: Scyther|atk|2\n|move|p2a: Noctowl|Hurricane|p1a: Scyther|[miss]\n|-miss|p2a: Noctowl|p1a: Scyther\n|\n|upkeep\n|turn|8\n|inactive|Time left: 300 sec this turn | 300 sec total\n|\n|t:|1783540117\n|switch|p2a: Golem|Golem-Alola, L93, M|100/100\n|move|p1a: Scyther|Dual Wingbeat|p2a: Golem\n|-resisted|p2a: Golem\n|-damage|p2a: Golem|93/100\n|-resisted|p2a: Golem\n|-damage|p2a: Golem|86/100\n|-hitcount|p2a: Golem|2\n|\n|upkeep\n|turn|9\n|inactive|Time left: 300 sec this turn | 300 sec total\n|\n|t:|1783540118\n|-terastallize|p1a: Scyther|Fighting\n|move|p1a: Scyther|Close Combat|p2a: Golem\n|-supereffective|p2a: Golem\n|-damage|p2a: Golem|0 fnt\n|-unboost|p1a: Scyther|def|1\n|-unboost|p1a: Scyther|spd|1\n|faint|p2a: Golem\n|\n|upkeep\n|\n|t:|1783540118\n|switch|p2a: Gengar|Gengar, L81, F|100/100\n|turn|10\n|inactive|Time left: 300 sec this turn | 300 sec total\n|\n|t:|1783540119\n|move|p2a: Gengar|Sludge Wave|p1a: Scyther\n|-damage|p1a: Scyther|44/249\n|move|p1a: Scyther|Dual Wingbeat|p2a: Gengar\n|-damage|p2a: Gengar|17/100\n|-start|p1a: Scyther|Disable|Dual Wingbeat|[from] ability: Cursed Body|[of] p2a: Gengar\n|-damage|p2a: Gengar|0 fnt\n|faint|p2a: Gengar\n|-hitcount|p2: Gengar|2\n|\n|upkeep\n|\n|t:|1783540120\n|switch|p2a: Noctowl|Noctowl, L95, F|100/100\n|turn|11\n|inactive|Time left: 300 sec this turn | 300 sec total\n|\n|t:|1783540121\n|move|p2a: Noctowl|Bitter Malice|p1a: Scyther\n|-damage|p1a: Scyther|0 fnt\n|faint|p1a: Scyther\n|\n|upkeep\n|inactive|Time left: 300 sec this turn | 300 sec total | 5 sec grace\n|\n|t:|1783540122\n|switch|p1a: Mandibuzz|Mandibuzz, L85, F|326/326\n|turn|12\n|inactive|Time left: 300 sec this turn | 300 sec total\n|\n|t:|1783540123\n|move|p2a: Noctowl|Bitter Malice|p1a: Mandibuzz\n|-resisted|p1a: Mandibuzz\n|-damage|p1a: Mandibuzz|268/326\n|-unboost|p1a: Mandibuzz|atk|1\n|move|p1a: Mandibuzz|Knock Off|p2a: Noctowl\n|-supereffective|p2a: Noctowl\n|-damage|p2a: Noctowl|37/100\n|replace|p2a: Zoroark|Zoroark-Hisui, L80, F\n|-end|p2a: Zoroark|Illusion\n|-hint|Illusion Level Mod is active, so this Pok\u00e9mon's true level was hidden.\n|-enditem|p2a: Zoroark|Choice Specs|[from] move: Knock Off|[of] p1a: Mandibuzz\n|\n|upkeep\n|turn|13\n|inactive|Time left: 300 sec this turn | 300 sec total\n|\n|t:|1783540125\n|move|p2a: Zoroark|Bitter Malice|p1a: Mandibuzz\n|-resisted|p1a: Mandibuzz\n|-damage|p1a: Mandibuzz|223/326\n|-unboost|p1a: Mandibuzz|atk|1\n|move|p1a: Mandibuzz|Brave Bird|p2a: Zoroark\n|-damage|p2a: Zoroark|5/100\n|-damage|p1a: Mandibuzz|199/326|[from] Recoil\n|\n|upkeep\n|turn|14\n|inactive|Time left: 300 sec this turn | 300 sec total\n|\n|t:|1783540126\n|move|p2a: Zoroark|Hyper Voice|p1a: Mandibuzz\n|-damage|p1a: Mandibuzz|103/326\n|move|p1a: Mandibuzz|Roost|p1a: Mandibuzz\n|-heal|p1a: Mandibuzz|266/326\n|-singleturn|p1a: Mandibuzz|move: Roost\n|\n|upkeep\n|turn|15\n|inactive|Time left: 300 sec this turn | 300 sec total\n|\n|t:|1783540127\n|move|p2a: Zoroark|Hyper Voice|p1a: Mandibuzz\n|-damage|p1a: Mandibuzz|170/326\n|move|p1a: Mandibuzz|Roost|p1a: Mandibuzz\n|-heal|p1a: Mandibuzz|326/326\n|-singleturn|p1a: Mandibuzz|move: Roost\n|\n|upkeep\n|turn|16\n|inactive|Time left: 300 sec this turn | 300 sec total\n|\n|t:|1783540128\n|move|p2a: Zoroark|Hyper Voice|p1a: Mandibuzz\n|-damage|p1a: Mandibuzz|233/326\n|move|p1a: Mandibuzz|Knock Off|p2a: Zoroark\n|-supereffective|p2a: Zoroark\n|-crit|p2a: Zoroark\n|-damage|p2a: Zoroark|0 fnt\n|faint|p2a: Zoroark\n|\n|upkeep\n|\n|t:|1783540128\n|switch|p2a: Weavile|Weavile, L79, M|100/100\n|turn|17\n|inactive|Time left: 300 sec this turn | 300 sec total\n|\n|t:|1783540129\n|switch|p1a: Cobalion|Cobalion, L80|277/277\n|move|p2a: Weavile|Swords Dance|p2a: Weavile\n|-boost|p2a: Weavile|atk|2\n|\n|upkeep\n|turn|18\n|inactive|Time left: 300 sec this turn | 300 sec total\n|\n|t:|1783540130\n|switch|p2a: Noctowl|Noctowl, L95, F|100/100\n|move|p1a: Cobalion|Aura Sphere|p2a: Noctowl\n|-damage|p2a: Noctowl|82/100\n|\n|upkeep\n|turn|19\n|inactive|Time left: 300 sec this turn | 300 sec total\n|\n|t:|1783540131\n|move|p1a: Cobalion|Calm Mind|p1a: Cobalion\n|-boost|p1a: Cobalion|spa|1\n|-boost|p1a: Cobalion|spd|1\n|move|p2a: Noctowl|Hyper Voice|p1a: Cobalion\n|-resisted|p1a: Cobalion\n|-damage|p1a: Cobalion|191/277\n|\n|-heal|p1a: Cobalion|208/277|[from] item: Leftovers\n|upkeep\n|turn|20\n|inactive|Time left: 300 sec this turn | 300 sec total\n|\n|t:|1783540132\n|move|p1a: Cobalion|Calm Mind|p1a: Cobalion\n|-boost|p1a: Cobalion|spa|1\n|-boost|p1a: Cobalion|spd|1\n|move|p2a: Noctowl|Hyper Voice|p1a: Cobalion\n|-resisted|p1a: Cobalion\n|-damage|p1a: Cobalion|144/277\n|\n|-heal|p1a: Cobalion|161/277|[from] item: Leftovers\n|upkeep\n|turn|21\n|inactive|Time left: 300 sec this turn | 300 sec total\n|\n|t:|1783540133\n|move|p1a: Cobalion|Flash Cannon|p2a: Noctowl\n|-damage|p2a: Noctowl|47/100\n|move|p2a: Noctowl|Roost|p2a: Noctowl\n|-heal|p2a: Noctowl|97/100\n|-singleturn|p2a: Noctowl|move: Roost\n|\n|-heal|p1a: Cobalion|178/277|[from] item: Leftovers\n|upkeep\n|turn|22\n|inactive|Time left: 300 sec this turn | 300 sec total\n|\n|t:|1783540135\n|move|p1a: Cobalion|Flash Cannon|p2a: Noctowl\n|-damage|p2a: Noctowl|62/100\n|move|p2a: Noctowl|Hurricane|p1a: Cobalion\n|-damage|p1a: Cobalion|97/277\n|\n|-heal|p1a: Cobalion|114/277|[from] item: Leftovers\n|upkeep\n|turn|23\n|inactive|Time left: 300 sec this turn | 300 sec total\n|\n|t:|1783540136\n|move|p1a: Cobalion|Aura Sphere|p2a: Noctowl\n|-damage|p2a: Noctowl|26/100\n|move|p2a: Noctowl|Roost|p2a: Noctowl\n|-heal|p2a: Noctowl|76/100\n|-singleturn|p2a: Noctowl|move: Roost\n|\n|-heal|p1a: Cobalion|131/277|[from] item: Leftovers\n|upkeep\n|turn|24\n|inactive|Time left: 300 sec this turn | 300 sec total\n|\n|t:|1783540137\n|move|p1a: Cobalion|Aura Sphere|p2a: Noctowl\n|-damage|p2a: Noctowl|40/100\n|move|p2a: Noctowl|Hurricane|p1a: Cobalion\n|-damage|p1a: Cobalion|49/277\n|\n|-heal|p1a: Cobalion|66/277|[from] item: Leftovers\n|upkeep\n|turn|25\n|inactive|Time left: 300 sec this turn | 300 sec total\n|\n|t:|1783540138\n|move|p1a: Cobalion|Calm Mind|p1a: Cobalion\n|-boost|p1a: Cobalion|spa|1\n|-boost|p1a: Cobalion|spd|1\n|move|p2a: Noctowl|Hurricane|p1a: Cobalion|[miss]\n|-miss|p2a: Noctowl|p1a: Cobalion\n|\n|-heal|p1a: Cobalion|83/277|[from] item: Leftovers\n|upkeep\n|turn|26\n|inactive|Time left: 300 sec this turn | 300 sec total\n|\n|t:|1783540138\n|move|p1a: Cobalion|Aura Sphere|p2a: Noctowl\n|-damage|p2a: Noctowl|0 fnt\n|faint|p2a: Noctowl\n|\n|-heal|p1a: Cobalion|100/277|[from] item: Leftovers\n|upkeep\n|\n|t:|1783540139\n|switch|p2a: Weavile|Weavile, L79, M|100/100\n|turn|27\n|inactive|Time left: 300 sec this turn | 300 sec total\n|\n|t:|1783540140\n|-terastallize|p2a: Weavile|Ice\n|move|p2a: Weavile|Triple Axel|p1a: Cobalion\n|-resisted|p1a: Cobalion\n|-damage|p1a: Cobalion|88/277\n|-resisted|p1a: Cobalion\n|-damage|p1a: Cobalion|66/277\n|-hitcount|p1a: Cobalion|2\n|move|p1a: Cobalion|Aura Sphere|p2a: Weavile\n|-supereffective|p2a: Weavile\n|-damage|p2a: Weavile|0 fnt\n|faint|p2a: Weavile\n|\n|-heal|p1a: Cobalion|83/277|[from] item: Leftovers\n|upkeep\n|\n|t:|1783540141\n|switch|p2a: Slither Wing|Slither Wing, L81|32/100\n|turn|28\n|inactive|Time left: 300 sec this turn | 300 sec total\n|\n|t:|1783540142\n|move|p2a: Slither Wing|First Impression|p1a: Cobalion\n|-resisted|p1a: Cobalion\n|-damage|p1a: Cobalion|52/277\n|-damage|p2a: Slither Wing|22/100|[from] item: Life Orb\n|move|p1a: Cobalion|Aura Sphere|p2a: Slither Wing\n|-resisted|p2a: Slither Wing\n|-damage|p2a: Slither Wing|0 fnt\n|faint|p2a: Slither Wing\n|-end|p2a: Slither Wing|Protosynthesis|[silent]\n|\n|win|p0x080e5b1", "uploadtime": 1783540142, "views": 0, "rating": 0, "private": 0, "password": null, "_winner": "p0x080e5b1", "_our_name": "p0x080e5b1"}