{"id": "battle-gen9randombattle-160", "formatid": "gen9randombattle", "format": "[Gen 9] Random Battle", "players": ["p0x1602073", "p0y1606e3e"], "log": "|init|battle\n|title|p0x1602073 vs. p0y1606e3e\n|j|\u2606p0x1602073\n|j|\u2606p0y1606e3e\n|t:|1783535101\n|gametype|singles\n|player|p1|p0x1602073|102|\n|player|p2|p0y1606e3e|102|\n|gen|9\n|tier|[Gen 9] Random Battle\n|rule|Species Clause: Limit one of each Pok\u00e9mon\n|rule|HP Percentage Mod: HP is shown in percentages\n|rule|Sleep Clause Mod: Limit one foe put to sleep\n|rule|Illusion Level Mod: Illusion disguises the Pok\u00e9mon's true level\n|\n|t:|1783535101\n|teamsize|p1|6\n|teamsize|p2|6\n|start\n|switch|p1a: Zangoose|Zangoose, L85, F|100/100\n|switch|p2a: Reshiram|Reshiram, L76|277/277\n|-ability|p2a: Reshiram|Turboblaze\n|turn|1\n|inactive|Battle timer is ON: inactive players will automatically lose when time's up. (requested by p0y1606e3e)\n|inactive|p0x1602073 also wants the timer to be on.\n|\n|t:|1783535103\n|move|p1a: Zangoose|Swords Dance|p1a: Zangoose\n|-boost|p1a: Zangoose|atk|2\n|move|p2a: Reshiram|Outrage|p1a: Zangoose\n|-crit|p1a: Zangoose\n|-damage|p1a: Zangoose|5/100\n|\n|-status|p1a: Zangoose|tox|[from] item: Toxic Orb\n|upkeep\n|turn|2\n|inactive|Time left: 300 sec this turn | 300 sec total\n|\n|t:|1783535104\n|move|p1a: Zangoose|Facade|p2a: Reshiram\n|-damage|p2a: Reshiram|0 fnt\n|faint|p2a: Reshiram\n|\n|-damage|p1a: Zangoose|0 fnt|[from] psn\n|faint|p1a: Zangoose\n|upkeep\n|inactive|Time left: 300 sec this turn | 300 sec total | 5 sec grace\n|\n|t:|1783535105\n|switch|p1a: Ambipom|Ambipom, L84, F|100/100\n|switch|p2a: Dragalge|Dragalge, L88, M|258/258\n|turn|3\n|inactive|Time left: 300 sec this turn | 300 sec total\n|\n|t:|1783535106\n|move|p1a: Ambipom|Triple Axel|p2a: Dragalge\n|-supereffective|p2a: Dragalge\n|-damage|p2a: Dragalge|198/258\n|-supereffective|p2a: Dragalge\n|-damage|p2a: Dragalge|80/258\n|-supereffective|p2a: Dragalge\n|-damage|p2a: Dragalge|0 fnt\n|faint|p2a: Dragalge\n|-hitcount|p2: Dragalge|3\n|\n|upkeep\n|inactive|Time left: 300 sec this turn | 300 sec total | 5 sec grace\n|\n|t:|1783535107\n|switch|p2a: Floatzel|Floatzel, L86, M|286/286\n|turn|4\n|inactive|Time left: 300 sec this turn | 300 sec total\n|\n|t:|1783535108\n|move|p2a: Floatzel|Bulk Up|p2a: Floatzel\n|-boost|p2a: Floatzel|atk|1\n|-boost|p2a: Floatzel|def|1\n|move|p1a: Ambipom|Triple Axel|p2a: Floatzel|[miss]\n|-miss|p1a: Ambipom|p2a: Floatzel\n|\n|upkeep\n|turn|5\n|inactive|Time left: 300 sec this turn | 300 sec total\n|\n|t:|1783535109\n|switch|p1a: Glaceon|Glaceon, L94, M|100/100\n|move|p2a: Floatzel|Ice Spinner|p1a: Glaceon\n|-resisted|p1a: Glaceon\n|-damage|p1a: Glaceon|88/100\n|\n|upkeep\n|turn|6\n|inactive|Time left: 300 sec this turn | 300 sec total\n|\n|t:|1783535110\n|switch|p2a: Volcarona|Volcarona, L77, F|257/257\n|move|p1a: Glaceon|Freeze-Dry|p2a: Volcarona\n|-resisted|p2a: Volcarona\n|-damage|p2a: Volcarona|200/257\n|\n|upkeep\n|turn|7\n|inactive|Time left: 300 sec this turn | 300 sec total\n|\n|t:|1783535111\n|switch|p1a: Wugtrio|Wugtrio, L91, F|100/100\n|move|p2a: Volcarona|Quiver Dance|p2a: Volcarona\n|-boost|p2a: Volcarona|spa|1\n|-boost|p2a: Volcarona|spd|1\n|-boost|p2a: Volcarona|spe|1\n|\n|upkeep\n|turn|8\n|inactive|Time left: 300 sec this turn | 300 sec total\n|\n|t:|1783535112\n|switch|p2a: Dondozo|Dondozo, L78, F|362/362\n|move|p1a: Wugtrio|Liquidation|p2a: Dondozo\n|-resisted|p2a: Dondozo\n|-damage|p2a: Dondozo|287/362\n|\n|-heal|p2a: Dondozo|309/362|[from] item: Leftovers\n|upkeep\n|turn|9\n|inactive|Time left: 300 sec this turn | 300 sec total\n|\n|t:|1783535113\n|move|p1a: Wugtrio|Liquidation|p2a: Dondozo\n|-resisted|p2a: Dondozo\n|-damage|p2a: Dondozo|236/362\n|-unboost|p2a: Dondozo|def|1\n|move|p2a: Dondozo|Curse|p2a: Dondozo\n|-unboost|p2a: Dondozo|spe|1\n|-boost|p2a: Dondozo|atk|1\n|-boost|p2a: Dondozo|def|1\n|\n|-heal|p2a: Dondozo|258/362|[from] item: Leftovers\n|upkeep\n|turn|10\n|inactive|Time left: 300 sec this turn | 300 sec total\n|\n|t:|1783535114\n|move|p1a: Wugtrio|Liquidation|p2a: Dondozo\n|-resisted|p2a: Dondozo\n|-damage|p2a: Dondozo|181/362\n|move|p2a: Dondozo|Wave Crash|p1a: Wugtrio\n|-resisted|p1a: Wugtrio\n|-damage|p1a: Wugtrio|42/100\n|-ability|p1a: Wugtrio|Gooey\n|-unboost|p2a: Dondozo|spe|1\n|-damage|p2a: Dondozo|140/362|[from] Recoil\n|\n|-heal|p2a: Dondozo|162/362|[from] item: Leftovers\n|upkeep\n|turn|11\n|inactive|Time left: 300 sec this turn | 300 sec total\n|\n|t:|1783535115\n|move|p1a: Wugtrio|Liquidation|p2a: Dondozo\n|-resisted|p2a: Dondozo\n|-damage|p2a: Dondozo|95/362\n|move|p2a: Dondozo|Wave Crash|p1a: Wugtrio\n|-resisted|p1a: Wugtrio\n|-damage|p1a: Wugtrio|0 fnt\n|-ability|p1a: Wugtrio|Gooey\n|-unboost|p2a: Dondozo|spe|1\n|faint|p1a: Wugtrio\n|-damage|p2a: Dondozo|66/362|[from] Recoil\n|\n|-heal|p2a: Dondozo|88/362|[from] item: Leftovers\n|upkeep\n|\n|t:|1783535116\n|switch|p1a: Ambipom|Ambipom, L84, F|100/100\n|turn|12\n|inactive|Time left: 300 sec this turn | 300 sec total\n|\n|t:|1783535117\n|move|p1a: Ambipom|Double-Edge|p2a: Dondozo\n|-damage|p2a: Dondozo|0 fnt\n|faint|p2a: Dondozo\n|-damage|p1a: Ambipom|89/100|[from] Recoil\n|\n|upkeep\n|inactive|Time left: 300 sec this turn | 300 sec total | 5 sec grace\n|\n|t:|1783535118\n|switch|p2a: Toucannon|Toucannon, L88, F|284/284\n|turn|13\n|inactive|Time left: 300 sec this turn | 300 sec total\n|\n|t:|1783535119\n|-singleturn|p2a: Toucannon|move: Beak Blast\n|move|p1a: Ambipom|Double-Edge|p2a: Toucannon\n|-damage|p2a: Toucannon|86/284\n|-status|p1a: Ambipom|brn\n|-damage|p1a: Ambipom|65/100 brn|[from] Recoil\n|move|p2a: Toucannon|Beak Blast|p1a: Ambipom\n|-damage|p1a: Ambipom|0 fnt\n|faint|p1a: Ambipom\n|\n|upkeep\n|\n|t:|1783535120\n|switch|p1a: Iron Valiant|Iron Valiant, L78|100/100\n|turn|14\n|inactive|Time left: 300 sec this turn | 300 sec total\n|\n|t:|1783535121\n|move|p1a: Iron Valiant|Knock Off|p2a: Toucannon\n|-damage|p2a: Toucannon|0 fnt\n|-enditem|p2a: Toucannon|Heavy-Duty Boots|[from] move: Knock Off|[of] p1a: Iron Valiant\n|faint|p2a: Toucannon\n|-damage|p1a: Iron Valiant|91/100|[from] item: Life Orb\n|\n|upkeep\n|inactive|Time left: 300 sec this turn | 300 sec total | 5 sec grace\n|\n|t:|1783535122\n|switch|p2a: Floatzel|Floatzel, L86, M|286/286\n|turn|15\n|inactive|Time left: 300 sec this turn | 300 sec total\n|\n|t:|1783535123\n|-end|p1a: Iron Valiant|Quark Drive|[silent]\n|switch|p1a: Glaceon|Glaceon, L94, M|88/100\n|move|p2a: Floatzel|Bulk Up|p2a: Floatzel\n|-boost|p2a: Floatzel|atk|1\n|-boost|p2a: Floatzel|def|1\n|\n|upkeep\n|turn|16\n|inactive|Time left: 300 sec this turn | 300 sec total\n|\n|t:|1783535124\n|move|p2a: Floatzel|Wave Crash|p1a: Glaceon\n|-damage|p1a: Glaceon|32/100\n|-damage|p2a: Floatzel|235/286|[from] Recoil\n|move|p1a: Glaceon|Freeze-Dry|p2a: Floatzel\n|-supereffective|p2a: Floatzel\n|-damage|p2a: Floatzel|0 fnt\n|faint|p2a: Floatzel\n|\n|upkeep\n|inactive|Time left: 300 sec this turn | 300 sec total | 5 sec grace\n|\n|t:|1783535125\n|switch|p2a: Volcarona|Volcarona, L77, F|200/257\n|turn|17\n|inactive|Time left: 300 sec this turn | 300 sec total\n|\n|t:|1783535126\n|switch|p1a: Banette|Banette, L93, M|100/100\n|move|p2a: Volcarona|Quiver Dance|p2a: Volcarona\n|-boost|p2a: Volcarona|spa|1\n|-boost|p2a: Volcarona|spd|1\n|-boost|p2a: Volcarona|spe|1\n|\n|upkeep\n|turn|18\n|inactive|Time left: 300 sec this turn | 300 sec total\n|\n|t:|1783535127\n|-terastallize|p2a: Volcarona|Ground\n|move|p2a: Volcarona|Fiery Dance|p1a: Banette\n|-damage|p1a: Banette|43/100\n|-start|p2a: Volcarona|Disable|Fiery Dance|[from] ability: Cursed Body|[of] p1a: Banette\n|move|p1a: Banette|Poltergeist|p2a: Volcarona\n|-activate|p2a: Volcarona|move: Poltergeist|Heavy-Duty Boots\n|-damage|p2a: Volcarona|0 fnt\n|faint|p2a: Volcarona\n|-damage|p1a: Banette|33/100|[from] item: Life Orb\n|\n|win|p0x1602073", "uploadtime": 1783535127, "views": 0, "rating": 0, "private": 0, "password": null, "_winner": "p0x1602073", "_our_name": "p0y1606e3e"}