{"id": "battle-gen9randombattle-734", "formatid": "gen9randombattle", "format": "[Gen 9] Random Battle", "players": ["p0x7344b7f", "p0y734b146"], "log": "|init|battle\n|title|p0x7344b7f vs. p0y734b146\n|j|\u2606p0x7344b7f\n|j|\u2606p0y734b146\n|t:|1783548332\n|gametype|singles\n|player|p1|p0x7344b7f|169|\n|player|p2|p0y734b146|101|\n|gen|9\n|tier|[Gen 9] Random Battle\n|rule|Species Clause: Limit one of each Pok\u00e9mon\n|rule|HP Percentage Mod: HP is shown in percentages\n|rule|Sleep Clause Mod: Limit one foe put to sleep\n|rule|Illusion Level Mod: Illusion disguises the Pok\u00e9mon's true level\n|\n|t:|1783548332\n|teamsize|p1|6\n|teamsize|p2|6\n|start\n|switch|p1a: Arceus|Arceus-Fire, L72|291/291\n|switch|p2a: Luvdisc|Luvdisc, F|100/100\n|turn|1\n|inactive|Battle timer is ON: inactive players will automatically lose when time's up. (requested by p0y734b146)\n|inactive|Time left: 300 sec this turn | 300 sec total | 60 sec grace\n|inactive|p0x7344b7f also wants the timer to be on.\n|\n|t:|1783548333\n|switch|p2a: Lapras|Lapras, L87, M|100/100\n|move|p1a: Arceus|Swords Dance|p1a: Arceus\n|-boost|p1a: Arceus|atk|2\n|\n|upkeep\n|turn|2\n|inactive|Time left: 300 sec this turn | 300 sec total\n|\n|t:|1783548334\n|move|p1a: Arceus|Flare Blitz|p2a: Lapras\n|-damage|p2a: Lapras|22/100\n|-damage|p1a: Arceus|196/291|[from] Recoil\n|move|p2a: Lapras|Hydro Pump|p1a: Arceus\n|-supereffective|p1a: Arceus\n|-damage|p1a: Arceus|0 fnt\n|faint|p1a: Arceus\n|\n|upkeep\n|inactive|Time left: 300 sec this turn | 300 sec total | 5 sec grace\n|\n|t:|1783548335\n|switch|p1a: Hitmonlee|Hitmonlee, L85, M|223/223\n|turn|3\n|inactive|Time left: 300 sec this turn | 300 sec total\n|\n|t:|1783548337\n|switch|p2a: Forretress|Forretress, L84, F|100/100\n|move|p1a: Hitmonlee|High Jump Kick|p2a: Forretress\n|-damage|p2a: Forretress|20/100\n|\n|-heal|p2a: Forretress|26/100|[from] item: Leftovers\n|upkeep\n|turn|4\n|inactive|Time left: 300 sec this turn | 300 sec total\n|\n|t:|1783548338\n|move|p1a: Hitmonlee|High Jump Kick|p2a: Forretress\n|-damage|p2a: Forretress|0 fnt\n|faint|p2a: Forretress\n|\n|upkeep\n|\n|t:|1783548339\n|switch|p2a: Luvdisc|Luvdisc, F|100/100\n|turn|5\n|inactive|Time left: 300 sec this turn | 300 sec total\n|\n|t:|1783548340\n|-terastallize|p2a: Luvdisc|Ghost\n|move|p2a: Luvdisc|Surf|p1a: Hitmonlee\n|-damage|p1a: Hitmonlee|159/223\n|move|p1a: Hitmonlee|High Jump Kick|p2a: Luvdisc\n|-immune|p2a: Luvdisc\n|-damage|p1a: Hitmonlee|48/223|[from] highjumpkick\n|\n|upkeep\n|turn|6\n|inactive|Time left: 300 sec this turn | 300 sec total\n|\n|t:|1783548341\n|switch|p1a: Mesprit|Mesprit, L85|275/275\n|move|p2a: Luvdisc|Flip Turn|p1a: Mesprit\n|-damage|p1a: Mesprit|236/275\n|\n|t:|1783548342\n|switch|p2a: Skuntank|Skuntank, L84, F|100/100|[from] Flip Turn\n|\n|upkeep\n|turn|7\n|inactive|Time left: 300 sec this turn | 300 sec total\n|\n|t:|1783548343\n|switch|p1a: Altaria|Altaria, L89, F|278/278\n|move|p2a: Skuntank|Knock Off|p1a: Altaria\n|-damage|p1a: Altaria|160/278\n|-enditem|p1a: Altaria|Heavy-Duty Boots|[from] move: Knock Off|[of] p2a: Skuntank\n|-damage|p2a: Skuntank|90/100|[from] item: Life Orb\n|\n|upkeep\n|turn|8\n|inactive|Time left: 300 sec this turn | 300 sec total\n|\n|t:|1783548345\n|switch|p2a: Necrozma|Necrozma-Dusk-Mane, L69|100/100\n|move|p1a: Altaria|Roost|p1a: Altaria\n|-heal|p1a: Altaria|278/278\n|-singleturn|p1a: Altaria|move: Roost\n|\n|upkeep\n|turn|9\n|inactive|Time left: 300 sec this turn | 300 sec total\n|\n|t:|1783548346\n|move|p1a: Altaria|Will-O-Wisp|p2a: Necrozma\n|-status|p2a: Necrozma|brn\n|move|p2a: Necrozma|Dragon Dance|p2a: Necrozma\n|-boost|p2a: Necrozma|atk|1\n|-boost|p2a: Necrozma|spe|1\n|\n|-damage|p2a: Necrozma|94/100 brn|[from] brn\n|upkeep\n|turn|10\n|inactive|Time left: 300 sec this turn | 300 sec total\n|\n|t:|1783548347\n|switch|p1a: Camerupt|Camerupt, L91, F|275/275\n|move|p2a: Necrozma|Dragon Dance|p2a: Necrozma\n|-boost|p2a: Necrozma|atk|1\n|-boost|p2a: Necrozma|spe|1\n|\n|-damage|p2a: Necrozma|88/100 brn|[from] brn\n|upkeep\n|turn|11\n|inactive|Time left: 300 sec this turn | 300 sec total\n|\n|t:|1783548348\n|move|p2a: Necrozma|Photon Geyser|p1a: Camerupt\n|-damage|p1a: Camerupt|164/275\n|move|p1a: Camerupt|Overheat|p2a: Necrozma|[miss]\n|-miss|p1a: Camerupt|p2a: Necrozma\n|\n|-heal|p1a: Camerupt|181/275|[from] item: Leftovers\n|-damage|p2a: Necrozma|82/100 brn|[from] brn\n|upkeep\n|turn|12\n|inactive|Time left: 300 sec this turn | 300 sec total\n|\n|t:|1783548349\n|move|p2a: Necrozma|Photon Geyser|p1a: Camerupt\n|-damage|p1a: Camerupt|70/275\n|move|p1a: Camerupt|Earthquake|p2a: Necrozma\n|-supereffective|p2a: Necrozma\n|-damage|p2a: Necrozma|11/100 brn\n|-enditem|p2a: Necrozma|Weakness Policy\n|-boost|p2a: Necrozma|atk|2|[from] item: Weakness Policy\n|-boost|p2a: Necrozma|spa|2|[from] item: Weakness Policy\n|\n|-heal|p1a: Camerupt|87/275|[from] item: Leftovers\n|-damage|p2a: Necrozma|5/100 brn|[from] brn\n|upkeep\n|turn|13\n|inactive|Time left: 300 sec this turn | 300 sec total\n|\n|t:|1783548350\n|move|p2a: Necrozma|Photon Geyser|p1a: Camerupt\n|-damage|p1a: Camerupt|0 fnt\n|faint|p1a: Camerupt\n|\n|-damage|p2a: Necrozma|0 fnt|[from] brn\n|faint|p2a: Necrozma\n|upkeep\n|inactive|Time left: 300 sec this turn | 300 sec total | 5 sec grace\n|\n|t:|1783548351\n|switch|p2a: Brute Bonnet|Brute Bonnet, L80|100/100\n|switch|p1a: Hitmonlee|Hitmonlee, L85, M|48/223\n|turn|14\n|inactive|Time left: 300 sec this turn | 300 sec total\n|\n|t:|1783548352\n|switch|p1a: Altaria|Altaria, L89, F|278/278\n|move|p2a: Brute Bonnet|Sucker Punch||[still]\n|-fail|p2a: Brute Bonnet\n|\n|upkeep\n|turn|15\n|inactive|Time left: 300 sec this turn | 300 sec total\n|\n|t:|1783548353\n|move|p1a: Altaria|Will-O-Wisp|p2a: Brute Bonnet\n|-status|p2a: Brute Bonnet|brn\n|move|p2a: Brute Bonnet|Spore|p1a: Altaria\n|-status|p1a: Altaria|slp|[from] move: Spore\n|\n|-damage|p2a: Brute Bonnet|94/100 brn|[from] brn\n|upkeep\n|turn|16\n|inactive|Time left: 300 sec this turn | 300 sec total\n|\n|t:|1783548354\n|-curestatus|p1a: Altaria|slp|[from] ability: Natural Cure|[silent]\n|switch|p1a: Dondozo|Dondozo, L78, M|362/362\n|move|p2a: Brute Bonnet|Seed Bomb|p1a: Dondozo\n|-supereffective|p1a: Dondozo\n|-damage|p1a: Dondozo|274/362\n|\n|-heal|p2a: Brute Bonnet|100/100 brn|[from] item: Leftovers\n|-heal|p1a: Dondozo|296/362|[from] item: Leftovers\n|-damage|p2a: Brute Bonnet|94/100 brn|[from] brn\n|upkeep\n|turn|17\n|inactive|Time left: 300 sec this turn | 300 sec total\n|\n|t:|1783548355\n|move|p2a: Brute Bonnet|Spore|p1a: Dondozo\n|-status|p1a: Dondozo|slp|[from] move: Spore\n|cant|p1a: Dondozo|slp\n|move|p1a: Dondozo|Sleep Talk|p1a: Dondozo\n|move|p1a: Dondozo|Wave Crash|p2a: Brute Bonnet|[from] move: Sleep Talk\n|-resisted|p2a: Brute Bonnet\n|-damage|p2a: Brute Bonnet|76/100 brn\n|-damage|p1a: Dondozo|278/362 slp|[from] Recoil\n|\n|-heal|p2a: Brute Bonnet|82/100 brn|[from] item: Leftovers\n|-heal|p1a: Dondozo|300/362 slp|[from] item: Leftovers\n|-damage|p2a: Brute Bonnet|76/100 brn|[from] brn\n|upkeep\n|turn|18\n|inactive|Time left: 300 sec this turn | 300 sec total\n|\n|t:|1783548356\n|move|p2a: Brute Bonnet|Seed Bomb|p1a: Dondozo\n|-supereffective|p1a: Dondozo\n|-damage|p1a: Dondozo|218/362 slp\n|-curestatus|p1a: Dondozo|slp|[msg]\n|move|p1a: Dondozo|Curse|p1a: Dondozo\n|-unboost|p1a: Dondozo|spe|1\n|-boost|p1a: Dondozo|atk|1\n|-boost|p1a: Dondozo|def|1\n|\n|-heal|p2a: Brute Bonnet|82/100 brn|[from] item: Leftovers\n|-heal|p1a: Dondozo|240/362|[from] item: Leftovers\n|-damage|p2a: Brute Bonnet|76/100 brn|[from] brn\n|upkeep\n|turn|19\n|inactive|Time left: 300 sec this turn | 300 sec total\n|\n|t:|1783548357\n|-end|p2a: Brute Bonnet|Protosynthesis|[silent]\n|switch|p2a: Lapras|Lapras, L87, M|22/100\n|move|p1a: Dondozo|Sleep Talk||[still]\n|-fail|p1a: Dondozo\n|\n|-heal|p1a: Dondozo|262/362|[from] item: Leftovers\n|upkeep\n|turn|20\n|inactive|Time left: 300 sec this turn | 300 sec total\n|\n|t:|1783548358\n|switch|p1a: Mesprit|Mesprit, L85|236/275\n|move|p2a: Lapras|Freeze-Dry|p1a: Mesprit\n|-damage|p1a: Mesprit|145/275\n|\n|upkeep\n|turn|21\n|inactive|Time left: 300 sec this turn | 300 sec total\n|\n|t:|1783548359\n|switch|p2a: Brute Bonnet|Brute Bonnet, L80|76/100 brn\n|move|p1a: Mesprit|Psychic|p2a: Brute Bonnet\n|-immune|p2a: Brute Bonnet\n|\n|-heal|p2a: Brute Bonnet|82/100 brn|[from] item: Leftovers\n|-damage|p2a: Brute Bonnet|76/100 brn|[from] brn\n|upkeep\n|turn|22\n|inactive|Time left: 300 sec this turn | 300 sec total\n|\n|t:|1783548360\n|switch|p1a: Dondozo|Dondozo, L78, M|262/362\n|move|p2a: Brute Bonnet|Crunch|p1a: Dondozo\n|-damage|p1a: Dondozo|222/362\n|\n|-heal|p2a: Brute Bonnet|82/100 brn|[from] item: Leftovers\n|-heal|p1a: Dondozo|244/362|[from] item: Leftovers\n|-damage|p2a: Brute Bonnet|76/100 brn|[from] brn\n|upkeep\n|turn|23\n|inactive|Time left: 300 sec this turn | 300 sec total\n|\n|t:|1783548361\n|move|p2a: Brute Bonnet|Spore|p1a: Dondozo\n|-status|p1a: Dondozo|slp|[from] move: Spore\n|cant|p1a: Dondozo|slp\n|\n|-heal|p2a: Brute Bonnet|82/100 brn|[from] item: Leftovers\n|-heal|p1a: Dondozo|266/362 slp|[from] item: Leftovers\n|-damage|p2a: Brute Bonnet|76/100 brn|[from] brn\n|upkeep\n|turn|24\n|inactive|Time left: 300 sec this turn | 300 sec total\n|\n|t:|1783548362\n|-end|p2a: Brute Bonnet|Protosynthesis|[silent]\n|switch|p2a: Lapras|Lapras, L87, M|22/100\n|cant|p1a: Dondozo|slp\n|move|p1a: Dondozo|Sleep Talk|p1a: Dondozo\n|move|p1a: Dondozo|Curse|p1a: Dondozo|[from] move: Sleep Talk\n|-unboost|p1a: Dondozo|spe|1\n|-boost|p1a: Dondozo|atk|1\n|-boost|p1a: Dondozo|def|1\n|\n|-heal|p1a: Dondozo|288/362 slp|[from] item: Leftovers\n|upkeep\n|turn|25\n|inactive|Time left: 300 sec this turn | 300 sec total\n|\n|t:|1783548363\n|move|p2a: Lapras|Freeze-Dry|p1a: Dondozo\n|-supereffective|p1a: Dondozo\n|-damage|p1a: Dondozo|6/362 slp\n|cant|p1a: Dondozo|slp\n|move|p1a: Dondozo|Sleep Talk|p1a: Dondozo\n|move|p1a: Dondozo|Wave Crash|p2a: Lapras|[from] move: Sleep Talk\n|-heal|p2a: Lapras|47/100|[from] ability: Water Absorb|[of] p1a: Dondozo\n|\n|-heal|p1a: Dondozo|28/362 slp|[from] item: Leftovers\n|upkeep\n|turn|26\n|inactive|Time left: 300 sec this turn | 300 sec total\n|\n|t:|1783548364\n|move|p2a: Lapras|Freeze-Dry|p1a: Dondozo\n|-supereffective|p1a: Dondozo\n|-damage|p1a: Dondozo|0 fnt\n|faint|p1a: Dondozo\n|\n|upkeep\n|inactive|Time left: 300 sec this turn | 300 sec total | 5 sec grace\n|\n|t:|1783548365\n|switch|p1a: Hitmonlee|Hitmonlee, L85, M|48/223\n|turn|27\n|inactive|Time left: 300 sec this turn | 300 sec total\n|\n|t:|1783548366\n|switch|p2a: Brute Bonnet|Brute Bonnet, L80|76/100 brn\n|move|p1a: Hitmonlee|Stone Edge|p2a: Brute Bonnet|[miss]\n|-miss|p1a: Hitmonlee|p2a: Brute Bonnet\n|\n|-heal|p2a: Brute Bonnet|82/100 brn|[from] item: Leftovers\n|-damage|p2a: Brute Bonnet|76/100 brn|[from] brn\n|upkeep\n|turn|28\n|inactive|Time left: 300 sec this turn | 300 sec total\n|\n|t:|1783548366\n|move|p1a: Hitmonlee|Stone Edge|p2a: Brute Bonnet\n|-damage|p2a: Brute Bonnet|37/100 brn\n|move|p2a: Brute Bonnet|Seed Bomb|p1a: Hitmonlee\n|-damage|p1a: Hitmonlee|0 fnt\n|faint|p1a: Hitmonlee\n|\n|-heal|p2a: Brute Bonnet|44/100 brn|[from] item: Leftovers\n|-damage|p2a: Brute Bonnet|37/100 brn|[from] brn\n|upkeep\n|inactive|Time left: 300 sec this turn | 300 sec total | 5 sec grace\n|\n|t:|1783548367\n|switch|p1a: Altaria|Altaria, L89, F|278/278\n|turn|29\n|inactive|Time left: 300 sec this turn | 300 sec total\n|\n|t:|1783548368\n|move|p1a: Altaria|Brave Bird|p2a: Brute Bonnet\n|-supereffective|p2a: Brute Bonnet\n|-damage|p2a: Brute Bonnet|0 fnt\n|faint|p2a: Brute Bonnet\n|-end|p2a: Brute Bonnet|Protosynthesis|[silent]\n|-damage|p1a: Altaria|240/278|[from] Recoil\n|\n|upkeep\n|\n|t:|1783548369\n|switch|p2a: Lapras|Lapras, L87, M|47/100\n|turn|30\n|inactive|Time left: 300 sec this turn | 300 sec total\n|\n|t:|1783548370\n|-terastallize|p1a: Altaria|Steel\n|move|p1a: Altaria|Brave Bird|p2a: Lapras\n|-damage|p2a: Lapras|15/100\n|-damage|p1a: Altaria|201/278|[from] Recoil\n|move|p2a: Lapras|Freeze-Dry|p1a: Altaria\n|-resisted|p1a: Altaria\n|-damage|p1a: Altaria|154/278\n|-status|p1a: Altaria|frz\n|\n|upkeep\n|turn|31\n|inactive|Time left: 300 sec this turn | 300 sec total\n|\n|t:|1783548371\n|-curestatus|p1a: Altaria|frz|[from] ability: Natural Cure|[silent]\n|switch|p1a: Mesprit|Mesprit, L85|145/275\n|switch|p2a: Skuntank|Skuntank, L84, F|90/100\n|\n|upkeep\n|turn|32\n|inactive|Time left: 300 sec this turn | 300 sec total\n|\n|t:|1783548372\n|switch|p1a: Altaria|Altaria, L89, F, tera:Steel|154/278\n|move|p2a: Skuntank|Knock Off|p1a: Altaria\n|-damage|p1a: Altaria|68/278\n|-damage|p2a: Skuntank|80/100|[from] item: Life Orb\n|\n|upkeep\n|turn|33\n|inactive|Time left: 300 sec this turn | 300 sec total\n|\n|t:|1783548373\n|move|p1a: Altaria|Roost|p1a: Altaria\n|-heal|p1a: Altaria|207/278\n|move|p2a: Skuntank|Taunt|p1a: Altaria\n|-start|p1a: Altaria|move: Taunt\n|\n|upkeep\n|turn|34\n|inactive|Time left: 300 sec this turn | 300 sec total\n|\n|t:|1783548374\n|move|p2a: Skuntank|Sucker Punch|p1a: Altaria\n|-damage|p1a: Altaria|128/278\n|-damage|p2a: Skuntank|70/100|[from] item: Life Orb\n|move|p1a: Altaria|Brave Bird|p2a: Skuntank\n|-damage|p2a: Skuntank|28/100\n|-damage|p1a: Altaria|84/278|[from] Recoil\n|\n|upkeep\n|turn|35\n|inactive|Time left: 300 sec this turn | 300 sec total\n|\n|t:|1783548375\n|switch|p1a: Mesprit|Mesprit, L85|145/275\n|move|p2a: Skuntank|Sucker Punch||[still]\n|-fail|p2a: Skuntank\n|\n|upkeep\n|turn|36\n|inactive|Time left: 300 sec this turn | 300 sec total\n|\n|t:|1783548376\n|move|p1a: Mesprit|Dazzling Gleam|p2a: Skuntank\n|-damage|p2a: Skuntank|3/100\n|move|p2a: Skuntank|Knock Off|p1a: Mesprit\n|-supereffective|p1a: Mesprit\n|-damage|p1a: Mesprit|0 fnt\n|-enditem|p1a: Mesprit|Choice Scarf|[from] move: Knock Off|[of] p2a: Skuntank\n|faint|p1a: Mesprit\n|-damage|p2a: Skuntank|0 fnt|[from] item: Life Orb\n|faint|p2a: Skuntank\n|\n|upkeep\n|inactive|Time left: 300 sec this turn | 300 sec total | 5 sec grace\n|\n|t:|1783548377\n|switch|p2a: Lapras|Lapras, L87, M|15/100\n|switch|p1a: Altaria|Altaria, L89, F, tera:Steel|84/278\n|turn|37\n|inactive|Time left: 300 sec this turn | 300 sec total\n|\n|t:|1783548378\n|move|p1a: Altaria|Roost|p1a: Altaria\n|-heal|p1a: Altaria|223/278\n|move|p2a: Lapras|Hydro Pump|p1a: Altaria\n|-damage|p1a: Altaria|85/278\n|\n|upkeep\n|turn|38\n|inactive|Time left: 300 sec this turn | 300 sec total\n|\n|t:|1783548379\n|move|p1a: Altaria|Roost|p1a: Altaria\n|-heal|p1a: Altaria|224/278\n|move|p2a: Lapras|Hydro Pump|p1a: Altaria\n|-damage|p1a: Altaria|85/278\n|\n|upkeep\n|turn|39\n|inactive|Time left: 300 sec this turn | 300 sec total\n|\n|t:|1783548380\n|move|p1a: Altaria|Roost|p1a: Altaria\n|-heal|p1a: Altaria|224/278\n|move|p2a: Lapras|Hydro Pump|p1a: Altaria\n|-damage|p1a: Altaria|91/278\n|\n|upkeep\n|turn|40\n|inactive|Time left: 300 sec this turn | 300 sec total\n|\n|t:|1783548382\n|move|p1a: Altaria|Roost|p1a: Altaria\n|-heal|p1a: Altaria|230/278\n|move|p2a: Lapras|Hydro Pump|p1a: Altaria\n|-damage|p1a: Altaria|95/278\n|\n|upkeep\n|turn|41\n|inactive|Time left: 300 sec this turn | 300 sec total\n|\n|t:|1783548383\n|move|p1a: Altaria|Roost|p1a: Altaria\n|-heal|p1a: Altaria|234/278\n|move|p2a: Lapras|Hydro Pump|p1a: Altaria\n|-damage|p1a: Altaria|102/278\n|\n|upkeep\n|turn|42\n|inactive|Time left: 300 sec this turn | 300 sec total\n|\n|t:|1783548384\n|move|p1a: Altaria|Roost|p1a: Altaria\n|-heal|p1a: Altaria|241/278\n|move|p2a: Lapras|Hydro Pump|p1a: Altaria\n|-damage|p1a: Altaria|93/278\n|\n|upkeep\n|turn|43\n|inactive|Time left: 300 sec this turn | 300 sec total\n|\n|t:|1783548385\n|move|p1a: Altaria|Will-O-Wisp|p2a: Lapras\n|-status|p2a: Lapras|brn\n|move|p2a: Lapras|Hydro Pump|p1a: Altaria|[miss]\n|-miss|p2a: Lapras|p1a: Altaria\n|\n|-damage|p2a: Lapras|9/100 brn|[from] brn\n|upkeep\n|turn|44\n|inactive|Time left: 300 sec this turn | 300 sec total\n|\n|t:|1783548386\n|switch|p2a: Luvdisc|Luvdisc, F, tera:Ghost|100/100\n|move|p1a: Altaria|Will-O-Wisp|p2a: Luvdisc\n|-status|p2a: Luvdisc|brn\n|\n|-damage|p2a: Luvdisc|94/100 brn|[from] brn\n|upkeep\n|turn|45\n|inactive|Time left: 300 sec this turn | 300 sec total\n|\n|t:|1783548387\n|move|p2a: Luvdisc|Surf|p1a: Altaria\n|-damage|p1a: Altaria|33/278\n|move|p1a: Altaria|Defog|p2a: Luvdisc\n|-unboost|p2a: Luvdisc|evasion|1\n|\n|-damage|p2a: Luvdisc|88/100 brn|[from] brn\n|upkeep\n|turn|46\n|inactive|Time left: 300 sec this turn | 300 sec total\n|\n|t:|1783548388\n|move|p2a: Luvdisc|Surf|p1a: Altaria\n|-damage|p1a: Altaria|0 fnt\n|faint|p1a: Altaria\n|\n|win|p0y734b146", "uploadtime": 1783548388, "views": 0, "rating": 0, "private": 0, "password": null, "_winner": "p0y734b146", "_our_name": "p0x7344b7f"}