{"id": "battle-gen9randombattle-1155", "formatid": "gen9randombattle", "format": "[Gen 9] Random Battle", "players": ["p0x11554fc5", "p0y1155baa9"], "log": "|init|battle\n|title|p0x11554fc5 vs. p0y1155baa9\n|j|\u2606p0x11554fc5\n|j|\u2606p0y1155baa9\n|t:|1783552519\n|gametype|singles\n|player|p1|p0x11554fc5|170|\n|player|p2|p0y1155baa9|170|\n|gen|9\n|tier|[Gen 9] Random Battle\n|rule|Species Clause: Limit one of each Pok\u00e9mon\n|rule|HP Percentage Mod: HP is shown in percentages\n|rule|Sleep Clause Mod: Limit one foe put to sleep\n|rule|Illusion Level Mod: Illusion disguises the Pok\u00e9mon's true level\n|\n|t:|1783552519\n|teamsize|p1|6\n|teamsize|p2|6\n|start\n|switch|p1a: Pyroar|Pyroar, L88, F|100/100\n|switch|p2a: Falinks|Falinks, L84|246/246\n|-ability|p1a: Pyroar|Unnerve\n|turn|1\n|inactive|Battle timer is ON: inactive players will automatically lose when time's up. (requested by p0y1155baa9)\n|inactive|p0x11554fc5 also wants the timer to be on.\n|\n|t:|1783552521\n|-terastallize|p1a: Pyroar|Fire\n|move|p1a: Pyroar|Fire Blast|p2a: Falinks\n|-damage|p2a: Falinks|0 fnt\n|faint|p2a: Falinks\n|\n|upkeep\n|inactive|Time left: 300 sec this turn | 300 sec total | 65 sec grace\n|\n|t:|1783552522\n|switch|p2a: Stonjourner|Stonjourner, L91, M|330/330\n|turn|2\n|inactive|Time left: 300 sec this turn | 300 sec total\n|\n|t:|1783552523\n|move|p1a: Pyroar|Will-O-Wisp|p2a: Stonjourner\n|-status|p2a: Stonjourner|brn\n|move|p2a: Stonjourner|Stone Edge|p1a: Pyroar|[miss]\n|-miss|p2a: Stonjourner|p1a: Pyroar\n|\n|-damage|p2a: Stonjourner|310/330 brn|[from] brn\n|upkeep\n|turn|3\n|inactive|Time left: 300 sec this turn | 300 sec total\n|\n|t:|1783552525\n|move|p1a: Pyroar|Work Up|p1a: Pyroar\n|-boost|p1a: Pyroar|atk|1\n|-boost|p1a: Pyroar|spa|1\n|move|p2a: Stonjourner|Stone Edge|p1a: Pyroar\n|-supereffective|p1a: Pyroar\n|-damage|p1a: Pyroar|27/100\n|-damage|p2a: Stonjourner|277/330 brn|[from] item: Life Orb\n|\n|-damage|p2a: Stonjourner|257/330 brn|[from] brn\n|upkeep\n|turn|4\n|inactive|Time left: 300 sec this turn | 300 sec total\n|\n|t:|1783552526\n|move|p1a: Pyroar|Fire Blast|p2a: Stonjourner\n|-resisted|p2a: Stonjourner\n|-damage|p2a: Stonjourner|0 fnt\n|faint|p2a: Stonjourner\n|\n|upkeep\n|inactive|Time left: 300 sec this turn | 300 sec total | 5 sec grace\n|\n|t:|1783552527\n|switch|p2a: Carbink|Carbink, L90|236/236\n|turn|5\n|inactive|Time left: 300 sec this turn | 300 sec total\n|\n|t:|1783552528\n|move|p1a: Pyroar|Will-O-Wisp|p2a: Carbink\n|-status|p2a: Carbink|brn\n|move|p2a: Carbink|Body Press|p1a: Pyroar\n|-damage|p1a: Pyroar|11/100\n|\n|-damage|p2a: Carbink|222/236 brn|[from] brn\n|upkeep\n|turn|6\n|inactive|Time left: 300 sec this turn | 300 sec total\n|\n|t:|1783552529\n|move|p1a: Pyroar|Fire Blast|p2a: Carbink\n|-resisted|p2a: Carbink\n|-damage|p2a: Carbink|138/236 brn\n|move|p2a: Carbink|Moonblast|p1a: Pyroar\n|-resisted|p1a: Pyroar\n|-damage|p1a: Pyroar|0 fnt\n|faint|p1a: Pyroar\n|\n|-damage|p2a: Carbink|124/236 brn|[from] brn\n|upkeep\n|\n|t:|1783552530\n|switch|p1a: Basculin|Basculin, L86, M|100/100\n|turn|7\n|inactive|Time left: 300 sec this turn | 300 sec total\n|\n|t:|1783552531\n|move|p1a: Basculin|Wave Crash|p2a: Carbink\n|-supereffective|p2a: Carbink\n|-damage|p2a: Carbink|0 fnt\n|faint|p2a: Carbink\n|-damage|p1a: Basculin|85/100|[from] Recoil\n|\n|upkeep\n|inactive|Time left: 300 sec this turn | 300 sec total | 5 sec grace\n|\n|t:|1783552532\n|switch|p2a: Hatterene|Hatterene, L85, F|219/219\n|turn|8\n|inactive|Time left: 300 sec this turn | 300 sec total\n|\n|t:|1783552533\n|-terastallize|p2a: Hatterene|Normal\n|move|p2a: Hatterene|Hyper Voice|p1a: Basculin\n|-damage|p1a: Basculin|0 fnt\n|faint|p1a: Basculin\n|-damage|p2a: Hatterene|198/219|[from] item: Life Orb\n|\n|upkeep\n|\n|t:|1783552534\n|switch|p1a: Wugtrio|Wugtrio, L91, M|100/100\n|turn|9\n|inactive|Time left: 300 sec this turn | 300 sec total\n|\n|t:|1783552535\n|move|p1a: Wugtrio|Liquidation|p2a: Hatterene\n|-damage|p2a: Hatterene|0 fnt\n|replace|p2a: Zoroark|Zoroark-Hisui, L80, F\n|-end|p2a: Zoroark|Illusion\n|-hint|Illusion Level Mod is active, so this Pok\u00e9mon's true level was hidden.\n|faint|p2a: Zoroark\n|\n|upkeep\n|inactive|Time left: 300 sec this turn | 300 sec total | 5 sec grace\n|\n|t:|1783552536\n|switch|p2a: Hatterene|Hatterene, L85, F|236/236\n|turn|10\n|inactive|Time left: 300 sec this turn | 300 sec total\n|\n|t:|1783552537\n|move|p1a: Wugtrio|Liquidation|p2a: Hatterene\n|-damage|p2a: Hatterene|83/236\n|move|p2a: Hatterene|Psychic|p1a: Wugtrio\n|-damage|p1a: Wugtrio|35/100\n|\n|upkeep\n|turn|11\n|inactive|Time left: 300 sec this turn | 300 sec total\n|\n|t:|1783552538\n|move|p1a: Wugtrio|Liquidation|p2a: Hatterene\n|-damage|p2a: Hatterene|0 fnt\n|faint|p2a: Hatterene\n|\n|upkeep\n|inactive|Time left: 300 sec this turn | 300 sec total | 5 sec grace\n|\n|t:|1783552539\n|switch|p2a: Venomoth|Venomoth, L84, M|255/255\n|turn|12\n|inactive|Time left: 300 sec this turn | 300 sec total\n|\n|t:|1783552540\n|move|p1a: Wugtrio|Liquidation|p2a: Venomoth\n|-damage|p2a: Venomoth|53/255\n|move|p2a: Venomoth|Quiver Dance|p2a: Venomoth\n|-boost|p2a: Venomoth|spa|1\n|-boost|p2a: Venomoth|spd|1\n|-boost|p2a: Venomoth|spe|1\n|\n|upkeep\n|turn|13\n|inactive|Time left: 300 sec this turn | 300 sec total\n|\n|t:|1783552541\n|move|p2a: Venomoth|Sleep Powder|p1a: Wugtrio\n|-status|p1a: Wugtrio|slp|[from] move: Sleep Powder\n|cant|p1a: Wugtrio|slp\n|\n|upkeep\n|turn|14\n|inactive|Time left: 300 sec this turn | 300 sec total\n|\n|t:|1783552542\n|switch|p1a: Gurdurr|Gurdurr, L85, F|100/100\n|move|p2a: Venomoth|Sludge Wave|p1a: Gurdurr\n|-damage|p1a: Gurdurr|53/100\n|\n|upkeep\n|turn|15\n|inactive|Time left: 300 sec this turn | 300 sec total\n|\n|t:|1783552542\n|move|p2a: Venomoth|Sludge Wave|p1a: Gurdurr\n|-damage|p1a: Gurdurr|3/100\n|move|p1a: Gurdurr|Knock Off|p2a: Venomoth\n|-crit|p2a: Venomoth\n|-damage|p2a: Venomoth|0 fnt\n|-enditem|p2a: Venomoth|Heavy-Duty Boots|[from] move: Knock Off|[of] p1a: Gurdurr\n|faint|p2a: Venomoth\n|\n|win|p0x11554fc5", "uploadtime": 1783552542, "views": 0, "rating": 0, "private": 0, "password": null, "_winner": "p0x11554fc5", "_our_name": "p0y1155baa9"}