{"id": "battle-gen9randombattle-1072", "formatid": "gen9randombattle", "format": "[Gen 9] Random Battle", "players": ["p0x1072cd5e", "p0y107273b6"], "log": "|init|battle\n|title|p0x1072cd5e vs. p0y107273b6\n|j|\u2606p0x1072cd5e\n|j|\u2606p0y107273b6\n|t:|1783551618\n|gametype|singles\n|player|p1|p0x1072cd5e|170|\n|player|p2|p0y107273b6|101|\n|gen|9\n|tier|[Gen 9] Random Battle\n|rule|Species Clause: Limit one of each Pok\u00e9mon\n|rule|HP Percentage Mod: HP is shown in percentages\n|rule|Sleep Clause Mod: Limit one foe put to sleep\n|rule|Illusion Level Mod: Illusion disguises the Pok\u00e9mon's true level\n|\n|t:|1783551618\n|teamsize|p1|6\n|teamsize|p2|6\n|start\n|switch|p1a: Uxie|Uxie, L83|100/100\n|switch|p2a: Shiftry|Shiftry, L89, F|305/305\n|turn|1\n|inactive|Battle timer is ON: inactive players will automatically lose when time's up. (requested by p0x1072cd5e)\n|inactive|Time left: 300 sec this turn | 300 sec total | 60 sec grace\n|\n|t:|1783551620\n|move|p1a: Uxie|Stealth Rock|p2a: Shiftry\n|-sidestart|p2: p0y107273b6|move: Stealth Rock\n|move|p2a: Shiftry|Knock Off|p1a: Uxie\n|-supereffective|p1a: Uxie\n|-damage|p1a: Uxie|19/100\n|-enditem|p1a: Uxie|Leftovers|[from] move: Knock Off|[of] p2a: Shiftry\n|-damage|p2a: Shiftry|275/305|[from] item: Life Orb\n|\n|upkeep\n|turn|2\n|inactive|Time left: 300 sec this turn | 300 sec total\n|inactive|p0y107273b6 also wants the timer to be on.\n|\n|t:|1783551621\n|switch|p1a: Vikavolt|Vikavolt, L83, M|100/100\n|move|p2a: Shiftry|Swords Dance|p2a: Shiftry\n|-boost|p2a: Shiftry|atk|2\n|\n|upkeep\n|turn|3\n|inactive|Time left: 300 sec this turn | 300 sec total\n|\n|t:|1783551622\n|switch|p1a: Uxie|Uxie, L83|19/100\n|move|p2a: Shiftry|Knock Off|p1a: Uxie\n|-supereffective|p1a: Uxie\n|-damage|p1a: Uxie|0 fnt\n|faint|p1a: Uxie\n|-damage|p2a: Shiftry|245/305|[from] item: Life Orb\n|\n|upkeep\n|\n|t:|1783551623\n|switch|p1a: Diancie|Diancie, L82|100/100\n|turn|4\n|inactive|Time left: 300 sec this turn | 300 sec total\n|\n|t:|1783551624\n|-terastallize|p1a: Diancie|Fighting\n|move|p2a: Shiftry|Leaf Blade|p1a: Diancie\n|-crit|p1a: Diancie\n|-damage|p1a: Diancie|0 fnt\n|faint|p1a: Diancie\n|-damage|p2a: Shiftry|215/305|[from] item: Life Orb\n|\n|upkeep\n|\n|t:|1783551625\n|switch|p1a: Palkia|Palkia-Origin, L72|100/100\n|-ability|p1a: Palkia|Pressure\n|turn|5\n|inactive|Time left: 300 sec this turn | 300 sec total\n|\n|t:|1783551626\n|move|p1a: Palkia|Fire Blast|p2a: Shiftry\n|-supereffective|p2a: Shiftry\n|-damage|p2a: Shiftry|13/305\n|move|p2a: Shiftry|Leaf Blade|p1a: Palkia\n|-damage|p1a: Palkia|0 fnt\n|faint|p1a: Palkia\n|-damage|p2a: Shiftry|0 fnt|[from] item: Life Orb\n|faint|p2a: Shiftry\n|\n|upkeep\n|inactive|Time left: 300 sec this turn | 300 sec total | 5 sec grace\n|\n|t:|1783551627\n|switch|p1a: Vikavolt|Vikavolt, L83, M|100/100\n|switch|p2a: Avalugg|Avalugg-Hisui, L90, F|317/317\n|turn|6\n|inactive|Time left: 300 sec this turn | 300 sec total\n|\n|t:|1783551629\n|move|p2a: Avalugg|Stone Edge|p1a: Vikavolt\n|-supereffective|p1a: Vikavolt\n|-damage|p1a: Vikavolt|0 fnt\n|faint|p1a: Vikavolt\n|\n|upkeep\n|\n|t:|1783551630\n|switch|p1a: Hoopa|Hoopa, L85|100/100\n|turn|7\n|inactive|Time left: 300 sec this turn | 300 sec total\n|\n|t:|1783551631\n|move|p1a: Hoopa|Shadow Ball|p2a: Avalugg\n|-damage|p2a: Avalugg|54/317\n|-damage|p1a: Hoopa|91/100|[from] item: Life Orb\n|move|p2a: Avalugg|Avalanche|p1a: Hoopa\n|-damage|p1a: Hoopa|3/100\n|\n|upkeep\n|turn|8\n|inactive|Time left: 300 sec this turn | 300 sec total\n|\n|t:|1783551632\n|move|p1a: Hoopa|Nasty Plot|p1a: Hoopa\n|-boost|p1a: Hoopa|spa|2\n|move|p2a: Avalugg|Avalanche|p1a: Hoopa\n|-damage|p1a: Hoopa|0 fnt\n|faint|p1a: Hoopa\n|\n|upkeep\n|\n|t:|1783551633\n|switch|p1a: Baxcalibur|Baxcalibur, L75, M|100/100\n|turn|9\n|inactive|Time left: 300 sec this turn | 300 sec total\n|\n|t:|1783551634\n|switch|p2a: Golem|Golem, L87, M|281/281\n|-damage|p2a: Golem|264/281|[from] Stealth Rock\n|move|p1a: Baxcalibur|Earthquake|p2a: Golem\n|-supereffective|p2a: Golem\n|-damage|p2a: Golem|148/281\n|-enditem|p2a: Golem|Weakness Policy\n|-boost|p2a: Golem|atk|2|[from] item: Weakness Policy\n|-boost|p2a: Golem|spa|2|[from] item: Weakness Policy\n|\n|upkeep\n|turn|10\n|inactive|Time left: 300 sec this turn | 300 sec total\n|\n|t:|1783551635\n|-terastallize|p2a: Golem|Steel\n|move|p1a: Baxcalibur|Icicle Spear|p2a: Golem\n|-resisted|p2a: Golem\n|-damage|p2a: Golem|136/281\n|-resisted|p2a: Golem\n|-damage|p2a: Golem|125/281\n|-resisted|p2a: Golem\n|-crit|p2a: Golem\n|-damage|p2a: Golem|107/281\n|-resisted|p2a: Golem\n|-damage|p2a: Golem|96/281\n|-resisted|p2a: Golem\n|-damage|p2a: Golem|84/281\n|-hitcount|p2a: Golem|5\n|move|p2a: Golem|Explosion|p1a: Baxcalibur\n|-damage|p1a: Baxcalibur|0 fnt\n|faint|p2a: Golem\n|faint|p1a: Baxcalibur\n|\n|win|p0y107273b6", "uploadtime": 1783551635, "views": 0, "rating": 0, "private": 0, "password": null, "_winner": "p0y107273b6", "_our_name": "p0y107273b6"}