{"id": "battle-gen9randombattle-181", "formatid": "gen9randombattle", "format": "[Gen 9] Random Battle", "players": ["p0x181b5b6", "p0y1814254"], "log": "|init|battle\n|title|p0x181b5b6 vs. p0y1814254\n|j|\u2606p0x181b5b6\n|j|\u2606p0y1814254\n|t:|1783535859\n|gametype|singles\n|player|p1|p0x181b5b6|102|\n|player|p2|p0y1814254|101|\n|gen|9\n|tier|[Gen 9] Random Battle\n|rule|Species Clause: Limit one of each Pok\u00e9mon\n|rule|HP Percentage Mod: HP is shown in percentages\n|rule|Sleep Clause Mod: Limit one foe put to sleep\n|rule|Illusion Level Mod: Illusion disguises the Pok\u00e9mon's true level\n|\n|t:|1783535859\n|teamsize|p1|6\n|teamsize|p2|6\n|start\n|switch|p1a: Tauros|Tauros-Paldea-Aqua, L81, M|252/252\n|switch|p2a: Glimmora|Glimmora, L75, M|100/100\n|turn|1\n|inactive|Battle timer is ON: inactive players will automatically lose when time's up. (requested by p0x181b5b6)\n|inactive|p0y1814254 also wants the timer to be on.\n|\n|t:|1783535861\n|move|p1a: Tauros|Liquidation|p2a: Glimmora\n|-supereffective|p2a: Glimmora\n|-damage|p2a: Glimmora|21/100\n|-activate|p2a: Glimmora|ability: Toxic Debris\n|-sidestart|p1: p0x181b5b6|move: Toxic Spikes\n|move|p2a: Glimmora|Meteor Beam||[still]\n|-prepare|p2a: Glimmora|Meteor Beam\n|-boost|p2a: Glimmora|spa|1\n|-enditem|p2a: Glimmora|Power Herb\n|-anim|p2a: Glimmora|Meteor Beam|p1a: Tauros\n|-resisted|p1a: Tauros\n|-damage|p1a: Tauros|138/252\n|\n|upkeep\n|turn|2\n|inactive|Time left: 300 sec this turn | 300 sec total\n|\n|t:|1783535862\n|move|p1a: Tauros|Liquidation|p2a: Glimmora\n|-supereffective|p2a: Glimmora\n|-damage|p2a: Glimmora|0 fnt\n|-activate|p2a: Glimmora|ability: Toxic Debris\n|-sidestart|p1: p0x181b5b6|move: Toxic Spikes\n|faint|p2a: Glimmora\n|\n|upkeep\n|\n|t:|1783535862\n|switch|p2a: Basculegion|Basculegion-F, L83, F|100/100\n|turn|3\n|inactive|Time left: 300 sec this turn | 300 sec total\n|\n|t:|1783535863\n|switch|p1a: Salazzle|Salazzle, L83, F|249/249\n|-sideend|p1: p0x181b5b6|move: Toxic Spikes|[of] p1a: Salazzle\n|move|p2a: Basculegion|Shadow Ball|p1a: Salazzle\n|-damage|p1a: Salazzle|27/249\n|\n|-heal|p1a: Salazzle|42/249|[from] item: Leftovers\n|upkeep\n|turn|4\n|inactive|Time left: 300 sec this turn | 300 sec total\n|\n|t:|1783535864\n|move|p1a: Salazzle|Toxic|p2a: Basculegion\n|-status|p2a: Basculegion|tox\n|move|p2a: Basculegion|Shadow Ball|p1a: Salazzle\n|-damage|p1a: Salazzle|0 fnt\n|faint|p1a: Salazzle\n|\n|-damage|p2a: Basculegion|95/100 tox|[from] psn\n|upkeep\n|inactive|Time left: 300 sec this turn | 300 sec total | 5 sec grace\n|\n|t:|1783535865\n|switch|p1a: Mabosstiff|Mabosstiff, L86, M|278/278\n|turn|5\n|inactive|Time left: 300 sec this turn | 300 sec total\n|\n|t:|1783535867\n|move|p1a: Mabosstiff|Crunch|p2a: Basculegion\n|-supereffective|p2a: Basculegion\n|-damage|p2a: Basculegion|0 fnt\n|faint|p2a: Basculegion\n|\n|upkeep\n|\n|t:|1783535867\n|switch|p2a: Altaria|Altaria, L89, M|100/100\n|turn|6\n|inactive|Time left: 300 sec this turn | 300 sec total\n|\n|t:|1783535869\n|move|p1a: Mabosstiff|Crunch|p2a: Altaria\n|-damage|p2a: Altaria|50/100\n|move|p2a: Altaria|Roost|p2a: Altaria\n|-heal|p2a: Altaria|99/100\n|-singleturn|p2a: Altaria|move: Roost\n|\n|upkeep\n|turn|7\n|inactive|Time left: 300 sec this turn | 300 sec total\n|\n|t:|1783535870\n|move|p1a: Mabosstiff|Crunch|p2a: Altaria\n|-damage|p2a: Altaria|49/100\n|move|p2a: Altaria|Dragon Dance|p2a: Altaria\n|-boost|p2a: Altaria|atk|1\n|-boost|p2a: Altaria|spe|1\n|\n|upkeep\n|turn|8\n|inactive|Time left: 300 sec this turn | 300 sec total\n|\n|t:|1783535871\n|move|p2a: Altaria|Roost|p2a: Altaria\n|-heal|p2a: Altaria|99/100\n|-singleturn|p2a: Altaria|move: Roost\n|move|p1a: Mabosstiff|Crunch|p2a: Altaria\n|-damage|p2a: Altaria|42/100\n|\n|upkeep\n|turn|9\n|inactive|Time left: 300 sec this turn | 300 sec total\n|\n|t:|1783535872\n|move|p2a: Altaria|Roost|p2a: Altaria\n|-heal|p2a: Altaria|92/100\n|-singleturn|p2a: Altaria|move: Roost\n|move|p1a: Mabosstiff|Crunch|p2a: Altaria\n|-damage|p2a: Altaria|39/100\n|\n|upkeep\n|turn|10\n|inactive|Time left: 300 sec this turn | 300 sec total\n|\n|t:|1783535873\n|move|p2a: Altaria|Roost|p2a: Altaria\n|-heal|p2a: Altaria|89/100\n|-singleturn|p2a: Altaria|move: Roost\n|move|p1a: Mabosstiff|Crunch|p2a: Altaria\n|-damage|p2a: Altaria|39/100\n|\n|upkeep\n|turn|11\n|inactive|Time left: 300 sec this turn | 300 sec total\n|\n|t:|1783535874\n|move|p2a: Altaria|Roost|p2a: Altaria\n|-heal|p2a: Altaria|89/100\n|-singleturn|p2a: Altaria|move: Roost\n|move|p1a: Mabosstiff|Crunch|p2a: Altaria\n|-damage|p2a: Altaria|33/100\n|\n|upkeep\n|turn|12\n|inactive|Time left: 300 sec this turn | 300 sec total\n|\n|t:|1783535875\n|move|p2a: Altaria|Roost|p2a: Altaria\n|-heal|p2a: Altaria|83/100\n|-singleturn|p2a: Altaria|move: Roost\n|move|p1a: Mabosstiff|Crunch|p2a: Altaria\n|-damage|p2a: Altaria|28/100\n|\n|upkeep\n|turn|13\n|inactive|Time left: 300 sec this turn | 300 sec total\n|\n|t:|1783535876\n|move|p2a: Altaria|Roost|p2a: Altaria\n|-heal|p2a: Altaria|78/100\n|-singleturn|p2a: Altaria|move: Roost\n|move|p1a: Mabosstiff|Crunch|p2a: Altaria\n|-damage|p2a: Altaria|21/100\n|\n|upkeep\n|turn|14\n|inactive|Time left: 300 sec this turn | 300 sec total\n|\n|t:|1783535877\n|move|p2a: Altaria|Roost|p2a: Altaria\n|-heal|p2a: Altaria|71/100\n|-singleturn|p2a: Altaria|move: Roost\n|move|p1a: Mabosstiff|Crunch|p2a: Altaria\n|-damage|p2a: Altaria|15/100\n|\n|upkeep\n|turn|15\n|inactive|Time left: 300 sec this turn | 300 sec total\n|\n|t:|1783535878\n|move|p2a: Altaria|Brave Bird|p1a: Mabosstiff\n|-damage|p1a: Mabosstiff|130/278\n|-damage|p2a: Altaria|0 fnt|[from] Recoil\n|faint|p2a: Altaria\n|move|p1a: Mabosstiff|Crunch|p2: Altaria|[notarget]\n|-fail|p1a: Mabosstiff\n|\n|upkeep\n|\n|t:|1783535879\n|switch|p2a: Meowstic|Meowstic-F, L89, F|100/100\n|turn|16\n|inactive|Time left: 300 sec this turn | 300 sec total\n|\n|t:|1783535880\n|-terastallize|p2a: Meowstic|Electric\n|move|p2a: Meowstic|Thunderbolt|p1a: Mabosstiff\n|-damage|p1a: Mabosstiff|0 fnt\n|faint|p1a: Mabosstiff\n|-damage|p2a: Meowstic|91/100|[from] item: Life Orb\n|\n|upkeep\n|inactive|Time left: 300 sec this turn | 300 sec total | 5 sec grace\n|\n|t:|1783535881\n|switch|p1a: Donphan|Donphan, L84, F|288/288\n|turn|17\n|inactive|Time left: 300 sec this turn | 300 sec total\n|\n|t:|1783535882\n|switch|p2a: Dusknoir|Dusknoir, L89, F|100/100\n|-item|p1a: Donphan|Assault Vest|[from] ability: Frisk|[of] p2a: Dusknoir\n|move|p1a: Donphan|Earthquake|p2a: Dusknoir\n|-damage|p2a: Dusknoir|59/100\n|\n|-heal|p2a: Dusknoir|65/100|[from] item: Leftovers\n|upkeep\n|turn|18\n|inactive|Time left: 300 sec this turn | 300 sec total\n|\n|t:|1783535883\n|move|p1a: Donphan|Knock Off|p2a: Dusknoir\n|-supereffective|p2a: Dusknoir\n|-damage|p2a: Dusknoir|19/100\n|-enditem|p2a: Dusknoir|Leftovers|[from] move: Knock Off|[of] p1a: Donphan\n|move|p2a: Dusknoir|Pain Split|p1a: Donphan\n|-sethp|p1a: Donphan|165/288|[from] move: Pain Split|[silent]\n|-sethp|p2a: Dusknoir|74/100|[from] move: Pain Split\n|\n|upkeep\n|turn|19\n|inactive|Time left: 300 sec this turn | 300 sec total\n|\n|t:|1783535883\n|move|p1a: Donphan|Earthquake|p2a: Dusknoir\n|-damage|p2a: Dusknoir|34/100\n|move|p2a: Dusknoir|Pain Split|p1a: Donphan\n|-sethp|p1a: Donphan|120/288|[from] move: Pain Split|[silent]\n|-sethp|p2a: Dusknoir|54/100|[from] move: Pain Split\n|\n|upkeep\n|turn|20\n|inactive|Time left: 300 sec this turn | 300 sec total\n|\n|t:|1783535884\n|move|p1a: Donphan|Earthquake|p2a: Dusknoir\n|-damage|p2a: Dusknoir|19/100\n|move|p2a: Dusknoir|Poltergeist|p1a: Donphan\n|-activate|p1a: Donphan|move: Poltergeist|Assault Vest\n|-damage|p1a: Donphan|17/288\n|\n|upkeep\n|turn|21\n|inactive|Time left: 300 sec this turn | 300 sec total\n|\n|t:|1783535886\n|move|p1a: Donphan|Knock Off|p2a: Dusknoir\n|-supereffective|p2a: Dusknoir\n|-damage|p2a: Dusknoir|0 fnt\n|faint|p2a: Dusknoir\n|\n|upkeep\n|\n|t:|1783535887\n|switch|p2a: Meowstic|Meowstic-F, L89, F, tera:Electric|91/100\n|turn|22\n|inactive|Time left: 300 sec this turn | 300 sec total\n|\n|t:|1783535888\n|switch|p1a: Scizor|Scizor, L79, M|240/240\n|move|p2a: Meowstic|Psyshock|p1a: Scizor\n|-resisted|p1a: Scizor\n|-damage|p1a: Scizor|189/240\n|-damage|p2a: Meowstic|81/100|[from] item: Life Orb\n|\n|upkeep\n|turn|23\n|inactive|Time left: 300 sec this turn | 300 sec total\n|\n|t:|1783535889\n|move|p2a: Meowstic|Nasty Plot|p2a: Meowstic\n|-boost|p2a: Meowstic|spa|2\n|move|p1a: Scizor|U-turn|p2a: Meowstic\n|-damage|p2a: Meowstic|31/100\n|inactive|Time left: 300 sec this turn | 300 sec total | 5 sec grace\n|\n|t:|1783535890\n|switch|p1a: Jumpluff|Jumpluff, L87, M|271/271|[from] U-turn\n|\n|upkeep\n|turn|24\n|inactive|Time left: 300 sec this turn | 300 sec total\n|\n|t:|1783535891\n|move|p1a: Jumpluff|Leech Seed|p2a: Meowstic\n|-start|p2a: Meowstic|move: Leech Seed\n|move|p2a: Meowstic|Psyshock|p1a: Jumpluff\n|-damage|p1a: Jumpluff|28/271\n|-damage|p2a: Meowstic|21/100|[from] item: Life Orb\n|\n|-damage|p2a: Meowstic|9/100|[from] Leech Seed|[of] p1a: Jumpluff\n|-heal|p1a: Jumpluff|62/271|[silent]\n|upkeep\n|turn|25\n|inactive|Time left: 300 sec this turn | 300 sec total\n|\n|t:|1783535892\n|move|p1a: Jumpluff|Acrobatics|p2a: Meowstic\n|-resisted|p2a: Meowstic\n|-damage|p2a: Meowstic|0 fnt\n|faint|p2a: Meowstic\n|\n|upkeep\n|\n|t:|1783535893\n|switch|p2a: Pachirisu|Pachirisu, L96, M|100/100\n|turn|26\n|inactive|Time left: 300 sec this turn | 300 sec total\n|\n|t:|1783535894\n|move|p1a: Jumpluff|Strength Sap|p2a: Pachirisu\n|-unboost|p2a: Pachirisu|atk|1\n|-heal|p1a: Jumpluff|203/271\n|move|p2a: Pachirisu|Nuzzle|p1a: Jumpluff\n|-damage|p1a: Jumpluff|190/271\n|-status|p1a: Jumpluff|par\n|\n|upkeep\n|turn|27\n|inactive|Time left: 300 sec this turn | 300 sec total\n|\n|t:|1783535895\n|move|p2a: Pachirisu|Super Fang|p1a: Jumpluff\n|-damage|p1a: Jumpluff|95/271 par\n|move|p1a: Jumpluff|Leech Seed|p2a: Pachirisu\n|-start|p2a: Pachirisu|move: Leech Seed\n|\n|-damage|p2a: Pachirisu|88/100|[from] Leech Seed|[of] p1a: Jumpluff\n|-heal|p1a: Jumpluff|128/271 par|[silent]\n|upkeep\n|turn|28\n|inactive|Time left: 300 sec this turn | 300 sec total\n|\n|t:|1783535896\n|switch|p1a: Scizor|Scizor, L79, M|189/240\n|move|p2a: Pachirisu|Nuzzle|p1a: Scizor\n|-damage|p1a: Scizor|177/240\n|-status|p1a: Scizor|par\n|\n|-damage|p2a: Pachirisu|76/100|[from] Leech Seed|[of] p1a: Scizor\n|-heal|p1a: Scizor|210/240 par|[silent]\n|upkeep\n|turn|29\n|inactive|Time left: 300 sec this turn | 300 sec total\n|\n|t:|1783535897\n|-terastallize|p1a: Scizor|Dragon\n|move|p2a: Pachirisu|Thunderbolt|p1a: Scizor\n|-resisted|p1a: Scizor\n|-damage|p1a: Scizor|170/240 par\n|move|p1a: Scizor|Close Combat|p2a: Pachirisu\n|-damage|p2a: Pachirisu|18/100\n|-unboost|p1a: Scizor|def|1\n|-unboost|p1a: Scizor|spd|1\n|\n|-damage|p2a: Pachirisu|6/100|[from] Leech Seed|[of] p1a: Scizor\n|-heal|p1a: Scizor|203/240 par|[silent]\n|upkeep\n|turn|30\n|inactive|Time left: 300 sec this turn | 300 sec total\n|\n|t:|1783535898\n|switch|p1a: Tauros|Tauros-Paldea-Aqua, L81, M|138/252\n|move|p2a: Pachirisu|Super Fang|p1a: Tauros\n|-damage|p1a: Tauros|69/252\n|-enditem|p1a: Tauros|Sitrus Berry|[eat]\n|-heal|p1a: Tauros|132/252|[from] item: Sitrus Berry\n|\n|-damage|p2a: Pachirisu|0 fnt|[from] Leech Seed|[of] p1a: Tauros\n|-heal|p1a: Tauros|147/252|[silent]\n|faint|p2a: Pachirisu\n|\n|win|p0x181b5b6", "uploadtime": 1783535898, "views": 0, "rating": 0, "private": 0, "password": null, "_winner": "p0x181b5b6", "_our_name": "p0x181b5b6"}