{"id": "battle-gen9randombattle-1864", "formatid": "gen9randombattle", "format": "[Gen 9] Random Battle", "players": ["p0x18647f73", "p0y1864f055"], "log": "|init|battle\n|title|p0x18647f73 vs. p0y1864f055\n|j|\u2606p0x18647f73\n|j|\u2606p0y1864f055\n|t:|1783560846\n|gametype|singles\n|player|p1|p0x18647f73|1|\n|player|p2|p0y1864f055|1|\n|gen|9\n|tier|[Gen 9] Random Battle\n|rule|Species Clause: Limit one of each Pok\u00e9mon\n|rule|HP Percentage Mod: HP is shown in percentages\n|rule|Sleep Clause Mod: Limit one foe put to sleep\n|rule|Illusion Level Mod: Illusion disguises the Pok\u00e9mon's true level\n|\n|t:|1783560846\n|teamsize|p1|6\n|teamsize|p2|6\n|start\n|switch|p1a: Vespiquen|Vespiquen, L99, F|299/299\n|switch|p2a: Raging Bolt|Raging Bolt, L78|100/100\n|-ability|p1a: Vespiquen|Pressure\n|turn|1\n|inactive|Battle timer is ON: inactive players will automatically lose when time's up. (requested by p0x18647f73)\n|inactive|p0y1864f055 also wants the timer to be on.\n|\n|t:|1783560848\n|move|p2a: Raging Bolt|Thunderbolt|p1a: Vespiquen\n|-supereffective|p1a: Vespiquen\n|-damage|p1a: Vespiquen|123/299\n|move|p1a: Vespiquen|Hurricane|p2a: Raging Bolt|[miss]\n|-miss|p1a: Vespiquen|p2a: Raging Bolt\n|\n|upkeep\n|turn|2\n|inactive|Time left: 300 sec this turn | 300 sec total\n|\n|t:|1783560849\n|switch|p1a: Kricketune|Kricketune, L99, M|312/312\n|move|p2a: Raging Bolt|Thunderbolt|p1a: Kricketune\n|-damage|p1a: Kricketune|185/312\n|\n|upkeep\n|turn|3\n|inactive|Time left: 300 sec this turn | 300 sec total\n|\n|t:|1783560850\n|move|p1a: Kricketune|Sticky Web|p2a: Raging Bolt\n|-sidestart|p2: p0y1864f055|move: Sticky Web\n|move|p2a: Raging Bolt|Thunderbolt|p1a: Kricketune\n|-damage|p1a: Kricketune|52/312\n|\n|upkeep\n|turn|4\n|inactive|Time left: 300 sec this turn | 300 sec total\n|\n|t:|1783560851\n|move|p1a: Kricketune|Pounce|p2a: Raging Bolt\n|-damage|p2a: Raging Bolt|70/100\n|-unboost|p2a: Raging Bolt|spe|1\n|move|p2a: Raging Bolt|Thunderbolt|p1a: Kricketune\n|-damage|p1a: Kricketune|0 fnt\n|faint|p1a: Kricketune\n|\n|upkeep\n|inactive|Time left: 300 sec this turn | 300 sec total | 5 sec grace\n|\n|t:|1783560852\n|switch|p1a: Porygon-Z|Porygon-Z, L83|277/277\n|turn|5\n|inactive|Time left: 300 sec this turn | 300 sec total\n|\n|t:|1783560853\n|move|p1a: Porygon-Z|Nasty Plot|p1a: Porygon-Z\n|-boost|p1a: Porygon-Z|spa|2\n|move|p2a: Raging Bolt|Thunderbolt|p1a: Porygon-Z\n|-damage|p1a: Porygon-Z|162/277\n|\n|upkeep\n|turn|6\n|inactive|Time left: 300 sec this turn | 300 sec total\n|\n|t:|1783560854\n|-end|p2a: Raging Bolt|Protosynthesis|[silent]\n|switch|p2a: Bastiodon|Bastiodon, L89, F|100/100\n|-activate|p2a: Bastiodon|move: Sticky Web\n|-unboost|p2a: Bastiodon|spe|1\n|move|p1a: Porygon-Z|Tera Blast|p2a: Bastiodon\n|-resisted|p2a: Bastiodon\n|-damage|p2a: Bastiodon|78/100\n|-damage|p1a: Porygon-Z|135/277|[from] item: Life Orb\n|\n|upkeep\n|turn|7\n|inactive|Time left: 300 sec this turn | 300 sec total\n|\n|t:|1783560855\n|-terastallize|p1a: Porygon-Z|Fighting\n|move|p1a: Porygon-Z|Tera Blast|p2a: Bastiodon|[anim] Tera Blast Fighting\n|-supereffective|p2a: Bastiodon\n|-damage|p2a: Bastiodon|0 fnt\n|faint|p2a: Bastiodon\n|-damage|p1a: Porygon-Z|108/277|[from] item: Life Orb\n|\n|upkeep\n|\n|t:|1783560856\n|switch|p2a: Raging Bolt|Raging Bolt, L78|70/100\n|-activate|p2a: Raging Bolt|move: Sticky Web\n|-unboost|p2a: Raging Bolt|spe|1\n|turn|8\n|inactive|Time left: 300 sec this turn | 300 sec total\n|\n|t:|1783560857\n|move|p2a: Raging Bolt|Thunderclap|p1a: Porygon-Z\n|-damage|p1a: Porygon-Z|11/277\n|move|p1a: Porygon-Z|Tera Blast|p2a: Raging Bolt|[anim] Tera Blast Fighting\n|-damage|p2a: Raging Bolt|0 fnt\n|faint|p2a: Raging Bolt\n|-end|p2a: Raging Bolt|Protosynthesis|[silent]\n|-damage|p1a: Porygon-Z|0 fnt|[from] item: Life Orb\n|faint|p1a: Porygon-Z\n|\n|upkeep\n|inactive|Time left: 300 sec this turn | 300 sec total | 5 sec grace\n|\n|t:|1783560858\n|switch|p1a: Infernape|Infernape, L82, F|259/259\n|switch|p2a: Froslass|Froslass, L87, F|100/100\n|-activate|p2a: Froslass|move: Sticky Web\n|-unboost|p2a: Froslass|spe|1\n|turn|9\n|inactive|Time left: 300 sec this turn | 300 sec total\n|\n|t:|1783560859\n|move|p1a: Infernape|Flare Blitz|p2a: Froslass\n|-supereffective|p2a: Froslass\n|-damage|p2a: Froslass|0 fnt\n|faint|p2a: Froslass\n|-damage|p1a: Infernape|172/259|[from] Recoil\n|\n|upkeep\n|\n|t:|1783560860\n|switch|p2a: Gothitelle|Gothitelle, L90, M|100/100\n|-activate|p2a: Gothitelle|move: Sticky Web\n|-unboost|p2a: Gothitelle|spe|1\n|turn|10\n|inactive|Time left: 300 sec this turn | 300 sec total\n|\n|t:|1783560861\n|move|p1a: Infernape|Flare Blitz|p2a: Gothitelle\n|-damage|p2a: Gothitelle|38/100\n|-damage|p1a: Infernape|116/259|[from] Recoil\n|move|p2a: Gothitelle|Psychic Noise|p1a: Infernape\n|-supereffective|p1a: Infernape\n|-damage|p1a: Infernape|0 fnt\n|faint|p1a: Infernape\n|\n|-heal|p2a: Gothitelle|44/100|[from] item: Leftovers\n|upkeep\n|inactive|Time left: 300 sec this turn | 300 sec total | 5 sec grace\n|\n|t:|1783560863\n|switch|p1a: Vespiquen|Vespiquen, L99, F|123/299\n|-ability|p1a: Vespiquen|Pressure\n|turn|11\n|inactive|Time left: 300 sec this turn | 300 sec total\n|\n|t:|1783560864\n|move|p1a: Vespiquen|Roost|p1a: Vespiquen\n|-heal|p1a: Vespiquen|273/299\n|-singleturn|p1a: Vespiquen|move: Roost\n|move|p2a: Gothitelle|Calm Mind|p2a: Gothitelle\n|-boost|p2a: Gothitelle|spa|1\n|-boost|p2a: Gothitelle|spd|1\n|\n|-heal|p2a: Gothitelle|50/100|[from] item: Leftovers\n|upkeep\n|turn|12\n|inactive|Time left: 300 sec this turn | 300 sec total\n|\n|t:|1783560864\n|-terastallize|p2a: Gothitelle|Fairy\n|move|p1a: Vespiquen|Toxic|p2a: Gothitelle|[miss]\n|-miss|p1a: Vespiquen|p2a: Gothitelle\n|move|p2a: Gothitelle|Psychic Noise|p1a: Vespiquen\n|-damage|p1a: Vespiquen|179/299\n|-start|p1a: Vespiquen|move: Heal Block\n|\n|-heal|p2a: Gothitelle|56/100|[from] item: Leftovers\n|upkeep\n|turn|13\n|inactive|Time left: 300 sec this turn | 300 sec total\n|\n|t:|1783560865\n|move|p1a: Vespiquen|Toxic|p2a: Gothitelle\n|-status|p2a: Gothitelle|tox\n|move|p2a: Gothitelle|Psychic Noise|p1a: Vespiquen\n|-damage|p1a: Vespiquen|76/299\n|\n|-heal|p2a: Gothitelle|63/100 tox|[from] item: Leftovers\n|-damage|p2a: Gothitelle|56/100 tox|[from] psn\n|-end|p1a: Vespiquen|move: Heal Block\n|upkeep\n|turn|14\n|inactive|Time left: 300 sec this turn | 300 sec total\n|\n|t:|1783560866\n|move|p1a: Vespiquen|Roost|p1a: Vespiquen\n|-heal|p1a: Vespiquen|226/299\n|-singleturn|p1a: Vespiquen|move: Roost\n|move|p2a: Gothitelle|Psychic Noise|p1a: Vespiquen\n|-damage|p1a: Vespiquen|126/299\n|-start|p1a: Vespiquen|move: Heal Block\n|\n|-heal|p2a: Gothitelle|63/100 tox|[from] item: Leftovers\n|-damage|p2a: Gothitelle|50/100 tox|[from] psn\n|upkeep\n|turn|15\n|inactive|Time left: 300 sec this turn | 300 sec total\n|\n|t:|1783560867\n|move|p1a: Vespiquen|Hurricane|p2a: Gothitelle\n|-damage|p2a: Gothitelle|25/100 tox\n|-start|p2a: Gothitelle|confusion\n|-activate|p2a: Gothitelle|confusion\n|move|p2a: Gothitelle|Psychic Noise|p1a: Vespiquen\n|-damage|p1a: Vespiquen|18/299\n|\n|-heal|p2a: Gothitelle|32/100 tox|[from] item: Leftovers\n|-damage|p2a: Gothitelle|13/100 tox|[from] psn\n|-end|p1a: Vespiquen|move: Heal Block\n|upkeep\n|turn|16\n|inactive|Time left: 300 sec this turn | 300 sec total\n|\n|t:|1783560868\n|move|p1a: Vespiquen|Roost|p1a: Vespiquen\n|-heal|p1a: Vespiquen|168/299\n|-singleturn|p1a: Vespiquen|move: Roost\n|-end|p2a: Gothitelle|confusion\n|move|p2a: Gothitelle|Psychic Noise|p1a: Vespiquen\n|-damage|p1a: Vespiquen|71/299\n|-start|p1a: Vespiquen|move: Heal Block\n|\n|-heal|p2a: Gothitelle|19/100 tox|[from] item: Leftovers\n|-damage|p2a: Gothitelle|0 fnt|[from] psn\n|faint|p2a: Gothitelle\n|upkeep\n|\n|t:|1783560869\n|switch|p2a: Gallade|Gallade, L80, M|100/100\n|-activate|p2a: Gallade|move: Sticky Web\n|-unboost|p2a: Gallade|spe|1\n|turn|17\n|inactive|Time left: 300 sec this turn | 300 sec total\n|\n|t:|1783560869\n|move|p2a: Gallade|Night Slash|p1a: Vespiquen\n|-damage|p1a: Vespiquen|12/299\n|move|p1a: Vespiquen|Hurricane|p2a: Gallade\n|-supereffective|p2a: Gallade\n|-damage|p2a: Gallade|10/100\n|\n|-end|p1a: Vespiquen|move: Heal Block\n|upkeep\n|turn|18\n|inactive|Time left: 300 sec this turn | 300 sec total\n|\n|t:|1783560870\n|switch|p2a: Cacturne|Cacturne, L92, F|100/100\n|-activate|p2a: Cacturne|move: Sticky Web\n|-unboost|p2a: Cacturne|spe|1\n|move|p1a: Vespiquen|Roost|p1a: Vespiquen\n|-heal|p1a: Vespiquen|162/299\n|-singleturn|p1a: Vespiquen|move: Roost\n|\n|upkeep\n|turn|19\n|inactive|Time left: 300 sec this turn | 300 sec total\n|\n|t:|1783560871\n|switch|p2a: Gallade|Gallade, L80, M|10/100\n|-activate|p2a: Gallade|move: Sticky Web\n|-unboost|p2a: Gallade|spe|1\n|move|p1a: Vespiquen|Hurricane|p2a: Gallade|[miss]\n|-miss|p1a: Vespiquen|p2a: Gallade\n|\n|upkeep\n|turn|20\n|inactive|Time left: 300 sec this turn | 300 sec total\n|\n|t:|1783560871\n|move|p2a: Gallade|Psycho Cut|p1a: Vespiquen\n|-damage|p1a: Vespiquen|72/299\n|move|p1a: Vespiquen|Roost|p1a: Vespiquen\n|-heal|p1a: Vespiquen|222/299\n|-singleturn|p1a: Vespiquen|move: Roost\n|\n|upkeep\n|turn|21\n|inactive|Time left: 300 sec this turn | 300 sec total\n|\n|t:|1783560872\n|move|p2a: Gallade|Psycho Cut|p1a: Vespiquen\n|-damage|p1a: Vespiquen|125/299\n|move|p1a: Vespiquen|Hurricane|p2a: Gallade\n|-supereffective|p2a: Gallade\n|-damage|p2a: Gallade|0 fnt\n|faint|p2a: Gallade\n|\n|upkeep\n|\n|t:|1783560873\n|switch|p2a: Cacturne|Cacturne, L92, F|100/100\n|-activate|p2a: Cacturne|move: Sticky Web\n|-unboost|p2a: Cacturne|spe|1\n|turn|22\n|inactive|Time left: 300 sec this turn | 300 sec total\n|\n|t:|1783560873\n|move|p1a: Vespiquen|Hurricane|p2a: Cacturne\n|-supereffective|p2a: Cacturne\n|-damage|p2a: Cacturne|0 fnt\n|faint|p2a: Cacturne\n|\n|win|p0x18647f73", "uploadtime": 1783560873, "views": 0, "rating": 0, "private": 0, "password": null, "_winner": "p0x18647f73", "_our_name": "p0x18647f73"}