{"id": "battle-gen9randombattle-1289", "formatid": "gen9randombattle", "format": "[Gen 9] Random Battle", "players": ["p0x1289fad5", "p0y1289abde"], "log": "|init|battle\n|title|p0x1289fad5 vs. p0y1289abde\n|j|\u2606p0x1289fad5\n|j|\u2606p0y1289abde\n|t:|1783554972\n|gametype|singles\n|player|p1|p0x1289fad5|265|\n|player|p2|p0y1289abde|169|\n|gen|9\n|tier|[Gen 9] Random Battle\n|rule|Species Clause: Limit one of each Pok\u00e9mon\n|rule|HP Percentage Mod: HP is shown in percentages\n|rule|Sleep Clause Mod: Limit one foe put to sleep\n|rule|Illusion Level Mod: Illusion disguises the Pok\u00e9mon's true level\n|\n|t:|1783554972\n|teamsize|p1|6\n|teamsize|p2|6\n|start\n|switch|p1a: Minior|Minior-Orange, L79|100/100\n|switch|p2a: Thundurus|Thundurus-Therian, L80, M|258/258\n|-formechange|p1a: Minior|Minior-Meteor||[from] ability: Shields Down\n|turn|1\n|inactive|Battle timer is ON: inactive players will automatically lose when time's up. (requested by p0x1289fad5)\n|inactive|Time left: 300 sec this turn | 300 sec total | 60 sec grace\n|inactive|p0y1289abde also wants the timer to be on.\n|\n|t:|1783554973\n|-terastallize|p1a: Minior|Ground\n|move|p2a: Thundurus|Thunderbolt|p1a: Minior\n|-immune|p1a: Minior\n|move|p1a: Minior|Shell Smash|p1a: Minior\n|-unboost|p1a: Minior|def|1\n|-unboost|p1a: Minior|spd|1\n|-boost|p1a: Minior|atk|2\n|-boost|p1a: Minior|spa|2\n|-boost|p1a: Minior|spe|2\n|-enditem|p1a: Minior|White Herb\n|-clearnegativeboost|p1a: Minior|[silent]\n|\n|upkeep\n|turn|2\n|inactive|Time left: 300 sec this turn | 300 sec total\n|\n|t:|1783554974\n|switch|p2a: Sandaconda|Sandaconda, L84, M|258/258\n|move|p1a: Minior|Acrobatics|p2a: Sandaconda\n|-damage|p2a: Sandaconda|153/258\n|\n|upkeep\n|turn|3\n|inactive|Time left: 300 sec this turn | 300 sec total\n|\n|t:|1783554975\n|move|p1a: Minior|Acrobatics|p2a: Sandaconda\n|-damage|p2a: Sandaconda|47/258\n|move|p2a: Sandaconda|Earthquake|p1a: Minior\n|-damage|p1a: Minior|55/100\n|\n|upkeep\n|turn|4\n|inactive|Time left: 300 sec this turn | 300 sec total\n|\n|t:|1783554976\n|move|p1a: Minior|Acrobatics|p2a: Sandaconda\n|-damage|p2a: Sandaconda|0 fnt\n|faint|p2a: Sandaconda\n|\n|upkeep\n|inactive|Time left: 300 sec this turn | 300 sec total | 5 sec grace\n|\n|t:|1783554977\n|switch|p2a: Persian|Persian, L92, M|269/269\n|turn|5\n|inactive|Time left: 300 sec this turn | 300 sec total\n|\n|t:|1783554978\n|move|p1a: Minior|Acrobatics|p2a: Persian\n|-damage|p2a: Persian|89/269\n|move|p2a: Persian|Double-Edge|p1a: Minior\n|-damage|p1a: Minior|0 fnt\n|faint|p1a: Minior\n|-damage|p2a: Persian|49/269|[from] Recoil\n|\n|upkeep\n|\n|t:|1783554979\n|switch|p1a: Florges|Florges-Blue, L85, F|100/100\n|turn|6\n|inactive|Time left: 300 sec this turn | 300 sec total\n|\n|t:|1783554981\n|switch|p2a: Polteageist|Polteageist-Antique, L78|222/222\n|move|p1a: Florges|Calm Mind|p1a: Florges\n|-boost|p1a: Florges|spa|1\n|-boost|p1a: Florges|spd|1\n|\n|upkeep\n|turn|7\n|inactive|Time left: 300 sec this turn | 300 sec total\n|\n|t:|1783554982\n|move|p1a: Florges|Moonblast|p2a: Polteageist\n|-damage|p2a: Polteageist|80/222\n|-unboost|p2a: Polteageist|spa|1\n|-enditem|p2a: Polteageist|White Herb\n|-clearnegativeboost|p2a: Polteageist|[silent]\n|move|p2a: Polteageist|Strength Sap|p1a: Florges\n|-unboost|p1a: Florges|atk|1\n|-heal|p2a: Polteageist|195/222\n|\n|upkeep\n|turn|8\n|inactive|Time left: 300 sec this turn | 300 sec total\n|\n|t:|1783554983\n|move|p1a: Florges|Moonblast|p2a: Polteageist\n|-damage|p2a: Polteageist|42/222\n|move|p2a: Polteageist|Shell Smash|p2a: Polteageist\n|-unboost|p2a: Polteageist|def|1\n|-unboost|p2a: Polteageist|spd|1\n|-boost|p2a: Polteageist|atk|2\n|-boost|p2a: Polteageist|spa|2\n|-boost|p2a: Polteageist|spe|2\n|\n|upkeep\n|turn|9\n|inactive|Time left: 300 sec this turn | 300 sec total\n|\n|t:|1783554984\n|move|p2a: Polteageist|Stored Power|p1a: Florges\n|-damage|p1a: Florges|68/100\n|move|p1a: Florges|Moonblast|p2a: Polteageist\n|-damage|p2a: Polteageist|0 fnt\n|faint|p2a: Polteageist\n|\n|-heal|p1a: Florges|74/100|[from] item: Leftovers\n|upkeep\n|inactive|Time left: 300 sec this turn | 300 sec total | 5 sec grace\n|\n|t:|1783554985\n|switch|p2a: Persian|Persian, L92, M|49/269\n|turn|10\n|inactive|Time left: 300 sec this turn | 300 sec total\n|\n|t:|1783554986\n|move|p2a: Persian|Fake Out|p1a: Florges\n|-damage|p1a: Florges|42/100\n|cant|p1a: Florges|flinch\n|\n|-heal|p1a: Florges|48/100|[from] item: Leftovers\n|upkeep\n|turn|11\n|inactive|Time left: 300 sec this turn | 300 sec total\n|\n|t:|1783554987\n|switch|p1a: Cresselia|Cresselia, L80, F|100/100\n|move|p2a: Persian|Double-Edge|p1a: Cresselia\n|-damage|p1a: Cresselia|60/100\n|-damage|p2a: Persian|6/269|[from] Recoil\n|\n|-heal|p1a: Cresselia|66/100|[from] item: Leftovers\n|upkeep\n|turn|12\n|inactive|Time left: 300 sec this turn | 300 sec total\n|\n|t:|1783554988\n|move|p2a: Persian|Knock Off|p1a: Cresselia\n|-supereffective|p1a: Cresselia\n|-damage|p1a: Cresselia|30/100\n|-enditem|p1a: Cresselia|Leftovers|[from] move: Knock Off|[of] p2a: Persian\n|move|p1a: Cresselia|Moonlight|p1a: Cresselia\n|-heal|p1a: Cresselia|80/100\n|\n|upkeep\n|turn|13\n|inactive|Time left: 300 sec this turn | 300 sec total\n|\n|t:|1783554989\n|move|p2a: Persian|Knock Off|p1a: Cresselia\n|-supereffective|p1a: Cresselia\n|-damage|p1a: Cresselia|57/100\n|move|p1a: Cresselia|Calm Mind|p1a: Cresselia\n|-boost|p1a: Cresselia|spa|1\n|-boost|p1a: Cresselia|spd|1\n|\n|upkeep\n|turn|14\n|inactive|Time left: 300 sec this turn | 300 sec total\n|\n|t:|1783554990\n|move|p2a: Persian|U-turn|p1a: Cresselia\n|-supereffective|p1a: Cresselia\n|-damage|p1a: Cresselia|30/100\n|inactive|Time left: 300 sec this turn | 300 sec total | 5 sec grace\n|\n|t:|1783554991\n|switch|p2a: Tauros|Tauros, L82, M|257/257|[from] U-turn\n|move|p1a: Cresselia|Moonlight|p1a: Cresselia\n|-heal|p1a: Cresselia|80/100\n|\n|upkeep\n|turn|15\n|inactive|Time left: 300 sec this turn | 300 sec total\n|\n|t:|1783554992\n|move|p2a: Tauros|Throat Chop|p1a: Cresselia\n|-supereffective|p1a: Cresselia\n|-crit|p1a: Cresselia\n|-damage|p1a: Cresselia|7/100\n|move|p1a: Cresselia|Moonlight|p1a: Cresselia\n|-heal|p1a: Cresselia|57/100\n|\n|upkeep\n|turn|16\n|inactive|Time left: 300 sec this turn | 300 sec total\n|\n|t:|1783554993\n|move|p2a: Tauros|Throat Chop|p1a: Cresselia\n|-supereffective|p1a: Cresselia\n|-damage|p1a: Cresselia|3/100\n|move|p1a: Cresselia|Moonlight|p1a: Cresselia\n|-heal|p1a: Cresselia|53/100\n|\n|upkeep\n|turn|17\n|inactive|Time left: 300 sec this turn | 300 sec total\n|\n|t:|1783554994\n|move|p2a: Tauros|Throat Chop|p1a: Cresselia\n|-supereffective|p1a: Cresselia\n|-damage|p1a: Cresselia|5/100\n|move|p1a: Cresselia|Moonlight|p1a: Cresselia\n|-heal|p1a: Cresselia|55/100\n|\n|upkeep\n|turn|18\n|inactive|Time left: 300 sec this turn | 300 sec total\n|\n|t:|1783554996\n|move|p2a: Tauros|Throat Chop|p1a: Cresselia\n|-supereffective|p1a: Cresselia\n|-damage|p1a: Cresselia|0 fnt\n|faint|p1a: Cresselia\n|\n|upkeep\n|\n|t:|1783554997\n|switch|p1a: Raging Bolt|Raging Bolt, L78|100/100\n|turn|19\n|inactive|Time left: 300 sec this turn | 300 sec total\n|\n|t:|1783554997\n|move|p2a: Tauros|Earthquake|p1a: Raging Bolt\n|-supereffective|p1a: Raging Bolt\n|-damage|p1a: Raging Bolt|47/100\n|-damage|p2a: Tauros|232/257|[from] item: Life Orb\n|move|p1a: Raging Bolt|Draco Meteor|p2a: Tauros|[miss]\n|-miss|p1a: Raging Bolt|p2a: Tauros\n|\n|upkeep\n|turn|20\n|inactive|Time left: 300 sec this turn | 300 sec total\n|\n|t:|1783554999\n|move|p1a: Raging Bolt|Thunderclap|p2a: Tauros\n|-damage|p2a: Tauros|138/257\n|move|p2a: Tauros|Body Slam|p1a: Raging Bolt\n|-damage|p1a: Raging Bolt|0 fnt\n|faint|p1a: Raging Bolt\n|-end|p1a: Raging Bolt|Protosynthesis|[silent]\n|\n|upkeep\n|\n|t:|1783555000\n|switch|p1a: Dodrio|Dodrio, L85, M|100/100\n|turn|21\n|inactive|Time left: 300 sec this turn | 300 sec total\n|\n|t:|1783555000\n|move|p1a: Dodrio|Brave Bird|p2a: Tauros\n|-damage|p2a: Tauros|0 fnt\n|faint|p2a: Tauros\n|-damage|p1a: Dodrio|81/100|[from] Recoil\n|\n|upkeep\n|inactive|Time left: 300 sec this turn | 300 sec total | 5 sec grace\n|\n|t:|1783555001\n|switch|p2a: Persian|Persian, L92, M|6/269\n|turn|22\n|inactive|Time left: 300 sec this turn | 300 sec total\n|\n|t:|1783555002\n|switch|p1a: Florges|Florges-Blue, L85, F|48/100\n|move|p2a: Persian|Fake Out|p1a: Florges\n|-damage|p1a: Florges|17/100\n|\n|-heal|p1a: Florges|23/100|[from] item: Leftovers\n|upkeep\n|turn|23\n|inactive|Time left: 300 sec this turn | 300 sec total\n|\n|t:|1783555003\n|move|p2a: Persian|Double-Edge|p1a: Florges\n|-damage|p1a: Florges|0 fnt\n|faint|p1a: Florges\n|-damage|p2a: Persian|0 fnt|[from] Recoil\n|faint|p2a: Persian\n|\n|upkeep\n|inactive|Time left: 300 sec this turn | 300 sec total | 5 sec grace\n|\n|t:|1783555003\n|switch|p2a: Arceus|Arceus-Fighting, L70|284/284\n|switch|p1a: Dodrio|Dodrio, L85, M|81/100\n|turn|24\n|inactive|Time left: 300 sec this turn | 300 sec total\n|\n|t:|1783555004\n|-terastallize|p2a: Arceus|Steel\n|move|p1a: Dodrio|Brave Bird|p2a: Arceus\n|-resisted|p2a: Arceus\n|-damage|p2a: Arceus|177/284\n|-damage|p1a: Dodrio|67/100|[from] Recoil\n|move|p2a: Arceus|Cosmic Power|p2a: Arceus\n|-boost|p2a: Arceus|def|1\n|-boost|p2a: Arceus|spd|1\n|\n|upkeep\n|turn|25\n|inactive|Time left: 300 sec this turn | 300 sec total\n|\n|t:|1783555005\n|switch|p1a: Salazzle|Salazzle, L83, F|100/100\n|move|p2a: Arceus|Body Press|p1a: Salazzle\n|-resisted|p1a: Salazzle\n|-damage|p1a: Salazzle|69/100\n|\n|-heal|p1a: Salazzle|75/100|[from] item: Leftovers\n|upkeep\n|turn|26\n|inactive|Time left: 300 sec this turn | 300 sec total\n|\n|t:|1783555006\n|move|p1a: Salazzle|Flamethrower|p2a: Arceus\n|-supereffective|p2a: Arceus\n|-damage|p2a: Arceus|33/284\n|move|p2a: Arceus|Stored Power|p1a: Salazzle\n|-supereffective|p1a: Salazzle\n|-damage|p1a: Salazzle|35/100\n|\n|-heal|p1a: Salazzle|41/100|[from] item: Leftovers\n|upkeep\n|turn|27\n|inactive|Time left: 300 sec this turn | 300 sec total\n|\n|t:|1783555007\n|move|p1a: Salazzle|Flamethrower|p2a: Arceus\n|-supereffective|p2a: Arceus\n|-damage|p2a: Arceus|0 fnt\n|faint|p2a: Arceus\n|\n|-heal|p1a: Salazzle|47/100|[from] item: Leftovers\n|upkeep\n|inactive|Time left: 300 sec this turn | 300 sec total | 5 sec grace\n|\n|t:|1783555008\n|switch|p2a: Thundurus|Thundurus-Therian, L80, M|258/258\n|turn|28\n|inactive|Time left: 300 sec this turn | 300 sec total\n|\n|t:|1783555008\n|move|p1a: Salazzle|Flamethrower|p2a: Thundurus\n|-damage|p2a: Thundurus|132/258\n|move|p2a: Thundurus|Thunderbolt|p1a: Salazzle\n|-damage|p1a: Salazzle|0 fnt\n|faint|p1a: Salazzle\n|\n|upkeep\n|\n|t:|1783555010\n|switch|p1a: Dodrio|Dodrio, L85, M|67/100\n|turn|29\n|inactive|Time left: 300 sec this turn | 300 sec total\n|\n|t:|1783555010\n|move|p1a: Dodrio|Knock Off|p2a: Thundurus\n|-damage|p2a: Thundurus|0 fnt\n|-enditem|p2a: Thundurus|Heavy-Duty Boots|[from] move: Knock Off|[of] p1a: Dodrio\n|faint|p2a: Thundurus\n|\n|win|p0x1289fad5", "uploadtime": 1783555011, "views": 0, "rating": 0, "private": 0, "password": null, "_winner": "p0x1289fad5", "_our_name": "p0y1289abde"}