{"id": "battle-gen9randombattle-1582", "formatid": "gen9randombattle", "format": "[Gen 9] Random Battle", "players": ["p0x1582a8e9", "p0y15823266"], "log": "|init|battle\n|title|p0x1582a8e9 vs. p0y15823266\n|j|\u2606p0x1582a8e9\n|j|\u2606p0y15823266\n|t:|1783557523\n|gametype|singles\n|player|p1|p0x1582a8e9|1|\n|player|p2|p0y15823266|265|\n|gen|9\n|tier|[Gen 9] Random Battle\n|rule|Species Clause: Limit one of each Pok\u00e9mon\n|rule|HP Percentage Mod: HP is shown in percentages\n|rule|Sleep Clause Mod: Limit one foe put to sleep\n|rule|Illusion Level Mod: Illusion disguises the Pok\u00e9mon's true level\n|\n|t:|1783557523\n|teamsize|p1|6\n|teamsize|p2|6\n|start\n|switch|p1a: Regirock|Regirock, L83|100/100\n|switch|p2a: Banette|Banette, L93, F|270/270\n|turn|1\n|inactive|Battle timer is ON: inactive players will automatically lose when time's up. (requested by p0x1582a8e9)\n|inactive|Time left: 300 sec this turn | 300 sec total | 60 sec grace\n|inactive|p0y15823266 also wants the timer to be on.\n|\n|t:|1783557525\n|move|p2a: Banette|Poltergeist|p1a: Regirock\n|-activate|p1a: Regirock|move: Poltergeist|Chesto Berry\n|-damage|p1a: Regirock|61/100\n|-damage|p2a: Banette|243/270|[from] item: Life Orb\n|move|p1a: Regirock|Stone Edge|p2a: Banette|[miss]\n|-miss|p1a: Regirock|p2a: Banette\n|\n|upkeep\n|turn|2\n|inactive|Time left: 300 sec this turn | 300 sec total\n|\n|t:|1783557526\n|move|p2a: Banette|Poltergeist|p1a: Regirock\n|-activate|p1a: Regirock|move: Poltergeist|Chesto Berry\n|-damage|p1a: Regirock|21/100\n|-damage|p2a: Banette|216/270|[from] item: Life Orb\n|move|p1a: Regirock|Stone Edge|p2a: Banette\n|-damage|p2a: Banette|96/270\n|\n|upkeep\n|turn|3\n|inactive|Time left: 300 sec this turn | 300 sec total\n|\n|t:|1783557527\n|move|p2a: Banette|Poltergeist|p1a: Regirock\n|-activate|p1a: Regirock|move: Poltergeist|Chesto Berry\n|-damage|p1a: Regirock|0 fnt\n|faint|p1a: Regirock\n|-damage|p2a: Banette|69/270|[from] item: Life Orb\n|\n|upkeep\n|\n|t:|1783557528\n|switch|p1a: Mamoswine|Mamoswine, L81, F|100/100\n|turn|4\n|inactive|Time left: 300 sec this turn | 300 sec total\n|\n|t:|1783557529\n|switch|p2a: Feraligatr|Feraligatr, L79, M|264/264\n|move|p1a: Mamoswine|Stealth Rock|p2a: Feraligatr\n|-sidestart|p2: p0y15823266|move: Stealth Rock\n|\n|upkeep\n|turn|5\n|inactive|Time left: 300 sec this turn | 300 sec total\n|\n|t:|1783557531\n|move|p1a: Mamoswine|Earthquake|p2a: Feraligatr\n|-damage|p2a: Feraligatr|116/264\n|-damage|p1a: Mamoswine|91/100|[from] item: Life Orb\n|move|p2a: Feraligatr|Liquidation|p1a: Mamoswine\n|-supereffective|p1a: Mamoswine\n|-damage|p1a: Mamoswine|0 fnt\n|faint|p1a: Mamoswine\n|\n|upkeep\n|\n|t:|1783557532\n|switch|p1a: Girafarig|Girafarig, L89, F|100/100\n|turn|6\n|inactive|Time left: 300 sec this turn | 300 sec total\n|\n|t:|1783557533\n|switch|p2a: Dugtrio|Dugtrio-Alola, L84, M|196/196\n|-damage|p2a: Dugtrio|190/196|[from] Stealth Rock\n|move|p1a: Girafarig|Nasty Plot|p1a: Girafarig\n|-boost|p1a: Girafarig|spa|2\n|\n|upkeep\n|turn|7\n|inactive|Time left: 300 sec this turn | 300 sec total\n|\n|t:|1783557534\n|move|p2a: Dugtrio|Swords Dance|p2a: Dugtrio\n|-boost|p2a: Dugtrio|atk|2\n|move|p1a: Girafarig|Hyper Voice|p2a: Dugtrio\n|-resisted|p2a: Dugtrio\n|-damage|p2a: Dugtrio|67/196\n|\n|upkeep\n|turn|8\n|inactive|Time left: 300 sec this turn | 300 sec total\n|\n|t:|1783557535\n|switch|p1a: Bronzong|Bronzong, L88|100/100\n|move|p2a: Dugtrio|Earthquake|p1a: Bronzong\n|-immune|p1a: Bronzong|[from] ability: Levitate\n|\n|upkeep\n|turn|9\n|inactive|Time left: 300 sec this turn | 300 sec total\n|\n|t:|1783557536\n|move|p2a: Dugtrio|Iron Head|p1a: Bronzong\n|-resisted|p1a: Bronzong\n|-damage|p1a: Bronzong|69/100\n|-damage|p2a: Dugtrio|48/196|[from] item: Life Orb\n|move|p1a: Bronzong|Earthquake|p2a: Dugtrio\n|-supereffective|p2a: Dugtrio\n|-damage|p2a: Dugtrio|0 fnt\n|faint|p2a: Dugtrio\n|\n|-heal|p1a: Bronzong|76/100|[from] item: Leftovers\n|upkeep\n|inactive|Time left: 300 sec this turn | 300 sec total | 5 sec grace\n|\n|t:|1783557537\n|switch|p2a: Empoleon|Empoleon, L84, M|278/278\n|-damage|p2a: Empoleon|261/278|[from] Stealth Rock\n|turn|10\n|inactive|Time left: 300 sec this turn | 300 sec total\n|\n|t:|1783557538\n|move|p2a: Empoleon|Knock Off|p1a: Bronzong\n|-supereffective|p1a: Bronzong\n|-damage|p1a: Bronzong|37/100\n|-enditem|p1a: Bronzong|Leftovers|[from] move: Knock Off|[of] p2a: Empoleon\n|move|p1a: Bronzong|Earthquake|p2a: Empoleon\n|-supereffective|p2a: Empoleon\n|-damage|p2a: Empoleon|119/278\n|\n|-heal|p2a: Empoleon|136/278|[from] item: Leftovers\n|upkeep\n|turn|11\n|inactive|Time left: 300 sec this turn | 300 sec total\n|\n|t:|1783557539\n|move|p2a: Empoleon|Roost|p2a: Empoleon\n|-heal|p2a: Empoleon|275/278\n|-singleturn|p2a: Empoleon|move: Roost\n|move|p1a: Bronzong|Earthquake|p2a: Empoleon\n|-supereffective|p2a: Empoleon\n|-damage|p2a: Empoleon|137/278\n|\n|-heal|p2a: Empoleon|154/278|[from] item: Leftovers\n|upkeep\n|turn|12\n|inactive|Time left: 300 sec this turn | 300 sec total\n|\n|t:|1783557540\n|move|p2a: Empoleon|Surf|p1a: Bronzong\n|-damage|p1a: Bronzong|8/100\n|move|p1a: Bronzong|Earthquake|p2a: Empoleon\n|-supereffective|p2a: Empoleon\n|-damage|p2a: Empoleon|14/278\n|\n|-heal|p2a: Empoleon|31/278|[from] item: Leftovers\n|upkeep\n|turn|13\n|inactive|Time left: 300 sec this turn | 300 sec total\n|\n|t:|1783557541\n|switch|p1a: Leafeon|Leafeon, L88, M|100/100\n|move|p2a: Empoleon|Roost|p2a: Empoleon\n|-heal|p2a: Empoleon|170/278\n|-singleturn|p2a: Empoleon|move: Roost\n|\n|-heal|p2a: Empoleon|187/278|[from] item: Leftovers\n|upkeep\n|turn|14\n|inactive|Time left: 300 sec this turn | 300 sec total\n|\n|t:|1783557542\n|move|p1a: Leafeon|Swords Dance|p1a: Leafeon\n|-boost|p1a: Leafeon|atk|2\n|move|p2a: Empoleon|Ice Beam|p1a: Leafeon\n|-supereffective|p1a: Leafeon\n|-damage|p1a: Leafeon|34/100\n|\n|-heal|p2a: Empoleon|204/278|[from] item: Leftovers\n|upkeep\n|turn|15\n|inactive|Time left: 300 sec this turn | 300 sec total\n|\n|t:|1783557543\n|switch|p2a: Whimsicott|Whimsicott, L84, F|238/238\n|-damage|p2a: Whimsicott|209/238|[from] Stealth Rock\n|move|p1a: Leafeon|Knock Off|p2a: Whimsicott\n|-resisted|p2a: Whimsicott\n|-damage|p2a: Whimsicott|106/238\n|-enditem|p2a: Whimsicott|Leftovers|[from] move: Knock Off|[of] p1a: Leafeon\n|-damage|p1a: Leafeon|24/100|[from] item: Life Orb\n|\n|upkeep\n|turn|16\n|inactive|Time left: 300 sec this turn | 300 sec total\n|\n|t:|1783557544\n|switch|p1a: Girafarig|Girafarig, L89, F|100/100\n|move|p2a: Whimsicott|Moonblast|p1a: Girafarig\n|-damage|p1a: Girafarig|77/100\n|\n|upkeep\n|turn|17\n|inactive|Time left: 300 sec this turn | 300 sec total\n|\n|t:|1783557545\n|move|p2a: Whimsicott|Moonblast|p1a: Girafarig\n|-damage|p1a: Girafarig|52/100\n|-unboost|p1a: Girafarig|spa|1\n|move|p1a: Girafarig|Nasty Plot|p1a: Girafarig\n|-boost|p1a: Girafarig|spa|2\n|\n|upkeep\n|turn|18\n|inactive|Time left: 300 sec this turn | 300 sec total\n|\n|t:|1783557546\n|move|p2a: Whimsicott|Encore|p1a: Girafarig\n|-start|p1a: Girafarig|Encore\n|move|p1a: Girafarig|Nasty Plot|p1a: Girafarig\n|-boost|p1a: Girafarig|spa|2\n|\n|upkeep\n|turn|19\n|inactive|Time left: 300 sec this turn | 300 sec total\n|\n|t:|1783557546\n|move|p2a: Whimsicott|Moonblast|p1a: Girafarig\n|-damage|p1a: Girafarig|28/100\n|-unboost|p1a: Girafarig|spa|1\n|move|p1a: Girafarig|Nasty Plot|p1a: Girafarig\n|-boost|p1a: Girafarig|spa|2\n|\n|upkeep\n|turn|20\n|inactive|Time left: 300 sec this turn | 300 sec total\n|\n|t:|1783557547\n|move|p2a: Whimsicott|Moonblast|p1a: Girafarig\n|-damage|p1a: Girafarig|4/100\n|move|p1a: Girafarig|Nasty Plot|p1a: Girafarig\n|-boost|p1a: Girafarig|spa|2\n|\n|-end|p1a: Girafarig|Encore\n|upkeep\n|turn|21\n|inactive|Time left: 300 sec this turn | 300 sec total\n|\n|t:|1783557548\n|move|p2a: Whimsicott|Moonblast|p1a: Girafarig\n|-damage|p1a: Girafarig|0 fnt\n|faint|p1a: Girafarig\n|\n|upkeep\n|\n|t:|1783557550\n|switch|p1a: Sandaconda|Sandaconda, L84, F|100/100\n|turn|22\n|inactive|Time left: 300 sec this turn | 300 sec total\n|\n|t:|1783557551\n|move|p2a: Whimsicott|Giga Drain|p1a: Sandaconda\n|-supereffective|p1a: Sandaconda\n|-damage|p1a: Sandaconda|37/100\n|-heal|p2a: Whimsicott|188/238|[from] drain|[of] p1a: Sandaconda\n|move|p1a: Sandaconda|Earthquake|p2a: Whimsicott\n|-resisted|p2a: Whimsicott\n|-damage|p2a: Whimsicott|127/238\n|\n|-heal|p1a: Sandaconda|43/100|[from] item: Leftovers\n|upkeep\n|turn|23\n|inactive|Time left: 300 sec this turn | 300 sec total\n|\n|t:|1783557552\n|switch|p1a: Leafeon|Leafeon, L88, M|24/100\n|move|p2a: Whimsicott|Giga Drain|p1a: Leafeon\n|-resisted|p1a: Leafeon\n|-crit|p1a: Leafeon\n|-damage|p1a: Leafeon|1/100\n|-heal|p2a: Whimsicott|157/238|[from] drain|[of] p1a: Leafeon\n|\n|upkeep\n|turn|24\n|inactive|Time left: 300 sec this turn | 300 sec total\n|\n|t:|1783557553\n|move|p2a: Whimsicott|Giga Drain|p1a: Leafeon\n|-resisted|p1a: Leafeon\n|-damage|p1a: Leafeon|0 fnt\n|-heal|p2a: Whimsicott|158/238|[from] drain|[of] p1a: Leafeon\n|faint|p1a: Leafeon\n|\n|upkeep\n|\n|t:|1783557554\n|switch|p1a: Bronzong|Bronzong, L88|8/100\n|turn|25\n|inactive|Time left: 300 sec this turn | 300 sec total\n|\n|t:|1783557555\n|-terastallize|p1a: Bronzong|Electric\n|move|p2a: Whimsicott|Giga Drain|p1a: Bronzong\n|-damage|p1a: Bronzong|0 fnt\n|-heal|p2a: Whimsicott|168/238|[from] drain|[of] p1a: Bronzong\n|faint|p1a: Bronzong\n|\n|upkeep\n|\n|t:|1783557556\n|switch|p1a: Sandaconda|Sandaconda, L84, F|43/100\n|turn|26\n|inactive|Time left: 300 sec this turn | 300 sec total\n|\n|t:|1783557557\n|move|p2a: Whimsicott|Giga Drain|p1a: Sandaconda\n|-supereffective|p1a: Sandaconda\n|-damage|p1a: Sandaconda|0 fnt\n|-heal|p2a: Whimsicott|223/238|[from] drain|[of] p1a: Sandaconda\n|faint|p1a: Sandaconda\n|\n|win|p0y15823266", "uploadtime": 1783557557, "views": 0, "rating": 0, "private": 0, "password": null, "_winner": "p0y15823266", "_our_name": "p0y15823266"}