{"id": "battle-gen9randombattle-2440", "formatid": "gen9randombattle", "format": "[Gen 9] Random Battle", "players": ["p0x244064d7", "p0y24404da0"], "log": "|init|battle\n|title|p0x244064d7 vs. p0y24404da0\n|j|\u2606p0x244064d7\n|j|\u2606p0y24404da0\n|t:|1783567306\n|gametype|singles\n|player|p1|p0x244064d7|101|\n|player|p2|p0y24404da0|266|\n|gen|9\n|tier|[Gen 9] Random Battle\n|rule|Species Clause: Limit one of each Pok\u00e9mon\n|rule|HP Percentage Mod: HP is shown in percentages\n|rule|Sleep Clause Mod: Limit one foe put to sleep\n|rule|Illusion Level Mod: Illusion disguises the Pok\u00e9mon's true level\n|\n|t:|1783567306\n|teamsize|p1|6\n|teamsize|p2|6\n|start\n|switch|p1a: Kilowattrel|Kilowattrel, L83, F|100/100\n|switch|p2a: Ceruledge|Ceruledge, L78, F|245/245\n|turn|1\n|inactive|Battle timer is ON: inactive players will automatically lose when time's up. (requested by p0x244064d7)\n|inactive|Time left: 300 sec this turn | 300 sec total | 60 sec grace\n|\n|t:|1783567307\n|move|p1a: Kilowattrel|Discharge|p2a: Ceruledge\n|-damage|p2a: Ceruledge|151/245\n|-status|p2a: Ceruledge|par\n|move|p2a: Ceruledge|Poltergeist|p1a: Kilowattrel\n|-activate|p1a: Kilowattrel|move: Poltergeist|Heavy-Duty Boots\n|-damage|p1a: Kilowattrel|29/100\n|\n|upkeep\n|turn|2\n|inactive|Time left: 300 sec this turn | 300 sec total\n|inactive|p0y24404da0 also wants the timer to be on.\n|\n|t:|1783567308\n|move|p1a: Kilowattrel|Hurricane|p2a: Ceruledge|[miss]\n|-miss|p1a: Kilowattrel|p2a: Ceruledge\n|move|p2a: Ceruledge|Bitter Blade|p1a: Kilowattrel\n|-damage|p1a: Kilowattrel|0 fnt\n|-heal|p2a: Ceruledge|187/245 par|[from] drain|[of] p1a: Kilowattrel\n|faint|p1a: Kilowattrel\n|\n|upkeep\n|\n|t:|1783567309\n|switch|p1a: Chandelure|Chandelure, L83, F|100/100\n|turn|3\n|inactive|Time left: 300 sec this turn | 300 sec total\n|\n|t:|1783567310\n|move|p1a: Chandelure|Shadow Ball|p2a: Ceruledge\n|-supereffective|p2a: Ceruledge\n|-damage|p2a: Ceruledge|0 fnt\n|faint|p2a: Ceruledge\n|\n|upkeep\n|inactive|Time left: 300 sec this turn | 300 sec total | 5 sec grace\n|\n|t:|1783567312\n|switch|p2a: Spiritomb|Spiritomb, L89, F|234/234\n|turn|4\n|inactive|Time left: 300 sec this turn | 300 sec total\n|\n|t:|1783567313\n|switch|p1a: Slither Wing|Slither Wing, L81|100/100\n|-enditem|p1a: Slither Wing|Booster Energy\n|-activate|p1a: Slither Wing|ability: Protosynthesis|[fromitem]\n|-start|p1a: Slither Wing|protosynthesisatk\n|move|p2a: Spiritomb|Poltergeist||[still]\n|-fail|p2a: Spiritomb\n|\n|upkeep\n|turn|5\n|inactive|Time left: 300 sec this turn | 300 sec total\n|\n|t:|1783567314\n|move|p1a: Slither Wing|Bulk Up|p1a: Slither Wing\n|-boost|p1a: Slither Wing|atk|1\n|-boost|p1a: Slither Wing|def|1\n|move|p2a: Spiritomb|Will-O-Wisp|p1a: Slither Wing\n|-status|p1a: Slither Wing|brn\n|\n|-damage|p1a: Slither Wing|95/100 brn|[from] brn\n|upkeep\n|turn|6\n|inactive|Time left: 300 sec this turn | 300 sec total\n|\n|t:|1783567315\n|switch|p2a: Swalot|Swalot, L90, M|326/326\n|move|p1a: Slither Wing|Bulk Up|p1a: Slither Wing\n|-boost|p1a: Slither Wing|atk|1\n|-boost|p1a: Slither Wing|def|1\n|\n|-damage|p1a: Slither Wing|89/100 brn|[from] brn\n|upkeep\n|turn|7\n|inactive|Time left: 300 sec this turn | 300 sec total\n|\n|t:|1783567316\n|move|p1a: Slither Wing|Acrobatics|p2a: Swalot\n|-damage|p2a: Swalot|205/326\n|move|p2a: Swalot|Swords Dance|p2a: Swalot\n|-boost|p2a: Swalot|atk|2\n|\n|-heal|p2a: Swalot|225/326|[from] item: Leftovers\n|-damage|p1a: Slither Wing|83/100 brn|[from] brn\n|upkeep\n|turn|8\n|inactive|Time left: 300 sec this turn | 300 sec total\n|\n|t:|1783567317\n|move|p1a: Slither Wing|Acrobatics|p2a: Swalot\n|-damage|p2a: Swalot|113/326\n|move|p2a: Swalot|Gunk Shot|p1a: Slither Wing\n|-damage|p1a: Slither Wing|37/100 brn\n|\n|-heal|p2a: Swalot|133/326|[from] item: Leftovers\n|-damage|p1a: Slither Wing|31/100 brn|[from] brn\n|upkeep\n|turn|9\n|inactive|Time left: 300 sec this turn | 300 sec total\n|\n|t:|1783567318\n|move|p1a: Slither Wing|Acrobatics|p2a: Swalot\n|-damage|p2a: Swalot|14/326\n|move|p2a: Swalot|Gunk Shot|p1a: Slither Wing\n|-damage|p1a: Slither Wing|0 fnt\n|faint|p1a: Slither Wing\n|-end|p1a: Slither Wing|Protosynthesis|[silent]\n|\n|-heal|p2a: Swalot|34/326|[from] item: Leftovers\n|upkeep\n|\n|t:|1783567319\n|switch|p1a: Chandelure|Chandelure, L83, F|100/100\n|turn|10\n|inactive|Time left: 300 sec this turn | 300 sec total\n|\n|t:|1783567320\n|move|p1a: Chandelure|Shadow Ball|p2a: Swalot\n|-damage|p2a: Swalot|0 fnt\n|faint|p2a: Swalot\n|\n|upkeep\n|inactive|Time left: 300 sec this turn | 300 sec total | 5 sec grace\n|\n|t:|1783567322\n|switch|p2a: Spiritomb|Spiritomb, L89, F|234/234\n|turn|11\n|inactive|Time left: 300 sec this turn | 300 sec total\n|\n|t:|1783567322\n|move|p1a: Chandelure|Fire Blast|p2a: Spiritomb\n|-damage|p2a: Spiritomb|99/234\n|move|p2a: Spiritomb|Poltergeist|p1a: Chandelure\n|-activate|p1a: Chandelure|move: Poltergeist|Heavy-Duty Boots\n|-supereffective|p1a: Chandelure\n|-crit|p1a: Chandelure\n|-damage|p1a: Chandelure|0 fnt\n|faint|p1a: Chandelure\n|\n|-heal|p2a: Spiritomb|113/234|[from] item: Leftovers\n|upkeep\n|\n|t:|1783567323\n|switch|p1a: Oricorio|Oricorio-Pom-Pom, L82, M|100/100\n|turn|12\n|inactive|Time left: 300 sec this turn | 300 sec total\n|\n|t:|1783567324\n|move|p1a: Oricorio|Quiver Dance|p1a: Oricorio\n|-boost|p1a: Oricorio|spa|1\n|-boost|p1a: Oricorio|spd|1\n|-boost|p1a: Oricorio|spe|1\n|move|p2a: Spiritomb|Poltergeist|p1a: Oricorio\n|-activate|p1a: Oricorio|move: Poltergeist|Heavy-Duty Boots\n|-damage|p1a: Oricorio|39/100\n|\n|-heal|p2a: Spiritomb|127/234|[from] item: Leftovers\n|upkeep\n|turn|13\n|inactive|Time left: 300 sec this turn | 300 sec total\n|\n|t:|1783567326\n|move|p1a: Oricorio|Roost|p1a: Oricorio\n|-heal|p1a: Oricorio|89/100\n|-singleturn|p1a: Oricorio|move: Roost\n|move|p2a: Spiritomb|Poltergeist|p1a: Oricorio\n|-activate|p1a: Oricorio|move: Poltergeist|Heavy-Duty Boots\n|-crit|p1a: Oricorio\n|-damage|p1a: Oricorio|0 fnt\n|faint|p1a: Oricorio\n|\n|-heal|p2a: Spiritomb|141/234|[from] item: Leftovers\n|upkeep\n|\n|t:|1783567327\n|switch|p1a: Haxorus|Haxorus, L77, M|100/100\n|-ability|p1a: Haxorus|Mold Breaker\n|turn|14\n|inactive|Time left: 300 sec this turn | 300 sec total\n|\n|t:|1783567328\n|move|p1a: Haxorus|Earthquake|p2a: Spiritomb\n|-damage|p2a: Spiritomb|75/234\n|move|p2a: Spiritomb|Foul Play|p1a: Haxorus\n|-damage|p1a: Haxorus|41/100\n|\n|-heal|p2a: Spiritomb|89/234|[from] item: Leftovers\n|upkeep\n|turn|15\n|inactive|Time left: 300 sec this turn | 300 sec total\n|\n|t:|1783567329\n|move|p2a: Spiritomb|Sucker Punch|p1a: Haxorus\n|-damage|p1a: Haxorus|9/100\n|move|p1a: Haxorus|Scale Shot|p2a: Spiritomb\n|-damage|p2a: Spiritomb|62/234\n|-damage|p2a: Spiritomb|37/234\n|-damage|p2a: Spiritomb|13/234\n|-damage|p2a: Spiritomb|0 fnt\n|faint|p2a: Spiritomb\n|-hitcount|p2: Spiritomb|4\n|-unboost|p1a: Haxorus|def|1\n|-boost|p1a: Haxorus|spe|1\n|\n|upkeep\n|inactive|Time left: 300 sec this turn | 300 sec total | 5 sec grace\n|\n|t:|1783567330\n|switch|p2a: Gogoat|Gogoat, L88, F|360/360\n|turn|16\n|inactive|Time left: 300 sec this turn | 300 sec total\n|\n|t:|1783567331\n|move|p1a: Haxorus|Iron Head|p2a: Gogoat\n|-damage|p2a: Gogoat|280/360\n|cant|p2a: Gogoat|flinch\n|\n|-heal|p2a: Gogoat|302/360|[from] item: Leftovers\n|upkeep\n|turn|17\n|inactive|Time left: 300 sec this turn | 300 sec total\n|\n|t:|1783567332\n|move|p1a: Haxorus|Iron Head|p2a: Gogoat\n|-damage|p2a: Gogoat|213/360\n|move|p2a: Gogoat|Bulk Up|p2a: Gogoat\n|-boost|p2a: Gogoat|atk|1\n|-boost|p2a: Gogoat|def|1\n|\n|-heal|p2a: Gogoat|235/360|[from] item: Leftovers\n|upkeep\n|turn|18\n|inactive|Time left: 300 sec this turn | 300 sec total\n|\n|t:|1783567333\n|move|p1a: Haxorus|Iron Head|p2a: Gogoat\n|-damage|p2a: Gogoat|180/360\n|move|p2a: Gogoat|Horn Leech|p1a: Haxorus\n|-resisted|p1a: Haxorus\n|-damage|p1a: Haxorus|0 fnt\n|-heal|p2a: Gogoat|190/360|[from] drain|[of] p1a: Haxorus\n|faint|p1a: Haxorus\n|\n|-heal|p2a: Gogoat|212/360|[from] item: Leftovers\n|upkeep\n|\n|t:|1783567334\n|switch|p1a: Snorlax|Snorlax, L82, M|100/100\n|turn|19\n|inactive|Time left: 300 sec this turn | 300 sec total\n|\n|t:|1783567335\n|move|p2a: Gogoat|Bulk Up|p2a: Gogoat\n|-boost|p2a: Gogoat|atk|1\n|-boost|p2a: Gogoat|def|1\n|move|p1a: Snorlax|Curse|p1a: Snorlax\n|-unboost|p1a: Snorlax|spe|1\n|-boost|p1a: Snorlax|atk|1\n|-boost|p1a: Snorlax|def|1\n|\n|-heal|p2a: Gogoat|234/360|[from] item: Leftovers\n|upkeep\n|turn|20\n|inactive|Time left: 300 sec this turn | 300 sec total\n|\n|t:|1783567336\n|move|p2a: Gogoat|Horn Leech|p1a: Snorlax\n|-damage|p1a: Snorlax|63/100\n|-heal|p2a: Gogoat|308/360|[from] drain|[of] p1a: Snorlax\n|move|p1a: Snorlax|Curse|p1a: Snorlax\n|-unboost|p1a: Snorlax|spe|1\n|-boost|p1a: Snorlax|atk|1\n|-boost|p1a: Snorlax|def|1\n|\n|-heal|p2a: Gogoat|330/360|[from] item: Leftovers\n|-heal|p1a: Snorlax|69/100|[from] item: Leftovers\n|upkeep\n|turn|21\n|inactive|Time left: 300 sec this turn | 300 sec total\n|\n|t:|1783567337\n|move|p2a: Gogoat|Horn Leech|p1a: Snorlax\n|-damage|p1a: Snorlax|41/100\n|-heal|p2a: Gogoat|360/360|[from] drain|[of] p1a: Snorlax\n|move|p1a: Snorlax|Curse|p1a: Snorlax\n|-unboost|p1a: Snorlax|spe|1\n|-boost|p1a: Snorlax|atk|1\n|-boost|p1a: Snorlax|def|1\n|\n|-heal|p1a: Snorlax|47/100|[from] item: Leftovers\n|upkeep\n|turn|22\n|inactive|Time left: 300 sec this turn | 300 sec total\n|\n|t:|1783567338\n|move|p2a: Gogoat|Bulk Up|p2a: Gogoat\n|-boost|p2a: Gogoat|atk|1\n|-boost|p2a: Gogoat|def|1\n|move|p1a: Snorlax|Rest|p1a: Snorlax\n|-status|p1a: Snorlax|slp|[from] move: Rest\n|-heal|p1a: Snorlax|100/100 slp|[silent]\n|\n|upkeep\n|turn|23\n|inactive|Time left: 300 sec this turn | 300 sec total\n|\n|t:|1783567339\n|move|p2a: Gogoat|Bulk Up|p2a: Gogoat\n|-boost|p2a: Gogoat|atk|1\n|-boost|p2a: Gogoat|def|1\n|cant|p1a: Snorlax|slp\n|move|p1a: Snorlax|Sleep Talk|p1a: Snorlax\n|move|p1a: Snorlax|Curse|p1a: Snorlax|[from] move: Sleep Talk\n|-unboost|p1a: Snorlax|spe|1\n|-boost|p1a: Snorlax|atk|1\n|-boost|p1a: Snorlax|def|1\n|\n|upkeep\n|turn|24\n|inactive|Time left: 300 sec this turn | 300 sec total\n|\n|t:|1783567340\n|move|p2a: Gogoat|Bulk Up|p2a: Gogoat\n|-boost|p2a: Gogoat|atk|1\n|-boost|p2a: Gogoat|def|1\n|cant|p1a: Snorlax|slp\n|move|p1a: Snorlax|Sleep Talk|p1a: Snorlax\n|move|p1a: Snorlax|Body Slam|p2a: Gogoat|[from] move: Sleep Talk\n|-damage|p2a: Gogoat|260/360\n|-status|p2a: Gogoat|par\n|\n|-heal|p2a: Gogoat|282/360 par|[from] item: Leftovers\n|upkeep\n|turn|25\n|inactive|Time left: 300 sec this turn | 300 sec total\n|\n|t:|1783567341\n|move|p2a: Gogoat|Horn Leech|p1a: Snorlax\n|-damage|p1a: Snorlax|67/100 slp\n|-heal|p2a: Gogoat|348/360 par|[from] drain|[of] p1a: Snorlax\n|-curestatus|p1a: Snorlax|slp|[msg]\n|move|p1a: Snorlax|Body Slam|p2a: Gogoat\n|-damage|p2a: Gogoat|255/360 par\n|\n|-heal|p2a: Gogoat|277/360 par|[from] item: Leftovers\n|-heal|p1a: Snorlax|73/100|[from] item: Leftovers\n|upkeep\n|turn|26\n|inactive|Time left: 300 sec this turn | 300 sec total\n|\n|t:|1783567341\n|move|p2a: Gogoat|Horn Leech|p1a: Snorlax\n|-damage|p1a: Snorlax|40/100\n|-heal|p2a: Gogoat|344/360 par|[from] drain|[of] p1a: Snorlax\n|move|p1a: Snorlax|Rest|p1a: Snorlax\n|-status|p1a: Snorlax|slp|[from] move: Rest\n|-heal|p1a: Snorlax|100/100 slp|[silent]\n|\n|-heal|p2a: Gogoat|360/360 par|[from] item: Leftovers\n|upkeep\n|turn|27\n|inactive|Time left: 300 sec this turn | 300 sec total\n|\n|t:|1783567342\n|move|p2a: Gogoat|Rock Slide|p1a: Snorlax|[miss]\n|-miss|p2a: Gogoat|p1a: Snorlax\n|cant|p1a: Snorlax|slp\n|move|p1a: Snorlax|Sleep Talk|p1a: Snorlax\n|move|p1a: Snorlax|Curse|p1a: Snorlax|[from] move: Sleep Talk\n|-unboost|p1a: Snorlax|spe|1\n|-boost|p1a: Snorlax|atk|1\n|-boost|p1a: Snorlax|def|1\n|\n|upkeep\n|turn|28\n|inactive|Time left: 300 sec this turn | 300 sec total\n|\n|t:|1783567343\n|move|p2a: Gogoat|Bulk Up|p2a: Gogoat\n|-boost|p2a: Gogoat|atk|1\n|-boost|p2a: Gogoat|def|1\n|cant|p1a: Snorlax|slp\n|move|p1a: Snorlax|Sleep Talk|p1a: Snorlax\n|move|p1a: Snorlax|Body Slam|p2a: Gogoat|[from] move: Sleep Talk\n|-damage|p2a: Gogoat|254/360 par\n|\n|-heal|p2a: Gogoat|276/360 par|[from] item: Leftovers\n|upkeep\n|turn|29\n|inactive|Time left: 300 sec this turn | 300 sec total\n|\n|t:|1783567343\n|move|p2a: Gogoat|Horn Leech|p1a: Snorlax\n|-damage|p1a: Snorlax|69/100 slp\n|-heal|p2a: Gogoat|339/360 par|[from] drain|[of] p1a: Snorlax\n|-curestatus|p1a: Snorlax|slp|[msg]\n|move|p1a: Snorlax|Body Slam|p2a: Gogoat\n|-damage|p2a: Gogoat|228/360 par\n|\n|-heal|p2a: Gogoat|250/360 par|[from] item: Leftovers\n|-heal|p1a: Snorlax|75/100|[from] item: Leftovers\n|upkeep\n|turn|30\n|inactive|Time left: 300 sec this turn | 300 sec total\n|\n|t:|1783567344\n|move|p2a: Gogoat|Horn Leech|p1a: Snorlax\n|-damage|p1a: Snorlax|40/100\n|-heal|p2a: Gogoat|319/360 par|[from] drain|[of] p1a: Snorlax\n|move|p1a: Snorlax|Body Slam|p2a: Gogoat\n|-damage|p2a: Gogoat|208/360 par\n|\n|-heal|p2a: Gogoat|230/360 par|[from] item: Leftovers\n|-heal|p1a: Snorlax|46/100|[from] item: Leftovers\n|upkeep\n|turn|31\n|inactive|Time left: 300 sec this turn | 300 sec total\n|\n|t:|1783567345\n|-terastallize|p1a: Snorlax|Poison\n|move|p2a: Gogoat|Horn Leech|p1a: Snorlax\n|-resisted|p1a: Snorlax\n|-damage|p1a: Snorlax|29/100\n|-heal|p2a: Gogoat|264/360 par|[from] drain|[of] p1a: Snorlax\n|move|p1a: Snorlax|Body Slam|p2a: Gogoat\n|-damage|p2a: Gogoat|167/360 par\n|\n|-heal|p2a: Gogoat|189/360 par|[from] item: Leftovers\n|-heal|p1a: Snorlax|35/100|[from] item: Leftovers\n|upkeep\n|turn|32\n|inactive|Time left: 300 sec this turn | 300 sec total\n|\n|t:|1783567345\n|cant|p2a: Gogoat|par\n|move|p1a: Snorlax|Rest|p1a: Snorlax\n|-status|p1a: Snorlax|slp|[from] move: Rest\n|-heal|p1a: Snorlax|100/100 slp|[silent]\n|\n|-heal|p2a: Gogoat|211/360 par|[from] item: Leftovers\n|upkeep\n|turn|33\n|inactive|Time left: 300 sec this turn | 300 sec total\n|\n|t:|1783567346\n|cant|p2a: Gogoat|par\n|cant|p1a: Snorlax|slp\n|move|p1a: Snorlax|Sleep Talk|p1a: Snorlax\n|move|p1a: Snorlax|Body Slam|p2a: Gogoat|[from] move: Sleep Talk\n|-damage|p2a: Gogoat|115/360 par\n|\n|-heal|p2a: Gogoat|137/360 par|[from] item: Leftovers\n|upkeep\n|turn|34\n|inactive|Time left: 300 sec this turn | 300 sec total\n|\n|t:|1783567347\n|move|p2a: Gogoat|Milk Drink|p2a: Gogoat\n|-heal|p2a: Gogoat|317/360 par\n|cant|p1a: Snorlax|slp\n|move|p1a: Snorlax|Sleep Talk|p1a: Snorlax\n|move|p1a: Snorlax|Curse|p1a: Snorlax|[from] move: Sleep Talk\n|-unboost|p1a: Snorlax|spe|1\n|-boost|p1a: Snorlax|atk|1\n|-boost|p1a: Snorlax|def|1\n|\n|-heal|p2a: Gogoat|339/360 par|[from] item: Leftovers\n|upkeep\n|turn|35\n|inactive|Time left: 300 sec this turn | 300 sec total\n|\n|t:|1783567348\n|move|p2a: Gogoat|Rock Slide|p1a: Snorlax\n|-damage|p1a: Snorlax|81/100 slp\n|-curestatus|p1a: Snorlax|slp|[msg]\n|move|p1a: Snorlax|Body Slam|p2a: Gogoat\n|-damage|p2a: Gogoat|231/360 par\n|\n|-heal|p2a: Gogoat|253/360 par|[from] item: Leftovers\n|-heal|p1a: Snorlax|87/100|[from] item: Leftovers\n|upkeep\n|turn|36\n|inactive|Time left: 300 sec this turn | 300 sec total\n|\n|t:|1783567349\n|move|p2a: Gogoat|Rock Slide|p1a: Snorlax\n|-damage|p1a: Snorlax|67/100\n|cant|p1a: Snorlax|flinch\n|\n|-heal|p2a: Gogoat|275/360 par|[from] item: Leftovers\n|-heal|p1a: Snorlax|73/100|[from] item: Leftovers\n|upkeep\n|turn|37\n|inactive|Time left: 300 sec this turn | 300 sec total\n|\n|t:|1783567350\n|move|p2a: Gogoat|Rock Slide|p1a: Snorlax\n|-damage|p1a: Snorlax|52/100\n|move|p1a: Snorlax|Body Slam|p2a: Gogoat\n|-damage|p2a: Gogoat|169/360 par\n|\n|-heal|p2a: Gogoat|191/360 par|[from] item: Leftovers\n|-heal|p1a: Snorlax|58/100|[from] item: Leftovers\n|upkeep\n|turn|38\n|inactive|Time left: 300 sec this turn | 300 sec total\n|\n|t:|1783567351\n|cant|p2a: Gogoat|par\n|move|p1a: Snorlax|Body Slam|p2a: Gogoat\n|-damage|p2a: Gogoat|77/360 par\n|\n|-heal|p2a: Gogoat|99/360 par|[from] item: Leftovers\n|-heal|p1a: Snorlax|64/100|[from] item: Leftovers\n|upkeep\n|turn|39\n|inactive|Time left: 300 sec this turn | 300 sec total\n|\n|t:|1783567352\n|move|p2a: Gogoat|Milk Drink|p2a: Gogoat\n|-heal|p2a: Gogoat|279/360 par\n|move|p1a: Snorlax|Body Slam|p2a: Gogoat\n|-damage|p2a: Gogoat|173/360 par\n|\n|-heal|p2a: Gogoat|195/360 par|[from] item: Leftovers\n|-heal|p1a: Snorlax|70/100|[from] item: Leftovers\n|upkeep\n|turn|40\n|inactive|Time left: 300 sec this turn | 300 sec total\n|\n|t:|1783567353\n|cant|p2a: Gogoat|par\n|move|p1a: Snorlax|Body Slam|p2a: Gogoat\n|-damage|p2a: Gogoat|71/360 par\n|\n|-heal|p2a: Gogoat|93/360 par|[from] item: Leftovers\n|-heal|p1a: Snorlax|76/100|[from] item: Leftovers\n|upkeep\n|turn|41\n|inactive|Time left: 300 sec this turn | 300 sec total\n|\n|t:|1783567354\n|cant|p2a: Gogoat|par\n|move|p1a: Snorlax|Body Slam|p2a: Gogoat\n|-damage|p2a: Gogoat|0 fnt\n|faint|p2a: Gogoat\n|\n|-heal|p1a: Snorlax|82/100|[from] item: Leftovers\n|upkeep\n|inactive|Time left: 300 sec this turn | 300 sec total | 5 sec grace\n|\n|t:|1783567355\n|switch|p2a: Vivillon|Vivillon-Continental, L83, F|268/268\n|turn|42\n|inactive|Time left: 300 sec this turn | 300 sec total\n|\n|t:|1783567356\n|move|p2a: Vivillon|Sleep Powder|p1a: Snorlax\n|-status|p1a: Snorlax|slp|[from] move: Sleep Powder\n|cant|p1a: Snorlax|slp\n|\n|-heal|p1a: Snorlax|88/100 slp|[from] item: Leftovers\n|upkeep\n|turn|43\n|inactive|Time left: 300 sec this turn | 300 sec total\n|\n|t:|1783567357\n|move|p2a: Vivillon|Quiver Dance|p2a: Vivillon\n|-boost|p2a: Vivillon|spa|1\n|-boost|p2a: Vivillon|spd|1\n|-boost|p2a: Vivillon|spe|1\n|cant|p1a: Snorlax|slp\n|\n|-heal|p1a: Snorlax|94/100 slp|[from] item: Leftovers\n|upkeep\n|turn|44\n|inactive|Time left: 300 sec this turn | 300 sec total\n|\n|t:|1783567358\n|-terastallize|p2a: Vivillon|Steel\n|move|p2a: Vivillon|Hurricane|p1a: Snorlax\n|-damage|p1a: Snorlax|59/100 slp\n|-curestatus|p1a: Snorlax|slp|[msg]\n|move|p1a: Snorlax|Body Slam|p2a: Vivillon\n|-resisted|p2a: Vivillon\n|-damage|p2a: Vivillon|0 fnt\n|faint|p2a: Vivillon\n|\n|-heal|p1a: Snorlax|65/100|[from] item: Leftovers\n|upkeep\n|inactive|Time left: 300 sec this turn | 300 sec total | 5 sec grace\n|\n|t:|1783567359\n|switch|p2a: Cinccino|Cinccino, L83, F|260/260\n|turn|45\n|inactive|Time left: 300 sec this turn | 300 sec total\n|\n|t:|1783567359\n|move|p2a: Cinccino|Tail Slap|p1a: Snorlax\n|-damage|p1a: Snorlax|61/100\n|-damage|p1a: Snorlax|58/100\n|-damage|p1a: Snorlax|55/100\n|-damage|p1a: Snorlax|52/100\n|-hitcount|p1a: Snorlax|4\n|move|p1a: Snorlax|Body Slam|p2a: Cinccino\n|-damage|p2a: Cinccino|0 fnt\n|faint|p2a: Cinccino\n|\n|win|p0x244064d7", "uploadtime": 1783567359, "views": 0, "rating": 0, "private": 0, "password": null, "_winner": "p0x244064d7", "_our_name": "p0y24404da0"}