{"id": "battle-gen9randombattle-1249", "formatid": "gen9randombattle", "format": "[Gen 9] Random Battle", "players": ["p0x12491a63", "p0y12491109"], "log": "|init|battle\n|title|p0x12491a63 vs. p0y12491109\n|j|\u2606p0x12491a63\n|j|\u2606p0y12491109\n|t:|1783554478\n|gametype|singles\n|player|p1|p0x12491a63|2|\n|player|p2|p0y12491109|101|\n|gen|9\n|tier|[Gen 9] Random Battle\n|rule|Species Clause: Limit one of each Pok\u00e9mon\n|rule|HP Percentage Mod: HP is shown in percentages\n|rule|Sleep Clause Mod: Limit one foe put to sleep\n|rule|Illusion Level Mod: Illusion disguises the Pok\u00e9mon's true level\n|\n|t:|1783554478\n|teamsize|p1|6\n|teamsize|p2|6\n|start\n|switch|p1a: Appletun|Appletun, L92, M|100/100\n|switch|p2a: Palossand|Palossand, L89, F|296/296\n|turn|1\n|inactive|Battle timer is ON: inactive players will automatically lose when time's up. (requested by p0y12491109)\n|inactive|p0x12491a63 also wants the timer to be on.\n|\n|t:|1783554479\n|move|p2a: Palossand|Stealth Rock|p1a: Appletun\n|-sidestart|p1: p0x12491a63|move: Stealth Rock\n|move|p1a: Appletun|Apple Acid|p2a: Palossand\n|-supereffective|p2a: Palossand\n|-damage|p2a: Palossand|68/296\n|-unboost|p2a: Palossand|spd|1\n|\n|-heal|p2a: Palossand|86/296|[from] item: Leftovers\n|upkeep\n|turn|2\n|inactive|Time left: 300 sec this turn | 300 sec total\n|\n|t:|1783554480\n|switch|p2a: Masquerain|Masquerain, L87, F|264/264\n|-ability|p2a: Masquerain|Intimidate|boost\n|-unboost|p1a: Appletun|atk|1\n|move|p1a: Appletun|Apple Acid|p2a: Masquerain\n|-resisted|p2a: Masquerain\n|-damage|p2a: Masquerain|236/264\n|-unboost|p2a: Masquerain|spd|1\n|\n|upkeep\n|turn|3\n|inactive|Time left: 300 sec this turn | 300 sec total\n|\n|t:|1783554481\n|move|p2a: Masquerain|Quiver Dance|p2a: Masquerain\n|-boost|p2a: Masquerain|spa|1\n|-boost|p2a: Masquerain|spd|1\n|-boost|p2a: Masquerain|spe|1\n|move|p1a: Appletun|Apple Acid|p2a: Masquerain\n|-resisted|p2a: Masquerain\n|-damage|p2a: Masquerain|212/264\n|-unboost|p2a: Masquerain|spd|1\n|\n|upkeep\n|turn|4\n|inactive|Time left: 300 sec this turn | 300 sec total\n|\n|t:|1783554482\n|-terastallize|p1a: Appletun|Steel\n|move|p2a: Masquerain|Hurricane|p1a: Appletun\n|-resisted|p1a: Appletun\n|-damage|p1a: Appletun|76/100\n|-start|p1a: Appletun|confusion\n|-activate|p1a: Appletun|confusion\n|move|p1a: Appletun|Draco Meteor|p2a: Masquerain\n|-damage|p2a: Masquerain|0 fnt\n|-unboost|p1a: Appletun|spa|2\n|faint|p2a: Masquerain\n|\n|-heal|p1a: Appletun|82/100|[from] item: Leftovers\n|upkeep\n|inactive|Time left: 300 sec this turn | 300 sec total | 5 sec grace\n|\n|t:|1783554483\n|switch|p2a: Palossand|Palossand, L89, F|86/296\n|turn|5\n|inactive|Time left: 300 sec this turn | 300 sec total\n|\n|t:|1783554484\n|switch|p1a: Uxie|Uxie, L83|100/100\n|-damage|p1a: Uxie|88/100|[from] Stealth Rock\n|move|p2a: Palossand|Shore Up|p2a: Palossand\n|-heal|p2a: Palossand|234/296\n|\n|-heal|p1a: Uxie|94/100|[from] item: Leftovers\n|-heal|p2a: Palossand|252/296|[from] item: Leftovers\n|upkeep\n|turn|6\n|inactive|Time left: 300 sec this turn | 300 sec total\n|\n|t:|1783554485\n|move|p1a: Uxie|Knock Off|p2a: Palossand\n|-supereffective|p2a: Palossand\n|-damage|p2a: Palossand|158/296\n|-enditem|p2a: Palossand|Leftovers|[from] move: Knock Off|[of] p1a: Uxie\n|move|p2a: Palossand|Shadow Ball|p1a: Uxie\n|-supereffective|p1a: Uxie\n|-damage|p1a: Uxie|39/100\n|-unboost|p1a: Uxie|spd|1\n|\n|-heal|p1a: Uxie|45/100|[from] item: Leftovers\n|upkeep\n|turn|7\n|inactive|Time left: 300 sec this turn | 300 sec total\n|\n|t:|1783554486\n|move|p1a: Uxie|Psychic Noise|p2a: Palossand\n|-damage|p2a: Palossand|94/296\n|-start|p2a: Palossand|move: Heal Block\n|move|p2a: Palossand|Shadow Ball|p1a: Uxie\n|-supereffective|p1a: Uxie\n|-damage|p1a: Uxie|0 fnt\n|faint|p1a: Uxie\n|\n|upkeep\n|\n|t:|1783554487\n|switch|p1a: Rampardos|Rampardos, L90, M|100/100\n|-damage|p1a: Rampardos|88/100|[from] Stealth Rock\n|turn|8\n|inactive|Time left: 300 sec this turn | 300 sec total\n|\n|t:|1783554488\n|move|p1a: Rampardos|Earthquake|p2a: Palossand\n|-damage|p2a: Palossand|0 fnt\n|faint|p2a: Palossand\n|-damage|p1a: Rampardos|78/100|[from] item: Life Orb\n|\n|upkeep\n|inactive|Time left: 300 sec this turn | 300 sec total | 5 sec grace\n|\n|t:|1783554488\n|switch|p2a: Hitmonchan|Hitmonchan, L87, M|229/229\n|turn|9\n|inactive|Time left: 300 sec this turn | 300 sec total\n|\n|t:|1783554489\n|switch|p1a: Seviper|Seviper, L93, M|100/100\n|-damage|p1a: Seviper|88/100|[from] Stealth Rock\n|move|p2a: Hitmonchan|Drain Punch|p1a: Seviper\n|-resisted|p1a: Seviper\n|-damage|p1a: Seviper|68/100\n|\n|upkeep\n|turn|10\n|inactive|Time left: 300 sec this turn | 300 sec total\n|\n|t:|1783554491\n|move|p2a: Hitmonchan|Knock Off|p1a: Seviper\n|-damage|p1a: Seviper|38/100\n|-enditem|p1a: Seviper|Life Orb|[from] move: Knock Off|[of] p2a: Hitmonchan\n|move|p1a: Seviper|Gunk Shot|p2a: Hitmonchan\n|-damage|p2a: Hitmonchan|72/229\n|\n|upkeep\n|turn|11\n|inactive|Time left: 300 sec this turn | 300 sec total\n|\n|t:|1783554492\n|move|p2a: Hitmonchan|Drain Punch|p1a: Seviper\n|-resisted|p1a: Seviper\n|-damage|p1a: Seviper|17/100\n|-heal|p2a: Hitmonchan|102/229|[from] drain|[of] p1a: Seviper\n|move|p1a: Seviper|Earthquake|p2a: Hitmonchan\n|-damage|p2a: Hitmonchan|16/229\n|\n|upkeep\n|turn|12\n|inactive|Time left: 300 sec this turn | 300 sec total\n|\n|t:|1783554494\n|switch|p1a: Gardevoir|Gardevoir, L83, F|100/100\n|-damage|p1a: Gardevoir|88/100|[from] Stealth Rock\n|-ability|p1a: Gardevoir|Iron Fist|Trace|[from] ability: Trace|[of] p2a: Hitmonchan\n|move|p2a: Hitmonchan|Drain Punch|p1a: Gardevoir\n|-resisted|p1a: Gardevoir\n|-damage|p1a: Gardevoir|75/100\n|-heal|p2a: Hitmonchan|33/229|[from] drain|[of] p1a: Gardevoir\n|\n|upkeep\n|turn|13\n|inactive|Time left: 300 sec this turn | 300 sec total\n|\n|t:|1783554495\n|move|p1a: Gardevoir|Mystical Fire|p2a: Hitmonchan\n|-damage|p2a: Hitmonchan|0 fnt\n|faint|p2a: Hitmonchan\n|\n|upkeep\n|inactive|Time left: 300 sec this turn | 300 sec total | 5 sec grace\n|\n|t:|1783554496\n|switch|p2a: Magmortar|Magmortar, L88, F|275/275\n|turn|14\n|inactive|Time left: 300 sec this turn | 300 sec total\n|\n|t:|1783554497\n|move|p1a: Gardevoir|Mystical Fire|p2a: Magmortar\n|-resisted|p2a: Magmortar\n|-damage|p2a: Magmortar|248/275\n|-unboost|p2a: Magmortar|spa|1\n|move|p2a: Magmortar|Fire Blast|p1a: Gardevoir\n|-damage|p1a: Gardevoir|37/100\n|\n|upkeep\n|turn|15\n|inactive|Time left: 300 sec this turn | 300 sec total\n|\n|t:|1783554499\n|move|p1a: Gardevoir|Mystical Fire|p2a: Magmortar\n|-resisted|p2a: Magmortar\n|-damage|p2a: Magmortar|219/275\n|-unboost|p2a: Magmortar|spa|1\n|move|p2a: Magmortar|Earthquake|p1a: Gardevoir\n|-damage|p1a: Gardevoir|0 fnt\n|faint|p1a: Gardevoir\n|\n|upkeep\n|\n|t:|1783554500\n|switch|p1a: Appletun|Appletun, L92, M, tera:Steel|82/100\n|-damage|p1a: Appletun|76/100|[from] Stealth Rock\n|turn|16\n|inactive|Time left: 300 sec this turn | 300 sec total\n|\n|t:|1783554501\n|switch|p2a: Arcanine|Arcanine, L84, M|288/288\n|-ability|p2a: Arcanine|Intimidate|boost\n|-unboost|p1a: Appletun|atk|1\n|move|p1a: Appletun|Leech Seed|p2a: Arcanine\n|-start|p2a: Arcanine|move: Leech Seed\n|\n|-heal|p1a: Appletun|82/100|[from] item: Leftovers\n|-damage|p2a: Arcanine|252/288|[from] Leech Seed|[of] p1a: Appletun\n|-heal|p1a: Appletun|92/100|[silent]\n|upkeep\n|turn|17\n|inactive|Time left: 300 sec this turn | 300 sec total\n|\n|t:|1783554502\n|switch|p2a: Magmortar|Magmortar, L88, F|219/275\n|move|p1a: Appletun|Apple Acid|p2a: Magmortar\n|-resisted|p2a: Magmortar\n|-damage|p2a: Magmortar|171/275\n|-unboost|p2a: Magmortar|spd|1\n|\n|-heal|p1a: Appletun|99/100|[from] item: Leftovers\n|upkeep\n|turn|18\n|inactive|Time left: 300 sec this turn | 300 sec total\n|\n|t:|1783554504\n|move|p2a: Magmortar|Fire Blast|p1a: Appletun|[miss]\n|-miss|p2a: Magmortar|p1a: Appletun\n|move|p1a: Appletun|Draco Meteor|p2a: Magmortar\n|-damage|p2a: Magmortar|0 fnt\n|-unboost|p1a: Appletun|spa|2\n|faint|p2a: Magmortar\n|\n|-heal|p1a: Appletun|100/100|[from] item: Leftovers\n|upkeep\n|inactive|Time left: 300 sec this turn | 300 sec total | 5 sec grace\n|\n|t:|1783554505\n|switch|p2a: Sneasler|Sneasler, L74, F|240/240\n|turn|19\n|inactive|Time left: 300 sec this turn | 300 sec total\n|\n|t:|1783554506\n|move|p2a: Sneasler|Swords Dance|p2a: Sneasler\n|-boost|p2a: Sneasler|atk|2\n|move|p1a: Appletun|Leech Seed|p2a: Sneasler\n|-start|p2a: Sneasler|move: Leech Seed\n|\n|-damage|p2a: Sneasler|210/240|[from] Leech Seed|[of] p1a: Appletun\n|upkeep\n|turn|20\n|inactive|Time left: 300 sec this turn | 300 sec total\n|\n|t:|1783554507\n|switch|p1a: Seviper|Seviper, L93, M|17/100\n|-damage|p1a: Seviper|5/100|[from] Stealth Rock\n|move|p2a: Sneasler|Close Combat|p1a: Seviper\n|-resisted|p1a: Seviper\n|-damage|p1a: Seviper|0 fnt\n|-unboost|p2a: Sneasler|def|1\n|-unboost|p2a: Sneasler|spd|1\n|faint|p1a: Seviper\n|-enditem|p2a: Sneasler|White Herb\n|-clearnegativeboost|p2a: Sneasler|[silent]\n|\n|upkeep\n|\n|t:|1783554508\n|switch|p1a: Sudowoodo|Sudowoodo, L94, F|100/100\n|-damage|p1a: Sudowoodo|88/100|[from] Stealth Rock\n|turn|21\n|inactive|Time left: 300 sec this turn | 300 sec total\n|\n|t:|1783554509\n|move|p2a: Sneasler|Close Combat|p1a: Sudowoodo\n|-supereffective|p1a: Sudowoodo\n|-damage|p1a: Sudowoodo|0 fnt\n|-unboost|p2a: Sneasler|def|1\n|-unboost|p2a: Sneasler|spd|1\n|faint|p1a: Sudowoodo\n|\n|upkeep\n|\n|t:|1783554510\n|switch|p1a: Appletun|Appletun, L92, M, tera:Steel|100/100\n|-damage|p1a: Appletun|94/100|[from] Stealth Rock\n|turn|22\n|inactive|Time left: 300 sec this turn | 300 sec total\n|\n|t:|1783554511\n|-terastallize|p2a: Sneasler|Flying\n|move|p2a: Sneasler|Close Combat|p1a: Appletun\n|-supereffective|p1a: Appletun\n|-damage|p1a: Appletun|0 fnt\n|-unboost|p2a: Sneasler|def|1\n|-unboost|p2a: Sneasler|spd|1\n|faint|p1a: Appletun\n|\n|upkeep\n|\n|t:|1783554512\n|switch|p1a: Rampardos|Rampardos, L90, M|78/100\n|-damage|p1a: Rampardos|66/100|[from] Stealth Rock\n|turn|23\n|inactive|Time left: 300 sec this turn | 300 sec total\n|\n|t:|1783554513\n|move|p2a: Sneasler|Close Combat|p1a: Rampardos\n|-supereffective|p1a: Rampardos\n|-damage|p1a: Rampardos|0 fnt\n|-unboost|p2a: Sneasler|def|1\n|-unboost|p2a: Sneasler|spd|1\n|faint|p1a: Rampardos\n|\n|win|p0y12491109", "uploadtime": 1783554513, "views": 0, "rating": 0, "private": 0, "password": null, "_winner": "p0y12491109", "_our_name": "p0y12491109"}