{"id": "battle-gen9randombattle-1486", "formatid": "gen9randombattle", "format": "[Gen 9] Random Battle", "players": ["p0x1486fb47", "p0y148658c9"], "log": "|init|battle\n|title|p0x1486fb47 vs. p0y148658c9\n|j|\u2606p0x1486fb47\n|j|\u2606p0y148658c9\n|t:|1783557284\n|gametype|singles\n|player|p1|p0x1486fb47|102|\n|player|p2|p0y148658c9|2|\n|gen|9\n|tier|[Gen 9] Random Battle\n|rule|Species Clause: Limit one of each Pok\u00e9mon\n|rule|HP Percentage Mod: HP is shown in percentages\n|rule|Sleep Clause Mod: Limit one foe put to sleep\n|rule|Illusion Level Mod: Illusion disguises the Pok\u00e9mon's true level\n|\n|t:|1783557284\n|teamsize|p1|6\n|teamsize|p2|6\n|start\n|switch|p1a: Tsareena|Tsareena, L87, F|267/267\n|switch|p2a: Braviary|Braviary, L85, M|100/100\n|turn|1\n|inactive|Battle timer is ON: inactive players will automatically lose when time's up. (requested by p0y148658c9)\n|inactive|Time left: 300 sec this turn | 300 sec total | 60 sec grace\n|inactive|p0x1486fb47 also wants the timer to be on.\n|\n|t:|1783557285\n|switch|p1a: Sandy Shocks|Sandy Shocks, L80|267/267\n|move|p2a: Braviary|Brave Bird|p1a: Sandy Shocks\n|-resisted|p1a: Sandy Shocks\n|-damage|p1a: Sandy Shocks|188/267\n|-damage|p2a: Braviary|92/100|[from] Recoil\n|\n|-heal|p1a: Sandy Shocks|204/267|[from] item: Leftovers\n|upkeep\n|turn|2\n|inactive|Time left: 300 sec this turn | 300 sec total\n|\n|t:|1783557287\n|switch|p2a: Meloetta|Meloetta, L82|100/100\n|move|p1a: Sandy Shocks|Thunderbolt|p2a: Meloetta\n|-crit|p2a: Meloetta\n|-damage|p2a: Meloetta|62/100\n|\n|-heal|p1a: Sandy Shocks|220/267|[from] item: Leftovers\n|upkeep\n|turn|3\n|inactive|Time left: 300 sec this turn | 300 sec total\n|\n|t:|1783557288\n|move|p1a: Sandy Shocks|Stealth Rock|p2a: Meloetta\n|-sidestart|p2: p0y148658c9|move: Stealth Rock\n|move|p2a: Meloetta|Hyper Voice|p1a: Sandy Shocks\n|-damage|p1a: Sandy Shocks|27/267\n|\n|-heal|p1a: Sandy Shocks|43/267|[from] item: Leftovers\n|upkeep\n|turn|4\n|inactive|Time left: 300 sec this turn | 300 sec total\n|\n|t:|1783557289\n|move|p1a: Sandy Shocks|Thunderbolt|p2a: Meloetta\n|-damage|p2a: Meloetta|36/100\n|move|p2a: Meloetta|Hyper Voice|p1a: Sandy Shocks\n|-damage|p1a: Sandy Shocks|0 fnt\n|faint|p1a: Sandy Shocks\n|-end|p1a: Sandy Shocks|Protosynthesis|[silent]\n|\n|upkeep\n|inactive|Time left: 300 sec this turn | 300 sec total | 5 sec grace\n|\n|t:|1783557290\n|switch|p1a: Ambipom|Ambipom, L84, F|263/263\n|turn|5\n|inactive|Time left: 300 sec this turn | 300 sec total\n|\n|t:|1783557291\n|switch|p2a: Coalossal|Coalossal, L89, M|100/100\n|move|p1a: Ambipom|Triple Axel|p2a: Coalossal\n|-resisted|p2a: Coalossal\n|-damage|p2a: Coalossal|97/100\n|-resisted|p2a: Coalossal\n|-damage|p2a: Coalossal|90/100\n|-resisted|p2a: Coalossal\n|-damage|p2a: Coalossal|79/100\n|-hitcount|p2a: Coalossal|3\n|\n|upkeep\n|turn|6\n|inactive|Time left: 300 sec this turn | 300 sec total\n|\n|t:|1783557292\n|move|p1a: Ambipom|Triple Axel|p2a: Coalossal\n|-resisted|p2a: Coalossal\n|-damage|p2a: Coalossal|76/100\n|-resisted|p2a: Coalossal\n|-damage|p2a: Coalossal|69/100\n|-resisted|p2a: Coalossal\n|-damage|p2a: Coalossal|59/100\n|-status|p1a: Ambipom|brn|[from] ability: Flame Body|[of] p2a: Coalossal\n|-hitcount|p2a: Coalossal|3\n|move|p2a: Coalossal|Rapid Spin|p1a: Ambipom\n|-damage|p1a: Ambipom|217/263 brn\n|-boost|p2a: Coalossal|spe|1\n|-sideend|p2: p0y148658c9|Stealth Rock|[from] move: Rapid Spin|[of] p2a: Coalossal\n|\n|-damage|p1a: Ambipom|201/263 brn|[from] brn\n|upkeep\n|turn|7\n|inactive|Time left: 300 sec this turn | 300 sec total\n|\n|t:|1783557293\n|move|p1a: Ambipom|Triple Axel|p2a: Coalossal\n|-resisted|p2a: Coalossal\n|-damage|p2a: Coalossal|57/100\n|-resisted|p2a: Coalossal\n|-damage|p2a: Coalossal|54/100\n|-resisted|p2a: Coalossal\n|-damage|p2a: Coalossal|49/100\n|-hitcount|p2a: Coalossal|3\n|move|p2a: Coalossal|Stealth Rock|p1a: Ambipom\n|-sidestart|p1: p0x1486fb47|move: Stealth Rock\n|\n|-damage|p1a: Ambipom|185/263 brn|[from] brn\n|upkeep\n|turn|8\n|inactive|Time left: 300 sec this turn | 300 sec total\n|\n|t:|1783557294\n|move|p1a: Ambipom|Triple Axel|p2a: Coalossal\n|-resisted|p2a: Coalossal\n|-damage|p2a: Coalossal|47/100\n|-resisted|p2a: Coalossal\n|-damage|p2a: Coalossal|44/100\n|-resisted|p2a: Coalossal\n|-damage|p2a: Coalossal|39/100\n|-hitcount|p2a: Coalossal|3\n|move|p2a: Coalossal|Flamethrower|p1a: Ambipom\n|-damage|p1a: Ambipom|80/263 brn\n|\n|-damage|p1a: Ambipom|64/263 brn|[from] brn\n|upkeep\n|turn|9\n|inactive|Time left: 300 sec this turn | 300 sec total\n|\n|t:|1783557295\n|move|p1a: Ambipom|Triple Axel|p2a: Coalossal\n|-resisted|p2a: Coalossal\n|-damage|p2a: Coalossal|37/100\n|-resisted|p2a: Coalossal\n|-damage|p2a: Coalossal|34/100\n|-resisted|p2a: Coalossal\n|-damage|p2a: Coalossal|29/100\n|-hitcount|p2a: Coalossal|3\n|move|p2a: Coalossal|Flamethrower|p1a: Ambipom\n|-damage|p1a: Ambipom|0 fnt\n|faint|p1a: Ambipom\n|\n|upkeep\n|inactive|Time left: 300 sec this turn | 300 sec total | 5 sec grace\n|\n|t:|1783557296\n|switch|p1a: Salamence|Salamence, L77, F|273/273\n|-ability|p1a: Salamence|Intimidate|boost\n|-unboost|p2a: Coalossal|atk|1\n|turn|10\n|inactive|Time left: 300 sec this turn | 300 sec total\n|\n|t:|1783557297\n|switch|p2a: Bronzong|Bronzong, L88|100/100\n|move|p1a: Salamence|Dragon Dance|p1a: Salamence\n|-boost|p1a: Salamence|atk|1\n|-boost|p1a: Salamence|spe|1\n|\n|upkeep\n|turn|11\n|inactive|Time left: 300 sec this turn | 300 sec total\n|\n|t:|1783557298\n|move|p1a: Salamence|Dragon Dance|p1a: Salamence\n|-boost|p1a: Salamence|atk|1\n|-boost|p1a: Salamence|spe|1\n|move|p2a: Bronzong|Iron Defense|p2a: Bronzong\n|-boost|p2a: Bronzong|def|2\n|\n|upkeep\n|turn|12\n|inactive|Time left: 300 sec this turn | 300 sec total\n|\n|t:|1783557299\n|move|p1a: Salamence|Outrage|p2a: Bronzong\n|-resisted|p2a: Bronzong\n|-damage|p2a: Bronzong|81/100\n|move|p2a: Bronzong|Iron Head|p1a: Salamence\n|-damage|p1a: Salamence|167/273\n|\n|-heal|p2a: Bronzong|87/100|[from] item: Leftovers\n|upkeep\n|turn|13\n|inactive|Time left: 300 sec this turn | 300 sec total\n|\n|t:|1783557300\n|move|p1a: Salamence|Outrage|p2a: Bronzong|[from] lockedmove\n|-resisted|p2a: Bronzong\n|-damage|p2a: Bronzong|66/100\n|move|p2a: Bronzong|Body Press|p1a: Salamence\n|-resisted|p1a: Salamence\n|-damage|p1a: Salamence|82/273\n|\n|-heal|p2a: Bronzong|73/100|[from] item: Leftovers\n|upkeep\n|turn|14\n|inactive|Time left: 300 sec this turn | 300 sec total\n|\n|t:|1783557300\n|move|p1a: Salamence|Outrage|p2a: Bronzong|[from] lockedmove\n|-resisted|p2a: Bronzong\n|-damage|p2a: Bronzong|54/100\n|-start|p1a: Salamence|confusion|[fatigue]\n|move|p2a: Bronzong|Iron Head|p1a: Salamence\n|-damage|p1a: Salamence|0 fnt\n|faint|p1a: Salamence\n|\n|-heal|p2a: Bronzong|60/100|[from] item: Leftovers\n|upkeep\n|inactive|Time left: 300 sec this turn | 300 sec total | 5 sec grace\n|\n|t:|1783557301\n|switch|p1a: Houndoom|Houndoom, L87, M|272/272\n|turn|15\n|inactive|Time left: 300 sec this turn | 300 sec total\n|\n|t:|1783557302\n|-terastallize|p1a: Houndoom|Poison\n|-terastallize|p2a: Bronzong|Fighting\n|move|p1a: Houndoom|Nasty Plot|p1a: Houndoom\n|-boost|p1a: Houndoom|spa|2\n|move|p2a: Bronzong|Body Press|p1a: Houndoom\n|-resisted|p1a: Houndoom\n|-damage|p1a: Houndoom|124/272\n|\n|-heal|p2a: Bronzong|66/100|[from] item: Leftovers\n|upkeep\n|turn|16\n|inactive|Time left: 300 sec this turn | 300 sec total\n|\n|t:|1783557303\n|move|p1a: Houndoom|Fire Blast|p2a: Bronzong\n|-damage|p2a: Bronzong|0 fnt\n|faint|p2a: Bronzong\n|\n|upkeep\n|\n|t:|1783557304\n|switch|p2a: Braviary|Braviary, L85, M|92/100\n|turn|17\n|inactive|Time left: 300 sec this turn | 300 sec total\n|\n|t:|1783557304\n|move|p1a: Houndoom|Fire Blast|p2a: Braviary\n|-damage|p2a: Braviary|0 fnt\n|faint|p2a: Braviary\n|\n|upkeep\n|\n|t:|1783557305\n|switch|p2a: Banette|Banette, L93, F|100/100\n|turn|18\n|inactive|Time left: 300 sec this turn | 300 sec total\n|\n|t:|1783557306\n|switch|p2a: Coalossal|Coalossal, L89, M|29/100\n|move|p1a: Houndoom|Dark Pulse|p2a: Coalossal\n|-damage|p2a: Coalossal|0 fnt\n|faint|p2a: Coalossal\n|\n|upkeep\n|\n|t:|1783557307\n|switch|p2a: Banette|Banette, L93, F|100/100\n|turn|19\n|inactive|Time left: 300 sec this turn | 300 sec total\n|\n|t:|1783557307\n|move|p2a: Banette|Shadow Sneak|p1a: Houndoom\n|-damage|p1a: Houndoom|21/272\n|-damage|p2a: Banette|90/100|[from] item: Life Orb\n|move|p1a: Houndoom|Dark Pulse|p2a: Banette\n|-supereffective|p2a: Banette\n|-damage|p2a: Banette|0 fnt\n|faint|p2a: Banette\n|\n|upkeep\n|\n|t:|1783557308\n|switch|p2a: Falinks|Falinks, L84|100/100\n|turn|20\n|inactive|Time left: 300 sec this turn | 300 sec total\n|\n|t:|1783557309\n|move|p1a: Houndoom|Sludge Bomb|p2a: Falinks\n|-damage|p2a: Falinks|0 fnt\n|faint|p2a: Falinks\n|\n|upkeep\n|\n|t:|1783557310\n|switch|p2a: Meloetta|Meloetta, L82|36/100\n|turn|21\n|inactive|Time left: 300 sec this turn | 300 sec total\n|\n|t:|1783557311\n|move|p1a: Houndoom|Dark Pulse|p2a: Meloetta\n|-supereffective|p2a: Meloetta\n|-damage|p2a: Meloetta|0 fnt\n|faint|p2a: Meloetta\n|\n|win|p0x1486fb47", "uploadtime": 1783557311, "views": 0, "rating": 0, "private": 0, "password": null, "_winner": "p0x1486fb47", "_our_name": "p0x1486fb47"}