{"id": "battle-gen9randombattle-208", "formatid": "gen9randombattle", "format": "[Gen 9] Random Battle", "players": ["p0x208e783", "p0y20831ee"], "log": "|init|battle\n|title|p0x208e783 vs. p0y20831ee\n|j|\u2606p0x208e783\n|j|\u2606p0y20831ee\n|t:|1783541961\n|gametype|singles\n|player|p1|p0x208e783|102|\n|player|p2|p0y20831ee|265|\n|gen|9\n|tier|[Gen 9] Random Battle\n|rule|Species Clause: Limit one of each Pok\u00e9mon\n|rule|HP Percentage Mod: HP is shown in percentages\n|rule|Sleep Clause Mod: Limit one foe put to sleep\n|rule|Illusion Level Mod: Illusion disguises the Pok\u00e9mon's true level\n|\n|t:|1783541961\n|teamsize|p1|6\n|teamsize|p2|6\n|start\n|switch|p1a: Rotom|Rotom-Frost, L87|229/229\n|switch|p2a: Quaquaval|Quaquaval, L79, F|100/100\n|turn|1\n|inactive|Battle timer is ON: inactive players will automatically lose when time's up. (requested by p0x208e783)\n|inactive|p0y20831ee also wants the timer to be on.\n|\n|t:|1783541962\n|switch|p2a: Incineroar|Incineroar, L82, F|100/100\n|-ability|p2a: Incineroar|Intimidate|boost\n|-unboost|p1a: Rotom|atk|1\n|move|p1a: Rotom|Thunderbolt|p2a: Incineroar\n|-damage|p2a: Incineroar|63/100\n|\n|upkeep\n|turn|2\n|inactive|Time left: 300 sec this turn | 300 sec total\n|\n|t:|1783541964\n|move|p1a: Rotom|Volt Switch|p2a: Incineroar\n|-damage|p2a: Incineroar|33/100\n|inactive|Time left: 300 sec this turn | 300 sec total | 5 sec grace\n|\n|t:|1783541965\n|switch|p1a: Gyarados|Gyarados, L79, F|280/280|[from] Volt Switch\n|-ability|p1a: Gyarados|Intimidate|boost\n|-unboost|p2a: Incineroar|atk|1\n|move|p2a: Incineroar|Flare Blitz|p1a: Gyarados\n|-resisted|p1a: Gyarados\n|-damage|p1a: Gyarados|223/280\n|-damage|p2a: Incineroar|26/100|[from] Recoil\n|\n|upkeep\n|turn|3\n|inactive|Time left: 300 sec this turn | 300 sec total\n|\n|t:|1783541966\n|switch|p2a: Quaquaval|Quaquaval, L79, F|100/100\n|move|p1a: Gyarados|Dragon Dance|p1a: Gyarados\n|-boost|p1a: Gyarados|atk|1\n|-boost|p1a: Gyarados|spe|1\n|\n|upkeep\n|turn|4\n|inactive|Time left: 300 sec this turn | 300 sec total\n|\n|t:|1783541968\n|-terastallize|p1a: Gyarados|Flying\n|move|p1a: Gyarados|Tera Blast|p2a: Quaquaval|[anim] Tera Blast Flying\n|-supereffective|p2a: Quaquaval\n|-damage|p2a: Quaquaval|0 fnt\n|faint|p2a: Quaquaval\n|\n|upkeep\n|\n|t:|1783541969\n|switch|p2a: Kingdra|Kingdra, L84, F|100/100\n|turn|5\n|inactive|Time left: 300 sec this turn | 300 sec total\n|\n|t:|1783541970\n|move|p1a: Gyarados|Tera Blast|p2a: Kingdra|[anim] Tera Blast Flying\n|-damage|p2a: Kingdra|37/100\n|move|p2a: Kingdra|Dragon Dance|p2a: Kingdra\n|-boost|p2a: Kingdra|atk|1\n|-boost|p2a: Kingdra|spe|1\n|\n|upkeep\n|turn|6\n|inactive|Time left: 300 sec this turn | 300 sec total\n|\n|t:|1783541971\n|move|p2a: Kingdra|Outrage|p1a: Gyarados\n|-damage|p1a: Gyarados|0 fnt\n|faint|p1a: Gyarados\n|\n|upkeep\n|inactive|Time left: 300 sec this turn | 300 sec total | 5 sec grace\n|\n|t:|1783541972\n|switch|p1a: Chesnaught|Chesnaught, L84, M|285/285\n|turn|7\n|inactive|Time left: 300 sec this turn | 300 sec total\n|\n|t:|1783541973\n|move|p2a: Kingdra|Outrage|p1a: Chesnaught|[from] lockedmove\n|-damage|p1a: Chesnaught|134/285\n|move|p1a: Chesnaught|Wood Hammer|p2a: Kingdra\n|-damage|p2a: Kingdra|0 fnt\n|faint|p2a: Kingdra\n|-damage|p1a: Chesnaught|103/285|[from] Recoil\n|\n|-heal|p1a: Chesnaught|120/285|[from] item: Leftovers\n|upkeep\n|\n|t:|1783541975\n|switch|p2a: Mismagius|Mismagius, L86, F|100/100\n|turn|8\n|inactive|Time left: 300 sec this turn | 300 sec total\n|\n|t:|1783541976\n|move|p2a: Mismagius|Mystical Fire|p1a: Chesnaught\n|-supereffective|p1a: Chesnaught\n|-damage|p1a: Chesnaught|0 fnt\n|faint|p1a: Chesnaught\n|\n|upkeep\n|inactive|Time left: 300 sec this turn | 300 sec total | 5 sec grace\n|\n|t:|1783541977\n|switch|p1a: Gumshoos|Gumshoos, L95, M|321/321\n|turn|9\n|inactive|Time left: 300 sec this turn | 300 sec total\n|\n|t:|1783541978\n|switch|p2a: Incineroar|Incineroar, L82, F|26/100\n|-ability|p2a: Incineroar|Intimidate|boost\n|-unboost|p1a: Gumshoos|atk|1\n|move|p1a: Gumshoos|Knock Off|p2a: Incineroar\n|-resisted|p2a: Incineroar\n|-damage|p2a: Incineroar|10/100\n|-enditem|p2a: Incineroar|Heavy-Duty Boots|[from] move: Knock Off|[of] p1a: Gumshoos\n|\n|upkeep\n|turn|10\n|inactive|Time left: 300 sec this turn | 300 sec total\n|\n|t:|1783541979\n|switch|p1a: Houndoom|Houndoom, L87, M|272/272\n|move|p2a: Incineroar|Knock Off|p1a: Houndoom\n|-resisted|p1a: Houndoom\n|-damage|p1a: Houndoom|194/272\n|-enditem|p1a: Houndoom|Heavy-Duty Boots|[from] move: Knock Off|[of] p2a: Incineroar\n|\n|upkeep\n|turn|11\n|inactive|Time left: 300 sec this turn | 300 sec total\n|\n|t:|1783541980\n|move|p1a: Houndoom|Dark Pulse|p2a: Incineroar\n|-resisted|p2a: Incineroar\n|-damage|p2a: Incineroar|0 fnt\n|faint|p2a: Incineroar\n|\n|upkeep\n|\n|t:|1783541981\n|switch|p2a: Spectrier|Spectrier, L75|100/100\n|turn|12\n|inactive|Time left: 300 sec this turn | 300 sec total\n|\n|t:|1783541982\n|switch|p1a: Wyrdeer|Wyrdeer, L87, M|321/321\n|-ability|p1a: Wyrdeer|Intimidate|boost\n|-unboost|p2a: Spectrier|atk|1\n|-terastallize|p2a: Spectrier|Fighting\n|move|p2a: Spectrier|Tera Blast|p1a: Wyrdeer|[anim] Tera Blast Fighting\n|-damage|p1a: Wyrdeer|249/321\n|\n|upkeep\n|turn|13\n|inactive|Time left: 300 sec this turn | 300 sec total\n|\n|t:|1783541983\n|switch|p2a: Mismagius|Mismagius, L86, F|100/100\n|move|p1a: Wyrdeer|Psychic Noise|p2a: Mismagius\n|-damage|p2a: Mismagius|70/100\n|-start|p2a: Mismagius|move: Heal Block\n|\n|upkeep\n|turn|14\n|inactive|Time left: 300 sec this turn | 300 sec total\n|\n|t:|1783541984\n|move|p2a: Mismagius|Mystical Fire|p1a: Wyrdeer\n|-damage|p1a: Wyrdeer|183/321\n|-unboost|p1a: Wyrdeer|spa|1\n|move|p1a: Wyrdeer|Psychic Noise|p2a: Mismagius\n|-damage|p2a: Mismagius|48/100\n|\n|-end|p2a: Mismagius|move: Heal Block\n|upkeep\n|turn|15\n|inactive|Time left: 300 sec this turn | 300 sec total\n|\n|t:|1783541985\n|switch|p1a: Houndoom|Houndoom, L87, M|194/272\n|move|p2a: Mismagius|Mystical Fire|p1a: Houndoom\n|-start|p1a: Houndoom|ability: Flash Fire\n|\n|upkeep\n|turn|16\n|inactive|Time left: 300 sec this turn | 300 sec total\n|\n|t:|1783541986\n|switch|p2a: Spectrier|Spectrier, L75, tera:Fighting|100/100\n|move|p1a: Houndoom|Fire Blast|p2a: Spectrier\n|-damage|p2a: Spectrier|17/100\n|\n|-heal|p2a: Spectrier|23/100|[from] item: Leftovers\n|upkeep\n|turn|17\n|inactive|Time left: 300 sec this turn | 300 sec total\n|\n|t:|1783541987\n|-end|p1a: Houndoom|ability: Flash Fire|[silent]\n|switch|p1a: Wyrdeer|Wyrdeer, L87, M|183/321\n|-ability|p1a: Wyrdeer|Intimidate|boost\n|-unboost|p2a: Spectrier|atk|1\n|move|p2a: Spectrier|Tera Blast|p1a: Wyrdeer|[anim] Tera Blast Fighting\n|-damage|p1a: Wyrdeer|116/321\n|\n|-heal|p2a: Spectrier|29/100|[from] item: Leftovers\n|upkeep\n|turn|18\n|inactive|Time left: 300 sec this turn | 300 sec total\n|\n|t:|1783541989\n|move|p2a: Spectrier|Tera Blast|p1a: Wyrdeer|[anim] Tera Blast Fighting\n|-damage|p1a: Wyrdeer|49/321\n|move|p1a: Wyrdeer|Psychic Noise|p2a: Spectrier\n|-supereffective|p2a: Spectrier\n|-crit|p2a: Spectrier\n|-damage|p2a: Spectrier|0 fnt\n|faint|p2a: Spectrier\n|\n|upkeep\n|\n|t:|1783541990\n|switch|p2a: Galvantula|Galvantula, L82, M|100/100\n|turn|19\n|inactive|Time left: 300 sec this turn | 300 sec total\n|\n|t:|1783541991\n|switch|p1a: Houndoom|Houndoom, L87, M|194/272\n|move|p2a: Galvantula|Sticky Web|p1a: Houndoom\n|-sidestart|p1: p0x208e783|move: Sticky Web\n|\n|upkeep\n|turn|20\n|inactive|Time left: 300 sec this turn | 300 sec total\n|\n|t:|1783541991\n|move|p2a: Galvantula|Thunder|p1a: Houndoom\n|-damage|p1a: Houndoom|80/272\n|-status|p1a: Houndoom|par\n|cant|p1a: Houndoom|par\n|\n|upkeep\n|turn|21\n|inactive|Time left: 300 sec this turn | 300 sec total\n|\n|t:|1783541992\n|cant|p1a: Houndoom|par\n|move|p2a: Galvantula|Bug Buzz|p1a: Houndoom\n|-damage|p1a: Houndoom|0 fnt\n|faint|p1a: Houndoom\n|\n|upkeep\n|inactive|Time left: 300 sec this turn | 300 sec total | 5 sec grace\n|\n|t:|1783541993\n|switch|p1a: Gumshoos|Gumshoos, L95, M|321/321\n|-activate|p1a: Gumshoos|move: Sticky Web\n|-unboost|p1a: Gumshoos|spe|1\n|turn|22\n|inactive|Time left: 300 sec this turn | 300 sec total\n|\n|t:|1783541994\n|move|p2a: Galvantula|Thunder|p1a: Gumshoos\n|-damage|p1a: Gumshoos|194/321\n|-status|p1a: Gumshoos|par\n|move|p1a: Gumshoos|Knock Off|p2a: Galvantula\n|-damage|p2a: Galvantula|25/100\n|-enditem|p2a: Galvantula|Heavy-Duty Boots|[from] move: Knock Off|[of] p1a: Gumshoos\n|\n|upkeep\n|turn|23\n|inactive|Time left: 300 sec this turn | 300 sec total\n|\n|t:|1783541996\n|switch|p1a: Wyrdeer|Wyrdeer, L87, M|49/321\n|-activate|p1a: Wyrdeer|move: Sticky Web\n|-unboost|p1a: Wyrdeer|spe|1\n|-ability|p1a: Wyrdeer|Intimidate|boost\n|-unboost|p2a: Galvantula|atk|1\n|move|p2a: Galvantula|Bug Buzz|p1a: Wyrdeer\n|-supereffective|p1a: Wyrdeer\n|-damage|p1a: Wyrdeer|0 fnt\n|faint|p1a: Wyrdeer\n|\n|upkeep\n|inactive|Time left: 300 sec this turn | 300 sec total | 5 sec grace\n|\n|t:|1783541996\n|switch|p1a: Rotom|Rotom-Frost, L87|229/229\n|turn|24\n|inactive|Time left: 300 sec this turn | 300 sec total\n|\n|t:|1783541997\n|move|p2a: Galvantula|Bug Buzz|p1a: Rotom\n|-damage|p1a: Rotom|157/229\n|move|p1a: Rotom|Thunderbolt|p2a: Galvantula\n|-resisted|p2a: Galvantula\n|-damage|p2a: Galvantula|0 fnt\n|faint|p2a: Galvantula\n|\n|upkeep\n|\n|t:|1783541998\n|switch|p2a: Mismagius|Mismagius, L86, F|48/100\n|turn|25\n|inactive|Time left: 300 sec this turn | 300 sec total\n|\n|t:|1783541999\n|move|p2a: Mismagius|Energy Ball|p1a: Rotom\n|-damage|p1a: Rotom|76/229\n|move|p1a: Rotom|Volt Switch|p2a: Mismagius\n|-damage|p2a: Mismagius|19/100\n|inactive|Time left: 300 sec this turn | 300 sec total | 5 sec grace\n|\n|t:|1783542000\n|switch|p1a: Gumshoos|Gumshoos, L95, M|194/321 par|[from] Volt Switch\n|-activate|p1a: Gumshoos|move: Sticky Web\n|-unboost|p1a: Gumshoos|spe|1\n|\n|upkeep\n|turn|26\n|inactive|Time left: 300 sec this turn | 300 sec total\n|\n|t:|1783542001\n|move|p2a: Mismagius|Energy Ball|p1a: Gumshoos\n|-damage|p1a: Gumshoos|78/321 par\n|cant|p1a: Gumshoos|par\n|\n|upkeep\n|turn|27\n|inactive|Time left: 300 sec this turn | 300 sec total\n|\n|t:|1783542002\n|move|p2a: Mismagius|Energy Ball|p1a: Gumshoos\n|-damage|p1a: Gumshoos|0 fnt\n|faint|p1a: Gumshoos\n|\n|upkeep\n|inactive|Time left: 300 sec this turn | 300 sec total | 5 sec grace\n|\n|t:|1783542003\n|switch|p1a: Rotom|Rotom-Frost, L87|76/229\n|turn|28\n|inactive|Time left: 300 sec this turn | 300 sec total\n|\n|t:|1783542004\n|move|p2a: Mismagius|Energy Ball|p1a: Rotom\n|-damage|p1a: Rotom|0 fnt\n|faint|p1a: Rotom\n|\n|win|p0y20831ee", "uploadtime": 1783542004, "views": 0, "rating": 0, "private": 0, "password": null, "_winner": "p0y20831ee", "_our_name": "p0x208e783"}