{"id": "battle-gen9randombattle-1169", "formatid": "gen9randombattle", "format": "[Gen 9] Random Battle", "players": ["p0x1169aae8", "p0y11697dc4"], "log": "|init|battle\n|title|p0x1169aae8 vs. p0y11697dc4\n|j|\u2606p0x1169aae8\n|j|\u2606p0y11697dc4\n|t:|1783552669\n|gametype|singles\n|player|p1|p0x1169aae8|265|\n|player|p2|p0y11697dc4|170|\n|gen|9\n|tier|[Gen 9] Random Battle\n|rule|Species Clause: Limit one of each Pok\u00e9mon\n|rule|HP Percentage Mod: HP is shown in percentages\n|rule|Sleep Clause Mod: Limit one foe put to sleep\n|rule|Illusion Level Mod: Illusion disguises the Pok\u00e9mon's true level\n|\n|t:|1783552669\n|teamsize|p1|6\n|teamsize|p2|6\n|start\n|switch|p1a: Zarude|Zarude, L77|100/100\n|switch|p2a: Iron Valiant|Iron Valiant, L78|244/244\n|turn|1\n|inactive|Battle timer is ON: inactive players will automatically lose when time's up. (requested by p0x1169aae8)\n|inactive|Time left: 300 sec this turn | 300 sec total | 60 sec grace\n|inactive|p0y11697dc4 also wants the timer to be on.\n|\n|t:|1783552670\n|move|p1a: Zarude|Power Whip|p2a: Iron Valiant\n|-damage|p2a: Iron Valiant|99/244\n|move|p2a: Iron Valiant|Moonblast|p1a: Zarude\n|-supereffective|p1a: Zarude\n|-damage|p1a: Zarude|3/100\n|-damage|p2a: Iron Valiant|75/244|[from] item: Life Orb\n|\n|upkeep\n|turn|2\n|inactive|Time left: 300 sec this turn | 300 sec total\n|\n|t:|1783552671\n|-end|p2a: Iron Valiant|Quark Drive|[silent]\n|switch|p2a: Exeggutor|Exeggutor, L89, M|312/312\n|move|p1a: Zarude|Power Whip|p2a: Exeggutor\n|-resisted|p2a: Exeggutor\n|-damage|p2a: Exeggutor|246/312\n|\n|upkeep\n|turn|3\n|inactive|Time left: 300 sec this turn | 300 sec total\n|\n|t:|1783552672\n|move|p1a: Zarude|Power Whip|p2a: Exeggutor\n|-resisted|p2a: Exeggutor\n|-damage|p2a: Exeggutor|185/312\n|move|p2a: Exeggutor|Calm Mind|p2a: Exeggutor\n|-boost|p2a: Exeggutor|spa|1\n|-boost|p2a: Exeggutor|spd|1\n|\n|upkeep\n|turn|4\n|inactive|Time left: 300 sec this turn | 300 sec total\n|\n|t:|1783552673\n|move|p1a: Zarude|Power Whip|p2a: Exeggutor\n|-resisted|p2a: Exeggutor\n|-damage|p2a: Exeggutor|125/312\n|-enditem|p2a: Exeggutor|Sitrus Berry|[eat]\n|-heal|p2a: Exeggutor|203/312|[from] item: Sitrus Berry\n|move|p2a: Exeggutor|Giga Drain|p1a: Zarude\n|-resisted|p1a: Zarude\n|-damage|p1a: Zarude|0 fnt\n|-heal|p2a: Exeggutor|207/312|[from] drain|[of] p1a: Zarude\n|faint|p1a: Zarude\n|\n|-item|p2a: Exeggutor|Sitrus Berry|[from] ability: Harvest\n|upkeep\n|\n|t:|1783552674\n|switch|p1a: Cinderace|Cinderace, L77, F|100/100\n|turn|5\n|inactive|Time left: 300 sec this turn | 300 sec total\n|\n|t:|1783552675\n|switch|p2a: Ursaluna|Ursaluna-Bloodmoon, L79, M|308/308\n|move|p1a: Cinderace|Pyro Ball|p2a: Ursaluna\n|-damage|p2a: Ursaluna|160/308\n|\n|-heal|p2a: Ursaluna|179/308|[from] item: Leftovers\n|upkeep\n|turn|6\n|inactive|Time left: 300 sec this turn | 300 sec total\n|\n|t:|1783552676\n|move|p1a: Cinderace|Pyro Ball|p2a: Ursaluna\n|-damage|p2a: Ursaluna|28/308\n|-status|p2a: Ursaluna|brn\n|move|p2a: Ursaluna|Blood Moon|p1a: Cinderace\n|-damage|p1a: Cinderace|16/100\n|\n|-heal|p2a: Ursaluna|47/308 brn|[from] item: Leftovers\n|-damage|p2a: Ursaluna|28/308 brn|[from] brn\n|upkeep\n|turn|7\n|inactive|Time left: 300 sec this turn | 300 sec total\n|\n|t:|1783552677\n|move|p2a: Ursaluna|Vacuum Wave|p1a: Cinderace\n|-damage|p1a: Cinderace|0 fnt\n|faint|p1a: Cinderace\n|\n|-heal|p2a: Ursaluna|47/308 brn|[from] item: Leftovers\n|-damage|p2a: Ursaluna|28/308 brn|[from] brn\n|upkeep\n|\n|t:|1783552678\n|switch|p1a: Azelf|Azelf, L82|100/100\n|turn|8\n|inactive|Time left: 300 sec this turn | 300 sec total\n|\n|t:|1783552679\n|move|p2a: Ursaluna|Vacuum Wave|p1a: Azelf\n|-resisted|p1a: Azelf\n|-damage|p1a: Azelf|92/100\n|move|p1a: Azelf|Psychic|p2a: Ursaluna\n|-damage|p2a: Ursaluna|0 fnt\n|faint|p2a: Ursaluna\n|\n|upkeep\n|inactive|Time left: 300 sec this turn | 300 sec total | 5 sec grace\n|\n|t:|1783552680\n|switch|p2a: Exeggutor|Exeggutor, L89, M|207/312\n|turn|9\n|inactive|Time left: 300 sec this turn | 300 sec total\n|\n|t:|1783552681\n|move|p1a: Azelf|Psychic|p2a: Exeggutor\n|-resisted|p2a: Exeggutor\n|-damage|p2a: Exeggutor|114/312\n|-enditem|p2a: Exeggutor|Sitrus Berry|[eat]\n|-heal|p2a: Exeggutor|192/312|[from] item: Sitrus Berry\n|move|p2a: Exeggutor|Giga Drain|p1a: Azelf\n|-damage|p1a: Azelf|43/100\n|-heal|p2a: Exeggutor|255/312|[from] drain|[of] p1a: Azelf\n|\n|upkeep\n|turn|10\n|inactive|Time left: 300 sec this turn | 300 sec total\n|\n|t:|1783552683\n|switch|p1a: Iron Jugulis|Iron Jugulis, L77|100/100\n|move|p2a: Exeggutor|Giga Drain|p1a: Iron Jugulis\n|-resisted|p1a: Iron Jugulis\n|-damage|p1a: Iron Jugulis|78/100\n|-heal|p2a: Exeggutor|286/312|[from] drain|[of] p1a: Iron Jugulis\n|\n|-item|p2a: Exeggutor|Sitrus Berry|[from] ability: Harvest\n|upkeep\n|turn|11\n|inactive|Time left: 300 sec this turn | 300 sec total\n|\n|t:|1783552684\n|switch|p2a: Iron Valiant|Iron Valiant, L78|75/244\n|move|p1a: Iron Jugulis|Meteor Beam||[still]\n|-prepare|p1a: Iron Jugulis|Meteor Beam\n|-boost|p1a: Iron Jugulis|spa|1\n|-enditem|p1a: Iron Jugulis|Power Herb\n|-anim|p1a: Iron Jugulis|Meteor Beam|p2a: Iron Valiant\n|-resisted|p2a: Iron Valiant\n|-damage|p2a: Iron Valiant|0 fnt\n|faint|p2a: Iron Valiant\n|-end|p2a: Iron Valiant|Quark Drive|[silent]\n|\n|upkeep\n|inactive|Time left: 300 sec this turn | 300 sec total | 5 sec grace\n|\n|t:|1783552685\n|switch|p2a: Raichu|Raichu, L88, M|249/249\n|turn|12\n|inactive|Time left: 300 sec this turn | 300 sec total\n|\n|t:|1783552686\n|-end|p1a: Iron Jugulis|Quark Drive|[silent]\n|switch|p1a: Komala|Komala, L87, M|100/100\n|-ability|p1a: Komala|Comatose\n|move|p2a: Raichu|Thunderbolt|p1a: Komala\n|-damage|p1a: Komala|74/100\n|\n|upkeep\n|turn|13\n|inactive|Time left: 300 sec this turn | 300 sec total\n|\n|t:|1783552688\n|move|p2a: Raichu|Volt Switch|p1a: Komala\n|-damage|p1a: Komala|54/100\n|inactive|Time left: 300 sec this turn | 300 sec total | 5 sec grace\n|\n|t:|1783552688\n|switch|p2a: Metagross|Metagross, L79|256/256|[from] Volt Switch\n|move|p1a: Komala|Body Slam|p2a: Metagross\n|-resisted|p2a: Metagross\n|-damage|p2a: Metagross|214/256\n|-status|p2a: Metagross|par\n|\n|upkeep\n|turn|14\n|inactive|Time left: 300 sec this turn | 300 sec total\n|\n|t:|1783552689\n|move|p1a: Komala|Knock Off|p2a: Metagross\n|-supereffective|p2a: Metagross\n|-damage|p2a: Metagross|76/256 par\n|-enditem|p2a: Metagross|Weakness Policy\n|-boost|p2a: Metagross|atk|2|[from] item: Weakness Policy\n|-boost|p2a: Metagross|spa|2|[from] item: Weakness Policy\n|move|p2a: Metagross|Heavy Slam|p1a: Komala\n|-damage|p1a: Komala|0 fnt\n|faint|p1a: Komala\n|\n|upkeep\n|\n|t:|1783552690\n|switch|p1a: Iron Jugulis|Iron Jugulis, L77|78/100\n|turn|15\n|inactive|Time left: 300 sec this turn | 300 sec total\n|\n|t:|1783552691\n|move|p1a: Iron Jugulis|Dark Pulse|p2a: Metagross\n|-supereffective|p2a: Metagross\n|-damage|p2a: Metagross|0 fnt\n|faint|p2a: Metagross\n|\n|upkeep\n|inactive|Time left: 300 sec this turn | 300 sec total | 5 sec grace\n|\n|t:|1783552693\n|switch|p2a: Raichu|Raichu, L88, M|249/249\n|turn|16\n|inactive|Time left: 300 sec this turn | 300 sec total\n|\n|t:|1783552694\n|-end|p1a: Iron Jugulis|Quark Drive|[silent]\n|switch|p1a: Latias|Latias, L79, F|100/100\n|move|p2a: Raichu|Thunderbolt|p1a: Latias\n|-resisted|p1a: Latias\n|-damage|p1a: Latias|84/100\n|\n|upkeep\n|turn|17\n|inactive|Time left: 300 sec this turn | 300 sec total\n|\n|t:|1783552695\n|switch|p2a: Exeggutor|Exeggutor, L89, M|286/312\n|move|p1a: Latias|Calm Mind|p1a: Latias\n|-boost|p1a: Latias|spa|1\n|-boost|p1a: Latias|spd|1\n|\n|upkeep\n|turn|18\n|inactive|Time left: 300 sec this turn | 300 sec total\n|\n|t:|1783552696\n|move|p1a: Latias|Calm Mind|p1a: Latias\n|-boost|p1a: Latias|spa|1\n|-boost|p1a: Latias|spd|1\n|move|p2a: Exeggutor|Calm Mind|p2a: Exeggutor\n|-boost|p2a: Exeggutor|spa|1\n|-boost|p2a: Exeggutor|spd|1\n|\n|upkeep\n|turn|19\n|inactive|Time left: 300 sec this turn | 300 sec total\n|\n|t:|1783552697\n|move|p1a: Latias|Psyshock|p2a: Exeggutor\n|-resisted|p2a: Exeggutor\n|-damage|p2a: Exeggutor|184/312\n|move|p2a: Exeggutor|Calm Mind|p2a: Exeggutor\n|-boost|p2a: Exeggutor|spa|1\n|-boost|p2a: Exeggutor|spd|1\n|\n|upkeep\n|turn|20\n|inactive|Time left: 300 sec this turn | 300 sec total\n|\n|t:|1783552698\n|move|p1a: Latias|Calm Mind|p1a: Latias\n|-boost|p1a: Latias|spa|1\n|-boost|p1a: Latias|spd|1\n|move|p2a: Exeggutor|Psyshock|p1a: Latias\n|-resisted|p1a: Latias\n|-damage|p1a: Latias|40/100\n|\n|upkeep\n|turn|21\n|inactive|Time left: 300 sec this turn | 300 sec total\n|\n|t:|1783552699\n|-terastallize|p2a: Exeggutor|Steel\n|move|p1a: Latias|Recover|p1a: Latias\n|-heal|p1a: Latias|90/100\n|move|p2a: Exeggutor|Psyshock|p1a: Latias\n|-resisted|p1a: Latias\n|-damage|p1a: Latias|45/100\n|\n|upkeep\n|turn|22\n|inactive|Time left: 300 sec this turn | 300 sec total\n|\n|t:|1783552700\n|move|p1a: Latias|Recover|p1a: Latias\n|-heal|p1a: Latias|95/100\n|move|p2a: Exeggutor|Psyshock|p1a: Latias\n|-resisted|p1a: Latias\n|-damage|p1a: Latias|52/100\n|\n|upkeep\n|turn|23\n|inactive|Time left: 300 sec this turn | 300 sec total\n|\n|t:|1783552701\n|move|p1a: Latias|Recover|p1a: Latias\n|-heal|p1a: Latias|100/100\n|move|p2a: Exeggutor|Psyshock|p1a: Latias\n|-resisted|p1a: Latias\n|-crit|p1a: Latias\n|-damage|p1a: Latias|27/100\n|\n|upkeep\n|turn|24\n|inactive|Time left: 300 sec this turn | 300 sec total\n|\n|t:|1783552702\n|move|p1a: Latias|Recover|p1a: Latias\n|-heal|p1a: Latias|77/100\n|move|p2a: Exeggutor|Psyshock|p1a: Latias\n|-resisted|p1a: Latias\n|-damage|p1a: Latias|28/100\n|\n|upkeep\n|turn|25\n|inactive|Time left: 300 sec this turn | 300 sec total\n|\n|t:|1783552703\n|move|p1a: Latias|Recover|p1a: Latias\n|-heal|p1a: Latias|78/100\n|move|p2a: Exeggutor|Psyshock|p1a: Latias\n|-resisted|p1a: Latias\n|-damage|p1a: Latias|31/100\n|\n|upkeep\n|turn|26\n|inactive|Time left: 300 sec this turn | 300 sec total\n|\n|t:|1783552704\n|move|p1a: Latias|Recover|p1a: Latias\n|-heal|p1a: Latias|81/100\n|move|p2a: Exeggutor|Psyshock|p1a: Latias\n|-resisted|p1a: Latias\n|-damage|p1a: Latias|36/100\n|\n|upkeep\n|turn|27\n|inactive|Time left: 300 sec this turn | 300 sec total\n|\n|t:|1783552705\n|move|p1a: Latias|Recover|p1a: Latias\n|-heal|p1a: Latias|86/100\n|move|p2a: Exeggutor|Psyshock|p1a: Latias\n|-resisted|p1a: Latias\n|-damage|p1a: Latias|43/100\n|\n|upkeep\n|turn|28\n|inactive|Time left: 300 sec this turn | 300 sec total\n|\n|t:|1783552706\n|move|p1a: Latias|Recover|p1a: Latias\n|-heal|p1a: Latias|93/100\n|move|p2a: Exeggutor|Psyshock|p1a: Latias\n|-resisted|p1a: Latias\n|-damage|p1a: Latias|44/100\n|\n|upkeep\n|turn|29\n|inactive|Time left: 300 sec this turn | 300 sec total\n|\n|t:|1783552707\n|move|p1a: Latias|Psyshock|p2a: Exeggutor\n|-resisted|p2a: Exeggutor\n|-damage|p2a: Exeggutor|61/312\n|-enditem|p2a: Exeggutor|Sitrus Berry|[eat]\n|-heal|p2a: Exeggutor|139/312|[from] item: Sitrus Berry\n|move|p2a: Exeggutor|Psyshock|p1a: Latias\n|-resisted|p1a: Latias\n|-damage|p1a: Latias|0 fnt\n|faint|p1a: Latias\n|\n|-item|p2a: Exeggutor|Sitrus Berry|[from] ability: Harvest\n|upkeep\n|-enditem|p2a: Exeggutor|Sitrus Berry|[eat]\n|-heal|p2a: Exeggutor|217/312|[from] item: Sitrus Berry\n|\n|t:|1783552708\n|switch|p1a: Azelf|Azelf, L82|43/100\n|turn|30\n|inactive|Time left: 300 sec this turn | 300 sec total\n|\n|t:|1783552709\n|-terastallize|p1a: Azelf|Fire\n|move|p1a: Azelf|Fire Blast|p2a: Exeggutor\n|-supereffective|p2a: Exeggutor\n|-damage|p2a: Exeggutor|0 fnt\n|faint|p2a: Exeggutor\n|\n|upkeep\n|inactive|Time left: 300 sec this turn | 300 sec total | 5 sec grace\n|\n|t:|1783552710\n|switch|p2a: Raichu|Raichu, L88, M|249/249\n|turn|31\n|inactive|Time left: 300 sec this turn | 300 sec total\n|\n|t:|1783552710\n|move|p2a: Raichu|Thunderbolt|p1a: Azelf\n|-damage|p1a: Azelf|0 fnt\n|faint|p1a: Azelf\n|\n|upkeep\n|\n|t:|1783552711\n|switch|p1a: Iron Jugulis|Iron Jugulis, L77|78/100\n|turn|32\n|inactive|Time left: 300 sec this turn | 300 sec total\n|\n|t:|1783552712\n|move|p2a: Raichu|Thunderbolt|p1a: Iron Jugulis\n|-supereffective|p1a: Iron Jugulis\n|-damage|p1a: Iron Jugulis|0 fnt\n|faint|p1a: Iron Jugulis\n|-end|p1a: Iron Jugulis|Quark Drive|[silent]\n|\n|win|p0y11697dc4", "uploadtime": 1783552712, "views": 0, "rating": 0, "private": 0, "password": null, "_winner": "p0y11697dc4", "_our_name": "p0y11697dc4"}