{"id": "battle-gen9randombattle-2797", "formatid": "gen9randombattle", "format": "[Gen 9] Random Battle", "players": ["p0x27972785", "p0y27975cee"], "log": "|init|battle\n|title|p0x27972785 vs. p0y27975cee\n|j|\u2606p0x27972785\n|j|\u2606p0y27975cee\n|t:|1783572225\n|gametype|singles\n|player|p1|p0x27972785|266|\n|player|p2|p0y27975cee|101|\n|gen|9\n|tier|[Gen 9] Random Battle\n|rule|Species Clause: Limit one of each Pok\u00e9mon\n|rule|HP Percentage Mod: HP is shown in percentages\n|rule|Sleep Clause Mod: Limit one foe put to sleep\n|rule|Illusion Level Mod: Illusion disguises the Pok\u00e9mon's true level\n|\n|t:|1783572225\n|teamsize|p1|6\n|teamsize|p2|6\n|start\n|switch|p1a: Malamar|Malamar, L82, M|275/275\n|switch|p2a: Venomoth|Venomoth, L84, M|100/100\n|turn|1\n|inactive|Battle timer is ON: inactive players will automatically lose when time's up. (requested by p0y27975cee)\n|inactive|Time left: 300 sec this turn | 300 sec total | 60 sec grace\n|inactive|p0x27972785 also wants the timer to be on.\n|\n|t:|1783572226\n|switch|p1a: Masquerain|Masquerain, L87, F|264/264\n|-ability|p1a: Masquerain|Intimidate|boost\n|-unboost|p2a: Venomoth|atk|1\n|move|p2a: Venomoth|Bug Buzz|p1a: Masquerain\n|-resisted|p1a: Masquerain\n|-damage|p1a: Masquerain|174/264\n|\n|upkeep\n|turn|2\n|inactive|Time left: 300 sec this turn | 300 sec total\n|\n|t:|1783572227\n|move|p2a: Venomoth|Sleep Powder|p1a: Masquerain|[miss]\n|-miss|p2a: Venomoth|p1a: Masquerain\n|move|p1a: Masquerain|Hurricane|p2a: Venomoth\n|-supereffective|p2a: Venomoth\n|-damage|p2a: Venomoth|0 fnt\n|faint|p2a: Venomoth\n|\n|upkeep\n|\n|t:|1783572228\n|switch|p2a: Espeon|Espeon, L84, F|100/100\n|turn|3\n|inactive|Time left: 300 sec this turn | 300 sec total\n|\n|t:|1783572229\n|move|p2a: Espeon|Psychic|p1a: Masquerain\n|-damage|p1a: Masquerain|0 fnt\n|faint|p1a: Masquerain\n|\n|upkeep\n|inactive|Time left: 300 sec this turn | 300 sec total | 5 sec grace\n|\n|t:|1783572230\n|switch|p1a: Malamar|Malamar, L82, M|275/275\n|turn|4\n|inactive|Time left: 300 sec this turn | 300 sec total\n|\n|t:|1783572231\n|switch|p2a: Clodsire|Clodsire, L81, M|100/100\n|move|p1a: Malamar|Superpower|p2a: Clodsire\n|-resisted|p2a: Clodsire\n|-damage|p2a: Clodsire|85/100\n|-boost|p1a: Malamar|atk|1\n|-boost|p1a: Malamar|def|1\n|\n|-heal|p2a: Clodsire|91/100|[from] item: Leftovers\n|upkeep\n|turn|5\n|inactive|Time left: 300 sec this turn | 300 sec total\n|\n|t:|1783572232\n|move|p1a: Malamar|Knock Off|p2a: Clodsire\n|-damage|p2a: Clodsire|52/100\n|-enditem|p2a: Clodsire|Leftovers|[from] move: Knock Off|[of] p1a: Malamar\n|move|p2a: Clodsire|Gunk Shot|p1a: Malamar|[miss]\n|-miss|p2a: Clodsire|p1a: Malamar\n|\n|upkeep\n|turn|6\n|inactive|Time left: 300 sec this turn | 300 sec total\n|\n|t:|1783572233\n|move|p1a: Malamar|Superpower|p2a: Clodsire\n|-resisted|p2a: Clodsire\n|-damage|p2a: Clodsire|38/100\n|-boost|p1a: Malamar|atk|1\n|-boost|p1a: Malamar|def|1\n|move|p2a: Clodsire|Recover|p2a: Clodsire\n|-heal|p2a: Clodsire|88/100\n|\n|upkeep\n|turn|7\n|inactive|Time left: 300 sec this turn | 300 sec total\n|\n|t:|1783572235\n|move|p1a: Malamar|Superpower|p2a: Clodsire\n|-resisted|p2a: Clodsire\n|-damage|p2a: Clodsire|71/100\n|-boost|p1a: Malamar|atk|1\n|-boost|p1a: Malamar|def|1\n|move|p2a: Clodsire|Recover|p2a: Clodsire\n|-heal|p2a: Clodsire|100/100\n|\n|upkeep\n|turn|8\n|inactive|Time left: 300 sec this turn | 300 sec total\n|\n|t:|1783572236\n|move|p1a: Malamar|Superpower|p2a: Clodsire\n|-resisted|p2a: Clodsire\n|-damage|p2a: Clodsire|87/100\n|-boost|p1a: Malamar|atk|1\n|-boost|p1a: Malamar|def|1\n|move|p2a: Clodsire|Curse|p2a: Clodsire\n|-unboost|p2a: Clodsire|spe|1\n|-boost|p2a: Clodsire|atk|1\n|-boost|p2a: Clodsire|def|1\n|\n|upkeep\n|turn|9\n|inactive|Time left: 300 sec this turn | 300 sec total\n|\n|t:|1783572237\n|move|p1a: Malamar|Knock Off|p2a: Clodsire\n|-damage|p2a: Clodsire|71/100\n|move|p2a: Clodsire|Earthquake|p1a: Malamar\n|-damage|p1a: Malamar|139/275\n|\n|-heal|p1a: Malamar|156/275|[from] item: Leftovers\n|upkeep\n|turn|10\n|inactive|Time left: 300 sec this turn | 300 sec total\n|\n|t:|1783572239\n|move|p1a: Malamar|Knock Off|p2a: Clodsire\n|-damage|p2a: Clodsire|54/100\n|move|p2a: Clodsire|Earthquake|p1a: Malamar\n|-damage|p1a: Malamar|38/275\n|\n|-heal|p1a: Malamar|55/275|[from] item: Leftovers\n|upkeep\n|turn|11\n|inactive|Time left: 300 sec this turn | 300 sec total\n|\n|t:|1783572240\n|move|p1a: Malamar|Rest|p1a: Malamar\n|-status|p1a: Malamar|slp|[from] move: Rest\n|-heal|p1a: Malamar|275/275 slp|[silent]\n|move|p2a: Clodsire|Earthquake|p1a: Malamar\n|-damage|p1a: Malamar|160/275 slp\n|\n|-heal|p1a: Malamar|177/275 slp|[from] item: Leftovers\n|upkeep\n|turn|12\n|inactive|Time left: 300 sec this turn | 300 sec total\n|\n|t:|1783572241\n|cant|p1a: Malamar|slp\n|move|p1a: Malamar|Sleep Talk|p1a: Malamar\n|move|p1a: Malamar|Rest||[from] move: Sleep Talk|[still]\n|-fail|p1a: Malamar\n|move|p2a: Clodsire|Earthquake|p1a: Malamar\n|-damage|p1a: Malamar|41/275 slp\n|\n|-heal|p1a: Malamar|58/275 slp|[from] item: Leftovers\n|upkeep\n|turn|13\n|inactive|Time left: 300 sec this turn | 300 sec total\n|\n|t:|1783572242\n|cant|p1a: Malamar|slp\n|move|p1a: Malamar|Sleep Talk|p1a: Malamar\n|move|p1a: Malamar|Superpower|p2a: Clodsire|[from] move: Sleep Talk\n|-resisted|p2a: Clodsire\n|-damage|p2a: Clodsire|44/100\n|-boost|p1a: Malamar|atk|1\n|-boost|p1a: Malamar|def|1\n|move|p2a: Clodsire|Earthquake|p1a: Malamar\n|-damage|p1a: Malamar|0 fnt\n|faint|p1a: Malamar\n|\n|upkeep\n|inactive|Time left: 300 sec this turn | 300 sec total | 5 sec grace\n|\n|t:|1783572243\n|switch|p1a: Kyogre|Kyogre, L71|259/259\n|-weather|RainDance|[from] ability: Drizzle|[of] p1a: Kyogre\n|turn|14\n|inactive|Time left: 300 sec this turn | 300 sec total\n|\n|t:|1783572244\n|move|p1a: Kyogre|Origin Pulse|p2a: Clodsire\n|-supereffective|p2a: Clodsire\n|-damage|p2a: Clodsire|0 fnt\n|faint|p2a: Clodsire\n|\n|-weather|RainDance|[upkeep]\n|upkeep\n|\n|t:|1783572245\n|switch|p2a: Barraskewda|Barraskewda, L81, F|100/100\n|turn|15\n|inactive|Time left: 300 sec this turn | 300 sec total\n|\n|t:|1783572246\n|move|p2a: Barraskewda|Waterfall|p1a: Kyogre\n|-resisted|p1a: Kyogre\n|-damage|p1a: Kyogre|136/259\n|move|p1a: Kyogre|Thunder|p2a: Barraskewda\n|-supereffective|p2a: Barraskewda\n|-damage|p2a: Barraskewda|0 fnt\n|faint|p2a: Barraskewda\n|\n|-weather|RainDance|[upkeep]\n|-heal|p1a: Kyogre|152/259|[from] item: Leftovers\n|upkeep\n|\n|t:|1783572247\n|switch|p2a: Espeon|Espeon, L84, F|100/100\n|turn|16\n|inactive|Time left: 300 sec this turn | 300 sec total\n|\n|t:|1783572248\n|move|p2a: Espeon|Psychic|p1a: Kyogre\n|-damage|p1a: Kyogre|5/259\n|move|p1a: Kyogre|Origin Pulse|p2a: Espeon\n|-damage|p2a: Espeon|35/100\n|\n|-weather|RainDance|[upkeep]\n|-heal|p1a: Kyogre|21/259|[from] item: Leftovers\n|upkeep\n|turn|17\n|inactive|Time left: 300 sec this turn | 300 sec total\n|\n|t:|1783572249\n|move|p2a: Espeon|Psychic|p1a: Kyogre\n|-damage|p1a: Kyogre|0 fnt\n|faint|p1a: Kyogre\n|\n|-weather|RainDance|[upkeep]\n|upkeep\n|inactive|Time left: 300 sec this turn | 300 sec total | 5 sec grace\n|\n|t:|1783572250\n|switch|p1a: Appletun|Appletun, L92, M|352/352\n|turn|18\n|inactive|Time left: 300 sec this turn | 300 sec total\n|\n|t:|1783572251\n|move|p2a: Espeon|Psychic|p1a: Appletun\n|-damage|p1a: Appletun|183/352\n|move|p1a: Appletun|Apple Acid|p2a: Espeon\n|-damage|p2a: Espeon|0 fnt\n|faint|p2a: Espeon\n|\n|-weather|none\n|-heal|p1a: Appletun|205/352|[from] item: Leftovers\n|upkeep\n|\n|t:|1783572251\n|switch|p2a: Lugia|Lugia, L73|100/100\n|turn|19\n|inactive|Time left: 300 sec this turn | 300 sec total\n|\n|t:|1783572252\n|move|p2a: Lugia|Calm Mind|p2a: Lugia\n|-boost|p2a: Lugia|spa|1\n|-boost|p2a: Lugia|spd|1\n|move|p1a: Appletun|Dragon Tail|p2a: Lugia\n|-damage|p2a: Lugia|90/100\n|drag|p2a: Blaziken|Blaziken, L76, M|100/100\n|\n|-heal|p1a: Appletun|227/352|[from] item: Leftovers\n|upkeep\n|turn|20\n|inactive|Time left: 300 sec this turn | 300 sec total\n|\n|t:|1783572253\n|move|p2a: Blaziken|Swords Dance|p2a: Blaziken\n|-boost|p2a: Blaziken|atk|2\n|move|p1a: Appletun|Dragon Tail|p2a: Blaziken\n|-damage|p2a: Blaziken|62/100\n|drag|p2a: Lugia|Lugia, L73|90/100\n|\n|-heal|p1a: Appletun|249/352|[from] item: Leftovers\n|upkeep\n|turn|21\n|inactive|Time left: 300 sec this turn | 300 sec total\n|\n|t:|1783572254\n|move|p2a: Lugia|Aeroblast|p1a: Appletun\n|-supereffective|p1a: Appletun\n|-damage|p1a: Appletun|97/352\n|move|p1a: Appletun|Apple Acid|p2a: Lugia\n|-resisted|p2a: Lugia\n|-damage|p2a: Lugia|76/100\n|-unboost|p2a: Lugia|spd|1\n|\n|-heal|p1a: Appletun|119/352|[from] item: Leftovers\n|upkeep\n|turn|22\n|inactive|Time left: 300 sec this turn | 300 sec total\n|\n|t:|1783572255\n|move|p2a: Lugia|Calm Mind|p2a: Lugia\n|-boost|p2a: Lugia|spa|1\n|-boost|p2a: Lugia|spd|1\n|move|p1a: Appletun|Recover|p1a: Appletun\n|-heal|p1a: Appletun|295/352\n|\n|-heal|p1a: Appletun|317/352|[from] item: Leftovers\n|upkeep\n|turn|23\n|inactive|Time left: 300 sec this turn | 300 sec total\n|\n|t:|1783572256\n|move|p2a: Lugia|Aeroblast|p1a: Appletun\n|-supereffective|p1a: Appletun\n|-damage|p1a: Appletun|101/352\n|move|p1a: Appletun|Dragon Tail|p2a: Lugia\n|-damage|p2a: Lugia|56/100\n|drag|p2a: Blaziken|Blaziken, L76, M|62/100\n|\n|-heal|p1a: Appletun|123/352|[from] item: Leftovers\n|upkeep\n|turn|24\n|inactive|Time left: 300 sec this turn | 300 sec total\n|\n|t:|1783572257\n|move|p2a: Blaziken|Close Combat|p1a: Appletun\n|-damage|p1a: Appletun|0 fnt\n|-unboost|p2a: Blaziken|def|1\n|-unboost|p2a: Blaziken|spd|1\n|faint|p1a: Appletun\n|-damage|p2a: Blaziken|53/100|[from] item: Life Orb\n|\n|-ability|p2a: Blaziken|Speed Boost|boost\n|-boost|p2a: Blaziken|spe|1\n|upkeep\n|inactive|Time left: 300 sec this turn | 300 sec total | 5 sec grace\n|\n|t:|1783572258\n|switch|p1a: Weezing|Weezing, L88, M|258/258\n|turn|25\n|inactive|Time left: 300 sec this turn | 300 sec total\n|\n|t:|1783572259\n|switch|p2a: Lugia|Lugia, L73|56/100\n|move|p1a: Weezing|Sludge Bomb|p2a: Lugia\n|-damage|p2a: Lugia|31/100\n|\n|upkeep\n|turn|26\n|inactive|Time left: 300 sec this turn | 300 sec total\n|\n|t:|1783572259\n|move|p2a: Lugia|Recover|p2a: Lugia\n|-heal|p2a: Lugia|81/100\n|move|p1a: Weezing|Sludge Bomb|p2a: Lugia\n|-damage|p2a: Lugia|58/100\n|\n|upkeep\n|turn|27\n|inactive|Time left: 300 sec this turn | 300 sec total\n|\n|t:|1783572260\n|move|p2a: Lugia|Calm Mind|p2a: Lugia\n|-boost|p2a: Lugia|spa|1\n|-boost|p2a: Lugia|spd|1\n|move|p1a: Weezing|Sludge Bomb|p2a: Lugia\n|-damage|p2a: Lugia|40/100\n|\n|upkeep\n|turn|28\n|inactive|Time left: 300 sec this turn | 300 sec total\n|\n|t:|1783572261\n|move|p2a: Lugia|Recover|p2a: Lugia\n|-heal|p2a: Lugia|90/100\n|move|p1a: Weezing|Sludge Bomb|p2a: Lugia\n|-damage|p2a: Lugia|74/100\n|\n|upkeep\n|turn|29\n|inactive|Time left: 300 sec this turn | 300 sec total\n|\n|t:|1783572262\n|switch|p1a: Skarmory|Skarmory, L80, M|235/235\n|move|p2a: Lugia|Calm Mind|p2a: Lugia\n|-boost|p2a: Lugia|spa|1\n|-boost|p2a: Lugia|spd|1\n|\n|upkeep\n|turn|30\n|inactive|Time left: 300 sec this turn | 300 sec total\n|\n|t:|1783572263\n|move|p2a: Lugia|Aeroblast|p1a: Skarmory\n|-resisted|p1a: Skarmory\n|-damage|p1a: Skarmory|142/235\n|move|p1a: Skarmory|Brave Bird|p2a: Lugia\n|-damage|p2a: Lugia|42/100\n|-damage|p1a: Skarmory|113/235|[from] Recoil\n|\n|upkeep\n|turn|31\n|inactive|Time left: 300 sec this turn | 300 sec total\n|\n|t:|1783572264\n|move|p2a: Lugia|Aeroblast|p1a: Skarmory\n|-resisted|p1a: Skarmory\n|-damage|p1a: Skarmory|17/235\n|move|p1a: Skarmory|Roost|p1a: Skarmory\n|-heal|p1a: Skarmory|135/235\n|-singleturn|p1a: Skarmory|move: Roost\n|\n|upkeep\n|turn|32\n|inactive|Time left: 300 sec this turn | 300 sec total\n|\n|t:|1783572265\n|move|p2a: Lugia|Aeroblast|p1a: Skarmory\n|-resisted|p1a: Skarmory\n|-damage|p1a: Skarmory|34/235\n|move|p1a: Skarmory|Brave Bird|p2a: Lugia\n|-damage|p2a: Lugia|11/100\n|-damage|p1a: Skarmory|6/235|[from] Recoil\n|\n|upkeep\n|turn|33\n|inactive|Time left: 300 sec this turn | 300 sec total\n|\n|t:|1783572266\n|move|p2a: Lugia|Aeroblast|p1a: Skarmory\n|-resisted|p1a: Skarmory\n|-damage|p1a: Skarmory|0 fnt\n|faint|p1a: Skarmory\n|\n|upkeep\n|inactive|Time left: 300 sec this turn | 300 sec total | 5 sec grace\n|\n|t:|1783572266\n|switch|p1a: Weezing|Weezing, L88, M|258/258\n|turn|34\n|inactive|Time left: 300 sec this turn | 300 sec total\n|\n|t:|1783572268\n|-terastallize|p1a: Weezing|Steel\n|move|p2a: Lugia|Aeroblast|p1a: Weezing\n|-resisted|p1a: Weezing\n|-damage|p1a: Weezing|170/258\n|move|p1a: Weezing|Toxic Spikes|p2a: Lugia\n|-sidestart|p2: p0y27975cee|move: Toxic Spikes\n|\n|-heal|p1a: Weezing|186/258|[from] item: Leftovers\n|upkeep\n|turn|35\n|inactive|Time left: 300 sec this turn | 300 sec total\n|\n|t:|1783572268\n|move|p2a: Lugia|Aeroblast|p1a: Weezing\n|-resisted|p1a: Weezing\n|-damage|p1a: Weezing|106/258\n|move|p1a: Weezing|Toxic Spikes|p2a: Lugia\n|-sidestart|p2: p0y27975cee|move: Toxic Spikes\n|\n|-heal|p1a: Weezing|122/258|[from] item: Leftovers\n|upkeep\n|turn|36\n|inactive|Time left: 300 sec this turn | 300 sec total\n|\n|t:|1783572269\n|move|p2a: Lugia|Earth Power|p1a: Weezing\n|-immune|p1a: Weezing|[from] ability: Levitate\n|move|p1a: Weezing|Toxic Spikes||[still]\n|-fail|p1a: Weezing\n|\n|-heal|p1a: Weezing|138/258|[from] item: Leftovers\n|upkeep\n|turn|37\n|inactive|Time left: 300 sec this turn | 300 sec total\n|\n|t:|1783572270\n|move|p2a: Lugia|Earth Power|p1a: Weezing\n|-immune|p1a: Weezing|[from] ability: Levitate\n|move|p1a: Weezing|Toxic Spikes||[still]\n|-fail|p1a: Weezing\n|\n|-heal|p1a: Weezing|154/258|[from] item: Leftovers\n|upkeep\n|turn|38\n|inactive|Time left: 300 sec this turn | 300 sec total\n|\n|t:|1783572271\n|move|p2a: Lugia|Earth Power|p1a: Weezing\n|-immune|p1a: Weezing|[from] ability: Levitate\n|move|p1a: Weezing|Toxic Spikes||[still]\n|-fail|p1a: Weezing\n|\n|-heal|p1a: Weezing|170/258|[from] item: Leftovers\n|upkeep\n|turn|39\n|inactive|Time left: 300 sec this turn | 300 sec total\n|\n|t:|1783572272\n|move|p2a: Lugia|Earth Power|p1a: Weezing\n|-immune|p1a: Weezing|[from] ability: Levitate\n|move|p1a: Weezing|Toxic Spikes||[still]\n|-fail|p1a: Weezing\n|\n|-heal|p1a: Weezing|186/258|[from] item: Leftovers\n|upkeep\n|turn|40\n|inactive|Time left: 300 sec this turn | 300 sec total\n|\n|t:|1783572274\n|move|p2a: Lugia|Earth Power|p1a: Weezing\n|-immune|p1a: Weezing|[from] ability: Levitate\n|move|p1a: Weezing|Toxic Spikes||[still]\n|-fail|p1a: Weezing\n|\n|-heal|p1a: Weezing|202/258|[from] item: Leftovers\n|upkeep\n|turn|41\n|inactive|Time left: 300 sec this turn | 300 sec total\n|\n|t:|1783572275\n|move|p2a: Lugia|Earth Power|p1a: Weezing\n|-immune|p1a: Weezing|[from] ability: Levitate\n|move|p1a: Weezing|Toxic Spikes||[still]\n|-fail|p1a: Weezing\n|\n|-heal|p1a: Weezing|218/258|[from] item: Leftovers\n|upkeep\n|turn|42\n|inactive|Time left: 300 sec this turn | 300 sec total\n|\n|t:|1783572276\n|move|p2a: Lugia|Recover|p2a: Lugia\n|-heal|p2a: Lugia|62/100\n|move|p1a: Weezing|Toxic Spikes||[still]\n|-fail|p1a: Weezing\n|\n|-heal|p1a: Weezing|234/258|[from] item: Leftovers\n|upkeep\n|turn|43\n|inactive|Time left: 300 sec this turn | 300 sec total\n|\n|t:|1783572277\n|move|p2a: Lugia|Calm Mind|p2a: Lugia\n|-boost|p2a: Lugia|spa|1\n|-boost|p2a: Lugia|spd|1\n|move|p1a: Weezing|Sludge Bomb|p2a: Lugia\n|-damage|p2a: Lugia|51/100\n|\n|-heal|p1a: Weezing|250/258|[from] item: Leftovers\n|upkeep\n|turn|44\n|inactive|Time left: 300 sec this turn | 300 sec total\n|\n|t:|1783572278\n|move|p2a: Lugia|Recover|p2a: Lugia\n|-heal|p2a: Lugia|100/100\n|move|p1a: Weezing|Sludge Bomb|p2a: Lugia\n|-damage|p2a: Lugia|95/100\n|-status|p2a: Lugia|psn\n|\n|-heal|p1a: Weezing|258/258|[from] item: Leftovers\n|-damage|p2a: Lugia|83/100 psn|[from] psn\n|upkeep\n|turn|45\n|inactive|Time left: 300 sec this turn | 300 sec total\n|\n|t:|1783572279\n|move|p2a: Lugia|Calm Mind|p2a: Lugia\n|-boost|p2a: Lugia|spa|1\n|-boost|p2a: Lugia|spd|1\n|move|p1a: Weezing|Sludge Bomb|p2a: Lugia\n|-damage|p2a: Lugia|74/100 psn\n|\n|-damage|p2a: Lugia|62/100 psn|[from] psn\n|upkeep\n|turn|46\n|inactive|Time left: 300 sec this turn | 300 sec total\n|\n|t:|1783572280\n|move|p2a: Lugia|Recover|p2a: Lugia\n|-heal|p2a: Lugia|100/100 psn\n|move|p1a: Weezing|Sludge Bomb|p2a: Lugia\n|-damage|p2a: Lugia|96/100 psn\n|\n|-damage|p2a: Lugia|84/100 psn|[from] psn\n|upkeep\n|turn|47\n|inactive|Time left: 300 sec this turn | 300 sec total\n|\n|t:|1783572281\n|move|p2a: Lugia|Earth Power|p1a: Weezing\n|-immune|p1a: Weezing|[from] ability: Levitate\n|move|p1a: Weezing|Sludge Bomb|p2a: Lugia\n|-damage|p2a: Lugia|75/100 psn\n|\n|-damage|p2a: Lugia|62/100 psn|[from] psn\n|upkeep\n|turn|48\n|inactive|Time left: 300 sec this turn | 300 sec total\n|\n|t:|1783572282\n|move|p2a: Lugia|Recover|p2a: Lugia\n|-heal|p2a: Lugia|100/100 psn\n|move|p1a: Weezing|Sludge Bomb|p2a: Lugia\n|-damage|p2a: Lugia|96/100 psn\n|\n|-damage|p2a: Lugia|84/100 psn|[from] psn\n|upkeep\n|turn|49\n|inactive|Time left: 300 sec this turn | 300 sec total\n|\n|t:|1783572283\n|move|p2a: Lugia|Calm Mind|p2a: Lugia\n|-boost|p2a: Lugia|spa|1\n|-boost|p2a: Lugia|spd|1\n|move|p1a: Weezing|Sludge Bomb|p2a: Lugia\n|-damage|p2a: Lugia|76/100 psn\n|\n|-damage|p2a: Lugia|64/100 psn|[from] psn\n|upkeep\n|turn|50\n|inactive|Time left: 300 sec this turn | 300 sec total\n|\n|t:|1783572284\n|move|p2a: Lugia|Recover|p2a: Lugia\n|-heal|p2a: Lugia|100/100 psn\n|move|p1a: Weezing|Sludge Bomb|p2a: Lugia\n|-damage|p2a: Lugia|96/100 psn\n|\n|-damage|p2a: Lugia|84/100 psn|[from] psn\n|upkeep\n|turn|51\n|inactive|Time left: 300 sec this turn | 300 sec total\n|\n|t:|1783572285\n|move|p2a: Lugia|Calm Mind|p2a: Lugia\n|-boost|p2a: Lugia|spa|1\n|-boost|p2a: Lugia|spd|1\n|move|p1a: Weezing|Sludge Bomb|p2a: Lugia\n|-damage|p2a: Lugia|78/100 psn\n|\n|-damage|p2a: Lugia|66/100 psn|[from] psn\n|upkeep\n|turn|52\n|inactive|Time left: 300 sec this turn | 300 sec total\n|\n|t:|1783572286\n|move|p2a: Lugia|Calm Mind|p2a: Lugia\n|-boost|p2a: Lugia|spa|0\n|-boost|p2a: Lugia|spd|0\n|move|p1a: Weezing|Sludge Bomb|p2a: Lugia\n|-damage|p2a: Lugia|59/100 psn\n|\n|-damage|p2a: Lugia|47/100 psn|[from] psn\n|upkeep\n|turn|53\n|inactive|Time left: 300 sec this turn | 300 sec total\n|\n|t:|1783572287\n|move|p2a: Lugia|Recover|p2a: Lugia\n|-heal|p2a: Lugia|97/100 psn\n|move|p1a: Weezing|Sludge Bomb|p2a: Lugia\n|-damage|p2a: Lugia|90/100 psn\n|\n|-damage|p2a: Lugia|78/100 psn|[from] psn\n|upkeep\n|turn|54\n|inactive|Time left: 300 sec this turn | 300 sec total\n|\n|t:|1783572288\n|move|p2a: Lugia|Earth Power|p1a: Weezing\n|-immune|p1a: Weezing|[from] ability: Levitate\n|move|p1a: Weezing|Toxic Spikes||[still]\n|-fail|p1a: Weezing\n|\n|-damage|p2a: Lugia|66/100 psn|[from] psn\n|upkeep\n|turn|55\n|inactive|Time left: 300 sec this turn | 300 sec total\n|\n|t:|1783572289\n|move|p2a: Lugia|Earth Power|p1a: Weezing\n|-immune|p1a: Weezing|[from] ability: Levitate\n|move|p1a: Weezing|Toxic Spikes||[still]\n|-fail|p1a: Weezing\n|\n|-damage|p2a: Lugia|53/100 psn|[from] psn\n|upkeep\n|turn|56\n|inactive|Time left: 300 sec this turn | 300 sec total\n|\n|t:|1783572290\n|move|p2a: Lugia|Calm Mind|p2a: Lugia\n|-boost|p2a: Lugia|spa|0\n|-boost|p2a: Lugia|spd|0\n|move|p1a: Weezing|Fire Blast|p2a: Lugia\n|-crit|p2a: Lugia\n|-damage|p2a: Lugia|24/100 psn\n|\n|-damage|p2a: Lugia|11/100 psn|[from] psn\n|upkeep\n|turn|57\n|inactive|Time left: 300 sec this turn | 300 sec total\n|\n|t:|1783572291\n|switch|p2a: Blaziken|Blaziken, L76, M|53/100\n|-status|p2a: Blaziken|tox\n|move|p1a: Weezing|Pain Split|p2a: Blaziken\n|-sethp|p2a: Blaziken|79/100 tox|[from] move: Pain Split|[silent]\n|-sethp|p1a: Weezing|193/258|[from] move: Pain Split\n|\n|-heal|p1a: Weezing|209/258|[from] item: Leftovers\n|-damage|p2a: Blaziken|73/100 tox|[from] psn\n|upkeep\n|turn|58\n|inactive|Time left: 300 sec this turn | 300 sec total\n|\n|t:|1783572292\n|move|p2a: Blaziken|Close Combat|p1a: Weezing\n|-supereffective|p1a: Weezing\n|-damage|p1a: Weezing|0 fnt\n|-unboost|p2a: Blaziken|def|1\n|-unboost|p2a: Blaziken|spd|1\n|faint|p1a: Weezing\n|-damage|p2a: Blaziken|63/100 tox|[from] item: Life Orb\n|\n|win|p0y27975cee", "uploadtime": 1783572292, "views": 0, "rating": 0, "private": 0, "password": null, "_winner": "p0y27975cee", "_our_name": "p0x27972785"}