{"id": "battle-gen9randombattle-2722", "formatid": "gen9randombattle", "format": "[Gen 9] Random Battle", "players": ["p0x2722b4e6", "p0y27223266"], "log": "|init|battle\n|title|p0x2722b4e6 vs. p0y27223266\n|j|\u2606p0x2722b4e6\n|j|\u2606p0y27223266\n|t:|1783571383\n|gametype|singles\n|player|p1|p0x2722b4e6|169|\n|player|p2|p0y27223266|266|\n|gen|9\n|tier|[Gen 9] Random Battle\n|rule|Species Clause: Limit one of each Pok\u00e9mon\n|rule|HP Percentage Mod: HP is shown in percentages\n|rule|Sleep Clause Mod: Limit one foe put to sleep\n|rule|Illusion Level Mod: Illusion disguises the Pok\u00e9mon's true level\n|\n|t:|1783571383\n|teamsize|p1|6\n|teamsize|p2|6\n|start\n|switch|p1a: Iron Thorns|Iron Thorns, L83|100/100\n|switch|p2a: Flutter Mane|Flutter Mane, L74|203/203\n|-item|p1a: Iron Thorns|Air Balloon\n|turn|1\n|inactive|Battle timer is ON: inactive players will automatically lose when time's up. (requested by p0x2722b4e6)\n|inactive|Time left: 300 sec this turn | 300 sec total | 60 sec grace\n|inactive|p0y27223266 also wants the timer to be on.\n|\n|t:|1783571385\n|move|p2a: Flutter Mane|Moonblast|p1a: Iron Thorns\n|-damage|p1a: Iron Thorns|55/100\n|-enditem|p1a: Iron Thorns|Air Balloon\n|-damage|p2a: Flutter Mane|183/203|[from] item: Life Orb\n|move|p1a: Iron Thorns|Stone Edge|p2a: Flutter Mane\n|-damage|p2a: Flutter Mane|0 fnt\n|faint|p2a: Flutter Mane\n|-end|p2a: Flutter Mane|Protosynthesis|[silent]\n|\n|upkeep\n|inactive|Time left: 300 sec this turn | 300 sec total | 65 sec grace\n|\n|t:|1783571386\n|switch|p2a: Espeon|Espeon, L84, F|246/246\n|turn|2\n|inactive|Time left: 300 sec this turn | 300 sec total\n|\n|t:|1783571387\n|move|p2a: Espeon|Psychic|p1a: Iron Thorns\n|-damage|p1a: Iron Thorns|0 fnt\n|faint|p1a: Iron Thorns\n|-end|p1a: Iron Thorns|Quark Drive|[silent]\n|\n|upkeep\n|\n|t:|1783571388\n|switch|p1a: Indeedee|Indeedee-F, L90, F|100/100\n|-fieldstart|move: Psychic Terrain|[from] ability: Psychic Surge|[of] p1a: Indeedee\n|turn|3\n|inactive|Time left: 300 sec this turn | 300 sec total\n|\n|t:|1783571389\n|move|p2a: Espeon|Psychic|p1a: Indeedee\n|-resisted|p1a: Indeedee\n|-damage|p1a: Indeedee|68/100\n|-unboost|p1a: Indeedee|spd|1\n|move|p1a: Indeedee|Hyper Voice|p2a: Espeon\n|-damage|p2a: Espeon|102/246\n|\n|upkeep\n|turn|4\n|inactive|Time left: 300 sec this turn | 300 sec total\n|\n|t:|1783571391\n|move|p2a: Espeon|Psychic|p1a: Indeedee\n|-resisted|p1a: Indeedee\n|-damage|p1a: Indeedee|19/100\n|-unboost|p1a: Indeedee|spd|1\n|move|p1a: Indeedee|Hyper Voice|p2a: Espeon\n|-damage|p2a: Espeon|0 fnt\n|faint|p2a: Espeon\n|\n|upkeep\n|inactive|Time left: 300 sec this turn | 300 sec total | 5 sec grace\n|\n|t:|1783571392\n|switch|p2a: Pyroar|Pyroar, L88, M|295/295\n|-ability|p2a: Pyroar|Unnerve\n|turn|5\n|inactive|Time left: 300 sec this turn | 300 sec total\n|\n|t:|1783571393\n|move|p2a: Pyroar|Hyper Voice|p1a: Indeedee\n|-damage|p1a: Indeedee|0 fnt\n|faint|p1a: Indeedee\n|\n|upkeep\n|\n|t:|1783571394\n|switch|p1a: Espathra|Espathra, L80, M|100/100\n|turn|6\n|inactive|Time left: 300 sec this turn | 300 sec total\n|\n|t:|1783571394\n|move|p2a: Pyroar|Dark Pulse|p1a: Espathra\n|-supereffective|p1a: Espathra\n|-damage|p1a: Espathra|33/100\n|cant|p1a: Espathra|flinch\n|\n|-ability|p1a: Espathra|Speed Boost|boost\n|-boost|p1a: Espathra|spe|1\n|upkeep\n|turn|7\n|inactive|Time left: 300 sec this turn | 300 sec total\n|\n|t:|1783571396\n|move|p1a: Espathra|Lumina Crash|p2a: Pyroar\n|-damage|p2a: Pyroar|117/295\n|-unboost|p2a: Pyroar|spd|2\n|move|p2a: Pyroar|Fire Blast|p1a: Espathra\n|-damage|p1a: Espathra|0 fnt\n|faint|p1a: Espathra\n|\n|-fieldend|move: Psychic Terrain\n|upkeep\n|\n|t:|1783571396\n|switch|p1a: Registeel|Registeel, L81|100/100\n|turn|8\n|inactive|Time left: 300 sec this turn | 300 sec total\n|\n|t:|1783571397\n|move|p2a: Pyroar|Fire Blast|p1a: Registeel|[miss]\n|-miss|p2a: Pyroar|p1a: Registeel\n|move|p1a: Registeel|Iron Defense|p1a: Registeel\n|-boost|p1a: Registeel|def|2\n|\n|upkeep\n|turn|9\n|inactive|Time left: 300 sec this turn | 300 sec total\n|\n|t:|1783571398\n|-terastallize|p2a: Pyroar|Fire\n|move|p2a: Pyroar|Fire Blast|p1a: Registeel\n|-supereffective|p1a: Registeel\n|-crit|p1a: Registeel\n|-damage|p1a: Registeel|0 fnt\n|faint|p1a: Registeel\n|\n|upkeep\n|\n|t:|1783571399\n|switch|p1a: Meowscarada|Meowscarada, L78, M|100/100\n|turn|10\n|inactive|Time left: 300 sec this turn | 300 sec total\n|\n|t:|1783571400\n|move|p2a: Pyroar|Fire Blast|p1a: Meowscarada\n|-supereffective|p1a: Meowscarada\n|-damage|p1a: Meowscarada|0 fnt\n|faint|p1a: Meowscarada\n|\n|upkeep\n|\n|t:|1783571401\n|switch|p1a: Pikachu|Pikachu-Sinnoh, L93, F|100/100\n|turn|11\n|inactive|Time left: 300 sec this turn | 300 sec total\n|\n|t:|1783571402\n|move|p2a: Pyroar|Hyper Voice|p1a: Pikachu\n|-damage|p1a: Pikachu|31/100\n|move|p1a: Pikachu|Volt Switch|p2a: Pyroar\n|-damage|p2a: Pyroar|0 fnt\n|faint|p2a: Pyroar\n|\n|upkeep\n|inactive|Time left: 300 sec this turn | 300 sec total | 5 sec grace\n|\n|t:|1783571403\n|switch|p2a: Vespiquen|Vespiquen, L99, F|299/299\n|-ability|p2a: Vespiquen|Pressure\n|turn|12\n|inactive|Time left: 300 sec this turn | 300 sec total\n|\n|t:|1783571403\n|move|p1a: Pikachu|Play Rough|p2a: Vespiquen\n|-damage|p2a: Vespiquen|220/299\n|move|p2a: Vespiquen|U-turn|p1a: Pikachu\n|-damage|p1a: Pikachu|0 fnt\n|faint|p1a: Pikachu\n|\n|win|p0y27223266", "uploadtime": 1783571403, "views": 0, "rating": 0, "private": 0, "password": null, "_winner": "p0y27223266", "_our_name": "p0y27223266"}