{"id": "battle-gen9randombattle-1642", "formatid": "gen9randombattle", "format": "[Gen 9] Random Battle", "players": ["p0x16421335", "p0y16420302"], "log": "|init|battle\n|title|p0x16421335 vs. p0y16420302\n|j|\u2606p0x16421335\n|j|\u2606p0y16420302\n|t:|1783558267\n|gametype|singles\n|player|p1|p0x16421335|266|\n|player|p2|p0y16420302|101|\n|gen|9\n|tier|[Gen 9] Random Battle\n|rule|Species Clause: Limit one of each Pok\u00e9mon\n|rule|HP Percentage Mod: HP is shown in percentages\n|rule|Sleep Clause Mod: Limit one foe put to sleep\n|rule|Illusion Level Mod: Illusion disguises the Pok\u00e9mon's true level\n|\n|t:|1783558267\n|teamsize|p1|6\n|teamsize|p2|6\n|start\n|switch|p1a: Kricketune|Kricketune, L99, F|100/100\n|switch|p2a: Ninetales|Ninetales-Alola, L78, M|242/242\n|-weather|Snowscape|[from] ability: Snow Warning|[of] p2a: Ninetales\n|turn|1\n|inactive|Battle timer is ON: inactive players will automatically lose when time's up. (requested by p0y16420302)\n|inactive|p0x16421335 also wants the timer to be on.\n|\n|t:|1783558269\n|move|p2a: Ninetales|Aurora Veil|p2a: Ninetales\n|-sidestart|p2: p0y16420302|move: Aurora Veil\n|move|p1a: Kricketune|Sticky Web|p2a: Ninetales\n|-sidestart|p2: p0y16420302|move: Sticky Web\n|\n|-weather|Snowscape|[upkeep]\n|upkeep\n|turn|2\n|inactive|Time left: 300 sec this turn | 300 sec total\n|\n|t:|1783558270\n|move|p2a: Ninetales|Moonblast|p1a: Kricketune\n|-damage|p1a: Kricketune|67/100\n|move|p1a: Kricketune|Pounce|p2a: Ninetales\n|-resisted|p2a: Ninetales\n|-damage|p2a: Ninetales|224/242\n|-unboost|p2a: Ninetales|spe|1\n|\n|-weather|Snowscape|[upkeep]\n|upkeep\n|turn|3\n|inactive|Time left: 300 sec this turn | 300 sec total\n|\n|t:|1783558271\n|switch|p2a: Overqwil|Overqwil, L82, M|274/274\n|-activate|p2a: Overqwil|move: Sticky Web\n|-unboost|p2a: Overqwil|spe|1\n|-ability|p2a: Overqwil|Intimidate|boost\n|-unboost|p1a: Kricketune|atk|1\n|move|p1a: Kricketune|Pounce|p2a: Overqwil\n|-damage|p2a: Overqwil|241/274\n|-unboost|p2a: Overqwil|spe|1\n|\n|-weather|Snowscape|[upkeep]\n|upkeep\n|turn|4\n|inactive|Time left: 300 sec this turn | 300 sec total\n|\n|t:|1783558272\n|switch|p1a: Ting-Lu|Ting-Lu, L78|100/100\n|-ability|p1a: Ting-Lu|Vessel of Ruin\n|move|p2a: Overqwil|Crunch|p1a: Ting-Lu\n|-resisted|p1a: Ting-Lu\n|-damage|p1a: Ting-Lu|90/100\n|\n|-weather|Snowscape|[upkeep]\n|-heal|p1a: Ting-Lu|96/100|[from] item: Leftovers\n|upkeep\n|turn|5\n|inactive|Time left: 300 sec this turn | 300 sec total\n|\n|t:|1783558273\n|move|p1a: Ting-Lu|Stealth Rock|p2a: Overqwil\n|-sidestart|p2: p0y16420302|move: Stealth Rock\n|move|p2a: Overqwil|Swords Dance|p2a: Overqwil\n|-boost|p2a: Overqwil|atk|2\n|\n|-weather|none\n|-heal|p1a: Ting-Lu|100/100|[from] item: Leftovers\n|upkeep\n|turn|6\n|inactive|Time left: 300 sec this turn | 300 sec total\n|\n|t:|1783558274\n|move|p1a: Ting-Lu|Spikes|p2a: Overqwil\n|-sidestart|p2: p0y16420302|Spikes\n|move|p2a: Overqwil|Swords Dance|p2a: Overqwil\n|-boost|p2a: Overqwil|atk|2\n|\n|upkeep\n|turn|7\n|inactive|Time left: 300 sec this turn | 300 sec total\n|\n|t:|1783558275\n|move|p1a: Ting-Lu|Earthquake|p2a: Overqwil\n|-supereffective|p2a: Overqwil\n|-crit|p2a: Overqwil\n|-damage|p2a: Overqwil|0 fnt\n|faint|p2a: Overqwil\n|\n|upkeep\n|inactive|Time left: 300 sec this turn | 300 sec total | 5 sec grace\n|\n|t:|1783558276\n|switch|p2a: Gliscor|Gliscor, L76, M|239/239\n|-damage|p2a: Gliscor|210/239|[from] Stealth Rock\n|turn|8\n|inactive|Time left: 300 sec this turn | 300 sec total\n|\n|t:|1783558277\n|move|p2a: Gliscor|Toxic|p1a: Ting-Lu\n|-status|p1a: Ting-Lu|tox\n|move|p1a: Ting-Lu|Spikes|p2a: Gliscor\n|-sidestart|p2: p0y16420302|Spikes\n|\n|-damage|p1a: Ting-Lu|94/100 tox|[from] psn\n|-sideend|p2: p0y16420302|move: Aurora Veil\n|-status|p2a: Gliscor|tox|[from] item: Toxic Orb\n|upkeep\n|turn|9\n|inactive|Time left: 300 sec this turn | 300 sec total\n|\n|t:|1783558278\n|switch|p1a: Dewgong|Dewgong, L94, F|100/100\n|move|p2a: Gliscor|Earthquake|p1a: Dewgong\n|-damage|p1a: Dewgong|74/100\n|\n|-heal|p2a: Gliscor|239/239 tox|[from] ability: Poison Heal\n|upkeep\n|turn|10\n|inactive|Time left: 300 sec this turn | 300 sec total\n|\n|t:|1783558279\n|move|p2a: Gliscor|Protect|p2a: Gliscor\n|-singleturn|p2a: Gliscor|Protect\n|move|p1a: Dewgong|Ice Beam|p2a: Gliscor\n|-activate|p2a: Gliscor|move: Protect\n|\n|upkeep\n|turn|11\n|inactive|Time left: 300 sec this turn | 300 sec total\n|\n|t:|1783558280\n|move|p2a: Gliscor|Substitute|p2a: Gliscor\n|-start|p2a: Gliscor|Substitute\n|-damage|p2a: Gliscor|180/239 tox\n|move|p1a: Dewgong|Hydro Pump|p2a: Gliscor|[miss]\n|-miss|p1a: Dewgong|p2a: Gliscor\n|\n|-heal|p2a: Gliscor|209/239 tox|[from] ability: Poison Heal\n|upkeep\n|turn|12\n|inactive|Time left: 300 sec this turn | 300 sec total\n|\n|t:|1783558281\n|move|p2a: Gliscor|Toxic|p1a: Dewgong\n|-status|p1a: Dewgong|tox\n|move|p1a: Dewgong|Ice Beam|p2a: Gliscor\n|-supereffective|p2a: Gliscor\n|-end|p2a: Gliscor|Substitute\n|\n|-heal|p2a: Gliscor|238/239 tox|[from] ability: Poison Heal\n|-damage|p1a: Dewgong|68/100 tox|[from] psn\n|upkeep\n|turn|13\n|inactive|Time left: 300 sec this turn | 300 sec total\n|\n|t:|1783558282\n|move|p2a: Gliscor|Substitute|p2a: Gliscor\n|-start|p2a: Gliscor|Substitute\n|-damage|p2a: Gliscor|179/239 tox\n|move|p1a: Dewgong|Ice Beam|p2a: Gliscor\n|-supereffective|p2a: Gliscor\n|-end|p2a: Gliscor|Substitute\n|\n|-heal|p2a: Gliscor|208/239 tox|[from] ability: Poison Heal\n|-damage|p1a: Dewgong|56/100 tox|[from] psn\n|upkeep\n|turn|14\n|inactive|Time left: 300 sec this turn | 300 sec total\n|\n|t:|1783558283\n|move|p2a: Gliscor|Protect|p2a: Gliscor\n|-singleturn|p2a: Gliscor|Protect\n|move|p1a: Dewgong|Ice Beam|p2a: Gliscor\n|-activate|p2a: Gliscor|move: Protect\n|\n|-heal|p2a: Gliscor|237/239 tox|[from] ability: Poison Heal\n|-damage|p1a: Dewgong|37/100 tox|[from] psn\n|upkeep\n|turn|15\n|inactive|Time left: 300 sec this turn | 300 sec total\n|\n|t:|1783558284\n|move|p2a: Gliscor|Substitute|p2a: Gliscor\n|-start|p2a: Gliscor|Substitute\n|-damage|p2a: Gliscor|178/239 tox\n|move|p1a: Dewgong|Ice Beam|p2a: Gliscor\n|-supereffective|p2a: Gliscor\n|-end|p2a: Gliscor|Substitute\n|\n|-heal|p2a: Gliscor|207/239 tox|[from] ability: Poison Heal\n|-damage|p1a: Dewgong|12/100 tox|[from] psn\n|upkeep\n|turn|16\n|inactive|Time left: 300 sec this turn | 300 sec total\n|\n|t:|1783558285\n|switch|p1a: Ludicolo|Ludicolo, L90, F|100/100\n|move|p2a: Gliscor|Earthquake|p1a: Ludicolo\n|-resisted|p1a: Ludicolo\n|-damage|p1a: Ludicolo|85/100\n|\n|-heal|p2a: Gliscor|236/239 tox|[from] ability: Poison Heal\n|upkeep\n|turn|17\n|inactive|Time left: 300 sec this turn | 300 sec total\n|\n|t:|1783558286\n|move|p2a: Gliscor|Substitute|p2a: Gliscor\n|-start|p2a: Gliscor|Substitute\n|-damage|p2a: Gliscor|177/239 tox\n|move|p1a: Ludicolo|Giga Drain|p2a: Gliscor\n|-end|p2a: Gliscor|Substitute\n|-heal|p1a: Ludicolo|96/100|[from] drain|[of] p2a: Gliscor\n|-damage|p1a: Ludicolo|86/100|[from] item: Life Orb\n|\n|-heal|p2a: Gliscor|206/239 tox|[from] ability: Poison Heal\n|upkeep\n|turn|18\n|inactive|Time left: 300 sec this turn | 300 sec total\n|\n|t:|1783558287\n|move|p2a: Gliscor|Protect|p2a: Gliscor\n|-singleturn|p2a: Gliscor|Protect\n|move|p1a: Ludicolo|Ice Beam|p2a: Gliscor\n|-activate|p2a: Gliscor|move: Protect\n|\n|-heal|p2a: Gliscor|235/239 tox|[from] ability: Poison Heal\n|upkeep\n|turn|19\n|inactive|Time left: 300 sec this turn | 300 sec total\n|\n|t:|1783558288\n|move|p2a: Gliscor|Substitute|p2a: Gliscor\n|-start|p2a: Gliscor|Substitute\n|-damage|p2a: Gliscor|176/239 tox\n|move|p1a: Ludicolo|Ice Beam|p2a: Gliscor\n|-supereffective|p2a: Gliscor\n|-end|p2a: Gliscor|Substitute\n|-damage|p1a: Ludicolo|76/100|[from] item: Life Orb\n|\n|-heal|p2a: Gliscor|205/239 tox|[from] ability: Poison Heal\n|upkeep\n|turn|20\n|inactive|Time left: 300 sec this turn | 300 sec total\n|\n|t:|1783558289\n|move|p2a: Gliscor|Protect|p2a: Gliscor\n|-singleturn|p2a: Gliscor|Protect\n|move|p1a: Ludicolo|Hydro Pump|p2a: Gliscor\n|-activate|p2a: Gliscor|move: Protect\n|\n|-heal|p2a: Gliscor|234/239 tox|[from] ability: Poison Heal\n|upkeep\n|turn|21\n|inactive|Time left: 300 sec this turn | 300 sec total\n|\n|t:|1783558290\n|move|p2a: Gliscor|Substitute|p2a: Gliscor\n|-start|p2a: Gliscor|Substitute\n|-damage|p2a: Gliscor|175/239 tox\n|move|p1a: Ludicolo|Ice Beam|p2a: Gliscor\n|-supereffective|p2a: Gliscor\n|-end|p2a: Gliscor|Substitute\n|-damage|p1a: Ludicolo|66/100|[from] item: Life Orb\n|\n|-heal|p2a: Gliscor|204/239 tox|[from] ability: Poison Heal\n|upkeep\n|turn|22\n|inactive|Time left: 300 sec this turn | 300 sec total\n|\n|t:|1783558291\n|move|p2a: Gliscor|Protect|p2a: Gliscor\n|-singleturn|p2a: Gliscor|Protect\n|move|p1a: Ludicolo|Ice Beam|p2a: Gliscor\n|-activate|p2a: Gliscor|move: Protect\n|\n|-heal|p2a: Gliscor|233/239 tox|[from] ability: Poison Heal\n|upkeep\n|turn|23\n|inactive|Time left: 300 sec this turn | 300 sec total\n|\n|t:|1783558292\n|move|p2a: Gliscor|Substitute|p2a: Gliscor\n|-start|p2a: Gliscor|Substitute\n|-damage|p2a: Gliscor|174/239 tox\n|move|p1a: Ludicolo|Hydro Pump|p2a: Gliscor\n|-supereffective|p2a: Gliscor\n|-end|p2a: Gliscor|Substitute\n|-damage|p1a: Ludicolo|56/100|[from] item: Life Orb\n|\n|-heal|p2a: Gliscor|203/239 tox|[from] ability: Poison Heal\n|upkeep\n|turn|24\n|inactive|Time left: 300 sec this turn | 300 sec total\n|\n|t:|1783558293\n|move|p2a: Gliscor|Substitute|p2a: Gliscor\n|-start|p2a: Gliscor|Substitute\n|-damage|p2a: Gliscor|144/239 tox\n|move|p1a: Ludicolo|Hydro Pump|p2a: Gliscor\n|-supereffective|p2a: Gliscor\n|-end|p2a: Gliscor|Substitute\n|-damage|p1a: Ludicolo|46/100|[from] item: Life Orb\n|\n|-heal|p2a: Gliscor|173/239 tox|[from] ability: Poison Heal\n|upkeep\n|turn|25\n|inactive|Time left: 300 sec this turn | 300 sec total\n|\n|t:|1783558294\n|move|p2a: Gliscor|Protect|p2a: Gliscor\n|-singleturn|p2a: Gliscor|Protect\n|move|p1a: Ludicolo|Giga Drain|p2a: Gliscor\n|-activate|p2a: Gliscor|move: Protect\n|\n|-heal|p2a: Gliscor|202/239 tox|[from] ability: Poison Heal\n|upkeep\n|turn|26\n|inactive|Time left: 300 sec this turn | 300 sec total\n|\n|t:|1783558295\n|move|p2a: Gliscor|Substitute|p2a: Gliscor\n|-start|p2a: Gliscor|Substitute\n|-damage|p2a: Gliscor|143/239 tox\n|move|p1a: Ludicolo|Giga Drain|p2a: Gliscor\n|-end|p2a: Gliscor|Substitute\n|-heal|p1a: Ludicolo|56/100|[from] drain|[of] p2a: Gliscor\n|-damage|p1a: Ludicolo|46/100|[from] item: Life Orb\n|\n|-heal|p2a: Gliscor|172/239 tox|[from] ability: Poison Heal\n|upkeep\n|turn|27\n|inactive|Time left: 300 sec this turn | 300 sec total\n|\n|t:|1783558296\n|move|p2a: Gliscor|Protect|p2a: Gliscor\n|-singleturn|p2a: Gliscor|Protect\n|move|p1a: Ludicolo|Hydro Pump|p2a: Gliscor\n|-activate|p2a: Gliscor|move: Protect\n|\n|-heal|p2a: Gliscor|201/239 tox|[from] ability: Poison Heal\n|upkeep\n|turn|28\n|inactive|Time left: 300 sec this turn | 300 sec total\n|\n|t:|1783558297\n|move|p2a: Gliscor|Substitute|p2a: Gliscor\n|-start|p2a: Gliscor|Substitute\n|-damage|p2a: Gliscor|142/239 tox\n|move|p1a: Ludicolo|Giga Drain|p2a: Gliscor\n|-end|p2a: Gliscor|Substitute\n|-heal|p1a: Ludicolo|56/100|[from] drain|[of] p2a: Gliscor\n|-damage|p1a: Ludicolo|46/100|[from] item: Life Orb\n|\n|-heal|p2a: Gliscor|171/239 tox|[from] ability: Poison Heal\n|upkeep\n|turn|29\n|inactive|Time left: 300 sec this turn | 300 sec total\n|\n|t:|1783558298\n|move|p2a: Gliscor|Substitute|p2a: Gliscor\n|-start|p2a: Gliscor|Substitute\n|-damage|p2a: Gliscor|112/239 tox\n|move|p1a: Ludicolo|Hydro Pump|p2a: Gliscor\n|-supereffective|p2a: Gliscor\n|-end|p2a: Gliscor|Substitute\n|-damage|p1a: Ludicolo|36/100|[from] item: Life Orb\n|\n|-heal|p2a: Gliscor|141/239 tox|[from] ability: Poison Heal\n|upkeep\n|turn|30\n|inactive|Time left: 300 sec this turn | 300 sec total\n|\n|t:|1783558299\n|move|p2a: Gliscor|Substitute|p2a: Gliscor\n|-start|p2a: Gliscor|Substitute\n|-damage|p2a: Gliscor|82/239 tox\n|move|p1a: Ludicolo|Giga Drain|p2a: Gliscor\n|-end|p2a: Gliscor|Substitute\n|-heal|p1a: Ludicolo|47/100|[from] drain|[of] p2a: Gliscor\n|-damage|p1a: Ludicolo|37/100|[from] item: Life Orb\n|\n|-heal|p2a: Gliscor|111/239 tox|[from] ability: Poison Heal\n|upkeep\n|turn|31\n|inactive|Time left: 300 sec this turn | 300 sec total\n|\n|t:|1783558300\n|move|p2a: Gliscor|Substitute|p2a: Gliscor\n|-start|p2a: Gliscor|Substitute\n|-damage|p2a: Gliscor|52/239 tox\n|move|p1a: Ludicolo|Giga Drain|p2a: Gliscor\n|-end|p2a: Gliscor|Substitute\n|-heal|p1a: Ludicolo|47/100|[from] drain|[of] p2a: Gliscor\n|-damage|p1a: Ludicolo|37/100|[from] item: Life Orb\n|\n|-heal|p2a: Gliscor|81/239 tox|[from] ability: Poison Heal\n|upkeep\n|turn|32\n|inactive|Time left: 300 sec this turn | 300 sec total\n|\n|t:|1783558301\n|move|p2a: Gliscor|Protect|p2a: Gliscor\n|-singleturn|p2a: Gliscor|Protect\n|move|p1a: Ludicolo|Giga Drain|p2a: Gliscor\n|-activate|p2a: Gliscor|move: Protect\n|\n|-heal|p2a: Gliscor|110/239 tox|[from] ability: Poison Heal\n|upkeep\n|turn|33\n|inactive|Time left: 300 sec this turn | 300 sec total\n|\n|t:|1783558302\n|move|p2a: Gliscor|Substitute|p2a: Gliscor\n|-start|p2a: Gliscor|Substitute\n|-damage|p2a: Gliscor|51/239 tox\n|move|p1a: Ludicolo|Giga Drain|p2a: Gliscor\n|-end|p2a: Gliscor|Substitute\n|-heal|p1a: Ludicolo|47/100|[from] drain|[of] p2a: Gliscor\n|-damage|p1a: Ludicolo|37/100|[from] item: Life Orb\n|\n|-heal|p2a: Gliscor|80/239 tox|[from] ability: Poison Heal\n|upkeep\n|turn|34\n|inactive|Time left: 300 sec this turn | 300 sec total\n|\n|t:|1783558303\n|move|p2a: Gliscor|Substitute|p2a: Gliscor\n|-start|p2a: Gliscor|Substitute\n|-damage|p2a: Gliscor|21/239 tox\n|move|p1a: Ludicolo|Giga Drain|p2a: Gliscor\n|-end|p2a: Gliscor|Substitute\n|-heal|p1a: Ludicolo|48/100|[from] drain|[of] p2a: Gliscor\n|-damage|p1a: Ludicolo|38/100|[from] item: Life Orb\n|\n|-heal|p2a: Gliscor|50/239 tox|[from] ability: Poison Heal\n|upkeep\n|turn|35\n|inactive|Time left: 300 sec this turn | 300 sec total\n|\n|t:|1783558304\n|move|p2a: Gliscor|Protect|p2a: Gliscor\n|-singleturn|p2a: Gliscor|Protect\n|move|p1a: Ludicolo|Ice Beam|p2a: Gliscor\n|-activate|p2a: Gliscor|move: Protect\n|\n|-heal|p2a: Gliscor|79/239 tox|[from] ability: Poison Heal\n|upkeep\n|turn|36\n|inactive|Time left: 300 sec this turn | 300 sec total\n|\n|t:|1783558305\n|move|p2a: Gliscor|Substitute|p2a: Gliscor\n|-start|p2a: Gliscor|Substitute\n|-damage|p2a: Gliscor|20/239 tox\n|move|p1a: Ludicolo|Giga Drain|p2a: Gliscor\n|-end|p2a: Gliscor|Substitute\n|-heal|p1a: Ludicolo|48/100|[from] drain|[of] p2a: Gliscor\n|-damage|p1a: Ludicolo|38/100|[from] item: Life Orb\n|\n|-heal|p2a: Gliscor|49/239 tox|[from] ability: Poison Heal\n|upkeep\n|turn|37\n|inactive|Time left: 300 sec this turn | 300 sec total\n|\n|t:|1783558306\n|move|p2a: Gliscor|Protect|p2a: Gliscor\n|-singleturn|p2a: Gliscor|Protect\n|move|p1a: Ludicolo|Giga Drain|p2a: Gliscor\n|-activate|p2a: Gliscor|move: Protect\n|\n|-heal|p2a: Gliscor|78/239 tox|[from] ability: Poison Heal\n|upkeep\n|turn|38\n|inactive|Time left: 300 sec this turn | 300 sec total\n|\n|t:|1783558307\n|move|p2a: Gliscor|Toxic|p1a: Ludicolo\n|-status|p1a: Ludicolo|tox\n|move|p1a: Ludicolo|Giga Drain|p2a: Gliscor\n|-damage|p2a: Gliscor|0 fnt\n|-heal|p1a: Ludicolo|52/100 tox|[from] drain|[of] p2a: Gliscor\n|faint|p2a: Gliscor\n|-damage|p1a: Ludicolo|42/100 tox|[from] item: Life Orb\n|\n|-damage|p1a: Ludicolo|35/100 tox|[from] psn\n|upkeep\n|inactive|Time left: 300 sec this turn | 300 sec total | 5 sec grace\n|\n|t:|1783558308\n|switch|p2a: Thundurus|Thundurus, L80, M|258/258\n|-damage|p2a: Thundurus|194/258|[from] Stealth Rock\n|turn|39\n|inactive|Time left: 300 sec this turn | 300 sec total\n|\n|t:|1783558309\n|move|p2a: Thundurus|Acrobatics|p1a: Ludicolo\n|-supereffective|p1a: Ludicolo\n|-damage|p1a: Ludicolo|0 fnt\n|faint|p1a: Ludicolo\n|\n|upkeep\n|\n|t:|1783558310\n|switch|p1a: Ting-Lu|Ting-Lu, L78|94/100 tox\n|-ability|p1a: Ting-Lu|Vessel of Ruin\n|turn|40\n|inactive|Time left: 300 sec this turn | 300 sec total\n|\n|t:|1783558311\n|move|p2a: Thundurus|Acrobatics|p1a: Ting-Lu\n|-damage|p1a: Ting-Lu|68/100 tox\n|move|p1a: Ting-Lu|Throat Chop|p2a: Thundurus\n|-damage|p2a: Thundurus|92/258\n|-start|p2a: Thundurus|Throat Chop|[silent]\n|\n|-heal|p1a: Ting-Lu|75/100 tox|[from] item: Leftovers\n|-damage|p1a: Ting-Lu|68/100 tox|[from] psn\n|upkeep\n|turn|41\n|inactive|Time left: 300 sec this turn | 300 sec total\n|\n|t:|1783558312\n|move|p2a: Thundurus|Acrobatics|p1a: Ting-Lu\n|-damage|p1a: Ting-Lu|41/100 tox\n|move|p1a: Ting-Lu|Throat Chop|p2a: Thundurus\n|-damage|p2a: Thundurus|0 fnt\n|faint|p2a: Thundurus\n|\n|-heal|p1a: Ting-Lu|48/100 tox|[from] item: Leftovers\n|-damage|p1a: Ting-Lu|35/100 tox|[from] psn\n|upkeep\n|inactive|Time left: 300 sec this turn | 300 sec total | 5 sec grace\n|\n|t:|1783558313\n|switch|p2a: Ninetales|Ninetales-Alola, L78, M|224/242\n|-activate|p2a: Ninetales|move: Sticky Web\n|-unboost|p2a: Ninetales|spe|1\n|-damage|p2a: Ninetales|164/242|[from] Stealth Rock\n|-damage|p2a: Ninetales|124/242|[from] Spikes\n|-weather|Snowscape|[from] ability: Snow Warning|[of] p2a: Ninetales\n|turn|42\n|inactive|Time left: 300 sec this turn | 300 sec total\n|\n|t:|1783558313\n|switch|p1a: Tornadus|Tornadus, L82, M|100/100\n|move|p2a: Ninetales|Aurora Veil|p2a: Ninetales\n|-sidestart|p2: p0y16420302|move: Aurora Veil\n|\n|-weather|Snowscape|[upkeep]\n|upkeep\n|turn|43\n|inactive|Time left: 300 sec this turn | 300 sec total\n|\n|t:|1783558314\n|move|p1a: Tornadus|Nasty Plot|p1a: Tornadus\n|-boost|p1a: Tornadus|spa|2\n|move|p2a: Ninetales|Blizzard|p1a: Tornadus\n|-supereffective|p1a: Tornadus\n|-damage|p1a: Tornadus|32/100\n|\n|-weather|Snowscape|[upkeep]\n|upkeep\n|turn|44\n|inactive|Time left: 300 sec this turn | 300 sec total\n|\n|t:|1783558315\n|move|p1a: Tornadus|Heat Wave|p2a: Ninetales\n|-supereffective|p2a: Ninetales\n|-damage|p2a: Ninetales|0 fnt\n|faint|p2a: Ninetales\n|\n|-weather|Snowscape|[upkeep]\n|upkeep\n|inactive|Time left: 300 sec this turn | 300 sec total | 5 sec grace\n|\n|t:|1783558316\n|switch|p2a: Jolteon|Jolteon, L84, F|246/246\n|-activate|p2a: Jolteon|move: Sticky Web\n|-unboost|p2a: Jolteon|spe|1\n|-damage|p2a: Jolteon|216/246|[from] Stealth Rock\n|-damage|p2a: Jolteon|175/246|[from] Spikes\n|turn|45\n|inactive|Time left: 300 sec this turn | 300 sec total\n|\n|t:|1783558318\n|switch|p1a: Ting-Lu|Ting-Lu, L78|35/100 tox\n|-ability|p1a: Ting-Lu|Vessel of Ruin\n|move|p2a: Jolteon|Calm Mind|p2a: Jolteon\n|-boost|p2a: Jolteon|spa|1\n|-boost|p2a: Jolteon|spd|1\n|\n|-weather|Snowscape|[upkeep]\n|-heal|p1a: Ting-Lu|41/100 tox|[from] item: Leftovers\n|-damage|p1a: Ting-Lu|35/100 tox|[from] psn\n|upkeep\n|turn|46\n|inactive|Time left: 300 sec this turn | 300 sec total\n|\n|t:|1783558318\n|move|p2a: Jolteon|Alluring Voice|p1a: Ting-Lu\n|-supereffective|p1a: Ting-Lu\n|-damage|p1a: Ting-Lu|0 fnt\n|faint|p1a: Ting-Lu\n|-damage|p2a: Jolteon|151/246|[from] item: Life Orb\n|\n|-weather|none\n|upkeep\n|\n|t:|1783558319\n|switch|p1a: Sceptile|Sceptile, L87, F|100/100\n|turn|47\n|inactive|Time left: 300 sec this turn | 300 sec total\n|\n|t:|1783558320\n|move|p1a: Sceptile|Earthquake|p2a: Jolteon\n|-supereffective|p2a: Jolteon\n|-damage|p2a: Jolteon|44/246\n|-damage|p1a: Sceptile|91/100|[from] item: Life Orb\n|move|p2a: Jolteon|Calm Mind|p2a: Jolteon\n|-boost|p2a: Jolteon|spa|1\n|-boost|p2a: Jolteon|spd|1\n|\n|upkeep\n|turn|48\n|inactive|Time left: 300 sec this turn | 300 sec total\n|\n|t:|1783558322\n|move|p1a: Sceptile|Earthquake|p2a: Jolteon\n|-supereffective|p2a: Jolteon\n|-damage|p2a: Jolteon|0 fnt\n|faint|p2a: Jolteon\n|-damage|p1a: Sceptile|81/100|[from] item: Life Orb\n|\n|upkeep\n|inactive|Time left: 300 sec this turn | 300 sec total | 5 sec grace\n|\n|t:|1783558323\n|switch|p2a: Lokix|Lokix, L82, F|251/251\n|-activate|p2a: Lokix|move: Sticky Web\n|-unboost|p2a: Lokix|spe|1\n|-damage|p2a: Lokix|189/251|[from] Stealth Rock\n|-damage|p2a: Lokix|148/251|[from] Spikes\n|turn|49\n|inactive|Time left: 300 sec this turn | 300 sec total\n|\n|t:|1783558324\n|switch|p1a: Dewgong|Dewgong, L94, F|12/100 tox\n|move|p2a: Lokix|First Impression|p1a: Dewgong\n|-damage|p1a: Dewgong|0 fnt\n|faint|p1a: Dewgong\n|\n|-sideend|p2: p0y16420302|move: Aurora Veil\n|upkeep\n|\n|t:|1783558325\n|switch|p1a: Sceptile|Sceptile, L87, F|81/100\n|turn|50\n|inactive|Time left: 300 sec this turn | 300 sec total\n|\n|t:|1783558326\n|move|p1a: Sceptile|Rock Slide|p2a: Lokix\n|-supereffective|p2a: Lokix\n|-damage|p2a: Lokix|8/251\n|-damage|p1a: Sceptile|71/100|[from] item: Life Orb\n|cant|p2a: Lokix|flinch\n|\n|upkeep\n|turn|51\n|inactive|Time left: 300 sec this turn | 300 sec total\n|\n|t:|1783558327\n|-terastallize|p1a: Sceptile|Steel\n|-terastallize|p2a: Lokix|Bug\n|move|p2a: Lokix|Sucker Punch|p1a: Sceptile\n|-damage|p1a: Sceptile|39/100\n|move|p1a: Sceptile|Giga Drain|p2a: Lokix\n|-resisted|p2a: Lokix\n|-damage|p2a: Lokix|0 fnt\n|-heal|p1a: Sceptile|40/100|[from] drain|[of] p2a: Lokix\n|faint|p2a: Lokix\n|-damage|p1a: Sceptile|30/100|[from] item: Life Orb\n|\n|win|p0x16421335", "uploadtime": 1783558327, "views": 0, "rating": 0, "private": 0, "password": null, "_winner": "p0x16421335", "_our_name": "p0y16420302"}