{"id": "battle-gen9randombattle-2905", "formatid": "gen9randombattle", "format": "[Gen 9] Random Battle", "players": ["p0x2905fc5f", "p0y290580b4"], "log": "|init|battle\n|title|p0x2905fc5f vs. p0y290580b4\n|j|\u2606p0x2905fc5f\n|j|\u2606p0y290580b4\n|t:|1783572483\n|gametype|singles\n|player|p1|p0x2905fc5f|101|\n|player|p2|p0y290580b4|101|\n|gen|9\n|tier|[Gen 9] Random Battle\n|rule|Species Clause: Limit one of each Pok\u00e9mon\n|rule|HP Percentage Mod: HP is shown in percentages\n|rule|Sleep Clause Mod: Limit one foe put to sleep\n|rule|Illusion Level Mod: Illusion disguises the Pok\u00e9mon's true level\n|\n|t:|1783572483\n|teamsize|p1|6\n|teamsize|p2|6\n|start\n|switch|p1a: Perrserker|Perrserker, L89, F|269/269\n|switch|p2a: Sableye|Sableye, L88, F|100/100\n|turn|1\n|inactive|Battle timer is ON: inactive players will automatically lose when time's up. (requested by p0y290580b4)\n|inactive|Time left: 300 sec this turn | 300 sec total | 60 sec grace\n|inactive|p0x2905fc5f also wants the timer to be on.\n|\n|t:|1783572485\n|move|p1a: Perrserker|Knock Off|p2a: Sableye\n|-damage|p2a: Sableye|25/100\n|-enditem|p2a: Sableye|Leftovers|[from] move: Knock Off|[of] p1a: Perrserker\n|move|p2a: Sableye|Knock Off|p1a: Perrserker\n|-crit|p1a: Perrserker\n|-damage|p1a: Perrserker|154/269\n|-enditem|p1a: Perrserker|Choice Band|[from] move: Knock Off|[of] p2a: Sableye\n|\n|upkeep\n|turn|2\n|inactive|Time left: 300 sec this turn | 300 sec total\n|\n|t:|1783572485\n|move|p2a: Sableye|Recover|p2a: Sableye\n|-heal|p2a: Sableye|75/100\n|move|p1a: Perrserker|Iron Head|p2a: Sableye\n|-damage|p2a: Sableye|11/100\n|\n|upkeep\n|turn|3\n|inactive|Time left: 300 sec this turn | 300 sec total\n|\n|t:|1783572486\n|move|p2a: Sableye|Recover|p2a: Sableye\n|-heal|p2a: Sableye|62/100\n|move|p1a: Perrserker|Iron Head|p2a: Sableye\n|-damage|p2a: Sableye|0 fnt\n|faint|p2a: Sableye\n|\n|upkeep\n|\n|t:|1783572487\n|switch|p2a: Typhlosion|Typhlosion-Hisui, L83, M|100/100\n|turn|4\n|inactive|Time left: 300 sec this turn | 300 sec total\n|\n|t:|1783572488\n|move|p2a: Typhlosion|Eruption|p1a: Perrserker\n|-supereffective|p1a: Perrserker\n|-damage|p1a: Perrserker|0 fnt\n|faint|p1a: Perrserker\n|\n|upkeep\n|inactive|Time left: 300 sec this turn | 300 sec total | 5 sec grace\n|\n|t:|1783572489\n|switch|p1a: Noivern|Noivern, L82, M|274/274\n|turn|5\n|inactive|Time left: 300 sec this turn | 300 sec total\n|\n|t:|1783572490\n|move|p1a: Noivern|Hurricane|p2a: Typhlosion\n|-damage|p2a: Typhlosion|60/100\n|-start|p2a: Typhlosion|confusion\n|-activate|p2a: Typhlosion|confusion\n|-damage|p2a: Typhlosion|50/100|[from] confusion\n|\n|upkeep\n|turn|6\n|inactive|Time left: 300 sec this turn | 300 sec total\n|\n|t:|1783572491\n|switch|p2a: Slowbro|Slowbro, L85, M|100/100\n|move|p1a: Noivern|Hurricane|p2a: Slowbro\n|-damage|p2a: Slowbro|61/100\n|\n|-heal|p2a: Slowbro|67/100|[from] item: Leftovers\n|upkeep\n|turn|7\n|inactive|Time left: 300 sec this turn | 300 sec total\n|\n|t:|1783572493\n|move|p1a: Noivern|Hurricane|p2a: Slowbro\n|-damage|p2a: Slowbro|27/100\n|move|p2a: Slowbro|Slack Off|p2a: Slowbro\n|-heal|p2a: Slowbro|77/100\n|\n|-heal|p2a: Slowbro|83/100|[from] item: Leftovers\n|upkeep\n|turn|8\n|inactive|Time left: 300 sec this turn | 300 sec total\n|\n|t:|1783572494\n|move|p1a: Noivern|Hurricane|p2a: Slowbro\n|-damage|p2a: Slowbro|41/100\n|move|p2a: Slowbro|Iron Defense|p2a: Slowbro\n|-boost|p2a: Slowbro|def|2\n|\n|-heal|p2a: Slowbro|47/100|[from] item: Leftovers\n|upkeep\n|turn|9\n|inactive|Time left: 300 sec this turn | 300 sec total\n|\n|t:|1783572495\n|move|p1a: Noivern|Hurricane|p2a: Slowbro\n|-damage|p2a: Slowbro|9/100\n|move|p2a: Slowbro|Slack Off|p2a: Slowbro\n|-heal|p2a: Slowbro|59/100\n|\n|-heal|p2a: Slowbro|65/100|[from] item: Leftovers\n|upkeep\n|turn|10\n|inactive|Time left: 300 sec this turn | 300 sec total\n|\n|t:|1783572496\n|move|p1a: Noivern|Hurricane|p2a: Slowbro\n|-damage|p2a: Slowbro|26/100\n|move|p2a: Slowbro|Scald|p1a: Noivern\n|-resisted|p1a: Noivern\n|-damage|p1a: Noivern|229/274\n|\n|-heal|p2a: Slowbro|32/100|[from] item: Leftovers\n|upkeep\n|turn|11\n|inactive|Time left: 300 sec this turn | 300 sec total\n|\n|t:|1783572498\n|switch|p2a: Swalot|Swalot, L90, M|100/100\n|move|p1a: Noivern|Hurricane|p2a: Swalot\n|-damage|p2a: Swalot|70/100\n|\n|-heal|p2a: Swalot|76/100|[from] item: Leftovers\n|upkeep\n|turn|12\n|inactive|Time left: 300 sec this turn | 300 sec total\n|\n|t:|1783572499\n|move|p1a: Noivern|Hurricane|p2a: Swalot|[miss]\n|-miss|p1a: Noivern|p2a: Swalot\n|move|p2a: Swalot|Sludge Bomb|p1a: Noivern\n|-damage|p1a: Noivern|130/274\n|-status|p1a: Noivern|psn\n|\n|-heal|p2a: Swalot|82/100|[from] item: Leftovers\n|-damage|p1a: Noivern|96/274 psn|[from] psn\n|upkeep\n|turn|13\n|inactive|Time left: 300 sec this turn | 300 sec total\n|\n|t:|1783572500\n|move|p1a: Noivern|Roost|p1a: Noivern\n|-heal|p1a: Noivern|233/274 psn\n|-singleturn|p1a: Noivern|move: Roost\n|move|p2a: Swalot|Sludge Bomb|p1a: Noivern\n|-damage|p1a: Noivern|137/274 psn\n|\n|-heal|p2a: Swalot|88/100|[from] item: Leftovers\n|-damage|p1a: Noivern|103/274 psn|[from] psn\n|upkeep\n|turn|14\n|inactive|Time left: 300 sec this turn | 300 sec total\n|\n|t:|1783572501\n|move|p1a: Noivern|Roost|p1a: Noivern\n|-heal|p1a: Noivern|240/274 psn\n|-singleturn|p1a: Noivern|move: Roost\n|move|p2a: Swalot|Sludge Bomb|p1a: Noivern\n|-damage|p1a: Noivern|138/274 psn\n|\n|-heal|p2a: Swalot|94/100|[from] item: Leftovers\n|-damage|p1a: Noivern|104/274 psn|[from] psn\n|upkeep\n|turn|15\n|inactive|Time left: 300 sec this turn | 300 sec total\n|\n|t:|1783572502\n|move|p1a: Noivern|Roost|p1a: Noivern\n|-heal|p1a: Noivern|241/274 psn\n|-singleturn|p1a: Noivern|move: Roost\n|move|p2a: Swalot|Sludge Bomb|p1a: Noivern\n|-damage|p1a: Noivern|144/274 psn\n|\n|-heal|p2a: Swalot|100/100|[from] item: Leftovers\n|-damage|p1a: Noivern|110/274 psn|[from] psn\n|upkeep\n|turn|16\n|inactive|Time left: 300 sec this turn | 300 sec total\n|\n|t:|1783572503\n|move|p1a: Noivern|Roost|p1a: Noivern\n|-heal|p1a: Noivern|247/274 psn\n|-singleturn|p1a: Noivern|move: Roost\n|move|p2a: Swalot|Sludge Bomb|p1a: Noivern\n|-damage|p1a: Noivern|153/274 psn\n|\n|-damage|p1a: Noivern|119/274 psn|[from] psn\n|upkeep\n|turn|17\n|inactive|Time left: 300 sec this turn | 300 sec total\n|\n|t:|1783572504\n|move|p1a: Noivern|Roost|p1a: Noivern\n|-heal|p1a: Noivern|256/274 psn\n|-singleturn|p1a: Noivern|move: Roost\n|move|p2a: Swalot|Sludge Bomb|p1a: Noivern\n|-damage|p1a: Noivern|148/274 psn\n|\n|-damage|p1a: Noivern|114/274 psn|[from] psn\n|upkeep\n|turn|18\n|inactive|Time left: 300 sec this turn | 300 sec total\n|\n|t:|1783572505\n|move|p1a: Noivern|Roost|p1a: Noivern\n|-heal|p1a: Noivern|251/274 psn\n|-singleturn|p1a: Noivern|move: Roost\n|move|p2a: Swalot|Sludge Bomb|p1a: Noivern\n|-damage|p1a: Noivern|160/274 psn\n|\n|-damage|p1a: Noivern|126/274 psn|[from] psn\n|upkeep\n|turn|19\n|inactive|Time left: 300 sec this turn | 300 sec total\n|\n|t:|1783572506\n|move|p1a: Noivern|Roost|p1a: Noivern\n|-heal|p1a: Noivern|263/274 psn\n|-singleturn|p1a: Noivern|move: Roost\n|move|p2a: Swalot|Sludge Bomb|p1a: Noivern\n|-damage|p1a: Noivern|167/274 psn\n|\n|-damage|p1a: Noivern|133/274 psn|[from] psn\n|upkeep\n|turn|20\n|inactive|Time left: 300 sec this turn | 300 sec total\n|\n|t:|1783572507\n|move|p1a: Noivern|Roost|p1a: Noivern\n|-heal|p1a: Noivern|270/274 psn\n|-singleturn|p1a: Noivern|move: Roost\n|move|p2a: Swalot|Sludge Bomb|p1a: Noivern\n|-damage|p1a: Noivern|179/274 psn\n|\n|-damage|p1a: Noivern|145/274 psn|[from] psn\n|upkeep\n|turn|21\n|inactive|Time left: 300 sec this turn | 300 sec total\n|\n|t:|1783572507\n|move|p1a: Noivern|Hurricane|p2a: Swalot\n|-damage|p2a: Swalot|66/100\n|move|p2a: Swalot|Sludge Bomb|p1a: Noivern\n|-damage|p1a: Noivern|45/274 psn\n|\n|-heal|p2a: Swalot|73/100|[from] item: Leftovers\n|-damage|p1a: Noivern|11/274 psn|[from] psn\n|upkeep\n|turn|22\n|inactive|Time left: 300 sec this turn | 300 sec total\n|\n|t:|1783572508\n|move|p1a: Noivern|Draco Meteor|p2a: Swalot\n|-damage|p2a: Swalot|35/100\n|-unboost|p1a: Noivern|spa|2\n|move|p2a: Swalot|Sludge Bomb|p1a: Noivern\n|-damage|p1a: Noivern|0 fnt\n|faint|p1a: Noivern\n|\n|-heal|p2a: Swalot|41/100|[from] item: Leftovers\n|upkeep\n|inactive|Time left: 300 sec this turn | 300 sec total | 5 sec grace\n|\n|t:|1783572509\n|switch|p1a: Dunsparce|Dunsparce, L86, M|312/312\n|turn|23\n|inactive|Time left: 300 sec this turn | 300 sec total\n|\n|t:|1783572510\n|move|p2a: Swalot|Toxic|p1a: Dunsparce\n|-status|p1a: Dunsparce|tox\n|move|p1a: Dunsparce|Coil|p1a: Dunsparce\n|-boost|p1a: Dunsparce|atk|1\n|-boost|p1a: Dunsparce|def|1\n|-boost|p1a: Dunsparce|accuracy|1\n|\n|-heal|p2a: Swalot|47/100|[from] item: Leftovers\n|-damage|p1a: Dunsparce|293/312 tox|[from] psn\n|upkeep\n|turn|24\n|inactive|Time left: 300 sec this turn | 300 sec total\n|\n|t:|1783572511\n|switch|p2a: Slowbro|Slowbro, L85, M|65/100\n|move|p1a: Dunsparce|Earthquake|p2a: Slowbro\n|-damage|p2a: Slowbro|40/100\n|\n|-heal|p2a: Slowbro|46/100|[from] item: Leftovers\n|-damage|p1a: Dunsparce|255/312 tox|[from] psn\n|upkeep\n|turn|25\n|inactive|Time left: 300 sec this turn | 300 sec total\n|\n|t:|1783572512\n|move|p1a: Dunsparce|Body Slam|p2a: Slowbro\n|-damage|p2a: Slowbro|14/100\n|move|p2a: Slowbro|Iron Defense|p2a: Slowbro\n|-boost|p2a: Slowbro|def|2\n|\n|-heal|p2a: Slowbro|20/100|[from] item: Leftovers\n|-damage|p1a: Dunsparce|198/312 tox|[from] psn\n|upkeep\n|turn|26\n|inactive|Time left: 300 sec this turn | 300 sec total\n|\n|t:|1783572513\n|move|p1a: Dunsparce|Body Slam|p2a: Slowbro\n|-damage|p2a: Slowbro|4/100\n|-status|p2a: Slowbro|par\n|move|p2a: Slowbro|Slack Off|p2a: Slowbro\n|-heal|p2a: Slowbro|54/100 par\n|\n|-heal|p2a: Slowbro|60/100 par|[from] item: Leftovers\n|-damage|p1a: Dunsparce|122/312 tox|[from] psn\n|upkeep\n|turn|27\n|inactive|Time left: 300 sec this turn | 300 sec total\n|\n|t:|1783572515\n|move|p1a: Dunsparce|Roost|p1a: Dunsparce\n|-heal|p1a: Dunsparce|278/312 tox\n|-singleturn|p1a: Dunsparce|move: Roost\n|move|p2a: Slowbro|Slack Off|p2a: Slowbro\n|-heal|p2a: Slowbro|100/100 par\n|\n|-damage|p1a: Dunsparce|183/312 tox|[from] psn\n|upkeep\n|turn|28\n|inactive|Time left: 300 sec this turn | 300 sec total\n|\n|t:|1783572516\n|switch|p1a: Misdreavus|Misdreavus, L90, M|254/254\n|cant|p2a: Slowbro|par\n|\n|upkeep\n|turn|29\n|inactive|Time left: 300 sec this turn | 300 sec total\n|\n|t:|1783572516\n|move|p1a: Misdreavus|Calm Mind|p1a: Misdreavus\n|-boost|p1a: Misdreavus|spa|1\n|-boost|p1a: Misdreavus|spd|1\n|move|p2a: Slowbro|Scald|p1a: Misdreavus\n|-damage|p1a: Misdreavus|218/254\n|\n|upkeep\n|turn|30\n|inactive|Time left: 300 sec this turn | 300 sec total\n|\n|t:|1783572518\n|move|p1a: Misdreavus|Shadow Ball|p2a: Slowbro\n|-supereffective|p2a: Slowbro\n|-damage|p2a: Slowbro|12/100 par\n|-unboost|p2a: Slowbro|spd|1\n|move|p2a: Slowbro|Iron Defense|p2a: Slowbro\n|-boost|p2a: Slowbro|def|2\n|\n|-heal|p2a: Slowbro|18/100 par|[from] item: Leftovers\n|upkeep\n|turn|31\n|inactive|Time left: 300 sec this turn | 300 sec total\n|\n|t:|1783572519\n|switch|p2a: Swalot|Swalot, L90, M|47/100\n|move|p1a: Misdreavus|Shadow Ball|p2a: Swalot\n|-damage|p2a: Swalot|5/100\n|\n|-heal|p2a: Swalot|12/100|[from] item: Leftovers\n|upkeep\n|turn|32\n|inactive|Time left: 300 sec this turn | 300 sec total\n|\n|t:|1783572520\n|move|p1a: Misdreavus|Shadow Ball|p2a: Swalot\n|-damage|p2a: Swalot|0 fnt\n|faint|p2a: Swalot\n|\n|upkeep\n|\n|t:|1783572521\n|switch|p2a: Krookodile|Krookodile, L79, F|100/100\n|-ability|p2a: Krookodile|Intimidate|boost\n|-unboost|p1a: Misdreavus|atk|1\n|turn|33\n|inactive|Time left: 300 sec this turn | 300 sec total\n|\n|t:|1783572522\n|move|p2a: Krookodile|Knock Off|p1a: Misdreavus\n|-supereffective|p1a: Misdreavus\n|-damage|p1a: Misdreavus|30/254\n|-enditem|p1a: Misdreavus|Eviolite|[from] move: Knock Off|[of] p2a: Krookodile\n|move|p1a: Misdreavus|Will-O-Wisp|p2a: Krookodile\n|-status|p2a: Krookodile|brn\n|\n|-damage|p2a: Krookodile|94/100 brn|[from] brn\n|upkeep\n|turn|34\n|inactive|Time left: 300 sec this turn | 300 sec total\n|\n|t:|1783572523\n|-terastallize|p1a: Misdreavus|Fairy\n|move|p2a: Krookodile|Knock Off|p1a: Misdreavus\n|-resisted|p1a: Misdreavus\n|-damage|p1a: Misdreavus|8/254\n|move|p1a: Misdreavus|Draining Kiss|p2a: Krookodile\n|-supereffective|p2a: Krookodile\n|-damage|p2a: Krookodile|9/100 brn\n|-heal|p1a: Misdreavus|188/254|[from] drain|[of] p2a: Krookodile\n|\n|-damage|p2a: Krookodile|3/100 brn|[from] brn\n|upkeep\n|turn|35\n|inactive|Time left: 300 sec this turn | 300 sec total\n|\n|t:|1783572524\n|move|p2a: Krookodile|Knock Off|p1a: Misdreavus\n|-resisted|p1a: Misdreavus\n|-damage|p1a: Misdreavus|166/254\n|move|p1a: Misdreavus|Calm Mind|p1a: Misdreavus\n|-boost|p1a: Misdreavus|spa|1\n|-boost|p1a: Misdreavus|spd|1\n|\n|-damage|p2a: Krookodile|0 fnt|[from] brn\n|faint|p2a: Krookodile\n|upkeep\n|\n|t:|1783572525\n|switch|p2a: Typhlosion|Typhlosion-Hisui, L83, M|50/100\n|turn|36\n|inactive|Time left: 300 sec this turn | 300 sec total\n|\n|t:|1783572526\n|move|p2a: Typhlosion|Fire Blast|p1a: Misdreavus\n|-damage|p1a: Misdreavus|61/254\n|move|p1a: Misdreavus|Shadow Ball|p2a: Typhlosion\n|-supereffective|p2a: Typhlosion\n|-damage|p2a: Typhlosion|0 fnt\n|faint|p2a: Typhlosion\n|\n|upkeep\n|\n|t:|1783572527\n|switch|p2a: Slowbro|Slowbro, L85, M|51/100 par\n|turn|37\n|inactive|Time left: 300 sec this turn | 300 sec total\n|\n|t:|1783572528\n|switch|p2a: Poliwrath|Poliwrath, L88, M|100/100\n|move|p1a: Misdreavus|Draining Kiss|p2a: Poliwrath\n|-supereffective|p2a: Poliwrath\n|-crit|p2a: Poliwrath\n|-damage|p2a: Poliwrath|0 fnt\n|-heal|p1a: Misdreavus|254/254|[from] drain|[of] p2a: Poliwrath\n|faint|p2a: Poliwrath\n|\n|upkeep\n|\n|t:|1783572528\n|switch|p2a: Slowbro|Slowbro, L85, M|84/100 par\n|turn|38\n|inactive|Time left: 300 sec this turn | 300 sec total\n|\n|t:|1783572529\n|-terastallize|p2a: Slowbro|Fighting\n|move|p1a: Misdreavus|Shadow Ball|p2a: Slowbro\n|-damage|p2a: Slowbro|16/100 par\n|cant|p2a: Slowbro|par\n|\n|-heal|p2a: Slowbro|22/100 par|[from] item: Leftovers\n|upkeep\n|turn|39\n|inactive|Time left: 300 sec this turn | 300 sec total\n|\n|t:|1783572530\n|move|p1a: Misdreavus|Draining Kiss|p2a: Slowbro\n|-supereffective|p2a: Slowbro\n|-damage|p2a: Slowbro|0 fnt\n|faint|p2a: Slowbro\n|\n|win|p0x2905fc5f", "uploadtime": 1783572530, "views": 0, "rating": 0, "private": 0, "password": null, "_winner": "p0x2905fc5f", "_our_name": "p0x2905fc5f"}