{"id": "battle-gen9randombattle-1071", "formatid": "gen9randombattle", "format": "[Gen 9] Random Battle", "players": ["p0x10712ba2", "p0y1071da51"], "log": "|init|battle\n|title|p0x10712ba2 vs. p0y1071da51\n|j|\u2606p0x10712ba2\n|j|\u2606p0y1071da51\n|t:|1783552301\n|gametype|singles\n|player|p1|p0x10712ba2|169|\n|player|p2|p0y1071da51|101|\n|gen|9\n|tier|[Gen 9] Random Battle\n|rule|Species Clause: Limit one of each Pok\u00e9mon\n|rule|HP Percentage Mod: HP is shown in percentages\n|rule|Sleep Clause Mod: Limit one foe put to sleep\n|rule|Illusion Level Mod: Illusion disguises the Pok\u00e9mon's true level\n|\n|t:|1783552301\n|teamsize|p1|6\n|teamsize|p2|6\n|start\n|switch|p1a: Hoopa|Hoopa-Unbound, L80|100/100\n|switch|p2a: Pecharunt|Pecharunt, L77|262/262\n|turn|1\n|inactive|Battle timer is ON: inactive players will automatically lose when time's up. (requested by p0x10712ba2)\n|inactive|Time left: 300 sec this turn | 300 sec total | 60 sec grace\n|\n|t:|1783552303\n|switch|p2a: Yanmega|Yanmega, L82, F|275/275\n|move|p1a: Hoopa|Psychic|p2a: Yanmega\n|-damage|p2a: Yanmega|91/275\n|\n|upkeep\n|turn|2\n|inactive|Time left: 300 sec this turn | 300 sec total\n|inactive|p0y1071da51 also wants the timer to be on.\n|\n|t:|1783552304\n|switch|p2a: Crawdaunt|Crawdaunt, L84, M|243/243\n|-terastallize|p1a: Hoopa|Poison\n|move|p1a: Hoopa|Psychic|p2a: Crawdaunt\n|-immune|p2a: Crawdaunt\n|\n|upkeep\n|turn|3\n|inactive|Time left: 300 sec this turn | 300 sec total\n|\n|t:|1783552305\n|move|p1a: Hoopa|Focus Blast|p2a: Crawdaunt|[miss]\n|-miss|p1a: Hoopa|p2a: Crawdaunt\n|move|p2a: Crawdaunt|Knock Off|p1a: Hoopa\n|-damage|p1a: Hoopa|0 fnt\n|-enditem|p1a: Hoopa|Assault Vest|[from] move: Knock Off|[of] p2a: Crawdaunt\n|faint|p1a: Hoopa\n|-damage|p2a: Crawdaunt|219/243|[from] item: Life Orb\n|\n|upkeep\n|\n|t:|1783552306\n|switch|p1a: Plusle|Plusle, L95, F|100/100\n|turn|4\n|inactive|Time left: 300 sec this turn | 300 sec total\n|\n|t:|1783552308\n|switch|p2a: Gogoat|Gogoat, L88, M|360/360\n|move|p1a: Plusle|Thunderbolt|p2a: Gogoat\n|-resisted|p2a: Gogoat\n|-damage|p2a: Gogoat|294/360\n|-damage|p1a: Plusle|91/100|[from] item: Life Orb\n|\n|-heal|p2a: Gogoat|316/360|[from] item: Leftovers\n|upkeep\n|turn|5\n|inactive|Time left: 300 sec this turn | 300 sec total\n|\n|t:|1783552309\n|switch|p1a: Mesprit|Mesprit, L85|100/100\n|move|p2a: Gogoat|Earthquake|p1a: Mesprit\n|-immune|p1a: Mesprit|[from] ability: Levitate\n|\n|-heal|p2a: Gogoat|338/360|[from] item: Leftovers\n|upkeep\n|turn|6\n|inactive|Time left: 300 sec this turn | 300 sec total\n|\n|t:|1783552310\n|move|p1a: Mesprit|Psychic Noise|p2a: Gogoat\n|-damage|p2a: Gogoat|241/360\n|-start|p2a: Gogoat|move: Heal Block\n|move|p2a: Gogoat|Bulk Up|p2a: Gogoat\n|-boost|p2a: Gogoat|atk|1\n|-boost|p2a: Gogoat|def|1\n|\n|upkeep\n|turn|7\n|inactive|Time left: 300 sec this turn | 300 sec total\n|\n|t:|1783552311\n|move|p1a: Mesprit|Encore|p2a: Gogoat\n|-start|p2a: Gogoat|Encore\n|move|p2a: Gogoat|Bulk Up|p2a: Gogoat\n|-boost|p2a: Gogoat|atk|1\n|-boost|p2a: Gogoat|def|1\n|\n|-end|p2a: Gogoat|move: Heal Block\n|upkeep\n|turn|8\n|inactive|Time left: 300 sec this turn | 300 sec total\n|\n|t:|1783552312\n|switch|p2a: Crawdaunt|Crawdaunt, L84, M|219/243\n|move|p1a: Mesprit|Thunder Wave|p2a: Crawdaunt\n|-status|p2a: Crawdaunt|par\n|\n|upkeep\n|turn|9\n|inactive|Time left: 300 sec this turn | 300 sec total\n|\n|t:|1783552313\n|move|p1a: Mesprit|U-turn|p2a: Crawdaunt\n|-supereffective|p2a: Crawdaunt\n|-damage|p2a: Crawdaunt|101/243 par\n|\n|t:|1783552314\n|switch|p1a: Snorlax|Snorlax, L82, F|100/100|[from] U-turn\n|move|p2a: Crawdaunt|Knock Off|p1a: Snorlax\n|-damage|p1a: Snorlax|34/100\n|-enditem|p1a: Snorlax|Leftovers|[from] move: Knock Off|[of] p2a: Crawdaunt\n|-damage|p2a: Crawdaunt|77/243 par|[from] item: Life Orb\n|\n|upkeep\n|turn|10\n|inactive|Time left: 300 sec this turn | 300 sec total\n|\n|t:|1783552315\n|move|p2a: Crawdaunt|Aqua Jet|p1a: Snorlax\n|-damage|p1a: Snorlax|7/100\n|-damage|p2a: Crawdaunt|53/243 par|[from] item: Life Orb\n|move|p1a: Snorlax|Body Slam|p2a: Crawdaunt\n|-damage|p2a: Crawdaunt|0 fnt\n|faint|p2a: Crawdaunt\n|\n|upkeep\n|inactive|Time left: 300 sec this turn | 300 sec total | 5 sec grace\n|\n|t:|1783552316\n|switch|p2a: Gogoat|Gogoat, L88, M|241/360\n|turn|11\n|inactive|Time left: 300 sec this turn | 300 sec total\n|\n|t:|1783552317\n|switch|p1a: Mesprit|Mesprit, L85|100/100\n|move|p2a: Gogoat|Bulk Up|p2a: Gogoat\n|-boost|p2a: Gogoat|atk|1\n|-boost|p2a: Gogoat|def|1\n|\n|-heal|p2a: Gogoat|263/360|[from] item: Leftovers\n|upkeep\n|turn|12\n|inactive|Time left: 300 sec this turn | 300 sec total\n|\n|t:|1783552318\n|move|p1a: Mesprit|Psychic Noise|p2a: Gogoat\n|-damage|p2a: Gogoat|181/360\n|-start|p2a: Gogoat|move: Heal Block\n|move|p2a: Gogoat|Bulk Up|p2a: Gogoat\n|-boost|p2a: Gogoat|atk|1\n|-boost|p2a: Gogoat|def|1\n|\n|upkeep\n|turn|13\n|inactive|Time left: 300 sec this turn | 300 sec total\n|\n|t:|1783552320\n|move|p1a: Mesprit|Encore|p2a: Gogoat\n|-start|p2a: Gogoat|Encore\n|move|p2a: Gogoat|Bulk Up|p2a: Gogoat\n|-boost|p2a: Gogoat|atk|1\n|-boost|p2a: Gogoat|def|1\n|\n|-end|p2a: Gogoat|move: Heal Block\n|upkeep\n|turn|14\n|inactive|Time left: 300 sec this turn | 300 sec total\n|\n|t:|1783552321\n|move|p1a: Mesprit|Psychic Noise|p2a: Gogoat\n|-damage|p2a: Gogoat|93/360\n|-start|p2a: Gogoat|move: Heal Block\n|move|p2a: Gogoat|Bulk Up|p2a: Gogoat\n|-boost|p2a: Gogoat|atk|1\n|-boost|p2a: Gogoat|def|1\n|\n|upkeep\n|turn|15\n|inactive|Time left: 300 sec this turn | 300 sec total\n|\n|t:|1783552322\n|move|p1a: Mesprit|Psychic Noise|p2a: Gogoat\n|-damage|p2a: Gogoat|9/360\n|move|p2a: Gogoat|Bulk Up|p2a: Gogoat\n|-boost|p2a: Gogoat|atk|1\n|-boost|p2a: Gogoat|def|1\n|\n|-end|p2a: Gogoat|Encore\n|-end|p2a: Gogoat|move: Heal Block\n|upkeep\n|turn|16\n|inactive|Time left: 300 sec this turn | 300 sec total\n|\n|t:|1783552323\n|move|p1a: Mesprit|U-turn|p2a: Gogoat\n|-supereffective|p2a: Gogoat\n|-damage|p2a: Gogoat|0 fnt\n|faint|p2a: Gogoat\n|\n|t:|1783552324\n|switch|p1a: Pikachu|Pikachu-Partner, L93, M|100/100|[from] U-turn\n|\n|upkeep\n|inactive|Time left: 300 sec this turn | 300 sec total | 10 sec grace\n|\n|t:|1783552325\n|switch|p2a: Pecharunt|Pecharunt, L77|262/262\n|turn|17\n|inactive|Time left: 300 sec this turn | 300 sec total\n|\n|t:|1783552326\n|move|p1a: Pikachu|Knock Off|p2a: Pecharunt\n|-supereffective|p2a: Pecharunt\n|-damage|p2a: Pecharunt|108/262\n|-enditem|p2a: Pecharunt|Leftovers|[from] move: Knock Off|[of] p1a: Pikachu\n|move|p2a: Pecharunt|Malignant Chain|p1a: Pikachu\n|-damage|p1a: Pikachu|53/100\n|-status|p1a: Pikachu|tox\n|-start|p1a: Pikachu|confusion|[from] ability: Poison Puppeteer|[of] p2a: Pecharunt\n|\n|-damage|p1a: Pikachu|47/100 tox|[from] psn\n|upkeep\n|turn|18\n|inactive|Time left: 300 sec this turn | 300 sec total\n|\n|t:|1783552327\n|-activate|p1a: Pikachu|confusion\n|move|p1a: Pikachu|Volt Tackle|p2a: Pecharunt\n|-damage|p2a: Pecharunt|0 fnt\n|faint|p2a: Pecharunt\n|-damage|p1a: Pikachu|30/100 tox|[from] Recoil\n|\n|-damage|p1a: Pikachu|18/100 tox|[from] psn\n|upkeep\n|inactive|Time left: 300 sec this turn | 300 sec total | 5 sec grace\n|\n|t:|1783552328\n|switch|p2a: Chansey|Chansey, L85, F|564/564\n|turn|19\n|inactive|Time left: 300 sec this turn | 300 sec total\n|\n|t:|1783552329\n|-activate|p1a: Pikachu|confusion\n|move|p1a: Pikachu|Volt Tackle|p2a: Chansey\n|-damage|p2a: Chansey|113/564\n|-damage|p1a: Pikachu|0 fnt|[from] Recoil\n|faint|p1a: Pikachu\n|move|p2a: Chansey|Stealth Rock|p1: Pikachu\n|-sidestart|p1: p0x10712ba2|move: Stealth Rock\n|\n|upkeep\n|\n|t:|1783552330\n|switch|p1a: Mesprit|Mesprit, L85|100/100\n|-damage|p1a: Mesprit|88/100|[from] Stealth Rock\n|turn|20\n|inactive|Time left: 300 sec this turn | 300 sec total\n|\n|t:|1783552332\n|move|p1a: Mesprit|Psychic Noise|p2a: Chansey\n|-damage|p2a: Chansey|64/564\n|-start|p2a: Chansey|move: Heal Block\n|move|p2a: Chansey|Seismic Toss|p1a: Mesprit\n|-damage|p1a: Mesprit|57/100\n|\n|-heal|p1a: Mesprit|63/100|[from] item: Leftovers\n|upkeep\n|turn|21\n|inactive|Time left: 300 sec this turn | 300 sec total\n|\n|t:|1783552333\n|move|p1a: Mesprit|Psychic Noise|p2a: Chansey\n|-damage|p2a: Chansey|12/564\n|move|p2a: Chansey|Seismic Toss|p1a: Mesprit\n|-damage|p1a: Mesprit|32/100\n|\n|-heal|p1a: Mesprit|39/100|[from] item: Leftovers\n|-end|p2a: Chansey|move: Heal Block\n|upkeep\n|turn|22\n|inactive|Time left: 300 sec this turn | 300 sec total\n|\n|t:|1783552335\n|move|p1a: Mesprit|Psychic Noise|p2a: Chansey\n|-damage|p2a: Chansey|0 fnt\n|faint|p2a: Chansey\n|\n|-heal|p1a: Mesprit|45/100|[from] item: Leftovers\n|upkeep\n|inactive|Time left: 300 sec this turn | 300 sec total | 5 sec grace\n|\n|t:|1783552336\n|switch|p2a: Yanmega|Yanmega, L82, F|91/275\n|turn|23\n|inactive|Time left: 300 sec this turn | 300 sec total\n|\n|t:|1783552337\n|switch|p1a: Snorlax|Snorlax, L82, F|7/100\n|-damage|p1a: Snorlax|0 fnt|[from] Stealth Rock\n|faint|p1a: Snorlax\n|move|p2a: Yanmega|Bug Buzz|p1: Snorlax|[notarget]\n|-fail|p2a: Yanmega\n|\n|upkeep\n|\n|t:|1783552338\n|switch|p1a: Plusle|Plusle, L95, F|91/100\n|-damage|p1a: Plusle|78/100|[from] Stealth Rock\n|turn|24\n|inactive|Time left: 300 sec this turn | 300 sec total\n|\n|t:|1783552339\n|move|p1a: Plusle|Thunderbolt|p2a: Yanmega\n|-supereffective|p2a: Yanmega\n|-damage|p2a: Yanmega|0 fnt\n|faint|p2a: Yanmega\n|-damage|p1a: Plusle|69/100|[from] item: Life Orb\n|\n|upkeep\n|inactive|Time left: 300 sec this turn | 300 sec total | 5 sec grace\n|\n|t:|1783552340\n|switch|p2a: Seviper|Seviper, L93, M|287/287\n|turn|25\n|inactive|Time left: 300 sec this turn | 300 sec total\n|\n|t:|1783552341\n|-terastallize|p2a: Seviper|Poison\n|move|p1a: Plusle|Thunderbolt|p2a: Seviper\n|-crit|p2a: Seviper\n|-damage|p2a: Seviper|17/287\n|-status|p2a: Seviper|par\n|-damage|p1a: Plusle|59/100|[from] item: Life Orb\n|cant|p2a: Seviper|par\n|\n|upkeep\n|turn|26\n|inactive|Time left: 300 sec this turn | 300 sec total\n|\n|t:|1783552342\n|move|p1a: Plusle|Alluring Voice|p2a: Seviper\n|-resisted|p2a: Seviper\n|-damage|p2a: Seviper|0 fnt\n|faint|p2a: Seviper\n|-damage|p1a: Plusle|49/100|[from] item: Life Orb\n|\n|win|p0x10712ba2", "uploadtime": 1783552342, "views": 0, "rating": 0, "private": 0, "password": null, "_winner": "p0x10712ba2", "_our_name": "p0y1071da51"}