{"id": "battle-gen9randombattle-2785", "formatid": "gen9randombattle", "format": "[Gen 9] Random Battle", "players": ["p0x27857f00", "p0y2785c5fa"], "log": "|init|battle\n|title|p0x27857f00 vs. p0y2785c5fa\n|j|\u2606p0x27857f00\n|j|\u2606p0y2785c5fa\n|t:|1783571098\n|gametype|singles\n|player|p1|p0x27857f00|265|\n|player|p2|p0y2785c5fa|102|\n|gen|9\n|tier|[Gen 9] Random Battle\n|rule|Species Clause: Limit one of each Pok\u00e9mon\n|rule|HP Percentage Mod: HP is shown in percentages\n|rule|Sleep Clause Mod: Limit one foe put to sleep\n|rule|Illusion Level Mod: Illusion disguises the Pok\u00e9mon's true level\n|\n|t:|1783571098\n|teamsize|p1|6\n|teamsize|p2|6\n|start\n|switch|p1a: Vaporeon|Vaporeon, L86, M|364/364\n|switch|p2a: Ting-Lu|Ting-Lu, L78|100/100\n|-ability|p2a: Ting-Lu|Vessel of Ruin\n|turn|1\n|inactive|Battle timer is ON: inactive players will automatically lose when time's up. (requested by p0x27857f00)\n|inactive|p0y2785c5fa also wants the timer to be on.\n|\n|t:|1783571100\n|move|p1a: Vaporeon|Scald|p2a: Ting-Lu\n|-supereffective|p2a: Ting-Lu\n|-damage|p2a: Ting-Lu|53/100\n|-status|p2a: Ting-Lu|brn\n|move|p2a: Ting-Lu|Stealth Rock|p1a: Vaporeon\n|-sidestart|p1: p0x27857f00|move: Stealth Rock\n|\n|-heal|p2a: Ting-Lu|60/100 brn|[from] item: Leftovers\n|-damage|p2a: Ting-Lu|53/100 brn|[from] brn\n|upkeep\n|turn|2\n|inactive|Time left: 300 sec this turn | 300 sec total\n|\n|t:|1783571101\n|move|p1a: Vaporeon|Scald|p2a: Ting-Lu\n|-supereffective|p2a: Ting-Lu\n|-damage|p2a: Ting-Lu|11/100 brn\n|move|p2a: Ting-Lu|Spikes|p1a: Vaporeon\n|-sidestart|p1: p0x27857f00|Spikes\n|\n|-heal|p2a: Ting-Lu|18/100 brn|[from] item: Leftovers\n|-damage|p2a: Ting-Lu|11/100 brn|[from] brn\n|upkeep\n|turn|3\n|inactive|Time left: 300 sec this turn | 300 sec total\n|\n|t:|1783571102\n|switch|p2a: Appletun|Appletun, L92, M|100/100\n|move|p1a: Vaporeon|Scald|p2a: Appletun\n|-resisted|p2a: Appletun\n|-damage|p2a: Appletun|93/100\n|-status|p2a: Appletun|brn\n|\n|-heal|p2a: Appletun|99/100 brn|[from] item: Leftovers\n|-damage|p2a: Appletun|93/100 brn|[from] brn\n|upkeep\n|turn|4\n|inactive|Time left: 300 sec this turn | 300 sec total\n|\n|t:|1783571103\n|move|p1a: Vaporeon|Protect|p1a: Vaporeon\n|-singleturn|p1a: Vaporeon|Protect\n|move|p2a: Appletun|Apple Acid|p1a: Vaporeon\n|-activate|p1a: Vaporeon|move: Protect\n|\n|-heal|p2a: Appletun|99/100 brn|[from] item: Leftovers\n|-damage|p2a: Appletun|93/100 brn|[from] brn\n|upkeep\n|turn|5\n|inactive|Time left: 300 sec this turn | 300 sec total\n|\n|t:|1783571104\n|switch|p1a: Wigglytuff|Wigglytuff, L96, F|424/424\n|-damage|p1a: Wigglytuff|371/424|[from] Stealth Rock\n|-damage|p1a: Wigglytuff|318/424|[from] Spikes\n|move|p2a: Appletun|Apple Acid|p1a: Wigglytuff\n|-damage|p1a: Wigglytuff|182/424\n|-unboost|p1a: Wigglytuff|spd|1\n|-ability|p1a: Wigglytuff|Competitive|boost\n|-boost|p1a: Wigglytuff|spa|2\n|\n|-heal|p1a: Wigglytuff|208/424|[from] item: Leftovers\n|-heal|p2a: Appletun|99/100 brn|[from] item: Leftovers\n|-damage|p2a: Appletun|93/100 brn|[from] brn\n|upkeep\n|turn|6\n|inactive|Time left: 300 sec this turn | 300 sec total\n|\n|t:|1783571105\n|switch|p2a: Porygon-Z|Porygon-Z, L83|100/100\n|move|p1a: Wigglytuff|Dazzling Gleam|p2a: Porygon-Z\n|-crit|p2a: Porygon-Z\n|-damage|p2a: Porygon-Z|0 fnt\n|faint|p2a: Porygon-Z\n|\n|-heal|p1a: Wigglytuff|234/424|[from] item: Leftovers\n|upkeep\n|\n|t:|1783571106\n|switch|p2a: Slither Wing|Slither Wing, L81|100/100\n|-enditem|p2a: Slither Wing|Booster Energy\n|-activate|p2a: Slither Wing|ability: Protosynthesis|[fromitem]\n|-start|p2a: Slither Wing|protosynthesisatk\n|turn|7\n|inactive|Time left: 300 sec this turn | 300 sec total\n|\n|t:|1783571107\n|-terastallize|p2a: Slither Wing|Flying\n|-terastallize|p1a: Wigglytuff|Poison\n|move|p2a: Slither Wing|Acrobatics|p1a: Wigglytuff\n|-damage|p1a: Wigglytuff|0 fnt\n|faint|p1a: Wigglytuff\n|\n|upkeep\n|inactive|Time left: 300 sec this turn | 300 sec total | 5 sec grace\n|\n|t:|1783571108\n|switch|p1a: Cinccino|Cinccino, L83, M|260/260\n|-damage|p1a: Cinccino|228/260|[from] Stealth Rock\n|-damage|p1a: Cinccino|196/260|[from] Spikes\n|turn|8\n|inactive|Time left: 300 sec this turn | 300 sec total\n|\n|t:|1783571109\n|-end|p2a: Slither Wing|Protosynthesis|[silent]\n|switch|p2a: Skarmory|Skarmory, L80, F|100/100\n|move|p1a: Cinccino|Triple Axel|p2a: Skarmory\n|-damage|p2a: Skarmory|94/100\n|-damage|p1a: Cinccino|153/260|[from] item: Rocky Helmet|[of] p2a: Skarmory\n|-damage|p2a: Skarmory|81/100\n|-damage|p1a: Cinccino|110/260|[from] item: Rocky Helmet|[of] p2a: Skarmory\n|-crit|p2a: Skarmory\n|-damage|p2a: Skarmory|54/100\n|-damage|p1a: Cinccino|67/260|[from] item: Rocky Helmet|[of] p2a: Skarmory\n|-hitcount|p2a: Skarmory|3\n|\n|upkeep\n|turn|9\n|inactive|Time left: 300 sec this turn | 300 sec total\n|\n|t:|1783571110\n|move|p1a: Cinccino|Triple Axel|p2a: Skarmory\n|-damage|p2a: Skarmory|47/100\n|-damage|p1a: Cinccino|24/260|[from] item: Rocky Helmet|[of] p2a: Skarmory\n|-damage|p2a: Skarmory|34/100\n|-damage|p1a: Cinccino|0 fnt|[from] item: Rocky Helmet|[of] p2a: Skarmory\n|faint|p1a: Cinccino\n|-hitcount|p2a: Skarmory|2\n|move|p2a: Skarmory|Roost|p2a: Skarmory\n|-heal|p2a: Skarmory|84/100\n|-singleturn|p2a: Skarmory|move: Roost\n|\n|upkeep\n|inactive|Time left: 300 sec this turn | 300 sec total | 5 sec grace\n|\n|t:|1783571111\n|switch|p1a: Inteleon|Inteleon, L81, F|246/246\n|-damage|p1a: Inteleon|216/246|[from] Stealth Rock\n|-damage|p1a: Inteleon|186/246|[from] Spikes\n|turn|10\n|inactive|Time left: 300 sec this turn | 300 sec total\n|\n|t:|1783571112\n|switch|p2a: Suicune|Suicune, L82|100/100\n|-ability|p2a: Suicune|Pressure\n|move|p1a: Inteleon|Ice Beam|p2a: Suicune\n|-resisted|p2a: Suicune\n|-damage|p2a: Suicune|87/100\n|\n|-heal|p2a: Suicune|93/100|[from] item: Leftovers\n|upkeep\n|turn|11\n|inactive|Time left: 300 sec this turn | 300 sec total\n|\n|t:|1783571113\n|move|p1a: Inteleon|Ice Beam|p2a: Suicune\n|-resisted|p2a: Suicune\n|-damage|p2a: Suicune|78/100\n|move|p2a: Suicune|Calm Mind|p2a: Suicune\n|-boost|p2a: Suicune|spa|1\n|-boost|p2a: Suicune|spd|1\n|\n|-heal|p2a: Suicune|84/100|[from] item: Leftovers\n|upkeep\n|turn|12\n|inactive|Time left: 300 sec this turn | 300 sec total\n|\n|t:|1783571114\n|switch|p1a: Vaporeon|Vaporeon, L86, M|364/364\n|-damage|p1a: Vaporeon|319/364|[from] Stealth Rock\n|-damage|p1a: Vaporeon|274/364|[from] Spikes\n|move|p2a: Suicune|Scald|p1a: Vaporeon\n|-heal|p1a: Vaporeon|364/364|[from] ability: Water Absorb|[of] p2a: Suicune\n|\n|-heal|p2a: Suicune|90/100|[from] item: Leftovers\n|upkeep\n|turn|13\n|inactive|Time left: 300 sec this turn | 300 sec total\n|\n|t:|1783571115\n|move|p2a: Suicune|Calm Mind|p2a: Suicune\n|-boost|p2a: Suicune|spa|1\n|-boost|p2a: Suicune|spd|1\n|move|p1a: Vaporeon|Haze|p1a: Vaporeon\n|-clearallboost\n|\n|-heal|p2a: Suicune|96/100|[from] item: Leftovers\n|upkeep\n|turn|14\n|inactive|Time left: 300 sec this turn | 300 sec total\n|\n|t:|1783571116\n|move|p2a: Suicune|Calm Mind|p2a: Suicune\n|-boost|p2a: Suicune|spa|1\n|-boost|p2a: Suicune|spd|1\n|move|p1a: Vaporeon|Scald|p2a: Suicune\n|-resisted|p2a: Suicune\n|-damage|p2a: Suicune|87/100\n|\n|-heal|p2a: Suicune|93/100|[from] item: Leftovers\n|upkeep\n|turn|15\n|inactive|Time left: 300 sec this turn | 300 sec total\n|\n|t:|1783571117\n|move|p2a: Suicune|Calm Mind|p2a: Suicune\n|-boost|p2a: Suicune|spa|1\n|-boost|p2a: Suicune|spd|1\n|move|p1a: Vaporeon|Haze|p1a: Vaporeon\n|-clearallboost\n|\n|-heal|p2a: Suicune|99/100|[from] item: Leftovers\n|upkeep\n|turn|16\n|inactive|Time left: 300 sec this turn | 300 sec total\n|\n|t:|1783571118\n|move|p2a: Suicune|Calm Mind|p2a: Suicune\n|-boost|p2a: Suicune|spa|1\n|-boost|p2a: Suicune|spd|1\n|move|p1a: Vaporeon|Scald|p2a: Suicune\n|-resisted|p2a: Suicune\n|-damage|p2a: Suicune|90/100\n|\n|-heal|p2a: Suicune|96/100|[from] item: Leftovers\n|upkeep\n|turn|17\n|inactive|Time left: 300 sec this turn | 300 sec total\n|\n|t:|1783571119\n|move|p2a: Suicune|Scald|p1a: Vaporeon\n|-immune|p1a: Vaporeon|[from] ability: Water Absorb\n|move|p1a: Vaporeon|Haze|p1a: Vaporeon\n|-clearallboost\n|\n|-heal|p2a: Suicune|100/100|[from] item: Leftovers\n|upkeep\n|turn|18\n|inactive|Time left: 300 sec this turn | 300 sec total\n|\n|t:|1783571120\n|switch|p2a: Appletun|Appletun, L92, M|93/100 brn\n|move|p1a: Vaporeon|Wish|p1a: Vaporeon\n|\n|-heal|p2a: Appletun|99/100 brn|[from] item: Leftovers\n|-damage|p2a: Appletun|93/100 brn|[from] brn\n|upkeep\n|turn|19\n|inactive|Time left: 300 sec this turn | 300 sec total\n|\n|t:|1783571121\n|move|p1a: Vaporeon|Scald|p2a: Appletun\n|-resisted|p2a: Appletun\n|-damage|p2a: Appletun|86/100 brn\n|move|p2a: Appletun|Leech Seed|p1a: Vaporeon\n|-start|p1a: Vaporeon|move: Leech Seed\n|\n|-heal|p2a: Appletun|93/100 brn|[from] item: Leftovers\n|-damage|p1a: Vaporeon|319/364|[from] Leech Seed|[of] p2a: Appletun\n|-heal|p2a: Appletun|100/100 brn|[silent]\n|-damage|p2a: Appletun|94/100 brn|[from] brn\n|upkeep\n|turn|20\n|inactive|Time left: 300 sec this turn | 300 sec total\n|\n|t:|1783571122\n|switch|p1a: Heatran|Heatran, L79, M|273/273\n|-damage|p1a: Heatran|239/273|[from] Stealth Rock\n|-item|p1a: Heatran|Air Balloon\n|move|p2a: Appletun|Apple Acid|p1a: Heatran\n|-resisted|p1a: Heatran\n|-damage|p1a: Heatran|215/273\n|-unboost|p1a: Heatran|spd|1\n|-enditem|p1a: Heatran|Air Balloon\n|\n|-heal|p2a: Appletun|100/100 brn|[from] item: Leftovers\n|-damage|p2a: Appletun|94/100 brn|[from] brn\n|upkeep\n|turn|21\n|inactive|Time left: 300 sec this turn | 300 sec total\n|\n|t:|1783571123\n|move|p1a: Heatran|Stealth Rock|p2a: Appletun\n|-sidestart|p2: p0y2785c5fa|move: Stealth Rock\n|move|p2a: Appletun|Leech Seed|p1a: Heatran\n|-start|p1a: Heatran|move: Leech Seed\n|\n|-heal|p2a: Appletun|100/100 brn|[from] item: Leftovers\n|-damage|p1a: Heatran|181/273|[from] Leech Seed|[of] p2a: Appletun\n|-damage|p2a: Appletun|94/100 brn|[from] brn\n|upkeep\n|turn|22\n|inactive|Time left: 300 sec this turn | 300 sec total\n|\n|t:|1783571124\n|move|p1a: Heatran|Magma Storm|p2a: Appletun\n|-damage|p2a: Appletun|77/100 brn\n|-activate|p2a: Appletun|move: Magma Storm|[of] p1a: Heatran\n|move|p2a: Appletun|Apple Acid|p1a: Heatran\n|-resisted|p1a: Heatran\n|-damage|p1a: Heatran|148/273\n|-unboost|p1a: Heatran|spd|1\n|\n|-heal|p2a: Appletun|83/100 brn|[from] item: Leftovers\n|-damage|p1a: Heatran|114/273|[from] Leech Seed|[of] p2a: Appletun\n|-heal|p2a: Appletun|93/100 brn|[silent]\n|-damage|p2a: Appletun|87/100 brn|[from] brn\n|-damage|p2a: Appletun|74/100 brn|[from] move: Magma Storm|[partiallytrapped]\n|upkeep\n|turn|23\n|inactive|Time left: 300 sec this turn | 300 sec total\n|\n|t:|1783571125\n|move|p1a: Heatran|Heavy Slam|p2a: Appletun\n|-damage|p2a: Appletun|43/100 brn\n|move|p2a: Appletun|Recover|p2a: Appletun\n|-heal|p2a: Appletun|93/100 brn\n|\n|-heal|p2a: Appletun|99/100 brn|[from] item: Leftovers\n|-damage|p1a: Heatran|80/273|[from] Leech Seed|[of] p2a: Appletun\n|-heal|p2a: Appletun|100/100 brn|[silent]\n|-damage|p2a: Appletun|94/100 brn|[from] brn\n|-damage|p2a: Appletun|82/100 brn|[from] move: Magma Storm|[partiallytrapped]\n|upkeep\n|turn|24\n|inactive|Time left: 300 sec this turn | 300 sec total\n|\n|t:|1783571126\n|move|p1a: Heatran|Heavy Slam|p2a: Appletun\n|-damage|p2a: Appletun|51/100 brn\n|move|p2a: Appletun|Apple Acid|p1a: Heatran\n|-resisted|p1a: Heatran\n|-damage|p1a: Heatran|36/273\n|-unboost|p1a: Heatran|spd|1\n|\n|-heal|p2a: Appletun|57/100 brn|[from] item: Leftovers\n|-damage|p1a: Heatran|2/273|[from] Leech Seed|[of] p2a: Appletun\n|-heal|p2a: Appletun|67/100 brn|[silent]\n|-damage|p2a: Appletun|60/100 brn|[from] brn\n|-damage|p2a: Appletun|48/100 brn|[from] move: Magma Storm|[partiallytrapped]\n|upkeep\n|turn|25\n|inactive|Time left: 300 sec this turn | 300 sec total\n|\n|t:|1783571127\n|move|p1a: Heatran|Heavy Slam|p2a: Appletun\n|-damage|p2a: Appletun|18/100 brn\n|move|p2a: Appletun|Recover|p2a: Appletun\n|-heal|p2a: Appletun|68/100 brn\n|\n|-heal|p2a: Appletun|74/100 brn|[from] item: Leftovers\n|-damage|p1a: Heatran|0 fnt|[from] Leech Seed|[of] p2a: Appletun\n|-heal|p2a: Appletun|75/100 brn|[silent]\n|faint|p1a: Heatran\n|-damage|p2a: Appletun|68/100 brn|[from] brn\n|-end|p2a: Appletun|Magma Storm|[partiallytrapped]|[silent]\n|upkeep\n|inactive|Time left: 300 sec this turn | 300 sec total | 5 sec grace\n|\n|t:|1783571128\n|switch|p1a: Inteleon|Inteleon, L81, F|186/246\n|-damage|p1a: Inteleon|156/246|[from] Stealth Rock\n|-damage|p1a: Inteleon|126/246|[from] Spikes\n|turn|26\n|inactive|Time left: 300 sec this turn | 300 sec total\n|\n|t:|1783571129\n|switch|p2a: Suicune|Suicune, L82|100/100\n|-damage|p2a: Suicune|88/100|[from] Stealth Rock\n|-ability|p2a: Suicune|Pressure\n|move|p1a: Inteleon|Ice Beam|p2a: Suicune\n|-resisted|p2a: Suicune\n|-damage|p2a: Suicune|73/100\n|\n|-heal|p2a: Suicune|79/100|[from] item: Leftovers\n|upkeep\n|turn|27\n|inactive|Time left: 300 sec this turn | 300 sec total\n|\n|t:|1783571130\n|move|p1a: Inteleon|Ice Beam|p2a: Suicune\n|-resisted|p2a: Suicune\n|-damage|p2a: Suicune|64/100\n|move|p2a: Suicune|Calm Mind|p2a: Suicune\n|-boost|p2a: Suicune|spa|1\n|-boost|p2a: Suicune|spd|1\n|\n|-heal|p2a: Suicune|70/100|[from] item: Leftovers\n|upkeep\n|turn|28\n|inactive|Time left: 300 sec this turn | 300 sec total\n|\n|t:|1783571131\n|switch|p1a: Vaporeon|Vaporeon, L86, M|319/364\n|-damage|p1a: Vaporeon|274/364|[from] Stealth Rock\n|-damage|p1a: Vaporeon|229/364|[from] Spikes\n|move|p2a: Suicune|Calm Mind|p2a: Suicune\n|-boost|p2a: Suicune|spa|1\n|-boost|p2a: Suicune|spd|1\n|\n|-heal|p2a: Suicune|76/100|[from] item: Leftovers\n|-heal|p1a: Vaporeon|251/364|[from] item: Leftovers\n|upkeep\n|turn|29\n|inactive|Time left: 300 sec this turn | 300 sec total\n|\n|t:|1783571132\n|move|p2a: Suicune|Calm Mind|p2a: Suicune\n|-boost|p2a: Suicune|spa|1\n|-boost|p2a: Suicune|spd|1\n|move|p1a: Vaporeon|Haze|p1a: Vaporeon\n|-clearallboost\n|\n|-heal|p2a: Suicune|82/100|[from] item: Leftovers\n|-heal|p1a: Vaporeon|273/364|[from] item: Leftovers\n|upkeep\n|turn|30\n|inactive|Time left: 300 sec this turn | 300 sec total\n|\n|t:|1783571132\n|move|p2a: Suicune|Calm Mind|p2a: Suicune\n|-boost|p2a: Suicune|spa|1\n|-boost|p2a: Suicune|spd|1\n|move|p1a: Vaporeon|Wish|p1a: Vaporeon\n|\n|-heal|p2a: Suicune|88/100|[from] item: Leftovers\n|-heal|p1a: Vaporeon|295/364|[from] item: Leftovers\n|upkeep\n|turn|31\n|inactive|Time left: 300 sec this turn | 300 sec total\n|\n|t:|1783571133\n|move|p2a: Suicune|Calm Mind|p2a: Suicune\n|-boost|p2a: Suicune|spa|1\n|-boost|p2a: Suicune|spd|1\n|move|p1a: Vaporeon|Haze|p1a: Vaporeon\n|-clearallboost\n|\n|-heal|p1a: Vaporeon|364/364|[from] move: Wish|[wisher] Vaporeon\n|-heal|p2a: Suicune|94/100|[from] item: Leftovers\n|upkeep\n|turn|32\n|inactive|Time left: 300 sec this turn | 300 sec total\n|\n|t:|1783571134\n|move|p2a: Suicune|Calm Mind|p2a: Suicune\n|-boost|p2a: Suicune|spa|1\n|-boost|p2a: Suicune|spd|1\n|move|p1a: Vaporeon|Scald|p2a: Suicune\n|-resisted|p2a: Suicune\n|-damage|p2a: Suicune|85/100\n|\n|-heal|p2a: Suicune|91/100|[from] item: Leftovers\n|upkeep\n|turn|33\n|inactive|Time left: 300 sec this turn | 300 sec total\n|\n|t:|1783571135\n|move|p2a: Suicune|Calm Mind|p2a: Suicune\n|-boost|p2a: Suicune|spa|1\n|-boost|p2a: Suicune|spd|1\n|move|p1a: Vaporeon|Haze|p1a: Vaporeon\n|-clearallboost\n|\n|-heal|p2a: Suicune|97/100|[from] item: Leftovers\n|upkeep\n|turn|34\n|inactive|Time left: 300 sec this turn | 300 sec total\n|\n|t:|1783571136\n|move|p2a: Suicune|Calm Mind|p2a: Suicune\n|-boost|p2a: Suicune|spa|1\n|-boost|p2a: Suicune|spd|1\n|move|p1a: Vaporeon|Scald|p2a: Suicune\n|-resisted|p2a: Suicune\n|-damage|p2a: Suicune|88/100\n|-status|p2a: Suicune|brn\n|\n|-heal|p2a: Suicune|94/100 brn|[from] item: Leftovers\n|-damage|p2a: Suicune|88/100 brn|[from] brn\n|upkeep\n|turn|35\n|inactive|Time left: 300 sec this turn | 300 sec total\n|\n|t:|1783571137\n|switch|p2a: Appletun|Appletun, L92, M|68/100 brn\n|-damage|p2a: Appletun|56/100 brn|[from] Stealth Rock\n|move|p1a: Vaporeon|Scald|p2a: Appletun\n|-resisted|p2a: Appletun\n|-damage|p2a: Appletun|49/100 brn\n|\n|-heal|p2a: Appletun|55/100 brn|[from] item: Leftovers\n|-damage|p2a: Appletun|49/100 brn|[from] brn\n|upkeep\n|turn|36\n|inactive|Time left: 300 sec this turn | 300 sec total\n|\n|t:|1783571137\n|move|p1a: Vaporeon|Wish|p1a: Vaporeon\n|move|p2a: Appletun|Recover|p2a: Appletun\n|-heal|p2a: Appletun|99/100 brn\n|\n|-heal|p2a: Appletun|100/100 brn|[from] item: Leftovers\n|-damage|p2a: Appletun|94/100 brn|[from] brn\n|upkeep\n|turn|37\n|inactive|Time left: 300 sec this turn | 300 sec total\n|\n|t:|1783571138\n|move|p1a: Vaporeon|Protect|p1a: Vaporeon\n|-singleturn|p1a: Vaporeon|Protect\n|move|p2a: Appletun|Apple Acid|p1a: Vaporeon\n|-activate|p1a: Vaporeon|move: Protect\n|\n|-heal|p2a: Appletun|100/100 brn|[from] item: Leftovers\n|-damage|p2a: Appletun|94/100 brn|[from] brn\n|upkeep\n|turn|38\n|inactive|Time left: 300 sec this turn | 300 sec total\n|\n|t:|1783571139\n|move|p1a: Vaporeon|Wish|p1a: Vaporeon\n|move|p2a: Appletun|Apple Acid|p1a: Vaporeon\n|-supereffective|p1a: Vaporeon\n|-damage|p1a: Vaporeon|158/364\n|-unboost|p1a: Vaporeon|spd|1\n|\n|-heal|p1a: Vaporeon|180/364|[from] item: Leftovers\n|-heal|p2a: Appletun|100/100 brn|[from] item: Leftovers\n|-damage|p2a: Appletun|94/100 brn|[from] brn\n|upkeep\n|turn|39\n|inactive|Time left: 300 sec this turn | 300 sec total\n|\n|t:|1783571140\n|move|p1a: Vaporeon|Protect|p1a: Vaporeon\n|-singleturn|p1a: Vaporeon|Protect\n|move|p2a: Appletun|Apple Acid|p1a: Vaporeon\n|-activate|p1a: Vaporeon|move: Protect\n|\n|-heal|p1a: Vaporeon|362/364|[from] move: Wish|[wisher] Vaporeon\n|-heal|p1a: Vaporeon|364/364|[from] item: Leftovers\n|-heal|p2a: Appletun|100/100 brn|[from] item: Leftovers\n|-damage|p2a: Appletun|94/100 brn|[from] brn\n|upkeep\n|turn|40\n|inactive|Time left: 300 sec this turn | 300 sec total\n|\n|t:|1783571141\n|move|p1a: Vaporeon|Wish|p1a: Vaporeon\n|move|p2a: Appletun|Apple Acid|p1a: Vaporeon\n|-supereffective|p1a: Vaporeon\n|-damage|p1a: Vaporeon|62/364\n|-unboost|p1a: Vaporeon|spd|1\n|\n|-heal|p1a: Vaporeon|84/364|[from] item: Leftovers\n|-heal|p2a: Appletun|100/100 brn|[from] item: Leftovers\n|-damage|p2a: Appletun|94/100 brn|[from] brn\n|upkeep\n|turn|41\n|inactive|Time left: 300 sec this turn | 300 sec total\n|\n|t:|1783571142\n|move|p1a: Vaporeon|Protect|p1a: Vaporeon\n|-singleturn|p1a: Vaporeon|Protect\n|move|p2a: Appletun|Apple Acid|p1a: Vaporeon\n|-activate|p1a: Vaporeon|move: Protect\n|\n|-heal|p1a: Vaporeon|266/364|[from] move: Wish|[wisher] Vaporeon\n|-heal|p1a: Vaporeon|288/364|[from] item: Leftovers\n|-heal|p2a: Appletun|100/100 brn|[from] item: Leftovers\n|-damage|p2a: Appletun|94/100 brn|[from] brn\n|upkeep\n|turn|42\n|inactive|Time left: 300 sec this turn | 300 sec total\n|\n|t:|1783571143\n|move|p1a: Vaporeon|Haze|p1a: Vaporeon\n|-clearallboost\n|move|p2a: Appletun|Apple Acid|p1a: Vaporeon\n|-supereffective|p1a: Vaporeon\n|-damage|p1a: Vaporeon|84/364\n|-unboost|p1a: Vaporeon|spd|1\n|\n|-heal|p1a: Vaporeon|106/364|[from] item: Leftovers\n|-heal|p2a: Appletun|100/100 brn|[from] item: Leftovers\n|-damage|p2a: Appletun|94/100 brn|[from] brn\n|upkeep\n|turn|43\n|inactive|Time left: 300 sec this turn | 300 sec total\n|\n|t:|1783571143\n|move|p1a: Vaporeon|Protect|p1a: Vaporeon\n|-singleturn|p1a: Vaporeon|Protect\n|move|p2a: Appletun|Apple Acid|p1a: Vaporeon\n|-activate|p1a: Vaporeon|move: Protect\n|\n|-heal|p1a: Vaporeon|128/364|[from] item: Leftovers\n|-heal|p2a: Appletun|100/100 brn|[from] item: Leftovers\n|-damage|p2a: Appletun|94/100 brn|[from] brn\n|upkeep\n|turn|44\n|inactive|Time left: 300 sec this turn | 300 sec total\n|\n|t:|1783571144\n|move|p1a: Vaporeon|Wish|p1a: Vaporeon\n|move|p2a: Appletun|Apple Acid|p1a: Vaporeon\n|-supereffective|p1a: Vaporeon\n|-damage|p1a: Vaporeon|0 fnt\n|faint|p1a: Vaporeon\n|\n|-heal|p2a: Appletun|100/100 brn|[from] item: Leftovers\n|-damage|p2a: Appletun|94/100 brn|[from] brn\n|upkeep\n|inactive|Time left: 300 sec this turn | 300 sec total | 5 sec grace\n|\n|t:|1783571145\n|switch|p1a: Inteleon|Inteleon, L81, F|126/246\n|-damage|p1a: Inteleon|96/246|[from] Stealth Rock\n|-damage|p1a: Inteleon|66/246|[from] Spikes\n|turn|45\n|inactive|Time left: 300 sec this turn | 300 sec total\n|\n|t:|1783571146\n|move|p1a: Inteleon|Ice Beam|p2a: Appletun\n|-supereffective|p2a: Appletun\n|-damage|p2a: Appletun|33/100 brn\n|move|p2a: Appletun|Apple Acid|p1a: Inteleon\n|-supereffective|p1a: Inteleon\n|-damage|p1a: Inteleon|0 fnt\n|faint|p1a: Inteleon\n|\n|-heal|p2a: Appletun|39/100 brn|[from] item: Leftovers\n|-damage|p2a: Appletun|33/100 brn|[from] brn\n|upkeep\n|inactive|Time left: 300 sec this turn | 300 sec total | 5 sec grace\n|\n|t:|1783571147\n|switch|p1a: Lycanroc|Lycanroc-Dusk, L81, M|254/254\n|-damage|p1a: Lycanroc|223/254|[from] Stealth Rock\n|-damage|p1a: Lycanroc|192/254|[from] Spikes\n|turn|46\n|inactive|Time left: 300 sec this turn | 300 sec total\n|\n|t:|1783571148\n|move|p1a: Lycanroc|Close Combat|p2a: Appletun\n|-damage|p2a: Appletun|0 fnt\n|-unboost|p1a: Lycanroc|def|1\n|-unboost|p1a: Lycanroc|spd|1\n|faint|p2a: Appletun\n|-damage|p1a: Lycanroc|167/254|[from] item: Life Orb\n|\n|upkeep\n|\n|t:|1783571149\n|switch|p2a: Suicune|Suicune, L82|88/100 brn\n|-damage|p2a: Suicune|76/100 brn|[from] Stealth Rock\n|-ability|p2a: Suicune|Pressure\n|turn|47\n|inactive|Time left: 300 sec this turn | 300 sec total\n|\n|t:|1783571150\n|move|p1a: Lycanroc|Close Combat|p2a: Suicune\n|-damage|p2a: Suicune|36/100 brn\n|-unboost|p1a: Lycanroc|def|1\n|-unboost|p1a: Lycanroc|spd|1\n|-damage|p1a: Lycanroc|142/254|[from] item: Life Orb\n|move|p2a: Suicune|Scald|p1a: Lycanroc\n|-supereffective|p1a: Lycanroc\n|-crit|p1a: Lycanroc\n|-damage|p1a: Lycanroc|0 fnt\n|faint|p1a: Lycanroc\n|\n|win|p0y2785c5fa", "uploadtime": 1783571150, "views": 0, "rating": 0, "private": 0, "password": null, "_winner": "p0y2785c5fa", "_our_name": "p0x27857f00"}