{"id": "battle-gen9randombattle-1315", "formatid": "gen9randombattle", "format": "[Gen 9] Random Battle", "players": ["p0x13152a62", "p0y13154fa9"], "log": "|init|battle\n|title|p0x13152a62 vs. p0y13154fa9\n|j|\u2606p0x13152a62\n|j|\u2606p0y13154fa9\n|t:|1783555261\n|gametype|singles\n|player|p1|p0x13152a62|266|\n|player|p2|p0y13154fa9|170|\n|gen|9\n|tier|[Gen 9] Random Battle\n|rule|Species Clause: Limit one of each Pok\u00e9mon\n|rule|HP Percentage Mod: HP is shown in percentages\n|rule|Sleep Clause Mod: Limit one foe put to sleep\n|rule|Illusion Level Mod: Illusion disguises the Pok\u00e9mon's true level\n|\n|t:|1783555261\n|teamsize|p1|6\n|teamsize|p2|6\n|start\n|switch|p1a: Toedscruel|Toedscruel, L87, F|281/281\n|switch|p2a: Iron Moth|Iron Moth, L78|100/100\n|turn|1\n|inactive|Battle timer is ON: inactive players will automatically lose when time's up. (requested by p0x13152a62)\n|inactive|p0y13154fa9 also wants the timer to be on.\n|\n|t:|1783555263\n|-end|p2a: Iron Moth|Quark Drive|[silent]\n|switch|p2a: Conkeldurr|Conkeldurr, L80, F|100/100\n|move|p1a: Toedscruel|Earth Power|p2a: Conkeldurr\n|-damage|p2a: Conkeldurr|63/100\n|\n|-status|p2a: Conkeldurr|brn|[from] item: Flame Orb\n|upkeep\n|turn|2\n|inactive|Time left: 300 sec this turn | 300 sec total\n|\n|t:|1783555264\n|move|p1a: Toedscruel|Earth Power|p2a: Conkeldurr\n|-crit|p2a: Conkeldurr\n|-damage|p2a: Conkeldurr|5/100 brn\n|move|p2a: Conkeldurr|Close Combat|p1a: Toedscruel\n|-damage|p1a: Toedscruel|16/281\n|-unboost|p2a: Conkeldurr|def|1\n|-unboost|p2a: Conkeldurr|spd|1\n|\n|-damage|p2a: Conkeldurr|0 fnt|[from] brn\n|faint|p2a: Conkeldurr\n|upkeep\n|\n|t:|1783555265\n|switch|p2a: Charizard|Charizard, L85, M|100/100\n|turn|3\n|inactive|Time left: 300 sec this turn | 300 sec total\n|\n|t:|1783555267\n|move|p1a: Toedscruel|Knock Off|p2a: Charizard\n|-damage|p2a: Charizard|77/100\n|-enditem|p2a: Charizard|Heavy-Duty Boots|[from] move: Knock Off|[of] p1a: Toedscruel\n|move|p2a: Charizard|Flamethrower|p1a: Toedscruel\n|-supereffective|p1a: Toedscruel\n|-damage|p1a: Toedscruel|0 fnt\n|faint|p1a: Toedscruel\n|\n|upkeep\n|inactive|Time left: 300 sec this turn | 300 sec total | 5 sec grace\n|\n|t:|1783555267\n|switch|p1a: Regidrago|Regidrago, L77|435/435\n|turn|4\n|inactive|Time left: 300 sec this turn | 300 sec total\n|\n|t:|1783555269\n|-terastallize|p1a: Regidrago|Dragon\n|move|p1a: Regidrago|Outrage|p2a: Charizard\n|-damage|p2a: Charizard|0 fnt\n|faint|p2a: Charizard\n|\n|upkeep\n|\n|t:|1783555270\n|switch|p2a: Reuniclus|Reuniclus, L88, F|100/100\n|turn|5\n|inactive|Time left: 300 sec this turn | 300 sec total\n|\n|t:|1783555271\n|-terastallize|p2a: Reuniclus|Steel\n|move|p1a: Regidrago|Outrage|p2a: Reuniclus|[from] lockedmove\n|-resisted|p2a: Reuniclus\n|-damage|p2a: Reuniclus|65/100\n|-start|p1a: Regidrago|confusion|[fatigue]\n|move|p2a: Reuniclus|Psyshock|p1a: Regidrago\n|-damage|p1a: Regidrago|196/435\n|\n|upkeep\n|turn|6\n|inactive|Time left: 300 sec this turn | 300 sec total\n|\n|t:|1783555272\n|-activate|p1a: Regidrago|confusion\n|move|p1a: Regidrago|Outrage|p2a: Reuniclus\n|-resisted|p2a: Reuniclus\n|-damage|p2a: Reuniclus|29/100\n|move|p2a: Reuniclus|Psyshock|p1a: Regidrago\n|-damage|p1a: Regidrago|0 fnt\n|faint|p1a: Regidrago\n|\n|upkeep\n|inactive|Time left: 300 sec this turn | 300 sec total | 5 sec grace\n|\n|t:|1783555273\n|switch|p1a: Ninetales|Ninetales, L85, M|263/263\n|-weather|SunnyDay|[from] ability: Drought|[of] p1a: Ninetales\n|turn|7\n|inactive|Time left: 300 sec this turn | 300 sec total\n|\n|t:|1783555274\n|move|p1a: Ninetales|Fire Blast|p2a: Reuniclus\n|-supereffective|p2a: Reuniclus\n|-damage|p2a: Reuniclus|0 fnt\n|faint|p2a: Reuniclus\n|\n|-weather|SunnyDay|[upkeep]\n|upkeep\n|\n|t:|1783555275\n|switch|p2a: Kingdra|Kingdra, L84, F|100/100\n|turn|8\n|inactive|Time left: 300 sec this turn | 300 sec total\n|\n|t:|1783555276\n|switch|p1a: Gardevoir|Gardevoir, L83, F|249/249\n|-ability|p1a: Gardevoir|Swift Swim|Trace|[from] ability: Trace|[of] p2a: Kingdra\n|move|p2a: Kingdra|Rain Dance|p2a: Kingdra\n|-weather|RainDance\n|\n|-weather|RainDance|[upkeep]\n|upkeep\n|turn|9\n|inactive|Time left: 300 sec this turn | 300 sec total\n|\n|t:|1783555277\n|switch|p1a: Clodsire|Clodsire, L81, M|343/343\n|move|p2a: Kingdra|Wave Crash|p1a: Clodsire\n|-immune|p1a: Clodsire|[from] ability: Water Absorb\n|\n|-weather|RainDance|[upkeep]\n|upkeep\n|turn|10\n|inactive|Time left: 300 sec this turn | 300 sec total\n|\n|t:|1783555278\n|move|p2a: Kingdra|Hurricane|p1a: Clodsire\n|-damage|p1a: Clodsire|257/343\n|-start|p1a: Clodsire|confusion\n|-damage|p2a: Kingdra|91/100|[from] item: Life Orb\n|-activate|p1a: Clodsire|confusion\n|move|p1a: Clodsire|Earthquake|p2a: Kingdra\n|-damage|p2a: Kingdra|60/100\n|\n|-weather|RainDance|[upkeep]\n|-heal|p1a: Clodsire|278/343|[from] item: Leftovers\n|upkeep\n|turn|11\n|inactive|Time left: 300 sec this turn | 300 sec total\n|\n|t:|1783555279\n|move|p2a: Kingdra|Hurricane|p1a: Clodsire\n|-damage|p1a: Clodsire|183/343\n|-damage|p2a: Kingdra|50/100|[from] item: Life Orb\n|-activate|p1a: Clodsire|confusion\n|-damage|p1a: Clodsire|152/343|[from] confusion\n|\n|-weather|RainDance|[upkeep]\n|-heal|p1a: Clodsire|173/343|[from] item: Leftovers\n|upkeep\n|turn|12\n|inactive|Time left: 300 sec this turn | 300 sec total\n|\n|t:|1783555280\n|move|p2a: Kingdra|Draco Meteor|p1a: Clodsire\n|-damage|p1a: Clodsire|20/343\n|-unboost|p2a: Kingdra|spa|2\n|-damage|p2a: Kingdra|40/100|[from] item: Life Orb\n|-activate|p1a: Clodsire|confusion\n|move|p1a: Clodsire|Recover|p1a: Clodsire\n|-heal|p1a: Clodsire|192/343\n|\n|-weather|none\n|-heal|p1a: Clodsire|213/343|[from] item: Leftovers\n|upkeep\n|turn|13\n|inactive|Time left: 300 sec this turn | 300 sec total\n|\n|t:|1783555281\n|switch|p2a: Electivire|Electivire, L84, F|100/100\n|-end|p1a: Clodsire|confusion\n|move|p1a: Clodsire|Earthquake|p2a: Electivire\n|-supereffective|p2a: Electivire\n|-damage|p2a: Electivire|23/100\n|\n|-heal|p1a: Clodsire|234/343|[from] item: Leftovers\n|upkeep\n|turn|14\n|inactive|Time left: 300 sec this turn | 300 sec total\n|\n|t:|1783555282\n|switch|p1a: Gardevoir|Gardevoir, L83, F|249/249\n|-ability|p1a: Gardevoir|Motor Drive|Trace|[from] ability: Trace|[of] p2a: Electivire\n|move|p2a: Electivire|Ice Punch|p1a: Gardevoir\n|-damage|p1a: Gardevoir|140/249\n|-damage|p2a: Electivire|13/100|[from] item: Life Orb\n|\n|upkeep\n|turn|15\n|inactive|Time left: 300 sec this turn | 300 sec total\n|\n|t:|1783555283\n|move|p1a: Gardevoir|Psyshock|p2a: Electivire\n|-damage|p2a: Electivire|0 fnt\n|faint|p2a: Electivire\n|\n|upkeep\n|\n|t:|1783555284\n|switch|p2a: Kingdra|Kingdra, L84, F|40/100\n|turn|16\n|inactive|Time left: 300 sec this turn | 300 sec total\n|\n|t:|1783555285\n|move|p1a: Gardevoir|Psyshock|p2a: Kingdra\n|-damage|p2a: Kingdra|2/100\n|move|p2a: Kingdra|Hurricane|p1a: Gardevoir|[miss]\n|-miss|p2a: Kingdra|p1a: Gardevoir\n|\n|upkeep\n|turn|17\n|inactive|Time left: 300 sec this turn | 300 sec total\n|\n|t:|1783555286\n|move|p1a: Gardevoir|Psyshock|p2a: Kingdra\n|-damage|p2a: Kingdra|0 fnt\n|faint|p2a: Kingdra\n|\n|upkeep\n|\n|t:|1783555287\n|switch|p2a: Iron Moth|Iron Moth, L78|100/100\n|turn|18\n|inactive|Time left: 300 sec this turn | 300 sec total\n|\n|t:|1783555288\n|move|p1a: Gardevoir|Psyshock|p2a: Iron Moth\n|-supereffective|p2a: Iron Moth\n|-damage|p2a: Iron Moth|0 fnt\n|faint|p2a: Iron Moth\n|-end|p2a: Iron Moth|Quark Drive|[silent]\n|\n|win|p0x13152a62", "uploadtime": 1783555288, "views": 0, "rating": 0, "private": 0, "password": null, "_winner": "p0x13152a62", "_our_name": "p0x13152a62"}