{"id": "battle-gen9randombattle-2690", "formatid": "gen9randombattle", "format": "[Gen 9] Random Battle", "players": ["p0x26901664", "p0y26903e99"], "log": "|init|battle\n|title|p0x26901664 vs. p0y26903e99\n|j|\u2606p0x26901664\n|j|\u2606p0y26903e99\n|t:|1783571030\n|gametype|singles\n|player|p1|p0x26901664|169|\n|player|p2|p0y26903e99|265|\n|gen|9\n|tier|[Gen 9] Random Battle\n|rule|Species Clause: Limit one of each Pok\u00e9mon\n|rule|HP Percentage Mod: HP is shown in percentages\n|rule|Sleep Clause Mod: Limit one foe put to sleep\n|rule|Illusion Level Mod: Illusion disguises the Pok\u00e9mon's true level\n|\n|t:|1783571030\n|teamsize|p1|6\n|teamsize|p2|6\n|start\n|switch|p1a: Pelipper|Pelipper, L86, M|243/243\n|switch|p2a: Goodra|Goodra-Hisui, L82, M|100/100\n|-weather|RainDance|[from] ability: Drizzle|[of] p1a: Pelipper\n|turn|1\n|inactive|Battle timer is ON: inactive players will automatically lose when time's up. (requested by p0x26901664)\n|inactive|p0y26903e99 also wants the timer to be on.\n|\n|t:|1783571031\n|move|p1a: Pelipper|Hurricane|p2a: Goodra\n|-resisted|p2a: Goodra\n|-damage|p2a: Goodra|87/100\n|move|p2a: Goodra|Draco Meteor|p1a: Pelipper\n|-damage|p1a: Pelipper|71/243\n|-unboost|p2a: Goodra|spa|2\n|\n|-weather|RainDance|[upkeep]\n|upkeep\n|turn|2\n|inactive|Time left: 300 sec this turn | 300 sec total\n|\n|t:|1783571033\n|switch|p1a: Luxray|Luxray, L88, M|283/283\n|switch|p2a: Moltres|Moltres-Galar, L79|100/100\n|\n|-weather|RainDance|[upkeep]\n|-status|p1a: Luxray|brn|[from] item: Flame Orb\n|upkeep\n|turn|3\n|inactive|Time left: 300 sec this turn | 300 sec total\n|\n|t:|1783571034\n|switch|p2a: Goodra|Goodra-Hisui, L82, M|87/100\n|move|p1a: Luxray|Supercell Slam|p2a: Goodra\n|-resisted|p2a: Goodra\n|-crit|p2a: Goodra\n|-damage|p2a: Goodra|31/100\n|\n|-weather|RainDance|[upkeep]\n|-damage|p1a: Luxray|266/283 brn|[from] brn\n|upkeep\n|turn|4\n|inactive|Time left: 300 sec this turn | 300 sec total\n|\n|t:|1783571035\n|switch|p2a: Donphan|Donphan, L84, M|100/100\n|move|p1a: Luxray|Facade|p2a: Donphan\n|-damage|p2a: Donphan|46/100\n|\n|-weather|RainDance|[upkeep]\n|-heal|p2a: Donphan|52/100|[from] item: Leftovers\n|-damage|p1a: Luxray|249/283 brn|[from] brn\n|upkeep\n|turn|5\n|inactive|Time left: 300 sec this turn | 300 sec total\n|\n|t:|1783571036\n|move|p1a: Luxray|Facade|p2a: Donphan\n|-damage|p2a: Donphan|0 fnt\n|faint|p2a: Donphan\n|\n|-weather|none\n|-damage|p1a: Luxray|232/283 brn|[from] brn\n|upkeep\n|\n|t:|1783571037\n|switch|p2a: Medicham|Medicham, L86, M|100/100\n|turn|6\n|inactive|Time left: 300 sec this turn | 300 sec total\n|\n|t:|1783571038\n|switch|p1a: Cresselia|Cresselia, L80, F|323/323\n|move|p2a: Medicham|Close Combat|p1a: Cresselia\n|-resisted|p1a: Cresselia\n|-damage|p1a: Cresselia|197/323\n|-unboost|p2a: Medicham|def|1\n|-unboost|p2a: Medicham|spd|1\n|\n|-heal|p1a: Cresselia|217/323|[from] item: Leftovers\n|upkeep\n|turn|7\n|inactive|Time left: 300 sec this turn | 300 sec total\n|\n|t:|1783571039\n|switch|p2a: Moltres|Moltres-Galar, L79|100/100\n|move|p1a: Cresselia|Moonlight|p1a: Cresselia\n|-heal|p1a: Cresselia|323/323\n|\n|upkeep\n|turn|8\n|inactive|Time left: 300 sec this turn | 300 sec total\n|\n|t:|1783571040\n|move|p2a: Moltres|Nasty Plot|p2a: Moltres\n|-boost|p2a: Moltres|spa|2\n|move|p1a: Cresselia|Calm Mind|p1a: Cresselia\n|-boost|p1a: Cresselia|spa|1\n|-boost|p1a: Cresselia|spd|1\n|\n|upkeep\n|turn|9\n|inactive|Time left: 300 sec this turn | 300 sec total\n|\n|t:|1783571041\n|move|p2a: Moltres|Agility|p2a: Moltres\n|-boost|p2a: Moltres|spe|2\n|move|p1a: Cresselia|Calm Mind|p1a: Cresselia\n|-boost|p1a: Cresselia|spa|1\n|-boost|p1a: Cresselia|spd|1\n|\n|upkeep\n|turn|10\n|inactive|Time left: 300 sec this turn | 300 sec total\n|\n|t:|1783571042\n|move|p2a: Moltres|Fiery Wrath|p1a: Cresselia\n|-supereffective|p1a: Cresselia\n|-damage|p1a: Cresselia|191/323\n|move|p1a: Cresselia|Calm Mind|p1a: Cresselia\n|-boost|p1a: Cresselia|spa|1\n|-boost|p1a: Cresselia|spd|1\n|\n|-heal|p1a: Cresselia|211/323|[from] item: Leftovers\n|upkeep\n|turn|11\n|inactive|Time left: 300 sec this turn | 300 sec total\n|\n|t:|1783571043\n|move|p2a: Moltres|Fiery Wrath|p1a: Cresselia\n|-supereffective|p1a: Cresselia\n|-damage|p1a: Cresselia|97/323\n|move|p1a: Cresselia|Thunderbolt|p2a: Moltres\n|-supereffective|p2a: Moltres\n|-damage|p2a: Moltres|26/100\n|-enditem|p2a: Moltres|Weakness Policy\n|-boost|p2a: Moltres|atk|2|[from] item: Weakness Policy\n|-boost|p2a: Moltres|spa|2|[from] item: Weakness Policy\n|-ability|p2a: Moltres|Berserk|boost\n|-boost|p2a: Moltres|spa|1\n|\n|-heal|p1a: Cresselia|117/323|[from] item: Leftovers\n|upkeep\n|turn|12\n|inactive|Time left: 300 sec this turn | 300 sec total\n|\n|t:|1783571044\n|-terastallize|p2a: Moltres|Dark\n|-terastallize|p1a: Cresselia|Steel\n|move|p2a: Moltres|Fiery Wrath|p1a: Cresselia\n|-damage|p1a: Cresselia|0 fnt\n|faint|p1a: Cresselia\n|\n|upkeep\n|inactive|Time left: 300 sec this turn | 300 sec total | 5 sec grace\n|\n|t:|1783571045\n|switch|p1a: Staraptor|Staraptor, L79, F|263/263\n|turn|13\n|inactive|Time left: 300 sec this turn | 300 sec total\n|\n|t:|1783571046\n|move|p1a: Staraptor|Quick Attack|p2a: Moltres\n|-damage|p2a: Moltres|2/100\n|move|p2a: Moltres|Fiery Wrath|p1a: Staraptor\n|-damage|p1a: Staraptor|0 fnt\n|faint|p1a: Staraptor\n|\n|upkeep\n|inactive|Time left: 300 sec this turn | 300 sec total | 5 sec grace\n|\n|t:|1783571046\n|switch|p1a: Pelipper|Pelipper, L86, M|71/243\n|-weather|RainDance|[from] ability: Drizzle|[of] p1a: Pelipper\n|turn|14\n|inactive|Time left: 300 sec this turn | 300 sec total\n|\n|t:|1783571047\n|move|p2a: Moltres|Hurricane|p1a: Pelipper\n|-damage|p1a: Pelipper|0 fnt\n|faint|p1a: Pelipper\n|\n|-weather|RainDance|[upkeep]\n|upkeep\n|inactive|Time left: 300 sec this turn | 300 sec total | 5 sec grace\n|\n|t:|1783571048\n|switch|p1a: Delphox|Delphox, L84, M|263/263\n|turn|15\n|inactive|Time left: 300 sec this turn | 300 sec total\n|\n|t:|1783571049\n|switch|p1a: Brambleghast|Brambleghast, L88, F|240/240\n|move|p2a: Moltres|Fiery Wrath|p1a: Brambleghast\n|-supereffective|p1a: Brambleghast\n|-damage|p1a: Brambleghast|0 fnt\n|faint|p1a: Brambleghast\n|\n|-weather|RainDance|[upkeep]\n|upkeep\n|inactive|Time left: 300 sec this turn | 300 sec total | 5 sec grace\n|\n|t:|1783571050\n|switch|p1a: Luxray|Luxray, L88, M|232/283 brn\n|turn|16\n|inactive|Time left: 300 sec this turn | 300 sec total\n|\n|t:|1783571051\n|move|p2a: Moltres|Fiery Wrath|p1a: Luxray\n|-damage|p1a: Luxray|0 fnt\n|faint|p1a: Luxray\n|\n|-weather|RainDance|[upkeep]\n|upkeep\n|inactive|Time left: 300 sec this turn | 300 sec total | 5 sec grace\n|\n|t:|1783571052\n|switch|p1a: Delphox|Delphox, L84, M|263/263\n|turn|17\n|inactive|Time left: 300 sec this turn | 300 sec total\n|\n|t:|1783571052\n|move|p2a: Moltres|Hurricane|p1a: Delphox\n|-damage|p1a: Delphox|0 fnt\n|faint|p1a: Delphox\n|\n|win|p0y26903e99", "uploadtime": 1783571052, "views": 0, "rating": 0, "private": 0, "password": null, "_winner": "p0y26903e99", "_our_name": "p0x26901664"}