{"id": "battle-gen9randombattle-1410", "formatid": "gen9randombattle", "format": "[Gen 9] Random Battle", "players": ["p0x1410670f", "p0y1410dc2e"], "log": "|init|battle\n|title|p0x1410670f vs. p0y1410dc2e\n|j|\u2606p0x1410670f\n|j|\u2606p0y1410dc2e\n|t:|1783555458\n|gametype|singles\n|player|p1|p0x1410670f|169|\n|player|p2|p0y1410dc2e|265|\n|gen|9\n|tier|[Gen 9] Random Battle\n|rule|Species Clause: Limit one of each Pok\u00e9mon\n|rule|HP Percentage Mod: HP is shown in percentages\n|rule|Sleep Clause Mod: Limit one foe put to sleep\n|rule|Illusion Level Mod: Illusion disguises the Pok\u00e9mon's true level\n|\n|t:|1783555458\n|teamsize|p1|6\n|teamsize|p2|6\n|start\n|switch|p1a: Groudon|Groudon, L72|263/263\n|switch|p2a: Calyrex|Calyrex-Ice, L72|100/100\n|-ability|p2a: Calyrex|As One\n|-ability|p2a: Calyrex|Unnerve\n|-weather|SunnyDay|[from] ability: Drought|[of] p1a: Groudon\n|turn|1\n|inactive|Battle timer is ON: inactive players will automatically lose when time's up. (requested by p0x1410670f)\n|inactive|p0y1410dc2e also wants the timer to be on.\n|\n|t:|1783555460\n|move|p1a: Groudon|Spikes|p2a: Calyrex\n|-sidestart|p2: p0y1410dc2e|Spikes\n|move|p2a: Calyrex|Glacial Lance|p1a: Groudon\n|-supereffective|p1a: Groudon\n|-damage|p1a: Groudon|45/263\n|\n|-weather|SunnyDay|[upkeep]\n|-heal|p1a: Groudon|61/263|[from] item: Leftovers\n|upkeep\n|turn|2\n|inactive|Time left: 300 sec this turn | 300 sec total\n|\n|t:|1783555461\n|switch|p1a: Arceus|Arceus-Bug, L73|295/295\n|move|p2a: Calyrex|Glacial Lance|p1a: Arceus\n|-damage|p1a: Arceus|172/295\n|\n|-weather|SunnyDay|[upkeep]\n|upkeep\n|turn|3\n|inactive|Time left: 300 sec this turn | 300 sec total\n|\n|t:|1783555462\n|move|p1a: Arceus|Calm Mind|p1a: Arceus\n|-boost|p1a: Arceus|spa|1\n|-boost|p1a: Arceus|spd|1\n|move|p2a: Calyrex|Glacial Lance|p1a: Arceus\n|-damage|p1a: Arceus|46/295\n|\n|-weather|SunnyDay|[upkeep]\n|upkeep\n|turn|4\n|inactive|Time left: 300 sec this turn | 300 sec total\n|\n|t:|1783555463\n|-terastallize|p2a: Calyrex|Ground\n|move|p1a: Arceus|Recover|p1a: Arceus\n|-heal|p1a: Arceus|194/295\n|move|p2a: Calyrex|Glacial Lance|p1a: Arceus\n|-damage|p1a: Arceus|58/295\n|\n|-weather|SunnyDay|[upkeep]\n|upkeep\n|turn|5\n|inactive|Time left: 300 sec this turn | 300 sec total\n|\n|t:|1783555464\n|move|p1a: Arceus|Recover|p1a: Arceus\n|-heal|p1a: Arceus|206/295\n|move|p2a: Calyrex|Glacial Lance|p1a: Arceus\n|-damage|p1a: Arceus|88/295\n|\n|-weather|none\n|upkeep\n|turn|6\n|inactive|Time left: 300 sec this turn | 300 sec total\n|\n|t:|1783555465\n|move|p1a: Arceus|Recover|p1a: Arceus\n|-heal|p1a: Arceus|236/295\n|move|p2a: Calyrex|Glacial Lance|p1a: Arceus\n|-damage|p1a: Arceus|113/295\n|\n|upkeep\n|turn|7\n|inactive|Time left: 300 sec this turn | 300 sec total\n|\n|t:|1783555466\n|move|p1a: Arceus|Recover|p1a: Arceus\n|-heal|p1a: Arceus|261/295\n|move|p2a: Calyrex|Glacial Lance|p1a: Arceus\n|-damage|p1a: Arceus|131/295\n|\n|upkeep\n|turn|8\n|inactive|Time left: 300 sec this turn | 300 sec total\n|\n|t:|1783555467\n|move|p1a: Arceus|Recover|p1a: Arceus\n|-heal|p1a: Arceus|279/295\n|move|p2a: Calyrex|Glacial Lance|p1a: Arceus\n|-damage|p1a: Arceus|138/295\n|\n|upkeep\n|turn|9\n|inactive|Time left: 300 sec this turn | 300 sec total\n|\n|t:|1783555468\n|move|p1a: Arceus|Recover|p1a: Arceus\n|-heal|p1a: Arceus|286/295\n|move|p2a: Calyrex|High Horsepower|p1a: Arceus\n|-resisted|p1a: Arceus\n|-damage|p1a: Arceus|232/295\n|\n|upkeep\n|turn|10\n|inactive|Time left: 300 sec this turn | 300 sec total\n|\n|t:|1783555469\n|switch|p2a: Carbink|Carbink, L90|100/100\n|-damage|p2a: Carbink|88/100|[from] Spikes\n|move|p1a: Arceus|Judgment|p2a: Carbink\n|-resisted|p2a: Carbink\n|-damage|p2a: Carbink|67/100\n|\n|upkeep\n|turn|11\n|inactive|Time left: 300 sec this turn | 300 sec total\n|\n|t:|1783555470\n|move|p1a: Arceus|Calm Mind|p1a: Arceus\n|-boost|p1a: Arceus|spa|1\n|-boost|p1a: Arceus|spd|1\n|move|p2a: Carbink|Rest|p2a: Carbink\n|-status|p2a: Carbink|slp|[from] move: Rest\n|-heal|p2a: Carbink|100/100 slp|[silent]\n|-enditem|p2a: Carbink|Chesto Berry|[eat]\n|-curestatus|p2a: Carbink|slp|[msg]\n|\n|upkeep\n|turn|12\n|inactive|Time left: 300 sec this turn | 300 sec total\n|\n|t:|1783555471\n|move|p1a: Arceus|Calm Mind|p1a: Arceus\n|-boost|p1a: Arceus|spa|1\n|-boost|p1a: Arceus|spd|1\n|move|p2a: Carbink|Iron Defense|p2a: Carbink\n|-boost|p2a: Carbink|def|2\n|\n|upkeep\n|turn|13\n|inactive|Time left: 300 sec this turn | 300 sec total\n|\n|t:|1783555472\n|move|p1a: Arceus|Judgment|p2a: Carbink\n|-resisted|p2a: Carbink\n|-damage|p2a: Carbink|61/100\n|move|p2a: Carbink|Body Press|p1a: Arceus\n|-resisted|p1a: Arceus\n|-damage|p1a: Arceus|148/295\n|\n|upkeep\n|turn|14\n|inactive|Time left: 300 sec this turn | 300 sec total\n|\n|t:|1783555473\n|move|p1a: Arceus|Judgment|p2a: Carbink\n|-resisted|p2a: Carbink\n|-damage|p2a: Carbink|24/100\n|move|p2a: Carbink|Body Press|p1a: Arceus\n|-resisted|p1a: Arceus\n|-damage|p1a: Arceus|61/295\n|\n|upkeep\n|turn|15\n|inactive|Time left: 300 sec this turn | 300 sec total\n|\n|t:|1783555474\n|move|p1a: Arceus|Judgment|p2a: Carbink\n|-resisted|p2a: Carbink\n|-damage|p2a: Carbink|0 fnt\n|faint|p2a: Carbink\n|\n|upkeep\n|\n|t:|1783555475\n|switch|p2a: Falinks|Falinks, L84|100/100\n|-damage|p2a: Falinks|88/100|[from] Spikes\n|turn|16\n|inactive|Time left: 300 sec this turn | 300 sec total\n|\n|t:|1783555477\n|move|p1a: Arceus|Fire Blast|p2a: Falinks\n|-damage|p2a: Falinks|0 fnt\n|faint|p2a: Falinks\n|\n|upkeep\n|\n|t:|1783555477\n|switch|p2a: Kingambit|Kingambit, L74, F|100/100\n|-damage|p2a: Kingambit|88/100|[from] Spikes\n|-activate|p2a: Kingambit|ability: Supreme Overlord\n|-start|p2a: Kingambit|fallen2|[silent]\n|turn|17\n|inactive|Time left: 300 sec this turn | 300 sec total\n|\n|t:|1783555478\n|move|p2a: Kingambit|Sucker Punch||[still]\n|-fail|p2a: Kingambit\n|move|p1a: Arceus|Recover|p1a: Arceus\n|-heal|p1a: Arceus|209/295\n|\n|-heal|p2a: Kingambit|94/100|[from] item: Leftovers\n|upkeep\n|turn|18\n|inactive|Time left: 300 sec this turn | 300 sec total\n|\n|t:|1783555479\n|move|p2a: Kingambit|Sucker Punch|p1a: Arceus\n|-damage|p1a: Arceus|131/295\n|move|p1a: Arceus|Judgment|p2a: Kingambit\n|-damage|p2a: Kingambit|0 fnt\n|faint|p2a: Kingambit\n|-end|p2a: Kingambit|fallen2|[silent]\n|\n|upkeep\n|\n|t:|1783555480\n|switch|p2a: Calyrex|Calyrex-Ice, L72, tera:Ground|100/100\n|-ability|p2a: Calyrex|As One\n|-ability|p2a: Calyrex|Unnerve\n|turn|19\n|inactive|Time left: 300 sec this turn | 300 sec total\n|\n|t:|1783555481\n|move|p1a: Arceus|Judgment|p2a: Calyrex\n|-damage|p2a: Calyrex|3/100\n|move|p2a: Calyrex|High Horsepower|p1a: Arceus\n|-resisted|p1a: Arceus\n|-damage|p1a: Arceus|75/295\n|\n|upkeep\n|turn|20\n|inactive|Time left: 300 sec this turn | 300 sec total\n|\n|t:|1783555482\n|move|p1a: Arceus|Recover|p1a: Arceus\n|-heal|p1a: Arceus|223/295\n|move|p2a: Calyrex|Trick Room|p2a: Calyrex\n|-fieldstart|move: Trick Room|[of] p2a: Calyrex\n|\n|upkeep\n|turn|21\n|inactive|Time left: 300 sec this turn | 300 sec total\n|\n|t:|1783555483\n|move|p2a: Calyrex|High Horsepower|p1a: Arceus\n|-resisted|p1a: Arceus\n|-damage|p1a: Arceus|170/295\n|move|p1a: Arceus|Judgment|p2a: Calyrex\n|-damage|p2a: Calyrex|0 fnt\n|faint|p2a: Calyrex\n|\n|upkeep\n|\n|t:|1783555484\n|switch|p2a: Drednaw|Drednaw, L81, F|100/100\n|-damage|p2a: Drednaw|88/100|[from] Spikes\n|turn|22\n|inactive|Time left: 300 sec this turn | 300 sec total\n|\n|t:|1783555485\n|move|p2a: Drednaw|Stone Edge|p1a: Arceus|[miss]\n|-miss|p2a: Drednaw|p1a: Arceus\n|move|p1a: Arceus|Judgment|p2a: Drednaw\n|-damage|p2a: Drednaw|0 fnt\n|faint|p2a: Drednaw\n|\n|upkeep\n|\n|t:|1783555486\n|switch|p2a: Vikavolt|Vikavolt, L83, M|100/100\n|turn|23\n|inactive|Time left: 300 sec this turn | 300 sec total\n|\n|t:|1783555487\n|-terastallize|p1a: Arceus|Fire\n|move|p2a: Vikavolt|Thunderbolt|p1a: Arceus\n|-damage|p1a: Arceus|125/295\n|move|p1a: Arceus|Judgment|p2a: Vikavolt\n|-damage|p2a: Vikavolt|0 fnt\n|faint|p2a: Vikavolt\n|\n|win|p0x1410670f", "uploadtime": 1783555487, "views": 0, "rating": 0, "private": 0, "password": null, "_winner": "p0x1410670f", "_our_name": "p0x1410670f"}