{"id": "battle-gen9randombattle-598", "formatid": "gen9randombattle", "format": "[Gen 9] Random Battle", "players": ["p0x598f72d", "p0y598a572"], "log": "|init|battle\n|title|p0x598f72d vs. p0y598a572\n|j|\u2606p0x598f72d\n|j|\u2606p0y598a572\n|t:|1783546039\n|gametype|singles\n|player|p1|p0x598f72d|169|\n|player|p2|p0y598a572|102|\n|gen|9\n|tier|[Gen 9] Random Battle\n|rule|Species Clause: Limit one of each Pok\u00e9mon\n|rule|HP Percentage Mod: HP is shown in percentages\n|rule|Sleep Clause Mod: Limit one foe put to sleep\n|rule|Illusion Level Mod: Illusion disguises the Pok\u00e9mon's true level\n|\n|t:|1783546039\n|teamsize|p1|6\n|teamsize|p2|6\n|start\n|switch|p1a: Roaring Moon|Roaring Moon, L72|100/100\n|switch|p2a: Sinistcha|Sinistcha, L83|254/254\n|turn|1\n|inactive|Battle timer is ON: inactive players will automatically lose when time's up. (requested by p0y598a572)\n|\n|t:|1783546041\n|move|p1a: Roaring Moon|Knock Off|p2a: Sinistcha\n|-supereffective|p2a: Sinistcha\n|-damage|p2a: Sinistcha|8/254\n|-enditem|p2a: Sinistcha|Leftovers|[from] move: Knock Off|[of] p1a: Roaring Moon\n|move|p2a: Sinistcha|Strength Sap|p1a: Roaring Moon\n|-unboost|p1a: Roaring Moon|atk|1\n|-heal|p2a: Sinistcha|250/254\n|\n|upkeep\n|turn|2\n|inactive|Time left: 300 sec this turn | 300 sec total\n|inactive|p0x598f72d also wants the timer to be on.\n|\n|t:|1783546042\n|move|p1a: Roaring Moon|Knock Off|p2a: Sinistcha\n|-supereffective|p2a: Sinistcha\n|-damage|p2a: Sinistcha|128/254\n|move|p2a: Sinistcha|Calm Mind|p2a: Sinistcha\n|-boost|p2a: Sinistcha|spa|1\n|-boost|p2a: Sinistcha|spd|1\n|\n|upkeep\n|turn|3\n|inactive|Time left: 300 sec this turn | 300 sec total\n|\n|t:|1783546043\n|move|p1a: Roaring Moon|Knock Off|p2a: Sinistcha\n|-supereffective|p2a: Sinistcha\n|-damage|p2a: Sinistcha|6/254\n|move|p2a: Sinistcha|Strength Sap|p1a: Roaring Moon\n|-unboost|p1a: Roaring Moon|atk|1\n|-heal|p2a: Sinistcha|167/254\n|\n|upkeep\n|turn|4\n|inactive|Time left: 300 sec this turn | 300 sec total\n|\n|t:|1783546044\n|move|p1a: Roaring Moon|Knock Off|p2a: Sinistcha\n|-supereffective|p2a: Sinistcha\n|-damage|p2a: Sinistcha|81/254\n|move|p2a: Sinistcha|Matcha Gotcha|p1a: Roaring Moon\n|-resisted|p1a: Roaring Moon\n|-damage|p1a: Roaring Moon|70/100\n|-heal|p2a: Sinistcha|122/254|[from] drain|[of] p1a: Roaring Moon\n|-status|p1a: Roaring Moon|brn\n|\n|-damage|p1a: Roaring Moon|64/100 brn|[from] brn\n|upkeep\n|turn|5\n|inactive|Time left: 300 sec this turn | 300 sec total\n|\n|t:|1783546045\n|move|p1a: Roaring Moon|Knock Off|p2a: Sinistcha\n|-supereffective|p2a: Sinistcha\n|-damage|p2a: Sinistcha|76/254\n|move|p2a: Sinistcha|Strength Sap|p1a: Roaring Moon\n|-unboost|p1a: Roaring Moon|atk|1\n|-heal|p2a: Sinistcha|197/254\n|\n|-damage|p1a: Roaring Moon|58/100 brn|[from] brn\n|upkeep\n|turn|6\n|inactive|Time left: 300 sec this turn | 300 sec total\n|\n|t:|1783546046\n|move|p1a: Roaring Moon|Knock Off|p2a: Sinistcha\n|-supereffective|p2a: Sinistcha\n|-damage|p2a: Sinistcha|160/254\n|move|p2a: Sinistcha|Calm Mind|p2a: Sinistcha\n|-boost|p2a: Sinistcha|spa|1\n|-boost|p2a: Sinistcha|spd|1\n|\n|-damage|p1a: Roaring Moon|52/100 brn|[from] brn\n|upkeep\n|turn|7\n|inactive|Time left: 300 sec this turn | 300 sec total\n|\n|t:|1783546047\n|move|p1a: Roaring Moon|Knock Off|p2a: Sinistcha\n|-supereffective|p2a: Sinistcha\n|-damage|p2a: Sinistcha|124/254\n|move|p2a: Sinistcha|Matcha Gotcha|p1a: Roaring Moon\n|-resisted|p1a: Roaring Moon\n|-damage|p1a: Roaring Moon|16/100 brn\n|-heal|p2a: Sinistcha|173/254|[from] drain|[of] p1a: Roaring Moon\n|\n|-damage|p1a: Roaring Moon|10/100 brn|[from] brn\n|upkeep\n|turn|8\n|inactive|Time left: 300 sec this turn | 300 sec total\n|\n|t:|1783546048\n|move|p1a: Roaring Moon|Knock Off|p2a: Sinistcha\n|-supereffective|p2a: Sinistcha\n|-damage|p2a: Sinistcha|134/254\n|move|p2a: Sinistcha|Matcha Gotcha|p1a: Roaring Moon\n|-resisted|p1a: Roaring Moon\n|-damage|p1a: Roaring Moon|0 fnt\n|-heal|p2a: Sinistcha|147/254|[from] drain|[of] p1a: Roaring Moon\n|faint|p1a: Roaring Moon\n|-end|p1a: Roaring Moon|Protosynthesis|[silent]\n|\n|upkeep\n|\n|t:|1783546049\n|switch|p1a: Lugia|Lugia, L73|100/100\n|turn|9\n|inactive|Time left: 300 sec this turn | 300 sec total\n|\n|t:|1783546050\n|move|p1a: Lugia|Calm Mind|p1a: Lugia\n|-boost|p1a: Lugia|spa|1\n|-boost|p1a: Lugia|spd|1\n|move|p2a: Sinistcha|Strength Sap|p1a: Lugia\n|-unboost|p1a: Lugia|atk|1\n|-heal|p2a: Sinistcha|254/254\n|\n|upkeep\n|turn|10\n|inactive|Time left: 300 sec this turn | 300 sec total\n|\n|t:|1783546051\n|move|p1a: Lugia|Aeroblast|p2a: Sinistcha\n|-supereffective|p2a: Sinistcha\n|-damage|p2a: Sinistcha|120/254\n|move|p2a: Sinistcha|Shadow Ball|p1a: Lugia\n|-supereffective|p1a: Lugia\n|-damage|p1a: Lugia|66/100\n|\n|upkeep\n|turn|11\n|inactive|Time left: 300 sec this turn | 300 sec total\n|\n|t:|1783546051\n|-terastallize|p2a: Sinistcha|Steel\n|move|p1a: Lugia|Aeroblast|p2a: Sinistcha\n|-resisted|p2a: Sinistcha\n|-crit|p2a: Sinistcha\n|-damage|p2a: Sinistcha|21/254\n|move|p2a: Sinistcha|Shadow Ball|p1a: Lugia\n|-supereffective|p1a: Lugia\n|-damage|p1a: Lugia|0 fnt\n|faint|p1a: Lugia\n|\n|upkeep\n|\n|t:|1783546052\n|switch|p1a: Zacian|Zacian-Crowned, L64|100/100\n|-ability|p1a: Zacian|Intrepid Sword|boost\n|-boost|p1a: Zacian|atk|1\n|turn|12\n|inactive|Time left: 300 sec this turn | 300 sec total\n|\n|t:|1783546053\n|move|p1a: Zacian|Behemoth Blade|p2a: Sinistcha\n|-resisted|p2a: Sinistcha\n|-damage|p2a: Sinistcha|0 fnt\n|faint|p2a: Sinistcha\n|\n|upkeep\n|inactive|Time left: 300 sec this turn | 300 sec total | 5 sec grace\n|\n|t:|1783546054\n|switch|p2a: Clawitzer|Clawitzer, L87, F|265/265\n|turn|13\n|inactive|Time left: 300 sec this turn | 300 sec total\n|\n|t:|1783546055\n|move|p1a: Zacian|Swords Dance|p1a: Zacian\n|-boost|p1a: Zacian|atk|2\n|move|p2a: Clawitzer|Water Pulse|p1a: Zacian\n|-damage|p1a: Zacian|39/100\n|-start|p1a: Zacian|confusion\n|\n|upkeep\n|turn|14\n|inactive|Time left: 300 sec this turn | 300 sec total\n|\n|t:|1783546056\n|-activate|p1a: Zacian|confusion\n|move|p1a: Zacian|Play Rough|p2a: Clawitzer\n|-damage|p2a: Clawitzer|76/265\n|move|p2a: Clawitzer|Water Pulse|p1a: Zacian\n|-damage|p1a: Zacian|0 fnt\n|faint|p1a: Zacian\n|\n|upkeep\n|\n|t:|1783546057\n|switch|p1a: Kyogre|Kyogre, L71|100/100\n|-weather|RainDance|[from] ability: Drizzle|[of] p1a: Kyogre\n|turn|15\n|inactive|Time left: 300 sec this turn | 300 sec total\n|\n|t:|1783546058\n|move|p1a: Kyogre|Calm Mind|p1a: Kyogre\n|-boost|p1a: Kyogre|spa|1\n|-boost|p1a: Kyogre|spd|1\n|move|p2a: Clawitzer|Water Pulse|p1a: Kyogre\n|-resisted|p1a: Kyogre\n|-damage|p1a: Kyogre|82/100\n|-start|p1a: Kyogre|confusion\n|\n|-weather|RainDance|[upkeep]\n|-heal|p1a: Kyogre|88/100|[from] item: Leftovers\n|upkeep\n|turn|16\n|inactive|Time left: 300 sec this turn | 300 sec total\n|\n|t:|1783546059\n|-activate|p1a: Kyogre|confusion\n|move|p1a: Kyogre|Thunder|p2a: Clawitzer\n|-supereffective|p2a: Clawitzer\n|-damage|p2a: Clawitzer|0 fnt\n|faint|p2a: Clawitzer\n|\n|-weather|RainDance|[upkeep]\n|-heal|p1a: Kyogre|94/100|[from] item: Leftovers\n|upkeep\n|inactive|Time left: 300 sec this turn | 300 sec total | 5 sec grace\n|\n|t:|1783546060\n|switch|p2a: Espeon|Espeon, L84, F|246/246\n|turn|17\n|inactive|Time left: 300 sec this turn | 300 sec total\n|\n|t:|1783546062\n|move|p2a: Espeon|Psyshock|p1a: Kyogre\n|-damage|p1a: Kyogre|28/100\n|-damage|p2a: Espeon|222/246|[from] item: Life Orb\n|-activate|p1a: Kyogre|confusion\n|move|p1a: Kyogre|Origin Pulse|p2a: Espeon\n|-damage|p2a: Espeon|0 fnt\n|faint|p2a: Espeon\n|\n|-weather|RainDance|[upkeep]\n|-heal|p1a: Kyogre|34/100|[from] item: Leftovers\n|upkeep\n|inactive|Time left: 300 sec this turn | 300 sec total | 5 sec grace\n|\n|t:|1783546063\n|switch|p2a: Deoxys|Deoxys, L74|196/196\n|-ability|p2a: Deoxys|Pressure\n|turn|18\n|inactive|Time left: 300 sec this turn | 300 sec total\n|\n|t:|1783546064\n|switch|p1a: Zapdos|Zapdos, L78|100/100\n|move|p2a: Deoxys|Knock Off|p1a: Zapdos\n|-damage|p1a: Zapdos|56/100\n|-enditem|p1a: Zapdos|Heavy-Duty Boots|[from] move: Knock Off|[of] p2a: Deoxys\n|-damage|p2a: Deoxys|177/196|[from] item: Life Orb\n|\n|-weather|RainDance|[upkeep]\n|upkeep\n|turn|19\n|inactive|Time left: 300 sec this turn | 300 sec total\n|\n|t:|1783546065\n|-terastallize|p1a: Zapdos|Steel\n|move|p2a: Deoxys|Psycho Boost|p1a: Zapdos|[miss]\n|-miss|p2a: Deoxys|p1a: Zapdos\n|move|p1a: Zapdos|Hurricane|p2a: Deoxys\n|-damage|p2a: Deoxys|0 fnt\n|faint|p2a: Deoxys\n|\n|-weather|none\n|upkeep\n|inactive|Time left: 300 sec this turn | 300 sec total | 5 sec grace\n|\n|t:|1783546066\n|switch|p2a: Jolteon|Jolteon, L84, M|246/246\n|turn|20\n|inactive|Time left: 300 sec this turn | 300 sec total\n|\n|t:|1783546067\n|move|p2a: Jolteon|Calm Mind|p2a: Jolteon\n|-boost|p2a: Jolteon|spa|1\n|-boost|p2a: Jolteon|spd|1\n|move|p1a: Zapdos|Roost|p1a: Zapdos\n|-heal|p1a: Zapdos|100/100\n|\n|upkeep\n|turn|21\n|inactive|Time left: 300 sec this turn | 300 sec total\n|\n|t:|1783546068\n|move|p2a: Jolteon|Calm Mind|p2a: Jolteon\n|-boost|p2a: Jolteon|spa|1\n|-boost|p2a: Jolteon|spd|1\n|move|p1a: Zapdos|Hurricane|p2a: Jolteon\n|-resisted|p2a: Jolteon\n|-damage|p2a: Jolteon|217/246\n|\n|upkeep\n|turn|22\n|inactive|Time left: 300 sec this turn | 300 sec total\n|\n|t:|1783546069\n|switch|p1a: Rabsca|Rabsca, L91, F|100/100\n|move|p2a: Jolteon|Thunderbolt|p1a: Rabsca\n|-damage|p1a: Rabsca|21/100\n|-damage|p2a: Jolteon|193/246|[from] item: Life Orb\n|\n|upkeep\n|turn|23\n|inactive|Time left: 300 sec this turn | 300 sec total\n|\n|t:|1783546070\n|move|p2a: Jolteon|Thunderbolt|p1a: Rabsca\n|-damage|p1a: Rabsca|0 fnt\n|faint|p1a: Rabsca\n|-damage|p2a: Jolteon|169/246|[from] item: Life Orb\n|\n|upkeep\n|\n|t:|1783546071\n|switch|p1a: Kyogre|Kyogre, L71|34/100\n|-weather|RainDance|[from] ability: Drizzle|[of] p1a: Kyogre\n|turn|24\n|inactive|Time left: 300 sec this turn | 300 sec total\n|\n|t:|1783546072\n|move|p2a: Jolteon|Thunderbolt|p1a: Kyogre\n|-supereffective|p1a: Kyogre\n|-damage|p1a: Kyogre|0 fnt\n|faint|p1a: Kyogre\n|-damage|p2a: Jolteon|145/246|[from] item: Life Orb\n|\n|-weather|RainDance|[upkeep]\n|upkeep\n|\n|t:|1783546073\n|switch|p1a: Zapdos|Zapdos, L78, tera:Steel|100/100\n|turn|25\n|inactive|Time left: 300 sec this turn | 300 sec total\n|\n|t:|1783546074\n|move|p2a: Jolteon|Thunderbolt|p1a: Zapdos\n|-damage|p1a: Zapdos|0 fnt\n|faint|p1a: Zapdos\n|-damage|p2a: Jolteon|121/246|[from] item: Life Orb\n|\n|win|p0y598a572", "uploadtime": 1783546074, "views": 0, "rating": 0, "private": 0, "password": null, "_winner": "p0y598a572", "_our_name": "p0y598a572"}