{"id": "battle-gen9randombattle-2111", "formatid": "gen9randombattle", "format": "[Gen 9] Random Battle", "players": ["p0x21114e6a", "p0y21115424"], "log": "|init|battle\n|title|p0x21114e6a vs. p0y21115424\n|j|\u2606p0x21114e6a\n|j|\u2606p0y21115424\n|t:|1783563643\n|gametype|singles\n|player|p1|p0x21114e6a|170|\n|player|p2|p0y21115424|2|\n|gen|9\n|tier|[Gen 9] Random Battle\n|rule|Species Clause: Limit one of each Pok\u00e9mon\n|rule|HP Percentage Mod: HP is shown in percentages\n|rule|Sleep Clause Mod: Limit one foe put to sleep\n|rule|Illusion Level Mod: Illusion disguises the Pok\u00e9mon's true level\n|\n|t:|1783563643\n|teamsize|p1|6\n|teamsize|p2|6\n|start\n|switch|p1a: Golduck|Golduck, L90, F|290/290\n|switch|p2a: Garchomp|Garchomp, L74, M|100/100\n|-ability|p1a: Golduck|Cloud Nine\n|turn|1\n|inactive|Battle timer is ON: inactive players will automatically lose when time's up. (requested by p0y21115424)\n|inactive|Time left: 300 sec this turn | 300 sec total | 60 sec grace\n|inactive|p0x21114e6a also wants the timer to be on.\n|\n|t:|1783563645\n|switch|p2a: Raikou|Raikou, L81|100/100\n|-ability|p2a: Raikou|Pressure\n|move|p1a: Golduck|Hydro Pump|p2a: Raikou|[miss]\n|-miss|p1a: Golduck|p2a: Raikou\n|\n|upkeep\n|turn|2\n|inactive|Time left: 300 sec this turn | 300 sec total\n|\n|t:|1783563646\n|move|p2a: Raikou|Thunderbolt|p1a: Golduck\n|-supereffective|p1a: Golduck\n|-damage|p1a: Golduck|2/290\n|move|p1a: Golduck|Nasty Plot|p1a: Golduck\n|-boost|p1a: Golduck|spa|2\n|\n|-heal|p1a: Golduck|20/290|[from] item: Leftovers\n|upkeep\n|turn|3\n|inactive|Time left: 300 sec this turn | 300 sec total\n|\n|t:|1783563647\n|move|p2a: Raikou|Thunderbolt|p1a: Golduck\n|-supereffective|p1a: Golduck\n|-damage|p1a: Golduck|0 fnt\n|faint|p1a: Golduck\n|\n|upkeep\n|inactive|Time left: 300 sec this turn | 300 sec total | 5 sec grace\n|\n|t:|1783563648\n|switch|p1a: Flapple|Flapple, L88, M|266/266\n|turn|4\n|inactive|Time left: 300 sec this turn | 300 sec total\n|\n|t:|1783563649\n|move|p2a: Raikou|Thunderbolt|p1a: Flapple\n|-resisted|p1a: Flapple\n|-damage|p1a: Flapple|215/266\n|-status|p1a: Flapple|par\n|cant|p1a: Flapple|par\n|\n|upkeep\n|turn|5\n|inactive|Time left: 300 sec this turn | 300 sec total\n|\n|t:|1783563650\n|move|p2a: Raikou|Thunderbolt|p1a: Flapple\n|-resisted|p1a: Flapple\n|-damage|p1a: Flapple|170/266 par\n|cant|p1a: Flapple|par\n|\n|upkeep\n|turn|6\n|inactive|Time left: 300 sec this turn | 300 sec total\n|\n|t:|1783563650\n|move|p2a: Raikou|Thunderbolt|p1a: Flapple\n|-resisted|p1a: Flapple\n|-damage|p1a: Flapple|127/266 par\n|move|p1a: Flapple|Outrage|p2a: Raikou\n|-damage|p2a: Raikou|11/100\n|\n|upkeep\n|turn|7\n|inactive|Time left: 300 sec this turn | 300 sec total\n|\n|t:|1783563651\n|move|p2a: Raikou|Thunderbolt|p1a: Flapple\n|-resisted|p1a: Flapple\n|-damage|p1a: Flapple|81/266 par\n|cant|p1a: Flapple|par\n|\n|-start|p1a: Flapple|confusion|[fatigue]\n|upkeep\n|turn|8\n|inactive|Time left: 300 sec this turn | 300 sec total\n|\n|t:|1783563652\n|move|p2a: Raikou|Thunderbolt|p1a: Flapple\n|-resisted|p1a: Flapple\n|-damage|p1a: Flapple|32/266 par\n|-activate|p1a: Flapple|confusion\n|move|p1a: Flapple|Outrage|p2a: Raikou\n|-damage|p2a: Raikou|0 fnt\n|faint|p2a: Raikou\n|\n|upkeep\n|\n|t:|1783563653\n|switch|p2a: Espathra|Espathra, L80, F|100/100\n|turn|9\n|inactive|Time left: 300 sec this turn | 300 sec total\n|\n|t:|1783563654\n|move|p2a: Espathra|Lumina Crash|p1a: Flapple\n|-damage|p1a: Flapple|0 fnt\n|faint|p1a: Flapple\n|\n|-ability|p2a: Espathra|Speed Boost|boost\n|-boost|p2a: Espathra|spe|1\n|upkeep\n|inactive|Time left: 300 sec this turn | 300 sec total | 5 sec grace\n|\n|t:|1783563655\n|switch|p1a: Bisharp|Bisharp, L79, M|232/232\n|turn|10\n|inactive|Time left: 300 sec this turn | 300 sec total\n|\n|t:|1783563656\n|switch|p2a: Garchomp|Garchomp, L74, M|100/100\n|move|p1a: Bisharp|Swords Dance|p1a: Bisharp\n|-boost|p1a: Bisharp|atk|2\n|\n|upkeep\n|turn|11\n|inactive|Time left: 300 sec this turn | 300 sec total\n|\n|t:|1783563657\n|move|p2a: Garchomp|Earthquake|p1a: Bisharp\n|-supereffective|p1a: Bisharp\n|-damage|p1a: Bisharp|106/232\n|move|p1a: Bisharp|Iron Head|p2a: Garchomp\n|-damage|p2a: Garchomp|31/100\n|-damage|p1a: Bisharp|77/232|[from] ability: Rough Skin|[of] p2a: Garchomp\n|\n|upkeep\n|turn|12\n|inactive|Time left: 300 sec this turn | 300 sec total\n|\n|t:|1783563658\n|move|p1a: Bisharp|Sucker Punch|p2a: Garchomp\n|-damage|p2a: Garchomp|0 fnt\n|-damage|p1a: Bisharp|48/232|[from] ability: Rough Skin|[of] p2a: Garchomp\n|faint|p2a: Garchomp\n|\n|upkeep\n|\n|t:|1783563659\n|switch|p2a: Mamoswine|Mamoswine, L81, M|100/100\n|turn|13\n|inactive|Time left: 300 sec this turn | 300 sec total\n|\n|t:|1783563660\n|move|p2a: Mamoswine|Earthquake|p1a: Bisharp\n|-supereffective|p1a: Bisharp\n|-damage|p1a: Bisharp|0 fnt\n|faint|p1a: Bisharp\n|\n|upkeep\n|inactive|Time left: 300 sec this turn | 300 sec total | 5 sec grace\n|\n|t:|1783563661\n|switch|p1a: Klawf|Klawf, L90, F|272/272\n|turn|14\n|inactive|Time left: 300 sec this turn | 300 sec total\n|\n|t:|1783563662\n|-terastallize|p1a: Klawf|Ground\n|move|p1a: Klawf|Knock Off|p2a: Mamoswine\n|-damage|p2a: Mamoswine|64/100\n|-enditem|p2a: Mamoswine|Choice Band|[from] move: Knock Off|[of] p1a: Klawf\n|-damage|p1a: Klawf|245/272|[from] item: Life Orb\n|move|p2a: Mamoswine|Earthquake|p1a: Klawf\n|-damage|p1a: Klawf|148/272\n|\n|upkeep\n|turn|15\n|inactive|Time left: 300 sec this turn | 300 sec total\n|\n|t:|1783563664\n|switch|p1a: Solgaleo|Solgaleo, L74|325/325\n|move|p2a: Mamoswine|Icicle Crash|p1a: Solgaleo\n|-resisted|p1a: Solgaleo\n|-damage|p1a: Solgaleo|276/325\n|\n|upkeep\n|turn|16\n|inactive|Time left: 300 sec this turn | 300 sec total\n|\n|t:|1783563665\n|switch|p2a: Palkia|Palkia, L75|100/100\n|-ability|p2a: Palkia|Pressure\n|move|p1a: Solgaleo|Sunsteel Strike|p2a: Palkia\n|-resisted|p2a: Palkia\n|-damage|p2a: Palkia|78/100\n|\n|upkeep\n|turn|17\n|inactive|Time left: 300 sec this turn | 300 sec total\n|\n|t:|1783563666\n|-terastallize|p2a: Palkia|Fire\n|move|p2a: Palkia|Fire Blast|p1a: Solgaleo\n|-supereffective|p1a: Solgaleo\n|-damage|p1a: Solgaleo|0 fnt\n|faint|p1a: Solgaleo\n|\n|upkeep\n|inactive|Time left: 300 sec this turn | 300 sec total | 5 sec grace\n|\n|t:|1783563667\n|switch|p1a: Klawf|Klawf, L90, F, tera:Ground|238/272\n|turn|18\n|inactive|Time left: 300 sec this turn | 300 sec total\n|\n|t:|1783563668\n|move|p2a: Palkia|Hydro Pump|p1a: Klawf\n|-supereffective|p1a: Klawf\n|-damage|p1a: Klawf|0 fnt\n|faint|p1a: Klawf\n|\n|upkeep\n|inactive|Time left: 300 sec this turn | 300 sec total | 5 sec grace\n|\n|t:|1783563669\n|switch|p1a: Haxorus|Haxorus, L77, F|244/244\n|-ability|p1a: Haxorus|Mold Breaker\n|turn|19\n|inactive|Time left: 300 sec this turn | 300 sec total\n|\n|t:|1783563669\n|move|p1a: Haxorus|Iron Head|p2a: Palkia\n|-resisted|p2a: Palkia\n|-damage|p2a: Palkia|66/100\n|move|p2a: Palkia|Draco Meteor|p1a: Haxorus\n|-supereffective|p1a: Haxorus\n|-damage|p1a: Haxorus|0 fnt\n|-unboost|p2a: Palkia|spa|2\n|faint|p1a: Haxorus\n|\n|win|p0y21115424", "uploadtime": 1783563669, "views": 0, "rating": 0, "private": 0, "password": null, "_winner": "p0y21115424", "_our_name": "p0x21114e6a"}