{"id": "battle-gen9randombattle-1106", "formatid": "gen9randombattle", "format": "[Gen 9] Random Battle", "players": ["p0x11067791", "p0y1106d95c"], "log": "|init|battle\n|title|p0x11067791 vs. p0y1106d95c\n|j|\u2606p0x11067791\n|j|\u2606p0y1106d95c\n|t:|1783552797\n|gametype|singles\n|player|p1|p0x11067791|265|\n|player|p2|p0y1106d95c|101|\n|gen|9\n|tier|[Gen 9] Random Battle\n|rule|Species Clause: Limit one of each Pok\u00e9mon\n|rule|HP Percentage Mod: HP is shown in percentages\n|rule|Sleep Clause Mod: Limit one foe put to sleep\n|rule|Illusion Level Mod: Illusion disguises the Pok\u00e9mon's true level\n|\n|t:|1783552797\n|teamsize|p1|6\n|teamsize|p2|6\n|start\n|switch|p1a: Vileplume|Vileplume, L85, M|100/100\n|switch|p2a: Granbull|Granbull, L88, F|302/302\n|-ability|p2a: Granbull|Intimidate|boost\n|-unboost|p1a: Vileplume|atk|1\n|turn|1\n|inactive|Battle timer is ON: inactive players will automatically lose when time's up. (requested by p0y1106d95c)\n|inactive|p0x11067791 also wants the timer to be on.\n|\n|t:|1783552798\n|switch|p2a: Overqwil|Overqwil, L82, F|274/274\n|-ability|p2a: Overqwil|Intimidate|boost\n|-unboost|p1a: Vileplume|atk|1\n|move|p1a: Vileplume|Sludge Bomb|p2a: Overqwil\n|-resisted|p2a: Overqwil\n|-damage|p2a: Overqwil|202/274\n|\n|upkeep\n|turn|2\n|inactive|Time left: 300 sec this turn | 300 sec total\n|\n|t:|1783552800\n|move|p2a: Overqwil|Gunk Shot|p1a: Vileplume|[miss]\n|-miss|p2a: Overqwil|p1a: Vileplume\n|move|p1a: Vileplume|Strength Sap|p2a: Overqwil\n|-unboost|p2a: Overqwil|atk|1\n|\n|upkeep\n|turn|3\n|inactive|Time left: 300 sec this turn | 300 sec total\n|\n|t:|1783552801\n|move|p2a: Overqwil|Gunk Shot|p1a: Vileplume\n|-damage|p1a: Vileplume|50/100\n|move|p1a: Vileplume|Sludge Bomb|p2a: Overqwil\n|-resisted|p2a: Overqwil\n|-damage|p2a: Overqwil|127/274\n|\n|-heal|p1a: Vileplume|56/100|[from] item: Leftovers\n|upkeep\n|turn|4\n|inactive|Time left: 300 sec this turn | 300 sec total\n|\n|t:|1783552802\n|move|p2a: Overqwil|Gunk Shot|p1a: Vileplume\n|-damage|p1a: Vileplume|2/100\n|move|p1a: Vileplume|Strength Sap|p2a: Overqwil\n|-unboost|p2a: Overqwil|atk|1\n|-heal|p1a: Vileplume|61/100\n|\n|-heal|p1a: Vileplume|67/100|[from] item: Leftovers\n|upkeep\n|turn|5\n|inactive|Time left: 300 sec this turn | 300 sec total\n|\n|t:|1783552803\n|move|p2a: Overqwil|Gunk Shot|p1a: Vileplume\n|-damage|p1a: Vileplume|26/100\n|move|p1a: Vileplume|Giga Drain|p2a: Overqwil\n|-resisted|p2a: Overqwil\n|-damage|p2a: Overqwil|70/274\n|-heal|p1a: Vileplume|37/100|[from] drain|[of] p2a: Overqwil\n|\n|-heal|p1a: Vileplume|43/100|[from] item: Leftovers\n|upkeep\n|turn|6\n|inactive|Time left: 300 sec this turn | 300 sec total\n|\n|t:|1783552804\n|switch|p2a: Tentacruel|Tentacruel, L84, M|272/272\n|move|p1a: Vileplume|Strength Sap|p2a: Tentacruel\n|-unboost|p2a: Tentacruel|atk|1\n|-damage|p1a: Vileplume|0 fnt|[from] ability: Liquid Ooze|[of] p2a: Tentacruel\n|faint|p1a: Vileplume\n|\n|upkeep\n|\n|t:|1783552805\n|switch|p1a: Kingdra|Kingdra, L84, M|100/100\n|turn|7\n|inactive|Time left: 300 sec this turn | 300 sec total\n|\n|t:|1783552806\n|switch|p2a: Granbull|Granbull, L88, F|302/302\n|-ability|p2a: Granbull|Intimidate|boost\n|-unboost|p1a: Kingdra|atk|1\n|move|p1a: Kingdra|Outrage|p2a: Granbull\n|-immune|p2a: Granbull\n|\n|upkeep\n|turn|8\n|inactive|Time left: 300 sec this turn | 300 sec total\n|\n|t:|1783552807\n|move|p1a: Kingdra|Dragon Dance|p1a: Kingdra\n|-boost|p1a: Kingdra|atk|1\n|-boost|p1a: Kingdra|spe|1\n|move|p2a: Granbull|Play Rough|p1a: Kingdra|[miss]\n|-miss|p2a: Granbull|p1a: Kingdra\n|\n|upkeep\n|turn|9\n|inactive|Time left: 300 sec this turn | 300 sec total\n|\n|t:|1783552808\n|move|p1a: Kingdra|Waterfall|p2a: Granbull\n|-damage|p2a: Granbull|215/302\n|move|p2a: Granbull|Play Rough|p1a: Kingdra\n|-supereffective|p1a: Kingdra\n|-damage|p1a: Kingdra|6/100\n|\n|-heal|p2a: Granbull|233/302|[from] item: Leftovers\n|upkeep\n|turn|10\n|inactive|Time left: 300 sec this turn | 300 sec total\n|\n|t:|1783552809\n|switch|p2a: Appletun|Appletun, L92, M|352/352\n|move|p1a: Kingdra|Waterfall|p2a: Appletun\n|-resisted|p2a: Appletun\n|-damage|p2a: Appletun|332/352\n|\n|-heal|p2a: Appletun|352/352|[from] item: Leftovers\n|upkeep\n|turn|11\n|inactive|Time left: 300 sec this turn | 300 sec total\n|\n|t:|1783552811\n|move|p1a: Kingdra|Outrage|p2a: Appletun\n|-supereffective|p2a: Appletun\n|-damage|p2a: Appletun|128/352\n|move|p2a: Appletun|Dragon Pulse|p1a: Kingdra\n|-supereffective|p1a: Kingdra\n|-damage|p1a: Kingdra|0 fnt\n|faint|p1a: Kingdra\n|\n|-heal|p2a: Appletun|150/352|[from] item: Leftovers\n|upkeep\n|\n|t:|1783552812\n|switch|p1a: Glaceon|Glaceon, L94, F|100/100\n|turn|12\n|inactive|Time left: 300 sec this turn | 300 sec total\n|\n|t:|1783552813\n|-terastallize|p2a: Appletun|Steel\n|move|p1a: Glaceon|Freeze-Dry|p2a: Appletun\n|-resisted|p2a: Appletun\n|-damage|p2a: Appletun|121/352\n|move|p2a: Appletun|Leech Seed|p1a: Glaceon\n|-start|p1a: Glaceon|move: Leech Seed\n|\n|-heal|p2a: Appletun|143/352|[from] item: Leftovers\n|-damage|p1a: Glaceon|88/100|[from] Leech Seed|[of] p2a: Appletun\n|-heal|p2a: Appletun|177/352|[silent]\n|upkeep\n|turn|13\n|inactive|Time left: 300 sec this turn | 300 sec total\n|\n|t:|1783552814\n|-terastallize|p1a: Glaceon|Ground\n|move|p1a: Glaceon|Mud Shot|p2a: Appletun\n|-supereffective|p2a: Appletun\n|-damage|p2a: Appletun|0 fnt\n|faint|p2a: Appletun\n|\n|upkeep\n|inactive|Time left: 300 sec this turn | 300 sec total | 5 sec grace\n|\n|t:|1783552815\n|switch|p2a: Overqwil|Overqwil, L82, F|70/274\n|-ability|p2a: Overqwil|Intimidate|boost\n|-unboost|p1a: Glaceon|atk|1\n|turn|14\n|inactive|Time left: 300 sec this turn | 300 sec total\n|\n|t:|1783552816\n|move|p2a: Overqwil|Liquidation|p1a: Glaceon\n|-supereffective|p1a: Glaceon\n|-damage|p1a: Glaceon|37/100\n|move|p1a: Glaceon|Freeze-Dry|p2a: Overqwil\n|-damage|p2a: Overqwil|0 fnt\n|faint|p2a: Overqwil\n|\n|upkeep\n|inactive|Time left: 300 sec this turn | 300 sec total | 5 sec grace\n|\n|t:|1783552816\n|switch|p2a: Pyroar|Pyroar, L88, M|295/295\n|-ability|p2a: Pyroar|Unnerve\n|turn|15\n|inactive|Time left: 300 sec this turn | 300 sec total\n|\n|t:|1783552817\n|move|p2a: Pyroar|Fire Blast|p1a: Glaceon\n|-damage|p1a: Glaceon|0 fnt\n|faint|p1a: Glaceon\n|\n|upkeep\n|\n|t:|1783552818\n|switch|p1a: Indeedee|Indeedee-F, L90, F|100/100\n|-fieldstart|move: Psychic Terrain|[from] ability: Psychic Surge|[of] p1a: Indeedee\n|turn|16\n|inactive|Time left: 300 sec this turn | 300 sec total\n|\n|t:|1783552819\n|move|p2a: Pyroar|Dark Pulse|p1a: Indeedee\n|-supereffective|p1a: Indeedee\n|-damage|p1a: Indeedee|62/100\n|move|p1a: Indeedee|Psyshock|p2a: Pyroar\n|-damage|p2a: Pyroar|99/295\n|-damage|p1a: Indeedee|52/100|[from] item: Life Orb\n|\n|upkeep\n|turn|17\n|inactive|Time left: 300 sec this turn | 300 sec total\n|\n|t:|1783552820\n|move|p2a: Pyroar|Dark Pulse|p1a: Indeedee\n|-supereffective|p1a: Indeedee\n|-damage|p1a: Indeedee|10/100\n|move|p1a: Indeedee|Psyshock|p2a: Pyroar\n|-damage|p2a: Pyroar|0 fnt\n|faint|p2a: Pyroar\n|-damage|p1a: Indeedee|0 fnt|[from] item: Life Orb\n|faint|p1a: Indeedee\n|\n|upkeep\n|inactive|Time left: 300 sec this turn | 300 sec total | 5 sec grace\n|\n|t:|1783552821\n|switch|p2a: Deoxys|Deoxys, L74|196/196\n|switch|p1a: Lumineon|Lumineon, L93, M|100/100\n|-ability|p2a: Deoxys|Pressure\n|turn|18\n|inactive|Time left: 300 sec this turn | 300 sec total\n|\n|t:|1783552822\n|move|p2a: Deoxys|Psycho Boost|p1a: Lumineon\n|-damage|p1a: Lumineon|17/100\n|-unboost|p2a: Deoxys|spa|2\n|-damage|p2a: Deoxys|177/196|[from] item: Life Orb\n|move|p1a: Lumineon|Hydro Pump|p2a: Deoxys\n|-damage|p2a: Deoxys|0 fnt\n|faint|p2a: Deoxys\n|-damage|p1a: Lumineon|7/100|[from] item: Life Orb\n|\n|upkeep\n|inactive|Time left: 300 sec this turn | 300 sec total | 5 sec grace\n|\n|t:|1783552823\n|switch|p2a: Tentacruel|Tentacruel, L84, M|272/272\n|turn|19\n|inactive|Time left: 300 sec this turn | 300 sec total\n|\n|t:|1783552824\n|switch|p1a: Corviknight|Corviknight, L80, M|100/100\n|move|p2a: Tentacruel|Toxic|p1a: Corviknight\n|-immune|p1a: Corviknight\n|\n|upkeep\n|turn|20\n|inactive|Time left: 300 sec this turn | 300 sec total\n|\n|t:|1783552825\n|switch|p2a: Granbull|Granbull, L88, F|233/302\n|-ability|p2a: Granbull|Intimidate|boost\n|-ability|p1a: Corviknight|Mirror Armor\n|-unboost|p2a: Granbull|atk|1\n|move|p1a: Corviknight|Brave Bird|p2a: Granbull\n|-damage|p2a: Granbull|115/302\n|-damage|p1a: Corviknight|87/100|[from] Recoil\n|\n|-heal|p1a: Corviknight|93/100|[from] item: Leftovers\n|-heal|p2a: Granbull|133/302|[from] item: Leftovers\n|-fieldend|move: Psychic Terrain\n|upkeep\n|turn|21\n|inactive|Time left: 300 sec this turn | 300 sec total\n|\n|t:|1783552826\n|move|p1a: Corviknight|Brave Bird|p2a: Granbull\n|-damage|p2a: Granbull|9/302\n|-damage|p1a: Corviknight|79/100|[from] Recoil\n|move|p2a: Granbull|Thunder Wave|p1a: Corviknight\n|-status|p1a: Corviknight|par\n|\n|-heal|p2a: Granbull|27/302|[from] item: Leftovers\n|-heal|p1a: Corviknight|85/100 par|[from] item: Leftovers\n|upkeep\n|turn|22\n|inactive|Time left: 300 sec this turn | 300 sec total\n|\n|t:|1783552827\n|switch|p2a: Tentacruel|Tentacruel, L84, M|272/272\n|move|p1a: Corviknight|Brave Bird|p2a: Tentacruel\n|-damage|p2a: Tentacruel|131/272\n|-damage|p1a: Corviknight|69/100 par|[from] Recoil\n|\n|-heal|p2a: Tentacruel|148/272|[from] item: Leftovers\n|-heal|p1a: Corviknight|75/100 par|[from] item: Leftovers\n|upkeep\n|turn|23\n|inactive|Time left: 300 sec this turn | 300 sec total\n|\n|t:|1783552828\n|move|p2a: Tentacruel|Surf|p1a: Corviknight\n|-damage|p1a: Corviknight|45/100 par\n|move|p1a: Corviknight|Brave Bird|p2a: Tentacruel\n|-damage|p2a: Tentacruel|6/272\n|-damage|p1a: Corviknight|28/100 par|[from] Recoil\n|\n|-heal|p2a: Tentacruel|23/272|[from] item: Leftovers\n|-heal|p1a: Corviknight|35/100 par|[from] item: Leftovers\n|upkeep\n|turn|24\n|inactive|Time left: 300 sec this turn | 300 sec total\n|\n|t:|1783552829\n|move|p2a: Tentacruel|Surf|p1a: Corviknight\n|-damage|p1a: Corviknight|5/100 par\n|move|p1a: Corviknight|U-turn|p2a: Tentacruel\n|-resisted|p2a: Tentacruel\n|-damage|p2a: Tentacruel|0 fnt\n|faint|p2a: Tentacruel\n|\n|t:|1783552830\n|switch|p1a: Lumineon|Lumineon, L93, M|7/100|[from] U-turn\n|\n|upkeep\n|inactive|Time left: 300 sec this turn | 300 sec total | 10 sec grace\n|\n|t:|1783552831\n|switch|p2a: Granbull|Granbull, L88, F|27/302\n|-ability|p2a: Granbull|Intimidate|boost\n|-unboost|p1a: Lumineon|atk|1\n|turn|25\n|inactive|Time left: 300 sec this turn | 300 sec total\n|\n|t:|1783552832\n|move|p1a: Lumineon|Ice Beam|p2a: Granbull\n|-damage|p2a: Granbull|0 fnt\n|faint|p2a: Granbull\n|-damage|p1a: Lumineon|0 fnt|[from] item: Life Orb\n|faint|p1a: Lumineon\n|\n|win|p0x11067791", "uploadtime": 1783552832, "views": 0, "rating": 0, "private": 0, "password": null, "_winner": "p0x11067791", "_our_name": "p0y1106d95c"}