{"id": "battle-gen9randombattle-2748", "formatid": "gen9randombattle", "format": "[Gen 9] Random Battle", "players": ["p0x27481964", "p0y2748c3a4"], "log": "|init|battle\n|title|p0x27481964 vs. p0y2748c3a4\n|j|\u2606p0x27481964\n|j|\u2606p0y2748c3a4\n|t:|1783570667\n|gametype|singles\n|player|p1|p0x27481964|266|\n|player|p2|p0y2748c3a4|1|\n|gen|9\n|tier|[Gen 9] Random Battle\n|rule|Species Clause: Limit one of each Pok\u00e9mon\n|rule|HP Percentage Mod: HP is shown in percentages\n|rule|Sleep Clause Mod: Limit one foe put to sleep\n|rule|Illusion Level Mod: Illusion disguises the Pok\u00e9mon's true level\n|\n|t:|1783570667\n|teamsize|p1|6\n|teamsize|p2|6\n|start\n|switch|p1a: Entei|Entei, L78|100/100\n|switch|p2a: Lapras|Lapras, L87, M|367/367\n|turn|1\n|inactive|Battle timer is ON: inactive players will automatically lose when time's up. (requested by p0y2748c3a4)\n|\n|t:|1783570668\n|move|p1a: Entei|Sacred Fire|p2a: Lapras\n|-damage|p2a: Lapras|213/367\n|move|p2a: Lapras|Sparkling Aria|p1a: Entei\n|-supereffective|p1a: Entei\n|-damage|p1a: Entei|0 fnt\n|faint|p1a: Entei\n|\n|upkeep\n|inactive|p0x27481964 also wants the timer to be on.\n|\n|t:|1783570669\n|switch|p1a: Kricketune|Kricketune, L99, F|100/100\n|turn|2\n|inactive|Time left: 300 sec this turn | 300 sec total\n|\n|t:|1783570671\n|move|p1a: Kricketune|Sticky Web|p2a: Lapras\n|-sidestart|p2: p0y2748c3a4|move: Sticky Web\n|move|p2a: Lapras|Sparkling Aria|p1a: Kricketune\n|-damage|p1a: Kricketune|50/100\n|\n|upkeep\n|turn|3\n|inactive|Time left: 300 sec this turn | 300 sec total\n|\n|t:|1783570672\n|move|p1a: Kricketune|Knock Off|p2a: Lapras\n|-damage|p2a: Lapras|125/367\n|-enditem|p2a: Lapras|Choice Specs|[from] move: Knock Off|[of] p1a: Kricketune\n|move|p2a: Lapras|Sparkling Aria|p1a: Kricketune\n|-damage|p1a: Kricketune|11/100\n|\n|upkeep\n|turn|4\n|inactive|Time left: 300 sec this turn | 300 sec total\n|\n|t:|1783570672\n|move|p1a: Kricketune|Pounce|p2a: Lapras\n|-damage|p2a: Lapras|26/367\n|-unboost|p2a: Lapras|spe|1\n|move|p2a: Lapras|Sparkling Aria|p1a: Kricketune\n|-damage|p1a: Kricketune|0 fnt\n|faint|p1a: Kricketune\n|\n|upkeep\n|\n|t:|1783570673\n|switch|p1a: Mew|Mew, L82|100/100\n|turn|5\n|inactive|Time left: 300 sec this turn | 300 sec total\n|\n|t:|1783570675\n|move|p1a: Mew|Nasty Plot|p1a: Mew\n|-boost|p1a: Mew|spa|2\n|move|p2a: Lapras|Hydro Pump|p1a: Mew\n|-damage|p1a: Mew|62/100\n|\n|upkeep\n|turn|6\n|inactive|Time left: 300 sec this turn | 300 sec total\n|\n|t:|1783570676\n|move|p1a: Mew|Psyshock|p2a: Lapras\n|-damage|p2a: Lapras|0 fnt\n|faint|p2a: Lapras\n|-damage|p1a: Mew|53/100|[from] item: Life Orb\n|\n|upkeep\n|inactive|Time left: 300 sec this turn | 300 sec total | 5 sec grace\n|\n|t:|1783570677\n|switch|p2a: Basculegion|Basculegion, L80, M|323/323\n|-activate|p2a: Basculegion|move: Sticky Web\n|-unboost|p2a: Basculegion|spe|1\n|turn|7\n|inactive|Time left: 300 sec this turn | 300 sec total\n|\n|t:|1783570678\n|move|p1a: Mew|Psyshock|p2a: Basculegion\n|-damage|p2a: Basculegion|53/323\n|-damage|p1a: Mew|43/100|[from] item: Life Orb\n|move|p2a: Basculegion|Wave Crash|p1a: Mew\n|-damage|p1a: Mew|0 fnt\n|faint|p1a: Mew\n|-damage|p2a: Basculegion|11/323|[from] Recoil\n|\n|upkeep\n|\n|t:|1783570679\n|switch|p1a: Tatsugiri|Tatsugiri, L87, F|100/100\n|turn|8\n|inactive|Time left: 300 sec this turn | 300 sec total\n|\n|t:|1783570680\n|move|p1a: Tatsugiri|Nasty Plot|p1a: Tatsugiri\n|-boost|p1a: Tatsugiri|spa|2\n|move|p2a: Basculegion|Shadow Ball|p1a: Tatsugiri\n|-damage|p1a: Tatsugiri|67/100\n|-unboost|p1a: Tatsugiri|spd|1\n|\n|upkeep\n|turn|9\n|inactive|Time left: 300 sec this turn | 300 sec total\n|\n|t:|1783570681\n|move|p1a: Tatsugiri|Surf|p2a: Basculegion\n|-resisted|p2a: Basculegion\n|-damage|p2a: Basculegion|0 fnt\n|faint|p2a: Basculegion\n|\n|upkeep\n|inactive|Time left: 300 sec this turn | 300 sec total | 5 sec grace\n|\n|t:|1783570682\n|switch|p2a: Bisharp|Bisharp, L79, M|232/232\n|-activate|p2a: Bisharp|move: Sticky Web\n|-unboost|p2a: Bisharp|spe|1\n|-ability|p2a: Bisharp|Defiant|boost\n|-boost|p2a: Bisharp|atk|2\n|turn|10\n|inactive|Time left: 300 sec this turn | 300 sec total\n|\n|t:|1783570683\n|switch|p1a: Milotic|Milotic, L83, F|100/100\n|move|p2a: Bisharp|Sucker Punch||[still]\n|-fail|p2a: Bisharp\n|\n|upkeep\n|turn|11\n|inactive|Time left: 300 sec this turn | 300 sec total\n|\n|t:|1783570684\n|move|p1a: Milotic|Haze|p1a: Milotic\n|-clearallboost\n|move|p2a: Bisharp|Throat Chop|p1a: Milotic\n|-damage|p1a: Milotic|69/100\n|-start|p1a: Milotic|Throat Chop|[silent]\n|\n|-heal|p1a: Milotic|75/100|[from] item: Leftovers\n|upkeep\n|turn|12\n|inactive|Time left: 300 sec this turn | 300 sec total\n|\n|t:|1783570684\n|move|p1a: Milotic|Scald|p2a: Bisharp\n|-damage|p2a: Bisharp|163/232\n|move|p2a: Bisharp|Throat Chop|p1a: Milotic\n|-damage|p1a: Milotic|40/100\n|\n|-heal|p1a: Milotic|46/100|[from] item: Leftovers\n|-end|p1a: Milotic|Throat Chop|[silent]\n|upkeep\n|turn|13\n|inactive|Time left: 300 sec this turn | 300 sec total\n|\n|t:|1783570685\n|move|p1a: Milotic|Recover|p1a: Milotic\n|-heal|p1a: Milotic|96/100\n|move|p2a: Bisharp|Throat Chop|p1a: Milotic\n|-damage|p1a: Milotic|61/100\n|-start|p1a: Milotic|Throat Chop|[silent]\n|\n|-heal|p1a: Milotic|67/100|[from] item: Leftovers\n|upkeep\n|turn|14\n|inactive|Time left: 300 sec this turn | 300 sec total\n|\n|t:|1783570686\n|move|p1a: Milotic|Scald|p2a: Bisharp\n|-damage|p2a: Bisharp|91/232\n|-status|p2a: Bisharp|brn\n|move|p2a: Bisharp|Throat Chop|p1a: Milotic\n|-damage|p1a: Milotic|50/100\n|\n|-heal|p1a: Milotic|56/100|[from] item: Leftovers\n|-damage|p2a: Bisharp|77/232 brn|[from] brn\n|-end|p1a: Milotic|Throat Chop|[silent]\n|upkeep\n|turn|15\n|inactive|Time left: 300 sec this turn | 300 sec total\n|\n|t:|1783570687\n|move|p1a: Milotic|Recover|p1a: Milotic\n|-heal|p1a: Milotic|100/100\n|move|p2a: Bisharp|Iron Head|p1a: Milotic\n|-resisted|p1a: Milotic\n|-damage|p1a: Milotic|92/100\n|\n|-heal|p1a: Milotic|98/100|[from] item: Leftovers\n|-damage|p2a: Bisharp|63/232 brn|[from] brn\n|upkeep\n|turn|16\n|inactive|Time left: 300 sec this turn | 300 sec total\n|\n|t:|1783570688\n|move|p1a: Milotic|Scald|p2a: Bisharp\n|-damage|p2a: Bisharp|0 fnt\n|faint|p2a: Bisharp\n|\n|-heal|p1a: Milotic|100/100|[from] item: Leftovers\n|upkeep\n|inactive|Time left: 300 sec this turn | 300 sec total | 5 sec grace\n|\n|t:|1783570689\n|switch|p2a: Dunsparce|Dunsparce, L86, M|312/312\n|-activate|p2a: Dunsparce|move: Sticky Web\n|-unboost|p2a: Dunsparce|spe|1\n|turn|17\n|inactive|Time left: 300 sec this turn | 300 sec total\n|\n|t:|1783570690\n|move|p1a: Milotic|Scald|p2a: Dunsparce\n|-damage|p2a: Dunsparce|245/312\n|move|p2a: Dunsparce|Body Slam|p1a: Milotic\n|-damage|p1a: Milotic|70/100\n|-status|p1a: Milotic|par\n|\n|-heal|p1a: Milotic|77/100 par|[from] item: Leftovers\n|upkeep\n|turn|18\n|inactive|Time left: 300 sec this turn | 300 sec total\n|\n|t:|1783570691\n|move|p1a: Milotic|Scald|p2a: Dunsparce\n|-damage|p2a: Dunsparce|169/312\n|-status|p2a: Dunsparce|brn\n|move|p2a: Dunsparce|Coil|p2a: Dunsparce\n|-boost|p2a: Dunsparce|atk|1\n|-boost|p2a: Dunsparce|def|1\n|-boost|p2a: Dunsparce|accuracy|1\n|\n|-heal|p1a: Milotic|83/100 par|[from] item: Leftovers\n|-damage|p2a: Dunsparce|150/312 brn|[from] brn\n|upkeep\n|turn|19\n|inactive|Time left: 300 sec this turn | 300 sec total\n|\n|t:|1783570691\n|move|p1a: Milotic|Scald|p2a: Dunsparce\n|-damage|p2a: Dunsparce|78/312 brn\n|move|p2a: Dunsparce|Roost|p2a: Dunsparce\n|-heal|p2a: Dunsparce|234/312 brn\n|-singleturn|p2a: Dunsparce|move: Roost\n|\n|-heal|p1a: Milotic|89/100 par|[from] item: Leftovers\n|-damage|p2a: Dunsparce|215/312 brn|[from] brn\n|upkeep\n|turn|20\n|inactive|Time left: 300 sec this turn | 300 sec total\n|\n|t:|1783570692\n|move|p1a: Milotic|Haze|p1a: Milotic\n|-clearallboost\n|move|p2a: Dunsparce|Roost|p2a: Dunsparce\n|-heal|p2a: Dunsparce|312/312 brn\n|-singleturn|p2a: Dunsparce|move: Roost\n|\n|-heal|p1a: Milotic|95/100 par|[from] item: Leftovers\n|-damage|p2a: Dunsparce|293/312 brn|[from] brn\n|upkeep\n|turn|21\n|inactive|Time left: 300 sec this turn | 300 sec total\n|\n|t:|1783570693\n|move|p2a: Dunsparce|Coil|p2a: Dunsparce\n|-boost|p2a: Dunsparce|atk|1\n|-boost|p2a: Dunsparce|def|1\n|-boost|p2a: Dunsparce|accuracy|1\n|cant|p1a: Milotic|par\n|\n|-heal|p1a: Milotic|100/100 par|[from] item: Leftovers\n|-damage|p2a: Dunsparce|274/312 brn|[from] brn\n|upkeep\n|turn|22\n|inactive|Time left: 300 sec this turn | 300 sec total\n|\n|t:|1783570694\n|move|p2a: Dunsparce|Coil|p2a: Dunsparce\n|-boost|p2a: Dunsparce|atk|1\n|-boost|p2a: Dunsparce|def|1\n|-boost|p2a: Dunsparce|accuracy|1\n|move|p1a: Milotic|Haze|p1a: Milotic\n|-clearallboost\n|\n|-damage|p2a: Dunsparce|255/312 brn|[from] brn\n|upkeep\n|turn|23\n|inactive|Time left: 300 sec this turn | 300 sec total\n|\n|t:|1783570695\n|move|p2a: Dunsparce|Coil|p2a: Dunsparce\n|-boost|p2a: Dunsparce|atk|1\n|-boost|p2a: Dunsparce|def|1\n|-boost|p2a: Dunsparce|accuracy|1\n|move|p1a: Milotic|Haze|p1a: Milotic\n|-clearallboost\n|\n|-damage|p2a: Dunsparce|236/312 brn|[from] brn\n|upkeep\n|turn|24\n|inactive|Time left: 300 sec this turn | 300 sec total\n|\n|t:|1783570696\n|move|p2a: Dunsparce|Coil|p2a: Dunsparce\n|-boost|p2a: Dunsparce|atk|1\n|-boost|p2a: Dunsparce|def|1\n|-boost|p2a: Dunsparce|accuracy|1\n|move|p1a: Milotic|Scald|p2a: Dunsparce\n|-damage|p2a: Dunsparce|170/312 brn\n|\n|-damage|p2a: Dunsparce|151/312 brn|[from] brn\n|upkeep\n|turn|25\n|inactive|Time left: 300 sec this turn | 300 sec total\n|\n|t:|1783570697\n|move|p2a: Dunsparce|Roost|p2a: Dunsparce\n|-heal|p2a: Dunsparce|307/312 brn\n|-singleturn|p2a: Dunsparce|move: Roost\n|move|p1a: Milotic|Haze|p1a: Milotic\n|-clearallboost\n|\n|-damage|p2a: Dunsparce|288/312 brn|[from] brn\n|upkeep\n|turn|26\n|inactive|Time left: 300 sec this turn | 300 sec total\n|\n|t:|1783570698\n|move|p2a: Dunsparce|Coil|p2a: Dunsparce\n|-boost|p2a: Dunsparce|atk|1\n|-boost|p2a: Dunsparce|def|1\n|-boost|p2a: Dunsparce|accuracy|1\n|cant|p1a: Milotic|par\n|\n|-damage|p2a: Dunsparce|269/312 brn|[from] brn\n|upkeep\n|turn|27\n|inactive|Time left: 300 sec this turn | 300 sec total\n|\n|t:|1783570699\n|move|p2a: Dunsparce|Coil|p2a: Dunsparce\n|-boost|p2a: Dunsparce|atk|1\n|-boost|p2a: Dunsparce|def|1\n|-boost|p2a: Dunsparce|accuracy|1\n|move|p1a: Milotic|Haze|p1a: Milotic\n|-clearallboost\n|\n|-damage|p2a: Dunsparce|250/312 brn|[from] brn\n|upkeep\n|turn|28\n|inactive|Time left: 300 sec this turn | 300 sec total\n|\n|t:|1783570700\n|move|p2a: Dunsparce|Coil|p2a: Dunsparce\n|-boost|p2a: Dunsparce|atk|1\n|-boost|p2a: Dunsparce|def|1\n|-boost|p2a: Dunsparce|accuracy|1\n|move|p1a: Milotic|Ice Beam|p2a: Dunsparce\n|-damage|p2a: Dunsparce|196/312 brn\n|\n|-damage|p2a: Dunsparce|177/312 brn|[from] brn\n|upkeep\n|turn|29\n|inactive|Time left: 300 sec this turn | 300 sec total\n|\n|t:|1783570701\n|move|p2a: Dunsparce|Roost|p2a: Dunsparce\n|-heal|p2a: Dunsparce|312/312 brn\n|-singleturn|p2a: Dunsparce|move: Roost\n|move|p1a: Milotic|Haze|p1a: Milotic\n|-clearallboost\n|\n|-damage|p2a: Dunsparce|293/312 brn|[from] brn\n|upkeep\n|turn|30\n|inactive|Time left: 300 sec this turn | 300 sec total\n|\n|t:|1783570702\n|move|p2a: Dunsparce|Coil|p2a: Dunsparce\n|-boost|p2a: Dunsparce|atk|1\n|-boost|p2a: Dunsparce|def|1\n|-boost|p2a: Dunsparce|accuracy|1\n|move|p1a: Milotic|Haze|p1a: Milotic\n|-clearallboost\n|\n|-damage|p2a: Dunsparce|274/312 brn|[from] brn\n|upkeep\n|turn|31\n|inactive|Time left: 300 sec this turn | 300 sec total\n|\n|t:|1783570703\n|switch|p1a: Tatsugiri|Tatsugiri, L87, F|67/100\n|move|p2a: Dunsparce|Coil|p2a: Dunsparce\n|-boost|p2a: Dunsparce|atk|1\n|-boost|p2a: Dunsparce|def|1\n|-boost|p2a: Dunsparce|accuracy|1\n|\n|-damage|p2a: Dunsparce|255/312 brn|[from] brn\n|upkeep\n|turn|32\n|inactive|Time left: 300 sec this turn | 300 sec total\n|\n|t:|1783570704\n|move|p1a: Tatsugiri|Nasty Plot|p1a: Tatsugiri\n|-boost|p1a: Tatsugiri|spa|2\n|move|p2a: Dunsparce|Body Slam|p1a: Tatsugiri\n|-damage|p1a: Tatsugiri|40/100\n|-status|p1a: Tatsugiri|par\n|\n|-damage|p2a: Dunsparce|236/312 brn|[from] brn\n|upkeep\n|turn|33\n|inactive|Time left: 300 sec this turn | 300 sec total\n|\n|t:|1783570705\n|move|p2a: Dunsparce|Body Slam|p1a: Tatsugiri\n|-damage|p1a: Tatsugiri|12/100 par\n|move|p1a: Tatsugiri|Draco Meteor|p2a: Dunsparce\n|-damage|p2a: Dunsparce|0 fnt\n|-unboost|p1a: Tatsugiri|spa|2\n|faint|p2a: Dunsparce\n|\n|upkeep\n|inactive|Time left: 300 sec this turn | 300 sec total | 5 sec grace\n|\n|t:|1783570706\n|switch|p2a: Slither Wing|Slither Wing, L81|270/270\n|turn|34\n|inactive|Time left: 300 sec this turn | 300 sec total\n|\n|t:|1783570707\n|move|p2a: Slither Wing|Close Combat|p1a: Tatsugiri\n|-damage|p1a: Tatsugiri|0 fnt\n|-unboost|p2a: Slither Wing|def|1\n|-unboost|p2a: Slither Wing|spd|1\n|faint|p1a: Tatsugiri\n|\n|upkeep\n|\n|t:|1783570708\n|switch|p1a: Froslass|Froslass, L87, F|100/100\n|turn|35\n|inactive|Time left: 300 sec this turn | 300 sec total\n|\n|t:|1783570709\n|move|p1a: Froslass|Triple Axel|p2a: Slither Wing\n|-damage|p2a: Slither Wing|234/270\n|-damage|p2a: Slither Wing|173/270\n|-damage|p2a: Slither Wing|67/270\n|-hitcount|p2a: Slither Wing|3\n|move|p2a: Slither Wing|Will-O-Wisp|p1a: Froslass|[miss]\n|-miss|p2a: Slither Wing|p1a: Froslass\n|\n|upkeep\n|turn|36\n|inactive|Time left: 300 sec this turn | 300 sec total\n|\n|t:|1783570710\n|move|p1a: Froslass|Triple Axel|p2a: Slither Wing\n|-damage|p2a: Slither Wing|33/270\n|-damage|p2a: Slither Wing|0 fnt\n|faint|p2a: Slither Wing\n|-end|p2a: Slither Wing|Protosynthesis|[silent]\n|-hitcount|p2: Slither Wing|2\n|\n|upkeep\n|inactive|Time left: 300 sec this turn | 300 sec total | 5 sec grace\n|\n|t:|1783570711\n|switch|p2a: Amoonguss|Amoonguss, L82, M|321/321\n|-activate|p2a: Amoonguss|move: Sticky Web\n|-unboost|p2a: Amoonguss|spe|1\n|turn|37\n|inactive|Time left: 300 sec this turn | 300 sec total\n|\n|t:|1783570712\n|-terastallize|p2a: Amoonguss|Water\n|move|p1a: Froslass|Poltergeist|p2a: Amoonguss\n|-activate|p2a: Amoonguss|move: Poltergeist|Leftovers\n|-damage|p2a: Amoonguss|192/321\n|move|p2a: Amoonguss|Giga Drain|p1a: Froslass\n|-damage|p1a: Froslass|72/100\n|-heal|p2a: Amoonguss|230/321|[from] drain|[of] p1a: Froslass\n|\n|-heal|p2a: Amoonguss|250/321|[from] item: Leftovers\n|upkeep\n|turn|38\n|inactive|Time left: 300 sec this turn | 300 sec total\n|\n|t:|1783570713\n|-terastallize|p1a: Froslass|Ghost\n|move|p1a: Froslass|Poltergeist|p2a: Amoonguss\n|-activate|p2a: Amoonguss|move: Poltergeist|Leftovers\n|-damage|p2a: Amoonguss|66/321\n|move|p2a: Amoonguss|Spore|p1a: Froslass\n|-status|p1a: Froslass|slp|[from] move: Spore\n|\n|-heal|p2a: Amoonguss|86/321|[from] item: Leftovers\n|upkeep\n|turn|39\n|inactive|Time left: 300 sec this turn | 300 sec total\n|\n|t:|1783570714\n|cant|p1a: Froslass|slp\n|move|p2a: Amoonguss|Giga Drain|p1a: Froslass\n|-damage|p1a: Froslass|43/100 slp\n|-heal|p2a: Amoonguss|124/321|[from] drain|[of] p1a: Froslass\n|-start|p2a: Amoonguss|Disable|Giga Drain|[from] ability: Cursed Body|[of] p1a: Froslass\n|\n|-heal|p2a: Amoonguss|144/321|[from] item: Leftovers\n|upkeep\n|turn|40\n|inactive|Time left: 300 sec this turn | 300 sec total\n|\n|t:|1783570715\n|cant|p1a: Froslass|slp\n|move|p2a: Amoonguss|Stomping Tantrum|p1a: Froslass\n|-damage|p1a: Froslass|24/100 slp\n|\n|-heal|p2a: Amoonguss|164/321|[from] item: Leftovers\n|upkeep\n|turn|41\n|inactive|Time left: 300 sec this turn | 300 sec total\n|\n|t:|1783570716\n|-curestatus|p1a: Froslass|slp|[msg]\n|move|p1a: Froslass|Poltergeist|p2a: Amoonguss\n|-activate|p2a: Amoonguss|move: Poltergeist|Leftovers\n|-damage|p2a: Amoonguss|6/321\n|move|p2a: Amoonguss|Stomping Tantrum|p1a: Froslass\n|-damage|p1a: Froslass|4/100\n|\n|-heal|p2a: Amoonguss|26/321|[from] item: Leftovers\n|upkeep\n|turn|42\n|inactive|Time left: 300 sec this turn | 300 sec total\n|\n|t:|1783570717\n|move|p1a: Froslass|Triple Axel|p2a: Amoonguss\n|-resisted|p2a: Amoonguss\n|-damage|p2a: Amoonguss|15/321\n|-resisted|p2a: Amoonguss\n|-damage|p2a: Amoonguss|0 fnt\n|faint|p2a: Amoonguss\n|-hitcount|p2: Amoonguss|2\n|\n|win|p0x27481964", "uploadtime": 1783570717, "views": 0, "rating": 0, "private": 0, "password": null, "_winner": "p0x27481964", "_our_name": "p0y2748c3a4"}