{"id": "battle-gen9randombattle-294", "formatid": "gen9randombattle", "format": "[Gen 9] Random Battle", "players": ["p0x2940180", "p0y294d73d"], "log": "|init|battle\n|title|p0x2940180 vs. p0y294d73d\n|j|\u2606p0x2940180\n|j|\u2606p0y294d73d\n|t:|1783542982\n|gametype|singles\n|player|p1|p0x2940180|1|\n|player|p2|p0y294d73d|1|\n|gen|9\n|tier|[Gen 9] Random Battle\n|rule|Species Clause: Limit one of each Pok\u00e9mon\n|rule|HP Percentage Mod: HP is shown in percentages\n|rule|Sleep Clause Mod: Limit one foe put to sleep\n|rule|Illusion Level Mod: Illusion disguises the Pok\u00e9mon's true level\n|\n|t:|1783542982\n|teamsize|p1|6\n|teamsize|p2|6\n|start\n|switch|p1a: Great Tusk|Great Tusk, L77|100/100\n|switch|p2a: Mismagius|Mismagius, L86, F|243/243\n|turn|1\n|inactive|Battle timer is ON: inactive players will automatically lose when time's up. (requested by p0x2940180)\n|inactive|Time left: 300 sec this turn | 300 sec total | 60 sec grace\n|inactive|p0y294d73d also wants the timer to be on.\n|\n|t:|1783542984\n|-end|p1a: Great Tusk|Protosynthesis|[silent]\n|switch|p1a: Mimikyu|Mimikyu, L79, M|100/100\n|move|p2a: Mismagius|Shadow Ball|p1a: Mimikyu\n|-activate|p1a: Mimikyu|ability: Disguise\n|-damage|p1a: Mimikyu|100/100\n|detailschange|p1a: Mimikyu|Mimikyu-Busted, L79, M\n|-damage|p1a: Mimikyu|88/100|[from] pokemon: Mimikyu-Busted\n|\n|upkeep\n|turn|2\n|inactive|Time left: 300 sec this turn | 300 sec total\n|\n|t:|1783542985\n|switch|p1a: Smeargle|Smeargle, L95, M|100/100\n|move|p2a: Mismagius|Shadow Ball|p1a: Smeargle\n|-immune|p1a: Smeargle\n|\n|upkeep\n|turn|3\n|inactive|Time left: 300 sec this turn | 300 sec total\n|\n|t:|1783542987\n|switch|p2a: Luxray|Luxray, L88, M|283/283\n|move|p1a: Smeargle|Sticky Web|p2a: Luxray\n|-sidestart|p2: p0y294d73d|move: Sticky Web\n|\n|-status|p2a: Luxray|brn|[from] item: Flame Orb\n|upkeep\n|turn|4\n|inactive|Time left: 300 sec this turn | 300 sec total\n|\n|t:|1783542988\n|switch|p1a: Great Tusk|Great Tusk, L77|100/100\n|move|p2a: Luxray|Supercell Slam|p1a: Great Tusk\n|-immune|p1a: Great Tusk\n|-damage|p2a: Luxray|142/283 brn|[from] supercellslam\n|\n|-damage|p2a: Luxray|125/283 brn|[from] brn\n|upkeep\n|turn|5\n|inactive|Time left: 300 sec this turn | 300 sec total\n|\n|t:|1783542989\n|switch|p2a: Mismagius|Mismagius, L86, F|243/243\n|move|p1a: Great Tusk|Bulk Up|p1a: Great Tusk\n|-boost|p1a: Great Tusk|atk|1\n|-boost|p1a: Great Tusk|def|1\n|\n|upkeep\n|turn|6\n|inactive|Time left: 300 sec this turn | 300 sec total\n|\n|t:|1783542990\n|move|p2a: Mismagius|Nasty Plot|p2a: Mismagius\n|-boost|p2a: Mismagius|spa|2\n|move|p1a: Great Tusk|Stone Edge|p2a: Mismagius|[miss]\n|-miss|p1a: Great Tusk|p2a: Mismagius\n|\n|upkeep\n|turn|7\n|inactive|Time left: 300 sec this turn | 300 sec total\n|\n|t:|1783542991\n|-end|p1a: Great Tusk|Protosynthesis|[silent]\n|switch|p1a: Smeargle|Smeargle, L95, M|100/100\n|move|p2a: Mismagius|Shadow Ball|p1a: Smeargle\n|-immune|p1a: Smeargle\n|\n|upkeep\n|turn|8\n|inactive|Time left: 300 sec this turn | 300 sec total\n|\n|t:|1783542992\n|move|p2a: Mismagius|Thunderbolt|p1a: Smeargle\n|-damage|p1a: Smeargle|19/100\n|move|p1a: Smeargle|Spore|p2a: Mismagius\n|-status|p2a: Mismagius|slp|[from] move: Spore\n|\n|upkeep\n|turn|9\n|inactive|Time left: 300 sec this turn | 300 sec total\n|\n|t:|1783542994\n|cant|p2a: Mismagius|slp\n|move|p1a: Smeargle|Stealth Rock|p2a: Mismagius\n|-sidestart|p2: p0y294d73d|move: Stealth Rock\n|\n|upkeep\n|turn|10\n|inactive|Time left: 300 sec this turn | 300 sec total\n|\n|t:|1783542995\n|-curestatus|p2a: Mismagius|slp|[msg]\n|move|p2a: Mismagius|Thunderbolt|p1a: Smeargle\n|-damage|p1a: Smeargle|0 fnt\n|faint|p1a: Smeargle\n|\n|upkeep\n|\n|t:|1783542996\n|switch|p1a: Volcarona|Volcarona, L77, F|100/100\n|turn|11\n|inactive|Time left: 300 sec this turn | 300 sec total\n|\n|t:|1783542997\n|move|p2a: Mismagius|Shadow Ball|p1a: Volcarona\n|-damage|p1a: Volcarona|27/100\n|move|p1a: Volcarona|Quiver Dance|p1a: Volcarona\n|-boost|p1a: Volcarona|spa|1\n|-boost|p1a: Volcarona|spd|1\n|-boost|p1a: Volcarona|spe|1\n|\n|upkeep\n|turn|12\n|inactive|Time left: 300 sec this turn | 300 sec total\n|\n|t:|1783542998\n|move|p1a: Volcarona|Fiery Dance|p2a: Mismagius\n|-damage|p2a: Mismagius|131/243\n|move|p2a: Mismagius|Shadow Ball|p1a: Volcarona\n|-damage|p1a: Volcarona|0 fnt\n|faint|p1a: Volcarona\n|\n|-heal|p2a: Mismagius|146/243|[from] item: Leftovers\n|upkeep\n|\n|t:|1783542999\n|switch|p1a: Poliwrath|Poliwrath, L88, F|100/100\n|turn|13\n|inactive|Time left: 300 sec this turn | 300 sec total\n|\n|t:|1783543000\n|switch|p1a: Great Tusk|Great Tusk, L77|100/100\n|-terastallize|p2a: Mismagius|Electric\n|move|p2a: Mismagius|Thunderbolt|p1a: Great Tusk\n|-immune|p1a: Great Tusk\n|\n|-heal|p2a: Mismagius|161/243|[from] item: Leftovers\n|upkeep\n|turn|14\n|inactive|Time left: 300 sec this turn | 300 sec total\n|\n|t:|1783543001\n|move|p2a: Mismagius|Substitute|p2a: Mismagius\n|-start|p2a: Mismagius|Substitute\n|-damage|p2a: Mismagius|101/243\n|move|p1a: Great Tusk|Close Combat|p2a: Mismagius\n|-crit|p2a: Mismagius\n|-end|p2a: Mismagius|Substitute\n|-unboost|p1a: Great Tusk|def|1\n|-unboost|p1a: Great Tusk|spd|1\n|\n|-heal|p2a: Mismagius|116/243|[from] item: Leftovers\n|upkeep\n|turn|15\n|inactive|Time left: 300 sec this turn | 300 sec total\n|\n|t:|1783543002\n|-end|p1a: Great Tusk|Protosynthesis|[silent]\n|switch|p1a: Poliwrath|Poliwrath, L88, F|100/100\n|move|p2a: Mismagius|Shadow Ball|p1a: Poliwrath\n|-damage|p1a: Poliwrath|41/100\n|\n|-heal|p2a: Mismagius|131/243|[from] item: Leftovers\n|-heal|p1a: Poliwrath|47/100|[from] item: Leftovers\n|upkeep\n|turn|16\n|inactive|Time left: 300 sec this turn | 300 sec total\n|\n|t:|1783543003\n|move|p2a: Mismagius|Shadow Ball|p1a: Poliwrath\n|-damage|p1a: Poliwrath|0 fnt\n|faint|p1a: Poliwrath\n|\n|-heal|p2a: Mismagius|146/243|[from] item: Leftovers\n|upkeep\n|\n|t:|1783543004\n|switch|p1a: Great Tusk|Great Tusk, L77|100/100\n|turn|17\n|inactive|Time left: 300 sec this turn | 300 sec total\n|\n|t:|1783543005\n|move|p2a: Mismagius|Substitute|p2a: Mismagius\n|-start|p2a: Mismagius|Substitute\n|-damage|p2a: Mismagius|86/243\n|move|p1a: Great Tusk|Close Combat|p2a: Mismagius\n|-end|p2a: Mismagius|Substitute\n|-unboost|p1a: Great Tusk|def|1\n|-unboost|p1a: Great Tusk|spd|1\n|\n|-heal|p2a: Mismagius|101/243|[from] item: Leftovers\n|upkeep\n|turn|18\n|inactive|Time left: 300 sec this turn | 300 sec total\n|\n|t:|1783543006\n|-end|p1a: Great Tusk|Protosynthesis|[silent]\n|switch|p1a: Mimikyu|Mimikyu-Busted, L79, M|88/100\n|move|p2a: Mismagius|Shadow Ball|p1a: Mimikyu\n|-supereffective|p1a: Mimikyu\n|-damage|p1a: Mimikyu|0 fnt\n|faint|p1a: Mimikyu\n|\n|-heal|p2a: Mismagius|116/243|[from] item: Leftovers\n|upkeep\n|\n|t:|1783543008\n|switch|p1a: Delphox|Delphox, L84, F|100/100\n|turn|19\n|inactive|Time left: 300 sec this turn | 300 sec total\n|\n|t:|1783543009\n|-terastallize|p1a: Delphox|Grass\n|move|p2a: Mismagius|Shadow Ball|p1a: Delphox\n|-damage|p1a: Delphox|32/100\n|move|p1a: Delphox|Psyshock|p2a: Mismagius\n|-damage|p2a: Mismagius|0 fnt\n|faint|p2a: Mismagius\n|\n|upkeep\n|inactive|Time left: 300 sec this turn | 300 sec total | 5 sec grace\n|\n|t:|1783543010\n|switch|p2a: Meowscarada|Meowscarada, L78, F|247/247\n|-activate|p2a: Meowscarada|move: Sticky Web\n|-unboost|p2a: Meowscarada|spe|1\n|-damage|p2a: Meowscarada|217/247|[from] Stealth Rock\n|turn|20\n|inactive|Time left: 300 sec this turn | 300 sec total\n|\n|t:|1783543011\n|move|p1a: Delphox|Fire Blast|p2a: Meowscarada|[miss]\n|-miss|p1a: Delphox|p2a: Meowscarada\n|move|p2a: Meowscarada|Triple Axel|p1a: Delphox|[miss]\n|-start|p2a: Meowscarada|typechange|Ice|[from] ability: Protean\n|-miss|p2a: Meowscarada|p1a: Delphox\n|\n|upkeep\n|turn|21\n|inactive|Time left: 300 sec this turn | 300 sec total\n|\n|t:|1783543012\n|move|p1a: Delphox|Fire Blast|p2a: Meowscarada\n|-supereffective|p2a: Meowscarada\n|-damage|p2a: Meowscarada|0 fnt\n|faint|p2a: Meowscarada\n|\n|upkeep\n|inactive|Time left: 300 sec this turn | 300 sec total | 5 sec grace\n|\n|t:|1783543014\n|switch|p2a: Mabosstiff|Mabosstiff, L86, M|278/278\n|-activate|p2a: Mabosstiff|move: Sticky Web\n|-unboost|p2a: Mabosstiff|spe|1\n|-damage|p2a: Mabosstiff|244/278|[from] Stealth Rock\n|turn|22\n|inactive|Time left: 300 sec this turn | 300 sec total\n|\n|t:|1783543015\n|move|p1a: Delphox|Fire Blast|p2a: Mabosstiff\n|-damage|p2a: Mabosstiff|3/278\n|move|p2a: Mabosstiff|Play Rough|p1a: Delphox\n|-damage|p1a: Delphox|0 fnt\n|faint|p1a: Delphox\n|\n|upkeep\n|\n|t:|1783543016\n|switch|p1a: Great Tusk|Great Tusk, L77|100/100\n|turn|23\n|inactive|Time left: 300 sec this turn | 300 sec total\n|\n|t:|1783543017\n|move|p1a: Great Tusk|Bulk Up|p1a: Great Tusk\n|-boost|p1a: Great Tusk|atk|1\n|-boost|p1a: Great Tusk|def|1\n|move|p2a: Mabosstiff|Play Rough|p1a: Great Tusk\n|-supereffective|p1a: Great Tusk\n|-damage|p1a: Great Tusk|58/100\n|\n|-heal|p1a: Great Tusk|64/100|[from] item: Leftovers\n|upkeep\n|turn|24\n|inactive|Time left: 300 sec this turn | 300 sec total\n|\n|t:|1783543018\n|move|p1a: Great Tusk|Earthquake|p2a: Mabosstiff\n|-damage|p2a: Mabosstiff|0 fnt\n|faint|p2a: Mabosstiff\n|\n|-heal|p1a: Great Tusk|70/100|[from] item: Leftovers\n|upkeep\n|inactive|Time left: 300 sec this turn | 300 sec total | 5 sec grace\n|\n|t:|1783543020\n|switch|p2a: Piloswine|Piloswine, L85, F|309/309\n|-activate|p2a: Piloswine|move: Sticky Web\n|-unboost|p2a: Piloswine|spe|1\n|-damage|p2a: Piloswine|271/309|[from] Stealth Rock\n|turn|25\n|inactive|Time left: 300 sec this turn | 300 sec total\n|\n|t:|1783543021\n|move|p1a: Great Tusk|Bulk Up|p1a: Great Tusk\n|-boost|p1a: Great Tusk|atk|1\n|-boost|p1a: Great Tusk|def|1\n|move|p2a: Piloswine|Icicle Crash|p1a: Great Tusk\n|-supereffective|p1a: Great Tusk\n|-damage|p1a: Great Tusk|46/100\n|\n|-heal|p1a: Great Tusk|52/100|[from] item: Leftovers\n|upkeep\n|turn|26\n|inactive|Time left: 300 sec this turn | 300 sec total\n|\n|t:|1783543022\n|move|p1a: Great Tusk|Close Combat|p2a: Piloswine\n|-supereffective|p2a: Piloswine\n|-damage|p2a: Piloswine|0 fnt\n|-unboost|p1a: Great Tusk|def|1\n|-unboost|p1a: Great Tusk|spd|1\n|faint|p2a: Piloswine\n|\n|-heal|p1a: Great Tusk|58/100|[from] item: Leftovers\n|upkeep\n|inactive|Time left: 300 sec this turn | 300 sec total | 5 sec grace\n|\n|t:|1783543023\n|switch|p2a: Luxray|Luxray, L88, M|125/283 brn\n|-activate|p2a: Luxray|move: Sticky Web\n|-unboost|p2a: Luxray|spe|1\n|-damage|p2a: Luxray|90/283 brn|[from] Stealth Rock\n|turn|27\n|inactive|Time left: 300 sec this turn | 300 sec total\n|\n|t:|1783543024\n|move|p1a: Great Tusk|Close Combat|p2a: Luxray\n|-damage|p2a: Luxray|0 fnt\n|-unboost|p1a: Great Tusk|def|1\n|-unboost|p1a: Great Tusk|spd|1\n|faint|p2a: Luxray\n|\n|-heal|p1a: Great Tusk|65/100|[from] item: Leftovers\n|upkeep\n|inactive|Time left: 300 sec this turn | 300 sec total | 5 sec grace\n|\n|t:|1783543025\n|switch|p2a: Toxtricity|Toxtricity, L82, F|257/257\n|-activate|p2a: Toxtricity|move: Sticky Web\n|-unboost|p2a: Toxtricity|spe|1\n|-damage|p2a: Toxtricity|225/257|[from] Stealth Rock\n|turn|28\n|inactive|Time left: 300 sec this turn | 300 sec total\n|\n|t:|1783543026\n|move|p1a: Great Tusk|Earthquake|p2a: Toxtricity\n|-supereffective|p2a: Toxtricity\n|-damage|p2a: Toxtricity|0 fnt\n|faint|p2a: Toxtricity\n|\n|win|p0x2940180", "uploadtime": 1783543026, "views": 0, "rating": 0, "private": 0, "password": null, "_winner": "p0x2940180", "_our_name": "p0y294d73d"}