{"id": "battle-gen9randombattle-1873", "formatid": "gen9randombattle", "format": "[Gen 9] Random Battle", "players": ["p0x18737f62", "p0y1873e643"], "log": "|init|battle\n|title|p0x18737f62 vs. p0y1873e643\n|j|\u2606p0x18737f62\n|j|\u2606p0y1873e643\n|t:|1783561693\n|gametype|singles\n|player|p1|p0x18737f62|170|\n|player|p2|p0y1873e643|2|\n|gen|9\n|tier|[Gen 9] Random Battle\n|rule|Species Clause: Limit one of each Pok\u00e9mon\n|rule|HP Percentage Mod: HP is shown in percentages\n|rule|Sleep Clause Mod: Limit one foe put to sleep\n|rule|Illusion Level Mod: Illusion disguises the Pok\u00e9mon's true level\n|\n|t:|1783561693\n|teamsize|p1|6\n|teamsize|p2|6\n|start\n|switch|p1a: Sableye|Sableye, L88, M|100/100\n|switch|p2a: Vivillon|Vivillon-High Plains, L83, M|268/268\n|turn|1\n|inactive|Battle timer is ON: inactive players will automatically lose when time's up. (requested by p0y1873e643)\n|inactive|p0x18737f62 also wants the timer to be on.\n|\n|t:|1783561694\n|move|p2a: Vivillon|Quiver Dance|p2a: Vivillon\n|-boost|p2a: Vivillon|spa|1\n|-boost|p2a: Vivillon|spd|1\n|-boost|p2a: Vivillon|spe|1\n|move|p1a: Sableye|Knock Off|p2a: Vivillon\n|-damage|p2a: Vivillon|133/268\n|-enditem|p2a: Vivillon|Heavy-Duty Boots|[from] move: Knock Off|[of] p1a: Sableye\n|\n|upkeep\n|turn|2\n|inactive|Time left: 300 sec this turn | 300 sec total\n|\n|t:|1783561695\n|move|p1a: Sableye|Encore|p2a: Vivillon\n|-start|p2a: Vivillon|Encore\n|move|p2a: Vivillon|Quiver Dance|p2a: Vivillon\n|-boost|p2a: Vivillon|spa|1\n|-boost|p2a: Vivillon|spd|1\n|-boost|p2a: Vivillon|spe|1\n|\n|upkeep\n|turn|3\n|inactive|Time left: 300 sec this turn | 300 sec total\n|\n|t:|1783561696\n|move|p2a: Vivillon|Quiver Dance|p2a: Vivillon\n|-boost|p2a: Vivillon|spa|1\n|-boost|p2a: Vivillon|spd|1\n|-boost|p2a: Vivillon|spe|1\n|move|p1a: Sableye|Knock Off|p2a: Vivillon\n|-damage|p2a: Vivillon|42/268\n|\n|upkeep\n|turn|4\n|inactive|Time left: 300 sec this turn | 300 sec total\n|\n|t:|1783561697\n|move|p2a: Vivillon|Quiver Dance|p2a: Vivillon\n|-boost|p2a: Vivillon|spa|1\n|-boost|p2a: Vivillon|spd|1\n|-boost|p2a: Vivillon|spe|1\n|move|p1a: Sableye|Knock Off|p2a: Vivillon\n|-damage|p2a: Vivillon|0 fnt\n|faint|p2a: Vivillon\n|\n|upkeep\n|inactive|Time left: 300 sec this turn | 300 sec total | 5 sec grace\n|\n|t:|1783561698\n|switch|p2a: Regirock|Regirock, L83|268/268\n|turn|5\n|inactive|Time left: 300 sec this turn | 300 sec total\n|\n|t:|1783561699\n|move|p1a: Sableye|Will-O-Wisp|p2a: Regirock\n|-status|p2a: Regirock|brn\n|move|p2a: Regirock|Stone Edge|p1a: Sableye\n|-damage|p1a: Sableye|75/100\n|\n|-heal|p1a: Sableye|81/100|[from] item: Leftovers\n|-damage|p2a: Regirock|252/268 brn|[from] brn\n|upkeep\n|turn|6\n|inactive|Time left: 300 sec this turn | 300 sec total\n|\n|t:|1783561700\n|move|p1a: Sableye|Knock Off|p2a: Regirock\n|-damage|p2a: Regirock|207/268 brn\n|-enditem|p2a: Regirock|Chesto Berry|[from] move: Knock Off|[of] p1a: Sableye\n|move|p2a: Regirock|Rest|p2a: Regirock\n|-status|p2a: Regirock|slp|[from] move: Rest\n|-heal|p2a: Regirock|268/268 slp|[silent]\n|\n|-heal|p1a: Sableye|88/100|[from] item: Leftovers\n|upkeep\n|turn|7\n|inactive|Time left: 300 sec this turn | 300 sec total\n|\n|t:|1783561701\n|switch|p1a: Ninetales|Ninetales-Alola, L78, M|100/100\n|-weather|Snowscape|[from] ability: Snow Warning|[of] p1a: Ninetales\n|switch|p2a: Avalugg|Avalugg, L88, F|310/310\n|\n|-weather|Snowscape|[upkeep]\n|upkeep\n|turn|8\n|inactive|Time left: 300 sec this turn | 300 sec total\n|\n|t:|1783561703\n|move|p1a: Ninetales|Aurora Veil|p1a: Ninetales\n|-sidestart|p1: p0x18737f62|move: Aurora Veil\n|move|p2a: Avalugg|Body Press|p1a: Ninetales\n|-damage|p1a: Ninetales|81/100\n|\n|-weather|Snowscape|[upkeep]\n|upkeep\n|turn|9\n|inactive|Time left: 300 sec this turn | 300 sec total\n|\n|t:|1783561704\n|move|p1a: Ninetales|Moonblast|p2a: Avalugg\n|-damage|p2a: Avalugg|205/310\n|-unboost|p2a: Avalugg|spa|1\n|move|p2a: Avalugg|Body Press|p1a: Ninetales\n|-damage|p1a: Ninetales|63/100\n|\n|-weather|Snowscape|[upkeep]\n|upkeep\n|turn|10\n|inactive|Time left: 300 sec this turn | 300 sec total\n|\n|t:|1783561705\n|move|p1a: Ninetales|Nasty Plot|p1a: Ninetales\n|-boost|p1a: Ninetales|spa|2\n|move|p2a: Avalugg|Recover|p2a: Avalugg\n|-heal|p2a: Avalugg|310/310\n|\n|-weather|Snowscape|[upkeep]\n|upkeep\n|turn|11\n|inactive|Time left: 300 sec this turn | 300 sec total\n|\n|t:|1783561706\n|switch|p2a: Orthworm|Orthworm, L88, M|266/266\n|move|p1a: Ninetales|Moonblast|p2a: Orthworm\n|-resisted|p2a: Orthworm\n|-damage|p2a: Orthworm|173/266\n|\n|-weather|none\n|upkeep\n|turn|12\n|inactive|Time left: 300 sec this turn | 300 sec total\n|\n|t:|1783561707\n|move|p1a: Ninetales|Moonblast|p2a: Orthworm\n|-resisted|p2a: Orthworm\n|-damage|p2a: Orthworm|65/266\n|move|p2a: Orthworm|Iron Tail|p1a: Ninetales\n|-supereffective|p1a: Ninetales\n|-damage|p1a: Ninetales|0 fnt\n|faint|p1a: Ninetales\n|\n|upkeep\n|\n|t:|1783561707\n|switch|p1a: Oranguru|Oranguru, L92, M|100/100\n|turn|13\n|inactive|Time left: 300 sec this turn | 300 sec total\n|\n|t:|1783561708\n|move|p2a: Orthworm|Rest|p2a: Orthworm\n|-status|p2a: Orthworm|slp|[from] move: Rest\n|-heal|p2a: Orthworm|266/266 slp|[silent]\n|-enditem|p2a: Orthworm|Chesto Berry|[eat]\n|-curestatus|p2a: Orthworm|slp|[msg]\n|move|p1a: Oranguru|Nasty Plot|p1a: Oranguru\n|-boost|p1a: Oranguru|spa|2\n|\n|upkeep\n|turn|14\n|inactive|Time left: 300 sec this turn | 300 sec total\n|\n|t:|1783561709\n|move|p2a: Orthworm|Iron Tail|p1a: Oranguru\n|-damage|p1a: Oranguru|85/100\n|move|p1a: Oranguru|Focus Blast|p2a: Orthworm|[miss]\n|-miss|p1a: Oranguru|p2a: Orthworm\n|\n|-heal|p1a: Oranguru|91/100|[from] item: Leftovers\n|upkeep\n|turn|15\n|inactive|Time left: 300 sec this turn | 300 sec total\n|\n|t:|1783561710\n|move|p2a: Orthworm|Coil|p2a: Orthworm\n|-boost|p2a: Orthworm|atk|1\n|-boost|p2a: Orthworm|def|1\n|-boost|p2a: Orthworm|accuracy|1\n|move|p1a: Oranguru|Focus Blast|p2a: Orthworm\n|-supereffective|p2a: Orthworm\n|-damage|p2a: Orthworm|0 fnt\n|faint|p2a: Orthworm\n|\n|-heal|p1a: Oranguru|97/100|[from] item: Leftovers\n|-sideend|p1: p0x18737f62|move: Aurora Veil\n|upkeep\n|inactive|Time left: 300 sec this turn | 300 sec total | 5 sec grace\n|\n|t:|1783561711\n|switch|p2a: Avalugg|Avalugg, L88, F|310/310\n|turn|16\n|inactive|Time left: 300 sec this turn | 300 sec total\n|\n|t:|1783561712\n|move|p1a: Oranguru|Thunderbolt|p2a: Avalugg\n|-damage|p2a: Avalugg|98/310\n|move|p2a: Avalugg|Avalanche|p1a: Oranguru\n|-damage|p1a: Oranguru|43/100\n|\n|-heal|p1a: Oranguru|49/100|[from] item: Leftovers\n|upkeep\n|turn|17\n|inactive|Time left: 300 sec this turn | 300 sec total\n|\n|t:|1783561713\n|switch|p2a: Regirock|Regirock, L83|268/268 slp\n|move|p1a: Oranguru|Thunderbolt|p2a: Regirock\n|-damage|p2a: Regirock|137/268 slp\n|\n|-heal|p1a: Oranguru|55/100|[from] item: Leftovers\n|upkeep\n|turn|18\n|inactive|Time left: 300 sec this turn | 300 sec total\n|\n|t:|1783561713\n|move|p1a: Oranguru|Nasty Plot|p1a: Oranguru\n|-boost|p1a: Oranguru|spa|2\n|cant|p2a: Regirock|slp\n|\n|-heal|p1a: Oranguru|61/100|[from] item: Leftovers\n|upkeep\n|turn|19\n|inactive|Time left: 300 sec this turn | 300 sec total\n|\n|t:|1783561714\n|move|p1a: Oranguru|Thunderbolt|p2a: Regirock\n|-damage|p2a: Regirock|0 fnt\n|faint|p2a: Regirock\n|\n|-heal|p1a: Oranguru|67/100|[from] item: Leftovers\n|upkeep\n|inactive|Time left: 300 sec this turn | 300 sec total | 5 sec grace\n|\n|t:|1783561715\n|switch|p2a: Luvdisc|Luvdisc, M|247/247\n|turn|20\n|inactive|Time left: 300 sec this turn | 300 sec total\n|\n|t:|1783561716\n|move|p2a: Luvdisc|Substitute|p2a: Luvdisc\n|-start|p2a: Luvdisc|Substitute\n|-damage|p2a: Luvdisc|186/247\n|move|p1a: Oranguru|Psyshock|p2a: Luvdisc\n|-end|p2a: Luvdisc|Substitute\n|\n|-heal|p1a: Oranguru|74/100|[from] item: Leftovers\n|upkeep\n|turn|21\n|inactive|Time left: 300 sec this turn | 300 sec total\n|\n|t:|1783561717\n|move|p2a: Luvdisc|Substitute|p2a: Luvdisc\n|-start|p2a: Luvdisc|Substitute\n|-damage|p2a: Luvdisc|125/247\n|move|p1a: Oranguru|Psyshock|p2a: Luvdisc\n|-end|p2a: Luvdisc|Substitute\n|\n|-heal|p1a: Oranguru|80/100|[from] item: Leftovers\n|upkeep\n|turn|22\n|inactive|Time left: 300 sec this turn | 300 sec total\n|\n|t:|1783561718\n|move|p2a: Luvdisc|Substitute|p2a: Luvdisc\n|-start|p2a: Luvdisc|Substitute\n|-damage|p2a: Luvdisc|64/247\n|move|p1a: Oranguru|Psyshock|p2a: Luvdisc\n|-end|p2a: Luvdisc|Substitute\n|\n|-heal|p1a: Oranguru|86/100|[from] item: Leftovers\n|upkeep\n|turn|23\n|inactive|Time left: 300 sec this turn | 300 sec total\n|\n|t:|1783561719\n|move|p2a: Luvdisc|Substitute|p2a: Luvdisc\n|-start|p2a: Luvdisc|Substitute\n|-damage|p2a: Luvdisc|3/247\n|move|p1a: Oranguru|Psyshock|p2a: Luvdisc\n|-end|p2a: Luvdisc|Substitute\n|\n|-heal|p1a: Oranguru|92/100|[from] item: Leftovers\n|upkeep\n|turn|24\n|inactive|Time left: 300 sec this turn | 300 sec total\n|\n|t:|1783561720\n|move|p2a: Luvdisc|Endeavor|p1a: Oranguru\n|-damage|p1a: Oranguru|1/100\n|move|p1a: Oranguru|Thunderbolt|p2a: Luvdisc\n|-supereffective|p2a: Luvdisc\n|-damage|p2a: Luvdisc|0 fnt\n|faint|p2a: Luvdisc\n|\n|-heal|p1a: Oranguru|7/100|[from] item: Leftovers\n|upkeep\n|inactive|Time left: 300 sec this turn | 300 sec total | 5 sec grace\n|\n|t:|1783561721\n|switch|p2a: Comfey|Comfey, L85, F|225/225\n|turn|25\n|inactive|Time left: 300 sec this turn | 300 sec total\n|\n|t:|1783561722\n|switch|p1a: Beartic|Beartic, L91, F|100/100\n|move|p2a: Comfey|Draining Kiss|p1a: Beartic\n|-damage|p1a: Beartic|85/100\n|\n|upkeep\n|turn|26\n|inactive|Time left: 300 sec this turn | 300 sec total\n|\n|t:|1783561723\n|switch|p2a: Avalugg|Avalugg, L88, F|98/310\n|move|p1a: Beartic|Icicle Crash|p2a: Avalugg\n|-resisted|p2a: Avalugg\n|-damage|p2a: Avalugg|65/310\n|\n|upkeep\n|turn|27\n|inactive|Time left: 300 sec this turn | 300 sec total\n|\n|t:|1783561724\n|move|p1a: Beartic|Close Combat|p2a: Avalugg\n|-supereffective|p2a: Avalugg\n|-damage|p2a: Avalugg|0 fnt\n|-unboost|p1a: Beartic|def|1\n|-unboost|p1a: Beartic|spd|1\n|faint|p2a: Avalugg\n|\n|upkeep\n|inactive|Time left: 300 sec this turn | 300 sec total | 5 sec grace\n|\n|t:|1783561725\n|switch|p2a: Comfey|Comfey, L85, F|225/225\n|turn|28\n|inactive|Time left: 300 sec this turn | 300 sec total\n|\n|t:|1783561726\n|move|p2a: Comfey|Calm Mind|p2a: Comfey\n|-boost|p2a: Comfey|spa|1\n|-boost|p2a: Comfey|spd|1\n|move|p1a: Beartic|Icicle Crash|p2a: Comfey\n|-damage|p2a: Comfey|98/225\n|\n|-heal|p2a: Comfey|112/225|[from] item: Leftovers\n|upkeep\n|turn|29\n|inactive|Time left: 300 sec this turn | 300 sec total\n|\n|t:|1783561727\n|move|p2a: Comfey|Draining Kiss|p1a: Beartic\n|-damage|p1a: Beartic|53/100\n|-heal|p2a: Comfey|189/225|[from] drain|[of] p1a: Beartic\n|move|p1a: Beartic|Icicle Crash|p2a: Comfey\n|-damage|p2a: Comfey|57/225\n|\n|-heal|p2a: Comfey|71/225|[from] item: Leftovers\n|upkeep\n|turn|30\n|inactive|Time left: 300 sec this turn | 300 sec total\n|\n|t:|1783561728\n|switch|p1a: Oranguru|Oranguru, L92, M|7/100\n|move|p2a: Comfey|Draining Kiss|p1a: Oranguru\n|-damage|p1a: Oranguru|0 fnt\n|-heal|p2a: Comfey|88/225|[from] drain|[of] p1a: Oranguru\n|faint|p1a: Oranguru\n|\n|-heal|p2a: Comfey|102/225|[from] item: Leftovers\n|upkeep\n|\n|t:|1783561728\n|switch|p1a: Beartic|Beartic, L91, F|53/100\n|turn|31\n|inactive|Time left: 300 sec this turn | 300 sec total\n|\n|t:|1783561729\n|move|p2a: Comfey|Draining Kiss|p1a: Beartic\n|-damage|p1a: Beartic|29/100\n|-heal|p2a: Comfey|159/225|[from] drain|[of] p1a: Beartic\n|move|p1a: Beartic|Icicle Crash|p2a: Comfey\n|-damage|p2a: Comfey|38/225\n|\n|-heal|p2a: Comfey|52/225|[from] item: Leftovers\n|upkeep\n|turn|32\n|inactive|Time left: 300 sec this turn | 300 sec total\n|\n|t:|1783561730\n|-terastallize|p2a: Comfey|Ground\n|move|p2a: Comfey|Tera Blast|p1a: Beartic|[anim] Tera Blast Ground\n|-damage|p1a: Beartic|0 fnt\n|faint|p1a: Beartic\n|\n|-heal|p2a: Comfey|66/225|[from] item: Leftovers\n|upkeep\n|\n|t:|1783561731\n|switch|p1a: Deoxys|Deoxys, L74|100/100\n|-ability|p1a: Deoxys|Pressure\n|turn|33\n|inactive|Time left: 300 sec this turn | 300 sec total\n|\n|t:|1783561732\n|-terastallize|p1a: Deoxys|Psychic\n|move|p2a: Comfey|Draining Kiss|p1a: Deoxys\n|-damage|p1a: Deoxys|36/100\n|-heal|p2a: Comfey|161/225|[from] drain|[of] p1a: Deoxys\n|move|p1a: Deoxys|Psycho Boost|p2a: Comfey\n|-damage|p2a: Comfey|2/225\n|-unboost|p1a: Deoxys|spa|2\n|-damage|p1a: Deoxys|26/100|[from] item: Life Orb\n|\n|-heal|p2a: Comfey|16/225|[from] item: Leftovers\n|upkeep\n|turn|34\n|inactive|Time left: 300 sec this turn | 300 sec total\n|\n|t:|1783561733\n|switch|p1a: Rotom|Rotom-Heat, L83|100/100\n|move|p2a: Comfey|Draining Kiss|p1a: Rotom\n|-resisted|p1a: Rotom\n|-damage|p1a: Rotom|86/100\n|-heal|p2a: Comfey|39/225|[from] drain|[of] p1a: Rotom\n|\n|-heal|p2a: Comfey|53/225|[from] item: Leftovers\n|upkeep\n|turn|35\n|inactive|Time left: 300 sec this turn | 300 sec total\n|\n|t:|1783561734\n|move|p2a: Comfey|Draining Kiss|p1a: Rotom\n|-resisted|p1a: Rotom\n|-damage|p1a: Rotom|73/100\n|-heal|p2a: Comfey|76/225|[from] drain|[of] p1a: Rotom\n|move|p1a: Rotom|Overheat|p2a: Comfey\n|-damage|p2a: Comfey|1/225\n|-unboost|p1a: Rotom|spa|2\n|\n|-heal|p2a: Comfey|15/225|[from] item: Leftovers\n|upkeep\n|turn|36\n|inactive|Time left: 300 sec this turn | 300 sec total\n|\n|t:|1783561735\n|move|p2a: Comfey|Draining Kiss|p1a: Rotom\n|-resisted|p1a: Rotom\n|-damage|p1a: Rotom|59/100\n|-heal|p2a: Comfey|38/225|[from] drain|[of] p1a: Rotom\n|move|p1a: Rotom|Overheat|p2a: Comfey|[miss]\n|-miss|p1a: Rotom|p2a: Comfey\n|\n|-heal|p2a: Comfey|52/225|[from] item: Leftovers\n|upkeep\n|turn|37\n|inactive|Time left: 300 sec this turn | 300 sec total\n|\n|t:|1783561736\n|move|p2a: Comfey|Calm Mind|p2a: Comfey\n|-boost|p2a: Comfey|spa|1\n|-boost|p2a: Comfey|spd|1\n|move|p1a: Rotom|Overheat|p2a: Comfey\n|-damage|p2a: Comfey|21/225\n|-unboost|p1a: Rotom|spa|2\n|\n|-heal|p2a: Comfey|35/225|[from] item: Leftovers\n|upkeep\n|turn|38\n|inactive|Time left: 300 sec this turn | 300 sec total\n|\n|t:|1783561737\n|move|p2a: Comfey|Draining Kiss|p1a: Rotom\n|-resisted|p1a: Rotom\n|-damage|p1a: Rotom|38/100\n|-heal|p2a: Comfey|69/225|[from] drain|[of] p1a: Rotom\n|move|p1a: Rotom|Overheat|p2a: Comfey\n|-damage|p2a: Comfey|50/225\n|-unboost|p1a: Rotom|spa|2\n|\n|-heal|p2a: Comfey|64/225|[from] item: Leftovers\n|upkeep\n|turn|39\n|inactive|Time left: 300 sec this turn | 300 sec total\n|\n|t:|1783561738\n|move|p2a: Comfey|Draining Kiss|p1a: Rotom\n|-resisted|p1a: Rotom\n|-damage|p1a: Rotom|19/100\n|-heal|p2a: Comfey|96/225|[from] drain|[of] p1a: Rotom\n|move|p1a: Rotom|Will-O-Wisp|p2a: Comfey\n|-status|p2a: Comfey|brn\n|\n|-heal|p2a: Comfey|110/225 brn|[from] item: Leftovers\n|-damage|p2a: Comfey|96/225 brn|[from] brn\n|upkeep\n|turn|40\n|inactive|Time left: 300 sec this turn | 300 sec total\n|\n|t:|1783561739\n|move|p2a: Comfey|Draining Kiss|p1a: Rotom\n|-resisted|p1a: Rotom\n|-damage|p1a: Rotom|0 fnt\n|-heal|p2a: Comfey|126/225 brn|[from] drain|[of] p1a: Rotom\n|faint|p1a: Rotom\n|\n|-heal|p2a: Comfey|140/225 brn|[from] item: Leftovers\n|-damage|p2a: Comfey|126/225 brn|[from] brn\n|upkeep\n|\n|t:|1783561740\n|switch|p1a: Deoxys|Deoxys, L74, tera:Psychic|26/100\n|-ability|p1a: Deoxys|Pressure\n|turn|41\n|inactive|Time left: 300 sec this turn | 300 sec total\n|\n|t:|1783561740\n|move|p2a: Comfey|Draining Kiss|p1a: Deoxys\n|-damage|p1a: Deoxys|0 fnt\n|-heal|p2a: Comfey|164/225 brn|[from] drain|[of] p1a: Deoxys\n|faint|p1a: Deoxys\n|\n|-heal|p2a: Comfey|178/225 brn|[from] item: Leftovers\n|-damage|p2a: Comfey|164/225 brn|[from] brn\n|upkeep\n|\n|t:|1783561741\n|switch|p1a: Sableye|Sableye, L88, M|88/100\n|turn|42\n|inactive|Time left: 300 sec this turn | 300 sec total\n|\n|t:|1783561742\n|move|p2a: Comfey|Draining Kiss|p1a: Sableye\n|-supereffective|p1a: Sableye\n|-damage|p1a: Sableye|0 fnt\n|-heal|p2a: Comfey|225/225 brn|[from] drain|[of] p1a: Sableye\n|faint|p1a: Sableye\n|\n|win|p0y1873e643", "uploadtime": 1783561742, "views": 0, "rating": 0, "private": 0, "password": null, "_winner": "p0y1873e643", "_our_name": "p0y1873e643"}