{"id": "battle-gen9randombattle-706", "formatid": "gen9randombattle", "format": "[Gen 9] Random Battle", "players": ["p0x7065a44", "p0y706138e"], "log": "|init|battle\n|title|p0x7065a44 vs. p0y706138e\n|j|\u2606p0x7065a44\n|j|\u2606p0y706138e\n|t:|1783548029\n|gametype|singles\n|player|p1|p0x7065a44|266|\n|player|p2|p0y706138e|1|\n|gen|9\n|tier|[Gen 9] Random Battle\n|rule|Species Clause: Limit one of each Pok\u00e9mon\n|rule|HP Percentage Mod: HP is shown in percentages\n|rule|Sleep Clause Mod: Limit one foe put to sleep\n|rule|Illusion Level Mod: Illusion disguises the Pok\u00e9mon's true level\n|\n|t:|1783548029\n|teamsize|p1|6\n|teamsize|p2|6\n|start\n|switch|p1a: Porygon2|Porygon2, L81|100/100\n|switch|p2a: Pachirisu|Pachirisu, L96, M|271/271\n|-ability|p1a: Porygon2|Download|boost\n|-boost|p1a: Porygon2|atk|1\n|turn|1\n|inactive|Battle timer is ON: inactive players will automatically lose when time's up. (requested by p0x7065a44)\n|inactive|Time left: 300 sec this turn | 300 sec total | 60 sec grace\n|\n|t:|1783548030\n|move|p2a: Pachirisu|Super Fang|p1a: Porygon2\n|-damage|p1a: Porygon2|50/100\n|move|p1a: Porygon2|Tri Attack|p2a: Pachirisu\n|-damage|p2a: Pachirisu|222/271\n|\n|upkeep\n|turn|2\n|inactive|Time left: 300 sec this turn | 300 sec total\n|inactive|p0y706138e also wants the timer to be on.\n|\n|t:|1783548031\n|move|p2a: Pachirisu|Nuzzle|p1a: Porygon2\n|-damage|p1a: Porygon2|46/100\n|-status|p1a: Porygon2|par\n|move|p1a: Porygon2|Recover|p1a: Porygon2\n|-heal|p1a: Porygon2|96/100 par\n|\n|upkeep\n|turn|3\n|inactive|Time left: 300 sec this turn | 300 sec total\n|\n|t:|1783548032\n|move|p2a: Pachirisu|Super Fang|p1a: Porygon2|[miss]\n|-miss|p2a: Pachirisu|p1a: Porygon2\n|move|p1a: Porygon2|Tri Attack|p2a: Pachirisu\n|-damage|p2a: Pachirisu|173/271\n|\n|upkeep\n|turn|4\n|inactive|Time left: 300 sec this turn | 300 sec total\n|\n|t:|1783548033\n|move|p2a: Pachirisu|Super Fang|p1a: Porygon2\n|-damage|p1a: Porygon2|48/100 par\n|cant|p1a: Porygon2|par\n|\n|upkeep\n|turn|5\n|inactive|Time left: 300 sec this turn | 300 sec total\n|\n|t:|1783548034\n|move|p2a: Pachirisu|Super Fang|p1a: Porygon2\n|-damage|p1a: Porygon2|25/100 par\n|move|p1a: Porygon2|Recover|p1a: Porygon2\n|-heal|p1a: Porygon2|75/100 par\n|\n|upkeep\n|turn|6\n|inactive|Time left: 300 sec this turn | 300 sec total\n|\n|t:|1783548035\n|move|p2a: Pachirisu|Super Fang|p1a: Porygon2\n|-damage|p1a: Porygon2|38/100 par\n|move|p1a: Porygon2|Recover|p1a: Porygon2\n|-heal|p1a: Porygon2|88/100 par\n|\n|upkeep\n|turn|7\n|inactive|Time left: 300 sec this turn | 300 sec total\n|\n|t:|1783548036\n|move|p2a: Pachirisu|Super Fang|p1a: Porygon2\n|-damage|p1a: Porygon2|44/100 par\n|move|p1a: Porygon2|Tri Attack|p2a: Pachirisu\n|-damage|p2a: Pachirisu|124/271\n|\n|upkeep\n|turn|8\n|inactive|Time left: 300 sec this turn | 300 sec total\n|\n|t:|1783548037\n|move|p2a: Pachirisu|Thunderbolt|p1a: Porygon2\n|-damage|p1a: Porygon2|25/100 par\n|move|p1a: Porygon2|Recover|p1a: Porygon2\n|-heal|p1a: Porygon2|75/100 par\n|\n|upkeep\n|turn|9\n|inactive|Time left: 300 sec this turn | 300 sec total\n|\n|t:|1783548038\n|move|p2a: Pachirisu|Super Fang|p1a: Porygon2\n|-damage|p1a: Porygon2|38/100 par\n|move|p1a: Porygon2|Ice Beam|p2a: Pachirisu\n|-damage|p2a: Pachirisu|85/271\n|\n|upkeep\n|turn|10\n|inactive|Time left: 300 sec this turn | 300 sec total\n|\n|t:|1783548039\n|move|p2a: Pachirisu|Super Fang|p1a: Porygon2\n|-damage|p1a: Porygon2|19/100 par\n|move|p1a: Porygon2|Recover|p1a: Porygon2\n|-heal|p1a: Porygon2|69/100 par\n|\n|upkeep\n|turn|11\n|inactive|Time left: 300 sec this turn | 300 sec total\n|\n|t:|1783548040\n|move|p2a: Pachirisu|Super Fang|p1a: Porygon2\n|-damage|p1a: Porygon2|35/100 par\n|move|p1a: Porygon2|Recover|p1a: Porygon2\n|-heal|p1a: Porygon2|85/100 par\n|\n|upkeep\n|turn|12\n|inactive|Time left: 300 sec this turn | 300 sec total\n|\n|t:|1783548041\n|move|p2a: Pachirisu|Super Fang|p1a: Porygon2|[miss]\n|-miss|p2a: Pachirisu|p1a: Porygon2\n|move|p1a: Porygon2|Ice Beam|p2a: Pachirisu\n|-crit|p2a: Pachirisu\n|-damage|p2a: Pachirisu|26/271\n|\n|upkeep\n|turn|13\n|inactive|Time left: 300 sec this turn | 300 sec total\n|\n|t:|1783548042\n|move|p2a: Pachirisu|Super Fang|p1a: Porygon2\n|-damage|p1a: Porygon2|43/100 par\n|cant|p1a: Porygon2|par\n|\n|upkeep\n|turn|14\n|inactive|Time left: 300 sec this turn | 300 sec total\n|\n|t:|1783548043\n|switch|p2a: Hariyama|Hariyama, L87, M|392/392\n|move|p1a: Porygon2|Recover|p1a: Porygon2\n|-heal|p1a: Porygon2|93/100 par\n|\n|upkeep\n|turn|15\n|inactive|Time left: 300 sec this turn | 300 sec total\n|\n|t:|1783548045\n|move|p2a: Hariyama|Close Combat|p1a: Porygon2\n|-supereffective|p1a: Porygon2\n|-damage|p1a: Porygon2|15/100 par\n|-unboost|p2a: Hariyama|def|1\n|-unboost|p2a: Hariyama|spd|1\n|move|p1a: Porygon2|Tri Attack|p2a: Hariyama\n|-damage|p2a: Hariyama|280/392\n|\n|upkeep\n|turn|16\n|inactive|Time left: 300 sec this turn | 300 sec total\n|\n|t:|1783548046\n|switch|p1a: Virizion|Virizion, L82|100/100\n|move|p2a: Hariyama|Heavy Slam|p1a: Virizion\n|-damage|p1a: Virizion|86/100\n|\n|upkeep\n|turn|17\n|inactive|Time left: 300 sec this turn | 300 sec total\n|\n|t:|1783548047\n|move|p1a: Virizion|Close Combat|p2a: Hariyama\n|-damage|p2a: Hariyama|0 fnt\n|-unboost|p1a: Virizion|def|1\n|-unboost|p1a: Virizion|spd|1\n|faint|p2a: Hariyama\n|-damage|p1a: Virizion|76/100|[from] item: Life Orb\n|\n|upkeep\n|inactive|Time left: 300 sec this turn | 300 sec total | 5 sec grace\n|\n|t:|1783548048\n|switch|p2a: Dodrio|Dodrio, L85, M|241/241\n|turn|18\n|inactive|Time left: 300 sec this turn | 300 sec total\n|\n|t:|1783548049\n|switch|p1a: Bellibolt|Bellibolt, L84, M|100/100\n|move|p2a: Dodrio|Brave Bird|p1a: Bellibolt\n|-resisted|p1a: Bellibolt\n|-damage|p1a: Bellibolt|65/100\n|-start|p1a: Bellibolt|Charge|Brave Bird|[from] ability: Electromorphosis\n|-damage|p2a: Dodrio|203/241|[from] Recoil\n|\n|-heal|p1a: Bellibolt|71/100|[from] item: Leftovers\n|upkeep\n|turn|19\n|inactive|Time left: 300 sec this turn | 300 sec total\n|\n|t:|1783548050\n|move|p2a: Dodrio|Brave Bird|p1a: Bellibolt\n|-resisted|p1a: Bellibolt\n|-damage|p1a: Bellibolt|37/100\n|-start|p1a: Bellibolt|Charge|Brave Bird|[from] ability: Electromorphosis\n|-damage|p2a: Dodrio|167/241|[from] Recoil\n|move|p1a: Bellibolt|Thunderbolt|p2a: Dodrio\n|-supereffective|p2a: Dodrio\n|-damage|p2a: Dodrio|0 fnt\n|faint|p2a: Dodrio\n|-end|p1a: Bellibolt|Charge|[silent]\n|\n|-heal|p1a: Bellibolt|43/100|[from] item: Leftovers\n|upkeep\n|inactive|Time left: 300 sec this turn | 300 sec total | 5 sec grace\n|\n|t:|1783548051\n|switch|p2a: Cresselia|Cresselia, L80, F|323/323\n|turn|20\n|inactive|Time left: 300 sec this turn | 300 sec total\n|\n|t:|1783548052\n|move|p2a: Cresselia|Calm Mind|p2a: Cresselia\n|-boost|p2a: Cresselia|spa|1\n|-boost|p2a: Cresselia|spd|1\n|move|p1a: Bellibolt|Slack Off|p1a: Bellibolt\n|-heal|p1a: Bellibolt|93/100\n|\n|-heal|p1a: Bellibolt|99/100|[from] item: Leftovers\n|upkeep\n|turn|21\n|inactive|Time left: 300 sec this turn | 300 sec total\n|\n|t:|1783548053\n|move|p2a: Cresselia|Calm Mind|p2a: Cresselia\n|-boost|p2a: Cresselia|spa|1\n|-boost|p2a: Cresselia|spd|1\n|move|p1a: Bellibolt|Toxic|p2a: Cresselia\n|-status|p2a: Cresselia|tox\n|\n|-heal|p1a: Bellibolt|100/100|[from] item: Leftovers\n|-damage|p2a: Cresselia|303/323 tox|[from] psn\n|upkeep\n|turn|22\n|inactive|Time left: 300 sec this turn | 300 sec total\n|\n|t:|1783548054\n|move|p2a: Cresselia|Psyshock|p1a: Bellibolt\n|-damage|p1a: Bellibolt|64/100\n|-start|p1a: Bellibolt|Charge|Psyshock|[from] ability: Electromorphosis\n|move|p1a: Bellibolt|Slack Off|p1a: Bellibolt\n|-heal|p1a: Bellibolt|100/100\n|\n|-heal|p2a: Cresselia|323/323 tox|[from] item: Leftovers\n|-damage|p2a: Cresselia|283/323 tox|[from] psn\n|upkeep\n|turn|23\n|inactive|Time left: 300 sec this turn | 300 sec total\n|\n|t:|1783548055\n|move|p2a: Cresselia|Calm Mind|p2a: Cresselia\n|-boost|p2a: Cresselia|spa|1\n|-boost|p2a: Cresselia|spd|1\n|move|p1a: Bellibolt|Thunderbolt|p2a: Cresselia\n|-damage|p2a: Cresselia|211/323 tox\n|-end|p1a: Bellibolt|Charge|[silent]\n|\n|-heal|p2a: Cresselia|231/323 tox|[from] item: Leftovers\n|-damage|p2a: Cresselia|171/323 tox|[from] psn\n|upkeep\n|turn|24\n|inactive|Time left: 300 sec this turn | 300 sec total\n|\n|t:|1783548056\n|move|p2a: Cresselia|Moonlight|p2a: Cresselia\n|-heal|p2a: Cresselia|323/323 tox\n|move|p1a: Bellibolt|Thunderbolt|p2a: Cresselia\n|-damage|p2a: Cresselia|290/323 tox\n|\n|-heal|p2a: Cresselia|310/323 tox|[from] item: Leftovers\n|-damage|p2a: Cresselia|230/323 tox|[from] psn\n|upkeep\n|turn|25\n|inactive|Time left: 300 sec this turn | 300 sec total\n|\n|t:|1783548058\n|move|p2a: Cresselia|Moonlight|p2a: Cresselia\n|-heal|p2a: Cresselia|323/323 tox\n|move|p1a: Bellibolt|Thunderbolt|p2a: Cresselia\n|-damage|p2a: Cresselia|289/323 tox\n|\n|-heal|p2a: Cresselia|309/323 tox|[from] item: Leftovers\n|-damage|p2a: Cresselia|209/323 tox|[from] psn\n|upkeep\n|turn|26\n|inactive|Time left: 300 sec this turn | 300 sec total\n|\n|t:|1783548059\n|move|p2a: Cresselia|Moonlight|p2a: Cresselia\n|-heal|p2a: Cresselia|323/323 tox\n|move|p1a: Bellibolt|Thunderbolt|p2a: Cresselia\n|-damage|p2a: Cresselia|290/323 tox\n|\n|-heal|p2a: Cresselia|310/323 tox|[from] item: Leftovers\n|-damage|p2a: Cresselia|190/323 tox|[from] psn\n|upkeep\n|turn|27\n|inactive|Time left: 300 sec this turn | 300 sec total\n|\n|t:|1783548060\n|move|p2a: Cresselia|Moonlight|p2a: Cresselia\n|-heal|p2a: Cresselia|323/323 tox\n|move|p1a: Bellibolt|Thunderbolt|p2a: Cresselia\n|-damage|p2a: Cresselia|287/323 tox\n|\n|-heal|p2a: Cresselia|307/323 tox|[from] item: Leftovers\n|-damage|p2a: Cresselia|167/323 tox|[from] psn\n|upkeep\n|turn|28\n|inactive|Time left: 300 sec this turn | 300 sec total\n|\n|t:|1783548061\n|move|p2a: Cresselia|Moonlight|p2a: Cresselia\n|-heal|p2a: Cresselia|323/323 tox\n|move|p1a: Bellibolt|Muddy Water|p2a: Cresselia\n|-damage|p2a: Cresselia|300/323 tox\n|\n|-heal|p2a: Cresselia|320/323 tox|[from] item: Leftovers\n|-damage|p2a: Cresselia|160/323 tox|[from] psn\n|upkeep\n|turn|29\n|inactive|Time left: 300 sec this turn | 300 sec total\n|\n|t:|1783548062\n|switch|p1a: Porygon2|Porygon2, L81|15/100 par\n|-ability|p1a: Porygon2|Download|boost\n|-boost|p1a: Porygon2|atk|1\n|move|p2a: Cresselia|Moonlight|p2a: Cresselia\n|-heal|p2a: Cresselia|321/323 tox\n|\n|-heal|p2a: Cresselia|323/323 tox|[from] item: Leftovers\n|-damage|p2a: Cresselia|143/323 tox|[from] psn\n|upkeep\n|turn|30\n|inactive|Time left: 300 sec this turn | 300 sec total\n|\n|t:|1783548063\n|move|p2a: Cresselia|Moonblast|p1a: Porygon2\n|-crit|p1a: Porygon2\n|-damage|p1a: Porygon2|0 fnt\n|faint|p1a: Porygon2\n|\n|-heal|p2a: Cresselia|163/323 tox|[from] item: Leftovers\n|-damage|p2a: Cresselia|0 fnt|[from] psn\n|faint|p2a: Cresselia\n|upkeep\n|inactive|Time left: 300 sec this turn | 300 sec total | 5 sec grace\n|\n|t:|1783548064\n|switch|p2a: Dipplin|Dipplin, L88, M|284/284\n|switch|p1a: Glaceon|Glaceon, L94, M|100/100\n|turn|31\n|inactive|Time left: 300 sec this turn | 300 sec total\n|\n|t:|1783548065\n|-terastallize|p2a: Dipplin|Steel\n|move|p1a: Glaceon|Freeze-Dry|p2a: Dipplin\n|-resisted|p2a: Dipplin\n|-damage|p2a: Dipplin|245/284\n|-status|p2a: Dipplin|frz\n|cant|p2a: Dipplin|frz\n|\n|upkeep\n|turn|32\n|inactive|Time left: 300 sec this turn | 300 sec total\n|\n|t:|1783548066\n|move|p1a: Glaceon|Calm Mind|p1a: Glaceon\n|-boost|p1a: Glaceon|spa|1\n|-boost|p1a: Glaceon|spd|1\n|cant|p2a: Dipplin|frz\n|\n|upkeep\n|turn|33\n|inactive|Time left: 300 sec this turn | 300 sec total\n|\n|t:|1783548067\n|move|p1a: Glaceon|Calm Mind|p1a: Glaceon\n|-boost|p1a: Glaceon|spa|1\n|-boost|p1a: Glaceon|spd|1\n|cant|p2a: Dipplin|frz\n|\n|upkeep\n|turn|34\n|inactive|Time left: 300 sec this turn | 300 sec total\n|\n|t:|1783548068\n|move|p1a: Glaceon|Calm Mind|p1a: Glaceon\n|-boost|p1a: Glaceon|spa|1\n|-boost|p1a: Glaceon|spd|1\n|cant|p2a: Dipplin|frz\n|\n|upkeep\n|turn|35\n|inactive|Time left: 300 sec this turn | 300 sec total\n|\n|t:|1783548069\n|move|p1a: Glaceon|Freeze-Dry|p2a: Dipplin\n|-resisted|p2a: Dipplin\n|-damage|p2a: Dipplin|146/284 frz\n|cant|p2a: Dipplin|frz\n|\n|upkeep\n|turn|36\n|inactive|Time left: 300 sec this turn | 300 sec total\n|\n|t:|1783548070\n|move|p1a: Glaceon|Freeze-Dry|p2a: Dipplin\n|-resisted|p2a: Dipplin\n|-damage|p2a: Dipplin|50/284 frz\n|cant|p2a: Dipplin|frz\n|\n|upkeep\n|turn|37\n|inactive|Time left: 300 sec this turn | 300 sec total\n|\n|t:|1783548071\n|move|p1a: Glaceon|Freeze-Dry|p2a: Dipplin\n|-resisted|p2a: Dipplin\n|-damage|p2a: Dipplin|0 fnt\n|faint|p2a: Dipplin\n|\n|upkeep\n|inactive|Time left: 300 sec this turn | 300 sec total | 5 sec grace\n|\n|t:|1783548072\n|switch|p2a: Pachirisu|Pachirisu, L96, M|26/271\n|turn|38\n|inactive|Time left: 300 sec this turn | 300 sec total\n|\n|t:|1783548073\n|move|p2a: Pachirisu|Nuzzle|p1a: Glaceon\n|-damage|p1a: Glaceon|96/100\n|-status|p1a: Glaceon|par\n|move|p1a: Glaceon|Freeze-Dry|p2a: Pachirisu\n|-damage|p2a: Pachirisu|0 fnt\n|faint|p2a: Pachirisu\n|\n|upkeep\n|inactive|Time left: 300 sec this turn | 300 sec total | 5 sec grace\n|\n|t:|1783548074\n|switch|p2a: Meganium|Meganium, L90, F|290/290\n|turn|39\n|inactive|Time left: 300 sec this turn | 300 sec total\n|\n|t:|1783548074\n|move|p1a: Glaceon|Freeze-Dry|p2a: Meganium\n|-supereffective|p2a: Meganium\n|-damage|p2a: Meganium|0 fnt\n|faint|p2a: Meganium\n|\n|win|p0x7065a44", "uploadtime": 1783548074, "views": 0, "rating": 0, "private": 0, "password": null, "_winner": "p0x7065a44", "_our_name": "p0y706138e"}