{"id": "battle-gen9randombattle-647", "formatid": "gen9randombattle", "format": "[Gen 9] Random Battle", "players": ["p0x647528e", "p0y647bb1c"], "log": "|init|battle\n|title|p0x647528e vs. p0y647bb1c\n|j|\u2606p0x647528e\n|j|\u2606p0y647bb1c\n|t:|1783546609\n|gametype|singles\n|player|p1|p0x647528e|102|\n|player|p2|p0y647bb1c|2|\n|gen|9\n|tier|[Gen 9] Random Battle\n|rule|Species Clause: Limit one of each Pok\u00e9mon\n|rule|HP Percentage Mod: HP is shown in percentages\n|rule|Sleep Clause Mod: Limit one foe put to sleep\n|rule|Illusion Level Mod: Illusion disguises the Pok\u00e9mon's true level\n|\n|t:|1783546609\n|teamsize|p1|6\n|teamsize|p2|6\n|start\n|switch|p1a: Terapagos|Terapagos, L77, M|265/265\n|switch|p2a: Weezing|Weezing, L88, M|100/100\n|-activate|p1a: Terapagos|ability: Tera Shift\n|detailschange|p1a: Terapagos|Terapagos-Terastal, L77, M\n|-heal|p1a: Terapagos|273/273|[silent]\n|turn|1\n|inactive|Battle timer is ON: inactive players will automatically lose when time's up. (requested by p0x647528e)\n|inactive|p0y647bb1c also wants the timer to be on.\n|\n|t:|1783546611\n|move|p1a: Terapagos|Tera Starstorm|p2a: Weezing\n|-damage|p2a: Weezing|50/100\n|move|p2a: Weezing|Toxic Spikes|p1a: Terapagos\n|-sidestart|p1: p0x647528e|move: Toxic Spikes\n|\n|-heal|p2a: Weezing|56/100|[from] item: Leftovers\n|upkeep\n|turn|2\n|inactive|Time left: 300 sec this turn | 300 sec total\n|\n|t:|1783546612\n|move|p1a: Terapagos|Calm Mind|p1a: Terapagos\n|-boost|p1a: Terapagos|spa|1\n|-boost|p1a: Terapagos|spd|1\n|move|p2a: Weezing|Pain Split|p1a: Terapagos\n|-sethp|p1a: Terapagos|208/273|[from] move: Pain Split|[silent]\n|-sethp|p2a: Weezing|81/100|[from] move: Pain Split\n|\n|-heal|p2a: Weezing|87/100|[from] item: Leftovers\n|upkeep\n|turn|3\n|inactive|Time left: 300 sec this turn | 300 sec total\n|\n|t:|1783546613\n|move|p1a: Terapagos|Tera Starstorm|p2a: Weezing\n|-damage|p2a: Weezing|14/100\n|move|p2a: Weezing|Gunk Shot|p1a: Terapagos|[miss]\n|-miss|p2a: Weezing|p1a: Terapagos\n|\n|-heal|p2a: Weezing|20/100|[from] item: Leftovers\n|upkeep\n|turn|4\n|inactive|Time left: 300 sec this turn | 300 sec total\n|\n|t:|1783546614\n|move|p1a: Terapagos|Tera Starstorm|p2a: Weezing\n|-damage|p2a: Weezing|0 fnt\n|faint|p2a: Weezing\n|\n|upkeep\n|\n|t:|1783546615\n|switch|p2a: Kleavor|Kleavor, L78, M|100/100\n|turn|5\n|inactive|Time left: 300 sec this turn | 300 sec total\n|\n|t:|1783546617\n|move|p2a: Kleavor|Stone Axe|p1a: Terapagos\n|-damage|p1a: Terapagos|97/273\n|-sidestart|p1: p0x647528e|move: Stealth Rock\n|move|p1a: Terapagos|Rapid Spin|p2a: Kleavor\n|-resisted|p2a: Kleavor\n|-damage|p2a: Kleavor|90/100\n|-boost|p1a: Terapagos|spe|1\n|-sideend|p1: p0x647528e|Toxic Spikes|[from] move: Rapid Spin|[of] p1a: Terapagos\n|-sideend|p1: p0x647528e|Stealth Rock|[from] move: Rapid Spin|[of] p1a: Terapagos\n|\n|upkeep\n|turn|6\n|inactive|Time left: 300 sec this turn | 300 sec total\n|\n|t:|1783546618\n|move|p2a: Kleavor|Stone Axe|p1a: Terapagos\n|-damage|p1a: Terapagos|0 fnt\n|-sidestart|p1: p0x647528e|move: Stealth Rock\n|faint|p1a: Terapagos\n|\n|upkeep\n|inactive|Time left: 300 sec this turn | 300 sec total | 5 sec grace\n|\n|t:|1783546619\n|switch|p1a: Kingdra|Kingdra, L84, M|263/263\n|-damage|p1a: Kingdra|231/263|[from] Stealth Rock\n|turn|7\n|inactive|Time left: 300 sec this turn | 300 sec total\n|\n|t:|1783546620\n|switch|p2a: Overqwil|Overqwil, L82, M|100/100\n|-ability|p2a: Overqwil|Intimidate|boost\n|-unboost|p1a: Kingdra|atk|1\n|move|p1a: Kingdra|Dragon Dance|p1a: Kingdra\n|-boost|p1a: Kingdra|atk|1\n|-boost|p1a: Kingdra|spe|1\n|\n|upkeep\n|turn|8\n|inactive|Time left: 300 sec this turn | 300 sec total\n|\n|t:|1783546621\n|move|p1a: Kingdra|Outrage|p2a: Overqwil\n|-damage|p2a: Overqwil|57/100\n|move|p2a: Overqwil|Crunch|p1a: Kingdra\n|-damage|p1a: Kingdra|99/263\n|\n|upkeep\n|turn|9\n|inactive|Time left: 300 sec this turn | 300 sec total\n|\n|t:|1783546622\n|move|p1a: Kingdra|Outrage|p2a: Overqwil|[from] lockedmove\n|-damage|p2a: Overqwil|13/100\n|move|p2a: Overqwil|Crunch|p1a: Kingdra\n|-damage|p1a: Kingdra|0 fnt\n|faint|p1a: Kingdra\n|\n|upkeep\n|inactive|Time left: 300 sec this turn | 300 sec total | 5 sec grace\n|\n|t:|1783546623\n|switch|p1a: Iron Jugulis|Iron Jugulis, L77|271/271\n|-damage|p1a: Iron Jugulis|204/271|[from] Stealth Rock\n|turn|10\n|inactive|Time left: 300 sec this turn | 300 sec total\n|\n|t:|1783546624\n|switch|p2a: Milotic|Milotic, L83, F|100/100\n|move|p1a: Iron Jugulis|Dark Pulse|p2a: Milotic\n|-damage|p2a: Milotic|68/100\n|\n|-heal|p2a: Milotic|75/100|[from] item: Leftovers\n|upkeep\n|turn|11\n|inactive|Time left: 300 sec this turn | 300 sec total\n|\n|t:|1783546625\n|move|p1a: Iron Jugulis|Dark Pulse|p2a: Milotic\n|-damage|p2a: Milotic|44/100\n|move|p2a: Milotic|Ice Beam|p1a: Iron Jugulis\n|-supereffective|p1a: Iron Jugulis\n|-damage|p1a: Iron Jugulis|54/271\n|\n|-heal|p2a: Milotic|50/100|[from] item: Leftovers\n|upkeep\n|turn|12\n|inactive|Time left: 300 sec this turn | 300 sec total\n|\n|t:|1783546626\n|move|p1a: Iron Jugulis|Dark Pulse|p2a: Milotic\n|-damage|p2a: Milotic|17/100\n|move|p2a: Milotic|Scald|p1a: Iron Jugulis\n|-damage|p1a: Iron Jugulis|0 fnt\n|faint|p1a: Iron Jugulis\n|-end|p1a: Iron Jugulis|Quark Drive|[silent]\n|\n|-heal|p2a: Milotic|23/100|[from] item: Leftovers\n|upkeep\n|inactive|Time left: 300 sec this turn | 300 sec total | 5 sec grace\n|\n|t:|1783546627\n|switch|p1a: Munkidori|Munkidori, L79, M|269/269\n|-damage|p1a: Munkidori|236/269|[from] Stealth Rock\n|turn|13\n|inactive|Time left: 300 sec this turn | 300 sec total\n|\n|t:|1783546628\n|switch|p2a: Overqwil|Overqwil, L82, M|13/100\n|-ability|p2a: Overqwil|Intimidate|boost\n|-unboost|p1a: Munkidori|atk|1\n|move|p1a: Munkidori|Sludge Wave|p2a: Overqwil\n|-resisted|p2a: Overqwil\n|-damage|p2a: Overqwil|0 fnt\n|faint|p2a: Overqwil\n|-damage|p1a: Munkidori|210/269|[from] item: Life Orb\n|\n|upkeep\n|\n|t:|1783546629\n|switch|p2a: Calyrex|Calyrex-Shadow, L64|100/100\n|-ability|p2a: Calyrex|As One\n|-ability|p2a: Calyrex|Unnerve\n|turn|14\n|inactive|Time left: 300 sec this turn | 300 sec total\n|\n|t:|1783546630\n|move|p2a: Calyrex|Astral Barrage|p1a: Munkidori\n|-supereffective|p1a: Munkidori\n|-crit|p1a: Munkidori\n|-damage|p1a: Munkidori|0 fnt\n|faint|p1a: Munkidori\n|-ability|p2a: Calyrex|Grim Neigh|boost\n|-boost|p2a: Calyrex|spa|1\n|-damage|p2a: Calyrex|91/100|[from] item: Life Orb\n|\n|upkeep\n|inactive|Time left: 300 sec this turn | 300 sec total | 5 sec grace\n|\n|t:|1783546632\n|switch|p1a: Vileplume|Vileplume, L85, F|266/266\n|-damage|p1a: Vileplume|233/266|[from] Stealth Rock\n|turn|15\n|inactive|Time left: 300 sec this turn | 300 sec total\n|\n|t:|1783546633\n|-terastallize|p1a: Vileplume|Water\n|move|p2a: Calyrex|Astral Barrage|p1a: Vileplume\n|-damage|p1a: Vileplume|19/266\n|-damage|p2a: Calyrex|81/100|[from] item: Life Orb\n|move|p1a: Vileplume|Sleep Powder|p2a: Calyrex\n|-status|p2a: Calyrex|slp|[from] move: Sleep Powder\n|\n|-heal|p1a: Vileplume|35/266|[from] item: Leftovers\n|upkeep\n|turn|16\n|inactive|Time left: 300 sec this turn | 300 sec total\n|\n|t:|1783546634\n|switch|p2a: Chandelure|Chandelure, L83, F|100/100\n|move|p1a: Vileplume|Strength Sap|p2a: Chandelure\n|-unboost|p2a: Chandelure|atk|1\n|-heal|p1a: Vileplume|131/266\n|\n|-heal|p1a: Vileplume|147/266|[from] item: Leftovers\n|upkeep\n|turn|17\n|inactive|Time left: 300 sec this turn | 300 sec total\n|\n|t:|1783546635\n|move|p2a: Chandelure|Energy Ball|p1a: Vileplume\n|-supereffective|p1a: Vileplume\n|-damage|p1a: Vileplume|0 fnt\n|faint|p1a: Vileplume\n|\n|upkeep\n|inactive|Time left: 300 sec this turn | 300 sec total | 5 sec grace\n|\n|t:|1783546636\n|switch|p1a: Annihilape|Annihilape, L76, M|292/292\n|-damage|p1a: Annihilape|274/292|[from] Stealth Rock\n|turn|18\n|inactive|Time left: 300 sec this turn | 300 sec total\n|\n|t:|1783546637\n|move|p2a: Chandelure|Energy Ball|p1a: Annihilape\n|-damage|p1a: Annihilape|188/292\n|move|p1a: Annihilape|Rage Fist|p2a: Chandelure\n|-supereffective|p2a: Chandelure\n|-damage|p2a: Chandelure|21/100\n|\n|-heal|p1a: Annihilape|206/292|[from] item: Leftovers\n|upkeep\n|turn|19\n|inactive|Time left: 300 sec this turn | 300 sec total\n|\n|t:|1783546638\n|move|p2a: Chandelure|Energy Ball|p1a: Annihilape\n|-damage|p1a: Annihilape|120/292\n|move|p1a: Annihilape|Rage Fist|p2a: Chandelure\n|-supereffective|p2a: Chandelure\n|-damage|p2a: Chandelure|0 fnt\n|faint|p2a: Chandelure\n|\n|-heal|p1a: Annihilape|138/292|[from] item: Leftovers\n|upkeep\n|\n|t:|1783546639\n|switch|p2a: Milotic|Milotic, L83, F|23/100\n|turn|20\n|inactive|Time left: 300 sec this turn | 300 sec total\n|\n|t:|1783546640\n|move|p2a: Milotic|Scald|p1a: Annihilape\n|-crit|p1a: Annihilape\n|-damage|p1a: Annihilape|0 fnt\n|faint|p1a: Annihilape\n|\n|win|p0y647bb1c", "uploadtime": 1783546640, "views": 0, "rating": 0, "private": 0, "password": null, "_winner": "p0y647bb1c", "_our_name": "p0x647528e"}