{"id": "battle-gen9randombattle-29", "formatid": "gen9randombattle", "format": "[Gen 9] Random Battle", "players": ["p0x029c6a7", "p0y0294413"], "log": "|init|battle\n|title|p0x029c6a7 vs. p0y0294413\n|j|\u2606p0x029c6a7\n|j|\u2606p0y0294413\n|t:|1783534164\n|gametype|singles\n|player|p1|p0x029c6a7|169|\n|player|p2|p0y0294413|170|\n|gen|9\n|tier|[Gen 9] Random Battle\n|rule|Species Clause: Limit one of each Pok\u00e9mon\n|rule|HP Percentage Mod: HP is shown in percentages\n|rule|Sleep Clause Mod: Limit one foe put to sleep\n|rule|Illusion Level Mod: Illusion disguises the Pok\u00e9mon's true level\n|\n|t:|1783534164\n|teamsize|p1|6\n|teamsize|p2|6\n|start\n|switch|p1a: Greninja|Greninja, L80, M|246/246\n|switch|p2a: Medicham|Medicham, L86, F|100/100\n|turn|1\n|inactive|Battle timer is ON: inactive players will automatically lose when time's up. (requested by p0x029c6a7)\n|inactive|p0y0294413 also wants the timer to be on.\n|\n|t:|1783534166\n|move|p1a: Greninja|Hydro Pump|p2a: Medicham\n|-start|p1a: Greninja|typechange|Water|[from] ability: Protean\n|-damage|p2a: Medicham|36/100\n|-damage|p1a: Greninja|222/246|[from] item: Life Orb\n|move|p2a: Medicham|Close Combat|p1a: Greninja\n|-damage|p1a: Greninja|0 fnt\n|-unboost|p2a: Medicham|def|1\n|-unboost|p2a: Medicham|spd|1\n|faint|p1a: Greninja\n|\n|upkeep\n|inactive|Time left: 300 sec this turn | 300 sec total | 65 sec grace\n|\n|t:|1783534166\n|switch|p1a: Miraidon|Miraidon, L65|238/238\n|-fieldstart|move: Electric Terrain|[from] ability: Hadron Engine|[of] p1a: Miraidon\n|turn|2\n|inactive|Time left: 300 sec this turn | 300 sec total\n|\n|t:|1783534167\n|switch|p2a: Toedscruel|Toedscruel, L87, M|100/100\n|move|p1a: Miraidon|Electro Drift|p2a: Toedscruel\n|-immune|p2a: Toedscruel\n|\n|upkeep\n|turn|3\n|inactive|Time left: 300 sec this turn | 300 sec total\n|\n|t:|1783534168\n|switch|p1a: Toedscruel|Toedscruel, L87, F|281/281\n|move|p2a: Toedscruel|Earth Power|p1a: Toedscruel\n|-resisted|p1a: Toedscruel\n|-damage|p1a: Toedscruel|248/281\n|\n|-heal|p1a: Toedscruel|265/281|[from] item: Leftovers\n|upkeep\n|turn|4\n|inactive|Time left: 300 sec this turn | 300 sec total\n|\n|t:|1783534170\n|move|p1a: Toedscruel|Toxic|p2a: Toedscruel\n|-status|p2a: Toedscruel|tox\n|move|p2a: Toedscruel|Toxic|p1a: Toedscruel\n|-status|p1a: Toedscruel|tox\n|\n|-heal|p1a: Toedscruel|281/281 tox|[from] item: Leftovers\n|-damage|p1a: Toedscruel|264/281 tox|[from] psn\n|-damage|p2a: Toedscruel|94/100 tox|[from] psn\n|upkeep\n|turn|5\n|inactive|Time left: 300 sec this turn | 300 sec total\n|\n|t:|1783534170\n|move|p1a: Toedscruel|Giga Drain|p2a: Toedscruel\n|-damage|p2a: Toedscruel|75/100 tox\n|-heal|p1a: Toedscruel|281/281 tox|[from] drain|[of] p2a: Toedscruel\n|move|p2a: Toedscruel|Giga Drain|p1a: Toedscruel\n|-damage|p1a: Toedscruel|229/281 tox\n|-heal|p2a: Toedscruel|84/100 tox|[from] drain|[of] p1a: Toedscruel\n|\n|-heal|p2a: Toedscruel|91/100 tox|[from] item: Leftovers\n|-heal|p1a: Toedscruel|246/281 tox|[from] item: Leftovers\n|-damage|p1a: Toedscruel|212/281 tox|[from] psn\n|-damage|p2a: Toedscruel|78/100 tox|[from] psn\n|upkeep\n|turn|6\n|inactive|Time left: 300 sec this turn | 300 sec total\n|\n|t:|1783534172\n|switch|p2a: Vespiquen|Vespiquen, L99, F|100/100\n|-ability|p2a: Vespiquen|Pressure\n|move|p1a: Toedscruel|Giga Drain|p2a: Vespiquen\n|-resisted|p2a: Vespiquen\n|-crit|p2a: Vespiquen\n|-damage|p2a: Vespiquen|93/100\n|-heal|p1a: Toedscruel|223/281 tox|[from] drain|[of] p2a: Vespiquen\n|\n|-heal|p1a: Toedscruel|240/281 tox|[from] item: Leftovers\n|-damage|p1a: Toedscruel|189/281 tox|[from] psn\n|-fieldend|move: Electric Terrain\n|upkeep\n|turn|7\n|inactive|Time left: 300 sec this turn | 300 sec total\n|\n|t:|1783534172\n|switch|p1a: Miraidon|Miraidon, L65|238/238\n|-fieldstart|move: Electric Terrain|[from] ability: Hadron Engine|[of] p1a: Miraidon\n|move|p2a: Vespiquen|Air Slash|p1a: Miraidon\n|-resisted|p1a: Miraidon\n|-damage|p1a: Miraidon|187/238\n|\n|upkeep\n|turn|8\n|inactive|Time left: 300 sec this turn | 300 sec total\n|\n|t:|1783534173\n|switch|p2a: Toedscruel|Toedscruel, L87, M|78/100 tox\n|move|p1a: Miraidon|Electro Drift|p2a: Toedscruel\n|-immune|p2a: Toedscruel\n|\n|-heal|p2a: Toedscruel|84/100 tox|[from] item: Leftovers\n|-damage|p2a: Toedscruel|78/100 tox|[from] psn\n|upkeep\n|turn|9\n|inactive|Time left: 300 sec this turn | 300 sec total\n|\n|t:|1783534174\n|switch|p1a: Toedscruel|Toedscruel, L87, F|189/281 tox\n|move|p2a: Toedscruel|Earth Power|p1a: Toedscruel\n|-resisted|p1a: Toedscruel\n|-damage|p1a: Toedscruel|157/281 tox\n|\n|-heal|p1a: Toedscruel|174/281 tox|[from] item: Leftovers\n|-heal|p2a: Toedscruel|84/100 tox|[from] item: Leftovers\n|-damage|p1a: Toedscruel|157/281 tox|[from] psn\n|-damage|p2a: Toedscruel|72/100 tox|[from] psn\n|upkeep\n|turn|10\n|inactive|Time left: 300 sec this turn | 300 sec total\n|\n|t:|1783534175\n|move|p2a: Toedscruel|Giga Drain|p1a: Toedscruel\n|-damage|p1a: Toedscruel|100/281 tox\n|-heal|p2a: Toedscruel|83/100 tox|[from] drain|[of] p1a: Toedscruel\n|move|p1a: Toedscruel|Giga Drain|p2a: Toedscruel\n|-damage|p2a: Toedscruel|61/100 tox\n|-heal|p1a: Toedscruel|131/281 tox|[from] drain|[of] p2a: Toedscruel\n|\n|-heal|p2a: Toedscruel|67/100 tox|[from] item: Leftovers\n|-heal|p1a: Toedscruel|148/281 tox|[from] item: Leftovers\n|-damage|p2a: Toedscruel|49/100 tox|[from] psn\n|-damage|p1a: Toedscruel|114/281 tox|[from] psn\n|upkeep\n|turn|11\n|inactive|Time left: 300 sec this turn | 300 sec total\n|\n|t:|1783534176\n|move|p1a: Toedscruel|Giga Drain|p2a: Toedscruel\n|-damage|p2a: Toedscruel|28/100 tox\n|-heal|p1a: Toedscruel|143/281 tox|[from] drain|[of] p2a: Toedscruel\n|move|p2a: Toedscruel|Giga Drain|p1a: Toedscruel\n|-damage|p1a: Toedscruel|88/281 tox\n|-heal|p2a: Toedscruel|38/100 tox|[from] drain|[of] p1a: Toedscruel\n|\n|-heal|p1a: Toedscruel|105/281 tox|[from] item: Leftovers\n|-heal|p2a: Toedscruel|44/100 tox|[from] item: Leftovers\n|-damage|p2a: Toedscruel|20/100 tox|[from] psn\n|-damage|p1a: Toedscruel|54/281 tox|[from] psn\n|-fieldend|move: Electric Terrain\n|upkeep\n|turn|12\n|inactive|Time left: 300 sec this turn | 300 sec total\n|\n|t:|1783534177\n|move|p2a: Toedscruel|Earth Power|p1a: Toedscruel\n|-resisted|p1a: Toedscruel\n|-damage|p1a: Toedscruel|24/281 tox\n|move|p1a: Toedscruel|Spore|p2a: Toedscruel\n|-immune|p2a: Toedscruel\n|\n|-heal|p1a: Toedscruel|41/281 tox|[from] item: Leftovers\n|-heal|p2a: Toedscruel|26/100 tox|[from] item: Leftovers\n|-damage|p1a: Toedscruel|0 fnt|[from] psn\n|faint|p1a: Toedscruel\n|-damage|p2a: Toedscruel|0 fnt|[from] psn\n|faint|p2a: Toedscruel\n|upkeep\n|inactive|Time left: 300 sec this turn | 300 sec total | 5 sec grace\n|\n|t:|1783534178\n|switch|p1a: Miraidon|Miraidon, L65|187/238\n|switch|p2a: Dusknoir|Dusknoir, L89, F|100/100\n|-fieldstart|move: Electric Terrain|[from] ability: Hadron Engine|[of] p1a: Miraidon\n|-item|p1a: Miraidon|Choice Specs|[from] ability: Frisk|[of] p2a: Dusknoir\n|turn|13\n|inactive|Time left: 300 sec this turn | 300 sec total\n|\n|t:|1783534179\n|move|p1a: Miraidon|Electro Drift|p2a: Dusknoir\n|-damage|p2a: Dusknoir|32/100\n|move|p2a: Dusknoir|Earthquake|p1a: Miraidon\n|-supereffective|p1a: Miraidon\n|-damage|p1a: Miraidon|0 fnt\n|faint|p1a: Miraidon\n|\n|-heal|p2a: Dusknoir|38/100|[from] item: Leftovers\n|upkeep\n|inactive|Time left: 300 sec this turn | 300 sec total | 5 sec grace\n|\n|t:|1783534180\n|switch|p1a: Perrserker|Perrserker, L89, F|269/269\n|turn|14\n|inactive|Time left: 300 sec this turn | 300 sec total\n|\n|t:|1783534181\n|switch|p2a: Typhlosion|Typhlosion-Hisui, L83, M|100/100\n|move|p1a: Perrserker|Iron Head|p2a: Typhlosion\n|-resisted|p2a: Typhlosion\n|-crit|p2a: Typhlosion\n|-damage|p2a: Typhlosion|43/100\n|-damage|p1a: Perrserker|243/269|[from] item: Life Orb\n|\n|upkeep\n|turn|15\n|inactive|Time left: 300 sec this turn | 300 sec total\n|\n|t:|1783534182\n|switch|p1a: Torkoal|Torkoal, L88, F|266/266\n|-weather|SunnyDay|[from] ability: Drought|[of] p1a: Torkoal\n|move|p2a: Typhlosion|Fire Blast|p1a: Torkoal|[miss]\n|-miss|p2a: Typhlosion|p1a: Torkoal\n|\n|-weather|SunnyDay|[upkeep]\n|upkeep\n|turn|16\n|inactive|Time left: 300 sec this turn | 300 sec total\n|\n|t:|1783534183\n|move|p2a: Typhlosion|Fire Blast|p1a: Torkoal\n|-resisted|p1a: Torkoal\n|-damage|p1a: Torkoal|157/266\n|move|p1a: Torkoal|Lava Plume|p2a: Typhlosion\n|-resisted|p2a: Typhlosion\n|-damage|p2a: Typhlosion|18/100\n|\n|-weather|SunnyDay|[upkeep]\n|upkeep\n|turn|17\n|inactive|Time left: 300 sec this turn | 300 sec total\n|\n|t:|1783534184\n|move|p2a: Typhlosion|Fire Blast|p1a: Torkoal\n|-resisted|p1a: Torkoal\n|-damage|p1a: Torkoal|0 fnt\n|faint|p1a: Torkoal\n|\n|-weather|SunnyDay|[upkeep]\n|-fieldend|move: Electric Terrain\n|upkeep\n|inactive|Time left: 300 sec this turn | 300 sec total | 5 sec grace\n|\n|t:|1783534185\n|switch|p1a: Iron Bundle|Iron Bundle, L78|215/215\n|turn|18\n|inactive|Time left: 300 sec this turn | 300 sec total\n|\n|t:|1783534186\n|move|p2a: Typhlosion|Fire Blast|p1a: Iron Bundle\n|-damage|p1a: Iron Bundle|0 fnt\n|faint|p1a: Iron Bundle\n|-end|p1a: Iron Bundle|Quark Drive|[silent]\n|\n|-weather|SunnyDay|[upkeep]\n|upkeep\n|inactive|Time left: 300 sec this turn | 300 sec total | 5 sec grace\n|\n|t:|1783534187\n|switch|p1a: Perrserker|Perrserker, L89, F|243/269\n|turn|19\n|inactive|Time left: 300 sec this turn | 300 sec total\n|\n|t:|1783534188\n|-terastallize|p1a: Perrserker|Fighting\n|move|p2a: Typhlosion|Fire Blast|p1a: Perrserker\n|-damage|p1a: Perrserker|0 fnt\n|faint|p1a: Perrserker\n|\n|win|p0y0294413", "uploadtime": 1783534188, "views": 0, "rating": 0, "private": 0, "password": null, "_winner": "p0y0294413", "_our_name": "p0x029c6a7"}