{"id": "battle-gen9randombattle-937", "formatid": "gen9randombattle", "format": "[Gen 9] Random Battle", "players": ["p0x937daf0", "p0y9370837"], "log": "|init|battle\n|title|p0x937daf0 vs. p0y9370837\n|j|\u2606p0x937daf0\n|j|\u2606p0y9370837\n|t:|1783550749\n|gametype|singles\n|player|p1|p0x937daf0|169|\n|player|p2|p0y9370837|265|\n|gen|9\n|tier|[Gen 9] Random Battle\n|rule|Species Clause: Limit one of each Pok\u00e9mon\n|rule|HP Percentage Mod: HP is shown in percentages\n|rule|Sleep Clause Mod: Limit one foe put to sleep\n|rule|Illusion Level Mod: Illusion disguises the Pok\u00e9mon's true level\n|\n|t:|1783550749\n|teamsize|p1|6\n|teamsize|p2|6\n|start\n|switch|p1a: Iron Leaves|Iron Leaves, L80|275/275\n|switch|p2a: Dudunsparce|Dudunsparce, L83, M|100/100\n|turn|1\n|inactive|Battle timer is ON: inactive players will automatically lose when time's up. (requested by p0y9370837)\n|inactive|Time left: 300 sec this turn | 300 sec total | 60 sec grace\n|inactive|p0x937daf0 also wants the timer to be on.\n|\n|t:|1783550751\n|move|p1a: Iron Leaves|Swords Dance|p1a: Iron Leaves\n|-boost|p1a: Iron Leaves|atk|2\n|move|p2a: Dudunsparce|Glare|p1a: Iron Leaves\n|-status|p1a: Iron Leaves|par\n|\n|upkeep\n|turn|2\n|inactive|Time left: 300 sec this turn | 300 sec total\n|\n|t:|1783550752\n|move|p2a: Dudunsparce|Headbutt|p1a: Iron Leaves\n|-damage|p1a: Iron Leaves|197/275 par\n|cant|p1a: Iron Leaves|flinch\n|\n|upkeep\n|turn|3\n|inactive|Time left: 300 sec this turn | 300 sec total\n|\n|t:|1783550753\n|move|p2a: Dudunsparce|Headbutt|p1a: Iron Leaves\n|-damage|p1a: Iron Leaves|115/275 par\n|move|p1a: Iron Leaves|Psyblade|p2a: Dudunsparce\n|-damage|p2a: Dudunsparce|12/100\n|-damage|p1a: Iron Leaves|88/275 par|[from] item: Life Orb\n|\n|-heal|p2a: Dudunsparce|19/100|[from] item: Leftovers\n|upkeep\n|turn|4\n|inactive|Time left: 300 sec this turn | 300 sec total\n|\n|t:|1783550754\n|move|p2a: Dudunsparce|Headbutt|p1a: Iron Leaves\n|-damage|p1a: Iron Leaves|10/275 par\n|cant|p1a: Iron Leaves|flinch\n|\n|-heal|p2a: Dudunsparce|25/100|[from] item: Leftovers\n|upkeep\n|turn|5\n|inactive|Time left: 300 sec this turn | 300 sec total\n|\n|t:|1783550755\n|move|p2a: Dudunsparce|Earthquake|p1a: Iron Leaves\n|-resisted|p1a: Iron Leaves\n|-damage|p1a: Iron Leaves|0 fnt\n|faint|p1a: Iron Leaves\n|-end|p1a: Iron Leaves|Quark Drive|[silent]\n|\n|-heal|p2a: Dudunsparce|31/100|[from] item: Leftovers\n|upkeep\n|inactive|Time left: 300 sec this turn | 300 sec total | 5 sec grace\n|\n|t:|1783550756\n|switch|p1a: Porygon-Z|Porygon-Z, L83|277/277\n|-ability|p1a: Porygon-Z|Download|boost\n|-boost|p1a: Porygon-Z|spa|1\n|turn|6\n|inactive|Time left: 300 sec this turn | 300 sec total\n|\n|t:|1783550757\n|switch|p2a: Dusknoir|Dusknoir, L89, F|100/100\n|-item|p1a: Porygon-Z|Life Orb|[from] ability: Frisk|[of] p2a: Dusknoir\n|move|p1a: Porygon-Z|Ice Beam|p2a: Dusknoir\n|-damage|p2a: Dusknoir|52/100\n|-damage|p1a: Porygon-Z|250/277|[from] item: Life Orb\n|\n|upkeep\n|turn|7\n|inactive|Time left: 300 sec this turn | 300 sec total\n|\n|t:|1783550758\n|move|p1a: Porygon-Z|Shadow Ball|p2a: Dusknoir\n|-supereffective|p2a: Dusknoir\n|-damage|p2a: Dusknoir|0 fnt\n|faint|p2a: Dusknoir\n|-damage|p1a: Porygon-Z|223/277|[from] item: Life Orb\n|\n|upkeep\n|\n|t:|1783550759\n|switch|p2a: Miraidon|Miraidon, L65|100/100\n|-fieldstart|move: Electric Terrain|[from] ability: Hadron Engine|[of] p2a: Miraidon\n|turn|8\n|inactive|Time left: 300 sec this turn | 300 sec total\n|\n|t:|1783550760\n|move|p2a: Miraidon|Electro Drift|p1a: Porygon-Z\n|-damage|p1a: Porygon-Z|0 fnt\n|faint|p1a: Porygon-Z\n|\n|upkeep\n|inactive|Time left: 300 sec this turn | 300 sec total | 5 sec grace\n|\n|t:|1783550761\n|switch|p1a: Gouging Fire|Gouging Fire, L74|277/277\n|turn|9\n|inactive|Time left: 300 sec this turn | 300 sec total\n|\n|t:|1783550762\n|switch|p2a: Carbink|Carbink, L90|100/100\n|move|p1a: Gouging Fire|Dragon Dance|p1a: Gouging Fire\n|-boost|p1a: Gouging Fire|atk|1\n|-boost|p1a: Gouging Fire|spe|1\n|\n|upkeep\n|turn|10\n|inactive|Time left: 300 sec this turn | 300 sec total\n|\n|t:|1783550763\n|-terastallize|p1a: Gouging Fire|Ground\n|move|p1a: Gouging Fire|Earthquake|p2a: Carbink\n|-supereffective|p2a: Carbink\n|-damage|p2a: Carbink|26/100\n|move|p2a: Carbink|Iron Defense|p2a: Carbink\n|-boost|p2a: Carbink|def|2\n|\n|upkeep\n|turn|11\n|inactive|Time left: 300 sec this turn | 300 sec total\n|\n|t:|1783550764\n|-terastallize|p2a: Carbink|Fighting\n|move|p1a: Gouging Fire|Earthquake|p2a: Carbink\n|-damage|p2a: Carbink|8/100\n|move|p2a: Carbink|Body Press|p1a: Gouging Fire\n|-damage|p1a: Gouging Fire|31/277\n|\n|upkeep\n|turn|12\n|inactive|Time left: 300 sec this turn | 300 sec total\n|\n|t:|1783550764\n|move|p1a: Gouging Fire|Outrage|p2a: Carbink\n|-damage|p2a: Carbink|0 fnt\n|faint|p2a: Carbink\n|\n|-fieldend|move: Electric Terrain\n|upkeep\n|\n|t:|1783550765\n|switch|p2a: Flygon|Flygon, L82, F|100/100\n|turn|13\n|inactive|Time left: 300 sec this turn | 300 sec total\n|\n|t:|1783550766\n|move|p2a: Flygon|U-turn|p1a: Gouging Fire\n|-damage|p1a: Gouging Fire|0 fnt\n|faint|p1a: Gouging Fire\n|-end|p1a: Gouging Fire|Protosynthesis|[silent]\n|\n|t:|1783550767\n|switch|p2a: Miraidon|Miraidon, L65|100/100|[from] U-turn\n|-fieldstart|move: Electric Terrain|[from] ability: Hadron Engine|[of] p2a: Miraidon\n|\n|upkeep\n|inactive|Time left: 300 sec this turn | 300 sec total | 10 sec grace\n|\n|t:|1783550768\n|switch|p1a: Cinccino|Cinccino, L83, M|260/260\n|turn|14\n|inactive|Time left: 300 sec this turn | 300 sec total\n|\n|t:|1783550769\n|switch|p2a: Deoxys|Deoxys-Defense, L84|100/100\n|-ability|p2a: Deoxys|Pressure\n|move|p1a: Cinccino|Triple Axel|p2a: Deoxys\n|-damage|p2a: Deoxys|95/100\n|-damage|p2a: Deoxys|83/100\n|-damage|p2a: Deoxys|67/100\n|-hitcount|p2a: Deoxys|3\n|\n|-heal|p2a: Deoxys|72/100|[from] item: Leftovers\n|upkeep\n|turn|15\n|inactive|Time left: 300 sec this turn | 300 sec total\n|\n|t:|1783550770\n|move|p1a: Cinccino|Tidy Up|p1a: Cinccino\n|-boost|p1a: Cinccino|atk|1\n|-boost|p1a: Cinccino|spe|1\n|move|p2a: Deoxys|Recover|p2a: Deoxys\n|-heal|p2a: Deoxys|100/100\n|\n|upkeep\n|turn|16\n|inactive|Time left: 300 sec this turn | 300 sec total\n|\n|t:|1783550771\n|move|p1a: Cinccino|Tidy Up|p1a: Cinccino\n|-boost|p1a: Cinccino|atk|1\n|-boost|p1a: Cinccino|spe|1\n|move|p2a: Deoxys|Cosmic Power|p2a: Deoxys\n|-boost|p2a: Deoxys|def|1\n|-boost|p2a: Deoxys|spd|1\n|\n|upkeep\n|turn|17\n|inactive|Time left: 300 sec this turn | 300 sec total\n|\n|t:|1783550773\n|move|p1a: Cinccino|Tidy Up|p1a: Cinccino\n|-boost|p1a: Cinccino|atk|1\n|-boost|p1a: Cinccino|spe|1\n|move|p2a: Deoxys|Cosmic Power|p2a: Deoxys\n|-boost|p2a: Deoxys|def|1\n|-boost|p2a: Deoxys|spd|1\n|\n|-fieldend|move: Electric Terrain\n|upkeep\n|turn|18\n|inactive|Time left: 300 sec this turn | 300 sec total\n|\n|t:|1783550774\n|move|p1a: Cinccino|Tail Slap|p2a: Deoxys\n|-damage|p2a: Deoxys|88/100\n|-damage|p2a: Deoxys|75/100\n|-damage|p2a: Deoxys|62/100\n|-crit|p2a: Deoxys\n|-damage|p2a: Deoxys|20/100\n|-damage|p2a: Deoxys|6/100\n|-hitcount|p2a: Deoxys|5\n|move|p2a: Deoxys|Stored Power|p1a: Cinccino\n|-damage|p1a: Cinccino|158/260\n|\n|-heal|p2a: Deoxys|12/100|[from] item: Leftovers\n|upkeep\n|turn|19\n|inactive|Time left: 300 sec this turn | 300 sec total\n|\n|t:|1783550775\n|move|p1a: Cinccino|Bullet Seed|p2a: Deoxys\n|-damage|p2a: Deoxys|3/100\n|-damage|p2a: Deoxys|0 fnt\n|faint|p2a: Deoxys\n|-hitcount|p2: Deoxys|2\n|\n|upkeep\n|\n|t:|1783550776\n|switch|p2a: Dudunsparce|Dudunsparce, L83, M|31/100\n|turn|20\n|inactive|Time left: 300 sec this turn | 300 sec total\n|\n|t:|1783550777\n|move|p1a: Cinccino|Bullet Seed|p2a: Dudunsparce\n|-damage|p2a: Dudunsparce|9/100\n|-damage|p2a: Dudunsparce|0 fnt\n|faint|p2a: Dudunsparce\n|-hitcount|p2: Dudunsparce|2\n|\n|upkeep\n|\n|t:|1783550777\n|switch|p2a: Miraidon|Miraidon, L65|100/100\n|-fieldstart|move: Electric Terrain|[from] ability: Hadron Engine|[of] p2a: Miraidon\n|turn|21\n|inactive|Time left: 300 sec this turn | 300 sec total\n|\n|t:|1783550778\n|move|p1a: Cinccino|Triple Axel|p2a: Miraidon\n|-supereffective|p2a: Miraidon\n|-damage|p2a: Miraidon|48/100\n|-supereffective|p2a: Miraidon\n|-damage|p2a: Miraidon|0 fnt\n|faint|p2a: Miraidon\n|-hitcount|p2: Miraidon|2\n|\n|upkeep\n|\n|t:|1783550779\n|switch|p2a: Flygon|Flygon, L82, F|100/100\n|turn|22\n|inactive|Time left: 300 sec this turn | 300 sec total\n|\n|t:|1783550780\n|move|p1a: Cinccino|Bullet Seed|p2a: Flygon\n|-damage|p2a: Flygon|74/100\n|-damage|p2a: Flygon|50/100\n|-damage|p2a: Flygon|23/100\n|-damage|p2a: Flygon|0 fnt\n|faint|p2a: Flygon\n|-hitcount|p2: Flygon|4\n|\n|win|p0x937daf0", "uploadtime": 1783550780, "views": 0, "rating": 0, "private": 0, "password": null, "_winner": "p0x937daf0", "_our_name": "p0x937daf0"}