{"id": "battle-gen9randombattle-2765", "formatid": "gen9randombattle", "format": "[Gen 9] Random Battle", "players": ["p0x2765e925", "p0y27651817"], "log": "|init|battle\n|title|p0x2765e925 vs. p0y27651817\n|j|\u2606p0x2765e925\n|j|\u2606p0y27651817\n|t:|1783571862\n|gametype|singles\n|player|p1|p0x2765e925|266|\n|player|p2|p0y27651817|2|\n|gen|9\n|tier|[Gen 9] Random Battle\n|rule|Species Clause: Limit one of each Pok\u00e9mon\n|rule|HP Percentage Mod: HP is shown in percentages\n|rule|Sleep Clause Mod: Limit one foe put to sleep\n|rule|Illusion Level Mod: Illusion disguises the Pok\u00e9mon's true level\n|\n|t:|1783571862\n|teamsize|p1|6\n|teamsize|p2|6\n|start\n|switch|p1a: Chien-Pao|Chien-Pao, L72|234/234\n|switch|p2a: Indeedee|Indeedee-F, L90, F|100/100\n|-ability|p1a: Chien-Pao|Sword of Ruin\n|-fieldstart|move: Psychic Terrain|[from] ability: Psychic Surge|[of] p2a: Indeedee\n|turn|1\n|inactive|Battle timer is ON: inactive players will automatically lose when time's up. (requested by p0y27651817)\n|inactive|Time left: 300 sec this turn | 300 sec total | 60 sec grace\n|inactive|p0x2765e925 also wants the timer to be on.\n|\n|t:|1783571863\n|switch|p2a: Rhydon|Rhydon, L85, M|100/100\n|move|p1a: Chien-Pao|Throat Chop|p2a: Rhydon\n|-damage|p2a: Rhydon|85/100\n|-start|p2a: Rhydon|Throat Chop|[silent]\n|\n|upkeep\n|turn|2\n|inactive|Time left: 300 sec this turn | 300 sec total\n|\n|t:|1783571865\n|switch|p1a: Politoed|Politoed, L88, F|302/302\n|-weather|RainDance|[from] ability: Drizzle|[of] p1a: Politoed\n|move|p2a: Rhydon|Stone Edge|p1a: Politoed\n|-crit|p1a: Politoed\n|-damage|p1a: Politoed|82/302\n|\n|-weather|RainDance|[upkeep]\n|-end|p2a: Rhydon|Throat Chop|[silent]\n|upkeep\n|turn|3\n|inactive|Time left: 300 sec this turn | 300 sec total\n|\n|t:|1783571866\n|switch|p2a: Snorlax|Snorlax, L82, M|100/100\n|move|p1a: Politoed|Weather Ball|p2a: Snorlax\n|-damage|p2a: Snorlax|50/100\n|\n|-weather|RainDance|[upkeep]\n|-heal|p2a: Snorlax|56/100|[from] item: Leftovers\n|upkeep\n|turn|4\n|inactive|Time left: 300 sec this turn | 300 sec total\n|\n|t:|1783571867\n|move|p1a: Politoed|Weather Ball|p2a: Snorlax\n|-damage|p2a: Snorlax|7/100\n|move|p2a: Snorlax|Body Slam|p1a: Politoed\n|-damage|p1a: Politoed|0 fnt\n|faint|p1a: Politoed\n|\n|-weather|RainDance|[upkeep]\n|-heal|p2a: Snorlax|13/100|[from] item: Leftovers\n|upkeep\n|inactive|Time left: 300 sec this turn | 300 sec total | 5 sec grace\n|\n|t:|1783571868\n|switch|p1a: Pelipper|Pelipper, L86, F|243/243\n|turn|5\n|inactive|Time left: 300 sec this turn | 300 sec total\n|\n|t:|1783571869\n|switch|p2a: Sylveon|Sylveon, L85, M|100/100\n|move|p1a: Pelipper|Hurricane|p2a: Sylveon\n|-damage|p2a: Sylveon|70/100\n|\n|-weather|RainDance|[upkeep]\n|-heal|p2a: Sylveon|76/100|[from] item: Leftovers\n|-fieldend|move: Psychic Terrain\n|upkeep\n|turn|6\n|inactive|Time left: 300 sec this turn | 300 sec total\n|\n|t:|1783571870\n|switch|p1a: Swalot|Swalot, L90, F|326/326\n|move|p2a: Sylveon|Hyper Voice|p1a: Swalot\n|-resisted|p1a: Swalot\n|-damage|p1a: Swalot|263/326\n|\n|-weather|none\n|-heal|p2a: Sylveon|82/100|[from] item: Leftovers\n|-heal|p1a: Swalot|283/326|[from] item: Leftovers\n|upkeep\n|turn|7\n|inactive|Time left: 300 sec this turn | 300 sec total\n|\n|t:|1783571871\n|move|p2a: Sylveon|Calm Mind|p2a: Sylveon\n|-boost|p2a: Sylveon|spa|1\n|-boost|p2a: Sylveon|spd|1\n|move|p1a: Swalot|Toxic|p2a: Sylveon\n|-status|p2a: Sylveon|tox\n|\n|-heal|p2a: Sylveon|88/100 tox|[from] item: Leftovers\n|-heal|p1a: Swalot|303/326|[from] item: Leftovers\n|-damage|p2a: Sylveon|82/100 tox|[from] psn\n|upkeep\n|turn|8\n|inactive|Time left: 300 sec this turn | 300 sec total\n|\n|t:|1783571872\n|move|p2a: Sylveon|Wish|p2a: Sylveon\n|move|p1a: Swalot|Earthquake|p2a: Sylveon\n|-damage|p2a: Sylveon|55/100 tox\n|\n|-heal|p2a: Sylveon|61/100 tox|[from] item: Leftovers\n|-heal|p1a: Swalot|323/326|[from] item: Leftovers\n|-damage|p2a: Sylveon|49/100 tox|[from] psn\n|upkeep\n|turn|9\n|inactive|Time left: 300 sec this turn | 300 sec total\n|\n|t:|1783571873\n|move|p2a: Sylveon|Hyper Voice|p1a: Swalot\n|-resisted|p1a: Swalot\n|-damage|p1a: Swalot|224/326\n|move|p1a: Swalot|Earthquake|p2a: Sylveon\n|-damage|p2a: Sylveon|20/100 tox\n|\n|-heal|p2a: Sylveon|70/100 tox|[from] move: Wish|[wisher] Sylveon\n|-heal|p2a: Sylveon|76/100 tox|[from] item: Leftovers\n|-heal|p1a: Swalot|244/326|[from] item: Leftovers\n|-damage|p2a: Sylveon|58/100 tox|[from] psn\n|upkeep\n|turn|10\n|inactive|Time left: 300 sec this turn | 300 sec total\n|\n|t:|1783571875\n|switch|p2a: Rhydon|Rhydon, L85, M|85/100\n|move|p1a: Swalot|Sludge Bomb|p2a: Rhydon\n|-resisted|p2a: Rhydon\n|-damage|p2a: Rhydon|78/100\n|-status|p2a: Rhydon|psn\n|\n|-heal|p1a: Swalot|264/326|[from] item: Leftovers\n|-damage|p2a: Rhydon|65/100 psn|[from] psn\n|upkeep\n|turn|11\n|inactive|Time left: 300 sec this turn | 300 sec total\n|\n|t:|1783571876\n|move|p1a: Swalot|Protect|p1a: Swalot\n|-singleturn|p1a: Swalot|Protect\n|move|p2a: Rhydon|Earthquake|p1a: Swalot\n|-activate|p1a: Swalot|move: Protect\n|\n|-heal|p1a: Swalot|284/326|[from] item: Leftovers\n|-damage|p2a: Rhydon|53/100 psn|[from] psn\n|upkeep\n|turn|12\n|inactive|Time left: 300 sec this turn | 300 sec total\n|\n|t:|1783571877\n|switch|p1a: Vileplume|Vileplume, L85, M|266/266\n|move|p2a: Rhydon|Earthquake|p1a: Vileplume\n|-damage|p1a: Vileplume|121/266\n|\n|-heal|p1a: Vileplume|137/266|[from] item: Leftovers\n|-damage|p2a: Rhydon|41/100 psn|[from] psn\n|upkeep\n|turn|13\n|inactive|Time left: 300 sec this turn | 300 sec total\n|\n|t:|1783571878\n|move|p1a: Vileplume|Giga Drain|p2a: Rhydon\n|-supereffective|p2a: Rhydon\n|-damage|p2a: Rhydon|0 fnt\n|-heal|p1a: Vileplume|201/266|[from] drain|[of] p2a: Rhydon\n|faint|p2a: Rhydon\n|\n|-heal|p1a: Vileplume|217/266|[from] item: Leftovers\n|upkeep\n|\n|t:|1783571879\n|switch|p2a: Indeedee|Indeedee-F, L90, F|100/100\n|-fieldstart|move: Psychic Terrain|[from] ability: Psychic Surge|[of] p2a: Indeedee\n|turn|14\n|inactive|Time left: 300 sec this turn | 300 sec total\n|\n|t:|1783571880\n|-terastallize|p1a: Vileplume|Steel\n|move|p2a: Indeedee|Psyshock|p1a: Vileplume\n|-resisted|p1a: Vileplume\n|-damage|p1a: Vileplume|139/266\n|-damage|p2a: Indeedee|91/100|[from] item: Life Orb\n|move|p1a: Vileplume|Sludge Bomb|p2a: Indeedee\n|-damage|p2a: Indeedee|60/100\n|\n|-heal|p1a: Vileplume|155/266|[from] item: Leftovers\n|upkeep\n|turn|15\n|inactive|Time left: 300 sec this turn | 300 sec total\n|\n|t:|1783571881\n|move|p2a: Indeedee|Calm Mind|p2a: Indeedee\n|-boost|p2a: Indeedee|spa|1\n|-boost|p2a: Indeedee|spd|1\n|move|p1a: Vileplume|Strength Sap|p2a: Indeedee\n|-unboost|p2a: Indeedee|atk|1\n|-heal|p1a: Vileplume|259/266\n|\n|-heal|p1a: Vileplume|266/266|[from] item: Leftovers\n|upkeep\n|turn|16\n|inactive|Time left: 300 sec this turn | 300 sec total\n|\n|t:|1783571882\n|move|p2a: Indeedee|Calm Mind|p2a: Indeedee\n|-boost|p2a: Indeedee|spa|1\n|-boost|p2a: Indeedee|spd|1\n|move|p1a: Vileplume|Leech Seed|p2a: Indeedee\n|-start|p2a: Indeedee|move: Leech Seed\n|\n|-damage|p2a: Indeedee|47/100|[from] Leech Seed|[of] p1a: Vileplume\n|upkeep\n|turn|17\n|inactive|Time left: 300 sec this turn | 300 sec total\n|\n|t:|1783571883\n|move|p2a: Indeedee|Psyshock|p1a: Vileplume\n|-resisted|p1a: Vileplume\n|-damage|p1a: Vileplume|101/266\n|-damage|p2a: Indeedee|37/100|[from] item: Life Orb\n|move|p1a: Vileplume|Sludge Bomb|p2a: Indeedee\n|-damage|p2a: Indeedee|21/100\n|\n|-heal|p1a: Vileplume|117/266|[from] item: Leftovers\n|-damage|p2a: Indeedee|8/100|[from] Leech Seed|[of] p1a: Vileplume\n|-heal|p1a: Vileplume|151/266|[silent]\n|upkeep\n|turn|18\n|inactive|Time left: 300 sec this turn | 300 sec total\n|\n|t:|1783571884\n|move|p2a: Indeedee|Psyshock|p1a: Vileplume\n|-resisted|p1a: Vileplume\n|-damage|p1a: Vileplume|0 fnt\n|faint|p1a: Vileplume\n|-damage|p2a: Indeedee|0 fnt|[from] item: Life Orb\n|faint|p2a: Indeedee\n|\n|-fieldend|move: Psychic Terrain\n|upkeep\n|inactive|Time left: 300 sec this turn | 300 sec total | 5 sec grace\n|\n|t:|1783571885\n|switch|p2a: Sylveon|Sylveon, L85, M|58/100 tox\n|switch|p1a: Pelipper|Pelipper, L86, F|243/243\n|-weather|RainDance|[from] ability: Drizzle|[of] p1a: Pelipper\n|turn|19\n|inactive|Time left: 300 sec this turn | 300 sec total\n|\n|t:|1783571886\n|move|p1a: Pelipper|Surf|p2a: Sylveon\n|-damage|p2a: Sylveon|25/100 tox\n|move|p2a: Sylveon|Hyper Voice|p1a: Pelipper\n|-damage|p1a: Pelipper|101/243\n|\n|-weather|RainDance|[upkeep]\n|-heal|p2a: Sylveon|31/100 tox|[from] item: Leftovers\n|-damage|p2a: Sylveon|25/100 tox|[from] psn\n|upkeep\n|turn|20\n|inactive|Time left: 300 sec this turn | 300 sec total\n|\n|t:|1783571887\n|move|p1a: Pelipper|Roost|p1a: Pelipper\n|-heal|p1a: Pelipper|223/243\n|-singleturn|p1a: Pelipper|move: Roost\n|move|p2a: Sylveon|Hyper Voice|p1a: Pelipper\n|-damage|p1a: Pelipper|82/243\n|\n|-weather|RainDance|[upkeep]\n|-heal|p2a: Sylveon|31/100 tox|[from] item: Leftovers\n|-damage|p2a: Sylveon|19/100 tox|[from] psn\n|upkeep\n|turn|21\n|inactive|Time left: 300 sec this turn | 300 sec total\n|\n|t:|1783571888\n|move|p1a: Pelipper|Roost|p1a: Pelipper\n|-heal|p1a: Pelipper|204/243\n|-singleturn|p1a: Pelipper|move: Roost\n|move|p2a: Sylveon|Hyper Voice|p1a: Pelipper\n|-damage|p1a: Pelipper|57/243\n|\n|-weather|RainDance|[upkeep]\n|-heal|p2a: Sylveon|25/100 tox|[from] item: Leftovers\n|-damage|p2a: Sylveon|7/100 tox|[from] psn\n|upkeep\n|turn|22\n|inactive|Time left: 300 sec this turn | 300 sec total\n|\n|t:|1783571889\n|move|p1a: Pelipper|Roost|p1a: Pelipper\n|-heal|p1a: Pelipper|179/243\n|-singleturn|p1a: Pelipper|move: Roost\n|move|p2a: Sylveon|Hyper Voice|p1a: Pelipper\n|-damage|p1a: Pelipper|22/243\n|\n|-weather|RainDance|[upkeep]\n|-heal|p2a: Sylveon|13/100 tox|[from] item: Leftovers\n|-damage|p2a: Sylveon|0 fnt|[from] psn\n|faint|p2a: Sylveon\n|upkeep\n|\n|t:|1783571890\n|switch|p2a: Dialga|Dialga, L73|100/100\n|-ability|p2a: Dialga|Pressure\n|turn|23\n|inactive|Time left: 300 sec this turn | 300 sec total\n|\n|t:|1783571891\n|switch|p1a: Swalot|Swalot, L90, F|284/326\n|move|p2a: Dialga|Heavy Slam|p1a: Swalot\n|-damage|p1a: Swalot|164/326\n|\n|-weather|none\n|-heal|p1a: Swalot|184/326|[from] item: Leftovers\n|upkeep\n|turn|24\n|inactive|Time left: 300 sec this turn | 300 sec total\n|\n|t:|1783571892\n|move|p1a: Swalot|Protect|p1a: Swalot\n|-singleturn|p1a: Swalot|Protect\n|move|p2a: Dialga|Heavy Slam|p1a: Swalot\n|-activate|p1a: Swalot|move: Protect\n|\n|-heal|p1a: Swalot|204/326|[from] item: Leftovers\n|upkeep\n|turn|25\n|inactive|Time left: 300 sec this turn | 300 sec total\n|\n|t:|1783571893\n|move|p2a: Dialga|Heavy Slam|p1a: Swalot\n|-damage|p1a: Swalot|83/326\n|move|p1a: Swalot|Earthquake|p2a: Dialga\n|-supereffective|p2a: Dialga\n|-damage|p2a: Dialga|53/100\n|\n|-heal|p1a: Swalot|103/326|[from] item: Leftovers\n|upkeep\n|turn|26\n|inactive|Time left: 300 sec this turn | 300 sec total\n|\n|t:|1783571894\n|move|p1a: Swalot|Protect|p1a: Swalot\n|-singleturn|p1a: Swalot|Protect\n|move|p2a: Dialga|Heavy Slam|p1a: Swalot\n|-activate|p1a: Swalot|move: Protect\n|\n|-heal|p1a: Swalot|123/326|[from] item: Leftovers\n|upkeep\n|turn|27\n|inactive|Time left: 300 sec this turn | 300 sec total\n|\n|t:|1783571894\n|move|p2a: Dialga|Draco Meteor|p1a: Swalot\n|-damage|p1a: Swalot|0 fnt\n|-unboost|p2a: Dialga|spa|2\n|faint|p1a: Swalot\n|\n|upkeep\n|inactive|Time left: 300 sec this turn | 300 sec total | 5 sec grace\n|\n|t:|1783571895\n|switch|p1a: Chien-Pao|Chien-Pao, L72|234/234\n|-ability|p1a: Chien-Pao|Sword of Ruin\n|turn|28\n|inactive|Time left: 300 sec this turn | 300 sec total\n|\n|t:|1783571895\n|move|p1a: Chien-Pao|Icicle Crash|p2a: Dialga|[miss]\n|-miss|p1a: Chien-Pao|p2a: Dialga\n|move|p2a: Dialga|Heavy Slam|p1a: Chien-Pao\n|-supereffective|p1a: Chien-Pao\n|-damage|p1a: Chien-Pao|0 fnt\n|faint|p1a: Chien-Pao\n|\n|upkeep\n|inactive|Time left: 300 sec this turn | 300 sec total | 5 sec grace\n|\n|t:|1783571896\n|switch|p1a: Pelipper|Pelipper, L86, F|22/243\n|-weather|RainDance|[from] ability: Drizzle|[of] p1a: Pelipper\n|turn|29\n|inactive|Time left: 300 sec this turn | 300 sec total\n|\n|t:|1783571897\n|move|p2a: Dialga|Heavy Slam|p1a: Pelipper\n|-resisted|p1a: Pelipper\n|-damage|p1a: Pelipper|0 fnt\n|faint|p1a: Pelipper\n|\n|-weather|RainDance|[upkeep]\n|upkeep\n|inactive|Time left: 300 sec this turn | 300 sec total | 5 sec grace\n|\n|t:|1783571897\n|switch|p1a: Cryogonal|Cryogonal, L89|287/287\n|turn|30\n|inactive|Time left: 300 sec this turn | 300 sec total\n|\n|t:|1783571898\n|move|p1a: Cryogonal|Freeze-Dry|p2a: Dialga\n|-damage|p2a: Dialga|31/100\n|move|p2a: Dialga|Heavy Slam|p1a: Cryogonal\n|-supereffective|p1a: Cryogonal\n|-damage|p1a: Cryogonal|35/287\n|\n|-weather|RainDance|[upkeep]\n|upkeep\n|turn|31\n|inactive|Time left: 300 sec this turn | 300 sec total\n|\n|t:|1783571899\n|move|p1a: Cryogonal|Freeze-Dry|p2a: Dialga\n|-damage|p2a: Dialga|11/100\n|move|p2a: Dialga|Heavy Slam|p1a: Cryogonal\n|-supereffective|p1a: Cryogonal\n|-damage|p1a: Cryogonal|0 fnt\n|faint|p1a: Cryogonal\n|\n|win|p0y27651817", "uploadtime": 1783571899, "views": 0, "rating": 0, "private": 0, "password": null, "_winner": "p0y27651817", "_our_name": "p0x2765e925"}