{"id": "battle-gen9randombattle-2708", "formatid": "gen9randombattle", "format": "[Gen 9] Random Battle", "players": ["p0x2708d8f6", "p0y270859bd"], "log": "|init|battle\n|title|p0x2708d8f6 vs. p0y270859bd\n|j|\u2606p0x2708d8f6\n|j|\u2606p0y270859bd\n|t:|1783571224\n|gametype|singles\n|player|p1|p0x2708d8f6|266|\n|player|p2|p0y270859bd|1|\n|gen|9\n|tier|[Gen 9] Random Battle\n|rule|Species Clause: Limit one of each Pok\u00e9mon\n|rule|HP Percentage Mod: HP is shown in percentages\n|rule|Sleep Clause Mod: Limit one foe put to sleep\n|rule|Illusion Level Mod: Illusion disguises the Pok\u00e9mon's true level\n|\n|t:|1783571224\n|teamsize|p1|6\n|teamsize|p2|6\n|start\n|switch|p1a: Palkia|Palkia, L75|259/259\n|switch|p2a: Forretress|Forretress, L84, M|100/100\n|-ability|p1a: Palkia|Pressure\n|turn|1\n|inactive|Battle timer is ON: inactive players will automatically lose when time's up. (requested by p0y270859bd)\n|inactive|Time left: 300 sec this turn | 300 sec total | 60 sec grace\n|inactive|p0x2708d8f6 also wants the timer to be on.\n|\n|t:|1783571225\n|move|p1a: Palkia|Hydro Pump|p2a: Forretress\n|-damage|p2a: Forretress|16/100\n|move|p2a: Forretress|Stealth Rock|p1a: Palkia\n|-sidestart|p1: p0x2708d8f6|move: Stealth Rock\n|\n|-heal|p2a: Forretress|22/100|[from] item: Leftovers\n|upkeep\n|turn|2\n|inactive|Time left: 300 sec this turn | 300 sec total\n|\n|t:|1783571226\n|move|p1a: Palkia|Hydro Pump|p2a: Forretress\n|-damage|p2a: Forretress|0 fnt\n|faint|p2a: Forretress\n|\n|upkeep\n|\n|t:|1783571227\n|switch|p2a: Komala|Komala, L87, M|100/100\n|-ability|p2a: Komala|Comatose\n|turn|3\n|inactive|Time left: 300 sec this turn | 300 sec total\n|\n|t:|1783571228\n|switch|p1a: Granbull|Granbull, L88, M|302/302\n|-damage|p1a: Granbull|265/302|[from] Stealth Rock\n|-ability|p1a: Granbull|Intimidate|boost\n|-unboost|p2a: Komala|atk|1\n|move|p2a: Komala|Body Slam|p1a: Granbull\n|-damage|p1a: Granbull|148/302\n|-status|p1a: Granbull|par\n|\n|-heal|p1a: Granbull|166/302 par|[from] item: Leftovers\n|upkeep\n|turn|4\n|inactive|Time left: 300 sec this turn | 300 sec total\n|\n|t:|1783571228\n|move|p2a: Komala|Body Slam|p1a: Granbull\n|-damage|p1a: Granbull|58/302 par\n|move|p1a: Granbull|Play Rough|p2a: Komala\n|-damage|p2a: Komala|42/100\n|\n|-heal|p1a: Granbull|76/302 par|[from] item: Leftovers\n|upkeep\n|turn|5\n|inactive|Time left: 300 sec this turn | 300 sec total\n|\n|t:|1783571229\n|move|p2a: Komala|Body Slam|p1a: Granbull\n|-damage|p1a: Granbull|0 fnt\n|faint|p1a: Granbull\n|\n|upkeep\n|inactive|Time left: 300 sec this turn | 300 sec total | 5 sec grace\n|\n|t:|1783571230\n|switch|p1a: Veluza|Veluza, L85, F|292/292\n|-damage|p1a: Veluza|256/292|[from] Stealth Rock\n|turn|6\n|inactive|Time left: 300 sec this turn | 300 sec total\n|\n|t:|1783571231\n|switch|p2a: Golem|Golem-Alola, L93, F|100/100\n|move|p1a: Veluza|Psycho Cut|p2a: Golem\n|-damage|p2a: Golem|63/100\n|\n|upkeep\n|turn|7\n|inactive|Time left: 300 sec this turn | 300 sec total\n|\n|t:|1783571232\n|move|p1a: Veluza|Psycho Cut|p2a: Golem\n|-damage|p2a: Golem|25/100\n|move|p2a: Golem|Stone Edge|p1a: Veluza\n|-damage|p1a: Veluza|15/292\n|\n|upkeep\n|turn|8\n|inactive|Time left: 300 sec this turn | 300 sec total\n|\n|t:|1783571233\n|move|p1a: Veluza|Psycho Cut|p2a: Golem\n|-damage|p2a: Golem|0 fnt\n|faint|p2a: Golem\n|\n|upkeep\n|\n|t:|1783571234\n|switch|p2a: Flareon|Flareon, L90, F|100/100\n|turn|9\n|inactive|Time left: 300 sec this turn | 300 sec total\n|\n|t:|1783571235\n|move|p2a: Flareon|Quick Attack|p1a: Veluza\n|-damage|p1a: Veluza|0 fnt\n|faint|p1a: Veluza\n|\n|-status|p2a: Flareon|tox|[from] item: Toxic Orb\n|upkeep\n|inactive|Time left: 300 sec this turn | 300 sec total | 5 sec grace\n|\n|t:|1783571236\n|switch|p1a: Duraludon|Duraludon, L82, F|249/249\n|-damage|p1a: Duraludon|234/249|[from] Stealth Rock\n|turn|10\n|inactive|Time left: 300 sec this turn | 300 sec total\n|\n|t:|1783571236\n|move|p1a: Duraludon|Body Press|p2a: Flareon\n|-damage|p2a: Flareon|72/100 tox\n|move|p2a: Flareon|Flare Blitz|p1a: Duraludon\n|-damage|p1a: Duraludon|80/249\n|-damage|p2a: Flareon|53/100 tox|[from] Recoil\n|\n|-damage|p2a: Flareon|47/100 tox|[from] psn\n|upkeep\n|turn|11\n|inactive|Time left: 300 sec this turn | 300 sec total\n|\n|t:|1783571237\n|switch|p2a: Phione|Phione, L91|100/100\n|move|p1a: Duraludon|Body Press|p2a: Phione\n|-damage|p2a: Phione|79/100\n|\n|-heal|p2a: Phione|85/100|[from] item: Leftovers\n|upkeep\n|turn|12\n|inactive|Time left: 300 sec this turn | 300 sec total\n|\n|t:|1783571238\n|move|p2a: Phione|Scald|p1a: Duraludon\n|-resisted|p1a: Duraludon\n|-damage|p1a: Duraludon|39/249\n|move|p1a: Duraludon|Stealth Rock|p2a: Phione\n|-sidestart|p2: p0y270859bd|move: Stealth Rock\n|\n|-heal|p2a: Phione|91/100|[from] item: Leftovers\n|upkeep\n|turn|13\n|inactive|Time left: 300 sec this turn | 300 sec total\n|\n|t:|1783571239\n|switch|p1a: Sunflora|Sunflora, F|312/312\n|-damage|p1a: Sunflora|273/312|[from] Stealth Rock\n|move|p2a: Phione|Scald|p1a: Sunflora\n|-resisted|p1a: Sunflora\n|-damage|p1a: Sunflora|237/312\n|\n|-heal|p2a: Phione|97/100|[from] item: Leftovers\n|upkeep\n|turn|14\n|inactive|Time left: 300 sec this turn | 300 sec total\n|\n|t:|1783571240\n|switch|p2a: Delibird|Delibird, F|100/100\n|move|p1a: Sunflora|Solar Beam||[still]\n|-prepare|p1a: Sunflora|Solar Beam\n|\n|upkeep\n|turn|15\n|inactive|Time left: 300 sec this turn | 300 sec total\n|\n|t:|1783571241\n|move|p2a: Delibird|Brave Bird|p1a: Sunflora\n|-supereffective|p1a: Sunflora\n|-damage|p1a: Sunflora|0 fnt\n|faint|p1a: Sunflora\n|-damage|p2a: Delibird|70/100|[from] Recoil\n|\n|upkeep\n|inactive|Time left: 300 sec this turn | 300 sec total | 5 sec grace\n|\n|t:|1783571242\n|switch|p1a: Palkia|Palkia, L75|259/259\n|-damage|p1a: Palkia|227/259|[from] Stealth Rock\n|-ability|p1a: Palkia|Pressure\n|turn|16\n|inactive|Time left: 300 sec this turn | 300 sec total\n|\n|t:|1783571243\n|move|p2a: Delibird|Freeze-Dry|p1a: Palkia\n|-supereffective|p1a: Palkia\n|-damage|p1a: Palkia|0 fnt\n|faint|p1a: Palkia\n|\n|upkeep\n|inactive|Time left: 300 sec this turn | 300 sec total | 5 sec grace\n|\n|t:|1783571244\n|switch|p1a: Dudunsparce|Dudunsparce, L83, M|343/343\n|-damage|p1a: Dudunsparce|301/343|[from] Stealth Rock\n|turn|17\n|inactive|Time left: 300 sec this turn | 300 sec total\n|\n|t:|1783571245\n|move|p2a: Delibird|Rapid Spin|p1a: Dudunsparce\n|-damage|p1a: Dudunsparce|267/343\n|-boost|p2a: Delibird|spe|1\n|-sideend|p2: p0y270859bd|Stealth Rock|[from] move: Rapid Spin|[of] p2a: Delibird\n|move|p1a: Dudunsparce|Headbutt|p2a: Delibird\n|-damage|p2a: Delibird|28/100\n|\n|-heal|p1a: Dudunsparce|288/343|[from] item: Leftovers\n|upkeep\n|turn|18\n|inactive|Time left: 300 sec this turn | 300 sec total\n|\n|t:|1783571246\n|move|p2a: Delibird|Freeze-Dry|p1a: Dudunsparce\n|-damage|p1a: Dudunsparce|194/343\n|move|p1a: Dudunsparce|Headbutt|p2a: Delibird\n|-damage|p2a: Delibird|0 fnt\n|faint|p2a: Delibird\n|\n|-heal|p1a: Dudunsparce|215/343|[from] item: Leftovers\n|upkeep\n|\n|t:|1783571247\n|switch|p2a: Flareon|Flareon, L90, F|47/100 tox\n|turn|19\n|inactive|Time left: 300 sec this turn | 300 sec total\n|\n|t:|1783571248\n|-terastallize|p2a: Flareon|Normal\n|move|p2a: Flareon|Facade|p1a: Dudunsparce\n|-damage|p1a: Dudunsparce|0 fnt\n|faint|p1a: Dudunsparce\n|\n|-damage|p2a: Flareon|40/100 tox|[from] psn\n|upkeep\n|inactive|Time left: 300 sec this turn | 300 sec total | 5 sec grace\n|\n|t:|1783571249\n|switch|p1a: Duraludon|Duraludon, L82, F|39/249\n|-damage|p1a: Duraludon|24/249|[from] Stealth Rock\n|turn|20\n|inactive|Time left: 300 sec this turn | 300 sec total\n|\n|t:|1783571250\n|move|p2a: Flareon|Quick Attack|p1a: Duraludon\n|-resisted|p1a: Duraludon\n|-damage|p1a: Duraludon|0 fnt\n|faint|p1a: Duraludon\n|\n|win|p0y270859bd", "uploadtime": 1783571250, "views": 0, "rating": 0, "private": 0, "password": null, "_winner": "p0y270859bd", "_our_name": "p0x2708d8f6"}