{"id": "battle-gen9randombattle-2045", "formatid": "gen9randombattle", "format": "[Gen 9] Random Battle", "players": ["p0x2045a226", "p0y2045424a"], "log": "|init|battle\n|title|p0x2045a226 vs. p0y2045424a\n|j|\u2606p0x2045a226\n|j|\u2606p0y2045424a\n|t:|1783562909\n|gametype|singles\n|player|p1|p0x2045a226|265|\n|player|p2|p0y2045424a|169|\n|gen|9\n|tier|[Gen 9] Random Battle\n|rule|Species Clause: Limit one of each Pok\u00e9mon\n|rule|HP Percentage Mod: HP is shown in percentages\n|rule|Sleep Clause Mod: Limit one foe put to sleep\n|rule|Illusion Level Mod: Illusion disguises the Pok\u00e9mon's true level\n|\n|t:|1783562909\n|teamsize|p1|6\n|teamsize|p2|6\n|start\n|switch|p1a: Sawsbuck|Sawsbuck, L88, F|100/100\n|switch|p2a: Kilowattrel|Kilowattrel, L83, M|252/252\n|turn|1\n|inactive|Battle timer is ON: inactive players will automatically lose when time's up. (requested by p0y2045424a)\n|inactive|p0x2045a226 also wants the timer to be on.\n|\n|t:|1783562911\n|move|p2a: Kilowattrel|Hurricane|p1a: Sawsbuck\n|-supereffective|p1a: Sawsbuck\n|-damage|p1a: Sawsbuck|0 fnt\n|faint|p1a: Sawsbuck\n|\n|upkeep\n|\n|t:|1783562912\n|switch|p1a: Brambleghast|Brambleghast, L88, F|100/100\n|turn|2\n|inactive|Time left: 300 sec this turn | 300 sec total\n|\n|t:|1783562913\n|switch|p2a: Gogoat|Gogoat, L88, M|360/360\n|move|p1a: Brambleghast|Power Whip|p2a: Gogoat\n|-ability|p2a: Gogoat|Sap Sipper|boost\n|-boost|p2a: Gogoat|atk|1\n|\n|upkeep\n|turn|3\n|inactive|Time left: 300 sec this turn | 300 sec total\n|\n|t:|1783562914\n|move|p1a: Brambleghast|Spikes|p2a: Gogoat\n|-sidestart|p2: p0y2045424a|Spikes\n|move|p2a: Gogoat|Bulk Up|p2a: Gogoat\n|-boost|p2a: Gogoat|atk|1\n|-boost|p2a: Gogoat|def|1\n|\n|upkeep\n|turn|4\n|inactive|Time left: 300 sec this turn | 300 sec total\n|\n|t:|1783562916\n|move|p1a: Brambleghast|Spikes|p2a: Gogoat\n|-sidestart|p2: p0y2045424a|Spikes\n|move|p2a: Gogoat|Horn Leech|p1a: Brambleghast\n|-resisted|p1a: Brambleghast\n|-damage|p1a: Brambleghast|61/100\n|\n|-heal|p1a: Brambleghast|67/100|[from] item: Leftovers\n|upkeep\n|turn|5\n|inactive|Time left: 300 sec this turn | 300 sec total\n|\n|t:|1783562917\n|move|p1a: Brambleghast|Spikes|p2a: Gogoat\n|-sidestart|p2: p0y2045424a|Spikes\n|move|p2a: Gogoat|Horn Leech|p1a: Brambleghast\n|-resisted|p1a: Brambleghast\n|-damage|p1a: Brambleghast|26/100\n|\n|-heal|p1a: Brambleghast|32/100|[from] item: Leftovers\n|upkeep\n|turn|6\n|inactive|Time left: 300 sec this turn | 300 sec total\n|\n|t:|1783562918\n|move|p1a: Brambleghast|Poltergeist|p2a: Gogoat\n|-activate|p2a: Gogoat|move: Poltergeist|Leftovers\n|-damage|p2a: Gogoat|237/360\n|move|p2a: Gogoat|Earthquake|p1a: Brambleghast\n|-resisted|p1a: Brambleghast\n|-damage|p1a: Brambleghast|0 fnt\n|faint|p1a: Brambleghast\n|\n|-heal|p2a: Gogoat|259/360|[from] item: Leftovers\n|upkeep\n|\n|t:|1783562918\n|switch|p1a: Magmortar|Magmortar, L88, M|100/100\n|turn|7\n|inactive|Time left: 300 sec this turn | 300 sec total\n|\n|t:|1783562920\n|-terastallize|p2a: Gogoat|Ground\n|move|p1a: Magmortar|Fire Blast|p2a: Gogoat\n|-damage|p2a: Gogoat|106/360\n|move|p2a: Gogoat|Earthquake|p1a: Magmortar\n|-supereffective|p1a: Magmortar\n|-damage|p1a: Magmortar|0 fnt\n|faint|p1a: Magmortar\n|\n|-heal|p2a: Gogoat|128/360|[from] item: Leftovers\n|upkeep\n|\n|t:|1783562920\n|switch|p1a: Hitmonchan|Hitmonchan, L87, M|100/100\n|turn|8\n|inactive|Time left: 300 sec this turn | 300 sec total\n|\n|t:|1783562921\n|-terastallize|p1a: Hitmonchan|Fighting\n|move|p1a: Hitmonchan|Drain Punch|p2a: Gogoat\n|-damage|p2a: Gogoat|0 fnt\n|faint|p2a: Gogoat\n|-damage|p1a: Hitmonchan|91/100|[from] item: Life Orb\n|\n|upkeep\n|inactive|Time left: 300 sec this turn | 300 sec total | 5 sec grace\n|\n|t:|1783562922\n|switch|p2a: Charizard|Charizard, L85, M|271/271\n|turn|9\n|inactive|Time left: 300 sec this turn | 300 sec total\n|\n|t:|1783562923\n|switch|p1a: Regieleki|Regieleki, L79|100/100\n|move|p2a: Charizard|Hurricane|p1a: Regieleki|[miss]\n|-miss|p2a: Charizard|p1a: Regieleki\n|\n|upkeep\n|turn|10\n|inactive|Time left: 300 sec this turn | 300 sec total\n|\n|t:|1783562924\n|switch|p2a: Kilowattrel|Kilowattrel, L83, M|252/252\n|move|p1a: Regieleki|Thunderbolt|p2a: Kilowattrel\n|-immune|p2a: Kilowattrel|[from] ability: Volt Absorb\n|\n|upkeep\n|turn|11\n|inactive|Time left: 300 sec this turn | 300 sec total\n|\n|t:|1783562925\n|move|p1a: Regieleki|Rapid Spin|p2a: Kilowattrel\n|-damage|p2a: Kilowattrel|209/252\n|-boost|p1a: Regieleki|spe|1\n|move|p2a: Kilowattrel|Hurricane|p1a: Regieleki\n|-resisted|p1a: Regieleki\n|-damage|p1a: Regieleki|62/100\n|-start|p1a: Regieleki|confusion\n|\n|upkeep\n|turn|12\n|inactive|Time left: 300 sec this turn | 300 sec total\n|\n|t:|1783562926\n|-activate|p1a: Regieleki|confusion\n|move|p1a: Regieleki|Explosion|p2a: Kilowattrel\n|-damage|p2a: Kilowattrel|0 fnt\n|faint|p1a: Regieleki\n|faint|p2a: Kilowattrel\n|\n|upkeep\n|inactive|Time left: 300 sec this turn | 300 sec total | 5 sec grace\n|\n|t:|1783562927\n|switch|p1a: Swanna|Swanna, L89, M|100/100\n|switch|p2a: Calyrex|Calyrex-Shadow, L64|235/235\n|-ability|p2a: Calyrex|As One\n|-ability|p2a: Calyrex|Unnerve\n|-damage|p2a: Calyrex|177/235|[from] Spikes\n|turn|13\n|inactive|Time left: 300 sec this turn | 300 sec total\n|\n|t:|1783562928\n|move|p2a: Calyrex|Astral Barrage|p1a: Swanna\n|-damage|p1a: Swanna|21/100\n|move|p1a: Swanna|Brave Bird|p2a: Calyrex\n|-damage|p2a: Calyrex|0 fnt\n|faint|p2a: Calyrex\n|-damage|p1a: Swanna|0 fnt|[from] Recoil\n|faint|p1a: Swanna\n|\n|upkeep\n|inactive|Time left: 300 sec this turn | 300 sec total | 5 sec grace\n|\n|t:|1783562929\n|switch|p2a: Charizard|Charizard, L85, M|271/271\n|switch|p1a: Hitmonchan|Hitmonchan, L87, M, tera:Fighting|91/100\n|turn|14\n|inactive|Time left: 300 sec this turn | 300 sec total\n|\n|t:|1783562930\n|move|p2a: Charizard|Hurricane|p1a: Hitmonchan\n|-supereffective|p1a: Hitmonchan\n|-damage|p1a: Hitmonchan|0 fnt\n|faint|p1a: Hitmonchan\n|\n|win|p0y2045424a", "uploadtime": 1783562930, "views": 0, "rating": 0, "private": 0, "password": null, "_winner": "p0y2045424a", "_our_name": "p0y2045424a"}