{"id": "battle-gen9randombattle-251", "formatid": "gen9randombattle", "format": "[Gen 9] Random Battle", "players": ["p0x251bab1", "p0y251dc27"], "log": "|init|battle\n|title|p0x251bab1 vs. p0y251dc27\n|j|\u2606p0x251bab1\n|j|\u2606p0y251dc27\n|t:|1783536178\n|gametype|singles\n|player|p1|p0x251bab1|2|\n|player|p2|p0y251dc27|170|\n|gen|9\n|tier|[Gen 9] Random Battle\n|rule|Species Clause: Limit one of each Pok\u00e9mon\n|rule|HP Percentage Mod: HP is shown in percentages\n|rule|Sleep Clause Mod: Limit one foe put to sleep\n|rule|Illusion Level Mod: Illusion disguises the Pok\u00e9mon's true level\n|\n|t:|1783536178\n|teamsize|p1|6\n|teamsize|p2|6\n|start\n|switch|p1a: Persian|Persian, L92, F|100/100\n|switch|p2a: Rotom|Rotom-Heat, L83|219/219\n|turn|1\n|inactive|Battle timer is ON: inactive players will automatically lose when time's up. (requested by p0x251bab1)\n|inactive|Time left: 300 sec this turn | 300 sec total | 60 sec grace\n|inactive|p0y251dc27 also wants the timer to be on.\n|\n|t:|1783536180\n|switch|p1a: Conkeldurr|Conkeldurr, L80, M|100/100\n|move|p2a: Rotom|Volt Switch|p1a: Conkeldurr\n|-damage|p1a: Conkeldurr|66/100\n|inactive|Time left: 300 sec this turn | 300 sec total | 65 sec grace\n|\n|t:|1783536181\n|switch|p2a: Abomasnow|Abomasnow, L84, F|287/287|[from] Volt Switch\n|-weather|Snowscape|[from] ability: Snow Warning|[of] p2a: Abomasnow\n|\n|-weather|Snowscape|[upkeep]\n|-status|p1a: Conkeldurr|brn|[from] item: Flame Orb\n|upkeep\n|turn|2\n|inactive|Time left: 300 sec this turn | 300 sec total\n|\n|t:|1783536183\n|move|p2a: Abomasnow|Aurora Veil|p2a: Abomasnow\n|-sidestart|p2: p0y251dc27|move: Aurora Veil\n|move|p1a: Conkeldurr|Close Combat|p2a: Abomasnow\n|-supereffective|p2a: Abomasnow\n|-damage|p2a: Abomasnow|107/287\n|-unboost|p1a: Conkeldurr|def|1\n|-unboost|p1a: Conkeldurr|spd|1\n|\n|-weather|Snowscape|[upkeep]\n|-damage|p1a: Conkeldurr|60/100 brn|[from] brn\n|upkeep\n|turn|3\n|inactive|Time left: 300 sec this turn | 300 sec total\n|\n|t:|1783536184\n|switch|p1a: Rotom|Rotom-Heat, L83|100/100\n|move|p2a: Abomasnow|Blizzard|p1a: Rotom\n|-resisted|p1a: Rotom\n|-damage|p1a: Rotom|77/100\n|\n|-weather|Snowscape|[upkeep]\n|upkeep\n|turn|4\n|inactive|Time left: 300 sec this turn | 300 sec total\n|\n|t:|1783536185\n|switch|p2a: Alcremie|Alcremie-Salted-Cream, L90, F|263/263\n|move|p1a: Rotom|Nasty Plot|p1a: Rotom\n|-boost|p1a: Rotom|spa|2\n|\n|-weather|Snowscape|[upkeep]\n|upkeep\n|turn|5\n|inactive|Time left: 300 sec this turn | 300 sec total\n|\n|t:|1783536186\n|move|p1a: Rotom|Pain Split|p2a: Alcremie\n|-sethp|p2a: Alcremie|215/263|[from] move: Pain Split|[silent]\n|-sethp|p1a: Rotom|99/100|[from] move: Pain Split\n|move|p2a: Alcremie|Calm Mind|p2a: Alcremie\n|-boost|p2a: Alcremie|spa|1\n|-boost|p2a: Alcremie|spd|1\n|\n|-weather|none\n|-heal|p2a: Alcremie|231/263|[from] item: Leftovers\n|upkeep\n|turn|6\n|inactive|Time left: 300 sec this turn | 300 sec total\n|\n|t:|1783536187\n|move|p1a: Rotom|Nasty Plot|p1a: Rotom\n|-boost|p1a: Rotom|spa|2\n|move|p2a: Alcremie|Calm Mind|p2a: Alcremie\n|-boost|p2a: Alcremie|spa|1\n|-boost|p2a: Alcremie|spd|1\n|\n|-heal|p2a: Alcremie|247/263|[from] item: Leftovers\n|upkeep\n|turn|7\n|inactive|Time left: 300 sec this turn | 300 sec total\n|\n|t:|1783536188\n|move|p1a: Rotom|Thunderbolt|p2a: Alcremie\n|-damage|p2a: Alcremie|193/263\n|-status|p2a: Alcremie|par\n|move|p2a: Alcremie|Tera Blast|p1a: Rotom\n|-damage|p1a: Rotom|38/100\n|\n|-heal|p2a: Alcremie|209/263 par|[from] item: Leftovers\n|upkeep\n|turn|8\n|inactive|Time left: 300 sec this turn | 300 sec total\n|\n|t:|1783536190\n|move|p1a: Rotom|Pain Split|p2a: Alcremie\n|-sethp|p2a: Alcremie|145/263 par|[from] move: Pain Split|[silent]\n|-sethp|p1a: Rotom|67/100|[from] move: Pain Split\n|move|p2a: Alcremie|Tera Blast|p1a: Rotom\n|-damage|p1a: Rotom|14/100\n|\n|-heal|p2a: Alcremie|161/263 par|[from] item: Leftovers\n|upkeep\n|turn|9\n|inactive|Time left: 300 sec this turn | 300 sec total\n|\n|t:|1783536191\n|move|p1a: Rotom|Pain Split|p2a: Alcremie\n|-sethp|p2a: Alcremie|95/263 par|[from] move: Pain Split|[silent]\n|-sethp|p1a: Rotom|44/100|[from] move: Pain Split\n|move|p2a: Alcremie|Tera Blast|p1a: Rotom\n|-damage|p1a: Rotom|0 fnt\n|faint|p1a: Rotom\n|\n|-heal|p2a: Alcremie|111/263 par|[from] item: Leftovers\n|-sideend|p2: p0y251dc27|move: Aurora Veil\n|upkeep\n|\n|t:|1783536192\n|switch|p1a: Komala|Komala, L87, F|100/100\n|-ability|p1a: Komala|Comatose\n|turn|10\n|inactive|Time left: 300 sec this turn | 300 sec total\n|\n|t:|1783536193\n|move|p1a: Komala|Body Slam|p2a: Alcremie\n|-damage|p2a: Alcremie|0 fnt\n|faint|p2a: Alcremie\n|\n|upkeep\n|inactive|Time left: 300 sec this turn | 300 sec total | 5 sec grace\n|\n|t:|1783536194\n|switch|p2a: Abomasnow|Abomasnow, L84, F|107/287\n|-weather|Snowscape|[from] ability: Snow Warning|[of] p2a: Abomasnow\n|turn|11\n|inactive|Time left: 300 sec this turn | 300 sec total\n|\n|t:|1783536195\n|move|p1a: Komala|Body Slam|p2a: Abomasnow\n|-damage|p2a: Abomasnow|26/287\n|-status|p2a: Abomasnow|par\n|move|p2a: Abomasnow|Aurora Veil|p2a: Abomasnow\n|-sidestart|p2: p0y251dc27|move: Aurora Veil\n|\n|-weather|Snowscape|[upkeep]\n|upkeep\n|turn|12\n|inactive|Time left: 300 sec this turn | 300 sec total\n|\n|t:|1783536196\n|switch|p2a: Chesnaught|Chesnaught, L84, M|285/285\n|move|p1a: Komala|Body Slam|p2a: Chesnaught\n|-damage|p2a: Chesnaught|242/285\n|-damage|p1a: Komala|84/100|[from] item: Rocky Helmet|[of] p2a: Chesnaught\n|\n|-weather|Snowscape|[upkeep]\n|upkeep\n|turn|13\n|inactive|Time left: 300 sec this turn | 300 sec total\n|\n|t:|1783536197\n|switch|p1a: Palossand|Palossand, L89, M|100/100\n|move|p2a: Chesnaught|Body Press|p1a: Palossand\n|-immune|p1a: Palossand\n|\n|-weather|Snowscape|[upkeep]\n|upkeep\n|turn|14\n|inactive|Time left: 300 sec this turn | 300 sec total\n|\n|t:|1783536198\n|move|p2a: Chesnaught|Spikes|p1a: Palossand\n|-sidestart|p1: p0x251bab1|Spikes\n|move|p1a: Palossand|Shore Up|p1a: Palossand\n|-fail|p1a: Palossand|heal\n|\n|-weather|Snowscape|[upkeep]\n|upkeep\n|turn|15\n|inactive|Time left: 300 sec this turn | 300 sec total\n|\n|t:|1783536199\n|move|p2a: Chesnaught|Wood Hammer|p1a: Palossand\n|-supereffective|p1a: Palossand\n|-damage|p1a: Palossand|29/100\n|-damage|p2a: Chesnaught|172/285|[from] Recoil\n|move|p1a: Palossand|Shore Up|p1a: Palossand\n|-heal|p1a: Palossand|79/100\n|\n|-weather|none\n|-heal|p1a: Palossand|85/100|[from] item: Leftovers\n|upkeep\n|turn|16\n|inactive|Time left: 300 sec this turn | 300 sec total\n|\n|t:|1783536200\n|move|p2a: Chesnaught|Wood Hammer|p1a: Palossand\n|-supereffective|p1a: Palossand\n|-crit|p1a: Palossand\n|-damage|p1a: Palossand|0 fnt\n|faint|p1a: Palossand\n|-damage|p2a: Chesnaught|89/285|[from] Recoil\n|\n|upkeep\n|\n|t:|1783536201\n|switch|p1a: Clawitzer|Clawitzer, L87, F|100/100\n|-damage|p1a: Clawitzer|88/100|[from] Spikes\n|turn|17\n|inactive|Time left: 300 sec this turn | 300 sec total\n|\n|t:|1783536202\n|-terastallize|p1a: Clawitzer|Dragon\n|move|p2a: Chesnaught|Wood Hammer|p1a: Clawitzer\n|-resisted|p1a: Clawitzer\n|-damage|p1a: Clawitzer|65/100\n|-damage|p2a: Chesnaught|69/285|[from] Recoil\n|move|p1a: Clawitzer|Dragon Pulse|p2a: Chesnaught\n|-damage|p2a: Chesnaught|0 fnt\n|faint|p2a: Chesnaught\n|\n|upkeep\n|inactive|Time left: 300 sec this turn | 300 sec total | 5 sec grace\n|\n|t:|1783536203\n|switch|p2a: Minun|Minun, L95, M|268/268\n|turn|18\n|inactive|Time left: 300 sec this turn | 300 sec total\n|\n|t:|1783536204\n|move|p2a: Minun|Nasty Plot|p2a: Minun\n|-boost|p2a: Minun|spa|2\n|move|p1a: Clawitzer|Dragon Pulse|p2a: Minun\n|-damage|p2a: Minun|193/268\n|\n|-sideend|p2: p0y251dc27|move: Aurora Veil\n|upkeep\n|turn|19\n|inactive|Time left: 300 sec this turn | 300 sec total\n|\n|t:|1783536205\n|move|p2a: Minun|Alluring Voice|p1a: Clawitzer\n|-supereffective|p1a: Clawitzer\n|-damage|p1a: Clawitzer|0 fnt\n|faint|p1a: Clawitzer\n|-damage|p2a: Minun|167/268|[from] item: Life Orb\n|\n|upkeep\n|\n|t:|1783536206\n|switch|p1a: Persian|Persian, L92, F|100/100\n|-damage|p1a: Persian|88/100|[from] Spikes\n|turn|20\n|inactive|Time left: 300 sec this turn | 300 sec total\n|\n|t:|1783536207\n|switch|p2a: Klawf|Klawf, L90, M|272/272\n|move|p1a: Persian|Double-Edge|p2a: Klawf\n|-resisted|p2a: Klawf\n|-damage|p2a: Klawf|220/272\n|-damage|p1a: Persian|82/100|[from] Recoil\n|\n|upkeep\n|turn|21\n|inactive|Time left: 300 sec this turn | 300 sec total\n|\n|t:|1783536208\n|move|p1a: Persian|Knock Off|p2a: Klawf\n|-damage|p2a: Klawf|173/272\n|-enditem|p2a: Klawf|Lum Berry|[from] move: Knock Off|[of] p1a: Persian\n|move|p2a: Klawf|Swords Dance|p2a: Klawf\n|-boost|p2a: Klawf|atk|2\n|\n|upkeep\n|turn|22\n|inactive|Time left: 300 sec this turn | 300 sec total\n|\n|t:|1783536209\n|move|p1a: Persian|Double-Edge|p2a: Klawf\n|-resisted|p2a: Klawf\n|-damage|p2a: Klawf|115/272\n|-damage|p1a: Persian|75/100|[from] Recoil\n|-ability|p2a: Klawf|Anger Shell|boost\n|-boost|p2a: Klawf|atk|1\n|-boost|p2a: Klawf|spa|1\n|-boost|p2a: Klawf|spe|1\n|-unboost|p2a: Klawf|def|1\n|-unboost|p2a: Klawf|spd|1\n|move|p2a: Klawf|High Horsepower|p1a: Persian\n|-damage|p1a: Persian|0 fnt\n|faint|p1a: Persian\n|\n|upkeep\n|\n|t:|1783536210\n|switch|p1a: Conkeldurr|Conkeldurr, L80, M|60/100 brn\n|-damage|p1a: Conkeldurr|48/100 brn|[from] Spikes\n|turn|23\n|inactive|Time left: 300 sec this turn | 300 sec total\n|\n|t:|1783536211\n|switch|p2a: Rotom|Rotom-Heat, L83|219/219\n|move|p1a: Conkeldurr|Mach Punch|p2a: Rotom\n|-damage|p2a: Rotom|150/219\n|\n|-damage|p1a: Conkeldurr|42/100 brn|[from] brn\n|upkeep\n|turn|24\n|inactive|Time left: 300 sec this turn | 300 sec total\n|\n|t:|1783536212\n|switch|p1a: Komala|Komala, L87, F|84/100\n|-damage|p1a: Komala|72/100|[from] Spikes\n|-ability|p1a: Komala|Comatose\n|move|p2a: Rotom|Volt Switch|p1a: Komala\n|-damage|p1a: Komala|51/100\n|inactive|Time left: 300 sec this turn | 300 sec total | 5 sec grace\n|\n|t:|1783536212\n|switch|p2a: Klawf|Klawf, L90, M|115/272|[from] Volt Switch\n|\n|upkeep\n|turn|25\n|inactive|Time left: 300 sec this turn | 300 sec total\n|\n|t:|1783536213\n|move|p2a: Klawf|Stone Edge|p1a: Komala\n|-damage|p1a: Komala|0 fnt\n|faint|p1a: Komala\n|\n|upkeep\n|\n|t:|1783536214\n|switch|p1a: Conkeldurr|Conkeldurr, L80, M|42/100 brn\n|-damage|p1a: Conkeldurr|29/100 brn|[from] Spikes\n|turn|26\n|inactive|Time left: 300 sec this turn | 300 sec total\n|\n|t:|1783536215\n|-terastallize|p2a: Klawf|Rock\n|move|p1a: Conkeldurr|Mach Punch|p2a: Klawf\n|-supereffective|p2a: Klawf\n|-damage|p2a: Klawf|0 fnt\n|faint|p2a: Klawf\n|\n|-damage|p1a: Conkeldurr|23/100 brn|[from] brn\n|upkeep\n|inactive|Time left: 300 sec this turn | 300 sec total | 5 sec grace\n|\n|t:|1783536216\n|switch|p2a: Minun|Minun, L95, M|167/268\n|turn|27\n|inactive|Time left: 300 sec this turn | 300 sec total\n|\n|t:|1783536217\n|move|p2a: Minun|Thunderbolt|p1a: Conkeldurr\n|-damage|p1a: Conkeldurr|0 fnt\n|faint|p1a: Conkeldurr\n|-damage|p2a: Minun|141/268|[from] item: Life Orb\n|\n|win|p0y251dc27", "uploadtime": 1783536217, "views": 0, "rating": 0, "private": 0, "password": null, "_winner": "p0y251dc27", "_our_name": "p0y251dc27"}