{"id": "battle-gen9randombattle-370", "formatid": "gen9randombattle", "format": "[Gen 9] Random Battle", "players": ["p0x370de76", "p0y3702542"], "log": "|init|battle\n|title|p0x370de76 vs. p0y3702542\n|j|\u2606p0x370de76\n|j|\u2606p0y3702542\n|t:|1783543950\n|gametype|singles\n|player|p1|p0x370de76|170|\n|player|p2|p0y3702542|101|\n|gen|9\n|tier|[Gen 9] Random Battle\n|rule|Species Clause: Limit one of each Pok\u00e9mon\n|rule|HP Percentage Mod: HP is shown in percentages\n|rule|Sleep Clause Mod: Limit one foe put to sleep\n|rule|Illusion Level Mod: Illusion disguises the Pok\u00e9mon's true level\n|\n|t:|1783543950\n|teamsize|p1|6\n|teamsize|p2|6\n|start\n|switch|p1a: Dedenne|Dedenne, L88, M|261/261\n|switch|p2a: Tsareena|Tsareena, L87, F|100/100\n|turn|1\n|inactive|Battle timer is ON: inactive players will automatically lose when time's up. (requested by p0y3702542)\n|inactive|Time left: 300 sec this turn | 300 sec total | 60 sec grace\n|inactive|p0x370de76 also wants the timer to be on.\n|\n|t:|1783543952\n|move|p1a: Dedenne|Super Fang|p2a: Tsareena\n|-damage|p2a: Tsareena|51/100\n|move|p2a: Tsareena|Power Whip|p1a: Dedenne\n|-damage|p1a: Dedenne|41/261\n|-enditem|p1a: Dedenne|Sitrus Berry|[eat]\n|-heal|p1a: Dedenne|106/261|[from] item: Sitrus Berry\n|-heal|p1a: Dedenne|193/261|[from] ability: Cheek Pouch\n|\n|upkeep\n|turn|2\n|inactive|Time left: 300 sec this turn | 300 sec total\n|\n|t:|1783543953\n|move|p1a: Dedenne|U-turn|p2a: Tsareena\n|-supereffective|p2a: Tsareena\n|-damage|p2a: Tsareena|24/100\n|inactive|Time left: 300 sec this turn | 300 sec total | 5 sec grace\n|\n|t:|1783543954\n|switch|p1a: Blaziken|Blaziken, L76, F|247/247|[from] U-turn\n|move|p2a: Tsareena|Power Whip|p1a: Blaziken\n|-resisted|p1a: Blaziken\n|-damage|p1a: Blaziken|138/247\n|\n|upkeep\n|turn|3\n|inactive|Time left: 300 sec this turn | 300 sec total\n|\n|t:|1783543956\n|move|p2a: Tsareena|High Jump Kick|p1a: Blaziken\n|-damage|p1a: Blaziken|0 fnt\n|faint|p1a: Blaziken\n|\n|upkeep\n|inactive|Time left: 300 sec this turn | 300 sec total | 5 sec grace\n|\n|t:|1783543957\n|switch|p1a: Zacian|Zacian, L69|241/241\n|-ability|p1a: Zacian|Intrepid Sword|boost\n|-boost|p1a: Zacian|atk|1\n|turn|4\n|inactive|Time left: 300 sec this turn | 300 sec total\n|\n|t:|1783543958\n|move|p1a: Zacian|Play Rough|p2a: Tsareena\n|-damage|p2a: Tsareena|0 fnt\n|faint|p2a: Tsareena\n|-damage|p1a: Zacian|217/241|[from] item: Life Orb\n|\n|upkeep\n|\n|t:|1783543959\n|switch|p2a: Toxtricity|Toxtricity, L82, M|100/100\n|turn|5\n|inactive|Time left: 300 sec this turn | 300 sec total\n|\n|t:|1783543960\n|switch|p1a: Cresselia|Cresselia, L80, F|323/323\n|move|p2a: Toxtricity|Boomburst|p1a: Cresselia\n|-damage|p1a: Cresselia|156/323\n|\n|-heal|p1a: Cresselia|176/323|[from] item: Leftovers\n|upkeep\n|turn|6\n|inactive|Time left: 300 sec this turn | 300 sec total\n|\n|t:|1783543961\n|move|p1a: Cresselia|Psyshock|p2a: Toxtricity\n|-supereffective|p2a: Toxtricity\n|-damage|p2a: Toxtricity|42/100\n|move|p2a: Toxtricity|Boomburst|p1a: Cresselia\n|-damage|p1a: Cresselia|0 fnt\n|faint|p1a: Cresselia\n|\n|upkeep\n|inactive|Time left: 300 sec this turn | 300 sec total | 5 sec grace\n|\n|t:|1783543962\n|switch|p1a: Zacian|Zacian, L69|217/241\n|turn|7\n|inactive|Time left: 300 sec this turn | 300 sec total\n|\n|t:|1783543963\n|move|p1a: Zacian|Swords Dance|p1a: Zacian\n|-boost|p1a: Zacian|atk|2\n|move|p2a: Toxtricity|Boomburst|p1a: Zacian\n|-damage|p1a: Zacian|17/241\n|\n|upkeep\n|turn|8\n|inactive|Time left: 300 sec this turn | 300 sec total\n|\n|t:|1783543964\n|move|p1a: Zacian|Play Rough|p2a: Toxtricity\n|-resisted|p2a: Toxtricity\n|-damage|p2a: Toxtricity|0 fnt\n|faint|p2a: Toxtricity\n|-damage|p1a: Zacian|0 fnt|[from] item: Life Orb\n|faint|p1a: Zacian\n|\n|upkeep\n|inactive|Time left: 300 sec this turn | 300 sec total | 5 sec grace\n|\n|t:|1783543965\n|switch|p1a: Thundurus|Thundurus, L80, M|258/258\n|switch|p2a: Inteleon|Inteleon, L81, F|100/100\n|turn|9\n|inactive|Time left: 300 sec this turn | 300 sec total\n|\n|t:|1783543966\n|-terastallize|p2a: Inteleon|Water\n|move|p2a: Inteleon|Hydro Pump|p1a: Thundurus\n|-damage|p1a: Thundurus|0 fnt\n|faint|p1a: Thundurus\n|\n|upkeep\n|inactive|Time left: 300 sec this turn | 300 sec total | 5 sec grace\n|\n|t:|1783543967\n|switch|p1a: Sandaconda|Sandaconda, L84, M|258/258\n|turn|10\n|inactive|Time left: 300 sec this turn | 300 sec total\n|\n|t:|1783543968\n|-terastallize|p1a: Sandaconda|Dragon\n|move|p2a: Inteleon|Hydro Pump|p1a: Sandaconda\n|-resisted|p1a: Sandaconda\n|-damage|p1a: Sandaconda|95/258\n|move|p1a: Sandaconda|Rest|p1a: Sandaconda\n|-status|p1a: Sandaconda|slp|[from] move: Rest\n|-heal|p1a: Sandaconda|258/258 slp|[silent]\n|\n|-activate|p1a: Sandaconda|ability: Shed Skin\n|-curestatus|p1a: Sandaconda|slp|[msg]\n|upkeep\n|turn|11\n|inactive|Time left: 300 sec this turn | 300 sec total\n|\n|t:|1783543970\n|move|p2a: Inteleon|Hydro Pump|p1a: Sandaconda\n|-resisted|p1a: Sandaconda\n|-damage|p1a: Sandaconda|99/258\n|move|p1a: Sandaconda|Glare|p2a: Inteleon\n|-status|p2a: Inteleon|par\n|\n|-heal|p1a: Sandaconda|115/258|[from] item: Leftovers\n|upkeep\n|turn|12\n|inactive|Time left: 300 sec this turn | 300 sec total\n|\n|t:|1783543971\n|move|p1a: Sandaconda|Rest|p1a: Sandaconda\n|-status|p1a: Sandaconda|slp|[from] move: Rest\n|-heal|p1a: Sandaconda|258/258 slp|[silent]\n|cant|p2a: Inteleon|par\n|\n|upkeep\n|turn|13\n|inactive|Time left: 300 sec this turn | 300 sec total\n|\n|t:|1783543972\n|cant|p1a: Sandaconda|slp\n|move|p2a: Inteleon|Hydro Pump|p1a: Sandaconda\n|-resisted|p1a: Sandaconda\n|-damage|p1a: Sandaconda|99/258 slp\n|\n|-activate|p1a: Sandaconda|ability: Shed Skin\n|-curestatus|p1a: Sandaconda|slp|[msg]\n|-heal|p1a: Sandaconda|115/258|[from] item: Leftovers\n|upkeep\n|turn|14\n|inactive|Time left: 300 sec this turn | 300 sec total\n|\n|t:|1783543973\n|move|p1a: Sandaconda|Rest|p1a: Sandaconda\n|-status|p1a: Sandaconda|slp|[from] move: Rest\n|-heal|p1a: Sandaconda|258/258 slp|[silent]\n|move|p2a: Inteleon|Hydro Pump|p1a: Sandaconda|[miss]\n|-miss|p2a: Inteleon|p1a: Sandaconda\n|\n|-activate|p1a: Sandaconda|ability: Shed Skin\n|-curestatus|p1a: Sandaconda|slp|[msg]\n|upkeep\n|turn|15\n|inactive|Time left: 300 sec this turn | 300 sec total\n|\n|t:|1783543974\n|move|p1a: Sandaconda|Earthquake|p2a: Inteleon\n|-crit|p2a: Inteleon\n|-damage|p2a: Inteleon|9/100 par\n|move|p2a: Inteleon|Hydro Pump|p1a: Sandaconda\n|-resisted|p1a: Sandaconda\n|-damage|p1a: Sandaconda|4/258\n|\n|-heal|p1a: Sandaconda|20/258|[from] item: Leftovers\n|upkeep\n|turn|16\n|inactive|Time left: 300 sec this turn | 300 sec total\n|\n|t:|1783543975\n|move|p1a: Sandaconda|Rest|p1a: Sandaconda\n|-status|p1a: Sandaconda|slp|[from] move: Rest\n|-heal|p1a: Sandaconda|258/258 slp|[silent]\n|move|p2a: Inteleon|Hydro Pump|p1a: Sandaconda\n|-resisted|p1a: Sandaconda\n|-damage|p1a: Sandaconda|38/258 slp\n|\n|-activate|p1a: Sandaconda|ability: Shed Skin\n|-curestatus|p1a: Sandaconda|slp|[msg]\n|-heal|p1a: Sandaconda|54/258|[from] item: Leftovers\n|upkeep\n|turn|17\n|inactive|Time left: 300 sec this turn | 300 sec total\n|\n|t:|1783543976\n|move|p1a: Sandaconda|Rest|p1a: Sandaconda\n|-status|p1a: Sandaconda|slp|[from] move: Rest\n|-heal|p1a: Sandaconda|258/258 slp|[silent]\n|move|p2a: Inteleon|Hydro Pump|p1a: Sandaconda|[miss]\n|-miss|p2a: Inteleon|p1a: Sandaconda\n|\n|-activate|p1a: Sandaconda|ability: Shed Skin\n|-curestatus|p1a: Sandaconda|slp|[msg]\n|upkeep\n|turn|18\n|inactive|Time left: 300 sec this turn | 300 sec total\n|\n|t:|1783543977\n|move|p1a: Sandaconda|Glare|p2a: Inteleon\n|-fail|p2a: Inteleon|par\n|-activate|p2a: Inteleon|move: Struggle\n|move|p2a: Inteleon|Struggle|p1a: Sandaconda\n|-damage|p1a: Sandaconda|235/258\n|-damage|p2a: Inteleon|0 fnt|[from] recoil\n|faint|p2a: Inteleon\n|\n|-heal|p1a: Sandaconda|251/258|[from] item: Leftovers\n|upkeep\n|\n|t:|1783543978\n|switch|p2a: Walking Wake|Walking Wake, L79|100/100\n|turn|19\n|inactive|Time left: 300 sec this turn | 300 sec total\n|\n|t:|1783543979\n|switch|p1a: Dedenne|Dedenne, L88, M|193/261\n|move|p2a: Walking Wake|Draco Meteor|p1a: Dedenne\n|-immune|p1a: Dedenne\n|\n|upkeep\n|turn|20\n|inactive|Time left: 300 sec this turn | 300 sec total\n|\n|t:|1783543980\n|-end|p2a: Walking Wake|Protosynthesis|[silent]\n|switch|p2a: Mewtwo|Mewtwo, L72|100/100\n|-ability|p2a: Mewtwo|Unnerve\n|move|p1a: Dedenne|Super Fang|p2a: Mewtwo\n|-damage|p2a: Mewtwo|50/100\n|\n|upkeep\n|turn|21\n|inactive|Time left: 300 sec this turn | 300 sec total\n|\n|t:|1783543981\n|switch|p1a: Sandaconda|Sandaconda, L84, M, tera:Dragon|251/258\n|move|p2a: Mewtwo|Psystrike|p1a: Sandaconda\n|-crit|p1a: Sandaconda\n|-damage|p1a: Sandaconda|79/258\n|-damage|p2a: Mewtwo|41/100|[from] item: Life Orb\n|\n|-heal|p1a: Sandaconda|95/258|[from] item: Leftovers\n|upkeep\n|turn|22\n|inactive|Time left: 300 sec this turn | 300 sec total\n|\n|t:|1783543982\n|switch|p1a: Dedenne|Dedenne, L88, M|193/261\n|move|p2a: Mewtwo|Psystrike|p1a: Dedenne\n|-damage|p1a: Dedenne|14/261\n|-damage|p2a: Mewtwo|31/100|[from] item: Life Orb\n|\n|upkeep\n|turn|23\n|inactive|Time left: 300 sec this turn | 300 sec total\n|\n|t:|1783543984\n|move|p2a: Mewtwo|Psystrike|p1a: Dedenne\n|-damage|p1a: Dedenne|0 fnt\n|faint|p1a: Dedenne\n|-damage|p2a: Mewtwo|21/100|[from] item: Life Orb\n|\n|upkeep\n|inactive|Time left: 300 sec this turn | 300 sec total | 5 sec grace\n|\n|t:|1783543985\n|switch|p1a: Sandaconda|Sandaconda, L84, M, tera:Dragon|95/258\n|turn|24\n|inactive|Time left: 300 sec this turn | 300 sec total\n|\n|t:|1783543986\n|move|p2a: Mewtwo|Psystrike|p1a: Sandaconda\n|-damage|p1a: Sandaconda|0 fnt\n|faint|p1a: Sandaconda\n|-damage|p2a: Mewtwo|11/100|[from] item: Life Orb\n|\n|win|p0y3702542", "uploadtime": 1783543986, "views": 0, "rating": 0, "private": 0, "password": null, "_winner": "p0y3702542", "_our_name": "p0x370de76"}