{"id": "battle-gen9randombattle-1445", "formatid": "gen9randombattle", "format": "[Gen 9] Random Battle", "players": ["p0x144514c9", "p0y144512ff"], "log": "|init|battle\n|title|p0x144514c9 vs. p0y144512ff\n|j|\u2606p0x144514c9\n|j|\u2606p0y144512ff\n|t:|1783556839\n|gametype|singles\n|player|p1|p0x144514c9|102|\n|player|p2|p0y144512ff|101|\n|gen|9\n|tier|[Gen 9] Random Battle\n|rule|Species Clause: Limit one of each Pok\u00e9mon\n|rule|HP Percentage Mod: HP is shown in percentages\n|rule|Sleep Clause Mod: Limit one foe put to sleep\n|rule|Illusion Level Mod: Illusion disguises the Pok\u00e9mon's true level\n|\n|t:|1783556839\n|teamsize|p1|6\n|teamsize|p2|6\n|start\n|switch|p1a: Klefki|Klefki, L84, M|233/233\n|switch|p2a: Lucario|Lucario, L84, M|100/100\n|turn|1\n|inactive|Battle timer is ON: inactive players will automatically lose when time's up. (requested by p0y144512ff)\n|inactive|Time left: 300 sec this turn | 300 sec total | 60 sec grace\n|inactive|p0x144514c9 also wants the timer to be on.\n|\n|t:|1783556841\n|move|p1a: Klefki|Spikes|p2a: Lucario\n|-sidestart|p2: p0y144512ff|Spikes\n|move|p2a: Lucario|Swords Dance|p2a: Lucario\n|-boost|p2a: Lucario|atk|2\n|\n|upkeep\n|turn|2\n|inactive|Time left: 300 sec this turn | 300 sec total\n|\n|t:|1783556842\n|switch|p1a: Wugtrio|Wugtrio, L91, F|212/212\n|move|p2a: Lucario|Meteor Mash|p1a: Wugtrio\n|-resisted|p1a: Wugtrio\n|-damage|p1a: Wugtrio|33/212\n|-boost|p2a: Lucario|atk|1\n|-ability|p1a: Wugtrio|Gooey\n|-unboost|p2a: Lucario|spe|1\n|-damage|p2a: Lucario|91/100|[from] item: Life Orb\n|\n|upkeep\n|turn|3\n|inactive|Time left: 300 sec this turn | 300 sec total\n|\n|t:|1783556843\n|move|p2a: Lucario|Extreme Speed|p1a: Wugtrio\n|-damage|p1a: Wugtrio|0 fnt\n|-ability|p1a: Wugtrio|Gooey\n|-unboost|p2a: Lucario|spe|1\n|faint|p1a: Wugtrio\n|-damage|p2a: Lucario|81/100|[from] item: Life Orb\n|\n|upkeep\n|inactive|Time left: 300 sec this turn | 300 sec total | 5 sec grace\n|\n|t:|1783556843\n|switch|p1a: Infernape|Infernape, L82, M|259/259\n|turn|4\n|inactive|Time left: 300 sec this turn | 300 sec total\n|\n|t:|1783556845\n|switch|p1a: Misdreavus|Misdreavus, L90, F|254/254\n|-terastallize|p2a: Lucario|Normal\n|move|p2a: Lucario|Extreme Speed|p1a: Misdreavus\n|-immune|p1a: Misdreavus\n|\n|upkeep\n|turn|5\n|inactive|Time left: 300 sec this turn | 300 sec total\n|\n|t:|1783556846\n|move|p1a: Misdreavus|Will-O-Wisp|p2a: Lucario\n|-status|p2a: Lucario|brn\n|move|p2a: Lucario|Meteor Mash|p1a: Misdreavus\n|-damage|p1a: Misdreavus|112/254\n|-boost|p2a: Lucario|atk|1\n|-damage|p2a: Lucario|71/100 brn|[from] item: Life Orb\n|\n|-damage|p2a: Lucario|65/100 brn|[from] brn\n|upkeep\n|turn|6\n|inactive|Time left: 300 sec this turn | 300 sec total\n|\n|t:|1783556847\n|move|p1a: Misdreavus|Draining Kiss|p2a: Lucario\n|-damage|p2a: Lucario|49/100 brn\n|-heal|p1a: Misdreavus|144/254|[from] drain|[of] p2a: Lucario\n|move|p2a: Lucario|Meteor Mash|p1a: Misdreavus\n|-damage|p1a: Misdreavus|0 fnt\n|-boost|p2a: Lucario|atk|1\n|faint|p1a: Misdreavus\n|-damage|p2a: Lucario|39/100 brn|[from] item: Life Orb\n|\n|-damage|p2a: Lucario|33/100 brn|[from] brn\n|upkeep\n|inactive|Time left: 300 sec this turn | 300 sec total | 5 sec grace\n|\n|t:|1783556848\n|switch|p1a: Brambleghast|Brambleghast, L88, F|240/240\n|turn|7\n|inactive|Time left: 300 sec this turn | 300 sec total\n|\n|t:|1783556849\n|move|p1a: Brambleghast|Power Whip|p2a: Lucario|[miss]\n|-miss|p1a: Brambleghast|p2a: Lucario\n|move|p2a: Lucario|Meteor Mash|p1a: Brambleghast\n|-damage|p1a: Brambleghast|0 fnt\n|faint|p1a: Brambleghast\n|-damage|p2a: Lucario|23/100 brn|[from] item: Life Orb\n|\n|-damage|p2a: Lucario|17/100 brn|[from] brn\n|upkeep\n|inactive|Time left: 300 sec this turn | 300 sec total | 5 sec grace\n|\n|t:|1783556850\n|switch|p1a: Klefki|Klefki, L84, M|233/233\n|turn|8\n|inactive|Time left: 300 sec this turn | 300 sec total\n|\n|t:|1783556851\n|move|p2a: Lucario|Extreme Speed|p1a: Klefki\n|-resisted|p1a: Klefki\n|-damage|p1a: Klefki|130/233\n|-damage|p2a: Lucario|8/100 brn|[from] item: Life Orb\n|move|p1a: Klefki|Foul Play|p2a: Lucario\n|-damage|p2a: Lucario|0 fnt\n|faint|p2a: Lucario\n|\n|-heal|p1a: Klefki|144/233|[from] item: Leftovers\n|upkeep\n|\n|t:|1783556852\n|switch|p2a: Slowbro|Slowbro-Galar, L87, F|100/100\n|-damage|p2a: Slowbro|88/100|[from] Spikes\n|turn|9\n|inactive|Time left: 300 sec this turn | 300 sec total\n|\n|t:|1783556853\n|move|p1a: Klefki|Spikes|p2a: Slowbro\n|-sidestart|p2: p0y144512ff|Spikes\n|move|p2a: Slowbro|Earthquake|p1a: Klefki\n|-supereffective|p1a: Klefki\n|-damage|p1a: Klefki|2/233\n|\n|-heal|p1a: Klefki|16/233|[from] item: Leftovers\n|-heal|p2a: Slowbro|94/100|[from] item: Leftovers\n|upkeep\n|turn|10\n|inactive|Time left: 300 sec this turn | 300 sec total\n|\n|t:|1783556854\n|move|p1a: Klefki|Spikes|p2a: Slowbro\n|-sidestart|p2: p0y144512ff|Spikes\n|move|p2a: Slowbro|Psychic|p1a: Klefki\n|-resisted|p1a: Klefki\n|-damage|p1a: Klefki|0 fnt\n|faint|p1a: Klefki\n|\n|-heal|p2a: Slowbro|100/100|[from] item: Leftovers\n|upkeep\n|inactive|Time left: 300 sec this turn | 300 sec total | 5 sec grace\n|\n|t:|1783556855\n|switch|p1a: Landorus|Landorus, L75, M|257/257\n|turn|11\n|inactive|Time left: 300 sec this turn | 300 sec total\n|\n|t:|1783556856\n|switch|p2a: Giratina|Giratina-Origin, L72|100/100\n|move|p1a: Landorus|Nasty Plot|p1a: Landorus\n|-boost|p1a: Landorus|spa|2\n|\n|upkeep\n|turn|12\n|inactive|Time left: 300 sec this turn | 300 sec total\n|\n|t:|1783556858\n|move|p1a: Landorus|Psychic|p2a: Giratina\n|-damage|p2a: Giratina|33/100\n|move|p2a: Giratina|Defog|p1a: Landorus\n|-unboost|p1a: Landorus|evasion|1\n|-sideend|p2: p0y144512ff|Spikes|[from] move: Defog|[of] p2a: Giratina\n|\n|upkeep\n|turn|13\n|inactive|Time left: 300 sec this turn | 300 sec total\n|\n|t:|1783556859\n|move|p1a: Landorus|Psychic|p2a: Giratina\n|-damage|p2a: Giratina|0 fnt\n|faint|p2a: Giratina\n|\n|upkeep\n|\n|t:|1783556860\n|switch|p2a: Greninja|Greninja, L80, M|100/100\n|turn|14\n|inactive|Time left: 300 sec this turn | 300 sec total\n|\n|t:|1783556860\n|move|p2a: Greninja|Ice Beam|p1a: Landorus\n|-supereffective|p1a: Landorus\n|-damage|p1a: Landorus|0 fnt\n|faint|p1a: Landorus\n|-ability|p2a: Greninja|Battle Bond|boost\n|-boost|p2a: Greninja|atk|1\n|-boost|p2a: Greninja|spa|1\n|-boost|p2a: Greninja|spe|1\n|-activate|p2a: Greninja|ability: Battle Bond\n|-damage|p2a: Greninja|91/100|[from] item: Life Orb\n|\n|upkeep\n|inactive|Time left: 300 sec this turn | 300 sec total | 5 sec grace\n|\n|t:|1783556861\n|switch|p1a: Infernape|Infernape, L82, M|259/259\n|turn|15\n|inactive|Time left: 300 sec this turn | 300 sec total\n|\n|t:|1783556862\n|-terastallize|p1a: Infernape|Fire\n|move|p2a: Greninja|Hydro Pump|p1a: Infernape|[miss]\n|-miss|p2a: Greninja|p1a: Infernape\n|move|p1a: Infernape|Gunk Shot|p2a: Greninja\n|-damage|p2a: Greninja|33/100\n|-damage|p1a: Infernape|234/259|[from] item: Life Orb\n|\n|upkeep\n|turn|16\n|inactive|Time left: 300 sec this turn | 300 sec total\n|\n|t:|1783556863\n|move|p2a: Greninja|Dark Pulse|p1a: Infernape\n|-damage|p1a: Infernape|57/259\n|-damage|p2a: Greninja|23/100|[from] item: Life Orb\n|move|p1a: Infernape|Swords Dance|p1a: Infernape\n|-boost|p1a: Infernape|atk|2\n|\n|upkeep\n|turn|17\n|inactive|Time left: 300 sec this turn | 300 sec total\n|\n|t:|1783556864\n|move|p2a: Greninja|Dark Pulse|p1a: Infernape\n|-damage|p1a: Infernape|0 fnt\n|faint|p1a: Infernape\n|-damage|p2a: Greninja|14/100|[from] item: Life Orb\n|\n|win|p0y144512ff", "uploadtime": 1783556864, "views": 0, "rating": 0, "private": 0, "password": null, "_winner": "p0y144512ff", "_our_name": "p0x144514c9"}