{"id": "battle-gen9randombattle-1581", "formatid": "gen9randombattle", "format": "[Gen 9] Random Battle", "players": ["p0x158190a3", "p0y15817eb8"], "log": "|init|battle\n|title|p0x158190a3 vs. p0y15817eb8\n|j|\u2606p0x158190a3\n|j|\u2606p0y15817eb8\n|t:|1783557517\n|gametype|singles\n|player|p1|p0x158190a3|102|\n|player|p2|p0y15817eb8|265|\n|gen|9\n|tier|[Gen 9] Random Battle\n|rule|Species Clause: Limit one of each Pok\u00e9mon\n|rule|HP Percentage Mod: HP is shown in percentages\n|rule|Sleep Clause Mod: Limit one foe put to sleep\n|rule|Illusion Level Mod: Illusion disguises the Pok\u00e9mon's true level\n|\n|t:|1783557517\n|teamsize|p1|6\n|teamsize|p2|6\n|start\n|switch|p1a: Hariyama|Hariyama, L87, M|392/392\n|switch|p2a: Iron Boulder|Iron Boulder, L77|100/100\n|turn|1\n|inactive|Battle timer is ON: inactive players will automatically lose when time's up. (requested by p0x158190a3)\n|inactive|p0y15817eb8 also wants the timer to be on.\n|\n|t:|1783557518\n|move|p2a: Iron Boulder|Zen Headbutt|p1a: Hariyama\n|-supereffective|p1a: Hariyama\n|-crit|p1a: Hariyama\n|-damage|p1a: Hariyama|0 fnt\n|faint|p1a: Hariyama\n|-damage|p2a: Iron Boulder|91/100|[from] item: Life Orb\n|\n|upkeep\n|inactive|Time left: 300 sec this turn | 300 sec total | 65 sec grace\n|\n|t:|1783557519\n|switch|p1a: Hydrapple|Hydrapple, L83, M|312/312\n|turn|2\n|inactive|Time left: 300 sec this turn | 300 sec total\n|\n|t:|1783557521\n|-end|p2a: Iron Boulder|Quark Drive|[silent]\n|switch|p2a: Gogoat|Gogoat, L88, M|100/100\n|move|p1a: Hydrapple|Fickle Beam|p2a: Gogoat\n|-damage|p2a: Gogoat|57/100\n|\n|-heal|p2a: Gogoat|63/100|[from] item: Leftovers\n|upkeep\n|turn|3\n|inactive|Time left: 300 sec this turn | 300 sec total\n|\n|t:|1783557522\n|move|p2a: Gogoat|Bulk Up|p2a: Gogoat\n|-boost|p2a: Gogoat|atk|1\n|-boost|p2a: Gogoat|def|1\n|move|p1a: Hydrapple|Fickle Beam|p2a: Gogoat\n|-crit|p2a: Gogoat\n|-damage|p2a: Gogoat|0 fnt\n|faint|p2a: Gogoat\n|\n|upkeep\n|\n|t:|1783557523\n|switch|p2a: Oricorio|Oricorio-Sensu, L85, F|100/100\n|turn|4\n|inactive|Time left: 300 sec this turn | 300 sec total\n|\n|t:|1783557524\n|move|p2a: Oricorio|Quiver Dance|p2a: Oricorio\n|-boost|p2a: Oricorio|spa|1\n|-boost|p2a: Oricorio|spd|1\n|-boost|p2a: Oricorio|spe|1\n|move|p1a: Hydrapple|Fickle Beam|p2a: Oricorio\n|-damage|p2a: Oricorio|60/100\n|\n|upkeep\n|turn|5\n|inactive|Time left: 300 sec this turn | 300 sec total\n|\n|t:|1783557525\n|move|p2a: Oricorio|Hurricane|p1a: Hydrapple|[miss]\n|-miss|p2a: Oricorio|p1a: Hydrapple\n|move|p1a: Hydrapple|Fickle Beam|p2a: Oricorio|[anim] Fickle Beam All Out\n|-activate|p1a: Hydrapple|move: Fickle Beam\n|-damage|p2a: Oricorio|0 fnt\n|faint|p2a: Oricorio\n|\n|upkeep\n|\n|t:|1783557526\n|switch|p2a: Venusaur|Venusaur, L84, M|100/100\n|turn|6\n|inactive|Time left: 300 sec this turn | 300 sec total\n|\n|t:|1783557527\n|move|p2a: Venusaur|Sludge Bomb|p1a: Hydrapple\n|-supereffective|p1a: Hydrapple\n|-damage|p1a: Hydrapple|114/312\n|move|p1a: Hydrapple|Fickle Beam|p2a: Venusaur|[anim] Fickle Beam All Out\n|-activate|p1a: Hydrapple|move: Fickle Beam\n|-damage|p2a: Venusaur|0 fnt\n|faint|p2a: Venusaur\n|\n|upkeep\n|\n|t:|1783557528\n|switch|p2a: Iron Boulder|Iron Boulder, L77|91/100\n|turn|7\n|inactive|Time left: 300 sec this turn | 300 sec total\n|\n|t:|1783557529\n|move|p2a: Iron Boulder|Swords Dance|p2a: Iron Boulder\n|-boost|p2a: Iron Boulder|atk|2\n|move|p1a: Hydrapple|Fickle Beam|p2a: Iron Boulder\n|-damage|p2a: Iron Boulder|40/100\n|\n|upkeep\n|turn|8\n|inactive|Time left: 300 sec this turn | 300 sec total\n|\n|t:|1783557530\n|switch|p1a: Gholdengo|Gholdengo, L77|261/261\n|move|p2a: Iron Boulder|Close Combat|p1a: Gholdengo\n|-immune|p1a: Gholdengo\n|\n|upkeep\n|turn|9\n|inactive|Time left: 300 sec this turn | 300 sec total\n|\n|t:|1783557531\n|move|p2a: Iron Boulder|Mighty Cleave|p1a: Gholdengo\n|-resisted|p1a: Gholdengo\n|-damage|p1a: Gholdengo|139/261\n|-damage|p2a: Iron Boulder|30/100|[from] item: Life Orb\n|move|p1a: Gholdengo|Shadow Ball|p2a: Iron Boulder\n|-supereffective|p2a: Iron Boulder\n|-damage|p2a: Iron Boulder|0 fnt\n|faint|p2a: Iron Boulder\n|-end|p2a: Iron Boulder|Quark Drive|[silent]\n|\n|-heal|p1a: Gholdengo|155/261|[from] item: Leftovers\n|upkeep\n|\n|t:|1783557532\n|switch|p2a: Swanna|Swanna, L89, M|100/100\n|turn|10\n|inactive|Time left: 300 sec this turn | 300 sec total\n|\n|t:|1783557533\n|move|p2a: Swanna|Hydro Pump|p1a: Gholdengo|[miss]\n|-miss|p2a: Swanna|p1a: Gholdengo\n|move|p1a: Gholdengo|Recover|p1a: Gholdengo\n|-heal|p1a: Gholdengo|261/261\n|\n|upkeep\n|turn|11\n|inactive|Time left: 300 sec this turn | 300 sec total\n|\n|t:|1783557534\n|move|p2a: Swanna|Hydro Pump|p1a: Gholdengo\n|-damage|p1a: Gholdengo|140/261\n|move|p1a: Gholdengo|Shadow Ball|p2a: Swanna\n|-damage|p2a: Swanna|57/100\n|\n|-heal|p1a: Gholdengo|156/261|[from] item: Leftovers\n|upkeep\n|turn|12\n|inactive|Time left: 300 sec this turn | 300 sec total\n|\n|t:|1783557536\n|move|p2a: Swanna|Hydro Pump|p1a: Gholdengo\n|-damage|p1a: Gholdengo|18/261\n|move|p1a: Gholdengo|Recover|p1a: Gholdengo\n|-heal|p1a: Gholdengo|149/261\n|\n|-heal|p1a: Gholdengo|165/261|[from] item: Leftovers\n|upkeep\n|turn|13\n|inactive|Time left: 300 sec this turn | 300 sec total\n|\n|t:|1783557537\n|move|p2a: Swanna|Hydro Pump|p1a: Gholdengo\n|-damage|p1a: Gholdengo|36/261\n|move|p1a: Gholdengo|Recover|p1a: Gholdengo\n|-heal|p1a: Gholdengo|167/261\n|\n|-heal|p1a: Gholdengo|183/261|[from] item: Leftovers\n|upkeep\n|turn|14\n|inactive|Time left: 300 sec this turn | 300 sec total\n|\n|t:|1783557538\n|move|p2a: Swanna|Roost|p2a: Swanna\n|-heal|p2a: Swanna|100/100\n|-singleturn|p2a: Swanna|move: Roost\n|move|p1a: Gholdengo|Shadow Ball|p2a: Swanna\n|-damage|p2a: Swanna|64/100\n|\n|-heal|p1a: Gholdengo|199/261|[from] item: Leftovers\n|upkeep\n|turn|15\n|inactive|Time left: 300 sec this turn | 300 sec total\n|\n|t:|1783557539\n|move|p2a: Swanna|Hydro Pump|p1a: Gholdengo\n|-damage|p1a: Gholdengo|67/261\n|move|p1a: Gholdengo|Shadow Ball|p2a: Swanna\n|-damage|p2a: Swanna|25/100\n|\n|-heal|p1a: Gholdengo|83/261|[from] item: Leftovers\n|upkeep\n|turn|16\n|inactive|Time left: 300 sec this turn | 300 sec total\n|\n|t:|1783557540\n|move|p2a: Swanna|Hydro Pump|p1a: Gholdengo\n|-damage|p1a: Gholdengo|0 fnt\n|faint|p1a: Gholdengo\n|\n|upkeep\n|inactive|Time left: 300 sec this turn | 300 sec total | 5 sec grace\n|\n|t:|1783557540\n|switch|p1a: Magearna|Magearna-Original, L77|250/250\n|turn|17\n|inactive|Time left: 300 sec this turn | 300 sec total\n|\n|t:|1783557541\n|move|p2a: Swanna|Roost|p2a: Swanna\n|-heal|p2a: Swanna|75/100\n|-singleturn|p2a: Swanna|move: Roost\n|move|p1a: Magearna|Shift Gear|p1a: Magearna\n|-boost|p1a: Magearna|spe|2\n|-boost|p1a: Magearna|atk|1\n|\n|upkeep\n|turn|18\n|inactive|Time left: 300 sec this turn | 300 sec total\n|\n|t:|1783557542\n|move|p1a: Magearna|Shift Gear|p1a: Magearna\n|-boost|p1a: Magearna|spe|2\n|-boost|p1a: Magearna|atk|1\n|move|p2a: Swanna|Roost|p2a: Swanna\n|-heal|p2a: Swanna|100/100\n|-singleturn|p2a: Swanna|move: Roost\n|\n|upkeep\n|turn|19\n|inactive|Time left: 300 sec this turn | 300 sec total\n|\n|t:|1783557543\n|move|p1a: Magearna|Iron Head|p2a: Swanna\n|-resisted|p2a: Swanna\n|-damage|p2a: Swanna|70/100\n|move|p2a: Swanna|Hydro Pump|p1a: Magearna\n|-damage|p1a: Magearna|138/250\n|\n|upkeep\n|turn|20\n|inactive|Time left: 300 sec this turn | 300 sec total\n|\n|t:|1783557544\n|move|p1a: Magearna|Iron Head|p2a: Swanna\n|-resisted|p2a: Swanna\n|-damage|p2a: Swanna|40/100\n|move|p2a: Swanna|Hydro Pump|p1a: Magearna\n|-damage|p1a: Magearna|33/250\n|\n|upkeep\n|turn|21\n|inactive|Time left: 300 sec this turn | 300 sec total\n|\n|t:|1783557545\n|move|p1a: Magearna|Fleur Cannon|p2a: Swanna\n|-damage|p2a: Swanna|0 fnt\n|-unboost|p1a: Magearna|spa|2\n|faint|p2a: Swanna\n|-ability|p1a: Magearna|Soul-Heart|boost\n|-boost|p1a: Magearna|spa|1\n|\n|upkeep\n|\n|t:|1783557546\n|switch|p2a: Slither Wing|Slither Wing, L81|100/100\n|turn|22\n|inactive|Time left: 300 sec this turn | 300 sec total\n|\n|t:|1783557547\n|move|p1a: Magearna|Iron Head|p2a: Slither Wing\n|-damage|p2a: Slither Wing|46/100\n|move|p2a: Slither Wing|Morning Sun|p2a: Slither Wing\n|-heal|p2a: Slither Wing|96/100\n|\n|upkeep\n|turn|23\n|inactive|Time left: 300 sec this turn | 300 sec total\n|\n|t:|1783557548\n|move|p1a: Magearna|Iron Head|p2a: Slither Wing\n|-damage|p2a: Slither Wing|42/100\n|move|p2a: Slither Wing|Morning Sun|p2a: Slither Wing\n|-heal|p2a: Slither Wing|92/100\n|\n|upkeep\n|turn|24\n|inactive|Time left: 300 sec this turn | 300 sec total\n|\n|t:|1783557549\n|move|p1a: Magearna|Iron Head|p2a: Slither Wing\n|-damage|p2a: Slither Wing|38/100\n|cant|p2a: Slither Wing|flinch\n|\n|upkeep\n|turn|25\n|inactive|Time left: 300 sec this turn | 300 sec total\n|\n|t:|1783557550\n|-terastallize|p2a: Slither Wing|Steel\n|move|p1a: Magearna|Iron Head|p2a: Slither Wing\n|-resisted|p2a: Slither Wing\n|-damage|p2a: Slither Wing|11/100\n|cant|p2a: Slither Wing|flinch\n|\n|upkeep\n|turn|26\n|inactive|Time left: 300 sec this turn | 300 sec total\n|\n|t:|1783557552\n|move|p1a: Magearna|Iron Head|p2a: Slither Wing\n|-resisted|p2a: Slither Wing\n|-damage|p2a: Slither Wing|0 fnt\n|faint|p2a: Slither Wing\n|-end|p2a: Slither Wing|Protosynthesis|[silent]\n|\n|win|p0x158190a3", "uploadtime": 1783557552, "views": 0, "rating": 0, "private": 0, "password": null, "_winner": "p0x158190a3", "_our_name": "p0x158190a3"}