{"id": "battle-gen9randombattle-197", "formatid": "gen9randombattle", "format": "[Gen 9] Random Battle", "players": ["p0x1973f21", "p0y19700cc"], "log": "|init|battle\n|title|p0x1973f21 vs. p0y19700cc\n|j|\u2606p0x1973f21\n|j|\u2606p0y19700cc\n|t:|1783536039\n|gametype|singles\n|player|p1|p0x1973f21|265|\n|player|p2|p0y19700cc|169|\n|gen|9\n|tier|[Gen 9] Random Battle\n|rule|Species Clause: Limit one of each Pok\u00e9mon\n|rule|HP Percentage Mod: HP is shown in percentages\n|rule|Sleep Clause Mod: Limit one foe put to sleep\n|rule|Illusion Level Mod: Illusion disguises the Pok\u00e9mon's true level\n|\n|t:|1783536039\n|teamsize|p1|6\n|teamsize|p2|6\n|start\n|switch|p1a: Sandy Shocks|Sandy Shocks, L80|267/267\n|switch|p2a: Iron Thorns|Iron Thorns, L83|100/100\n|turn|1\n|inactive|Battle timer is ON: inactive players will automatically lose when time's up. (requested by p0y19700cc)\n|inactive|Time left: 300 sec this turn | 300 sec total | 60 sec grace\n|\n|t:|1783536041\n|-end|p2a: Iron Thorns|Quark Drive|[silent]\n|switch|p2a: Vikavolt|Vikavolt, L83, F|100/100\n|move|p1a: Sandy Shocks|Earth Power|p2a: Vikavolt\n|-immune|p2a: Vikavolt|[from] ability: Levitate\n|\n|upkeep\n|turn|2\n|inactive|Time left: 300 sec this turn | 300 sec total\n|inactive|p0x1973f21 also wants the timer to be on.\n|\n|t:|1783536043\n|move|p1a: Sandy Shocks|Stealth Rock|p2a: Vikavolt\n|-sidestart|p2: p0y19700cc|move: Stealth Rock\n|move|p2a: Vikavolt|Sticky Web|p1a: Sandy Shocks\n|-sidestart|p1: p0x1973f21|move: Sticky Web\n|\n|upkeep\n|turn|3\n|inactive|Time left: 300 sec this turn | 300 sec total\n|\n|t:|1783536044\n|-end|p1a: Sandy Shocks|Protosynthesis|[silent]\n|switch|p1a: Lugia|Lugia, L73|275/275\n|move|p2a: Vikavolt|Bug Buzz|p1a: Lugia\n|-damage|p1a: Lugia|229/275\n|\n|upkeep\n|turn|4\n|inactive|Time left: 300 sec this turn | 300 sec total\n|\n|t:|1783536045\n|move|p1a: Lugia|Calm Mind|p1a: Lugia\n|-boost|p1a: Lugia|spa|1\n|-boost|p1a: Lugia|spd|1\n|move|p2a: Vikavolt|Thunderbolt|p1a: Lugia\n|-supereffective|p1a: Lugia\n|-damage|p1a: Lugia|91/275\n|-status|p1a: Lugia|par\n|\n|upkeep\n|turn|5\n|inactive|Time left: 300 sec this turn | 300 sec total\n|\n|t:|1783536046\n|move|p2a: Vikavolt|Thunderbolt|p1a: Lugia\n|-supereffective|p1a: Lugia\n|-damage|p1a: Lugia|0 fnt\n|faint|p1a: Lugia\n|\n|upkeep\n|inactive|Time left: 300 sec this turn | 300 sec total | 5 sec grace\n|\n|t:|1783536047\n|switch|p1a: Toedscruel|Toedscruel, L87, M|281/281\n|-activate|p1a: Toedscruel|move: Sticky Web\n|-unboost|p1a: Toedscruel|spe|1\n|turn|6\n|inactive|Time left: 300 sec this turn | 300 sec total\n|\n|t:|1783536048\n|switch|p2a: Ceruledge|Ceruledge, L78, M|100/100\n|move|p1a: Toedscruel|Rapid Spin|p2a: Ceruledge\n|-immune|p2a: Ceruledge\n|\n|upkeep\n|turn|7\n|inactive|Time left: 300 sec this turn | 300 sec total\n|\n|t:|1783536049\n|move|p2a: Ceruledge|Swords Dance|p2a: Ceruledge\n|-boost|p2a: Ceruledge|atk|2\n|move|p1a: Toedscruel|Earth Power|p2a: Ceruledge\n|-supereffective|p2a: Ceruledge\n|-damage|p2a: Ceruledge|31/100\n|\n|upkeep\n|turn|8\n|inactive|Time left: 300 sec this turn | 300 sec total\n|\n|t:|1783536050\n|-terastallize|p1a: Toedscruel|Water\n|move|p2a: Ceruledge|Poltergeist|p1a: Toedscruel\n|-activate|p1a: Toedscruel|move: Poltergeist|Leftovers\n|-damage|p1a: Toedscruel|0 fnt\n|faint|p1a: Toedscruel\n|\n|upkeep\n|inactive|Time left: 300 sec this turn | 300 sec total | 5 sec grace\n|\n|t:|1783536051\n|switch|p1a: Sandy Shocks|Sandy Shocks, L80|267/267\n|turn|9\n|inactive|Time left: 300 sec this turn | 300 sec total\n|\n|t:|1783536052\n|switch|p2a: Vikavolt|Vikavolt, L83, F|100/100\n|move|p1a: Sandy Shocks|Earth Power|p2a: Vikavolt\n|-immune|p2a: Vikavolt|[from] ability: Levitate\n|\n|upkeep\n|turn|10\n|inactive|Time left: 300 sec this turn | 300 sec total\n|\n|t:|1783536053\n|-end|p1a: Sandy Shocks|Protosynthesis|[silent]\n|switch|p1a: Rotom|Rotom-Heat, L83|219/219\n|move|p2a: Vikavolt|Bug Buzz|p1a: Rotom\n|-resisted|p1a: Rotom\n|-damage|p1a: Rotom|165/219\n|\n|upkeep\n|turn|11\n|inactive|Time left: 300 sec this turn | 300 sec total\n|\n|t:|1783536054\n|switch|p2a: Muk|Muk, L86, F|100/100\n|-damage|p2a: Muk|88/100|[from] Stealth Rock\n|move|p1a: Rotom|Overheat|p2a: Muk\n|-damage|p2a: Muk|62/100\n|-unboost|p1a: Rotom|spa|2\n|\n|upkeep\n|turn|12\n|inactive|Time left: 300 sec this turn | 300 sec total\n|\n|t:|1783536055\n|switch|p1a: Ursaring|Ursaring, L84, M|288/288\n|-activate|p1a: Ursaring|move: Sticky Web\n|-unboost|p1a: Ursaring|spe|1\n|move|p2a: Muk|Knock Off|p1a: Ursaring\n|-damage|p1a: Ursaring|207/288\n|-enditem|p1a: Ursaring|Toxic Orb|[from] move: Knock Off|[of] p2a: Muk\n|\n|upkeep\n|turn|13\n|inactive|Time left: 300 sec this turn | 300 sec total\n|\n|t:|1783536056\n|move|p2a: Muk|Ice Punch|p1a: Ursaring\n|-damage|p1a: Ursaring|139/288\n|move|p1a: Ursaring|Facade|p2a: Muk\n|-damage|p2a: Muk|28/100\n|\n|upkeep\n|turn|14\n|inactive|Time left: 300 sec this turn | 300 sec total\n|\n|t:|1783536057\n|move|p2a: Muk|Poison Jab|p1a: Ursaring\n|-damage|p1a: Ursaring|27/288\n|-status|p1a: Ursaring|psn|[from] ability: Poison Touch|[of] p2a: Muk\n|move|p1a: Ursaring|Facade|p2a: Muk\n|-damage|p2a: Muk|0 fnt\n|faint|p2a: Muk\n|\n|-damage|p1a: Ursaring|0 fnt|[from] psn\n|faint|p1a: Ursaring\n|upkeep\n|inactive|Time left: 300 sec this turn | 300 sec total | 5 sec grace\n|\n|t:|1783536058\n|switch|p1a: Rotom|Rotom-Heat, L83|165/219\n|switch|p2a: Hatterene|Hatterene, L85, F|100/100\n|-damage|p2a: Hatterene|88/100|[from] Stealth Rock\n|turn|15\n|inactive|Time left: 300 sec this turn | 300 sec total\n|\n|t:|1783536059\n|move|p1a: Rotom|Discharge|p2a: Hatterene\n|-damage|p2a: Hatterene|55/100\n|move|p2a: Hatterene|Calm Mind|p2a: Hatterene\n|-boost|p2a: Hatterene|spa|1\n|-boost|p2a: Hatterene|spd|1\n|\n|-heal|p2a: Hatterene|61/100|[from] item: Leftovers\n|upkeep\n|turn|16\n|inactive|Time left: 300 sec this turn | 300 sec total\n|\n|t:|1783536060\n|move|p1a: Rotom|Discharge|p2a: Hatterene\n|-damage|p2a: Hatterene|39/100\n|-status|p2a: Hatterene|par\n|move|p2a: Hatterene|Psychic|p1a: Rotom\n|-damage|p1a: Rotom|6/219\n|\n|-heal|p2a: Hatterene|45/100 par|[from] item: Leftovers\n|upkeep\n|turn|17\n|inactive|Time left: 300 sec this turn | 300 sec total\n|\n|t:|1783536061\n|move|p1a: Rotom|Overheat|p2a: Hatterene\n|-damage|p2a: Hatterene|12/100 par\n|-unboost|p1a: Rotom|spa|2\n|move|p2a: Hatterene|Calm Mind|p2a: Hatterene\n|-boost|p2a: Hatterene|spa|1\n|-boost|p2a: Hatterene|spd|1\n|\n|-heal|p2a: Hatterene|17/100 par|[from] item: Leftovers\n|upkeep\n|turn|18\n|inactive|Time left: 300 sec this turn | 300 sec total\n|\n|t:|1783536062\n|move|p1a: Rotom|Discharge|p2a: Hatterene\n|-damage|p2a: Hatterene|9/100 par\n|move|p2a: Hatterene|Calm Mind|p2a: Hatterene\n|-boost|p2a: Hatterene|spa|1\n|-boost|p2a: Hatterene|spd|1\n|\n|-heal|p2a: Hatterene|14/100 par|[from] item: Leftovers\n|upkeep\n|turn|19\n|inactive|Time left: 300 sec this turn | 300 sec total\n|\n|t:|1783536063\n|move|p1a: Rotom|Discharge|p2a: Hatterene\n|-damage|p2a: Hatterene|7/100 par\n|cant|p2a: Hatterene|par\n|\n|-heal|p2a: Hatterene|13/100 par|[from] item: Leftovers\n|upkeep\n|turn|20\n|inactive|Time left: 300 sec this turn | 300 sec total\n|\n|t:|1783536064\n|move|p1a: Rotom|Overheat|p2a: Hatterene\n|-damage|p2a: Hatterene|1/100 par\n|-unboost|p1a: Rotom|spa|2\n|move|p2a: Hatterene|Calm Mind|p2a: Hatterene\n|-boost|p2a: Hatterene|spa|1\n|-boost|p2a: Hatterene|spd|1\n|\n|-heal|p2a: Hatterene|7/100 par|[from] item: Leftovers\n|upkeep\n|turn|21\n|inactive|Time left: 300 sec this turn | 300 sec total\n|\n|t:|1783536065\n|move|p1a: Rotom|Overheat|p2a: Hatterene\n|-damage|p2a: Hatterene|0 fnt\n|-unboost|p1a: Rotom|spa|2\n|faint|p2a: Hatterene\n|\n|upkeep\n|\n|t:|1783536066\n|switch|p2a: Ceruledge|Ceruledge, L78, M|31/100\n|turn|22\n|inactive|Time left: 300 sec this turn | 300 sec total\n|\n|t:|1783536067\n|switch|p1a: Sandy Shocks|Sandy Shocks, L80|267/267\n|move|p2a: Ceruledge|Swords Dance|p2a: Ceruledge\n|-boost|p2a: Ceruledge|atk|2\n|\n|upkeep\n|turn|23\n|inactive|Time left: 300 sec this turn | 300 sec total\n|\n|t:|1783536068\n|switch|p2a: Vikavolt|Vikavolt, L83, F|100/100\n|move|p1a: Sandy Shocks|Thunderbolt|p2a: Vikavolt\n|-resisted|p2a: Vikavolt\n|-damage|p2a: Vikavolt|78/100\n|\n|upkeep\n|turn|24\n|inactive|Time left: 300 sec this turn | 300 sec total\n|\n|t:|1783536068\n|move|p1a: Sandy Shocks|Thunderbolt|p2a: Vikavolt\n|-resisted|p2a: Vikavolt\n|-damage|p2a: Vikavolt|57/100\n|move|p2a: Vikavolt|Bug Buzz|p1a: Sandy Shocks\n|-damage|p1a: Sandy Shocks|138/267\n|\n|upkeep\n|turn|25\n|inactive|Time left: 300 sec this turn | 300 sec total\n|\n|t:|1783536069\n|move|p1a: Sandy Shocks|Thunderbolt|p2a: Vikavolt\n|-resisted|p2a: Vikavolt\n|-damage|p2a: Vikavolt|34/100\n|move|p2a: Vikavolt|Bug Buzz|p1a: Sandy Shocks\n|-damage|p1a: Sandy Shocks|0 fnt\n|faint|p1a: Sandy Shocks\n|-end|p1a: Sandy Shocks|Protosynthesis|[silent]\n|\n|upkeep\n|inactive|Time left: 300 sec this turn | 300 sec total | 5 sec grace\n|\n|t:|1783536070\n|switch|p1a: Phione|Phione, L91|293/293\n|-activate|p1a: Phione|move: Sticky Web\n|-unboost|p1a: Phione|spe|1\n|turn|26\n|inactive|Time left: 300 sec this turn | 300 sec total\n|\n|t:|1783536071\n|switch|p2a: Iron Thorns|Iron Thorns, L83|100/100\n|-damage|p2a: Iron Thorns|88/100|[from] Stealth Rock\n|move|p1a: Phione|Scald|p2a: Iron Thorns\n|-supereffective|p2a: Iron Thorns\n|-damage|p2a: Iron Thorns|46/100\n|-status|p2a: Iron Thorns|brn\n|\n|-damage|p2a: Iron Thorns|40/100 brn|[from] brn\n|upkeep\n|turn|27\n|inactive|Time left: 300 sec this turn | 300 sec total\n|\n|t:|1783536072\n|move|p2a: Iron Thorns|Stone Edge|p1a: Phione\n|-damage|p1a: Phione|224/293\n|move|p1a: Phione|Scald|p2a: Iron Thorns\n|-supereffective|p2a: Iron Thorns\n|-damage|p2a: Iron Thorns|1/100 brn\n|\n|-heal|p1a: Phione|242/293|[from] item: Leftovers\n|-damage|p2a: Iron Thorns|0 fnt|[from] brn\n|faint|p2a: Iron Thorns\n|-end|p2a: Iron Thorns|Quark Drive|[silent]\n|upkeep\n|\n|t:|1783536073\n|switch|p2a: Chien-Pao|Chien-Pao, L72|100/100\n|-damage|p2a: Chien-Pao|76/100|[from] Stealth Rock\n|-ability|p2a: Chien-Pao|Sword of Ruin\n|turn|28\n|inactive|Time left: 300 sec this turn | 300 sec total\n|\n|t:|1783536074\n|move|p2a: Chien-Pao|Crunch|p1a: Phione\n|-damage|p1a: Phione|98/293\n|move|p1a: Phione|Rest|p1a: Phione\n|-status|p1a: Phione|slp|[from] move: Rest\n|-heal|p1a: Phione|293/293 slp|[silent]\n|\n|upkeep\n|turn|29\n|inactive|Time left: 300 sec this turn | 300 sec total\n|\n|t:|1783536075\n|move|p2a: Chien-Pao|Crunch|p1a: Phione\n|-crit|p1a: Phione\n|-damage|p1a: Phione|79/293 slp\n|cant|p1a: Phione|slp\n|move|p1a: Phione|Sleep Talk|p1a: Phione\n|move|p1a: Phione|Scald|p2a: Chien-Pao|[from] move: Sleep Talk\n|-damage|p2a: Chien-Pao|18/100\n|\n|-heal|p1a: Phione|97/293 slp|[from] item: Leftovers\n|upkeep\n|turn|30\n|inactive|Time left: 300 sec this turn | 300 sec total\n|\n|t:|1783536076\n|-terastallize|p2a: Chien-Pao|Ice\n|move|p2a: Chien-Pao|Crunch|p1a: Phione\n|-damage|p1a: Phione|0 fnt\n|faint|p1a: Phione\n|\n|upkeep\n|inactive|Time left: 300 sec this turn | 300 sec total | 5 sec grace\n|\n|t:|1783536077\n|switch|p1a: Rotom|Rotom-Heat, L83|6/219\n|turn|31\n|inactive|Time left: 300 sec this turn | 300 sec total\n|\n|t:|1783536078\n|move|p2a: Chien-Pao|Crunch|p1a: Rotom\n|-damage|p1a: Rotom|0 fnt\n|faint|p1a: Rotom\n|\n|win|p0y19700cc", "uploadtime": 1783536078, "views": 0, "rating": 0, "private": 0, "password": null, "_winner": "p0y19700cc", "_our_name": "p0x1973f21"}