{"id": "battle-gen9randombattle-1905", "formatid": "gen9randombattle", "format": "[Gen 9] Random Battle", "players": ["p0x190511de", "p0y19054d36"], "log": "|init|battle\n|title|p0x190511de vs. p0y19054d36\n|j|\u2606p0x190511de\n|j|\u2606p0y19054d36\n|t:|1783561291\n|gametype|singles\n|player|p1|p0x190511de|1|\n|player|p2|p0y19054d36|169|\n|gen|9\n|tier|[Gen 9] Random Battle\n|rule|Species Clause: Limit one of each Pok\u00e9mon\n|rule|HP Percentage Mod: HP is shown in percentages\n|rule|Sleep Clause Mod: Limit one foe put to sleep\n|rule|Illusion Level Mod: Illusion disguises the Pok\u00e9mon's true level\n|\n|t:|1783561291\n|teamsize|p1|6\n|teamsize|p2|6\n|start\n|switch|p1a: Vaporeon|Vaporeon, L86, M|100/100\n|switch|p2a: Iron Valiant|Iron Valiant, L78|244/244\n|turn|1\n|inactive|Battle timer is ON: inactive players will automatically lose when time's up. (requested by p0y19054d36)\n|inactive|p0x190511de also wants the timer to be on.\n|\n|t:|1783561292\n|move|p2a: Iron Valiant|Calm Mind|p2a: Iron Valiant\n|-boost|p2a: Iron Valiant|spa|1\n|-boost|p2a: Iron Valiant|spd|1\n|move|p1a: Vaporeon|Scald|p2a: Iron Valiant\n|-damage|p2a: Iron Valiant|157/244\n|\n|upkeep\n|turn|2\n|inactive|Time left: 300 sec this turn | 300 sec total\n|\n|t:|1783561293\n|move|p2a: Iron Valiant|Moonblast|p1a: Vaporeon\n|-damage|p1a: Vaporeon|51/100\n|-damage|p2a: Iron Valiant|133/244|[from] item: Life Orb\n|move|p1a: Vaporeon|Scald|p2a: Iron Valiant\n|-damage|p2a: Iron Valiant|37/244\n|\n|-heal|p1a: Vaporeon|57/100|[from] item: Leftovers\n|upkeep\n|turn|3\n|inactive|Time left: 300 sec this turn | 300 sec total\n|\n|t:|1783561294\n|move|p1a: Vaporeon|Protect|p1a: Vaporeon\n|-singleturn|p1a: Vaporeon|Protect\n|move|p2a: Iron Valiant|Close Combat|p1a: Vaporeon\n|-activate|p1a: Vaporeon|move: Protect\n|\n|-heal|p1a: Vaporeon|63/100|[from] item: Leftovers\n|upkeep\n|turn|4\n|inactive|Time left: 300 sec this turn | 300 sec total\n|\n|t:|1783561295\n|move|p2a: Iron Valiant|Close Combat|p1a: Vaporeon\n|-damage|p1a: Vaporeon|1/100\n|-unboost|p2a: Iron Valiant|def|1\n|-unboost|p2a: Iron Valiant|spd|1\n|-damage|p2a: Iron Valiant|13/244|[from] item: Life Orb\n|move|p1a: Vaporeon|Scald|p2a: Iron Valiant\n|-damage|p2a: Iron Valiant|0 fnt\n|faint|p2a: Iron Valiant\n|-end|p2a: Iron Valiant|Quark Drive|[silent]\n|\n|-heal|p1a: Vaporeon|7/100|[from] item: Leftovers\n|upkeep\n|inactive|Time left: 300 sec this turn | 300 sec total | 5 sec grace\n|\n|t:|1783561296\n|switch|p2a: Lurantis|Lurantis, L87, M|264/264\n|turn|5\n|inactive|Time left: 300 sec this turn | 300 sec total\n|\n|t:|1783561297\n|move|p1a: Vaporeon|Protect|p1a: Vaporeon\n|-singleturn|p1a: Vaporeon|Protect\n|move|p2a: Lurantis|Superpower|p1a: Vaporeon\n|-activate|p1a: Vaporeon|move: Protect\n|\n|-heal|p1a: Vaporeon|13/100|[from] item: Leftovers\n|upkeep\n|turn|6\n|inactive|Time left: 300 sec this turn | 300 sec total\n|\n|t:|1783561298\n|switch|p1a: Weezing|Weezing, L88, M|100/100\n|move|p2a: Lurantis|Leaf Storm|p1a: Weezing\n|-resisted|p1a: Weezing\n|-crit|p1a: Weezing\n|-damage|p1a: Weezing|56/100\n|-boost|p2a: Lurantis|spa|2\n|\n|-heal|p1a: Weezing|62/100|[from] item: Leftovers\n|upkeep\n|turn|7\n|inactive|Time left: 300 sec this turn | 300 sec total\n|\n|t:|1783561299\n|move|p1a: Weezing|Gunk Shot|p2a: Lurantis\n|-supereffective|p2a: Lurantis\n|-damage|p2a: Lurantis|0 fnt\n|faint|p2a: Lurantis\n|\n|-heal|p1a: Weezing|68/100|[from] item: Leftovers\n|upkeep\n|inactive|Time left: 300 sec this turn | 300 sec total | 5 sec grace\n|\n|t:|1783561300\n|switch|p2a: Moltres|Moltres-Galar, L79|271/271\n|turn|8\n|inactive|Time left: 300 sec this turn | 300 sec total\n|\n|t:|1783561301\n|move|p2a: Moltres|Nasty Plot|p2a: Moltres\n|-boost|p2a: Moltres|spa|2\n|move|p1a: Weezing|Pain Split|p2a: Moltres\n|-sethp|p2a: Moltres|223/271|[from] move: Pain Split|[silent]\n|-sethp|p1a: Weezing|87/100|[from] move: Pain Split\n|\n|-heal|p1a: Weezing|93/100|[from] item: Leftovers\n|upkeep\n|turn|9\n|inactive|Time left: 300 sec this turn | 300 sec total\n|\n|t:|1783561302\n|switch|p1a: Lucario|Lucario, L84, M|100/100\n|move|p2a: Moltres|Fiery Wrath|p1a: Lucario\n|-resisted|p1a: Lucario\n|-damage|p1a: Lucario|63/100\n|-ability|p1a: Lucario|Justified|boost\n|-boost|p1a: Lucario|atk|1\n|\n|upkeep\n|turn|10\n|inactive|Time left: 300 sec this turn | 300 sec total\n|\n|t:|1783561303\n|switch|p2a: Drifblim|Drifblim, L86, M|396/396\n|move|p1a: Lucario|Close Combat|p2a: Drifblim\n|-immune|p2a: Drifblim\n|\n|upkeep\n|turn|11\n|inactive|Time left: 300 sec this turn | 300 sec total\n|\n|t:|1783561304\n|move|p1a: Lucario|Close Combat|p2a: Drifblim\n|-immune|p2a: Drifblim\n|move|p2a: Drifblim|Calm Mind|p2a: Drifblim\n|-boost|p2a: Drifblim|spa|1\n|-boost|p2a: Drifblim|spd|1\n|\n|upkeep\n|turn|12\n|inactive|Time left: 300 sec this turn | 300 sec total\n|\n|t:|1783561305\n|move|p1a: Lucario|Close Combat|p2a: Drifblim\n|-immune|p2a: Drifblim\n|move|p2a: Drifblim|Air Slash|p1a: Lucario|[miss]\n|-miss|p2a: Drifblim|p1a: Lucario\n|\n|upkeep\n|turn|13\n|inactive|Time left: 300 sec this turn | 300 sec total\n|\n|t:|1783561306\n|move|p1a: Lucario|Close Combat|p2a: Drifblim\n|-immune|p2a: Drifblim\n|move|p2a: Drifblim|Calm Mind|p2a: Drifblim\n|-boost|p2a: Drifblim|spa|1\n|-boost|p2a: Drifblim|spd|1\n|\n|upkeep\n|turn|14\n|inactive|Time left: 300 sec this turn | 300 sec total\n|\n|t:|1783561307\n|switch|p1a: Vaporeon|Vaporeon, L86, M|13/100\n|move|p2a: Drifblim|Air Slash|p1a: Vaporeon\n|-damage|p1a: Vaporeon|0 fnt\n|faint|p1a: Vaporeon\n|\n|upkeep\n|\n|t:|1783561308\n|switch|p1a: Maushold|Maushold-Four, L76|100/100\n|turn|15\n|inactive|Time left: 300 sec this turn | 300 sec total\n|\n|t:|1783561309\n|move|p1a: Maushold|Bite|p2a: Drifblim\n|-supereffective|p2a: Drifblim\n|-damage|p2a: Drifblim|254/396\n|move|p2a: Drifblim|Air Slash|p1a: Maushold|[miss]\n|-miss|p2a: Drifblim|p1a: Maushold\n|\n|upkeep\n|turn|16\n|inactive|Time left: 300 sec this turn | 300 sec total\n|\n|t:|1783561310\n|move|p1a: Maushold|Bite|p2a: Drifblim\n|-supereffective|p2a: Drifblim\n|-damage|p2a: Drifblim|112/396\n|-enditem|p2a: Drifblim|Sitrus Berry|[eat]\n|-heal|p2a: Drifblim|211/396|[from] item: Sitrus Berry\n|move|p2a: Drifblim|Air Slash|p1a: Maushold\n|-damage|p1a: Maushold|17/100\n|\n|upkeep\n|turn|17\n|inactive|Time left: 300 sec this turn | 300 sec total\n|\n|t:|1783561311\n|move|p2a: Drifblim|Air Slash|p1a: Maushold\n|-damage|p1a: Maushold|0 fnt\n|faint|p1a: Maushold\n|\n|upkeep\n|\n|t:|1783561312\n|switch|p1a: Tsareena|Tsareena, L87, F|100/100\n|turn|18\n|inactive|Time left: 300 sec this turn | 300 sec total\n|\n|t:|1783561313\n|move|p2a: Drifblim|Strength Sap|p1a: Tsareena\n|-unboost|p1a: Tsareena|atk|1\n|-heal|p2a: Drifblim|396/396\n|move|p1a: Tsareena|U-turn|p2a: Drifblim\n|-resisted|p2a: Drifblim\n|-damage|p2a: Drifblim|379/396\n|\n|t:|1783561313\n|switch|p1a: Weezing|Weezing, L88, M|93/100|[from] U-turn\n|\n|-heal|p1a: Weezing|99/100|[from] item: Leftovers\n|upkeep\n|turn|19\n|inactive|Time left: 300 sec this turn | 300 sec total\n|\n|t:|1783561314\n|move|p2a: Drifblim|Shadow Ball|p1a: Weezing\n|-damage|p1a: Weezing|21/100\n|move|p1a: Weezing|Pain Split|p2a: Drifblim\n|-sethp|p2a: Drifblim|216/396|[from] move: Pain Split|[silent]\n|-sethp|p1a: Weezing|84/100|[from] move: Pain Split\n|\n|-heal|p1a: Weezing|90/100|[from] item: Leftovers\n|upkeep\n|turn|20\n|inactive|Time left: 300 sec this turn | 300 sec total\n|\n|t:|1783561315\n|move|p2a: Drifblim|Shadow Ball|p1a: Weezing\n|-damage|p1a: Weezing|14/100\n|move|p1a: Weezing|Pain Split|p2a: Drifblim\n|-sethp|p2a: Drifblim|125/396|[from] move: Pain Split|[silent]\n|-sethp|p1a: Weezing|49/100|[from] move: Pain Split\n|\n|-heal|p1a: Weezing|55/100|[from] item: Leftovers\n|upkeep\n|turn|21\n|inactive|Time left: 300 sec this turn | 300 sec total\n|\n|t:|1783561316\n|move|p2a: Drifblim|Shadow Ball|p1a: Weezing\n|-damage|p1a: Weezing|0 fnt\n|faint|p1a: Weezing\n|\n|upkeep\n|\n|t:|1783561317\n|switch|p1a: Excadrill|Excadrill, L79, M|100/100\n|-ability|p1a: Excadrill|Mold Breaker\n|turn|22\n|inactive|Time left: 300 sec this turn | 300 sec total\n|\n|t:|1783561318\n|move|p2a: Drifblim|Strength Sap|p1a: Excadrill\n|-unboost|p1a: Excadrill|atk|1\n|-heal|p2a: Drifblim|384/396\n|move|p1a: Excadrill|Swords Dance|p1a: Excadrill\n|-boost|p1a: Excadrill|atk|2\n|\n|upkeep\n|turn|23\n|inactive|Time left: 300 sec this turn | 300 sec total\n|\n|t:|1783561319\n|move|p2a: Drifblim|Shadow Ball|p1a: Excadrill\n|-damage|p1a: Excadrill|27/100\n|-unboost|p1a: Excadrill|spd|1\n|move|p1a: Excadrill|Iron Head|p2a: Drifblim\n|-damage|p2a: Drifblim|159/396\n|\n|-heal|p1a: Excadrill|33/100|[from] item: Leftovers\n|upkeep\n|turn|24\n|inactive|Time left: 300 sec this turn | 300 sec total\n|\n|t:|1783561319\n|move|p2a: Drifblim|Strength Sap|p1a: Excadrill\n|-unboost|p1a: Excadrill|atk|1\n|-heal|p2a: Drifblim|396/396\n|move|p1a: Excadrill|Iron Head|p2a: Drifblim\n|-damage|p2a: Drifblim|249/396\n|\n|-heal|p1a: Excadrill|39/100|[from] item: Leftovers\n|upkeep\n|turn|25\n|inactive|Time left: 300 sec this turn | 300 sec total\n|\n|t:|1783561321\n|switch|p1a: Tsareena|Tsareena, L87, F|100/100\n|move|p2a: Drifblim|Shadow Ball|p1a: Tsareena\n|-damage|p1a: Tsareena|65/100\n|-unboost|p1a: Tsareena|spd|1\n|\n|upkeep\n|turn|26\n|inactive|Time left: 300 sec this turn | 300 sec total\n|\n|t:|1783561322\n|switch|p1a: Excadrill|Excadrill, L79, M|39/100\n|-ability|p1a: Excadrill|Mold Breaker\n|move|p2a: Drifblim|Shadow Ball|p1a: Excadrill\n|-damage|p1a: Excadrill|0 fnt\n|faint|p1a: Excadrill\n|\n|upkeep\n|\n|t:|1783561323\n|switch|p1a: Tsareena|Tsareena, L87, F|65/100\n|turn|27\n|inactive|Time left: 300 sec this turn | 300 sec total\n|\n|t:|1783561324\n|-terastallize|p1a: Tsareena|Steel\n|move|p2a: Drifblim|Air Slash|p1a: Tsareena\n|-resisted|p1a: Tsareena\n|-damage|p1a: Tsareena|48/100\n|cant|p1a: Tsareena|flinch\n|\n|upkeep\n|turn|28\n|inactive|Time left: 300 sec this turn | 300 sec total\n|\n|t:|1783561325\n|move|p2a: Drifblim|Shadow Ball|p1a: Tsareena\n|-damage|p1a: Tsareena|9/100\n|move|p1a: Tsareena|Power Whip|p2a: Drifblim\n|-resisted|p2a: Drifblim\n|-damage|p2a: Drifblim|128/396\n|\n|upkeep\n|turn|29\n|inactive|Time left: 300 sec this turn | 300 sec total\n|\n|t:|1783561326\n|move|p2a: Drifblim|Shadow Ball|p1a: Tsareena\n|-damage|p1a: Tsareena|0 fnt\n|faint|p1a: Tsareena\n|\n|upkeep\n|\n|t:|1783561326\n|switch|p1a: Lucario|Lucario, L84, M|63/100\n|turn|30\n|inactive|Time left: 300 sec this turn | 300 sec total\n|\n|t:|1783561327\n|move|p1a: Lucario|Extreme Speed|p2a: Drifblim\n|-immune|p2a: Drifblim\n|move|p2a: Drifblim|Shadow Ball|p1a: Lucario\n|-damage|p1a: Lucario|0 fnt\n|faint|p1a: Lucario\n|\n|win|p0y19054d36", "uploadtime": 1783561327, "views": 0, "rating": 0, "private": 0, "password": null, "_winner": "p0y19054d36", "_our_name": "p0y19054d36"}