{"id": "battle-gen9randombattle-101", "formatid": "gen9randombattle", "format": "[Gen 9] Random Battle", "players": ["p0x101c794", "p0y101a535"], "log": "|init|battle\n|title|p0x101c794 vs. p0y101a535\n|j|\u2606p0x101c794\n|j|\u2606p0y101a535\n|t:|1783540662\n|gametype|singles\n|player|p1|p0x101c794|1|\n|player|p2|p0y101a535|169|\n|gen|9\n|tier|[Gen 9] Random Battle\n|rule|Species Clause: Limit one of each Pok\u00e9mon\n|rule|HP Percentage Mod: HP is shown in percentages\n|rule|Sleep Clause Mod: Limit one foe put to sleep\n|rule|Illusion Level Mod: Illusion disguises the Pok\u00e9mon's true level\n|\n|t:|1783540662\n|teamsize|p1|6\n|teamsize|p2|6\n|start\n|switch|p1a: Morpeko|Morpeko, L88, M|100/100\n|switch|p2a: Calyrex|Calyrex-Shadow, L64|235/235\n|-ability|p2a: Calyrex|As One\n|-ability|p2a: Calyrex|Unnerve\n|turn|1\n|inactive|Battle timer is ON: inactive players will automatically lose when time's up. (requested by p0x101c794)\n|inactive|Time left: 300 sec this turn | 300 sec total | 60 sec grace\n|inactive|p0y101a535 also wants the timer to be on.\n|\n|t:|1783540664\n|switch|p2a: Conkeldurr|Conkeldurr, L80, F|299/299\n|move|p1a: Morpeko|Aura Wheel|p2a: Conkeldurr\n|-damage|p2a: Conkeldurr|181/299\n|-boost|p1a: Morpeko|spe|1\n|\n|-status|p2a: Conkeldurr|brn|[from] item: Flame Orb\n|-formechange|p1a: Morpeko|Morpeko-Hangry||[from] ability: Hunger Switch\n|upkeep\n|turn|2\n|inactive|Time left: 300 sec this turn | 300 sec total\n|\n|t:|1783540665\n|move|p1a: Morpeko|Protect|p1a: Morpeko\n|-singleturn|p1a: Morpeko|Protect\n|move|p2a: Conkeldurr|Mach Punch|p1a: Morpeko\n|-activate|p1a: Morpeko|move: Protect\n|\n|-damage|p2a: Conkeldurr|163/299 brn|[from] brn\n|-formechange|p1a: Morpeko|Morpeko||[from] ability: Hunger Switch\n|upkeep\n|turn|3\n|inactive|Time left: 300 sec this turn | 300 sec total\n|\n|t:|1783540666\n|-terastallize|p1a: Morpeko|Electric\n|move|p1a: Morpeko|Aura Wheel|p2a: Conkeldurr\n|-damage|p2a: Conkeldurr|0 fnt\n|-boost|p1a: Morpeko|spe|1\n|faint|p2a: Conkeldurr\n|\n|upkeep\n|inactive|Time left: 300 sec this turn | 300 sec total | 5 sec grace\n|\n|t:|1783540668\n|switch|p2a: Dedenne|Dedenne, L88, F|261/261\n|turn|4\n|inactive|Time left: 300 sec this turn | 300 sec total\n|\n|t:|1783540669\n|move|p1a: Morpeko|Aura Wheel|p2a: Dedenne\n|-resisted|p2a: Dedenne\n|-damage|p2a: Dedenne|143/261\n|-boost|p1a: Morpeko|spe|1\n|move|p2a: Dedenne|Super Fang|p1a: Morpeko|[miss]\n|-miss|p2a: Dedenne|p1a: Morpeko\n|\n|upkeep\n|turn|5\n|inactive|Time left: 300 sec this turn | 300 sec total\n|\n|t:|1783540670\n|move|p1a: Morpeko|Aura Wheel|p2a: Dedenne\n|-resisted|p2a: Dedenne\n|-damage|p2a: Dedenne|41/261\n|-boost|p1a: Morpeko|spe|1\n|-enditem|p2a: Dedenne|Sitrus Berry|[eat]\n|-heal|p2a: Dedenne|106/261|[from] item: Sitrus Berry\n|-heal|p2a: Dedenne|193/261|[from] ability: Cheek Pouch\n|move|p2a: Dedenne|Super Fang|p1a: Morpeko\n|-damage|p1a: Morpeko|51/100\n|\n|upkeep\n|turn|6\n|inactive|Time left: 300 sec this turn | 300 sec total\n|\n|t:|1783540671\n|move|p1a: Morpeko|Aura Wheel|p2a: Dedenne\n|-resisted|p2a: Dedenne\n|-damage|p2a: Dedenne|84/261\n|-boost|p1a: Morpeko|spe|1\n|move|p2a: Dedenne|Dazzling Gleam|p1a: Morpeko\n|-damage|p1a: Morpeko|4/100\n|\n|upkeep\n|turn|7\n|inactive|Time left: 300 sec this turn | 300 sec total\n|\n|t:|1783540672\n|move|p1a: Morpeko|Aura Wheel|p2a: Dedenne\n|-resisted|p2a: Dedenne\n|-damage|p2a: Dedenne|0 fnt\n|-boost|p1a: Morpeko|spe|1\n|faint|p2a: Dedenne\n|\n|upkeep\n|inactive|Time left: 300 sec this turn | 300 sec total | 5 sec grace\n|\n|t:|1783540673\n|switch|p2a: Basculin|Basculin, L86, M|261/261\n|turn|8\n|inactive|Time left: 300 sec this turn | 300 sec total\n|\n|t:|1783540674\n|move|p2a: Basculin|Aqua Jet|p1a: Morpeko\n|-damage|p1a: Morpeko|0 fnt\n|faint|p1a: Morpeko\n|\n|upkeep\n|\n|t:|1783540674\n|switch|p1a: Heracross|Heracross, L80, F|100/100\n|turn|9\n|inactive|Time left: 300 sec this turn | 300 sec total\n|\n|t:|1783540676\n|move|p2a: Basculin|Aqua Jet|p1a: Heracross\n|-damage|p1a: Heracross|58/100\n|move|p1a: Heracross|Megahorn|p2a: Basculin\n|-damage|p2a: Basculin|0 fnt\n|faint|p2a: Basculin\n|-ability|p1a: Heracross|Moxie|boost\n|-boost|p1a: Heracross|atk|1\n|\n|upkeep\n|inactive|Time left: 300 sec this turn | 300 sec total | 5 sec grace\n|\n|t:|1783540677\n|switch|p2a: Calyrex|Calyrex-Shadow, L64|235/235\n|-ability|p2a: Calyrex|As One\n|-ability|p2a: Calyrex|Unnerve\n|turn|10\n|inactive|Time left: 300 sec this turn | 300 sec total\n|\n|t:|1783540678\n|switch|p1a: Noctowl|Noctowl, L95, M|100/100\n|-terastallize|p2a: Calyrex|Ghost\n|move|p2a: Calyrex|Astral Barrage|p1a: Noctowl\n|-immune|p1a: Noctowl\n|\n|upkeep\n|turn|11\n|inactive|Time left: 300 sec this turn | 300 sec total\n|\n|t:|1783540679\n|move|p2a: Calyrex|Astral Barrage|p1a: Noctowl\n|-immune|p1a: Noctowl\n|move|p1a: Noctowl|Hurricane|p2a: Calyrex\n|-damage|p2a: Calyrex|82/235\n|-start|p2a: Calyrex|confusion\n|\n|upkeep\n|turn|12\n|inactive|Time left: 300 sec this turn | 300 sec total\n|\n|t:|1783540680\n|-activate|p2a: Calyrex|confusion\n|move|p2a: Calyrex|Astral Barrage|p1a: Noctowl\n|-immune|p1a: Noctowl\n|move|p1a: Noctowl|Hurricane|p2a: Calyrex|[miss]\n|-miss|p1a: Noctowl|p2a: Calyrex\n|\n|upkeep\n|turn|13\n|inactive|Time left: 300 sec this turn | 300 sec total\n|\n|t:|1783540681\n|-activate|p2a: Calyrex|confusion\n|move|p2a: Calyrex|Astral Barrage|p1a: Noctowl\n|-immune|p1a: Noctowl\n|move|p1a: Noctowl|Hurricane|p2a: Calyrex\n|-damage|p2a: Calyrex|0 fnt\n|faint|p2a: Calyrex\n|\n|upkeep\n|inactive|Time left: 300 sec this turn | 300 sec total | 5 sec grace\n|\n|t:|1783540683\n|switch|p2a: Venomoth|Venomoth, L84, M|255/255\n|turn|14\n|inactive|Time left: 300 sec this turn | 300 sec total\n|\n|t:|1783540684\n|move|p2a: Venomoth|Sleep Powder|p1a: Noctowl|[miss]\n|-miss|p2a: Venomoth|p1a: Noctowl\n|move|p1a: Noctowl|Hurricane|p2a: Venomoth|[miss]\n|-miss|p1a: Noctowl|p2a: Venomoth\n|\n|upkeep\n|turn|15\n|inactive|Time left: 300 sec this turn | 300 sec total\n|\n|t:|1783540685\n|move|p2a: Venomoth|Sleep Powder|p1a: Noctowl\n|-status|p1a: Noctowl|slp|[from] move: Sleep Powder\n|cant|p1a: Noctowl|slp\n|\n|upkeep\n|turn|16\n|inactive|Time left: 300 sec this turn | 300 sec total\n|\n|t:|1783540686\n|switch|p1a: Banette|Banette, L93, F|100/100\n|move|p2a: Venomoth|Quiver Dance|p2a: Venomoth\n|-boost|p2a: Venomoth|spa|1\n|-boost|p2a: Venomoth|spd|1\n|-boost|p2a: Venomoth|spe|1\n|\n|upkeep\n|turn|17\n|inactive|Time left: 300 sec this turn | 300 sec total\n|\n|t:|1783540687\n|switch|p2a: Terapagos|Terapagos, L77, F|265/265\n|-activate|p2a: Terapagos|ability: Tera Shift\n|detailschange|p2a: Terapagos|Terapagos-Terastal, L77, F\n|-heal|p2a: Terapagos|273/273|[silent]\n|move|p1a: Banette|Poltergeist|p2a: Terapagos\n|-immune|p2a: Terapagos\n|\n|upkeep\n|turn|18\n|inactive|Time left: 300 sec this turn | 300 sec total\n|\n|t:|1783540687\n|switch|p1a: Heracross|Heracross, L80, F|58/100\n|move|p2a: Terapagos|Calm Mind|p2a: Terapagos\n|-boost|p2a: Terapagos|spa|1\n|-boost|p2a: Terapagos|spd|1\n|\n|upkeep\n|turn|19\n|inactive|Time left: 300 sec this turn | 300 sec total\n|\n|t:|1783540688\n|move|p1a: Heracross|Close Combat|p2a: Terapagos\n|-activate|p2a: Terapagos|ability: Tera Shell\n|-resisted|p2a: Terapagos\n|-damage|p2a: Terapagos|174/273\n|-unboost|p1a: Heracross|def|1\n|-unboost|p1a: Heracross|spd|1\n|move|p2a: Terapagos|Tera Starstorm|p1a: Heracross\n|-damage|p1a: Heracross|0 fnt\n|faint|p1a: Heracross\n|\n|upkeep\n|\n|t:|1783540689\n|switch|p1a: Banette|Banette, L93, F|100/100\n|turn|20\n|inactive|Time left: 300 sec this turn | 300 sec total\n|\n|t:|1783540690\n|move|p2a: Terapagos|Dark Pulse|p1a: Banette\n|-supereffective|p1a: Banette\n|-crit|p1a: Banette\n|-damage|p1a: Banette|0 fnt\n|faint|p1a: Banette\n|\n|upkeep\n|\n|t:|1783540690\n|switch|p1a: Pecharunt|Pecharunt, L77|100/100\n|turn|21\n|inactive|Time left: 300 sec this turn | 300 sec total\n|\n|t:|1783540691\n|move|p1a: Pecharunt|Malignant Chain|p2a: Terapagos\n|-damage|p2a: Terapagos|123/273\n|-status|p2a: Terapagos|tox\n|-start|p2a: Terapagos|confusion|[from] ability: Poison Puppeteer|[of] p1a: Pecharunt\n|-activate|p2a: Terapagos|confusion\n|move|p2a: Terapagos|Calm Mind|p2a: Terapagos\n|-boost|p2a: Terapagos|spa|1\n|-boost|p2a: Terapagos|spd|1\n|\n|-damage|p2a: Terapagos|106/273 tox|[from] psn\n|upkeep\n|turn|22\n|inactive|Time left: 300 sec this turn | 300 sec total\n|\n|t:|1783540692\n|move|p1a: Pecharunt|Nasty Plot|p1a: Pecharunt\n|-boost|p1a: Pecharunt|spa|2\n|-end|p2a: Terapagos|confusion\n|move|p2a: Terapagos|Rest|p2a: Terapagos\n|-status|p2a: Terapagos|slp|[from] move: Rest\n|-heal|p2a: Terapagos|273/273 slp|[silent]\n|-enditem|p2a: Terapagos|Chesto Berry|[eat]\n|-curestatus|p2a: Terapagos|slp|[msg]\n|\n|upkeep\n|turn|23\n|inactive|Time left: 300 sec this turn | 300 sec total\n|\n|t:|1783540693\n|move|p1a: Pecharunt|Malignant Chain|p2a: Terapagos\n|-activate|p2a: Terapagos|ability: Tera Shell\n|-resisted|p2a: Terapagos\n|-damage|p2a: Terapagos|236/273\n|move|p2a: Terapagos|Dark Pulse|p1a: Pecharunt\n|-supereffective|p1a: Pecharunt\n|-damage|p1a: Pecharunt|10/100\n|\n|-heal|p1a: Pecharunt|16/100|[from] item: Leftovers\n|upkeep\n|turn|24\n|inactive|Time left: 300 sec this turn | 300 sec total\n|\n|t:|1783540694\n|move|p1a: Pecharunt|Malignant Chain|p2a: Terapagos\n|-damage|p2a: Terapagos|154/273\n|-status|p2a: Terapagos|tox\n|-start|p2a: Terapagos|confusion|[from] ability: Poison Puppeteer|[of] p1a: Pecharunt\n|-activate|p2a: Terapagos|confusion\n|move|p2a: Terapagos|Dark Pulse|p1a: Pecharunt\n|-supereffective|p1a: Pecharunt\n|-damage|p1a: Pecharunt|0 fnt\n|faint|p1a: Pecharunt\n|\n|-damage|p2a: Terapagos|137/273 tox|[from] psn\n|upkeep\n|\n|t:|1783540695\n|switch|p1a: Noctowl|Noctowl, L95, M|100/100 slp\n|turn|25\n|inactive|Time left: 300 sec this turn | 300 sec total\n|\n|t:|1783540696\n|-curestatus|p1a: Noctowl|slp|[msg]\n|move|p1a: Noctowl|Calm Mind|p1a: Noctowl\n|-boost|p1a: Noctowl|spa|1\n|-boost|p1a: Noctowl|spd|1\n|-activate|p2a: Terapagos|confusion\n|move|p2a: Terapagos|Rest|p2a: Terapagos\n|-status|p2a: Terapagos|slp|[from] move: Rest\n|-heal|p2a: Terapagos|273/273 slp|[silent]\n|\n|upkeep\n|turn|26\n|inactive|Time left: 300 sec this turn | 300 sec total\n|\n|t:|1783540697\n|move|p1a: Noctowl|Calm Mind|p1a: Noctowl\n|-boost|p1a: Noctowl|spa|1\n|-boost|p1a: Noctowl|spd|1\n|cant|p2a: Terapagos|slp\n|\n|upkeep\n|turn|27\n|inactive|Time left: 300 sec this turn | 300 sec total\n|\n|t:|1783540698\n|move|p1a: Noctowl|Calm Mind|p1a: Noctowl\n|-boost|p1a: Noctowl|spa|1\n|-boost|p1a: Noctowl|spd|1\n|cant|p2a: Terapagos|slp\n|\n|upkeep\n|turn|28\n|inactive|Time left: 300 sec this turn | 300 sec total\n|\n|t:|1783540700\n|move|p1a: Noctowl|Hyper Voice|p2a: Terapagos\n|-activate|p2a: Terapagos|ability: Tera Shell\n|-resisted|p2a: Terapagos\n|-damage|p2a: Terapagos|137/273 slp\n|-curestatus|p2a: Terapagos|slp|[msg]\n|-activate|p2a: Terapagos|confusion\n|move|p2a: Terapagos|Calm Mind|p2a: Terapagos\n|-boost|p2a: Terapagos|spa|1\n|-boost|p2a: Terapagos|spd|1\n|\n|upkeep\n|turn|29\n|inactive|Time left: 300 sec this turn | 300 sec total\n|\n|t:|1783540701\n|move|p1a: Noctowl|Hyper Voice|p2a: Terapagos\n|-damage|p2a: Terapagos|44/273\n|-end|p2a: Terapagos|confusion\n|move|p2a: Terapagos|Rest|p2a: Terapagos\n|-status|p2a: Terapagos|slp|[from] move: Rest\n|-heal|p2a: Terapagos|273/273 slp|[silent]\n|\n|upkeep\n|turn|30\n|inactive|Time left: 300 sec this turn | 300 sec total\n|\n|t:|1783540702\n|move|p1a: Noctowl|Hyper Voice|p2a: Terapagos\n|-activate|p2a: Terapagos|ability: Tera Shell\n|-resisted|p2a: Terapagos\n|-damage|p2a: Terapagos|171/273 slp\n|cant|p2a: Terapagos|slp\n|\n|upkeep\n|turn|31\n|inactive|Time left: 300 sec this turn | 300 sec total\n|\n|t:|1783540703\n|move|p1a: Noctowl|Hyper Voice|p2a: Terapagos\n|-damage|p2a: Terapagos|62/273 slp\n|cant|p2a: Terapagos|slp\n|\n|upkeep\n|turn|32\n|inactive|Time left: 300 sec this turn | 300 sec total\n|\n|t:|1783540704\n|move|p1a: Noctowl|Hyper Voice|p2a: Terapagos\n|-damage|p2a: Terapagos|0 fnt\n|faint|p2a: Terapagos\n|\n|upkeep\n|inactive|Time left: 300 sec this turn | 300 sec total | 5 sec grace\n|\n|t:|1783540705\n|switch|p2a: Venomoth|Venomoth, L84, M|255/255\n|turn|33\n|inactive|Time left: 300 sec this turn | 300 sec total\n|\n|t:|1783540706\n|move|p2a: Venomoth|Sleep Powder|p1a: Noctowl\n|-status|p1a: Noctowl|slp|[from] move: Sleep Powder\n|cant|p1a: Noctowl|slp\n|\n|upkeep\n|turn|34\n|inactive|Time left: 300 sec this turn | 300 sec total\n|\n|t:|1783540707\n|move|p2a: Venomoth|Quiver Dance|p2a: Venomoth\n|-boost|p2a: Venomoth|spa|1\n|-boost|p2a: Venomoth|spd|1\n|-boost|p2a: Venomoth|spe|1\n|cant|p1a: Noctowl|slp\n|\n|upkeep\n|turn|35\n|inactive|Time left: 300 sec this turn | 300 sec total\n|\n|t:|1783540709\n|move|p2a: Venomoth|Quiver Dance|p2a: Venomoth\n|-boost|p2a: Venomoth|spa|1\n|-boost|p2a: Venomoth|spd|1\n|-boost|p2a: Venomoth|spe|1\n|cant|p1a: Noctowl|slp\n|\n|upkeep\n|turn|36\n|inactive|Time left: 300 sec this turn | 300 sec total\n|\n|t:|1783540710\n|move|p2a: Venomoth|Quiver Dance|p2a: Venomoth\n|-boost|p2a: Venomoth|spa|1\n|-boost|p2a: Venomoth|spd|1\n|-boost|p2a: Venomoth|spe|1\n|-curestatus|p1a: Noctowl|slp|[msg]\n|move|p1a: Noctowl|Hurricane|p2a: Venomoth\n|-supereffective|p2a: Venomoth\n|-damage|p2a: Venomoth|0 fnt\n|faint|p2a: Venomoth\n|\n|win|p0x101c794", "uploadtime": 1783540710, "views": 0, "rating": 0, "private": 0, "password": null, "_winner": "p0x101c794", "_our_name": "p0y101a535"}