{"id": "battle-gen9randombattle-715", "formatid": "gen9randombattle", "format": "[Gen 9] Random Battle", "players": ["p0x71553dc", "p0y715b6be"], "log": "|init|battle\n|title|p0x71553dc vs. p0y715b6be\n|j|\u2606p0x71553dc\n|j|\u2606p0y715b6be\n|t:|1783548123\n|gametype|singles\n|player|p1|p0x71553dc|169|\n|player|p2|p0y715b6be|265|\n|gen|9\n|tier|[Gen 9] Random Battle\n|rule|Species Clause: Limit one of each Pok\u00e9mon\n|rule|HP Percentage Mod: HP is shown in percentages\n|rule|Sleep Clause Mod: Limit one foe put to sleep\n|rule|Illusion Level Mod: Illusion disguises the Pok\u00e9mon's true level\n|\n|t:|1783548123\n|teamsize|p1|6\n|teamsize|p2|6\n|start\n|switch|p1a: Kilowattrel|Kilowattrel, L83, M|252/252\n|switch|p2a: Infernape|Infernape, L82, F|100/100\n|turn|1\n|inactive|Battle timer is ON: inactive players will automatically lose when time's up. (requested by p0y715b6be)\n|inactive|Time left: 300 sec this turn | 300 sec total | 60 sec grace\n|inactive|p0x71553dc also wants the timer to be on.\n|\n|t:|1783548124\n|switch|p2a: Diancie|Diancie, L82|100/100\n|move|p1a: Kilowattrel|Hurricane|p2a: Diancie\n|-resisted|p2a: Diancie\n|-damage|p2a: Diancie|83/100\n|-start|p2a: Diancie|confusion\n|\n|-heal|p2a: Diancie|89/100|[from] item: Leftovers\n|upkeep\n|turn|2\n|inactive|Time left: 300 sec this turn | 300 sec total\n|\n|t:|1783548126\n|move|p1a: Kilowattrel|U-turn|p2a: Diancie\n|-resisted|p2a: Diancie\n|-damage|p2a: Diancie|83/100\n|inactive|Time left: 300 sec this turn | 300 sec total | 5 sec grace\n|\n|t:|1783548127\n|switch|p1a: Crabominable|Crabominable, L90, F|321/321|[from] U-turn\n|-activate|p2a: Diancie|confusion\n|move|p2a: Diancie|Diamond Storm|p1a: Crabominable\n|-damage|p1a: Crabominable|216/321\n|\n|-heal|p2a: Diancie|89/100|[from] item: Leftovers\n|upkeep\n|turn|3\n|inactive|Time left: 300 sec this turn | 300 sec total\n|\n|t:|1783548128\n|switch|p2a: Primarina|Primarina, L83, M|100/100\n|move|p1a: Crabominable|Earthquake|p2a: Primarina\n|-damage|p2a: Primarina|34/100\n|\n|upkeep\n|turn|4\n|inactive|Time left: 300 sec this turn | 300 sec total\n|\n|t:|1783548130\n|switch|p1a: Veluza|Veluza, L85, F|292/292\n|move|p2a: Primarina|Moonblast|p1a: Veluza\n|-damage|p1a: Veluza|51/292\n|\n|upkeep\n|turn|5\n|inactive|Time left: 300 sec this turn | 300 sec total\n|\n|t:|1783548131\n|move|p1a: Veluza|Aqua Cutter|p2a: Primarina\n|-resisted|p2a: Primarina\n|-damage|p2a: Primarina|0 fnt\n|faint|p2a: Primarina\n|\n|upkeep\n|\n|t:|1783548132\n|switch|p2a: Torterra|Torterra, L78, F|100/100\n|turn|6\n|inactive|Time left: 300 sec this turn | 300 sec total\n|\n|t:|1783548133\n|move|p1a: Veluza|Aqua Cutter|p2a: Torterra\n|-damage|p2a: Torterra|40/100\n|move|p2a: Torterra|Shell Smash|p2a: Torterra\n|-unboost|p2a: Torterra|def|1\n|-unboost|p2a: Torterra|spd|1\n|-boost|p2a: Torterra|atk|2\n|-boost|p2a: Torterra|spa|2\n|-boost|p2a: Torterra|spe|2\n|\n|upkeep\n|turn|7\n|inactive|Time left: 300 sec this turn | 300 sec total\n|\n|t:|1783548134\n|move|p2a: Torterra|Bullet Seed|p1a: Veluza\n|-supereffective|p1a: Veluza\n|-damage|p1a: Veluza|0 fnt\n|faint|p1a: Veluza\n|-hitcount|p1: Veluza|1\n|\n|upkeep\n|inactive|Time left: 300 sec this turn | 300 sec total | 5 sec grace\n|\n|t:|1783548135\n|switch|p1a: Electrode|Electrode, L92|260/260\n|turn|8\n|inactive|Time left: 300 sec this turn | 300 sec total\n|\n|t:|1783548136\n|move|p1a: Electrode|Foul Play|p2a: Torterra\n|-damage|p2a: Torterra|0 fnt\n|faint|p2a: Torterra\n|\n|upkeep\n|\n|t:|1783548137\n|switch|p2a: Diancie|Diancie, L82|89/100\n|turn|9\n|inactive|Time left: 300 sec this turn | 300 sec total\n|\n|t:|1783548138\n|move|p1a: Electrode|Thunderbolt|p2a: Diancie\n|-damage|p2a: Diancie|61/100\n|move|p2a: Diancie|Diamond Storm|p1a: Electrode\n|-damage|p1a: Electrode|157/260\n|\n|-heal|p2a: Diancie|67/100|[from] item: Leftovers\n|upkeep\n|turn|10\n|inactive|Time left: 300 sec this turn | 300 sec total\n|\n|t:|1783548139\n|move|p1a: Electrode|Thunderbolt|p2a: Diancie\n|-damage|p2a: Diancie|34/100\n|move|p2a: Diancie|Diamond Storm|p1a: Electrode\n|-damage|p1a: Electrode|39/260\n|\n|-heal|p2a: Diancie|40/100|[from] item: Leftovers\n|upkeep\n|turn|11\n|inactive|Time left: 300 sec this turn | 300 sec total\n|\n|t:|1783548140\n|-terastallize|p1a: Electrode|Electric\n|move|p1a: Electrode|Thunderbolt|p2a: Diancie\n|-damage|p2a: Diancie|1/100\n|move|p2a: Diancie|Draining Kiss|p1a: Electrode\n|-damage|p1a: Electrode|0 fnt\n|-heal|p2a: Diancie|14/100|[from] drain|[of] p1a: Electrode\n|faint|p1a: Electrode\n|\n|-heal|p2a: Diancie|20/100|[from] item: Leftovers\n|upkeep\n|inactive|Time left: 300 sec this turn | 300 sec total | 5 sec grace\n|\n|t:|1783548141\n|switch|p1a: Crabominable|Crabominable, L90, F|216/321\n|turn|12\n|inactive|Time left: 300 sec this turn | 300 sec total\n|\n|t:|1783548142\n|move|p1a: Crabominable|Drain Punch|p2a: Diancie\n|-damage|p2a: Diancie|0 fnt\n|-heal|p1a: Crabominable|238/321|[from] drain|[of] p2a: Diancie\n|faint|p2a: Diancie\n|\n|upkeep\n|\n|t:|1783548143\n|switch|p2a: Zamazenta|Zamazenta-Crowned, L68|100/100\n|-ability|p2a: Zamazenta|Dauntless Shield|boost\n|-boost|p2a: Zamazenta|def|1\n|turn|13\n|inactive|Time left: 300 sec this turn | 300 sec total\n|\n|t:|1783548144\n|switch|p1a: Dragapult|Dragapult, L77, M|262/262\n|move|p2a: Zamazenta|Body Press|p1a: Dragapult\n|-immune|p1a: Dragapult\n|\n|upkeep\n|turn|14\n|inactive|Time left: 300 sec this turn | 300 sec total\n|\n|t:|1783548145\n|move|p1a: Dragapult|Fire Blast|p2a: Zamazenta|[miss]\n|-miss|p1a: Dragapult|p2a: Zamazenta\n|move|p2a: Zamazenta|Heavy Slam|p1a: Dragapult\n|-crit|p1a: Dragapult\n|-damage|p1a: Dragapult|69/262\n|\n|upkeep\n|turn|15\n|inactive|Time left: 300 sec this turn | 300 sec total\n|\n|t:|1783548146\n|-terastallize|p2a: Zamazenta|Fighting\n|move|p1a: Dragapult|Fire Blast|p2a: Zamazenta\n|-damage|p2a: Zamazenta|71/100\n|-damage|p1a: Dragapult|43/262|[from] item: Life Orb\n|move|p2a: Zamazenta|Heavy Slam|p1a: Dragapult\n|-damage|p1a: Dragapult|0 fnt\n|faint|p1a: Dragapult\n|\n|upkeep\n|inactive|Time left: 300 sec this turn | 300 sec total | 5 sec grace\n|\n|t:|1783548147\n|switch|p1a: Kilowattrel|Kilowattrel, L83, M|252/252\n|turn|16\n|inactive|Time left: 300 sec this turn | 300 sec total\n|\n|t:|1783548148\n|switch|p2a: Brambleghast|Brambleghast, L88, F|100/100\n|move|p1a: Kilowattrel|Hurricane|p2a: Brambleghast\n|-ability|p2a: Brambleghast|Wind Rider|boost\n|-boost|p2a: Brambleghast|atk|1\n|\n|upkeep\n|turn|17\n|inactive|Time left: 300 sec this turn | 300 sec total\n|\n|t:|1783548149\n|move|p1a: Kilowattrel|U-turn|p2a: Brambleghast\n|-damage|p2a: Brambleghast|83/100\n|inactive|Time left: 300 sec this turn | 300 sec total | 5 sec grace\n|\n|t:|1783548150\n|switch|p1a: Crabominable|Crabominable, L90, F|238/321|[from] U-turn\n|move|p2a: Brambleghast|Poltergeist|p1a: Crabominable\n|-activate|p1a: Crabominable|move: Poltergeist|Choice Band\n|-damage|p1a: Crabominable|21/321\n|\n|-heal|p2a: Brambleghast|90/100|[from] item: Leftovers\n|upkeep\n|turn|18\n|inactive|Time left: 300 sec this turn | 300 sec total\n|\n|t:|1783548151\n|move|p2a: Brambleghast|Poltergeist|p1a: Crabominable\n|-activate|p1a: Crabominable|move: Poltergeist|Choice Band\n|-damage|p1a: Crabominable|0 fnt\n|faint|p1a: Crabominable\n|\n|-heal|p2a: Brambleghast|96/100|[from] item: Leftovers\n|upkeep\n|inactive|Time left: 300 sec this turn | 300 sec total | 5 sec grace\n|\n|t:|1783548152\n|switch|p1a: Lucario|Lucario, L84, F|255/255\n|turn|19\n|inactive|Time left: 300 sec this turn | 300 sec total\n|\n|t:|1783548153\n|move|p2a: Brambleghast|Poltergeist|p1a: Lucario\n|-activate|p1a: Lucario|move: Poltergeist|Life Orb\n|-damage|p1a: Lucario|9/255\n|move|p1a: Lucario|Meteor Mash|p2a: Brambleghast\n|-damage|p2a: Brambleghast|36/100\n|-damage|p1a: Lucario|0 fnt|[from] item: Life Orb\n|faint|p1a: Lucario\n|\n|-heal|p2a: Brambleghast|42/100|[from] item: Leftovers\n|upkeep\n|inactive|Time left: 300 sec this turn | 300 sec total | 5 sec grace\n|\n|t:|1783548154\n|switch|p1a: Kilowattrel|Kilowattrel, L83, M|252/252\n|turn|20\n|inactive|Time left: 300 sec this turn | 300 sec total\n|\n|t:|1783548155\n|move|p1a: Kilowattrel|Discharge|p2a: Brambleghast\n|-resisted|p2a: Brambleghast\n|-damage|p2a: Brambleghast|20/100\n|move|p2a: Brambleghast|Poltergeist|p1a: Kilowattrel\n|-activate|p1a: Kilowattrel|move: Poltergeist|Heavy-Duty Boots\n|-damage|p1a: Kilowattrel|0 fnt\n|faint|p1a: Kilowattrel\n|\n|win|p0y715b6be", "uploadtime": 1783548155, "views": 0, "rating": 0, "private": 0, "password": null, "_winner": "p0y715b6be", "_our_name": "p0x71553dc"}