{"id": "battle-gen9randombattle-841", "formatid": "gen9randombattle", "format": "[Gen 9] Random Battle", "players": ["p0x84199ad", "p0y841dc04"], "log": "|init|battle\n|title|p0x84199ad vs. p0y841dc04\n|j|\u2606p0x84199ad\n|j|\u2606p0y841dc04\n|t:|1783549641\n|gametype|singles\n|player|p1|p0x84199ad|266|\n|player|p2|p0y841dc04|101|\n|gen|9\n|tier|[Gen 9] Random Battle\n|rule|Species Clause: Limit one of each Pok\u00e9mon\n|rule|HP Percentage Mod: HP is shown in percentages\n|rule|Sleep Clause Mod: Limit one foe put to sleep\n|rule|Illusion Level Mod: Illusion disguises the Pok\u00e9mon's true level\n|\n|t:|1783549641\n|teamsize|p1|6\n|teamsize|p2|6\n|start\n|switch|p1a: Lokix|Lokix, L82, F|100/100\n|switch|p2a: Honchkrow|Honchkrow, L86, M|312/312\n|turn|1\n|inactive|Battle timer is ON: inactive players will automatically lose when time's up. (requested by p0y841dc04)\n|inactive|p0x84199ad also wants the timer to be on.\n|\n|t:|1783549642\n|-terastallize|p1a: Lokix|Dark\n|move|p1a: Lokix|Knock Off|p2a: Honchkrow\n|-resisted|p2a: Honchkrow\n|-damage|p2a: Honchkrow|81/312\n|-enditem|p2a: Honchkrow|Heavy-Duty Boots|[from] move: Knock Off|[of] p1a: Lokix\n|-damage|p1a: Lokix|91/100|[from] item: Life Orb\n|move|p2a: Honchkrow|Brave Bird|p1a: Lokix\n|-damage|p1a: Lokix|21/100\n|-damage|p2a: Honchkrow|23/312|[from] Recoil\n|\n|upkeep\n|turn|2\n|inactive|Time left: 300 sec this turn | 300 sec total\n|\n|t:|1783549643\n|move|p2a: Honchkrow|Sucker Punch|p1a: Lokix\n|-resisted|p1a: Lokix\n|-damage|p1a: Lokix|0 fnt\n|faint|p1a: Lokix\n|-ability|p2a: Honchkrow|Moxie|boost\n|-boost|p2a: Honchkrow|atk|1\n|\n|upkeep\n|\n|t:|1783549644\n|switch|p1a: Flygon|Flygon, L82, F|100/100\n|turn|3\n|inactive|Time left: 300 sec this turn | 300 sec total\n|\n|t:|1783549645\n|move|p2a: Honchkrow|Sucker Punch|p1a: Flygon\n|-damage|p1a: Flygon|45/100\n|move|p1a: Flygon|Outrage|p2a: Honchkrow\n|-damage|p2a: Honchkrow|0 fnt\n|faint|p2a: Honchkrow\n|\n|upkeep\n|inactive|Time left: 300 sec this turn | 300 sec total | 5 sec grace\n|\n|t:|1783549646\n|switch|p2a: Serperior|Serperior, L79, M|248/248\n|turn|4\n|inactive|Time left: 300 sec this turn | 300 sec total\n|\n|t:|1783549648\n|move|p1a: Flygon|Outrage|p2a: Serperior|[from] lockedmove\n|-damage|p2a: Serperior|121/248\n|-start|p1a: Flygon|confusion|[fatigue]\n|move|p2a: Serperior|Leaf Storm|p1a: Flygon\n|-damage|p1a: Flygon|0 fnt\n|-boost|p2a: Serperior|spa|2\n|faint|p1a: Flygon\n|-damage|p2a: Serperior|97/248|[from] item: Life Orb\n|\n|upkeep\n|\n|t:|1783549649\n|switch|p1a: Grafaiai|Grafaiai, L86, F|100/100\n|turn|5\n|inactive|Time left: 300 sec this turn | 300 sec total\n|\n|t:|1783549650\n|move|p1a: Grafaiai|Gunk Shot|p2a: Serperior\n|-supereffective|p2a: Serperior\n|-damage|p2a: Serperior|0 fnt\n|faint|p2a: Serperior\n|\n|upkeep\n|inactive|Time left: 300 sec this turn | 300 sec total | 5 sec grace\n|\n|t:|1783549651\n|switch|p2a: Zekrom|Zekrom, L71|259/259\n|-ability|p2a: Zekrom|Teravolt\n|turn|6\n|inactive|Time left: 300 sec this turn | 300 sec total\n|\n|t:|1783549652\n|move|p1a: Grafaiai|Super Fang|p2a: Zekrom\n|-damage|p2a: Zekrom|130/259\n|move|p2a: Zekrom|Dragon Dance|p2a: Zekrom\n|-boost|p2a: Zekrom|atk|1\n|-boost|p2a: Zekrom|spe|1\n|\n|-heal|p2a: Zekrom|146/259|[from] item: Leftovers\n|upkeep\n|turn|7\n|inactive|Time left: 300 sec this turn | 300 sec total\n|\n|t:|1783549653\n|move|p2a: Zekrom|Bolt Strike|p1a: Grafaiai\n|-damage|p1a: Grafaiai|0 fnt\n|faint|p1a: Grafaiai\n|\n|-heal|p2a: Zekrom|162/259|[from] item: Leftovers\n|upkeep\n|\n|t:|1783549654\n|switch|p1a: Goodra|Goodra-Hisui, L82, M|100/100\n|turn|8\n|inactive|Time left: 300 sec this turn | 300 sec total\n|\n|t:|1783549655\n|move|p2a: Zekrom|Substitute|p2a: Zekrom\n|-start|p2a: Zekrom|Substitute\n|-damage|p2a: Zekrom|98/259\n|move|p1a: Goodra|Dragon Tail|p2a: Zekrom\n|-supereffective|p2a: Zekrom\n|-end|p2a: Zekrom|Substitute\n|\n|-heal|p2a: Zekrom|114/259|[from] item: Leftovers\n|upkeep\n|turn|9\n|inactive|Time left: 300 sec this turn | 300 sec total\n|\n|t:|1783549656\n|move|p2a: Zekrom|Outrage|p1a: Goodra\n|-damage|p1a: Goodra|27/100\n|move|p1a: Goodra|Dragon Tail|p2a: Zekrom\n|-supereffective|p2a: Zekrom\n|-damage|p2a: Zekrom|0 fnt\n|faint|p2a: Zekrom\n|\n|upkeep\n|inactive|Time left: 300 sec this turn | 300 sec total | 5 sec grace\n|\n|t:|1783549657\n|switch|p2a: Basculegion|Basculegion-F, L83, F|335/335\n|turn|10\n|inactive|Time left: 300 sec this turn | 300 sec total\n|\n|t:|1783549658\n|move|p2a: Basculegion|Wave Crash|p1a: Goodra\n|-resisted|p1a: Goodra\n|-damage|p1a: Goodra|0 fnt\n|faint|p1a: Goodra\n|-damage|p2a: Basculegion|312/335|[from] Recoil\n|\n|upkeep\n|\n|t:|1783549659\n|switch|p1a: Malamar|Malamar, L82, F|100/100\n|turn|11\n|inactive|Time left: 300 sec this turn | 300 sec total\n|\n|t:|1783549660\n|move|p2a: Basculegion|Hydro Pump|p1a: Malamar\n|-damage|p1a: Malamar|34/100\n|move|p1a: Malamar|Knock Off|p2a: Basculegion\n|-supereffective|p2a: Basculegion\n|-damage|p2a: Basculegion|76/335\n|-enditem|p2a: Basculegion|Assault Vest|[from] move: Knock Off|[of] p1a: Malamar\n|\n|upkeep\n|turn|12\n|inactive|Time left: 300 sec this turn | 300 sec total\n|\n|t:|1783549661\n|move|p2a: Basculegion|Shadow Ball|p1a: Malamar\n|-damage|p1a: Malamar|0 fnt\n|faint|p1a: Malamar\n|\n|upkeep\n|\n|t:|1783549663\n|switch|p1a: Moltres|Moltres, L81|100/100\n|turn|13\n|inactive|Time left: 300 sec this turn | 300 sec total\n|\n|t:|1783549664\n|switch|p2a: Qwilfish|Qwilfish-Hisui, L83, F|244/244\n|-ability|p2a: Qwilfish|Intimidate|boost\n|-unboost|p1a: Moltres|atk|1\n|move|p1a: Moltres|Brave Bird|p2a: Qwilfish\n|-damage|p2a: Qwilfish|189/244\n|-damage|p1a: Moltres|94/100|[from] Recoil\n|\n|upkeep\n|turn|14\n|inactive|Time left: 300 sec this turn | 300 sec total\n|\n|t:|1783549665\n|move|p1a: Moltres|Fire Blast|p2a: Qwilfish\n|-damage|p2a: Qwilfish|59/244\n|move|p2a: Qwilfish|Gunk Shot|p1a: Moltres\n|-damage|p1a: Moltres|45/100\n|-status|p1a: Moltres|psn\n|\n|-damage|p1a: Moltres|33/100 psn|[from] psn\n|upkeep\n|turn|15\n|inactive|Time left: 300 sec this turn | 300 sec total\n|\n|t:|1783549666\n|-terastallize|p2a: Qwilfish|Poison\n|move|p1a: Moltres|Roost|p1a: Moltres\n|-heal|p1a: Moltres|83/100 psn\n|-singleturn|p1a: Moltres|move: Roost\n|move|p2a: Qwilfish|Gunk Shot|p1a: Moltres|[miss]\n|-miss|p2a: Qwilfish|p1a: Moltres\n|\n|-damage|p1a: Moltres|71/100 psn|[from] psn\n|upkeep\n|turn|16\n|inactive|Time left: 300 sec this turn | 300 sec total\n|\n|t:|1783549667\n|switch|p2a: Basculegion|Basculegion-F, L83, F|76/335\n|move|p1a: Moltres|Fire Blast|p2a: Basculegion\n|-resisted|p2a: Basculegion\n|-damage|p2a: Basculegion|4/335\n|\n|-damage|p1a: Moltres|58/100 psn|[from] psn\n|upkeep\n|turn|17\n|inactive|Time left: 300 sec this turn | 300 sec total\n|\n|t:|1783549668\n|switch|p2a: Orthworm|Orthworm, L88, F|266/266\n|move|p1a: Moltres|Fire Blast|p2a: Orthworm\n|-supereffective|p2a: Orthworm\n|-damage|p2a: Orthworm|0 fnt\n|faint|p2a: Orthworm\n|\n|-damage|p1a: Moltres|46/100 psn|[from] psn\n|upkeep\n|inactive|Time left: 300 sec this turn | 300 sec total | 5 sec grace\n|\n|t:|1783549669\n|switch|p2a: Basculegion|Basculegion-F, L83, F|4/335\n|turn|18\n|inactive|Time left: 300 sec this turn | 300 sec total\n|\n|t:|1783549669\n|move|p1a: Moltres|Brave Bird|p2a: Basculegion\n|-damage|p2a: Basculegion|0 fnt\n|faint|p2a: Basculegion\n|-damage|p1a: Moltres|46/100 psn|[from] Recoil\n|\n|-damage|p1a: Moltres|34/100 psn|[from] psn\n|upkeep\n|inactive|Time left: 300 sec this turn | 300 sec total | 5 sec grace\n|\n|t:|1783549670\n|switch|p2a: Qwilfish|Qwilfish-Hisui, L83, F, tera:Poison|59/244\n|-ability|p2a: Qwilfish|Intimidate|boost\n|-unboost|p1a: Moltres|atk|1\n|turn|19\n|inactive|Time left: 300 sec this turn | 300 sec total\n|\n|t:|1783549671\n|move|p1a: Moltres|Fire Blast|p2a: Qwilfish\n|-damage|p2a: Qwilfish|0 fnt\n|faint|p2a: Qwilfish\n|\n|win|p0x84199ad", "uploadtime": 1783549671, "views": 0, "rating": 0, "private": 0, "password": null, "_winner": "p0x84199ad", "_our_name": "p0y841dc04"}