{"id": "battle-gen9randombattle-2981", "formatid": "gen9randombattle", "format": "[Gen 9] Random Battle", "players": ["p0x2981ca5e", "p0y2981f00f"], "log": "|init|battle\n|title|p0x2981ca5e vs. p0y2981f00f\n|j|\u2606p0x2981ca5e\n|j|\u2606p0y2981f00f\n|t:|1783573321\n|gametype|singles\n|player|p1|p0x2981ca5e|101|\n|player|p2|p0y2981f00f|170|\n|gen|9\n|tier|[Gen 9] Random Battle\n|rule|Species Clause: Limit one of each Pok\u00e9mon\n|rule|HP Percentage Mod: HP is shown in percentages\n|rule|Sleep Clause Mod: Limit one foe put to sleep\n|rule|Illusion Level Mod: Illusion disguises the Pok\u00e9mon's true level\n|\n|t:|1783573321\n|teamsize|p1|6\n|teamsize|p2|6\n|start\n|switch|p1a: Sawsbuck|Sawsbuck-Winter, L88, M|284/284\n|switch|p2a: Pelipper|Pelipper, L86, F|100/100\n|-weather|RainDance|[from] ability: Drizzle|[of] p2a: Pelipper\n|turn|1\n|inactive|Battle timer is ON: inactive players will automatically lose when time's up. (requested by p0y2981f00f)\n|inactive|Time left: 300 sec this turn | 300 sec total | 60 sec grace\n|inactive|p0x2981ca5e also wants the timer to be on.\n|\n|t:|1783573322\n|move|p1a: Sawsbuck|Double-Edge|p2a: Pelipper\n|-damage|p2a: Pelipper|34/100\n|-damage|p1a: Sawsbuck|231/284|[from] Recoil\n|-damage|p1a: Sawsbuck|203/284|[from] item: Life Orb\n|move|p2a: Pelipper|Hurricane|p1a: Sawsbuck\n|-supereffective|p1a: Sawsbuck\n|-damage|p1a: Sawsbuck|0 fnt\n|faint|p1a: Sawsbuck\n|\n|-weather|RainDance|[upkeep]\n|upkeep\n|inactive|Time left: 300 sec this turn | 300 sec total | 65 sec grace\n|\n|t:|1783573323\n|switch|p1a: Azumarill|Azumarill, L82, M|298/298\n|turn|2\n|inactive|Time left: 300 sec this turn | 300 sec total\n|\n|t:|1783573324\n|move|p2a: Pelipper|Hurricane|p1a: Azumarill\n|-damage|p1a: Azumarill|96/298\n|move|p1a: Azumarill|Liquidation|p2a: Pelipper\n|-resisted|p2a: Pelipper\n|-damage|p2a: Pelipper|0 fnt\n|faint|p2a: Pelipper\n|\n|-weather|RainDance|[upkeep]\n|upkeep\n|\n|t:|1783573325\n|switch|p2a: Raichu|Raichu-Alola, L87, M|100/100\n|turn|3\n|inactive|Time left: 300 sec this turn | 300 sec total\n|\n|t:|1783573326\n|switch|p1a: Hippowdon|Hippowdon, L82, F|311/311\n|-weather|Sandstorm|[from] ability: Sand Stream|[of] p1a: Hippowdon\n|move|p2a: Raichu|Thunderbolt|p1a: Hippowdon\n|-immune|p1a: Hippowdon\n|\n|-weather|Sandstorm|[upkeep]\n|-damage|p2a: Raichu|94/100|[from] Sandstorm\n|upkeep\n|turn|4\n|inactive|Time left: 300 sec this turn | 300 sec total\n|\n|t:|1783573327\n|switch|p2a: Dachsbun|Dachsbun, L92, M|100/100\n|move|p1a: Hippowdon|Earthquake|p2a: Dachsbun\n|-damage|p2a: Dachsbun|69/100\n|\n|-weather|Sandstorm|[upkeep]\n|-damage|p2a: Dachsbun|63/100|[from] Sandstorm\n|-heal|p2a: Dachsbun|69/100|[from] item: Leftovers\n|upkeep\n|turn|5\n|inactive|Time left: 300 sec this turn | 300 sec total\n|\n|t:|1783573328\n|move|p2a: Dachsbun|Yawn|p1a: Hippowdon\n|-start|p1a: Hippowdon|move: Yawn|[of] p2a: Dachsbun\n|move|p1a: Hippowdon|Earthquake|p2a: Dachsbun\n|-damage|p2a: Dachsbun|36/100\n|\n|-weather|Sandstorm|[upkeep]\n|-damage|p2a: Dachsbun|30/100|[from] Sandstorm\n|-heal|p2a: Dachsbun|36/100|[from] item: Leftovers\n|upkeep\n|turn|6\n|inactive|Time left: 300 sec this turn | 300 sec total\n|\n|t:|1783573329\n|move|p2a: Dachsbun|Play Rough|p1a: Hippowdon\n|-damage|p1a: Hippowdon|229/311\n|move|p1a: Hippowdon|Earthquake|p2a: Dachsbun\n|-damage|p2a: Dachsbun|4/100\n|\n|-weather|Sandstorm|[upkeep]\n|-damage|p2a: Dachsbun|0 fnt|[from] Sandstorm\n|faint|p2a: Dachsbun\n|-heal|p1a: Hippowdon|248/311|[from] item: Leftovers\n|-end|p1a: Hippowdon|move: Yawn|[silent]\n|-status|p1a: Hippowdon|slp\n|upkeep\n|\n|t:|1783573331\n|switch|p2a: Roaring Moon|Roaring Moon, L72|100/100\n|-enditem|p2a: Roaring Moon|Booster Energy\n|-activate|p2a: Roaring Moon|ability: Protosynthesis|[fromitem]\n|-start|p2a: Roaring Moon|protosynthesisatk\n|turn|7\n|inactive|Time left: 300 sec this turn | 300 sec total\n|\n|t:|1783573331\n|switch|p1a: Ampharos|Ampharos, L88, F|302/302\n|move|p2a: Roaring Moon|Dragon Dance|p2a: Roaring Moon\n|-boost|p2a: Roaring Moon|atk|1\n|-boost|p2a: Roaring Moon|spe|1\n|\n|-weather|none\n|upkeep\n|turn|8\n|inactive|Time left: 300 sec this turn | 300 sec total\n|\n|t:|1783573332\n|-terastallize|p2a: Roaring Moon|Flying\n|move|p2a: Roaring Moon|Knock Off|p1a: Ampharos\n|-damage|p1a: Ampharos|118/302\n|-status|p2a: Roaring Moon|par|[from] ability: Static|[of] p1a: Ampharos\n|-enditem|p1a: Ampharos|Assault Vest|[from] move: Knock Off|[of] p2a: Roaring Moon\n|move|p1a: Ampharos|Dazzling Gleam|p2a: Roaring Moon\n|-damage|p2a: Roaring Moon|72/100 par\n|\n|upkeep\n|turn|9\n|inactive|Time left: 300 sec this turn | 300 sec total\n|\n|t:|1783573334\n|move|p2a: Roaring Moon|Acrobatics|p1a: Ampharos\n|-resisted|p1a: Ampharos\n|-damage|p1a: Ampharos|10/302\n|move|p1a: Ampharos|Volt Switch|p2a: Roaring Moon\n|-supereffective|p2a: Roaring Moon\n|-damage|p2a: Roaring Moon|0 fnt\n|faint|p2a: Roaring Moon\n|-end|p2a: Roaring Moon|Protosynthesis|[silent]\n|inactive|Time left: 300 sec this turn | 300 sec total | 5 sec grace\n|\n|t:|1783573335\n|switch|p1a: Vigoroth|Vigoroth, L85, F|275/275|[from] Volt Switch\n|\n|upkeep\n|\n|t:|1783573335\n|switch|p2a: Magearna|Magearna-Original, L77|100/100\n|turn|10\n|inactive|Time left: 300 sec this turn | 300 sec total\n|\n|t:|1783573336\n|move|p1a: Vigoroth|Bulk Up|p1a: Vigoroth\n|-boost|p1a: Vigoroth|atk|1\n|-boost|p1a: Vigoroth|def|1\n|move|p2a: Magearna|Aura Sphere|p1a: Vigoroth\n|-supereffective|p1a: Vigoroth\n|-damage|p1a: Vigoroth|157/275\n|\n|upkeep\n|turn|11\n|inactive|Time left: 300 sec this turn | 300 sec total\n|\n|t:|1783573337\n|move|p1a: Vigoroth|Slack Off|p1a: Vigoroth\n|-heal|p1a: Vigoroth|275/275\n|move|p2a: Magearna|Aura Sphere|p1a: Vigoroth\n|-supereffective|p1a: Vigoroth\n|-damage|p1a: Vigoroth|171/275\n|\n|upkeep\n|turn|12\n|inactive|Time left: 300 sec this turn | 300 sec total\n|\n|t:|1783573338\n|move|p1a: Vigoroth|Slack Off|p1a: Vigoroth\n|-heal|p1a: Vigoroth|275/275\n|move|p2a: Magearna|Aura Sphere|p1a: Vigoroth\n|-supereffective|p1a: Vigoroth\n|-damage|p1a: Vigoroth|157/275\n|\n|upkeep\n|turn|13\n|inactive|Time left: 300 sec this turn | 300 sec total\n|\n|t:|1783573340\n|move|p1a: Vigoroth|Slack Off|p1a: Vigoroth\n|-heal|p1a: Vigoroth|275/275\n|move|p2a: Magearna|Flash Cannon|p1a: Vigoroth\n|-damage|p1a: Vigoroth|188/275\n|\n|upkeep\n|turn|14\n|inactive|Time left: 300 sec this turn | 300 sec total\n|\n|t:|1783573341\n|move|p1a: Vigoroth|Slack Off|p1a: Vigoroth\n|-heal|p1a: Vigoroth|275/275\n|move|p2a: Magearna|Flash Cannon|p1a: Vigoroth\n|-damage|p1a: Vigoroth|190/275\n|\n|upkeep\n|turn|15\n|inactive|Time left: 300 sec this turn | 300 sec total\n|\n|t:|1783573341\n|move|p1a: Vigoroth|Slack Off|p1a: Vigoroth\n|-heal|p1a: Vigoroth|275/275\n|move|p2a: Magearna|Flash Cannon|p1a: Vigoroth\n|-damage|p1a: Vigoroth|193/275\n|\n|upkeep\n|turn|16\n|inactive|Time left: 300 sec this turn | 300 sec total\n|\n|t:|1783573342\n|move|p1a: Vigoroth|Body Slam|p2a: Magearna\n|-resisted|p2a: Magearna\n|-damage|p2a: Magearna|78/100\n|move|p2a: Magearna|Aura Sphere|p1a: Vigoroth\n|-supereffective|p1a: Vigoroth\n|-damage|p1a: Vigoroth|85/275\n|\n|-heal|p2a: Magearna|84/100|[from] item: Leftovers\n|upkeep\n|turn|17\n|inactive|Time left: 300 sec this turn | 300 sec total\n|\n|t:|1783573344\n|move|p1a: Vigoroth|Slack Off|p1a: Vigoroth\n|-heal|p1a: Vigoroth|223/275\n|move|p2a: Magearna|Aura Sphere|p1a: Vigoroth\n|-supereffective|p1a: Vigoroth\n|-damage|p1a: Vigoroth|119/275\n|\n|-heal|p2a: Magearna|90/100|[from] item: Leftovers\n|upkeep\n|turn|18\n|inactive|Time left: 300 sec this turn | 300 sec total\n|\n|t:|1783573345\n|move|p1a: Vigoroth|Slack Off|p1a: Vigoroth\n|-heal|p1a: Vigoroth|257/275\n|move|p2a: Magearna|Aura Sphere|p1a: Vigoroth\n|-supereffective|p1a: Vigoroth\n|-damage|p1a: Vigoroth|143/275\n|\n|-heal|p2a: Magearna|96/100|[from] item: Leftovers\n|upkeep\n|turn|19\n|inactive|Time left: 300 sec this turn | 300 sec total\n|\n|t:|1783573346\n|move|p1a: Vigoroth|Slack Off|p1a: Vigoroth\n|-heal|p1a: Vigoroth|275/275\n|move|p2a: Magearna|Aura Sphere|p1a: Vigoroth\n|-supereffective|p1a: Vigoroth\n|-damage|p1a: Vigoroth|163/275\n|\n|-heal|p2a: Magearna|100/100|[from] item: Leftovers\n|upkeep\n|turn|20\n|inactive|Time left: 300 sec this turn | 300 sec total\n|\n|t:|1783573347\n|move|p1a: Vigoroth|Body Slam|p2a: Magearna\n|-resisted|p2a: Magearna\n|-damage|p2a: Magearna|80/100\n|move|p2a: Magearna|Aura Sphere|p1a: Vigoroth\n|-supereffective|p1a: Vigoroth\n|-damage|p1a: Vigoroth|61/275\n|\n|-heal|p2a: Magearna|86/100|[from] item: Leftovers\n|upkeep\n|turn|21\n|inactive|Time left: 300 sec this turn | 300 sec total\n|\n|t:|1783573348\n|move|p1a: Vigoroth|Knock Off|p2a: Magearna\n|-resisted|p2a: Magearna\n|-damage|p2a: Magearna|70/100\n|-enditem|p2a: Magearna|Leftovers|[from] move: Knock Off|[of] p1a: Vigoroth\n|move|p2a: Magearna|Flash Cannon|p1a: Vigoroth\n|-damage|p1a: Vigoroth|0 fnt\n|faint|p1a: Vigoroth\n|-ability|p2a: Magearna|Soul-Heart|boost\n|-boost|p2a: Magearna|spa|1\n|\n|upkeep\n|inactive|Time left: 300 sec this turn | 300 sec total | 5 sec grace\n|\n|t:|1783573349\n|switch|p1a: Pawmot|Pawmot, L80, M|243/243\n|turn|22\n|inactive|Time left: 300 sec this turn | 300 sec total\n|\n|t:|1783573350\n|-terastallize|p1a: Pawmot|Electric\n|move|p1a: Pawmot|Double Shock|p2a: Magearna\n|-damage|p2a: Magearna|0 fnt\n|-start|p1a: Pawmot|typechange|Electric|[from] move: Double Shock\n|faint|p2a: Magearna\n|-damage|p1a: Pawmot|219/243|[from] item: Life Orb\n|\n|upkeep\n|\n|t:|1783573350\n|switch|p2a: Raichu|Raichu-Alola, L87, M|94/100\n|turn|23\n|inactive|Time left: 300 sec this turn | 300 sec total\n|\n|t:|1783573351\n|move|p2a: Raichu|Psyshock|p1a: Pawmot\n|-damage|p1a: Pawmot|54/243\n|move|p1a: Pawmot|Ice Punch|p2a: Raichu\n|-damage|p2a: Raichu|40/100\n|-damage|p1a: Pawmot|30/243|[from] item: Life Orb\n|\n|upkeep\n|turn|24\n|inactive|Time left: 300 sec this turn | 300 sec total\n|\n|t:|1783573352\n|switch|p1a: Ampharos|Ampharos, L88, F|10/302\n|move|p2a: Raichu|Psyshock|p1a: Ampharos\n|-damage|p1a: Ampharos|0 fnt\n|faint|p1a: Ampharos\n|\n|upkeep\n|inactive|Time left: 300 sec this turn | 300 sec total | 5 sec grace\n|\n|t:|1783573353\n|switch|p1a: Azumarill|Azumarill, L82, M|96/298\n|turn|25\n|inactive|Time left: 300 sec this turn | 300 sec total\n|\n|t:|1783573354\n|move|p1a: Azumarill|Aqua Jet|p2a: Raichu\n|-damage|p2a: Raichu|0 fnt\n|faint|p2a: Raichu\n|\n|upkeep\n|\n|t:|1783573355\n|switch|p2a: Tentacruel|Tentacruel, L84, F|100/100\n|turn|26\n|inactive|Time left: 300 sec this turn | 300 sec total\n|\n|t:|1783573356\n|move|p1a: Azumarill|Aqua Jet|p2a: Tentacruel\n|-resisted|p2a: Tentacruel\n|-damage|p2a: Tentacruel|85/100\n|move|p2a: Tentacruel|Rapid Spin|p1a: Azumarill\n|-damage|p1a: Azumarill|67/298\n|-boost|p2a: Tentacruel|spe|1\n|\n|upkeep\n|turn|27\n|inactive|Time left: 300 sec this turn | 300 sec total\n|\n|t:|1783573357\n|switch|p1a: Hippowdon|Hippowdon, L82, F|248/311 slp\n|-weather|Sandstorm|[from] ability: Sand Stream|[of] p1a: Hippowdon\n|move|p2a: Tentacruel|Surf|p1a: Hippowdon\n|-supereffective|p1a: Hippowdon\n|-damage|p1a: Hippowdon|38/311 slp\n|\n|-weather|Sandstorm|[upkeep]\n|-damage|p2a: Tentacruel|78/100|[from] Sandstorm\n|-heal|p1a: Hippowdon|57/311 slp|[from] item: Leftovers\n|upkeep\n|turn|28\n|inactive|Time left: 300 sec this turn | 300 sec total\n|\n|t:|1783573358\n|switch|p1a: Azumarill|Azumarill, L82, M|67/298\n|move|p2a: Tentacruel|Surf|p1a: Azumarill\n|-resisted|p1a: Azumarill\n|-crit|p1a: Azumarill\n|-damage|p1a: Azumarill|0 fnt\n|faint|p1a: Azumarill\n|\n|-weather|Sandstorm|[upkeep]\n|-damage|p2a: Tentacruel|72/100|[from] Sandstorm\n|upkeep\n|inactive|Time left: 300 sec this turn | 300 sec total | 5 sec grace\n|\n|t:|1783573359\n|switch|p1a: Pawmot|Pawmot, L80, M, tera:Electric|30/243\n|turn|29\n|inactive|Time left: 300 sec this turn | 300 sec total\n|\n|t:|1783573360\n|move|p2a: Tentacruel|Knock Off|p1a: Pawmot\n|-damage|p1a: Pawmot|0 fnt\n|-enditem|p1a: Pawmot|Life Orb|[from] move: Knock Off|[of] p2a: Tentacruel\n|faint|p1a: Pawmot\n|\n|-weather|Sandstorm|[upkeep]\n|-damage|p2a: Tentacruel|66/100|[from] Sandstorm\n|upkeep\n|inactive|Time left: 300 sec this turn | 300 sec total | 5 sec grace\n|\n|t:|1783573361\n|switch|p1a: Hippowdon|Hippowdon, L82, F|57/311 slp\n|turn|30\n|inactive|Time left: 300 sec this turn | 300 sec total\n|\n|t:|1783573362\n|move|p2a: Tentacruel|Surf|p1a: Hippowdon\n|-supereffective|p1a: Hippowdon\n|-damage|p1a: Hippowdon|0 fnt\n|faint|p1a: Hippowdon\n|\n|win|p0y2981f00f", "uploadtime": 1783573362, "views": 0, "rating": 0, "private": 0, "password": null, "_winner": "p0y2981f00f", "_our_name": "p0x2981ca5e"}