{"id": "battle-gen9randombattle-2251", "formatid": "gen9randombattle", "format": "[Gen 9] Random Battle", "players": ["p0x2251fb41", "p0y2251ec90"], "log": "|init|battle\n|title|p0x2251fb41 vs. p0y2251ec90\n|j|\u2606p0x2251fb41\n|j|\u2606p0y2251ec90\n|t:|1783565154\n|gametype|singles\n|player|p1|p0x2251fb41|266|\n|player|p2|p0y2251ec90|1|\n|gen|9\n|tier|[Gen 9] Random Battle\n|rule|Species Clause: Limit one of each Pok\u00e9mon\n|rule|HP Percentage Mod: HP is shown in percentages\n|rule|Sleep Clause Mod: Limit one foe put to sleep\n|rule|Illusion Level Mod: Illusion disguises the Pok\u00e9mon's true level\n|\n|t:|1783565154\n|teamsize|p1|6\n|teamsize|p2|6\n|start\n|switch|p1a: Mandibuzz|Mandibuzz, L85, F|100/100\n|switch|p2a: Gholdengo|Gholdengo, L77|261/261\n|turn|1\n|inactive|Battle timer is ON: inactive players will automatically lose when time's up. (requested by p0y2251ec90)\n|\n|t:|1783565156\n|switch|p2a: Zacian|Zacian-Crowned, L64|225/225\n|-ability|p2a: Zacian|Intrepid Sword|boost\n|-boost|p2a: Zacian|atk|1\n|move|p1a: Mandibuzz|Foul Play|p2a: Zacian\n|-resisted|p2a: Zacian\n|-damage|p2a: Zacian|141/225\n|\n|upkeep\n|turn|2\n|inactive|p0x2251fb41 also wants the timer to be on.\n|inactive|Time left: 300 sec this turn | 300 sec total\n|\n|t:|1783565157\n|move|p2a: Zacian|Play Rough|p1a: Mandibuzz\n|-supereffective|p1a: Mandibuzz\n|-damage|p1a: Mandibuzz|41/100\n|move|p1a: Mandibuzz|Foul Play|p2a: Zacian\n|-resisted|p2a: Zacian\n|-damage|p2a: Zacian|51/225\n|\n|upkeep\n|turn|3\n|inactive|Time left: 300 sec this turn | 300 sec total\n|\n|t:|1783565158\n|switch|p1a: Gyarados|Gyarados, L79, F|100/100\n|-ability|p1a: Gyarados|Intimidate|boost\n|-unboost|p2a: Zacian|atk|1\n|move|p2a: Zacian|Play Rough|p1a: Gyarados\n|-damage|p1a: Gyarados|66/100\n|\n|upkeep\n|turn|4\n|inactive|Time left: 300 sec this turn | 300 sec total\n|\n|t:|1783565159\n|switch|p2a: Staraptor|Staraptor, L79, M|263/263\n|move|p1a: Gyarados|Dragon Dance|p1a: Gyarados\n|-boost|p1a: Gyarados|atk|1\n|-boost|p1a: Gyarados|spe|1\n|\n|upkeep\n|turn|5\n|inactive|Time left: 300 sec this turn | 300 sec total\n|\n|t:|1783565160\n|move|p1a: Gyarados|Stone Edge|p2a: Staraptor\n|-supereffective|p2a: Staraptor\n|-damage|p2a: Staraptor|0 fnt\n|faint|p2a: Staraptor\n|\n|upkeep\n|inactive|Time left: 300 sec this turn | 300 sec total | 5 sec grace\n|\n|t:|1783565160\n|switch|p2a: Azelf|Azelf, L82|257/257\n|turn|6\n|inactive|Time left: 300 sec this turn | 300 sec total\n|\n|t:|1783565161\n|move|p1a: Gyarados|Waterfall|p2a: Azelf\n|-damage|p2a: Azelf|89/257\n|move|p2a: Azelf|Knock Off|p1a: Gyarados\n|-crit|p1a: Gyarados\n|-damage|p1a: Gyarados|0 fnt\n|-enditem|p1a: Gyarados|Heavy-Duty Boots|[from] move: Knock Off|[of] p2a: Azelf\n|faint|p1a: Gyarados\n|-damage|p2a: Azelf|64/257|[from] item: Life Orb\n|\n|upkeep\n|\n|t:|1783565163\n|switch|p1a: Zebstrika|Zebstrika, L87, M|100/100\n|turn|7\n|inactive|Time left: 300 sec this turn | 300 sec total\n|\n|t:|1783565164\n|switch|p2a: Mamoswine|Mamoswine, L81, F|311/311\n|move|p1a: Zebstrika|Supercell Slam|p2a: Mamoswine\n|-immune|p2a: Mamoswine\n|-damage|p1a: Zebstrika|50/100|[from] supercellslam\n|\n|upkeep\n|turn|8\n|inactive|Time left: 300 sec this turn | 300 sec total\n|\n|t:|1783565165\n|move|p1a: Zebstrika|Overheat|p2a: Mamoswine\n|-supereffective|p2a: Mamoswine\n|-damage|p2a: Mamoswine|173/311\n|-unboost|p1a: Zebstrika|spa|2\n|-damage|p1a: Zebstrika|41/100|[from] item: Life Orb\n|move|p2a: Mamoswine|Icicle Crash|p1a: Zebstrika\n|-damage|p1a: Zebstrika|0 fnt\n|faint|p1a: Zebstrika\n|-damage|p2a: Mamoswine|142/311|[from] item: Life Orb\n|\n|upkeep\n|\n|t:|1783565166\n|switch|p1a: Brambleghast|Brambleghast, L88, F|100/100\n|turn|9\n|inactive|Time left: 300 sec this turn | 300 sec total\n|\n|t:|1783565167\n|move|p2a: Mamoswine|Ice Shard|p1a: Brambleghast\n|-supereffective|p1a: Brambleghast\n|-damage|p1a: Brambleghast|38/100\n|-damage|p2a: Mamoswine|111/311|[from] item: Life Orb\n|move|p1a: Brambleghast|Poltergeist|p2a: Mamoswine\n|-activate|p2a: Mamoswine|move: Poltergeist|Life Orb\n|-damage|p2a: Mamoswine|0 fnt\n|faint|p2a: Mamoswine\n|\n|-heal|p1a: Brambleghast|44/100|[from] item: Leftovers\n|upkeep\n|inactive|Time left: 300 sec this turn | 300 sec total | 5 sec grace\n|\n|t:|1783565168\n|switch|p2a: Zacian|Zacian-Crowned, L64|51/225\n|turn|10\n|inactive|Time left: 300 sec this turn | 300 sec total\n|\n|t:|1783565169\n|move|p2a: Zacian|Behemoth Blade|p1a: Brambleghast\n|-damage|p1a: Brambleghast|2/100\n|move|p1a: Brambleghast|Poltergeist|p2a: Zacian\n|-activate|p2a: Zacian|move: Poltergeist|Rusted Sword\n|-damage|p2a: Zacian|0 fnt\n|faint|p2a: Zacian\n|\n|-heal|p1a: Brambleghast|8/100|[from] item: Leftovers\n|upkeep\n|inactive|Time left: 300 sec this turn | 300 sec total | 5 sec grace\n|\n|t:|1783565170\n|switch|p2a: Azelf|Azelf, L82|64/257\n|turn|11\n|inactive|Time left: 300 sec this turn | 300 sec total\n|\n|t:|1783565171\n|switch|p1a: Grimmsnarl|Grimmsnarl, L83, M|100/100\n|move|p2a: Azelf|Knock Off|p1a: Grimmsnarl\n|-resisted|p1a: Grimmsnarl\n|-damage|p1a: Grimmsnarl|90/100\n|-enditem|p1a: Grimmsnarl|Leftovers|[from] move: Knock Off|[of] p2a: Azelf\n|-damage|p2a: Azelf|39/257|[from] item: Life Orb\n|\n|upkeep\n|turn|12\n|inactive|Time left: 300 sec this turn | 300 sec total\n|\n|t:|1783565172\n|switch|p2a: Gholdengo|Gholdengo, L77|261/261\n|move|p1a: Grimmsnarl|Spirit Break|p2a: Gholdengo\n|-resisted|p2a: Gholdengo\n|-damage|p2a: Gholdengo|214/261\n|-unboost|p2a: Gholdengo|spa|1\n|\n|-heal|p2a: Gholdengo|230/261|[from] item: Leftovers\n|upkeep\n|turn|13\n|inactive|Time left: 300 sec this turn | 300 sec total\n|\n|t:|1783565173\n|move|p2a: Gholdengo|Make It Rain|p1a: Grimmsnarl\n|-supereffective|p1a: Grimmsnarl\n|-damage|p1a: Grimmsnarl|18/100\n|-unboost|p2a: Gholdengo|spa|1\n|move|p1a: Grimmsnarl|Spirit Break|p2a: Gholdengo\n|-resisted|p2a: Gholdengo\n|-damage|p2a: Gholdengo|185/261\n|-unboost|p2a: Gholdengo|spa|1\n|\n|-heal|p2a: Gholdengo|201/261|[from] item: Leftovers\n|upkeep\n|turn|14\n|inactive|Time left: 300 sec this turn | 300 sec total\n|\n|t:|1783565174\n|switch|p2a: Gothitelle|Gothitelle, L90, F|272/272\n|move|p1a: Grimmsnarl|Spirit Break|p2a: Gothitelle\n|-damage|p2a: Gothitelle|190/272\n|-unboost|p2a: Gothitelle|spa|1\n|\n|-heal|p2a: Gothitelle|207/272|[from] item: Leftovers\n|upkeep\n|turn|15\n|inactive|Time left: 300 sec this turn | 300 sec total\n|\n|t:|1783565175\n|switch|p2a: Gholdengo|Gholdengo, L77|201/261\n|move|p1a: Grimmsnarl|Spirit Break|p2a: Gholdengo\n|-resisted|p2a: Gholdengo\n|-damage|p2a: Gholdengo|156/261\n|-unboost|p2a: Gholdengo|spa|1\n|\n|-heal|p2a: Gholdengo|172/261|[from] item: Leftovers\n|upkeep\n|turn|16\n|inactive|Time left: 300 sec this turn | 300 sec total\n|\n|t:|1783565176\n|move|p2a: Gholdengo|Thunder Wave|p1a: Grimmsnarl\n|-status|p1a: Grimmsnarl|par\n|cant|p1a: Grimmsnarl|par\n|\n|-heal|p2a: Gholdengo|188/261|[from] item: Leftovers\n|upkeep\n|turn|17\n|inactive|Time left: 300 sec this turn | 300 sec total\n|\n|t:|1783565177\n|move|p2a: Gholdengo|Recover|p2a: Gholdengo\n|-heal|p2a: Gholdengo|261/261\n|move|p1a: Grimmsnarl|Spirit Break|p2a: Gholdengo\n|-resisted|p2a: Gholdengo\n|-damage|p2a: Gholdengo|218/261\n|-unboost|p2a: Gholdengo|spa|1\n|\n|-heal|p2a: Gholdengo|234/261|[from] item: Leftovers\n|upkeep\n|turn|18\n|inactive|Time left: 300 sec this turn | 300 sec total\n|\n|t:|1783565178\n|switch|p2a: Gothitelle|Gothitelle, L90, F|207/272\n|move|p1a: Grimmsnarl|Spirit Break|p2a: Gothitelle\n|-damage|p2a: Gothitelle|122/272\n|-unboost|p2a: Gothitelle|spa|1\n|\n|-heal|p2a: Gothitelle|139/272|[from] item: Leftovers\n|upkeep\n|turn|19\n|inactive|Time left: 300 sec this turn | 300 sec total\n|\n|t:|1783565179\n|switch|p2a: Gholdengo|Gholdengo, L77|234/261\n|cant|p1a: Grimmsnarl|par\n|\n|-heal|p2a: Gholdengo|250/261|[from] item: Leftovers\n|upkeep\n|turn|20\n|inactive|Time left: 300 sec this turn | 300 sec total\n|\n|t:|1783565180\n|move|p2a: Gholdengo|Shadow Ball|p1a: Grimmsnarl\n|-resisted|p1a: Grimmsnarl\n|-damage|p1a: Grimmsnarl|0 fnt\n|faint|p1a: Grimmsnarl\n|\n|-heal|p2a: Gholdengo|261/261|[from] item: Leftovers\n|upkeep\n|\n|t:|1783565180\n|switch|p1a: Brambleghast|Brambleghast, L88, F|8/100\n|turn|21\n|inactive|Time left: 300 sec this turn | 300 sec total\n|\n|t:|1783565181\n|-terastallize|p2a: Gholdengo|Dark\n|move|p1a: Brambleghast|Poltergeist|p2a: Gholdengo\n|-activate|p2a: Gholdengo|move: Poltergeist|Leftovers\n|-resisted|p2a: Gholdengo\n|-damage|p2a: Gholdengo|192/261\n|move|p2a: Gholdengo|Shadow Ball|p1a: Brambleghast\n|-supereffective|p1a: Brambleghast\n|-crit|p1a: Brambleghast\n|-damage|p1a: Brambleghast|0 fnt\n|faint|p1a: Brambleghast\n|\n|-heal|p2a: Gholdengo|208/261|[from] item: Leftovers\n|upkeep\n|\n|t:|1783565182\n|switch|p1a: Mienshao|Mienshao, L83, F|100/100\n|turn|22\n|inactive|Time left: 300 sec this turn | 300 sec total\n|\n|t:|1783565183\n|move|p1a: Mienshao|Close Combat|p2a: Gholdengo\n|-supereffective|p2a: Gholdengo\n|-damage|p2a: Gholdengo|0 fnt\n|-unboost|p1a: Mienshao|def|1\n|-unboost|p1a: Mienshao|spd|1\n|faint|p2a: Gholdengo\n|-damage|p1a: Mienshao|91/100|[from] item: Life Orb\n|\n|upkeep\n|inactive|Time left: 300 sec this turn | 300 sec total | 5 sec grace\n|\n|t:|1783565184\n|switch|p2a: Azelf|Azelf, L82|39/257\n|turn|23\n|inactive|Time left: 300 sec this turn | 300 sec total\n|\n|t:|1783565185\n|switch|p1a: Mandibuzz|Mandibuzz, L85, F|41/100\n|move|p2a: Azelf|Psychic|p1a: Mandibuzz\n|-immune|p1a: Mandibuzz\n|\n|upkeep\n|turn|24\n|inactive|Time left: 300 sec this turn | 300 sec total\n|\n|t:|1783565186\n|move|p2a: Azelf|Knock Off|p1a: Mandibuzz\n|-resisted|p1a: Mandibuzz\n|-damage|p1a: Mandibuzz|27/100\n|-enditem|p1a: Mandibuzz|Heavy-Duty Boots|[from] move: Knock Off|[of] p2a: Azelf\n|-damage|p2a: Azelf|14/257|[from] item: Life Orb\n|move|p1a: Mandibuzz|Foul Play|p2a: Azelf\n|-supereffective|p2a: Azelf\n|-damage|p2a: Azelf|0 fnt\n|faint|p2a: Azelf\n|\n|upkeep\n|inactive|Time left: 300 sec this turn | 300 sec total | 5 sec grace\n|\n|t:|1783565187\n|switch|p2a: Gothitelle|Gothitelle, L90, F|139/272\n|turn|25\n|inactive|Time left: 300 sec this turn | 300 sec total\n|\n|t:|1783565188\n|-terastallize|p1a: Mandibuzz|Steel\n|move|p1a: Mandibuzz|Foul Play|p2a: Gothitelle\n|-supereffective|p2a: Gothitelle\n|-damage|p2a: Gothitelle|53/272\n|move|p2a: Gothitelle|Focus Blast|p1a: Mandibuzz|[miss]\n|-miss|p2a: Gothitelle|p1a: Mandibuzz\n|\n|-heal|p2a: Gothitelle|70/272|[from] item: Leftovers\n|upkeep\n|turn|26\n|inactive|Time left: 300 sec this turn | 300 sec total\n|\n|t:|1783565188\n|move|p1a: Mandibuzz|Foul Play|p2a: Gothitelle\n|-supereffective|p2a: Gothitelle\n|-damage|p2a: Gothitelle|0 fnt\n|faint|p2a: Gothitelle\n|\n|win|p0x2251fb41", "uploadtime": 1783565188, "views": 0, "rating": 0, "private": 0, "password": null, "_winner": "p0x2251fb41", "_our_name": "p0y2251ec90"}