{"id": "battle-gen9randombattle-1664", "formatid": "gen9randombattle", "format": "[Gen 9] Random Battle", "players": ["p0x16649d0c", "p0y16640511"], "log": "|init|battle\n|title|p0x16649d0c vs. p0y16640511\n|j|\u2606p0x16649d0c\n|j|\u2606p0y16640511\n|t:|1783559292\n|gametype|singles\n|player|p1|p0x16649d0c|170|\n|player|p2|p0y16640511|169|\n|gen|9\n|tier|[Gen 9] Random Battle\n|rule|Species Clause: Limit one of each Pok\u00e9mon\n|rule|HP Percentage Mod: HP is shown in percentages\n|rule|Sleep Clause Mod: Limit one foe put to sleep\n|rule|Illusion Level Mod: Illusion disguises the Pok\u00e9mon's true level\n|\n|t:|1783559292\n|teamsize|p1|6\n|teamsize|p2|6\n|start\n|switch|p1a: Glimmora|Glimmora, L75, F|248/248\n|switch|p2a: Groudon|Groudon, L72|100/100\n|-weather|SunnyDay|[from] ability: Drought|[of] p2a: Groudon\n|turn|1\n|inactive|Battle timer is ON: inactive players will automatically lose when time's up. (requested by p0x16649d0c)\n|inactive|p0y16640511 also wants the timer to be on.\n|\n|t:|1783559293\n|switch|p1a: Hariyama|Hariyama, L87, M|392/392\n|move|p2a: Groudon|Precipice Blades|p1a: Hariyama\n|-damage|p1a: Hariyama|226/392\n|\n|-weather|SunnyDay|[upkeep]\n|-status|p1a: Hariyama|brn|[from] item: Flame Orb\n|upkeep\n|turn|2\n|inactive|Time left: 300 sec this turn | 300 sec total\n|\n|t:|1783559294\n|move|p2a: Groudon|Precipice Blades|p1a: Hariyama\n|-damage|p1a: Hariyama|55/392 brn\n|move|p1a: Hariyama|Knock Off|p2a: Groudon\n|-damage|p2a: Groudon|60/100\n|-enditem|p2a: Groudon|Leftovers|[from] move: Knock Off|[of] p1a: Hariyama\n|\n|-weather|SunnyDay|[upkeep]\n|-damage|p1a: Hariyama|31/392 brn|[from] brn\n|upkeep\n|turn|3\n|inactive|Time left: 300 sec this turn | 300 sec total\n|\n|t:|1783559295\n|switch|p1a: Terrakion|Terrakion, L79|273/273\n|move|p2a: Groudon|Precipice Blades|p1a: Terrakion|[miss]\n|-miss|p2a: Groudon|p1a: Terrakion\n|\n|-weather|SunnyDay|[upkeep]\n|upkeep\n|turn|4\n|inactive|Time left: 300 sec this turn | 300 sec total\n|\n|t:|1783559296\n|move|p1a: Terrakion|Close Combat|p2a: Groudon\n|-damage|p2a: Groudon|0 fnt\n|-unboost|p1a: Terrakion|def|1\n|-unboost|p1a: Terrakion|spd|1\n|faint|p2a: Groudon\n|\n|-weather|SunnyDay|[upkeep]\n|upkeep\n|\n|t:|1783559297\n|switch|p2a: Okidogi|Okidogi, L77, M|100/100\n|turn|5\n|inactive|Time left: 300 sec this turn | 300 sec total\n|\n|t:|1783559298\n|switch|p1a: Glimmora|Glimmora, L75, F|248/248\n|move|p2a: Okidogi|Drain Punch|p1a: Glimmora\n|-damage|p1a: Glimmora|158/248\n|-activate|p1a: Glimmora|ability: Toxic Debris\n|-sidestart|p2: p0y16640511|move: Toxic Spikes\n|\n|-weather|none\n|upkeep\n|turn|6\n|inactive|Time left: 300 sec this turn | 300 sec total\n|\n|t:|1783559300\n|move|p1a: Glimmora|Spikes|p2a: Okidogi\n|-sidestart|p2: p0y16640511|Spikes\n|move|p2a: Okidogi|Drain Punch|p1a: Glimmora\n|-damage|p1a: Glimmora|65/248\n|-activate|p1a: Glimmora|ability: Toxic Debris\n|-sidestart|p2: p0y16640511|move: Toxic Spikes\n|\n|upkeep\n|turn|7\n|inactive|Time left: 300 sec this turn | 300 sec total\n|\n|t:|1783559301\n|move|p1a: Glimmora|Earth Power|p2a: Okidogi\n|-supereffective|p2a: Okidogi\n|-damage|p2a: Okidogi|64/100\n|move|p2a: Okidogi|Drain Punch|p1a: Glimmora\n|-damage|p1a: Glimmora|0 fnt\n|-heal|p2a: Okidogi|76/100|[from] drain|[of] p1a: Glimmora\n|faint|p1a: Glimmora\n|\n|upkeep\n|inactive|Time left: 300 sec this turn | 300 sec total | 5 sec grace\n|\n|t:|1783559301\n|switch|p1a: Terrakion|Terrakion, L79|273/273\n|turn|8\n|inactive|Time left: 300 sec this turn | 300 sec total\n|\n|t:|1783559302\n|move|p1a: Terrakion|Earthquake|p2a: Okidogi\n|-supereffective|p2a: Okidogi\n|-damage|p2a: Okidogi|1/100\n|move|p2a: Okidogi|Drain Punch|p1a: Terrakion\n|-supereffective|p1a: Terrakion\n|-damage|p1a: Terrakion|105/273\n|-heal|p2a: Okidogi|33/100|[from] drain|[of] p1a: Terrakion\n|-status|p1a: Terrakion|tox|[from] ability: Toxic Chain|[of] p2a: Okidogi\n|\n|-damage|p1a: Terrakion|88/273 tox|[from] psn\n|upkeep\n|turn|9\n|inactive|Time left: 300 sec this turn | 300 sec total\n|\n|t:|1783559303\n|move|p1a: Terrakion|Earthquake|p2a: Okidogi\n|-supereffective|p2a: Okidogi\n|-damage|p2a: Okidogi|0 fnt\n|faint|p2a: Okidogi\n|\n|-damage|p1a: Terrakion|54/273 tox|[from] psn\n|upkeep\n|\n|t:|1783559304\n|switch|p2a: Pyroar|Pyroar, L88, F|100/100\n|-ability|p2a: Pyroar|Unnerve\n|turn|10\n|inactive|Time left: 300 sec this turn | 300 sec total\n|\n|t:|1783559305\n|move|p2a: Pyroar|Hyper Voice|p1a: Terrakion\n|-resisted|p1a: Terrakion\n|-damage|p1a: Terrakion|0 fnt\n|faint|p1a: Terrakion\n|\n|upkeep\n|inactive|Time left: 300 sec this turn | 300 sec total | 5 sec grace\n|\n|t:|1783559306\n|switch|p1a: Dragapult|Dragapult, L77, M|262/262\n|turn|11\n|inactive|Time left: 300 sec this turn | 300 sec total\n|\n|t:|1783559307\n|move|p1a: Dragapult|Dragon Darts|p2a: Pyroar\n|-damage|p2a: Pyroar|74/100\n|-anim|p1a: Dragapult|Dragon Darts|p2a: Pyroar\n|-damage|p2a: Pyroar|50/100\n|-damage|p1a: Dragapult|236/262|[from] item: Life Orb\n|move|p2a: Pyroar|Fire Blast|p1a: Dragapult\n|-resisted|p1a: Dragapult\n|-damage|p1a: Dragapult|152/262\n|\n|upkeep\n|turn|12\n|inactive|Time left: 300 sec this turn | 300 sec total\n|\n|t:|1783559308\n|switch|p2a: Registeel|Registeel, L81|100/100\n|-damage|p2a: Registeel|88/100|[from] Spikes\n|move|p1a: Dragapult|Dragon Darts|p2a: Registeel\n|-resisted|p2a: Registeel\n|-damage|p2a: Registeel|80/100\n|-anim|p1a: Dragapult|Dragon Darts|p2a: Registeel\n|-resisted|p2a: Registeel\n|-damage|p2a: Registeel|71/100\n|-damage|p1a: Dragapult|126/262|[from] item: Life Orb\n|\n|upkeep\n|turn|13\n|inactive|Time left: 300 sec this turn | 300 sec total\n|\n|t:|1783559309\n|move|p1a: Dragapult|Dragon Dance|p1a: Dragapult\n|-boost|p1a: Dragapult|atk|1\n|-boost|p1a: Dragapult|spe|1\n|move|p2a: Registeel|Iron Head|p1a: Dragapult\n|-damage|p1a: Dragapult|51/262\n|\n|upkeep\n|turn|14\n|inactive|Time left: 300 sec this turn | 300 sec total\n|\n|t:|1783559310\n|move|p1a: Dragapult|Dragon Darts|p2a: Registeel\n|-resisted|p2a: Registeel\n|-damage|p2a: Registeel|58/100\n|-anim|p1a: Dragapult|Dragon Darts|p2a: Registeel\n|-resisted|p2a: Registeel\n|-damage|p2a: Registeel|44/100\n|-damage|p1a: Dragapult|25/262|[from] item: Life Orb\n|move|p2a: Registeel|Iron Head|p1a: Dragapult\n|-damage|p1a: Dragapult|0 fnt\n|faint|p1a: Dragapult\n|\n|upkeep\n|inactive|Time left: 300 sec this turn | 300 sec total | 5 sec grace\n|\n|t:|1783559311\n|switch|p1a: Hariyama|Hariyama, L87, M|31/392 brn\n|turn|15\n|inactive|Time left: 300 sec this turn | 300 sec total\n|\n|t:|1783559312\n|move|p1a: Hariyama|Close Combat|p2a: Registeel\n|-supereffective|p2a: Registeel\n|-damage|p2a: Registeel|0 fnt\n|-unboost|p1a: Hariyama|def|1\n|-unboost|p1a: Hariyama|spd|1\n|faint|p2a: Registeel\n|\n|-damage|p1a: Hariyama|7/392 brn|[from] brn\n|upkeep\n|\n|t:|1783559313\n|switch|p2a: Pyroar|Pyroar, L88, F|50/100\n|-ability|p2a: Pyroar|Unnerve\n|turn|16\n|inactive|Time left: 300 sec this turn | 300 sec total\n|\n|t:|1783559314\n|move|p2a: Pyroar|Hyper Voice|p1a: Hariyama\n|-damage|p1a: Hariyama|0 fnt\n|faint|p1a: Hariyama\n|\n|upkeep\n|inactive|Time left: 300 sec this turn | 300 sec total | 5 sec grace\n|\n|t:|1783559315\n|switch|p1a: Volbeat|Volbeat, L90, M|263/263\n|turn|17\n|inactive|Time left: 300 sec this turn | 300 sec total\n|\n|t:|1783559316\n|move|p1a: Volbeat|Thunder Wave|p2a: Pyroar\n|-status|p2a: Pyroar|par\n|cant|p2a: Pyroar|par\n|\n|upkeep\n|turn|18\n|inactive|Time left: 300 sec this turn | 300 sec total\n|\n|t:|1783559317\n|move|p1a: Volbeat|Encore|p2a: Pyroar\n|-start|p2a: Pyroar|Encore\n|cant|p2a: Pyroar|par\n|\n|upkeep\n|turn|19\n|inactive|Time left: 300 sec this turn | 300 sec total\n|\n|t:|1783559319\n|move|p1a: Volbeat|U-turn|p2a: Pyroar\n|-resisted|p2a: Pyroar\n|-damage|p2a: Pyroar|37/100 par\n|inactive|Time left: 300 sec this turn | 300 sec total | 5 sec grace\n|\n|t:|1783559320\n|switch|p1a: Klefki|Klefki, L84, M|233/233|[from] U-turn\n|move|p2a: Pyroar|Hyper Voice|p1a: Klefki\n|-resisted|p1a: Klefki\n|-damage|p1a: Klefki|179/233\n|\n|-heal|p1a: Klefki|193/233|[from] item: Leftovers\n|upkeep\n|turn|20\n|inactive|Time left: 300 sec this turn | 300 sec total\n|\n|t:|1783559321\n|move|p1a: Klefki|Foul Play|p2a: Pyroar\n|-crit|p2a: Pyroar\n|-damage|p2a: Pyroar|14/100 par\n|move|p2a: Pyroar|Hyper Voice|p1a: Klefki\n|-resisted|p1a: Klefki\n|-damage|p1a: Klefki|139/233\n|\n|-heal|p1a: Klefki|153/233|[from] item: Leftovers\n|-end|p2a: Pyroar|Encore\n|upkeep\n|turn|21\n|inactive|Time left: 300 sec this turn | 300 sec total\n|\n|t:|1783559322\n|move|p1a: Klefki|Foul Play|p2a: Pyroar\n|-damage|p2a: Pyroar|0 fnt\n|faint|p2a: Pyroar\n|\n|-heal|p1a: Klefki|167/233|[from] item: Leftovers\n|upkeep\n|\n|t:|1783559323\n|switch|p2a: Hitmonchan|Hitmonchan, L87, M|100/100\n|-status|p2a: Hitmonchan|tox\n|-damage|p2a: Hitmonchan|88/100 tox|[from] Spikes\n|turn|22\n|inactive|Time left: 300 sec this turn | 300 sec total\n|\n|t:|1783559324\n|move|p2a: Hitmonchan|Drain Punch|p1a: Klefki\n|-damage|p1a: Klefki|67/233\n|-heal|p2a: Hitmonchan|100/100 tox|[from] drain|[of] p1a: Klefki\n|move|p1a: Klefki|Dazzling Gleam|p2a: Hitmonchan\n|-supereffective|p2a: Hitmonchan\n|-damage|p2a: Hitmonchan|45/100 tox\n|\n|-heal|p2a: Hitmonchan|52/100 tox|[from] item: Leftovers\n|-heal|p1a: Klefki|81/233|[from] item: Leftovers\n|-damage|p2a: Hitmonchan|45/100 tox|[from] psn\n|upkeep\n|turn|23\n|inactive|Time left: 300 sec this turn | 300 sec total\n|\n|t:|1783559325\n|switch|p1a: Volbeat|Volbeat, L90, M|263/263\n|move|p2a: Hitmonchan|Drain Punch|p1a: Volbeat\n|-resisted|p1a: Volbeat\n|-damage|p1a: Volbeat|205/263\n|-heal|p2a: Hitmonchan|58/100 tox|[from] drain|[of] p1a: Volbeat\n|\n|-heal|p2a: Hitmonchan|64/100 tox|[from] item: Leftovers\n|-damage|p2a: Hitmonchan|52/100 tox|[from] psn\n|upkeep\n|turn|24\n|inactive|Time left: 300 sec this turn | 300 sec total\n|\n|t:|1783559326\n|move|p1a: Volbeat|Roost|p1a: Volbeat\n|-heal|p1a: Volbeat|263/263\n|-singleturn|p1a: Volbeat|move: Roost\n|move|p2a: Hitmonchan|Drain Punch|p1a: Volbeat\n|-resisted|p1a: Volbeat\n|-damage|p1a: Volbeat|210/263\n|-heal|p2a: Hitmonchan|64/100 tox|[from] drain|[of] p1a: Volbeat\n|\n|-heal|p2a: Hitmonchan|70/100 tox|[from] item: Leftovers\n|-damage|p2a: Hitmonchan|52/100 tox|[from] psn\n|upkeep\n|turn|25\n|inactive|Time left: 300 sec this turn | 300 sec total\n|\n|t:|1783559326\n|move|p1a: Volbeat|Roost|p1a: Volbeat\n|-heal|p1a: Volbeat|263/263\n|-singleturn|p1a: Volbeat|move: Roost\n|move|p2a: Hitmonchan|Drain Punch|p1a: Volbeat\n|-resisted|p1a: Volbeat\n|-damage|p1a: Volbeat|203/263\n|-heal|p2a: Hitmonchan|65/100 tox|[from] drain|[of] p1a: Volbeat\n|\n|-heal|p2a: Hitmonchan|71/100 tox|[from] item: Leftovers\n|-damage|p2a: Hitmonchan|46/100 tox|[from] psn\n|upkeep\n|turn|26\n|inactive|Time left: 300 sec this turn | 300 sec total\n|\n|t:|1783559327\n|move|p1a: Volbeat|Roost|p1a: Volbeat\n|-heal|p1a: Volbeat|263/263\n|-singleturn|p1a: Volbeat|move: Roost\n|move|p2a: Hitmonchan|Drain Punch|p1a: Volbeat\n|-resisted|p1a: Volbeat\n|-crit|p1a: Volbeat\n|-damage|p1a: Volbeat|175/263\n|-heal|p2a: Hitmonchan|66/100 tox|[from] drain|[of] p1a: Volbeat\n|\n|-heal|p2a: Hitmonchan|72/100 tox|[from] item: Leftovers\n|-damage|p2a: Hitmonchan|41/100 tox|[from] psn\n|upkeep\n|turn|27\n|inactive|Time left: 300 sec this turn | 300 sec total\n|\n|t:|1783559328\n|move|p1a: Volbeat|Roost|p1a: Volbeat\n|-heal|p1a: Volbeat|263/263\n|-singleturn|p1a: Volbeat|move: Roost\n|move|p2a: Hitmonchan|Drain Punch|p1a: Volbeat\n|-resisted|p1a: Volbeat\n|-damage|p1a: Volbeat|206/263\n|-heal|p2a: Hitmonchan|54/100 tox|[from] drain|[of] p1a: Volbeat\n|\n|-heal|p2a: Hitmonchan|60/100 tox|[from] item: Leftovers\n|-damage|p2a: Hitmonchan|23/100 tox|[from] psn\n|upkeep\n|turn|28\n|inactive|Time left: 300 sec this turn | 300 sec total\n|\n|t:|1783559329\n|move|p1a: Volbeat|Roost|p1a: Volbeat\n|-heal|p1a: Volbeat|263/263\n|-singleturn|p1a: Volbeat|move: Roost\n|move|p2a: Hitmonchan|Knock Off|p1a: Volbeat\n|-damage|p1a: Volbeat|181/263\n|-enditem|p1a: Volbeat|Heavy-Duty Boots|[from] move: Knock Off|[of] p2a: Hitmonchan\n|\n|-heal|p2a: Hitmonchan|29/100 tox|[from] item: Leftovers\n|-damage|p2a: Hitmonchan|0 fnt|[from] psn\n|faint|p2a: Hitmonchan\n|upkeep\n|\n|t:|1783559330\n|switch|p2a: Oinkologne|Oinkologne-F, L92, F|100/100\n|-status|p2a: Oinkologne|tox\n|-damage|p2a: Oinkologne|88/100 tox|[from] Spikes\n|turn|29\n|inactive|Time left: 300 sec this turn | 300 sec total\n|\n|t:|1783559331\n|move|p1a: Volbeat|Roost|p1a: Volbeat\n|-heal|p1a: Volbeat|263/263\n|-singleturn|p1a: Volbeat|move: Roost\n|move|p2a: Oinkologne|Body Slam|p1a: Volbeat\n|-damage|p1a: Volbeat|161/263\n|\n|-heal|p2a: Oinkologne|94/100 tox|[from] item: Leftovers\n|-damage|p2a: Oinkologne|88/100 tox|[from] psn\n|upkeep\n|turn|30\n|inactive|Time left: 300 sec this turn | 300 sec total\n|\n|t:|1783559332\n|move|p1a: Volbeat|Roost|p1a: Volbeat\n|-heal|p1a: Volbeat|263/263\n|-singleturn|p1a: Volbeat|move: Roost\n|move|p2a: Oinkologne|Body Slam|p1a: Volbeat\n|-damage|p1a: Volbeat|149/263\n|\n|-heal|p2a: Oinkologne|94/100 tox|[from] item: Leftovers\n|-damage|p2a: Oinkologne|82/100 tox|[from] psn\n|upkeep\n|turn|31\n|inactive|Time left: 300 sec this turn | 300 sec total\n|\n|t:|1783559333\n|move|p1a: Volbeat|U-turn|p2a: Oinkologne\n|-damage|p2a: Oinkologne|62/100 tox\n|inactive|Time left: 300 sec this turn | 300 sec total | 5 sec grace\n|\n|t:|1783559333\n|switch|p1a: Klefki|Klefki, L84, M|81/233|[from] U-turn\n|move|p2a: Oinkologne|Body Slam|p1a: Klefki\n|-resisted|p1a: Klefki\n|-damage|p1a: Klefki|34/233\n|-status|p1a: Klefki|par\n|\n|-heal|p2a: Oinkologne|68/100 tox|[from] item: Leftovers\n|-heal|p1a: Klefki|48/233 par|[from] item: Leftovers\n|-damage|p2a: Oinkologne|50/100 tox|[from] psn\n|upkeep\n|turn|32\n|inactive|Time left: 300 sec this turn | 300 sec total\n|\n|t:|1783559334\n|move|p2a: Oinkologne|Rest|p2a: Oinkologne\n|-status|p2a: Oinkologne|slp|[from] move: Rest\n|-heal|p2a: Oinkologne|100/100 slp|[silent]\n|move|p1a: Klefki|Foul Play|p2a: Oinkologne\n|-damage|p2a: Oinkologne|78/100 slp\n|\n|-heal|p2a: Oinkologne|84/100 slp|[from] item: Leftovers\n|-heal|p1a: Klefki|62/233 par|[from] item: Leftovers\n|upkeep\n|turn|33\n|inactive|Time left: 300 sec this turn | 300 sec total\n|\n|t:|1783559335\n|cant|p2a: Oinkologne|slp\n|move|p2a: Oinkologne|Sleep Talk|p2a: Oinkologne\n|move|p2a: Oinkologne|Rest||[from] move: Sleep Talk|[still]\n|-fail|p2a: Oinkologne\n|move|p1a: Klefki|Foul Play|p2a: Oinkologne\n|-damage|p2a: Oinkologne|64/100 slp\n|\n|-heal|p2a: Oinkologne|71/100 slp|[from] item: Leftovers\n|-heal|p1a: Klefki|76/233 par|[from] item: Leftovers\n|upkeep\n|turn|34\n|inactive|Time left: 300 sec this turn | 300 sec total\n|\n|t:|1783559336\n|cant|p2a: Oinkologne|slp\n|move|p2a: Oinkologne|Sleep Talk|p2a: Oinkologne\n|move|p2a: Oinkologne|Body Slam|p1a: Klefki|[from] move: Sleep Talk\n|-resisted|p1a: Klefki\n|-damage|p1a: Klefki|28/233 par\n|move|p1a: Klefki|Foul Play|p2a: Oinkologne\n|-damage|p2a: Oinkologne|49/100 slp\n|\n|-heal|p2a: Oinkologne|55/100 slp|[from] item: Leftovers\n|-heal|p1a: Klefki|42/233 par|[from] item: Leftovers\n|upkeep\n|turn|35\n|inactive|Time left: 300 sec this turn | 300 sec total\n|\n|t:|1783559337\n|move|p1a: Klefki|Thunder Wave||[still]\n|-fail|p1a: Klefki\n|-curestatus|p2a: Oinkologne|slp|[msg]\n|move|p2a: Oinkologne|Body Slam|p1a: Klefki\n|-resisted|p1a: Klefki\n|-damage|p1a: Klefki|0 fnt\n|faint|p1a: Klefki\n|\n|-heal|p2a: Oinkologne|61/100|[from] item: Leftovers\n|upkeep\n|inactive|Time left: 300 sec this turn | 300 sec total | 5 sec grace\n|\n|t:|1783559338\n|switch|p1a: Volbeat|Volbeat, L90, M|149/263\n|turn|36\n|inactive|Time left: 300 sec this turn | 300 sec total\n|\n|t:|1783559339\n|move|p1a: Volbeat|Thunder Wave|p2a: Oinkologne\n|-status|p2a: Oinkologne|par\n|move|p2a: Oinkologne|Body Slam|p1a: Volbeat\n|-damage|p1a: Volbeat|44/263\n|\n|-heal|p2a: Oinkologne|68/100 par|[from] item: Leftovers\n|upkeep\n|turn|37\n|inactive|Time left: 300 sec this turn | 300 sec total\n|\n|t:|1783559340\n|move|p1a: Volbeat|Roost|p1a: Volbeat\n|-heal|p1a: Volbeat|176/263\n|-singleturn|p1a: Volbeat|move: Roost\n|move|p2a: Oinkologne|Body Slam|p1a: Volbeat\n|-damage|p1a: Volbeat|74/263\n|\n|-heal|p2a: Oinkologne|74/100 par|[from] item: Leftovers\n|upkeep\n|turn|38\n|inactive|Time left: 300 sec this turn | 300 sec total\n|\n|t:|1783559341\n|-terastallize|p1a: Volbeat|Water\n|-terastallize|p2a: Oinkologne|Fairy\n|move|p1a: Volbeat|U-turn|p2a: Oinkologne\n|-resisted|p2a: Oinkologne\n|-damage|p2a: Oinkologne|64/100 par\n|move|p2a: Oinkologne|Body Slam|p1a: Volbeat\n|-damage|p1a: Volbeat|0 fnt\n|faint|p1a: Volbeat\n|\n|win|p0y16640511", "uploadtime": 1783559341, "views": 0, "rating": 0, "private": 0, "password": null, "_winner": "p0y16640511", "_our_name": "p0x16649d0c"}