{"id": "battle-gen9randombattle-1427", "formatid": "gen9randombattle", "format": "[Gen 9] Random Battle", "players": ["p0x1427822c", "p0y1427d319"], "log": "|init|battle\n|title|p0x1427822c vs. p0y1427d319\n|j|\u2606p0x1427822c\n|j|\u2606p0y1427d319\n|t:|1783556619\n|gametype|singles\n|player|p1|p0x1427822c|169|\n|player|p2|p0y1427d319|2|\n|gen|9\n|tier|[Gen 9] Random Battle\n|rule|Species Clause: Limit one of each Pok\u00e9mon\n|rule|HP Percentage Mod: HP is shown in percentages\n|rule|Sleep Clause Mod: Limit one foe put to sleep\n|rule|Illusion Level Mod: Illusion disguises the Pok\u00e9mon's true level\n|\n|t:|1783556619\n|teamsize|p1|6\n|teamsize|p2|6\n|start\n|switch|p1a: Lugia|Lugia, L73|275/275\n|switch|p2a: Armarouge|Armarouge, L80, M|100/100\n|turn|1\n|inactive|Battle timer is ON: inactive players will automatically lose when time's up. (requested by p0x1427822c)\n|inactive|p0y1427d319 also wants the timer to be on.\n|\n|t:|1783556620\n|move|p1a: Lugia|Calm Mind|p1a: Lugia\n|-boost|p1a: Lugia|spa|1\n|-boost|p1a: Lugia|spd|1\n|move|p2a: Armarouge|Armor Cannon|p1a: Lugia\n|-damage|p1a: Lugia|223/275\n|-unboost|p2a: Armarouge|def|1\n|-unboost|p2a: Armarouge|spd|1\n|\n|upkeep\n|turn|2\n|inactive|Time left: 300 sec this turn | 300 sec total\n|\n|t:|1783556622\n|switch|p2a: Garganacl|Garganacl, L80, M|100/100\n|move|p1a: Lugia|Aeroblast|p2a: Garganacl\n|-resisted|p2a: Garganacl\n|-crit|p2a: Garganacl\n|-damage|p2a: Garganacl|71/100\n|\n|-heal|p2a: Garganacl|77/100|[from] item: Leftovers\n|upkeep\n|turn|3\n|inactive|Time left: 300 sec this turn | 300 sec total\n|\n|t:|1783556623\n|move|p1a: Lugia|Earth Power|p2a: Garganacl\n|-supereffective|p2a: Garganacl\n|-damage|p2a: Garganacl|27/100\n|move|p2a: Garganacl|Salt Cure|p1a: Lugia\n|-supereffective|p1a: Lugia\n|-crit|p1a: Lugia\n|-damage|p1a: Lugia|125/275\n|-start|p1a: Lugia|Salt Cure\n|\n|-heal|p2a: Garganacl|33/100|[from] item: Leftovers\n|-damage|p1a: Lugia|91/275|[from] Salt Cure\n|upkeep\n|turn|4\n|inactive|Time left: 300 sec this turn | 300 sec total\n|\n|t:|1783556624\n|move|p1a: Lugia|Recover|p1a: Lugia\n|-heal|p1a: Lugia|229/275\n|move|p2a: Garganacl|Recover|p2a: Garganacl\n|-heal|p2a: Garganacl|83/100\n|\n|-heal|p2a: Garganacl|89/100|[from] item: Leftovers\n|-damage|p1a: Lugia|195/275|[from] Salt Cure\n|upkeep\n|turn|5\n|inactive|Time left: 300 sec this turn | 300 sec total\n|\n|t:|1783556625\n|move|p1a: Lugia|Calm Mind|p1a: Lugia\n|-boost|p1a: Lugia|spa|1\n|-boost|p1a: Lugia|spd|1\n|move|p2a: Garganacl|Salt Cure|p1a: Lugia\n|-supereffective|p1a: Lugia\n|-damage|p1a: Lugia|129/275\n|\n|-heal|p2a: Garganacl|95/100|[from] item: Leftovers\n|-damage|p1a: Lugia|95/275|[from] Salt Cure\n|upkeep\n|turn|6\n|inactive|Time left: 300 sec this turn | 300 sec total\n|\n|t:|1783556626\n|move|p1a: Lugia|Recover|p1a: Lugia\n|-heal|p1a: Lugia|233/275\n|move|p2a: Garganacl|Salt Cure|p1a: Lugia\n|-supereffective|p1a: Lugia\n|-damage|p1a: Lugia|165/275\n|\n|-heal|p2a: Garganacl|100/100|[from] item: Leftovers\n|-damage|p1a: Lugia|131/275|[from] Salt Cure\n|upkeep\n|turn|7\n|inactive|Time left: 300 sec this turn | 300 sec total\n|\n|t:|1783556627\n|move|p1a: Lugia|Recover|p1a: Lugia\n|-heal|p1a: Lugia|269/275\n|move|p2a: Garganacl|Salt Cure|p1a: Lugia\n|-supereffective|p1a: Lugia\n|-damage|p1a: Lugia|201/275\n|\n|-damage|p1a: Lugia|167/275|[from] Salt Cure\n|upkeep\n|turn|8\n|inactive|Time left: 300 sec this turn | 300 sec total\n|\n|t:|1783556628\n|move|p1a: Lugia|Recover|p1a: Lugia\n|-heal|p1a: Lugia|275/275\n|move|p2a: Garganacl|Salt Cure|p1a: Lugia\n|-supereffective|p1a: Lugia\n|-damage|p1a: Lugia|236/275\n|\n|-damage|p1a: Lugia|202/275|[from] Salt Cure\n|upkeep\n|turn|9\n|inactive|Time left: 300 sec this turn | 300 sec total\n|\n|t:|1783556629\n|move|p1a: Lugia|Aeroblast|p2a: Garganacl\n|-resisted|p2a: Garganacl\n|-damage|p2a: Garganacl|73/100\n|move|p2a: Garganacl|Recover|p2a: Garganacl\n|-heal|p2a: Garganacl|100/100\n|\n|-damage|p1a: Lugia|168/275|[from] Salt Cure\n|upkeep\n|turn|10\n|inactive|Time left: 300 sec this turn | 300 sec total\n|\n|t:|1783556630\n|move|p1a: Lugia|Recover|p1a: Lugia\n|-heal|p1a: Lugia|275/275\n|move|p2a: Garganacl|Salt Cure|p1a: Lugia\n|-supereffective|p1a: Lugia\n|-damage|p1a: Lugia|238/275\n|\n|-damage|p1a: Lugia|204/275|[from] Salt Cure\n|upkeep\n|turn|11\n|inactive|Time left: 300 sec this turn | 300 sec total\n|\n|t:|1783556631\n|move|p1a: Lugia|Aeroblast|p2a: Garganacl\n|-resisted|p2a: Garganacl\n|-damage|p2a: Garganacl|74/100\n|move|p2a: Garganacl|Salt Cure|p1a: Lugia\n|-supereffective|p1a: Lugia\n|-damage|p1a: Lugia|132/275\n|\n|-heal|p2a: Garganacl|81/100|[from] item: Leftovers\n|-damage|p1a: Lugia|98/275|[from] Salt Cure\n|upkeep\n|turn|12\n|inactive|Time left: 300 sec this turn | 300 sec total\n|\n|t:|1783556632\n|move|p1a: Lugia|Recover|p1a: Lugia\n|-heal|p1a: Lugia|236/275\n|move|p2a: Garganacl|Salt Cure|p1a: Lugia\n|-supereffective|p1a: Lugia\n|-damage|p1a: Lugia|162/275\n|\n|-heal|p2a: Garganacl|87/100|[from] item: Leftovers\n|-damage|p1a: Lugia|128/275|[from] Salt Cure\n|upkeep\n|turn|13\n|inactive|Time left: 300 sec this turn | 300 sec total\n|\n|t:|1783556633\n|move|p1a: Lugia|Recover|p1a: Lugia\n|-heal|p1a: Lugia|266/275\n|move|p2a: Garganacl|Salt Cure|p1a: Lugia\n|-supereffective|p1a: Lugia\n|-damage|p1a: Lugia|198/275\n|\n|-heal|p2a: Garganacl|93/100|[from] item: Leftovers\n|-damage|p1a: Lugia|164/275|[from] Salt Cure\n|upkeep\n|turn|14\n|inactive|Time left: 300 sec this turn | 300 sec total\n|\n|t:|1783556634\n|move|p1a: Lugia|Aeroblast|p2a: Garganacl\n|-resisted|p2a: Garganacl\n|-damage|p2a: Garganacl|63/100\n|move|p2a: Garganacl|Salt Cure|p1a: Lugia\n|-supereffective|p1a: Lugia\n|-damage|p1a: Lugia|90/275\n|\n|-heal|p2a: Garganacl|70/100|[from] item: Leftovers\n|-damage|p1a: Lugia|56/275|[from] Salt Cure\n|upkeep\n|turn|15\n|inactive|Time left: 300 sec this turn | 300 sec total\n|\n|t:|1783556635\n|move|p1a: Lugia|Recover|p1a: Lugia\n|-heal|p1a: Lugia|194/275\n|move|p2a: Garganacl|Salt Cure|p1a: Lugia\n|-supereffective|p1a: Lugia\n|-damage|p1a: Lugia|126/275\n|\n|-heal|p2a: Garganacl|76/100|[from] item: Leftovers\n|-damage|p1a: Lugia|92/275|[from] Salt Cure\n|upkeep\n|turn|16\n|inactive|Time left: 300 sec this turn | 300 sec total\n|\n|t:|1783556636\n|-terastallize|p1a: Lugia|Ground\n|move|p1a: Lugia|Earth Power|p2a: Garganacl\n|-supereffective|p2a: Garganacl\n|-damage|p2a: Garganacl|0 fnt\n|faint|p2a: Garganacl\n|\n|-damage|p1a: Lugia|58/275|[from] Salt Cure\n|upkeep\n|\n|t:|1783556637\n|switch|p2a: Reuniclus|Reuniclus, L88, F|100/100\n|turn|17\n|inactive|Time left: 300 sec this turn | 300 sec total\n|\n|t:|1783556638\n|move|p1a: Lugia|Earth Power|p2a: Reuniclus\n|-damage|p2a: Reuniclus|61/100\n|move|p2a: Reuniclus|Calm Mind|p2a: Reuniclus\n|-boost|p2a: Reuniclus|spa|1\n|-boost|p2a: Reuniclus|spd|1\n|\n|-damage|p1a: Lugia|24/275|[from] Salt Cure\n|upkeep\n|turn|18\n|inactive|Time left: 300 sec this turn | 300 sec total\n|\n|t:|1783556639\n|move|p1a: Lugia|Aeroblast|p2a: Reuniclus\n|-damage|p2a: Reuniclus|34/100\n|move|p2a: Reuniclus|Recover|p2a: Reuniclus\n|-heal|p2a: Reuniclus|84/100\n|\n|-damage|p1a: Lugia|0 fnt|[from] Salt Cure\n|faint|p1a: Lugia\n|upkeep\n|inactive|Time left: 300 sec this turn | 300 sec total | 5 sec grace\n|\n|t:|1783556640\n|switch|p1a: Yanmega|Yanmega, L82, F|275/275\n|turn|19\n|inactive|Time left: 300 sec this turn | 300 sec total\n|\n|t:|1783556642\n|move|p1a: Yanmega|Protect|p1a: Yanmega\n|-singleturn|p1a: Yanmega|Protect\n|move|p2a: Reuniclus|Psychic|p1a: Yanmega\n|-activate|p1a: Yanmega|move: Protect\n|\n|-ability|p1a: Yanmega|Speed Boost|boost\n|-boost|p1a: Yanmega|spe|1\n|upkeep\n|turn|20\n|inactive|Time left: 300 sec this turn | 300 sec total\n|\n|t:|1783556643\n|move|p1a: Yanmega|Air Slash|p2a: Reuniclus\n|-damage|p2a: Reuniclus|68/100\n|move|p2a: Reuniclus|Psychic|p1a: Yanmega\n|-damage|p1a: Yanmega|0 fnt\n|faint|p1a: Yanmega\n|\n|upkeep\n|inactive|Time left: 300 sec this turn | 300 sec total | 5 sec grace\n|\n|t:|1783556644\n|switch|p1a: Archaludon|Archaludon, L78, F|268/268\n|turn|21\n|inactive|Time left: 300 sec this turn | 300 sec total\n|\n|t:|1783556645\n|move|p1a: Archaludon|Outrage|p2a: Reuniclus\n|-damage|p2a: Reuniclus|29/100\n|move|p2a: Reuniclus|Focus Blast|p1a: Archaludon\n|-supereffective|p1a: Archaludon\n|-damage|p1a: Archaludon|0 fnt\n|faint|p1a: Archaludon\n|\n|upkeep\n|inactive|Time left: 300 sec this turn | 300 sec total | 5 sec grace\n|\n|t:|1783556646\n|switch|p1a: Gastrodon|Gastrodon, L86, F|331/331\n|turn|22\n|inactive|Time left: 300 sec this turn | 300 sec total\n|\n|t:|1783556647\n|switch|p2a: Scovillain|Scovillain, L91, M|100/100\n|move|p1a: Gastrodon|Earthquake|p2a: Scovillain\n|-damage|p2a: Scovillain|60/100\n|\n|upkeep\n|turn|23\n|inactive|Time left: 300 sec this turn | 300 sec total\n|\n|t:|1783556648\n|switch|p1a: Venusaur|Venusaur, L84, F|272/272\n|move|p2a: Scovillain|Energy Ball|p1a: Venusaur\n|-resisted|p1a: Venusaur\n|-damage|p1a: Venusaur|232/272\n|-unboost|p1a: Venusaur|spd|1\n|\n|-heal|p1a: Venusaur|249/272|[from] item: Leftovers\n|upkeep\n|turn|24\n|inactive|Time left: 300 sec this turn | 300 sec total\n|\n|t:|1783556649\n|switch|p2a: Venomoth|Venomoth, L84, M|100/100\n|move|p1a: Venusaur|Sludge Bomb|p2a: Venomoth\n|-resisted|p2a: Venomoth\n|-damage|p2a: Venomoth|77/100\n|\n|-heal|p1a: Venusaur|266/272|[from] item: Leftovers\n|upkeep\n|turn|25\n|inactive|Time left: 300 sec this turn | 300 sec total\n|\n|t:|1783556650\n|move|p2a: Venomoth|Quiver Dance|p2a: Venomoth\n|-boost|p2a: Venomoth|spa|1\n|-boost|p2a: Venomoth|spd|1\n|-boost|p2a: Venomoth|spe|1\n|move|p1a: Venusaur|Sleep Powder|p2a: Venomoth\n|-status|p2a: Venomoth|slp|[from] move: Sleep Powder\n|\n|-heal|p1a: Venusaur|272/272|[from] item: Leftovers\n|upkeep\n|turn|26\n|inactive|Time left: 300 sec this turn | 300 sec total\n|\n|t:|1783556651\n|cant|p2a: Venomoth|slp\n|move|p1a: Venusaur|Leech Seed|p2a: Venomoth\n|-start|p2a: Venomoth|move: Leech Seed\n|\n|-damage|p2a: Venomoth|65/100 slp|[from] Leech Seed|[of] p1a: Venusaur\n|upkeep\n|turn|27\n|inactive|Time left: 300 sec this turn | 300 sec total\n|\n|t:|1783556652\n|switch|p1a: Gastrodon|Gastrodon, L86, F|331/331\n|cant|p2a: Venomoth|slp\n|\n|-damage|p2a: Venomoth|53/100 slp|[from] Leech Seed|[of] p1a: Gastrodon\n|upkeep\n|turn|28\n|inactive|Time left: 300 sec this turn | 300 sec total\n|\n|t:|1783556653\n|switch|p2a: Scovillain|Scovillain, L91, M|60/100\n|move|p1a: Gastrodon|Earthquake|p2a: Scovillain\n|-damage|p2a: Scovillain|16/100\n|\n|upkeep\n|turn|29\n|inactive|Time left: 300 sec this turn | 300 sec total\n|\n|t:|1783556654\n|switch|p1a: Cinderace|Cinderace, L77, F|249/249\n|move|p2a: Scovillain|Energy Ball|p1a: Cinderace\n|-resisted|p1a: Cinderace\n|-damage|p1a: Cinderace|140/249\n|\n|upkeep\n|turn|30\n|inactive|Time left: 300 sec this turn | 300 sec total\n|\n|t:|1783556655\n|switch|p2a: Armarouge|Armarouge, L80, M|100/100\n|move|p1a: Cinderace|U-turn|p2a: Armarouge\n|-start|p1a: Cinderace|typechange|Bug|[from] ability: Libero\n|-damage|p2a: Armarouge|76/100\n|-ability|p2a: Armarouge|Weak Armor|boost\n|-unboost|p2a: Armarouge|def|1\n|-boost|p2a: Armarouge|spe|2\n|inactive|Time left: 300 sec this turn | 300 sec total | 5 sec grace\n|\n|t:|1783556656\n|switch|p1a: Gastrodon|Gastrodon, L86, F|331/331|[from] U-turn\n|\n|upkeep\n|turn|31\n|inactive|Time left: 300 sec this turn | 300 sec total\n|\n|t:|1783556657\n|move|p2a: Armarouge|Energy Ball|p1a: Gastrodon\n|-supereffective|p1a: Gastrodon\n|-damage|p1a: Gastrodon|0 fnt\n|faint|p1a: Gastrodon\n|\n|upkeep\n|inactive|Time left: 300 sec this turn | 300 sec total | 5 sec grace\n|\n|t:|1783556657\n|switch|p1a: Venusaur|Venusaur, L84, F|272/272\n|turn|32\n|inactive|Time left: 300 sec this turn | 300 sec total\n|\n|t:|1783556658\n|switch|p2a: Reuniclus|Reuniclus, L88, F|29/100\n|move|p1a: Venusaur|Sludge Bomb|p2a: Reuniclus\n|-damage|p2a: Reuniclus|0 fnt\n|faint|p2a: Reuniclus\n|\n|upkeep\n|\n|t:|1783556659\n|switch|p2a: Scovillain|Scovillain, L91, M|16/100\n|turn|33\n|inactive|Time left: 300 sec this turn | 300 sec total\n|\n|t:|1783556660\n|switch|p1a: Cinderace|Cinderace, L77, F|140/249\n|move|p2a: Scovillain|Overheat|p1a: Cinderace\n|-resisted|p1a: Cinderace\n|-damage|p1a: Cinderace|0 fnt\n|-unboost|p2a: Scovillain|spa|2\n|faint|p1a: Cinderace\n|\n|upkeep\n|inactive|Time left: 300 sec this turn | 300 sec total | 5 sec grace\n|\n|t:|1783556661\n|switch|p1a: Venusaur|Venusaur, L84, F|272/272\n|turn|34\n|inactive|Time left: 300 sec this turn | 300 sec total\n|\n|t:|1783556662\n|-terastallize|p2a: Scovillain|Fire\n|move|p2a: Scovillain|Overheat|p1a: Venusaur\n|-supereffective|p1a: Venusaur\n|-damage|p1a: Venusaur|0 fnt\n|-unboost|p2a: Scovillain|spa|2\n|faint|p1a: Venusaur\n|\n|win|p0y1427d319", "uploadtime": 1783556662, "views": 0, "rating": 0, "private": 0, "password": null, "_winner": "p0y1427d319", "_our_name": "p0x1427822c"}