{"id": "battle-gen9randombattle-1368", "formatid": "gen9randombattle", "format": "[Gen 9] Random Battle", "players": ["p0x13680187", "p0y1368cf7a"], "log": "|init|battle\n|title|p0x13680187 vs. p0y1368cf7a\n|j|\u2606p0x13680187\n|j|\u2606p0y1368cf7a\n|t:|1783555882\n|gametype|singles\n|player|p1|p0x13680187|102|\n|player|p2|p0y1368cf7a|101|\n|gen|9\n|tier|[Gen 9] Random Battle\n|rule|Species Clause: Limit one of each Pok\u00e9mon\n|rule|HP Percentage Mod: HP is shown in percentages\n|rule|Sleep Clause Mod: Limit one foe put to sleep\n|rule|Illusion Level Mod: Illusion disguises the Pok\u00e9mon's true level\n|\n|t:|1783555882\n|teamsize|p1|6\n|teamsize|p2|6\n|start\n|switch|p1a: Donphan|Donphan, L84, M|100/100\n|switch|p2a: Chimecho|Chimecho, L93, M|290/290\n|turn|1\n|inactive|Battle timer is ON: inactive players will automatically lose when time's up. (requested by p0x13680187)\n|inactive|Time left: 300 sec this turn | 300 sec total | 60 sec grace\n|\n|t:|1783555884\n|switch|p1a: Overqwil|Overqwil, L82, F|100/100\n|-ability|p1a: Overqwil|Intimidate|boost\n|-unboost|p2a: Chimecho|atk|1\n|move|p2a: Chimecho|Dazzling Gleam|p1a: Overqwil\n|-damage|p1a: Overqwil|66/100\n|\n|upkeep\n|turn|2\n|inactive|Time left: 300 sec this turn | 300 sec total\n|inactive|p0y1368cf7a also wants the timer to be on.\n|\n|t:|1783555885\n|switch|p2a: Dunsparce|Dunsparce, L86, F|312/312\n|move|p1a: Overqwil|Swords Dance|p1a: Overqwil\n|-boost|p1a: Overqwil|atk|2\n|\n|upkeep\n|turn|3\n|inactive|Time left: 300 sec this turn | 300 sec total\n|\n|t:|1783555886\n|move|p1a: Overqwil|Crunch|p2a: Dunsparce\n|-crit|p2a: Dunsparce\n|-damage|p2a: Dunsparce|83/312\n|move|p2a: Dunsparce|Body Slam|p1a: Overqwil\n|-damage|p1a: Overqwil|41/100\n|-status|p1a: Overqwil|par\n|\n|upkeep\n|turn|4\n|inactive|Time left: 300 sec this turn | 300 sec total\n|\n|t:|1783555887\n|move|p2a: Dunsparce|Earthquake|p1a: Overqwil\n|-supereffective|p1a: Overqwil\n|-damage|p1a: Overqwil|2/100 par\n|move|p1a: Overqwil|Crunch|p2a: Dunsparce\n|-damage|p2a: Dunsparce|0 fnt\n|faint|p2a: Dunsparce\n|\n|upkeep\n|inactive|Time left: 300 sec this turn | 300 sec total | 5 sec grace\n|\n|t:|1783555888\n|switch|p2a: Hitmonlee|Hitmonlee, L85, M|223/223\n|turn|5\n|inactive|Time left: 300 sec this turn | 300 sec total\n|\n|t:|1783555889\n|move|p2a: Hitmonlee|High Jump Kick|p1a: Overqwil\n|-damage|p1a: Overqwil|0 fnt\n|faint|p1a: Overqwil\n|\n|upkeep\n|\n|t:|1783555890\n|switch|p1a: Abomasnow|Abomasnow, L84, M|100/100\n|-weather|Snowscape|[from] ability: Snow Warning|[of] p1a: Abomasnow\n|turn|6\n|inactive|Time left: 300 sec this turn | 300 sec total\n|\n|t:|1783555891\n|-terastallize|p1a: Abomasnow|Ghost\n|move|p2a: Hitmonlee|High Jump Kick|p1a: Abomasnow\n|-immune|p1a: Abomasnow\n|-damage|p2a: Hitmonlee|112/223|[from] highjumpkick\n|move|p1a: Abomasnow|Aurora Veil|p1a: Abomasnow\n|-sidestart|p1: p0x13680187|move: Aurora Veil\n|\n|-weather|Snowscape|[upkeep]\n|upkeep\n|turn|7\n|inactive|Time left: 300 sec this turn | 300 sec total\n|\n|t:|1783555893\n|switch|p2a: Chimecho|Chimecho, L93, M|290/290\n|move|p1a: Abomasnow|Blizzard|p2a: Chimecho\n|-damage|p2a: Chimecho|185/290\n|\n|-weather|Snowscape|[upkeep]\n|-heal|p2a: Chimecho|203/290|[from] item: Leftovers\n|upkeep\n|turn|8\n|inactive|Time left: 300 sec this turn | 300 sec total\n|\n|t:|1783555894\n|move|p2a: Chimecho|Cosmic Power|p2a: Chimecho\n|-boost|p2a: Chimecho|def|1\n|-boost|p2a: Chimecho|spd|1\n|move|p1a: Abomasnow|Blizzard|p2a: Chimecho\n|-damage|p2a: Chimecho|131/290\n|\n|-weather|Snowscape|[upkeep]\n|-heal|p2a: Chimecho|149/290|[from] item: Leftovers\n|upkeep\n|turn|9\n|inactive|Time left: 300 sec this turn | 300 sec total\n|\n|t:|1783555895\n|switch|p1a: Milotic|Milotic, L83, F|100/100\n|move|p2a: Chimecho|Recover|p2a: Chimecho\n|-heal|p2a: Chimecho|290/290\n|\n|-weather|Snowscape|[upkeep]\n|upkeep\n|turn|10\n|inactive|Time left: 300 sec this turn | 300 sec total\n|\n|t:|1783555896\n|move|p1a: Milotic|Haze|p1a: Milotic\n|-clearallboost\n|move|p2a: Chimecho|Cosmic Power|p2a: Chimecho\n|-boost|p2a: Chimecho|def|1\n|-boost|p2a: Chimecho|spd|1\n|\n|-weather|none\n|upkeep\n|turn|11\n|inactive|Time left: 300 sec this turn | 300 sec total\n|\n|t:|1783555897\n|move|p1a: Milotic|Ice Beam|p2a: Chimecho\n|-damage|p2a: Chimecho|249/290\n|move|p2a: Chimecho|Cosmic Power|p2a: Chimecho\n|-boost|p2a: Chimecho|def|1\n|-boost|p2a: Chimecho|spd|1\n|\n|-heal|p2a: Chimecho|267/290|[from] item: Leftovers\n|upkeep\n|turn|12\n|inactive|Time left: 300 sec this turn | 300 sec total\n|\n|t:|1783555898\n|move|p1a: Milotic|Haze|p1a: Milotic\n|-clearallboost\n|move|p2a: Chimecho|Cosmic Power|p2a: Chimecho\n|-boost|p2a: Chimecho|def|1\n|-boost|p2a: Chimecho|spd|1\n|\n|-heal|p2a: Chimecho|285/290|[from] item: Leftovers\n|upkeep\n|turn|13\n|inactive|Time left: 300 sec this turn | 300 sec total\n|\n|t:|1783555899\n|switch|p1a: Abomasnow|Abomasnow, L84, M, tera:Ghost|100/100\n|-weather|Snowscape|[from] ability: Snow Warning|[of] p1a: Abomasnow\n|move|p2a: Chimecho|Cosmic Power|p2a: Chimecho\n|-boost|p2a: Chimecho|def|1\n|-boost|p2a: Chimecho|spd|1\n|\n|-weather|Snowscape|[upkeep]\n|-heal|p2a: Chimecho|290/290|[from] item: Leftovers\n|-sideend|p1: p0x13680187|move: Aurora Veil\n|upkeep\n|turn|14\n|inactive|Time left: 300 sec this turn | 300 sec total\n|\n|t:|1783555900\n|move|p2a: Chimecho|Stored Power|p1a: Abomasnow\n|-damage|p1a: Abomasnow|51/100\n|move|p1a: Abomasnow|Aurora Veil|p1a: Abomasnow\n|-sidestart|p1: p0x13680187|move: Aurora Veil\n|\n|-weather|Snowscape|[upkeep]\n|upkeep\n|turn|15\n|inactive|Time left: 300 sec this turn | 300 sec total\n|\n|t:|1783555901\n|switch|p1a: Swampert|Swampert, L83, M|100/100\n|move|p2a: Chimecho|Stored Power|p1a: Swampert\n|-damage|p1a: Swampert|78/100\n|\n|-weather|Snowscape|[upkeep]\n|-heal|p1a: Swampert|84/100|[from] item: Leftovers\n|upkeep\n|turn|16\n|inactive|Time left: 300 sec this turn | 300 sec total\n|\n|t:|1783555902\n|move|p2a: Chimecho|Stored Power|p1a: Swampert\n|-damage|p1a: Swampert|62/100\n|move|p1a: Swampert|Roar|p2a: Chimecho\n|drag|p2a: Hitmonchan|Hitmonchan, L87, M|229/229\n|\n|-weather|Snowscape|[upkeep]\n|-heal|p1a: Swampert|68/100|[from] item: Leftovers\n|upkeep\n|turn|17\n|inactive|Time left: 300 sec this turn | 300 sec total\n|\n|t:|1783555903\n|switch|p2a: Chimecho|Chimecho, L93, M|290/290\n|move|p1a: Swampert|Earthquake|p2a: Chimecho\n|-immune|p2a: Chimecho|[from] ability: Levitate\n|\n|-weather|none\n|-heal|p1a: Swampert|74/100|[from] item: Leftovers\n|upkeep\n|turn|18\n|inactive|Time left: 300 sec this turn | 300 sec total\n|\n|t:|1783555904\n|switch|p2a: Iron Jugulis|Iron Jugulis, L77|271/271\n|move|p1a: Swampert|Roar|p2a: Iron Jugulis\n|-end|p2a: Iron Jugulis|Quark Drive|[silent]\n|drag|p2a: Hitmonlee|Hitmonlee, L85, M|112/223\n|\n|-heal|p1a: Swampert|80/100|[from] item: Leftovers\n|upkeep\n|turn|19\n|inactive|Time left: 300 sec this turn | 300 sec total\n|\n|t:|1783555905\n|switch|p2a: Chimecho|Chimecho, L93, M|290/290\n|move|p1a: Swampert|Earthquake|p2a: Chimecho\n|-immune|p2a: Chimecho|[from] ability: Levitate\n|\n|-heal|p1a: Swampert|86/100|[from] item: Leftovers\n|upkeep\n|turn|20\n|inactive|Time left: 300 sec this turn | 300 sec total\n|\n|t:|1783555906\n|move|p2a: Chimecho|Cosmic Power|p2a: Chimecho\n|-boost|p2a: Chimecho|def|1\n|-boost|p2a: Chimecho|spd|1\n|move|p1a: Swampert|Earthquake|p2a: Chimecho\n|-immune|p2a: Chimecho|[from] ability: Levitate\n|\n|-heal|p1a: Swampert|92/100|[from] item: Leftovers\n|upkeep\n|turn|21\n|inactive|Time left: 300 sec this turn | 300 sec total\n|\n|t:|1783555908\n|switch|p1a: Abomasnow|Abomasnow, L84, M, tera:Ghost|51/100\n|-weather|Snowscape|[from] ability: Snow Warning|[of] p1a: Abomasnow\n|move|p2a: Chimecho|Cosmic Power|p2a: Chimecho\n|-boost|p2a: Chimecho|def|1\n|-boost|p2a: Chimecho|spd|1\n|\n|-weather|Snowscape|[upkeep]\n|-sideend|p1: p0x13680187|move: Aurora Veil\n|upkeep\n|turn|22\n|inactive|Time left: 300 sec this turn | 300 sec total\n|\n|t:|1783555909\n|move|p2a: Chimecho|Stored Power|p1a: Abomasnow\n|-damage|p1a: Abomasnow|5/100\n|move|p1a: Abomasnow|Aurora Veil|p1a: Abomasnow\n|-sidestart|p1: p0x13680187|move: Aurora Veil\n|\n|-weather|Snowscape|[upkeep]\n|upkeep\n|turn|23\n|inactive|Time left: 300 sec this turn | 300 sec total\n|\n|t:|1783555910\n|switch|p1a: Milotic|Milotic, L83, F|100/100\n|move|p2a: Chimecho|Cosmic Power|p2a: Chimecho\n|-boost|p2a: Chimecho|def|1\n|-boost|p2a: Chimecho|spd|1\n|\n|-weather|Snowscape|[upkeep]\n|upkeep\n|turn|24\n|inactive|Time left: 300 sec this turn | 300 sec total\n|\n|t:|1783555911\n|move|p1a: Milotic|Haze|p1a: Milotic\n|-clearallboost\n|move|p2a: Chimecho|Stored Power|p1a: Milotic\n|-damage|p1a: Milotic|97/100\n|\n|-weather|Snowscape|[upkeep]\n|-heal|p1a: Milotic|100/100|[from] item: Leftovers\n|upkeep\n|turn|25\n|inactive|Time left: 300 sec this turn | 300 sec total\n|\n|t:|1783555913\n|move|p1a: Milotic|Scald|p2a: Chimecho\n|-damage|p2a: Chimecho|208/290\n|move|p2a: Chimecho|Cosmic Power|p2a: Chimecho\n|-boost|p2a: Chimecho|def|1\n|-boost|p2a: Chimecho|spd|1\n|\n|-weather|none\n|-heal|p2a: Chimecho|226/290|[from] item: Leftovers\n|upkeep\n|turn|26\n|inactive|Time left: 300 sec this turn | 300 sec total\n|\n|t:|1783555914\n|move|p1a: Milotic|Haze|p1a: Milotic\n|-clearallboost\n|move|p2a: Chimecho|Cosmic Power|p2a: Chimecho\n|-boost|p2a: Chimecho|def|1\n|-boost|p2a: Chimecho|spd|1\n|\n|-heal|p2a: Chimecho|244/290|[from] item: Leftovers\n|upkeep\n|turn|27\n|inactive|Time left: 300 sec this turn | 300 sec total\n|\n|t:|1783555915\n|move|p1a: Milotic|Haze|p1a: Milotic\n|-clearallboost\n|move|p2a: Chimecho|Cosmic Power|p2a: Chimecho\n|-boost|p2a: Chimecho|def|1\n|-boost|p2a: Chimecho|spd|1\n|\n|-heal|p2a: Chimecho|262/290|[from] item: Leftovers\n|upkeep\n|turn|28\n|inactive|Time left: 300 sec this turn | 300 sec total\n|\n|t:|1783555916\n|move|p1a: Milotic|Ice Beam|p2a: Chimecho\n|-damage|p2a: Chimecho|225/290\n|move|p2a: Chimecho|Cosmic Power|p2a: Chimecho\n|-boost|p2a: Chimecho|def|1\n|-boost|p2a: Chimecho|spd|1\n|\n|-heal|p2a: Chimecho|243/290|[from] item: Leftovers\n|upkeep\n|turn|29\n|inactive|Time left: 300 sec this turn | 300 sec total\n|\n|t:|1783555917\n|move|p1a: Milotic|Haze|p1a: Milotic\n|-clearallboost\n|move|p2a: Chimecho|Cosmic Power|p2a: Chimecho\n|-boost|p2a: Chimecho|def|1\n|-boost|p2a: Chimecho|spd|1\n|\n|-heal|p2a: Chimecho|261/290|[from] item: Leftovers\n|-sideend|p1: p0x13680187|move: Aurora Veil\n|upkeep\n|turn|30\n|inactive|Time left: 300 sec this turn | 300 sec total\n|\n|t:|1783555918\n|move|p1a: Milotic|Haze|p1a: Milotic\n|-clearallboost\n|move|p2a: Chimecho|Dazzling Gleam|p1a: Milotic\n|-damage|p1a: Milotic|83/100\n|\n|-heal|p1a: Milotic|89/100|[from] item: Leftovers\n|-heal|p2a: Chimecho|279/290|[from] item: Leftovers\n|upkeep\n|turn|31\n|inactive|Time left: 300 sec this turn | 300 sec total\n|\n|t:|1783555919\n|move|p1a: Milotic|Ice Beam|p2a: Chimecho\n|-damage|p2a: Chimecho|224/290\n|move|p2a: Chimecho|Cosmic Power|p2a: Chimecho\n|-boost|p2a: Chimecho|def|1\n|-boost|p2a: Chimecho|spd|1\n|\n|-heal|p1a: Milotic|95/100|[from] item: Leftovers\n|-heal|p2a: Chimecho|242/290|[from] item: Leftovers\n|upkeep\n|turn|32\n|inactive|Time left: 300 sec this turn | 300 sec total\n|\n|t:|1783555920\n|move|p1a: Milotic|Haze|p1a: Milotic\n|-clearallboost\n|move|p2a: Chimecho|Cosmic Power|p2a: Chimecho\n|-boost|p2a: Chimecho|def|1\n|-boost|p2a: Chimecho|spd|1\n|\n|-heal|p1a: Milotic|100/100|[from] item: Leftovers\n|-heal|p2a: Chimecho|260/290|[from] item: Leftovers\n|upkeep\n|turn|33\n|inactive|Time left: 300 sec this turn | 300 sec total\n|\n|t:|1783555921\n|move|p1a: Milotic|Haze|p1a: Milotic\n|-clearallboost\n|move|p2a: Chimecho|Dazzling Gleam|p1a: Milotic\n|-damage|p1a: Milotic|82/100\n|\n|-heal|p1a: Milotic|88/100|[from] item: Leftovers\n|-heal|p2a: Chimecho|278/290|[from] item: Leftovers\n|upkeep\n|turn|34\n|inactive|Time left: 300 sec this turn | 300 sec total\n|\n|t:|1783555922\n|move|p1a: Milotic|Scald|p2a: Chimecho\n|-damage|p2a: Chimecho|196/290\n|-status|p2a: Chimecho|brn\n|move|p2a: Chimecho|Cosmic Power|p2a: Chimecho\n|-boost|p2a: Chimecho|def|1\n|-boost|p2a: Chimecho|spd|1\n|\n|-heal|p1a: Milotic|94/100|[from] item: Leftovers\n|-heal|p2a: Chimecho|214/290 brn|[from] item: Leftovers\n|-damage|p2a: Chimecho|196/290 brn|[from] brn\n|upkeep\n|turn|35\n|inactive|Time left: 300 sec this turn | 300 sec total\n|\n|t:|1783555923\n|move|p1a: Milotic|Haze|p1a: Milotic\n|-clearallboost\n|move|p2a: Chimecho|Recover|p2a: Chimecho\n|-heal|p2a: Chimecho|290/290 brn\n|\n|-heal|p1a: Milotic|99/100|[from] item: Leftovers\n|-damage|p2a: Chimecho|272/290 brn|[from] brn\n|upkeep\n|turn|36\n|inactive|Time left: 300 sec this turn | 300 sec total\n|\n|t:|1783555924\n|move|p1a: Milotic|Scald|p2a: Chimecho\n|-damage|p2a: Chimecho|200/290 brn\n|move|p2a: Chimecho|Cosmic Power|p2a: Chimecho\n|-boost|p2a: Chimecho|def|1\n|-boost|p2a: Chimecho|spd|1\n|\n|-heal|p1a: Milotic|100/100|[from] item: Leftovers\n|-heal|p2a: Chimecho|218/290 brn|[from] item: Leftovers\n|-damage|p2a: Chimecho|200/290 brn|[from] brn\n|upkeep\n|turn|37\n|inactive|Time left: 300 sec this turn | 300 sec total\n|\n|t:|1783555926\n|move|p1a: Milotic|Haze|p1a: Milotic\n|-clearallboost\n|move|p2a: Chimecho|Recover|p2a: Chimecho\n|-heal|p2a: Chimecho|290/290 brn\n|\n|-damage|p2a: Chimecho|272/290 brn|[from] brn\n|upkeep\n|turn|38\n|inactive|Time left: 300 sec this turn | 300 sec total\n|\n|t:|1783555927\n|move|p1a: Milotic|Scald|p2a: Chimecho\n|-damage|p2a: Chimecho|194/290 brn\n|move|p2a: Chimecho|Cosmic Power|p2a: Chimecho\n|-boost|p2a: Chimecho|def|1\n|-boost|p2a: Chimecho|spd|1\n|\n|-heal|p2a: Chimecho|212/290 brn|[from] item: Leftovers\n|-damage|p2a: Chimecho|194/290 brn|[from] brn\n|upkeep\n|turn|39\n|inactive|Time left: 300 sec this turn | 300 sec total\n|\n|t:|1783555928\n|move|p1a: Milotic|Haze|p1a: Milotic\n|-clearallboost\n|move|p2a: Chimecho|Recover|p2a: Chimecho\n|-heal|p2a: Chimecho|290/290 brn\n|\n|-damage|p2a: Chimecho|272/290 brn|[from] brn\n|upkeep\n|turn|40\n|inactive|Time left: 300 sec this turn | 300 sec total\n|\n|t:|1783555929\n|move|p1a: Milotic|Scald|p2a: Chimecho\n|-damage|p2a: Chimecho|200/290 brn\n|move|p2a: Chimecho|Cosmic Power|p2a: Chimecho\n|-boost|p2a: Chimecho|def|1\n|-boost|p2a: Chimecho|spd|1\n|\n|-heal|p2a: Chimecho|218/290 brn|[from] item: Leftovers\n|-damage|p2a: Chimecho|200/290 brn|[from] brn\n|upkeep\n|turn|41\n|inactive|Time left: 300 sec this turn | 300 sec total\n|\n|t:|1783555930\n|move|p1a: Milotic|Scald|p2a: Chimecho\n|-damage|p2a: Chimecho|146/290 brn\n|move|p2a: Chimecho|Recover|p2a: Chimecho\n|-heal|p2a: Chimecho|290/290 brn\n|\n|-damage|p2a: Chimecho|272/290 brn|[from] brn\n|upkeep\n|turn|42\n|inactive|Time left: 300 sec this turn | 300 sec total\n|\n|t:|1783555931\n|move|p1a: Milotic|Scald|p2a: Chimecho\n|-damage|p2a: Chimecho|220/290 brn\n|move|p2a: Chimecho|Cosmic Power|p2a: Chimecho\n|-boost|p2a: Chimecho|def|1\n|-boost|p2a: Chimecho|spd|1\n|\n|-heal|p2a: Chimecho|238/290 brn|[from] item: Leftovers\n|-damage|p2a: Chimecho|220/290 brn|[from] brn\n|upkeep\n|turn|43\n|inactive|Time left: 300 sec this turn | 300 sec total\n|\n|t:|1783555933\n|move|p1a: Milotic|Haze|p1a: Milotic\n|-clearallboost\n|move|p2a: Chimecho|Dazzling Gleam|p1a: Milotic\n|-damage|p1a: Milotic|84/100\n|\n|-heal|p1a: Milotic|90/100|[from] item: Leftovers\n|-heal|p2a: Chimecho|238/290 brn|[from] item: Leftovers\n|-damage|p2a: Chimecho|220/290 brn|[from] brn\n|upkeep\n|turn|44\n|inactive|Time left: 300 sec this turn | 300 sec total\n|\n|t:|1783555934\n|move|p1a: Milotic|Scald|p2a: Chimecho\n|-damage|p2a: Chimecho|141/290 brn\n|move|p2a: Chimecho|Recover|p2a: Chimecho\n|-heal|p2a: Chimecho|286/290 brn\n|\n|-heal|p1a: Milotic|96/100|[from] item: Leftovers\n|-heal|p2a: Chimecho|290/290 brn|[from] item: Leftovers\n|-damage|p2a: Chimecho|272/290 brn|[from] brn\n|upkeep\n|turn|45\n|inactive|Time left: 300 sec this turn | 300 sec total\n|\n|t:|1783555935\n|move|p1a: Milotic|Scald|p2a: Chimecho\n|-damage|p2a: Chimecho|199/290 brn\n|move|p2a: Chimecho|Cosmic Power|p2a: Chimecho\n|-boost|p2a: Chimecho|def|1\n|-boost|p2a: Chimecho|spd|1\n|\n|-heal|p1a: Milotic|100/100|[from] item: Leftovers\n|-heal|p2a: Chimecho|217/290 brn|[from] item: Leftovers\n|-damage|p2a: Chimecho|199/290 brn|[from] brn\n|upkeep\n|turn|46\n|inactive|Time left: 300 sec this turn | 300 sec total\n|\n|t:|1783555936\n|move|p1a: Milotic|Haze|p1a: Milotic\n|-clearallboost\n|move|p2a: Chimecho|Recover|p2a: Chimecho\n|-heal|p2a: Chimecho|290/290 brn\n|\n|-damage|p2a: Chimecho|272/290 brn|[from] brn\n|upkeep\n|turn|47\n|inactive|Time left: 300 sec this turn | 300 sec total\n|\n|t:|1783555938\n|move|p1a: Milotic|Scald|p2a: Chimecho\n|-damage|p2a: Chimecho|193/290 brn\n|move|p2a: Chimecho|Cosmic Power|p2a: Chimecho\n|-boost|p2a: Chimecho|def|1\n|-boost|p2a: Chimecho|spd|1\n|\n|-heal|p2a: Chimecho|211/290 brn|[from] item: Leftovers\n|-damage|p2a: Chimecho|193/290 brn|[from] brn\n|upkeep\n|turn|48\n|inactive|Time left: 300 sec this turn | 300 sec total\n|\n|t:|1783555939\n|move|p1a: Milotic|Scald|p2a: Chimecho\n|-damage|p2a: Chimecho|141/290 brn\n|move|p2a: Chimecho|Recover|p2a: Chimecho\n|-heal|p2a: Chimecho|286/290 brn\n|\n|-heal|p2a: Chimecho|290/290 brn|[from] item: Leftovers\n|-damage|p2a: Chimecho|272/290 brn|[from] brn\n|upkeep\n|turn|49\n|inactive|Time left: 300 sec this turn | 300 sec total\n|\n|t:|1783555940\n|move|p1a: Milotic|Scald|p2a: Chimecho\n|-damage|p2a: Chimecho|218/290 brn\n|move|p2a: Chimecho|Stored Power|p1a: Milotic\n|-damage|p1a: Milotic|80/100\n|\n|-heal|p1a: Milotic|86/100|[from] item: Leftovers\n|-heal|p2a: Chimecho|236/290 brn|[from] item: Leftovers\n|-damage|p2a: Chimecho|218/290 brn|[from] brn\n|upkeep\n|turn|50\n|inactive|Time left: 300 sec this turn | 300 sec total\n|\n|t:|1783555941\n|move|p1a: Milotic|Scald|p2a: Chimecho\n|-damage|p2a: Chimecho|164/290 brn\n|move|p2a: Chimecho|Dazzling Gleam|p1a: Milotic\n|-damage|p1a: Milotic|68/100\n|\n|-heal|p1a: Milotic|74/100|[from] item: Leftovers\n|-heal|p2a: Chimecho|182/290 brn|[from] item: Leftovers\n|-damage|p2a: Chimecho|164/290 brn|[from] brn\n|upkeep\n|turn|51\n|inactive|Time left: 300 sec this turn | 300 sec total\n|\n|t:|1783555943\n|move|p1a: Milotic|Scald|p2a: Chimecho\n|-damage|p2a: Chimecho|109/290 brn\n|move|p2a: Chimecho|Cosmic Power|p2a: Chimecho\n|-boost|p2a: Chimecho|def|1\n|-boost|p2a: Chimecho|spd|1\n|\n|-heal|p1a: Milotic|80/100|[from] item: Leftovers\n|-heal|p2a: Chimecho|127/290 brn|[from] item: Leftovers\n|-damage|p2a: Chimecho|109/290 brn|[from] brn\n|upkeep\n|turn|52\n|inactive|Time left: 300 sec this turn | 300 sec total\n|\n|t:|1783555944\n|move|p1a: Milotic|Haze|p1a: Milotic\n|-clearallboost\n|move|p2a: Chimecho|Dazzling Gleam|p1a: Milotic\n|-damage|p1a: Milotic|63/100\n|\n|-heal|p1a: Milotic|69/100|[from] item: Leftovers\n|-heal|p2a: Chimecho|127/290 brn|[from] item: Leftovers\n|-damage|p2a: Chimecho|109/290 brn|[from] brn\n|upkeep\n|turn|53\n|inactive|Time left: 300 sec this turn | 300 sec total\n|\n|t:|1783555946\n|move|p1a: Milotic|Scald|p2a: Chimecho\n|-damage|p2a: Chimecho|31/290 brn\n|move|p2a: Chimecho|Dazzling Gleam|p1a: Milotic\n|-damage|p1a: Milotic|49/100\n|\n|-heal|p1a: Milotic|55/100|[from] item: Leftovers\n|-heal|p2a: Chimecho|49/290 brn|[from] item: Leftovers\n|-damage|p2a: Chimecho|31/290 brn|[from] brn\n|upkeep\n|turn|54\n|inactive|Time left: 300 sec this turn | 300 sec total\n|\n|t:|1783555947\n|switch|p2a: Hitmonlee|Hitmonlee, L85, M|112/223\n|move|p1a: Milotic|Scald|p2a: Hitmonlee\n|-damage|p2a: Hitmonlee|37/223\n|\n|-heal|p1a: Milotic|62/100|[from] item: Leftovers\n|upkeep\n|turn|55\n|inactive|Time left: 300 sec this turn | 300 sec total\n|\n|t:|1783555948\n|switch|p1a: Abomasnow|Abomasnow, L84, M, tera:Ghost|5/100\n|-weather|Snowscape|[from] ability: Snow Warning|[of] p1a: Abomasnow\n|move|p2a: Hitmonlee|Knock Off|p1a: Abomasnow\n|-supereffective|p1a: Abomasnow\n|-damage|p1a: Abomasnow|0 fnt\n|-enditem|p1a: Abomasnow|Light Clay|[from] move: Knock Off|[of] p2a: Hitmonlee\n|faint|p1a: Abomasnow\n|\n|-weather|Snowscape|[upkeep]\n|upkeep\n|\n|t:|1783555949\n|switch|p1a: Donphan|Donphan, L84, M|100/100\n|turn|56\n|inactive|Time left: 300 sec this turn | 300 sec total\n|\n|t:|1783555950\n|move|p2a: Hitmonlee|Knock Off|p1a: Donphan\n|-damage|p1a: Donphan|67/100\n|-enditem|p1a: Donphan|Assault Vest|[from] move: Knock Off|[of] p2a: Hitmonlee\n|move|p1a: Donphan|Rapid Spin|p2a: Hitmonlee\n|-damage|p2a: Hitmonlee|0 fnt\n|-boost|p1a: Donphan|spe|1\n|faint|p2a: Hitmonlee\n|\n|-weather|Snowscape|[upkeep]\n|upkeep\n|inactive|Time left: 300 sec this turn | 300 sec total | 5 sec grace\n|\n|t:|1783555951\n|switch|p2a: Iron Jugulis|Iron Jugulis, L77|271/271\n|turn|57\n|inactive|Time left: 300 sec this turn | 300 sec total\n|\n|t:|1783555952\n|move|p2a: Iron Jugulis|Hurricane|p1a: Donphan|[miss]\n|-miss|p2a: Iron Jugulis|p1a: Donphan\n|move|p1a: Donphan|Ice Spinner|p2a: Iron Jugulis\n|-supereffective|p2a: Iron Jugulis\n|-damage|p2a: Iron Jugulis|127/271\n|\n|-weather|Snowscape|[upkeep]\n|upkeep\n|turn|58\n|inactive|Time left: 300 sec this turn | 300 sec total\n|\n|t:|1783555953\n|move|p2a: Iron Jugulis|Hurricane|p1a: Donphan\n|-damage|p1a: Donphan|0 fnt\n|faint|p1a: Donphan\n|\n|-weather|Snowscape|[upkeep]\n|upkeep\n|\n|t:|1783555954\n|switch|p1a: Milotic|Milotic, L83, F|62/100\n|turn|59\n|inactive|Time left: 300 sec this turn | 300 sec total\n|\n|t:|1783555955\n|move|p2a: Iron Jugulis|Hurricane|p1a: Milotic|[miss]\n|-miss|p2a: Iron Jugulis|p1a: Milotic\n|move|p1a: Milotic|Ice Beam|p2a: Iron Jugulis\n|-supereffective|p2a: Iron Jugulis\n|-damage|p2a: Iron Jugulis|0 fnt\n|faint|p2a: Iron Jugulis\n|-end|p2a: Iron Jugulis|Quark Drive|[silent]\n|\n|-weather|none\n|-heal|p1a: Milotic|68/100|[from] item: Leftovers\n|upkeep\n|inactive|Time left: 300 sec this turn | 300 sec total | 5 sec grace\n|\n|t:|1783555956\n|switch|p2a: Hitmonchan|Hitmonchan, L87, M|229/229\n|turn|60\n|inactive|Time left: 300 sec this turn | 300 sec total\n|\n|t:|1783555957\n|move|p1a: Milotic|Scald|p2a: Hitmonchan\n|-damage|p2a: Hitmonchan|163/229\n|-status|p2a: Hitmonchan|brn\n|move|p2a: Hitmonchan|Drain Punch|p1a: Milotic\n|-damage|p1a: Milotic|49/100\n|-heal|p2a: Hitmonchan|191/229 brn|[from] drain|[of] p1a: Milotic\n|\n|-heal|p1a: Milotic|55/100|[from] item: Leftovers\n|-heal|p2a: Hitmonchan|205/229 brn|[from] item: Leftovers\n|-damage|p2a: Hitmonchan|191/229 brn|[from] brn\n|upkeep\n|turn|61\n|inactive|Time left: 300 sec this turn | 300 sec total\n|\n|t:|1783555958\n|move|p1a: Milotic|Recover|p1a: Milotic\n|-heal|p1a: Milotic|100/100\n|move|p2a: Hitmonchan|Knock Off|p1a: Milotic\n|-damage|p1a: Milotic|85/100\n|-enditem|p1a: Milotic|Leftovers|[from] move: Knock Off|[of] p2a: Hitmonchan\n|\n|-heal|p2a: Hitmonchan|205/229 brn|[from] item: Leftovers\n|-damage|p2a: Hitmonchan|191/229 brn|[from] brn\n|upkeep\n|turn|62\n|inactive|Time left: 300 sec this turn | 300 sec total\n|\n|t:|1783555959\n|move|p1a: Milotic|Scald|p2a: Hitmonchan\n|-damage|p2a: Hitmonchan|115/229 brn\n|move|p2a: Hitmonchan|Rapid Spin|p1a: Milotic\n|-damage|p1a: Milotic|78/100\n|-boost|p2a: Hitmonchan|spe|1\n|\n|-heal|p2a: Hitmonchan|129/229 brn|[from] item: Leftovers\n|-damage|p2a: Hitmonchan|115/229 brn|[from] brn\n|upkeep\n|turn|63\n|inactive|Time left: 300 sec this turn | 300 sec total\n|\n|t:|1783555961\n|move|p2a: Hitmonchan|Drain Punch|p1a: Milotic\n|-damage|p1a: Milotic|57/100\n|-heal|p2a: Hitmonchan|145/229 brn|[from] drain|[of] p1a: Milotic\n|move|p1a: Milotic|Scald|p2a: Hitmonchan\n|-damage|p2a: Hitmonchan|73/229 brn\n|\n|-heal|p2a: Hitmonchan|87/229 brn|[from] item: Leftovers\n|-damage|p2a: Hitmonchan|73/229 brn|[from] brn\n|upkeep\n|turn|64\n|inactive|Time left: 300 sec this turn | 300 sec total\n|\n|t:|1783555962\n|move|p2a: Hitmonchan|Drain Punch|p1a: Milotic\n|-crit|p1a: Milotic\n|-damage|p1a: Milotic|30/100\n|-heal|p2a: Hitmonchan|114/229 brn|[from] drain|[of] p1a: Milotic\n|move|p1a: Milotic|Scald|p2a: Hitmonchan\n|-damage|p2a: Hitmonchan|47/229 brn\n|\n|-heal|p2a: Hitmonchan|61/229 brn|[from] item: Leftovers\n|-damage|p2a: Hitmonchan|47/229 brn|[from] brn\n|upkeep\n|turn|65\n|inactive|Time left: 300 sec this turn | 300 sec total\n|\n|t:|1783555963\n|move|p2a: Hitmonchan|Drain Punch|p1a: Milotic\n|-damage|p1a: Milotic|11/100\n|-heal|p2a: Hitmonchan|74/229 brn|[from] drain|[of] p1a: Milotic\n|move|p1a: Milotic|Recover|p1a: Milotic\n|-heal|p1a: Milotic|62/100\n|\n|-heal|p2a: Hitmonchan|88/229 brn|[from] item: Leftovers\n|-damage|p2a: Hitmonchan|74/229 brn|[from] brn\n|upkeep\n|turn|66\n|inactive|Time left: 300 sec this turn | 300 sec total\n|\n|t:|1783555965\n|move|p2a: Hitmonchan|Drain Punch|p1a: Milotic\n|-damage|p1a: Milotic|43/100\n|-heal|p2a: Hitmonchan|101/229 brn|[from] drain|[of] p1a: Milotic\n|move|p1a: Milotic|Scald|p2a: Hitmonchan\n|-damage|p2a: Hitmonchan|34/229 brn\n|\n|-heal|p2a: Hitmonchan|48/229 brn|[from] item: Leftovers\n|-damage|p2a: Hitmonchan|34/229 brn|[from] brn\n|upkeep\n|turn|67\n|inactive|Time left: 300 sec this turn | 300 sec total\n|\n|t:|1783555966\n|move|p2a: Hitmonchan|Drain Punch|p1a: Milotic\n|-damage|p1a: Milotic|22/100\n|-heal|p2a: Hitmonchan|65/229 brn|[from] drain|[of] p1a: Milotic\n|move|p1a: Milotic|Recover|p1a: Milotic\n|-heal|p1a: Milotic|73/100\n|\n|-heal|p2a: Hitmonchan|79/229 brn|[from] item: Leftovers\n|-damage|p2a: Hitmonchan|65/229 brn|[from] brn\n|upkeep\n|turn|68\n|inactive|Time left: 300 sec this turn | 300 sec total\n|\n|t:|1783555967\n|move|p2a: Hitmonchan|Drain Punch|p1a: Milotic\n|-damage|p1a: Milotic|52/100\n|-heal|p2a: Hitmonchan|95/229 brn|[from] drain|[of] p1a: Milotic\n|move|p1a: Milotic|Scald|p2a: Hitmonchan\n|-damage|p2a: Hitmonchan|20/229 brn\n|\n|-heal|p2a: Hitmonchan|34/229 brn|[from] item: Leftovers\n|-damage|p2a: Hitmonchan|20/229 brn|[from] brn\n|upkeep\n|turn|69\n|inactive|Time left: 300 sec this turn | 300 sec total\n|\n|t:|1783555968\n|move|p2a: Hitmonchan|Drain Punch|p1a: Milotic\n|-damage|p1a: Milotic|31/100\n|-heal|p2a: Hitmonchan|52/229 brn|[from] drain|[of] p1a: Milotic\n|move|p1a: Milotic|Recover|p1a: Milotic\n|-heal|p1a: Milotic|81/100\n|\n|-heal|p2a: Hitmonchan|66/229 brn|[from] item: Leftovers\n|-damage|p2a: Hitmonchan|52/229 brn|[from] brn\n|upkeep\n|turn|70\n|inactive|Time left: 300 sec this turn | 300 sec total\n|\n|t:|1783555969\n|move|p2a: Hitmonchan|Drain Punch|p1a: Milotic\n|-damage|p1a: Milotic|62/100\n|-heal|p2a: Hitmonchan|79/229 brn|[from] drain|[of] p1a: Milotic\n|move|p1a: Milotic|Scald|p2a: Hitmonchan\n|-damage|p2a: Hitmonchan|12/229 brn\n|\n|-heal|p2a: Hitmonchan|26/229 brn|[from] item: Leftovers\n|-damage|p2a: Hitmonchan|12/229 brn|[from] brn\n|upkeep\n|turn|71\n|inactive|Time left: 300 sec this turn | 300 sec total\n|\n|t:|1783555970\n|move|p2a: Hitmonchan|Drain Punch|p1a: Milotic\n|-damage|p1a: Milotic|41/100\n|-heal|p2a: Hitmonchan|43/229 brn|[from] drain|[of] p1a: Milotic\n|move|p1a: Milotic|Recover|p1a: Milotic\n|-heal|p1a: Milotic|92/100\n|\n|-heal|p2a: Hitmonchan|57/229 brn|[from] item: Leftovers\n|-damage|p2a: Hitmonchan|43/229 brn|[from] brn\n|upkeep\n|turn|72\n|inactive|Time left: 300 sec this turn | 300 sec total\n|\n|t:|1783555971\n|move|p2a: Hitmonchan|Drain Punch|p1a: Milotic\n|-damage|p1a: Milotic|70/100\n|-heal|p2a: Hitmonchan|74/229 brn|[from] drain|[of] p1a: Milotic\n|move|p1a: Milotic|Scald|p2a: Hitmonchan\n|-crit|p2a: Hitmonchan\n|-damage|p2a: Hitmonchan|0 fnt\n|faint|p2a: Hitmonchan\n|\n|upkeep\n|inactive|Time left: 300 sec this turn | 300 sec total | 5 sec grace\n|\n|t:|1783555972\n|switch|p2a: Dedenne|Dedenne, L88, F|261/261\n|turn|73\n|inactive|Time left: 300 sec this turn | 300 sec total\n|\n|t:|1783555973\n|switch|p1a: Swampert|Swampert, L83, M|92/100\n|move|p2a: Dedenne|Thunderbolt|p1a: Swampert\n|-immune|p1a: Swampert\n|\n|-heal|p1a: Swampert|98/100|[from] item: Leftovers\n|upkeep\n|turn|74\n|inactive|Time left: 300 sec this turn | 300 sec total\n|\n|t:|1783555974\n|move|p2a: Dedenne|U-turn|p1a: Swampert\n|-damage|p1a: Swampert|86/100\n|inactive|Time left: 300 sec this turn | 300 sec total | 5 sec grace\n|\n|t:|1783555975\n|switch|p2a: Chimecho|Chimecho, L93, M|31/290 brn|[from] U-turn\n|move|p1a: Swampert|Earthquake|p2a: Chimecho\n|-immune|p2a: Chimecho|[from] ability: Levitate\n|\n|-heal|p2a: Chimecho|49/290 brn|[from] item: Leftovers\n|-heal|p1a: Swampert|92/100|[from] item: Leftovers\n|-damage|p2a: Chimecho|31/290 brn|[from] brn\n|upkeep\n|turn|75\n|inactive|Time left: 300 sec this turn | 300 sec total\n|\n|t:|1783555976\n|move|p2a: Chimecho|Dazzling Gleam|p1a: Swampert\n|-damage|p1a: Swampert|70/100\n|move|p1a: Swampert|Ice Beam|p2a: Chimecho\n|-damage|p2a: Chimecho|0 fnt\n|faint|p2a: Chimecho\n|\n|-heal|p1a: Swampert|76/100|[from] item: Leftovers\n|upkeep\n|inactive|Time left: 300 sec this turn | 300 sec total | 5 sec grace\n|\n|t:|1783555977\n|switch|p2a: Dedenne|Dedenne, L88, F|261/261\n|turn|76\n|inactive|Time left: 300 sec this turn | 300 sec total\n|\n|t:|1783555978\n|-terastallize|p2a: Dedenne|Flying\n|move|p2a: Dedenne|Dazzling Gleam|p1a: Swampert\n|-damage|p1a: Swampert|47/100\n|move|p1a: Swampert|Ice Beam|p2a: Dedenne\n|-supereffective|p2a: Dedenne\n|-damage|p2a: Dedenne|121/261\n|-enditem|p2a: Dedenne|Sitrus Berry|[eat]\n|-heal|p2a: Dedenne|186/261|[from] item: Sitrus Berry\n|-heal|p2a: Dedenne|261/261|[from] ability: Cheek Pouch\n|\n|-heal|p1a: Swampert|52/100|[from] item: Leftovers\n|upkeep\n|turn|77\n|inactive|Time left: 300 sec this turn | 300 sec total\n|\n|t:|1783555979\n|move|p2a: Dedenne|Dazzling Gleam|p1a: Swampert\n|-damage|p1a: Swampert|27/100\n|move|p1a: Swampert|Ice Beam|p2a: Dedenne\n|-supereffective|p2a: Dedenne\n|-damage|p2a: Dedenne|117/261\n|\n|-heal|p1a: Swampert|33/100|[from] item: Leftovers\n|upkeep\n|turn|78\n|inactive|Time left: 300 sec this turn | 300 sec total\n|\n|t:|1783555980\n|move|p2a: Dedenne|Dazzling Gleam|p1a: Swampert\n|-damage|p1a: Swampert|4/100\n|move|p1a: Swampert|Ice Beam|p2a: Dedenne\n|-supereffective|p2a: Dedenne\n|-damage|p2a: Dedenne|0 fnt\n|faint|p2a: Dedenne\n|\n|win|p0x13680187", "uploadtime": 1783555980, "views": 0, "rating": 0, "private": 0, "password": null, "_winner": "p0x13680187", "_our_name": "p0y1368cf7a"}