{"id": "battle-gen9randombattle-42", "formatid": "gen9randombattle", "format": "[Gen 9] Random Battle", "players": ["p0x0427494", "p0y0422a4c"], "log": "|init|battle\n|title|p0x0427494 vs. p0y0422a4c\n|j|\u2606p0x0427494\n|j|\u2606p0y0422a4c\n|t:|1783534279\n|gametype|singles\n|player|p1|p0x0427494|102|\n|player|p2|p0y0422a4c|1|\n|gen|9\n|tier|[Gen 9] Random Battle\n|rule|Species Clause: Limit one of each Pok\u00e9mon\n|rule|HP Percentage Mod: HP is shown in percentages\n|rule|Sleep Clause Mod: Limit one foe put to sleep\n|rule|Illusion Level Mod: Illusion disguises the Pok\u00e9mon's true level\n|\n|t:|1783534279\n|teamsize|p1|6\n|teamsize|p2|6\n|start\n|switch|p1a: Cobalion|Cobalion, L80|277/277\n|switch|p2a: Appletun|Appletun, L92, M|100/100\n|turn|1\n|inactive|Battle timer is ON: inactive players will automatically lose when time's up. (requested by p0y0422a4c)\n|inactive|Time left: 300 sec this turn | 300 sec total | 60 sec grace\n|\n|t:|1783534280\n|move|p1a: Cobalion|Swords Dance|p1a: Cobalion\n|-boost|p1a: Cobalion|atk|2\n|move|p2a: Appletun|Leech Seed|p1a: Cobalion\n|-start|p1a: Cobalion|move: Leech Seed\n|\n|-damage|p1a: Cobalion|243/277|[from] Leech Seed|[of] p2a: Appletun\n|upkeep\n|turn|2\n|inactive|Time left: 300 sec this turn | 300 sec total\n|inactive|p0x0427494 also wants the timer to be on.\n|\n|t:|1783534282\n|switch|p2a: Palossand|Palossand, L89, M|100/100\n|-terastallize|p1a: Cobalion|Fighting\n|move|p1a: Cobalion|Close Combat|p2a: Palossand\n|-immune|p2a: Palossand\n|\n|-damage|p1a: Cobalion|209/277|[from] Leech Seed|[of] p2a: Palossand\n|upkeep\n|turn|3\n|inactive|Time left: 300 sec this turn | 300 sec total\n|\n|t:|1783534283\n|switch|p1a: Vigoroth|Vigoroth, L85, M|275/275\n|move|p2a: Palossand|Earth Power|p1a: Vigoroth\n|-damage|p1a: Vigoroth|175/275\n|\n|upkeep\n|turn|4\n|inactive|Time left: 300 sec this turn | 300 sec total\n|\n|t:|1783534284\n|move|p1a: Vigoroth|Slack Off|p1a: Vigoroth\n|-heal|p1a: Vigoroth|275/275\n|move|p2a: Palossand|Sludge Bomb|p1a: Vigoroth\n|-damage|p1a: Vigoroth|204/275\n|\n|upkeep\n|turn|5\n|inactive|Time left: 300 sec this turn | 300 sec total\n|\n|t:|1783534285\n|move|p1a: Vigoroth|Bulk Up|p1a: Vigoroth\n|-boost|p1a: Vigoroth|atk|1\n|-boost|p1a: Vigoroth|def|1\n|move|p2a: Palossand|Earth Power|p1a: Vigoroth\n|-damage|p1a: Vigoroth|99/275\n|\n|upkeep\n|turn|6\n|inactive|Time left: 300 sec this turn | 300 sec total\n|\n|t:|1783534285\n|move|p1a: Vigoroth|Slack Off|p1a: Vigoroth\n|-heal|p1a: Vigoroth|237/275\n|move|p2a: Palossand|Earth Power|p1a: Vigoroth\n|-damage|p1a: Vigoroth|135/275\n|\n|upkeep\n|turn|7\n|inactive|Time left: 300 sec this turn | 300 sec total\n|\n|t:|1783534286\n|move|p1a: Vigoroth|Slack Off|p1a: Vigoroth\n|-heal|p1a: Vigoroth|273/275\n|move|p2a: Palossand|Earth Power|p1a: Vigoroth\n|-damage|p1a: Vigoroth|171/275\n|\n|upkeep\n|turn|8\n|inactive|Time left: 300 sec this turn | 300 sec total\n|\n|t:|1783534287\n|switch|p2a: Magcargo|Magcargo, L95, M|100/100\n|move|p1a: Vigoroth|Knock Off|p2a: Magcargo\n|-damage|p2a: Magcargo|77/100\n|-ability|p2a: Magcargo|Weak Armor|boost\n|-unboost|p2a: Magcargo|def|1\n|-boost|p2a: Magcargo|spe|2\n|-enditem|p2a: Magcargo|Heavy-Duty Boots|[from] move: Knock Off|[of] p1a: Vigoroth\n|\n|upkeep\n|turn|9\n|inactive|Time left: 300 sec this turn | 300 sec total\n|\n|t:|1783534288\n|move|p2a: Magcargo|Shell Smash|p2a: Magcargo\n|-unboost|p2a: Magcargo|def|1\n|-unboost|p2a: Magcargo|spd|1\n|-boost|p2a: Magcargo|atk|2\n|-boost|p2a: Magcargo|spa|2\n|-boost|p2a: Magcargo|spe|2\n|move|p1a: Vigoroth|Body Slam|p2a: Magcargo\n|-resisted|p2a: Magcargo\n|-damage|p2a: Magcargo|45/100\n|-ability|p2a: Magcargo|Weak Armor|boost\n|-unboost|p2a: Magcargo|def|1\n|-boost|p2a: Magcargo|spe|2\n|\n|upkeep\n|turn|10\n|inactive|Time left: 300 sec this turn | 300 sec total\n|\n|t:|1783534289\n|move|p2a: Magcargo|Power Gem|p1a: Vigoroth\n|-damage|p1a: Vigoroth|0 fnt\n|faint|p1a: Vigoroth\n|\n|upkeep\n|inactive|Time left: 300 sec this turn | 300 sec total | 5 sec grace\n|\n|t:|1783534290\n|switch|p1a: Carbink|Carbink, L90|236/236\n|turn|11\n|inactive|Time left: 300 sec this turn | 300 sec total\n|\n|t:|1783534291\n|move|p2a: Magcargo|Earth Power|p1a: Carbink\n|-supereffective|p1a: Carbink\n|-damage|p1a: Carbink|58/236\n|move|p1a: Carbink|Body Press|p2a: Magcargo\n|-supereffective|p2a: Magcargo\n|-damage|p2a: Magcargo|0 fnt\n|faint|p2a: Magcargo\n|\n|upkeep\n|\n|t:|1783534292\n|switch|p2a: Gallade|Gallade, L80, M|100/100\n|turn|12\n|inactive|Time left: 300 sec this turn | 300 sec total\n|\n|t:|1783534293\n|move|p2a: Gallade|Psycho Cut|p1a: Carbink\n|-damage|p1a: Carbink|0 fnt\n|faint|p1a: Carbink\n|-damage|p2a: Gallade|90/100|[from] item: Life Orb\n|\n|upkeep\n|inactive|Time left: 300 sec this turn | 300 sec total | 5 sec grace\n|\n|t:|1783534293\n|switch|p1a: Flutter Mane|Flutter Mane, L74|203/203\n|turn|13\n|inactive|Time left: 300 sec this turn | 300 sec total\n|\n|t:|1783534294\n|switch|p2a: Empoleon|Empoleon, L84, F|100/100\n|move|p1a: Flutter Mane|Moonblast|p2a: Empoleon\n|-resisted|p2a: Empoleon\n|-damage|p2a: Empoleon|77/100\n|-unboost|p2a: Empoleon|spa|1\n|-ability|p2a: Empoleon|Competitive|boost\n|-boost|p2a: Empoleon|spa|2\n|-damage|p1a: Flutter Mane|183/203|[from] item: Life Orb\n|\n|-heal|p2a: Empoleon|84/100|[from] item: Leftovers\n|upkeep\n|turn|14\n|inactive|Time left: 300 sec this turn | 300 sec total\n|\n|t:|1783534295\n|-end|p1a: Flutter Mane|Protosynthesis|[silent]\n|switch|p1a: Suicune|Suicune, L82|298/298\n|-ability|p1a: Suicune|Pressure\n|move|p2a: Empoleon|Surf|p1a: Suicune\n|-resisted|p1a: Suicune\n|-damage|p1a: Suicune|235/298\n|\n|-heal|p1a: Suicune|253/298|[from] item: Leftovers\n|-heal|p2a: Empoleon|90/100|[from] item: Leftovers\n|upkeep\n|turn|15\n|inactive|Time left: 300 sec this turn | 300 sec total\n|\n|t:|1783534296\n|move|p1a: Suicune|Calm Mind|p1a: Suicune\n|-boost|p1a: Suicune|spa|1\n|-boost|p1a: Suicune|spd|1\n|move|p2a: Empoleon|Surf|p1a: Suicune\n|-resisted|p1a: Suicune\n|-damage|p1a: Suicune|211/298\n|\n|-heal|p1a: Suicune|229/298|[from] item: Leftovers\n|-heal|p2a: Empoleon|96/100|[from] item: Leftovers\n|upkeep\n|turn|16\n|inactive|Time left: 300 sec this turn | 300 sec total\n|\n|t:|1783534297\n|move|p1a: Suicune|Calm Mind|p1a: Suicune\n|-boost|p1a: Suicune|spa|1\n|-boost|p1a: Suicune|spd|1\n|move|p2a: Empoleon|Stealth Rock|p1a: Suicune\n|-sidestart|p1: p0x0427494|move: Stealth Rock\n|\n|-heal|p1a: Suicune|247/298|[from] item: Leftovers\n|-heal|p2a: Empoleon|100/100|[from] item: Leftovers\n|upkeep\n|turn|17\n|inactive|Time left: 300 sec this turn | 300 sec total\n|\n|t:|1783534298\n|move|p1a: Suicune|Calm Mind|p1a: Suicune\n|-boost|p1a: Suicune|spa|1\n|-boost|p1a: Suicune|spd|1\n|move|p2a: Empoleon|Flip Turn|p1a: Suicune\n|-resisted|p1a: Suicune\n|-damage|p1a: Suicune|222/298\n|\n|t:|1783534299\n|switch|p2a: Squawkabilly|Squawkabilly-Yellow, L89, M|100/100|[from] Flip Turn\n|\n|-heal|p1a: Suicune|240/298|[from] item: Leftovers\n|upkeep\n|turn|18\n|inactive|Time left: 300 sec this turn | 300 sec total\n|\n|t:|1783534300\n|move|p1a: Suicune|Protect|p1a: Suicune\n|-singleturn|p1a: Suicune|Protect\n|move|p2a: Squawkabilly|Brave Bird|p1a: Suicune\n|-activate|p1a: Suicune|move: Protect\n|\n|-heal|p1a: Suicune|258/298|[from] item: Leftovers\n|upkeep\n|turn|19\n|inactive|Time left: 300 sec this turn | 300 sec total\n|\n|t:|1783534301\n|move|p2a: Squawkabilly|Brave Bird|p1a: Suicune\n|-damage|p1a: Suicune|0 fnt\n|faint|p1a: Suicune\n|-damage|p2a: Squawkabilly|71/100|[from] Recoil\n|\n|upkeep\n|inactive|Time left: 300 sec this turn | 300 sec total | 5 sec grace\n|\n|t:|1783534302\n|switch|p1a: Cobalion|Cobalion, L80, tera:Fighting|209/277\n|-damage|p1a: Cobalion|192/277|[from] Stealth Rock\n|turn|20\n|inactive|Time left: 300 sec this turn | 300 sec total\n|\n|t:|1783534303\n|switch|p2a: Palossand|Palossand, L89, M|100/100\n|move|p1a: Cobalion|Close Combat|p2a: Palossand\n|-immune|p2a: Palossand\n|\n|upkeep\n|turn|21\n|inactive|Time left: 300 sec this turn | 300 sec total\n|\n|t:|1783534304\n|move|p1a: Cobalion|Iron Head|p2a: Palossand\n|-damage|p2a: Palossand|77/100\n|-damage|p1a: Cobalion|165/277|[from] item: Life Orb\n|move|p2a: Palossand|Shadow Ball|p1a: Cobalion\n|-damage|p1a: Cobalion|38/277\n|\n|-heal|p2a: Palossand|83/100|[from] item: Leftovers\n|upkeep\n|turn|22\n|inactive|Time left: 300 sec this turn | 300 sec total\n|\n|t:|1783534305\n|move|p1a: Cobalion|Iron Head|p2a: Palossand\n|-damage|p2a: Palossand|59/100\n|-damage|p1a: Cobalion|11/277|[from] item: Life Orb\n|cant|p2a: Palossand|flinch\n|\n|-heal|p2a: Palossand|65/100|[from] item: Leftovers\n|upkeep\n|turn|23\n|inactive|Time left: 300 sec this turn | 300 sec total\n|\n|t:|1783534306\n|move|p1a: Cobalion|Iron Head|p2a: Palossand\n|-damage|p2a: Palossand|38/100\n|-damage|p1a: Cobalion|0 fnt|[from] item: Life Orb\n|faint|p1a: Cobalion\n|move|p2a: Palossand|Shore Up|p2a: Palossand\n|-heal|p2a: Palossand|88/100\n|\n|-heal|p2a: Palossand|94/100|[from] item: Leftovers\n|upkeep\n|inactive|Time left: 300 sec this turn | 300 sec total | 5 sec grace\n|\n|t:|1783534307\n|switch|p1a: Flutter Mane|Flutter Mane, L74|183/203\n|-damage|p1a: Flutter Mane|158/203|[from] Stealth Rock\n|turn|24\n|inactive|Time left: 300 sec this turn | 300 sec total\n|\n|t:|1783534308\n|-terastallize|p2a: Palossand|Poison\n|move|p1a: Flutter Mane|Calm Mind|p1a: Flutter Mane\n|-boost|p1a: Flutter Mane|spa|1\n|-boost|p1a: Flutter Mane|spd|1\n|move|p2a: Palossand|Shadow Ball|p1a: Flutter Mane\n|-supereffective|p1a: Flutter Mane\n|-damage|p1a: Flutter Mane|56/203\n|\n|-heal|p2a: Palossand|100/100|[from] item: Leftovers\n|upkeep\n|turn|25\n|inactive|Time left: 300 sec this turn | 300 sec total\n|\n|t:|1783534308\n|move|p1a: Flutter Mane|Mystical Fire|p2a: Palossand\n|-damage|p2a: Palossand|63/100\n|-unboost|p2a: Palossand|spa|1\n|-damage|p1a: Flutter Mane|36/203|[from] item: Life Orb\n|move|p2a: Palossand|Shadow Ball|p1a: Flutter Mane\n|-supereffective|p1a: Flutter Mane\n|-damage|p1a: Flutter Mane|0 fnt\n|faint|p1a: Flutter Mane\n|-end|p1a: Flutter Mane|Protosynthesis|[silent]\n|\n|-heal|p2a: Palossand|69/100|[from] item: Leftovers\n|upkeep\n|inactive|Time left: 300 sec this turn | 300 sec total | 5 sec grace\n|\n|t:|1783534309\n|switch|p1a: Lilligant|Lilligant-Hisui, L79, F|240/240\n|-damage|p1a: Lilligant|225/240|[from] Stealth Rock\n|turn|26\n|inactive|Time left: 300 sec this turn | 300 sec total\n|\n|t:|1783534310\n|move|p1a: Lilligant|Ice Spinner|p2a: Palossand\n|-damage|p2a: Palossand|47/100\n|move|p2a: Palossand|Sludge Bomb|p1a: Lilligant\n|-supereffective|p1a: Lilligant\n|-damage|p1a: Lilligant|57/240\n|-status|p1a: Lilligant|psn\n|\n|-heal|p2a: Palossand|53/100|[from] item: Leftovers\n|-damage|p1a: Lilligant|27/240 psn|[from] psn\n|upkeep\n|turn|27\n|inactive|Time left: 300 sec this turn | 300 sec total\n|\n|t:|1783534311\n|move|p1a: Lilligant|Leaf Blade|p2a: Palossand\n|-resisted|p2a: Palossand\n|-damage|p2a: Palossand|36/100\n|move|p2a: Palossand|Earth Power|p1a: Lilligant\n|-resisted|p1a: Lilligant\n|-damage|p1a: Lilligant|0 fnt\n|faint|p1a: Lilligant\n|\n|win|p0y0422a4c", "uploadtime": 1783534311, "views": 0, "rating": 0, "private": 0, "password": null, "_winner": "p0y0422a4c", "_our_name": "p0x0427494"}