{"id": "battle-gen9randombattle-88", "formatid": "gen9randombattle", "format": "[Gen 9] Random Battle", "players": ["p0x0885d45", "p0y0881b20"], "log": "|init|battle\n|title|p0x0885d45 vs. p0y0881b20\n|j|\u2606p0x0885d45\n|j|\u2606p0y0881b20\n|t:|1783540190\n|gametype|singles\n|player|p1|p0x0885d45|169|\n|player|p2|p0y0881b20|265|\n|gen|9\n|tier|[Gen 9] Random Battle\n|rule|Species Clause: Limit one of each Pok\u00e9mon\n|rule|HP Percentage Mod: HP is shown in percentages\n|rule|Sleep Clause Mod: Limit one foe put to sleep\n|rule|Illusion Level Mod: Illusion disguises the Pok\u00e9mon's true level\n|\n|t:|1783540190\n|teamsize|p1|6\n|teamsize|p2|6\n|start\n|switch|p1a: Honchkrow|Honchkrow, L86, F|100/100\n|switch|p2a: Stantler|Stantler, L92, M|284/284\n|-ability|p2a: Stantler|Intimidate|boost\n|-unboost|p1a: Honchkrow|atk|1\n|turn|1\n|inactive|Battle timer is ON: inactive players will automatically lose when time's up. (requested by p0x0885d45)\n|inactive|Time left: 300 sec this turn | 300 sec total | 60 sec grace\n|inactive|p0y0881b20 also wants the timer to be on.\n|\n|t:|1783540192\n|switch|p1a: Crabominable|Crabominable, L90, M|100/100\n|move|p2a: Stantler|Body Slam|p1a: Crabominable\n|-damage|p1a: Crabominable|69/100\n|\n|upkeep\n|turn|2\n|inactive|Time left: 300 sec this turn | 300 sec total\n|\n|t:|1783540193\n|move|p2a: Stantler|Thunder Wave|p1a: Crabominable\n|-status|p1a: Crabominable|par\n|cant|p1a: Crabominable|par\n|\n|upkeep\n|turn|3\n|inactive|Time left: 300 sec this turn | 300 sec total\n|\n|t:|1783540194\n|move|p2a: Stantler|Earthquake|p1a: Crabominable\n|-damage|p1a: Crabominable|42/100 par\n|move|p1a: Crabominable|Drain Punch|p2a: Stantler\n|-supereffective|p2a: Stantler\n|-damage|p2a: Stantler|0 fnt\n|-heal|p1a: Crabominable|86/100 par|[from] drain|[of] p2a: Stantler\n|faint|p2a: Stantler\n|\n|upkeep\n|inactive|Time left: 300 sec this turn | 300 sec total | 5 sec grace\n|\n|t:|1783540195\n|switch|p2a: Stonjourner|Stonjourner, L91, M|330/330\n|turn|4\n|inactive|Time left: 300 sec this turn | 300 sec total\n|\n|t:|1783540197\n|move|p2a: Stonjourner|Stone Edge|p1a: Crabominable\n|-crit|p1a: Crabominable\n|-damage|p1a: Crabominable|0 fnt\n|faint|p1a: Crabominable\n|-damage|p2a: Stonjourner|297/330|[from] item: Life Orb\n|\n|upkeep\n|\n|t:|1783540198\n|switch|p1a: Vaporeon|Vaporeon, L86, F|100/100\n|turn|5\n|inactive|Time left: 300 sec this turn | 300 sec total\n|\n|t:|1783540199\n|switch|p2a: Shaymin|Shaymin-Sky, L73|266/266\n|move|p1a: Vaporeon|Scald|p2a: Shaymin\n|-resisted|p2a: Shaymin\n|-damage|p2a: Shaymin|204/266\n|\n|-heal|p2a: Shaymin|220/266|[from] item: Leftovers\n|upkeep\n|turn|6\n|inactive|Time left: 300 sec this turn | 300 sec total\n|\n|t:|1783540201\n|move|p1a: Vaporeon|Protect|p1a: Vaporeon\n|-singleturn|p1a: Vaporeon|Protect\n|move|p2a: Shaymin|Seed Flare|p1a: Vaporeon\n|-activate|p1a: Vaporeon|move: Protect\n|\n|-heal|p2a: Shaymin|236/266|[from] item: Leftovers\n|upkeep\n|turn|7\n|inactive|Time left: 300 sec this turn | 300 sec total\n|\n|t:|1783540202\n|move|p2a: Shaymin|Seed Flare|p1a: Vaporeon\n|-supereffective|p1a: Vaporeon\n|-damage|p1a: Vaporeon|41/100\n|-unboost|p1a: Vaporeon|spd|2\n|move|p1a: Vaporeon|Calm Mind|p1a: Vaporeon\n|-boost|p1a: Vaporeon|spa|1\n|-boost|p1a: Vaporeon|spd|1\n|\n|-heal|p2a: Shaymin|252/266|[from] item: Leftovers\n|-heal|p1a: Vaporeon|47/100|[from] item: Leftovers\n|upkeep\n|turn|8\n|inactive|Time left: 300 sec this turn | 300 sec total\n|\n|t:|1783540203\n|move|p1a: Vaporeon|Protect|p1a: Vaporeon\n|-singleturn|p1a: Vaporeon|Protect\n|move|p2a: Shaymin|Seed Flare|p1a: Vaporeon\n|-activate|p1a: Vaporeon|move: Protect\n|\n|-heal|p2a: Shaymin|266/266|[from] item: Leftovers\n|-heal|p1a: Vaporeon|53/100|[from] item: Leftovers\n|upkeep\n|turn|9\n|inactive|Time left: 300 sec this turn | 300 sec total\n|\n|t:|1783540204\n|switch|p1a: Honchkrow|Honchkrow, L86, F|100/100\n|move|p2a: Shaymin|Seed Flare|p1a: Honchkrow\n|-resisted|p1a: Honchkrow\n|-damage|p1a: Honchkrow|76/100\n|-unboost|p1a: Honchkrow|spd|2\n|\n|upkeep\n|turn|10\n|inactive|Time left: 300 sec this turn | 300 sec total\n|\n|t:|1783540205\n|move|p2a: Shaymin|Seed Flare|p1a: Honchkrow\n|-resisted|p1a: Honchkrow\n|-damage|p1a: Honchkrow|26/100\n|move|p1a: Honchkrow|Brave Bird|p2a: Shaymin\n|-supereffective|p2a: Shaymin\n|-damage|p2a: Shaymin|0 fnt\n|faint|p2a: Shaymin\n|-ability|p1a: Honchkrow|Moxie|boost\n|-boost|p1a: Honchkrow|atk|1\n|-damage|p1a: Honchkrow|0 fnt|[from] Recoil\n|faint|p1a: Honchkrow\n|\n|upkeep\n|inactive|Time left: 300 sec this turn | 300 sec total | 5 sec grace\n|\n|t:|1783540206\n|switch|p2a: Stonjourner|Stonjourner, L91, M|297/330\n|switch|p1a: Vaporeon|Vaporeon, L86, F|53/100\n|turn|11\n|inactive|Time left: 300 sec this turn | 300 sec total\n|\n|t:|1783540207\n|move|p2a: Stonjourner|Stone Edge|p1a: Vaporeon\n|-damage|p1a: Vaporeon|0 fnt\n|faint|p1a: Vaporeon\n|-damage|p2a: Stonjourner|264/330|[from] item: Life Orb\n|\n|upkeep\n|\n|t:|1783540208\n|switch|p1a: Donphan|Donphan, L84, F|100/100\n|turn|12\n|inactive|Time left: 300 sec this turn | 300 sec total\n|\n|t:|1783540209\n|move|p2a: Stonjourner|Earthquake|p1a: Donphan\n|-damage|p1a: Donphan|63/100\n|-damage|p2a: Stonjourner|231/330|[from] item: Life Orb\n|move|p1a: Donphan|Earthquake|p2a: Stonjourner\n|-supereffective|p2a: Stonjourner\n|-damage|p2a: Stonjourner|63/330\n|\n|-heal|p1a: Donphan|69/100|[from] item: Leftovers\n|upkeep\n|turn|13\n|inactive|Time left: 300 sec this turn | 300 sec total\n|\n|t:|1783540210\n|move|p2a: Stonjourner|Heat Crash|p1a: Donphan\n|-damage|p1a: Donphan|33/100\n|-damage|p2a: Stonjourner|30/330|[from] item: Life Orb\n|move|p1a: Donphan|Earthquake|p2a: Stonjourner\n|-supereffective|p2a: Stonjourner\n|-damage|p2a: Stonjourner|0 fnt\n|faint|p2a: Stonjourner\n|\n|-heal|p1a: Donphan|39/100|[from] item: Leftovers\n|upkeep\n|inactive|Time left: 300 sec this turn | 300 sec total | 5 sec grace\n|\n|t:|1783540211\n|switch|p2a: Basculegion|Basculegion, L80, M|323/323\n|turn|14\n|inactive|Time left: 300 sec this turn | 300 sec total\n|\n|t:|1783540212\n|switch|p1a: Terapagos|Terapagos, L77, F|100/100\n|-activate|p1a: Terapagos|ability: Tera Shift\n|detailschange|p1a: Terapagos|Terapagos-Terastal, L77, F\n|-heal|p1a: Terapagos|100/100|[silent]\n|move|p2a: Basculegion|Wave Crash|p1a: Terapagos\n|-activate|p1a: Terapagos|ability: Tera Shell\n|-resisted|p1a: Terapagos\n|-damage|p1a: Terapagos|74/100\n|-damage|p2a: Basculegion|299/323|[from] Recoil\n|\n|upkeep\n|turn|15\n|inactive|Time left: 300 sec this turn | 300 sec total\n|\n|t:|1783540213\n|move|p1a: Terapagos|Dark Pulse|p2a: Basculegion\n|-supereffective|p2a: Basculegion\n|-damage|p2a: Basculegion|225/323\n|cant|p2a: Basculegion|flinch\n|\n|upkeep\n|turn|16\n|inactive|Time left: 300 sec this turn | 300 sec total\n|\n|t:|1783540214\n|move|p1a: Terapagos|Dark Pulse|p2a: Basculegion\n|-supereffective|p2a: Basculegion\n|-damage|p2a: Basculegion|143/323\n|cant|p2a: Basculegion|flinch\n|\n|upkeep\n|turn|17\n|inactive|Time left: 300 sec this turn | 300 sec total\n|\n|t:|1783540215\n|move|p1a: Terapagos|Dark Pulse|p2a: Basculegion\n|-supereffective|p2a: Basculegion\n|-damage|p2a: Basculegion|65/323\n|cant|p2a: Basculegion|flinch\n|\n|upkeep\n|turn|18\n|inactive|Time left: 300 sec this turn | 300 sec total\n|\n|t:|1783540216\n|move|p1a: Terapagos|Dark Pulse|p2a: Basculegion\n|-supereffective|p2a: Basculegion\n|-damage|p2a: Basculegion|0 fnt\n|faint|p2a: Basculegion\n|\n|upkeep\n|inactive|Time left: 300 sec this turn | 300 sec total | 5 sec grace\n|\n|t:|1783540217\n|switch|p2a: Donphan|Donphan, L84, M|288/288\n|turn|19\n|inactive|Time left: 300 sec this turn | 300 sec total\n|\n|t:|1783540218\n|move|p1a: Terapagos|Tera Starstorm|p2a: Donphan\n|-damage|p2a: Donphan|192/288\n|move|p2a: Donphan|Earthquake|p1a: Terapagos\n|-damage|p1a: Terapagos|31/100\n|\n|upkeep\n|turn|20\n|inactive|Time left: 300 sec this turn | 300 sec total\n|\n|t:|1783540219\n|move|p1a: Terapagos|Rest|p1a: Terapagos\n|-status|p1a: Terapagos|slp|[from] move: Rest\n|-heal|p1a: Terapagos|100/100 slp|[silent]\n|-enditem|p1a: Terapagos|Chesto Berry|[eat]\n|-curestatus|p1a: Terapagos|slp|[msg]\n|move|p2a: Donphan|Rapid Spin|p1a: Terapagos\n|-activate|p1a: Terapagos|ability: Tera Shell\n|-resisted|p1a: Terapagos\n|-damage|p1a: Terapagos|94/100\n|-boost|p2a: Donphan|spe|1\n|\n|upkeep\n|turn|21\n|inactive|Time left: 300 sec this turn | 300 sec total\n|\n|t:|1783540221\n|move|p2a: Donphan|Earthquake|p1a: Terapagos\n|-damage|p1a: Terapagos|50/100\n|move|p1a: Terapagos|Tera Starstorm|p2a: Donphan\n|-crit|p2a: Donphan\n|-damage|p2a: Donphan|41/288\n|\n|upkeep\n|turn|22\n|inactive|Time left: 300 sec this turn | 300 sec total\n|\n|t:|1783540222\n|move|p2a: Donphan|Earthquake|p1a: Terapagos\n|-damage|p1a: Terapagos|10/100\n|move|p1a: Terapagos|Tera Starstorm|p2a: Donphan\n|-damage|p2a: Donphan|0 fnt\n|faint|p2a: Donphan\n|\n|upkeep\n|inactive|Time left: 300 sec this turn | 300 sec total | 5 sec grace\n|\n|t:|1783540222\n|switch|p2a: Giratina|Giratina-Origin, L72|335/335\n|turn|23\n|inactive|Time left: 300 sec this turn | 300 sec total\n|\n|t:|1783540223\n|move|p1a: Terapagos|Rest|p1a: Terapagos\n|-status|p1a: Terapagos|slp|[from] move: Rest\n|-heal|p1a: Terapagos|100/100 slp|[silent]\n|move|p2a: Giratina|Dragon Tail|p1a: Terapagos\n|-activate|p1a: Terapagos|ability: Tera Shell\n|-resisted|p1a: Terapagos\n|-damage|p1a: Terapagos|90/100 slp\n|drag|p1a: Donphan|Donphan, L84, F|39/100\n|\n|-heal|p1a: Donphan|45/100|[from] item: Leftovers\n|upkeep\n|turn|24\n|inactive|Time left: 300 sec this turn | 300 sec total\n|\n|t:|1783540224\n|switch|p1a: Terapagos|Terapagos-Terastal, L77, F|90/100 slp\n|move|p2a: Giratina|Poltergeist||[still]\n|-fail|p2a: Giratina\n|\n|upkeep\n|turn|25\n|inactive|Time left: 300 sec this turn | 300 sec total\n|\n|t:|1783540225\n|cant|p1a: Terapagos|slp\n|move|p2a: Giratina|Dragon Tail|p1a: Terapagos\n|-damage|p1a: Terapagos|66/100 slp\n|drag|p1a: Illumise|Illumise, L91, F|100/100\n|\n|upkeep\n|turn|26\n|inactive|Time left: 300 sec this turn | 300 sec total\n|\n|t:|1783540226\n|move|p1a: Illumise|Thunder Wave|p2a: Giratina\n|-status|p2a: Giratina|par\n|move|p2a: Giratina|Poltergeist|p1a: Illumise|[miss]\n|-miss|p2a: Giratina|p1a: Illumise\n|\n|upkeep\n|turn|27\n|inactive|Time left: 300 sec this turn | 300 sec total\n|\n|t:|1783540227\n|switch|p1a: Terapagos|Terapagos-Terastal, L77, F|66/100 slp\n|move|p2a: Giratina|Poltergeist||[still]\n|-fail|p2a: Giratina\n|\n|upkeep\n|turn|28\n|inactive|Time left: 300 sec this turn | 300 sec total\n|\n|t:|1783540228\n|cant|p1a: Terapagos|slp\n|move|p2a: Giratina|Dragon Tail|p1a: Terapagos\n|-damage|p1a: Terapagos|45/100 slp\n|drag|p1a: Illumise|Illumise, L91, F|100/100\n|\n|upkeep\n|turn|29\n|inactive|Time left: 300 sec this turn | 300 sec total\n|\n|t:|1783540229\n|switch|p1a: Terapagos|Terapagos-Terastal, L77, F|45/100 slp\n|cant|p2a: Giratina|par\n|\n|upkeep\n|turn|30\n|inactive|Time left: 300 sec this turn | 300 sec total\n|\n|t:|1783540230\n|-curestatus|p1a: Terapagos|slp|[msg]\n|move|p1a: Terapagos|Dark Pulse|p2a: Giratina\n|-supereffective|p2a: Giratina\n|-damage|p2a: Giratina|219/335 par\n|move|p2a: Giratina|Dragon Tail|p1a: Terapagos|[miss]\n|-miss|p2a: Giratina|p1a: Terapagos\n|\n|upkeep\n|turn|31\n|inactive|Time left: 300 sec this turn | 300 sec total\n|\n|t:|1783540231\n|move|p1a: Terapagos|Dark Pulse|p2a: Giratina\n|-supereffective|p2a: Giratina\n|-damage|p2a: Giratina|115/335 par\n|cant|p2a: Giratina|flinch\n|\n|upkeep\n|turn|32\n|inactive|Time left: 300 sec this turn | 300 sec total\n|\n|t:|1783540232\n|move|p1a: Terapagos|Dark Pulse|p2a: Giratina\n|-supereffective|p2a: Giratina\n|-crit|p2a: Giratina\n|-damage|p2a: Giratina|0 fnt\n|faint|p2a: Giratina\n|\n|win|p0x0885d45", "uploadtime": 1783540232, "views": 0, "rating": 0, "private": 0, "password": null, "_winner": "p0x0885d45", "_our_name": "p0y0881b20"}