{"id": "battle-gen9randombattle-2549", "formatid": "gen9randombattle", "format": "[Gen 9] Random Battle", "players": ["p0x25493e1d", "p0y25490052"], "log": "|init|battle\n|title|p0x25493e1d vs. p0y25490052\n|j|\u2606p0x25493e1d\n|j|\u2606p0y25490052\n|t:|1783568542\n|gametype|singles\n|player|p1|p0x25493e1d|170|\n|player|p2|p0y25490052|101|\n|gen|9\n|tier|[Gen 9] Random Battle\n|rule|Species Clause: Limit one of each Pok\u00e9mon\n|rule|HP Percentage Mod: HP is shown in percentages\n|rule|Sleep Clause Mod: Limit one foe put to sleep\n|rule|Illusion Level Mod: Illusion disguises the Pok\u00e9mon's true level\n|\n|t:|1783568542\n|teamsize|p1|6\n|teamsize|p2|6\n|start\n|switch|p1a: Minior|Minior-Orange, L79|224/224\n|switch|p2a: Blastoise|Blastoise, L80, F|100/100\n|-formechange|p1a: Minior|Minior-Meteor||[from] ability: Shields Down\n|turn|1\n|inactive|Battle timer is ON: inactive players will automatically lose when time's up. (requested by p0x25493e1d)\n|inactive|p0y25490052 also wants the timer to be on.\n|\n|t:|1783568543\n|move|p2a: Blastoise|Shell Smash|p2a: Blastoise\n|-unboost|p2a: Blastoise|def|1\n|-unboost|p2a: Blastoise|spd|1\n|-boost|p2a: Blastoise|atk|2\n|-boost|p2a: Blastoise|spa|2\n|-boost|p2a: Blastoise|spe|2\n|-enditem|p2a: Blastoise|White Herb\n|-clearnegativeboost|p2a: Blastoise|[silent]\n|move|p1a: Minior|Shell Smash|p1a: Minior\n|-unboost|p1a: Minior|def|1\n|-unboost|p1a: Minior|spd|1\n|-boost|p1a: Minior|atk|2\n|-boost|p1a: Minior|spa|2\n|-boost|p1a: Minior|spe|2\n|-enditem|p1a: Minior|White Herb\n|-clearnegativeboost|p1a: Minior|[silent]\n|\n|upkeep\n|turn|2\n|inactive|Time left: 300 sec this turn | 300 sec total\n|\n|t:|1783568544\n|-terastallize|p1a: Minior|Flying\n|move|p2a: Blastoise|Hydro Pump|p1a: Minior\n|-damage|p1a: Minior|31/224\n|move|p1a: Minior|Acrobatics|p2a: Blastoise\n|-damage|p2a: Blastoise|32/100\n|\n|-formechange|p1a: Minior|Minior-Orange||[from] ability: Shields Down\n|upkeep\n|turn|3\n|inactive|Time left: 300 sec this turn | 300 sec total\n|\n|t:|1783568546\n|move|p1a: Minior|Acrobatics|p2a: Blastoise\n|-damage|p2a: Blastoise|0 fnt\n|faint|p2a: Blastoise\n|\n|upkeep\n|\n|t:|1783568546\n|switch|p2a: Pincurchin|Pincurchin, M|100/100\n|-fieldstart|move: Electric Terrain|[from] ability: Electric Surge|[of] p2a: Pincurchin\n|turn|4\n|inactive|Time left: 300 sec this turn | 300 sec total\n|\n|t:|1783568547\n|move|p1a: Minior|Acrobatics|p2a: Pincurchin\n|-resisted|p2a: Pincurchin\n|-damage|p2a: Pincurchin|57/100\n|move|p2a: Pincurchin|Zing Zap|p1a: Minior\n|-supereffective|p1a: Minior\n|-crit|p1a: Minior\n|-damage|p1a: Minior|0 fnt\n|faint|p1a: Minior\n|\n|-heal|p2a: Pincurchin|64/100|[from] item: Leftovers\n|upkeep\n|inactive|Time left: 300 sec this turn | 300 sec total | 5 sec grace\n|\n|t:|1783568548\n|switch|p1a: Dudunsparce|Dudunsparce, L83, F|343/343\n|turn|5\n|inactive|Time left: 300 sec this turn | 300 sec total\n|\n|t:|1783568549\n|move|p1a: Dudunsparce|Calm Mind|p1a: Dudunsparce\n|-boost|p1a: Dudunsparce|spa|1\n|-boost|p1a: Dudunsparce|spd|1\n|move|p2a: Pincurchin|Zing Zap|p1a: Dudunsparce\n|-damage|p1a: Dudunsparce|153/343\n|\n|-heal|p1a: Dudunsparce|174/343|[from] item: Leftovers\n|-heal|p2a: Pincurchin|70/100|[from] item: Leftovers\n|upkeep\n|turn|6\n|inactive|Time left: 300 sec this turn | 300 sec total\n|\n|t:|1783568550\n|move|p1a: Dudunsparce|Roost|p1a: Dudunsparce\n|-heal|p1a: Dudunsparce|343/343\n|-singleturn|p1a: Dudunsparce|move: Roost\n|move|p2a: Pincurchin|Zing Zap|p1a: Dudunsparce\n|-damage|p1a: Dudunsparce|157/343\n|\n|-heal|p1a: Dudunsparce|178/343|[from] item: Leftovers\n|-heal|p2a: Pincurchin|76/100|[from] item: Leftovers\n|upkeep\n|turn|7\n|inactive|Time left: 300 sec this turn | 300 sec total\n|\n|t:|1783568551\n|move|p1a: Dudunsparce|Roost|p1a: Dudunsparce\n|-heal|p1a: Dudunsparce|343/343\n|-singleturn|p1a: Dudunsparce|move: Roost\n|move|p2a: Pincurchin|Zing Zap|p1a: Dudunsparce\n|-damage|p1a: Dudunsparce|183/343\n|\n|-heal|p1a: Dudunsparce|204/343|[from] item: Leftovers\n|-heal|p2a: Pincurchin|82/100|[from] item: Leftovers\n|upkeep\n|turn|8\n|inactive|Time left: 300 sec this turn | 300 sec total\n|\n|t:|1783568551\n|move|p1a: Dudunsparce|Boomburst|p2a: Pincurchin\n|-crit|p2a: Pincurchin\n|-damage|p2a: Pincurchin|0 fnt\n|faint|p2a: Pincurchin\n|\n|-heal|p1a: Dudunsparce|225/343|[from] item: Leftovers\n|-fieldend|move: Electric Terrain\n|upkeep\n|\n|t:|1783568552\n|switch|p2a: Gumshoos|Gumshoos, L95, F|100/100\n|turn|9\n|inactive|Time left: 300 sec this turn | 300 sec total\n|\n|t:|1783568553\n|move|p2a: Gumshoos|Double-Edge|p1a: Dudunsparce\n|-damage|p1a: Dudunsparce|0 fnt\n|faint|p1a: Dudunsparce\n|-damage|p2a: Gumshoos|77/100|[from] Recoil\n|\n|upkeep\n|inactive|Time left: 300 sec this turn | 300 sec total | 5 sec grace\n|\n|t:|1783568554\n|switch|p1a: Magcargo|Magcargo, L95, F|268/268\n|turn|10\n|inactive|Time left: 300 sec this turn | 300 sec total\n|\n|t:|1783568555\n|move|p2a: Gumshoos|Double-Edge|p1a: Magcargo\n|-resisted|p1a: Magcargo\n|-damage|p1a: Magcargo|175/268\n|-status|p2a: Gumshoos|brn|[from] ability: Flame Body|[of] p1a: Magcargo\n|-damage|p2a: Gumshoos|68/100 brn|[from] Recoil\n|move|p1a: Magcargo|Lava Plume|p2a: Gumshoos\n|-crit|p2a: Gumshoos\n|-damage|p2a: Gumshoos|12/100 brn\n|\n|-damage|p2a: Gumshoos|5/100 brn|[from] brn\n|upkeep\n|turn|11\n|inactive|Time left: 300 sec this turn | 300 sec total\n|\n|t:|1783568556\n|move|p2a: Gumshoos|Double-Edge|p1a: Magcargo\n|-resisted|p1a: Magcargo\n|-damage|p1a: Magcargo|125/268\n|-damage|p2a: Gumshoos|0 fnt|[from] Recoil\n|faint|p2a: Gumshoos\n|move|p1a: Magcargo|Recover|p1a: Magcargo\n|-heal|p1a: Magcargo|259/268\n|\n|upkeep\n|\n|t:|1783568556\n|switch|p2a: Tauros|Tauros-Paldea-Combat, L82, M|100/100\n|-ability|p2a: Tauros|Intimidate|boost\n|-unboost|p1a: Magcargo|atk|1\n|turn|12\n|inactive|Time left: 300 sec this turn | 300 sec total\n|\n|t:|1783568557\n|move|p2a: Tauros|Earthquake|p1a: Magcargo\n|-supereffective|p1a: Magcargo\n|-damage|p1a: Magcargo|0 fnt\n|faint|p1a: Magcargo\n|\n|upkeep\n|inactive|Time left: 300 sec this turn | 300 sec total | 5 sec grace\n|\n|t:|1783568558\n|switch|p1a: Squawkabilly|Squawkabilly-Yellow, L89, F|291/291\n|turn|13\n|inactive|Time left: 300 sec this turn | 300 sec total\n|\n|t:|1783568559\n|switch|p2a: Scrafty|Scrafty, L83, F|100/100\n|-ability|p2a: Scrafty|Intimidate|boost\n|-unboost|p1a: Squawkabilly|atk|1\n|move|p1a: Squawkabilly|Brave Bird|p2a: Scrafty\n|-supereffective|p2a: Scrafty\n|-crit|p2a: Scrafty\n|-damage|p2a: Scrafty|0 fnt\n|faint|p2a: Scrafty\n|-damage|p1a: Squawkabilly|210/291|[from] Recoil\n|\n|upkeep\n|\n|t:|1783568560\n|switch|p2a: Tauros|Tauros-Paldea-Combat, L82, M|100/100\n|-ability|p2a: Tauros|Intimidate|boost\n|-unboost|p1a: Squawkabilly|atk|1\n|turn|14\n|inactive|Time left: 300 sec this turn | 300 sec total\n|\n|t:|1783568561\n|move|p1a: Squawkabilly|Parting Shot|p2a: Tauros\n|-unboost|p2a: Tauros|atk|1\n|-unboost|p2a: Tauros|spa|1\n|inactive|Time left: 300 sec this turn | 300 sec total | 5 sec grace\n|\n|t:|1783568561\n|switch|p1a: Meowstic|Meowstic-F, L89, F|277/277|[from] Parting Shot\n|move|p2a: Tauros|Close Combat|p1a: Meowstic\n|-resisted|p1a: Meowstic\n|-damage|p1a: Meowstic|206/277\n|-unboost|p2a: Tauros|def|1\n|-unboost|p2a: Tauros|spd|1\n|\n|upkeep\n|turn|15\n|inactive|Time left: 300 sec this turn | 300 sec total\n|\n|t:|1783568562\n|switch|p2a: Frosmoth|Frosmoth, L82, M|100/100\n|move|p1a: Meowstic|Nasty Plot|p1a: Meowstic\n|-boost|p1a: Meowstic|spa|2\n|\n|upkeep\n|turn|16\n|inactive|Time left: 300 sec this turn | 300 sec total\n|\n|t:|1783568563\n|move|p1a: Meowstic|Psychic|p2a: Frosmoth\n|-damage|p2a: Frosmoth|53/100\n|-damage|p1a: Meowstic|179/277|[from] item: Life Orb\n|move|p2a: Frosmoth|Quiver Dance|p2a: Frosmoth\n|-boost|p2a: Frosmoth|spa|1\n|-boost|p2a: Frosmoth|spd|1\n|-boost|p2a: Frosmoth|spe|1\n|\n|upkeep\n|turn|17\n|inactive|Time left: 300 sec this turn | 300 sec total\n|\n|t:|1783568564\n|move|p1a: Meowstic|Psychic|p2a: Frosmoth\n|-damage|p2a: Frosmoth|21/100\n|-damage|p1a: Meowstic|152/277|[from] item: Life Orb\n|move|p2a: Frosmoth|Quiver Dance|p2a: Frosmoth\n|-boost|p2a: Frosmoth|spa|1\n|-boost|p2a: Frosmoth|spd|1\n|-boost|p2a: Frosmoth|spe|1\n|\n|upkeep\n|turn|18\n|inactive|Time left: 300 sec this turn | 300 sec total\n|\n|t:|1783568565\n|move|p2a: Frosmoth|Giga Drain|p1a: Meowstic\n|-damage|p1a: Meowstic|31/277\n|-heal|p2a: Frosmoth|45/100|[from] drain|[of] p1a: Meowstic\n|move|p1a: Meowstic|Psychic|p2a: Frosmoth\n|-damage|p2a: Frosmoth|23/100\n|-damage|p1a: Meowstic|4/277|[from] item: Life Orb\n|\n|upkeep\n|turn|19\n|inactive|Time left: 300 sec this turn | 300 sec total\n|\n|t:|1783568567\n|move|p2a: Frosmoth|Hurricane|p1a: Meowstic\n|-damage|p1a: Meowstic|0 fnt\n|faint|p1a: Meowstic\n|\n|upkeep\n|inactive|Time left: 300 sec this turn | 300 sec total | 5 sec grace\n|\n|t:|1783568567\n|switch|p1a: Squawkabilly|Squawkabilly-Yellow, L89, F|210/291\n|turn|20\n|inactive|Time left: 300 sec this turn | 300 sec total\n|\n|t:|1783568568\n|move|p1a: Squawkabilly|Quick Attack|p2a: Frosmoth|[miss]\n|-miss|p1a: Squawkabilly|p2a: Frosmoth\n|move|p2a: Frosmoth|Ice Beam|p1a: Squawkabilly\n|-supereffective|p1a: Squawkabilly\n|-damage|p1a: Squawkabilly|0 fnt\n|faint|p1a: Squawkabilly\n|\n|upkeep\n|inactive|Time left: 300 sec this turn | 300 sec total | 5 sec grace\n|\n|t:|1783568569\n|switch|p1a: Pachirisu|Pachirisu, L96, M|271/271\n|turn|21\n|inactive|Time left: 300 sec this turn | 300 sec total\n|\n|t:|1783568570\n|switch|p2a: Tauros|Tauros-Paldea-Combat, L82, M|100/100\n|-ability|p2a: Tauros|Intimidate|boost\n|-unboost|p1a: Pachirisu|atk|1\n|move|p1a: Pachirisu|Discharge|p2a: Tauros\n|-damage|p2a: Tauros|67/100\n|\n|upkeep\n|turn|22\n|inactive|Time left: 300 sec this turn | 300 sec total\n|\n|t:|1783568571\n|-terastallize|p2a: Tauros|Fighting\n|move|p1a: Pachirisu|Discharge|p2a: Tauros\n|-damage|p2a: Tauros|39/100\n|move|p2a: Tauros|Close Combat|p1a: Pachirisu\n|-damage|p1a: Pachirisu|0 fnt\n|-unboost|p2a: Tauros|def|1\n|-unboost|p2a: Tauros|spd|1\n|faint|p1a: Pachirisu\n|\n|win|p0y25490052", "uploadtime": 1783568571, "views": 0, "rating": 0, "private": 0, "password": null, "_winner": "p0y25490052", "_our_name": "p0x25493e1d"}