{"id": "battle-gen9randombattle-1203", "formatid": "gen9randombattle", "format": "[Gen 9] Random Battle", "players": ["p0x120303b7", "p0y1203ef3e"], "log": "|init|battle\n|title|p0x120303b7 vs. p0y1203ef3e\n|j|\u2606p0x120303b7\n|j|\u2606p0y1203ef3e\n|t:|1783553047\n|gametype|singles\n|player|p1|p0x120303b7|265|\n|player|p2|p0y1203ef3e|1|\n|gen|9\n|tier|[Gen 9] Random Battle\n|rule|Species Clause: Limit one of each Pok\u00e9mon\n|rule|HP Percentage Mod: HP is shown in percentages\n|rule|Sleep Clause Mod: Limit one foe put to sleep\n|rule|Illusion Level Mod: Illusion disguises the Pok\u00e9mon's true level\n|\n|t:|1783553047\n|teamsize|p1|6\n|teamsize|p2|6\n|start\n|switch|p1a: Electivire|Electivire, L84, M|263/263\n|switch|p2a: Iron Boulder|Iron Boulder, L77|100/100\n|turn|1\n|inactive|Battle timer is ON: inactive players will automatically lose when time's up. (requested by p0x120303b7)\n|inactive|p0y1203ef3e also wants the timer to be on.\n|\n|t:|1783553049\n|move|p2a: Iron Boulder|Mighty Cleave|p1a: Electivire\n|-damage|p1a: Electivire|103/263\n|-damage|p2a: Iron Boulder|91/100|[from] item: Life Orb\n|move|p1a: Electivire|Earthquake|p2a: Iron Boulder\n|-supereffective|p2a: Iron Boulder\n|-damage|p2a: Iron Boulder|0 fnt\n|faint|p2a: Iron Boulder\n|-end|p2a: Iron Boulder|Quark Drive|[silent]\n|-damage|p1a: Electivire|77/263|[from] item: Life Orb\n|\n|upkeep\n|\n|t:|1783553050\n|switch|p2a: Vigoroth|Vigoroth, L85, M|100/100\n|turn|2\n|inactive|Time left: 300 sec this turn | 300 sec total\n|\n|t:|1783553051\n|switch|p1a: Araquanid|Araquanid, L82, M|246/246\n|move|p2a: Vigoroth|Bulk Up|p2a: Vigoroth\n|-boost|p2a: Vigoroth|atk|1\n|-boost|p2a: Vigoroth|def|1\n|\n|upkeep\n|turn|3\n|inactive|Time left: 300 sec this turn | 300 sec total\n|\n|t:|1783553053\n|move|p2a: Vigoroth|Body Slam|p1a: Araquanid\n|-damage|p1a: Araquanid|120/246\n|move|p1a: Araquanid|Sticky Web|p2a: Vigoroth\n|-sidestart|p2: p0y1203ef3e|move: Sticky Web\n|\n|upkeep\n|turn|4\n|inactive|Time left: 300 sec this turn | 300 sec total\n|\n|t:|1783553054\n|move|p2a: Vigoroth|Body Slam|p1a: Araquanid\n|-damage|p1a: Araquanid|0 fnt\n|faint|p1a: Araquanid\n|\n|upkeep\n|inactive|Time left: 300 sec this turn | 300 sec total | 5 sec grace\n|\n|t:|1783553055\n|switch|p1a: Dragapult|Dragapult, L77, F|262/262\n|turn|5\n|inactive|Time left: 300 sec this turn | 300 sec total\n|\n|t:|1783553056\n|move|p1a: Dragapult|Will-O-Wisp|p2a: Vigoroth\n|-status|p2a: Vigoroth|brn\n|move|p2a: Vigoroth|Knock Off|p1a: Dragapult\n|-supereffective|p1a: Dragapult\n|-damage|p1a: Dragapult|145/262\n|-start|p2a: Vigoroth|Disable|Knock Off|[from] ability: Cursed Body|[of] p1a: Dragapult\n|-enditem|p1a: Dragapult|Heavy-Duty Boots|[from] move: Knock Off|[of] p2a: Vigoroth\n|\n|-damage|p2a: Vigoroth|94/100 brn|[from] brn\n|upkeep\n|turn|6\n|inactive|Time left: 300 sec this turn | 300 sec total\n|\n|t:|1783553057\n|move|p1a: Dragapult|Dragon Darts|p2a: Vigoroth\n|-damage|p2a: Vigoroth|86/100 brn\n|-anim|p1a: Dragapult|Dragon Darts|p2a: Vigoroth\n|-damage|p2a: Vigoroth|76/100 brn\n|move|p2a: Vigoroth|Bulk Up|p2a: Vigoroth\n|-boost|p2a: Vigoroth|atk|1\n|-boost|p2a: Vigoroth|def|1\n|\n|-damage|p2a: Vigoroth|70/100 brn|[from] brn\n|upkeep\n|turn|7\n|inactive|Time left: 300 sec this turn | 300 sec total\n|\n|t:|1783553058\n|move|p1a: Dragapult|Dragon Darts|p2a: Vigoroth\n|-damage|p2a: Vigoroth|63/100 brn\n|-anim|p1a: Dragapult|Dragon Darts|p2a: Vigoroth\n|-damage|p2a: Vigoroth|55/100 brn\n|move|p2a: Vigoroth|Body Slam|p1a: Dragapult\n|-immune|p1a: Dragapult\n|\n|-damage|p2a: Vigoroth|48/100 brn|[from] brn\n|upkeep\n|turn|8\n|inactive|Time left: 300 sec this turn | 300 sec total\n|\n|t:|1783553059\n|move|p1a: Dragapult|Dragon Darts|p2a: Vigoroth\n|-damage|p2a: Vigoroth|42/100 brn\n|-anim|p1a: Dragapult|Dragon Darts|p2a: Vigoroth\n|-damage|p2a: Vigoroth|34/100 brn\n|move|p2a: Vigoroth|Slack Off|p2a: Vigoroth\n|-heal|p2a: Vigoroth|84/100 brn\n|\n|-damage|p2a: Vigoroth|78/100 brn|[from] brn\n|-end|p2a: Vigoroth|Disable\n|upkeep\n|turn|9\n|inactive|Time left: 300 sec this turn | 300 sec total\n|\n|t:|1783553060\n|move|p1a: Dragapult|Dragon Darts|p2a: Vigoroth\n|-damage|p2a: Vigoroth|71/100 brn\n|-anim|p1a: Dragapult|Dragon Darts|p2a: Vigoroth\n|-damage|p2a: Vigoroth|63/100 brn\n|move|p2a: Vigoroth|Knock Off|p1a: Dragapult\n|-supereffective|p1a: Dragapult\n|-crit|p1a: Dragapult\n|-damage|p1a: Dragapult|0 fnt\n|faint|p1a: Dragapult\n|\n|-damage|p2a: Vigoroth|57/100 brn|[from] brn\n|upkeep\n|inactive|Time left: 300 sec this turn | 300 sec total | 5 sec grace\n|\n|t:|1783553061\n|switch|p1a: Glalie|Glalie, L96, F|309/309\n|turn|10\n|inactive|Time left: 300 sec this turn | 300 sec total\n|\n|t:|1783553062\n|move|p1a: Glalie|Freeze-Dry|p2a: Vigoroth\n|-damage|p2a: Vigoroth|28/100 brn\n|move|p2a: Vigoroth|Slack Off|p2a: Vigoroth\n|-heal|p2a: Vigoroth|79/100 brn\n|\n|-damage|p2a: Vigoroth|72/100 brn|[from] brn\n|upkeep\n|turn|11\n|inactive|Time left: 300 sec this turn | 300 sec total\n|\n|t:|1783553063\n|move|p1a: Glalie|Taunt|p2a: Vigoroth\n|-start|p2a: Vigoroth|move: Taunt\n|move|p2a: Vigoroth|Knock Off|p1a: Glalie\n|-damage|p1a: Glalie|255/309\n|-enditem|p1a: Glalie|Heavy-Duty Boots|[from] move: Knock Off|[of] p2a: Vigoroth\n|\n|-damage|p2a: Vigoroth|66/100 brn|[from] brn\n|upkeep\n|turn|12\n|inactive|Time left: 300 sec this turn | 300 sec total\n|\n|t:|1783553064\n|move|p1a: Glalie|Freeze-Dry|p2a: Vigoroth\n|-damage|p2a: Vigoroth|40/100 brn\n|move|p2a: Vigoroth|Body Slam|p1a: Glalie\n|-damage|p1a: Glalie|183/309\n|\n|-damage|p2a: Vigoroth|34/100 brn|[from] brn\n|upkeep\n|turn|13\n|inactive|Time left: 300 sec this turn | 300 sec total\n|\n|t:|1783553065\n|move|p1a: Glalie|Freeze-Dry|p2a: Vigoroth\n|-damage|p2a: Vigoroth|8/100 brn\n|move|p2a: Vigoroth|Body Slam|p1a: Glalie\n|-damage|p1a: Glalie|111/309\n|\n|-damage|p2a: Vigoroth|2/100 brn|[from] brn\n|-end|p2a: Vigoroth|move: Taunt\n|upkeep\n|turn|14\n|inactive|Time left: 300 sec this turn | 300 sec total\n|\n|t:|1783553066\n|move|p1a: Glalie|Freeze-Dry|p2a: Vigoroth\n|-damage|p2a: Vigoroth|0 fnt\n|faint|p2a: Vigoroth\n|\n|upkeep\n|\n|t:|1783553067\n|switch|p2a: Swalot|Swalot, L90, F|100/100\n|-activate|p2a: Swalot|move: Sticky Web\n|-unboost|p2a: Swalot|spe|1\n|turn|15\n|inactive|Time left: 300 sec this turn | 300 sec total\n|\n|t:|1783553068\n|move|p1a: Glalie|Freeze-Dry|p2a: Swalot\n|-damage|p2a: Swalot|77/100\n|move|p2a: Swalot|Swords Dance|p2a: Swalot\n|-boost|p2a: Swalot|atk|2\n|\n|-heal|p2a: Swalot|84/100|[from] item: Leftovers\n|upkeep\n|turn|16\n|inactive|Time left: 300 sec this turn | 300 sec total\n|\n|t:|1783553069\n|move|p1a: Glalie|Earthquake|p2a: Swalot\n|-supereffective|p2a: Swalot\n|-damage|p2a: Swalot|35/100\n|move|p2a: Swalot|Earthquake|p1a: Glalie\n|-damage|p1a: Glalie|0 fnt\n|faint|p1a: Glalie\n|\n|-heal|p2a: Swalot|41/100|[from] item: Leftovers\n|upkeep\n|inactive|Time left: 300 sec this turn | 300 sec total | 5 sec grace\n|\n|t:|1783553070\n|switch|p1a: Electivire|Electivire, L84, M|77/263\n|turn|17\n|inactive|Time left: 300 sec this turn | 300 sec total\n|\n|t:|1783553070\n|move|p1a: Electivire|Supercell Slam|p2a: Swalot\n|-damage|p2a: Swalot|0 fnt\n|faint|p2a: Swalot\n|-damage|p1a: Electivire|51/263|[from] item: Life Orb\n|\n|upkeep\n|\n|t:|1783553071\n|switch|p2a: Gyarados|Gyarados, L79, M|100/100\n|turn|18\n|inactive|Time left: 300 sec this turn | 300 sec total\n|\n|t:|1783553072\n|-terastallize|p2a: Gyarados|Ground\n|move|p1a: Electivire|Supercell Slam|p2a: Gyarados\n|-immune|p2a: Gyarados\n|-damage|p1a: Electivire|0 fnt|[from] supercellslam\n|faint|p1a: Electivire\n|move|p2a: Gyarados|Dragon Dance|p2a: Gyarados\n|-boost|p2a: Gyarados|atk|1\n|-boost|p2a: Gyarados|spe|1\n|\n|upkeep\n|inactive|Time left: 300 sec this turn | 300 sec total | 5 sec grace\n|\n|t:|1783553073\n|switch|p1a: Banette|Banette, L93, M|270/270\n|turn|19\n|inactive|Time left: 300 sec this turn | 300 sec total\n|\n|t:|1783553074\n|move|p2a: Gyarados|Waterfall|p1a: Banette\n|-damage|p1a: Banette|123/270\n|-start|p2a: Gyarados|Disable|Waterfall|[from] ability: Cursed Body|[of] p1a: Banette\n|move|p1a: Banette|Poltergeist|p2a: Gyarados\n|-activate|p2a: Gyarados|move: Poltergeist|Heavy-Duty Boots\n|-damage|p2a: Gyarados|20/100\n|-damage|p1a: Banette|96/270|[from] item: Life Orb\n|\n|upkeep\n|turn|20\n|inactive|Time left: 300 sec this turn | 300 sec total\n|\n|t:|1783553075\n|move|p1a: Banette|Shadow Sneak|p2a: Gyarados\n|-damage|p2a: Gyarados|0 fnt\n|faint|p2a: Gyarados\n|-damage|p1a: Banette|69/270|[from] item: Life Orb\n|\n|upkeep\n|\n|t:|1783553076\n|switch|p2a: Altaria|Altaria, L89, M|100/100\n|turn|21\n|inactive|Time left: 300 sec this turn | 300 sec total\n|\n|t:|1783553076\n|switch|p1a: Talonflame|Talonflame, L83, M|265/265\n|move|p2a: Altaria|Brave Bird|p1a: Talonflame\n|-damage|p1a: Talonflame|129/265\n|-damage|p2a: Altaria|84/100|[from] Recoil\n|\n|upkeep\n|turn|22\n|inactive|Time left: 300 sec this turn | 300 sec total\n|\n|t:|1783553077\n|move|p1a: Talonflame|Roost|p1a: Talonflame\n|-heal|p1a: Talonflame|262/265\n|-singleturn|p1a: Talonflame|move: Roost\n|move|p2a: Altaria|Brave Bird|p1a: Talonflame\n|-damage|p1a: Talonflame|130/265\n|-status|p2a: Altaria|brn|[from] ability: Flame Body|[of] p1a: Talonflame\n|-damage|p2a: Altaria|68/100 brn|[from] Recoil\n|\n|-damage|p2a: Altaria|62/100 brn|[from] brn\n|upkeep\n|turn|23\n|inactive|Time left: 300 sec this turn | 300 sec total\n|\n|t:|1783553078\n|move|p1a: Talonflame|Roost|p1a: Talonflame\n|-heal|p1a: Talonflame|263/265\n|-singleturn|p1a: Talonflame|move: Roost\n|move|p2a: Altaria|Roost|p2a: Altaria\n|-heal|p2a: Altaria|100/100 brn\n|-singleturn|p2a: Altaria|move: Roost\n|\n|-damage|p2a: Altaria|94/100 brn|[from] brn\n|upkeep\n|turn|24\n|inactive|Time left: 300 sec this turn | 300 sec total\n|\n|t:|1783553079\n|move|p1a: Talonflame|Brave Bird|p2a: Altaria\n|-damage|p2a: Altaria|61/100 brn\n|-damage|p1a: Talonflame|232/265|[from] Recoil\n|move|p2a: Altaria|Defog|p1a: Talonflame\n|-unboost|p1a: Talonflame|evasion|1\n|-sideend|p2: p0y1203ef3e|Sticky Web|[from] move: Defog|[of] p2a: Altaria\n|\n|-damage|p2a: Altaria|55/100 brn|[from] brn\n|upkeep\n|turn|25\n|inactive|Time left: 300 sec this turn | 300 sec total\n|\n|t:|1783553080\n|-curestatus|p2a: Altaria|brn|[from] ability: Natural Cure|[silent]\n|switch|p2a: Jirachi|Jirachi, L80|100/100\n|move|p1a: Talonflame|Brave Bird|p2a: Jirachi\n|-resisted|p2a: Jirachi\n|-damage|p2a: Jirachi|82/100\n|-damage|p1a: Talonflame|214/265|[from] Recoil\n|\n|-heal|p2a: Jirachi|88/100|[from] item: Leftovers\n|upkeep\n|turn|26\n|inactive|Time left: 300 sec this turn | 300 sec total\n|\n|t:|1783553081\n|move|p1a: Talonflame|Roost|p1a: Talonflame\n|-heal|p1a: Talonflame|265/265\n|-singleturn|p1a: Talonflame|move: Roost\n|move|p2a: Jirachi|Psychic|p1a: Talonflame\n|-damage|p1a: Talonflame|159/265\n|\n|-heal|p2a: Jirachi|94/100|[from] item: Leftovers\n|upkeep\n|turn|27\n|inactive|Time left: 300 sec this turn | 300 sec total\n|\n|t:|1783553082\n|move|p1a: Talonflame|Roost|p1a: Talonflame\n|-heal|p1a: Talonflame|265/265\n|-singleturn|p1a: Talonflame|move: Roost\n|move|p2a: Jirachi|Psychic|p1a: Talonflame\n|-damage|p1a: Talonflame|165/265\n|\n|-heal|p2a: Jirachi|100/100|[from] item: Leftovers\n|upkeep\n|turn|28\n|inactive|Time left: 300 sec this turn | 300 sec total\n|\n|t:|1783553083\n|move|p1a: Talonflame|Overheat|p2a: Jirachi\n|-supereffective|p2a: Jirachi\n|-damage|p2a: Jirachi|28/100\n|-unboost|p1a: Talonflame|spa|2\n|move|p2a: Jirachi|Psychic|p1a: Talonflame\n|-crit|p1a: Talonflame\n|-damage|p1a: Talonflame|5/265\n|\n|-heal|p2a: Jirachi|35/100|[from] item: Leftovers\n|upkeep\n|turn|29\n|inactive|Time left: 300 sec this turn | 300 sec total\n|\n|t:|1783553084\n|move|p2a: Jirachi|Protect|p2a: Jirachi\n|-singleturn|p2a: Jirachi|Protect\n|move|p1a: Talonflame|Roost|p1a: Talonflame\n|-heal|p1a: Talonflame|138/265\n|-singleturn|p1a: Talonflame|move: Roost\n|\n|-heal|p2a: Jirachi|41/100|[from] item: Leftovers\n|upkeep\n|turn|30\n|inactive|Time left: 300 sec this turn | 300 sec total\n|\n|t:|1783553085\n|move|p1a: Talonflame|Overheat|p2a: Jirachi|[miss]\n|-miss|p1a: Talonflame|p2a: Jirachi\n|move|p2a: Jirachi|Psychic|p1a: Talonflame\n|-damage|p1a: Talonflame|23/265\n|\n|-heal|p2a: Jirachi|47/100|[from] item: Leftovers\n|upkeep\n|turn|31\n|inactive|Time left: 300 sec this turn | 300 sec total\n|\n|t:|1783553086\n|move|p1a: Talonflame|Roost|p1a: Talonflame\n|-heal|p1a: Talonflame|156/265\n|-singleturn|p1a: Talonflame|move: Roost\n|move|p2a: Jirachi|Psychic|p1a: Talonflame\n|-damage|p1a: Talonflame|41/265\n|\n|-heal|p2a: Jirachi|53/100|[from] item: Leftovers\n|upkeep\n|turn|32\n|inactive|Time left: 300 sec this turn | 300 sec total\n|\n|t:|1783553087\n|move|p1a: Talonflame|Roost|p1a: Talonflame\n|-heal|p1a: Talonflame|174/265\n|-singleturn|p1a: Talonflame|move: Roost\n|move|p2a: Jirachi|Psychic|p1a: Talonflame\n|-damage|p1a: Talonflame|57/265\n|\n|-heal|p2a: Jirachi|59/100|[from] item: Leftovers\n|upkeep\n|turn|33\n|inactive|Time left: 300 sec this turn | 300 sec total\n|\n|t:|1783553088\n|move|p1a: Talonflame|Roost|p1a: Talonflame\n|-heal|p1a: Talonflame|190/265\n|-singleturn|p1a: Talonflame|move: Roost\n|move|p2a: Jirachi|Psychic|p1a: Talonflame\n|-crit|p1a: Talonflame\n|-damage|p1a: Talonflame|19/265\n|\n|-heal|p2a: Jirachi|65/100|[from] item: Leftovers\n|upkeep\n|turn|34\n|inactive|Time left: 300 sec this turn | 300 sec total\n|\n|t:|1783553089\n|-terastallize|p1a: Talonflame|Ground\n|move|p1a: Talonflame|Overheat|p2a: Jirachi\n|-supereffective|p2a: Jirachi\n|-damage|p2a: Jirachi|28/100\n|-unboost|p1a: Talonflame|spa|2\n|move|p2a: Jirachi|Psychic|p1a: Talonflame\n|-damage|p1a: Talonflame|0 fnt\n|faint|p1a: Talonflame\n|\n|-heal|p2a: Jirachi|34/100|[from] item: Leftovers\n|upkeep\n|inactive|Time left: 300 sec this turn | 300 sec total | 5 sec grace\n|\n|t:|1783553090\n|switch|p1a: Banette|Banette, L93, M|69/270\n|turn|35\n|inactive|Time left: 300 sec this turn | 300 sec total\n|\n|t:|1783553091\n|move|p1a: Banette|Shadow Sneak|p2a: Jirachi\n|-supereffective|p2a: Jirachi\n|-damage|p2a: Jirachi|0 fnt\n|faint|p2a: Jirachi\n|-damage|p1a: Banette|42/270|[from] item: Life Orb\n|\n|upkeep\n|\n|t:|1783553092\n|switch|p2a: Altaria|Altaria, L89, M|55/100\n|turn|36\n|inactive|Time left: 300 sec this turn | 300 sec total\n|\n|t:|1783553093\n|move|p2a: Altaria|Brave Bird|p1a: Banette\n|-damage|p1a: Banette|0 fnt\n|faint|p1a: Banette\n|-damage|p2a: Altaria|50/100|[from] Recoil\n|\n|win|p0y1203ef3e", "uploadtime": 1783553093, "views": 0, "rating": 0, "private": 0, "password": null, "_winner": "p0y1203ef3e", "_our_name": "p0x120303b7"}