{"id": "battle-gen9randombattle-551", "formatid": "gen9randombattle", "format": "[Gen 9] Random Battle", "players": ["p0x5516141", "p0y551de57"], "log": "|init|battle\n|title|p0x5516141 vs. p0y551de57\n|j|\u2606p0x5516141\n|j|\u2606p0y551de57\n|t:|1783546194\n|gametype|singles\n|player|p1|p0x5516141|1|\n|player|p2|p0y551de57|169|\n|gen|9\n|tier|[Gen 9] Random Battle\n|rule|Species Clause: Limit one of each Pok\u00e9mon\n|rule|HP Percentage Mod: HP is shown in percentages\n|rule|Sleep Clause Mod: Limit one foe put to sleep\n|rule|Illusion Level Mod: Illusion disguises the Pok\u00e9mon's true level\n|\n|t:|1783546194\n|teamsize|p1|6\n|teamsize|p2|6\n|start\n|switch|p1a: Crabominable|Crabominable, L90, F|321/321\n|switch|p2a: Oricorio|Oricorio-Pa'u, L87, M|100/100\n|turn|1\n|inactive|Battle timer is ON: inactive players will automatically lose when time's up. (requested by p0y551de57)\n|inactive|Time left: 300 sec this turn | 300 sec total | 60 sec grace\n|inactive|p0x5516141 also wants the timer to be on.\n|\n|t:|1783546196\n|move|p2a: Oricorio|Hurricane|p1a: Crabominable|[miss]\n|-miss|p2a: Oricorio|p1a: Crabominable\n|move|p1a: Crabominable|Ice Hammer|p2a: Oricorio\n|-supereffective|p2a: Oricorio\n|-damage|p2a: Oricorio|0 fnt\n|-unboost|p1a: Crabominable|spe|1\n|faint|p2a: Oricorio\n|\n|upkeep\n|\n|t:|1783546196\n|switch|p2a: Delphox|Delphox, L84, F|100/100\n|turn|2\n|inactive|Time left: 300 sec this turn | 300 sec total\n|\n|t:|1783546197\n|move|p2a: Delphox|Nasty Plot|p2a: Delphox\n|-boost|p2a: Delphox|spa|2\n|move|p1a: Crabominable|Ice Hammer|p2a: Delphox\n|-resisted|p2a: Delphox\n|-damage|p2a: Delphox|35/100\n|-unboost|p1a: Crabominable|spe|1\n|\n|upkeep\n|turn|3\n|inactive|Time left: 300 sec this turn | 300 sec total\n|\n|t:|1783546198\n|switch|p1a: Magcargo|Magcargo, L95, F|268/268\n|move|p2a: Delphox|Psyshock|p1a: Magcargo\n|-damage|p1a: Magcargo|135/268\n|\n|upkeep\n|turn|4\n|inactive|Time left: 300 sec this turn | 300 sec total\n|\n|t:|1783546199\n|move|p2a: Delphox|Focus Blast|p1a: Magcargo|[miss]\n|-miss|p2a: Delphox|p1a: Magcargo\n|move|p1a: Magcargo|Power Gem|p2a: Delphox\n|-supereffective|p2a: Delphox\n|-damage|p2a: Delphox|0 fnt\n|faint|p2a: Delphox\n|\n|upkeep\n|\n|t:|1783546200\n|switch|p2a: Great Tusk|Great Tusk, L77|100/100\n|-enditem|p2a: Great Tusk|Booster Energy\n|-activate|p2a: Great Tusk|ability: Protosynthesis|[fromitem]\n|-start|p2a: Great Tusk|protosynthesisatk\n|turn|5\n|inactive|Time left: 300 sec this turn | 300 sec total\n|\n|t:|1783546201\n|switch|p1a: Inteleon|Inteleon, L81, M|246/246\n|move|p2a: Great Tusk|Earthquake|p1a: Inteleon\n|-damage|p1a: Inteleon|65/246\n|\n|upkeep\n|turn|6\n|inactive|Time left: 300 sec this turn | 300 sec total\n|\n|t:|1783546201\n|-end|p2a: Great Tusk|Protosynthesis|[silent]\n|switch|p2a: Fezandipiti|Fezandipiti, L82, M|100/100\n|move|p1a: Inteleon|Scald|p2a: Fezandipiti\n|-damage|p2a: Fezandipiti|42/100\n|-status|p2a: Fezandipiti|brn\n|\n|-heal|p2a: Fezandipiti|48/100 brn|[from] item: Leftovers\n|-damage|p2a: Fezandipiti|42/100 brn|[from] brn\n|upkeep\n|turn|7\n|inactive|Time left: 300 sec this turn | 300 sec total\n|\n|t:|1783546202\n|move|p1a: Inteleon|Scald|p2a: Fezandipiti\n|-damage|p2a: Fezandipiti|0 fnt\n|faint|p2a: Fezandipiti\n|\n|upkeep\n|\n|t:|1783546203\n|switch|p2a: Mienshao|Mienshao, L83, F|100/100\n|turn|8\n|inactive|Time left: 300 sec this turn | 300 sec total\n|\n|t:|1783546204\n|move|p2a: Mienshao|Fake Out|p1a: Inteleon\n|-damage|p1a: Inteleon|23/246\n|cant|p1a: Inteleon|flinch\n|\n|upkeep\n|turn|9\n|inactive|Time left: 300 sec this turn | 300 sec total\n|\n|t:|1783546205\n|-terastallize|p1a: Inteleon|Water\n|move|p1a: Inteleon|Scald|p2a: Mienshao\n|-damage|p2a: Mienshao|0 fnt\n|faint|p2a: Mienshao\n|\n|upkeep\n|\n|t:|1783546206\n|switch|p2a: Torterra|Torterra, L78, M|100/100\n|turn|10\n|inactive|Time left: 300 sec this turn | 300 sec total\n|\n|t:|1783546206\n|move|p1a: Inteleon|Scald|p2a: Torterra\n|-damage|p2a: Torterra|0 fnt\n|faint|p2a: Torterra\n|\n|upkeep\n|\n|t:|1783546207\n|switch|p2a: Great Tusk|Great Tusk, L77|100/100\n|turn|11\n|inactive|Time left: 300 sec this turn | 300 sec total\n|\n|t:|1783546208\n|-terastallize|p2a: Great Tusk|Steel\n|move|p1a: Inteleon|Scald|p2a: Great Tusk\n|-damage|p2a: Great Tusk|0 fnt\n|faint|p2a: Great Tusk\n|-end|p2a: Great Tusk|Protosynthesis|[silent]\n|\n|win|p0x5516141", "uploadtime": 1783546208, "views": 0, "rating": 0, "private": 0, "password": null, "_winner": "p0x5516141", "_our_name": "p0x5516141"}