{"id": "battle-gen9randombattle-1153", "formatid": "gen9randombattle", "format": "[Gen 9] Random Battle", "players": ["p0x1153517a", "p0y11534d57"], "log": "|init|battle\n|title|p0x1153517a vs. p0y11534d57\n|j|\u2606p0x1153517a\n|j|\u2606p0y11534d57\n|t:|1783552509\n|gametype|singles\n|player|p1|p0x1153517a|102|\n|player|p2|p0y11534d57|101|\n|gen|9\n|tier|[Gen 9] Random Battle\n|rule|Species Clause: Limit one of each Pok\u00e9mon\n|rule|HP Percentage Mod: HP is shown in percentages\n|rule|Sleep Clause Mod: Limit one foe put to sleep\n|rule|Illusion Level Mod: Illusion disguises the Pok\u00e9mon's true level\n|\n|t:|1783552509\n|teamsize|p1|6\n|teamsize|p2|6\n|start\n|switch|p1a: Wugtrio|Wugtrio, L91, M|100/100\n|switch|p2a: Deoxys|Deoxys, L74|196/196\n|-ability|p2a: Deoxys|Pressure\n|turn|1\n|inactive|Battle timer is ON: inactive players will automatically lose when time's up. (requested by p0x1153517a)\n|inactive|Time left: 300 sec this turn | 300 sec total | 60 sec grace\n|inactive|p0y11534d57 also wants the timer to be on.\n|\n|t:|1783552510\n|switch|p2a: Dunsparce|Dunsparce, L86, M|312/312\n|move|p1a: Wugtrio|Liquidation|p2a: Dunsparce\n|-damage|p2a: Dunsparce|189/312\n|\n|upkeep\n|turn|2\n|inactive|Time left: 300 sec this turn | 300 sec total\n|\n|t:|1783552512\n|move|p1a: Wugtrio|Liquidation|p2a: Dunsparce\n|-damage|p2a: Dunsparce|66/312\n|move|p2a: Dunsparce|Roost|p2a: Dunsparce\n|-heal|p2a: Dunsparce|222/312\n|-singleturn|p2a: Dunsparce|move: Roost\n|\n|upkeep\n|turn|3\n|inactive|Time left: 300 sec this turn | 300 sec total\n|\n|t:|1783552513\n|move|p1a: Wugtrio|Liquidation|p2a: Dunsparce\n|-crit|p2a: Dunsparce\n|-damage|p2a: Dunsparce|30/312\n|move|p2a: Dunsparce|Roost|p2a: Dunsparce\n|-heal|p2a: Dunsparce|186/312\n|-singleturn|p2a: Dunsparce|move: Roost\n|\n|upkeep\n|turn|4\n|inactive|Time left: 300 sec this turn | 300 sec total\n|\n|t:|1783552513\n|move|p1a: Wugtrio|Liquidation|p2a: Dunsparce\n|-damage|p2a: Dunsparce|59/312\n|move|p2a: Dunsparce|Roost|p2a: Dunsparce\n|-heal|p2a: Dunsparce|215/312\n|-singleturn|p2a: Dunsparce|move: Roost\n|\n|upkeep\n|turn|5\n|inactive|Time left: 300 sec this turn | 300 sec total\n|\n|t:|1783552514\n|move|p1a: Wugtrio|Liquidation|p2a: Dunsparce\n|-damage|p2a: Dunsparce|85/312\n|move|p2a: Dunsparce|Roost|p2a: Dunsparce\n|-heal|p2a: Dunsparce|241/312\n|-singleturn|p2a: Dunsparce|move: Roost\n|\n|upkeep\n|turn|6\n|inactive|Time left: 300 sec this turn | 300 sec total\n|\n|t:|1783552515\n|move|p1a: Wugtrio|Liquidation|p2a: Dunsparce\n|-damage|p2a: Dunsparce|117/312\n|move|p2a: Dunsparce|Roost|p2a: Dunsparce\n|-heal|p2a: Dunsparce|273/312\n|-singleturn|p2a: Dunsparce|move: Roost\n|\n|upkeep\n|turn|7\n|inactive|Time left: 300 sec this turn | 300 sec total\n|\n|t:|1783552516\n|move|p1a: Wugtrio|Liquidation|p2a: Dunsparce\n|-damage|p2a: Dunsparce|144/312\n|move|p2a: Dunsparce|Body Slam|p1a: Wugtrio\n|-damage|p1a: Wugtrio|50/100\n|-status|p1a: Wugtrio|par\n|-ability|p1a: Wugtrio|Gooey\n|-unboost|p2a: Dunsparce|spe|1\n|\n|upkeep\n|turn|8\n|inactive|Time left: 300 sec this turn | 300 sec total\n|\n|t:|1783552517\n|move|p1a: Wugtrio|Liquidation|p2a: Dunsparce\n|-damage|p2a: Dunsparce|17/312\n|-unboost|p2a: Dunsparce|def|1\n|move|p2a: Dunsparce|Roost|p2a: Dunsparce\n|-heal|p2a: Dunsparce|173/312\n|-singleturn|p2a: Dunsparce|move: Roost\n|\n|upkeep\n|turn|9\n|inactive|Time left: 300 sec this turn | 300 sec total\n|\n|t:|1783552518\n|switch|p2a: Magearna|Magearna-Original, L77|250/250\n|move|p1a: Wugtrio|Liquidation|p2a: Magearna\n|-damage|p2a: Magearna|102/250\n|\n|-heal|p2a: Magearna|117/250|[from] item: Leftovers\n|upkeep\n|turn|10\n|inactive|Time left: 300 sec this turn | 300 sec total\n|\n|t:|1783552519\n|move|p2a: Magearna|Fleur Cannon|p1a: Wugtrio\n|-damage|p1a: Wugtrio|0 fnt\n|-unboost|p2a: Magearna|spa|2\n|faint|p1a: Wugtrio\n|-ability|p2a: Magearna|Soul-Heart|boost\n|-boost|p2a: Magearna|spa|1\n|\n|-heal|p2a: Magearna|132/250|[from] item: Leftovers\n|upkeep\n|\n|t:|1783552521\n|switch|p1a: Palossand|Palossand, L89, F|100/100\n|turn|11\n|inactive|Time left: 300 sec this turn | 300 sec total\n|\n|t:|1783552522\n|switch|p2a: Toedscruel|Toedscruel, L87, M|281/281\n|move|p1a: Palossand|Stealth Rock|p2a: Toedscruel\n|-sidestart|p2: p0y11534d57|move: Stealth Rock\n|\n|upkeep\n|turn|12\n|inactive|Time left: 300 sec this turn | 300 sec total\n|\n|t:|1783552523\n|switch|p1a: Salamence|Salamence, L77, F|100/100\n|move|p2a: Toedscruel|Earth Power|p1a: Salamence\n|-immune|p1a: Salamence\n|\n|upkeep\n|turn|13\n|inactive|Time left: 300 sec this turn | 300 sec total\n|\n|t:|1783552524\n|move|p2a: Toedscruel|Rapid Spin|p1a: Salamence\n|-damage|p1a: Salamence|87/100\n|-boost|p2a: Toedscruel|spe|1\n|-sideend|p2: p0y11534d57|Stealth Rock|[from] move: Rapid Spin|[of] p2a: Toedscruel\n|move|p1a: Salamence|Dragon Dance|p1a: Salamence\n|-boost|p1a: Salamence|atk|1\n|-boost|p1a: Salamence|spe|1\n|\n|upkeep\n|turn|14\n|inactive|Time left: 300 sec this turn | 300 sec total\n|\n|t:|1783552525\n|switch|p2a: Hatterene|Hatterene, L85, F|236/236\n|move|p1a: Salamence|Earthquake|p2a: Hatterene\n|-damage|p2a: Hatterene|137/236\n|\n|upkeep\n|turn|15\n|inactive|Time left: 300 sec this turn | 300 sec total\n|\n|t:|1783552526\n|move|p1a: Salamence|Earthquake|p2a: Hatterene\n|-crit|p2a: Hatterene\n|-damage|p2a: Hatterene|0 fnt\n|faint|p2a: Hatterene\n|-ability|p1a: Salamence|Moxie|boost\n|-boost|p1a: Salamence|atk|1\n|\n|upkeep\n|inactive|Time left: 300 sec this turn | 300 sec total | 5 sec grace\n|\n|t:|1783552527\n|switch|p2a: Magearna|Magearna-Original, L77|132/250\n|turn|16\n|inactive|Time left: 300 sec this turn | 300 sec total\n|\n|t:|1783552528\n|move|p1a: Salamence|Earthquake|p2a: Magearna\n|-supereffective|p2a: Magearna\n|-damage|p2a: Magearna|0 fnt\n|faint|p2a: Magearna\n|-ability|p1a: Salamence|Moxie|boost\n|-boost|p1a: Salamence|atk|1\n|\n|upkeep\n|inactive|Time left: 300 sec this turn | 300 sec total | 5 sec grace\n|\n|t:|1783552529\n|switch|p2a: Dunsparce|Dunsparce, L86, M|173/312\n|turn|17\n|inactive|Time left: 300 sec this turn | 300 sec total\n|\n|t:|1783552530\n|move|p1a: Salamence|Outrage|p2a: Dunsparce\n|-damage|p2a: Dunsparce|0 fnt\n|faint|p2a: Dunsparce\n|-ability|p1a: Salamence|Moxie|boost\n|-boost|p1a: Salamence|atk|1\n|\n|upkeep\n|inactive|Time left: 300 sec this turn | 300 sec total | 5 sec grace\n|\n|t:|1783552531\n|switch|p2a: Cramorant|Cramorant, L86, F|261/261\n|turn|18\n|inactive|Time left: 300 sec this turn | 300 sec total\n|\n|t:|1783552532\n|move|p1a: Salamence|Outrage|p2a: Cramorant|[from] lockedmove\n|-damage|p2a: Cramorant|0 fnt\n|faint|p2a: Cramorant\n|-ability|p1a: Salamence|Moxie|boost\n|-boost|p1a: Salamence|atk|1\n|\n|upkeep\n|inactive|Time left: 300 sec this turn | 300 sec total | 5 sec grace\n|\n|t:|1783552533\n|switch|p2a: Toedscruel|Toedscruel, L87, M|281/281\n|turn|19\n|inactive|Time left: 300 sec this turn | 300 sec total\n|\n|t:|1783552534\n|move|p1a: Salamence|Outrage|p2a: Toedscruel|[from] lockedmove\n|-damage|p2a: Toedscruel|0 fnt\n|faint|p2a: Toedscruel\n|-ability|p1a: Salamence|Moxie|boost\n|-boost|p1a: Salamence|atk|1\n|-start|p1a: Salamence|confusion|[fatigue]\n|\n|upkeep\n|inactive|Time left: 300 sec this turn | 300 sec total | 5 sec grace\n|\n|t:|1783552536\n|switch|p2a: Deoxys|Deoxys, L74|196/196\n|-ability|p2a: Deoxys|Pressure\n|turn|20\n|inactive|Time left: 300 sec this turn | 300 sec total\n|\n|t:|1783552536\n|-activate|p1a: Salamence|confusion\n|move|p1a: Salamence|Outrage|p2a: Deoxys\n|-damage|p2a: Deoxys|0 fnt\n|faint|p2a: Deoxys\n|\n|win|p0x1153517a", "uploadtime": 1783552536, "views": 0, "rating": 0, "private": 0, "password": null, "_winner": "p0x1153517a", "_our_name": "p0y11534d57"}