{"id": "battle-gen9randombattle-535", "formatid": "gen9randombattle", "format": "[Gen 9] Random Battle", "players": ["p0x535c31d", "p0y53534a7"], "log": "|init|battle\n|title|p0x535c31d vs. p0y53534a7\n|j|\u2606p0x535c31d\n|j|\u2606p0y53534a7\n|t:|1783545981\n|gametype|singles\n|player|p1|p0x535c31d|265|\n|player|p2|p0y53534a7|1|\n|gen|9\n|tier|[Gen 9] Random Battle\n|rule|Species Clause: Limit one of each Pok\u00e9mon\n|rule|HP Percentage Mod: HP is shown in percentages\n|rule|Sleep Clause Mod: Limit one foe put to sleep\n|rule|Illusion Level Mod: Illusion disguises the Pok\u00e9mon's true level\n|\n|t:|1783545981\n|teamsize|p1|6\n|teamsize|p2|6\n|start\n|switch|p1a: Dragapult|Dragapult, L77, F|100/100\n|switch|p2a: Dragapult|Dragapult, L77, M|262/262\n|turn|1\n|inactive|Battle timer is ON: inactive players will automatically lose when time's up. (requested by p0x535c31d)\n|inactive|Time left: 300 sec this turn | 300 sec total | 60 sec grace\n|\n|t:|1783545982\n|move|p1a: Dragapult|Shadow Ball|p2a: Dragapult\n|-supereffective|p2a: Dragapult\n|-damage|p2a: Dragapult|4/262\n|move|p2a: Dragapult|Dragon Darts|p1a: Dragapult\n|-supereffective|p1a: Dragapult\n|-damage|p1a: Dragapult|37/100\n|-anim|p2a: Dragapult|Dragon Darts|p1a: Dragapult\n|-supereffective|p1a: Dragapult\n|-damage|p1a: Dragapult|0 fnt\n|faint|p1a: Dragapult\n|-damage|p2a: Dragapult|0 fnt|[from] item: Life Orb\n|faint|p2a: Dragapult\n|\n|upkeep\n|inactive|Time left: 300 sec this turn | 300 sec total | 65 sec grace\n|inactive|p0y53534a7 also wants the timer to be on.\n|\n|t:|1783545984\n|switch|p2a: Zacian|Zacian, L69|241/241\n|switch|p1a: Flygon|Flygon, L82, F|100/100\n|-ability|p2a: Zacian|Intrepid Sword|boost\n|-boost|p2a: Zacian|atk|1\n|turn|2\n|inactive|Time left: 300 sec this turn | 300 sec total\n|\n|t:|1783545985\n|switch|p1a: Stantler|Stantler, L92, F|100/100\n|-ability|p1a: Stantler|Intimidate|boost\n|-unboost|p2a: Zacian|atk|1\n|move|p2a: Zacian|Play Rough|p1a: Stantler\n|-damage|p1a: Stantler|70/100\n|-damage|p2a: Zacian|217/241|[from] item: Life Orb\n|\n|upkeep\n|turn|3\n|inactive|Time left: 300 sec this turn | 300 sec total\n|\n|t:|1783545986\n|move|p2a: Zacian|Swords Dance|p2a: Zacian\n|-boost|p2a: Zacian|atk|2\n|move|p1a: Stantler|Calm Mind|p1a: Stantler\n|-boost|p1a: Stantler|spa|1\n|-boost|p1a: Stantler|spd|1\n|\n|upkeep\n|turn|4\n|inactive|Time left: 300 sec this turn | 300 sec total\n|\n|t:|1783545987\n|-terastallize|p1a: Stantler|Fairy\n|move|p2a: Zacian|Play Rough|p1a: Stantler\n|-damage|p1a: Stantler|18/100\n|-damage|p2a: Zacian|193/241|[from] item: Life Orb\n|move|p1a: Stantler|Tera Blast|p2a: Zacian|[anim] Tera Blast Fairy\n|-damage|p2a: Zacian|55/241\n|\n|upkeep\n|turn|5\n|inactive|Time left: 300 sec this turn | 300 sec total\n|\n|t:|1783545988\n|move|p2a: Zacian|Play Rough|p1a: Stantler\n|-damage|p1a: Stantler|0 fnt\n|faint|p1a: Stantler\n|-damage|p2a: Zacian|31/241|[from] item: Life Orb\n|\n|upkeep\n|\n|t:|1783545989\n|switch|p1a: Arceus|Arceus, L68|100/100\n|turn|6\n|inactive|Time left: 300 sec this turn | 300 sec total\n|\n|t:|1783545990\n|switch|p2a: Hydrapple|Hydrapple, L83, F|312/312\n|move|p1a: Arceus|Extreme Speed|p2a: Hydrapple\n|-damage|p2a: Hydrapple|238/312\n|-damage|p1a: Arceus|91/100|[from] item: Life Orb\n|\n|upkeep\n|turn|7\n|inactive|Time left: 300 sec this turn | 300 sec total\n|\n|t:|1783545991\n|move|p1a: Arceus|Swords Dance|p1a: Arceus\n|-boost|p1a: Arceus|atk|2\n|move|p2a: Hydrapple|Nasty Plot|p2a: Hydrapple\n|-boost|p2a: Hydrapple|spa|2\n|\n|upkeep\n|turn|8\n|inactive|Time left: 300 sec this turn | 300 sec total\n|\n|t:|1783545992\n|move|p1a: Arceus|Extreme Speed|p2a: Hydrapple\n|-damage|p2a: Hydrapple|98/312\n|-damage|p1a: Arceus|81/100|[from] item: Life Orb\n|move|p2a: Hydrapple|Giga Drain|p1a: Arceus\n|-damage|p1a: Arceus|0 fnt\n|-heal|p2a: Hydrapple|209/312|[from] drain|[of] p1a: Arceus\n|faint|p1a: Arceus\n|-damage|p2a: Hydrapple|178/312|[from] item: Life Orb\n|\n|upkeep\n|\n|t:|1783545994\n|switch|p1a: Flygon|Flygon, L82, F|100/100\n|turn|9\n|inactive|Time left: 300 sec this turn | 300 sec total\n|\n|t:|1783545995\n|-terastallize|p2a: Hydrapple|Steel\n|move|p1a: Flygon|Outrage|p2a: Hydrapple\n|-resisted|p2a: Hydrapple\n|-damage|p2a: Hydrapple|103/312\n|move|p2a: Hydrapple|Giga Drain|p1a: Flygon\n|-damage|p1a: Flygon|0 fnt\n|-heal|p2a: Hydrapple|236/312|[from] drain|[of] p1a: Flygon\n|faint|p1a: Flygon\n|-damage|p2a: Hydrapple|205/312|[from] item: Life Orb\n|\n|upkeep\n|\n|t:|1783545996\n|switch|p1a: Poliwrath|Poliwrath, L88, M|100/100\n|turn|10\n|inactive|Time left: 300 sec this turn | 300 sec total\n|\n|t:|1783545997\n|move|p1a: Poliwrath|Close Combat|p2a: Hydrapple\n|-supereffective|p2a: Hydrapple\n|-damage|p2a: Hydrapple|0 fnt\n|-unboost|p1a: Poliwrath|def|1\n|-unboost|p1a: Poliwrath|spd|1\n|faint|p2a: Hydrapple\n|\n|upkeep\n|inactive|Time left: 300 sec this turn | 300 sec total | 5 sec grace\n|\n|t:|1783545998\n|switch|p2a: Zacian|Zacian, L69|31/241\n|turn|11\n|inactive|Time left: 300 sec this turn | 300 sec total\n|\n|t:|1783545999\n|switch|p1a: Registeel|Registeel, L81|100/100\n|move|p2a: Zacian|Play Rough|p1a: Registeel\n|-resisted|p1a: Registeel\n|-damage|p1a: Registeel|88/100\n|-damage|p2a: Zacian|7/241|[from] item: Life Orb\n|\n|upkeep\n|turn|12\n|inactive|Time left: 300 sec this turn | 300 sec total\n|\n|t:|1783546000\n|move|p2a: Zacian|Close Combat|p1a: Registeel\n|-supereffective|p1a: Registeel\n|-damage|p1a: Registeel|42/100\n|-unboost|p2a: Zacian|def|1\n|-unboost|p2a: Zacian|spd|1\n|-damage|p2a: Zacian|0 fnt|[from] item: Life Orb\n|faint|p2a: Zacian\n|move|p1a: Registeel|Iron Defense|p1a: Registeel\n|-boost|p1a: Registeel|def|2\n|\n|upkeep\n|inactive|Time left: 300 sec this turn | 300 sec total | 5 sec grace\n|\n|t:|1783546001\n|switch|p2a: Flareon|Flareon, L90, F|263/263\n|turn|13\n|inactive|Time left: 300 sec this turn | 300 sec total\n|\n|t:|1783546002\n|move|p2a: Flareon|Flare Blitz|p1a: Registeel\n|-supereffective|p1a: Registeel\n|-damage|p1a: Registeel|0 fnt\n|faint|p1a: Registeel\n|-damage|p2a: Flareon|227/263|[from] Recoil\n|\n|-status|p2a: Flareon|tox|[from] item: Toxic Orb\n|upkeep\n|\n|t:|1783546003\n|switch|p1a: Poliwrath|Poliwrath, L88, M|100/100\n|turn|14\n|inactive|Time left: 300 sec this turn | 300 sec total\n|\n|t:|1783546004\n|move|p1a: Poliwrath|Liquidation|p2a: Flareon\n|-supereffective|p2a: Flareon\n|-damage|p2a: Flareon|0 fnt\n|faint|p2a: Flareon\n|\n|upkeep\n|inactive|Time left: 300 sec this turn | 300 sec total | 5 sec grace\n|\n|t:|1783546004\n|switch|p2a: Granbull|Granbull, L88, M|302/302\n|-ability|p2a: Granbull|Intimidate|boost\n|-unboost|p1a: Poliwrath|atk|1\n|turn|15\n|inactive|Time left: 300 sec this turn | 300 sec total\n|\n|t:|1783546005\n|move|p1a: Poliwrath|Knock Off|p2a: Granbull\n|-resisted|p2a: Granbull\n|-damage|p2a: Granbull|277/302\n|-enditem|p2a: Granbull|Leftovers|[from] move: Knock Off|[of] p1a: Poliwrath\n|move|p2a: Granbull|Play Rough|p1a: Poliwrath\n|-supereffective|p1a: Poliwrath\n|-damage|p1a: Poliwrath|24/100\n|\n|upkeep\n|turn|16\n|inactive|Time left: 300 sec this turn | 300 sec total\n|\n|t:|1783546006\n|move|p1a: Poliwrath|Close Combat|p2a: Granbull\n|-resisted|p2a: Granbull\n|-damage|p2a: Granbull|226/302\n|-unboost|p1a: Poliwrath|def|1\n|-unboost|p1a: Poliwrath|spd|1\n|move|p2a: Granbull|Earthquake|p1a: Poliwrath\n|-damage|p1a: Poliwrath|0 fnt\n|faint|p1a: Poliwrath\n|\n|win|p0y53534a7", "uploadtime": 1783546006, "views": 0, "rating": 0, "private": 0, "password": null, "_winner": "p0y53534a7", "_our_name": "p0y53534a7"}