{"id": "battle-gen9randombattle-86", "formatid": "gen9randombattle", "format": "[Gen 9] Random Battle", "players": ["p0x08545ff", "p0y0852f5a"], "log": "|init|battle\n|title|p0x08545ff vs. p0y0852f5a\n|j|\u2606p0x08545ff\n|j|\u2606p0y0852f5a\n|t:|1783534232\n|gametype|singles\n|player|p1|p0x08545ff|170|\n|player|p2|p0y0852f5a|102|\n|gen|9\n|tier|[Gen 9] Random Battle\n|rule|Species Clause: Limit one of each Pok\u00e9mon\n|rule|HP Percentage Mod: HP is shown in percentages\n|rule|Sleep Clause Mod: Limit one foe put to sleep\n|rule|Illusion Level Mod: Illusion disguises the Pok\u00e9mon's true level\n|\n|t:|1783534232\n|teamsize|p1|6\n|teamsize|p2|6\n|start\n|switch|p1a: Meowstic|Meowstic, L89, M|100/100\n|switch|p2a: Bronzong|Bronzong, L88|261/261\n|turn|1\n|inactive|Battle timer is ON: inactive players will automatically lose when time's up. (requested by p0y0852f5a)\n|inactive|p0x08545ff also wants the timer to be on.\n|\n|t:|1783534234\n|move|p1a: Meowstic|Psychic Noise|p2a: Bronzong\n|-resisted|p2a: Bronzong\n|-damage|p2a: Bronzong|245/261\n|-start|p2a: Bronzong|move: Heal Block\n|move|p2a: Bronzong|Stealth Rock|p1a: Meowstic\n|-sidestart|p1: p0x08545ff|move: Stealth Rock\n|\n|upkeep\n|turn|2\n|inactive|Time left: 300 sec this turn | 300 sec total\n|\n|t:|1783534235\n|move|p1a: Meowstic|Thunder Wave|p2a: Bronzong|[miss]\n|-miss|p1a: Meowstic|p2a: Bronzong\n|move|p2a: Bronzong|Iron Head|p1a: Meowstic\n|-damage|p1a: Meowstic|65/100\n|\n|-heal|p1a: Meowstic|72/100|[from] item: Leftovers\n|-end|p2a: Bronzong|move: Heal Block\n|upkeep\n|turn|3\n|inactive|Time left: 300 sec this turn | 300 sec total\n|\n|t:|1783534236\n|move|p1a: Meowstic|Thunder Wave|p2a: Bronzong\n|-status|p2a: Bronzong|par\n|cant|p2a: Bronzong|par\n|\n|-heal|p1a: Meowstic|78/100|[from] item: Leftovers\n|-heal|p2a: Bronzong|261/261 par|[from] item: Leftovers\n|upkeep\n|turn|4\n|inactive|Time left: 300 sec this turn | 300 sec total\n|\n|t:|1783534237\n|switch|p1a: Copperajah|Copperajah, L86, M|100/100\n|-damage|p1a: Copperajah|94/100|[from] Stealth Rock\n|cant|p2a: Bronzong|par\n|\n|upkeep\n|turn|5\n|inactive|Time left: 300 sec this turn | 300 sec total\n|\n|t:|1783534238\n|move|p1a: Copperajah|Heat Crash|p2a: Bronzong\n|-supereffective|p2a: Bronzong\n|-damage|p2a: Bronzong|0 fnt\n|faint|p2a: Bronzong\n|\n|upkeep\n|inactive|Time left: 300 sec this turn | 300 sec total | 5 sec grace\n|\n|t:|1783534239\n|switch|p2a: Volcanion|Volcanion, L79|256/256\n|turn|6\n|inactive|Time left: 300 sec this turn | 300 sec total\n|\n|t:|1783534241\n|switch|p1a: Arceus|Arceus-Water, L71|100/100\n|-damage|p1a: Arceus|88/100|[from] Stealth Rock\n|move|p2a: Volcanion|Steam Eruption|p1a: Arceus\n|-resisted|p1a: Arceus\n|-damage|p1a: Arceus|66/100\n|\n|upkeep\n|turn|7\n|inactive|Time left: 300 sec this turn | 300 sec total\n|\n|t:|1783534242\n|move|p1a: Arceus|Calm Mind|p1a: Arceus\n|-boost|p1a: Arceus|spa|1\n|-boost|p1a: Arceus|spd|1\n|move|p2a: Volcanion|Earth Power|p1a: Arceus\n|-crit|p1a: Arceus\n|-damage|p1a: Arceus|30/100\n|\n|upkeep\n|turn|8\n|inactive|Time left: 300 sec this turn | 300 sec total\n|\n|t:|1783534243\n|move|p1a: Arceus|Recover|p1a: Arceus\n|-heal|p1a: Arceus|80/100\n|move|p2a: Volcanion|Haze|p2a: Volcanion\n|-clearallboost\n|\n|upkeep\n|turn|9\n|inactive|Time left: 300 sec this turn | 300 sec total\n|\n|t:|1783534244\n|move|p1a: Arceus|Calm Mind|p1a: Arceus\n|-boost|p1a: Arceus|spa|1\n|-boost|p1a: Arceus|spd|1\n|move|p2a: Volcanion|Flamethrower|p1a: Arceus\n|-resisted|p1a: Arceus\n|-damage|p1a: Arceus|70/100\n|\n|upkeep\n|turn|10\n|inactive|Time left: 300 sec this turn | 300 sec total\n|\n|t:|1783534245\n|move|p1a: Arceus|Recover|p1a: Arceus\n|-heal|p1a: Arceus|100/100\n|move|p2a: Volcanion|Haze|p2a: Volcanion\n|-clearallboost\n|\n|upkeep\n|turn|11\n|inactive|Time left: 300 sec this turn | 300 sec total\n|\n|t:|1783534246\n|move|p1a: Arceus|Calm Mind|p1a: Arceus\n|-boost|p1a: Arceus|spa|1\n|-boost|p1a: Arceus|spd|1\n|move|p2a: Volcanion|Earth Power|p1a: Arceus\n|-damage|p1a: Arceus|86/100\n|\n|upkeep\n|turn|12\n|inactive|Time left: 300 sec this turn | 300 sec total\n|\n|t:|1783534247\n|move|p1a: Arceus|Ice Beam|p2a: Volcanion\n|-resisted|p2a: Volcanion\n|-damage|p2a: Volcanion|237/256\n|-status|p2a: Volcanion|frz\n|cant|p2a: Volcanion|frz\n|\n|upkeep\n|turn|13\n|inactive|Time left: 300 sec this turn | 300 sec total\n|\n|t:|1783534249\n|move|p1a: Arceus|Calm Mind|p1a: Arceus\n|-boost|p1a: Arceus|spa|1\n|-boost|p1a: Arceus|spd|1\n|-curestatus|p2a: Volcanion|frz|[from] move: Steam Eruption\n|move|p2a: Volcanion|Steam Eruption|p1a: Arceus\n|-resisted|p1a: Arceus\n|-damage|p1a: Arceus|75/100\n|\n|upkeep\n|turn|14\n|inactive|Time left: 300 sec this turn | 300 sec total\n|\n|t:|1783534250\n|move|p1a: Arceus|Ice Beam|p2a: Volcanion\n|-resisted|p2a: Volcanion\n|-damage|p2a: Volcanion|211/256\n|move|p2a: Volcanion|Haze|p2a: Volcanion\n|-clearallboost\n|\n|upkeep\n|turn|15\n|inactive|Time left: 300 sec this turn | 300 sec total\n|\n|t:|1783534251\n|move|p1a: Arceus|Calm Mind|p1a: Arceus\n|-boost|p1a: Arceus|spa|1\n|-boost|p1a: Arceus|spd|1\n|move|p2a: Volcanion|Steam Eruption|p1a: Arceus\n|-resisted|p1a: Arceus\n|-damage|p1a: Arceus|60/100\n|\n|upkeep\n|turn|16\n|inactive|Time left: 300 sec this turn | 300 sec total\n|\n|t:|1783534252\n|move|p1a: Arceus|Recover|p1a: Arceus\n|-heal|p1a: Arceus|100/100\n|move|p2a: Volcanion|Haze|p2a: Volcanion\n|-clearallboost\n|\n|upkeep\n|turn|17\n|inactive|Time left: 300 sec this turn | 300 sec total\n|\n|t:|1783534253\n|move|p1a: Arceus|Calm Mind|p1a: Arceus\n|-boost|p1a: Arceus|spa|1\n|-boost|p1a: Arceus|spd|1\n|move|p2a: Volcanion|Flamethrower|p1a: Arceus\n|-resisted|p1a: Arceus\n|-damage|p1a: Arceus|89/100\n|\n|upkeep\n|turn|18\n|inactive|Time left: 300 sec this turn | 300 sec total\n|\n|t:|1783534254\n|move|p1a: Arceus|Calm Mind|p1a: Arceus\n|-boost|p1a: Arceus|spa|1\n|-boost|p1a: Arceus|spd|1\n|move|p2a: Volcanion|Flamethrower|p1a: Arceus\n|-resisted|p1a: Arceus\n|-damage|p1a: Arceus|80/100\n|\n|upkeep\n|turn|19\n|inactive|Time left: 300 sec this turn | 300 sec total\n|\n|t:|1783534255\n|move|p1a: Arceus|Ice Beam|p2a: Volcanion\n|-resisted|p2a: Volcanion\n|-damage|p2a: Volcanion|183/256\n|move|p2a: Volcanion|Haze|p2a: Volcanion\n|-clearallboost\n|\n|upkeep\n|turn|20\n|inactive|Time left: 300 sec this turn | 300 sec total\n|\n|t:|1783534257\n|move|p1a: Arceus|Calm Mind|p1a: Arceus\n|-boost|p1a: Arceus|spa|1\n|-boost|p1a: Arceus|spd|1\n|move|p2a: Volcanion|Earth Power|p1a: Arceus\n|-damage|p1a: Arceus|63/100\n|\n|upkeep\n|turn|21\n|inactive|Time left: 300 sec this turn | 300 sec total\n|\n|t:|1783534258\n|move|p1a: Arceus|Recover|p1a: Arceus\n|-heal|p1a: Arceus|100/100\n|move|p2a: Volcanion|Haze|p2a: Volcanion\n|-clearallboost\n|\n|upkeep\n|turn|22\n|inactive|Time left: 300 sec this turn | 300 sec total\n|\n|t:|1783534259\n|move|p1a: Arceus|Calm Mind|p1a: Arceus\n|-boost|p1a: Arceus|spa|1\n|-boost|p1a: Arceus|spd|1\n|move|p2a: Volcanion|Steam Eruption|p1a: Arceus\n|-resisted|p1a: Arceus\n|-damage|p1a: Arceus|87/100\n|\n|upkeep\n|turn|23\n|inactive|Time left: 300 sec this turn | 300 sec total\n|\n|t:|1783534260\n|move|p1a: Arceus|Ice Beam|p2a: Volcanion\n|-resisted|p2a: Volcanion\n|-damage|p2a: Volcanion|163/256\n|move|p2a: Volcanion|Haze|p2a: Volcanion\n|-clearallboost\n|\n|upkeep\n|turn|24\n|inactive|Time left: 300 sec this turn | 300 sec total\n|\n|t:|1783534261\n|move|p1a: Arceus|Calm Mind|p1a: Arceus\n|-boost|p1a: Arceus|spa|1\n|-boost|p1a: Arceus|spd|1\n|move|p2a: Volcanion|Steam Eruption|p1a: Arceus\n|-resisted|p1a: Arceus\n|-damage|p1a: Arceus|73/100\n|\n|upkeep\n|turn|25\n|inactive|Time left: 300 sec this turn | 300 sec total\n|\n|t:|1783534262\n|move|p1a: Arceus|Recover|p1a: Arceus\n|-heal|p1a: Arceus|100/100\n|move|p2a: Volcanion|Flamethrower|p1a: Arceus\n|-resisted|p1a: Arceus\n|-damage|p1a: Arceus|90/100\n|\n|upkeep\n|turn|26\n|inactive|Time left: 300 sec this turn | 300 sec total\n|\n|t:|1783534263\n|move|p1a: Arceus|Calm Mind|p1a: Arceus\n|-boost|p1a: Arceus|spa|1\n|-boost|p1a: Arceus|spd|1\n|move|p2a: Volcanion|Steam Eruption|p1a: Arceus\n|-resisted|p1a: Arceus\n|-damage|p1a: Arceus|79/100\n|-status|p1a: Arceus|brn\n|\n|-damage|p1a: Arceus|72/100 brn|[from] brn\n|upkeep\n|turn|27\n|inactive|Time left: 300 sec this turn | 300 sec total\n|\n|t:|1783534264\n|move|p1a: Arceus|Ice Beam|p2a: Volcanion\n|-resisted|p2a: Volcanion\n|-damage|p2a: Volcanion|137/256\n|-status|p2a: Volcanion|frz\n|-curestatus|p2a: Volcanion|frz|[msg]\n|move|p2a: Volcanion|Haze|p2a: Volcanion\n|-clearallboost\n|\n|-damage|p1a: Arceus|66/100 brn|[from] brn\n|upkeep\n|turn|28\n|inactive|Time left: 300 sec this turn | 300 sec total\n|\n|t:|1783534265\n|move|p1a: Arceus|Calm Mind|p1a: Arceus\n|-boost|p1a: Arceus|spa|1\n|-boost|p1a: Arceus|spd|1\n|move|p2a: Volcanion|Flamethrower|p1a: Arceus\n|-resisted|p1a: Arceus\n|-damage|p1a: Arceus|55/100 brn\n|\n|-damage|p1a: Arceus|48/100 brn|[from] brn\n|upkeep\n|turn|29\n|inactive|Time left: 300 sec this turn | 300 sec total\n|\n|t:|1783534266\n|move|p1a: Arceus|Recover|p1a: Arceus\n|-heal|p1a: Arceus|98/100 brn\n|move|p2a: Volcanion|Flamethrower|p1a: Arceus\n|-resisted|p1a: Arceus\n|-damage|p1a: Arceus|87/100 brn\n|\n|-damage|p1a: Arceus|81/100 brn|[from] brn\n|upkeep\n|turn|30\n|inactive|Time left: 300 sec this turn | 300 sec total\n|\n|t:|1783534267\n|move|p1a: Arceus|Recover|p1a: Arceus\n|-heal|p1a: Arceus|100/100 brn\n|move|p2a: Volcanion|Haze|p2a: Volcanion\n|-clearallboost\n|\n|-damage|p1a: Arceus|94/100 brn|[from] brn\n|upkeep\n|turn|31\n|inactive|Time left: 300 sec this turn | 300 sec total\n|\n|t:|1783534268\n|move|p1a: Arceus|Calm Mind|p1a: Arceus\n|-boost|p1a: Arceus|spa|1\n|-boost|p1a: Arceus|spd|1\n|move|p2a: Volcanion|Flamethrower|p1a: Arceus\n|-resisted|p1a: Arceus\n|-damage|p1a: Arceus|82/100 brn\n|\n|-damage|p1a: Arceus|76/100 brn|[from] brn\n|upkeep\n|turn|32\n|inactive|Time left: 300 sec this turn | 300 sec total\n|\n|t:|1783534269\n|move|p1a: Arceus|Ice Beam|p2a: Volcanion\n|-resisted|p2a: Volcanion\n|-damage|p2a: Volcanion|118/256\n|-status|p2a: Volcanion|frz\n|-curestatus|p2a: Volcanion|frz|[from] move: Steam Eruption\n|move|p2a: Volcanion|Steam Eruption|p1a: Arceus\n|-resisted|p1a: Arceus\n|-crit|p1a: Arceus\n|-damage|p1a: Arceus|47/100 brn\n|\n|-damage|p1a: Arceus|40/100 brn|[from] brn\n|upkeep\n|turn|33\n|inactive|Time left: 300 sec this turn | 300 sec total\n|\n|t:|1783534270\n|move|p1a: Arceus|Recover|p1a: Arceus\n|-heal|p1a: Arceus|90/100 brn\n|move|p2a: Volcanion|Steam Eruption|p1a: Arceus\n|-resisted|p1a: Arceus\n|-damage|p1a: Arceus|78/100 brn\n|\n|-damage|p1a: Arceus|71/100 brn|[from] brn\n|upkeep\n|turn|34\n|inactive|Time left: 300 sec this turn | 300 sec total\n|\n|t:|1783534271\n|move|p1a: Arceus|Ice Beam|p2a: Volcanion\n|-resisted|p2a: Volcanion\n|-damage|p2a: Volcanion|96/256\n|move|p2a: Volcanion|Flamethrower|p1a: Arceus\n|-resisted|p1a: Arceus\n|-damage|p1a: Arceus|59/100 brn\n|\n|-damage|p1a: Arceus|53/100 brn|[from] brn\n|upkeep\n|turn|35\n|inactive|Time left: 300 sec this turn | 300 sec total\n|\n|t:|1783534272\n|move|p1a: Arceus|Ice Beam|p2a: Volcanion\n|-resisted|p2a: Volcanion\n|-damage|p2a: Volcanion|75/256\n|move|p2a: Volcanion|Flamethrower|p1a: Arceus\n|-resisted|p1a: Arceus\n|-damage|p1a: Arceus|40/100 brn\n|\n|-damage|p1a: Arceus|34/100 brn|[from] brn\n|upkeep\n|turn|36\n|inactive|Time left: 300 sec this turn | 300 sec total\n|\n|t:|1783534272\n|move|p1a: Arceus|Ice Beam|p2a: Volcanion\n|-resisted|p2a: Volcanion\n|-damage|p2a: Volcanion|52/256\n|move|p2a: Volcanion|Flamethrower|p1a: Arceus\n|-resisted|p1a: Arceus\n|-damage|p1a: Arceus|22/100 brn\n|\n|-damage|p1a: Arceus|16/100 brn|[from] brn\n|upkeep\n|turn|37\n|inactive|Time left: 300 sec this turn | 300 sec total\n|\n|t:|1783534273\n|move|p1a: Arceus|Ice Beam|p2a: Volcanion\n|-resisted|p2a: Volcanion\n|-damage|p2a: Volcanion|30/256\n|move|p2a: Volcanion|Flamethrower|p1a: Arceus\n|-resisted|p1a: Arceus\n|-damage|p1a: Arceus|5/100 brn\n|\n|-damage|p1a: Arceus|0 fnt|[from] brn\n|faint|p1a: Arceus\n|upkeep\n|\n|t:|1783534274\n|switch|p1a: Zacian|Zacian, L69|100/100\n|-damage|p1a: Zacian|88/100|[from] Stealth Rock\n|-ability|p1a: Zacian|Intrepid Sword|boost\n|-boost|p1a: Zacian|atk|1\n|turn|38\n|inactive|Time left: 300 sec this turn | 300 sec total\n|\n|t:|1783534275\n|move|p1a: Zacian|Play Rough|p2a: Volcanion\n|-resisted|p2a: Volcanion\n|-damage|p2a: Volcanion|0 fnt\n|faint|p2a: Volcanion\n|-damage|p1a: Zacian|78/100|[from] item: Life Orb\n|\n|upkeep\n|inactive|Time left: 300 sec this turn | 300 sec total | 5 sec grace\n|\n|t:|1783534276\n|switch|p2a: Kricketune|Kricketune, L99, M|312/312\n|turn|39\n|inactive|Time left: 300 sec this turn | 300 sec total\n|\n|t:|1783534277\n|move|p1a: Zacian|Swords Dance|p1a: Zacian\n|-boost|p1a: Zacian|atk|2\n|move|p2a: Kricketune|Sticky Web|p1a: Zacian\n|-sidestart|p1: p0x08545ff|move: Sticky Web\n|\n|upkeep\n|turn|40\n|inactive|Time left: 300 sec this turn | 300 sec total\n|\n|t:|1783534278\n|move|p1a: Zacian|Play Rough|p2a: Kricketune\n|-damage|p2a: Kricketune|10/312\n|-damage|p1a: Zacian|68/100|[from] item: Life Orb\n|move|p2a: Kricketune|Pounce|p1a: Zacian\n|-resisted|p1a: Zacian\n|-damage|p1a: Zacian|47/100\n|-unboost|p1a: Zacian|spe|1\n|\n|upkeep\n|turn|41\n|inactive|Time left: 300 sec this turn | 300 sec total\n|\n|t:|1783534279\n|move|p2a: Kricketune|Pounce|p1a: Zacian\n|-resisted|p1a: Zacian\n|-damage|p1a: Zacian|26/100\n|-unboost|p1a: Zacian|spe|1\n|move|p1a: Zacian|Psychic Fangs|p2a: Kricketune\n|-damage|p2a: Kricketune|0 fnt\n|faint|p2a: Kricketune\n|-damage|p1a: Zacian|16/100|[from] item: Life Orb\n|\n|upkeep\n|inactive|Time left: 300 sec this turn | 300 sec total | 5 sec grace\n|\n|t:|1783534280\n|switch|p2a: Pelipper|Pelipper, L86, M|243/243\n|-weather|RainDance|[from] ability: Drizzle|[of] p2a: Pelipper\n|turn|42\n|inactive|Time left: 300 sec this turn | 300 sec total\n|\n|t:|1783534282\n|move|p2a: Pelipper|Surf|p1a: Zacian\n|-damage|p1a: Zacian|0 fnt\n|faint|p1a: Zacian\n|\n|-weather|RainDance|[upkeep]\n|upkeep\n|\n|t:|1783534283\n|switch|p1a: Gurdurr|Gurdurr, L85, M|100/100\n|-damage|p1a: Gurdurr|94/100|[from] Stealth Rock\n|-activate|p1a: Gurdurr|move: Sticky Web\n|-unboost|p1a: Gurdurr|spe|1\n|turn|43\n|inactive|Time left: 300 sec this turn | 300 sec total\n|\n|t:|1783534284\n|move|p2a: Pelipper|Hurricane|p1a: Gurdurr\n|-supereffective|p1a: Gurdurr\n|-damage|p1a: Gurdurr|9/100\n|-start|p1a: Gurdurr|confusion\n|-activate|p1a: Gurdurr|confusion\n|move|p1a: Gurdurr|Defog|p2a: Pelipper\n|-unboost|p2a: Pelipper|evasion|1\n|-sideend|p1: p0x08545ff|Stealth Rock|[from] move: Defog|[of] p1a: Gurdurr\n|-sideend|p1: p0x08545ff|Sticky Web|[from] move: Defog|[of] p1a: Gurdurr\n|\n|-weather|RainDance|[upkeep]\n|upkeep\n|turn|44\n|inactive|Time left: 300 sec this turn | 300 sec total\n|\n|t:|1783534285\n|move|p2a: Pelipper|Surf|p1a: Gurdurr\n|-damage|p1a: Gurdurr|0 fnt\n|faint|p1a: Gurdurr\n|\n|-weather|RainDance|[upkeep]\n|upkeep\n|\n|t:|1783534286\n|switch|p1a: Copperajah|Copperajah, L86, M|94/100\n|turn|45\n|inactive|Time left: 300 sec this turn | 300 sec total\n|\n|t:|1783534287\n|move|p2a: Pelipper|Surf|p1a: Copperajah\n|-damage|p1a: Copperajah|44/100\n|move|p1a: Copperajah|Stone Edge|p2a: Pelipper\n|-supereffective|p2a: Pelipper\n|-damage|p2a: Pelipper|0 fnt\n|faint|p2a: Pelipper\n|\n|-weather|RainDance|[upkeep]\n|upkeep\n|inactive|Time left: 300 sec this turn | 300 sec total | 5 sec grace\n|\n|t:|1783534289\n|switch|p2a: Archaludon|Archaludon, L78, F|268/268\n|turn|46\n|inactive|Time left: 300 sec this turn | 300 sec total\n|\n|t:|1783534290\n|switch|p1a: Skarmory|Skarmory, L80, F|100/100\n|move|p2a: Archaludon|Flash Cannon|p1a: Skarmory\n|-resisted|p1a: Skarmory\n|-damage|p1a: Skarmory|75/100\n|\n|-weather|none\n|upkeep\n|turn|47\n|inactive|Time left: 300 sec this turn | 300 sec total\n|\n|t:|1783534291\n|move|p2a: Archaludon|Flash Cannon|p1a: Skarmory\n|-resisted|p1a: Skarmory\n|-damage|p1a: Skarmory|49/100\n|move|p1a: Skarmory|Roost|p1a: Skarmory\n|-heal|p1a: Skarmory|99/100\n|-singleturn|p1a: Skarmory|move: Roost\n|\n|upkeep\n|turn|48\n|inactive|Time left: 300 sec this turn | 300 sec total\n|\n|t:|1783534292\n|move|p2a: Archaludon|Flash Cannon|p1a: Skarmory\n|-resisted|p1a: Skarmory\n|-damage|p1a: Skarmory|76/100\n|move|p1a: Skarmory|Roost|p1a: Skarmory\n|-heal|p1a: Skarmory|100/100\n|-singleturn|p1a: Skarmory|move: Roost\n|\n|upkeep\n|turn|49\n|inactive|Time left: 300 sec this turn | 300 sec total\n|\n|t:|1783534293\n|move|p2a: Archaludon|Flash Cannon|p1a: Skarmory\n|-resisted|p1a: Skarmory\n|-damage|p1a: Skarmory|78/100\n|move|p1a: Skarmory|Roost|p1a: Skarmory\n|-heal|p1a: Skarmory|100/100\n|-singleturn|p1a: Skarmory|move: Roost\n|\n|upkeep\n|turn|50\n|inactive|Time left: 300 sec this turn | 300 sec total\n|\n|t:|1783534295\n|move|p2a: Archaludon|Flash Cannon|p1a: Skarmory\n|-resisted|p1a: Skarmory\n|-damage|p1a: Skarmory|76/100\n|-unboost|p1a: Skarmory|spd|1\n|move|p1a: Skarmory|Body Press|p2a: Archaludon\n|-supereffective|p2a: Archaludon\n|-damage|p2a: Archaludon|156/268\n|-ability|p2a: Archaludon|Stamina|boost\n|-boost|p2a: Archaludon|def|1\n|\n|upkeep\n|turn|51\n|inactive|Time left: 300 sec this turn | 300 sec total\n|\n|t:|1783534296\n|switch|p1a: Meowstic|Meowstic, L89, M|78/100\n|move|p2a: Archaludon|Flash Cannon|p1a: Meowstic\n|-damage|p1a: Meowstic|44/100\n|\n|-heal|p1a: Meowstic|50/100|[from] item: Leftovers\n|upkeep\n|turn|52\n|inactive|Time left: 300 sec this turn | 300 sec total\n|\n|t:|1783534297\n|move|p1a: Meowstic|Thunder Wave|p2a: Archaludon\n|-status|p2a: Archaludon|par\n|move|p2a: Archaludon|Flash Cannon|p1a: Meowstic\n|-crit|p1a: Meowstic\n|-damage|p1a: Meowstic|4/100\n|\n|-heal|p1a: Meowstic|10/100|[from] item: Leftovers\n|upkeep\n|turn|53\n|inactive|Time left: 300 sec this turn | 300 sec total\n|\n|t:|1783534298\n|move|p1a: Meowstic|Alluring Voice|p2a: Archaludon\n|-damage|p2a: Archaludon|106/268 par\n|-ability|p2a: Archaludon|Stamina|boost\n|-boost|p2a: Archaludon|def|1\n|cant|p2a: Archaludon|par\n|\n|-heal|p1a: Meowstic|16/100|[from] item: Leftovers\n|upkeep\n|turn|54\n|inactive|Time left: 300 sec this turn | 300 sec total\n|\n|t:|1783534299\n|move|p1a: Meowstic|Psychic Noise|p2a: Archaludon\n|-resisted|p2a: Archaludon\n|-damage|p2a: Archaludon|73/268 par\n|-start|p2a: Archaludon|move: Heal Block\n|-ability|p2a: Archaludon|Stamina|boost\n|-boost|p2a: Archaludon|def|1\n|move|p2a: Archaludon|Body Press|p1a: Meowstic\n|-resisted|p1a: Meowstic\n|-damage|p1a: Meowstic|0 fnt\n|faint|p1a: Meowstic\n|\n|upkeep\n|\n|t:|1783534300\n|switch|p1a: Copperajah|Copperajah, L86, M|44/100\n|turn|55\n|inactive|Time left: 300 sec this turn | 300 sec total\n|\n|t:|1783534301\n|-terastallize|p2a: Archaludon|Fighting\n|move|p1a: Copperajah|Earthquake|p2a: Archaludon\n|-damage|p2a: Archaludon|25/268 par\n|-ability|p2a: Archaludon|Stamina|boost\n|-boost|p2a: Archaludon|def|1\n|move|p2a: Archaludon|Body Press|p1a: Copperajah\n|-supereffective|p1a: Copperajah\n|-damage|p1a: Copperajah|0 fnt\n|faint|p1a: Copperajah\n|\n|-end|p2a: Archaludon|move: Heal Block\n|upkeep\n|\n|t:|1783534302\n|switch|p1a: Skarmory|Skarmory, L80, F|76/100\n|turn|56\n|inactive|Time left: 300 sec this turn | 300 sec total\n|\n|t:|1783534303\n|move|p1a: Skarmory|Brave Bird|p2a: Archaludon\n|-supereffective|p2a: Archaludon\n|-damage|p2a: Archaludon|0 fnt\n|faint|p2a: Archaludon\n|-damage|p1a: Skarmory|72/100|[from] Recoil\n|\n|upkeep\n|inactive|Time left: 300 sec this turn | 300 sec total | 5 sec grace\n|\n|t:|1783534304\n|switch|p2a: Terapagos|Terapagos, L77, M|265/265\n|-activate|p2a: Terapagos|ability: Tera Shift\n|detailschange|p2a: Terapagos|Terapagos-Terastal, L77, M\n|-heal|p2a: Terapagos|273/273|[silent]\n|turn|57\n|inactive|Time left: 300 sec this turn | 300 sec total\n|\n|t:|1783534305\n|move|p2a: Terapagos|Calm Mind|p2a: Terapagos\n|-boost|p2a: Terapagos|spa|1\n|-boost|p2a: Terapagos|spd|1\n|move|p1a: Skarmory|Roost|p1a: Skarmory\n|-heal|p1a: Skarmory|100/100\n|-singleturn|p1a: Skarmory|move: Roost\n|\n|upkeep\n|turn|58\n|inactive|Time left: 300 sec this turn | 300 sec total\n|\n|t:|1783534306\n|move|p2a: Terapagos|Tera Starstorm|p1a: Skarmory\n|-resisted|p1a: Skarmory\n|-damage|p1a: Skarmory|58/100\n|move|p1a: Skarmory|Roost|p1a: Skarmory\n|-heal|p1a: Skarmory|100/100\n|-singleturn|p1a: Skarmory|move: Roost\n|\n|upkeep\n|turn|59\n|inactive|Time left: 300 sec this turn | 300 sec total\n|\n|t:|1783534307\n|move|p2a: Terapagos|Tera Starstorm|p1a: Skarmory\n|-resisted|p1a: Skarmory\n|-damage|p1a: Skarmory|58/100\n|move|p1a: Skarmory|Roost|p1a: Skarmory\n|-heal|p1a: Skarmory|100/100\n|-singleturn|p1a: Skarmory|move: Roost\n|\n|upkeep\n|turn|60\n|inactive|Time left: 300 sec this turn | 300 sec total\n|\n|t:|1783534308\n|move|p2a: Terapagos|Tera Starstorm|p1a: Skarmory\n|-resisted|p1a: Skarmory\n|-damage|p1a: Skarmory|58/100\n|move|p1a: Skarmory|Roost|p1a: Skarmory\n|-heal|p1a: Skarmory|100/100\n|-singleturn|p1a: Skarmory|move: Roost\n|\n|upkeep\n|turn|61\n|inactive|Time left: 300 sec this turn | 300 sec total\n|\n|t:|1783534309\n|move|p2a: Terapagos|Tera Starstorm|p1a: Skarmory\n|-resisted|p1a: Skarmory\n|-damage|p1a: Skarmory|54/100\n|move|p1a: Skarmory|Body Press|p2a: Terapagos\n|-activate|p2a: Terapagos|ability: Tera Shell\n|-resisted|p2a: Terapagos\n|-damage|p2a: Terapagos|243/273\n|\n|upkeep\n|turn|62\n|inactive|Time left: 300 sec this turn | 300 sec total\n|\n|t:|1783534310\n|move|p2a: Terapagos|Tera Starstorm|p1a: Skarmory\n|-resisted|p1a: Skarmory\n|-damage|p1a: Skarmory|13/100\n|move|p1a: Skarmory|Roost|p1a: Skarmory\n|-heal|p1a: Skarmory|63/100\n|-singleturn|p1a: Skarmory|move: Roost\n|\n|upkeep\n|turn|63\n|inactive|Time left: 300 sec this turn | 300 sec total\n|\n|t:|1783534311\n|move|p2a: Terapagos|Tera Starstorm|p1a: Skarmory\n|-resisted|p1a: Skarmory\n|-damage|p1a: Skarmory|21/100\n|move|p1a: Skarmory|Stealth Rock|p2a: Terapagos\n|-sidestart|p2: p0y0852f5a|move: Stealth Rock\n|\n|upkeep\n|turn|64\n|inactive|Time left: 300 sec this turn | 300 sec total\n|\n|t:|1783534311\n|move|p2a: Terapagos|Dark Pulse|p1a: Skarmory\n|-damage|p1a: Skarmory|0 fnt\n|faint|p1a: Skarmory\n|\n|win|p0y0852f5a", "uploadtime": 1783534311, "views": 0, "rating": 0, "private": 0, "password": null, "_winner": "p0y0852f5a", "_our_name": "p0y0852f5a"}