{"id": "battle-gen9randombattle-2190", "formatid": "gen9randombattle", "format": "[Gen 9] Random Battle", "players": ["p0x2190a480", "p0y2190662e"], "log": "|init|battle\n|title|p0x2190a480 vs. p0y2190662e\n|j|\u2606p0x2190a480\n|j|\u2606p0y2190662e\n|t:|1783564479\n|gametype|singles\n|player|p1|p0x2190a480|169|\n|player|p2|p0y2190662e|1|\n|gen|9\n|tier|[Gen 9] Random Battle\n|rule|Species Clause: Limit one of each Pok\u00e9mon\n|rule|HP Percentage Mod: HP is shown in percentages\n|rule|Sleep Clause Mod: Limit one foe put to sleep\n|rule|Illusion Level Mod: Illusion disguises the Pok\u00e9mon's true level\n|\n|t:|1783564479\n|teamsize|p1|6\n|teamsize|p2|6\n|start\n|switch|p1a: Tropius|Tropius, L91, M|328/328\n|switch|p2a: Espathra|Espathra, L80, F|100/100\n|turn|1\n|inactive|Battle timer is ON: inactive players will automatically lose when time's up. (requested by p0y2190662e)\n|inactive|Time left: 300 sec this turn | 300 sec total | 60 sec grace\n|inactive|p0x2190a480 also wants the timer to be on.\n|\n|t:|1783564480\n|move|p2a: Espathra|Lumina Crash|p1a: Tropius\n|-damage|p1a: Tropius|213/328\n|-unboost|p1a: Tropius|spd|2\n|move|p1a: Tropius|Dragon Dance|p1a: Tropius\n|-boost|p1a: Tropius|atk|1\n|-boost|p1a: Tropius|spe|1\n|\n|-ability|p2a: Espathra|Speed Boost|boost\n|-boost|p2a: Espathra|spe|1\n|upkeep\n|turn|2\n|inactive|Time left: 300 sec this turn | 300 sec total\n|\n|t:|1783564482\n|switch|p1a: Wyrdeer|Wyrdeer, L87, M|321/321\n|-ability|p1a: Wyrdeer|Intimidate|boost\n|-unboost|p2a: Espathra|atk|1\n|move|p2a: Espathra|Lumina Crash|p1a: Wyrdeer\n|-resisted|p1a: Wyrdeer\n|-damage|p1a: Wyrdeer|260/321\n|-unboost|p1a: Wyrdeer|spd|2\n|\n|-heal|p1a: Wyrdeer|280/321|[from] item: Leftovers\n|-ability|p2a: Espathra|Speed Boost|boost\n|-boost|p2a: Espathra|spe|1\n|upkeep\n|turn|3\n|inactive|Time left: 300 sec this turn | 300 sec total\n|\n|t:|1783564483\n|move|p2a: Espathra|Lumina Crash|p1a: Wyrdeer\n|-resisted|p1a: Wyrdeer\n|-damage|p1a: Wyrdeer|144/321\n|-unboost|p1a: Wyrdeer|spd|2\n|move|p1a: Wyrdeer|Megahorn|p2a: Espathra\n|-supereffective|p2a: Espathra\n|-damage|p2a: Espathra|10/100\n|\n|-heal|p1a: Wyrdeer|164/321|[from] item: Leftovers\n|-ability|p2a: Espathra|Speed Boost|boost\n|-boost|p2a: Espathra|spe|1\n|upkeep\n|turn|4\n|inactive|Time left: 300 sec this turn | 300 sec total\n|\n|t:|1783564484\n|switch|p1a: Latias|Latias, L79, F|256/256\n|move|p2a: Espathra|Lumina Crash|p1a: Latias\n|-resisted|p1a: Latias\n|-damage|p1a: Latias|212/256\n|-unboost|p1a: Latias|spd|2\n|\n|-ability|p2a: Espathra|Speed Boost|boost\n|-boost|p2a: Espathra|spe|1\n|upkeep\n|turn|5\n|inactive|Time left: 300 sec this turn | 300 sec total\n|\n|t:|1783564485\n|move|p2a: Espathra|Lumina Crash|p1a: Latias\n|-resisted|p1a: Latias\n|-crit|p1a: Latias\n|-damage|p1a: Latias|74/256\n|-unboost|p1a: Latias|spd|2\n|move|p1a: Latias|Psyshock|p2a: Espathra\n|-resisted|p2a: Espathra\n|-damage|p2a: Espathra|0 fnt\n|faint|p2a: Espathra\n|\n|upkeep\n|\n|t:|1783564486\n|switch|p2a: Torterra|Torterra, L78, M|100/100\n|turn|6\n|inactive|Time left: 300 sec this turn | 300 sec total\n|\n|t:|1783564487\n|move|p1a: Latias|Recover|p1a: Latias\n|-heal|p1a: Latias|202/256\n|move|p2a: Torterra|Shell Smash|p2a: Torterra\n|-unboost|p2a: Torterra|def|1\n|-unboost|p2a: Torterra|spd|1\n|-boost|p2a: Torterra|atk|2\n|-boost|p2a: Torterra|spa|2\n|-boost|p2a: Torterra|spe|2\n|\n|upkeep\n|turn|7\n|inactive|Time left: 300 sec this turn | 300 sec total\n|\n|t:|1783564488\n|move|p2a: Torterra|Rock Blast|p1a: Latias\n|-damage|p1a: Latias|165/256\n|-damage|p1a: Latias|130/256\n|-damage|p1a: Latias|92/256\n|-damage|p1a: Latias|59/256\n|-hitcount|p1a: Latias|4\n|move|p1a: Latias|Draco Meteor|p2a: Torterra\n|-damage|p2a: Torterra|0 fnt\n|-unboost|p1a: Latias|spa|2\n|faint|p2a: Torterra\n|\n|upkeep\n|\n|t:|1783564489\n|switch|p2a: Reuniclus|Reuniclus, L88, F|100/100\n|turn|8\n|inactive|Time left: 300 sec this turn | 300 sec total\n|\n|t:|1783564489\n|switch|p1a: Wyrdeer|Wyrdeer, L87, M|164/321\n|-ability|p1a: Wyrdeer|Intimidate|boost\n|-unboost|p2a: Reuniclus|atk|1\n|move|p2a: Reuniclus|Calm Mind|p2a: Reuniclus\n|-boost|p2a: Reuniclus|spa|1\n|-boost|p2a: Reuniclus|spd|1\n|\n|-heal|p1a: Wyrdeer|184/321|[from] item: Leftovers\n|upkeep\n|turn|9\n|inactive|Time left: 300 sec this turn | 300 sec total\n|\n|t:|1783564490\n|move|p1a: Wyrdeer|Megahorn|p2a: Reuniclus|[miss]\n|-miss|p1a: Wyrdeer|p2a: Reuniclus\n|move|p2a: Reuniclus|Focus Blast|p1a: Wyrdeer\n|-damage|p1a: Wyrdeer|0 fnt\n|faint|p1a: Wyrdeer\n|\n|upkeep\n|inactive|Time left: 300 sec this turn | 300 sec total | 5 sec grace\n|\n|t:|1783564491\n|switch|p1a: Latias|Latias, L79, F|59/256\n|turn|10\n|inactive|Time left: 300 sec this turn | 300 sec total\n|\n|t:|1783564492\n|move|p1a: Latias|Recover|p1a: Latias\n|-heal|p1a: Latias|187/256\n|move|p2a: Reuniclus|Psyshock|p1a: Latias\n|-resisted|p1a: Latias\n|-damage|p1a: Latias|67/256\n|\n|upkeep\n|turn|11\n|inactive|Time left: 300 sec this turn | 300 sec total\n|\n|t:|1783564493\n|move|p1a: Latias|Recover|p1a: Latias\n|-heal|p1a: Latias|195/256\n|move|p2a: Reuniclus|Psyshock|p1a: Latias\n|-resisted|p1a: Latias\n|-damage|p1a: Latias|74/256\n|\n|upkeep\n|turn|12\n|inactive|Time left: 300 sec this turn | 300 sec total\n|\n|t:|1783564493\n|move|p1a: Latias|Recover|p1a: Latias\n|-heal|p1a: Latias|202/256\n|move|p2a: Reuniclus|Psyshock|p1a: Latias\n|-resisted|p1a: Latias\n|-damage|p1a: Latias|80/256\n|\n|upkeep\n|turn|13\n|inactive|Time left: 300 sec this turn | 300 sec total\n|\n|t:|1783564494\n|move|p1a: Latias|Recover|p1a: Latias\n|-heal|p1a: Latias|208/256\n|move|p2a: Reuniclus|Psyshock|p1a: Latias\n|-resisted|p1a: Latias\n|-damage|p1a: Latias|101/256\n|\n|upkeep\n|turn|14\n|inactive|Time left: 300 sec this turn | 300 sec total\n|\n|t:|1783564495\n|move|p1a: Latias|Recover|p1a: Latias\n|-heal|p1a: Latias|229/256\n|move|p2a: Reuniclus|Psyshock|p1a: Latias\n|-resisted|p1a: Latias\n|-damage|p1a: Latias|116/256\n|\n|upkeep\n|turn|15\n|inactive|Time left: 300 sec this turn | 300 sec total\n|\n|t:|1783564496\n|move|p1a: Latias|Recover|p1a: Latias\n|-heal|p1a: Latias|244/256\n|move|p2a: Reuniclus|Calm Mind|p2a: Reuniclus\n|-boost|p2a: Reuniclus|spa|1\n|-boost|p2a: Reuniclus|spd|1\n|\n|upkeep\n|turn|16\n|inactive|Time left: 300 sec this turn | 300 sec total\n|\n|t:|1783564496\n|move|p1a: Latias|Calm Mind|p1a: Latias\n|-boost|p1a: Latias|spa|1\n|-boost|p1a: Latias|spd|1\n|move|p2a: Reuniclus|Psyshock|p1a: Latias\n|-resisted|p1a: Latias\n|-damage|p1a: Latias|83/256\n|\n|upkeep\n|turn|17\n|inactive|Time left: 300 sec this turn | 300 sec total\n|\n|t:|1783564497\n|move|p1a: Latias|Recover|p1a: Latias\n|-heal|p1a: Latias|211/256\n|move|p2a: Reuniclus|Psyshock|p1a: Latias\n|-resisted|p1a: Latias\n|-crit|p1a: Latias\n|-damage|p1a: Latias|0 fnt\n|faint|p1a: Latias\n|\n|upkeep\n|inactive|Time left: 300 sec this turn | 300 sec total | 5 sec grace\n|\n|t:|1783564498\n|switch|p1a: Muk|Muk, L86, F|321/321\n|turn|18\n|inactive|Time left: 300 sec this turn | 300 sec total\n|\n|t:|1783564499\n|-terastallize|p1a: Muk|Dark\n|move|p1a: Muk|Knock Off|p2a: Reuniclus\n|-supereffective|p2a: Reuniclus\n|-damage|p2a: Reuniclus|29/100\n|-enditem|p2a: Reuniclus|Life Orb|[from] move: Knock Off|[of] p1a: Muk\n|move|p2a: Reuniclus|Focus Blast|p1a: Muk\n|-supereffective|p1a: Muk\n|-damage|p1a: Muk|0 fnt\n|faint|p1a: Muk\n|\n|upkeep\n|inactive|Time left: 300 sec this turn | 300 sec total | 5 sec grace\n|\n|t:|1783564500\n|switch|p1a: Ariados|Ariados, L95, M|287/287\n|turn|19\n|inactive|Time left: 300 sec this turn | 300 sec total\n|\n|t:|1783564501\n|-terastallize|p2a: Reuniclus|Steel\n|move|p1a: Ariados|Sticky Web|p2a: Reuniclus\n|-sidestart|p2: p0y2190662e|move: Sticky Web\n|move|p2a: Reuniclus|Recover|p2a: Reuniclus\n|-heal|p2a: Reuniclus|79/100\n|\n|upkeep\n|turn|20\n|inactive|Time left: 300 sec this turn | 300 sec total\n|\n|t:|1783564502\n|switch|p1a: Greedent|Greedent, L86, F|347/347\n|move|p2a: Reuniclus|Psyshock|p1a: Greedent\n|-damage|p1a: Greedent|125/347\n|-enditem|p1a: Greedent|Sitrus Berry|[eat]\n|-heal|p1a: Greedent|211/347|[from] item: Sitrus Berry\n|-heal|p1a: Greedent|326/347|[from] ability: Cheek Pouch\n|\n|upkeep\n|turn|21\n|inactive|Time left: 300 sec this turn | 300 sec total\n|\n|t:|1783564503\n|switch|p1a: Tropius|Tropius, L91, M|213/328\n|move|p2a: Reuniclus|Focus Blast|p1a: Tropius\n|-resisted|p1a: Tropius\n|-damage|p1a: Tropius|105/328\n|-enditem|p1a: Tropius|Sitrus Berry|[eat]\n|-heal|p1a: Tropius|187/328|[from] item: Sitrus Berry\n|\n|-item|p1a: Tropius|Sitrus Berry|[from] ability: Harvest\n|upkeep\n|turn|22\n|inactive|Time left: 300 sec this turn | 300 sec total\n|\n|t:|1783564504\n|move|p1a: Tropius|Earthquake|p2a: Reuniclus\n|-supereffective|p2a: Reuniclus\n|-damage|p2a: Reuniclus|40/100\n|move|p2a: Reuniclus|Psyshock|p1a: Tropius\n|-damage|p1a: Tropius|0 fnt\n|faint|p1a: Tropius\n|\n|upkeep\n|inactive|Time left: 300 sec this turn | 300 sec total | 5 sec grace\n|\n|t:|1783564504\n|switch|p1a: Greedent|Greedent, L86, F|326/347\n|turn|23\n|inactive|Time left: 300 sec this turn | 300 sec total\n|\n|t:|1783564505\n|move|p2a: Reuniclus|Focus Blast|p1a: Greedent\n|-supereffective|p1a: Greedent\n|-damage|p1a: Greedent|0 fnt\n|faint|p1a: Greedent\n|\n|upkeep\n|inactive|Time left: 300 sec this turn | 300 sec total | 5 sec grace\n|\n|t:|1783564506\n|switch|p1a: Ariados|Ariados, L95, M|287/287\n|turn|24\n|inactive|Time left: 300 sec this turn | 300 sec total\n|\n|t:|1783564507\n|move|p1a: Ariados|Poison Jab|p2a: Reuniclus\n|-immune|p2a: Reuniclus\n|move|p2a: Reuniclus|Psyshock|p1a: Ariados\n|-supereffective|p1a: Ariados\n|-damage|p1a: Ariados|0 fnt\n|faint|p1a: Ariados\n|\n|win|p0y2190662e", "uploadtime": 1783564507, "views": 0, "rating": 0, "private": 0, "password": null, "_winner": "p0y2190662e", "_our_name": "p0x2190a480"}