{"id": "battle-gen9randombattle-678", "formatid": "gen9randombattle", "format": "[Gen 9] Random Battle", "players": ["p0x6785a91", "p0y67855b2"], "log": "|init|battle\n|title|p0x6785a91 vs. p0y67855b2\n|j|\u2606p0x6785a91\n|j|\u2606p0y67855b2\n|t:|1783547686\n|gametype|singles\n|player|p1|p0x6785a91|1|\n|player|p2|p0y67855b2|266|\n|gen|9\n|tier|[Gen 9] Random Battle\n|rule|Species Clause: Limit one of each Pok\u00e9mon\n|rule|HP Percentage Mod: HP is shown in percentages\n|rule|Sleep Clause Mod: Limit one foe put to sleep\n|rule|Illusion Level Mod: Illusion disguises the Pok\u00e9mon's true level\n|\n|t:|1783547686\n|teamsize|p1|6\n|teamsize|p2|6\n|start\n|switch|p1a: Glastrier|Glastrier, L86|312/312\n|switch|p2a: Ting-Lu|Ting-Lu, L78|100/100\n|-ability|p2a: Ting-Lu|Vessel of Ruin\n|turn|1\n|inactive|Battle timer is ON: inactive players will automatically lose when time's up. (requested by p0y67855b2)\n|inactive|Time left: 300 sec this turn | 300 sec total | 60 sec grace\n|inactive|p0x6785a91 also wants the timer to be on.\n|\n|t:|1783547688\n|move|p2a: Ting-Lu|Spikes|p1a: Glastrier\n|-sidestart|p1: p0x6785a91|Spikes\n|move|p1a: Glastrier|Icicle Crash|p2a: Ting-Lu\n|-supereffective|p2a: Ting-Lu\n|-damage|p2a: Ting-Lu|39/100\n|\n|-heal|p2a: Ting-Lu|45/100|[from] item: Leftovers\n|upkeep\n|turn|2\n|inactive|Time left: 300 sec this turn | 300 sec total\n|\n|t:|1783547689\n|move|p2a: Ting-Lu|Spikes|p1a: Glastrier\n|-sidestart|p1: p0x6785a91|Spikes\n|move|p1a: Glastrier|Icicle Crash|p2a: Ting-Lu\n|-supereffective|p2a: Ting-Lu\n|-damage|p2a: Ting-Lu|0 fnt\n|faint|p2a: Ting-Lu\n|-ability|p1a: Glastrier|Chilling Neigh|boost\n|-boost|p1a: Glastrier|atk|1\n|\n|upkeep\n|\n|t:|1783547690\n|switch|p2a: Inteleon|Inteleon, L81, F|100/100\n|turn|3\n|inactive|Time left: 300 sec this turn | 300 sec total\n|\n|t:|1783547691\n|move|p2a: Inteleon|Scald|p1a: Glastrier\n|-damage|p1a: Glastrier|195/312\n|-status|p1a: Glastrier|brn\n|move|p1a: Glastrier|High Horsepower|p2a: Inteleon\n|-damage|p2a: Inteleon|64/100\n|\n|-damage|p1a: Glastrier|176/312 brn|[from] brn\n|upkeep\n|turn|4\n|inactive|Time left: 300 sec this turn | 300 sec total\n|\n|t:|1783547692\n|move|p2a: Inteleon|Scald|p1a: Glastrier\n|-damage|p1a: Glastrier|55/312 brn\n|move|p1a: Glastrier|High Horsepower|p2a: Inteleon\n|-crit|p2a: Inteleon\n|-damage|p2a: Inteleon|3/100\n|\n|-damage|p1a: Glastrier|36/312 brn|[from] brn\n|upkeep\n|turn|5\n|inactive|Time left: 300 sec this turn | 300 sec total\n|\n|t:|1783547693\n|move|p2a: Inteleon|Scald|p1a: Glastrier\n|-damage|p1a: Glastrier|0 fnt\n|faint|p1a: Glastrier\n|\n|upkeep\n|inactive|Time left: 300 sec this turn | 300 sec total | 5 sec grace\n|\n|t:|1783547694\n|switch|p1a: Exeggutor|Exeggutor, L89, M|312/312\n|-damage|p1a: Exeggutor|260/312|[from] Spikes\n|turn|6\n|inactive|Time left: 300 sec this turn | 300 sec total\n|\n|t:|1783547695\n|move|p2a: Inteleon|Scald|p1a: Exeggutor\n|-resisted|p1a: Exeggutor\n|-damage|p1a: Exeggutor|153/312\n|-enditem|p1a: Exeggutor|Sitrus Berry|[eat]\n|-heal|p1a: Exeggutor|231/312|[from] item: Sitrus Berry\n|move|p1a: Exeggutor|Calm Mind|p1a: Exeggutor\n|-boost|p1a: Exeggutor|spa|1\n|-boost|p1a: Exeggutor|spd|1\n|\n|-item|p1a: Exeggutor|Sitrus Berry|[from] ability: Harvest\n|upkeep\n|turn|7\n|inactive|Time left: 300 sec this turn | 300 sec total\n|\n|t:|1783547696\n|move|p2a: Inteleon|Scald|p1a: Exeggutor\n|-resisted|p1a: Exeggutor\n|-damage|p1a: Exeggutor|154/312\n|-enditem|p1a: Exeggutor|Sitrus Berry|[eat]\n|-heal|p1a: Exeggutor|232/312|[from] item: Sitrus Berry\n|move|p1a: Exeggutor|Psychic|p2a: Inteleon\n|-damage|p2a: Inteleon|0 fnt\n|faint|p2a: Inteleon\n|\n|-item|p1a: Exeggutor|Sitrus Berry|[from] ability: Harvest\n|upkeep\n|\n|t:|1783547698\n|switch|p2a: Bombirdier|Bombirdier, L85, M|100/100\n|turn|8\n|inactive|Time left: 300 sec this turn | 300 sec total\n|\n|t:|1783547699\n|-terastallize|p1a: Exeggutor|Steel\n|move|p2a: Bombirdier|Knock Off|p1a: Exeggutor\n|-damage|p1a: Exeggutor|115/312\n|-enditem|p1a: Exeggutor|Sitrus Berry|[from] move: Knock Off|[of] p2a: Bombirdier\n|move|p1a: Exeggutor|Giga Drain|p2a: Bombirdier\n|-resisted|p2a: Bombirdier\n|-damage|p2a: Bombirdier|68/100\n|-heal|p1a: Exeggutor|158/312|[from] drain|[of] p2a: Bombirdier\n|\n|upkeep\n|turn|9\n|inactive|Time left: 300 sec this turn | 300 sec total\n|\n|t:|1783547700\n|switch|p2a: Goodra|Goodra-Hisui, L82, F|100/100\n|move|p1a: Exeggutor|Giga Drain|p2a: Goodra\n|-ability|p2a: Goodra|Sap Sipper|boost\n|-boost|p2a: Goodra|atk|1\n|\n|upkeep\n|turn|10\n|inactive|Time left: 300 sec this turn | 300 sec total\n|\n|t:|1783547701\n|move|p1a: Exeggutor|Substitute|p1a: Exeggutor\n|-start|p1a: Exeggutor|Substitute\n|-damage|p1a: Exeggutor|80/312\n|move|p2a: Goodra|Earthquake|p1a: Exeggutor\n|-supereffective|p1a: Exeggutor\n|-end|p1a: Exeggutor|Substitute\n|\n|upkeep\n|turn|11\n|inactive|Time left: 300 sec this turn | 300 sec total\n|\n|t:|1783547702\n|move|p1a: Exeggutor|Psychic|p2a: Goodra\n|-resisted|p2a: Goodra\n|-damage|p2a: Goodra|84/100\n|-unboost|p2a: Goodra|spd|1\n|move|p2a: Goodra|Earthquake|p1a: Exeggutor\n|-supereffective|p1a: Exeggutor\n|-damage|p1a: Exeggutor|0 fnt\n|faint|p1a: Exeggutor\n|\n|upkeep\n|inactive|Time left: 300 sec this turn | 300 sec total | 5 sec grace\n|\n|t:|1783547703\n|switch|p1a: Passimian|Passimian, L83, F|302/302\n|-damage|p1a: Passimian|252/302|[from] Spikes\n|turn|12\n|inactive|Time left: 300 sec this turn | 300 sec total\n|\n|t:|1783547704\n|-terastallize|p2a: Goodra|Ground\n|move|p1a: Passimian|Close Combat|p2a: Goodra\n|-damage|p2a: Goodra|12/100\n|-unboost|p1a: Passimian|def|1\n|-unboost|p1a: Passimian|spd|1\n|move|p2a: Goodra|Draco Meteor|p1a: Passimian|[miss]\n|-miss|p2a: Goodra|p1a: Passimian\n|\n|upkeep\n|turn|13\n|inactive|Time left: 300 sec this turn | 300 sec total\n|\n|t:|1783547705\n|move|p1a: Passimian|Close Combat|p2a: Goodra\n|-damage|p2a: Goodra|0 fnt\n|-unboost|p1a: Passimian|def|1\n|-unboost|p1a: Passimian|spd|1\n|faint|p2a: Goodra\n|\n|upkeep\n|\n|t:|1783547706\n|switch|p2a: Arceus|Arceus-Dragon, L71|100/100\n|turn|14\n|inactive|Time left: 300 sec this turn | 300 sec total\n|\n|t:|1783547708\n|switch|p1a: Spidops|Spidops, L96, F|271/271\n|move|p2a: Arceus|Outrage|p1a: Spidops\n|-damage|p1a: Spidops|157/271\n|\n|upkeep\n|turn|15\n|inactive|Time left: 300 sec this turn | 300 sec total\n|\n|t:|1783547708\n|move|p2a: Arceus|Outrage|p1a: Spidops|[from] lockedmove\n|-damage|p1a: Spidops|51/271\n|-start|p2a: Arceus|confusion|[fatigue]\n|move|p1a: Spidops|Sticky Web|p2a: Arceus\n|-sidestart|p2: p0y67855b2|move: Sticky Web\n|\n|upkeep\n|turn|16\n|inactive|Time left: 300 sec this turn | 300 sec total\n|\n|t:|1783547709\n|switch|p1a: Zapdos|Zapdos, L78|268/268\n|-activate|p2a: Arceus|confusion\n|-damage|p2a: Arceus|93/100|[from] confusion\n|\n|upkeep\n|turn|17\n|inactive|Time left: 300 sec this turn | 300 sec total\n|\n|t:|1783547710\n|-activate|p2a: Arceus|confusion\n|move|p2a: Arceus|Outrage|p1a: Zapdos\n|-damage|p1a: Zapdos|115/268\n|-status|p2a: Arceus|par|[from] ability: Static|[of] p1a: Zapdos\n|move|p1a: Zapdos|Roost|p1a: Zapdos\n|-heal|p1a: Zapdos|249/268\n|-singleturn|p1a: Zapdos|move: Roost\n|\n|upkeep\n|turn|18\n|inactive|Time left: 300 sec this turn | 300 sec total\n|\n|t:|1783547711\n|move|p1a: Zapdos|Hurricane|p2a: Arceus\n|-damage|p2a: Arceus|54/100 par\n|-activate|p2a: Arceus|confusion\n|-damage|p2a: Arceus|46/100 par|[from] confusion\n|\n|upkeep\n|turn|19\n|inactive|Time left: 300 sec this turn | 300 sec total\n|\n|t:|1783547712\n|move|p1a: Zapdos|Hurricane|p2a: Arceus|[miss]\n|-miss|p1a: Zapdos|p2a: Arceus\n|-end|p2a: Arceus|confusion\n|move|p2a: Arceus|Outrage|p1a: Zapdos\n|-damage|p1a: Zapdos|107/268\n|\n|upkeep\n|turn|20\n|inactive|Time left: 300 sec this turn | 300 sec total\n|\n|t:|1783547712\n|move|p1a: Zapdos|Roost|p1a: Zapdos\n|-heal|p1a: Zapdos|241/268\n|-singleturn|p1a: Zapdos|move: Roost\n|move|p2a: Arceus|Outrage|p1a: Zapdos|[from] lockedmove\n|-damage|p1a: Zapdos|109/268\n|\n|upkeep\n|turn|21\n|inactive|Time left: 300 sec this turn | 300 sec total\n|\n|t:|1783547713\n|move|p1a: Zapdos|Roost|p1a: Zapdos\n|-heal|p1a: Zapdos|243/268\n|-singleturn|p1a: Zapdos|move: Roost\n|move|p2a: Arceus|Outrage|p1a: Zapdos|[from] lockedmove\n|-damage|p1a: Zapdos|107/268\n|-start|p2a: Arceus|confusion|[fatigue]\n|\n|upkeep\n|turn|22\n|inactive|Time left: 300 sec this turn | 300 sec total\n|\n|t:|1783547714\n|move|p1a: Zapdos|Roost|p1a: Zapdos\n|-heal|p1a: Zapdos|241/268\n|-singleturn|p1a: Zapdos|move: Roost\n|-activate|p2a: Arceus|confusion\n|-damage|p2a: Arceus|38/100 par|[from] confusion\n|\n|upkeep\n|turn|23\n|inactive|Time left: 300 sec this turn | 300 sec total\n|\n|t:|1783547715\n|move|p1a: Zapdos|Hurricane|p2a: Arceus|[miss]\n|-miss|p1a: Zapdos|p2a: Arceus\n|-activate|p2a: Arceus|confusion\n|cant|p2a: Arceus|par\n|\n|upkeep\n|turn|24\n|inactive|Time left: 300 sec this turn | 300 sec total\n|\n|t:|1783547716\n|move|p1a: Zapdos|Hurricane|p2a: Arceus\n|-damage|p2a: Arceus|0 fnt\n|faint|p2a: Arceus\n|\n|upkeep\n|\n|t:|1783547717\n|switch|p2a: Piloswine|Piloswine, L85, F, shiny|100/100\n|-activate|p2a: Piloswine|move: Sticky Web\n|-unboost|p2a: Piloswine|spe|1\n|turn|25\n|inactive|Time left: 300 sec this turn | 300 sec total\n|\n|t:|1783547718\n|move|p1a: Zapdos|Hurricane|p2a: Piloswine\n|-damage|p2a: Piloswine|68/100\n|-start|p2a: Piloswine|confusion\n|-activate|p2a: Piloswine|confusion\n|move|p2a: Piloswine|Icicle Crash|p1a: Zapdos\n|-supereffective|p1a: Zapdos\n|-damage|p1a: Zapdos|11/268\n|\n|upkeep\n|turn|26\n|inactive|Time left: 300 sec this turn | 300 sec total\n|\n|t:|1783547719\n|-end|p2a: Piloswine|confusion\n|move|p2a: Piloswine|Ice Shard|p1a: Zapdos\n|-supereffective|p1a: Zapdos\n|-damage|p1a: Zapdos|0 fnt\n|faint|p1a: Zapdos\n|\n|upkeep\n|inactive|Time left: 300 sec this turn | 300 sec total | 5 sec grace\n|\n|t:|1783547720\n|switch|p1a: Passimian|Passimian, L83, F|252/302\n|-damage|p1a: Passimian|202/302|[from] Spikes\n|turn|27\n|inactive|Time left: 300 sec this turn | 300 sec total\n|\n|t:|1783547721\n|move|p1a: Passimian|Close Combat|p2a: Piloswine\n|-supereffective|p2a: Piloswine\n|-damage|p2a: Piloswine|0 fnt\n|-unboost|p1a: Passimian|def|1\n|-unboost|p1a: Passimian|spd|1\n|faint|p2a: Piloswine\n|\n|upkeep\n|\n|t:|1783547722\n|switch|p2a: Bombirdier|Bombirdier, L85, M|68/100\n|turn|28\n|inactive|Time left: 300 sec this turn | 300 sec total\n|\n|t:|1783547723\n|move|p2a: Bombirdier|Knock Off|p1a: Passimian\n|-resisted|p1a: Passimian\n|-damage|p1a: Passimian|115/302\n|-enditem|p1a: Passimian|Choice Band|[from] move: Knock Off|[of] p2a: Bombirdier\n|move|p1a: Passimian|Close Combat|p2a: Bombirdier\n|-damage|p2a: Bombirdier|6/100\n|-unboost|p1a: Passimian|def|1\n|-unboost|p1a: Passimian|spd|1\n|\n|upkeep\n|turn|29\n|inactive|Time left: 300 sec this turn | 300 sec total\n|\n|t:|1783547724\n|move|p2a: Bombirdier|Stone Edge|p1a: Passimian\n|-resisted|p1a: Passimian\n|-damage|p1a: Passimian|5/302\n|move|p1a: Passimian|Close Combat|p2a: Bombirdier\n|-damage|p2a: Bombirdier|0 fnt\n|-unboost|p1a: Passimian|def|1\n|-unboost|p1a: Passimian|spd|1\n|faint|p2a: Bombirdier\n|\n|win|p0x6785a91", "uploadtime": 1783547724, "views": 0, "rating": 0, "private": 0, "password": null, "_winner": "p0x6785a91", "_our_name": "p0x6785a91"}