{"id": "battle-gen9randombattle-1759", "formatid": "gen9randombattle", "format": "[Gen 9] Random Battle", "players": ["p0x17597e21", "p0y1759763b"], "log": "|init|battle\n|title|p0x17597e21 vs. p0y1759763b\n|j|\u2606p0x17597e21\n|j|\u2606p0y1759763b\n|t:|1783559624\n|gametype|singles\n|player|p1|p0x17597e21|170|\n|player|p2|p0y1759763b|102|\n|gen|9\n|tier|[Gen 9] Random Battle\n|rule|Species Clause: Limit one of each Pok\u00e9mon\n|rule|HP Percentage Mod: HP is shown in percentages\n|rule|Sleep Clause Mod: Limit one foe put to sleep\n|rule|Illusion Level Mod: Illusion disguises the Pok\u00e9mon's true level\n|\n|t:|1783559624\n|teamsize|p1|6\n|teamsize|p2|6\n|start\n|switch|p1a: Staraptor|Staraptor, L79, F|263/263\n|switch|p2a: Hippowdon|Hippowdon, L82, M|100/100\n|-weather|Sandstorm|[from] ability: Sand Stream|[of] p2a: Hippowdon\n|turn|1\n|inactive|Battle timer is ON: inactive players will automatically lose when time's up. (requested by p0y1759763b)\n|inactive|Time left: 300 sec this turn | 300 sec total | 60 sec grace\n|inactive|p0x17597e21 also wants the timer to be on.\n|\n|t:|1783559626\n|move|p1a: Staraptor|Brave Bird|p2a: Hippowdon\n|-damage|p2a: Hippowdon|43/100\n|-damage|p1a: Staraptor|220/263|[from] item: Rocky Helmet|[of] p2a: Hippowdon\n|-damage|p1a: Staraptor|161/263|[from] Recoil\n|move|p2a: Hippowdon|Stealth Rock|p1a: Staraptor\n|-sidestart|p1: p0x17597e21|move: Stealth Rock\n|\n|-weather|Sandstorm|[upkeep]\n|-damage|p1a: Staraptor|145/263|[from] Sandstorm\n|upkeep\n|turn|2\n|inactive|Time left: 300 sec this turn | 300 sec total\n|\n|t:|1783559627\n|switch|p2a: Rhydon|Rhydon, L85, F|100/100\n|move|p1a: Staraptor|Brave Bird|p2a: Rhydon\n|-resisted|p2a: Rhydon\n|-damage|p2a: Rhydon|81/100\n|-damage|p1a: Staraptor|125/263|[from] Recoil\n|\n|-weather|Sandstorm|[upkeep]\n|-damage|p1a: Staraptor|109/263|[from] Sandstorm\n|upkeep\n|turn|3\n|inactive|Time left: 300 sec this turn | 300 sec total\n|\n|t:|1783559629\n|move|p1a: Staraptor|Brave Bird|p2a: Rhydon\n|-resisted|p2a: Rhydon\n|-damage|p2a: Rhydon|63/100\n|-damage|p1a: Staraptor|90/263|[from] Recoil\n|move|p2a: Rhydon|Stone Edge|p1a: Staraptor\n|-supereffective|p1a: Staraptor\n|-damage|p1a: Staraptor|0 fnt\n|faint|p1a: Staraptor\n|\n|-weather|Sandstorm|[upkeep]\n|upkeep\n|inactive|Time left: 300 sec this turn | 300 sec total | 5 sec grace\n|\n|t:|1783559630\n|switch|p1a: Clawitzer|Clawitzer, L87, M|265/265\n|-damage|p1a: Clawitzer|232/265|[from] Stealth Rock\n|turn|4\n|inactive|Time left: 300 sec this turn | 300 sec total\n|\n|t:|1783559631\n|switch|p2a: Quaquaval|Quaquaval, L79, M|100/100\n|move|p1a: Clawitzer|Water Pulse|p2a: Quaquaval\n|-resisted|p2a: Quaquaval\n|-damage|p2a: Quaquaval|75/100\n|\n|-weather|Sandstorm|[upkeep]\n|-damage|p2a: Quaquaval|69/100|[from] Sandstorm\n|-damage|p1a: Clawitzer|216/265|[from] Sandstorm\n|upkeep\n|turn|5\n|inactive|Time left: 300 sec this turn | 300 sec total\n|\n|t:|1783559632\n|-terastallize|p2a: Quaquaval|Fighting\n|move|p2a: Quaquaval|Close Combat|p1a: Clawitzer\n|-damage|p1a: Clawitzer|0 fnt\n|-unboost|p2a: Quaquaval|def|1\n|-unboost|p2a: Quaquaval|spd|1\n|faint|p1a: Clawitzer\n|-ability|p2a: Quaquaval|Moxie|boost\n|-boost|p2a: Quaquaval|atk|1\n|\n|-weather|none\n|upkeep\n|inactive|Time left: 300 sec this turn | 300 sec total | 5 sec grace\n|\n|t:|1783559633\n|switch|p1a: Iron Leaves|Iron Leaves, L80|275/275\n|-damage|p1a: Iron Leaves|241/275|[from] Stealth Rock\n|turn|6\n|inactive|Time left: 300 sec this turn | 300 sec total\n|\n|t:|1783559634\n|switch|p2a: Mimikyu|Mimikyu, L79, F|100/100\n|move|p1a: Iron Leaves|Leaf Blade|p2a: Mimikyu\n|-activate|p2a: Mimikyu|ability: Disguise\n|-damage|p2a: Mimikyu|100/100\n|detailschange|p2a: Mimikyu|Mimikyu-Busted, L79, F\n|-damage|p2a: Mimikyu|88/100|[from] pokemon: Mimikyu-Busted\n|\n|upkeep\n|turn|7\n|inactive|Time left: 300 sec this turn | 300 sec total\n|\n|t:|1783559635\n|switch|p2a: Hydreigon|Hydreigon, L79, F|100/100\n|move|p1a: Iron Leaves|Leaf Blade|p2a: Hydreigon\n|-resisted|p2a: Hydreigon\n|-damage|p2a: Hydreigon|71/100\n|\n|upkeep\n|turn|8\n|inactive|Time left: 300 sec this turn | 300 sec total\n|\n|t:|1783559637\n|move|p1a: Iron Leaves|Leaf Blade|p2a: Hydreigon\n|-resisted|p2a: Hydreigon\n|-damage|p2a: Hydreigon|39/100\n|move|p2a: Hydreigon|Fire Blast|p1a: Iron Leaves\n|-supereffective|p1a: Iron Leaves\n|-damage|p1a: Iron Leaves|49/275\n|-damage|p2a: Hydreigon|29/100|[from] item: Life Orb\n|\n|upkeep\n|turn|9\n|inactive|Time left: 300 sec this turn | 300 sec total\n|\n|t:|1783559638\n|switch|p2a: Hippowdon|Hippowdon, L82, M|43/100\n|-weather|Sandstorm|[from] ability: Sand Stream|[of] p2a: Hippowdon\n|move|p1a: Iron Leaves|Leaf Blade|p2a: Hippowdon\n|-supereffective|p2a: Hippowdon\n|-crit|p2a: Hippowdon\n|-damage|p2a: Hippowdon|0 fnt\n|-damage|p1a: Iron Leaves|4/275|[from] item: Rocky Helmet|[of] p2a: Hippowdon\n|faint|p2a: Hippowdon\n|\n|-weather|Sandstorm|[upkeep]\n|-damage|p1a: Iron Leaves|0 fnt|[from] Sandstorm\n|faint|p1a: Iron Leaves\n|-end|p1a: Iron Leaves|Quark Drive|[silent]\n|upkeep\n|inactive|Time left: 300 sec this turn | 300 sec total | 5 sec grace\n|\n|t:|1783559639\n|switch|p1a: Magcargo|Magcargo, L95, M|268/268\n|switch|p2a: Quaquaval|Quaquaval, L79, M, tera:Fighting|69/100\n|turn|10\n|inactive|Time left: 300 sec this turn | 300 sec total\n|\n|t:|1783559640\n|-terastallize|p1a: Magcargo|Dragon\n|move|p2a: Quaquaval|Close Combat|p1a: Magcargo\n|-damage|p1a: Magcargo|94/268\n|-unboost|p2a: Quaquaval|def|1\n|-unboost|p2a: Quaquaval|spd|1\n|-ability|p1a: Magcargo|Weak Armor|boost\n|-unboost|p1a: Magcargo|def|1\n|-boost|p1a: Magcargo|spe|2\n|move|p1a: Magcargo|Shell Smash|p1a: Magcargo\n|-unboost|p1a: Magcargo|def|1\n|-unboost|p1a: Magcargo|spd|1\n|-boost|p1a: Magcargo|atk|2\n|-boost|p1a: Magcargo|spa|2\n|-boost|p1a: Magcargo|spe|2\n|\n|-weather|Sandstorm|[upkeep]\n|-damage|p1a: Magcargo|78/268|[from] Sandstorm\n|-damage|p2a: Quaquaval|63/100|[from] Sandstorm\n|upkeep\n|turn|11\n|inactive|Time left: 300 sec this turn | 300 sec total\n|\n|t:|1783559641\n|move|p1a: Magcargo|Earth Power|p2a: Quaquaval\n|-damage|p2a: Quaquaval|0 fnt\n|faint|p2a: Quaquaval\n|\n|-weather|Sandstorm|[upkeep]\n|-damage|p1a: Magcargo|62/268|[from] Sandstorm\n|upkeep\n|\n|t:|1783559641\n|switch|p2a: Mimikyu|Mimikyu-Busted, L79, F|88/100\n|turn|12\n|inactive|Time left: 300 sec this turn | 300 sec total\n|\n|t:|1783559642\n|move|p2a: Mimikyu|Shadow Sneak|p1a: Magcargo\n|-damage|p1a: Magcargo|2/268\n|-ability|p1a: Magcargo|Weak Armor|boost\n|-unboost|p1a: Magcargo|def|1\n|-boost|p1a: Magcargo|spe|2\n|-damage|p2a: Mimikyu|78/100|[from] item: Life Orb\n|move|p1a: Magcargo|Power Gem|p2a: Mimikyu\n|-damage|p2a: Mimikyu|0 fnt\n|faint|p2a: Mimikyu\n|\n|-weather|Sandstorm|[upkeep]\n|-damage|p1a: Magcargo|0 fnt|[from] Sandstorm\n|faint|p1a: Magcargo\n|upkeep\n|inactive|Time left: 300 sec this turn | 300 sec total | 5 sec grace\n|\n|t:|1783559643\n|switch|p2a: Azelf|Azelf, L82|100/100\n|switch|p1a: Scyther|Scyther, L82, M|249/249\n|turn|13\n|inactive|Time left: 300 sec this turn | 300 sec total\n|\n|t:|1783559644\n|move|p2a: Azelf|Fire Blast|p1a: Scyther|[miss]\n|-miss|p2a: Azelf|p1a: Scyther\n|move|p1a: Scyther|U-turn|p2a: Azelf\n|-supereffective|p2a: Azelf\n|-damage|p2a: Azelf|27/100\n|inactive|Time left: 300 sec this turn | 300 sec total | 5 sec grace\n|\n|t:|1783559645\n|switch|p1a: Terapagos|Terapagos, L77, F|265/265|[from] U-turn\n|-activate|p1a: Terapagos|ability: Tera Shift\n|detailschange|p1a: Terapagos|Terapagos-Terastal, L77, F\n|-heal|p1a: Terapagos|273/273|[silent]\n|-damage|p1a: Terapagos|239/273|[from] Stealth Rock\n|\n|-weather|none\n|upkeep\n|turn|14\n|inactive|Time left: 300 sec this turn | 300 sec total\n|\n|t:|1783559646\n|switch|p2a: Rhydon|Rhydon, L85, F|63/100\n|move|p1a: Terapagos|Calm Mind|p1a: Terapagos\n|-boost|p1a: Terapagos|spa|1\n|-boost|p1a: Terapagos|spd|1\n|\n|upkeep\n|turn|15\n|inactive|Time left: 300 sec this turn | 300 sec total\n|\n|t:|1783559646\n|move|p1a: Terapagos|Calm Mind|p1a: Terapagos\n|-boost|p1a: Terapagos|spa|1\n|-boost|p1a: Terapagos|spd|1\n|move|p2a: Rhydon|Earthquake|p1a: Terapagos\n|-damage|p1a: Terapagos|119/273\n|\n|upkeep\n|turn|16\n|inactive|Time left: 300 sec this turn | 300 sec total\n|\n|t:|1783559647\n|move|p1a: Terapagos|Rest|p1a: Terapagos\n|-status|p1a: Terapagos|slp|[from] move: Rest\n|-heal|p1a: Terapagos|273/273 slp|[silent]\n|-enditem|p1a: Terapagos|Chesto Berry|[eat]\n|-curestatus|p1a: Terapagos|slp|[msg]\n|move|p2a: Rhydon|Earthquake|p1a: Terapagos\n|-activate|p1a: Terapagos|ability: Tera Shell\n|-resisted|p1a: Terapagos\n|-damage|p1a: Terapagos|207/273\n|\n|upkeep\n|turn|17\n|inactive|Time left: 300 sec this turn | 300 sec total\n|\n|t:|1783559648\n|switch|p2a: Azelf|Azelf, L82|27/100\n|move|p1a: Terapagos|Earth Power|p2a: Azelf\n|-immune|p2a: Azelf|[from] ability: Levitate\n|\n|upkeep\n|turn|18\n|inactive|Time left: 300 sec this turn | 300 sec total\n|\n|t:|1783559649\n|move|p2a: Azelf|Psyshock|p1a: Terapagos\n|-damage|p1a: Terapagos|74/273\n|move|p1a: Terapagos|Tera Starstorm|p2a: Azelf\n|-damage|p2a: Azelf|0 fnt\n|faint|p2a: Azelf\n|\n|upkeep\n|\n|t:|1783559650\n|switch|p2a: Hydreigon|Hydreigon, L79, F|29/100\n|turn|19\n|inactive|Time left: 300 sec this turn | 300 sec total\n|\n|t:|1783559651\n|move|p2a: Hydreigon|Draco Meteor|p1a: Terapagos\n|-damage|p1a: Terapagos|0 fnt\n|-unboost|p2a: Hydreigon|spa|2\n|faint|p1a: Terapagos\n|-damage|p2a: Hydreigon|19/100|[from] item: Life Orb\n|\n|upkeep\n|inactive|Time left: 300 sec this turn | 300 sec total | 5 sec grace\n|\n|t:|1783559652\n|switch|p1a: Scyther|Scyther, L82, M|249/249\n|turn|20\n|inactive|Time left: 300 sec this turn | 300 sec total\n|\n|t:|1783559653\n|move|p1a: Scyther|Defog|p2a: Hydreigon\n|-unboost|p2a: Hydreigon|evasion|1\n|-sideend|p1: p0x17597e21|Stealth Rock|[from] move: Defog|[of] p1a: Scyther\n|move|p2a: Hydreigon|Fire Blast|p1a: Scyther\n|-supereffective|p1a: Scyther\n|-damage|p1a: Scyther|137/249\n|-damage|p2a: Hydreigon|10/100|[from] item: Life Orb\n|\n|upkeep\n|turn|21\n|inactive|Time left: 300 sec this turn | 300 sec total\n|\n|t:|1783559654\n|move|p1a: Scyther|Dual Wingbeat|p2a: Hydreigon\n|-damage|p2a: Hydreigon|0 fnt\n|faint|p2a: Hydreigon\n|-hitcount|p2: Hydreigon|1\n|\n|upkeep\n|\n|t:|1783559655\n|switch|p2a: Rhydon|Rhydon, L85, F|63/100\n|turn|22\n|inactive|Time left: 300 sec this turn | 300 sec total\n|\n|t:|1783559656\n|move|p1a: Scyther|Close Combat|p2a: Rhydon\n|-supereffective|p2a: Rhydon\n|-damage|p2a: Rhydon|36/100\n|-unboost|p1a: Scyther|def|1\n|-unboost|p1a: Scyther|spd|1\n|move|p2a: Rhydon|Stone Edge|p1a: Scyther|[miss]\n|-miss|p2a: Rhydon|p1a: Scyther\n|\n|upkeep\n|turn|23\n|inactive|Time left: 300 sec this turn | 300 sec total\n|\n|t:|1783559657\n|move|p1a: Scyther|Close Combat|p2a: Rhydon\n|-supereffective|p2a: Rhydon\n|-damage|p2a: Rhydon|8/100\n|-unboost|p1a: Scyther|def|1\n|-unboost|p1a: Scyther|spd|1\n|move|p2a: Rhydon|Stone Edge|p1a: Scyther|[miss]\n|-miss|p2a: Rhydon|p1a: Scyther\n|\n|upkeep\n|turn|24\n|inactive|Time left: 300 sec this turn | 300 sec total\n|\n|t:|1783559658\n|move|p1a: Scyther|Close Combat|p2a: Rhydon\n|-supereffective|p2a: Rhydon\n|-damage|p2a: Rhydon|0 fnt\n|-unboost|p1a: Scyther|def|1\n|-unboost|p1a: Scyther|spd|1\n|faint|p2a: Rhydon\n|\n|win|p0x17597e21", "uploadtime": 1783559658, "views": 0, "rating": 0, "private": 0, "password": null, "_winner": "p0x17597e21", "_our_name": "p0x17597e21"}