{"id": "battle-gen9randombattle-2333", "formatid": "gen9randombattle", "format": "[Gen 9] Random Battle", "players": ["p0x2333e08d", "p0y233316cb"], "log": "|init|battle\n|title|p0x2333e08d vs. p0y233316cb\n|j|\u2606p0x2333e08d\n|j|\u2606p0y233316cb\n|t:|1783566084\n|gametype|singles\n|player|p1|p0x2333e08d|101|\n|player|p2|p0y233316cb|170|\n|gen|9\n|tier|[Gen 9] Random Battle\n|rule|Species Clause: Limit one of each Pok\u00e9mon\n|rule|HP Percentage Mod: HP is shown in percentages\n|rule|Sleep Clause Mod: Limit one foe put to sleep\n|rule|Illusion Level Mod: Illusion disguises the Pok\u00e9mon's true level\n|\n|t:|1783566084\n|teamsize|p1|6\n|teamsize|p2|6\n|start\n|switch|p1a: Revavroom|Revavroom, L79, M|256/256\n|switch|p2a: Sandaconda|Sandaconda, L84, M|100/100\n|turn|1\n|inactive|Battle timer is ON: inactive players will automatically lose when time's up. (requested by p0x2333e08d)\n|inactive|p0y233316cb also wants the timer to be on.\n|\n|t:|1783566086\n|move|p1a: Revavroom|Shift Gear|p1a: Revavroom\n|-boost|p1a: Revavroom|spe|2\n|-boost|p1a: Revavroom|atk|1\n|move|p2a: Sandaconda|Earthquake|p1a: Revavroom\n|-supereffective|p1a: Revavroom\n|-damage|p1a: Revavroom|0 fnt\n|faint|p1a: Revavroom\n|\n|upkeep\n|inactive|Time left: 300 sec this turn | 300 sec total | 65 sec grace\n|\n|t:|1783566087\n|switch|p1a: Oranguru|Oranguru, L92, F|315/315\n|turn|2\n|inactive|Time left: 300 sec this turn | 300 sec total\n|\n|t:|1783566089\n|move|p2a: Sandaconda|Earthquake|p1a: Oranguru\n|-damage|p1a: Oranguru|200/315\n|move|p1a: Oranguru|Nasty Plot|p1a: Oranguru\n|-boost|p1a: Oranguru|spa|2\n|\n|upkeep\n|turn|3\n|inactive|Time left: 300 sec this turn | 300 sec total\n|\n|t:|1783566090\n|move|p2a: Sandaconda|Earthquake|p1a: Oranguru\n|-damage|p1a: Oranguru|80/315\n|move|p1a: Oranguru|Hyper Voice|p2a: Sandaconda\n|-damage|p2a: Sandaconda|0 fnt\n|faint|p2a: Sandaconda\n|-damage|p1a: Oranguru|49/315|[from] item: Life Orb\n|\n|upkeep\n|\n|t:|1783566091\n|switch|p2a: Gliscor|Gliscor, L76, F|100/100\n|turn|4\n|inactive|Time left: 300 sec this turn | 300 sec total\n|\n|t:|1783566092\n|switch|p1a: Shaymin|Shaymin, L82|298/298\n|move|p2a: Gliscor|Earthquake|p1a: Shaymin\n|-resisted|p1a: Shaymin\n|-damage|p1a: Shaymin|258/298\n|\n|-heal|p1a: Shaymin|276/298|[from] item: Leftovers\n|-status|p2a: Gliscor|tox|[from] item: Toxic Orb\n|upkeep\n|turn|5\n|inactive|Time left: 300 sec this turn | 300 sec total\n|\n|t:|1783566093\n|move|p1a: Shaymin|Seed Flare|p2a: Gliscor\n|-damage|p2a: Gliscor|36/100 tox\n|move|p2a: Gliscor|Toxic|p1a: Shaymin\n|-status|p1a: Shaymin|tox\n|\n|-heal|p1a: Shaymin|294/298 tox|[from] item: Leftovers\n|-damage|p1a: Shaymin|276/298 tox|[from] psn\n|-heal|p2a: Gliscor|48/100 tox|[from] ability: Poison Heal\n|upkeep\n|turn|6\n|inactive|Time left: 300 sec this turn | 300 sec total\n|\n|t:|1783566094\n|move|p2a: Gliscor|Protect|p2a: Gliscor\n|-singleturn|p2a: Gliscor|Protect\n|move|p1a: Shaymin|Seed Flare|p2a: Gliscor\n|-activate|p2a: Gliscor|move: Protect\n|\n|-heal|p1a: Shaymin|294/298 tox|[from] item: Leftovers\n|-damage|p1a: Shaymin|258/298 tox|[from] psn\n|-heal|p2a: Gliscor|60/100 tox|[from] ability: Poison Heal\n|upkeep\n|turn|7\n|inactive|Time left: 300 sec this turn | 300 sec total\n|\n|t:|1783566095\n|switch|p2a: Granbull|Granbull, L88, F|100/100\n|-ability|p2a: Granbull|Intimidate|boost\n|-unboost|p1a: Shaymin|atk|1\n|move|p1a: Shaymin|Seed Flare|p2a: Granbull\n|-damage|p2a: Granbull|50/100\n|-unboost|p2a: Granbull|spd|2\n|\n|-heal|p1a: Shaymin|276/298 tox|[from] item: Leftovers\n|-heal|p2a: Granbull|55/100|[from] item: Leftovers\n|-damage|p1a: Shaymin|222/298 tox|[from] psn\n|upkeep\n|turn|8\n|inactive|Time left: 300 sec this turn | 300 sec total\n|\n|t:|1783566096\n|-curestatus|p1a: Shaymin|tox|[from] ability: Natural Cure|[silent]\n|switch|p1a: Eelektross|Eelektross, L87, M|290/290\n|switch|p2a: Gliscor|Gliscor, L76, F|60/100 tox\n|\n|-heal|p2a: Gliscor|72/100 tox|[from] ability: Poison Heal\n|upkeep\n|turn|9\n|inactive|Time left: 300 sec this turn | 300 sec total\n|\n|t:|1783566097\n|switch|p1a: Shaymin|Shaymin, L82|222/298\n|move|p2a: Gliscor|Knock Off|p1a: Shaymin\n|-damage|p1a: Shaymin|168/298\n|-enditem|p1a: Shaymin|Leftovers|[from] move: Knock Off|[of] p2a: Gliscor\n|\n|-heal|p2a: Gliscor|85/100 tox|[from] ability: Poison Heal\n|upkeep\n|turn|10\n|inactive|Time left: 300 sec this turn | 300 sec total\n|\n|t:|1783566098\n|move|p2a: Gliscor|Protect|p2a: Gliscor\n|-singleturn|p2a: Gliscor|Protect\n|move|p1a: Shaymin|Seed Flare|p2a: Gliscor\n|-activate|p2a: Gliscor|move: Protect\n|\n|-heal|p2a: Gliscor|97/100 tox|[from] ability: Poison Heal\n|upkeep\n|turn|11\n|inactive|Time left: 300 sec this turn | 300 sec total\n|\n|t:|1783566099\n|move|p1a: Shaymin|Seed Flare|p2a: Gliscor\n|-damage|p2a: Gliscor|37/100 tox\n|move|p2a: Gliscor|Earthquake|p1a: Shaymin\n|-resisted|p1a: Shaymin\n|-damage|p1a: Shaymin|128/298\n|\n|-heal|p2a: Gliscor|49/100 tox|[from] ability: Poison Heal\n|upkeep\n|turn|12\n|inactive|Time left: 300 sec this turn | 300 sec total\n|\n|t:|1783566100\n|move|p2a: Gliscor|Protect|p2a: Gliscor\n|-singleturn|p2a: Gliscor|Protect\n|move|p1a: Shaymin|Seed Flare|p2a: Gliscor\n|-activate|p2a: Gliscor|move: Protect\n|\n|-heal|p2a: Gliscor|62/100 tox|[from] ability: Poison Heal\n|upkeep\n|turn|13\n|inactive|Time left: 300 sec this turn | 300 sec total\n|\n|t:|1783566100\n|switch|p2a: Hypno|Hypno, L95, F|100/100\n|move|p1a: Shaymin|Seed Flare|p2a: Hypno\n|-crit|p2a: Hypno\n|-damage|p2a: Hypno|58/100\n|\n|-heal|p2a: Hypno|64/100|[from] item: Leftovers\n|upkeep\n|turn|14\n|inactive|Time left: 300 sec this turn | 300 sec total\n|\n|t:|1783566101\n|move|p1a: Shaymin|Leech Seed|p2a: Hypno\n|-start|p2a: Hypno|move: Leech Seed\n|move|p2a: Hypno|Psychic Noise|p1a: Shaymin\n|-damage|p1a: Shaymin|56/298\n|-start|p1a: Shaymin|move: Heal Block\n|\n|-heal|p2a: Hypno|70/100|[from] item: Leftovers\n|-damage|p2a: Hypno|58/100|[from] Leech Seed|[of] p1a: Shaymin\n|upkeep\n|turn|15\n|inactive|Time left: 300 sec this turn | 300 sec total\n|\n|t:|1783566102\n|move|p1a: Shaymin|Seed Flare|p2a: Hypno\n|-damage|p2a: Hypno|32/100\n|move|p2a: Hypno|Psychic Noise|p1a: Shaymin\n|-damage|p1a: Shaymin|0 fnt\n|faint|p1a: Shaymin\n|\n|-heal|p2a: Hypno|38/100|[from] item: Leftovers\n|upkeep\n|inactive|Time left: 300 sec this turn | 300 sec total | 5 sec grace\n|\n|t:|1783566103\n|switch|p1a: Oranguru|Oranguru, L92, F|49/315\n|turn|16\n|inactive|Time left: 300 sec this turn | 300 sec total\n|\n|t:|1783566104\n|move|p2a: Hypno|Knock Off|p1a: Oranguru\n|-supereffective|p1a: Oranguru\n|-damage|p1a: Oranguru|0 fnt\n|-enditem|p1a: Oranguru|Life Orb|[from] move: Knock Off|[of] p2a: Hypno\n|faint|p1a: Oranguru\n|\n|-heal|p2a: Hypno|44/100|[from] item: Leftovers\n|upkeep\n|inactive|Time left: 300 sec this turn | 300 sec total | 5 sec grace\n|\n|t:|1783566105\n|switch|p1a: Hypno|Hypno, L95, F|315/315\n|turn|17\n|inactive|Time left: 300 sec this turn | 300 sec total\n|\n|t:|1783566106\n|switch|p2a: Gliscor|Gliscor, L76, F|62/100 tox\n|move|p1a: Hypno|Knock Off|p2a: Gliscor\n|-damage|p2a: Gliscor|36/100 tox\n|-enditem|p2a: Gliscor|Toxic Orb|[from] move: Knock Off|[of] p1a: Hypno\n|\n|-heal|p2a: Gliscor|48/100 tox|[from] ability: Poison Heal\n|upkeep\n|turn|18\n|inactive|Time left: 300 sec this turn | 300 sec total\n|\n|t:|1783566107\n|move|p2a: Gliscor|Knock Off|p1a: Hypno\n|-supereffective|p1a: Hypno\n|-damage|p1a: Hypno|203/315\n|-enditem|p1a: Hypno|Leftovers|[from] move: Knock Off|[of] p2a: Gliscor\n|move|p1a: Hypno|Psychic Noise|p2a: Gliscor\n|-damage|p2a: Gliscor|3/100 tox\n|-start|p2a: Gliscor|move: Heal Block\n|\n|upkeep\n|turn|19\n|inactive|Time left: 300 sec this turn | 300 sec total\n|\n|t:|1783566108\n|move|p2a: Gliscor|Earthquake|p1a: Hypno\n|-damage|p1a: Hypno|104/315\n|move|p1a: Hypno|Knock Off|p2a: Gliscor\n|-damage|p2a: Gliscor|0 fnt\n|faint|p2a: Gliscor\n|\n|upkeep\n|\n|t:|1783566109\n|switch|p2a: Sudowoodo|Sudowoodo, L94, M|100/100\n|turn|20\n|inactive|Time left: 300 sec this turn | 300 sec total\n|\n|t:|1783566110\n|move|p1a: Hypno|Thunder Wave|p2a: Sudowoodo\n|-status|p2a: Sudowoodo|par\n|move|p2a: Sudowoodo|Head Smash|p1a: Hypno\n|-damage|p1a: Hypno|0 fnt\n|faint|p1a: Hypno\n|\n|upkeep\n|inactive|Time left: 300 sec this turn | 300 sec total | 5 sec grace\n|\n|t:|1783566110\n|switch|p1a: Eelektross|Eelektross, L87, M|290/290\n|turn|21\n|inactive|Time left: 300 sec this turn | 300 sec total\n|\n|t:|1783566111\n|move|p1a: Eelektross|Discharge|p2a: Sudowoodo\n|-damage|p2a: Sudowoodo|65/100 par\n|move|p2a: Sudowoodo|Head Smash|p1a: Eelektross\n|-damage|p1a: Eelektross|0 fnt\n|faint|p1a: Eelektross\n|\n|upkeep\n|inactive|Time left: 300 sec this turn | 300 sec total | 5 sec grace\n|\n|t:|1783566112\n|switch|p1a: Ditto|Ditto, L87|225/225\n|-transform|p1a: Ditto|p2a: Sudowoodo|[from] ability: Imposter\n|turn|22\n|inactive|Time left: 300 sec this turn | 300 sec total\n|\n|t:|1783566113\n|-terastallize|p1a: Ditto|Steel\n|-terastallize|p2a: Sudowoodo|Rock\n|move|p1a: Ditto|Head Smash|p2a: Sudowoodo\n|-damage|p2a: Sudowoodo|19/100 par\n|move|p2a: Sudowoodo|Head Smash|p1a: Ditto\n|-resisted|p1a: Ditto\n|-damage|p1a: Ditto|71/225\n|\n|upkeep\n|turn|23\n|inactive|Time left: 300 sec this turn | 300 sec total\n|\n|t:|1783566114\n|switch|p2a: Granbull|Granbull, L88, F|55/100\n|-ability|p2a: Granbull|Intimidate|boost\n|-unboost|p1a: Ditto|atk|1\n|move|p1a: Ditto|Head Smash|p2a: Granbull\n|-damage|p2a: Granbull|9/100\n|\n|-heal|p2a: Granbull|15/100|[from] item: Leftovers\n|upkeep\n|turn|24\n|inactive|Time left: 300 sec this turn | 300 sec total\n|\n|t:|1783566114\n|move|p1a: Ditto|Head Smash|p2a: Granbull\n|-damage|p2a: Granbull|0 fnt\n|faint|p2a: Granbull\n|\n|upkeep\n|\n|t:|1783566115\n|switch|p2a: Swanna|Swanna, L89, F|100/100\n|turn|25\n|inactive|Time left: 300 sec this turn | 300 sec total\n|\n|t:|1783566116\n|move|p2a: Swanna|Hydro Pump|p1a: Ditto|[miss]\n|-miss|p2a: Swanna|p1a: Ditto\n|move|p1a: Ditto|Head Smash|p2a: Swanna\n|-supereffective|p2a: Swanna\n|-damage|p2a: Swanna|0 fnt\n|faint|p2a: Swanna\n|\n|upkeep\n|\n|t:|1783566117\n|switch|p2a: Hypno|Hypno, L95, F|44/100\n|turn|26\n|inactive|Time left: 300 sec this turn | 300 sec total\n|\n|t:|1783566117\n|move|p2a: Hypno|Encore|p1a: Ditto\n|-start|p1a: Ditto|Encore\n|move|p1a: Ditto|Head Smash|p2a: Hypno\n|-damage|p2a: Hypno|3/100\n|\n|-heal|p2a: Hypno|9/100|[from] item: Leftovers\n|-end|p1a: Ditto|Encore\n|upkeep\n|turn|27\n|inactive|Time left: 300 sec this turn | 300 sec total\n|\n|t:|1783566118\n|move|p2a: Hypno|Encore||[still]\n|-fail|p2a: Hypno\n|-activate|p1a: Ditto|move: Struggle\n|move|p1a: Ditto|Struggle|p2a: Hypno\n|-damage|p2a: Hypno|0 fnt\n|faint|p2a: Hypno\n|-damage|p1a: Ditto|15/225|[from] recoil\n|\n|upkeep\n|\n|t:|1783566119\n|switch|p2a: Sudowoodo|Sudowoodo, L94, M, tera:Rock|19/100 par\n|turn|28\n|inactive|Time left: 300 sec this turn | 300 sec total\n|\n|t:|1783566120\n|cant|p2a: Sudowoodo|par\n|-activate|p1a: Ditto|move: Struggle\n|move|p1a: Ditto|Struggle|p2a: Sudowoodo\n|-damage|p2a: Sudowoodo|11/100 par\n|-damage|p1a: Ditto|0 fnt|[from] recoil\n|faint|p1a: Ditto\n|\n|win|p0y233316cb", "uploadtime": 1783566120, "views": 0, "rating": 0, "private": 0, "password": null, "_winner": "p0y233316cb", "_our_name": "p0x2333e08d"}