{"id": "battle-gen9randombattle-2129", "formatid": "gen9randombattle", "format": "[Gen 9] Random Battle", "players": ["p0x212912e0", "p0y212943cc"], "log": "|init|battle\n|title|p0x212912e0 vs. p0y212943cc\n|j|\u2606p0x212912e0\n|j|\u2606p0y212943cc\n|t:|1783564651\n|gametype|singles\n|player|p1|p0x212912e0|102|\n|player|p2|p0y212943cc|169|\n|gen|9\n|tier|[Gen 9] Random Battle\n|rule|Species Clause: Limit one of each Pok\u00e9mon\n|rule|HP Percentage Mod: HP is shown in percentages\n|rule|Sleep Clause Mod: Limit one foe put to sleep\n|rule|Illusion Level Mod: Illusion disguises the Pok\u00e9mon's true level\n|\n|t:|1783564651\n|teamsize|p1|6\n|teamsize|p2|6\n|start\n|switch|p1a: Yanmega|Yanmega, L82, F|275/275\n|switch|p2a: Lumineon|Lumineon, L93, F|100/100\n|turn|1\n|inactive|Battle timer is ON: inactive players will automatically lose when time's up. (requested by p0y212943cc)\n|inactive|Time left: 300 sec this turn | 300 sec total | 60 sec grace\n|inactive|p0x212912e0 also wants the timer to be on.\n|\n|t:|1783564652\n|move|p2a: Lumineon|Hydro Pump|p1a: Yanmega\n|-damage|p1a: Yanmega|113/275\n|move|p1a: Yanmega|Bug Buzz|p2a: Lumineon\n|-damage|p2a: Lumineon|52/100\n|\n|upkeep\n|turn|2\n|inactive|Time left: 300 sec this turn | 300 sec total\n|\n|t:|1783564653\n|move|p2a: Lumineon|Hydro Pump|p1a: Yanmega\n|-damage|p1a: Yanmega|0 fnt\n|faint|p1a: Yanmega\n|\n|upkeep\n|inactive|Time left: 300 sec this turn | 300 sec total | 5 sec grace\n|\n|t:|1783564654\n|switch|p1a: Gallade|Gallade, L80, M|240/240\n|turn|3\n|inactive|Time left: 300 sec this turn | 300 sec total\n|\n|t:|1783564655\n|move|p2a: Lumineon|U-turn|p1a: Gallade\n|-damage|p1a: Gallade|182/240\n|\n|t:|1783564656\n|switch|p2a: Venusaur|Venusaur, L84, M|100/100|[from] U-turn\n|move|p1a: Gallade|Psycho Cut|p2a: Venusaur\n|-supereffective|p2a: Venusaur\n|-damage|p2a: Venusaur|0 fnt\n|faint|p2a: Venusaur\n|-damage|p1a: Gallade|158/240|[from] item: Life Orb\n|\n|upkeep\n|\n|t:|1783564657\n|switch|p2a: Archaludon|Archaludon, L78, F|100/100\n|turn|4\n|inactive|Time left: 300 sec this turn | 300 sec total\n|\n|t:|1783564659\n|move|p2a: Archaludon|Outrage|p1a: Gallade\n|-damage|p1a: Gallade|0 fnt\n|faint|p1a: Gallade\n|\n|upkeep\n|inactive|Time left: 300 sec this turn | 300 sec total | 5 sec grace\n|\n|t:|1783564660\n|switch|p1a: Oinkologne|Oinkologne-F, L92, F|361/361\n|turn|5\n|inactive|Time left: 300 sec this turn | 300 sec total\n|\n|t:|1783564661\n|switch|p1a: Torterra|Torterra, L78, F|276/276\n|move|p2a: Archaludon|Outrage|p1a: Torterra|[from] lockedmove\n|-damage|p1a: Torterra|171/276\n|-start|p2a: Archaludon|confusion|[fatigue]\n|-enditem|p2a: Archaludon|Lum Berry|[eat]\n|-end|p2a: Archaludon|confusion\n|\n|upkeep\n|turn|6\n|inactive|Time left: 300 sec this turn | 300 sec total\n|\n|t:|1783564662\n|move|p2a: Archaludon|Iron Head|p1a: Torterra\n|-damage|p1a: Torterra|98/276\n|move|p1a: Torterra|Shell Smash|p1a: Torterra\n|-unboost|p1a: Torterra|def|1\n|-unboost|p1a: Torterra|spd|1\n|-boost|p1a: Torterra|atk|2\n|-boost|p1a: Torterra|spa|2\n|-boost|p1a: Torterra|spe|2\n|\n|upkeep\n|turn|7\n|inactive|Time left: 300 sec this turn | 300 sec total\n|\n|t:|1783564663\n|switch|p2a: Bellossom|Bellossom, L84, F|100/100\n|move|p1a: Torterra|Headlong Rush|p2a: Bellossom\n|-resisted|p2a: Bellossom\n|-damage|p2a: Bellossom|55/100\n|-unboost|p1a: Torterra|def|1\n|-unboost|p1a: Torterra|spd|1\n|\n|-heal|p2a: Bellossom|61/100|[from] item: Leftovers\n|upkeep\n|turn|8\n|inactive|Time left: 300 sec this turn | 300 sec total\n|\n|t:|1783564664\n|-terastallize|p1a: Torterra|Ground\n|move|p1a: Torterra|Headlong Rush|p2a: Bellossom\n|-resisted|p2a: Bellossom\n|-crit|p2a: Bellossom\n|-damage|p2a: Bellossom|0 fnt\n|-unboost|p1a: Torterra|def|1\n|-unboost|p1a: Torterra|spd|1\n|faint|p2a: Bellossom\n|\n|upkeep\n|\n|t:|1783564665\n|switch|p2a: Umbreon|Umbreon, L84, M|100/100\n|turn|9\n|inactive|Time left: 300 sec this turn | 300 sec total\n|\n|t:|1783564666\n|move|p1a: Torterra|Headlong Rush|p2a: Umbreon\n|-damage|p2a: Umbreon|6/100\n|-unboost|p1a: Torterra|def|1\n|-unboost|p1a: Torterra|spd|1\n|move|p2a: Umbreon|Foul Play|p1a: Torterra\n|-damage|p1a: Torterra|0 fnt\n|faint|p1a: Torterra\n|\n|-heal|p2a: Umbreon|12/100|[from] item: Leftovers\n|upkeep\n|inactive|Time left: 300 sec this turn | 300 sec total | 5 sec grace\n|\n|t:|1783564667\n|switch|p1a: Delphox|Delphox, L84, F|263/263\n|turn|10\n|inactive|Time left: 300 sec this turn | 300 sec total\n|\n|t:|1783564668\n|move|p1a: Delphox|Fire Blast|p2a: Umbreon\n|-damage|p2a: Umbreon|0 fnt\n|faint|p2a: Umbreon\n|\n|upkeep\n|\n|t:|1783564669\n|switch|p2a: Raging Bolt|Raging Bolt, L78|100/100\n|turn|11\n|inactive|Time left: 300 sec this turn | 300 sec total\n|\n|t:|1783564670\n|move|p1a: Delphox|Nasty Plot|p1a: Delphox\n|-boost|p1a: Delphox|spa|2\n|move|p2a: Raging Bolt|Calm Mind|p2a: Raging Bolt\n|-boost|p2a: Raging Bolt|spa|1\n|-boost|p2a: Raging Bolt|spd|1\n|\n|upkeep\n|turn|12\n|inactive|Time left: 300 sec this turn | 300 sec total\n|\n|t:|1783564671\n|move|p1a: Delphox|Psyshock|p2a: Raging Bolt\n|-damage|p2a: Raging Bolt|33/100\n|move|p2a: Raging Bolt|Thunderbolt|p1a: Delphox\n|-damage|p1a: Delphox|107/263\n|\n|-heal|p2a: Raging Bolt|40/100|[from] item: Leftovers\n|upkeep\n|turn|13\n|inactive|Time left: 300 sec this turn | 300 sec total\n|\n|t:|1783564672\n|move|p2a: Raging Bolt|Thunderclap|p1a: Delphox\n|-damage|p1a: Delphox|0 fnt\n|faint|p1a: Delphox\n|\n|-heal|p2a: Raging Bolt|46/100|[from] item: Leftovers\n|upkeep\n|inactive|Time left: 300 sec this turn | 300 sec total | 5 sec grace\n|\n|t:|1783564673\n|switch|p1a: Oinkologne|Oinkologne-F, L92, F|361/361\n|turn|14\n|inactive|Time left: 300 sec this turn | 300 sec total\n|\n|t:|1783564674\n|-end|p2a: Raging Bolt|Protosynthesis|[silent]\n|switch|p2a: Archaludon|Archaludon, L78, F|100/100\n|move|p1a: Oinkologne|Body Slam|p2a: Archaludon\n|-resisted|p2a: Archaludon\n|-damage|p2a: Archaludon|86/100\n|-ability|p2a: Archaludon|Stamina|boost\n|-boost|p2a: Archaludon|def|1\n|\n|upkeep\n|turn|15\n|inactive|Time left: 300 sec this turn | 300 sec total\n|\n|t:|1783564675\n|move|p2a: Archaludon|Swords Dance|p2a: Archaludon\n|-boost|p2a: Archaludon|atk|2\n|move|p1a: Oinkologne|Curse|p1a: Oinkologne\n|-unboost|p1a: Oinkologne|spe|1\n|-boost|p1a: Oinkologne|atk|1\n|-boost|p1a: Oinkologne|def|1\n|\n|upkeep\n|turn|16\n|inactive|Time left: 300 sec this turn | 300 sec total\n|\n|t:|1783564676\n|move|p2a: Archaludon|Swords Dance|p2a: Archaludon\n|-boost|p2a: Archaludon|atk|2\n|move|p1a: Oinkologne|Curse|p1a: Oinkologne\n|-unboost|p1a: Oinkologne|spe|1\n|-boost|p1a: Oinkologne|atk|1\n|-boost|p1a: Oinkologne|def|1\n|\n|upkeep\n|turn|17\n|inactive|Time left: 300 sec this turn | 300 sec total\n|\n|t:|1783564677\n|move|p2a: Archaludon|Outrage|p1a: Oinkologne\n|-damage|p1a: Oinkologne|163/361\n|move|p1a: Oinkologne|Curse|p1a: Oinkologne\n|-unboost|p1a: Oinkologne|spe|1\n|-boost|p1a: Oinkologne|atk|1\n|-boost|p1a: Oinkologne|def|1\n|\n|-heal|p1a: Oinkologne|185/361|[from] item: Leftovers\n|upkeep\n|turn|18\n|inactive|Time left: 300 sec this turn | 300 sec total\n|\n|t:|1783564677\n|move|p2a: Archaludon|Outrage|p1a: Oinkologne|[from] lockedmove\n|-damage|p1a: Oinkologne|40/361\n|-start|p2a: Archaludon|confusion|[fatigue]\n|move|p1a: Oinkologne|Rest|p1a: Oinkologne\n|-status|p1a: Oinkologne|slp|[from] move: Rest\n|-heal|p1a: Oinkologne|361/361 slp|[silent]\n|\n|upkeep\n|turn|19\n|inactive|Time left: 300 sec this turn | 300 sec total\n|\n|t:|1783564678\n|-activate|p2a: Archaludon|confusion\n|move|p2a: Archaludon|Outrage|p1a: Oinkologne\n|-damage|p1a: Oinkologne|208/361 slp\n|cant|p1a: Oinkologne|slp\n|move|p1a: Oinkologne|Sleep Talk|p1a: Oinkologne\n|move|p1a: Oinkologne|Rest||[from] move: Sleep Talk|[still]\n|-fail|p1a: Oinkologne\n|\n|-heal|p1a: Oinkologne|230/361 slp|[from] item: Leftovers\n|upkeep\n|turn|20\n|inactive|Time left: 300 sec this turn | 300 sec total\n|\n|t:|1783564679\n|-activate|p2a: Archaludon|confusion\n|move|p2a: Archaludon|Outrage|p1a: Oinkologne|[from] lockedmove\n|-damage|p1a: Oinkologne|89/361 slp\n|cant|p1a: Oinkologne|slp\n|move|p1a: Oinkologne|Sleep Talk|p1a: Oinkologne\n|move|p1a: Oinkologne|Rest||[from] move: Sleep Talk|[still]\n|-fail|p1a: Oinkologne\n|\n|-heal|p1a: Oinkologne|111/361 slp|[from] item: Leftovers\n|upkeep\n|turn|21\n|inactive|Time left: 300 sec this turn | 300 sec total\n|\n|t:|1783564680\n|-activate|p2a: Archaludon|confusion\n|move|p2a: Archaludon|Outrage|p1a: Oinkologne\n|-damage|p1a: Oinkologne|0 fnt\n|faint|p1a: Oinkologne\n|\n|upkeep\n|inactive|Time left: 300 sec this turn | 300 sec total | 5 sec grace\n|\n|t:|1783564680\n|switch|p1a: Kilowattrel|Kilowattrel, L83, F|252/252\n|turn|22\n|inactive|Time left: 300 sec this turn | 300 sec total\n|\n|t:|1783564681\n|move|p1a: Kilowattrel|Hurricane|p2a: Archaludon\n|-resisted|p2a: Archaludon\n|-damage|p2a: Archaludon|57/100\n|-ability|p2a: Archaludon|Stamina|boost\n|-boost|p2a: Archaludon|def|1\n|-activate|p2a: Archaludon|confusion\n|move|p2a: Archaludon|Outrage|p1a: Kilowattrel|[from] lockedmove\n|-damage|p1a: Kilowattrel|0 fnt\n|faint|p1a: Kilowattrel\n|\n|win|p0y212943cc", "uploadtime": 1783564681, "views": 0, "rating": 0, "private": 0, "password": null, "_winner": "p0y212943cc", "_our_name": "p0x212912e0"}