{"id": "battle-gen9randombattle-2607", "formatid": "gen9randombattle", "format": "[Gen 9] Random Battle", "players": ["p0x26070b2c", "p0y2607c24d"], "log": "|init|battle\n|title|p0x26070b2c vs. p0y2607c24d\n|j|\u2606p0x26070b2c\n|j|\u2606p0y2607c24d\n|t:|1783569126\n|gametype|singles\n|player|p1|p0x26070b2c|1|\n|player|p2|p0y2607c24d|2|\n|gen|9\n|tier|[Gen 9] Random Battle\n|rule|Species Clause: Limit one of each Pok\u00e9mon\n|rule|HP Percentage Mod: HP is shown in percentages\n|rule|Sleep Clause Mod: Limit one foe put to sleep\n|rule|Illusion Level Mod: Illusion disguises the Pok\u00e9mon's true level\n|\n|t:|1783569126\n|teamsize|p1|6\n|teamsize|p2|6\n|start\n|switch|p1a: Minior|Minior-Green, L79|100/100\n|switch|p2a: Raikou|Raikou, L81|278/278\n|-ability|p2a: Raikou|Pressure\n|-formechange|p1a: Minior|Minior-Meteor||[from] ability: Shields Down\n|turn|1\n|inactive|Battle timer is ON: inactive players will automatically lose when time's up. (requested by p0y2607c24d)\n|inactive|p0x26070b2c also wants the timer to be on.\n|\n|t:|1783569128\n|move|p2a: Raikou|Thunderbolt|p1a: Minior\n|-supereffective|p1a: Minior\n|-damage|p1a: Minior|0 fnt\n|faint|p1a: Minior\n|\n|upkeep\n|\n|t:|1783569129\n|switch|p1a: Chien-Pao|Chien-Pao, L72|100/100\n|-ability|p1a: Chien-Pao|Sword of Ruin\n|turn|2\n|inactive|Time left: 300 sec this turn | 300 sec total\n|\n|t:|1783569130\n|move|p1a: Chien-Pao|Throat Chop|p2a: Raikou\n|-damage|p2a: Raikou|121/278\n|-start|p2a: Raikou|Throat Chop|[silent]\n|move|p2a: Raikou|Thunderbolt|p1a: Chien-Pao\n|-damage|p1a: Chien-Pao|2/100\n|-status|p1a: Chien-Pao|par\n|\n|upkeep\n|turn|3\n|inactive|Time left: 300 sec this turn | 300 sec total\n|\n|t:|1783569131\n|move|p2a: Raikou|Thunderbolt|p1a: Chien-Pao\n|-damage|p1a: Chien-Pao|0 fnt\n|faint|p1a: Chien-Pao\n|\n|-end|p2a: Raikou|Throat Chop|[silent]\n|upkeep\n|\n|t:|1783569132\n|switch|p1a: Brambleghast|Brambleghast, L88, F|100/100\n|turn|4\n|inactive|Time left: 300 sec this turn | 300 sec total\n|\n|t:|1783569133\n|move|p2a: Raikou|Thunderbolt|p1a: Brambleghast\n|-resisted|p1a: Brambleghast\n|-damage|p1a: Brambleghast|66/100\n|move|p1a: Brambleghast|Poltergeist|p2a: Raikou\n|-activate|p2a: Raikou|move: Poltergeist|Choice Specs\n|-damage|p2a: Raikou|0 fnt\n|faint|p2a: Raikou\n|\n|-heal|p1a: Brambleghast|73/100|[from] item: Leftovers\n|upkeep\n|inactive|Time left: 300 sec this turn | 300 sec total | 5 sec grace\n|\n|t:|1783569134\n|switch|p2a: Sunflora|Sunflora, F|312/312\n|turn|5\n|inactive|Time left: 300 sec this turn | 300 sec total\n|\n|t:|1783569136\n|move|p1a: Brambleghast|Poltergeist|p2a: Sunflora\n|-activate|p2a: Sunflora|move: Poltergeist|Choice Specs\n|-damage|p2a: Sunflora|128/312\n|move|p2a: Sunflora|Sludge Bomb|p1a: Brambleghast\n|-damage|p1a: Brambleghast|4/100\n|-status|p1a: Brambleghast|psn\n|\n|-heal|p1a: Brambleghast|10/100 psn|[from] item: Leftovers\n|-damage|p1a: Brambleghast|0 fnt|[from] psn\n|faint|p1a: Brambleghast\n|upkeep\n|\n|t:|1783569136\n|switch|p1a: Emboar|Emboar, L84, F|100/100\n|turn|6\n|inactive|Time left: 300 sec this turn | 300 sec total\n|\n|t:|1783569137\n|move|p1a: Emboar|Flare Blitz|p2a: Sunflora\n|-supereffective|p2a: Sunflora\n|-damage|p2a: Sunflora|0 fnt\n|faint|p2a: Sunflora\n|-damage|p1a: Emboar|87/100|[from] Recoil\n|\n|-heal|p1a: Emboar|94/100|[from] item: Leftovers\n|upkeep\n|inactive|Time left: 300 sec this turn | 300 sec total | 5 sec grace\n|\n|t:|1783569138\n|switch|p2a: Bombirdier|Bombirdier, L85, F|258/258\n|turn|7\n|inactive|Time left: 300 sec this turn | 300 sec total\n|\n|t:|1783569139\n|switch|p1a: Deoxys|Deoxys-Defense, L84|100/100\n|-ability|p1a: Deoxys|Pressure\n|move|p2a: Bombirdier|Brave Bird|p1a: Deoxys\n|-damage|p1a: Deoxys|60/100\n|-damage|p2a: Bombirdier|228/258|[from] Recoil\n|\n|-heal|p1a: Deoxys|66/100|[from] item: Leftovers\n|upkeep\n|turn|8\n|inactive|Time left: 300 sec this turn | 300 sec total\n|\n|t:|1783569140\n|move|p1a: Deoxys|Knock Off|p2a: Bombirdier\n|-resisted|p2a: Bombirdier\n|-damage|p2a: Bombirdier|201/258\n|-enditem|p2a: Bombirdier|Heavy-Duty Boots|[from] move: Knock Off|[of] p1a: Deoxys\n|move|p2a: Bombirdier|Knock Off|p1a: Deoxys\n|-supereffective|p1a: Deoxys\n|-damage|p1a: Deoxys|0 fnt\n|-enditem|p1a: Deoxys|Leftovers|[from] move: Knock Off|[of] p2a: Bombirdier\n|faint|p1a: Deoxys\n|\n|upkeep\n|\n|t:|1783569141\n|switch|p1a: Cryogonal|Cryogonal, L89|100/100\n|turn|9\n|inactive|Time left: 300 sec this turn | 300 sec total\n|\n|t:|1783569142\n|-terastallize|p2a: Bombirdier|Steel\n|move|p1a: Cryogonal|Ice Beam|p2a: Bombirdier\n|-resisted|p2a: Bombirdier\n|-crit|p2a: Bombirdier\n|-damage|p2a: Bombirdier|125/258\n|move|p2a: Bombirdier|Knock Off|p1a: Cryogonal\n|-damage|p1a: Cryogonal|48/100\n|-enditem|p1a: Cryogonal|Heavy-Duty Boots|[from] move: Knock Off|[of] p2a: Bombirdier\n|\n|upkeep\n|turn|10\n|inactive|Time left: 300 sec this turn | 300 sec total\n|\n|t:|1783569144\n|move|p1a: Cryogonal|Recover|p1a: Cryogonal\n|-heal|p1a: Cryogonal|98/100\n|move|p2a: Bombirdier|Roost|p2a: Bombirdier\n|-heal|p2a: Bombirdier|254/258\n|\n|upkeep\n|turn|11\n|inactive|Time left: 300 sec this turn | 300 sec total\n|\n|t:|1783569144\n|move|p1a: Cryogonal|Rapid Spin|p2a: Bombirdier\n|-resisted|p2a: Bombirdier\n|-damage|p2a: Bombirdier|242/258\n|-boost|p1a: Cryogonal|spe|1\n|move|p2a: Bombirdier|Brave Bird|p1a: Cryogonal\n|-damage|p1a: Cryogonal|30/100\n|-damage|p2a: Bombirdier|177/258|[from] Recoil\n|\n|upkeep\n|turn|12\n|inactive|Time left: 300 sec this turn | 300 sec total\n|\n|t:|1783569146\n|move|p1a: Cryogonal|Recover|p1a: Cryogonal\n|-heal|p1a: Cryogonal|80/100\n|move|p2a: Bombirdier|Brave Bird|p1a: Cryogonal\n|-damage|p1a: Cryogonal|15/100\n|-damage|p2a: Bombirdier|116/258|[from] Recoil\n|\n|upkeep\n|turn|13\n|inactive|Time left: 300 sec this turn | 300 sec total\n|\n|t:|1783569146\n|-terastallize|p1a: Cryogonal|Electric\n|move|p1a: Cryogonal|Recover|p1a: Cryogonal\n|-heal|p1a: Cryogonal|65/100\n|move|p2a: Bombirdier|Brave Bird|p1a: Cryogonal\n|-resisted|p1a: Cryogonal\n|-damage|p1a: Cryogonal|30/100\n|-damage|p2a: Bombirdier|83/258|[from] Recoil\n|\n|upkeep\n|turn|14\n|inactive|Time left: 300 sec this turn | 300 sec total\n|\n|t:|1783569147\n|move|p1a: Cryogonal|Tera Blast|p2a: Bombirdier|[anim] Tera Blast Electric\n|-damage|p2a: Bombirdier|0 fnt\n|faint|p2a: Bombirdier\n|\n|upkeep\n|inactive|Time left: 300 sec this turn | 300 sec total | 5 sec grace\n|\n|t:|1783569148\n|switch|p2a: Terrakion|Terrakion, L79|273/273\n|turn|15\n|inactive|Time left: 300 sec this turn | 300 sec total\n|\n|t:|1783569149\n|move|p1a: Cryogonal|Ice Beam|p2a: Terrakion\n|-damage|p2a: Terrakion|165/273\n|move|p2a: Terrakion|Swords Dance|p2a: Terrakion\n|-boost|p2a: Terrakion|atk|2\n|\n|upkeep\n|turn|16\n|inactive|Time left: 300 sec this turn | 300 sec total\n|\n|t:|1783569150\n|switch|p1a: Emboar|Emboar, L84, F|94/100\n|move|p2a: Terrakion|Stone Edge|p1a: Emboar\n|-damage|p1a: Emboar|0 fnt\n|faint|p1a: Emboar\n|-damage|p2a: Terrakion|138/273|[from] item: Life Orb\n|\n|upkeep\n|\n|t:|1783569151\n|switch|p1a: Cryogonal|Cryogonal, L89, tera:Electric|30/100\n|turn|17\n|inactive|Time left: 300 sec this turn | 300 sec total\n|\n|t:|1783569151\n|move|p1a: Cryogonal|Ice Beam|p2a: Terrakion\n|-damage|p2a: Terrakion|20/273\n|move|p2a: Terrakion|Close Combat|p1a: Cryogonal\n|-damage|p1a: Cryogonal|0 fnt\n|-unboost|p2a: Terrakion|def|1\n|-unboost|p2a: Terrakion|spd|1\n|faint|p1a: Cryogonal\n|-damage|p2a: Terrakion|0 fnt|[from] item: Life Orb\n|faint|p2a: Terrakion\n|\n|win|p0y2607c24d", "uploadtime": 1783569151, "views": 0, "rating": 0, "private": 0, "password": null, "_winner": "p0y2607c24d", "_our_name": "p0y2607c24d"}