{"id": "battle-gen9randombattle-2080", "formatid": "gen9randombattle", "format": "[Gen 9] Random Battle", "players": ["p0x20805b06", "p0y20804d73"], "log": "|init|battle\n|title|p0x20805b06 vs. p0y20804d73\n|j|\u2606p0x20805b06\n|j|\u2606p0y20804d73\n|t:|1783563276\n|gametype|singles\n|player|p1|p0x20805b06|1|\n|player|p2|p0y20804d73|170|\n|gen|9\n|tier|[Gen 9] Random Battle\n|rule|Species Clause: Limit one of each Pok\u00e9mon\n|rule|HP Percentage Mod: HP is shown in percentages\n|rule|Sleep Clause Mod: Limit one foe put to sleep\n|rule|Illusion Level Mod: Illusion disguises the Pok\u00e9mon's true level\n|\n|t:|1783563276\n|teamsize|p1|6\n|teamsize|p2|6\n|start\n|switch|p1a: Umbreon|Umbreon, L84, M|100/100\n|switch|p2a: Camerupt|Camerupt, L91, F|275/275\n|turn|1\n|inactive|Battle timer is ON: inactive players will automatically lose when time's up. (requested by p0x20805b06)\n|inactive|Time left: 300 sec this turn | 300 sec total | 60 sec grace\n|inactive|p0y20804d73 also wants the timer to be on.\n|\n|t:|1783563278\n|move|p1a: Umbreon|Foul Play|p2a: Camerupt\n|-damage|p2a: Camerupt|164/275\n|move|p2a: Camerupt|Stealth Rock|p1a: Umbreon\n|-sidestart|p1: p0x20805b06|move: Stealth Rock\n|\n|-heal|p2a: Camerupt|181/275|[from] item: Leftovers\n|upkeep\n|turn|2\n|inactive|Time left: 300 sec this turn | 300 sec total\n|\n|t:|1783563279\n|move|p1a: Umbreon|Foul Play|p2a: Camerupt\n|-damage|p2a: Camerupt|52/275\n|move|p2a: Camerupt|Earthquake|p1a: Umbreon\n|-damage|p1a: Umbreon|67/100\n|\n|-heal|p1a: Umbreon|73/100|[from] item: Leftovers\n|-heal|p2a: Camerupt|69/275|[from] item: Leftovers\n|upkeep\n|turn|3\n|inactive|Time left: 300 sec this turn | 300 sec total\n|\n|t:|1783563280\n|switch|p2a: Perrserker|Perrserker, L89, F|269/269\n|move|p1a: Umbreon|Foul Play|p2a: Perrserker\n|-damage|p2a: Perrserker|176/269\n|\n|-heal|p1a: Umbreon|79/100|[from] item: Leftovers\n|upkeep\n|turn|4\n|inactive|Time left: 300 sec this turn | 300 sec total\n|\n|t:|1783563281\n|move|p1a: Umbreon|Protect|p1a: Umbreon\n|-singleturn|p1a: Umbreon|Protect\n|move|p2a: Perrserker|Iron Head|p1a: Umbreon\n|-activate|p1a: Umbreon|move: Protect\n|\n|-heal|p1a: Umbreon|85/100|[from] item: Leftovers\n|upkeep\n|turn|5\n|inactive|Time left: 300 sec this turn | 300 sec total\n|\n|t:|1783563282\n|move|p1a: Umbreon|Foul Play|p2a: Perrserker\n|-damage|p2a: Perrserker|71/269\n|move|p2a: Perrserker|Iron Head|p1a: Umbreon\n|-damage|p1a: Umbreon|26/100\n|\n|-heal|p1a: Umbreon|32/100|[from] item: Leftovers\n|upkeep\n|turn|6\n|inactive|Time left: 300 sec this turn | 300 sec total\n|\n|t:|1783563283\n|move|p1a: Umbreon|Foul Play|p2a: Perrserker\n|-damage|p2a: Perrserker|0 fnt\n|faint|p2a: Perrserker\n|\n|-heal|p1a: Umbreon|38/100|[from] item: Leftovers\n|upkeep\n|inactive|Time left: 300 sec this turn | 300 sec total | 5 sec grace\n|\n|t:|1783563284\n|switch|p2a: Furret|Furret, L94, F|312/312\n|-item|p1a: Umbreon|Leftovers|[from] ability: Frisk|[of] p2a: Furret\n|turn|7\n|inactive|Time left: 300 sec this turn | 300 sec total\n|\n|t:|1783563286\n|switch|p1a: Skeledirge|Skeledirge, L79, F|100/100\n|move|p2a: Furret|Double-Edge|p1a: Skeledirge\n|-immune|p1a: Skeledirge\n|\n|upkeep\n|turn|8\n|inactive|Time left: 300 sec this turn | 300 sec total\n|\n|t:|1783563287\n|switch|p2a: Greedent|Greedent, L86, F|347/347\n|move|p1a: Skeledirge|Torch Song|p2a: Greedent\n|-damage|p2a: Greedent|254/347\n|-boost|p1a: Skeledirge|spa|1\n|\n|upkeep\n|turn|9\n|inactive|Time left: 300 sec this turn | 300 sec total\n|\n|t:|1783563288\n|move|p1a: Skeledirge|Torch Song|p2a: Greedent\n|-damage|p2a: Greedent|119/347\n|-boost|p1a: Skeledirge|spa|1\n|-enditem|p2a: Greedent|Sitrus Berry|[eat]\n|-heal|p2a: Greedent|205/347|[from] item: Sitrus Berry\n|-heal|p2a: Greedent|320/347|[from] ability: Cheek Pouch\n|move|p2a: Greedent|Knock Off|p1a: Skeledirge\n|-supereffective|p1a: Skeledirge\n|-damage|p1a: Skeledirge|56/100\n|-enditem|p1a: Skeledirge|Heavy-Duty Boots|[from] move: Knock Off|[of] p2a: Greedent\n|\n|upkeep\n|turn|10\n|inactive|Time left: 300 sec this turn | 300 sec total\n|\n|t:|1783563289\n|switch|p2a: Moltres|Moltres-Galar, L79|271/271\n|move|p1a: Skeledirge|Torch Song|p2a: Moltres\n|-damage|p2a: Moltres|141/271\n|-boost|p1a: Skeledirge|spa|1\n|\n|upkeep\n|turn|11\n|inactive|Time left: 300 sec this turn | 300 sec total\n|\n|t:|1783563290\n|-terastallize|p1a: Skeledirge|Fairy\n|move|p2a: Moltres|Fiery Wrath|p1a: Skeledirge\n|-resisted|p1a: Skeledirge\n|-damage|p1a: Skeledirge|40/100\n|cant|p1a: Skeledirge|flinch\n|\n|upkeep\n|turn|12\n|inactive|Time left: 300 sec this turn | 300 sec total\n|\n|t:|1783563291\n|move|p2a: Moltres|Hurricane|p1a: Skeledirge\n|-damage|p1a: Skeledirge|0 fnt\n|faint|p1a: Skeledirge\n|\n|upkeep\n|\n|t:|1783563292\n|switch|p1a: Politoed|Politoed, L88, M|100/100\n|-damage|p1a: Politoed|88/100|[from] Stealth Rock\n|-weather|RainDance|[from] ability: Drizzle|[of] p1a: Politoed\n|turn|13\n|inactive|Time left: 300 sec this turn | 300 sec total\n|\n|t:|1783563293\n|move|p2a: Moltres|Rest|p2a: Moltres\n|-status|p2a: Moltres|slp|[from] move: Rest\n|-heal|p2a: Moltres|271/271 slp|[silent]\n|-enditem|p2a: Moltres|Chesto Berry|[eat]\n|-curestatus|p2a: Moltres|slp|[msg]\n|move|p1a: Politoed|Weather Ball|p2a: Moltres\n|-damage|p2a: Moltres|63/271\n|-ability|p2a: Moltres|Berserk|boost\n|-boost|p2a: Moltres|spa|1\n|\n|-weather|RainDance|[upkeep]\n|upkeep\n|turn|14\n|inactive|Time left: 300 sec this turn | 300 sec total\n|\n|t:|1783563294\n|move|p2a: Moltres|Hurricane|p1a: Politoed\n|-damage|p1a: Politoed|43/100\n|move|p1a: Politoed|Weather Ball|p2a: Moltres\n|-damage|p2a: Moltres|0 fnt\n|faint|p2a: Moltres\n|\n|-weather|RainDance|[upkeep]\n|upkeep\n|inactive|Time left: 300 sec this turn | 300 sec total | 5 sec grace\n|\n|t:|1783563295\n|switch|p2a: Furret|Furret, L94, F|312/312\n|-item|p1a: Politoed|Choice Specs|[from] ability: Frisk|[of] p2a: Furret\n|turn|15\n|inactive|Time left: 300 sec this turn | 300 sec total\n|\n|t:|1783563296\n|move|p2a: Furret|Double-Edge|p1a: Politoed\n|-damage|p1a: Politoed|0 fnt\n|faint|p1a: Politoed\n|-damage|p2a: Furret|269/312|[from] Recoil\n|\n|-weather|RainDance|[upkeep]\n|upkeep\n|\n|t:|1783563297\n|switch|p1a: Dodrio|Dodrio, L85, F|100/100\n|-damage|p1a: Dodrio|76/100|[from] Stealth Rock\n|turn|16\n|inactive|Time left: 300 sec this turn | 300 sec total\n|\n|t:|1783563298\n|move|p1a: Dodrio|Brave Bird|p2a: Furret\n|-damage|p2a: Furret|4/312\n|-damage|p1a: Dodrio|40/100|[from] Recoil\n|move|p2a: Furret|Double-Edge|p1a: Dodrio\n|-damage|p1a: Dodrio|0 fnt\n|faint|p1a: Dodrio\n|-damage|p2a: Furret|0 fnt|[from] Recoil\n|faint|p2a: Furret\n|\n|-weather|RainDance|[upkeep]\n|upkeep\n|inactive|Time left: 300 sec this turn | 300 sec total | 5 sec grace\n|\n|t:|1783563299\n|switch|p1a: Umbreon|Umbreon, L84, M|38/100\n|switch|p2a: Greedent|Greedent, L86, F|320/347\n|-damage|p1a: Umbreon|26/100|[from] Stealth Rock\n|turn|17\n|inactive|Time left: 300 sec this turn | 300 sec total\n|\n|t:|1783563300\n|move|p1a: Umbreon|Toxic|p2a: Greedent\n|-status|p2a: Greedent|tox\n|move|p2a: Greedent|Swords Dance|p2a: Greedent\n|-boost|p2a: Greedent|atk|2\n|\n|-weather|none\n|-heal|p1a: Umbreon|32/100|[from] item: Leftovers\n|-damage|p2a: Greedent|299/347 tox|[from] psn\n|upkeep\n|turn|18\n|inactive|Time left: 300 sec this turn | 300 sec total\n|\n|t:|1783563302\n|move|p1a: Umbreon|Foul Play|p2a: Greedent\n|-damage|p2a: Greedent|125/347 tox\n|move|p2a: Greedent|Body Slam|p1a: Umbreon\n|-damage|p1a: Umbreon|0 fnt\n|faint|p1a: Umbreon\n|\n|-damage|p2a: Greedent|83/347 tox|[from] psn\n|upkeep\n|\n|t:|1783563302\n|switch|p1a: Gyarados|Gyarados, L79, F|100/100\n|turn|19\n|inactive|Time left: 300 sec this turn | 300 sec total\n|\n|t:|1783563304\n|move|p1a: Gyarados|Waterfall|p2a: Greedent\n|-damage|p2a: Greedent|0 fnt\n|faint|p2a: Greedent\n|-ability|p1a: Gyarados|Moxie|boost\n|-boost|p1a: Gyarados|atk|1\n|\n|upkeep\n|inactive|Time left: 300 sec this turn | 300 sec total | 5 sec grace\n|\n|t:|1783563305\n|switch|p2a: Alomomola|Alomomola, L87, M|429/429\n|turn|20\n|inactive|Time left: 300 sec this turn | 300 sec total\n|\n|t:|1783563306\n|move|p1a: Gyarados|Dragon Dance|p1a: Gyarados\n|-boost|p1a: Gyarados|atk|1\n|-boost|p1a: Gyarados|spe|1\n|move|p2a: Alomomola|Scald|p1a: Gyarados\n|-resisted|p1a: Gyarados\n|-damage|p1a: Gyarados|92/100\n|-status|p1a: Gyarados|brn\n|\n|-damage|p1a: Gyarados|85/100 brn|[from] brn\n|upkeep\n|turn|21\n|inactive|Time left: 300 sec this turn | 300 sec total\n|\n|t:|1783563306\n|move|p1a: Gyarados|Dragon Dance|p1a: Gyarados\n|-boost|p1a: Gyarados|atk|1\n|-boost|p1a: Gyarados|spe|1\n|move|p2a: Alomomola|Wish|p2a: Alomomola\n|\n|-damage|p1a: Gyarados|79/100 brn|[from] brn\n|upkeep\n|turn|22\n|inactive|Time left: 300 sec this turn | 300 sec total\n|\n|t:|1783563307\n|move|p1a: Gyarados|Dragon Dance|p1a: Gyarados\n|-boost|p1a: Gyarados|atk|1\n|-boost|p1a: Gyarados|spe|1\n|move|p2a: Alomomola|Flip Turn|p1a: Gyarados\n|-resisted|p1a: Gyarados\n|-damage|p1a: Gyarados|68/100 brn\n|inactive|Time left: 300 sec this turn | 300 sec total | 5 sec grace\n|\n|t:|1783563308\n|switch|p2a: Camerupt|Camerupt, L91, F|69/275|[from] Flip Turn\n|\n|-heal|p2a: Camerupt|275/275|[from] move: Wish|[wisher] Alomomola\n|-damage|p1a: Gyarados|62/100 brn|[from] brn\n|upkeep\n|turn|23\n|inactive|Time left: 300 sec this turn | 300 sec total\n|\n|t:|1783563309\n|-terastallize|p2a: Camerupt|Grass\n|move|p1a: Gyarados|Waterfall|p2a: Camerupt\n|-resisted|p2a: Camerupt\n|-damage|p2a: Camerupt|203/275\n|move|p2a: Camerupt|Roar|p1a: Gyarados\n|drag|p1a: Mew|Mew, L82|100/100\n|-damage|p1a: Mew|88/100|[from] Stealth Rock\n|\n|-heal|p2a: Camerupt|220/275|[from] item: Leftovers\n|upkeep\n|turn|24\n|inactive|Time left: 300 sec this turn | 300 sec total\n|\n|t:|1783563310\n|move|p1a: Mew|Swords Dance|p1a: Mew\n|-boost|p1a: Mew|atk|2\n|move|p2a: Camerupt|Overheat|p1a: Mew|[miss]\n|-miss|p2a: Camerupt|p1a: Mew\n|\n|-heal|p2a: Camerupt|237/275|[from] item: Leftovers\n|upkeep\n|turn|25\n|inactive|Time left: 300 sec this turn | 300 sec total\n|\n|t:|1783563311\n|move|p1a: Mew|Psychic Fangs|p2a: Camerupt\n|-damage|p2a: Camerupt|2/275\n|-damage|p1a: Mew|78/100|[from] item: Life Orb\n|move|p2a: Camerupt|Overheat|p1a: Mew\n|-damage|p1a: Mew|23/100\n|-unboost|p2a: Camerupt|spa|2\n|\n|-heal|p2a: Camerupt|19/275|[from] item: Leftovers\n|upkeep\n|turn|26\n|inactive|Time left: 300 sec this turn | 300 sec total\n|\n|t:|1783563312\n|move|p1a: Mew|Psychic Fangs|p2a: Camerupt\n|-damage|p2a: Camerupt|0 fnt\n|faint|p2a: Camerupt\n|-damage|p1a: Mew|13/100|[from] item: Life Orb\n|\n|upkeep\n|inactive|Time left: 300 sec this turn | 300 sec total | 5 sec grace\n|\n|t:|1783563313\n|switch|p2a: Alomomola|Alomomola, L87, M|429/429\n|turn|27\n|inactive|Time left: 300 sec this turn | 300 sec total\n|\n|t:|1783563313\n|move|p2a: Alomomola|Protect|p2a: Alomomola\n|-singleturn|p2a: Alomomola|Protect\n|move|p1a: Mew|Psychic Fangs|p2a: Alomomola\n|-activate|p2a: Alomomola|move: Protect\n|\n|upkeep\n|turn|28\n|inactive|Time left: 300 sec this turn | 300 sec total\n|\n|t:|1783563314\n|move|p1a: Mew|Knock Off|p2a: Alomomola\n|-damage|p2a: Alomomola|247/429\n|-damage|p1a: Mew|0 fnt|[from] item: Rocky Helmet|[of] p2a: Alomomola\n|faint|p1a: Mew\n|move|p2a: Alomomola|Wish|p2a: Alomomola\n|\n|upkeep\n|\n|t:|1783563315\n|switch|p1a: Gyarados|Gyarados, L79, F|62/100 brn\n|turn|29\n|inactive|Time left: 300 sec this turn | 300 sec total\n|\n|t:|1783563315\n|move|p1a: Gyarados|Dragon Dance|p1a: Gyarados\n|-boost|p1a: Gyarados|atk|1\n|-boost|p1a: Gyarados|spe|1\n|move|p2a: Alomomola|Flip Turn|p1a: Gyarados\n|-resisted|p1a: Gyarados\n|-damage|p1a: Gyarados|51/100 brn\n|\n|-heal|p2a: Alomomola|429/429|[from] move: Wish|[wisher] Alomomola\n|-damage|p1a: Gyarados|45/100 brn|[from] brn\n|upkeep\n|turn|30\n|inactive|Time left: 300 sec this turn | 300 sec total\n|\n|t:|1783563316\n|move|p1a: Gyarados|Dragon Dance|p1a: Gyarados\n|-boost|p1a: Gyarados|atk|1\n|-boost|p1a: Gyarados|spe|1\n|move|p2a: Alomomola|Flip Turn|p1a: Gyarados\n|-resisted|p1a: Gyarados\n|-damage|p1a: Gyarados|34/100 brn\n|\n|-damage|p1a: Gyarados|28/100 brn|[from] brn\n|upkeep\n|turn|31\n|inactive|Time left: 300 sec this turn | 300 sec total\n|\n|t:|1783563317\n|move|p1a: Gyarados|Dragon Dance|p1a: Gyarados\n|-boost|p1a: Gyarados|atk|1\n|-boost|p1a: Gyarados|spe|1\n|move|p2a: Alomomola|Flip Turn|p1a: Gyarados\n|-resisted|p1a: Gyarados\n|-damage|p1a: Gyarados|16/100 brn\n|\n|-damage|p1a: Gyarados|10/100 brn|[from] brn\n|upkeep\n|turn|32\n|inactive|Time left: 300 sec this turn | 300 sec total\n|\n|t:|1783563318\n|move|p1a: Gyarados|Dragon Dance|p1a: Gyarados\n|-boost|p1a: Gyarados|atk|1\n|-boost|p1a: Gyarados|spe|1\n|move|p2a: Alomomola|Scald|p1a: Gyarados\n|-resisted|p1a: Gyarados\n|-damage|p1a: Gyarados|1/100 brn\n|\n|-damage|p1a: Gyarados|0 fnt|[from] brn\n|faint|p1a: Gyarados\n|\n|win|p0y20804d73", "uploadtime": 1783563318, "views": 0, "rating": 0, "private": 0, "password": null, "_winner": "p0y20804d73", "_our_name": "p0y20804d73"}