{"id": "battle-gen9randombattle-39", "formatid": "gen9randombattle", "format": "[Gen 9] Random Battle", "players": ["p0x0395528", "p0y039ad12"], "log": "|init|battle\n|title|p0x0395528 vs. p0y039ad12\n|j|\u2606p0x0395528\n|j|\u2606p0y039ad12\n|t:|1783539875\n|gametype|singles\n|player|p1|p0x0395528|2|\n|player|p2|p0y039ad12|266|\n|gen|9\n|tier|[Gen 9] Random Battle\n|rule|Species Clause: Limit one of each Pok\u00e9mon\n|rule|HP Percentage Mod: HP is shown in percentages\n|rule|Sleep Clause Mod: Limit one foe put to sleep\n|rule|Illusion Level Mod: Illusion disguises the Pok\u00e9mon's true level\n|\n|t:|1783539875\n|teamsize|p1|6\n|teamsize|p2|6\n|start\n|switch|p1a: Arceus|Arceus-Electric, L70|100/100\n|switch|p2a: Gyarados|Gyarados, L79, M|280/280\n|-ability|p2a: Gyarados|Intimidate|boost\n|-unboost|p1a: Arceus|atk|1\n|turn|1\n|inactive|Battle timer is ON: inactive players will automatically lose when time's up. (requested by p0x0395528)\n|inactive|Time left: 300 sec this turn | 300 sec total | 60 sec grace\n|inactive|p0y039ad12 also wants the timer to be on.\n|\n|t:|1783539876\n|switch|p2a: Zarude|Zarude, L77|288/288\n|move|p1a: Arceus|Judgment|p2a: Zarude\n|-resisted|p2a: Zarude\n|-damage|p2a: Zarude|231/288\n|\n|upkeep\n|turn|2\n|inactive|Time left: 300 sec this turn | 300 sec total\n|\n|t:|1783539878\n|move|p1a: Arceus|Ice Beam|p2a: Zarude\n|-supereffective|p2a: Zarude\n|-damage|p2a: Zarude|117/288\n|move|p2a: Zarude|Knock Off|p1a: Arceus\n|-damage|p1a: Arceus|69/100\n|\n|upkeep\n|turn|3\n|inactive|Time left: 300 sec this turn | 300 sec total\n|\n|t:|1783539879\n|move|p1a: Arceus|Ice Beam|p2a: Zarude\n|-supereffective|p2a: Zarude\n|-damage|p2a: Zarude|3/288\n|move|p2a: Zarude|Knock Off|p1a: Arceus\n|-damage|p1a: Arceus|37/100\n|\n|upkeep\n|turn|4\n|inactive|Time left: 300 sec this turn | 300 sec total\n|\n|t:|1783539880\n|move|p1a: Arceus|Recover|p1a: Arceus\n|-heal|p1a: Arceus|87/100\n|move|p2a: Zarude|Knock Off|p1a: Arceus\n|-damage|p1a: Arceus|54/100\n|\n|upkeep\n|turn|5\n|inactive|Time left: 300 sec this turn | 300 sec total\n|\n|t:|1783539882\n|move|p1a: Arceus|Judgment|p2a: Zarude\n|-resisted|p2a: Zarude\n|-damage|p2a: Zarude|0 fnt\n|faint|p2a: Zarude\n|\n|upkeep\n|inactive|Time left: 300 sec this turn | 300 sec total | 5 sec grace\n|\n|t:|1783539883\n|switch|p2a: Ariados|Ariados, L95, F|287/287\n|turn|6\n|inactive|Time left: 300 sec this turn | 300 sec total\n|\n|t:|1783539884\n|move|p1a: Arceus|Recover|p1a: Arceus\n|-heal|p1a: Arceus|100/100\n|move|p2a: Ariados|Sticky Web|p1a: Arceus\n|-sidestart|p1: p0x0395528|move: Sticky Web\n|\n|upkeep\n|turn|7\n|inactive|Time left: 300 sec this turn | 300 sec total\n|\n|t:|1783539885\n|move|p1a: Arceus|Judgment|p2a: Ariados\n|-damage|p2a: Ariados|169/287\n|move|p2a: Ariados|Megahorn|p1a: Arceus\n|-damage|p1a: Arceus|46/100\n|\n|upkeep\n|turn|8\n|inactive|Time left: 300 sec this turn | 300 sec total\n|\n|t:|1783539886\n|move|p1a: Arceus|Recover|p1a: Arceus\n|-heal|p1a: Arceus|96/100\n|move|p2a: Ariados|Poison Jab|p1a: Arceus\n|-damage|p1a: Arceus|61/100\n|-status|p1a: Arceus|psn\n|\n|-damage|p1a: Arceus|49/100 psn|[from] psn\n|upkeep\n|turn|9\n|inactive|Time left: 300 sec this turn | 300 sec total\n|\n|t:|1783539888\n|move|p1a: Arceus|Recover|p1a: Arceus\n|-heal|p1a: Arceus|99/100 psn\n|move|p2a: Ariados|Poison Jab|p1a: Arceus\n|-damage|p1a: Arceus|65/100 psn\n|\n|-damage|p1a: Arceus|52/100 psn|[from] psn\n|upkeep\n|turn|10\n|inactive|Time left: 300 sec this turn | 300 sec total\n|\n|t:|1783539889\n|move|p1a: Arceus|Judgment|p2a: Ariados\n|-damage|p2a: Ariados|57/287\n|move|p2a: Ariados|Poison Jab|p1a: Arceus\n|-damage|p1a: Arceus|17/100 psn\n|\n|-damage|p1a: Arceus|5/100 psn|[from] psn\n|upkeep\n|turn|11\n|inactive|Time left: 300 sec this turn | 300 sec total\n|\n|t:|1783539890\n|switch|p2a: Pincurchin|Pincurchin, F|258/258\n|-fieldstart|move: Electric Terrain|[from] ability: Electric Surge|[of] p2a: Pincurchin\n|move|p1a: Arceus|Judgment|p2a: Pincurchin\n|-resisted|p2a: Pincurchin\n|-damage|p2a: Pincurchin|198/258\n|\n|-heal|p2a: Pincurchin|214/258|[from] item: Leftovers\n|-damage|p1a: Arceus|0 fnt|[from] psn\n|faint|p1a: Arceus\n|upkeep\n|\n|t:|1783539891\n|switch|p1a: Cyclizar|Cyclizar, L84, F|100/100\n|turn|12\n|inactive|Time left: 300 sec this turn | 300 sec total\n|\n|t:|1783539892\n|move|p1a: Cyclizar|Rapid Spin|p2a: Pincurchin\n|-damage|p2a: Pincurchin|174/258\n|-boost|p1a: Cyclizar|spe|1\n|-sideend|p1: p0x0395528|Sticky Web|[from] move: Rapid Spin|[of] p1a: Cyclizar\n|move|p2a: Pincurchin|Discharge|p1a: Cyclizar\n|-resisted|p1a: Cyclizar\n|-damage|p1a: Cyclizar|61/100\n|\n|-heal|p2a: Pincurchin|190/258|[from] item: Leftovers\n|upkeep\n|turn|13\n|inactive|Time left: 300 sec this turn | 300 sec total\n|\n|t:|1783539893\n|move|p1a: Cyclizar|Rapid Spin|p2a: Pincurchin\n|-damage|p2a: Pincurchin|145/258\n|-boost|p1a: Cyclizar|spe|1\n|move|p2a: Pincurchin|Discharge|p1a: Cyclizar\n|-resisted|p1a: Cyclizar\n|-damage|p1a: Cyclizar|25/100\n|-status|p1a: Cyclizar|par\n|\n|-heal|p2a: Pincurchin|161/258|[from] item: Leftovers\n|upkeep\n|turn|14\n|inactive|Time left: 300 sec this turn | 300 sec total\n|\n|t:|1783539894\n|switch|p1a: Dunsparce|Dunsparce, L86, M|100/100\n|move|p2a: Pincurchin|Discharge|p1a: Dunsparce\n|-damage|p1a: Dunsparce|64/100\n|\n|-heal|p2a: Pincurchin|177/258|[from] item: Leftovers\n|upkeep\n|turn|15\n|inactive|Time left: 300 sec this turn | 300 sec total\n|\n|t:|1783539896\n|move|p1a: Dunsparce|Coil|p1a: Dunsparce\n|-boost|p1a: Dunsparce|atk|1\n|-boost|p1a: Dunsparce|def|1\n|-boost|p1a: Dunsparce|accuracy|1\n|move|p2a: Pincurchin|Discharge|p1a: Dunsparce\n|-damage|p1a: Dunsparce|22/100\n|-status|p1a: Dunsparce|par\n|\n|-heal|p2a: Pincurchin|193/258|[from] item: Leftovers\n|-fieldend|move: Electric Terrain\n|upkeep\n|turn|16\n|inactive|Time left: 300 sec this turn | 300 sec total\n|\n|t:|1783539896\n|move|p2a: Pincurchin|Discharge|p1a: Dunsparce\n|-damage|p1a: Dunsparce|0 fnt\n|faint|p1a: Dunsparce\n|\n|-heal|p2a: Pincurchin|209/258|[from] item: Leftovers\n|upkeep\n|\n|t:|1783539897\n|switch|p1a: Venomoth|Venomoth, L84, M|100/100\n|turn|17\n|inactive|Time left: 300 sec this turn | 300 sec total\n|\n|t:|1783539898\n|move|p1a: Venomoth|Quiver Dance|p1a: Venomoth\n|-boost|p1a: Venomoth|spa|1\n|-boost|p1a: Venomoth|spd|1\n|-boost|p1a: Venomoth|spe|1\n|move|p2a: Pincurchin|Discharge|p1a: Venomoth\n|-damage|p1a: Venomoth|67/100\n|\n|-heal|p2a: Pincurchin|225/258|[from] item: Leftovers\n|upkeep\n|turn|18\n|inactive|Time left: 300 sec this turn | 300 sec total\n|\n|t:|1783539899\n|move|p1a: Venomoth|Quiver Dance|p1a: Venomoth\n|-boost|p1a: Venomoth|spa|1\n|-boost|p1a: Venomoth|spd|1\n|-boost|p1a: Venomoth|spe|1\n|move|p2a: Pincurchin|Discharge|p1a: Venomoth\n|-damage|p1a: Venomoth|44/100\n|\n|-heal|p2a: Pincurchin|241/258|[from] item: Leftovers\n|upkeep\n|turn|19\n|inactive|Time left: 300 sec this turn | 300 sec total\n|\n|t:|1783539900\n|move|p1a: Venomoth|Sludge Wave|p2a: Pincurchin\n|-damage|p2a: Pincurchin|78/258\n|move|p2a: Pincurchin|Discharge|p1a: Venomoth\n|-damage|p1a: Venomoth|15/100\n|\n|-heal|p2a: Pincurchin|94/258|[from] item: Leftovers\n|upkeep\n|turn|20\n|inactive|Time left: 300 sec this turn | 300 sec total\n|\n|t:|1783539901\n|move|p1a: Venomoth|Sludge Wave|p2a: Pincurchin\n|-damage|p2a: Pincurchin|0 fnt\n|faint|p2a: Pincurchin\n|\n|upkeep\n|inactive|Time left: 300 sec this turn | 300 sec total | 5 sec grace\n|\n|t:|1783539902\n|switch|p2a: Gyarados|Gyarados, L79, M|280/280\n|-ability|p2a: Gyarados|Intimidate|boost\n|-unboost|p1a: Venomoth|atk|1\n|turn|21\n|inactive|Time left: 300 sec this turn | 300 sec total\n|\n|t:|1783539903\n|move|p1a: Venomoth|Sleep Powder|p2a: Gyarados\n|-status|p2a: Gyarados|slp|[from] move: Sleep Powder\n|cant|p2a: Gyarados|slp\n|\n|upkeep\n|turn|22\n|inactive|Time left: 300 sec this turn | 300 sec total\n|\n|t:|1783539904\n|move|p1a: Venomoth|Sludge Wave|p2a: Gyarados\n|-damage|p2a: Gyarados|84/280 slp\n|-curestatus|p2a: Gyarados|slp|[msg]\n|move|p2a: Gyarados|Waterfall|p1a: Venomoth\n|-damage|p1a: Venomoth|0 fnt\n|faint|p1a: Venomoth\n|\n|upkeep\n|\n|t:|1783539906\n|switch|p1a: Jirachi|Jirachi, L80|100/100\n|turn|23\n|inactive|Time left: 300 sec this turn | 300 sec total\n|\n|t:|1783539907\n|move|p1a: Jirachi|Iron Head|p2a: Gyarados\n|-resisted|p2a: Gyarados\n|-damage|p2a: Gyarados|38/280\n|move|p2a: Gyarados|Earthquake|p1a: Jirachi\n|-supereffective|p1a: Jirachi\n|-damage|p1a: Jirachi|49/100\n|\n|upkeep\n|turn|24\n|inactive|Time left: 300 sec this turn | 300 sec total\n|\n|t:|1783539908\n|switch|p2a: Giratina|Giratina, L75|349/349\n|-ability|p2a: Giratina|Pressure\n|move|p1a: Jirachi|Body Slam|p2a: Giratina\n|-immune|p2a: Giratina\n|\n|upkeep\n|turn|25\n|inactive|Time left: 300 sec this turn | 300 sec total\n|\n|t:|1783539909\n|move|p1a: Jirachi|Iron Head|p2a: Giratina\n|-damage|p2a: Giratina|273/349\n|cant|p2a: Giratina|flinch\n|\n|-heal|p2a: Giratina|294/349|[from] item: Leftovers\n|upkeep\n|turn|26\n|inactive|Time left: 300 sec this turn | 300 sec total\n|\n|t:|1783539911\n|move|p1a: Jirachi|Iron Head|p2a: Giratina\n|-damage|p2a: Giratina|227/349\n|move|p2a: Giratina|Shadow Ball|p1a: Jirachi\n|-supereffective|p1a: Jirachi\n|-damage|p1a: Jirachi|16/100\n|\n|-heal|p2a: Giratina|248/349|[from] item: Leftovers\n|upkeep\n|turn|27\n|inactive|Time left: 300 sec this turn | 300 sec total\n|\n|t:|1783539912\n|move|p1a: Jirachi|Iron Head|p2a: Giratina\n|-damage|p2a: Giratina|176/349\n|cant|p2a: Giratina|flinch\n|\n|-heal|p2a: Giratina|197/349|[from] item: Leftovers\n|upkeep\n|turn|28\n|inactive|Time left: 300 sec this turn | 300 sec total\n|\n|t:|1783539913\n|move|p1a: Jirachi|Iron Head|p2a: Giratina\n|-damage|p2a: Giratina|124/349\n|move|p2a: Giratina|Shadow Ball|p1a: Jirachi\n|-supereffective|p1a: Jirachi\n|-damage|p1a: Jirachi|0 fnt\n|faint|p1a: Jirachi\n|\n|-heal|p2a: Giratina|145/349|[from] item: Leftovers\n|upkeep\n|\n|t:|1783539914\n|switch|p1a: Cyclizar|Cyclizar, L84, F|59/100 par\n|turn|29\n|inactive|Time left: 300 sec this turn | 300 sec total\n|\n|t:|1783539915\n|switch|p1a: Coalossal|Coalossal, L89, F|100/100\n|move|p2a: Giratina|Dragon Tail|p1a: Coalossal\n|-damage|p1a: Coalossal|89/100\n|-status|p2a: Giratina|brn|[from] ability: Flame Body|[of] p1a: Coalossal\n|drag|p1a: Cyclizar|Cyclizar, L84, F|92/100 par\n|\n|-heal|p2a: Giratina|166/349 brn|[from] item: Leftovers\n|-damage|p2a: Giratina|145/349 brn|[from] brn\n|upkeep\n|turn|30\n|inactive|Time left: 300 sec this turn | 300 sec total\n|\n|t:|1783539916\n|move|p2a: Giratina|Rest|p2a: Giratina\n|-status|p2a: Giratina|slp|[from] move: Rest\n|-heal|p2a: Giratina|349/349 slp|[silent]\n|move|p1a: Cyclizar|Shed Tail|p1a: Cyclizar\n|-start|p1a: Cyclizar|Substitute|[from] move: Shed Tail\n|-damage|p1a: Cyclizar|42/100 par\n|\n|t:|1783539917\n|switch|p1a: Coalossal|Coalossal, L89, F|89/100|[from] Shed Tail\n|\n|upkeep\n|turn|31\n|inactive|Time left: 300 sec this turn | 300 sec total\n|\n|t:|1783539919\n|cant|p2a: Giratina|slp\n|move|p1a: Coalossal|Stone Edge|p2a: Giratina\n|-damage|p2a: Giratina|258/349 slp\n|\n|-heal|p2a: Giratina|279/349 slp|[from] item: Leftovers\n|upkeep\n|turn|32\n|inactive|Time left: 300 sec this turn | 300 sec total\n|\n|t:|1783539920\n|cant|p2a: Giratina|slp\n|move|p2a: Giratina|Sleep Talk|p2a: Giratina\n|move|p2a: Giratina|Rest||[from] move: Sleep Talk|[still]\n|-fail|p2a: Giratina\n|move|p1a: Coalossal|Stone Edge|p2a: Giratina|[miss]\n|-miss|p1a: Coalossal|p2a: Giratina\n|\n|-heal|p2a: Giratina|300/349 slp|[from] item: Leftovers\n|upkeep\n|turn|33\n|inactive|Time left: 300 sec this turn | 300 sec total\n|\n|t:|1783539921\n|-curestatus|p2a: Giratina|slp|[msg]\n|move|p2a: Giratina|Shadow Ball|p1a: Coalossal\n|-end|p1a: Coalossal|Substitute\n|move|p1a: Coalossal|Stone Edge|p2a: Giratina\n|-damage|p2a: Giratina|210/349\n|\n|-heal|p2a: Giratina|231/349|[from] item: Leftovers\n|upkeep\n|turn|34\n|inactive|Time left: 300 sec this turn | 300 sec total\n|\n|t:|1783539922\n|move|p2a: Giratina|Shadow Ball|p1a: Coalossal\n|-damage|p1a: Coalossal|69/100\n|move|p1a: Coalossal|Stone Edge|p2a: Giratina|[miss]\n|-miss|p1a: Coalossal|p2a: Giratina\n|\n|-heal|p2a: Giratina|252/349|[from] item: Leftovers\n|upkeep\n|turn|35\n|inactive|Time left: 300 sec this turn | 300 sec total\n|\n|t:|1783539923\n|move|p2a: Giratina|Shadow Ball|p1a: Coalossal\n|-damage|p1a: Coalossal|52/100\n|move|p1a: Coalossal|Will-O-Wisp|p2a: Giratina\n|-status|p2a: Giratina|brn\n|\n|-heal|p2a: Giratina|273/349 brn|[from] item: Leftovers\n|-damage|p2a: Giratina|252/349 brn|[from] brn\n|upkeep\n|turn|36\n|inactive|Time left: 300 sec this turn | 300 sec total\n|\n|t:|1783539925\n|switch|p1a: Cyclizar|Cyclizar, L84, F|75/100 par\n|move|p2a: Giratina|Rest|p2a: Giratina\n|-status|p2a: Giratina|slp|[from] move: Rest\n|-heal|p2a: Giratina|349/349 slp|[silent]\n|\n|upkeep\n|turn|37\n|inactive|Time left: 300 sec this turn | 300 sec total\n|\n|t:|1783539926\n|switch|p1a: Coalossal|Coalossal, L89, F|52/100\n|cant|p2a: Giratina|slp\n|move|p2a: Giratina|Sleep Talk|p2a: Giratina\n|move|p2a: Giratina|Rest||[from] move: Sleep Talk|[still]\n|-fail|p2a: Giratina\n|\n|upkeep\n|turn|38\n|inactive|Time left: 300 sec this turn | 300 sec total\n|\n|t:|1783539927\n|cant|p2a: Giratina|slp\n|move|p2a: Giratina|Sleep Talk|p2a: Giratina\n|move|p2a: Giratina|Rest||[from] move: Sleep Talk|[still]\n|-fail|p2a: Giratina\n|move|p1a: Coalossal|Stealth Rock|p2a: Giratina\n|-sidestart|p2: p0y039ad12|move: Stealth Rock\n|\n|upkeep\n|turn|39\n|inactive|Time left: 300 sec this turn | 300 sec total\n|\n|t:|1783539928\n|-curestatus|p2a: Giratina|slp|[msg]\n|move|p2a: Giratina|Shadow Ball|p1a: Coalossal\n|-damage|p1a: Coalossal|30/100\n|move|p1a: Coalossal|Will-O-Wisp|p2a: Giratina\n|-status|p2a: Giratina|brn\n|\n|-damage|p2a: Giratina|328/349 brn|[from] brn\n|upkeep\n|turn|40\n|inactive|Time left: 300 sec this turn | 300 sec total\n|\n|t:|1783539929\n|switch|p1a: Cyclizar|Cyclizar, L84, F|100/100 par\n|move|p2a: Giratina|Shadow Ball|p1a: Cyclizar\n|-immune|p1a: Cyclizar\n|\n|-heal|p2a: Giratina|349/349 brn|[from] item: Leftovers\n|-damage|p2a: Giratina|328/349 brn|[from] brn\n|upkeep\n|turn|41\n|inactive|Time left: 300 sec this turn | 300 sec total\n|\n|t:|1783539931\n|cant|p1a: Cyclizar|par\n|move|p2a: Giratina|Dragon Tail|p1a: Cyclizar\n|-supereffective|p1a: Cyclizar\n|-damage|p1a: Cyclizar|73/100 par\n|drag|p1a: Coalossal|Coalossal, L89, F|30/100\n|\n|-heal|p2a: Giratina|349/349 brn|[from] item: Leftovers\n|-damage|p2a: Giratina|328/349 brn|[from] brn\n|upkeep\n|turn|42\n|inactive|Time left: 300 sec this turn | 300 sec total\n|\n|t:|1783539932\n|switch|p1a: Cyclizar|Cyclizar, L84, F|100/100 par\n|move|p2a: Giratina|Shadow Ball|p1a: Cyclizar\n|-immune|p1a: Cyclizar\n|\n|-heal|p2a: Giratina|349/349 brn|[from] item: Leftovers\n|-damage|p2a: Giratina|328/349 brn|[from] brn\n|upkeep\n|turn|43\n|inactive|Time left: 300 sec this turn | 300 sec total\n|\n|t:|1783539933\n|move|p1a: Cyclizar|Rapid Spin|p2a: Giratina\n|-immune|p2a: Giratina\n|move|p2a: Giratina|Dragon Tail|p1a: Cyclizar\n|-supereffective|p1a: Cyclizar\n|-damage|p1a: Cyclizar|73/100 par\n|drag|p1a: Coalossal|Coalossal, L89, F|30/100\n|\n|-heal|p2a: Giratina|349/349 brn|[from] item: Leftovers\n|-damage|p2a: Giratina|328/349 brn|[from] brn\n|upkeep\n|turn|44\n|inactive|Time left: 300 sec this turn | 300 sec total\n|\n|t:|1783539934\n|switch|p1a: Cyclizar|Cyclizar, L84, F|100/100 par\n|move|p2a: Giratina|Shadow Ball|p1a: Cyclizar\n|-immune|p1a: Cyclizar\n|\n|-heal|p2a: Giratina|349/349 brn|[from] item: Leftovers\n|-damage|p2a: Giratina|328/349 brn|[from] brn\n|upkeep\n|turn|45\n|inactive|Time left: 300 sec this turn | 300 sec total\n|\n|t:|1783539935\n|move|p1a: Cyclizar|Rapid Spin|p2a: Giratina\n|-immune|p2a: Giratina\n|move|p2a: Giratina|Dragon Tail|p1a: Cyclizar\n|-supereffective|p1a: Cyclizar\n|-damage|p1a: Cyclizar|75/100 par\n|drag|p1a: Coalossal|Coalossal, L89, F|30/100\n|\n|-heal|p2a: Giratina|349/349 brn|[from] item: Leftovers\n|-damage|p2a: Giratina|328/349 brn|[from] brn\n|upkeep\n|turn|46\n|inactive|Time left: 300 sec this turn | 300 sec total\n|\n|t:|1783539936\n|switch|p1a: Cyclizar|Cyclizar, L84, F|100/100 par\n|move|p2a: Giratina|Shadow Ball|p1a: Cyclizar\n|-immune|p1a: Cyclizar\n|\n|-heal|p2a: Giratina|349/349 brn|[from] item: Leftovers\n|-damage|p2a: Giratina|328/349 brn|[from] brn\n|upkeep\n|turn|47\n|inactive|Time left: 300 sec this turn | 300 sec total\n|\n|t:|1783539937\n|move|p2a: Giratina|Shadow Ball|p1a: Cyclizar\n|-immune|p1a: Cyclizar\n|move|p1a: Cyclizar|Rapid Spin|p2a: Giratina\n|-immune|p2a: Giratina\n|\n|-heal|p2a: Giratina|349/349 brn|[from] item: Leftovers\n|-damage|p2a: Giratina|328/349 brn|[from] brn\n|upkeep\n|turn|48\n|inactive|Time left: 300 sec this turn | 300 sec total\n|\n|t:|1783539938\n|move|p2a: Giratina|Sleep Talk||[still]\n|-fail|p2a: Giratina\n|move|p1a: Cyclizar|Rapid Spin|p2a: Giratina\n|-immune|p2a: Giratina\n|\n|-heal|p2a: Giratina|349/349 brn|[from] item: Leftovers\n|-damage|p2a: Giratina|328/349 brn|[from] brn\n|upkeep\n|turn|49\n|inactive|Time left: 300 sec this turn | 300 sec total\n|\n|t:|1783539939\n|switch|p2a: Gyarados|Gyarados, L79, M|38/280\n|-ability|p2a: Gyarados|Intimidate|boost\n|-unboost|p1a: Cyclizar|atk|1\n|move|p1a: Cyclizar|Draco Meteor|p2a: Gyarados\n|-damage|p2a: Gyarados|0 fnt\n|-unboost|p1a: Cyclizar|spa|2\n|faint|p2a: Gyarados\n|\n|upkeep\n|inactive|Time left: 300 sec this turn | 300 sec total | 5 sec grace\n|\n|t:|1783539940\n|switch|p2a: Mismagius|Mismagius, L86, M|243/243\n|-damage|p2a: Mismagius|213/243|[from] Stealth Rock\n|turn|50\n|inactive|Time left: 300 sec this turn | 300 sec total\n|\n|t:|1783539941\n|switch|p1a: Coalossal|Coalossal, L89, F|30/100\n|-terastallize|p2a: Mismagius|Fighting\n|move|p2a: Mismagius|Tera Blast|p1a: Coalossal|[anim] Tera Blast Fighting\n|-supereffective|p1a: Coalossal\n|-damage|p1a: Coalossal|0 fnt\n|faint|p1a: Coalossal\n|\n|-heal|p2a: Mismagius|228/243|[from] item: Leftovers\n|upkeep\n|\n|t:|1783539942\n|switch|p1a: Cyclizar|Cyclizar, L84, F|100/100 par\n|turn|51\n|inactive|Time left: 300 sec this turn | 300 sec total\n|\n|t:|1783539944\n|-terastallize|p1a: Cyclizar|Ghost\n|move|p2a: Mismagius|Tera Blast|p1a: Cyclizar|[anim] Tera Blast Fighting\n|-immune|p1a: Cyclizar\n|cant|p1a: Cyclizar|par\n|\n|-heal|p2a: Mismagius|243/243|[from] item: Leftovers\n|upkeep\n|turn|52\n|inactive|Time left: 300 sec this turn | 300 sec total\n|\n|t:|1783539945\n|move|p2a: Mismagius|Shadow Ball|p1a: Cyclizar\n|-supereffective|p1a: Cyclizar\n|-damage|p1a: Cyclizar|15/100 par\n|-unboost|p1a: Cyclizar|spd|1\n|cant|p1a: Cyclizar|par\n|\n|upkeep\n|turn|53\n|inactive|Time left: 300 sec this turn | 300 sec total\n|\n|t:|1783539946\n|move|p2a: Mismagius|Shadow Ball|p1a: Cyclizar\n|-supereffective|p1a: Cyclizar\n|-damage|p1a: Cyclizar|0 fnt\n|faint|p1a: Cyclizar\n|\n|win|p0y039ad12", "uploadtime": 1783539946, "views": 0, "rating": 0, "private": 0, "password": null, "_winner": "p0y039ad12", "_our_name": "p0y039ad12"}