{"id": "battle-gen9randombattle-206", "formatid": "gen9randombattle", "format": "[Gen 9] Random Battle", "players": ["p0x206ad03", "p0y206a015"], "log": "|init|battle\n|title|p0x206ad03 vs. p0y206a015\n|j|\u2606p0x206ad03\n|j|\u2606p0y206a015\n|t:|1783535641\n|gametype|singles\n|player|p1|p0x206ad03|102|\n|player|p2|p0y206a015|101|\n|gen|9\n|tier|[Gen 9] Random Battle\n|rule|Species Clause: Limit one of each Pok\u00e9mon\n|rule|HP Percentage Mod: HP is shown in percentages\n|rule|Sleep Clause Mod: Limit one foe put to sleep\n|rule|Illusion Level Mod: Illusion disguises the Pok\u00e9mon's true level\n|\n|t:|1783535641\n|teamsize|p1|6\n|teamsize|p2|6\n|start\n|switch|p1a: Oinkologne|Oinkologne-F, L92, F|361/361\n|switch|p2a: Gastrodon|Gastrodon-East, L86, F|100/100\n|turn|1\n|inactive|Battle timer is ON: inactive players will automatically lose when time's up. (requested by p0x206ad03)\n|inactive|p0y206a015 also wants the timer to be on.\n|\n|t:|1783535643\n|switch|p1a: Abomasnow|Abomasnow, L84, F|287/287\n|-weather|Snowscape|[from] ability: Snow Warning|[of] p1a: Abomasnow\n|move|p2a: Gastrodon|Earthquake|p1a: Abomasnow\n|-resisted|p1a: Abomasnow\n|-damage|p1a: Abomasnow|249/287\n|\n|-weather|Snowscape|[upkeep]\n|upkeep\n|turn|2\n|inactive|Time left: 300 sec this turn | 300 sec total\n|\n|t:|1783535644\n|switch|p2a: Magearna|Magearna, L77|100/100\n|move|p1a: Abomasnow|Aurora Veil|p1a: Abomasnow\n|-sidestart|p1: p0x206ad03|move: Aurora Veil\n|\n|-weather|Snowscape|[upkeep]\n|upkeep\n|turn|3\n|inactive|Time left: 300 sec this turn | 300 sec total\n|\n|t:|1783535646\n|move|p1a: Abomasnow|Earthquake|p2a: Magearna\n|-supereffective|p2a: Magearna\n|-damage|p2a: Magearna|51/100\n|move|p2a: Magearna|Shift Gear|p2a: Magearna\n|-boost|p2a: Magearna|spe|2\n|-boost|p2a: Magearna|atk|1\n|\n|-weather|Snowscape|[upkeep]\n|-heal|p2a: Magearna|57/100|[from] item: Leftovers\n|upkeep\n|turn|4\n|inactive|Time left: 300 sec this turn | 300 sec total\n|\n|t:|1783535647\n|move|p2a: Magearna|Flash Cannon|p1a: Abomasnow\n|-supereffective|p1a: Abomasnow\n|-damage|p1a: Abomasnow|150/287\n|move|p1a: Abomasnow|Earthquake|p2a: Magearna\n|-supereffective|p2a: Magearna\n|-damage|p2a: Magearna|6/100\n|\n|-weather|Snowscape|[upkeep]\n|-heal|p2a: Magearna|12/100|[from] item: Leftovers\n|upkeep\n|turn|5\n|inactive|Time left: 300 sec this turn | 300 sec total\n|\n|t:|1783535648\n|move|p2a: Magearna|Flash Cannon|p1a: Abomasnow\n|-supereffective|p1a: Abomasnow\n|-damage|p1a: Abomasnow|50/287\n|move|p1a: Abomasnow|Earthquake|p2a: Magearna\n|-supereffective|p2a: Magearna\n|-damage|p2a: Magearna|0 fnt\n|faint|p2a: Magearna\n|\n|-weather|none\n|upkeep\n|\n|t:|1783535649\n|switch|p2a: Blastoise|Blastoise, L80, M|100/100\n|turn|6\n|inactive|Time left: 300 sec this turn | 300 sec total\n|\n|t:|1783535650\n|switch|p1a: Zekrom|Zekrom, L71|259/259\n|-ability|p1a: Zekrom|Teravolt\n|move|p2a: Blastoise|Shell Smash|p2a: Blastoise\n|-unboost|p2a: Blastoise|def|1\n|-unboost|p2a: Blastoise|spd|1\n|-boost|p2a: Blastoise|atk|2\n|-boost|p2a: Blastoise|spa|2\n|-boost|p2a: Blastoise|spe|2\n|-enditem|p2a: Blastoise|White Herb\n|-clearnegativeboost|p2a: Blastoise|[silent]\n|\n|upkeep\n|turn|7\n|inactive|Time left: 300 sec this turn | 300 sec total\n|\n|t:|1783535651\n|move|p2a: Blastoise|Ice Beam|p1a: Zekrom\n|-supereffective|p1a: Zekrom\n|-damage|p1a: Zekrom|151/259\n|move|p1a: Zekrom|Outrage|p2a: Blastoise\n|-damage|p2a: Blastoise|54/100\n|\n|-heal|p1a: Zekrom|167/259|[from] item: Leftovers\n|upkeep\n|turn|8\n|inactive|Time left: 300 sec this turn | 300 sec total\n|\n|t:|1783535652\n|move|p2a: Blastoise|Ice Beam|p1a: Zekrom\n|-supereffective|p1a: Zekrom\n|-damage|p1a: Zekrom|63/259\n|move|p1a: Zekrom|Outrage|p2a: Blastoise|[from] lockedmove\n|-damage|p2a: Blastoise|7/100\n|-start|p1a: Zekrom|confusion|[fatigue]\n|\n|-heal|p1a: Zekrom|79/259|[from] item: Leftovers\n|upkeep\n|turn|9\n|inactive|Time left: 300 sec this turn | 300 sec total\n|\n|t:|1783535653\n|move|p2a: Blastoise|Earthquake|p1a: Zekrom\n|-supereffective|p1a: Zekrom\n|-damage|p1a: Zekrom|0 fnt\n|faint|p1a: Zekrom\n|\n|-sideend|p1: p0x206ad03|move: Aurora Veil\n|upkeep\n|inactive|Time left: 300 sec this turn | 300 sec total | 5 sec grace\n|\n|t:|1783535654\n|switch|p1a: Abomasnow|Abomasnow, L84, F|50/287\n|-weather|Snowscape|[from] ability: Snow Warning|[of] p1a: Abomasnow\n|turn|10\n|inactive|Time left: 300 sec this turn | 300 sec total\n|\n|t:|1783535655\n|move|p1a: Abomasnow|Ice Shard|p2a: Blastoise\n|-resisted|p2a: Blastoise\n|-damage|p2a: Blastoise|0 fnt\n|faint|p2a: Blastoise\n|\n|-weather|Snowscape|[upkeep]\n|upkeep\n|\n|t:|1783535656\n|switch|p2a: Banette|Banette, L93, F|100/100\n|turn|11\n|inactive|Time left: 300 sec this turn | 300 sec total\n|\n|t:|1783535657\n|move|p2a: Banette|Shadow Sneak|p1a: Abomasnow\n|-damage|p1a: Abomasnow|0 fnt\n|faint|p1a: Abomasnow\n|-damage|p2a: Banette|90/100|[from] item: Life Orb\n|\n|-weather|Snowscape|[upkeep]\n|upkeep\n|inactive|Time left: 300 sec this turn | 300 sec total | 5 sec grace\n|\n|t:|1783535658\n|switch|p1a: Mienshao|Mienshao, L83, F|244/244\n|turn|12\n|inactive|Time left: 300 sec this turn | 300 sec total\n|\n|t:|1783535659\n|-terastallize|p2a: Banette|Poison\n|move|p1a: Mienshao|Knock Off|p2a: Banette\n|-damage|p2a: Banette|44/100\n|-enditem|p2a: Banette|Life Orb|[from] move: Knock Off|[of] p1a: Mienshao\n|-damage|p1a: Mienshao|220/244|[from] item: Life Orb\n|move|p2a: Banette|Gunk Shot|p1a: Mienshao|[miss]\n|-miss|p2a: Banette|p1a: Mienshao\n|\n|-weather|Snowscape|[upkeep]\n|upkeep\n|turn|13\n|inactive|Time left: 300 sec this turn | 300 sec total\n|\n|t:|1783535660\n|-terastallize|p1a: Mienshao|Fighting\n|move|p1a: Mienshao|Close Combat|p2a: Banette\n|-resisted|p2a: Banette\n|-damage|p2a: Banette|0 fnt\n|-unboost|p1a: Mienshao|def|1\n|-unboost|p1a: Mienshao|spd|1\n|faint|p2a: Banette\n|-damage|p1a: Mienshao|196/244|[from] item: Life Orb\n|\n|-weather|Snowscape|[upkeep]\n|upkeep\n|\n|t:|1783535661\n|switch|p2a: Gastrodon|Gastrodon-East, L86, F|100/100\n|turn|14\n|inactive|Time left: 300 sec this turn | 300 sec total\n|\n|t:|1783535662\n|move|p1a: Mienshao|Close Combat|p2a: Gastrodon\n|-damage|p2a: Gastrodon|9/100\n|-unboost|p1a: Mienshao|def|1\n|-unboost|p1a: Mienshao|spd|1\n|-damage|p1a: Mienshao|172/244|[from] item: Life Orb\n|move|p2a: Gastrodon|Earthquake|p1a: Mienshao\n|-damage|p1a: Mienshao|0 fnt\n|faint|p1a: Mienshao\n|\n|-weather|none\n|-heal|p2a: Gastrodon|15/100|[from] item: Leftovers\n|upkeep\n|inactive|Time left: 300 sec this turn | 300 sec total | 5 sec grace\n|\n|t:|1783535663\n|switch|p1a: Uxie|Uxie, L83|260/260\n|turn|15\n|inactive|Time left: 300 sec this turn | 300 sec total\n|\n|t:|1783535664\n|switch|p2a: Chansey|Chansey, L85, F|100/100\n|move|p1a: Uxie|Psychic Noise|p2a: Chansey\n|-damage|p2a: Chansey|93/100\n|-start|p2a: Chansey|move: Heal Block\n|\n|upkeep\n|turn|16\n|inactive|Time left: 300 sec this turn | 300 sec total\n|\n|t:|1783535665\n|move|p1a: Uxie|Knock Off|p2a: Chansey\n|-damage|p2a: Chansey|72/100\n|-enditem|p2a: Chansey|Eviolite|[from] move: Knock Off|[of] p1a: Uxie\n|move|p2a: Chansey|Seismic Toss|p1a: Uxie\n|-damage|p1a: Uxie|175/260\n|\n|-heal|p1a: Uxie|191/260|[from] item: Leftovers\n|-end|p2a: Chansey|move: Heal Block\n|upkeep\n|turn|17\n|inactive|Time left: 300 sec this turn | 300 sec total\n|\n|t:|1783535666\n|switch|p1a: Skarmory|Skarmory, L80, M|235/235\n|move|p2a: Chansey|Soft-Boiled|p2a: Chansey\n|-heal|p2a: Chansey|100/100\n|\n|upkeep\n|turn|18\n|inactive|Time left: 300 sec this turn | 300 sec total\n|\n|t:|1783535667\n|move|p1a: Skarmory|Body Press|p2a: Chansey\n|-supereffective|p2a: Chansey\n|-damage|p2a: Chansey|14/100\n|move|p2a: Chansey|Thunder Wave|p1a: Skarmory\n|-status|p1a: Skarmory|par\n|\n|upkeep\n|turn|19\n|inactive|Time left: 300 sec this turn | 300 sec total\n|\n|t:|1783535668\n|move|p2a: Chansey|Soft-Boiled|p2a: Chansey\n|-heal|p2a: Chansey|64/100\n|cant|p1a: Skarmory|par\n|\n|upkeep\n|turn|20\n|inactive|Time left: 300 sec this turn | 300 sec total\n|\n|t:|1783535669\n|move|p2a: Chansey|Stealth Rock|p1a: Skarmory\n|-sidestart|p1: p0x206ad03|move: Stealth Rock\n|cant|p1a: Skarmory|par\n|\n|upkeep\n|turn|21\n|inactive|Time left: 300 sec this turn | 300 sec total\n|\n|t:|1783535670\n|move|p2a: Chansey|Seismic Toss|p1a: Skarmory\n|-damage|p1a: Skarmory|150/235 par\n|move|p1a: Skarmory|Body Press|p2a: Chansey\n|-supereffective|p2a: Chansey\n|-damage|p2a: Chansey|0 fnt\n|faint|p2a: Chansey\n|\n|-heal|p1a: Skarmory|164/235 par|[from] item: Leftovers\n|upkeep\n|\n|t:|1783535671\n|switch|p2a: Gastrodon|Gastrodon-East, L86, F|15/100\n|turn|22\n|inactive|Time left: 300 sec this turn | 300 sec total\n|\n|t:|1783535672\n|move|p2a: Gastrodon|Recover|p2a: Gastrodon\n|-heal|p2a: Gastrodon|65/100\n|cant|p1a: Skarmory|par\n|\n|-heal|p2a: Gastrodon|71/100|[from] item: Leftovers\n|-heal|p1a: Skarmory|178/235 par|[from] item: Leftovers\n|upkeep\n|turn|23\n|inactive|Time left: 300 sec this turn | 300 sec total\n|\n|t:|1783535673\n|move|p2a: Gastrodon|Ice Beam|p1a: Skarmory\n|-damage|p1a: Skarmory|101/235 par\n|move|p1a: Skarmory|Roost|p1a: Skarmory\n|-heal|p1a: Skarmory|219/235 par\n|-singleturn|p1a: Skarmory|move: Roost\n|\n|-heal|p2a: Gastrodon|78/100|[from] item: Leftovers\n|-heal|p1a: Skarmory|233/235 par|[from] item: Leftovers\n|upkeep\n|turn|24\n|inactive|Time left: 300 sec this turn | 300 sec total\n|\n|t:|1783535675\n|move|p2a: Gastrodon|Ice Beam|p1a: Skarmory\n|-damage|p1a: Skarmory|147/235 par\n|move|p1a: Skarmory|Spikes|p2a: Gastrodon\n|-sidestart|p2: p0y206a015|Spikes\n|\n|-heal|p2a: Gastrodon|84/100|[from] item: Leftovers\n|-heal|p1a: Skarmory|161/235 par|[from] item: Leftovers\n|upkeep\n|turn|25\n|inactive|Time left: 300 sec this turn | 300 sec total\n|\n|t:|1783535676\n|move|p2a: Gastrodon|Ice Beam|p1a: Skarmory\n|-damage|p1a: Skarmory|85/235 par\n|move|p1a: Skarmory|Roost|p1a: Skarmory\n|-heal|p1a: Skarmory|203/235 par\n|-singleturn|p1a: Skarmory|move: Roost\n|\n|-heal|p2a: Gastrodon|90/100|[from] item: Leftovers\n|-heal|p1a: Skarmory|217/235 par|[from] item: Leftovers\n|upkeep\n|turn|26\n|inactive|Time left: 300 sec this turn | 300 sec total\n|\n|t:|1783535677\n|move|p2a: Gastrodon|Ice Beam|p1a: Skarmory\n|-crit|p1a: Skarmory\n|-damage|p1a: Skarmory|101/235 par\n|cant|p1a: Skarmory|par\n|\n|-heal|p2a: Gastrodon|96/100|[from] item: Leftovers\n|-heal|p1a: Skarmory|115/235 par|[from] item: Leftovers\n|upkeep\n|turn|27\n|inactive|Time left: 300 sec this turn | 300 sec total\n|\n|t:|1783535679\n|move|p2a: Gastrodon|Ice Beam|p1a: Skarmory\n|-crit|p1a: Skarmory\n|-damage|p1a: Skarmory|2/235 par\n|move|p1a: Skarmory|Roost|p1a: Skarmory\n|-heal|p1a: Skarmory|120/235 par\n|-singleturn|p1a: Skarmory|move: Roost\n|\n|-heal|p2a: Gastrodon|100/100|[from] item: Leftovers\n|-heal|p1a: Skarmory|134/235 par|[from] item: Leftovers\n|upkeep\n|turn|28\n|inactive|Time left: 300 sec this turn | 300 sec total\n|\n|t:|1783535680\n|move|p2a: Gastrodon|Ice Beam|p1a: Skarmory\n|-damage|p1a: Skarmory|60/235 par\n|move|p1a: Skarmory|Roost|p1a: Skarmory\n|-heal|p1a: Skarmory|178/235 par\n|-singleturn|p1a: Skarmory|move: Roost\n|\n|-heal|p1a: Skarmory|192/235 par|[from] item: Leftovers\n|upkeep\n|turn|29\n|inactive|Time left: 300 sec this turn | 300 sec total\n|\n|t:|1783535681\n|move|p2a: Gastrodon|Ice Beam|p1a: Skarmory\n|-damage|p1a: Skarmory|111/235 par\n|cant|p1a: Skarmory|par\n|\n|-heal|p1a: Skarmory|125/235 par|[from] item: Leftovers\n|upkeep\n|turn|30\n|inactive|Time left: 300 sec this turn | 300 sec total\n|\n|t:|1783535682\n|move|p2a: Gastrodon|Ice Beam|p1a: Skarmory\n|-damage|p1a: Skarmory|52/235 par\n|cant|p1a: Skarmory|par\n|\n|-heal|p1a: Skarmory|66/235 par|[from] item: Leftovers\n|upkeep\n|turn|31\n|inactive|Time left: 300 sec this turn | 300 sec total\n|\n|t:|1783535683\n|switch|p1a: Oinkologne|Oinkologne-F, L92, F|361/361\n|-damage|p1a: Oinkologne|316/361|[from] Stealth Rock\n|move|p2a: Gastrodon|Ice Beam|p1a: Oinkologne\n|-damage|p1a: Oinkologne|259/361\n|\n|-heal|p1a: Oinkologne|281/361|[from] item: Leftovers\n|upkeep\n|turn|32\n|inactive|Time left: 300 sec this turn | 300 sec total\n|\n|t:|1783535684\n|move|p1a: Oinkologne|Curse|p1a: Oinkologne\n|-unboost|p1a: Oinkologne|spe|1\n|-boost|p1a: Oinkologne|atk|1\n|-boost|p1a: Oinkologne|def|1\n|move|p2a: Gastrodon|Earthquake|p1a: Oinkologne\n|-damage|p1a: Oinkologne|205/361\n|\n|-heal|p1a: Oinkologne|227/361|[from] item: Leftovers\n|upkeep\n|turn|33\n|inactive|Time left: 300 sec this turn | 300 sec total\n|\n|t:|1783535685\n|move|p2a: Gastrodon|Clear Smog|p1a: Oinkologne\n|-damage|p1a: Oinkologne|192/361\n|-clearboost|p1a: Oinkologne\n|move|p1a: Oinkologne|Body Slam|p2a: Gastrodon\n|-damage|p2a: Gastrodon|64/100\n|\n|-heal|p1a: Oinkologne|214/361|[from] item: Leftovers\n|-heal|p2a: Gastrodon|70/100|[from] item: Leftovers\n|upkeep\n|turn|34\n|inactive|Time left: 300 sec this turn | 300 sec total\n|\n|t:|1783535686\n|move|p1a: Oinkologne|Body Slam|p2a: Gastrodon\n|-damage|p2a: Gastrodon|34/100\n|move|p2a: Gastrodon|Recover|p2a: Gastrodon\n|-heal|p2a: Gastrodon|84/100\n|\n|-heal|p1a: Oinkologne|236/361|[from] item: Leftovers\n|-heal|p2a: Gastrodon|91/100|[from] item: Leftovers\n|upkeep\n|turn|35\n|inactive|Time left: 300 sec this turn | 300 sec total\n|\n|t:|1783535687\n|move|p1a: Oinkologne|Body Slam|p2a: Gastrodon\n|-damage|p2a: Gastrodon|52/100\n|move|p2a: Gastrodon|Earthquake|p1a: Oinkologne\n|-damage|p1a: Oinkologne|136/361\n|\n|-heal|p1a: Oinkologne|158/361|[from] item: Leftovers\n|-heal|p2a: Gastrodon|59/100|[from] item: Leftovers\n|upkeep\n|turn|36\n|inactive|Time left: 300 sec this turn | 300 sec total\n|\n|t:|1783535688\n|move|p1a: Oinkologne|Body Slam|p2a: Gastrodon\n|-damage|p2a: Gastrodon|20/100\n|move|p2a: Gastrodon|Recover|p2a: Gastrodon\n|-heal|p2a: Gastrodon|70/100\n|\n|-heal|p1a: Oinkologne|180/361|[from] item: Leftovers\n|-heal|p2a: Gastrodon|76/100|[from] item: Leftovers\n|upkeep\n|turn|37\n|inactive|Time left: 300 sec this turn | 300 sec total\n|\n|t:|1783535689\n|move|p1a: Oinkologne|Body Slam|p2a: Gastrodon\n|-damage|p2a: Gastrodon|43/100\n|-status|p2a: Gastrodon|par\n|move|p2a: Gastrodon|Earthquake|p1a: Oinkologne\n|-damage|p1a: Oinkologne|81/361\n|\n|-heal|p1a: Oinkologne|103/361|[from] item: Leftovers\n|-heal|p2a: Gastrodon|49/100 par|[from] item: Leftovers\n|upkeep\n|turn|38\n|inactive|Time left: 300 sec this turn | 300 sec total\n|\n|t:|1783535690\n|move|p1a: Oinkologne|Body Slam|p2a: Gastrodon\n|-damage|p2a: Gastrodon|15/100 par\n|move|p2a: Gastrodon|Earthquake|p1a: Oinkologne\n|-damage|p1a: Oinkologne|0 fnt\n|faint|p1a: Oinkologne\n|\n|-heal|p2a: Gastrodon|21/100 par|[from] item: Leftovers\n|upkeep\n|inactive|Time left: 300 sec this turn | 300 sec total | 5 sec grace\n|\n|t:|1783535691\n|switch|p1a: Uxie|Uxie, L83|191/260\n|-damage|p1a: Uxie|159/260|[from] Stealth Rock\n|turn|39\n|inactive|Time left: 300 sec this turn | 300 sec total\n|\n|t:|1783535692\n|move|p1a: Uxie|Psychic Noise|p2a: Gastrodon\n|-damage|p2a: Gastrodon|2/100 par\n|-start|p2a: Gastrodon|move: Heal Block\n|cant|p2a: Gastrodon|move: Heal Block|Recover\n|\n|-heal|p1a: Uxie|175/260|[from] item: Leftovers\n|upkeep\n|turn|40\n|inactive|Time left: 300 sec this turn | 300 sec total\n|\n|t:|1783535694\n|move|p1a: Uxie|Yawn||[still]\n|-fail|p1a: Uxie\n|move|p2a: Gastrodon|Ice Beam|p1a: Uxie\n|-damage|p1a: Uxie|126/260\n|\n|-heal|p1a: Uxie|142/260|[from] item: Leftovers\n|-end|p2a: Gastrodon|move: Heal Block\n|upkeep\n|turn|41\n|inactive|Time left: 300 sec this turn | 300 sec total\n|\n|t:|1783535695\n|move|p1a: Uxie|Psychic Noise|p2a: Gastrodon\n|-damage|p2a: Gastrodon|0 fnt\n|faint|p2a: Gastrodon\n|\n|-heal|p1a: Uxie|158/260|[from] item: Leftovers\n|upkeep\n|\n|t:|1783535696\n|switch|p2a: Duraludon|Duraludon, L82, F|100/100\n|-damage|p2a: Duraludon|88/100|[from] Spikes\n|turn|42\n|inactive|Time left: 300 sec this turn | 300 sec total\n|\n|t:|1783535697\n|move|p1a: Uxie|Yawn|p2a: Duraludon\n|-start|p2a: Duraludon|move: Yawn|[of] p1a: Uxie\n|move|p2a: Duraludon|Dragon Tail|p1a: Uxie|[miss]\n|-miss|p2a: Duraludon|p1a: Uxie\n|\n|-heal|p1a: Uxie|174/260|[from] item: Leftovers\n|upkeep\n|turn|43\n|inactive|Time left: 300 sec this turn | 300 sec total\n|\n|t:|1783535698\n|move|p1a: Uxie|Knock Off|p2a: Duraludon\n|-damage|p2a: Duraludon|75/100\n|-enditem|p2a: Duraludon|Eviolite|[from] move: Knock Off|[of] p1a: Uxie\n|move|p2a: Duraludon|Flash Cannon|p1a: Uxie\n|-damage|p1a: Uxie|107/260\n|\n|-heal|p1a: Uxie|123/260|[from] item: Leftovers\n|-end|p2a: Duraludon|move: Yawn|[silent]\n|-status|p2a: Duraludon|slp\n|upkeep\n|turn|44\n|inactive|Time left: 300 sec this turn | 300 sec total\n|\n|t:|1783535700\n|move|p1a: Uxie|Psychic Noise|p2a: Duraludon\n|-resisted|p2a: Duraludon\n|-damage|p2a: Duraludon|56/100 slp\n|-start|p2a: Duraludon|move: Heal Block\n|cant|p2a: Duraludon|slp\n|\n|-heal|p1a: Uxie|139/260|[from] item: Leftovers\n|upkeep\n|turn|45\n|inactive|Time left: 300 sec this turn | 300 sec total\n|\n|t:|1783535701\n|move|p1a: Uxie|Psychic Noise|p2a: Duraludon\n|-resisted|p2a: Duraludon\n|-damage|p2a: Duraludon|37/100 slp\n|-curestatus|p2a: Duraludon|slp|[msg]\n|move|p2a: Duraludon|Dragon Tail|p1a: Uxie\n|-damage|p1a: Uxie|97/260\n|drag|p1a: Skarmory|Skarmory, L80, M|66/235 par\n|-damage|p1a: Skarmory|37/235 par|[from] Stealth Rock\n|\n|-heal|p1a: Skarmory|51/235 par|[from] item: Leftovers\n|-end|p2a: Duraludon|move: Heal Block\n|upkeep\n|turn|46\n|inactive|Time left: 300 sec this turn | 300 sec total\n|\n|t:|1783535702\n|move|p2a: Duraludon|Flash Cannon|p1a: Skarmory\n|-resisted|p1a: Skarmory\n|-damage|p1a: Skarmory|0 fnt\n|faint|p1a: Skarmory\n|\n|upkeep\n|inactive|Time left: 300 sec this turn | 300 sec total | 5 sec grace\n|\n|t:|1783535703\n|switch|p1a: Uxie|Uxie, L83|97/260\n|-damage|p1a: Uxie|65/260|[from] Stealth Rock\n|turn|47\n|inactive|Time left: 300 sec this turn | 300 sec total\n|\n|t:|1783535704\n|move|p1a: Uxie|Psychic Noise|p2a: Duraludon\n|-resisted|p2a: Duraludon\n|-damage|p2a: Duraludon|17/100\n|-start|p2a: Duraludon|move: Heal Block\n|move|p2a: Duraludon|Flash Cannon|p1a: Uxie\n|-damage|p1a: Uxie|0 fnt\n|faint|p1a: Uxie\n|\n|win|p0y206a015", "uploadtime": 1783535704, "views": 0, "rating": 0, "private": 0, "password": null, "_winner": "p0y206a015", "_our_name": "p0x206ad03"}