{"id": "battle-gen9randombattle-688", "formatid": "gen9randombattle", "format": "[Gen 9] Random Battle", "players": ["p0x688cc07", "p0y6887949"], "log": "|init|battle\n|title|p0x688cc07 vs. p0y6887949\n|j|\u2606p0x688cc07\n|j|\u2606p0y6887949\n|t:|1783547815\n|gametype|singles\n|player|p1|p0x688cc07|101|\n|player|p2|p0y6887949|1|\n|gen|9\n|tier|[Gen 9] Random Battle\n|rule|Species Clause: Limit one of each Pok\u00e9mon\n|rule|HP Percentage Mod: HP is shown in percentages\n|rule|Sleep Clause Mod: Limit one foe put to sleep\n|rule|Illusion Level Mod: Illusion disguises the Pok\u00e9mon's true level\n|\n|t:|1783547815\n|teamsize|p1|6\n|teamsize|p2|6\n|start\n|switch|p1a: Garchomp|Garchomp, L74, M|282/282\n|switch|p2a: Spectrier|Spectrier, L75|100/100\n|turn|1\n|inactive|Battle timer is ON: inactive players will automatically lose when time's up. (requested by p0y6887949)\n|inactive|Time left: 300 sec this turn | 300 sec total | 60 sec grace\n|inactive|p0x688cc07 also wants the timer to be on.\n|\n|t:|1783547816\n|move|p2a: Spectrier|Shadow Ball|p1a: Garchomp\n|-damage|p1a: Garchomp|162/282\n|move|p1a: Garchomp|Scale Shot|p2a: Spectrier\n|-damage|p2a: Spectrier|86/100\n|-damage|p2a: Spectrier|71/100\n|-damage|p2a: Spectrier|57/100\n|-damage|p2a: Spectrier|42/100\n|-damage|p2a: Spectrier|27/100\n|-hitcount|p2a: Spectrier|5\n|-unboost|p1a: Garchomp|def|1\n|-boost|p1a: Garchomp|spe|1\n|\n|-heal|p2a: Spectrier|33/100|[from] item: Leftovers\n|upkeep\n|turn|2\n|inactive|Time left: 300 sec this turn | 300 sec total\n|\n|t:|1783547817\n|switch|p2a: Lokix|Lokix, L82, F|100/100\n|move|p1a: Garchomp|Earthquake|p2a: Lokix\n|-resisted|p2a: Lokix\n|-damage|p2a: Lokix|78/100\n|\n|upkeep\n|turn|3\n|inactive|Time left: 300 sec this turn | 300 sec total\n|\n|t:|1783547818\n|switch|p1a: Stonjourner|Stonjourner, L91, M|330/330\n|move|p2a: Lokix|Leech Life|p1a: Stonjourner\n|-damage|p1a: Stonjourner|256/330\n|-heal|p2a: Lokix|93/100|[from] drain|[of] p1a: Stonjourner\n|-damage|p2a: Lokix|83/100|[from] item: Life Orb\n|\n|upkeep\n|turn|4\n|inactive|Time left: 300 sec this turn | 300 sec total\n|\n|t:|1783547819\n|switch|p2a: Primarina|Primarina, L83, F|100/100\n|move|p1a: Stonjourner|Stone Edge|p2a: Primarina|[miss]\n|-miss|p1a: Stonjourner|p2a: Primarina\n|\n|upkeep\n|turn|5\n|inactive|Time left: 300 sec this turn | 300 sec total\n|\n|t:|1783547820\n|move|p1a: Stonjourner|Stone Edge|p2a: Primarina|[miss]\n|-miss|p1a: Stonjourner|p2a: Primarina\n|move|p2a: Primarina|Sparkling Aria|p1a: Stonjourner\n|-supereffective|p1a: Stonjourner\n|-damage|p1a: Stonjourner|0 fnt\n|faint|p1a: Stonjourner\n|\n|upkeep\n|inactive|Time left: 300 sec this turn | 300 sec total | 5 sec grace\n|\n|t:|1783547821\n|switch|p1a: Toucannon|Toucannon, L88, M|284/284\n|turn|6\n|inactive|Time left: 300 sec this turn | 300 sec total\n|\n|t:|1783547821\n|move|p1a: Toucannon|Bullet Seed|p2a: Primarina\n|-supereffective|p2a: Primarina\n|-damage|p2a: Primarina|80/100\n|-supereffective|p2a: Primarina\n|-damage|p2a: Primarina|59/100\n|-supereffective|p2a: Primarina\n|-damage|p2a: Primarina|39/100\n|-supereffective|p2a: Primarina\n|-crit|p2a: Primarina\n|-damage|p2a: Primarina|8/100\n|-supereffective|p2a: Primarina\n|-damage|p2a: Primarina|0 fnt\n|faint|p2a: Primarina\n|-hitcount|p2: Primarina|5\n|\n|upkeep\n|\n|t:|1783547822\n|switch|p2a: Toedscruel|Toedscruel, L87, M|100/100\n|turn|7\n|inactive|Time left: 300 sec this turn | 300 sec total\n|\n|t:|1783547823\n|-singleturn|p1a: Toucannon|move: Beak Blast\n|move|p2a: Toedscruel|Spore|p1a: Toucannon\n|-status|p1a: Toucannon|slp|[from] move: Spore\n|cant|p1a: Toucannon|slp\n|\n|upkeep\n|turn|8\n|inactive|Time left: 300 sec this turn | 300 sec total\n|\n|t:|1783547824\n|switch|p2a: Wugtrio|Wugtrio, L91, M|100/100\n|-singleturn|p1a: Toucannon|move: Beak Blast\n|cant|p1a: Toucannon|slp\n|\n|upkeep\n|turn|9\n|inactive|Time left: 300 sec this turn | 300 sec total\n|\n|t:|1783547825\n|move|p2a: Wugtrio|Liquidation|p1a: Toucannon\n|-damage|p1a: Toucannon|101/284 slp\n|-unboost|p1a: Toucannon|def|1\n|cant|p1a: Toucannon|slp\n|\n|upkeep\n|turn|10\n|inactive|Time left: 300 sec this turn | 300 sec total\n|\n|t:|1783547826\n|switch|p1a: Tauros|Tauros-Paldea-Combat, L82, M|257/257\n|-ability|p1a: Tauros|Intimidate|boost\n|-unboost|p2a: Wugtrio|atk|1\n|move|p2a: Wugtrio|Liquidation|p1a: Tauros\n|-damage|p1a: Tauros|163/257\n|\n|upkeep\n|turn|11\n|inactive|Time left: 300 sec this turn | 300 sec total\n|\n|t:|1783547827\n|move|p2a: Wugtrio|Liquidation|p1a: Tauros\n|-damage|p1a: Tauros|72/257\n|move|p1a: Tauros|Close Combat|p2a: Wugtrio\n|-damage|p2a: Wugtrio|0 fnt\n|-unboost|p1a: Tauros|def|1\n|-unboost|p1a: Tauros|spd|1\n|-ability|p2a: Wugtrio|Gooey\n|-unboost|p1a: Tauros|spe|1\n|faint|p2a: Wugtrio\n|\n|upkeep\n|\n|t:|1783547828\n|switch|p2a: Lokix|Lokix, L82, F|83/100\n|turn|12\n|inactive|Time left: 300 sec this turn | 300 sec total\n|\n|t:|1783547828\n|switch|p1a: Lucario|Lucario, L84, M|255/255\n|move|p2a: Lokix|Leech Life|p1a: Lucario\n|-resisted|p1a: Lucario\n|-damage|p1a: Lucario|187/255\n|-heal|p2a: Lokix|96/100|[from] drain|[of] p1a: Lucario\n|-damage|p2a: Lokix|86/100|[from] item: Life Orb\n|\n|upkeep\n|turn|13\n|inactive|Time left: 300 sec this turn | 300 sec total\n|\n|t:|1783547829\n|move|p1a: Lucario|Close Combat|p2a: Lokix\n|-damage|p2a: Lokix|10/100\n|-unboost|p1a: Lucario|def|1\n|-unboost|p1a: Lucario|spd|1\n|-damage|p1a: Lucario|162/255|[from] item: Life Orb\n|move|p2a: Lokix|Knock Off|p1a: Lucario\n|-resisted|p1a: Lucario\n|-damage|p1a: Lucario|0 fnt\n|-enditem|p1a: Lucario|Life Orb|[from] move: Knock Off|[of] p2a: Lokix\n|faint|p1a: Lucario\n|-damage|p2a: Lokix|0 fnt|[from] item: Life Orb\n|faint|p2a: Lokix\n|\n|upkeep\n|inactive|Time left: 300 sec this turn | 300 sec total | 5 sec grace\n|\n|t:|1783547830\n|switch|p1a: Toucannon|Toucannon, L88, M|101/284 slp\n|switch|p2a: Venusaur|Venusaur, L84, F|100/100\n|turn|14\n|inactive|Time left: 300 sec this turn | 300 sec total\n|\n|t:|1783547831\n|-terastallize|p1a: Toucannon|Steel\n|-singleturn|p1a: Toucannon|move: Beak Blast\n|move|p2a: Venusaur|Sludge Bomb|p1a: Toucannon\n|-immune|p1a: Toucannon\n|-curestatus|p1a: Toucannon|slp|[msg]\n|move|p1a: Toucannon|Beak Blast|p2a: Venusaur\n|-supereffective|p2a: Venusaur\n|-damage|p2a: Venusaur|1/100\n|\n|-heal|p2a: Venusaur|7/100|[from] item: Leftovers\n|upkeep\n|turn|15\n|inactive|Time left: 300 sec this turn | 300 sec total\n|\n|t:|1783547833\n|move|p2a: Venusaur|Giga Drain|p1a: Toucannon\n|-resisted|p1a: Toucannon\n|-damage|p1a: Toucannon|39/284\n|-heal|p2a: Venusaur|19/100|[from] drain|[of] p1a: Toucannon\n|move|p1a: Toucannon|Roost|p1a: Toucannon\n|-heal|p1a: Toucannon|181/284\n|\n|-heal|p2a: Venusaur|25/100|[from] item: Leftovers\n|upkeep\n|turn|16\n|inactive|Time left: 300 sec this turn | 300 sec total\n|\n|t:|1783547834\n|-singleturn|p1a: Toucannon|move: Beak Blast\n|move|p2a: Venusaur|Leech Seed|p1a: Toucannon\n|-start|p1a: Toucannon|move: Leech Seed\n|move|p1a: Toucannon|Beak Blast|p2a: Venusaur\n|-supereffective|p2a: Venusaur\n|-damage|p2a: Venusaur|0 fnt\n|faint|p2a: Venusaur\n|\n|upkeep\n|\n|t:|1783547835\n|switch|p2a: Toedscruel|Toedscruel, L87, M|100/100\n|turn|17\n|inactive|Time left: 300 sec this turn | 300 sec total\n|\n|t:|1783547836\n|switch|p1a: Basculegion|Basculegion, L80, M|323/323\n|move|p2a: Toedscruel|Earth Power|p1a: Basculegion\n|-damage|p1a: Basculegion|259/323\n|\n|upkeep\n|turn|18\n|inactive|Time left: 300 sec this turn | 300 sec total\n|\n|t:|1783547837\n|move|p1a: Basculegion|Wave Crash|p2a: Toedscruel\n|-damage|p2a: Toedscruel|29/100\n|-damage|p1a: Basculegion|193/323|[from] Recoil\n|move|p2a: Toedscruel|Spore|p1a: Basculegion\n|-status|p1a: Basculegion|slp|[from] move: Spore\n|\n|-heal|p2a: Toedscruel|35/100|[from] item: Leftovers\n|upkeep\n|turn|19\n|inactive|Time left: 300 sec this turn | 300 sec total\n|\n|t:|1783547838\n|switch|p1a: Toucannon|Toucannon, L88, M, tera:Steel|181/284\n|move|p2a: Toedscruel|Earth Power|p1a: Toucannon\n|-supereffective|p1a: Toucannon\n|-damage|p1a: Toucannon|0 fnt\n|faint|p1a: Toucannon\n|\n|-heal|p2a: Toedscruel|41/100|[from] item: Leftovers\n|upkeep\n|inactive|Time left: 300 sec this turn | 300 sec total | 5 sec grace\n|\n|t:|1783547839\n|switch|p1a: Garchomp|Garchomp, L74, M|162/282\n|turn|20\n|inactive|Time left: 300 sec this turn | 300 sec total\n|\n|t:|1783547840\n|move|p2a: Toedscruel|Earth Power|p1a: Garchomp\n|-damage|p1a: Garchomp|60/282\n|move|p1a: Garchomp|Scale Shot|p2a: Toedscruel\n|-damage|p2a: Toedscruel|29/100\n|-damage|p2a: Toedscruel|18/100\n|-damage|p2a: Toedscruel|5/100\n|-damage|p2a: Toedscruel|0 fnt\n|faint|p2a: Toedscruel\n|-hitcount|p2: Toedscruel|4\n|-unboost|p1a: Garchomp|def|1\n|-boost|p1a: Garchomp|spe|1\n|\n|upkeep\n|\n|t:|1783547841\n|switch|p2a: Spectrier|Spectrier, L75|33/100\n|turn|21\n|inactive|Time left: 300 sec this turn | 300 sec total\n|\n|t:|1783547842\n|move|p1a: Garchomp|Earthquake|p2a: Spectrier\n|-damage|p2a: Spectrier|0 fnt\n|faint|p2a: Spectrier\n|\n|win|p0x688cc07", "uploadtime": 1783547842, "views": 0, "rating": 0, "private": 0, "password": null, "_winner": "p0x688cc07", "_our_name": "p0x688cc07"}