{"id": "battle-gen9randombattle-2995", "formatid": "gen9randombattle", "format": "[Gen 9] Random Battle", "players": ["p0x2995f594", "p0y29957b27"], "log": "|init|battle\n|title|p0x2995f594 vs. p0y29957b27\n|j|\u2606p0x2995f594\n|j|\u2606p0y29957b27\n|t:|1783574486\n|gametype|singles\n|player|p1|p0x2995f594|170|\n|player|p2|p0y29957b27|102|\n|gen|9\n|tier|[Gen 9] Random Battle\n|rule|Species Clause: Limit one of each Pok\u00e9mon\n|rule|HP Percentage Mod: HP is shown in percentages\n|rule|Sleep Clause Mod: Limit one foe put to sleep\n|rule|Illusion Level Mod: Illusion disguises the Pok\u00e9mon's true level\n|\n|t:|1783574486\n|teamsize|p1|6\n|teamsize|p2|6\n|start\n|switch|p1a: Piloswine|Piloswine, L85, F|309/309\n|switch|p2a: Zangoose|Zangoose, L85, M|100/100\n|turn|1\n|inactive|Battle timer is ON: inactive players will automatically lose when time's up. (requested by p0y29957b27)\n|inactive|Time left: 300 sec this turn | 300 sec total | 60 sec grace\n|\n|t:|1783574488\n|move|p2a: Zangoose|Knock Off|p1a: Piloswine\n|-damage|p1a: Piloswine|252/309\n|-enditem|p1a: Piloswine|Eviolite|[from] move: Knock Off|[of] p2a: Zangoose\n|move|p1a: Piloswine|Earthquake|p2a: Zangoose\n|-damage|p2a: Zangoose|49/100\n|\n|-status|p2a: Zangoose|tox|[from] item: Toxic Orb\n|upkeep\n|turn|2\n|inactive|Time left: 300 sec this turn | 300 sec total\n|inactive|p0x2995f594 also wants the timer to be on.\n|\n|t:|1783574489\n|switch|p1a: Spectrier|Spectrier, L75|274/274\n|move|p2a: Zangoose|Facade|p1a: Spectrier\n|-immune|p1a: Spectrier\n|\n|-damage|p2a: Zangoose|43/100 tox|[from] psn\n|upkeep\n|turn|3\n|inactive|Time left: 300 sec this turn | 300 sec total\n|\n|t:|1783574490\n|-terastallize|p1a: Spectrier|Fighting\n|move|p1a: Spectrier|Tera Blast|p2a: Zangoose|[anim] Tera Blast Fighting\n|-supereffective|p2a: Zangoose\n|-damage|p2a: Zangoose|0 fnt\n|faint|p2a: Zangoose\n|-ability|p1a: Spectrier|Grim Neigh|boost\n|-boost|p1a: Spectrier|spa|1\n|-damage|p1a: Spectrier|247/274|[from] item: Life Orb\n|\n|upkeep\n|\n|t:|1783574491\n|switch|p2a: Ariados|Ariados, L95, M|100/100\n|turn|4\n|inactive|Time left: 300 sec this turn | 300 sec total\n|\n|t:|1783574492\n|move|p1a: Spectrier|Shadow Ball|p2a: Ariados\n|-damage|p2a: Ariados|34/100\n|-damage|p1a: Spectrier|220/274|[from] item: Life Orb\n|move|p2a: Ariados|Sticky Web|p1a: Spectrier\n|-sidestart|p1: p0x2995f594|move: Sticky Web\n|\n|upkeep\n|turn|5\n|inactive|Time left: 300 sec this turn | 300 sec total\n|\n|t:|1783574493\n|switch|p2a: Krookodile|Krookodile, L79, F|100/100\n|-ability|p2a: Krookodile|Intimidate|boost\n|-unboost|p1a: Spectrier|atk|1\n|move|p1a: Spectrier|Shadow Ball|p2a: Krookodile\n|-resisted|p2a: Krookodile\n|-damage|p2a: Krookodile|57/100\n|-damage|p1a: Spectrier|193/274|[from] item: Life Orb\n|\n|upkeep\n|turn|6\n|inactive|Time left: 300 sec this turn | 300 sec total\n|\n|t:|1783574494\n|switch|p2a: Ariados|Ariados, L95, M|34/100\n|move|p1a: Spectrier|Tera Blast|p2a: Ariados|[anim] Tera Blast Fighting\n|-resisted|p2a: Ariados\n|-damage|p2a: Ariados|19/100\n|-damage|p1a: Spectrier|166/274|[from] item: Life Orb\n|\n|upkeep\n|turn|7\n|inactive|Time left: 300 sec this turn | 300 sec total\n|\n|t:|1783574495\n|move|p1a: Spectrier|Shadow Ball|p2a: Ariados\n|-damage|p2a: Ariados|0 fnt\n|faint|p2a: Ariados\n|-ability|p1a: Spectrier|Grim Neigh|boost\n|-boost|p1a: Spectrier|spa|1\n|-damage|p1a: Spectrier|139/274|[from] item: Life Orb\n|\n|upkeep\n|\n|t:|1783574496\n|switch|p2a: Reshiram|Reshiram, L76|100/100\n|-ability|p2a: Reshiram|Turboblaze\n|turn|8\n|inactive|Time left: 300 sec this turn | 300 sec total\n|\n|t:|1783574497\n|move|p1a: Spectrier|Shadow Ball|p2a: Reshiram\n|-damage|p2a: Reshiram|19/100\n|-damage|p1a: Spectrier|112/274|[from] item: Life Orb\n|move|p2a: Reshiram|Dragon Dance|p2a: Reshiram\n|-boost|p2a: Reshiram|atk|1\n|-boost|p2a: Reshiram|spe|1\n|\n|upkeep\n|turn|9\n|inactive|Time left: 300 sec this turn | 300 sec total\n|\n|t:|1783574498\n|switch|p1a: Jirachi|Jirachi, L80|291/291\n|-activate|p1a: Jirachi|move: Sticky Web\n|-unboost|p1a: Jirachi|spe|1\n|move|p2a: Reshiram|Outrage|p1a: Jirachi\n|-resisted|p1a: Jirachi\n|-damage|p1a: Jirachi|201/291\n|\n|-heal|p1a: Jirachi|219/291|[from] item: Leftovers\n|upkeep\n|turn|10\n|inactive|Time left: 300 sec this turn | 300 sec total\n|\n|t:|1783574500\n|move|p2a: Reshiram|Outrage|p1a: Jirachi|[from] lockedmove\n|-resisted|p1a: Jirachi\n|-damage|p1a: Jirachi|137/291\n|-start|p2a: Reshiram|confusion|[fatigue]\n|move|p1a: Jirachi|Body Slam|p2a: Reshiram\n|-damage|p2a: Reshiram|0 fnt\n|faint|p2a: Reshiram\n|\n|-heal|p1a: Jirachi|155/291|[from] item: Leftovers\n|upkeep\n|\n|t:|1783574501\n|switch|p2a: Krookodile|Krookodile, L79, F|57/100\n|-ability|p2a: Krookodile|Intimidate|boost\n|-unboost|p1a: Jirachi|atk|1\n|turn|11\n|inactive|Time left: 300 sec this turn | 300 sec total\n|\n|t:|1783574502\n|switch|p1a: Iron Hands|Iron Hands, L79|373/373\n|-activate|p1a: Iron Hands|move: Sticky Web\n|-unboost|p1a: Iron Hands|spe|1\n|move|p2a: Krookodile|Knock Off|p1a: Iron Hands\n|-resisted|p1a: Iron Hands\n|-damage|p1a: Iron Hands|305/373\n|-enditem|p1a: Iron Hands|Leftovers|[from] move: Knock Off|[of] p2a: Krookodile\n|\n|upkeep\n|turn|12\n|inactive|Time left: 300 sec this turn | 300 sec total\n|\n|t:|1783574503\n|switch|p2a: Exeggutor|Exeggutor, L89, F|100/100\n|move|p1a: Iron Hands|Drain Punch|p2a: Exeggutor\n|-resisted|p2a: Exeggutor\n|-damage|p2a: Exeggutor|85/100\n|-heal|p1a: Iron Hands|330/373|[from] drain|[of] p2a: Exeggutor\n|\n|upkeep\n|turn|13\n|inactive|Time left: 300 sec this turn | 300 sec total\n|\n|t:|1783574504\n|-end|p1a: Iron Hands|Quark Drive|[silent]\n|switch|p1a: Jirachi|Jirachi, L80|155/291\n|-activate|p1a: Jirachi|move: Sticky Web\n|-unboost|p1a: Jirachi|spe|1\n|move|p2a: Exeggutor|Psychic|p1a: Jirachi\n|-resisted|p1a: Jirachi\n|-damage|p1a: Jirachi|126/291\n|-unboost|p1a: Jirachi|spd|1\n|\n|-heal|p1a: Jirachi|144/291|[from] item: Leftovers\n|upkeep\n|turn|14\n|inactive|Time left: 300 sec this turn | 300 sec total\n|\n|t:|1783574505\n|move|p2a: Exeggutor|Sleep Powder|p1a: Jirachi\n|-status|p1a: Jirachi|slp|[from] move: Sleep Powder\n|cant|p1a: Jirachi|slp\n|\n|-heal|p1a: Jirachi|162/291 slp|[from] item: Leftovers\n|upkeep\n|turn|15\n|inactive|Time left: 300 sec this turn | 300 sec total\n|\n|t:|1783574506\n|move|p2a: Exeggutor|Psychic|p1a: Jirachi\n|-resisted|p1a: Jirachi\n|-damage|p1a: Jirachi|112/291 slp\n|cant|p1a: Jirachi|slp\n|\n|-heal|p1a: Jirachi|130/291 slp|[from] item: Leftovers\n|upkeep\n|turn|16\n|inactive|Time left: 300 sec this turn | 300 sec total\n|\n|t:|1783574507\n|move|p2a: Exeggutor|Leech Seed|p1a: Jirachi\n|-start|p1a: Jirachi|move: Leech Seed\n|-curestatus|p1a: Jirachi|slp|[msg]\n|move|p1a: Jirachi|Body Slam|p2a: Exeggutor\n|-damage|p2a: Exeggutor|67/100\n|-status|p2a: Exeggutor|par\n|\n|-heal|p1a: Jirachi|148/291|[from] item: Leftovers\n|-damage|p1a: Jirachi|112/291|[from] Leech Seed|[of] p2a: Exeggutor\n|-heal|p2a: Exeggutor|78/100 par|[silent]\n|upkeep\n|turn|17\n|inactive|Time left: 300 sec this turn | 300 sec total\n|\n|t:|1783574508\n|switch|p1a: Electrode|Electrode-Hisui, L87|246/246\n|-activate|p1a: Electrode|move: Sticky Web\n|-unboost|p1a: Electrode|spe|1\n|move|p2a: Exeggutor|Psychic|p1a: Electrode\n|-damage|p1a: Electrode|114/246\n|\n|-heal|p1a: Electrode|129/246|[from] item: Leftovers\n|upkeep\n|turn|18\n|inactive|Time left: 300 sec this turn | 300 sec total\n|\n|t:|1783574509\n|move|p1a: Electrode|Giga Drain|p2a: Exeggutor\n|-resisted|p2a: Exeggutor\n|-damage|p2a: Exeggutor|66/100 par\n|-heal|p1a: Electrode|149/246|[from] drain|[of] p2a: Exeggutor\n|move|p2a: Exeggutor|Psychic|p1a: Electrode\n|-damage|p1a: Electrode|5/246\n|\n|-heal|p1a: Electrode|20/246|[from] item: Leftovers\n|upkeep\n|turn|19\n|inactive|Time left: 300 sec this turn | 300 sec total\n|\n|t:|1783574511\n|move|p1a: Electrode|Thunderbolt|p2a: Exeggutor\n|-resisted|p2a: Exeggutor\n|-damage|p2a: Exeggutor|51/100 par\n|cant|p2a: Exeggutor|par\n|\n|-heal|p1a: Electrode|35/246|[from] item: Leftovers\n|upkeep\n|turn|20\n|inactive|Time left: 300 sec this turn | 300 sec total\n|\n|t:|1783574512\n|move|p1a: Electrode|Giga Drain|p2a: Exeggutor\n|-resisted|p2a: Exeggutor\n|-crit|p2a: Exeggutor\n|-damage|p2a: Exeggutor|33/100 par\n|-heal|p1a: Electrode|64/246|[from] drain|[of] p2a: Exeggutor\n|-enditem|p2a: Exeggutor|Sitrus Berry|[eat]\n|-heal|p2a: Exeggutor|58/100 par|[from] item: Sitrus Berry\n|cant|p2a: Exeggutor|par\n|\n|-heal|p1a: Electrode|79/246|[from] item: Leftovers\n|upkeep\n|turn|21\n|inactive|Time left: 300 sec this turn | 300 sec total\n|\n|t:|1783574513\n|move|p1a: Electrode|Giga Drain|p2a: Exeggutor\n|-resisted|p2a: Exeggutor\n|-damage|p2a: Exeggutor|46/100 par\n|-heal|p1a: Electrode|99/246|[from] drain|[of] p2a: Exeggutor\n|move|p2a: Exeggutor|Psychic|p1a: Electrode\n|-damage|p1a: Electrode|0 fnt\n|faint|p1a: Electrode\n|\n|upkeep\n|inactive|Time left: 300 sec this turn | 300 sec total | 5 sec grace\n|\n|t:|1783574514\n|switch|p1a: Spectrier|Spectrier, L75, tera:Fighting|112/274\n|-activate|p1a: Spectrier|move: Sticky Web\n|-unboost|p1a: Spectrier|spe|1\n|turn|22\n|inactive|Time left: 300 sec this turn | 300 sec total\n|\n|t:|1783574515\n|move|p1a: Spectrier|Shadow Ball|p2a: Exeggutor\n|-supereffective|p2a: Exeggutor\n|-damage|p2a: Exeggutor|0 fnt\n|faint|p2a: Exeggutor\n|-ability|p1a: Spectrier|Grim Neigh|boost\n|-boost|p1a: Spectrier|spa|1\n|-damage|p1a: Spectrier|85/274|[from] item: Life Orb\n|\n|upkeep\n|\n|t:|1783574516\n|switch|p2a: Krookodile|Krookodile, L79, F|57/100\n|-ability|p2a: Krookodile|Intimidate|boost\n|-unboost|p1a: Spectrier|atk|1\n|turn|23\n|inactive|Time left: 300 sec this turn | 300 sec total\n|\n|t:|1783574517\n|move|p2a: Krookodile|Earthquake|p1a: Spectrier\n|-crit|p1a: Spectrier\n|-damage|p1a: Spectrier|0 fnt\n|faint|p1a: Spectrier\n|\n|upkeep\n|inactive|Time left: 300 sec this turn | 300 sec total | 5 sec grace\n|\n|t:|1783574518\n|switch|p1a: Piloswine|Piloswine, L85, F|252/309\n|-activate|p1a: Piloswine|move: Sticky Web\n|-unboost|p1a: Piloswine|spe|1\n|turn|24\n|inactive|Time left: 300 sec this turn | 300 sec total\n|\n|t:|1783574519\n|move|p2a: Krookodile|Earthquake|p1a: Piloswine\n|-damage|p1a: Piloswine|65/309\n|move|p1a: Piloswine|Icicle Crash|p2a: Krookodile\n|-supereffective|p2a: Krookodile\n|-damage|p2a: Krookodile|0 fnt\n|faint|p2a: Krookodile\n|\n|upkeep\n|\n|t:|1783574520\n|switch|p2a: Cyclizar|Cyclizar, L84, F|100/100\n|turn|25\n|inactive|Time left: 300 sec this turn | 300 sec total\n|\n|t:|1783574521\n|move|p2a: Cyclizar|Rapid Spin|p1a: Piloswine\n|-damage|p1a: Piloswine|11/309\n|-boost|p2a: Cyclizar|spe|1\n|move|p1a: Piloswine|Earthquake|p2a: Cyclizar\n|-damage|p2a: Cyclizar|45/100\n|\n|upkeep\n|turn|26\n|inactive|Time left: 300 sec this turn | 300 sec total\n|\n|t:|1783574523\n|move|p1a: Piloswine|Ice Shard|p2a: Cyclizar\n|-supereffective|p2a: Cyclizar\n|-damage|p2a: Cyclizar|0 fnt\n|faint|p2a: Cyclizar\n|\n|win|p0x2995f594", "uploadtime": 1783574523, "views": 0, "rating": 0, "private": 0, "password": null, "_winner": "p0x2995f594", "_our_name": "p0x2995f594"}