{"id": "battle-gen9randombattle-1040", "formatid": "gen9randombattle", "format": "[Gen 9] Random Battle", "players": ["p0x1040ed60", "p0y10406b7d"], "log": "|init|battle\n|title|p0x1040ed60 vs. p0y10406b7d\n|j|\u2606p0x1040ed60\n|j|\u2606p0y10406b7d\n|t:|1783551232\n|gametype|singles\n|player|p1|p0x1040ed60|2|\n|player|p2|p0y10406b7d|101|\n|gen|9\n|tier|[Gen 9] Random Battle\n|rule|Species Clause: Limit one of each Pok\u00e9mon\n|rule|HP Percentage Mod: HP is shown in percentages\n|rule|Sleep Clause Mod: Limit one foe put to sleep\n|rule|Illusion Level Mod: Illusion disguises the Pok\u00e9mon's true level\n|\n|t:|1783551232\n|teamsize|p1|6\n|teamsize|p2|6\n|start\n|switch|p1a: Pincurchin|Pincurchin, M|100/100\n|switch|p2a: Tornadus|Tornadus-Therian, L79, M|254/254\n|-fieldstart|move: Electric Terrain|[from] ability: Electric Surge|[of] p1a: Pincurchin\n|turn|1\n|inactive|Battle timer is ON: inactive players will automatically lose when time's up. (requested by p0x1040ed60)\n|inactive|Time left: 300 sec this turn | 300 sec total | 60 sec grace\n|inactive|p0y10406b7d also wants the timer to be on.\n|\n|t:|1783551234\n|switch|p2a: Cacturne|Cacturne, L92, F|278/278\n|move|p1a: Pincurchin|Zing Zap|p2a: Cacturne\n|-resisted|p2a: Cacturne\n|-damage|p2a: Cacturne|183/278\n|\n|upkeep\n|turn|2\n|inactive|Time left: 300 sec this turn | 300 sec total\n|\n|t:|1783551236\n|move|p2a: Cacturne|Swords Dance|p2a: Cacturne\n|-boost|p2a: Cacturne|atk|2\n|move|p1a: Pincurchin|Zing Zap|p2a: Cacturne\n|-resisted|p2a: Cacturne\n|-damage|p2a: Cacturne|80/278\n|\n|upkeep\n|turn|3\n|inactive|Time left: 300 sec this turn | 300 sec total\n|\n|t:|1783551237\n|switch|p1a: Hariyama|Hariyama, L87, F|100/100\n|move|p2a: Cacturne|Knock Off|p1a: Hariyama\n|-resisted|p1a: Hariyama\n|-damage|p1a: Hariyama|42/100\n|-enditem|p1a: Hariyama|Assault Vest|[from] move: Knock Off|[of] p2a: Cacturne\n|-damage|p2a: Cacturne|53/278|[from] item: Life Orb\n|\n|upkeep\n|turn|4\n|inactive|Time left: 300 sec this turn | 300 sec total\n|\n|t:|1783551238\n|move|p2a: Cacturne|Seed Bomb|p1a: Hariyama\n|-damage|p1a: Hariyama|0 fnt\n|faint|p1a: Hariyama\n|-damage|p2a: Cacturne|26/278|[from] item: Life Orb\n|\n|upkeep\n|\n|t:|1783551239\n|switch|p1a: Meganium|Meganium, L90, F|100/100\n|turn|5\n|inactive|Time left: 300 sec this turn | 300 sec total\n|\n|t:|1783551240\n|move|p2a: Cacturne|Sucker Punch|p1a: Meganium\n|-damage|p1a: Meganium|18/100\n|-damage|p2a: Cacturne|0 fnt|[from] item: Life Orb\n|faint|p2a: Cacturne\n|move|p1a: Meganium|Petal Blizzard|p2: Cacturne|[notarget]\n|-fail|p1a: Meganium\n|\n|-heal|p1a: Meganium|24/100|[from] item: Leftovers\n|-fieldend|move: Electric Terrain\n|upkeep\n|inactive|Time left: 300 sec this turn | 300 sec total | 5 sec grace\n|\n|t:|1783551241\n|switch|p2a: Tornadus|Tornadus-Therian, L79, M|254/254\n|turn|6\n|inactive|Time left: 300 sec this turn | 300 sec total\n|\n|t:|1783551242\n|switch|p1a: Pincurchin|Pincurchin, M|100/100\n|-fieldstart|move: Electric Terrain|[from] ability: Electric Surge|[of] p1a: Pincurchin\n|move|p2a: Tornadus|Bleakwind Storm|p1a: Pincurchin\n|-resisted|p1a: Pincurchin\n|-damage|p1a: Pincurchin|84/100\n|\n|-heal|p1a: Pincurchin|90/100|[from] item: Leftovers\n|upkeep\n|turn|7\n|inactive|Time left: 300 sec this turn | 300 sec total\n|\n|t:|1783551243\n|switch|p2a: Oranguru|Oranguru, L92, M|315/315\n|move|p1a: Pincurchin|Zing Zap|p2a: Oranguru\n|-damage|p2a: Oranguru|162/315\n|\n|-heal|p1a: Pincurchin|97/100|[from] item: Leftovers\n|upkeep\n|turn|8\n|inactive|Time left: 300 sec this turn | 300 sec total\n|\n|t:|1783551244\n|move|p2a: Oranguru|Hyper Voice|p1a: Pincurchin\n|-damage|p1a: Pincurchin|42/100\n|move|p1a: Pincurchin|Zing Zap|p2a: Oranguru\n|-damage|p2a: Oranguru|0 fnt\n|faint|p2a: Oranguru\n|\n|-heal|p1a: Pincurchin|48/100|[from] item: Leftovers\n|upkeep\n|inactive|Time left: 300 sec this turn | 300 sec total | 5 sec grace\n|\n|t:|1783551245\n|switch|p2a: Drednaw|Drednaw, L81, M|278/278\n|turn|9\n|inactive|Time left: 300 sec this turn | 300 sec total\n|\n|t:|1783551246\n|-terastallize|p2a: Drednaw|Ground\n|move|p2a: Drednaw|Shell Smash|p2a: Drednaw\n|-unboost|p2a: Drednaw|def|1\n|-unboost|p2a: Drednaw|spd|1\n|-boost|p2a: Drednaw|atk|2\n|-boost|p2a: Drednaw|spa|2\n|-boost|p2a: Drednaw|spe|2\n|-enditem|p2a: Drednaw|White Herb\n|-clearnegativeboost|p2a: Drednaw|[silent]\n|move|p1a: Pincurchin|Zing Zap|p2a: Drednaw\n|-immune|p2a: Drednaw\n|\n|-heal|p1a: Pincurchin|54/100|[from] item: Leftovers\n|upkeep\n|turn|10\n|inactive|Time left: 300 sec this turn | 300 sec total\n|\n|t:|1783551247\n|-terastallize|p1a: Pincurchin|Grass\n|move|p2a: Drednaw|Earthquake|p1a: Pincurchin\n|-resisted|p1a: Pincurchin\n|-damage|p1a: Pincurchin|19/100\n|move|p1a: Pincurchin|Liquidation|p2a: Drednaw\n|-supereffective|p2a: Drednaw\n|-damage|p2a: Drednaw|92/278\n|-unboost|p2a: Drednaw|def|1\n|\n|-heal|p1a: Pincurchin|25/100|[from] item: Leftovers\n|-fieldend|move: Electric Terrain\n|upkeep\n|turn|11\n|inactive|Time left: 300 sec this turn | 300 sec total\n|\n|t:|1783551249\n|move|p2a: Drednaw|Earthquake|p1a: Pincurchin\n|-resisted|p1a: Pincurchin\n|-damage|p1a: Pincurchin|0 fnt\n|faint|p1a: Pincurchin\n|\n|upkeep\n|\n|t:|1783551250\n|switch|p1a: Forretress|Forretress, L84, F|100/100\n|turn|12\n|inactive|Time left: 300 sec this turn | 300 sec total\n|\n|t:|1783551251\n|move|p2a: Drednaw|Earthquake|p1a: Forretress\n|-damage|p1a: Forretress|44/100\n|move|p1a: Forretress|Iron Head|p2a: Drednaw\n|-damage|p2a: Drednaw|0 fnt\n|faint|p2a: Drednaw\n|\n|-heal|p1a: Forretress|50/100|[from] item: Leftovers\n|upkeep\n|inactive|Time left: 300 sec this turn | 300 sec total | 5 sec grace\n|\n|t:|1783551252\n|switch|p2a: Espathra|Espathra, L80, F|283/283\n|turn|13\n|inactive|Time left: 300 sec this turn | 300 sec total\n|\n|t:|1783551253\n|switch|p1a: Malamar|Malamar, L82, F|100/100\n|move|p2a: Espathra|Calm Mind|p2a: Espathra\n|-boost|p2a: Espathra|spa|1\n|-boost|p2a: Espathra|spd|1\n|\n|-ability|p2a: Espathra|Speed Boost|boost\n|-boost|p2a: Espathra|spe|1\n|upkeep\n|turn|14\n|inactive|Time left: 300 sec this turn | 300 sec total\n|\n|t:|1783551254\n|move|p2a: Espathra|Dazzling Gleam|p1a: Malamar\n|-supereffective|p1a: Malamar\n|-damage|p1a: Malamar|27/100\n|move|p1a: Malamar|Knock Off|p2a: Espathra\n|-supereffective|p2a: Espathra\n|-damage|p2a: Espathra|47/283\n|-enditem|p2a: Espathra|Leftovers|[from] move: Knock Off|[of] p1a: Malamar\n|\n|-heal|p1a: Malamar|33/100|[from] item: Leftovers\n|-ability|p2a: Espathra|Speed Boost|boost\n|-boost|p2a: Espathra|spe|1\n|upkeep\n|turn|15\n|inactive|Time left: 300 sec this turn | 300 sec total\n|\n|t:|1783551255\n|switch|p1a: Bastiodon|Bastiodon, L89, M|100/100\n|move|p2a: Espathra|Dazzling Gleam|p1a: Bastiodon\n|-resisted|p1a: Bastiodon\n|-damage|p1a: Bastiodon|89/100\n|\n|-ability|p2a: Espathra|Speed Boost|boost\n|-boost|p2a: Espathra|spe|1\n|upkeep\n|turn|16\n|inactive|Time left: 300 sec this turn | 300 sec total\n|\n|t:|1783551256\n|move|p2a: Espathra|Protect|p2a: Espathra\n|-singleturn|p2a: Espathra|Protect\n|move|p1a: Bastiodon|Foul Play|p2a: Espathra\n|-activate|p2a: Espathra|move: Protect\n|\n|-ability|p2a: Espathra|Speed Boost|boost\n|-boost|p2a: Espathra|spe|1\n|upkeep\n|turn|17\n|inactive|Time left: 300 sec this turn | 300 sec total\n|\n|t:|1783551257\n|switch|p2a: Dondozo|Dondozo, L78, M|362/362\n|move|p1a: Bastiodon|Foul Play|p2a: Dondozo\n|-damage|p2a: Dondozo|302/362\n|\n|-heal|p2a: Dondozo|324/362|[from] item: Leftovers\n|upkeep\n|turn|18\n|inactive|Time left: 300 sec this turn | 300 sec total\n|\n|t:|1783551259\n|switch|p1a: Meganium|Meganium, L90, F|24/100\n|move|p2a: Dondozo|Wave Crash|p1a: Meganium\n|-resisted|p1a: Meganium\n|-damage|p1a: Meganium|9/100\n|-damage|p2a: Dondozo|309/362|[from] Recoil\n|\n|-heal|p1a: Meganium|15/100|[from] item: Leftovers\n|-heal|p2a: Dondozo|331/362|[from] item: Leftovers\n|upkeep\n|turn|19\n|inactive|Time left: 300 sec this turn | 300 sec total\n|\n|t:|1783551260\n|switch|p2a: Tornadus|Tornadus-Therian, L79, M|254/254\n|move|p1a: Meganium|Petal Blizzard|p2a: Tornadus\n|-resisted|p2a: Tornadus\n|-damage|p2a: Tornadus|178/254\n|\n|-heal|p1a: Meganium|21/100|[from] item: Leftovers\n|upkeep\n|turn|20\n|inactive|Time left: 300 sec this turn | 300 sec total\n|\n|t:|1783551261\n|switch|p1a: Bastiodon|Bastiodon, L89, M|89/100\n|move|p2a: Tornadus|U-turn|p1a: Bastiodon\n|-resisted|p1a: Bastiodon\n|-damage|p1a: Bastiodon|84/100\n|inactive|Time left: 300 sec this turn | 300 sec total | 5 sec grace\n|\n|t:|1783551262\n|switch|p2a: Dondozo|Dondozo, L78, M|331/362|[from] U-turn\n|\n|-heal|p2a: Dondozo|353/362|[from] item: Leftovers\n|upkeep\n|turn|21\n|inactive|Time left: 300 sec this turn | 300 sec total\n|\n|t:|1783551263\n|switch|p1a: Meganium|Meganium, L90, F|21/100\n|move|p2a: Dondozo|Wave Crash|p1a: Meganium\n|-resisted|p1a: Meganium\n|-damage|p1a: Meganium|6/100\n|-damage|p2a: Dondozo|338/362|[from] Recoil\n|\n|-heal|p1a: Meganium|12/100|[from] item: Leftovers\n|-heal|p2a: Dondozo|360/362|[from] item: Leftovers\n|upkeep\n|turn|22\n|inactive|Time left: 300 sec this turn | 300 sec total\n|\n|t:|1783551264\n|move|p1a: Meganium|Petal Blizzard|p2a: Dondozo\n|-supereffective|p2a: Dondozo\n|-damage|p2a: Dondozo|102/362\n|move|p2a: Dondozo|Wave Crash|p1a: Meganium\n|-resisted|p1a: Meganium\n|-damage|p1a: Meganium|0 fnt\n|faint|p1a: Meganium\n|-damage|p2a: Dondozo|91/362|[from] Recoil\n|\n|-heal|p2a: Dondozo|113/362|[from] item: Leftovers\n|upkeep\n|\n|t:|1783551265\n|switch|p1a: Malamar|Malamar, L82, F|33/100\n|turn|23\n|inactive|Time left: 300 sec this turn | 300 sec total\n|\n|t:|1783551266\n|move|p1a: Malamar|Knock Off|p2a: Dondozo\n|-damage|p2a: Dondozo|28/362\n|-enditem|p2a: Dondozo|Leftovers|[from] move: Knock Off|[of] p1a: Malamar\n|move|p2a: Dondozo|Rest|p2a: Dondozo\n|-status|p2a: Dondozo|slp|[from] move: Rest\n|-heal|p2a: Dondozo|362/362 slp|[silent]\n|\n|-heal|p1a: Malamar|39/100|[from] item: Leftovers\n|upkeep\n|turn|24\n|inactive|Time left: 300 sec this turn | 300 sec total\n|\n|t:|1783551267\n|move|p1a: Malamar|Superpower|p2a: Dondozo\n|-damage|p2a: Dondozo|293/362 slp\n|-boost|p1a: Malamar|atk|1\n|-boost|p1a: Malamar|def|1\n|cant|p2a: Dondozo|slp\n|move|p2a: Dondozo|Sleep Talk|p2a: Dondozo\n|move|p2a: Dondozo|Rest||[from] move: Sleep Talk|[still]\n|-fail|p2a: Dondozo\n|\n|-heal|p1a: Malamar|46/100|[from] item: Leftovers\n|upkeep\n|turn|25\n|inactive|Time left: 300 sec this turn | 300 sec total\n|\n|t:|1783551268\n|move|p1a: Malamar|Superpower|p2a: Dondozo\n|-damage|p2a: Dondozo|227/362 slp\n|-boost|p1a: Malamar|atk|1\n|-boost|p1a: Malamar|def|1\n|cant|p2a: Dondozo|slp\n|move|p2a: Dondozo|Sleep Talk|p2a: Dondozo\n|move|p2a: Dondozo|Wave Crash|p1a: Malamar|[from] move: Sleep Talk\n|-crit|p1a: Malamar\n|-damage|p1a: Malamar|0 fnt\n|faint|p1a: Malamar\n|-damage|p2a: Dondozo|186/362 slp|[from] Recoil\n|\n|upkeep\n|\n|t:|1783551269\n|switch|p1a: Forretress|Forretress, L84, F|50/100\n|turn|26\n|inactive|Time left: 300 sec this turn | 300 sec total\n|\n|t:|1783551270\n|move|p1a: Forretress|Stealth Rock|p2a: Dondozo\n|-sidestart|p2: p0y10406b7d|move: Stealth Rock\n|-curestatus|p2a: Dondozo|slp|[msg]\n|move|p2a: Dondozo|Wave Crash|p1a: Forretress\n|-damage|p1a: Forretress|20/100\n|-damage|p2a: Dondozo|160/362|[from] Recoil\n|\n|-heal|p1a: Forretress|26/100|[from] item: Leftovers\n|upkeep\n|turn|27\n|inactive|Time left: 300 sec this turn | 300 sec total\n|\n|t:|1783551271\n|move|p1a: Forretress|Body Press|p2a: Dondozo\n|-damage|p2a: Dondozo|90/362\n|move|p2a: Dondozo|Wave Crash|p1a: Forretress\n|-damage|p1a: Forretress|0 fnt\n|faint|p1a: Forretress\n|-damage|p2a: Dondozo|68/362|[from] Recoil\n|\n|upkeep\n|\n|t:|1783551272\n|switch|p1a: Bastiodon|Bastiodon, L89, M|84/100\n|turn|28\n|inactive|Time left: 300 sec this turn | 300 sec total\n|\n|t:|1783551273\n|switch|p2a: Tornadus|Tornadus-Therian, L79, M|254/254\n|-damage|p2a: Tornadus|191/254|[from] Stealth Rock\n|move|p1a: Bastiodon|Body Press|p2a: Tornadus\n|-resisted|p2a: Tornadus\n|-damage|p2a: Tornadus|140/254\n|\n|upkeep\n|turn|29\n|inactive|Time left: 300 sec this turn | 300 sec total\n|\n|t:|1783551274\n|move|p2a: Tornadus|Bleakwind Storm|p1a: Bastiodon\n|-resisted|p1a: Bastiodon\n|-damage|p1a: Bastiodon|78/100\n|move|p1a: Bastiodon|Foul Play|p2a: Tornadus\n|-damage|p2a: Tornadus|55/254\n|\n|upkeep\n|turn|30\n|inactive|Time left: 300 sec this turn | 300 sec total\n|\n|t:|1783551275\n|move|p2a: Tornadus|Bleakwind Storm|p1a: Bastiodon\n|-resisted|p1a: Bastiodon\n|-damage|p1a: Bastiodon|72/100\n|move|p1a: Bastiodon|Foul Play|p2a: Tornadus\n|-damage|p2a: Tornadus|0 fnt\n|faint|p2a: Tornadus\n|\n|upkeep\n|inactive|Time left: 300 sec this turn | 300 sec total | 5 sec grace\n|\n|t:|1783551276\n|switch|p2a: Espathra|Espathra, L80, F|47/283\n|-damage|p2a: Espathra|12/283|[from] Stealth Rock\n|turn|31\n|inactive|Time left: 300 sec this turn | 300 sec total\n|\n|t:|1783551277\n|move|p2a: Espathra|Protect|p2a: Espathra\n|-singleturn|p2a: Espathra|Protect\n|move|p1a: Bastiodon|Body Press|p2a: Espathra\n|-activate|p2a: Espathra|move: Protect\n|\n|-ability|p2a: Espathra|Speed Boost|boost\n|-boost|p2a: Espathra|spe|1\n|upkeep\n|turn|32\n|inactive|Time left: 300 sec this turn | 300 sec total\n|\n|t:|1783551278\n|move|p2a: Espathra|Protect||[still]\n|-fail|p2a: Espathra\n|move|p1a: Bastiodon|Body Press|p2a: Espathra\n|-resisted|p2a: Espathra\n|-damage|p2a: Espathra|0 fnt\n|faint|p2a: Espathra\n|\n|upkeep\n|inactive|Time left: 300 sec this turn | 300 sec total | 5 sec grace\n|\n|t:|1783551279\n|switch|p2a: Dondozo|Dondozo, L78, M|68/362\n|-damage|p2a: Dondozo|23/362|[from] Stealth Rock\n|turn|33\n|inactive|Time left: 300 sec this turn | 300 sec total\n|\n|t:|1783551280\n|move|p1a: Bastiodon|Foul Play|p2a: Dondozo\n|-damage|p2a: Dondozo|0 fnt\n|faint|p2a: Dondozo\n|\n|win|p0x1040ed60", "uploadtime": 1783551280, "views": 0, "rating": 0, "private": 0, "password": null, "_winner": "p0x1040ed60", "_our_name": "p0y10406b7d"}