{"id": "battle-gen9randombattle-135", "formatid": "gen9randombattle", "format": "[Gen 9] Random Battle", "players": ["p0x135e77e", "p0y135b1d8"], "log": "|init|battle\n|title|p0x135e77e vs. p0y135b1d8\n|j|\u2606p0x135e77e\n|j|\u2606p0y135b1d8\n|t:|1783540711\n|gametype|singles\n|player|p1|p0x135e77e|170|\n|player|p2|p0y135b1d8|1|\n|gen|9\n|tier|[Gen 9] Random Battle\n|rule|Species Clause: Limit one of each Pok\u00e9mon\n|rule|HP Percentage Mod: HP is shown in percentages\n|rule|Sleep Clause Mod: Limit one foe put to sleep\n|rule|Illusion Level Mod: Illusion disguises the Pok\u00e9mon's true level\n|\n|t:|1783540711\n|teamsize|p1|6\n|teamsize|p2|6\n|start\n|switch|p1a: Keldeo|Keldeo-Resolute, L79|100/100\n|switch|p2a: Heatran|Heatran, L79, F|273/273\n|-item|p2a: Heatran|Air Balloon\n|turn|1\n|inactive|Battle timer is ON: inactive players will automatically lose when time's up. (requested by p0x135e77e)\n|inactive|Time left: 300 sec this turn | 300 sec total | 60 sec grace\n|inactive|p0y135b1d8 also wants the timer to be on.\n|\n|t:|1783540713\n|switch|p2a: Slowking|Slowking, L88, F|310/310\n|move|p1a: Keldeo|Secret Sword|p2a: Slowking\n|-resisted|p2a: Slowking\n|-damage|p2a: Slowking|257/310\n|\n|upkeep\n|turn|2\n|inactive|Time left: 300 sec this turn | 300 sec total\n|\n|t:|1783540715\n|move|p1a: Keldeo|Calm Mind|p1a: Keldeo\n|-boost|p1a: Keldeo|spa|1\n|-boost|p1a: Keldeo|spd|1\n|move|p2a: Slowking|Scald|p1a: Keldeo\n|-resisted|p1a: Keldeo\n|-damage|p1a: Keldeo|88/100\n|-status|p1a: Keldeo|brn\n|\n|-heal|p1a: Keldeo|95/100 brn|[from] item: Leftovers\n|-damage|p1a: Keldeo|88/100 brn|[from] brn\n|upkeep\n|turn|3\n|inactive|Time left: 300 sec this turn | 300 sec total\n|\n|t:|1783540716\n|move|p1a: Keldeo|Calm Mind|p1a: Keldeo\n|-boost|p1a: Keldeo|spa|1\n|-boost|p1a: Keldeo|spd|1\n|-prepare|p2a: Slowking|Chilly Reception|[premajor]\n|move|p2a: Slowking|Chilly Reception|p2a: Slowking\n|-weather|Snowscape\n|inactive|Time left: 300 sec this turn | 300 sec total | 5 sec grace\n|\n|t:|1783540717\n|switch|p2a: Slither Wing|Slither Wing, L81|270/270|[from] Chilly Reception\n|-enditem|p2a: Slither Wing|Booster Energy\n|-activate|p2a: Slither Wing|ability: Protosynthesis|[fromitem]\n|-start|p2a: Slither Wing|protosynthesisatk\n|\n|-weather|Snowscape|[upkeep]\n|-heal|p1a: Keldeo|95/100 brn|[from] item: Leftovers\n|-damage|p1a: Keldeo|88/100 brn|[from] brn\n|upkeep\n|turn|4\n|inactive|Time left: 300 sec this turn | 300 sec total\n|\n|t:|1783540718\n|move|p1a: Keldeo|Surf|p2a: Slither Wing\n|-crit|p2a: Slither Wing\n|-damage|p2a: Slither Wing|0 fnt\n|faint|p2a: Slither Wing\n|-end|p2a: Slither Wing|Protosynthesis|[silent]\n|\n|-weather|Snowscape|[upkeep]\n|-heal|p1a: Keldeo|95/100 brn|[from] item: Leftovers\n|-damage|p1a: Keldeo|88/100 brn|[from] brn\n|upkeep\n|inactive|Time left: 300 sec this turn | 300 sec total | 5 sec grace\n|\n|t:|1783540719\n|switch|p2a: Torterra|Torterra, L78, M|276/276\n|turn|5\n|inactive|Time left: 300 sec this turn | 300 sec total\n|\n|t:|1783540721\n|move|p1a: Keldeo|Surf|p2a: Torterra\n|-damage|p2a: Torterra|45/276\n|move|p2a: Torterra|Bullet Seed|p1a: Keldeo\n|-supereffective|p1a: Keldeo\n|-damage|p1a: Keldeo|57/100 brn\n|-supereffective|p1a: Keldeo\n|-damage|p1a: Keldeo|30/100 brn\n|-supereffective|p1a: Keldeo\n|-damage|p1a: Keldeo|0 fnt\n|faint|p1a: Keldeo\n|-hitcount|p1: Keldeo|3\n|\n|-weather|Snowscape|[upkeep]\n|upkeep\n|\n|t:|1783540722\n|switch|p1a: Azelf|Azelf, L82|100/100\n|turn|6\n|inactive|Time left: 300 sec this turn | 300 sec total\n|\n|t:|1783540723\n|switch|p2a: Heatran|Heatran, L79, F|273/273\n|-item|p2a: Heatran|Air Balloon\n|move|p1a: Azelf|Psychic|p2a: Heatran\n|-resisted|p2a: Heatran\n|-damage|p2a: Heatran|203/273\n|-enditem|p2a: Heatran|Air Balloon\n|\n|-weather|Snowscape|[upkeep]\n|upkeep\n|turn|7\n|inactive|Time left: 300 sec this turn | 300 sec total\n|\n|t:|1783540724\n|move|p1a: Azelf|Psychic|p2a: Heatran\n|-resisted|p2a: Heatran\n|-damage|p2a: Heatran|131/273\n|move|p2a: Heatran|Stealth Rock|p1a: Azelf\n|-sidestart|p1: p0x135e77e|move: Stealth Rock\n|\n|-weather|none\n|upkeep\n|turn|8\n|inactive|Time left: 300 sec this turn | 300 sec total\n|\n|t:|1783540725\n|move|p1a: Azelf|Psychic|p2a: Heatran\n|-resisted|p2a: Heatran\n|-damage|p2a: Heatran|56/273\n|move|p2a: Heatran|Heavy Slam|p1a: Azelf\n|-damage|p1a: Azelf|53/100\n|\n|upkeep\n|turn|9\n|inactive|Time left: 300 sec this turn | 300 sec total\n|\n|t:|1783540727\n|move|p1a: Azelf|Psychic|p2a: Heatran\n|-resisted|p2a: Heatran\n|-damage|p2a: Heatran|0 fnt\n|faint|p2a: Heatran\n|\n|upkeep\n|inactive|Time left: 300 sec this turn | 300 sec total | 5 sec grace\n|\n|t:|1783540728\n|switch|p2a: Slowking|Slowking, L88, F|310/310\n|turn|10\n|inactive|Time left: 300 sec this turn | 300 sec total\n|\n|t:|1783540729\n|move|p1a: Azelf|Psychic|p2a: Slowking\n|-resisted|p2a: Slowking\n|-damage|p2a: Slowking|241/310\n|move|p2a: Slowking|Scald|p1a: Azelf\n|-damage|p1a: Azelf|6/100\n|\n|upkeep\n|turn|11\n|inactive|Time left: 300 sec this turn | 300 sec total\n|\n|t:|1783540730\n|move|p1a: Azelf|Psychic|p2a: Slowking\n|-resisted|p2a: Slowking\n|-damage|p2a: Slowking|175/310\n|move|p2a: Slowking|Scald|p1a: Azelf\n|-damage|p1a: Azelf|0 fnt\n|faint|p1a: Azelf\n|\n|upkeep\n|\n|t:|1783540731\n|switch|p1a: Zacian|Zacian, L69|100/100\n|-damage|p1a: Zacian|88/100|[from] Stealth Rock\n|-ability|p1a: Zacian|Intrepid Sword|boost\n|-boost|p1a: Zacian|atk|1\n|turn|12\n|inactive|Time left: 300 sec this turn | 300 sec total\n|\n|t:|1783540732\n|move|p1a: Zacian|Swords Dance|p1a: Zacian\n|-boost|p1a: Zacian|atk|2\n|move|p2a: Slowking|Scald|p1a: Zacian\n|-damage|p1a: Zacian|51/100\n|\n|upkeep\n|turn|13\n|inactive|Time left: 300 sec this turn | 300 sec total\n|\n|t:|1783540733\n|switch|p2a: Torterra|Torterra, L78, M|45/276\n|move|p1a: Zacian|Play Rough|p2a: Torterra\n|-damage|p2a: Torterra|0 fnt\n|faint|p2a: Torterra\n|-damage|p1a: Zacian|41/100|[from] item: Life Orb\n|\n|upkeep\n|inactive|Time left: 300 sec this turn | 300 sec total | 5 sec grace\n|\n|t:|1783540734\n|switch|p2a: Chimecho|Chimecho, L93, F|290/290\n|turn|14\n|inactive|Time left: 300 sec this turn | 300 sec total\n|\n|t:|1783540735\n|-terastallize|p2a: Chimecho|Poison\n|move|p1a: Zacian|Crunch|p2a: Chimecho\n|-damage|p2a: Chimecho|138/290\n|-damage|p1a: Zacian|31/100|[from] item: Life Orb\n|move|p2a: Chimecho|Psychic Noise|p1a: Zacian\n|-damage|p1a: Zacian|0 fnt\n|faint|p1a: Zacian\n|\n|-heal|p2a: Chimecho|156/290|[from] item: Leftovers\n|upkeep\n|\n|t:|1783540736\n|switch|p1a: Jolteon|Jolteon, L84, M|100/100\n|-damage|p1a: Jolteon|88/100|[from] Stealth Rock\n|turn|15\n|inactive|Time left: 300 sec this turn | 300 sec total\n|\n|t:|1783540737\n|-terastallize|p1a: Jolteon|Electric\n|move|p1a: Jolteon|Thunderbolt|p2a: Chimecho\n|-damage|p2a: Chimecho|0 fnt\n|faint|p2a: Chimecho\n|\n|upkeep\n|inactive|Time left: 300 sec this turn | 300 sec total | 5 sec grace\n|\n|t:|1783540738\n|switch|p2a: Blissey|Blissey, L85, F|572/572\n|turn|16\n|inactive|Time left: 300 sec this turn | 300 sec total\n|\n|t:|1783540739\n|move|p1a: Jolteon|Thunderbolt|p2a: Blissey\n|-damage|p2a: Blissey|418/572\n|move|p2a: Blissey|Seismic Toss|p1a: Jolteon\n|-damage|p1a: Jolteon|54/100\n|\n|-heal|p2a: Blissey|453/572|[from] item: Leftovers\n|upkeep\n|turn|17\n|inactive|Time left: 300 sec this turn | 300 sec total\n|\n|t:|1783540740\n|move|p1a: Jolteon|Thunderbolt|p2a: Blissey\n|-damage|p2a: Blissey|295/572\n|move|p2a: Blissey|Seismic Toss|p1a: Jolteon\n|-damage|p1a: Jolteon|19/100\n|\n|-heal|p2a: Blissey|330/572|[from] item: Leftovers\n|upkeep\n|turn|18\n|inactive|Time left: 300 sec this turn | 300 sec total\n|\n|t:|1783540741\n|move|p1a: Jolteon|Thunderbolt|p2a: Blissey\n|-damage|p2a: Blissey|182/572\n|move|p2a: Blissey|Soft-Boiled|p2a: Blissey\n|-heal|p2a: Blissey|468/572\n|\n|-heal|p2a: Blissey|503/572|[from] item: Leftovers\n|upkeep\n|turn|19\n|inactive|Time left: 300 sec this turn | 300 sec total\n|\n|t:|1783540742\n|move|p1a: Jolteon|Thunderbolt|p2a: Blissey\n|-damage|p2a: Blissey|365/572\n|move|p2a: Blissey|Seismic Toss|p1a: Jolteon\n|-damage|p1a: Jolteon|0 fnt\n|faint|p1a: Jolteon\n|\n|-heal|p2a: Blissey|400/572|[from] item: Leftovers\n|upkeep\n|\n|t:|1783540742\n|switch|p1a: Hatterene|Hatterene, L85, F|100/100\n|-damage|p1a: Hatterene|88/100|[from] Stealth Rock\n|turn|20\n|inactive|Time left: 300 sec this turn | 300 sec total\n|\n|t:|1783540743\n|move|p2a: Blissey|Seismic Toss|p1a: Hatterene\n|-damage|p1a: Hatterene|52/100\n|move|p1a: Hatterene|Nuzzle|p2a: Blissey\n|-damage|p2a: Blissey|354/572\n|-status|p2a: Blissey|par\n|\n|-heal|p2a: Blissey|389/572 par|[from] item: Leftovers\n|upkeep\n|turn|21\n|inactive|Time left: 300 sec this turn | 300 sec total\n|\n|t:|1783540744\n|move|p1a: Hatterene|Draining Kiss|p2a: Blissey\n|-damage|p2a: Blissey|340/572 par\n|-heal|p1a: Hatterene|68/100|[from] drain|[of] p2a: Blissey\n|move|p2a: Blissey|Seismic Toss|p1a: Hatterene\n|-damage|p1a: Hatterene|32/100\n|\n|-heal|p2a: Blissey|375/572 par|[from] item: Leftovers\n|upkeep\n|turn|22\n|inactive|Time left: 300 sec this turn | 300 sec total\n|\n|t:|1783540745\n|move|p1a: Hatterene|Draining Kiss|p2a: Blissey\n|-damage|p2a: Blissey|323/572 par\n|-heal|p1a: Hatterene|48/100|[from] drain|[of] p2a: Blissey\n|move|p2a: Blissey|Seismic Toss|p1a: Hatterene\n|-damage|p1a: Hatterene|12/100\n|\n|-heal|p2a: Blissey|358/572 par|[from] item: Leftovers\n|upkeep\n|turn|23\n|inactive|Time left: 300 sec this turn | 300 sec total\n|\n|t:|1783540746\n|move|p1a: Hatterene|Psychic Noise|p2a: Blissey\n|-damage|p2a: Blissey|283/572 par\n|-start|p2a: Blissey|move: Heal Block\n|move|p2a: Blissey|Seismic Toss|p1a: Hatterene\n|-damage|p1a: Hatterene|0 fnt\n|faint|p1a: Hatterene\n|\n|upkeep\n|\n|t:|1783540747\n|switch|p1a: Phione|Phione, L91|100/100\n|-damage|p1a: Phione|88/100|[from] Stealth Rock\n|turn|24\n|inactive|Time left: 300 sec this turn | 300 sec total\n|\n|t:|1783540748\n|-curestatus|p2a: Blissey|par|[from] ability: Natural Cure|[silent]\n|switch|p2a: Slowking|Slowking, L88, F|278/310\n|move|p1a: Phione|Scald|p2a: Slowking\n|-resisted|p2a: Slowking\n|-damage|p2a: Slowking|245/310\n|\n|-heal|p1a: Phione|94/100|[from] item: Leftovers\n|upkeep\n|turn|25\n|inactive|Time left: 300 sec this turn | 300 sec total\n|\n|t:|1783540749\n|move|p1a: Phione|Scald|p2a: Slowking\n|-resisted|p2a: Slowking\n|-damage|p2a: Slowking|209/310\n|-status|p2a: Slowking|brn\n|-prepare|p2a: Slowking|Chilly Reception|[premajor]\n|move|p2a: Slowking|Chilly Reception|p2a: Slowking\n|-weather|Snowscape\n|inactive|Time left: 300 sec this turn | 300 sec total | 5 sec grace\n|\n|t:|1783540750\n|switch|p2a: Blissey|Blissey, L85, F|283/572|[from] Chilly Reception\n|\n|-weather|Snowscape|[upkeep]\n|-heal|p1a: Phione|100/100|[from] item: Leftovers\n|-heal|p2a: Blissey|318/572|[from] item: Leftovers\n|upkeep\n|turn|26\n|inactive|Time left: 300 sec this turn | 300 sec total\n|\n|t:|1783540751\n|move|p1a: Phione|Scald|p2a: Blissey\n|-damage|p2a: Blissey|260/572\n|-status|p2a: Blissey|brn\n|move|p2a: Blissey|Soft-Boiled|p2a: Blissey\n|-heal|p2a: Blissey|546/572 brn\n|\n|-weather|Snowscape|[upkeep]\n|-heal|p2a: Blissey|572/572 brn|[from] item: Leftovers\n|-damage|p2a: Blissey|537/572 brn|[from] brn\n|upkeep\n|turn|27\n|inactive|Time left: 300 sec this turn | 300 sec total\n|\n|t:|1783540752\n|move|p1a: Phione|Scald|p2a: Blissey\n|-damage|p2a: Blissey|474/572 brn\n|move|p2a: Blissey|Heal Bell|p2a: Blissey\n|-activate|p2a: Blissey|move: Heal Bell\n|-curestatus|p2a: Blissey|brn|[msg]\n|-curestatus|p2: Slowking|brn|[msg]\n|\n|-weather|Snowscape|[upkeep]\n|-heal|p2a: Blissey|509/572|[from] item: Leftovers\n|upkeep\n|turn|28\n|inactive|Time left: 300 sec this turn | 300 sec total\n|\n|t:|1783540753\n|move|p1a: Phione|Scald|p2a: Blissey\n|-damage|p2a: Blissey|451/572\n|move|p2a: Blissey|Thunder Wave|p1a: Phione\n|-status|p1a: Phione|par\n|\n|-weather|Snowscape|[upkeep]\n|-heal|p2a: Blissey|486/572|[from] item: Leftovers\n|upkeep\n|turn|29\n|inactive|Time left: 300 sec this turn | 300 sec total\n|\n|t:|1783540754\n|move|p2a: Blissey|Seismic Toss|p1a: Phione\n|-damage|p1a: Phione|71/100 par\n|move|p1a: Phione|Scald|p2a: Blissey\n|-damage|p2a: Blissey|429/572\n|\n|-weather|none\n|-heal|p2a: Blissey|464/572|[from] item: Leftovers\n|-heal|p1a: Phione|78/100 par|[from] item: Leftovers\n|upkeep\n|turn|30\n|inactive|Time left: 300 sec this turn | 300 sec total\n|\n|t:|1783540756\n|move|p2a: Blissey|Seismic Toss|p1a: Phione\n|-damage|p1a: Phione|49/100 par\n|move|p1a: Phione|Rest|p1a: Phione\n|-status|p1a: Phione|slp|[from] move: Rest\n|-heal|p1a: Phione|100/100 slp|[silent]\n|\n|-heal|p2a: Blissey|499/572|[from] item: Leftovers\n|upkeep\n|turn|31\n|inactive|Time left: 300 sec this turn | 300 sec total\n|\n|t:|1783540757\n|cant|p1a: Phione|slp\n|move|p1a: Phione|Sleep Talk|p1a: Phione\n|move|p1a: Phione|Take Heart|p1a: Phione|[from] move: Sleep Talk\n|-boost|p1a: Phione|spa|1\n|-boost|p1a: Phione|spd|1\n|-curestatus|p1a: Phione|slp|[msg]\n|move|p2a: Blissey|Seismic Toss|p1a: Phione\n|-damage|p1a: Phione|71/100\n|\n|-heal|p1a: Phione|78/100|[from] item: Leftovers\n|-heal|p2a: Blissey|534/572|[from] item: Leftovers\n|upkeep\n|turn|32\n|inactive|Time left: 300 sec this turn | 300 sec total\n|\n|t:|1783540758\n|move|p1a: Phione|Scald|p2a: Blissey\n|-damage|p2a: Blissey|444/572\n|-status|p2a: Blissey|brn\n|move|p2a: Blissey|Seismic Toss|p1a: Phione\n|-damage|p1a: Phione|49/100\n|\n|-heal|p1a: Phione|55/100|[from] item: Leftovers\n|-heal|p2a: Blissey|479/572 brn|[from] item: Leftovers\n|-damage|p2a: Blissey|444/572 brn|[from] brn\n|upkeep\n|turn|33\n|inactive|Time left: 300 sec this turn | 300 sec total\n|\n|t:|1783540759\n|move|p1a: Phione|Rest|p1a: Phione\n|-status|p1a: Phione|slp|[from] move: Rest\n|-heal|p1a: Phione|100/100 slp|[silent]\n|move|p2a: Blissey|Seismic Toss|p1a: Phione\n|-damage|p1a: Phione|71/100 slp\n|\n|-heal|p1a: Phione|78/100 slp|[from] item: Leftovers\n|-heal|p2a: Blissey|479/572 brn|[from] item: Leftovers\n|-damage|p2a: Blissey|444/572 brn|[from] brn\n|upkeep\n|turn|34\n|inactive|Time left: 300 sec this turn | 300 sec total\n|\n|t:|1783540760\n|cant|p1a: Phione|slp\n|move|p2a: Blissey|Soft-Boiled|p2a: Blissey\n|-heal|p2a: Blissey|572/572 brn\n|\n|-heal|p1a: Phione|84/100 slp|[from] item: Leftovers\n|-damage|p2a: Blissey|537/572 brn|[from] brn\n|upkeep\n|turn|35\n|inactive|Time left: 300 sec this turn | 300 sec total\n|\n|t:|1783540761\n|cant|p1a: Phione|slp\n|move|p2a: Blissey|Seismic Toss|p1a: Phione\n|-damage|p1a: Phione|55/100 slp\n|\n|-heal|p1a: Phione|61/100 slp|[from] item: Leftovers\n|-heal|p2a: Blissey|572/572 brn|[from] item: Leftovers\n|-damage|p2a: Blissey|537/572 brn|[from] brn\n|upkeep\n|turn|36\n|inactive|Time left: 300 sec this turn | 300 sec total\n|\n|t:|1783540762\n|-curestatus|p1a: Phione|slp|[msg]\n|move|p1a: Phione|Rest|p1a: Phione\n|-status|p1a: Phione|slp|[from] move: Rest\n|-heal|p1a: Phione|100/100 slp|[silent]\n|move|p2a: Blissey|Seismic Toss|p1a: Phione\n|-damage|p1a: Phione|71/100 slp\n|\n|-heal|p1a: Phione|78/100 slp|[from] item: Leftovers\n|-heal|p2a: Blissey|572/572 brn|[from] item: Leftovers\n|-damage|p2a: Blissey|537/572 brn|[from] brn\n|upkeep\n|turn|37\n|inactive|Time left: 300 sec this turn | 300 sec total\n|\n|t:|1783540763\n|cant|p1a: Phione|slp\n|move|p2a: Blissey|Seismic Toss|p1a: Phione\n|-damage|p1a: Phione|49/100 slp\n|\n|-heal|p1a: Phione|55/100 slp|[from] item: Leftovers\n|-heal|p2a: Blissey|572/572 brn|[from] item: Leftovers\n|-damage|p2a: Blissey|537/572 brn|[from] brn\n|upkeep\n|turn|38\n|inactive|Time left: 300 sec this turn | 300 sec total\n|\n|t:|1783540764\n|cant|p1a: Phione|slp\n|move|p2a: Blissey|Seismic Toss|p1a: Phione\n|-damage|p1a: Phione|26/100 slp\n|\n|-heal|p1a: Phione|32/100 slp|[from] item: Leftovers\n|-heal|p2a: Blissey|572/572 brn|[from] item: Leftovers\n|-damage|p2a: Blissey|537/572 brn|[from] brn\n|upkeep\n|turn|39\n|inactive|Time left: 300 sec this turn | 300 sec total\n|\n|t:|1783540765\n|-curestatus|p1a: Phione|slp|[msg]\n|move|p1a: Phione|Rest|p1a: Phione\n|-status|p1a: Phione|slp|[from] move: Rest\n|-heal|p1a: Phione|100/100 slp|[silent]\n|move|p2a: Blissey|Seismic Toss|p1a: Phione\n|-damage|p1a: Phione|71/100 slp\n|\n|-heal|p1a: Phione|78/100 slp|[from] item: Leftovers\n|-heal|p2a: Blissey|572/572 brn|[from] item: Leftovers\n|-damage|p2a: Blissey|537/572 brn|[from] brn\n|upkeep\n|turn|40\n|inactive|Time left: 300 sec this turn | 300 sec total\n|\n|t:|1783540766\n|cant|p1a: Phione|slp\n|move|p2a: Blissey|Seismic Toss|p1a: Phione\n|-damage|p1a: Phione|49/100 slp\n|\n|-heal|p1a: Phione|55/100 slp|[from] item: Leftovers\n|-heal|p2a: Blissey|572/572 brn|[from] item: Leftovers\n|-damage|p2a: Blissey|537/572 brn|[from] brn\n|upkeep\n|turn|41\n|inactive|Time left: 300 sec this turn | 300 sec total\n|\n|t:|1783540767\n|cant|p1a: Phione|slp\n|move|p1a: Phione|Sleep Talk|p1a: Phione\n|move|p1a: Phione|Scald|p2a: Blissey|[from] move: Sleep Talk\n|-damage|p2a: Blissey|443/572 brn\n|move|p2a: Blissey|Seismic Toss|p1a: Phione\n|-damage|p1a: Phione|26/100 slp\n|\n|-heal|p1a: Phione|32/100 slp|[from] item: Leftovers\n|-heal|p2a: Blissey|478/572 brn|[from] item: Leftovers\n|-damage|p2a: Blissey|443/572 brn|[from] brn\n|upkeep\n|turn|42\n|inactive|Time left: 300 sec this turn | 300 sec total\n|\n|t:|1783540768\n|-curestatus|p1a: Phione|slp|[msg]\n|move|p1a: Phione|Rest|p1a: Phione\n|-status|p1a: Phione|slp|[from] move: Rest\n|-heal|p1a: Phione|100/100 slp|[silent]\n|move|p2a: Blissey|Soft-Boiled|p2a: Blissey\n|-heal|p2a: Blissey|572/572 brn\n|\n|-damage|p2a: Blissey|537/572 brn|[from] brn\n|upkeep\n|turn|43\n|inactive|Time left: 300 sec this turn | 300 sec total\n|\n|t:|1783540769\n|cant|p1a: Phione|slp\n|move|p2a: Blissey|Seismic Toss|p1a: Phione\n|-damage|p1a: Phione|71/100 slp\n|\n|-heal|p1a: Phione|78/100 slp|[from] item: Leftovers\n|-heal|p2a: Blissey|572/572 brn|[from] item: Leftovers\n|-damage|p2a: Blissey|537/572 brn|[from] brn\n|upkeep\n|turn|44\n|inactive|Time left: 300 sec this turn | 300 sec total\n|\n|t:|1783540771\n|cant|p1a: Phione|slp\n|move|p1a: Phione|Sleep Talk|p1a: Phione\n|move|p1a: Phione|Scald|p2a: Blissey|[from] move: Sleep Talk\n|-damage|p2a: Blissey|443/572 brn\n|move|p2a: Blissey|Seismic Toss|p1a: Phione\n|-damage|p1a: Phione|49/100 slp\n|\n|-heal|p1a: Phione|55/100 slp|[from] item: Leftovers\n|-heal|p2a: Blissey|478/572 brn|[from] item: Leftovers\n|-damage|p2a: Blissey|443/572 brn|[from] brn\n|upkeep\n|turn|45\n|inactive|Time left: 300 sec this turn | 300 sec total\n|\n|t:|1783540772\n|-curestatus|p1a: Phione|slp|[msg]\n|move|p1a: Phione|Rest|p1a: Phione\n|-status|p1a: Phione|slp|[from] move: Rest\n|-heal|p1a: Phione|100/100 slp|[silent]\n|move|p2a: Blissey|Seismic Toss|p1a: Phione\n|-damage|p1a: Phione|71/100 slp\n|\n|-heal|p1a: Phione|78/100 slp|[from] item: Leftovers\n|-heal|p2a: Blissey|478/572 brn|[from] item: Leftovers\n|-damage|p2a: Blissey|443/572 brn|[from] brn\n|upkeep\n|turn|46\n|inactive|Time left: 300 sec this turn | 300 sec total\n|\n|t:|1783540773\n|cant|p1a: Phione|slp\n|move|p2a: Blissey|Seismic Toss|p1a: Phione\n|-damage|p1a: Phione|49/100 slp\n|\n|-heal|p1a: Phione|55/100 slp|[from] item: Leftovers\n|-heal|p2a: Blissey|478/572 brn|[from] item: Leftovers\n|-damage|p2a: Blissey|443/572 brn|[from] brn\n|upkeep\n|turn|47\n|inactive|Time left: 300 sec this turn | 300 sec total\n|\n|t:|1783540774\n|cant|p1a: Phione|slp\n|move|p2a: Blissey|Seismic Toss|p1a: Phione\n|-damage|p1a: Phione|26/100 slp\n|\n|-heal|p1a: Phione|32/100 slp|[from] item: Leftovers\n|-heal|p2a: Blissey|478/572 brn|[from] item: Leftovers\n|-damage|p2a: Blissey|443/572 brn|[from] brn\n|upkeep\n|turn|48\n|inactive|Time left: 300 sec this turn | 300 sec total\n|\n|t:|1783540775\n|-curestatus|p1a: Phione|slp|[msg]\n|move|p1a: Phione|Rest|p1a: Phione\n|-status|p1a: Phione|slp|[from] move: Rest\n|-heal|p1a: Phione|100/100 slp|[silent]\n|move|p2a: Blissey|Soft-Boiled|p2a: Blissey\n|-heal|p2a: Blissey|572/572 brn\n|\n|-damage|p2a: Blissey|537/572 brn|[from] brn\n|upkeep\n|turn|49\n|inactive|Time left: 300 sec this turn | 300 sec total\n|\n|t:|1783540776\n|cant|p1a: Phione|slp\n|move|p2a: Blissey|Seismic Toss|p1a: Phione\n|-damage|p1a: Phione|71/100 slp\n|\n|-heal|p1a: Phione|78/100 slp|[from] item: Leftovers\n|-heal|p2a: Blissey|572/572 brn|[from] item: Leftovers\n|-damage|p2a: Blissey|537/572 brn|[from] brn\n|upkeep\n|turn|50\n|inactive|Time left: 300 sec this turn | 300 sec total\n|\n|t:|1783540777\n|cant|p1a: Phione|slp\n|move|p1a: Phione|Sleep Talk|p1a: Phione\n|move|p1a: Phione|Rest||[from] move: Sleep Talk|[still]\n|-fail|p1a: Phione\n|move|p2a: Blissey|Seismic Toss|p1a: Phione\n|-damage|p1a: Phione|49/100 slp\n|\n|-heal|p1a: Phione|55/100 slp|[from] item: Leftovers\n|-heal|p2a: Blissey|572/572 brn|[from] item: Leftovers\n|-damage|p2a: Blissey|537/572 brn|[from] brn\n|upkeep\n|turn|51\n|inactive|Time left: 300 sec this turn | 300 sec total\n|\n|t:|1783540778\n|-curestatus|p1a: Phione|slp|[msg]\n|move|p1a: Phione|Rest|p1a: Phione\n|-status|p1a: Phione|slp|[from] move: Rest\n|-heal|p1a: Phione|100/100 slp|[silent]\n|move|p2a: Blissey|Seismic Toss|p1a: Phione\n|-damage|p1a: Phione|71/100 slp\n|\n|-heal|p1a: Phione|78/100 slp|[from] item: Leftovers\n|-heal|p2a: Blissey|572/572 brn|[from] item: Leftovers\n|-damage|p2a: Blissey|537/572 brn|[from] brn\n|upkeep\n|turn|52\n|inactive|Time left: 300 sec this turn | 300 sec total\n|\n|t:|1783540779\n|cant|p1a: Phione|slp\n|move|p1a: Phione|Sleep Talk|p1a: Phione\n|move|p1a: Phione|Scald|p2a: Blissey|[from] move: Sleep Talk\n|-damage|p2a: Blissey|441/572 brn\n|move|p2a: Blissey|Seismic Toss|p1a: Phione\n|-damage|p1a: Phione|49/100 slp\n|\n|-heal|p1a: Phione|55/100 slp|[from] item: Leftovers\n|-heal|p2a: Blissey|476/572 brn|[from] item: Leftovers\n|-damage|p2a: Blissey|441/572 brn|[from] brn\n|upkeep\n|turn|53\n|inactive|Time left: 300 sec this turn | 300 sec total\n|\n|t:|1783540780\n|cant|p1a: Phione|slp\n|move|p1a: Phione|Sleep Talk|p1a: Phione\n|move|p1a: Phione|Rest||[from] move: Sleep Talk|[still]\n|-fail|p1a: Phione\n|move|p2a: Blissey|Seismic Toss|p1a: Phione\n|-damage|p1a: Phione|26/100 slp\n|\n|-heal|p1a: Phione|32/100 slp|[from] item: Leftovers\n|-heal|p2a: Blissey|476/572 brn|[from] item: Leftovers\n|-damage|p2a: Blissey|441/572 brn|[from] brn\n|upkeep\n|turn|54\n|inactive|Time left: 300 sec this turn | 300 sec total\n|\n|t:|1783540781\n|-curestatus|p1a: Phione|slp|[msg]\n|move|p1a: Phione|Take Heart|p1a: Phione\n|-boost|p1a: Phione|spa|1\n|-boost|p1a: Phione|spd|1\n|move|p2a: Blissey|Seismic Toss|p1a: Phione\n|-damage|p1a: Phione|3/100\n|\n|-heal|p1a: Phione|9/100|[from] item: Leftovers\n|-heal|p2a: Blissey|476/572 brn|[from] item: Leftovers\n|-damage|p2a: Blissey|441/572 brn|[from] brn\n|upkeep\n|turn|55\n|inactive|Time left: 300 sec this turn | 300 sec total\n|\n|t:|1783540782\n|move|p1a: Phione|Sleep Talk||[still]\n|-fail|p1a: Phione\n|move|p2a: Blissey|Seismic Toss|p1a: Phione\n|-damage|p1a: Phione|0 fnt\n|faint|p1a: Phione\n|\n|win|p0y135b1d8", "uploadtime": 1783540782, "views": 0, "rating": 0, "private": 0, "password": null, "_winner": "p0y135b1d8", "_our_name": "p0y135b1d8"}