{"id": "battle-gen9randombattle-1816", "formatid": "gen9randombattle", "format": "[Gen 9] Random Battle", "players": ["p0x1816abea", "p0y18162b5d"], "log": "|init|battle\n|title|p0x1816abea vs. p0y18162b5d\n|j|\u2606p0x1816abea\n|j|\u2606p0y18162b5d\n|t:|1783560279\n|gametype|singles\n|player|p1|p0x1816abea|266|\n|player|p2|p0y18162b5d|170|\n|gen|9\n|tier|[Gen 9] Random Battle\n|rule|Species Clause: Limit one of each Pok\u00e9mon\n|rule|HP Percentage Mod: HP is shown in percentages\n|rule|Sleep Clause Mod: Limit one foe put to sleep\n|rule|Illusion Level Mod: Illusion disguises the Pok\u00e9mon's true level\n|\n|t:|1783560279\n|teamsize|p1|6\n|teamsize|p2|6\n|start\n|switch|p1a: Spiritomb|Spiritomb, L89, M|100/100\n|switch|p2a: Brambleghast|Brambleghast, L88, F|240/240\n|turn|1\n|inactive|Battle timer is ON: inactive players will automatically lose when time's up. (requested by p0y18162b5d)\n|inactive|p0x1816abea also wants the timer to be on.\n|\n|t:|1783560280\n|switch|p2a: Stonjourner|Stonjourner, L91, F|330/330\n|move|p1a: Spiritomb|Foul Play|p2a: Stonjourner\n|-damage|p2a: Stonjourner|246/330\n|\n|upkeep\n|turn|2\n|inactive|Time left: 300 sec this turn | 300 sec total\n|\n|t:|1783560281\n|move|p2a: Stonjourner|Stone Edge|p1a: Spiritomb\n|-crit|p1a: Spiritomb\n|-damage|p1a: Spiritomb|0 fnt\n|faint|p1a: Spiritomb\n|-damage|p2a: Stonjourner|213/330|[from] item: Life Orb\n|\n|upkeep\n|\n|t:|1783560282\n|switch|p1a: Ribombee|Ribombee, L83, M|100/100\n|turn|3\n|inactive|Time left: 300 sec this turn | 300 sec total\n|\n|t:|1783560283\n|-terastallize|p1a: Ribombee|Ground\n|-terastallize|p2a: Stonjourner|Fire\n|move|p1a: Ribombee|Tera Blast|p2a: Stonjourner|[anim] Tera Blast Ground\n|-supereffective|p2a: Stonjourner\n|-damage|p2a: Stonjourner|0 fnt\n|faint|p2a: Stonjourner\n|\n|upkeep\n|inactive|Time left: 300 sec this turn | 300 sec total | 5 sec grace\n|\n|t:|1783560284\n|switch|p2a: Abomasnow|Abomasnow, L84, F|287/287\n|-weather|Snowscape|[from] ability: Snow Warning|[of] p2a: Abomasnow\n|turn|4\n|inactive|Time left: 300 sec this turn | 300 sec total\n|\n|t:|1783560285\n|move|p1a: Ribombee|Bug Buzz|p2a: Abomasnow\n|-supereffective|p2a: Abomasnow\n|-damage|p2a: Abomasnow|113/287\n|move|p2a: Abomasnow|Aurora Veil|p2a: Abomasnow\n|-sidestart|p2: p0y18162b5d|move: Aurora Veil\n|\n|-weather|Snowscape|[upkeep]\n|upkeep\n|turn|5\n|inactive|Time left: 300 sec this turn | 300 sec total\n|\n|t:|1783560286\n|switch|p1a: Beartic|Beartic, L91, F|100/100\n|move|p2a: Abomasnow|Blizzard|p1a: Beartic\n|-resisted|p1a: Beartic\n|-damage|p1a: Beartic|84/100\n|\n|-weather|Snowscape|[upkeep]\n|upkeep\n|turn|6\n|inactive|Time left: 300 sec this turn | 300 sec total\n|\n|t:|1783560287\n|switch|p2a: Veluza|Veluza, L85, F|292/292\n|move|p1a: Beartic|Swords Dance|p1a: Beartic\n|-boost|p1a: Beartic|atk|2\n|\n|-weather|Snowscape|[upkeep]\n|upkeep\n|turn|7\n|inactive|Time left: 300 sec this turn | 300 sec total\n|\n|t:|1783560288\n|move|p1a: Beartic|Earthquake|p2a: Veluza\n|-crit|p2a: Veluza\n|-damage|p2a: Veluza|0 fnt\n|faint|p2a: Veluza\n|\n|-weather|Snowscape|[upkeep]\n|upkeep\n|inactive|Time left: 300 sec this turn | 300 sec total | 5 sec grace\n|\n|t:|1783560289\n|switch|p2a: Regirock|Regirock, L83|268/268\n|turn|8\n|inactive|Time left: 300 sec this turn | 300 sec total\n|\n|t:|1783560290\n|move|p1a: Beartic|Earthquake|p2a: Regirock\n|-supereffective|p2a: Regirock\n|-damage|p2a: Regirock|169/268\n|move|p2a: Regirock|Iron Defense|p2a: Regirock\n|-boost|p2a: Regirock|def|2\n|\n|-weather|none\n|-heal|p2a: Regirock|185/268|[from] item: Leftovers\n|upkeep\n|turn|9\n|inactive|Time left: 300 sec this turn | 300 sec total\n|\n|t:|1783560291\n|switch|p1a: Hawlucha|Hawlucha, L80, F|100/100\n|move|p2a: Regirock|Body Press|p1a: Hawlucha\n|-resisted|p1a: Hawlucha\n|-damage|p1a: Hawlucha|58/100\n|\n|-heal|p2a: Regirock|201/268|[from] item: Leftovers\n|upkeep\n|turn|10\n|inactive|Time left: 300 sec this turn | 300 sec total\n|\n|t:|1783560292\n|move|p1a: Hawlucha|Swords Dance|p1a: Hawlucha\n|-boost|p1a: Hawlucha|atk|2\n|move|p2a: Regirock|Body Press|p1a: Hawlucha\n|-resisted|p1a: Hawlucha\n|-damage|p1a: Hawlucha|14/100\n|\n|-heal|p2a: Regirock|217/268|[from] item: Leftovers\n|upkeep\n|turn|11\n|inactive|Time left: 300 sec this turn | 300 sec total\n|\n|t:|1783560293\n|move|p1a: Hawlucha|Close Combat|p2a: Regirock\n|-supereffective|p2a: Regirock\n|-damage|p2a: Regirock|160/268\n|-unboost|p1a: Hawlucha|def|1\n|-unboost|p1a: Hawlucha|spd|1\n|-enditem|p1a: Hawlucha|White Herb\n|-clearnegativeboost|p1a: Hawlucha|[silent]\n|move|p2a: Regirock|Body Press|p1a: Hawlucha\n|-resisted|p1a: Hawlucha\n|-damage|p1a: Hawlucha|0 fnt\n|faint|p1a: Hawlucha\n|\n|-heal|p2a: Regirock|176/268|[from] item: Leftovers\n|-sideend|p2: p0y18162b5d|move: Aurora Veil\n|upkeep\n|\n|t:|1783560294\n|switch|p1a: Magearna|Magearna-Original, L77|100/100\n|turn|12\n|inactive|Time left: 300 sec this turn | 300 sec total\n|\n|t:|1783560295\n|move|p1a: Magearna|Flash Cannon|p2a: Regirock\n|-supereffective|p2a: Regirock\n|-damage|p2a: Regirock|2/268\n|move|p2a: Regirock|Body Press|p1a: Magearna\n|-damage|p1a: Magearna|35/100\n|\n|-heal|p1a: Magearna|41/100|[from] item: Leftovers\n|-heal|p2a: Regirock|18/268|[from] item: Leftovers\n|upkeep\n|turn|13\n|inactive|Time left: 300 sec this turn | 300 sec total\n|\n|t:|1783560297\n|move|p1a: Magearna|Flash Cannon|p2a: Regirock\n|-supereffective|p2a: Regirock\n|-damage|p2a: Regirock|0 fnt\n|faint|p2a: Regirock\n|-ability|p1a: Magearna|Soul-Heart|boost\n|-boost|p1a: Magearna|spa|1\n|\n|-heal|p1a: Magearna|47/100|[from] item: Leftovers\n|upkeep\n|inactive|Time left: 300 sec this turn | 300 sec total | 5 sec grace\n|\n|t:|1783560298\n|switch|p2a: Brambleghast|Brambleghast, L88, F|240/240\n|turn|14\n|inactive|Time left: 300 sec this turn | 300 sec total\n|\n|t:|1783560299\n|move|p2a: Brambleghast|Poltergeist|p1a: Magearna\n|-activate|p1a: Magearna|move: Poltergeist|Leftovers\n|-damage|p1a: Magearna|0 fnt\n|faint|p1a: Magearna\n|\n|upkeep\n|\n|t:|1783560300\n|switch|p1a: Beartic|Beartic, L91, F|84/100\n|turn|15\n|inactive|Time left: 300 sec this turn | 300 sec total\n|\n|t:|1783560300\n|switch|p2a: Abomasnow|Abomasnow, L84, F|113/287\n|-weather|Snowscape|[from] ability: Snow Warning|[of] p2a: Abomasnow\n|move|p1a: Beartic|Icicle Crash|p2a: Abomasnow\n|-damage|p2a: Abomasnow|19/287\n|\n|-weather|Snowscape|[upkeep]\n|upkeep\n|turn|16\n|inactive|Time left: 300 sec this turn | 300 sec total\n|\n|t:|1783560302\n|move|p1a: Beartic|Swords Dance|p1a: Beartic\n|-boost|p1a: Beartic|atk|2\n|move|p2a: Abomasnow|Aurora Veil|p2a: Abomasnow\n|-sidestart|p2: p0y18162b5d|move: Aurora Veil\n|\n|-weather|Snowscape|[upkeep]\n|upkeep\n|turn|17\n|inactive|Time left: 300 sec this turn | 300 sec total\n|\n|t:|1783560303\n|move|p1a: Beartic|Icicle Crash|p2a: Abomasnow\n|-damage|p2a: Abomasnow|0 fnt\n|faint|p2a: Abomasnow\n|\n|-weather|Snowscape|[upkeep]\n|upkeep\n|inactive|Time left: 300 sec this turn | 300 sec total | 5 sec grace\n|\n|t:|1783560304\n|switch|p2a: Tatsugiri|Tatsugiri, L87, F|260/260\n|turn|18\n|inactive|Time left: 300 sec this turn | 300 sec total\n|\n|t:|1783560305\n|move|p1a: Beartic|Icicle Crash|p2a: Tatsugiri\n|-damage|p2a: Tatsugiri|97/260\n|move|p2a: Tatsugiri|Nasty Plot|p2a: Tatsugiri\n|-boost|p2a: Tatsugiri|spa|2\n|\n|-weather|Snowscape|[upkeep]\n|upkeep\n|turn|19\n|inactive|Time left: 300 sec this turn | 300 sec total\n|\n|t:|1783560306\n|move|p1a: Beartic|Earthquake|p2a: Tatsugiri\n|-damage|p2a: Tatsugiri|0 fnt\n|faint|p2a: Tatsugiri\n|\n|-weather|none\n|upkeep\n|inactive|Time left: 300 sec this turn | 300 sec total | 5 sec grace\n|\n|t:|1783560307\n|switch|p2a: Brambleghast|Brambleghast, L88, F|240/240\n|turn|20\n|inactive|Time left: 300 sec this turn | 300 sec total\n|\n|t:|1783560308\n|move|p2a: Brambleghast|Poltergeist|p1a: Beartic|[miss]\n|-miss|p2a: Brambleghast|p1a: Beartic\n|move|p1a: Beartic|Icicle Crash|p2a: Brambleghast\n|-supereffective|p2a: Brambleghast\n|-damage|p2a: Brambleghast|0 fnt\n|faint|p2a: Brambleghast\n|\n|win|p0x1816abea", "uploadtime": 1783560308, "views": 0, "rating": 0, "private": 0, "password": null, "_winner": "p0x1816abea", "_our_name": "p0y18162b5d"}