{"id": "battle-gen9randombattle-1408", "formatid": "gen9randombattle", "format": "[Gen 9] Random Battle", "players": ["p0x1408e814", "p0y1408a7ee"], "log": "|init|battle\n|title|p0x1408e814 vs. p0y1408a7ee\n|j|\u2606p0x1408e814\n|j|\u2606p0y1408a7ee\n|t:|1783555428\n|gametype|singles\n|player|p1|p0x1408e814|102|\n|player|p2|p0y1408a7ee|266|\n|gen|9\n|tier|[Gen 9] Random Battle\n|rule|Species Clause: Limit one of each Pok\u00e9mon\n|rule|HP Percentage Mod: HP is shown in percentages\n|rule|Sleep Clause Mod: Limit one foe put to sleep\n|rule|Illusion Level Mod: Illusion disguises the Pok\u00e9mon's true level\n|\n|t:|1783555428\n|teamsize|p1|6\n|teamsize|p2|6\n|start\n|switch|p1a: Deoxys|Deoxys-Defense, L84|221/221\n|switch|p2a: Sableye|Sableye, L88, M|100/100\n|-ability|p1a: Deoxys|Pressure\n|turn|1\n|inactive|Battle timer is ON: inactive players will automatically lose when time's up. (requested by p0x1408e814)\n|inactive|p0y1408a7ee also wants the timer to be on.\n|\n|t:|1783555430\n|move|p1a: Deoxys|Cosmic Power|p1a: Deoxys\n|-boost|p1a: Deoxys|def|1\n|-boost|p1a: Deoxys|spd|1\n|move|p2a: Sableye|Knock Off|p1a: Deoxys\n|-supereffective|p1a: Deoxys\n|-damage|p1a: Deoxys|141/221\n|-enditem|p1a: Deoxys|Leftovers|[from] move: Knock Off|[of] p2a: Sableye\n|\n|upkeep\n|turn|2\n|inactive|Time left: 300 sec this turn | 300 sec total\n|\n|t:|1783555431\n|move|p1a: Deoxys|Cosmic Power|p1a: Deoxys\n|-boost|p1a: Deoxys|def|1\n|-boost|p1a: Deoxys|spd|1\n|move|p2a: Sableye|Knock Off|p1a: Deoxys\n|-supereffective|p1a: Deoxys\n|-damage|p1a: Deoxys|97/221\n|\n|upkeep\n|turn|3\n|inactive|Time left: 300 sec this turn | 300 sec total\n|\n|t:|1783555432\n|move|p2a: Sableye|Encore|p1a: Deoxys\n|-start|p1a: Deoxys|Encore\n|move|p1a: Deoxys|Cosmic Power|p1a: Deoxys\n|-boost|p1a: Deoxys|def|1\n|-boost|p1a: Deoxys|spd|1\n|\n|upkeep\n|turn|4\n|inactive|Time left: 300 sec this turn | 300 sec total\n|\n|t:|1783555433\n|switch|p2a: Flareon|Flareon, L90, F|100/100\n|move|p1a: Deoxys|Cosmic Power|p1a: Deoxys\n|-boost|p1a: Deoxys|def|1\n|-boost|p1a: Deoxys|spd|1\n|\n|-status|p2a: Flareon|tox|[from] item: Toxic Orb\n|upkeep\n|turn|5\n|inactive|Time left: 300 sec this turn | 300 sec total\n|\n|t:|1783555434\n|move|p1a: Deoxys|Cosmic Power|p1a: Deoxys\n|-boost|p1a: Deoxys|def|1\n|-boost|p1a: Deoxys|spd|1\n|move|p2a: Flareon|Flare Blitz|p1a: Deoxys\n|-damage|p1a: Deoxys|43/221\n|-status|p1a: Deoxys|brn\n|-damage|p2a: Flareon|94/100 tox|[from] Recoil\n|\n|-damage|p2a: Flareon|88/100 tox|[from] psn\n|-damage|p1a: Deoxys|30/221 brn|[from] brn\n|-end|p1a: Deoxys|Encore\n|upkeep\n|turn|6\n|inactive|Time left: 300 sec this turn | 300 sec total\n|\n|t:|1783555436\n|switch|p2a: Moltres|Moltres-Galar, L79|100/100\n|move|p1a: Deoxys|Recover|p1a: Deoxys\n|-heal|p1a: Deoxys|141/221 brn\n|\n|-damage|p1a: Deoxys|128/221 brn|[from] brn\n|upkeep\n|turn|7\n|inactive|Time left: 300 sec this turn | 300 sec total\n|\n|t:|1783555437\n|move|p1a: Deoxys|Recover|p1a: Deoxys\n|-heal|p1a: Deoxys|221/221 brn\n|move|p2a: Moltres|Nasty Plot|p2a: Moltres\n|-boost|p2a: Moltres|spa|2\n|\n|-damage|p1a: Deoxys|208/221 brn|[from] brn\n|upkeep\n|turn|8\n|inactive|Time left: 300 sec this turn | 300 sec total\n|\n|t:|1783555438\n|move|p1a: Deoxys|Night Shade|p2a: Moltres\n|-damage|p2a: Moltres|70/100\n|move|p2a: Moltres|Agility|p2a: Moltres\n|-boost|p2a: Moltres|spe|2\n|\n|-damage|p1a: Deoxys|195/221 brn|[from] brn\n|upkeep\n|turn|9\n|inactive|Time left: 300 sec this turn | 300 sec total\n|\n|t:|1783555439\n|move|p2a: Moltres|Nasty Plot|p2a: Moltres\n|-boost|p2a: Moltres|spa|2\n|move|p1a: Deoxys|Night Shade|p2a: Moltres\n|-damage|p2a: Moltres|39/100\n|-ability|p2a: Moltres|Berserk|boost\n|-boost|p2a: Moltres|spa|1\n|\n|-damage|p1a: Deoxys|182/221 brn|[from] brn\n|upkeep\n|turn|10\n|inactive|Time left: 300 sec this turn | 300 sec total\n|\n|t:|1783555440\n|-terastallize|p1a: Deoxys|Steel\n|move|p2a: Moltres|Fiery Wrath|p1a: Deoxys\n|-damage|p1a: Deoxys|131/221 brn\n|move|p1a: Deoxys|Night Shade|p2a: Moltres\n|-damage|p2a: Moltres|8/100\n|\n|-damage|p1a: Deoxys|118/221 brn|[from] brn\n|upkeep\n|turn|11\n|inactive|Time left: 300 sec this turn | 300 sec total\n|\n|t:|1783555442\n|move|p2a: Moltres|Fiery Wrath|p1a: Deoxys\n|-damage|p1a: Deoxys|67/221 brn\n|move|p1a: Deoxys|Night Shade|p2a: Moltres\n|-damage|p2a: Moltres|0 fnt\n|faint|p2a: Moltres\n|\n|-damage|p1a: Deoxys|54/221 brn|[from] brn\n|upkeep\n|\n|t:|1783555443\n|switch|p2a: Golduck|Golduck, L90, F|100/100\n|-ability|p2a: Golduck|Cloud Nine\n|turn|12\n|inactive|Time left: 300 sec this turn | 300 sec total\n|\n|t:|1783555444\n|move|p2a: Golduck|Encore|p1a: Deoxys\n|-start|p1a: Deoxys|Encore\n|move|p1a: Deoxys|Night Shade|p2a: Golduck\n|-damage|p2a: Golduck|72/100\n|\n|-heal|p2a: Golduck|78/100|[from] item: Leftovers\n|-damage|p1a: Deoxys|41/221 brn|[from] brn\n|upkeep\n|turn|13\n|inactive|Time left: 300 sec this turn | 300 sec total\n|\n|t:|1783555445\n|move|p2a: Golduck|Hydro Pump|p1a: Deoxys\n|-damage|p1a: Deoxys|14/221 brn\n|move|p1a: Deoxys|Night Shade|p2a: Golduck\n|-damage|p2a: Golduck|49/100\n|\n|-heal|p2a: Golduck|55/100|[from] item: Leftovers\n|-damage|p1a: Deoxys|1/221 brn|[from] brn\n|upkeep\n|turn|14\n|inactive|Time left: 300 sec this turn | 300 sec total\n|\n|t:|1783555446\n|switch|p1a: Shaymin|Shaymin, L82|298/298\n|move|p2a: Golduck|Nasty Plot|p2a: Golduck\n|-boost|p2a: Golduck|spa|2\n|\n|-heal|p2a: Golduck|61/100|[from] item: Leftovers\n|upkeep\n|turn|15\n|inactive|Time left: 300 sec this turn | 300 sec total\n|\n|t:|1783555448\n|move|p1a: Shaymin|Seed Flare|p2a: Golduck\n|-supereffective|p2a: Golduck\n|-damage|p2a: Golduck|0 fnt\n|faint|p2a: Golduck\n|\n|upkeep\n|\n|t:|1783555449\n|switch|p2a: Flutter Mane|Flutter Mane, L74|100/100\n|turn|16\n|inactive|Time left: 300 sec this turn | 300 sec total\n|\n|t:|1783555450\n|move|p2a: Flutter Mane|Mystical Fire|p1a: Shaymin\n|-supereffective|p1a: Shaymin\n|-damage|p1a: Shaymin|144/298\n|-unboost|p1a: Shaymin|spa|1\n|move|p1a: Shaymin|Seed Flare|p2a: Flutter Mane\n|-damage|p2a: Flutter Mane|67/100\n|-unboost|p2a: Flutter Mane|spd|2\n|\n|-heal|p1a: Shaymin|162/298|[from] item: Leftovers\n|upkeep\n|turn|17\n|inactive|Time left: 300 sec this turn | 300 sec total\n|\n|t:|1783555451\n|switch|p1a: Iron Thorns|Iron Thorns, L83|302/302\n|move|p2a: Flutter Mane|Mystical Fire|p1a: Iron Thorns\n|-resisted|p1a: Iron Thorns\n|-damage|p1a: Iron Thorns|257/302\n|-unboost|p1a: Iron Thorns|spa|1\n|\n|upkeep\n|turn|18\n|inactive|Time left: 300 sec this turn | 300 sec total\n|\n|t:|1783555452\n|move|p2a: Flutter Mane|Mystical Fire|p1a: Iron Thorns\n|-resisted|p1a: Iron Thorns\n|-damage|p1a: Iron Thorns|213/302\n|-unboost|p1a: Iron Thorns|spa|1\n|move|p1a: Iron Thorns|Stone Edge|p2a: Flutter Mane|[miss]\n|-miss|p1a: Iron Thorns|p2a: Flutter Mane\n|\n|upkeep\n|turn|19\n|inactive|Time left: 300 sec this turn | 300 sec total\n|\n|t:|1783555453\n|-end|p2a: Flutter Mane|Protosynthesis|[silent]\n|switch|p2a: Scizor|Scizor, L79, F|100/100\n|move|p1a: Iron Thorns|Stone Edge|p2a: Scizor\n|-damage|p2a: Scizor|45/100\n|\n|-heal|p2a: Scizor|52/100|[from] item: Leftovers\n|upkeep\n|turn|20\n|inactive|Time left: 300 sec this turn | 300 sec total\n|\n|t:|1783555454\n|move|p1a: Iron Thorns|Stone Edge|p2a: Scizor\n|-damage|p2a: Scizor|0 fnt\n|faint|p2a: Scizor\n|\n|upkeep\n|\n|t:|1783555455\n|switch|p2a: Flareon|Flareon, L90, F|88/100 tox\n|turn|21\n|inactive|Time left: 300 sec this turn | 300 sec total\n|\n|t:|1783555456\n|move|p2a: Flareon|Trailblaze|p1a: Iron Thorns\n|-supereffective|p1a: Iron Thorns\n|-damage|p1a: Iron Thorns|85/302\n|-boost|p2a: Flareon|spe|1\n|move|p1a: Iron Thorns|Stone Edge|p2a: Flareon\n|-supereffective|p2a: Flareon\n|-damage|p2a: Flareon|0 fnt\n|faint|p2a: Flareon\n|\n|upkeep\n|\n|t:|1783555457\n|switch|p2a: Flutter Mane|Flutter Mane, L74|67/100\n|turn|22\n|inactive|Time left: 300 sec this turn | 300 sec total\n|\n|t:|1783555458\n|-end|p1a: Iron Thorns|Quark Drive|[silent]\n|switch|p1a: Deoxys|Deoxys-Defense, L84, tera:Steel|1/221 brn\n|-ability|p1a: Deoxys|Pressure\n|move|p2a: Flutter Mane|Moonblast|p1a: Deoxys\n|-resisted|p1a: Deoxys\n|-damage|p1a: Deoxys|0 fnt\n|faint|p1a: Deoxys\n|\n|upkeep\n|inactive|Time left: 300 sec this turn | 300 sec total | 5 sec grace\n|\n|t:|1783555458\n|switch|p1a: Skarmory|Skarmory, L80, F|235/235\n|turn|23\n|inactive|Time left: 300 sec this turn | 300 sec total\n|\n|t:|1783555459\n|-end|p2a: Flutter Mane|Protosynthesis|[silent]\n|switch|p2a: Sableye|Sableye, L88, M|100/100\n|move|p1a: Skarmory|Brave Bird|p2a: Sableye\n|-damage|p2a: Sableye|56/100\n|-damage|p1a: Skarmory|201/235|[from] Recoil\n|\n|-heal|p1a: Skarmory|215/235|[from] item: Leftovers\n|-heal|p2a: Sableye|62/100|[from] item: Leftovers\n|upkeep\n|turn|24\n|inactive|Time left: 300 sec this turn | 300 sec total\n|\n|t:|1783555461\n|move|p1a: Skarmory|Brave Bird|p2a: Sableye\n|-damage|p2a: Sableye|12/100\n|-damage|p1a: Skarmory|176/235|[from] Recoil\n|move|p2a: Sableye|Knock Off|p1a: Skarmory\n|-damage|p1a: Skarmory|104/235\n|-enditem|p1a: Skarmory|Leftovers|[from] move: Knock Off|[of] p2a: Sableye\n|\n|-heal|p2a: Sableye|18/100|[from] item: Leftovers\n|upkeep\n|turn|25\n|inactive|Time left: 300 sec this turn | 300 sec total\n|\n|t:|1783555462\n|move|p2a: Sableye|Recover|p2a: Sableye\n|-heal|p2a: Sableye|68/100\n|move|p1a: Skarmory|Roost|p1a: Skarmory\n|-heal|p1a: Skarmory|222/235\n|-singleturn|p1a: Skarmory|move: Roost\n|\n|-heal|p2a: Sableye|74/100|[from] item: Leftovers\n|upkeep\n|turn|26\n|inactive|Time left: 300 sec this turn | 300 sec total\n|\n|t:|1783555463\n|move|p1a: Skarmory|Brave Bird|p2a: Sableye\n|-damage|p2a: Sableye|27/100\n|-damage|p1a: Skarmory|186/235|[from] Recoil\n|move|p2a: Sableye|Knock Off|p1a: Skarmory\n|-damage|p1a: Skarmory|138/235\n|\n|-heal|p2a: Sableye|33/100|[from] item: Leftovers\n|upkeep\n|turn|27\n|inactive|Time left: 300 sec this turn | 300 sec total\n|\n|t:|1783555464\n|move|p2a: Sableye|Recover|p2a: Sableye\n|-heal|p2a: Sableye|84/100\n|move|p1a: Skarmory|Roost|p1a: Skarmory\n|-heal|p1a: Skarmory|235/235\n|-singleturn|p1a: Skarmory|move: Roost\n|\n|-heal|p2a: Sableye|90/100|[from] item: Leftovers\n|upkeep\n|turn|28\n|inactive|Time left: 300 sec this turn | 300 sec total\n|\n|t:|1783555465\n|move|p1a: Skarmory|Brave Bird|p2a: Sableye\n|-damage|p2a: Sableye|38/100\n|-damage|p1a: Skarmory|195/235|[from] Recoil\n|move|p2a: Sableye|Knock Off|p1a: Skarmory\n|-damage|p1a: Skarmory|150/235\n|\n|-heal|p2a: Sableye|44/100|[from] item: Leftovers\n|upkeep\n|turn|29\n|inactive|Time left: 300 sec this turn | 300 sec total\n|\n|t:|1783555466\n|move|p2a: Sableye|Recover|p2a: Sableye\n|-heal|p2a: Sableye|94/100\n|move|p1a: Skarmory|Roost|p1a: Skarmory\n|-heal|p1a: Skarmory|235/235\n|-singleturn|p1a: Skarmory|move: Roost\n|\n|-heal|p2a: Sableye|99/100|[from] item: Leftovers\n|upkeep\n|turn|30\n|inactive|Time left: 300 sec this turn | 300 sec total\n|\n|t:|1783555467\n|switch|p1a: Shaymin|Shaymin, L82|162/298\n|move|p2a: Sableye|Knock Off|p1a: Shaymin\n|-damage|p1a: Shaymin|72/298\n|-enditem|p1a: Shaymin|Leftovers|[from] move: Knock Off|[of] p2a: Sableye\n|\n|-heal|p2a: Sableye|100/100|[from] item: Leftovers\n|upkeep\n|turn|31\n|inactive|Time left: 300 sec this turn | 300 sec total\n|\n|t:|1783555468\n|switch|p2a: Flutter Mane|Flutter Mane, L74|67/100\n|move|p1a: Shaymin|Synthesis|p1a: Shaymin\n|-heal|p1a: Shaymin|221/298\n|\n|upkeep\n|turn|32\n|inactive|Time left: 300 sec this turn | 300 sec total\n|\n|t:|1783555469\n|move|p2a: Flutter Mane|Moonblast|p1a: Shaymin\n|-crit|p1a: Shaymin\n|-damage|p1a: Shaymin|19/298\n|move|p1a: Shaymin|Seed Flare|p2a: Flutter Mane\n|-damage|p2a: Flutter Mane|20/100\n|-unboost|p2a: Flutter Mane|spd|2\n|\n|upkeep\n|turn|33\n|inactive|Time left: 300 sec this turn | 300 sec total\n|\n|t:|1783555470\n|move|p2a: Flutter Mane|Moonblast|p1a: Shaymin\n|-damage|p1a: Shaymin|0 fnt\n|faint|p1a: Shaymin\n|\n|upkeep\n|inactive|Time left: 300 sec this turn | 300 sec total | 5 sec grace\n|\n|t:|1783555471\n|switch|p1a: Oricorio|Oricorio, L84, F|263/263\n|turn|34\n|inactive|Time left: 300 sec this turn | 300 sec total\n|\n|t:|1783555471\n|move|p2a: Flutter Mane|Moonblast|p1a: Oricorio\n|-resisted|p1a: Oricorio\n|-damage|p1a: Oricorio|176/263\n|move|p1a: Oricorio|Quiver Dance|p1a: Oricorio\n|-boost|p1a: Oricorio|spa|1\n|-boost|p1a: Oricorio|spd|1\n|-boost|p1a: Oricorio|spe|1\n|\n|upkeep\n|turn|35\n|inactive|Time left: 300 sec this turn | 300 sec total\n|\n|t:|1783555473\n|move|p1a: Oricorio|Revelation Dance|p2a: Flutter Mane\n|-damage|p2a: Flutter Mane|0 fnt\n|faint|p2a: Flutter Mane\n|-end|p2a: Flutter Mane|Protosynthesis|[silent]\n|\n|upkeep\n|\n|t:|1783555474\n|switch|p2a: Sableye|Sableye, L88, M|100/100\n|turn|36\n|inactive|Time left: 300 sec this turn | 300 sec total\n|\n|t:|1783555475\n|move|p2a: Sableye|Thunder Wave|p1a: Oricorio|[miss]\n|-miss|p2a: Sableye|p1a: Oricorio\n|move|p1a: Oricorio|Revelation Dance|p2a: Sableye\n|-damage|p2a: Sableye|27/100\n|\n|-heal|p2a: Sableye|33/100|[from] item: Leftovers\n|upkeep\n|turn|37\n|inactive|Time left: 300 sec this turn | 300 sec total\n|\n|t:|1783555476\n|move|p2a: Sableye|Thunder Wave|p1a: Oricorio\n|-status|p1a: Oricorio|par\n|move|p1a: Oricorio|Revelation Dance|p2a: Sableye\n|-damage|p2a: Sableye|0 fnt\n|faint|p2a: Sableye\n|\n|win|p0x1408e814", "uploadtime": 1783555476, "views": 0, "rating": 0, "private": 0, "password": null, "_winner": "p0x1408e814", "_our_name": "p0x1408e814"}