{"id": "battle-gen9randombattle-1438", "formatid": "gen9randombattle", "format": "[Gen 9] Random Battle", "players": ["p0x1438c67e", "p0y14383817"], "log": "|init|battle\n|title|p0x1438c67e vs. p0y14383817\n|j|\u2606p0x1438c67e\n|j|\u2606p0y14383817\n|t:|1783556755\n|gametype|singles\n|player|p1|p0x1438c67e|102|\n|player|p2|p0y14383817|2|\n|gen|9\n|tier|[Gen 9] Random Battle\n|rule|Species Clause: Limit one of each Pok\u00e9mon\n|rule|HP Percentage Mod: HP is shown in percentages\n|rule|Sleep Clause Mod: Limit one foe put to sleep\n|rule|Illusion Level Mod: Illusion disguises the Pok\u00e9mon's true level\n|\n|t:|1783556755\n|teamsize|p1|6\n|teamsize|p2|6\n|start\n|switch|p1a: Haxorus|Haxorus, L77, F|100/100\n|switch|p2a: Arboliva|Arboliva, L91, F|290/290\n|-ability|p1a: Haxorus|Mold Breaker\n|turn|1\n|inactive|Battle timer is ON: inactive players will automatically lose when time's up. (requested by p0x1438c67e)\n|inactive|Time left: 300 sec this turn | 300 sec total | 60 sec grace\n|inactive|p0y14383817 also wants the timer to be on.\n|\n|t:|1783556757\n|move|p1a: Haxorus|Dragon Dance|p1a: Haxorus\n|-boost|p1a: Haxorus|atk|1\n|-boost|p1a: Haxorus|spe|1\n|move|p2a: Arboliva|Earth Power|p1a: Haxorus\n|-damage|p1a: Haxorus|52/100\n|\n|upkeep\n|turn|2\n|inactive|Time left: 300 sec this turn | 300 sec total\n|\n|t:|1783556758\n|move|p1a: Haxorus|Outrage|p2a: Arboliva\n|-damage|p2a: Arboliva|100/290\n|-fieldstart|move: Grassy Terrain|[from] ability: Seed Sower|[of] p2a: Arboliva\n|move|p2a: Arboliva|Strength Sap|p1a: Haxorus\n|-unboost|p1a: Haxorus|atk|1\n|-heal|p2a: Arboliva|290/290\n|\n|-heal|p1a: Haxorus|58/100|[from] Grassy Terrain\n|upkeep\n|turn|3\n|inactive|Time left: 300 sec this turn | 300 sec total\n|\n|t:|1783556759\n|move|p1a: Haxorus|Outrage|p2a: Arboliva|[from] lockedmove\n|-damage|p2a: Arboliva|166/290\n|move|p2a: Arboliva|Hyper Voice|p1a: Haxorus\n|-damage|p1a: Haxorus|0 fnt\n|faint|p1a: Haxorus\n|\n|-heal|p2a: Arboliva|184/290|[from] Grassy Terrain\n|-heal|p2a: Arboliva|202/290|[from] item: Leftovers\n|upkeep\n|\n|t:|1783556760\n|switch|p1a: Flareon|Flareon, L90, F|100/100\n|turn|4\n|inactive|Time left: 300 sec this turn | 300 sec total\n|\n|t:|1783556761\n|-terastallize|p2a: Arboliva|Ground\n|move|p1a: Flareon|Flare Blitz|p2a: Arboliva\n|-damage|p2a: Arboliva|39/290\n|-damage|p1a: Flareon|80/100|[from] Recoil\n|move|p2a: Arboliva|Strength Sap|p1a: Flareon\n|-unboost|p1a: Flareon|atk|1\n|-heal|p2a: Arboliva|290/290\n|\n|-heal|p1a: Flareon|86/100|[from] Grassy Terrain\n|-status|p1a: Flareon|tox|[from] item: Toxic Orb\n|upkeep\n|turn|5\n|inactive|Time left: 300 sec this turn | 300 sec total\n|\n|t:|1783556762\n|switch|p1a: Corviknight|Corviknight, L80, F|100/100\n|move|p2a: Arboliva|Earth Power|p1a: Corviknight\n|-immune|p1a: Corviknight\n|\n|upkeep\n|turn|6\n|inactive|Time left: 300 sec this turn | 300 sec total\n|\n|t:|1783556764\n|move|p1a: Corviknight|Brave Bird|p2a: Arboliva\n|-damage|p2a: Arboliva|193/290\n|-damage|p1a: Corviknight|89/100|[from] Recoil\n|move|p2a: Arboliva|Energy Ball|p1a: Corviknight\n|-resisted|p1a: Corviknight\n|-damage|p1a: Corviknight|74/100\n|\n|-heal|p2a: Arboliva|211/290|[from] Grassy Terrain\n|-heal|p2a: Arboliva|229/290|[from] item: Leftovers\n|-fieldend|move: Grassy Terrain\n|upkeep\n|turn|7\n|inactive|Time left: 300 sec this turn | 300 sec total\n|\n|t:|1783556765\n|move|p1a: Corviknight|Roost|p1a: Corviknight\n|-heal|p1a: Corviknight|100/100\n|-singleturn|p1a: Corviknight|move: Roost\n|move|p2a: Arboliva|Strength Sap|p1a: Corviknight\n|-ability|p1a: Corviknight|Mirror Armor\n|-unboost|p2a: Arboliva|atk|1\n|-heal|p2a: Arboliva|290/290\n|\n|upkeep\n|turn|8\n|inactive|Time left: 300 sec this turn | 300 sec total\n|\n|t:|1783556766\n|move|p1a: Corviknight|Brave Bird|p2a: Arboliva\n|-damage|p2a: Arboliva|188/290\n|-fieldstart|move: Grassy Terrain|[from] ability: Seed Sower|[of] p2a: Arboliva\n|-damage|p1a: Corviknight|89/100|[from] Recoil\n|move|p2a: Arboliva|Hyper Voice|p1a: Corviknight\n|-resisted|p1a: Corviknight\n|-damage|p1a: Corviknight|63/100\n|\n|-heal|p2a: Arboliva|206/290|[from] Grassy Terrain\n|-heal|p2a: Arboliva|224/290|[from] item: Leftovers\n|upkeep\n|turn|9\n|inactive|Time left: 300 sec this turn | 300 sec total\n|\n|t:|1783556767\n|move|p1a: Corviknight|Brave Bird|p2a: Arboliva\n|-damage|p2a: Arboliva|128/290\n|-damage|p1a: Corviknight|52/100|[from] Recoil\n|move|p2a: Arboliva|Strength Sap|p1a: Corviknight\n|-ability|p1a: Corviknight|Mirror Armor\n|-unboost|p2a: Arboliva|atk|1\n|-heal|p2a: Arboliva|290/290\n|\n|upkeep\n|turn|10\n|inactive|Time left: 300 sec this turn | 300 sec total\n|\n|t:|1783556768\n|move|p1a: Corviknight|Roost|p1a: Corviknight\n|-heal|p1a: Corviknight|100/100\n|-singleturn|p1a: Corviknight|move: Roost\n|move|p2a: Arboliva|Earth Power|p1a: Corviknight\n|-supereffective|p1a: Corviknight\n|-damage|p1a: Corviknight|3/100\n|\n|-heal|p1a: Corviknight|9/100|[from] Grassy Terrain\n|upkeep\n|turn|11\n|inactive|Time left: 300 sec this turn | 300 sec total\n|\n|t:|1783556769\n|move|p1a: Corviknight|Roost|p1a: Corviknight\n|-heal|p1a: Corviknight|59/100\n|-singleturn|p1a: Corviknight|move: Roost\n|move|p2a: Arboliva|Earth Power|p1a: Corviknight\n|-supereffective|p1a: Corviknight\n|-damage|p1a: Corviknight|0 fnt\n|faint|p1a: Corviknight\n|\n|upkeep\n|\n|t:|1783556770\n|switch|p1a: Flareon|Flareon, L90, F|86/100 tox\n|turn|12\n|inactive|Time left: 300 sec this turn | 300 sec total\n|\n|t:|1783556771\n|-terastallize|p1a: Flareon|Normal\n|move|p1a: Flareon|Facade|p2a: Arboliva\n|-damage|p2a: Arboliva|11/290\n|move|p2a: Arboliva|Strength Sap|p1a: Flareon\n|-unboost|p1a: Flareon|atk|1\n|-heal|p2a: Arboliva|290/290\n|\n|-heal|p1a: Flareon|92/100 tox|[from] Grassy Terrain\n|-damage|p1a: Flareon|86/100 tox|[from] psn\n|-fieldend|move: Grassy Terrain\n|upkeep\n|turn|13\n|inactive|Time left: 300 sec this turn | 300 sec total\n|\n|t:|1783556771\n|move|p1a: Flareon|Facade|p2a: Arboliva\n|-crit|p2a: Arboliva\n|-damage|p2a: Arboliva|0 fnt\n|-fieldstart|move: Grassy Terrain|[from] ability: Seed Sower|[of] p2a: Arboliva\n|faint|p2a: Arboliva\n|\n|-heal|p1a: Flareon|92/100 tox|[from] Grassy Terrain\n|-damage|p1a: Flareon|80/100 tox|[from] psn\n|upkeep\n|inactive|Time left: 300 sec this turn | 300 sec total | 5 sec grace\n|\n|t:|1783556772\n|switch|p2a: Latias|Latias, L79, F|256/256\n|turn|14\n|inactive|Time left: 300 sec this turn | 300 sec total\n|\n|t:|1783556773\n|move|p2a: Latias|Psyshock|p1a: Flareon\n|-damage|p1a: Flareon|34/100 tox\n|move|p1a: Flareon|Facade|p2a: Latias\n|-damage|p2a: Latias|22/256\n|\n|-heal|p1a: Flareon|40/100 tox|[from] Grassy Terrain\n|-damage|p1a: Flareon|22/100 tox|[from] psn\n|upkeep\n|turn|15\n|inactive|Time left: 300 sec this turn | 300 sec total\n|\n|t:|1783556774\n|move|p1a: Flareon|Quick Attack|p2a: Latias\n|-damage|p2a: Latias|0 fnt\n|faint|p2a: Latias\n|\n|-heal|p1a: Flareon|28/100 tox|[from] Grassy Terrain\n|-damage|p1a: Flareon|4/100 tox|[from] psn\n|upkeep\n|inactive|Time left: 300 sec this turn | 300 sec total | 5 sec grace\n|\n|t:|1783556775\n|switch|p2a: Tentacruel|Tentacruel, L84, M|272/272\n|turn|16\n|inactive|Time left: 300 sec this turn | 300 sec total\n|\n|t:|1783556776\n|switch|p1a: Sableye|Sableye, L88, F|100/100\n|move|p2a: Tentacruel|Rapid Spin|p1a: Sableye\n|-immune|p1a: Sableye\n|\n|upkeep\n|turn|17\n|inactive|Time left: 300 sec this turn | 300 sec total\n|\n|t:|1783556777\n|move|p2a: Tentacruel|Sludge Bomb|p1a: Sableye\n|-resisted|p1a: Sableye\n|-damage|p1a: Sableye|81/100\n|move|p1a: Sableye|Knock Off|p2a: Tentacruel\n|-damage|p2a: Tentacruel|155/272\n|-enditem|p2a: Tentacruel|Assault Vest|[from] move: Knock Off|[of] p1a: Sableye\n|\n|-heal|p2a: Tentacruel|172/272|[from] Grassy Terrain\n|-heal|p1a: Sableye|87/100|[from] Grassy Terrain\n|-heal|p1a: Sableye|93/100|[from] item: Leftovers\n|-fieldend|move: Grassy Terrain\n|upkeep\n|turn|18\n|inactive|Time left: 300 sec this turn | 300 sec total\n|\n|t:|1783556778\n|move|p2a: Tentacruel|Surf|p1a: Sableye\n|-damage|p1a: Sableye|54/100\n|move|p1a: Sableye|Knock Off|p2a: Tentacruel\n|-damage|p2a: Tentacruel|97/272\n|\n|-heal|p1a: Sableye|60/100|[from] item: Leftovers\n|upkeep\n|turn|19\n|inactive|Time left: 300 sec this turn | 300 sec total\n|\n|t:|1783556779\n|move|p1a: Sableye|Recover|p1a: Sableye\n|-heal|p1a: Sableye|100/100\n|move|p2a: Tentacruel|Surf|p1a: Sableye\n|-damage|p1a: Sableye|56/100\n|\n|-heal|p1a: Sableye|62/100|[from] item: Leftovers\n|upkeep\n|turn|20\n|inactive|Time left: 300 sec this turn | 300 sec total\n|\n|t:|1783556780\n|move|p1a: Sableye|Recover|p1a: Sableye\n|-heal|p1a: Sableye|100/100\n|move|p2a: Tentacruel|Surf|p1a: Sableye\n|-damage|p1a: Sableye|56/100\n|\n|-heal|p1a: Sableye|62/100|[from] item: Leftovers\n|upkeep\n|turn|21\n|inactive|Time left: 300 sec this turn | 300 sec total\n|\n|t:|1783556781\n|move|p1a: Sableye|Recover|p1a: Sableye\n|-heal|p1a: Sableye|100/100\n|move|p2a: Tentacruel|Surf|p1a: Sableye\n|-damage|p1a: Sableye|56/100\n|\n|-heal|p1a: Sableye|62/100|[from] item: Leftovers\n|upkeep\n|turn|22\n|inactive|Time left: 300 sec this turn | 300 sec total\n|\n|t:|1783556782\n|move|p2a: Tentacruel|Surf|p1a: Sableye\n|-damage|p1a: Sableye|18/100\n|move|p1a: Sableye|Knock Off|p2a: Tentacruel\n|-damage|p2a: Tentacruel|16/272\n|\n|-heal|p1a: Sableye|24/100|[from] item: Leftovers\n|upkeep\n|turn|23\n|inactive|Time left: 300 sec this turn | 300 sec total\n|\n|t:|1783556783\n|move|p1a: Sableye|Recover|p1a: Sableye\n|-heal|p1a: Sableye|74/100\n|move|p2a: Tentacruel|Surf|p1a: Sableye\n|-damage|p1a: Sableye|30/100\n|\n|-heal|p1a: Sableye|36/100|[from] item: Leftovers\n|upkeep\n|turn|24\n|inactive|Time left: 300 sec this turn | 300 sec total\n|\n|t:|1783556784\n|move|p1a: Sableye|Recover|p1a: Sableye\n|-heal|p1a: Sableye|86/100\n|move|p2a: Tentacruel|Surf|p1a: Sableye\n|-damage|p1a: Sableye|46/100\n|\n|-heal|p1a: Sableye|52/100|[from] item: Leftovers\n|upkeep\n|turn|25\n|inactive|Time left: 300 sec this turn | 300 sec total\n|\n|t:|1783556785\n|move|p1a: Sableye|Recover|p1a: Sableye\n|-heal|p1a: Sableye|100/100\n|move|p2a: Tentacruel|Surf|p1a: Sableye\n|-damage|p1a: Sableye|55/100\n|\n|-heal|p1a: Sableye|61/100|[from] item: Leftovers\n|upkeep\n|turn|26\n|inactive|Time left: 300 sec this turn | 300 sec total\n|\n|t:|1783556786\n|move|p2a: Tentacruel|Surf|p1a: Sableye\n|-crit|p1a: Sableye\n|-damage|p1a: Sableye|1/100\n|move|p1a: Sableye|Knock Off|p2a: Tentacruel\n|-damage|p2a: Tentacruel|0 fnt\n|faint|p2a: Tentacruel\n|\n|-heal|p1a: Sableye|7/100|[from] item: Leftovers\n|upkeep\n|inactive|Time left: 300 sec this turn | 300 sec total | 5 sec grace\n|\n|t:|1783556787\n|switch|p2a: Iron Bundle|Iron Bundle, L78|215/215\n|turn|27\n|inactive|Time left: 300 sec this turn | 300 sec total\n|\n|t:|1783556788\n|move|p1a: Sableye|Thunder Wave|p2a: Iron Bundle\n|-status|p2a: Iron Bundle|par\n|cant|p2a: Iron Bundle|par\n|\n|-heal|p1a: Sableye|13/100|[from] item: Leftovers\n|upkeep\n|turn|28\n|inactive|Time left: 300 sec this turn | 300 sec total\n|\n|t:|1783556789\n|move|p1a: Sableye|Recover|p1a: Sableye\n|-heal|p1a: Sableye|64/100\n|move|p2a: Iron Bundle|Freeze-Dry|p1a: Sableye\n|-damage|p1a: Sableye|22/100\n|\n|-heal|p1a: Sableye|28/100|[from] item: Leftovers\n|upkeep\n|turn|29\n|inactive|Time left: 300 sec this turn | 300 sec total\n|\n|t:|1783556791\n|move|p1a: Sableye|Knock Off|p2a: Iron Bundle\n|-damage|p2a: Iron Bundle|133/215 par\n|-enditem|p2a: Iron Bundle|Heavy-Duty Boots|[from] move: Knock Off|[of] p1a: Sableye\n|cant|p2a: Iron Bundle|par\n|\n|-heal|p1a: Sableye|34/100|[from] item: Leftovers\n|upkeep\n|turn|30\n|inactive|Time left: 300 sec this turn | 300 sec total\n|\n|t:|1783556792\n|move|p1a: Sableye|Recover|p1a: Sableye\n|-heal|p1a: Sableye|84/100\n|move|p2a: Iron Bundle|Ice Beam|p1a: Sableye\n|-damage|p1a: Sableye|31/100\n|\n|-heal|p1a: Sableye|37/100|[from] item: Leftovers\n|upkeep\n|turn|31\n|inactive|Time left: 300 sec this turn | 300 sec total\n|\n|t:|1783556793\n|move|p1a: Sableye|Knock Off|p2a: Iron Bundle\n|-damage|p2a: Iron Bundle|72/215 par\n|cant|p2a: Iron Bundle|par\n|\n|-heal|p1a: Sableye|43/100|[from] item: Leftovers\n|upkeep\n|turn|32\n|inactive|Time left: 300 sec this turn | 300 sec total\n|\n|t:|1783556794\n|switch|p1a: Politoed|Politoed, L88, F|100/100\n|-weather|RainDance|[from] ability: Drizzle|[of] p1a: Politoed\n|move|p2a: Iron Bundle|Ice Beam|p1a: Politoed\n|-resisted|p1a: Politoed\n|-damage|p1a: Politoed|86/100\n|\n|-weather|RainDance|[upkeep]\n|-heal|p1a: Politoed|92/100|[from] item: Leftovers\n|upkeep\n|turn|33\n|inactive|Time left: 300 sec this turn | 300 sec total\n|\n|t:|1783556795\n|move|p1a: Politoed|Hydro Pump|p2a: Iron Bundle\n|-resisted|p2a: Iron Bundle\n|-damage|p2a: Iron Bundle|0 fnt\n|faint|p2a: Iron Bundle\n|-end|p2a: Iron Bundle|Quark Drive|[silent]\n|\n|-weather|RainDance|[upkeep]\n|-heal|p1a: Politoed|98/100|[from] item: Leftovers\n|upkeep\n|inactive|Time left: 300 sec this turn | 300 sec total | 5 sec grace\n|\n|t:|1783556796\n|switch|p2a: Regice|Regice, L88|284/284\n|turn|34\n|inactive|Time left: 300 sec this turn | 300 sec total\n|\n|t:|1783556797\n|move|p1a: Politoed|Hypnosis|p2a: Regice|[miss]\n|-miss|p1a: Politoed|p2a: Regice\n|move|p2a: Regice|Thunderbolt|p1a: Politoed\n|-supereffective|p1a: Politoed\n|-damage|p1a: Politoed|55/100\n|\n|-weather|RainDance|[upkeep]\n|-heal|p1a: Politoed|61/100|[from] item: Leftovers\n|upkeep\n|turn|35\n|inactive|Time left: 300 sec this turn | 300 sec total\n|\n|t:|1783556798\n|move|p1a: Politoed|Hypnosis|p2a: Regice|[miss]\n|-miss|p1a: Politoed|p2a: Regice\n|move|p2a: Regice|Thunderbolt|p1a: Politoed\n|-supereffective|p1a: Politoed\n|-damage|p1a: Politoed|18/100\n|\n|-weather|RainDance|[upkeep]\n|-heal|p1a: Politoed|24/100|[from] item: Leftovers\n|upkeep\n|turn|36\n|inactive|Time left: 300 sec this turn | 300 sec total\n|\n|t:|1783556799\n|move|p1a: Politoed|Hydro Pump|p2a: Regice\n|-damage|p2a: Regice|194/284\n|move|p2a: Regice|Thunderbolt|p1a: Politoed\n|-supereffective|p1a: Politoed\n|-damage|p1a: Politoed|0 fnt\n|faint|p1a: Politoed\n|\n|-weather|none\n|upkeep\n|\n|t:|1783556800\n|switch|p1a: Charizard|Charizard, L85, M|100/100\n|turn|37\n|inactive|Time left: 300 sec this turn | 300 sec total\n|\n|t:|1783556801\n|move|p1a: Charizard|Flare Blitz|p2a: Regice\n|-supereffective|p2a: Regice\n|-damage|p2a: Regice|0 fnt\n|faint|p2a: Regice\n|-damage|p1a: Charizard|77/100|[from] Recoil\n|\n|upkeep\n|inactive|Time left: 300 sec this turn | 300 sec total | 5 sec grace\n|\n|t:|1783556802\n|switch|p2a: Venusaur|Venusaur, L84, F|272/272\n|turn|38\n|inactive|Time left: 300 sec this turn | 300 sec total\n|\n|t:|1783556803\n|move|p1a: Charizard|Flare Blitz|p2a: Venusaur\n|-supereffective|p2a: Venusaur\n|-damage|p2a: Venusaur|12/272\n|-damage|p1a: Charizard|45/100|[from] Recoil\n|move|p2a: Venusaur|Sludge Bomb|p1a: Charizard\n|-damage|p1a: Charizard|10/100\n|\n|-heal|p2a: Venusaur|29/272|[from] item: Leftovers\n|upkeep\n|turn|39\n|inactive|Time left: 300 sec this turn | 300 sec total\n|\n|t:|1783556804\n|move|p1a: Charizard|Earthquake|p2a: Venusaur\n|-damage|p2a: Venusaur|0 fnt\n|faint|p2a: Venusaur\n|\n|win|p0x1438c67e", "uploadtime": 1783556804, "views": 0, "rating": 0, "private": 0, "password": null, "_winner": "p0x1438c67e", "_our_name": "p0y14383817"}