{"id": "battle-gen9randombattle-110", "formatid": "gen9randombattle", "format": "[Gen 9] Random Battle", "players": ["p0x110810d", "p0y1103aef"], "log": "|init|battle\n|title|p0x110810d vs. p0y1103aef\n|j|\u2606p0x110810d\n|j|\u2606p0y1103aef\n|t:|1783540777\n|gametype|singles\n|player|p1|p0x110810d|2|\n|player|p2|p0y1103aef|102|\n|gen|9\n|tier|[Gen 9] Random Battle\n|rule|Species Clause: Limit one of each Pok\u00e9mon\n|rule|HP Percentage Mod: HP is shown in percentages\n|rule|Sleep Clause Mod: Limit one foe put to sleep\n|rule|Illusion Level Mod: Illusion disguises the Pok\u00e9mon's true level\n|\n|t:|1783540777\n|teamsize|p1|6\n|teamsize|p2|6\n|start\n|switch|p1a: Araquanid|Araquanid, L82, M|100/100\n|switch|p2a: Hariyama|Hariyama, L87, F|392/392\n|turn|1\n|inactive|Battle timer is ON: inactive players will automatically lose when time's up. (requested by p0x110810d)\n|inactive|Time left: 300 sec this turn | 300 sec total | 60 sec grace\n|inactive|p0y1103aef also wants the timer to be on.\n|\n|t:|1783540778\n|move|p2a: Hariyama|Knock Off|p1a: Araquanid\n|-damage|p1a: Araquanid|68/100\n|-enditem|p1a: Araquanid|Heavy-Duty Boots|[from] move: Knock Off|[of] p2a: Hariyama\n|move|p1a: Araquanid|Sticky Web|p2a: Hariyama\n|-sidestart|p2: p0y1103aef|move: Sticky Web\n|\n|upkeep\n|turn|2\n|inactive|Time left: 300 sec this turn | 300 sec total\n|\n|t:|1783540780\n|move|p2a: Hariyama|Knock Off|p1a: Araquanid\n|-damage|p1a: Araquanid|44/100\n|move|p1a: Araquanid|Liquidation|p2a: Hariyama\n|-damage|p2a: Hariyama|215/392\n|\n|upkeep\n|turn|3\n|inactive|Time left: 300 sec this turn | 300 sec total\n|\n|t:|1783540781\n|move|p2a: Hariyama|Close Combat|p1a: Araquanid\n|-resisted|p1a: Araquanid\n|-damage|p1a: Araquanid|10/100\n|-unboost|p2a: Hariyama|def|1\n|-unboost|p2a: Hariyama|spd|1\n|move|p1a: Araquanid|Liquidation|p2a: Hariyama\n|-damage|p2a: Hariyama|0 fnt\n|faint|p2a: Hariyama\n|\n|upkeep\n|inactive|Time left: 300 sec this turn | 300 sec total | 5 sec grace\n|\n|t:|1783540782\n|switch|p2a: Reshiram|Reshiram, L76|277/277\n|-ability|p2a: Reshiram|Turboblaze\n|turn|4\n|inactive|Time left: 300 sec this turn | 300 sec total\n|\n|t:|1783540784\n|move|p2a: Reshiram|Dragon Dance|p2a: Reshiram\n|-boost|p2a: Reshiram|atk|1\n|-boost|p2a: Reshiram|spe|1\n|move|p1a: Araquanid|Liquidation|p2a: Reshiram\n|-damage|p2a: Reshiram|151/277\n|\n|upkeep\n|turn|5\n|inactive|Time left: 300 sec this turn | 300 sec total\n|\n|t:|1783540785\n|move|p2a: Reshiram|Outrage|p1a: Araquanid\n|-damage|p1a: Araquanid|0 fnt\n|faint|p1a: Araquanid\n|\n|upkeep\n|\n|t:|1783540786\n|switch|p1a: Haxorus|Haxorus, L77, F|100/100\n|-ability|p1a: Haxorus|Mold Breaker\n|turn|6\n|inactive|Time left: 300 sec this turn | 300 sec total\n|\n|t:|1783540787\n|-terastallize|p1a: Haxorus|Steel\n|move|p2a: Reshiram|Outrage|p1a: Haxorus|[from] lockedmove\n|-resisted|p1a: Haxorus\n|-damage|p1a: Haxorus|58/100\n|move|p1a: Haxorus|Dragon Dance|p1a: Haxorus\n|-boost|p1a: Haxorus|atk|1\n|-boost|p1a: Haxorus|spe|1\n|\n|upkeep\n|turn|7\n|inactive|Time left: 300 sec this turn | 300 sec total\n|\n|t:|1783540788\n|move|p1a: Haxorus|Outrage|p2a: Reshiram\n|-supereffective|p2a: Reshiram\n|-damage|p2a: Reshiram|0 fnt\n|faint|p2a: Reshiram\n|\n|upkeep\n|inactive|Time left: 300 sec this turn | 300 sec total | 5 sec grace\n|\n|t:|1783540788\n|switch|p2a: Slowbro|Slowbro-Galar, L87, F|307/307\n|-activate|p2a: Slowbro|move: Sticky Web\n|-unboost|p2a: Slowbro|spe|1\n|turn|8\n|inactive|Time left: 300 sec this turn | 300 sec total\n|\n|t:|1783540789\n|move|p1a: Haxorus|Outrage|p2a: Slowbro|[from] lockedmove\n|-damage|p2a: Slowbro|121/307\n|-damage|p1a: Haxorus|42/100|[from] item: Rocky Helmet|[of] p2a: Slowbro\n|-start|p1a: Haxorus|confusion|[fatigue]\n|-enditem|p1a: Haxorus|Lum Berry|[eat]\n|-end|p1a: Haxorus|confusion\n|move|p2a: Slowbro|Earthquake|p1a: Haxorus\n|-supereffective|p1a: Haxorus\n|-damage|p1a: Haxorus|0 fnt\n|faint|p1a: Haxorus\n|\n|upkeep\n|\n|t:|1783540790\n|switch|p1a: Toxtricity|Toxtricity, L82, F|100/100\n|turn|9\n|inactive|Time left: 300 sec this turn | 300 sec total\n|\n|t:|1783540791\n|move|p1a: Toxtricity|Boomburst|p2a: Slowbro\n|-damage|p2a: Slowbro|0 fnt\n|faint|p2a: Slowbro\n|-enditem|p1a: Toxtricity|Throat Spray\n|-boost|p1a: Toxtricity|spa|1|[from] item: Throat Spray\n|\n|upkeep\n|inactive|Time left: 300 sec this turn | 300 sec total | 5 sec grace\n|\n|t:|1783540792\n|switch|p2a: Talonflame|Talonflame, L83, F|265/265\n|turn|10\n|inactive|Time left: 300 sec this turn | 300 sec total\n|\n|t:|1783540793\n|-terastallize|p2a: Talonflame|Ground\n|move|p2a: Talonflame|Tera Blast|p1a: Toxtricity|[anim] Tera Blast Ground\n|-supereffective|p1a: Toxtricity\n|-damage|p1a: Toxtricity|0 fnt\n|faint|p1a: Toxtricity\n|\n|upkeep\n|\n|t:|1783540794\n|switch|p1a: Dodrio|Dodrio, L85, F|100/100\n|turn|11\n|inactive|Time left: 300 sec this turn | 300 sec total\n|\n|t:|1783540795\n|move|p2a: Talonflame|Swords Dance|p2a: Talonflame\n|-boost|p2a: Talonflame|atk|2\n|move|p1a: Dodrio|Double-Edge|p2a: Talonflame\n|-damage|p2a: Talonflame|94/265\n|-damage|p1a: Dodrio|77/100|[from] Recoil\n|\n|upkeep\n|turn|12\n|inactive|Time left: 300 sec this turn | 300 sec total\n|\n|t:|1783540796\n|switch|p1a: Excadrill|Excadrill, L79, F|100/100\n|-ability|p1a: Excadrill|Mold Breaker\n|move|p2a: Talonflame|Brave Bird|p1a: Excadrill\n|-resisted|p1a: Excadrill\n|-damage|p1a: Excadrill|47/100\n|-damage|p2a: Talonflame|41/265|[from] Recoil\n|\n|-heal|p1a: Excadrill|53/100|[from] item: Leftovers\n|upkeep\n|turn|13\n|inactive|Time left: 300 sec this turn | 300 sec total\n|\n|t:|1783540797\n|switch|p1a: Dodrio|Dodrio, L85, F|77/100\n|move|p2a: Talonflame|Tera Blast|p1a: Dodrio|[anim] Tera Blast Ground\n|-immune|p1a: Dodrio\n|\n|upkeep\n|turn|14\n|inactive|Time left: 300 sec this turn | 300 sec total\n|\n|t:|1783540798\n|move|p2a: Talonflame|Flare Blitz|p1a: Dodrio\n|-damage|p1a: Dodrio|0 fnt\n|faint|p1a: Dodrio\n|-damage|p2a: Talonflame|0 fnt|[from] Recoil\n|faint|p2a: Talonflame\n|\n|upkeep\n|inactive|Time left: 300 sec this turn | 300 sec total | 5 sec grace\n|\n|t:|1783540799\n|switch|p2a: Swanna|Swanna, L89, F|278/278\n|switch|p1a: Skuntank|Skuntank, L84, M|100/100\n|turn|15\n|inactive|Time left: 300 sec this turn | 300 sec total\n|\n|t:|1783540800\n|move|p2a: Swanna|Hydro Pump|p1a: Skuntank\n|-crit|p1a: Skuntank\n|-damage|p1a: Skuntank|28/100\n|move|p1a: Skuntank|Gunk Shot|p2a: Swanna\n|-damage|p2a: Swanna|70/278\n|-damage|p1a: Skuntank|18/100|[from] item: Life Orb\n|\n|upkeep\n|turn|16\n|inactive|Time left: 300 sec this turn | 300 sec total\n|\n|t:|1783540801\n|move|p2a: Swanna|Hydro Pump|p1a: Skuntank\n|-crit|p1a: Skuntank\n|-damage|p1a: Skuntank|0 fnt\n|faint|p1a: Skuntank\n|\n|upkeep\n|\n|t:|1783540802\n|switch|p1a: Excadrill|Excadrill, L79, F|53/100\n|-ability|p1a: Excadrill|Mold Breaker\n|turn|17\n|inactive|Time left: 300 sec this turn | 300 sec total\n|\n|t:|1783540803\n|move|p2a: Swanna|Hydro Pump|p1a: Excadrill\n|-supereffective|p1a: Excadrill\n|-damage|p1a: Excadrill|0 fnt\n|faint|p1a: Excadrill\n|\n|win|p0y1103aef", "uploadtime": 1783540803, "views": 0, "rating": 0, "private": 0, "password": null, "_winner": "p0y1103aef", "_our_name": "p0y1103aef"}