{"id": "battle-gen9randombattle-68", "formatid": "gen9randombattle", "format": "[Gen 9] Random Battle", "players": ["p0x06880fa", "p0y0680708"], "log": "|init|battle\n|title|p0x06880fa vs. p0y0680708\n|j|\u2606p0x06880fa\n|j|\u2606p0y0680708\n|t:|1783539980\n|gametype|singles\n|player|p1|p0x06880fa|2|\n|player|p2|p0y0680708|101|\n|gen|9\n|tier|[Gen 9] Random Battle\n|rule|Species Clause: Limit one of each Pok\u00e9mon\n|rule|HP Percentage Mod: HP is shown in percentages\n|rule|Sleep Clause Mod: Limit one foe put to sleep\n|rule|Illusion Level Mod: Illusion disguises the Pok\u00e9mon's true level\n|\n|t:|1783539980\n|teamsize|p1|6\n|teamsize|p2|6\n|start\n|switch|p1a: Manaphy|Manaphy, L78|100/100\n|switch|p2a: Hypno|Hypno, L95, F|315/315\n|turn|1\n|inactive|Battle timer is ON: inactive players will automatically lose when time's up. (requested by p0y0680708)\n|inactive|p0x06880fa also wants the timer to be on.\n|\n|t:|1783539981\n|move|p1a: Manaphy|Tail Glow|p1a: Manaphy\n|-boost|p1a: Manaphy|spa|3\n|move|p2a: Hypno|Focus Blast|p1a: Manaphy|[miss]\n|-miss|p2a: Hypno|p1a: Manaphy\n|\n|upkeep\n|turn|2\n|inactive|Time left: 300 sec this turn | 300 sec total\n|\n|t:|1783539982\n|move|p1a: Manaphy|Surf|p2a: Hypno\n|-damage|p2a: Hypno|170/315\n|move|p2a: Hypno|Psychic Noise|p1a: Manaphy\n|-damage|p1a: Manaphy|73/100\n|-start|p1a: Manaphy|move: Heal Block\n|\n|-heal|p2a: Hypno|189/315|[from] item: Leftovers\n|upkeep\n|turn|3\n|inactive|Time left: 300 sec this turn | 300 sec total\n|\n|t:|1783539983\n|move|p2a: Hypno|Protect|p2a: Hypno\n|-singleturn|p2a: Hypno|Protect\n|move|p1a: Manaphy|Surf|p2a: Hypno\n|-activate|p2a: Hypno|move: Protect\n|\n|-heal|p2a: Hypno|208/315|[from] item: Leftovers\n|-end|p1a: Manaphy|move: Heal Block\n|upkeep\n|turn|4\n|inactive|Time left: 300 sec this turn | 300 sec total\n|\n|t:|1783539984\n|move|p1a: Manaphy|Surf|p2a: Hypno\n|-damage|p2a: Hypno|52/315\n|move|p2a: Hypno|Psychic Noise|p1a: Manaphy\n|-damage|p1a: Manaphy|43/100\n|-start|p1a: Manaphy|move: Heal Block\n|\n|-heal|p2a: Hypno|71/315|[from] item: Leftovers\n|upkeep\n|turn|5\n|inactive|Time left: 300 sec this turn | 300 sec total\n|\n|t:|1783539985\n|move|p2a: Hypno|Protect|p2a: Hypno\n|-singleturn|p2a: Hypno|Protect\n|move|p1a: Manaphy|Ice Beam|p2a: Hypno\n|-activate|p2a: Hypno|move: Protect\n|\n|-heal|p2a: Hypno|90/315|[from] item: Leftovers\n|-end|p1a: Manaphy|move: Heal Block\n|upkeep\n|turn|6\n|inactive|Time left: 300 sec this turn | 300 sec total\n|\n|t:|1783539986\n|switch|p2a: Gastrodon|Gastrodon, L86, F|331/331\n|move|p1a: Manaphy|Ice Beam|p2a: Gastrodon\n|-damage|p2a: Gastrodon|194/331\n|\n|-heal|p1a: Manaphy|49/100|[from] item: Leftovers\n|-heal|p2a: Gastrodon|214/331|[from] item: Leftovers\n|upkeep\n|turn|7\n|inactive|Time left: 300 sec this turn | 300 sec total\n|\n|t:|1783539988\n|-terastallize|p2a: Gastrodon|Poison\n|move|p1a: Manaphy|Energy Ball|p2a: Gastrodon\n|-resisted|p2a: Gastrodon\n|-damage|p2a: Gastrodon|135/331\n|move|p2a: Gastrodon|Clear Smog|p1a: Manaphy\n|-damage|p1a: Manaphy|28/100\n|-clearboost|p1a: Manaphy\n|\n|-heal|p1a: Manaphy|34/100|[from] item: Leftovers\n|-heal|p2a: Gastrodon|155/331|[from] item: Leftovers\n|upkeep\n|turn|8\n|inactive|Time left: 300 sec this turn | 300 sec total\n|\n|t:|1783539989\n|switch|p1a: Sudowoodo|Sudowoodo, L94, M|100/100\n|move|p2a: Gastrodon|Earthquake|p1a: Sudowoodo\n|-supereffective|p1a: Sudowoodo\n|-damage|p1a: Sudowoodo|53/100\n|\n|-heal|p2a: Gastrodon|175/331|[from] item: Leftovers\n|-heal|p1a: Sudowoodo|59/100|[from] item: Leftovers\n|upkeep\n|turn|9\n|inactive|Time left: 300 sec this turn | 300 sec total\n|\n|t:|1783539990\n|move|p2a: Gastrodon|Earthquake|p1a: Sudowoodo\n|-supereffective|p1a: Sudowoodo\n|-damage|p1a: Sudowoodo|9/100\n|move|p1a: Sudowoodo|Earthquake|p2a: Gastrodon\n|-supereffective|p2a: Gastrodon\n|-damage|p2a: Gastrodon|0 fnt\n|faint|p2a: Gastrodon\n|\n|-heal|p1a: Sudowoodo|15/100|[from] item: Leftovers\n|upkeep\n|inactive|Time left: 300 sec this turn | 300 sec total | 5 sec grace\n|\n|t:|1783539991\n|switch|p2a: Dragonite|Dragonite, L74, M|257/257\n|turn|10\n|inactive|Time left: 300 sec this turn | 300 sec total\n|\n|t:|1783539992\n|switch|p1a: Ribombee|Ribombee, L83, M|100/100\n|move|p2a: Dragonite|Outrage|p1a: Ribombee\n|-immune|p1a: Ribombee\n|\n|upkeep\n|turn|11\n|inactive|Time left: 300 sec this turn | 300 sec total\n|\n|t:|1783539993\n|move|p1a: Ribombee|Sticky Web|p2a: Dragonite\n|-sidestart|p2: p0y0680708|move: Sticky Web\n|move|p2a: Dragonite|Dragon Dance|p2a: Dragonite\n|-boost|p2a: Dragonite|atk|1\n|-boost|p2a: Dragonite|spe|1\n|\n|upkeep\n|turn|12\n|inactive|Time left: 300 sec this turn | 300 sec total\n|\n|t:|1783539994\n|move|p1a: Ribombee|Moonblast|p2a: Dragonite\n|-supereffective|p2a: Dragonite\n|-damage|p2a: Dragonite|148/257\n|move|p2a: Dragonite|Dragon Dance|p2a: Dragonite\n|-boost|p2a: Dragonite|atk|1\n|-boost|p2a: Dragonite|spe|1\n|\n|upkeep\n|turn|13\n|inactive|Time left: 300 sec this turn | 300 sec total\n|\n|t:|1783539995\n|move|p2a: Dragonite|Earthquake|p1a: Ribombee\n|-resisted|p1a: Ribombee\n|-damage|p1a: Ribombee|61/100\n|move|p1a: Ribombee|Moonblast|p2a: Dragonite\n|-supereffective|p2a: Dragonite\n|-damage|p2a: Dragonite|0 fnt\n|faint|p2a: Dragonite\n|\n|upkeep\n|inactive|Time left: 300 sec this turn | 300 sec total | 5 sec grace\n|\n|t:|1783539997\n|switch|p2a: Primarina|Primarina, L83, F|268/268\n|-activate|p2a: Primarina|move: Sticky Web\n|-unboost|p2a: Primarina|spe|1\n|turn|14\n|inactive|Time left: 300 sec this turn | 300 sec total\n|\n|t:|1783539998\n|switch|p1a: Blastoise|Blastoise, L80, M|100/100\n|move|p2a: Primarina|Sparkling Aria|p1a: Blastoise\n|-resisted|p1a: Blastoise\n|-damage|p1a: Blastoise|81/100\n|\n|upkeep\n|turn|15\n|inactive|Time left: 300 sec this turn | 300 sec total\n|\n|t:|1783539999\n|move|p1a: Blastoise|Shell Smash|p1a: Blastoise\n|-unboost|p1a: Blastoise|def|1\n|-unboost|p1a: Blastoise|spd|1\n|-boost|p1a: Blastoise|atk|2\n|-boost|p1a: Blastoise|spa|2\n|-boost|p1a: Blastoise|spe|2\n|-enditem|p1a: Blastoise|White Herb\n|-clearnegativeboost|p1a: Blastoise|[silent]\n|move|p2a: Primarina|Calm Mind|p2a: Primarina\n|-boost|p2a: Primarina|spa|1\n|-boost|p2a: Primarina|spd|1\n|\n|upkeep\n|turn|16\n|inactive|Time left: 300 sec this turn | 300 sec total\n|\n|t:|1783540000\n|move|p1a: Blastoise|Earthquake|p2a: Primarina\n|-damage|p2a: Primarina|130/268\n|move|p2a: Primarina|Psychic|p1a: Blastoise\n|-damage|p1a: Blastoise|42/100\n|\n|-heal|p2a: Primarina|146/268|[from] item: Leftovers\n|upkeep\n|turn|17\n|inactive|Time left: 300 sec this turn | 300 sec total\n|\n|t:|1783540001\n|move|p1a: Blastoise|Hydro Pump|p2a: Primarina\n|-resisted|p2a: Primarina\n|-damage|p2a: Primarina|92/268\n|move|p2a: Primarina|Sparkling Aria|p1a: Blastoise\n|-resisted|p1a: Blastoise\n|-damage|p1a: Blastoise|10/100\n|\n|-heal|p2a: Primarina|108/268|[from] item: Leftovers\n|upkeep\n|turn|18\n|inactive|Time left: 300 sec this turn | 300 sec total\n|\n|t:|1783540002\n|move|p1a: Blastoise|Earthquake|p2a: Primarina\n|-damage|p2a: Primarina|0 fnt\n|faint|p2a: Primarina\n|\n|upkeep\n|inactive|Time left: 300 sec this turn | 300 sec total | 5 sec grace\n|\n|t:|1783540003\n|switch|p2a: Hypno|Hypno, L95, F|90/315\n|-activate|p2a: Hypno|move: Sticky Web\n|-unboost|p2a: Hypno|spe|1\n|turn|19\n|inactive|Time left: 300 sec this turn | 300 sec total\n|\n|t:|1783540005\n|move|p1a: Blastoise|Hydro Pump|p2a: Hypno|[miss]\n|-miss|p1a: Blastoise|p2a: Hypno\n|move|p2a: Hypno|Psychic Noise|p1a: Blastoise\n|-crit|p1a: Blastoise\n|-damage|p1a: Blastoise|0 fnt\n|faint|p1a: Blastoise\n|\n|-heal|p2a: Hypno|109/315|[from] item: Leftovers\n|upkeep\n|\n|t:|1783540005\n|switch|p1a: Decidueye|Decidueye-Hisui, L87, F|100/100\n|turn|20\n|inactive|Time left: 300 sec this turn | 300 sec total\n|\n|t:|1783540006\n|move|p1a: Decidueye|Swords Dance|p1a: Decidueye\n|-boost|p1a: Decidueye|atk|2\n|move|p2a: Hypno|Toxic|p1a: Decidueye\n|-status|p1a: Decidueye|tox\n|\n|-heal|p2a: Hypno|128/315|[from] item: Leftovers\n|-damage|p1a: Decidueye|94/100 tox|[from] psn\n|upkeep\n|turn|21\n|inactive|Time left: 300 sec this turn | 300 sec total\n|\n|t:|1783540007\n|move|p1a: Decidueye|Leaf Blade|p2a: Hypno\n|-damage|p2a: Hypno|0 fnt\n|faint|p2a: Hypno\n|\n|-heal|p1a: Decidueye|100/100 tox|[from] item: Leftovers\n|-damage|p1a: Decidueye|88/100 tox|[from] psn\n|upkeep\n|inactive|Time left: 300 sec this turn | 300 sec total | 5 sec grace\n|\n|t:|1783540008\n|switch|p2a: Iron Jugulis|Iron Jugulis, L77|271/271\n|turn|22\n|inactive|Time left: 300 sec this turn | 300 sec total\n|\n|t:|1783540009\n|-terastallize|p1a: Decidueye|Steel\n|move|p2a: Iron Jugulis|Hurricane|p1a: Decidueye\n|-resisted|p1a: Decidueye\n|-crit|p1a: Decidueye\n|-damage|p1a: Decidueye|62/100 tox\n|move|p1a: Decidueye|Triple Arrows|p2a: Iron Jugulis\n|-crit|p2a: Iron Jugulis\n|-damage|p2a: Iron Jugulis|0 fnt\n|faint|p2a: Iron Jugulis\n|-end|p2a: Iron Jugulis|Quark Drive|[silent]\n|\n|-heal|p1a: Decidueye|68/100 tox|[from] item: Leftovers\n|-damage|p1a: Decidueye|50/100 tox|[from] psn\n|upkeep\n|inactive|Time left: 300 sec this turn | 300 sec total | 5 sec grace\n|\n|t:|1783540010\n|switch|p2a: Seviper|Seviper, L93, F|287/287\n|-activate|p2a: Seviper|move: Sticky Web\n|-unboost|p2a: Seviper|spe|1\n|turn|23\n|inactive|Time left: 300 sec this turn | 300 sec total\n|\n|t:|1783540011\n|move|p1a: Decidueye|Triple Arrows|p2a: Seviper\n|-resisted|p2a: Seviper\n|-damage|p2a: Seviper|155/287\n|-unboost|p2a: Seviper|def|1\n|move|p2a: Seviper|Earthquake|p1a: Decidueye\n|-supereffective|p1a: Decidueye\n|-damage|p1a: Decidueye|0 fnt\n|faint|p1a: Decidueye\n|-damage|p2a: Seviper|127/287|[from] item: Life Orb\n|\n|upkeep\n|\n|t:|1783540012\n|switch|p1a: Manaphy|Manaphy, L78|34/100\n|turn|24\n|inactive|Time left: 300 sec this turn | 300 sec total\n|\n|t:|1783540013\n|move|p1a: Manaphy|Surf|p2a: Seviper\n|-damage|p2a: Seviper|18/287\n|move|p2a: Seviper|Glare|p1a: Manaphy\n|-status|p1a: Manaphy|par\n|\n|-heal|p1a: Manaphy|40/100 par|[from] item: Leftovers\n|upkeep\n|turn|25\n|inactive|Time left: 300 sec this turn | 300 sec total\n|\n|t:|1783540014\n|move|p2a: Seviper|Glare|p1a: Manaphy\n|-fail|p1a: Manaphy|par\n|move|p1a: Manaphy|Energy Ball|p2a: Seviper\n|-resisted|p2a: Seviper\n|-damage|p2a: Seviper|0 fnt\n|faint|p2a: Seviper\n|\n|win|p0x06880fa", "uploadtime": 1783540014, "views": 0, "rating": 0, "private": 0, "password": null, "_winner": "p0x06880fa", "_our_name": "p0y0680708"}