{"id": "battle-gen9randombattle-202", "formatid": "gen9randombattle", "format": "[Gen 9] Random Battle", "players": ["p0x20212a2", "p0y202370e"], "log": "|init|battle\n|title|p0x20212a2 vs. p0y202370e\n|j|\u2606p0x20212a2\n|j|\u2606p0y202370e\n|t:|1783536095\n|gametype|singles\n|player|p1|p0x20212a2|2|\n|player|p2|p0y202370e|102|\n|gen|9\n|tier|[Gen 9] Random Battle\n|rule|Species Clause: Limit one of each Pok\u00e9mon\n|rule|HP Percentage Mod: HP is shown in percentages\n|rule|Sleep Clause Mod: Limit one foe put to sleep\n|rule|Illusion Level Mod: Illusion disguises the Pok\u00e9mon's true level\n|\n|t:|1783536095\n|teamsize|p1|6\n|teamsize|p2|6\n|start\n|switch|p1a: Magearna|Magearna, L77|100/100\n|switch|p2a: Ampharos|Ampharos, L88, M|302/302\n|turn|1\n|inactive|Battle timer is ON: inactive players will automatically lose when time's up. (requested by p0x20212a2)\n|inactive|Time left: 300 sec this turn | 300 sec total | 60 sec grace\n|\n|t:|1783536096\n|move|p2a: Ampharos|Thunderbolt|p1a: Magearna\n|-damage|p1a: Magearna|55/100\n|move|p1a: Magearna|Shift Gear|p1a: Magearna\n|-boost|p1a: Magearna|spe|2\n|-boost|p1a: Magearna|atk|1\n|\n|upkeep\n|turn|2\n|inactive|p0y202370e also wants the timer to be on.\n|inactive|Time left: 300 sec this turn | 300 sec total\n|\n|t:|1783536098\n|switch|p2a: Glastrier|Glastrier, L86|311/311\n|-terastallize|p1a: Magearna|Ground\n|move|p1a: Magearna|Tera Blast|p2a: Glastrier|[anim] Tera Blast Ground\n|-damage|p2a: Glastrier|241/311\n|\n|upkeep\n|turn|3\n|inactive|Time left: 300 sec this turn | 300 sec total\n|\n|t:|1783536099\n|move|p1a: Magearna|Iron Head|p2a: Glastrier\n|-supereffective|p2a: Glastrier\n|-damage|p2a: Glastrier|89/311\n|move|p2a: Glastrier|Heavy Slam|p1a: Magearna\n|-damage|p1a: Magearna|0 fnt\n|faint|p1a: Magearna\n|-ability|p2a: Glastrier|Chilling Neigh|boost\n|-boost|p2a: Glastrier|atk|1\n|\n|upkeep\n|\n|t:|1783536100\n|switch|p1a: Chandelure|Chandelure, L83, F|100/100\n|turn|4\n|inactive|Time left: 300 sec this turn | 300 sec total\n|\n|t:|1783536101\n|move|p1a: Chandelure|Fire Blast|p2a: Glastrier\n|-supereffective|p2a: Glastrier\n|-damage|p2a: Glastrier|0 fnt\n|faint|p2a: Glastrier\n|\n|upkeep\n|inactive|Time left: 300 sec this turn | 300 sec total | 5 sec grace\n|\n|t:|1783536102\n|switch|p2a: Manaphy|Manaphy, L78|284/284\n|turn|5\n|inactive|Time left: 300 sec this turn | 300 sec total\n|\n|t:|1783536103\n|move|p2a: Manaphy|Tail Glow|p2a: Manaphy\n|-boost|p2a: Manaphy|spa|3\n|move|p1a: Chandelure|Calm Mind|p1a: Chandelure\n|-boost|p1a: Chandelure|spa|1\n|-boost|p1a: Chandelure|spd|1\n|\n|upkeep\n|turn|6\n|inactive|Time left: 300 sec this turn | 300 sec total\n|\n|t:|1783536104\n|move|p2a: Manaphy|Hydro Pump|p1a: Chandelure\n|-supereffective|p1a: Chandelure\n|-damage|p1a: Chandelure|0 fnt\n|faint|p1a: Chandelure\n|\n|upkeep\n|\n|t:|1783536105\n|switch|p1a: Comfey|Comfey, L85, F|100/100\n|turn|7\n|inactive|Time left: 300 sec this turn | 300 sec total\n|\n|t:|1783536107\n|move|p1a: Comfey|Calm Mind|p1a: Comfey\n|-boost|p1a: Comfey|spa|1\n|-boost|p1a: Comfey|spd|1\n|move|p2a: Manaphy|Hydro Pump|p1a: Comfey\n|-damage|p1a: Comfey|38/100\n|\n|-heal|p1a: Comfey|44/100|[from] item: Leftovers\n|upkeep\n|turn|8\n|inactive|Time left: 300 sec this turn | 300 sec total\n|\n|t:|1783536108\n|move|p1a: Comfey|Draining Kiss|p2a: Manaphy\n|-damage|p2a: Manaphy|212/284\n|-heal|p1a: Comfey|68/100|[from] drain|[of] p2a: Manaphy\n|move|p2a: Manaphy|Hydro Pump|p1a: Comfey|[miss]\n|-miss|p2a: Manaphy|p1a: Comfey\n|\n|-heal|p1a: Comfey|74/100|[from] item: Leftovers\n|-heal|p2a: Manaphy|229/284|[from] item: Leftovers\n|upkeep\n|turn|9\n|inactive|Time left: 300 sec this turn | 300 sec total\n|\n|t:|1783536109\n|move|p1a: Comfey|Giga Drain|p2a: Manaphy\n|-supereffective|p2a: Manaphy\n|-damage|p2a: Manaphy|83/284\n|-heal|p1a: Comfey|100/100|[from] drain|[of] p2a: Manaphy\n|move|p2a: Manaphy|Hydro Pump|p1a: Comfey\n|-damage|p1a: Comfey|33/100\n|\n|-heal|p1a: Comfey|40/100|[from] item: Leftovers\n|-heal|p2a: Manaphy|100/284|[from] item: Leftovers\n|upkeep\n|turn|10\n|inactive|Time left: 300 sec this turn | 300 sec total\n|\n|t:|1783536110\n|-terastallize|p2a: Manaphy|Grass\n|move|p1a: Comfey|Giga Drain|p2a: Manaphy\n|-resisted|p2a: Manaphy\n|-damage|p2a: Manaphy|65/284\n|-heal|p1a: Comfey|48/100|[from] drain|[of] p2a: Manaphy\n|move|p2a: Manaphy|Hydro Pump|p1a: Comfey\n|-damage|p1a: Comfey|0 fnt\n|faint|p1a: Comfey\n|\n|-heal|p2a: Manaphy|82/284|[from] item: Leftovers\n|upkeep\n|\n|t:|1783536111\n|switch|p1a: Tauros|Tauros-Paldea-Combat, L82, M|100/100\n|-ability|p1a: Tauros|Intimidate|boost\n|-unboost|p2a: Manaphy|atk|1\n|turn|11\n|inactive|Time left: 300 sec this turn | 300 sec total\n|\n|t:|1783536112\n|move|p1a: Tauros|Close Combat|p2a: Manaphy\n|-damage|p2a: Manaphy|0 fnt\n|-unboost|p1a: Tauros|def|1\n|-unboost|p1a: Tauros|spd|1\n|faint|p2a: Manaphy\n|\n|upkeep\n|inactive|Time left: 300 sec this turn | 300 sec total | 5 sec grace\n|\n|t:|1783536112\n|switch|p2a: Pincurchin|Pincurchin, F|258/258\n|-fieldstart|move: Electric Terrain|[from] ability: Electric Surge|[of] p2a: Pincurchin\n|turn|12\n|inactive|Time left: 300 sec this turn | 300 sec total\n|\n|t:|1783536113\n|switch|p1a: Palossand|Palossand, L89, F|100/100\n|move|p2a: Pincurchin|Zing Zap|p1a: Palossand\n|-immune|p1a: Palossand\n|\n|upkeep\n|turn|13\n|inactive|Time left: 300 sec this turn | 300 sec total\n|\n|t:|1783536114\n|move|p1a: Palossand|Sludge Bomb|p2a: Pincurchin\n|-damage|p2a: Pincurchin|198/258\n|move|p2a: Pincurchin|Recover|p2a: Pincurchin\n|-heal|p2a: Pincurchin|258/258\n|\n|upkeep\n|turn|14\n|inactive|Time left: 300 sec this turn | 300 sec total\n|\n|t:|1783536115\n|move|p1a: Palossand|Earth Power|p2a: Pincurchin\n|-supereffective|p2a: Pincurchin\n|-damage|p2a: Pincurchin|52/258\n|move|p2a: Pincurchin|Recover|p2a: Pincurchin\n|-heal|p2a: Pincurchin|181/258\n|\n|-heal|p2a: Pincurchin|197/258|[from] item: Leftovers\n|upkeep\n|turn|15\n|inactive|Time left: 300 sec this turn | 300 sec total\n|\n|t:|1783536116\n|switch|p2a: Tauros|Tauros-Paldea-Combat, L82, M|257/257\n|-ability|p2a: Tauros|Intimidate|boost\n|-unboost|p1a: Palossand|atk|1\n|move|p1a: Palossand|Earth Power|p2a: Tauros\n|-damage|p2a: Tauros|136/257\n|\n|upkeep\n|turn|16\n|inactive|Time left: 300 sec this turn | 300 sec total\n|\n|t:|1783536117\n|move|p2a: Tauros|Throat Chop|p1a: Palossand\n|-supereffective|p1a: Palossand\n|-damage|p1a: Palossand|56/100\n|-start|p1a: Palossand|Throat Chop|[silent]\n|move|p1a: Palossand|Earth Power|p2a: Tauros\n|-damage|p2a: Tauros|13/257\n|-unboost|p2a: Tauros|spd|1\n|\n|-heal|p1a: Palossand|62/100|[from] item: Leftovers\n|-fieldend|move: Electric Terrain\n|upkeep\n|turn|17\n|inactive|Time left: 300 sec this turn | 300 sec total\n|\n|t:|1783536118\n|move|p2a: Tauros|Throat Chop|p1a: Palossand\n|-supereffective|p1a: Palossand\n|-damage|p1a: Palossand|17/100\n|move|p1a: Palossand|Shore Up|p1a: Palossand\n|-heal|p1a: Palossand|67/100\n|\n|-heal|p1a: Palossand|73/100|[from] item: Leftovers\n|-end|p1a: Palossand|Throat Chop|[silent]\n|upkeep\n|turn|18\n|inactive|Time left: 300 sec this turn | 300 sec total\n|\n|t:|1783536118\n|move|p2a: Tauros|Throat Chop|p1a: Palossand\n|-supereffective|p1a: Palossand\n|-damage|p1a: Palossand|28/100\n|-start|p1a: Palossand|Throat Chop|[silent]\n|move|p1a: Palossand|Shore Up|p1a: Palossand\n|-heal|p1a: Palossand|78/100\n|\n|-heal|p1a: Palossand|84/100|[from] item: Leftovers\n|upkeep\n|turn|19\n|inactive|Time left: 300 sec this turn | 300 sec total\n|\n|t:|1783536119\n|move|p2a: Tauros|Throat Chop|p1a: Palossand\n|-supereffective|p1a: Palossand\n|-damage|p1a: Palossand|37/100\n|move|p1a: Palossand|Earth Power|p2a: Tauros\n|-damage|p2a: Tauros|0 fnt\n|faint|p2a: Tauros\n|\n|-heal|p1a: Palossand|43/100|[from] item: Leftovers\n|-end|p1a: Palossand|Throat Chop|[silent]\n|upkeep\n|inactive|Time left: 300 sec this turn | 300 sec total | 5 sec grace\n|\n|t:|1783536120\n|switch|p2a: Tinkaton|Tinkaton, L82, F|274/274\n|-ability|p2a: Tinkaton|Mold Breaker\n|turn|20\n|inactive|Time left: 300 sec this turn | 300 sec total\n|\n|t:|1783536121\n|move|p2a: Tinkaton|Knock Off|p1a: Palossand\n|-supereffective|p1a: Palossand\n|-damage|p1a: Palossand|13/100\n|-enditem|p1a: Palossand|Leftovers|[from] move: Knock Off|[of] p2a: Tinkaton\n|move|p1a: Palossand|Earth Power|p2a: Tinkaton\n|-supereffective|p2a: Tinkaton\n|-damage|p2a: Tinkaton|70/274\n|\n|-heal|p2a: Tinkaton|87/274|[from] item: Leftovers\n|upkeep\n|turn|21\n|inactive|Time left: 300 sec this turn | 300 sec total\n|\n|t:|1783536122\n|switch|p1a: Tauros|Tauros-Paldea-Combat, L82, M|100/100\n|-ability|p1a: Tauros|Intimidate|boost\n|-unboost|p2a: Tinkaton|atk|1\n|move|p2a: Tinkaton|Play Rough|p1a: Tauros\n|-supereffective|p1a: Tauros\n|-damage|p1a: Tauros|67/100\n|\n|-heal|p2a: Tinkaton|104/274|[from] item: Leftovers\n|upkeep\n|turn|22\n|inactive|Time left: 300 sec this turn | 300 sec total\n|\n|t:|1783536123\n|move|p1a: Tauros|Close Combat|p2a: Tinkaton\n|-damage|p2a: Tinkaton|0 fnt\n|-unboost|p1a: Tauros|def|1\n|-unboost|p1a: Tauros|spd|1\n|faint|p2a: Tinkaton\n|\n|upkeep\n|inactive|Time left: 300 sec this turn | 300 sec total | 5 sec grace\n|\n|t:|1783536124\n|switch|p2a: Ampharos|Ampharos, L88, M|302/302\n|turn|23\n|inactive|Time left: 300 sec this turn | 300 sec total\n|\n|t:|1783536125\n|move|p1a: Tauros|Close Combat|p2a: Ampharos\n|-damage|p2a: Ampharos|104/302\n|-unboost|p1a: Tauros|def|1\n|-unboost|p1a: Tauros|spd|1\n|-status|p1a: Tauros|par|[from] ability: Static|[of] p2a: Ampharos\n|move|p2a: Ampharos|Dazzling Gleam|p1a: Tauros\n|-supereffective|p1a: Tauros\n|-damage|p1a: Tauros|0 fnt\n|faint|p1a: Tauros\n|\n|upkeep\n|\n|t:|1783536126\n|switch|p1a: Skuntank|Skuntank, L84, M|100/100\n|turn|24\n|inactive|Time left: 300 sec this turn | 300 sec total\n|\n|t:|1783536127\n|move|p1a: Skuntank|Gunk Shot|p2a: Ampharos|[miss]\n|-miss|p1a: Skuntank|p2a: Ampharos\n|move|p2a: Ampharos|Volt Switch|p1a: Skuntank\n|-damage|p1a: Skuntank|59/100\n|inactive|Time left: 300 sec this turn | 300 sec total | 5 sec grace\n|\n|t:|1783536128\n|switch|p2a: Pincurchin|Pincurchin, F|197/258|[from] Volt Switch\n|-fieldstart|move: Electric Terrain|[from] ability: Electric Surge|[of] p2a: Pincurchin\n|\n|-heal|p1a: Skuntank|65/100|[from] item: Leftovers\n|-heal|p2a: Pincurchin|213/258|[from] item: Leftovers\n|upkeep\n|turn|25\n|inactive|Time left: 300 sec this turn | 300 sec total\n|\n|t:|1783536129\n|move|p1a: Skuntank|Knock Off|p2a: Pincurchin\n|-damage|p2a: Pincurchin|140/258\n|-enditem|p2a: Pincurchin|Leftovers|[from] move: Knock Off|[of] p1a: Skuntank\n|move|p2a: Pincurchin|Recover|p2a: Pincurchin\n|-heal|p2a: Pincurchin|258/258\n|\n|-heal|p1a: Skuntank|71/100|[from] item: Leftovers\n|upkeep\n|turn|26\n|inactive|Time left: 300 sec this turn | 300 sec total\n|\n|t:|1783536130\n|move|p1a: Skuntank|Gunk Shot|p2a: Pincurchin\n|-damage|p2a: Pincurchin|159/258\n|-status|p2a: Pincurchin|psn\n|move|p2a: Pincurchin|Liquidation|p1a: Skuntank\n|-damage|p1a: Skuntank|36/100\n|\n|-heal|p1a: Skuntank|42/100|[from] item: Leftovers\n|-damage|p2a: Pincurchin|127/258 psn|[from] psn\n|upkeep\n|turn|27\n|inactive|Time left: 300 sec this turn | 300 sec total\n|\n|t:|1783536131\n|switch|p1a: Palossand|Palossand, L89, F|13/100\n|move|p2a: Pincurchin|Zing Zap|p1a: Palossand\n|-immune|p1a: Palossand\n|\n|-damage|p2a: Pincurchin|95/258 psn|[from] psn\n|upkeep\n|turn|28\n|inactive|Time left: 300 sec this turn | 300 sec total\n|\n|t:|1783536132\n|move|p1a: Palossand|Shore Up|p1a: Palossand\n|-heal|p1a: Palossand|63/100\n|move|p2a: Pincurchin|Liquidation|p1a: Palossand\n|-supereffective|p1a: Palossand\n|-damage|p1a: Palossand|16/100\n|-ability|p1a: Palossand|Water Compaction|boost\n|-boost|p1a: Palossand|def|2\n|\n|-damage|p2a: Pincurchin|63/258 psn|[from] psn\n|-fieldend|move: Electric Terrain\n|upkeep\n|turn|29\n|inactive|Time left: 300 sec this turn | 300 sec total\n|\n|t:|1783536133\n|move|p1a: Palossand|Shore Up|p1a: Palossand\n|-heal|p1a: Palossand|66/100\n|move|p2a: Pincurchin|Liquidation|p1a: Palossand\n|-supereffective|p1a: Palossand\n|-damage|p1a: Palossand|42/100\n|-ability|p1a: Palossand|Water Compaction|boost\n|-boost|p1a: Palossand|def|2\n|\n|-damage|p2a: Pincurchin|31/258 psn|[from] psn\n|upkeep\n|turn|30\n|inactive|Time left: 300 sec this turn | 300 sec total\n|\n|t:|1783536134\n|move|p1a: Palossand|Earth Power|p2a: Pincurchin\n|-supereffective|p2a: Pincurchin\n|-damage|p2a: Pincurchin|0 fnt\n|faint|p2a: Pincurchin\n|\n|upkeep\n|inactive|Time left: 300 sec this turn | 300 sec total | 5 sec grace\n|\n|t:|1783536134\n|switch|p2a: Ampharos|Ampharos, L88, M|104/302\n|turn|31\n|inactive|Time left: 300 sec this turn | 300 sec total\n|\n|t:|1783536135\n|move|p2a: Ampharos|Dazzling Gleam|p1a: Palossand\n|-damage|p1a: Palossand|17/100\n|move|p1a: Palossand|Earth Power|p2a: Ampharos\n|-supereffective|p2a: Ampharos\n|-damage|p2a: Ampharos|0 fnt\n|faint|p2a: Ampharos\n|\n|win|p0x20212a2", "uploadtime": 1783536135, "views": 0, "rating": 0, "private": 0, "password": null, "_winner": "p0x20212a2", "_our_name": "p0y202370e"}