{"id": "battle-gen9randombattle-1311", "formatid": "gen9randombattle", "format": "[Gen 9] Random Battle", "players": ["p0x1311dbcd", "p0y13116942"], "log": "|init|battle\n|title|p0x1311dbcd vs. p0y13116942\n|j|\u2606p0x1311dbcd\n|j|\u2606p0y13116942\n|t:|1783555216\n|gametype|singles\n|player|p1|p0x1311dbcd|102|\n|player|p2|p0y13116942|170|\n|gen|9\n|tier|[Gen 9] Random Battle\n|rule|Species Clause: Limit one of each Pok\u00e9mon\n|rule|HP Percentage Mod: HP is shown in percentages\n|rule|Sleep Clause Mod: Limit one foe put to sleep\n|rule|Illusion Level Mod: Illusion disguises the Pok\u00e9mon's true level\n|\n|t:|1783555216\n|teamsize|p1|6\n|teamsize|p2|6\n|start\n|switch|p1a: Weezing|Weezing, L88, M|100/100\n|switch|p2a: Politoed|Politoed, L88, F|302/302\n|-weather|RainDance|[from] ability: Drizzle|[of] p2a: Politoed\n|turn|1\n|inactive|Battle timer is ON: inactive players will automatically lose when time's up. (requested by p0y13116942)\n|inactive|p0x1311dbcd also wants the timer to be on.\n|\n|t:|1783555217\n|switch|p1a: Trevenant|Trevenant, L89, M|100/100\n|move|p2a: Politoed|Weather Ball|p1a: Trevenant\n|-resisted|p1a: Trevenant\n|-damage|p1a: Trevenant|62/100\n|\n|-weather|RainDance|[upkeep]\n|upkeep\n|turn|2\n|inactive|Time left: 300 sec this turn | 300 sec total\n|\n|t:|1783555219\n|move|p2a: Politoed|Weather Ball|p1a: Trevenant\n|-resisted|p1a: Trevenant\n|-damage|p1a: Trevenant|20/100\n|-enditem|p1a: Trevenant|Sitrus Berry|[eat]\n|-heal|p1a: Trevenant|45/100|[from] item: Sitrus Berry\n|move|p1a: Trevenant|Poltergeist|p2a: Politoed\n|-activate|p2a: Politoed|move: Poltergeist|Choice Specs\n|-damage|p2a: Politoed|158/302\n|\n|-weather|RainDance|[upkeep]\n|-item|p1a: Trevenant|Sitrus Berry|[from] ability: Harvest\n|upkeep\n|-enditem|p1a: Trevenant|Sitrus Berry|[eat]\n|-heal|p1a: Trevenant|70/100|[from] item: Sitrus Berry\n|turn|3\n|inactive|Time left: 300 sec this turn | 300 sec total\n|\n|t:|1783555220\n|move|p2a: Politoed|Weather Ball|p1a: Trevenant\n|-resisted|p1a: Trevenant\n|-damage|p1a: Trevenant|25/100\n|move|p1a: Trevenant|Poltergeist|p2a: Politoed\n|-activate|p2a: Politoed|move: Poltergeist|Choice Specs\n|-damage|p2a: Politoed|1/302\n|\n|-weather|RainDance|[upkeep]\n|upkeep\n|turn|4\n|inactive|Time left: 300 sec this turn | 300 sec total\n|\n|t:|1783555221\n|move|p1a: Trevenant|Protect|p1a: Trevenant\n|-singleturn|p1a: Trevenant|Protect\n|move|p2a: Politoed|Weather Ball|p1a: Trevenant\n|-activate|p1a: Trevenant|move: Protect\n|\n|-weather|RainDance|[upkeep]\n|upkeep\n|turn|5\n|inactive|Time left: 300 sec this turn | 300 sec total\n|\n|t:|1783555222\n|move|p2a: Politoed|Weather Ball|p1a: Trevenant\n|-resisted|p1a: Trevenant\n|-damage|p1a: Trevenant|0 fnt\n|faint|p1a: Trevenant\n|\n|-weather|none\n|upkeep\n|\n|t:|1783555223\n|switch|p1a: Drednaw|Drednaw, L81, F|100/100\n|turn|6\n|inactive|Time left: 300 sec this turn | 300 sec total\n|\n|t:|1783555224\n|switch|p2a: Meowscarada|Meowscarada, L78, M|247/247\n|move|p1a: Drednaw|Shell Smash|p1a: Drednaw\n|-unboost|p1a: Drednaw|def|1\n|-unboost|p1a: Drednaw|spd|1\n|-boost|p1a: Drednaw|atk|2\n|-boost|p1a: Drednaw|spa|2\n|-boost|p1a: Drednaw|spe|2\n|-enditem|p1a: Drednaw|White Herb\n|-clearnegativeboost|p1a: Drednaw|[silent]\n|\n|upkeep\n|turn|7\n|inactive|Time left: 300 sec this turn | 300 sec total\n|\n|t:|1783555225\n|move|p1a: Drednaw|Stone Edge|p2a: Meowscarada\n|-damage|p2a: Meowscarada|0 fnt\n|faint|p2a: Meowscarada\n|\n|upkeep\n|inactive|Time left: 300 sec this turn | 300 sec total | 5 sec grace\n|\n|t:|1783555226\n|switch|p2a: Iron Treads|Iron Treads, L77|265/265\n|turn|8\n|inactive|Time left: 300 sec this turn | 300 sec total\n|\n|t:|1783555228\n|-terastallize|p2a: Iron Treads|Water\n|move|p1a: Drednaw|Liquidation|p2a: Iron Treads\n|-resisted|p2a: Iron Treads\n|-damage|p2a: Iron Treads|182/265\n|move|p2a: Iron Treads|Earthquake|p1a: Drednaw\n|-supereffective|p1a: Drednaw\n|-damage|p1a: Drednaw|31/100\n|\n|-heal|p2a: Iron Treads|198/265|[from] item: Leftovers\n|upkeep\n|turn|9\n|inactive|Time left: 300 sec this turn | 300 sec total\n|\n|t:|1783555229\n|-terastallize|p1a: Drednaw|Dark\n|move|p1a: Drednaw|Crunch|p2a: Iron Treads\n|-damage|p2a: Iron Treads|0 fnt\n|faint|p2a: Iron Treads\n|-end|p2a: Iron Treads|Quark Drive|[silent]\n|\n|upkeep\n|inactive|Time left: 300 sec this turn | 300 sec total | 5 sec grace\n|\n|t:|1783555230\n|switch|p2a: Muk|Muk-Alola, L82, M|306/306\n|turn|10\n|inactive|Time left: 300 sec this turn | 300 sec total\n|\n|t:|1783555231\n|move|p1a: Drednaw|Stone Edge|p2a: Muk\n|-damage|p2a: Muk|33/306\n|move|p2a: Muk|Drain Punch|p1a: Drednaw\n|-supereffective|p1a: Drednaw\n|-damage|p1a: Drednaw|0 fnt\n|-heal|p2a: Muk|75/306|[from] drain|[of] p1a: Drednaw\n|faint|p1a: Drednaw\n|\n|upkeep\n|\n|t:|1783555232\n|switch|p1a: Weezing|Weezing, L88, M|100/100\n|turn|11\n|inactive|Time left: 300 sec this turn | 300 sec total\n|\n|t:|1783555233\n|move|p1a: Weezing|Gunk Shot|p2a: Muk\n|-resisted|p2a: Muk\n|-damage|p2a: Muk|0 fnt\n|faint|p2a: Muk\n|\n|upkeep\n|inactive|Time left: 300 sec this turn | 300 sec total | 5 sec grace\n|\n|t:|1783555233\n|switch|p2a: Politoed|Politoed, L88, F|1/302\n|-weather|RainDance|[from] ability: Drizzle|[of] p2a: Politoed\n|turn|12\n|inactive|Time left: 300 sec this turn | 300 sec total\n|\n|t:|1783555234\n|switch|p1a: Girafarig|Girafarig, L89, F|100/100\n|move|p2a: Politoed|Weather Ball|p1a: Girafarig\n|-damage|p1a: Girafarig|28/100\n|\n|-weather|RainDance|[upkeep]\n|upkeep\n|turn|13\n|inactive|Time left: 300 sec this turn | 300 sec total\n|\n|t:|1783555235\n|move|p1a: Girafarig|Thunderbolt|p2a: Politoed\n|-supereffective|p2a: Politoed\n|-damage|p2a: Politoed|0 fnt\n|faint|p2a: Politoed\n|\n|-weather|RainDance|[upkeep]\n|upkeep\n|inactive|Time left: 300 sec this turn | 300 sec total | 5 sec grace\n|\n|t:|1783555236\n|switch|p2a: Wugtrio|Wugtrio, L91, M|212/212\n|turn|14\n|inactive|Time left: 300 sec this turn | 300 sec total\n|\n|t:|1783555237\n|switch|p1a: Regigigas|Regigigas, L84|100/100\n|-start|p1a: Regigigas|ability: Slow Start\n|move|p2a: Wugtrio|Liquidation|p1a: Regigigas\n|-damage|p1a: Regigigas|36/100\n|-unboost|p1a: Regigigas|def|1\n|\n|-weather|RainDance|[upkeep]\n|-heal|p1a: Regigigas|42/100|[from] item: Leftovers\n|upkeep\n|turn|15\n|inactive|Time left: 300 sec this turn | 300 sec total\n|\n|t:|1783555237\n|switch|p1a: Girafarig|Girafarig, L89, F|28/100\n|move|p2a: Wugtrio|Liquidation|p1a: Girafarig\n|-damage|p1a: Girafarig|0 fnt\n|faint|p1a: Girafarig\n|\n|-weather|RainDance|[upkeep]\n|upkeep\n|\n|t:|1783555238\n|switch|p1a: Weezing|Weezing, L88, M|100/100\n|turn|16\n|inactive|Time left: 300 sec this turn | 300 sec total\n|\n|t:|1783555239\n|move|p2a: Wugtrio|Liquidation|p1a: Weezing\n|-damage|p1a: Weezing|34/100\n|move|p1a: Weezing|Pain Split|p2a: Wugtrio\n|-sethp|p2a: Wugtrio|149/212|[from] move: Pain Split|[silent]\n|-sethp|p1a: Weezing|58/100|[from] move: Pain Split\n|\n|-weather|none\n|-heal|p1a: Weezing|64/100|[from] item: Leftovers\n|upkeep\n|turn|17\n|inactive|Time left: 300 sec this turn | 300 sec total\n|\n|t:|1783555240\n|move|p2a: Wugtrio|Liquidation|p1a: Weezing\n|-damage|p1a: Weezing|21/100\n|move|p1a: Weezing|Gunk Shot|p2a: Wugtrio\n|-damage|p2a: Wugtrio|0 fnt\n|faint|p2a: Wugtrio\n|\n|-heal|p1a: Weezing|28/100|[from] item: Leftovers\n|upkeep\n|inactive|Time left: 300 sec this turn | 300 sec total | 5 sec grace\n|\n|t:|1783555241\n|switch|p2a: Minun|Minun, L95, M|268/268\n|turn|18\n|inactive|Time left: 300 sec this turn | 300 sec total\n|\n|t:|1783555242\n|move|p2a: Minun|Thunderbolt|p1a: Weezing\n|-damage|p1a: Weezing|0 fnt\n|faint|p1a: Weezing\n|-damage|p2a: Minun|242/268|[from] item: Life Orb\n|\n|upkeep\n|\n|t:|1783555243\n|switch|p1a: Espeon|Espeon, L84, F|100/100\n|turn|19\n|inactive|Time left: 300 sec this turn | 300 sec total\n|\n|t:|1783555243\n|move|p2a: Minun|Nasty Plot|p2a: Minun\n|-boost|p2a: Minun|spa|2\n|move|p1a: Espeon|Calm Mind|p1a: Espeon\n|-boost|p1a: Espeon|spa|1\n|-boost|p1a: Espeon|spd|1\n|\n|upkeep\n|turn|20\n|inactive|Time left: 300 sec this turn | 300 sec total\n|\n|t:|1783555244\n|move|p2a: Minun|Thunderbolt|p1a: Espeon\n|-damage|p1a: Espeon|35/100\n|-damage|p2a: Minun|216/268|[from] item: Life Orb\n|move|p1a: Espeon|Calm Mind|p1a: Espeon\n|-boost|p1a: Espeon|spa|1\n|-boost|p1a: Espeon|spd|1\n|\n|upkeep\n|turn|21\n|inactive|Time left: 300 sec this turn | 300 sec total\n|\n|t:|1783555245\n|move|p2a: Minun|Thunderbolt|p1a: Espeon\n|-damage|p1a: Espeon|0 fnt\n|faint|p1a: Espeon\n|-damage|p2a: Minun|190/268|[from] item: Life Orb\n|\n|upkeep\n|\n|t:|1783555246\n|switch|p1a: Regigigas|Regigigas, L84|42/100\n|-start|p1a: Regigigas|ability: Slow Start\n|turn|22\n|inactive|Time left: 300 sec this turn | 300 sec total\n|\n|t:|1783555247\n|move|p2a: Minun|Thunderbolt|p1a: Regigigas\n|-damage|p1a: Regigigas|0 fnt\n|faint|p1a: Regigigas\n|-end|p1a: Regigigas|Slow Start|[silent]\n|-damage|p2a: Minun|164/268|[from] item: Life Orb\n|\n|win|p0y13116942", "uploadtime": 1783555247, "views": 0, "rating": 0, "private": 0, "password": null, "_winner": "p0y13116942", "_our_name": "p0y13116942"}