{"id": "battle-gen9randombattle-337", "formatid": "gen9randombattle", "format": "[Gen 9] Random Battle", "players": ["p0x337da3b", "p0y3374218"], "log": "|init|battle\n|title|p0x337da3b vs. p0y3374218\n|j|\u2606p0x337da3b\n|j|\u2606p0y3374218\n|t:|1783543547\n|gametype|singles\n|player|p1|p0x337da3b|102|\n|player|p2|p0y3374218|170|\n|gen|9\n|tier|[Gen 9] Random Battle\n|rule|Species Clause: Limit one of each Pok\u00e9mon\n|rule|HP Percentage Mod: HP is shown in percentages\n|rule|Sleep Clause Mod: Limit one foe put to sleep\n|rule|Illusion Level Mod: Illusion disguises the Pok\u00e9mon's true level\n|\n|t:|1783543547\n|teamsize|p1|6\n|teamsize|p2|6\n|start\n|switch|p1a: Iron Thorns|Iron Thorns, L83|302/302\n|switch|p2a: Solgaleo|Solgaleo, L74|100/100\n|-item|p1a: Iron Thorns|Air Balloon\n|turn|1\n|inactive|Battle timer is ON: inactive players will automatically lose when time's up. (requested by p0y3374218)\n|inactive|Time left: 300 sec this turn | 300 sec total | 60 sec grace\n|inactive|p0x337da3b also wants the timer to be on.\n|\n|t:|1783543549\n|move|p2a: Solgaleo|Flame Charge|p1a: Iron Thorns\n|-resisted|p1a: Iron Thorns\n|-damage|p1a: Iron Thorns|285/302\n|-boost|p2a: Solgaleo|spe|1\n|-enditem|p1a: Iron Thorns|Air Balloon\n|move|p1a: Iron Thorns|Spikes|p2a: Solgaleo\n|-sidestart|p2: p0y3374218|Spikes\n|\n|upkeep\n|turn|2\n|inactive|Time left: 300 sec this turn | 300 sec total\n|\n|t:|1783543550\n|move|p2a: Solgaleo|Earthquake|p1a: Iron Thorns\n|-supereffective|p1a: Iron Thorns\n|-damage|p1a: Iron Thorns|21/302\n|move|p1a: Iron Thorns|Earthquake|p2a: Solgaleo\n|-supereffective|p2a: Solgaleo\n|-damage|p2a: Solgaleo|48/100\n|-enditem|p2a: Solgaleo|Weakness Policy\n|-boost|p2a: Solgaleo|atk|2|[from] item: Weakness Policy\n|-boost|p2a: Solgaleo|spa|2|[from] item: Weakness Policy\n|\n|upkeep\n|turn|3\n|inactive|Time left: 300 sec this turn | 300 sec total\n|\n|t:|1783543551\n|move|p2a: Solgaleo|Sunsteel Strike|p1a: Iron Thorns\n|-damage|p1a: Iron Thorns|0 fnt\n|faint|p1a: Iron Thorns\n|-end|p1a: Iron Thorns|Quark Drive|[silent]\n|\n|upkeep\n|inactive|Time left: 300 sec this turn | 300 sec total | 5 sec grace\n|\n|t:|1783543552\n|switch|p1a: Vigoroth|Vigoroth, L85, M|275/275\n|turn|4\n|inactive|Time left: 300 sec this turn | 300 sec total\n|\n|t:|1783543554\n|-terastallize|p1a: Vigoroth|Ground\n|move|p2a: Solgaleo|Sunsteel Strike|p1a: Vigoroth\n|-damage|p1a: Vigoroth|131/275\n|move|p1a: Vigoroth|Earthquake|p2a: Solgaleo\n|-supereffective|p2a: Solgaleo\n|-damage|p2a: Solgaleo|0 fnt\n|faint|p2a: Solgaleo\n|\n|upkeep\n|\n|t:|1783543555\n|switch|p2a: Minior|Minior-Blue, L79|100/100\n|-formechange|p2a: Minior|Minior-Meteor||[from] ability: Shields Down\n|turn|5\n|inactive|Time left: 300 sec this turn | 300 sec total\n|\n|t:|1783543556\n|move|p1a: Vigoroth|Slack Off|p1a: Vigoroth\n|-heal|p1a: Vigoroth|269/275\n|move|p2a: Minior|Shell Smash|p2a: Minior\n|-unboost|p2a: Minior|def|1\n|-unboost|p2a: Minior|spd|1\n|-boost|p2a: Minior|atk|2\n|-boost|p2a: Minior|spa|2\n|-boost|p2a: Minior|spe|2\n|-enditem|p2a: Minior|White Herb\n|-clearnegativeboost|p2a: Minior|[silent]\n|\n|upkeep\n|turn|6\n|inactive|Time left: 300 sec this turn | 300 sec total\n|\n|t:|1783543557\n|move|p2a: Minior|Shell Smash|p2a: Minior\n|-unboost|p2a: Minior|def|1\n|-unboost|p2a: Minior|spd|1\n|-boost|p2a: Minior|atk|2\n|-boost|p2a: Minior|spa|2\n|-boost|p2a: Minior|spe|2\n|move|p1a: Vigoroth|Bulk Up|p1a: Vigoroth\n|-boost|p1a: Vigoroth|atk|1\n|-boost|p1a: Vigoroth|def|1\n|\n|upkeep\n|turn|7\n|inactive|Time left: 300 sec this turn | 300 sec total\n|\n|t:|1783543558\n|move|p2a: Minior|Acrobatics|p1a: Vigoroth\n|-damage|p1a: Vigoroth|163/275\n|move|p1a: Vigoroth|Bulk Up|p1a: Vigoroth\n|-boost|p1a: Vigoroth|atk|1\n|-boost|p1a: Vigoroth|def|1\n|\n|upkeep\n|turn|8\n|inactive|Time left: 300 sec this turn | 300 sec total\n|\n|t:|1783543559\n|move|p2a: Minior|Acrobatics|p1a: Vigoroth\n|-crit|p1a: Vigoroth\n|-damage|p1a: Vigoroth|0 fnt\n|faint|p1a: Vigoroth\n|\n|upkeep\n|inactive|Time left: 300 sec this turn | 300 sec total | 5 sec grace\n|\n|t:|1783543560\n|switch|p1a: Primarina|Primarina, L83, F|268/268\n|turn|9\n|inactive|Time left: 300 sec this turn | 300 sec total\n|\n|t:|1783543561\n|-terastallize|p2a: Minior|Flying\n|move|p2a: Minior|Acrobatics|p1a: Primarina\n|-damage|p1a: Primarina|0 fnt\n|faint|p1a: Primarina\n|\n|upkeep\n|inactive|Time left: 300 sec this turn | 300 sec total | 5 sec grace\n|\n|t:|1783543562\n|switch|p1a: Grimmsnarl|Grimmsnarl, L83, M|293/293\n|turn|10\n|inactive|Time left: 300 sec this turn | 300 sec total\n|\n|t:|1783543563\n|move|p1a: Grimmsnarl|Reflect|p1a: Grimmsnarl\n|-sidestart|p1: p0x337da3b|Reflect\n|move|p2a: Minior|Acrobatics|p1a: Grimmsnarl\n|-crit|p1a: Grimmsnarl\n|-damage|p1a: Grimmsnarl|0 fnt\n|faint|p1a: Grimmsnarl\n|\n|upkeep\n|inactive|Time left: 300 sec this turn | 300 sec total | 5 sec grace\n|\n|t:|1783543564\n|switch|p1a: Banette|Banette, L93, F|270/270\n|turn|11\n|inactive|Time left: 300 sec this turn | 300 sec total\n|\n|t:|1783543565\n|move|p2a: Minior|Acrobatics|p1a: Banette\n|-damage|p1a: Banette|99/270\n|move|p1a: Banette|Gunk Shot|p2a: Minior\n|-damage|p2a: Minior|0 fnt\n|faint|p2a: Minior\n|-damage|p1a: Banette|72/270|[from] item: Life Orb\n|\n|upkeep\n|\n|t:|1783543566\n|switch|p2a: Magcargo|Magcargo, L95, M|100/100\n|turn|12\n|inactive|Time left: 300 sec this turn | 300 sec total\n|\n|t:|1783543568\n|move|p1a: Banette|Poltergeist|p2a: Magcargo\n|-activate|p2a: Magcargo|move: Poltergeist|Heavy-Duty Boots\n|-damage|p2a: Magcargo|45/100\n|-ability|p2a: Magcargo|Weak Armor|boost\n|-unboost|p2a: Magcargo|def|1\n|-boost|p2a: Magcargo|spe|2\n|-damage|p1a: Banette|45/270|[from] item: Life Orb\n|move|p2a: Magcargo|Power Gem|p1a: Banette\n|-damage|p1a: Banette|0 fnt\n|faint|p1a: Banette\n|\n|upkeep\n|inactive|Time left: 300 sec this turn | 300 sec total | 5 sec grace\n|\n|t:|1783543569\n|switch|p1a: Tauros|Tauros, L82, M|257/257\n|turn|13\n|inactive|Time left: 300 sec this turn | 300 sec total\n|\n|t:|1783543570\n|move|p1a: Tauros|Close Combat|p2a: Magcargo\n|-supereffective|p2a: Magcargo\n|-damage|p2a: Magcargo|0 fnt\n|-unboost|p1a: Tauros|def|1\n|-unboost|p1a: Tauros|spd|1\n|faint|p2a: Magcargo\n|-damage|p1a: Tauros|232/257|[from] item: Life Orb\n|\n|upkeep\n|\n|t:|1783543571\n|switch|p2a: Ursaluna|Ursaluna-Bloodmoon, L79, M|100/100\n|-damage|p2a: Ursaluna|88/100|[from] Spikes\n|turn|14\n|inactive|Time left: 300 sec this turn | 300 sec total\n|\n|t:|1783543572\n|move|p1a: Tauros|Throat Chop|p2a: Ursaluna\n|-damage|p2a: Ursaluna|63/100\n|move|p2a: Ursaluna|Blood Moon|p1a: Tauros\n|-damage|p1a: Tauros|0 fnt\n|faint|p1a: Tauros\n|\n|win|p0y3374218", "uploadtime": 1783543572, "views": 0, "rating": 0, "private": 0, "password": null, "_winner": "p0y3374218", "_our_name": "p0x337da3b"}