{"id": "battle-gen9randombattle-258", "formatid": "gen9randombattle", "format": "[Gen 9] Random Battle", "players": ["p0x258225f", "p0y258db5b"], "log": "|init|battle\n|title|p0x258225f vs. p0y258db5b\n|j|\u2606p0x258225f\n|j|\u2606p0y258db5b\n|t:|1783542077\n|gametype|singles\n|player|p1|p0x258225f|2|\n|player|p2|p0y258db5b|101|\n|gen|9\n|tier|[Gen 9] Random Battle\n|rule|Species Clause: Limit one of each Pok\u00e9mon\n|rule|HP Percentage Mod: HP is shown in percentages\n|rule|Sleep Clause Mod: Limit one foe put to sleep\n|rule|Illusion Level Mod: Illusion disguises the Pok\u00e9mon's true level\n|\n|t:|1783542077\n|teamsize|p1|6\n|teamsize|p2|6\n|start\n|switch|p1a: Krookodile|Krookodile, L79, M|280/280\n|switch|p2a: Empoleon|Empoleon, L84, F|100/100\n|-ability|p1a: Krookodile|Intimidate|boost\n|-unboost|p2a: Empoleon|atk|1\n|-ability|p2a: Empoleon|Competitive|boost\n|-boost|p2a: Empoleon|spa|2\n|turn|1\n|inactive|Battle timer is ON: inactive players will automatically lose when time's up. (requested by p0x258225f)\n|inactive|p0y258db5b also wants the timer to be on.\n|\n|t:|1783542079\n|move|p1a: Krookodile|Earthquake|p2a: Empoleon\n|-supereffective|p2a: Empoleon\n|-damage|p2a: Empoleon|27/100\n|move|p2a: Empoleon|Surf|p1a: Krookodile\n|-supereffective|p1a: Krookodile\n|-damage|p1a: Krookodile|0 fnt\n|faint|p1a: Krookodile\n|\n|-heal|p2a: Empoleon|33/100|[from] item: Leftovers\n|upkeep\n|inactive|Time left: 300 sec this turn | 300 sec total | 65 sec grace\n|\n|t:|1783542080\n|switch|p1a: Zacian|Zacian, L69|241/241\n|-ability|p1a: Zacian|Intrepid Sword|boost\n|-boost|p1a: Zacian|atk|1\n|turn|2\n|inactive|Time left: 300 sec this turn | 300 sec total\n|\n|t:|1783542081\n|move|p1a: Zacian|Wild Charge|p2a: Empoleon\n|-supereffective|p2a: Empoleon\n|-damage|p2a: Empoleon|0 fnt\n|faint|p2a: Empoleon\n|-damage|p1a: Zacian|218/241|[from] Recoil\n|-damage|p1a: Zacian|194/241|[from] item: Life Orb\n|\n|upkeep\n|\n|t:|1783542082\n|switch|p2a: Groudon|Groudon, L72|100/100\n|-weather|SunnyDay|[from] ability: Drought|[of] p2a: Groudon\n|turn|3\n|inactive|Time left: 300 sec this turn | 300 sec total\n|\n|t:|1783542084\n|move|p1a: Zacian|Swords Dance|p1a: Zacian\n|-boost|p1a: Zacian|atk|2\n|move|p2a: Groudon|Precipice Blades|p1a: Zacian\n|-damage|p1a: Zacian|73/241\n|\n|-weather|SunnyDay|[upkeep]\n|upkeep\n|turn|4\n|inactive|Time left: 300 sec this turn | 300 sec total\n|\n|t:|1783542085\n|-terastallize|p1a: Zacian|Fighting\n|move|p1a: Zacian|Close Combat|p2a: Groudon\n|-damage|p2a: Groudon|8/100\n|-unboost|p1a: Zacian|def|1\n|-unboost|p1a: Zacian|spd|1\n|-damage|p1a: Zacian|49/241|[from] item: Life Orb\n|move|p2a: Groudon|Heat Crash|p1a: Zacian\n|-damage|p1a: Zacian|0 fnt\n|faint|p1a: Zacian\n|\n|-weather|SunnyDay|[upkeep]\n|-heal|p2a: Groudon|14/100|[from] item: Leftovers\n|upkeep\n|inactive|Time left: 300 sec this turn | 300 sec total | 5 sec grace\n|\n|t:|1783542086\n|switch|p1a: Arbok|Arbok, L87, F|246/246\n|-ability|p1a: Arbok|Intimidate|boost\n|-unboost|p2a: Groudon|atk|1\n|turn|5\n|inactive|Time left: 300 sec this turn | 300 sec total\n|\n|t:|1783542087\n|move|p1a: Arbok|Coil|p1a: Arbok\n|-boost|p1a: Arbok|atk|1\n|-boost|p1a: Arbok|def|1\n|-boost|p1a: Arbok|accuracy|1\n|move|p2a: Groudon|Will-O-Wisp|p1a: Arbok\n|-status|p1a: Arbok|brn\n|\n|-weather|SunnyDay|[upkeep]\n|-heal|p2a: Groudon|20/100|[from] item: Leftovers\n|-damage|p1a: Arbok|231/246 brn|[from] brn\n|upkeep\n|turn|6\n|inactive|Time left: 300 sec this turn | 300 sec total\n|\n|t:|1783542088\n|move|p1a: Arbok|Coil|p1a: Arbok\n|-boost|p1a: Arbok|atk|1\n|-boost|p1a: Arbok|def|1\n|-boost|p1a: Arbok|accuracy|1\n|move|p2a: Groudon|Heat Crash|p1a: Arbok\n|-damage|p1a: Arbok|180/246 brn\n|\n|-weather|SunnyDay|[upkeep]\n|-heal|p1a: Arbok|195/246 brn|[from] item: Leftovers\n|-heal|p2a: Groudon|26/100|[from] item: Leftovers\n|-damage|p1a: Arbok|180/246 brn|[from] brn\n|upkeep\n|turn|7\n|inactive|Time left: 300 sec this turn | 300 sec total\n|\n|t:|1783542089\n|switch|p2a: Keldeo|Keldeo-Resolute, L79|100/100\n|move|p1a: Arbok|Trailblaze|p2a: Keldeo\n|-supereffective|p2a: Keldeo\n|-damage|p2a: Keldeo|74/100\n|-boost|p1a: Arbok|spe|1\n|\n|-weather|none\n|-heal|p1a: Arbok|195/246 brn|[from] item: Leftovers\n|-damage|p1a: Arbok|180/246 brn|[from] brn\n|upkeep\n|turn|8\n|inactive|Time left: 300 sec this turn | 300 sec total\n|\n|t:|1783542090\n|move|p1a: Arbok|Gunk Shot|p2a: Keldeo\n|-damage|p2a: Keldeo|24/100\n|move|p2a: Keldeo|Hydro Pump|p1a: Arbok\n|-damage|p1a: Arbok|0 fnt\n|faint|p1a: Arbok\n|\n|upkeep\n|inactive|Time left: 300 sec this turn | 300 sec total | 5 sec grace\n|\n|t:|1783542091\n|switch|p1a: Brambleghast|Brambleghast, L88, M|240/240\n|turn|9\n|inactive|Time left: 300 sec this turn | 300 sec total\n|\n|t:|1783542092\n|move|p2a: Keldeo|Hydro Pump|p1a: Brambleghast\n|-resisted|p1a: Brambleghast\n|-damage|p1a: Brambleghast|123/240\n|move|p1a: Brambleghast|Poltergeist|p2a: Keldeo\n|-activate|p2a: Keldeo|move: Poltergeist|Choice Specs\n|-damage|p2a: Keldeo|0 fnt\n|faint|p2a: Keldeo\n|\n|-heal|p1a: Brambleghast|138/240|[from] item: Leftovers\n|upkeep\n|\n|t:|1783542093\n|switch|p2a: Flapple|Flapple, L88, M|100/100\n|turn|10\n|inactive|Time left: 300 sec this turn | 300 sec total\n|\n|t:|1783542094\n|move|p1a: Brambleghast|Strength Sap|p2a: Flapple\n|-unboost|p2a: Flapple|atk|1\n|-heal|p1a: Brambleghast|240/240\n|move|p2a: Flapple|Dragon Dance|p2a: Flapple\n|-boost|p2a: Flapple|atk|1\n|-boost|p2a: Flapple|spe|1\n|\n|upkeep\n|turn|11\n|inactive|Time left: 300 sec this turn | 300 sec total\n|\n|t:|1783542095\n|move|p2a: Flapple|Outrage|p1a: Brambleghast\n|-damage|p1a: Brambleghast|0 fnt\n|faint|p1a: Brambleghast\n|\n|upkeep\n|inactive|Time left: 300 sec this turn | 300 sec total | 5 sec grace\n|\n|t:|1783542096\n|switch|p1a: Donphan|Donphan, L84, F|288/288\n|turn|12\n|inactive|Time left: 300 sec this turn | 300 sec total\n|\n|t:|1783542097\n|move|p2a: Flapple|Outrage|p1a: Donphan|[from] lockedmove\n|-damage|p1a: Donphan|113/288\n|-start|p2a: Flapple|confusion|[fatigue]\n|-enditem|p2a: Flapple|Lum Berry|[eat]\n|-end|p2a: Flapple|confusion\n|move|p1a: Donphan|Knock Off|p2a: Flapple\n|-damage|p2a: Flapple|80/100\n|\n|-heal|p1a: Donphan|131/288|[from] item: Leftovers\n|upkeep\n|turn|13\n|inactive|Time left: 300 sec this turn | 300 sec total\n|\n|t:|1783542098\n|move|p2a: Flapple|Outrage|p1a: Donphan\n|-damage|p1a: Donphan|0 fnt\n|faint|p1a: Donphan\n|\n|upkeep\n|inactive|Time left: 300 sec this turn | 300 sec total | 5 sec grace\n|\n|t:|1783542099\n|switch|p1a: Ditto|Ditto, L87|225/225\n|-transform|p1a: Ditto|p2a: Flapple|[from] ability: Imposter\n|turn|14\n|inactive|Time left: 300 sec this turn | 300 sec total\n|\n|t:|1783542100\n|move|p1a: Ditto|Outrage|p2a: Flapple|[miss]\n|-miss|p1a: Ditto|p2a: Flapple\n|move|p2a: Flapple|Outrage|p1a: Ditto|[from] lockedmove\n|-supereffective|p1a: Ditto\n|-damage|p1a: Ditto|0 fnt\n|faint|p1a: Ditto\n|-start|p2a: Flapple|confusion|[fatigue]\n|\n|win|p0y258db5b", "uploadtime": 1783542100, "views": 0, "rating": 0, "private": 0, "password": null, "_winner": "p0y258db5b", "_our_name": "p0x258225f"}