{"id": "battle-gen9randombattle-2186", "formatid": "gen9randombattle", "format": "[Gen 9] Random Battle", "players": ["p0x21860d0e", "p0y2186dd57"], "log": "|init|battle\n|title|p0x21860d0e vs. p0y2186dd57\n|j|\u2606p0x21860d0e\n|j|\u2606p0y2186dd57\n|t:|1783565323\n|gametype|singles\n|player|p1|p0x21860d0e|102|\n|player|p2|p0y2186dd57|266|\n|gen|9\n|tier|[Gen 9] Random Battle\n|rule|Species Clause: Limit one of each Pok\u00e9mon\n|rule|HP Percentage Mod: HP is shown in percentages\n|rule|Sleep Clause Mod: Limit one foe put to sleep\n|rule|Illusion Level Mod: Illusion disguises the Pok\u00e9mon's true level\n|\n|t:|1783565323\n|teamsize|p1|6\n|teamsize|p2|6\n|start\n|switch|p1a: Pawmot|Pawmot, L80, F|243/243\n|switch|p2a: Barraskewda|Barraskewda, L81, M|100/100\n|turn|1\n|inactive|Battle timer is ON: inactive players will automatically lose when time's up. (requested by p0x21860d0e)\n|inactive|p0y2186dd57 also wants the timer to be on.\n|\n|t:|1783565324\n|move|p2a: Barraskewda|Flip Turn|p1a: Pawmot\n|-damage|p1a: Pawmot|113/243\n|\n|t:|1783565325\n|switch|p2a: Toedscruel|Toedscruel, L87, M|100/100|[from] Flip Turn\n|move|p1a: Pawmot|Close Combat|p2a: Toedscruel\n|-crit|p2a: Toedscruel\n|-damage|p2a: Toedscruel|0 fnt\n|-unboost|p1a: Pawmot|def|1\n|-unboost|p1a: Pawmot|spd|1\n|faint|p2a: Toedscruel\n|-damage|p1a: Pawmot|89/243|[from] item: Life Orb\n|\n|upkeep\n|\n|t:|1783565326\n|switch|p2a: Barraskewda|Barraskewda, L81, M|100/100\n|turn|2\n|inactive|Time left: 300 sec this turn | 300 sec total\n|\n|t:|1783565327\n|switch|p1a: Pelipper|Pelipper, L86, F|243/243\n|-weather|RainDance|[from] ability: Drizzle|[of] p1a: Pelipper\n|move|p2a: Barraskewda|Waterfall|p1a: Pelipper\n|-resisted|p1a: Pelipper\n|-damage|p1a: Pelipper|150/243\n|\n|-weather|RainDance|[upkeep]\n|upkeep\n|turn|3\n|inactive|Time left: 300 sec this turn | 300 sec total\n|\n|t:|1783565328\n|move|p2a: Barraskewda|Waterfall|p1a: Pelipper\n|-resisted|p1a: Pelipper\n|-damage|p1a: Pelipper|62/243\n|move|p1a: Pelipper|Roost|p1a: Pelipper\n|-heal|p1a: Pelipper|184/243\n|-singleturn|p1a: Pelipper|move: Roost\n|\n|-weather|RainDance|[upkeep]\n|upkeep\n|turn|4\n|inactive|Time left: 300 sec this turn | 300 sec total\n|\n|t:|1783565329\n|move|p2a: Barraskewda|Waterfall|p1a: Pelipper\n|-resisted|p1a: Pelipper\n|-damage|p1a: Pelipper|93/243\n|move|p1a: Pelipper|Hurricane|p2a: Barraskewda\n|-damage|p2a: Barraskewda|21/100\n|\n|-weather|RainDance|[upkeep]\n|upkeep\n|turn|5\n|inactive|Time left: 300 sec this turn | 300 sec total\n|\n|t:|1783565330\n|move|p2a: Barraskewda|Waterfall|p1a: Pelipper\n|-resisted|p1a: Pelipper\n|-damage|p1a: Pelipper|0 fnt\n|faint|p1a: Pelipper\n|\n|-weather|RainDance|[upkeep]\n|upkeep\n|inactive|Time left: 300 sec this turn | 300 sec total | 5 sec grace\n|\n|t:|1783565331\n|switch|p1a: Rotom|Rotom-Fan, L86|226/226\n|turn|6\n|inactive|Time left: 300 sec this turn | 300 sec total\n|\n|t:|1783565332\n|move|p2a: Barraskewda|Waterfall|p1a: Rotom\n|-damage|p1a: Rotom|52/226\n|move|p1a: Rotom|Volt Switch|p2a: Barraskewda\n|-supereffective|p2a: Barraskewda\n|-damage|p2a: Barraskewda|0 fnt\n|faint|p2a: Barraskewda\n|inactive|Time left: 300 sec this turn | 300 sec total | 5 sec grace\n|\n|t:|1783565333\n|switch|p1a: Gholdengo|Gholdengo, L77|261/261|[from] Volt Switch\n|\n|-weather|none\n|upkeep\n|\n|t:|1783565334\n|switch|p2a: Emboar|Emboar, L84, M|100/100\n|turn|7\n|inactive|Time left: 300 sec this turn | 300 sec total\n|\n|t:|1783565335\n|move|p1a: Gholdengo|Focus Blast|p2a: Emboar\n|-damage|p2a: Emboar|66/100\n|move|p2a: Emboar|Flare Blitz|p1a: Gholdengo\n|-supereffective|p1a: Gholdengo\n|-damage|p1a: Gholdengo|0 fnt\n|faint|p1a: Gholdengo\n|-damage|p2a: Emboar|40/100|[from] Recoil\n|\n|-heal|p2a: Emboar|46/100|[from] item: Leftovers\n|upkeep\n|inactive|Time left: 300 sec this turn | 300 sec total | 5 sec grace\n|\n|t:|1783565337\n|switch|p1a: Pawmot|Pawmot, L80, F|89/243\n|turn|8\n|inactive|Time left: 300 sec this turn | 300 sec total\n|\n|t:|1783565338\n|switch|p2a: Latios|Latios, L78, M|100/100\n|move|p1a: Pawmot|Close Combat|p2a: Latios\n|-resisted|p2a: Latios\n|-damage|p2a: Latios|59/100\n|-unboost|p1a: Pawmot|def|1\n|-unboost|p1a: Pawmot|spd|1\n|-damage|p1a: Pawmot|65/243|[from] item: Life Orb\n|\n|upkeep\n|turn|9\n|inactive|Time left: 300 sec this turn | 300 sec total\n|\n|t:|1783565339\n|move|p2a: Latios|Psyshock|p1a: Pawmot\n|-supereffective|p1a: Pawmot\n|-damage|p1a: Pawmot|0 fnt\n|faint|p1a: Pawmot\n|\n|upkeep\n|inactive|Time left: 300 sec this turn | 300 sec total | 5 sec grace\n|\n|t:|1783565340\n|switch|p1a: Komala|Komala, L87, F|255/255\n|-ability|p1a: Komala|Comatose\n|turn|10\n|inactive|Time left: 300 sec this turn | 300 sec total\n|\n|t:|1783565341\n|-terastallize|p2a: Latios|Steel\n|move|p2a: Latios|Psyshock|p1a: Komala\n|-damage|p1a: Komala|111/255\n|move|p1a: Komala|Knock Off|p2a: Latios\n|-damage|p2a: Latios|23/100\n|-enditem|p2a: Latios|Soul Dew|[from] move: Knock Off|[of] p1a: Komala\n|\n|upkeep\n|turn|11\n|inactive|Time left: 300 sec this turn | 300 sec total\n|\n|t:|1783565342\n|move|p2a: Latios|Recover|p2a: Latios\n|-heal|p2a: Latios|73/100\n|move|p1a: Komala|U-turn|p2a: Latios\n|-resisted|p2a: Latios\n|-damage|p2a: Latios|59/100\n|inactive|Time left: 300 sec this turn | 300 sec total | 5 sec grace\n|\n|t:|1783565343\n|switch|p1a: Polteageist|Polteageist, L78|222/222|[from] U-turn\n|\n|upkeep\n|turn|12\n|inactive|Time left: 300 sec this turn | 300 sec total\n|\n|t:|1783565344\n|move|p2a: Latios|Calm Mind|p2a: Latios\n|-boost|p2a: Latios|spa|1\n|-boost|p2a: Latios|spd|1\n|move|p1a: Polteageist|Shell Smash|p1a: Polteageist\n|-unboost|p1a: Polteageist|def|1\n|-unboost|p1a: Polteageist|spd|1\n|-boost|p1a: Polteageist|atk|2\n|-boost|p1a: Polteageist|spa|2\n|-boost|p1a: Polteageist|spe|2\n|-enditem|p1a: Polteageist|White Herb\n|-clearnegativeboost|p1a: Polteageist|[silent]\n|\n|upkeep\n|turn|13\n|inactive|Time left: 300 sec this turn | 300 sec total\n|\n|t:|1783565345\n|move|p1a: Polteageist|Shadow Ball|p2a: Latios\n|-crit|p2a: Latios\n|-damage|p2a: Latios|0 fnt\n|faint|p2a: Latios\n|\n|upkeep\n|\n|t:|1783565346\n|switch|p2a: Vespiquen|Vespiquen, L99, F|100/100\n|-ability|p2a: Vespiquen|Pressure\n|turn|14\n|inactive|Time left: 300 sec this turn | 300 sec total\n|\n|t:|1783565347\n|-terastallize|p1a: Polteageist|Psychic\n|move|p1a: Polteageist|Stored Power|p2a: Vespiquen\n|-damage|p2a: Vespiquen|14/100\n|move|p2a: Vespiquen|Hurricane|p1a: Polteageist|[miss]\n|-miss|p2a: Vespiquen|p1a: Polteageist\n|\n|upkeep\n|turn|15\n|inactive|Time left: 300 sec this turn | 300 sec total\n|\n|t:|1783565348\n|move|p1a: Polteageist|Stored Power|p2a: Vespiquen\n|-damage|p2a: Vespiquen|0 fnt\n|faint|p2a: Vespiquen\n|\n|upkeep\n|\n|t:|1783565349\n|switch|p2a: Emboar|Emboar, L84, M|46/100\n|turn|16\n|inactive|Time left: 300 sec this turn | 300 sec total\n|\n|t:|1783565350\n|move|p1a: Polteageist|Stored Power|p2a: Emboar\n|-supereffective|p2a: Emboar\n|-damage|p2a: Emboar|0 fnt\n|faint|p2a: Emboar\n|\n|upkeep\n|\n|t:|1783565351\n|switch|p2a: Terapagos|Terapagos, L77, F|100/100\n|-activate|p2a: Terapagos|ability: Tera Shift\n|detailschange|p2a: Terapagos|Terapagos-Terastal, L77, F\n|-heal|p2a: Terapagos|100/100|[silent]\n|turn|17\n|inactive|Time left: 300 sec this turn | 300 sec total\n|\n|t:|1783565352\n|move|p1a: Polteageist|Stored Power|p2a: Terapagos\n|-activate|p2a: Terapagos|ability: Tera Shell\n|-resisted|p2a: Terapagos\n|-crit|p2a: Terapagos\n|-damage|p2a: Terapagos|14/100\n|move|p2a: Terapagos|Calm Mind|p2a: Terapagos\n|-boost|p2a: Terapagos|spa|1\n|-boost|p2a: Terapagos|spd|1\n|\n|upkeep\n|turn|18\n|inactive|Time left: 300 sec this turn | 300 sec total\n|\n|t:|1783565353\n|move|p1a: Polteageist|Stored Power|p2a: Terapagos\n|-damage|p2a: Terapagos|0 fnt\n|faint|p2a: Terapagos\n|\n|win|p0x21860d0e", "uploadtime": 1783565353, "views": 0, "rating": 0, "private": 0, "password": null, "_winner": "p0x21860d0e", "_our_name": "p0x21860d0e"}