{"id": "battle-gen9randombattle-64", "formatid": "gen9randombattle", "format": "[Gen 9] Random Battle", "players": ["p0x064377a", "p0y06400ff"], "log": "|init|battle\n|title|p0x064377a vs. p0y06400ff\n|j|\u2606p0x064377a\n|j|\u2606p0y06400ff\n|t:|1783539930\n|gametype|singles\n|player|p1|p0x064377a|102|\n|player|p2|p0y06400ff|101|\n|gen|9\n|tier|[Gen 9] Random Battle\n|rule|Species Clause: Limit one of each Pok\u00e9mon\n|rule|HP Percentage Mod: HP is shown in percentages\n|rule|Sleep Clause Mod: Limit one foe put to sleep\n|rule|Illusion Level Mod: Illusion disguises the Pok\u00e9mon's true level\n|\n|t:|1783539930\n|teamsize|p1|6\n|teamsize|p2|6\n|start\n|switch|p1a: Azelf|Azelf, L82|100/100\n|switch|p2a: Rhyperior|Rhyperior, L82, M|323/323\n|turn|1\n|inactive|Battle timer is ON: inactive players will automatically lose when time's up. (requested by p0x064377a)\n|inactive|Time left: 300 sec this turn | 300 sec total | 60 sec grace\n|inactive|p0y06400ff also wants the timer to be on.\n|\n|t:|1783539932\n|move|p1a: Azelf|Will-O-Wisp|p2a: Rhyperior|[miss]\n|-miss|p1a: Azelf|p2a: Rhyperior\n|move|p2a: Rhyperior|Stone Edge|p1a: Azelf\n|-damage|p1a: Azelf|16/100\n|replace|p1a: Zoroark|Zoroark-Hisui, L80, M\n|-end|p1a: Zoroark|Illusion\n|-hint|Illusion Level Mod is active, so this Pok\u00e9mon's true level was hidden.\n|\n|upkeep\n|turn|2\n|inactive|Time left: 300 sec this turn | 300 sec total\n|\n|t:|1783539933\n|move|p1a: Zoroark|Will-O-Wisp|p2a: Rhyperior|[miss]\n|-miss|p1a: Zoroark|p2a: Rhyperior\n|move|p2a: Rhyperior|Rock Polish|p2a: Rhyperior\n|-boost|p2a: Rhyperior|spe|2\n|\n|upkeep\n|turn|3\n|inactive|Time left: 300 sec this turn | 300 sec total\n|\n|t:|1783539934\n|switch|p1a: Conkeldurr|Conkeldurr, L80, F|100/100\n|move|p2a: Rhyperior|Ice Punch|p1a: Conkeldurr\n|-damage|p1a: Conkeldurr|79/100\n|\n|-status|p1a: Conkeldurr|brn|[from] item: Flame Orb\n|upkeep\n|turn|4\n|inactive|Time left: 300 sec this turn | 300 sec total\n|\n|t:|1783539935\n|move|p2a: Rhyperior|Earthquake|p1a: Conkeldurr\n|-damage|p1a: Conkeldurr|37/100 brn\n|move|p1a: Conkeldurr|Close Combat|p2a: Rhyperior\n|-supereffective|p2a: Rhyperior\n|-crit|p2a: Rhyperior\n|-damage|p2a: Rhyperior|0 fnt\n|-unboost|p1a: Conkeldurr|def|1\n|-unboost|p1a: Conkeldurr|spd|1\n|faint|p2a: Rhyperior\n|\n|-damage|p1a: Conkeldurr|31/100 brn|[from] brn\n|upkeep\n|inactive|Time left: 300 sec this turn | 300 sec total | 5 sec grace\n|\n|t:|1783539936\n|switch|p2a: Leafeon|Leafeon, L88, F|258/258\n|turn|5\n|inactive|Time left: 300 sec this turn | 300 sec total\n|\n|t:|1783539937\n|switch|p1a: Gogoat|Gogoat, L88, F|100/100\n|move|p2a: Leafeon|Leaf Blade|p1a: Gogoat\n|-ability|p1a: Gogoat|Sap Sipper|boost\n|-boost|p1a: Gogoat|atk|1\n|\n|upkeep\n|turn|6\n|inactive|Time left: 300 sec this turn | 300 sec total\n|\n|t:|1783539938\n|move|p2a: Leafeon|Swords Dance|p2a: Leafeon\n|-boost|p2a: Leafeon|atk|2\n|move|p1a: Gogoat|Bulk Up|p1a: Gogoat\n|-boost|p1a: Gogoat|atk|1\n|-boost|p1a: Gogoat|def|1\n|\n|upkeep\n|turn|7\n|inactive|Time left: 300 sec this turn | 300 sec total\n|\n|t:|1783539939\n|move|p2a: Leafeon|Swords Dance|p2a: Leafeon\n|-boost|p2a: Leafeon|atk|2\n|move|p1a: Gogoat|Bulk Up|p1a: Gogoat\n|-boost|p1a: Gogoat|atk|1\n|-boost|p1a: Gogoat|def|1\n|\n|upkeep\n|turn|8\n|inactive|Time left: 300 sec this turn | 300 sec total\n|\n|t:|1783539940\n|move|p2a: Leafeon|Knock Off|p1a: Gogoat\n|-damage|p1a: Gogoat|45/100\n|-enditem|p1a: Gogoat|Leftovers|[from] move: Knock Off|[of] p2a: Leafeon\n|-damage|p2a: Leafeon|233/258|[from] item: Life Orb\n|move|p1a: Gogoat|Horn Leech|p2a: Leafeon\n|-resisted|p2a: Leafeon\n|-damage|p2a: Leafeon|159/258\n|-heal|p1a: Gogoat|55/100|[from] drain|[of] p2a: Leafeon\n|\n|upkeep\n|turn|9\n|inactive|Time left: 300 sec this turn | 300 sec total\n|\n|t:|1783539941\n|move|p2a: Leafeon|Double-Edge|p1a: Gogoat\n|-crit|p1a: Gogoat\n|-damage|p1a: Gogoat|0 fnt\n|faint|p1a: Gogoat\n|-damage|p2a: Leafeon|94/258|[from] Recoil\n|-damage|p2a: Leafeon|69/258|[from] item: Life Orb\n|\n|upkeep\n|\n|t:|1783539942\n|switch|p1a: Azelf|Azelf, L82|100/100\n|turn|10\n|inactive|Time left: 300 sec this turn | 300 sec total\n|\n|t:|1783539943\n|move|p1a: Azelf|Dazzling Gleam|p2a: Leafeon\n|-damage|p2a: Leafeon|0 fnt\n|faint|p2a: Leafeon\n|\n|upkeep\n|inactive|Time left: 300 sec this turn | 300 sec total | 5 sec grace\n|\n|t:|1783539944\n|switch|p2a: Veluza|Veluza, L85, M|292/292\n|turn|11\n|inactive|Time left: 300 sec this turn | 300 sec total\n|\n|t:|1783539945\n|move|p2a: Veluza|Aqua Cutter|p1a: Azelf\n|-damage|p1a: Azelf|47/100\n|move|p1a: Azelf|Dazzling Gleam|p2a: Veluza\n|-damage|p2a: Veluza|180/292\n|\n|upkeep\n|turn|12\n|inactive|Time left: 300 sec this turn | 300 sec total\n|\n|t:|1783539947\n|switch|p1a: Eiscue|Eiscue, L88, F|100/100\n|move|p2a: Veluza|Aqua Cutter|p1a: Eiscue\n|-activate|p1a: Eiscue|ability: Ice Face\n|-damage|p1a: Eiscue|100/100\n|detailschange|p1a: Eiscue|Eiscue-Noice, L88, F\n|\n|upkeep\n|turn|13\n|inactive|Time left: 300 sec this turn | 300 sec total\n|\n|t:|1783539948\n|-terastallize|p1a: Eiscue|Electric\n|move|p1a: Eiscue|Tera Blast|p2a: Veluza|[anim] Tera Blast Electric\n|-supereffective|p2a: Veluza\n|-damage|p2a: Veluza|0 fnt\n|faint|p2a: Veluza\n|\n|upkeep\n|inactive|Time left: 300 sec this turn | 300 sec total | 5 sec grace\n|\n|t:|1783539948\n|switch|p2a: Cinccino|Cinccino, L83, M|260/260\n|turn|14\n|inactive|Time left: 300 sec this turn | 300 sec total\n|\n|t:|1783539949\n|move|p1a: Eiscue|Ice Spinner|p2a: Cinccino\n|-damage|p2a: Cinccino|149/260\n|move|p2a: Cinccino|Tidy Up|p2a: Cinccino\n|-boost|p2a: Cinccino|atk|1\n|-boost|p2a: Cinccino|spe|1\n|\n|upkeep\n|turn|15\n|inactive|Time left: 300 sec this turn | 300 sec total\n|\n|t:|1783539950\n|move|p2a: Cinccino|Tidy Up|p2a: Cinccino\n|-boost|p2a: Cinccino|atk|1\n|-boost|p2a: Cinccino|spe|1\n|move|p1a: Eiscue|Tera Blast|p2a: Cinccino|[anim] Tera Blast Electric\n|-damage|p2a: Cinccino|49/260\n|\n|upkeep\n|turn|16\n|inactive|Time left: 300 sec this turn | 300 sec total\n|\n|t:|1783539951\n|switch|p1a: Conkeldurr|Conkeldurr, L80, F|16/100\n|move|p2a: Cinccino|Tail Slap|p1a: Conkeldurr\n|-immune|p1a: Conkeldurr\n|\n|upkeep\n|turn|17\n|inactive|Time left: 300 sec this turn | 300 sec total\n|\n|t:|1783539952\n|move|p2a: Cinccino|Triple Axel|p1a: Conkeldurr\n|-damage|p1a: Conkeldurr|0 fnt\n|replace|p1a: Zoroark|Zoroark-Hisui, L80, M\n|-end|p1a: Zoroark|Illusion\n|faint|p1a: Zoroark\n|-hitcount|p1: Zoroark|1\n|\n|upkeep\n|\n|t:|1783539953\n|switch|p1a: Conkeldurr|Conkeldurr, L80, F|31/100 brn\n|turn|18\n|inactive|Time left: 300 sec this turn | 300 sec total\n|\n|t:|1783539954\n|switch|p2a: Solgaleo|Solgaleo, L74|325/325\n|move|p1a: Conkeldurr|Mach Punch|p2a: Solgaleo\n|-damage|p2a: Solgaleo|243/325\n|\n|-heal|p2a: Solgaleo|263/325|[from] item: Leftovers\n|-damage|p1a: Conkeldurr|25/100 brn|[from] brn\n|upkeep\n|turn|19\n|inactive|Time left: 300 sec this turn | 300 sec total\n|\n|t:|1783539955\n|switch|p1a: Eiscue|Eiscue-Noice, L88, F, tera:Electric|100/100\n|move|p2a: Solgaleo|Sunsteel Strike|p1a: Eiscue\n|-resisted|p1a: Eiscue\n|-damage|p1a: Eiscue|79/100\n|\n|-heal|p2a: Solgaleo|283/325|[from] item: Leftovers\n|upkeep\n|turn|20\n|inactive|Time left: 300 sec this turn | 300 sec total\n|\n|t:|1783539956\n|move|p1a: Eiscue|Tera Blast|p2a: Solgaleo|[anim] Tera Blast Electric\n|-damage|p2a: Solgaleo|207/325\n|move|p2a: Solgaleo|Sunsteel Strike|p1a: Eiscue\n|-resisted|p1a: Eiscue\n|-damage|p1a: Eiscue|54/100\n|\n|-heal|p2a: Solgaleo|227/325|[from] item: Leftovers\n|upkeep\n|turn|21\n|inactive|Time left: 300 sec this turn | 300 sec total\n|\n|t:|1783539958\n|move|p1a: Eiscue|Tera Blast|p2a: Solgaleo|[anim] Tera Blast Electric\n|-damage|p2a: Solgaleo|154/325\n|move|p2a: Solgaleo|Sunsteel Strike|p1a: Eiscue\n|-resisted|p1a: Eiscue\n|-damage|p1a: Eiscue|33/100\n|-enditem|p1a: Eiscue|Sitrus Berry|[eat]\n|-heal|p1a: Eiscue|58/100|[from] item: Sitrus Berry\n|\n|-heal|p2a: Solgaleo|174/325|[from] item: Leftovers\n|upkeep\n|turn|22\n|inactive|Time left: 300 sec this turn | 300 sec total\n|\n|t:|1783539959\n|move|p1a: Eiscue|Tera Blast|p2a: Solgaleo|[anim] Tera Blast Electric\n|-damage|p2a: Solgaleo|89/325\n|move|p2a: Solgaleo|Earthquake|p1a: Eiscue\n|-supereffective|p1a: Eiscue\n|-damage|p1a: Eiscue|3/100\n|\n|-heal|p2a: Solgaleo|109/325|[from] item: Leftovers\n|upkeep\n|turn|23\n|inactive|Time left: 300 sec this turn | 300 sec total\n|\n|t:|1783539960\n|move|p1a: Eiscue|Tera Blast|p2a: Solgaleo|[anim] Tera Blast Electric\n|-damage|p2a: Solgaleo|24/325\n|move|p2a: Solgaleo|Morning Sun|p2a: Solgaleo\n|-heal|p2a: Solgaleo|186/325\n|\n|-heal|p2a: Solgaleo|206/325|[from] item: Leftovers\n|upkeep\n|turn|24\n|inactive|Time left: 300 sec this turn | 300 sec total\n|\n|t:|1783539961\n|move|p1a: Eiscue|Tera Blast|p2a: Solgaleo|[anim] Tera Blast Electric\n|-damage|p2a: Solgaleo|127/325\n|move|p2a: Solgaleo|Morning Sun|p2a: Solgaleo\n|-heal|p2a: Solgaleo|289/325\n|\n|-heal|p2a: Solgaleo|309/325|[from] item: Leftovers\n|upkeep\n|turn|25\n|inactive|Time left: 300 sec this turn | 300 sec total\n|\n|t:|1783539962\n|move|p1a: Eiscue|Tera Blast|p2a: Solgaleo|[anim] Tera Blast Electric\n|-damage|p2a: Solgaleo|225/325\n|move|p2a: Solgaleo|Sunsteel Strike|p1a: Eiscue\n|-resisted|p1a: Eiscue\n|-damage|p1a: Eiscue|0 fnt\n|faint|p1a: Eiscue\n|\n|-heal|p2a: Solgaleo|245/325|[from] item: Leftovers\n|upkeep\n|\n|t:|1783539963\n|switch|p1a: Azelf|Azelf, L82|47/100\n|turn|26\n|inactive|Time left: 300 sec this turn | 300 sec total\n|\n|t:|1783539964\n|-terastallize|p2a: Solgaleo|Water\n|move|p1a: Azelf|Fire Blast|p2a: Solgaleo\n|-resisted|p2a: Solgaleo\n|-damage|p2a: Solgaleo|173/325\n|move|p2a: Solgaleo|Sunsteel Strike|p1a: Azelf\n|-damage|p1a: Azelf|0 fnt\n|faint|p1a: Azelf\n|\n|-heal|p2a: Solgaleo|193/325|[from] item: Leftovers\n|upkeep\n|\n|t:|1783539965\n|switch|p1a: Conkeldurr|Conkeldurr, L80, F|25/100 brn\n|turn|27\n|inactive|Time left: 300 sec this turn | 300 sec total\n|\n|t:|1783539966\n|move|p1a: Conkeldurr|Mach Punch|p2a: Solgaleo\n|-damage|p2a: Solgaleo|114/325\n|move|p2a: Solgaleo|Sunsteel Strike|p1a: Conkeldurr\n|-damage|p1a: Conkeldurr|0 fnt\n|faint|p1a: Conkeldurr\n|\n|-heal|p2a: Solgaleo|134/325|[from] item: Leftovers\n|upkeep\n|\n|t:|1783539968\n|switch|p1a: Komala|Komala, L87, M|100/100\n|-ability|p1a: Komala|Comatose\n|turn|28\n|inactive|Time left: 300 sec this turn | 300 sec total\n|\n|t:|1783539968\n|move|p2a: Solgaleo|Morning Sun|p2a: Solgaleo\n|-heal|p2a: Solgaleo|296/325\n|move|p1a: Komala|Rapid Spin|p2a: Solgaleo\n|-damage|p2a: Solgaleo|236/325\n|-boost|p1a: Komala|spe|1\n|\n|-heal|p2a: Solgaleo|256/325|[from] item: Leftovers\n|upkeep\n|turn|29\n|inactive|Time left: 300 sec this turn | 300 sec total\n|\n|t:|1783539969\n|move|p1a: Komala|Body Slam|p2a: Solgaleo\n|-damage|p2a: Solgaleo|144/325\n|move|p2a: Solgaleo|Sunsteel Strike|p1a: Komala\n|-damage|p1a: Komala|53/100\n|\n|-heal|p2a: Solgaleo|164/325|[from] item: Leftovers\n|upkeep\n|turn|30\n|inactive|Time left: 300 sec this turn | 300 sec total\n|\n|t:|1783539971\n|move|p1a: Komala|Body Slam|p2a: Solgaleo\n|-damage|p2a: Solgaleo|53/325\n|move|p2a: Solgaleo|Sunsteel Strike|p1a: Komala\n|-damage|p1a: Komala|3/100\n|\n|-heal|p2a: Solgaleo|73/325|[from] item: Leftovers\n|upkeep\n|turn|31\n|inactive|Time left: 300 sec this turn | 300 sec total\n|\n|t:|1783539972\n|move|p1a: Komala|Body Slam|p2a: Solgaleo\n|-damage|p2a: Solgaleo|0 fnt\n|faint|p2a: Solgaleo\n|\n|upkeep\n|inactive|Time left: 300 sec this turn | 300 sec total | 5 sec grace\n|\n|t:|1783539972\n|switch|p2a: Clodsire|Clodsire, L81, M|343/343\n|turn|32\n|inactive|Time left: 300 sec this turn | 300 sec total\n|\n|t:|1783539973\n|move|p1a: Komala|Body Slam|p2a: Clodsire\n|-damage|p2a: Clodsire|190/343\n|-status|p2a: Clodsire|par\n|move|p2a: Clodsire|Earthquake|p1a: Komala\n|-damage|p1a: Komala|0 fnt\n|faint|p1a: Komala\n|\n|win|p0y06400ff", "uploadtime": 1783539973, "views": 0, "rating": 0, "private": 0, "password": null, "_winner": "p0y06400ff", "_our_name": "p0y06400ff"}