{"id": "battle-gen9randombattle-302", "formatid": "gen9randombattle", "format": "[Gen 9] Random Battle", "players": ["p0x3023c92", "p0y302fa08"], "log": "|init|battle\n|title|p0x3023c92 vs. p0y302fa08\n|j|\u2606p0x3023c92\n|j|\u2606p0y302fa08\n|t:|1783542579\n|gametype|singles\n|player|p1|p0x3023c92|169|\n|player|p2|p0y302fa08|1|\n|gen|9\n|tier|[Gen 9] Random Battle\n|rule|Species Clause: Limit one of each Pok\u00e9mon\n|rule|HP Percentage Mod: HP is shown in percentages\n|rule|Sleep Clause Mod: Limit one foe put to sleep\n|rule|Illusion Level Mod: Illusion disguises the Pok\u00e9mon's true level\n|\n|t:|1783542579\n|teamsize|p1|6\n|teamsize|p2|6\n|start\n|switch|p1a: Eternatus|Eternatus, L69|308/308\n|switch|p2a: Palossand|Palossand, L89, F|100/100\n|-ability|p1a: Eternatus|Pressure\n|turn|1\n|inactive|Battle timer is ON: inactive players will automatically lose when time's up. (requested by p0y302fa08)\n|inactive|Time left: 300 sec this turn | 300 sec total | 60 sec grace\n|inactive|p0x3023c92 also wants the timer to be on.\n|\n|t:|1783542581\n|move|p1a: Eternatus|Dynamax Cannon|p2a: Palossand\n|-damage|p2a: Palossand|63/100\n|move|p2a: Palossand|Earth Power|p1a: Eternatus\n|-supereffective|p1a: Eternatus\n|-damage|p1a: Eternatus|72/308\n|\n|-heal|p2a: Palossand|69/100|[from] item: Leftovers\n|upkeep\n|turn|2\n|inactive|Time left: 300 sec this turn | 300 sec total\n|\n|t:|1783542582\n|move|p1a: Eternatus|Toxic|p2a: Palossand\n|-status|p2a: Palossand|tox\n|move|p2a: Palossand|Shadow Ball|p1a: Eternatus\n|-damage|p1a: Eternatus|0 fnt\n|faint|p1a: Eternatus\n|\n|-heal|p2a: Palossand|75/100 tox|[from] item: Leftovers\n|-damage|p2a: Palossand|69/100 tox|[from] psn\n|upkeep\n|inactive|Time left: 300 sec this turn | 300 sec total | 5 sec grace\n|\n|t:|1783542583\n|switch|p1a: Hoopa|Hoopa, L85|275/275\n|turn|3\n|inactive|Time left: 300 sec this turn | 300 sec total\n|\n|t:|1783542584\n|-terastallize|p2a: Palossand|Water\n|move|p1a: Hoopa|Shadow Ball|p2a: Palossand\n|-damage|p2a: Palossand|6/100 tox\n|-damage|p1a: Hoopa|248/275|[from] item: Life Orb\n|move|p2a: Palossand|Shadow Ball|p1a: Hoopa\n|-supereffective|p1a: Hoopa\n|-damage|p1a: Hoopa|0 fnt\n|faint|p1a: Hoopa\n|\n|-heal|p2a: Palossand|12/100 tox|[from] item: Leftovers\n|-damage|p2a: Palossand|0 fnt|[from] psn\n|faint|p2a: Palossand\n|upkeep\n|inactive|Time left: 300 sec this turn | 300 sec total | 5 sec grace\n|\n|t:|1783542586\n|switch|p1a: Ninetales|Ninetales, L85, F|263/263\n|switch|p2a: Flygon|Flygon, L82, M|100/100\n|-weather|SunnyDay|[from] ability: Drought|[of] p1a: Ninetales\n|turn|4\n|inactive|Time left: 300 sec this turn | 300 sec total\n|\n|t:|1783542587\n|switch|p1a: Magearna|Magearna, L77|250/250\n|move|p2a: Flygon|Outrage|p1a: Magearna\n|-immune|p1a: Magearna\n|\n|-weather|SunnyDay|[upkeep]\n|upkeep\n|turn|5\n|inactive|Time left: 300 sec this turn | 300 sec total\n|\n|t:|1783542588\n|move|p2a: Flygon|Outrage|p1a: Magearna\n|-immune|p1a: Magearna\n|move|p1a: Magearna|Shift Gear|p1a: Magearna\n|-boost|p1a: Magearna|spe|2\n|-boost|p1a: Magearna|atk|1\n|\n|-weather|SunnyDay|[upkeep]\n|upkeep\n|turn|6\n|inactive|Time left: 300 sec this turn | 300 sec total\n|\n|t:|1783542588\n|move|p1a: Magearna|Fleur Cannon|p2a: Flygon\n|-supereffective|p2a: Flygon\n|-damage|p2a: Flygon|0 fnt\n|-unboost|p1a: Magearna|spa|2\n|faint|p2a: Flygon\n|-ability|p1a: Magearna|Soul-Heart|boost\n|-boost|p1a: Magearna|spa|1\n|\n|-weather|SunnyDay|[upkeep]\n|upkeep\n|\n|t:|1783542589\n|switch|p2a: Latios|Latios, L78, M|100/100\n|turn|7\n|inactive|Time left: 300 sec this turn | 300 sec total\n|\n|t:|1783542590\n|move|p1a: Magearna|Iron Head|p2a: Latios\n|-damage|p2a: Latios|51/100\n|move|p2a: Latios|Calm Mind|p2a: Latios\n|-boost|p2a: Latios|spa|1\n|-boost|p2a: Latios|spd|1\n|\n|-weather|SunnyDay|[upkeep]\n|upkeep\n|turn|8\n|inactive|Time left: 300 sec this turn | 300 sec total\n|\n|t:|1783542591\n|move|p1a: Magearna|Iron Head|p2a: Latios\n|-damage|p2a: Latios|0 fnt\n|faint|p2a: Latios\n|-ability|p1a: Magearna|Soul-Heart|boost\n|-boost|p1a: Magearna|spa|1\n|\n|-weather|none\n|upkeep\n|\n|t:|1783542592\n|switch|p2a: Cramorant|Cramorant, L86, M|100/100\n|turn|9\n|inactive|Time left: 300 sec this turn | 300 sec total\n|\n|t:|1783542594\n|move|p1a: Magearna|Shift Gear|p1a: Magearna\n|-boost|p1a: Magearna|spe|2\n|-boost|p1a: Magearna|atk|1\n|move|p2a: Cramorant|Surf|p1a: Magearna\n|-formechange|p2a: Cramorant|Cramorant-Gulping|\n|-damage|p1a: Magearna|169/250\n|\n|upkeep\n|turn|10\n|inactive|Time left: 300 sec this turn | 300 sec total\n|\n|t:|1783542595\n|move|p1a: Magearna|Shift Gear|p1a: Magearna\n|-boost|p1a: Magearna|spe|2\n|-boost|p1a: Magearna|atk|1\n|move|p2a: Cramorant|Surf|p1a: Magearna\n|-damage|p1a: Magearna|82/250\n|\n|upkeep\n|turn|11\n|inactive|Time left: 300 sec this turn | 300 sec total\n|\n|t:|1783542596\n|move|p1a: Magearna|Iron Head|p2a: Cramorant\n|-resisted|p2a: Cramorant\n|-damage|p2a: Cramorant|55/100\n|-damage|p1a: Magearna|20/250|[from] ability: Gulp Missile|[of] p2a: Cramorant\n|-unboost|p1a: Magearna|def|1\n|-formechange|p2a: Cramorant|Cramorant|\n|move|p2a: Cramorant|Surf|p1a: Magearna\n|-formechange|p2a: Cramorant|Cramorant-Gulping|\n|-damage|p1a: Magearna|0 fnt\n|faint|p1a: Magearna\n|\n|upkeep\n|inactive|Time left: 300 sec this turn | 300 sec total | 5 sec grace\n|\n|t:|1783542597\n|switch|p1a: Wugtrio|Wugtrio, L91, M|212/212\n|turn|12\n|inactive|Time left: 300 sec this turn | 300 sec total\n|\n|t:|1783542598\n|-terastallize|p1a: Wugtrio|Dark\n|move|p1a: Wugtrio|Throat Chop|p2a: Cramorant\n|-damage|p2a: Cramorant|0 fnt\n|-damage|p1a: Wugtrio|159/212|[from] ability: Gulp Missile|[of] p2a: Cramorant\n|-unboost|p1a: Wugtrio|def|1\n|-formechange|p2a: Cramorant|Cramorant|\n|faint|p2a: Cramorant\n|\n|upkeep\n|\n|t:|1783542599\n|switch|p2a: Lycanroc|Lycanroc-Dusk, L81, F|100/100\n|turn|13\n|inactive|Time left: 300 sec this turn | 300 sec total\n|\n|t:|1783542600\n|move|p2a: Lycanroc|Accelerock|p1a: Wugtrio\n|-damage|p1a: Wugtrio|0 fnt\n|-ability|p1a: Wugtrio|Gooey\n|-unboost|p2a: Lycanroc|spe|1\n|faint|p1a: Wugtrio\n|\n|upkeep\n|inactive|Time left: 300 sec this turn | 300 sec total | 5 sec grace\n|\n|t:|1783542601\n|switch|p1a: Gothitelle|Gothitelle, L90, M|272/272\n|turn|14\n|inactive|Time left: 300 sec this turn | 300 sec total\n|\n|t:|1783542602\n|move|p2a: Lycanroc|Accelerock|p1a: Gothitelle\n|-damage|p1a: Gothitelle|196/272\n|move|p1a: Gothitelle|Psychic|p2a: Lycanroc\n|-damage|p2a: Lycanroc|43/100\n|\n|upkeep\n|turn|15\n|inactive|Time left: 300 sec this turn | 300 sec total\n|\n|t:|1783542603\n|move|p2a: Lycanroc|Accelerock|p1a: Gothitelle\n|-damage|p1a: Gothitelle|111/272\n|move|p1a: Gothitelle|Psychic|p2a: Lycanroc\n|-crit|p2a: Lycanroc\n|-damage|p2a: Lycanroc|0 fnt\n|faint|p2a: Lycanroc\n|\n|upkeep\n|\n|t:|1783542604\n|switch|p2a: Cetitan|Cetitan, L82, F|100/100\n|turn|16\n|inactive|Time left: 300 sec this turn | 300 sec total\n|\n|t:|1783542604\n|move|p1a: Gothitelle|Psychic|p2a: Cetitan\n|-damage|p2a: Cetitan|66/100\n|-unboost|p2a: Cetitan|spd|1\n|move|p2a: Cetitan|Icicle Crash|p1a: Gothitelle\n|-damage|p1a: Gothitelle|0 fnt\n|faint|p1a: Gothitelle\n|\n|upkeep\n|inactive|Time left: 300 sec this turn | 300 sec total | 5 sec grace\n|\n|t:|1783542605\n|switch|p1a: Ninetales|Ninetales, L85, F|263/263\n|-weather|SunnyDay|[from] ability: Drought|[of] p1a: Ninetales\n|turn|17\n|inactive|Time left: 300 sec this turn | 300 sec total\n|\n|t:|1783542606\n|move|p1a: Ninetales|Fire Blast|p2a: Cetitan\n|-supereffective|p2a: Cetitan\n|-damage|p2a: Cetitan|0 fnt\n|faint|p2a: Cetitan\n|\n|win|p0x3023c92", "uploadtime": 1783542606, "views": 0, "rating": 0, "private": 0, "password": null, "_winner": "p0x3023c92", "_our_name": "p0x3023c92"}