{"id": "battle-gen9randombattle-1504", "formatid": "gen9randombattle", "format": "[Gen 9] Random Battle", "players": ["p0x15046d6b", "p0y15041580"], "log": "|init|battle\n|title|p0x15046d6b vs. p0y15041580\n|j|\u2606p0x15046d6b\n|j|\u2606p0y15041580\n|t:|1783556581\n|gametype|singles\n|player|p1|p0x15046d6b|101|\n|player|p2|p0y15041580|170|\n|gen|9\n|tier|[Gen 9] Random Battle\n|rule|Species Clause: Limit one of each Pok\u00e9mon\n|rule|HP Percentage Mod: HP is shown in percentages\n|rule|Sleep Clause Mod: Limit one foe put to sleep\n|rule|Illusion Level Mod: Illusion disguises the Pok\u00e9mon's true level\n|\n|t:|1783556581\n|teamsize|p1|6\n|teamsize|p2|6\n|start\n|switch|p1a: Milotic|Milotic, L83, M|100/100\n|switch|p2a: Latias|Latias, L79, F|256/256\n|turn|1\n|inactive|Battle timer is ON: inactive players will automatically lose when time's up. (requested by p0y15041580)\n|\n|t:|1783556583\n|move|p2a: Latias|Psyshock|p1a: Milotic\n|-damage|p1a: Milotic|66/100\n|move|p1a: Milotic|Ice Beam|p2a: Latias\n|-supereffective|p2a: Latias\n|-damage|p2a: Latias|162/256\n|\n|-heal|p1a: Milotic|73/100|[from] item: Leftovers\n|upkeep\n|turn|2\n|inactive|Time left: 300 sec this turn | 300 sec total\n|inactive|p0x15046d6b also wants the timer to be on.\n|\n|t:|1783556584\n|move|p2a: Latias|Calm Mind|p2a: Latias\n|-boost|p2a: Latias|spa|1\n|-boost|p2a: Latias|spd|1\n|move|p1a: Milotic|Ice Beam|p2a: Latias\n|-supereffective|p2a: Latias\n|-damage|p2a: Latias|100/256\n|\n|-heal|p1a: Milotic|79/100|[from] item: Leftovers\n|upkeep\n|turn|3\n|inactive|Time left: 300 sec this turn | 300 sec total\n|\n|t:|1783556585\n|move|p2a: Latias|Psyshock|p1a: Milotic\n|-damage|p1a: Milotic|27/100\n|move|p1a: Milotic|Ice Beam|p2a: Latias\n|-supereffective|p2a: Latias\n|-damage|p2a: Latias|28/256\n|\n|-heal|p1a: Milotic|34/100|[from] item: Leftovers\n|upkeep\n|turn|4\n|inactive|Time left: 300 sec this turn | 300 sec total\n|\n|t:|1783556586\n|-terastallize|p1a: Milotic|Steel\n|move|p2a: Latias|Psyshock|p1a: Milotic\n|-resisted|p1a: Milotic\n|-damage|p1a: Milotic|6/100\n|move|p1a: Milotic|Recover|p1a: Milotic\n|-heal|p1a: Milotic|56/100\n|\n|-heal|p1a: Milotic|63/100|[from] item: Leftovers\n|upkeep\n|turn|5\n|inactive|Time left: 300 sec this turn | 300 sec total\n|\n|t:|1783556587\n|move|p2a: Latias|Recover|p2a: Latias\n|-heal|p2a: Latias|156/256\n|move|p1a: Milotic|Ice Beam|p2a: Latias\n|-supereffective|p2a: Latias\n|-damage|p2a: Latias|92/256\n|-status|p2a: Latias|frz\n|\n|-heal|p1a: Milotic|69/100|[from] item: Leftovers\n|upkeep\n|turn|6\n|inactive|Time left: 300 sec this turn | 300 sec total\n|\n|t:|1783556588\n|-curestatus|p2a: Latias|frz|[msg]\n|move|p2a: Latias|Psyshock|p1a: Milotic\n|-resisted|p1a: Milotic\n|-damage|p1a: Milotic|42/100\n|move|p1a: Milotic|Ice Beam|p2a: Latias\n|-supereffective|p2a: Latias\n|-damage|p2a: Latias|28/256\n|\n|-heal|p1a: Milotic|49/100|[from] item: Leftovers\n|upkeep\n|turn|7\n|inactive|Time left: 300 sec this turn | 300 sec total\n|\n|t:|1783556589\n|move|p2a: Latias|Recover|p2a: Latias\n|-heal|p2a: Latias|156/256\n|move|p1a: Milotic|Recover|p1a: Milotic\n|-heal|p1a: Milotic|99/100\n|\n|-heal|p1a: Milotic|100/100|[from] item: Leftovers\n|upkeep\n|turn|8\n|inactive|Time left: 300 sec this turn | 300 sec total\n|\n|t:|1783556590\n|move|p2a: Latias|Recover|p2a: Latias\n|-heal|p2a: Latias|256/256\n|move|p1a: Milotic|Ice Beam|p2a: Latias\n|-supereffective|p2a: Latias\n|-damage|p2a: Latias|186/256\n|\n|upkeep\n|turn|9\n|inactive|Time left: 300 sec this turn | 300 sec total\n|\n|t:|1783556591\n|move|p2a: Latias|Recover|p2a: Latias\n|-heal|p2a: Latias|256/256\n|move|p1a: Milotic|Haze|p1a: Milotic\n|-clearallboost\n|\n|upkeep\n|turn|10\n|inactive|Time left: 300 sec this turn | 300 sec total\n|\n|t:|1783556592\n|switch|p2a: Volcanion|Volcanion, L79|255/255\n|move|p1a: Milotic|Ice Beam|p2a: Volcanion\n|-resisted|p2a: Volcanion\n|-damage|p2a: Volcanion|237/255\n|\n|upkeep\n|turn|11\n|inactive|Time left: 300 sec this turn | 300 sec total\n|\n|t:|1783556593\n|switch|p1a: Appletun|Appletun, L92, F|100/100\n|move|p2a: Volcanion|Steam Eruption|p1a: Appletun\n|-resisted|p1a: Appletun\n|-damage|p1a: Appletun|88/100\n|\n|-heal|p1a: Appletun|94/100|[from] item: Leftovers\n|upkeep\n|turn|12\n|inactive|Time left: 300 sec this turn | 300 sec total\n|\n|t:|1783556595\n|move|p2a: Volcanion|Steam Eruption|p1a: Appletun\n|-resisted|p1a: Appletun\n|-damage|p1a: Appletun|81/100\n|move|p1a: Appletun|Apple Acid|p2a: Volcanion\n|-damage|p2a: Volcanion|122/255\n|-unboost|p2a: Volcanion|spd|1\n|\n|-heal|p1a: Appletun|87/100|[from] item: Leftovers\n|upkeep\n|turn|13\n|inactive|Time left: 300 sec this turn | 300 sec total\n|\n|t:|1783556596\n|switch|p2a: Arbok|Arbok, L87, M|246/246\n|-ability|p2a: Arbok|Intimidate|boost\n|-unboost|p1a: Appletun|atk|1\n|move|p1a: Appletun|Dragon Pulse|p2a: Arbok\n|-damage|p2a: Arbok|134/246\n|\n|-heal|p1a: Appletun|94/100|[from] item: Leftovers\n|upkeep\n|turn|14\n|inactive|Time left: 300 sec this turn | 300 sec total\n|\n|t:|1783556597\n|move|p2a: Arbok|Gunk Shot|p1a: Appletun|[miss]\n|-miss|p2a: Arbok|p1a: Appletun\n|move|p1a: Appletun|Dragon Pulse|p2a: Arbok\n|-damage|p2a: Arbok|26/246\n|\n|-heal|p1a: Appletun|99/100|[from] item: Leftovers\n|upkeep\n|turn|15\n|inactive|Time left: 300 sec this turn | 300 sec total\n|\n|t:|1783556598\n|switch|p1a: Cobalion|Cobalion, L80|100/100\n|move|p2a: Arbok|Gunk Shot|p1a: Cobalion\n|-immune|p1a: Cobalion\n|\n|upkeep\n|turn|16\n|inactive|Time left: 300 sec this turn | 300 sec total\n|\n|t:|1783556599\n|switch|p2a: Volcanion|Volcanion, L79|122/255\n|move|p1a: Cobalion|Swords Dance|p1a: Cobalion\n|-boost|p1a: Cobalion|atk|2\n|\n|upkeep\n|turn|17\n|inactive|Time left: 300 sec this turn | 300 sec total\n|\n|t:|1783556600\n|switch|p2a: Arbok|Arbok, L87, M|26/246\n|-ability|p2a: Arbok|Intimidate|boost\n|-unboost|p1a: Cobalion|atk|1\n|move|p1a: Cobalion|Close Combat|p2a: Arbok\n|-resisted|p2a: Arbok\n|-damage|p2a: Arbok|0 fnt\n|-unboost|p1a: Cobalion|def|1\n|-unboost|p1a: Cobalion|spd|1\n|faint|p2a: Arbok\n|\n|upkeep\n|inactive|Time left: 300 sec this turn | 300 sec total | 5 sec grace\n|\n|t:|1783556601\n|switch|p2a: Calyrex|Calyrex-Shadow, L64|235/235\n|-ability|p2a: Calyrex|As One\n|-ability|p2a: Calyrex|Unnerve\n|turn|18\n|inactive|Time left: 300 sec this turn | 300 sec total\n|\n|t:|1783556602\n|switch|p1a: Appletun|Appletun, L92, F|99/100\n|move|p2a: Calyrex|Nasty Plot|p2a: Calyrex\n|-boost|p2a: Calyrex|spa|2\n|\n|-heal|p1a: Appletun|100/100|[from] item: Leftovers\n|upkeep\n|turn|19\n|inactive|Time left: 300 sec this turn | 300 sec total\n|\n|t:|1783556603\n|move|p2a: Calyrex|Astral Barrage|p1a: Appletun\n|-damage|p1a: Appletun|17/100\n|-damage|p2a: Calyrex|212/235|[from] item: Life Orb\n|move|p1a: Appletun|Dragon Tail|p2a: Calyrex\n|-damage|p2a: Calyrex|109/235\n|drag|p2a: Toedscruel|Toedscruel, L87, F|281/281\n|\n|-heal|p1a: Appletun|23/100|[from] item: Leftovers\n|upkeep\n|turn|20\n|inactive|Time left: 300 sec this turn | 300 sec total\n|\n|t:|1783556604\n|switch|p2a: Volcanion|Volcanion, L79|122/255\n|move|p1a: Appletun|Recover|p1a: Appletun\n|-heal|p1a: Appletun|73/100\n|\n|-heal|p1a: Appletun|79/100|[from] item: Leftovers\n|upkeep\n|turn|21\n|inactive|Time left: 300 sec this turn | 300 sec total\n|\n|t:|1783556605\n|move|p2a: Volcanion|Sludge Bomb|p1a: Appletun\n|-supereffective|p1a: Appletun\n|-damage|p1a: Appletun|18/100\n|-status|p1a: Appletun|psn\n|move|p1a: Appletun|Apple Acid|p2a: Volcanion\n|-crit|p2a: Volcanion\n|-damage|p2a: Volcanion|0 fnt\n|faint|p2a: Volcanion\n|\n|-heal|p1a: Appletun|24/100 psn|[from] item: Leftovers\n|-damage|p1a: Appletun|11/100 psn|[from] psn\n|upkeep\n|inactive|Time left: 300 sec this turn | 300 sec total | 5 sec grace\n|\n|t:|1783556606\n|switch|p2a: Calyrex|Calyrex-Shadow, L64|109/235\n|-ability|p2a: Calyrex|As One\n|-ability|p2a: Calyrex|Unnerve\n|turn|22\n|inactive|Time left: 300 sec this turn | 300 sec total\n|\n|t:|1783556607\n|switch|p1a: Milotic|Milotic, L83, M, tera:Steel|100/100\n|move|p2a: Calyrex|Astral Barrage|p1a: Milotic\n|-damage|p1a: Milotic|62/100\n|-damage|p2a: Calyrex|86/235|[from] item: Life Orb\n|\n|-heal|p1a: Milotic|68/100|[from] item: Leftovers\n|upkeep\n|turn|23\n|inactive|Time left: 300 sec this turn | 300 sec total\n|\n|t:|1783556608\n|move|p2a: Calyrex|Astral Barrage|p1a: Milotic\n|-damage|p1a: Milotic|26/100\n|-damage|p2a: Calyrex|63/235|[from] item: Life Orb\n|move|p1a: Milotic|Scald|p2a: Calyrex\n|-damage|p2a: Calyrex|0 fnt\n|faint|p2a: Calyrex\n|\n|-heal|p1a: Milotic|33/100|[from] item: Leftovers\n|upkeep\n|inactive|Time left: 300 sec this turn | 300 sec total | 5 sec grace\n|\n|t:|1783556609\n|switch|p2a: Toedscruel|Toedscruel, L87, F|281/281\n|turn|24\n|inactive|Time left: 300 sec this turn | 300 sec total\n|\n|t:|1783556610\n|switch|p1a: Oricorio|Oricorio-Sensu, L85, F|100/100\n|move|p2a: Toedscruel|Earth Power|p1a: Oricorio\n|-immune|p1a: Oricorio\n|\n|upkeep\n|turn|25\n|inactive|Time left: 300 sec this turn | 300 sec total\n|\n|t:|1783556611\n|switch|p2a: Shiftry|Shiftry, L89, F|305/305\n|move|p1a: Oricorio|Quiver Dance|p1a: Oricorio\n|-boost|p1a: Oricorio|spa|1\n|-boost|p1a: Oricorio|spd|1\n|-boost|p1a: Oricorio|spe|1\n|\n|upkeep\n|turn|26\n|inactive|Time left: 300 sec this turn | 300 sec total\n|\n|t:|1783556612\n|switch|p1a: Cobalion|Cobalion, L80|100/100\n|move|p2a: Shiftry|Knock Off|p1a: Cobalion\n|-resisted|p1a: Cobalion\n|-damage|p1a: Cobalion|78/100\n|-ability|p1a: Cobalion|Justified|boost\n|-boost|p1a: Cobalion|atk|1\n|-enditem|p1a: Cobalion|Leftovers|[from] move: Knock Off|[of] p2a: Shiftry\n|-damage|p2a: Shiftry|275/305|[from] item: Life Orb\n|\n|upkeep\n|turn|27\n|inactive|Time left: 300 sec this turn | 300 sec total\n|\n|t:|1783556614\n|switch|p2a: Toedscruel|Toedscruel, L87, F|281/281\n|move|p1a: Cobalion|Close Combat|p2a: Toedscruel\n|-damage|p2a: Toedscruel|88/281\n|-unboost|p1a: Cobalion|def|1\n|-unboost|p1a: Cobalion|spd|1\n|\n|-heal|p2a: Toedscruel|105/281|[from] item: Leftovers\n|upkeep\n|turn|28\n|inactive|Time left: 300 sec this turn | 300 sec total\n|\n|t:|1783556615\n|switch|p1a: Sceptile|Sceptile, L87, F|100/100\n|move|p2a: Toedscruel|Earth Power|p1a: Sceptile\n|-resisted|p1a: Sceptile\n|-damage|p1a: Sceptile|85/100\n|\n|-heal|p1a: Sceptile|91/100|[from] item: Leftovers\n|-heal|p2a: Toedscruel|122/281|[from] item: Leftovers\n|upkeep\n|turn|29\n|inactive|Time left: 300 sec this turn | 300 sec total\n|\n|t:|1783556616\n|move|p1a: Sceptile|Giga Drain|p2a: Toedscruel\n|-damage|p2a: Toedscruel|58/281\n|-heal|p1a: Sceptile|100/100|[from] drain|[of] p2a: Toedscruel\n|move|p2a: Toedscruel|Rapid Spin|p1a: Sceptile\n|-damage|p1a: Sceptile|87/100\n|-boost|p2a: Toedscruel|spe|1\n|\n|-heal|p2a: Toedscruel|75/281|[from] item: Leftovers\n|-heal|p1a: Sceptile|93/100|[from] item: Leftovers\n|upkeep\n|turn|30\n|inactive|Time left: 300 sec this turn | 300 sec total\n|\n|t:|1783556617\n|move|p2a: Toedscruel|Rapid Spin|p1a: Sceptile\n|-damage|p1a: Sceptile|80/100\n|-boost|p2a: Toedscruel|spe|1\n|move|p1a: Sceptile|Giga Drain|p2a: Toedscruel\n|-damage|p2a: Toedscruel|8/281\n|-heal|p1a: Sceptile|93/100|[from] drain|[of] p2a: Toedscruel\n|\n|-heal|p2a: Toedscruel|25/281|[from] item: Leftovers\n|-heal|p1a: Sceptile|99/100|[from] item: Leftovers\n|upkeep\n|turn|31\n|inactive|Time left: 300 sec this turn | 300 sec total\n|\n|t:|1783556618\n|move|p2a: Toedscruel|Rapid Spin|p1a: Sceptile\n|-damage|p1a: Sceptile|87/100\n|-boost|p2a: Toedscruel|spe|1\n|move|p1a: Sceptile|Giga Drain|p2a: Toedscruel\n|-damage|p2a: Toedscruel|0 fnt\n|-heal|p1a: Sceptile|92/100|[from] drain|[of] p2a: Toedscruel\n|faint|p2a: Toedscruel\n|\n|-heal|p1a: Sceptile|98/100|[from] item: Leftovers\n|upkeep\n|inactive|Time left: 300 sec this turn | 300 sec total | 5 sec grace\n|\n|t:|1783556619\n|switch|p2a: Latias|Latias, L79, F|256/256\n|turn|32\n|inactive|Time left: 300 sec this turn | 300 sec total\n|\n|t:|1783556621\n|move|p1a: Sceptile|Leech Seed|p2a: Latias\n|-start|p2a: Latias|move: Leech Seed\n|move|p2a: Latias|Calm Mind|p2a: Latias\n|-boost|p2a: Latias|spa|1\n|-boost|p2a: Latias|spd|1\n|\n|-heal|p1a: Sceptile|100/100|[from] item: Leftovers\n|-damage|p2a: Latias|224/256|[from] Leech Seed|[of] p1a: Sceptile\n|upkeep\n|turn|33\n|inactive|Time left: 300 sec this turn | 300 sec total\n|\n|t:|1783556622\n|switch|p1a: Milotic|Milotic, L83, M, tera:Steel|33/100\n|move|p2a: Latias|Psyshock|p1a: Milotic\n|-resisted|p1a: Milotic\n|-damage|p1a: Milotic|5/100\n|\n|-heal|p1a: Milotic|11/100|[from] item: Leftovers\n|-damage|p2a: Latias|192/256|[from] Leech Seed|[of] p1a: Milotic\n|-heal|p1a: Milotic|22/100|[silent]\n|upkeep\n|turn|34\n|inactive|Time left: 300 sec this turn | 300 sec total\n|\n|t:|1783556623\n|switch|p1a: Jirachi|Jirachi, L80|100/100\n|move|p2a: Latias|Psyshock|p1a: Jirachi\n|-resisted|p1a: Jirachi\n|-damage|p1a: Jirachi|88/100\n|\n|-heal|p1a: Jirachi|95/100|[from] item: Leftovers\n|-damage|p2a: Latias|160/256|[from] Leech Seed|[of] p1a: Jirachi\n|-heal|p1a: Jirachi|100/100|[silent]\n|upkeep\n|turn|35\n|inactive|Time left: 300 sec this turn | 300 sec total\n|\n|t:|1783556623\n|move|p2a: Latias|Calm Mind|p2a: Latias\n|-boost|p2a: Latias|spa|1\n|-boost|p2a: Latias|spd|1\n|move|p1a: Jirachi|Body Slam|p2a: Latias\n|-damage|p2a: Latias|102/256\n|-status|p2a: Latias|par\n|\n|-damage|p2a: Latias|70/256 par|[from] Leech Seed|[of] p1a: Jirachi\n|upkeep\n|turn|36\n|inactive|Time left: 300 sec this turn | 300 sec total\n|\n|t:|1783556624\n|move|p1a: Jirachi|Iron Head|p2a: Latias\n|-damage|p2a: Latias|0 fnt\n|faint|p2a: Latias\n|\n|upkeep\n|inactive|Time left: 300 sec this turn | 300 sec total | 5 sec grace\n|\n|t:|1783556625\n|switch|p2a: Shiftry|Shiftry, L89, F|275/305\n|turn|37\n|inactive|Time left: 300 sec this turn | 300 sec total\n|\n|t:|1783556626\n|switch|p1a: Cobalion|Cobalion, L80|78/100\n|move|p2a: Shiftry|Knock Off|p1a: Cobalion\n|-resisted|p1a: Cobalion\n|-damage|p1a: Cobalion|63/100\n|-ability|p1a: Cobalion|Justified|boost\n|-boost|p1a: Cobalion|atk|1\n|-damage|p2a: Shiftry|245/305|[from] item: Life Orb\n|\n|upkeep\n|turn|38\n|inactive|Time left: 300 sec this turn | 300 sec total\n|\n|t:|1783556627\n|-terastallize|p2a: Shiftry|Poison\n|move|p1a: Cobalion|Close Combat|p2a: Shiftry\n|-resisted|p2a: Shiftry\n|-damage|p2a: Shiftry|142/305\n|-unboost|p1a: Cobalion|def|1\n|-unboost|p1a: Cobalion|spd|1\n|move|p2a: Shiftry|Will-O-Wisp|p1a: Cobalion\n|-status|p1a: Cobalion|brn\n|\n|-damage|p1a: Cobalion|57/100 brn|[from] brn\n|upkeep\n|turn|39\n|inactive|Time left: 300 sec this turn | 300 sec total\n|\n|t:|1783556628\n|move|p1a: Cobalion|Iron Head|p2a: Shiftry\n|-damage|p2a: Shiftry|69/305\n|move|p2a: Shiftry|Leaf Storm|p1a: Cobalion\n|-resisted|p1a: Cobalion\n|-damage|p1a: Cobalion|0 fnt\n|-unboost|p2a: Shiftry|spa|2\n|faint|p1a: Cobalion\n|-damage|p2a: Shiftry|39/305|[from] item: Life Orb\n|\n|upkeep\n|\n|t:|1783556629\n|switch|p1a: Jirachi|Jirachi, L80|100/100\n|turn|40\n|inactive|Time left: 300 sec this turn | 300 sec total\n|\n|t:|1783556630\n|move|p1a: Jirachi|Iron Head|p2a: Shiftry\n|-damage|p2a: Shiftry|0 fnt\n|faint|p2a: Shiftry\n|\n|win|p0x15046d6b", "uploadtime": 1783556630, "views": 0, "rating": 0, "private": 0, "password": null, "_winner": "p0x15046d6b", "_our_name": "p0y15041580"}