{"id": "battle-gen9randombattle-298", "formatid": "gen9randombattle", "format": "[Gen 9] Random Battle", "players": ["p0x298db36", "p0y298fae5"], "log": "|init|battle\n|title|p0x298db36 vs. p0y298fae5\n|j|\u2606p0x298db36\n|j|\u2606p0y298fae5\n|t:|1783543035\n|gametype|singles\n|player|p1|p0x298db36|170|\n|player|p2|p0y298fae5|102|\n|gen|9\n|tier|[Gen 9] Random Battle\n|rule|Species Clause: Limit one of each Pok\u00e9mon\n|rule|HP Percentage Mod: HP is shown in percentages\n|rule|Sleep Clause Mod: Limit one foe put to sleep\n|rule|Illusion Level Mod: Illusion disguises the Pok\u00e9mon's true level\n|\n|t:|1783543035\n|teamsize|p1|6\n|teamsize|p2|6\n|start\n|switch|p1a: Dodrio|Dodrio, L85, F|100/100\n|switch|p2a: Azumarill|Azumarill, L82, F|298/298\n|turn|1\n|inactive|Battle timer is ON: inactive players will automatically lose when time's up. (requested by p0x298db36)\n|inactive|Time left: 300 sec this turn | 300 sec total | 60 sec grace\n|inactive|p0y298fae5 also wants the timer to be on.\n|\n|t:|1783543037\n|move|p1a: Dodrio|Knock Off|p2a: Azumarill\n|-resisted|p2a: Azumarill\n|-damage|p2a: Azumarill|257/298\n|-enditem|p2a: Azumarill|Choice Band|[from] move: Knock Off|[of] p1a: Dodrio\n|move|p2a: Azumarill|Play Rough|p1a: Dodrio\n|-damage|p1a: Dodrio|47/100\n|\n|upkeep\n|turn|2\n|inactive|Time left: 300 sec this turn | 300 sec total\n|\n|t:|1783543038\n|switch|p1a: Volcanion|Volcanion, L79|100/100\n|move|p2a: Azumarill|Liquidation|p1a: Volcanion\n|-immune|p1a: Volcanion|[from] ability: Water Absorb\n|\n|upkeep\n|turn|3\n|inactive|Time left: 300 sec this turn | 300 sec total\n|\n|t:|1783543039\n|move|p1a: Volcanion|Steam Eruption|p2a: Azumarill\n|-resisted|p2a: Azumarill\n|-damage|p2a: Azumarill|185/298\n|-status|p2a: Azumarill|brn\n|move|p2a: Azumarill|Knock Off|p1a: Volcanion\n|-damage|p1a: Volcanion|88/100\n|-enditem|p1a: Volcanion|Assault Vest|[from] move: Knock Off|[of] p2a: Azumarill\n|\n|-damage|p2a: Azumarill|167/298 brn|[from] brn\n|upkeep\n|turn|4\n|inactive|Time left: 300 sec this turn | 300 sec total\n|\n|t:|1783543040\n|switch|p2a: Mismagius|Mismagius, L86, M|243/243\n|move|p1a: Volcanion|Flame Charge|p2a: Mismagius\n|-damage|p2a: Mismagius|179/243\n|-boost|p1a: Volcanion|spe|1\n|\n|upkeep\n|turn|5\n|inactive|Time left: 300 sec this turn | 300 sec total\n|\n|t:|1783543042\n|move|p1a: Volcanion|Steam Eruption|p2a: Mismagius\n|-damage|p2a: Mismagius|76/243\n|move|p2a: Mismagius|Thunderbolt|p1a: Volcanion\n|-supereffective|p1a: Volcanion\n|-damage|p1a: Volcanion|0 fnt\n|faint|p1a: Volcanion\n|\n|upkeep\n|\n|t:|1783543043\n|switch|p1a: Dodrio|Dodrio, L85, F|47/100\n|turn|6\n|inactive|Time left: 300 sec this turn | 300 sec total\n|\n|t:|1783543044\n|switch|p2a: Sudowoodo|Sudowoodo, L94, M|284/284\n|move|p1a: Dodrio|Brave Bird|p2a: Sudowoodo\n|-resisted|p2a: Sudowoodo\n|-damage|p2a: Sudowoodo|227/284\n|-damage|p1a: Dodrio|39/100|[from] Recoil\n|\n|upkeep\n|turn|7\n|inactive|Time left: 300 sec this turn | 300 sec total\n|\n|t:|1783543045\n|move|p1a: Dodrio|Knock Off|p2a: Sudowoodo\n|-damage|p2a: Sudowoodo|168/284\n|-enditem|p2a: Sudowoodo|Choice Band|[from] move: Knock Off|[of] p1a: Dodrio\n|move|p2a: Sudowoodo|Head Smash|p1a: Dodrio\n|-supereffective|p1a: Dodrio\n|-damage|p1a: Dodrio|0 fnt\n|faint|p1a: Dodrio\n|\n|upkeep\n|\n|t:|1783543046\n|switch|p1a: Kingambit|Kingambit, L74, F|100/100\n|-activate|p1a: Kingambit|ability: Supreme Overlord\n|-start|p1a: Kingambit|fallen2|[silent]\n|turn|8\n|inactive|Time left: 300 sec this turn | 300 sec total\n|\n|t:|1783543048\n|switch|p2a: Lurantis|Lurantis, L87, F|264/264\n|move|p1a: Kingambit|Swords Dance|p1a: Kingambit\n|-boost|p1a: Kingambit|atk|2\n|\n|upkeep\n|turn|9\n|inactive|Time left: 300 sec this turn | 300 sec total\n|\n|t:|1783543049\n|-terastallize|p1a: Kingambit|Flying\n|move|p2a: Lurantis|Superpower|p1a: Kingambit\n|-resisted|p1a: Kingambit\n|-damage|p1a: Kingambit|86/100\n|-boost|p2a: Lurantis|atk|1\n|-boost|p2a: Lurantis|def|1\n|move|p1a: Kingambit|Kowtow Cleave|p2a: Lurantis\n|-damage|p2a: Lurantis|120/264\n|\n|-heal|p2a: Lurantis|136/264|[from] item: Leftovers\n|-heal|p1a: Kingambit|92/100|[from] item: Leftovers\n|upkeep\n|turn|10\n|inactive|Time left: 300 sec this turn | 300 sec total\n|\n|t:|1783543050\n|-terastallize|p2a: Lurantis|Fighting\n|move|p2a: Lurantis|Superpower|p1a: Kingambit\n|-resisted|p1a: Kingambit\n|-damage|p1a: Kingambit|56/100\n|-boost|p2a: Lurantis|atk|1\n|-boost|p2a: Lurantis|def|1\n|move|p1a: Kingambit|Iron Head|p2a: Lurantis\n|-damage|p2a: Lurantis|45/264\n|\n|-heal|p2a: Lurantis|61/264|[from] item: Leftovers\n|-heal|p1a: Kingambit|62/100|[from] item: Leftovers\n|upkeep\n|turn|11\n|inactive|Time left: 300 sec this turn | 300 sec total\n|\n|t:|1783543051\n|move|p2a: Lurantis|Synthesis|p2a: Lurantis\n|-heal|p2a: Lurantis|193/264\n|move|p1a: Kingambit|Iron Head|p2a: Lurantis\n|-damage|p2a: Lurantis|91/264\n|\n|-heal|p2a: Lurantis|107/264|[from] item: Leftovers\n|-heal|p1a: Kingambit|68/100|[from] item: Leftovers\n|upkeep\n|turn|12\n|inactive|Time left: 300 sec this turn | 300 sec total\n|\n|t:|1783543053\n|move|p2a: Lurantis|Superpower|p1a: Kingambit\n|-resisted|p1a: Kingambit\n|-damage|p1a: Kingambit|24/100\n|-boost|p2a: Lurantis|atk|1\n|-boost|p2a: Lurantis|def|1\n|move|p1a: Kingambit|Iron Head|p2a: Lurantis\n|-damage|p2a: Lurantis|28/264\n|\n|-heal|p2a: Lurantis|44/264|[from] item: Leftovers\n|-heal|p1a: Kingambit|30/100|[from] item: Leftovers\n|upkeep\n|turn|13\n|inactive|Time left: 300 sec this turn | 300 sec total\n|\n|t:|1783543054\n|move|p2a: Lurantis|Synthesis|p2a: Lurantis\n|-heal|p2a: Lurantis|176/264\n|move|p1a: Kingambit|Iron Head|p2a: Lurantis\n|-damage|p2a: Lurantis|97/264\n|\n|-heal|p2a: Lurantis|113/264|[from] item: Leftovers\n|-heal|p1a: Kingambit|36/100|[from] item: Leftovers\n|upkeep\n|turn|14\n|inactive|Time left: 300 sec this turn | 300 sec total\n|\n|t:|1783543055\n|move|p1a: Kingambit|Sucker Punch||[still]\n|-fail|p1a: Kingambit\n|move|p2a: Lurantis|Synthesis|p2a: Lurantis\n|-heal|p2a: Lurantis|245/264\n|\n|-heal|p2a: Lurantis|261/264|[from] item: Leftovers\n|-heal|p1a: Kingambit|42/100|[from] item: Leftovers\n|upkeep\n|turn|15\n|inactive|Time left: 300 sec this turn | 300 sec total\n|\n|t:|1783543056\n|-end|p1a: Kingambit|fallen2|[silent]\n|switch|p1a: Quagsire|Quagsire, L84, M|100/100\n|move|p2a: Lurantis|Superpower|p1a: Quagsire\n|-damage|p1a: Quagsire|53/100\n|-boost|p2a: Lurantis|atk|1\n|-boost|p2a: Lurantis|def|1\n|\n|-heal|p2a: Lurantis|264/264|[from] item: Leftovers\n|-heal|p1a: Quagsire|59/100|[from] item: Leftovers\n|upkeep\n|turn|16\n|inactive|Time left: 300 sec this turn | 300 sec total\n|\n|t:|1783543057\n|move|p2a: Lurantis|Leaf Storm|p1a: Quagsire\n|-supereffective|p1a: Quagsire\n|-damage|p1a: Quagsire|0 fnt\n|-boost|p2a: Lurantis|spa|2\n|faint|p1a: Quagsire\n|\n|upkeep\n|\n|t:|1783543058\n|switch|p1a: Venusaur|Venusaur, L84, F|100/100\n|turn|17\n|inactive|Time left: 300 sec this turn | 300 sec total\n|\n|t:|1783543059\n|move|p1a: Venusaur|Sludge Bomb|p2a: Lurantis\n|-damage|p2a: Lurantis|167/264\n|move|p2a: Lurantis|Knock Off|p1a: Venusaur\n|-damage|p1a: Venusaur|8/100\n|-enditem|p1a: Venusaur|Leftovers|[from] move: Knock Off|[of] p2a: Lurantis\n|\n|-heal|p2a: Lurantis|183/264|[from] item: Leftovers\n|upkeep\n|turn|18\n|inactive|Time left: 300 sec this turn | 300 sec total\n|\n|t:|1783543061\n|move|p1a: Venusaur|Energy Ball|p2a: Lurantis\n|-damage|p2a: Lurantis|44/264\n|move|p2a: Lurantis|Synthesis|p2a: Lurantis\n|-heal|p2a: Lurantis|176/264\n|\n|-heal|p2a: Lurantis|192/264|[from] item: Leftovers\n|upkeep\n|turn|19\n|inactive|Time left: 300 sec this turn | 300 sec total\n|\n|t:|1783543062\n|move|p1a: Venusaur|Energy Ball|p2a: Lurantis\n|-damage|p2a: Lurantis|48/264\n|move|p2a: Lurantis|Synthesis|p2a: Lurantis\n|-heal|p2a: Lurantis|180/264\n|\n|-heal|p2a: Lurantis|196/264|[from] item: Leftovers\n|upkeep\n|turn|20\n|inactive|Time left: 300 sec this turn | 300 sec total\n|\n|t:|1783543064\n|move|p1a: Venusaur|Energy Ball|p2a: Lurantis\n|-damage|p2a: Lurantis|57/264\n|move|p2a: Lurantis|Synthesis|p2a: Lurantis\n|-heal|p2a: Lurantis|189/264\n|\n|-heal|p2a: Lurantis|205/264|[from] item: Leftovers\n|upkeep\n|turn|21\n|inactive|Time left: 300 sec this turn | 300 sec total\n|\n|t:|1783543065\n|move|p1a: Venusaur|Energy Ball|p2a: Lurantis\n|-damage|p2a: Lurantis|69/264\n|move|p2a: Lurantis|Superpower|p1a: Venusaur\n|-resisted|p1a: Venusaur\n|-damage|p1a: Venusaur|0 fnt\n|-boost|p2a: Lurantis|atk|1\n|-boost|p2a: Lurantis|def|1\n|faint|p1a: Venusaur\n|\n|-heal|p2a: Lurantis|85/264|[from] item: Leftovers\n|upkeep\n|\n|t:|1783543066\n|switch|p1a: Kingambit|Kingambit, L74, F, tera:Flying|42/100\n|-activate|p1a: Kingambit|ability: Supreme Overlord\n|-start|p1a: Kingambit|fallen4|[silent]\n|turn|22\n|inactive|Time left: 300 sec this turn | 300 sec total\n|\n|t:|1783543067\n|move|p1a: Kingambit|Sucker Punch||[still]\n|-fail|p1a: Kingambit\n|move|p2a: Lurantis|Synthesis|p2a: Lurantis\n|-heal|p2a: Lurantis|217/264\n|\n|-heal|p2a: Lurantis|233/264|[from] item: Leftovers\n|-heal|p1a: Kingambit|48/100|[from] item: Leftovers\n|upkeep\n|turn|23\n|inactive|Time left: 300 sec this turn | 300 sec total\n|\n|t:|1783543068\n|move|p1a: Kingambit|Sucker Punch|p2a: Lurantis\n|-resisted|p2a: Lurantis\n|-damage|p2a: Lurantis|218/264\n|move|p2a: Lurantis|Superpower|p1a: Kingambit\n|-resisted|p1a: Kingambit\n|-damage|p1a: Kingambit|0 fnt\n|-boost|p2a: Lurantis|atk|1\n|-boost|p2a: Lurantis|def|1\n|faint|p1a: Kingambit\n|-end|p1a: Kingambit|fallen4|[silent]\n|\n|-heal|p2a: Lurantis|234/264|[from] item: Leftovers\n|upkeep\n|\n|t:|1783543068\n|switch|p1a: Regigigas|Regigigas, L84|100/100\n|-start|p1a: Regigigas|ability: Slow Start\n|turn|24\n|inactive|Time left: 300 sec this turn | 300 sec total\n|\n|t:|1783543069\n|move|p1a: Regigigas|Protect|p1a: Regigigas\n|-singleturn|p1a: Regigigas|Protect\n|move|p2a: Lurantis|Superpower|p1a: Regigigas\n|-activate|p1a: Regigigas|move: Protect\n|\n|-heal|p2a: Lurantis|250/264|[from] item: Leftovers\n|upkeep\n|turn|25\n|inactive|Time left: 300 sec this turn | 300 sec total\n|\n|t:|1783543070\n|move|p1a: Regigigas|Protect||[still]\n|-fail|p1a: Regigigas\n|move|p2a: Lurantis|Superpower|p1a: Regigigas\n|-supereffective|p1a: Regigigas\n|-damage|p1a: Regigigas|0 fnt\n|faint|p1a: Regigigas\n|-end|p1a: Regigigas|Slow Start|[silent]\n|\n|win|p0y298fae5", "uploadtime": 1783543070, "views": 0, "rating": 0, "private": 0, "password": null, "_winner": "p0y298fae5", "_our_name": "p0y298fae5"}