{"id": "battle-gen9randombattle-2541", "formatid": "gen9randombattle", "format": "[Gen 9] Random Battle", "players": ["p0x2541bd76", "p0y2541b452"], "log": "|init|battle\n|title|p0x2541bd76 vs. p0y2541b452\n|j|\u2606p0x2541bd76\n|j|\u2606p0y2541b452\n|t:|1783568437\n|gametype|singles\n|player|p1|p0x2541bd76|169|\n|player|p2|p0y2541b452|266|\n|gen|9\n|tier|[Gen 9] Random Battle\n|rule|Species Clause: Limit one of each Pok\u00e9mon\n|rule|HP Percentage Mod: HP is shown in percentages\n|rule|Sleep Clause Mod: Limit one foe put to sleep\n|rule|Illusion Level Mod: Illusion disguises the Pok\u00e9mon's true level\n|\n|t:|1783568437\n|teamsize|p1|6\n|teamsize|p2|6\n|start\n|switch|p1a: Necrozma|Necrozma-Dawn-Wings, L76|100/100\n|switch|p2a: Tatsugiri|Tatsugiri, L87, F|260/260\n|turn|1\n|inactive|Battle timer is ON: inactive players will automatically lose when time's up. (requested by p0y2541b452)\n|inactive|p0x2541bd76 also wants the timer to be on.\n|\n|t:|1783568439\n|move|p2a: Tatsugiri|Nasty Plot|p2a: Tatsugiri\n|-boost|p2a: Tatsugiri|spa|2\n|move|p1a: Necrozma|Moongeist Beam|p2a: Tatsugiri\n|-damage|p2a: Tatsugiri|104/260\n|-damage|p1a: Necrozma|91/100|[from] item: Life Orb\n|\n|upkeep\n|turn|2\n|inactive|Time left: 300 sec this turn | 300 sec total\n|\n|t:|1783568440\n|move|p2a: Tatsugiri|Draco Meteor|p1a: Necrozma\n|-damage|p1a: Necrozma|0 fnt\n|-unboost|p2a: Tatsugiri|spa|2\n|faint|p1a: Necrozma\n|\n|upkeep\n|\n|t:|1783568441\n|switch|p1a: Furret|Furret, L94, M|100/100\n|-item|p2a: Tatsugiri|Heavy-Duty Boots|[from] ability: Frisk|[of] p1a: Furret\n|turn|3\n|inactive|Time left: 300 sec this turn | 300 sec total\n|\n|t:|1783568442\n|switch|p2a: Ting-Lu|Ting-Lu, L78|370/370\n|-ability|p2a: Ting-Lu|Vessel of Ruin\n|move|p1a: Furret|Knock Off|p2a: Ting-Lu\n|-resisted|p2a: Ting-Lu\n|-damage|p2a: Ting-Lu|330/370\n|-enditem|p2a: Ting-Lu|Leftovers|[from] move: Knock Off|[of] p1a: Furret\n|-damage|p1a: Furret|91/100|[from] item: Life Orb\n|\n|upkeep\n|turn|4\n|inactive|Time left: 300 sec this turn | 300 sec total\n|\n|t:|1783568444\n|switch|p1a: Pelipper|Pelipper, L86, F|100/100\n|-weather|RainDance|[from] ability: Drizzle|[of] p1a: Pelipper\n|move|p2a: Ting-Lu|Earthquake|p1a: Pelipper\n|-immune|p1a: Pelipper\n|\n|-weather|RainDance|[upkeep]\n|upkeep\n|turn|5\n|inactive|Time left: 300 sec this turn | 300 sec total\n|\n|t:|1783568445\n|move|p1a: Pelipper|Hurricane|p2a: Ting-Lu\n|-damage|p2a: Ting-Lu|185/370\n|move|p2a: Ting-Lu|Spikes|p1a: Pelipper\n|-sidestart|p1: p0x2541bd76|Spikes\n|\n|-weather|RainDance|[upkeep]\n|upkeep\n|turn|6\n|inactive|Time left: 300 sec this turn | 300 sec total\n|\n|t:|1783568446\n|move|p1a: Pelipper|Hurricane|p2a: Ting-Lu\n|-damage|p2a: Ting-Lu|35/370\n|move|p2a: Ting-Lu|Throat Chop|p1a: Pelipper\n|-damage|p1a: Pelipper|68/100\n|-start|p1a: Pelipper|Throat Chop|[silent]\n|\n|-weather|RainDance|[upkeep]\n|upkeep\n|turn|7\n|inactive|Time left: 300 sec this turn | 300 sec total\n|\n|t:|1783568447\n|move|p1a: Pelipper|Hurricane|p2a: Ting-Lu\n|-damage|p2a: Ting-Lu|0 fnt\n|faint|p2a: Ting-Lu\n|\n|-weather|RainDance|[upkeep]\n|-end|p1a: Pelipper|Throat Chop|[silent]\n|upkeep\n|inactive|Time left: 300 sec this turn | 300 sec total | 5 sec grace\n|\n|t:|1783568448\n|switch|p2a: Espeon|Espeon, L84, M|246/246\n|turn|8\n|inactive|Time left: 300 sec this turn | 300 sec total\n|\n|t:|1783568449\n|move|p2a: Espeon|Psychic|p1a: Pelipper\n|-damage|p1a: Pelipper|0 fnt\n|faint|p1a: Pelipper\n|\n|-weather|none\n|upkeep\n|\n|t:|1783568450\n|switch|p1a: Muk|Muk-Alola, L82, M|100/100\n|-damage|p1a: Muk|88/100|[from] Spikes\n|turn|9\n|inactive|Time left: 300 sec this turn | 300 sec total\n|\n|t:|1783568451\n|switch|p2a: Muk|Muk-Alola, L82, F|306/306\n|move|p1a: Muk|Knock Off|p2a: Muk\n|-resisted|p2a: Muk\n|-damage|p2a: Muk|242/306\n|-enditem|p2a: Muk|Assault Vest|[from] move: Knock Off|[of] p1a: Muk\n|\n|upkeep\n|turn|10\n|inactive|Time left: 300 sec this turn | 300 sec total\n|\n|t:|1783568452\n|move|p1a: Muk|Knock Off|p2a: Muk\n|-resisted|p2a: Muk\n|-damage|p2a: Muk|206/306\n|move|p2a: Muk|Knock Off|p1a: Muk\n|-resisted|p1a: Muk\n|-damage|p1a: Muk|70/100\n|-enditem|p1a: Muk|Assault Vest|[from] move: Knock Off|[of] p2a: Muk\n|\n|upkeep\n|turn|11\n|inactive|Time left: 300 sec this turn | 300 sec total\n|\n|t:|1783568453\n|move|p2a: Muk|Gunk Shot|p1a: Muk\n|-resisted|p1a: Muk\n|-damage|p1a: Muk|45/100\n|move|p1a: Muk|Knock Off|p2a: Muk\n|-resisted|p2a: Muk\n|-damage|p2a: Muk|170/306\n|\n|upkeep\n|turn|12\n|inactive|Time left: 300 sec this turn | 300 sec total\n|\n|t:|1783568454\n|move|p1a: Muk|Drain Punch|p2a: Muk\n|-damage|p2a: Muk|103/306\n|-heal|p1a: Muk|56/100|[from] drain|[of] p2a: Muk\n|move|p2a: Muk|Gunk Shot|p1a: Muk|[miss]\n|-miss|p2a: Muk|p1a: Muk\n|\n|upkeep\n|turn|13\n|inactive|Time left: 300 sec this turn | 300 sec total\n|\n|t:|1783568455\n|move|p1a: Muk|Knock Off|p2a: Muk\n|-resisted|p2a: Muk\n|-damage|p2a: Muk|64/306\n|move|p2a: Muk|Drain Punch|p1a: Muk\n|-damage|p1a: Muk|36/100\n|-heal|p2a: Muk|95/306|[from] drain|[of] p1a: Muk\n|\n|upkeep\n|turn|14\n|inactive|Time left: 300 sec this turn | 300 sec total\n|\n|t:|1783568456\n|move|p2a: Muk|Drain Punch|p1a: Muk\n|-damage|p1a: Muk|17/100\n|-heal|p2a: Muk|123/306|[from] drain|[of] p1a: Muk\n|move|p1a: Muk|Drain Punch|p2a: Muk\n|-damage|p2a: Muk|67/306\n|-heal|p1a: Muk|27/100|[from] drain|[of] p2a: Muk\n|\n|upkeep\n|turn|15\n|inactive|Time left: 300 sec this turn | 300 sec total\n|\n|t:|1783568457\n|move|p1a: Muk|Gunk Shot|p2a: Muk|[miss]\n|-miss|p1a: Muk|p2a: Muk\n|move|p2a: Muk|Drain Punch|p1a: Muk\n|-damage|p1a: Muk|5/100\n|-heal|p2a: Muk|100/306|[from] drain|[of] p1a: Muk\n|\n|upkeep\n|turn|16\n|inactive|Time left: 300 sec this turn | 300 sec total\n|\n|t:|1783568458\n|move|p2a: Muk|Shadow Sneak|p1a: Muk\n|-resisted|p1a: Muk\n|-damage|p1a: Muk|0 fnt\n|faint|p1a: Muk\n|\n|upkeep\n|\n|t:|1783568459\n|switch|p1a: Furret|Furret, L94, M|91/100\n|-damage|p1a: Furret|78/100|[from] Spikes\n|turn|17\n|inactive|Time left: 300 sec this turn | 300 sec total\n|\n|t:|1783568460\n|move|p1a: Furret|Double-Edge|p2a: Muk\n|-damage|p2a: Muk|0 fnt\n|faint|p2a: Muk\n|-damage|p1a: Furret|67/100|[from] Recoil\n|-damage|p1a: Furret|58/100|[from] item: Life Orb\n|\n|upkeep\n|inactive|Time left: 300 sec this turn | 300 sec total | 5 sec grace\n|\n|t:|1783568461\n|switch|p2a: Espeon|Espeon, L84, M|246/246\n|turn|18\n|inactive|Time left: 300 sec this turn | 300 sec total\n|\n|t:|1783568461\n|switch|p1a: Probopass|Probopass, L91, F|100/100\n|-damage|p1a: Probopass|88/100|[from] Spikes\n|move|p2a: Espeon|Psychic|p1a: Probopass\n|-resisted|p1a: Probopass\n|-damage|p1a: Probopass|66/100\n|\n|upkeep\n|turn|19\n|inactive|Time left: 300 sec this turn | 300 sec total\n|\n|t:|1783568462\n|move|p2a: Espeon|Psychic|p1a: Probopass\n|-resisted|p1a: Probopass\n|-damage|p1a: Probopass|44/100\n|move|p1a: Probopass|Flash Cannon|p2a: Espeon\n|-damage|p2a: Espeon|167/246\n|\n|upkeep\n|turn|20\n|inactive|Time left: 300 sec this turn | 300 sec total\n|\n|t:|1783568464\n|move|p2a: Espeon|Psychic|p1a: Probopass\n|-resisted|p1a: Probopass\n|-damage|p1a: Probopass|22/100\n|move|p1a: Probopass|Rest|p1a: Probopass\n|-status|p1a: Probopass|slp|[from] move: Rest\n|-heal|p1a: Probopass|100/100 slp|[silent]\n|-enditem|p1a: Probopass|Chesto Berry|[eat]\n|-curestatus|p1a: Probopass|slp|[msg]\n|\n|upkeep\n|turn|21\n|inactive|Time left: 300 sec this turn | 300 sec total\n|\n|t:|1783568465\n|move|p2a: Espeon|Psychic|p1a: Probopass\n|-resisted|p1a: Probopass\n|-damage|p1a: Probopass|79/100\n|-unboost|p1a: Probopass|spd|1\n|move|p1a: Probopass|Iron Defense|p1a: Probopass\n|-boost|p1a: Probopass|def|2\n|\n|upkeep\n|turn|22\n|inactive|Time left: 300 sec this turn | 300 sec total\n|\n|t:|1783568466\n|-terastallize|p2a: Espeon|Psychic\n|move|p2a: Espeon|Psychic|p1a: Probopass\n|-resisted|p1a: Probopass\n|-damage|p1a: Probopass|37/100\n|move|p1a: Probopass|Body Press|p2a: Espeon\n|-resisted|p2a: Espeon\n|-damage|p2a: Espeon|54/246\n|\n|upkeep\n|turn|23\n|inactive|Time left: 300 sec this turn | 300 sec total\n|\n|t:|1783568466\n|switch|p1a: Giratina|Giratina, L75|100/100\n|-damage|p1a: Giratina|88/100|[from] Spikes\n|-ability|p1a: Giratina|Pressure\n|move|p2a: Espeon|Psychic|p1a: Giratina\n|-damage|p1a: Giratina|32/100\n|\n|-heal|p1a: Giratina|38/100|[from] item: Leftovers\n|upkeep\n|turn|24\n|inactive|Time left: 300 sec this turn | 300 sec total\n|\n|t:|1783568467\n|move|p2a: Espeon|Psychic|p1a: Giratina\n|-damage|p1a: Giratina|0 fnt\n|faint|p1a: Giratina\n|\n|upkeep\n|\n|t:|1783568468\n|switch|p1a: Furret|Furret, L94, M|58/100\n|-damage|p1a: Furret|45/100|[from] Spikes\n|-item|p2a: Espeon|Choice Specs|[from] ability: Frisk|[of] p1a: Furret\n|turn|25\n|inactive|Time left: 300 sec this turn | 300 sec total\n|\n|t:|1783568469\n|-terastallize|p1a: Furret|Ghost\n|move|p2a: Espeon|Psychic|p1a: Furret\n|-damage|p1a: Furret|0 fnt\n|faint|p1a: Furret\n|\n|upkeep\n|\n|t:|1783568470\n|switch|p1a: Probopass|Probopass, L91, F|37/100\n|-damage|p1a: Probopass|24/100|[from] Spikes\n|turn|26\n|inactive|Time left: 300 sec this turn | 300 sec total\n|\n|t:|1783568470\n|move|p2a: Espeon|Psychic|p1a: Probopass\n|-resisted|p1a: Probopass\n|-damage|p1a: Probopass|0 fnt\n|faint|p1a: Probopass\n|\n|win|p0y2541b452", "uploadtime": 1783568470, "views": 0, "rating": 0, "private": 0, "password": null, "_winner": "p0y2541b452", "_our_name": "p0y2541b452"}