{"id": "battle-gen9randombattle-2428", "formatid": "gen9randombattle", "format": "[Gen 9] Random Battle", "players": ["p0x24287ff4", "p0y24280f03"], "log": "|init|battle\n|title|p0x24287ff4 vs. p0y24280f03\n|j|\u2606p0x24287ff4\n|j|\u2606p0y24280f03\n|t:|1783568161\n|gametype|singles\n|player|p1|p0x24287ff4|169|\n|player|p2|p0y24280f03|1|\n|gen|9\n|tier|[Gen 9] Random Battle\n|rule|Species Clause: Limit one of each Pok\u00e9mon\n|rule|HP Percentage Mod: HP is shown in percentages\n|rule|Sleep Clause Mod: Limit one foe put to sleep\n|rule|Illusion Level Mod: Illusion disguises the Pok\u00e9mon's true level\n|\n|t:|1783568161\n|teamsize|p1|6\n|teamsize|p2|6\n|start\n|switch|p1a: Corviknight|Corviknight, L80, M|100/100\n|switch|p2a: Ariados|Ariados, L95, M|287/287\n|turn|1\n|inactive|Battle timer is ON: inactive players will automatically lose when time's up. (requested by p0y24280f03)\n|inactive|p0x24287ff4 also wants the timer to be on.\n|\n|t:|1783568162\n|move|p1a: Corviknight|Brave Bird|p2a: Ariados\n|-supereffective|p2a: Ariados\n|-damage|p2a: Ariados|75/287\n|-damage|p1a: Corviknight|76/100|[from] Recoil\n|move|p2a: Ariados|Sticky Web|p1a: Corviknight\n|-sidestart|p1: p0x24287ff4|move: Sticky Web\n|\n|-heal|p1a: Corviknight|82/100|[from] item: Leftovers\n|upkeep\n|turn|2\n|inactive|Time left: 300 sec this turn | 300 sec total\n|\n|t:|1783568164\n|move|p1a: Corviknight|Defog|p2a: Ariados\n|-unboost|p2a: Ariados|evasion|1\n|-sideend|p1: p0x24287ff4|Sticky Web|[from] move: Defog|[of] p1a: Corviknight\n|move|p2a: Ariados|Sticky Web|p1a: Corviknight\n|-sidestart|p1: p0x24287ff4|move: Sticky Web\n|\n|-heal|p1a: Corviknight|89/100|[from] item: Leftovers\n|upkeep\n|turn|3\n|inactive|Time left: 300 sec this turn | 300 sec total\n|\n|t:|1783568164\n|move|p1a: Corviknight|Defog|p2a: Ariados\n|-unboost|p2a: Ariados|evasion|1\n|-sideend|p1: p0x24287ff4|Sticky Web|[from] move: Defog|[of] p1a: Corviknight\n|move|p2a: Ariados|Sticky Web|p1a: Corviknight\n|-sidestart|p1: p0x24287ff4|move: Sticky Web\n|\n|-heal|p1a: Corviknight|95/100|[from] item: Leftovers\n|upkeep\n|turn|4\n|inactive|Time left: 300 sec this turn | 300 sec total\n|\n|t:|1783568165\n|move|p1a: Corviknight|Defog|p2a: Ariados\n|-unboost|p2a: Ariados|evasion|1\n|-sideend|p1: p0x24287ff4|Sticky Web|[from] move: Defog|[of] p1a: Corviknight\n|move|p2a: Ariados|Sticky Web|p1a: Corviknight\n|-sidestart|p1: p0x24287ff4|move: Sticky Web\n|\n|-heal|p1a: Corviknight|100/100|[from] item: Leftovers\n|upkeep\n|turn|5\n|inactive|Time left: 300 sec this turn | 300 sec total\n|\n|t:|1783568166\n|move|p1a: Corviknight|Defog|p2a: Ariados\n|-unboost|p2a: Ariados|evasion|1\n|-sideend|p1: p0x24287ff4|Sticky Web|[from] move: Defog|[of] p1a: Corviknight\n|move|p2a: Ariados|Sticky Web|p1a: Corviknight\n|-sidestart|p1: p0x24287ff4|move: Sticky Web\n|\n|upkeep\n|turn|6\n|inactive|Time left: 300 sec this turn | 300 sec total\n|\n|t:|1783568167\n|switch|p2a: Primarina|Primarina, L83, M|268/268\n|move|p1a: Corviknight|Defog|p2a: Primarina\n|-unboost|p2a: Primarina|evasion|1\n|-sideend|p1: p0x24287ff4|Sticky Web|[from] move: Defog|[of] p1a: Corviknight\n|\n|upkeep\n|turn|7\n|inactive|Time left: 300 sec this turn | 300 sec total\n|\n|t:|1783568169\n|move|p1a: Corviknight|Brave Bird|p2a: Primarina\n|-damage|p2a: Primarina|150/268\n|-damage|p1a: Corviknight|87/100|[from] Recoil\n|move|p2a: Primarina|Calm Mind|p2a: Primarina\n|-boost|p2a: Primarina|spa|1\n|-boost|p2a: Primarina|spd|1\n|\n|-heal|p1a: Corviknight|93/100|[from] item: Leftovers\n|-heal|p2a: Primarina|166/268|[from] item: Leftovers\n|upkeep\n|turn|8\n|inactive|Time left: 300 sec this turn | 300 sec total\n|\n|t:|1783568170\n|move|p1a: Corviknight|Brave Bird|p2a: Primarina\n|-damage|p2a: Primarina|51/268\n|-damage|p1a: Corviknight|80/100|[from] Recoil\n|move|p2a: Primarina|Moonblast|p1a: Corviknight\n|-resisted|p1a: Corviknight\n|-damage|p1a: Corviknight|49/100\n|-ability|p1a: Corviknight|Mirror Armor\n|-unboost|p2a: Primarina|spa|1\n|\n|-heal|p1a: Corviknight|55/100|[from] item: Leftovers\n|-heal|p2a: Primarina|67/268|[from] item: Leftovers\n|upkeep\n|turn|9\n|inactive|Time left: 300 sec this turn | 300 sec total\n|\n|t:|1783568171\n|switch|p2a: Golem|Golem, L87, F|281/281\n|move|p1a: Corviknight|Brave Bird|p2a: Golem\n|-resisted|p2a: Golem\n|-damage|p2a: Golem|244/281\n|-damage|p1a: Corviknight|51/100|[from] Recoil\n|\n|-heal|p1a: Corviknight|57/100|[from] item: Leftovers\n|upkeep\n|turn|10\n|inactive|Time left: 300 sec this turn | 300 sec total\n|\n|t:|1783568172\n|move|p1a: Corviknight|Roost|p1a: Corviknight\n|-heal|p1a: Corviknight|100/100\n|-singleturn|p1a: Corviknight|move: Roost\n|move|p2a: Golem|Stone Edge|p1a: Corviknight|[miss]\n|-miss|p2a: Golem|p1a: Corviknight\n|\n|upkeep\n|turn|11\n|inactive|Time left: 300 sec this turn | 300 sec total\n|\n|t:|1783568173\n|move|p1a: Corviknight|Brave Bird|p2a: Golem\n|-resisted|p2a: Golem\n|-damage|p2a: Golem|208/281\n|-damage|p1a: Corviknight|96/100|[from] Recoil\n|move|p2a: Golem|Stone Edge|p1a: Corviknight\n|-damage|p1a: Corviknight|54/100\n|\n|-heal|p1a: Corviknight|60/100|[from] item: Leftovers\n|upkeep\n|turn|12\n|inactive|Time left: 300 sec this turn | 300 sec total\n|\n|t:|1783568174\n|move|p1a: Corviknight|Brave Bird|p2a: Golem\n|-resisted|p2a: Golem\n|-damage|p2a: Golem|169/281\n|-damage|p1a: Corviknight|55/100|[from] Recoil\n|move|p2a: Golem|Stone Edge|p1a: Corviknight\n|-damage|p1a: Corviknight|15/100\n|\n|-heal|p1a: Corviknight|22/100|[from] item: Leftovers\n|upkeep\n|turn|13\n|inactive|Time left: 300 sec this turn | 300 sec total\n|\n|t:|1783568175\n|move|p1a: Corviknight|Roost|p1a: Corviknight\n|-heal|p1a: Corviknight|72/100\n|-singleturn|p1a: Corviknight|move: Roost\n|move|p2a: Golem|Earthquake|p1a: Corviknight\n|-supereffective|p1a: Corviknight\n|-damage|p1a: Corviknight|0 fnt\n|faint|p1a: Corviknight\n|\n|upkeep\n|\n|t:|1783568176\n|switch|p1a: Mamoswine|Mamoswine, L81, F|100/100\n|turn|14\n|inactive|Time left: 300 sec this turn | 300 sec total\n|\n|t:|1783568178\n|switch|p2a: Appletun|Appletun, L92, M|352/352\n|move|p1a: Mamoswine|Earthquake|p2a: Appletun\n|-resisted|p2a: Appletun\n|-damage|p2a: Appletun|274/352\n|-damage|p1a: Mamoswine|91/100|[from] item: Life Orb\n|\n|-heal|p2a: Appletun|296/352|[from] item: Leftovers\n|upkeep\n|turn|15\n|inactive|Time left: 300 sec this turn | 300 sec total\n|\n|t:|1783568179\n|-terastallize|p1a: Mamoswine|Ice\n|move|p1a: Mamoswine|Icicle Crash|p2a: Appletun\n|-supereffective|p2a: Appletun\n|-damage|p2a: Appletun|0 fnt\n|faint|p2a: Appletun\n|-damage|p1a: Mamoswine|81/100|[from] item: Life Orb\n|\n|upkeep\n|inactive|Time left: 300 sec this turn | 300 sec total | 5 sec grace\n|\n|t:|1783568180\n|switch|p2a: Raichu|Raichu-Alola, L87, M|246/246\n|turn|16\n|inactive|Time left: 300 sec this turn | 300 sec total\n|\n|t:|1783568181\n|move|p2a: Raichu|Thunderbolt|p1a: Mamoswine\n|-crit|p1a: Mamoswine\n|-damage|p1a: Mamoswine|0 fnt\n|faint|p1a: Mamoswine\n|\n|upkeep\n|\n|t:|1783568182\n|switch|p1a: Dugtrio|Dugtrio, L84, M|100/100\n|turn|17\n|inactive|Time left: 300 sec this turn | 300 sec total\n|\n|t:|1783568183\n|move|p1a: Dugtrio|Earthquake|p2a: Raichu\n|-supereffective|p2a: Raichu\n|-damage|p2a: Raichu|0 fnt\n|faint|p2a: Raichu\n|-damage|p1a: Dugtrio|91/100|[from] item: Life Orb\n|\n|upkeep\n|inactive|Time left: 300 sec this turn | 300 sec total | 5 sec grace\n|\n|t:|1783568184\n|switch|p2a: Golem|Golem, L87, F|169/281\n|turn|18\n|inactive|Time left: 300 sec this turn | 300 sec total\n|\n|t:|1783568185\n|-terastallize|p2a: Golem|Grass\n|move|p1a: Dugtrio|Earthquake|p2a: Golem\n|-resisted|p2a: Golem\n|-damage|p2a: Golem|114/281\n|-damage|p1a: Dugtrio|81/100|[from] item: Life Orb\n|move|p2a: Golem|Earthquake|p1a: Dugtrio\n|-damage|p1a: Dugtrio|0 fnt\n|faint|p1a: Dugtrio\n|\n|upkeep\n|\n|t:|1783568186\n|switch|p1a: Medicham|Medicham, L86, M|100/100\n|turn|19\n|inactive|Time left: 300 sec this turn | 300 sec total\n|\n|t:|1783568187\n|move|p1a: Medicham|Close Combat|p2a: Golem\n|-damage|p2a: Golem|0 fnt\n|-unboost|p1a: Medicham|def|1\n|-unboost|p1a: Medicham|spd|1\n|faint|p2a: Golem\n|\n|upkeep\n|inactive|Time left: 300 sec this turn | 300 sec total | 5 sec grace\n|\n|t:|1783568188\n|switch|p2a: Ariados|Ariados, L95, M|75/287\n|turn|20\n|inactive|Time left: 300 sec this turn | 300 sec total\n|\n|t:|1783568189\n|switch|p1a: Blissey|Blissey, L85, F|100/100\n|move|p2a: Ariados|Sticky Web|p1a: Blissey\n|-sidestart|p1: p0x24287ff4|move: Sticky Web\n|\n|upkeep\n|turn|21\n|inactive|Time left: 300 sec this turn | 300 sec total\n|\n|t:|1783568190\n|switch|p2a: Amoonguss|Amoonguss, L82, F|321/321\n|move|p1a: Blissey|Seismic Toss|p2a: Amoonguss\n|-damage|p2a: Amoonguss|236/321\n|\n|-heal|p2a: Amoonguss|256/321|[from] item: Leftovers\n|upkeep\n|turn|22\n|inactive|Time left: 300 sec this turn | 300 sec total\n|\n|t:|1783568191\n|move|p1a: Blissey|Thunder Wave|p2a: Amoonguss\n|-status|p2a: Amoonguss|par\n|cant|p2a: Amoonguss|par\n|\n|-heal|p2a: Amoonguss|276/321 par|[from] item: Leftovers\n|upkeep\n|turn|23\n|inactive|Time left: 300 sec this turn | 300 sec total\n|\n|t:|1783568192\n|move|p1a: Blissey|Seismic Toss|p2a: Amoonguss\n|-damage|p2a: Amoonguss|191/321 par\n|move|p2a: Amoonguss|Spore|p1a: Blissey\n|-status|p1a: Blissey|slp|[from] move: Spore\n|\n|-heal|p2a: Amoonguss|211/321 par|[from] item: Leftovers\n|upkeep\n|turn|24\n|inactive|Time left: 300 sec this turn | 300 sec total\n|\n|t:|1783568193\n|-curestatus|p1a: Blissey|slp|[from] ability: Natural Cure|[silent]\n|switch|p1a: Medicham|Medicham, L86, M|100/100\n|-activate|p1a: Medicham|move: Sticky Web\n|-unboost|p1a: Medicham|spe|1\n|switch|p2a: Primarina|Primarina, L83, M|67/268\n|\n|-heal|p2a: Primarina|83/268|[from] item: Leftovers\n|upkeep\n|turn|25\n|inactive|Time left: 300 sec this turn | 300 sec total\n|\n|t:|1783568194\n|move|p1a: Medicham|Zen Headbutt|p2a: Primarina\n|-damage|p2a: Primarina|0 fnt\n|faint|p2a: Primarina\n|\n|upkeep\n|inactive|Time left: 300 sec this turn | 300 sec total | 5 sec grace\n|\n|t:|1783568195\n|switch|p2a: Amoonguss|Amoonguss, L82, F|318/321 par\n|turn|26\n|inactive|Time left: 300 sec this turn | 300 sec total\n|\n|t:|1783568196\n|move|p1a: Medicham|Zen Headbutt|p2a: Amoonguss\n|-supereffective|p2a: Amoonguss\n|-damage|p2a: Amoonguss|0 fnt\n|faint|p2a: Amoonguss\n|\n|upkeep\n|inactive|Time left: 300 sec this turn | 300 sec total | 5 sec grace\n|\n|t:|1783568196\n|switch|p2a: Ariados|Ariados, L95, M|75/287\n|turn|27\n|inactive|Time left: 300 sec this turn | 300 sec total\n|\n|t:|1783568197\n|move|p1a: Medicham|Zen Headbutt|p2a: Ariados\n|-supereffective|p2a: Ariados\n|-damage|p2a: Ariados|0 fnt\n|faint|p2a: Ariados\n|\n|win|p0x24287ff4", "uploadtime": 1783568197, "views": 0, "rating": 0, "private": 0, "password": null, "_winner": "p0x24287ff4", "_our_name": "p0y24280f03"}