{"id": "battle-gen9randombattle-1383", "formatid": "gen9randombattle", "format": "[Gen 9] Random Battle", "players": ["p0x1383b2a5", "p0y13839ab8"], "log": "|init|battle\n|title|p0x1383b2a5 vs. p0y13839ab8\n|j|\u2606p0x1383b2a5\n|j|\u2606p0y13839ab8\n|t:|1783556074\n|gametype|singles\n|player|p1|p0x1383b2a5|101|\n|player|p2|p0y13839ab8|2|\n|gen|9\n|tier|[Gen 9] Random Battle\n|rule|Species Clause: Limit one of each Pok\u00e9mon\n|rule|HP Percentage Mod: HP is shown in percentages\n|rule|Sleep Clause Mod: Limit one foe put to sleep\n|rule|Illusion Level Mod: Illusion disguises the Pok\u00e9mon's true level\n|\n|t:|1783556074\n|teamsize|p1|6\n|teamsize|p2|6\n|start\n|switch|p1a: Kingdra|Kingdra, L84, F|100/100\n|switch|p2a: Scrafty|Scrafty, L83, M|244/244\n|turn|1\n|inactive|Battle timer is ON: inactive players will automatically lose when time's up. (requested by p0x1383b2a5)\n|inactive|Time left: 300 sec this turn | 300 sec total | 60 sec grace\n|inactive|p0y13839ab8 also wants the timer to be on.\n|\n|t:|1783556076\n|move|p1a: Kingdra|Dragon Dance|p1a: Kingdra\n|-boost|p1a: Kingdra|atk|1\n|-boost|p1a: Kingdra|spe|1\n|move|p2a: Scrafty|Bulk Up|p2a: Scrafty\n|-boost|p2a: Scrafty|atk|1\n|-boost|p2a: Scrafty|def|1\n|\n|upkeep\n|turn|2\n|inactive|Time left: 300 sec this turn | 300 sec total\n|\n|t:|1783556077\n|move|p1a: Kingdra|Dragon Dance|p1a: Kingdra\n|-boost|p1a: Kingdra|atk|1\n|-boost|p1a: Kingdra|spe|1\n|move|p2a: Scrafty|Drain Punch|p1a: Kingdra\n|-damage|p1a: Kingdra|59/100\n|\n|upkeep\n|turn|3\n|inactive|Time left: 300 sec this turn | 300 sec total\n|\n|t:|1783556079\n|move|p1a: Kingdra|Outrage|p2a: Scrafty\n|-damage|p2a: Scrafty|99/244\n|move|p2a: Scrafty|Drain Punch|p1a: Kingdra\n|-crit|p1a: Kingdra\n|-damage|p1a: Kingdra|1/100\n|-heal|p2a: Scrafty|176/244|[from] drain|[of] p1a: Kingdra\n|\n|-heal|p2a: Scrafty|191/244|[from] item: Leftovers\n|upkeep\n|turn|4\n|inactive|Time left: 300 sec this turn | 300 sec total\n|\n|t:|1783556080\n|move|p1a: Kingdra|Outrage|p2a: Scrafty|[from] lockedmove\n|-damage|p2a: Scrafty|49/244\n|move|p2a: Scrafty|Drain Punch|p1a: Kingdra\n|-damage|p1a: Kingdra|0 fnt\n|-heal|p2a: Scrafty|50/244|[from] drain|[of] p1a: Kingdra\n|faint|p1a: Kingdra\n|\n|-heal|p2a: Scrafty|65/244|[from] item: Leftovers\n|upkeep\n|\n|t:|1783556081\n|switch|p1a: Chi-Yu|Chi-Yu, L77|100/100\n|-ability|p1a: Chi-Yu|Beads of Ruin\n|turn|5\n|inactive|Time left: 300 sec this turn | 300 sec total\n|\n|t:|1783556082\n|move|p1a: Chi-Yu|Flamethrower|p2a: Scrafty\n|-damage|p2a: Scrafty|0 fnt\n|faint|p2a: Scrafty\n|\n|upkeep\n|inactive|Time left: 300 sec this turn | 300 sec total | 5 sec grace\n|\n|t:|1783556083\n|switch|p2a: Iron Hands|Iron Hands, L79|373/373\n|turn|6\n|inactive|Time left: 300 sec this turn | 300 sec total\n|\n|t:|1783556085\n|-terastallize|p1a: Chi-Yu|Fire\n|move|p1a: Chi-Yu|Flamethrower|p2a: Iron Hands\n|-damage|p2a: Iron Hands|143/373\n|move|p2a: Iron Hands|Drain Punch|p1a: Chi-Yu\n|-damage|p1a: Chi-Yu|52/100\n|-heal|p2a: Iron Hands|194/373|[from] drain|[of] p1a: Chi-Yu\n|\n|upkeep\n|turn|7\n|inactive|Time left: 300 sec this turn | 300 sec total\n|\n|t:|1783556086\n|-end|p2a: Iron Hands|Quark Drive|[silent]\n|switch|p2a: Gastrodon|Gastrodon, L86, M|331/331\n|move|p1a: Chi-Yu|Flamethrower|p2a: Gastrodon\n|-resisted|p2a: Gastrodon\n|-damage|p2a: Gastrodon|176/331\n|\n|-heal|p2a: Gastrodon|196/331|[from] item: Leftovers\n|upkeep\n|turn|8\n|inactive|Time left: 300 sec this turn | 300 sec total\n|\n|t:|1783556087\n|move|p1a: Chi-Yu|Flamethrower|p2a: Gastrodon\n|-resisted|p2a: Gastrodon\n|-crit|p2a: Gastrodon\n|-damage|p2a: Gastrodon|0 fnt\n|faint|p2a: Gastrodon\n|\n|upkeep\n|inactive|Time left: 300 sec this turn | 300 sec total | 5 sec grace\n|\n|t:|1783556088\n|switch|p2a: Dondozo|Dondozo, L78, M|362/362\n|turn|9\n|inactive|Time left: 300 sec this turn | 300 sec total\n|\n|t:|1783556089\n|move|p1a: Chi-Yu|Flamethrower|p2a: Dondozo\n|-resisted|p2a: Dondozo\n|-damage|p2a: Dondozo|166/362\n|move|p2a: Dondozo|Wave Crash|p1a: Chi-Yu\n|-supereffective|p1a: Chi-Yu\n|-damage|p1a: Chi-Yu|0 fnt\n|faint|p1a: Chi-Yu\n|-damage|p2a: Dondozo|130/362|[from] Recoil\n|\n|-heal|p2a: Dondozo|152/362|[from] item: Leftovers\n|upkeep\n|\n|t:|1783556090\n|switch|p1a: Oranguru|Oranguru, L92, M|100/100\n|turn|10\n|inactive|Time left: 300 sec this turn | 300 sec total\n|\n|t:|1783556092\n|switch|p2a: Duraludon|Duraludon, L82, M|249/249\n|move|p1a: Oranguru|Hyper Voice|p2a: Duraludon\n|-resisted|p2a: Duraludon\n|-damage|p2a: Duraludon|170/249\n|\n|upkeep\n|turn|11\n|inactive|Time left: 300 sec this turn | 300 sec total\n|\n|t:|1783556093\n|move|p1a: Oranguru|Hyper Voice|p2a: Duraludon\n|-resisted|p2a: Duraludon\n|-damage|p2a: Duraludon|96/249\n|move|p2a: Duraludon|Dragon Tail|p1a: Oranguru\n|-damage|p1a: Oranguru|80/100\n|drag|p1a: Raging Bolt|Raging Bolt, L78|100/100\n|\n|upkeep\n|turn|12\n|inactive|Time left: 300 sec this turn | 300 sec total\n|\n|t:|1783556094\n|-end|p1a: Raging Bolt|Protosynthesis|[silent]\n|switch|p1a: Oranguru|Oranguru, L92, M|80/100\n|move|p2a: Duraludon|Draco Meteor|p1a: Oranguru\n|-crit|p1a: Oranguru\n|-damage|p1a: Oranguru|24/100\n|-unboost|p2a: Duraludon|spa|2\n|\n|upkeep\n|turn|13\n|inactive|Time left: 300 sec this turn | 300 sec total\n|\n|t:|1783556095\n|switch|p2a: Mandibuzz|Mandibuzz, L85, F|326/326\n|move|p1a: Oranguru|Psyshock|p2a: Mandibuzz\n|-immune|p2a: Mandibuzz\n|\n|upkeep\n|turn|14\n|inactive|Time left: 300 sec this turn | 300 sec total\n|\n|t:|1783556096\n|switch|p1a: Raging Bolt|Raging Bolt, L78|100/100\n|move|p2a: Mandibuzz|Foul Play|p1a: Raging Bolt\n|-damage|p1a: Raging Bolt|80/100\n|\n|-heal|p1a: Raging Bolt|86/100|[from] item: Leftovers\n|upkeep\n|turn|15\n|inactive|Time left: 300 sec this turn | 300 sec total\n|\n|t:|1783556097\n|move|p2a: Mandibuzz|Toxic|p1a: Raging Bolt\n|-status|p1a: Raging Bolt|tox\n|move|p1a: Raging Bolt|Thunderbolt|p2a: Mandibuzz\n|-supereffective|p2a: Mandibuzz\n|-damage|p2a: Mandibuzz|126/326\n|\n|-heal|p1a: Raging Bolt|92/100 tox|[from] item: Leftovers\n|-damage|p1a: Raging Bolt|86/100 tox|[from] psn\n|upkeep\n|turn|16\n|inactive|Time left: 300 sec this turn | 300 sec total\n|\n|t:|1783556098\n|move|p2a: Mandibuzz|Roost|p2a: Mandibuzz\n|-heal|p2a: Mandibuzz|289/326\n|-singleturn|p2a: Mandibuzz|move: Roost\n|move|p1a: Raging Bolt|Thunderbolt|p2a: Mandibuzz\n|-damage|p2a: Mandibuzz|186/326\n|-status|p2a: Mandibuzz|par\n|\n|-heal|p1a: Raging Bolt|92/100 tox|[from] item: Leftovers\n|-damage|p1a: Raging Bolt|80/100 tox|[from] psn\n|upkeep\n|turn|17\n|inactive|Time left: 300 sec this turn | 300 sec total\n|\n|t:|1783556099\n|switch|p2a: Iron Hands|Iron Hands, L79|194/373\n|move|p1a: Raging Bolt|Thunderbolt|p2a: Iron Hands\n|-resisted|p2a: Iron Hands\n|-damage|p2a: Iron Hands|143/373\n|\n|-heal|p1a: Raging Bolt|86/100 tox|[from] item: Leftovers\n|-damage|p1a: Raging Bolt|68/100 tox|[from] psn\n|upkeep\n|turn|18\n|inactive|Time left: 300 sec this turn | 300 sec total\n|\n|t:|1783556100\n|move|p1a: Raging Bolt|Draco Meteor|p2a: Iron Hands|[miss]\n|-miss|p1a: Raging Bolt|p2a: Iron Hands\n|move|p2a: Iron Hands|Drain Punch|p1a: Raging Bolt\n|-damage|p1a: Raging Bolt|40/100 tox\n|-heal|p2a: Iron Hands|189/373|[from] drain|[of] p1a: Raging Bolt\n|\n|-heal|p1a: Raging Bolt|46/100 tox|[from] item: Leftovers\n|-damage|p1a: Raging Bolt|21/100 tox|[from] psn\n|upkeep\n|turn|19\n|inactive|Time left: 300 sec this turn | 300 sec total\n|\n|t:|1783556102\n|move|p1a: Raging Bolt|Draco Meteor|p2a: Iron Hands\n|-damage|p2a: Iron Hands|60/373\n|-unboost|p1a: Raging Bolt|spa|2\n|move|p2a: Iron Hands|Volt Switch|p1a: Raging Bolt\n|-resisted|p1a: Raging Bolt\n|-damage|p1a: Raging Bolt|18/100 tox\n|inactive|Time left: 300 sec this turn | 300 sec total | 5 sec grace\n|\n|t:|1783556103\n|-end|p2a: Iron Hands|Quark Drive|[silent]\n|switch|p2a: Duraludon|Duraludon, L82, M|96/249|[from] Volt Switch\n|\n|-heal|p1a: Raging Bolt|24/100 tox|[from] item: Leftovers\n|-damage|p1a: Raging Bolt|0 fnt|[from] psn\n|faint|p1a: Raging Bolt\n|-end|p1a: Raging Bolt|Protosynthesis|[silent]\n|upkeep\n|\n|t:|1783556103\n|switch|p1a: Flamigo|Flamigo, L82, M|100/100\n|turn|20\n|inactive|Time left: 300 sec this turn | 300 sec total\n|\n|t:|1783556104\n|switch|p2a: Mandibuzz|Mandibuzz, L85, F|186/326 par\n|move|p1a: Flamigo|Close Combat|p2a: Mandibuzz\n|-damage|p2a: Mandibuzz|34/326 par\n|-unboost|p1a: Flamigo|def|1\n|-unboost|p1a: Flamigo|spd|1\n|-damage|p1a: Flamigo|91/100|[from] item: Life Orb\n|\n|upkeep\n|turn|21\n|inactive|Time left: 300 sec this turn | 300 sec total\n|\n|t:|1783556105\n|move|p1a: Flamigo|Brave Bird|p2a: Mandibuzz\n|-damage|p2a: Mandibuzz|0 fnt\n|faint|p2a: Mandibuzz\n|-damage|p1a: Flamigo|87/100|[from] Recoil\n|-damage|p1a: Flamigo|77/100|[from] item: Life Orb\n|\n|upkeep\n|inactive|Time left: 300 sec this turn | 300 sec total | 5 sec grace\n|\n|t:|1783556106\n|switch|p2a: Dondozo|Dondozo, L78, M|152/362\n|turn|22\n|inactive|Time left: 300 sec this turn | 300 sec total\n|\n|t:|1783556107\n|move|p1a: Flamigo|Brave Bird|p2a: Dondozo\n|-damage|p2a: Dondozo|0 fnt\n|faint|p2a: Dondozo\n|-damage|p1a: Flamigo|58/100|[from] Recoil\n|-damage|p1a: Flamigo|49/100|[from] item: Life Orb\n|\n|upkeep\n|inactive|Time left: 300 sec this turn | 300 sec total | 5 sec grace\n|\n|t:|1783556107\n|switch|p2a: Iron Hands|Iron Hands, L79|60/373\n|turn|23\n|inactive|Time left: 300 sec this turn | 300 sec total\n|\n|t:|1783556108\n|-terastallize|p2a: Iron Hands|Electric\n|move|p1a: Flamigo|Close Combat|p2a: Iron Hands\n|-damage|p2a: Iron Hands|0 fnt\n|-unboost|p1a: Flamigo|def|1\n|-unboost|p1a: Flamigo|spd|1\n|faint|p2a: Iron Hands\n|-end|p2a: Iron Hands|Quark Drive|[silent]\n|-damage|p1a: Flamigo|39/100|[from] item: Life Orb\n|\n|upkeep\n|inactive|Time left: 300 sec this turn | 300 sec total | 5 sec grace\n|\n|t:|1783556109\n|switch|p2a: Duraludon|Duraludon, L82, M|96/249\n|turn|24\n|inactive|Time left: 300 sec this turn | 300 sec total\n|\n|t:|1783556110\n|move|p1a: Flamigo|Close Combat|p2a: Duraludon\n|-supereffective|p2a: Duraludon\n|-damage|p2a: Duraludon|0 fnt\n|-unboost|p1a: Flamigo|def|1\n|-unboost|p1a: Flamigo|spd|1\n|faint|p2a: Duraludon\n|-damage|p1a: Flamigo|29/100|[from] item: Life Orb\n|\n|win|p0x1383b2a5", "uploadtime": 1783556110, "views": 0, "rating": 0, "private": 0, "password": null, "_winner": "p0x1383b2a5", "_our_name": "p0y13839ab8"}