{"id": "battle-gen9randombattle-354", "formatid": "gen9randombattle", "format": "[Gen 9] Random Battle", "players": ["p0x35404aa", "p0y3548131"], "log": "|init|battle\n|title|p0x35404aa vs. p0y3548131\n|j|\u2606p0x35404aa\n|j|\u2606p0y3548131\n|t:|1783543748\n|gametype|singles\n|player|p1|p0x35404aa|266|\n|player|p2|p0y3548131|102|\n|gen|9\n|tier|[Gen 9] Random Battle\n|rule|Species Clause: Limit one of each Pok\u00e9mon\n|rule|HP Percentage Mod: HP is shown in percentages\n|rule|Sleep Clause Mod: Limit one foe put to sleep\n|rule|Illusion Level Mod: Illusion disguises the Pok\u00e9mon's true level\n|\n|t:|1783543748\n|teamsize|p1|6\n|teamsize|p2|6\n|start\n|switch|p1a: Magmortar|Magmortar, L88, M|275/275\n|switch|p2a: Quaquaval|Quaquaval, L79, M|100/100\n|turn|1\n|inactive|Battle timer is ON: inactive players will automatically lose when time's up. (requested by p0y3548131)\n|inactive|Time left: 300 sec this turn | 300 sec total | 60 sec grace\n|inactive|p0x35404aa also wants the timer to be on.\n|\n|t:|1783543749\n|move|p1a: Magmortar|Thunderbolt|p2a: Quaquaval\n|-supereffective|p2a: Quaquaval\n|-damage|p2a: Quaquaval|29/100\n|move|p2a: Quaquaval|Aqua Step|p1a: Magmortar\n|-supereffective|p1a: Magmortar\n|-damage|p1a: Magmortar|7/275\n|-boost|p2a: Quaquaval|spe|1\n|-damage|p2a: Quaquaval|19/100|[from] item: Life Orb\n|\n|upkeep\n|turn|2\n|inactive|Time left: 300 sec this turn | 300 sec total\n|\n|t:|1783543751\n|move|p2a: Quaquaval|Aqua Step|p1a: Magmortar\n|-supereffective|p1a: Magmortar\n|-damage|p1a: Magmortar|0 fnt\n|-boost|p2a: Quaquaval|spe|1\n|faint|p1a: Magmortar\n|-ability|p2a: Quaquaval|Moxie|boost\n|-boost|p2a: Quaquaval|atk|1\n|-damage|p2a: Quaquaval|10/100|[from] item: Life Orb\n|\n|upkeep\n|inactive|Time left: 300 sec this turn | 300 sec total | 5 sec grace\n|\n|t:|1783543752\n|switch|p1a: Mismagius|Mismagius, L86, M|243/243\n|turn|3\n|inactive|Time left: 300 sec this turn | 300 sec total\n|\n|t:|1783543753\n|move|p2a: Quaquaval|Knock Off|p1a: Mismagius\n|-supereffective|p1a: Mismagius\n|-damage|p1a: Mismagius|0 fnt\n|-enditem|p1a: Mismagius|Choice Specs|[from] move: Knock Off|[of] p2a: Quaquaval\n|faint|p1a: Mismagius\n|-ability|p2a: Quaquaval|Moxie|boost\n|-boost|p2a: Quaquaval|atk|1\n|-damage|p2a: Quaquaval|0 fnt|[from] item: Life Orb\n|faint|p2a: Quaquaval\n|\n|upkeep\n|inactive|Time left: 300 sec this turn | 300 sec total | 5 sec grace\n|\n|t:|1783543754\n|switch|p1a: Golurk|Golurk, L87|297/297\n|switch|p2a: Drednaw|Drednaw, L81, M|100/100\n|turn|4\n|inactive|Time left: 300 sec this turn | 300 sec total\n|\n|t:|1783543756\n|-terastallize|p2a: Drednaw|Dark\n|move|p2a: Drednaw|Crunch|p1a: Golurk\n|-supereffective|p1a: Golurk\n|-damage|p1a: Golurk|15/297\n|move|p1a: Golurk|Earthquake|p2a: Drednaw\n|-damage|p2a: Drednaw|31/100\n|\n|upkeep\n|turn|5\n|inactive|Time left: 300 sec this turn | 300 sec total\n|\n|t:|1783543757\n|switch|p1a: Urshifu|Urshifu, L74, F|270/270\n|move|p2a: Drednaw|Crunch|p1a: Urshifu\n|-resisted|p1a: Urshifu\n|-damage|p1a: Urshifu|234/270\n|\n|upkeep\n|turn|6\n|inactive|Time left: 300 sec this turn | 300 sec total\n|\n|t:|1783543758\n|switch|p2a: Enamorus|Enamorus, L79, F|100/100\n|move|p1a: Urshifu|Swords Dance|p1a: Urshifu\n|-boost|p1a: Urshifu|atk|2\n|\n|upkeep\n|turn|7\n|inactive|Time left: 300 sec this turn | 300 sec total\n|\n|t:|1783543760\n|-terastallize|p1a: Urshifu|Poison\n|move|p2a: Enamorus|Moonblast|p1a: Urshifu\n|-resisted|p1a: Urshifu\n|-damage|p1a: Urshifu|142/270\n|move|p1a: Urshifu|Poison Jab|p2a: Enamorus\n|-supereffective|p2a: Enamorus\n|-damage|p2a: Enamorus|0 fnt\n|faint|p2a: Enamorus\n|-damage|p1a: Urshifu|115/270|[from] item: Life Orb\n|\n|upkeep\n|\n|t:|1783543761\n|switch|p2a: Iron Leaves|Iron Leaves, L80|100/100\n|turn|8\n|inactive|Time left: 300 sec this turn | 300 sec total\n|\n|t:|1783543762\n|switch|p1a: Golurk|Golurk, L87|15/297\n|move|p2a: Iron Leaves|Psyblade|p1a: Golurk\n|-damage|p1a: Golurk|0 fnt\n|faint|p1a: Golurk\n|\n|upkeep\n|inactive|Time left: 300 sec this turn | 300 sec total | 5 sec grace\n|\n|t:|1783543763\n|switch|p1a: Camerupt|Camerupt, L91, F|275/275\n|turn|9\n|inactive|Time left: 300 sec this turn | 300 sec total\n|\n|t:|1783543764\n|move|p2a: Iron Leaves|Psyblade|p1a: Camerupt\n|-damage|p1a: Camerupt|112/275\n|move|p1a: Camerupt|Will-O-Wisp|p2a: Iron Leaves\n|-status|p2a: Iron Leaves|brn\n|\n|-heal|p1a: Camerupt|129/275|[from] item: Leftovers\n|-damage|p2a: Iron Leaves|94/100 brn|[from] brn\n|upkeep\n|turn|10\n|inactive|Time left: 300 sec this turn | 300 sec total\n|\n|t:|1783543765\n|move|p2a: Iron Leaves|Psyblade|p1a: Camerupt\n|-crit|p1a: Camerupt\n|-damage|p1a: Camerupt|0 fnt\n|faint|p1a: Camerupt\n|\n|-damage|p2a: Iron Leaves|88/100 brn|[from] brn\n|upkeep\n|inactive|Time left: 300 sec this turn | 300 sec total | 5 sec grace\n|\n|t:|1783543766\n|switch|p1a: Latias|Latias, L79, F|256/256\n|turn|11\n|inactive|Time left: 300 sec this turn | 300 sec total\n|\n|t:|1783543767\n|move|p1a: Latias|Calm Mind|p1a: Latias\n|-boost|p1a: Latias|spa|1\n|-boost|p1a: Latias|spd|1\n|move|p2a: Iron Leaves|Psyblade|p1a: Latias\n|-resisted|p1a: Latias\n|-damage|p1a: Latias|220/256\n|\n|-damage|p2a: Iron Leaves|82/100 brn|[from] brn\n|upkeep\n|turn|12\n|inactive|Time left: 300 sec this turn | 300 sec total\n|\n|t:|1783543768\n|-end|p2a: Iron Leaves|Quark Drive|[silent]\n|switch|p2a: Drednaw|Drednaw, L81, M, tera:Dark|31/100\n|move|p1a: Latias|Calm Mind|p1a: Latias\n|-boost|p1a: Latias|spa|1\n|-boost|p1a: Latias|spd|1\n|\n|upkeep\n|turn|13\n|inactive|Time left: 300 sec this turn | 300 sec total\n|\n|t:|1783543769\n|move|p1a: Latias|Draco Meteor|p2a: Drednaw\n|-damage|p2a: Drednaw|0 fnt\n|-unboost|p1a: Latias|spa|2\n|faint|p2a: Drednaw\n|\n|upkeep\n|\n|t:|1783543770\n|switch|p2a: Froslass|Froslass, L87, F|100/100\n|turn|14\n|inactive|Time left: 300 sec this turn | 300 sec total\n|\n|t:|1783543771\n|move|p2a: Froslass|Triple Axel|p1a: Latias\n|-supereffective|p1a: Latias\n|-damage|p1a: Latias|176/256\n|-supereffective|p1a: Latias\n|-crit|p1a: Latias\n|-damage|p1a: Latias|50/256\n|-supereffective|p1a: Latias\n|-damage|p1a: Latias|0 fnt\n|faint|p1a: Latias\n|-hitcount|p1: Latias|3\n|\n|upkeep\n|inactive|Time left: 300 sec this turn | 300 sec total | 5 sec grace\n|\n|t:|1783543771\n|switch|p1a: Urshifu|Urshifu, L74, F, tera:Poison|115/270\n|turn|15\n|inactive|Time left: 300 sec this turn | 300 sec total\n|\n|t:|1783543772\n|move|p2a: Froslass|Triple Axel|p1a: Urshifu\n|-damage|p1a: Urshifu|94/270\n|-damage|p1a: Urshifu|55/270\n|-damage|p1a: Urshifu|0 fnt\n|faint|p1a: Urshifu\n|-hitcount|p1: Urshifu|3\n|\n|win|p0y3548131", "uploadtime": 1783543772, "views": 0, "rating": 0, "private": 0, "password": null, "_winner": "p0y3548131", "_our_name": "p0x35404aa"}