{"id": "battle-gen9randombattle-589", "formatid": "gen9randombattle", "format": "[Gen 9] Random Battle", "players": ["p0x5890a5a", "p0y5892c03"], "log": "|init|battle\n|title|p0x5890a5a vs. p0y5892c03\n|j|\u2606p0x5890a5a\n|j|\u2606p0y5892c03\n|t:|1783546653\n|gametype|singles\n|player|p1|p0x5890a5a|101|\n|player|p2|p0y5892c03|265|\n|gen|9\n|tier|[Gen 9] Random Battle\n|rule|Species Clause: Limit one of each Pok\u00e9mon\n|rule|HP Percentage Mod: HP is shown in percentages\n|rule|Sleep Clause Mod: Limit one foe put to sleep\n|rule|Illusion Level Mod: Illusion disguises the Pok\u00e9mon's true level\n|\n|t:|1783546653\n|teamsize|p1|6\n|teamsize|p2|6\n|start\n|switch|p1a: Excadrill|Excadrill, L79, F|100/100\n|switch|p2a: Golduck|Golduck, L90, M|290/290\n|-ability|p2a: Golduck|Cloud Nine\n|-ability|p1a: Excadrill|Mold Breaker\n|turn|1\n|inactive|Battle timer is ON: inactive players will automatically lose when time's up. (requested by p0x5890a5a)\n|inactive|Time left: 300 sec this turn | 300 sec total | 60 sec grace\n|inactive|p0y5892c03 also wants the timer to be on.\n|\n|t:|1783546655\n|switch|p1a: Zarude|Zarude, L77|100/100\n|move|p2a: Golduck|Nasty Plot|p2a: Golduck\n|-boost|p2a: Golduck|spa|2\n|\n|upkeep\n|turn|2\n|inactive|Time left: 300 sec this turn | 300 sec total\n|\n|t:|1783546656\n|move|p1a: Zarude|Power Whip|p2a: Golduck\n|-supereffective|p2a: Golduck\n|-damage|p2a: Golduck|0 fnt\n|faint|p2a: Golduck\n|-damage|p1a: Zarude|91/100|[from] item: Life Orb\n|\n|upkeep\n|inactive|Time left: 300 sec this turn | 300 sec total | 5 sec grace\n|\n|t:|1783546657\n|switch|p2a: Crabominable|Crabominable, L90, F|321/321\n|turn|3\n|inactive|Time left: 300 sec this turn | 300 sec total\n|\n|t:|1783546658\n|-terastallize|p1a: Zarude|Fighting\n|move|p1a: Zarude|Close Combat|p2a: Crabominable\n|-supereffective|p2a: Crabominable\n|-damage|p2a: Crabominable|0 fnt\n|-unboost|p1a: Zarude|def|1\n|-unboost|p1a: Zarude|spd|1\n|faint|p2a: Crabominable\n|-damage|p1a: Zarude|81/100|[from] item: Life Orb\n|\n|upkeep\n|inactive|Time left: 300 sec this turn | 300 sec total | 5 sec grace\n|\n|t:|1783546659\n|switch|p2a: Charizard|Charizard, L85, F|271/271\n|turn|4\n|inactive|Time left: 300 sec this turn | 300 sec total\n|\n|t:|1783546660\n|switch|p1a: Florges|Florges-Orange, L85, F|100/100\n|move|p2a: Charizard|Hurricane|p1a: Florges|[miss]\n|-miss|p2a: Charizard|p1a: Florges\n|\n|upkeep\n|turn|5\n|inactive|Time left: 300 sec this turn | 300 sec total\n|\n|t:|1783546662\n|move|p2a: Charizard|Hurricane|p1a: Florges|[miss]\n|-miss|p2a: Charizard|p1a: Florges\n|move|p1a: Florges|Moonblast|p2a: Charizard\n|-resisted|p2a: Charizard\n|-damage|p2a: Charizard|211/271\n|\n|upkeep\n|turn|6\n|inactive|Time left: 300 sec this turn | 300 sec total\n|\n|t:|1783546663\n|move|p2a: Charizard|Hurricane|p1a: Florges\n|-damage|p1a: Florges|69/100\n|move|p1a: Florges|Calm Mind|p1a: Florges\n|-boost|p1a: Florges|spa|1\n|-boost|p1a: Florges|spd|1\n|\n|-heal|p1a: Florges|75/100|[from] item: Leftovers\n|upkeep\n|turn|7\n|inactive|Time left: 300 sec this turn | 300 sec total\n|\n|t:|1783546664\n|move|p2a: Charizard|Earthquake|p1a: Florges\n|-damage|p1a: Florges|44/100\n|move|p1a: Florges|Moonblast|p2a: Charizard\n|-resisted|p2a: Charizard\n|-damage|p2a: Charizard|122/271\n|-unboost|p2a: Charizard|spa|1\n|\n|-heal|p1a: Florges|50/100|[from] item: Leftovers\n|upkeep\n|turn|8\n|inactive|Time left: 300 sec this turn | 300 sec total\n|\n|t:|1783546665\n|switch|p2a: Swalot|Swalot, L90, M|326/326\n|move|p1a: Florges|Moonblast|p2a: Swalot\n|-resisted|p2a: Swalot\n|-damage|p2a: Swalot|241/326\n|\n|-heal|p1a: Florges|55/100|[from] item: Leftovers\n|-heal|p2a: Swalot|261/326|[from] item: Leftovers\n|upkeep\n|turn|9\n|inactive|Time left: 300 sec this turn | 300 sec total\n|\n|t:|1783546666\n|move|p1a: Florges|Moonblast|p2a: Swalot\n|-resisted|p2a: Swalot\n|-damage|p2a: Swalot|181/326\n|move|p2a: Swalot|Sludge Bomb|p1a: Florges\n|-supereffective|p1a: Florges\n|-damage|p1a: Florges|27/100\n|\n|-heal|p1a: Florges|33/100|[from] item: Leftovers\n|-heal|p2a: Swalot|201/326|[from] item: Leftovers\n|upkeep\n|turn|10\n|inactive|Time left: 300 sec this turn | 300 sec total\n|\n|t:|1783546667\n|move|p1a: Florges|Protect|p1a: Florges\n|-singleturn|p1a: Florges|Protect\n|move|p2a: Swalot|Sludge Bomb|p1a: Florges\n|-activate|p1a: Florges|move: Protect\n|\n|-heal|p1a: Florges|39/100|[from] item: Leftovers\n|-heal|p2a: Swalot|221/326|[from] item: Leftovers\n|upkeep\n|turn|11\n|inactive|Time left: 300 sec this turn | 300 sec total\n|\n|t:|1783546668\n|move|p1a: Florges|Moonblast|p2a: Swalot\n|-resisted|p2a: Swalot\n|-damage|p2a: Swalot|140/326\n|-unboost|p2a: Swalot|spa|1\n|move|p2a: Swalot|Sludge Bomb|p1a: Florges\n|-supereffective|p1a: Florges\n|-damage|p1a: Florges|19/100\n|-status|p1a: Florges|psn\n|\n|-heal|p1a: Florges|24/100 psn|[from] item: Leftovers\n|-heal|p2a: Swalot|160/326|[from] item: Leftovers\n|-damage|p1a: Florges|12/100 psn|[from] psn\n|upkeep\n|turn|12\n|inactive|Time left: 300 sec this turn | 300 sec total\n|\n|t:|1783546669\n|switch|p2a: Magmortar|Magmortar, L88, F|275/275\n|move|p1a: Florges|Moonblast|p2a: Magmortar\n|-resisted|p2a: Magmortar\n|-damage|p2a: Magmortar|203/275\n|\n|-heal|p1a: Florges|18/100 psn|[from] item: Leftovers\n|-damage|p1a: Florges|6/100 psn|[from] psn\n|upkeep\n|turn|13\n|inactive|Time left: 300 sec this turn | 300 sec total\n|\n|t:|1783546670\n|switch|p1a: Dragapult|Dragapult, L77, M|100/100\n|move|p2a: Magmortar|Fire Blast|p1a: Dragapult|[miss]\n|-miss|p2a: Magmortar|p1a: Dragapult\n|\n|upkeep\n|turn|14\n|inactive|Time left: 300 sec this turn | 300 sec total\n|\n|t:|1783546671\n|move|p1a: Dragapult|Dragon Darts|p2a: Magmortar\n|-damage|p2a: Magmortar|125/275\n|-anim|p1a: Dragapult|Dragon Darts|p2a: Magmortar\n|-damage|p2a: Magmortar|42/275\n|-damage|p1a: Dragapult|91/100|[from] item: Life Orb\n|move|p2a: Magmortar|Knock Off|p1a: Dragapult\n|-supereffective|p1a: Dragapult\n|-damage|p1a: Dragapult|20/100\n|-enditem|p1a: Dragapult|Life Orb|[from] move: Knock Off|[of] p2a: Magmortar\n|\n|upkeep\n|turn|15\n|inactive|Time left: 300 sec this turn | 300 sec total\n|\n|t:|1783546672\n|move|p1a: Dragapult|Dragon Darts|p2a: Magmortar\n|-damage|p2a: Magmortar|0 fnt\n|faint|p2a: Magmortar\n|\n|upkeep\n|inactive|Time left: 300 sec this turn | 300 sec total | 5 sec grace\n|\n|t:|1783546674\n|switch|p2a: Charizard|Charizard, L85, F|122/271\n|turn|16\n|inactive|Time left: 300 sec this turn | 300 sec total\n|\n|t:|1783546675\n|move|p1a: Dragapult|Dragon Darts|p2a: Charizard\n|-damage|p2a: Charizard|65/271\n|-anim|p1a: Dragapult|Dragon Darts|p2a: Charizard\n|-damage|p2a: Charizard|5/271\n|move|p2a: Charizard|Earthquake|p1a: Dragapult\n|-damage|p1a: Dragapult|0 fnt\n|faint|p1a: Dragapult\n|\n|upkeep\n|\n|t:|1783546676\n|switch|p1a: Florges|Florges-Orange, L85, F|6/100 psn\n|turn|17\n|inactive|Time left: 300 sec this turn | 300 sec total\n|\n|t:|1783546677\n|move|p2a: Charizard|Flamethrower|p1a: Florges\n|-damage|p1a: Florges|0 fnt\n|faint|p1a: Florges\n|\n|upkeep\n|\n|t:|1783546678\n|switch|p1a: Zarude|Zarude, L77, tera:Fighting|81/100\n|turn|18\n|inactive|Time left: 300 sec this turn | 300 sec total\n|\n|t:|1783546679\n|move|p2a: Charizard|Hurricane|p1a: Zarude|[miss]\n|-miss|p2a: Charizard|p1a: Zarude\n|move|p1a: Zarude|Knock Off|p2a: Charizard\n|-damage|p2a: Charizard|0 fnt\n|-enditem|p2a: Charizard|Heavy-Duty Boots|[from] move: Knock Off|[of] p1a: Zarude\n|faint|p2a: Charizard\n|-damage|p1a: Zarude|71/100|[from] item: Life Orb\n|\n|upkeep\n|inactive|Time left: 300 sec this turn | 300 sec total | 5 sec grace\n|\n|t:|1783546680\n|switch|p2a: Swalot|Swalot, L90, M|160/326\n|turn|19\n|inactive|Time left: 300 sec this turn | 300 sec total\n|\n|t:|1783546681\n|move|p1a: Zarude|Swords Dance|p1a: Zarude\n|-boost|p1a: Zarude|atk|2\n|move|p2a: Swalot|Sludge Bomb|p1a: Zarude\n|-damage|p1a: Zarude|41/100\n|\n|-heal|p2a: Swalot|180/326|[from] item: Leftovers\n|upkeep\n|turn|20\n|inactive|Time left: 300 sec this turn | 300 sec total\n|\n|t:|1783546682\n|move|p2a: Swalot|Protect|p2a: Swalot\n|-singleturn|p2a: Swalot|Protect\n|move|p1a: Zarude|Knock Off|p2a: Swalot\n|-activate|p2a: Swalot|move: Protect\n|\n|-heal|p2a: Swalot|200/326|[from] item: Leftovers\n|upkeep\n|turn|21\n|inactive|Time left: 300 sec this turn | 300 sec total\n|\n|t:|1783546683\n|move|p1a: Zarude|Knock Off|p2a: Swalot\n|-damage|p2a: Swalot|0 fnt\n|-enditem|p2a: Swalot|Leftovers|[from] move: Knock Off|[of] p1a: Zarude\n|faint|p2a: Swalot\n|-damage|p1a: Zarude|31/100|[from] item: Life Orb\n|\n|upkeep\n|inactive|Time left: 300 sec this turn | 300 sec total | 5 sec grace\n|\n|t:|1783546685\n|switch|p2a: Houndstone|Houndstone, L86, M|264/264\n|turn|22\n|inactive|Time left: 300 sec this turn | 300 sec total\n|\n|t:|1783546686\n|-terastallize|p2a: Houndstone|Fighting\n|move|p1a: Zarude|Knock Off|p2a: Houndstone\n|-resisted|p2a: Houndstone\n|-damage|p2a: Houndstone|206/264\n|-enditem|p2a: Houndstone|Leftovers|[from] move: Knock Off|[of] p1a: Zarude\n|-damage|p1a: Zarude|21/100|[from] item: Life Orb\n|move|p2a: Houndstone|Body Press|p1a: Zarude\n|-damage|p1a: Zarude|0 fnt\n|faint|p1a: Zarude\n|\n|upkeep\n|\n|t:|1783546687\n|switch|p1a: Lilligant|Lilligant, L86, F|100/100\n|turn|23\n|inactive|Time left: 300 sec this turn | 300 sec total\n|\n|t:|1783546688\n|move|p1a: Lilligant|Quiver Dance|p1a: Lilligant\n|-boost|p1a: Lilligant|spa|1\n|-boost|p1a: Lilligant|spd|1\n|-boost|p1a: Lilligant|spe|1\n|move|p2a: Houndstone|Rest|p2a: Houndstone\n|-status|p2a: Houndstone|slp|[from] move: Rest\n|-heal|p2a: Houndstone|264/264 slp|[silent]\n|\n|upkeep\n|turn|24\n|inactive|Time left: 300 sec this turn | 300 sec total\n|\n|t:|1783546689\n|move|p1a: Lilligant|Petal Dance|p2a: Houndstone\n|-damage|p2a: Houndstone|135/264 slp\n|-damage|p1a: Lilligant|91/100|[from] item: Life Orb\n|cant|p2a: Houndstone|slp\n|move|p2a: Houndstone|Sleep Talk|p2a: Houndstone\n|move|p2a: Houndstone|Rest||[from] move: Sleep Talk|[still]\n|-fail|p2a: Houndstone\n|\n|upkeep\n|turn|25\n|inactive|Time left: 300 sec this turn | 300 sec total\n|\n|t:|1783546690\n|move|p1a: Lilligant|Petal Dance|p2a: Houndstone|[from] lockedmove\n|-damage|p2a: Houndstone|15/264 slp\n|-damage|p1a: Lilligant|81/100|[from] item: Life Orb\n|cant|p2a: Houndstone|slp\n|move|p2a: Houndstone|Sleep Talk|p2a: Houndstone\n|move|p2a: Houndstone|Rest||[from] move: Sleep Talk|[still]\n|-fail|p2a: Houndstone\n|\n|upkeep\n|turn|26\n|inactive|Time left: 300 sec this turn | 300 sec total\n|\n|t:|1783546691\n|move|p1a: Lilligant|Petal Dance|p2a: Houndstone\n|-damage|p2a: Houndstone|0 fnt\n|faint|p2a: Houndstone\n|-damage|p1a: Lilligant|71/100|[from] item: Life Orb\n|\n|win|p0x5890a5a", "uploadtime": 1783546691, "views": 0, "rating": 0, "private": 0, "password": null, "_winner": "p0x5890a5a", "_our_name": "p0y5892c03"}