{"id": "battle-gen9randombattle-232", "formatid": "gen9randombattle", "format": "[Gen 9] Random Battle", "players": ["p0x232e8e5", "p0y232e205"], "log": "|init|battle\n|title|p0x232e8e5 vs. p0y232e205\n|j|\u2606p0x232e8e5\n|j|\u2606p0y232e205\n|t:|1783535964\n|gametype|singles\n|player|p1|p0x232e8e5|266|\n|player|p2|p0y232e205|101|\n|gen|9\n|tier|[Gen 9] Random Battle\n|rule|Species Clause: Limit one of each Pok\u00e9mon\n|rule|HP Percentage Mod: HP is shown in percentages\n|rule|Sleep Clause Mod: Limit one foe put to sleep\n|rule|Illusion Level Mod: Illusion disguises the Pok\u00e9mon's true level\n|\n|t:|1783535964\n|teamsize|p1|6\n|teamsize|p2|6\n|start\n|switch|p1a: Tauros|Tauros, L82, M|257/257\n|switch|p2a: Coalossal|Coalossal, L89, M|100/100\n|turn|1\n|inactive|Battle timer is ON: inactive players will automatically lose when time's up. (requested by p0x232e8e5)\n|inactive|p0y232e205 also wants the timer to be on.\n|\n|t:|1783535966\n|switch|p1a: Raichu|Raichu-Alola, L87, F|246/246\n|move|p2a: Coalossal|Will-O-Wisp|p1a: Raichu\n|-status|p1a: Raichu|brn\n|\n|-damage|p1a: Raichu|231/246 brn|[from] brn\n|upkeep\n|turn|2\n|inactive|Time left: 300 sec this turn | 300 sec total\n|\n|t:|1783535967\n|move|p1a: Raichu|Surf|p2a: Coalossal\n|-supereffective|p2a: Coalossal\n|-damage|p2a: Coalossal|0 fnt\n|faint|p2a: Coalossal\n|\n|-damage|p1a: Raichu|216/246 brn|[from] brn\n|upkeep\n|\n|t:|1783535968\n|switch|p2a: Okidogi|Okidogi, L77, M|100/100\n|turn|3\n|inactive|Time left: 300 sec this turn | 300 sec total\n|\n|t:|1783535969\n|switch|p1a: Regirock|Regirock, L83|268/268\n|move|p2a: Okidogi|Knock Off|p1a: Regirock\n|-damage|p1a: Regirock|232/268\n|-enditem|p1a: Regirock|Chesto Berry|[from] move: Knock Off|[of] p2a: Okidogi\n|\n|upkeep\n|turn|4\n|inactive|Time left: 300 sec this turn | 300 sec total\n|\n|t:|1783535970\n|move|p2a: Okidogi|Knock Off|p1a: Regirock\n|-damage|p1a: Regirock|207/268\n|-status|p1a: Regirock|tox|[from] ability: Toxic Chain|[of] p2a: Okidogi\n|move|p1a: Regirock|Iron Defense|p1a: Regirock\n|-boost|p1a: Regirock|def|2\n|\n|-damage|p1a: Regirock|191/268 tox|[from] psn\n|upkeep\n|turn|5\n|inactive|Time left: 300 sec this turn | 300 sec total\n|\n|t:|1783535971\n|switch|p2a: Gholdengo|Gholdengo, L77|100/100\n|move|p1a: Regirock|Body Press|p2a: Gholdengo\n|-immune|p2a: Gholdengo\n|\n|-damage|p1a: Regirock|159/268 tox|[from] psn\n|upkeep\n|turn|6\n|inactive|Time left: 300 sec this turn | 300 sec total\n|\n|t:|1783535972\n|move|p2a: Gholdengo|Nasty Plot|p2a: Gholdengo\n|-boost|p2a: Gholdengo|spa|2\n|move|p1a: Regirock|Rest|p1a: Regirock\n|-status|p1a: Regirock|slp|[from] move: Rest\n|-heal|p1a: Regirock|268/268 slp|[silent]\n|\n|upkeep\n|turn|7\n|inactive|Time left: 300 sec this turn | 300 sec total\n|\n|t:|1783535973\n|switch|p1a: Iron Moth|Iron Moth, L78|253/253\n|move|p2a: Gholdengo|Make It Rain|p1a: Iron Moth\n|-resisted|p1a: Iron Moth\n|-damage|p1a: Iron Moth|121/253\n|-unboost|p2a: Gholdengo|spa|1\n|\n|upkeep\n|turn|8\n|inactive|Time left: 300 sec this turn | 300 sec total\n|\n|t:|1783535974\n|-terastallize|p2a: Gholdengo|Water\n|move|p1a: Iron Moth|Fire Blast|p2a: Gholdengo\n|-resisted|p2a: Gholdengo\n|-damage|p2a: Gholdengo|75/100\n|move|p2a: Gholdengo|Shadow Ball|p1a: Iron Moth\n|-damage|p1a: Iron Moth|0 fnt\n|faint|p1a: Iron Moth\n|-end|p1a: Iron Moth|Quark Drive|[silent]\n|\n|-heal|p2a: Gholdengo|81/100|[from] item: Leftovers\n|upkeep\n|inactive|Time left: 300 sec this turn | 300 sec total | 5 sec grace\n|\n|t:|1783535975\n|switch|p1a: Raichu|Raichu-Alola, L87, F|216/246 brn\n|turn|9\n|inactive|Time left: 300 sec this turn | 300 sec total\n|\n|t:|1783535976\n|switch|p2a: Porygon2|Porygon2, L81|100/100\n|-ability|p2a: Porygon2|Download|boost\n|-boost|p2a: Porygon2|atk|1\n|move|p1a: Raichu|Thunderbolt|p2a: Porygon2\n|-damage|p2a: Porygon2|63/100\n|\n|-damage|p1a: Raichu|201/246 brn|[from] brn\n|upkeep\n|turn|10\n|inactive|Time left: 300 sec this turn | 300 sec total\n|\n|t:|1783535977\n|move|p1a: Raichu|Thunderbolt|p2a: Porygon2\n|-damage|p2a: Porygon2|24/100\n|move|p2a: Porygon2|Recover|p2a: Porygon2\n|-heal|p2a: Porygon2|74/100\n|\n|-damage|p1a: Raichu|186/246 brn|[from] brn\n|upkeep\n|turn|11\n|inactive|Time left: 300 sec this turn | 300 sec total\n|\n|t:|1783535978\n|move|p1a: Raichu|Thunderbolt|p2a: Porygon2\n|-damage|p2a: Porygon2|39/100\n|move|p2a: Porygon2|Recover|p2a: Porygon2\n|-heal|p2a: Porygon2|89/100\n|\n|-damage|p1a: Raichu|171/246 brn|[from] brn\n|upkeep\n|turn|12\n|inactive|Time left: 300 sec this turn | 300 sec total\n|\n|t:|1783535979\n|move|p1a: Raichu|Thunderbolt|p2a: Porygon2\n|-damage|p2a: Porygon2|53/100\n|move|p2a: Porygon2|Tri Attack|p1a: Raichu\n|-damage|p1a: Raichu|87/246 brn\n|\n|-damage|p1a: Raichu|72/246 brn|[from] brn\n|upkeep\n|turn|13\n|inactive|Time left: 300 sec this turn | 300 sec total\n|\n|t:|1783535981\n|move|p1a: Raichu|Thunderbolt|p2a: Porygon2\n|-damage|p2a: Porygon2|18/100\n|move|p2a: Porygon2|Recover|p2a: Porygon2\n|-heal|p2a: Porygon2|68/100\n|\n|-damage|p1a: Raichu|57/246 brn|[from] brn\n|upkeep\n|turn|14\n|inactive|Time left: 300 sec this turn | 300 sec total\n|\n|t:|1783535982\n|move|p1a: Raichu|Thunderbolt|p2a: Porygon2\n|-damage|p2a: Porygon2|32/100\n|move|p2a: Porygon2|Recover|p2a: Porygon2\n|-heal|p2a: Porygon2|82/100\n|\n|-damage|p1a: Raichu|42/246 brn|[from] brn\n|upkeep\n|turn|15\n|inactive|Time left: 300 sec this turn | 300 sec total\n|\n|t:|1783535983\n|move|p1a: Raichu|Thunderbolt|p2a: Porygon2\n|-damage|p2a: Porygon2|48/100\n|move|p2a: Porygon2|Tri Attack|p1a: Raichu\n|-damage|p1a: Raichu|0 fnt\n|faint|p1a: Raichu\n|\n|upkeep\n|inactive|Time left: 300 sec this turn | 300 sec total | 5 sec grace\n|\n|t:|1783535984\n|switch|p1a: Tauros|Tauros, L82, M|257/257\n|turn|16\n|inactive|Time left: 300 sec this turn | 300 sec total\n|\n|t:|1783535985\n|move|p1a: Tauros|Close Combat|p2a: Porygon2\n|-supereffective|p2a: Porygon2\n|-damage|p2a: Porygon2|0 fnt\n|-unboost|p1a: Tauros|def|1\n|-unboost|p1a: Tauros|spd|1\n|faint|p2a: Porygon2\n|-damage|p1a: Tauros|232/257|[from] item: Life Orb\n|\n|upkeep\n|\n|t:|1783535986\n|switch|p2a: Gholdengo|Gholdengo, L77, tera:Water|81/100\n|turn|17\n|inactive|Time left: 300 sec this turn | 300 sec total\n|\n|t:|1783535987\n|move|p1a: Tauros|Body Slam|p2a: Gholdengo\n|-damage|p2a: Gholdengo|28/100\n|move|p2a: Gholdengo|Make It Rain|p1a: Tauros\n|-damage|p1a: Tauros|0 fnt\n|-unboost|p2a: Gholdengo|spa|1\n|faint|p1a: Tauros\n|\n|-heal|p2a: Gholdengo|34/100|[from] item: Leftovers\n|upkeep\n|inactive|Time left: 300 sec this turn | 300 sec total | 5 sec grace\n|\n|t:|1783535988\n|switch|p1a: Leafeon|Leafeon, L88, M|258/258\n|turn|18\n|inactive|Time left: 300 sec this turn | 300 sec total\n|\n|t:|1783535990\n|switch|p2a: Dragapult|Dragapult, L77, M|100/100\n|move|p1a: Leafeon|Swords Dance|p1a: Leafeon\n|-boost|p1a: Leafeon|atk|2\n|\n|upkeep\n|turn|19\n|inactive|Time left: 300 sec this turn | 300 sec total\n|\n|t:|1783535991\n|move|p2a: Dragapult|Fire Blast|p1a: Leafeon|[miss]\n|-miss|p2a: Dragapult|p1a: Leafeon\n|move|p1a: Leafeon|Leaf Blade|p2a: Dragapult\n|-resisted|p2a: Dragapult\n|-damage|p2a: Dragapult|47/100\n|\n|upkeep\n|turn|20\n|inactive|Time left: 300 sec this turn | 300 sec total\n|\n|t:|1783535992\n|-terastallize|p1a: Leafeon|Normal\n|move|p2a: Dragapult|Fire Blast|p1a: Leafeon\n|-crit|p1a: Leafeon\n|-damage|p1a: Leafeon|112/258\n|-damage|p2a: Dragapult|37/100|[from] item: Life Orb\n|move|p1a: Leafeon|Leaf Blade|p2a: Dragapult\n|-resisted|p2a: Dragapult\n|-crit|p2a: Dragapult\n|-damage|p2a: Dragapult|0 fnt\n|faint|p2a: Dragapult\n|\n|-heal|p1a: Leafeon|128/258|[from] item: Leftovers\n|upkeep\n|\n|t:|1783535993\n|switch|p2a: Okidogi|Okidogi, L77, M|100/100\n|turn|21\n|inactive|Time left: 300 sec this turn | 300 sec total\n|\n|t:|1783535994\n|move|p1a: Leafeon|Double-Edge|p2a: Okidogi\n|-damage|p2a: Okidogi|5/100\n|-damage|p1a: Leafeon|45/258|[from] Recoil\n|move|p2a: Okidogi|Drain Punch|p1a: Leafeon\n|-supereffective|p1a: Leafeon\n|-damage|p1a: Leafeon|0 fnt\n|-heal|p2a: Okidogi|14/100|[from] drain|[of] p1a: Leafeon\n|faint|p1a: Leafeon\n|\n|upkeep\n|inactive|Time left: 300 sec this turn | 300 sec total | 5 sec grace\n|\n|t:|1783535995\n|switch|p1a: Espeon|Espeon, L84, M|246/246\n|turn|22\n|inactive|Time left: 300 sec this turn | 300 sec total\n|\n|t:|1783535996\n|move|p1a: Espeon|Shadow Ball|p2a: Okidogi\n|-damage|p2a: Okidogi|0 fnt\n|faint|p2a: Okidogi\n|-damage|p1a: Espeon|222/246|[from] item: Life Orb\n|\n|upkeep\n|\n|t:|1783535996\n|switch|p2a: Honchkrow|Honchkrow, L86, M|100/100\n|turn|23\n|inactive|Time left: 300 sec this turn | 300 sec total\n|\n|t:|1783535997\n|switch|p1a: Regirock|Regirock, L83|268/268 slp\n|move|p2a: Honchkrow|Brave Bird|p1a: Regirock\n|-resisted|p1a: Regirock\n|-damage|p1a: Regirock|229/268 slp\n|-damage|p2a: Honchkrow|96/100|[from] Recoil\n|\n|upkeep\n|turn|24\n|inactive|Time left: 300 sec this turn | 300 sec total\n|\n|t:|1783535998\n|move|p2a: Honchkrow|U-turn|p1a: Regirock\n|-damage|p1a: Regirock|196/268 slp\n|\n|t:|1783535999\n|switch|p2a: Gholdengo|Gholdengo, L77, tera:Water|34/100|[from] U-turn\n|cant|p1a: Regirock|slp\n|\n|-heal|p2a: Gholdengo|40/100|[from] item: Leftovers\n|upkeep\n|turn|25\n|inactive|Time left: 300 sec this turn | 300 sec total\n|\n|t:|1783536000\n|switch|p1a: Espeon|Espeon, L84, M|222/246\n|move|p2a: Gholdengo|Recover|p2a: Gholdengo\n|-heal|p2a: Gholdengo|90/100\n|\n|-heal|p2a: Gholdengo|96/100|[from] item: Leftovers\n|upkeep\n|turn|26\n|inactive|Time left: 300 sec this turn | 300 sec total\n|\n|t:|1783536001\n|move|p1a: Espeon|Psychic|p2a: Gholdengo\n|-damage|p2a: Gholdengo|28/100\n|-unboost|p2a: Gholdengo|spd|1\n|-damage|p1a: Espeon|198/246|[from] item: Life Orb\n|move|p2a: Gholdengo|Shadow Ball|p1a: Espeon\n|-supereffective|p1a: Espeon\n|-damage|p1a: Espeon|36/246\n|\n|-heal|p2a: Gholdengo|35/100|[from] item: Leftovers\n|upkeep\n|turn|27\n|inactive|Time left: 300 sec this turn | 300 sec total\n|\n|t:|1783536002\n|switch|p2a: Honchkrow|Honchkrow, L86, M|96/100\n|move|p1a: Espeon|Morning Sun|p1a: Espeon\n|-heal|p1a: Espeon|159/246\n|\n|upkeep\n|turn|28\n|inactive|Time left: 300 sec this turn | 300 sec total\n|\n|t:|1783536003\n|move|p1a: Espeon|Morning Sun|p1a: Espeon\n|-heal|p1a: Espeon|246/246\n|move|p2a: Honchkrow|U-turn|p1a: Espeon\n|-supereffective|p1a: Espeon\n|-damage|p1a: Espeon|92/246\n|\n|t:|1783536004\n|switch|p2a: Gholdengo|Gholdengo, L77, tera:Water|35/100|[from] U-turn\n|\n|-heal|p2a: Gholdengo|41/100|[from] item: Leftovers\n|upkeep\n|turn|29\n|inactive|Time left: 300 sec this turn | 300 sec total\n|\n|t:|1783536005\n|switch|p2a: Honchkrow|Honchkrow, L86, M|96/100\n|move|p1a: Espeon|Psychic|p2a: Honchkrow\n|-immune|p2a: Honchkrow\n|\n|upkeep\n|turn|30\n|inactive|Time left: 300 sec this turn | 300 sec total\n|\n|t:|1783536006\n|move|p1a: Espeon|Morning Sun|p1a: Espeon\n|-heal|p1a: Espeon|215/246\n|move|p2a: Honchkrow|Brave Bird|p1a: Espeon\n|-damage|p1a: Espeon|0 fnt\n|faint|p1a: Espeon\n|-ability|p2a: Honchkrow|Moxie|boost\n|-boost|p2a: Honchkrow|atk|1\n|-damage|p2a: Honchkrow|74/100|[from] Recoil\n|\n|upkeep\n|inactive|Time left: 300 sec this turn | 300 sec total | 5 sec grace\n|\n|t:|1783536007\n|switch|p1a: Regirock|Regirock, L83|196/268 slp\n|turn|31\n|inactive|Time left: 300 sec this turn | 300 sec total\n|\n|t:|1783536008\n|switch|p2a: Gholdengo|Gholdengo, L77, tera:Water|41/100\n|cant|p1a: Regirock|slp\n|\n|-heal|p2a: Gholdengo|47/100|[from] item: Leftovers\n|upkeep\n|turn|32\n|inactive|Time left: 300 sec this turn | 300 sec total\n|\n|t:|1783536009\n|move|p2a: Gholdengo|Make It Rain|p1a: Regirock\n|-supereffective|p1a: Regirock\n|-damage|p1a: Regirock|0 fnt\n|-unboost|p2a: Gholdengo|spa|1\n|faint|p1a: Regirock\n|\n|win|p0y232e205", "uploadtime": 1783536009, "views": 0, "rating": 0, "private": 0, "password": null, "_winner": "p0y232e205", "_our_name": "p0x232e8e5"}