{"id": "battle-gen9randombattle-1523", "formatid": "gen9randombattle", "format": "[Gen 9] Random Battle", "players": ["p0x152388f3", "p0y1523dad4"], "log": "|init|battle\n|title|p0x152388f3 vs. p0y1523dad4\n|j|\u2606p0x152388f3\n|j|\u2606p0y1523dad4\n|t:|1783556809\n|gametype|singles\n|player|p1|p0x152388f3|265|\n|player|p2|p0y1523dad4|1|\n|gen|9\n|tier|[Gen 9] Random Battle\n|rule|Species Clause: Limit one of each Pok\u00e9mon\n|rule|HP Percentage Mod: HP is shown in percentages\n|rule|Sleep Clause Mod: Limit one foe put to sleep\n|rule|Illusion Level Mod: Illusion disguises the Pok\u00e9mon's true level\n|\n|t:|1783556809\n|teamsize|p1|6\n|teamsize|p2|6\n|start\n|switch|p1a: Flamigo|Flamigo, L82, F|100/100\n|switch|p2a: Volcarona|Volcarona, L77, M|257/257\n|turn|1\n|inactive|Battle timer is ON: inactive players will automatically lose when time's up. (requested by p0y1523dad4)\n|inactive|p0x152388f3 also wants the timer to be on.\n|\n|t:|1783556810\n|move|p2a: Volcarona|Fire Blast|p1a: Flamigo\n|-damage|p1a: Flamigo|42/100\n|move|p1a: Flamigo|Brave Bird|p2a: Volcarona\n|-supereffective|p2a: Volcarona\n|-damage|p2a: Volcarona|0 fnt\n|faint|p2a: Volcarona\n|-damage|p1a: Flamigo|11/100|[from] Recoil\n|-damage|p1a: Flamigo|1/100|[from] item: Life Orb\n|\n|upkeep\n|inactive|Time left: 300 sec this turn | 300 sec total | 65 sec grace\n|\n|t:|1783556811\n|switch|p2a: Mismagius|Mismagius, L86, M|243/243\n|turn|2\n|inactive|Time left: 300 sec this turn | 300 sec total\n|\n|t:|1783556812\n|move|p2a: Mismagius|Shadow Ball|p1a: Flamigo\n|-damage|p1a: Flamigo|0 fnt\n|faint|p1a: Flamigo\n|\n|upkeep\n|\n|t:|1783556813\n|switch|p1a: Kleavor|Kleavor, L78, M|100/100\n|turn|3\n|inactive|Time left: 300 sec this turn | 300 sec total\n|\n|t:|1783556814\n|move|p2a: Mismagius|Nasty Plot|p2a: Mismagius\n|-boost|p2a: Mismagius|spa|2\n|move|p1a: Kleavor|Stone Axe|p2a: Mismagius\n|-damage|p2a: Mismagius|20/243\n|-sidestart|p2: p0y1523dad4|move: Stealth Rock\n|\n|-heal|p2a: Mismagius|35/243|[from] item: Leftovers\n|upkeep\n|turn|4\n|inactive|Time left: 300 sec this turn | 300 sec total\n|\n|t:|1783556815\n|move|p2a: Mismagius|Shadow Ball|p1a: Kleavor\n|-damage|p1a: Kleavor|0 fnt\n|faint|p1a: Kleavor\n|\n|-heal|p2a: Mismagius|50/243|[from] item: Leftovers\n|upkeep\n|\n|t:|1783556816\n|switch|p1a: Espeon|Espeon, L84, F|100/100\n|turn|5\n|inactive|Time left: 300 sec this turn | 300 sec total\n|\n|t:|1783556817\n|move|p1a: Espeon|Psyshock|p2a: Mismagius\n|-damage|p2a: Mismagius|0 fnt\n|faint|p2a: Mismagius\n|-damage|p1a: Espeon|91/100|[from] item: Life Orb\n|\n|upkeep\n|inactive|Time left: 300 sec this turn | 300 sec total | 5 sec grace\n|\n|t:|1783556817\n|switch|p2a: Deoxys|Deoxys-Attack, L72|191/191\n|-damage|p2a: Deoxys|168/191|[from] Stealth Rock\n|-ability|p2a: Deoxys|Pressure\n|turn|6\n|inactive|Time left: 300 sec this turn | 300 sec total\n|\n|t:|1783556818\n|switch|p1a: Walking Wake|Walking Wake, L79|100/100\n|move|p2a: Deoxys|Knock Off|p1a: Walking Wake\n|-damage|p1a: Walking Wake|62/100\n|-enditem|p1a: Walking Wake|Choice Specs|[from] move: Knock Off|[of] p2a: Deoxys\n|-damage|p2a: Deoxys|149/191|[from] item: Life Orb\n|\n|upkeep\n|turn|7\n|inactive|Time left: 300 sec this turn | 300 sec total\n|\n|t:|1783556819\n|move|p2a: Deoxys|Psycho Boost|p1a: Walking Wake\n|-damage|p1a: Walking Wake|0 fnt\n|-unboost|p2a: Deoxys|spa|2\n|faint|p1a: Walking Wake\n|-end|p1a: Walking Wake|Protosynthesis|[silent]\n|-damage|p2a: Deoxys|130/191|[from] item: Life Orb\n|\n|upkeep\n|\n|t:|1783556820\n|switch|p1a: Iron Treads|Iron Treads, L77|100/100\n|turn|8\n|inactive|Time left: 300 sec this turn | 300 sec total\n|\n|t:|1783556821\n|move|p2a: Deoxys|Superpower|p1a: Iron Treads\n|-supereffective|p1a: Iron Treads\n|-damage|p1a: Iron Treads|14/100\n|-unboost|p2a: Deoxys|atk|1\n|-unboost|p2a: Deoxys|def|1\n|-damage|p2a: Deoxys|111/191|[from] item: Life Orb\n|move|p1a: Iron Treads|Earthquake|p2a: Deoxys\n|-damage|p2a: Deoxys|0 fnt\n|faint|p2a: Deoxys\n|\n|upkeep\n|inactive|Time left: 300 sec this turn | 300 sec total | 5 sec grace\n|\n|t:|1783556822\n|switch|p2a: Maushold|Maushold, L76|238/238\n|-damage|p2a: Maushold|209/238|[from] Stealth Rock\n|turn|9\n|inactive|Time left: 300 sec this turn | 300 sec total\n|\n|t:|1783556823\n|move|p2a: Maushold|Population Bomb|p1a: Iron Treads\n|-resisted|p1a: Iron Treads\n|-damage|p1a: Iron Treads|11/100\n|-resisted|p1a: Iron Treads\n|-damage|p1a: Iron Treads|7/100\n|-resisted|p1a: Iron Treads\n|-damage|p1a: Iron Treads|3/100\n|-resisted|p1a: Iron Treads\n|-damage|p1a: Iron Treads|0 fnt\n|faint|p1a: Iron Treads\n|-end|p1a: Iron Treads|Quark Drive|[silent]\n|-hitcount|p1: Iron Treads|4\n|\n|upkeep\n|\n|t:|1783556824\n|switch|p1a: Espeon|Espeon, L84, F|91/100\n|turn|10\n|inactive|Time left: 300 sec this turn | 300 sec total\n|\n|t:|1783556825\n|-terastallize|p1a: Espeon|Psychic\n|move|p1a: Espeon|Psyshock|p2a: Maushold\n|-damage|p2a: Maushold|0 fnt\n|faint|p2a: Maushold\n|-damage|p1a: Espeon|81/100|[from] item: Life Orb\n|\n|upkeep\n|inactive|Time left: 300 sec this turn | 300 sec total | 5 sec grace\n|\n|t:|1783556826\n|switch|p2a: Emboar|Emboar, L84, M|322/322\n|-damage|p2a: Emboar|282/322|[from] Stealth Rock\n|turn|11\n|inactive|Time left: 300 sec this turn | 300 sec total\n|\n|t:|1783556827\n|-terastallize|p2a: Emboar|Grass\n|move|p1a: Espeon|Psyshock|p2a: Emboar\n|-damage|p2a: Emboar|64/322\n|-damage|p1a: Espeon|71/100|[from] item: Life Orb\n|move|p2a: Emboar|Trailblaze|p1a: Espeon\n|-damage|p1a: Espeon|32/100\n|-boost|p2a: Emboar|spe|1\n|\n|-heal|p2a: Emboar|84/322|[from] item: Leftovers\n|upkeep\n|turn|12\n|inactive|Time left: 300 sec this turn | 300 sec total\n|\n|t:|1783556828\n|switch|p1a: Palkia|Palkia, L75|100/100\n|-ability|p1a: Palkia|Pressure\n|move|p2a: Emboar|Trailblaze|p1a: Palkia\n|-damage|p1a: Palkia|73/100\n|-boost|p2a: Emboar|spe|1\n|\n|-heal|p2a: Emboar|104/322|[from] item: Leftovers\n|upkeep\n|turn|13\n|inactive|Time left: 300 sec this turn | 300 sec total\n|\n|t:|1783556829\n|move|p2a: Emboar|Drain Punch|p1a: Palkia\n|-damage|p1a: Palkia|38/100\n|-heal|p2a: Emboar|150/322|[from] drain|[of] p1a: Palkia\n|move|p1a: Palkia|Thunder Wave|p2a: Emboar\n|-status|p2a: Emboar|par\n|\n|-heal|p2a: Emboar|170/322 par|[from] item: Leftovers\n|upkeep\n|turn|14\n|inactive|Time left: 300 sec this turn | 300 sec total\n|\n|t:|1783556831\n|move|p1a: Palkia|Fire Blast|p2a: Emboar\n|-supereffective|p2a: Emboar\n|-damage|p2a: Emboar|0 fnt\n|faint|p2a: Emboar\n|\n|upkeep\n|inactive|Time left: 300 sec this turn | 300 sec total | 5 sec grace\n|\n|t:|1783556831\n|switch|p2a: Amoonguss|Amoonguss, L82, M|321/321\n|-damage|p2a: Amoonguss|281/321|[from] Stealth Rock\n|turn|15\n|inactive|Time left: 300 sec this turn | 300 sec total\n|\n|t:|1783556832\n|switch|p1a: Espeon|Espeon, L84, F, tera:Psychic|32/100\n|move|p2a: Amoonguss|Spore|p1a: Espeon\n|move|p1a: Espeon|Spore|p2a: Amoonguss|[from] ability: Magic Bounce\n|-immune|p2a: Amoonguss\n|\n|upkeep\n|turn|16\n|inactive|Time left: 300 sec this turn | 300 sec total\n|\n|t:|1783556833\n|move|p1a: Espeon|Psyshock|p2a: Amoonguss\n|-supereffective|p2a: Amoonguss\n|-damage|p2a: Amoonguss|0 fnt\n|faint|p2a: Amoonguss\n|-damage|p1a: Espeon|22/100|[from] item: Life Orb\n|\n|win|p0x152388f3", "uploadtime": 1783556833, "views": 0, "rating": 0, "private": 0, "password": null, "_winner": "p0x152388f3", "_our_name": "p0y1523dad4"}