{"id": "battle-gen9randombattle-710", "formatid": "gen9randombattle", "format": "[Gen 9] Random Battle", "players": ["p0x7100414", "p0y7100060"], "log": "|init|battle\n|title|p0x7100414 vs. p0y7100060\n|j|\u2606p0x7100414\n|j|\u2606p0y7100060\n|t:|1783547362\n|gametype|singles\n|player|p1|p0x7100414|102|\n|player|p2|p0y7100060|265|\n|gen|9\n|tier|[Gen 9] Random Battle\n|rule|Species Clause: Limit one of each Pok\u00e9mon\n|rule|HP Percentage Mod: HP is shown in percentages\n|rule|Sleep Clause Mod: Limit one foe put to sleep\n|rule|Illusion Level Mod: Illusion disguises the Pok\u00e9mon's true level\n|\n|t:|1783547362\n|teamsize|p1|6\n|teamsize|p2|6\n|start\n|switch|p1a: Regidrago|Regidrago, L77|100/100\n|switch|p2a: Vivillon|Vivillon-Tundra, L83, F|268/268\n|turn|1\n|inactive|Battle timer is ON: inactive players will automatically lose when time's up. (requested by p0x7100414)\n|inactive|Time left: 300 sec this turn | 300 sec total | 60 sec grace\n|\n|t:|1783547363\n|switch|p2a: Perrserker|Perrserker, L89, M|269/269\n|move|p1a: Regidrago|Outrage|p2a: Perrserker\n|-resisted|p2a: Perrserker\n|-damage|p2a: Perrserker|194/269\n|\n|upkeep\n|turn|2\n|inactive|Time left: 300 sec this turn | 300 sec total\n|inactive|p0y7100060 also wants the timer to be on.\n|\n|t:|1783547365\n|move|p1a: Regidrago|Outrage|p2a: Perrserker|[from] lockedmove\n|-resisted|p2a: Perrserker\n|-damage|p2a: Perrserker|119/269\n|move|p2a: Perrserker|Iron Head|p1a: Regidrago\n|-damage|p1a: Regidrago|29/100\n|\n|upkeep\n|turn|3\n|inactive|Time left: 300 sec this turn | 300 sec total\n|\n|t:|1783547365\n|move|p1a: Regidrago|Outrage|p2a: Perrserker|[from] lockedmove\n|-resisted|p2a: Perrserker\n|-damage|p2a: Perrserker|53/269\n|-start|p1a: Regidrago|confusion|[fatigue]\n|-enditem|p1a: Regidrago|Lum Berry|[eat]\n|-end|p1a: Regidrago|confusion\n|move|p2a: Perrserker|Iron Head|p1a: Regidrago\n|-crit|p1a: Regidrago\n|-damage|p1a: Regidrago|0 fnt\n|faint|p1a: Regidrago\n|\n|upkeep\n|\n|t:|1783547366\n|switch|p1a: Oranguru|Oranguru, L92, F|100/100\n|turn|4\n|inactive|Time left: 300 sec this turn | 300 sec total\n|\n|t:|1783547367\n|move|p1a: Oranguru|Hyper Voice|p2a: Perrserker\n|-resisted|p2a: Perrserker\n|-damage|p2a: Perrserker|0 fnt\n|faint|p2a: Perrserker\n|\n|upkeep\n|inactive|Time left: 300 sec this turn | 300 sec total | 5 sec grace\n|\n|t:|1783547368\n|switch|p2a: Vivillon|Vivillon-Tundra, L83, F|268/268\n|turn|5\n|inactive|Time left: 300 sec this turn | 300 sec total\n|\n|t:|1783547369\n|move|p2a: Vivillon|Sleep Powder|p1a: Oranguru\n|-status|p1a: Oranguru|slp|[from] move: Sleep Powder\n|cant|p1a: Oranguru|slp\n|\n|upkeep\n|turn|6\n|inactive|Time left: 300 sec this turn | 300 sec total\n|\n|t:|1783547370\n|switch|p1a: Tyranitar|Tyranitar, L78, F|100/100\n|-weather|Sandstorm|[from] ability: Sand Stream|[of] p1a: Tyranitar\n|move|p2a: Vivillon|Quiver Dance|p2a: Vivillon\n|-boost|p2a: Vivillon|spa|1\n|-boost|p2a: Vivillon|spd|1\n|-boost|p2a: Vivillon|spe|1\n|\n|-weather|Sandstorm|[upkeep]\n|-damage|p2a: Vivillon|252/268|[from] Sandstorm\n|upkeep\n|turn|7\n|inactive|Time left: 300 sec this turn | 300 sec total\n|\n|t:|1783547371\n|move|p2a: Vivillon|Hurricane|p1a: Tyranitar\n|-resisted|p1a: Tyranitar\n|-damage|p1a: Tyranitar|82/100\n|move|p1a: Tyranitar|Knock Off|p2a: Vivillon\n|-damage|p2a: Vivillon|75/268\n|-enditem|p2a: Vivillon|Heavy-Duty Boots|[from] move: Knock Off|[of] p1a: Tyranitar\n|\n|-weather|Sandstorm|[upkeep]\n|-damage|p2a: Vivillon|59/268|[from] Sandstorm\n|-heal|p1a: Tyranitar|88/100|[from] item: Leftovers\n|upkeep\n|turn|8\n|inactive|Time left: 300 sec this turn | 300 sec total\n|\n|t:|1783547372\n|move|p2a: Vivillon|Bug Buzz|p1a: Tyranitar\n|-supereffective|p1a: Tyranitar\n|-damage|p1a: Tyranitar|29/100\n|move|p1a: Tyranitar|Knock Off|p2a: Vivillon\n|-damage|p2a: Vivillon|0 fnt\n|faint|p2a: Vivillon\n|\n|-weather|Sandstorm|[upkeep]\n|-heal|p1a: Tyranitar|35/100|[from] item: Leftovers\n|upkeep\n|inactive|Time left: 300 sec this turn | 300 sec total | 5 sec grace\n|\n|t:|1783547374\n|switch|p2a: Swampert|Swampert, L83, F|302/302\n|turn|9\n|inactive|Time left: 300 sec this turn | 300 sec total\n|\n|t:|1783547375\n|switch|p1a: Bronzong|Bronzong, L88|100/100\n|move|p2a: Swampert|Earthquake|p1a: Bronzong\n|-immune|p1a: Bronzong|[from] ability: Levitate\n|\n|-weather|Sandstorm|[upkeep]\n|upkeep\n|turn|10\n|inactive|Time left: 300 sec this turn | 300 sec total\n|\n|t:|1783547376\n|move|p2a: Swampert|Flip Turn|p1a: Bronzong\n|-damage|p1a: Bronzong|79/100\n|inactive|Time left: 300 sec this turn | 300 sec total | 5 sec grace\n|\n|t:|1783547376\n|switch|p2a: Volcanion|Volcanion, L79|255/255|[from] Flip Turn\n|move|p1a: Bronzong|Iron Defense|p1a: Bronzong\n|-boost|p1a: Bronzong|def|2\n|\n|-weather|none\n|upkeep\n|turn|11\n|inactive|Time left: 300 sec this turn | 300 sec total\n|\n|t:|1783547377\n|move|p2a: Volcanion|Flamethrower|p1a: Bronzong\n|-supereffective|p1a: Bronzong\n|-damage|p1a: Bronzong|16/100\n|move|p1a: Bronzong|Rest|p1a: Bronzong\n|-status|p1a: Bronzong|slp|[from] move: Rest\n|-heal|p1a: Bronzong|100/100 slp|[silent]\n|-enditem|p1a: Bronzong|Chesto Berry|[eat]\n|-curestatus|p1a: Bronzong|slp|[msg]\n|\n|upkeep\n|turn|12\n|inactive|Time left: 300 sec this turn | 300 sec total\n|\n|t:|1783547378\n|-terastallize|p1a: Bronzong|Fighting\n|move|p2a: Volcanion|Flamethrower|p1a: Bronzong\n|-damage|p1a: Bronzong|69/100\n|move|p1a: Bronzong|Body Press|p2a: Volcanion\n|-damage|p2a: Volcanion|68/255\n|\n|upkeep\n|turn|13\n|inactive|Time left: 300 sec this turn | 300 sec total\n|\n|t:|1783547379\n|move|p2a: Volcanion|Steam Eruption|p1a: Bronzong\n|-damage|p1a: Bronzong|28/100\n|move|p1a: Bronzong|Body Press|p2a: Volcanion\n|-damage|p2a: Volcanion|0 fnt\n|faint|p2a: Volcanion\n|\n|upkeep\n|inactive|Time left: 300 sec this turn | 300 sec total | 5 sec grace\n|\n|t:|1783547381\n|switch|p2a: Heatran|Heatran, L79, M|273/273\n|-item|p2a: Heatran|Air Balloon\n|turn|14\n|inactive|Time left: 300 sec this turn | 300 sec total\n|\n|t:|1783547382\n|move|p2a: Heatran|Lava Plume|p1a: Bronzong\n|-damage|p1a: Bronzong|2/100\n|move|p1a: Bronzong|Body Press|p2a: Heatran\n|-supereffective|p2a: Heatran\n|-damage|p2a: Heatran|0 fnt\n|-enditem|p2a: Heatran|Air Balloon\n|faint|p2a: Heatran\n|\n|upkeep\n|inactive|Time left: 300 sec this turn | 300 sec total | 5 sec grace\n|\n|t:|1783547383\n|switch|p2a: Swampert|Swampert, L83, F|302/302\n|turn|15\n|inactive|Time left: 300 sec this turn | 300 sec total\n|\n|t:|1783547384\n|move|p2a: Swampert|Ice Beam|p1a: Bronzong\n|-crit|p1a: Bronzong\n|-damage|p1a: Bronzong|0 fnt\n|faint|p1a: Bronzong\n|\n|upkeep\n|\n|t:|1783547385\n|switch|p1a: Pyroar|Pyroar, L88, M|100/100\n|-ability|p1a: Pyroar|Unnerve\n|turn|16\n|inactive|Time left: 300 sec this turn | 300 sec total\n|\n|t:|1783547386\n|move|p1a: Pyroar|Will-O-Wisp|p2a: Swampert\n|-status|p2a: Swampert|brn\n|move|p2a: Swampert|Earthquake|p1a: Pyroar\n|-supereffective|p1a: Pyroar\n|-damage|p1a: Pyroar|60/100\n|\n|-damage|p2a: Swampert|284/302 brn|[from] brn\n|upkeep\n|turn|17\n|inactive|Time left: 300 sec this turn | 300 sec total\n|\n|t:|1783547388\n|switch|p1a: Oranguru|Oranguru, L92, F|100/100 slp\n|move|p2a: Swampert|Earthquake|p1a: Oranguru\n|-damage|p1a: Oranguru|83/100 slp\n|\n|-heal|p2a: Swampert|302/302 brn|[from] item: Leftovers\n|-damage|p2a: Swampert|284/302 brn|[from] brn\n|upkeep\n|turn|18\n|inactive|Time left: 300 sec this turn | 300 sec total\n|\n|t:|1783547389\n|cant|p1a: Oranguru|slp\n|move|p2a: Swampert|Ice Beam|p1a: Oranguru\n|-crit|p1a: Oranguru\n|-damage|p1a: Oranguru|62/100 slp\n|\n|-heal|p2a: Swampert|302/302 brn|[from] item: Leftovers\n|-damage|p2a: Swampert|284/302 brn|[from] brn\n|upkeep\n|turn|19\n|inactive|Time left: 300 sec this turn | 300 sec total\n|\n|t:|1783547390\n|cant|p1a: Oranguru|slp\n|move|p2a: Swampert|Earthquake|p1a: Oranguru\n|-damage|p1a: Oranguru|46/100 slp\n|\n|-heal|p2a: Swampert|302/302 brn|[from] item: Leftovers\n|-damage|p2a: Swampert|284/302 brn|[from] brn\n|upkeep\n|turn|20\n|inactive|Time left: 300 sec this turn | 300 sec total\n|\n|t:|1783547391\n|-curestatus|p1a: Oranguru|slp|[msg]\n|move|p1a: Oranguru|Hyper Voice|p2a: Swampert\n|-damage|p2a: Swampert|115/302 brn\n|move|p2a: Swampert|Earthquake|p1a: Oranguru\n|-damage|p1a: Oranguru|29/100\n|\n|-heal|p2a: Swampert|133/302 brn|[from] item: Leftovers\n|-damage|p2a: Swampert|115/302 brn|[from] brn\n|upkeep\n|turn|21\n|inactive|Time left: 300 sec this turn | 300 sec total\n|\n|t:|1783547393\n|move|p1a: Oranguru|Hyper Voice|p2a: Swampert\n|-damage|p2a: Swampert|0 fnt\n|faint|p2a: Swampert\n|\n|upkeep\n|inactive|Time left: 300 sec this turn | 300 sec total | 5 sec grace\n|\n|t:|1783547393\n|switch|p2a: Jumpluff|Jumpluff, L87, M|271/271\n|turn|22\n|inactive|Time left: 300 sec this turn | 300 sec total\n|\n|t:|1783547395\n|switch|p1a: Tyranitar|Tyranitar, L78, F|35/100\n|-weather|Sandstorm|[from] ability: Sand Stream|[of] p1a: Tyranitar\n|move|p2a: Jumpluff|Acrobatics|p1a: Tyranitar\n|-resisted|p1a: Tyranitar\n|-damage|p1a: Tyranitar|22/100\n|\n|-weather|Sandstorm|[upkeep]\n|-damage|p2a: Jumpluff|255/271|[from] Sandstorm\n|-heal|p1a: Tyranitar|28/100|[from] item: Leftovers\n|upkeep\n|turn|23\n|inactive|Time left: 300 sec this turn | 300 sec total\n|\n|t:|1783547396\n|-terastallize|p2a: Jumpluff|Steel\n|move|p2a: Jumpluff|Leech Seed|p1a: Tyranitar\n|-start|p1a: Tyranitar|move: Leech Seed\n|move|p1a: Tyranitar|Stone Edge|p2a: Jumpluff\n|-resisted|p2a: Jumpluff\n|-crit|p2a: Jumpluff\n|-damage|p2a: Jumpluff|149/271\n|\n|-weather|Sandstorm|[upkeep]\n|-heal|p1a: Tyranitar|34/100|[from] item: Leftovers\n|-damage|p1a: Tyranitar|22/100|[from] Leech Seed|[of] p2a: Jumpluff\n|-heal|p2a: Jumpluff|184/271|[silent]\n|upkeep\n|turn|24\n|inactive|Time left: 300 sec this turn | 300 sec total\n|\n|t:|1783547397\n|move|p2a: Jumpluff|Strength Sap|p1a: Tyranitar\n|-unboost|p1a: Tyranitar|atk|1\n|-heal|p2a: Jumpluff|271/271\n|move|p1a: Tyranitar|Knock Off|p2a: Jumpluff\n|-damage|p2a: Jumpluff|205/271\n|\n|-weather|Sandstorm|[upkeep]\n|-heal|p1a: Tyranitar|28/100|[from] item: Leftovers\n|-damage|p1a: Tyranitar|16/100|[from] Leech Seed|[of] p2a: Jumpluff\n|-heal|p2a: Jumpluff|240/271|[silent]\n|upkeep\n|turn|25\n|inactive|Time left: 300 sec this turn | 300 sec total\n|\n|t:|1783547398\n|move|p2a: Jumpluff|Substitute|p2a: Jumpluff\n|-start|p2a: Jumpluff|Substitute\n|-damage|p2a: Jumpluff|173/271\n|move|p1a: Tyranitar|Thunder Wave||[still]\n|-fail|p1a: Tyranitar\n|\n|-weather|Sandstorm|[upkeep]\n|-heal|p1a: Tyranitar|22/100|[from] item: Leftovers\n|-damage|p1a: Tyranitar|9/100|[from] Leech Seed|[of] p2a: Jumpluff\n|-heal|p2a: Jumpluff|208/271|[silent]\n|upkeep\n|turn|26\n|inactive|Time left: 300 sec this turn | 300 sec total\n|\n|t:|1783547399\n|move|p2a: Jumpluff|Acrobatics|p1a: Tyranitar\n|-resisted|p1a: Tyranitar\n|-damage|p1a: Tyranitar|0 fnt\n|faint|p1a: Tyranitar\n|\n|-weather|none\n|upkeep\n|\n|t:|1783547400\n|switch|p1a: Oranguru|Oranguru, L92, F|29/100\n|turn|27\n|inactive|Time left: 300 sec this turn | 300 sec total\n|\n|t:|1783547400\n|move|p2a: Jumpluff|Leech Seed|p1a: Oranguru\n|-start|p1a: Oranguru|move: Leech Seed\n|move|p1a: Oranguru|Focus Blast|p2a: Jumpluff|[miss]\n|-miss|p1a: Oranguru|p2a: Jumpluff\n|\n|-damage|p1a: Oranguru|17/100|[from] Leech Seed|[of] p2a: Jumpluff\n|-heal|p2a: Jumpluff|247/271|[silent]\n|upkeep\n|turn|28\n|inactive|Time left: 300 sec this turn | 300 sec total\n|\n|t:|1783547402\n|move|p2a: Jumpluff|Acrobatics|p1a: Oranguru\n|-damage|p1a: Oranguru|0 fnt\n|faint|p1a: Oranguru\n|\n|upkeep\n|\n|t:|1783547402\n|switch|p1a: Scyther|Scyther, L82, M|100/100\n|turn|29\n|inactive|Time left: 300 sec this turn | 300 sec total\n|\n|t:|1783547403\n|move|p2a: Jumpluff|Acrobatics|p1a: Scyther\n|-supereffective|p1a: Scyther\n|-damage|p1a: Scyther|31/100\n|move|p1a: Scyther|Close Combat|p2a: Jumpluff\n|-supereffective|p2a: Jumpluff\n|-end|p2a: Jumpluff|Substitute\n|-unboost|p1a: Scyther|def|1\n|-unboost|p1a: Scyther|spd|1\n|\n|upkeep\n|turn|30\n|inactive|Time left: 300 sec this turn | 300 sec total\n|\n|t:|1783547404\n|move|p2a: Jumpluff|Substitute|p2a: Jumpluff\n|-start|p2a: Jumpluff|Substitute\n|-damage|p2a: Jumpluff|180/271\n|move|p1a: Scyther|Close Combat|p2a: Jumpluff\n|-supereffective|p2a: Jumpluff\n|-end|p2a: Jumpluff|Substitute\n|-unboost|p1a: Scyther|def|1\n|-unboost|p1a: Scyther|spd|1\n|\n|upkeep\n|turn|31\n|inactive|Time left: 300 sec this turn | 300 sec total\n|\n|t:|1783547405\n|move|p2a: Jumpluff|Strength Sap|p1a: Scyther\n|-unboost|p1a: Scyther|atk|1\n|-heal|p2a: Jumpluff|271/271\n|move|p1a: Scyther|Close Combat|p2a: Jumpluff\n|-supereffective|p2a: Jumpluff\n|-damage|p2a: Jumpluff|147/271\n|-unboost|p1a: Scyther|def|1\n|-unboost|p1a: Scyther|spd|1\n|\n|upkeep\n|turn|32\n|inactive|Time left: 300 sec this turn | 300 sec total\n|\n|t:|1783547406\n|move|p2a: Jumpluff|Strength Sap|p1a: Scyther\n|-unboost|p1a: Scyther|atk|1\n|-heal|p2a: Jumpluff|271/271\n|move|p1a: Scyther|Close Combat|p2a: Jumpluff\n|-supereffective|p2a: Jumpluff\n|-damage|p2a: Jumpluff|173/271\n|-unboost|p1a: Scyther|def|1\n|-unboost|p1a: Scyther|spd|1\n|\n|upkeep\n|turn|33\n|inactive|Time left: 300 sec this turn | 300 sec total\n|\n|t:|1783547408\n|move|p2a: Jumpluff|Substitute|p2a: Jumpluff\n|-start|p2a: Jumpluff|Substitute\n|-damage|p2a: Jumpluff|106/271\n|move|p1a: Scyther|Close Combat|p2a: Jumpluff\n|-supereffective|p2a: Jumpluff\n|-end|p2a: Jumpluff|Substitute\n|-unboost|p1a: Scyther|def|1\n|-unboost|p1a: Scyther|spd|1\n|\n|upkeep\n|turn|34\n|inactive|Time left: 300 sec this turn | 300 sec total\n|\n|t:|1783547408\n|move|p2a: Jumpluff|Strength Sap|p1a: Scyther\n|-unboost|p1a: Scyther|atk|1\n|-heal|p2a: Jumpluff|220/271\n|move|p1a: Scyther|Close Combat|p2a: Jumpluff\n|-supereffective|p2a: Jumpluff\n|-crit|p2a: Jumpluff\n|-damage|p2a: Jumpluff|0 fnt\n|-unboost|p1a: Scyther|def|1\n|-unboost|p1a: Scyther|spd|1\n|faint|p2a: Jumpluff\n|\n|win|p0x7100414", "uploadtime": 1783547408, "views": 0, "rating": 0, "private": 0, "password": null, "_winner": "p0x7100414", "_our_name": "p0y7100060"}