{"id": "battle-gen9randombattle-14", "formatid": "gen9randombattle", "format": "[Gen 9] Random Battle", "players": ["p0x01456fe", "p0y014a196"], "log": "|init|battle\n|title|p0x01456fe vs. p0y014a196\n|j|\u2606p0x01456fe\n|j|\u2606p0y014a196\n|t:|1783539575\n|gametype|singles\n|player|p1|p0x01456fe|102|\n|player|p2|p0y014a196|2|\n|gen|9\n|tier|[Gen 9] Random Battle\n|rule|Species Clause: Limit one of each Pok\u00e9mon\n|rule|HP Percentage Mod: HP is shown in percentages\n|rule|Sleep Clause Mod: Limit one foe put to sleep\n|rule|Illusion Level Mod: Illusion disguises the Pok\u00e9mon's true level\n|\n|t:|1783539575\n|teamsize|p1|6\n|teamsize|p2|6\n|start\n|switch|p1a: Rillaboom|Rillaboom, L79, M|100/100\n|switch|p2a: Spidops|Spidops, L96, M|271/271\n|-fieldstart|move: Grassy Terrain|[from] ability: Grassy Surge|[of] p1a: Rillaboom\n|turn|1\n|inactive|Battle timer is ON: inactive players will automatically lose when time's up. (requested by p0y014a196)\n|inactive|p0x01456fe also wants the timer to be on.\n|\n|t:|1783539577\n|move|p1a: Rillaboom|Wood Hammer|p2a: Spidops\n|-resisted|p2a: Spidops\n|-damage|p2a: Spidops|154/271\n|-damage|p1a: Rillaboom|87/100|[from] Recoil\n|move|p2a: Spidops|Sticky Web|p1a: Rillaboom\n|-sidestart|p1: p0x01456fe|move: Sticky Web\n|\n|-heal|p1a: Rillaboom|93/100|[from] Grassy Terrain\n|-heal|p2a: Spidops|170/271|[from] Grassy Terrain\n|upkeep\n|turn|2\n|inactive|Time left: 300 sec this turn | 300 sec total\n|\n|t:|1783539578\n|move|p1a: Rillaboom|Wood Hammer|p2a: Spidops\n|-resisted|p2a: Spidops\n|-damage|p2a: Spidops|47/271\n|-damage|p1a: Rillaboom|79/100|[from] Recoil\n|move|p2a: Spidops|U-turn|p1a: Rillaboom\n|-supereffective|p1a: Rillaboom\n|-damage|p1a: Rillaboom|22/100\n|inactive|Time left: 300 sec this turn | 300 sec total | 5 sec grace\n|\n|t:|1783539579\n|switch|p2a: Oricorio|Oricorio, L84, M|263/263|[from] U-turn\n|\n|-heal|p1a: Rillaboom|28/100|[from] Grassy Terrain\n|upkeep\n|turn|3\n|inactive|Time left: 300 sec this turn | 300 sec total\n|\n|t:|1783539580\n|move|p2a: Oricorio|Quiver Dance|p2a: Oricorio\n|-boost|p2a: Oricorio|spa|1\n|-boost|p2a: Oricorio|spd|1\n|-boost|p2a: Oricorio|spe|1\n|move|p1a: Rillaboom|Wood Hammer|p2a: Oricorio\n|-resisted|p2a: Oricorio\n|-damage|p2a: Oricorio|186/263\n|-damage|p1a: Rillaboom|20/100|[from] Recoil\n|\n|-heal|p1a: Rillaboom|26/100|[from] Grassy Terrain\n|upkeep\n|turn|4\n|inactive|Time left: 300 sec this turn | 300 sec total\n|\n|t:|1783539581\n|switch|p1a: Incineroar|Incineroar, L82, F|100/100\n|-ability|p1a: Incineroar|Intimidate|boost\n|-unboost|p2a: Oricorio|atk|1\n|move|p2a: Oricorio|Quiver Dance|p2a: Oricorio\n|-boost|p2a: Oricorio|spa|1\n|-boost|p2a: Oricorio|spd|1\n|-boost|p2a: Oricorio|spe|1\n|\n|upkeep\n|turn|5\n|inactive|Time left: 300 sec this turn | 300 sec total\n|\n|t:|1783539582\n|move|p2a: Oricorio|Hurricane|p1a: Incineroar\n|-damage|p1a: Incineroar|22/100\n|move|p1a: Incineroar|Knock Off|p2a: Oricorio\n|-damage|p2a: Oricorio|54/263\n|-enditem|p2a: Oricorio|Heavy-Duty Boots|[from] move: Knock Off|[of] p1a: Incineroar\n|\n|-heal|p1a: Incineroar|28/100|[from] Grassy Terrain\n|-fieldend|move: Grassy Terrain\n|upkeep\n|turn|6\n|inactive|Time left: 300 sec this turn | 300 sec total\n|\n|t:|1783539583\n|move|p2a: Oricorio|Revelation Dance|p1a: Incineroar\n|-resisted|p1a: Incineroar\n|-damage|p1a: Incineroar|0 fnt\n|faint|p1a: Incineroar\n|\n|upkeep\n|\n|t:|1783539584\n|switch|p1a: Weavile|Weavile, L79, M|100/100\n|-activate|p1a: Weavile|move: Sticky Web\n|-unboost|p1a: Weavile|spe|1\n|turn|7\n|inactive|Time left: 300 sec this turn | 300 sec total\n|\n|t:|1783539586\n|move|p1a: Weavile|Ice Shard|p2a: Oricorio\n|-damage|p2a: Oricorio|0 fnt\n|faint|p2a: Oricorio\n|\n|upkeep\n|inactive|Time left: 300 sec this turn | 300 sec total | 5 sec grace\n|\n|t:|1783539587\n|switch|p2a: Mewtwo|Mewtwo, L72|272/272\n|-ability|p2a: Mewtwo|Unnerve\n|turn|8\n|inactive|Time left: 300 sec this turn | 300 sec total\n|\n|t:|1783539588\n|move|p1a: Weavile|Ice Shard|p2a: Mewtwo\n|-damage|p2a: Mewtwo|200/272\n|move|p2a: Mewtwo|Nasty Plot|p2a: Mewtwo\n|-boost|p2a: Mewtwo|spa|2\n|\n|upkeep\n|turn|9\n|inactive|Time left: 300 sec this turn | 300 sec total\n|\n|t:|1783539589\n|move|p1a: Weavile|Ice Shard|p2a: Mewtwo\n|-damage|p2a: Mewtwo|122/272\n|move|p2a: Mewtwo|Fire Blast|p1a: Weavile\n|-supereffective|p1a: Weavile\n|-damage|p1a: Weavile|0 fnt\n|faint|p1a: Weavile\n|-damage|p2a: Mewtwo|95/272|[from] item: Life Orb\n|\n|upkeep\n|\n|t:|1783539591\n|switch|p1a: Rillaboom|Rillaboom, L79, M|26/100\n|-activate|p1a: Rillaboom|move: Sticky Web\n|-unboost|p1a: Rillaboom|spe|1\n|-fieldstart|move: Grassy Terrain|[from] ability: Grassy Surge|[of] p1a: Rillaboom\n|turn|10\n|inactive|Time left: 300 sec this turn | 300 sec total\n|\n|t:|1783539592\n|switch|p2a: Whimsicott|Whimsicott, L84, M|238/238\n|move|p1a: Rillaboom|Grassy Glide|p2a: Whimsicott\n|-resisted|p2a: Whimsicott\n|-damage|p2a: Whimsicott|173/238\n|\n|-heal|p2a: Whimsicott|187/238|[from] Grassy Terrain\n|-heal|p1a: Rillaboom|32/100|[from] Grassy Terrain\n|upkeep\n|turn|11\n|inactive|Time left: 300 sec this turn | 300 sec total\n|\n|t:|1783539593\n|move|p1a: Rillaboom|Grassy Glide|p2a: Whimsicott\n|-resisted|p2a: Whimsicott\n|-damage|p2a: Whimsicott|123/238\n|move|p2a: Whimsicott|Moonblast|p1a: Rillaboom\n|-damage|p1a: Rillaboom|0 fnt\n|faint|p1a: Rillaboom\n|\n|-heal|p2a: Whimsicott|137/238|[from] Grassy Terrain\n|upkeep\n|\n|t:|1783539594\n|switch|p1a: Minior|Minior-Violet, L79|100/100\n|-formechange|p1a: Minior|Minior-Meteor||[from] ability: Shields Down\n|turn|12\n|inactive|Time left: 300 sec this turn | 300 sec total\n|\n|t:|1783539596\n|switch|p2a: Cinccino|Cinccino, L83, M|260/260\n|move|p1a: Minior|Shell Smash|p1a: Minior\n|-unboost|p1a: Minior|def|1\n|-unboost|p1a: Minior|spd|1\n|-boost|p1a: Minior|atk|2\n|-boost|p1a: Minior|spa|2\n|-boost|p1a: Minior|spe|2\n|-enditem|p1a: Minior|White Herb\n|-clearnegativeboost|p1a: Minior|[silent]\n|\n|upkeep\n|turn|13\n|inactive|Time left: 300 sec this turn | 300 sec total\n|\n|t:|1783539597\n|move|p1a: Minior|Acrobatics|p2a: Cinccino\n|-damage|p2a: Cinccino|74/260\n|move|p2a: Cinccino|Triple Axel|p1a: Minior\n|-supereffective|p1a: Minior\n|-damage|p1a: Minior|81/100\n|-supereffective|p1a: Minior\n|-damage|p1a: Minior|48/100\n|-supereffective|p1a: Minior\n|-damage|p1a: Minior|0 fnt\n|faint|p1a: Minior\n|-hitcount|p1: Minior|3\n|\n|-heal|p2a: Cinccino|90/260|[from] Grassy Terrain\n|upkeep\n|\n|t:|1783539598\n|switch|p1a: Corviknight|Corviknight, L80, F|100/100\n|-ability|p1a: Corviknight|Pressure\n|turn|14\n|inactive|Time left: 300 sec this turn | 300 sec total\n|\n|t:|1783539599\n|switch|p2a: Whiscash|Whiscash, L88, M|337/337\n|move|p1a: Corviknight|Brave Bird|p2a: Whiscash\n|-damage|p2a: Whiscash|226/337\n|-damage|p1a: Corviknight|88/100|[from] Recoil\n|\n|-heal|p2a: Whiscash|247/337|[from] Grassy Terrain\n|-heal|p2a: Whiscash|268/337|[from] item: Leftovers\n|-fieldend|move: Grassy Terrain\n|upkeep\n|turn|15\n|inactive|Time left: 300 sec this turn | 300 sec total\n|\n|t:|1783539600\n|move|p2a: Whiscash|Hydro Pump|p1a: Corviknight\n|-damage|p1a: Corviknight|46/100\n|move|p1a: Corviknight|Defog|p2a: Whiscash\n|-unboost|p2a: Whiscash|evasion|1\n|-sideend|p1: p0x01456fe|Sticky Web|[from] move: Defog|[of] p1a: Corviknight\n|\n|-heal|p2a: Whiscash|289/337|[from] item: Leftovers\n|upkeep\n|turn|16\n|inactive|Time left: 300 sec this turn | 300 sec total\n|\n|t:|1783539601\n|move|p2a: Whiscash|Hydro Pump|p1a: Corviknight\n|-damage|p1a: Corviknight|6/100\n|move|p1a: Corviknight|Roost|p1a: Corviknight\n|-heal|p1a: Corviknight|56/100\n|-singleturn|p1a: Corviknight|move: Roost\n|\n|-heal|p2a: Whiscash|310/337|[from] item: Leftovers\n|upkeep\n|turn|17\n|inactive|Time left: 300 sec this turn | 300 sec total\n|\n|t:|1783539602\n|move|p2a: Whiscash|Hydro Pump|p1a: Corviknight\n|-damage|p1a: Corviknight|15/100\n|move|p1a: Corviknight|Roost|p1a: Corviknight\n|-heal|p1a: Corviknight|65/100\n|-singleturn|p1a: Corviknight|move: Roost\n|\n|-heal|p2a: Whiscash|331/337|[from] item: Leftovers\n|upkeep\n|turn|18\n|inactive|Time left: 300 sec this turn | 300 sec total\n|\n|t:|1783539604\n|move|p2a: Whiscash|Hydro Pump|p1a: Corviknight\n|-damage|p1a: Corviknight|23/100\n|move|p1a: Corviknight|Roost|p1a: Corviknight\n|-heal|p1a: Corviknight|73/100\n|-singleturn|p1a: Corviknight|move: Roost\n|\n|-heal|p2a: Whiscash|337/337|[from] item: Leftovers\n|upkeep\n|turn|19\n|inactive|Time left: 300 sec this turn | 300 sec total\n|\n|t:|1783539605\n|move|p2a: Whiscash|Ice Beam|p1a: Corviknight\n|-damage|p1a: Corviknight|53/100\n|move|p1a: Corviknight|Roost|p1a: Corviknight\n|-heal|p1a: Corviknight|100/100\n|-singleturn|p1a: Corviknight|move: Roost\n|\n|upkeep\n|turn|20\n|inactive|Time left: 300 sec this turn | 300 sec total\n|\n|t:|1783539606\n|move|p2a: Whiscash|Ice Beam|p1a: Corviknight\n|-damage|p1a: Corviknight|78/100\n|move|p1a: Corviknight|Brave Bird|p2a: Whiscash\n|-damage|p2a: Whiscash|211/337\n|-damage|p1a: Corviknight|64/100|[from] Recoil\n|\n|-heal|p2a: Whiscash|232/337|[from] item: Leftovers\n|upkeep\n|turn|21\n|inactive|Time left: 300 sec this turn | 300 sec total\n|\n|t:|1783539607\n|move|p2a: Whiscash|Ice Beam|p1a: Corviknight\n|-damage|p1a: Corviknight|41/100\n|move|p1a: Corviknight|Roost|p1a: Corviknight\n|-heal|p1a: Corviknight|91/100\n|-singleturn|p1a: Corviknight|move: Roost\n|\n|-heal|p2a: Whiscash|253/337|[from] item: Leftovers\n|upkeep\n|turn|22\n|inactive|Time left: 300 sec this turn | 300 sec total\n|\n|t:|1783539608\n|move|p2a: Whiscash|Ice Beam|p1a: Corviknight\n|-damage|p1a: Corviknight|68/100\n|move|p1a: Corviknight|Brave Bird|p2a: Whiscash\n|-damage|p2a: Whiscash|132/337\n|-damage|p1a: Corviknight|54/100|[from] Recoil\n|\n|-heal|p2a: Whiscash|153/337|[from] item: Leftovers\n|upkeep\n|turn|23\n|inactive|Time left: 300 sec this turn | 300 sec total\n|\n|t:|1783539609\n|move|p2a: Whiscash|Ice Beam|p1a: Corviknight\n|-damage|p1a: Corviknight|33/100\n|move|p1a: Corviknight|Roost|p1a: Corviknight\n|-heal|p1a: Corviknight|83/100\n|-singleturn|p1a: Corviknight|move: Roost\n|\n|-heal|p2a: Whiscash|174/337|[from] item: Leftovers\n|upkeep\n|turn|24\n|inactive|Time left: 300 sec this turn | 300 sec total\n|\n|t:|1783539610\n|move|p2a: Whiscash|Ice Beam|p1a: Corviknight\n|-damage|p1a: Corviknight|63/100\n|move|p1a: Corviknight|Brave Bird|p2a: Whiscash\n|-damage|p2a: Whiscash|60/337\n|-damage|p1a: Corviknight|49/100|[from] Recoil\n|\n|-heal|p2a: Whiscash|81/337|[from] item: Leftovers\n|upkeep\n|turn|25\n|inactive|Time left: 300 sec this turn | 300 sec total\n|\n|t:|1783539611\n|move|p2a: Whiscash|Ice Beam|p1a: Corviknight\n|-damage|p1a: Corviknight|29/100\n|move|p1a: Corviknight|Roost|p1a: Corviknight\n|-heal|p1a: Corviknight|79/100\n|-singleturn|p1a: Corviknight|move: Roost\n|\n|-heal|p2a: Whiscash|102/337|[from] item: Leftovers\n|upkeep\n|turn|26\n|inactive|Time left: 300 sec this turn | 300 sec total\n|\n|t:|1783539612\n|move|p2a: Whiscash|Ice Beam|p1a: Corviknight\n|-damage|p1a: Corviknight|58/100\n|move|p1a: Corviknight|Brave Bird|p2a: Whiscash\n|-damage|p2a: Whiscash|0 fnt\n|faint|p2a: Whiscash\n|-damage|p1a: Corviknight|47/100|[from] Recoil\n|\n|upkeep\n|inactive|Time left: 300 sec this turn | 300 sec total | 5 sec grace\n|\n|t:|1783539613\n|switch|p2a: Mewtwo|Mewtwo, L72|95/272\n|-ability|p2a: Mewtwo|Unnerve\n|turn|27\n|inactive|Time left: 300 sec this turn | 300 sec total\n|\n|t:|1783539614\n|move|p2a: Mewtwo|Fire Blast|p1a: Corviknight\n|-supereffective|p1a: Corviknight\n|-damage|p1a: Corviknight|0 fnt\n|faint|p1a: Corviknight\n|-damage|p2a: Mewtwo|68/272|[from] item: Life Orb\n|\n|upkeep\n|\n|t:|1783539615\n|switch|p1a: Deoxys|Deoxys-Speed, L82|100/100\n|-ability|p1a: Deoxys|Pressure\n|turn|28\n|inactive|Time left: 300 sec this turn | 300 sec total\n|\n|t:|1783539616\n|move|p1a: Deoxys|Dark Pulse|p2a: Mewtwo\n|-supereffective|p2a: Mewtwo\n|-damage|p2a: Mewtwo|0 fnt\n|faint|p2a: Mewtwo\n|-damage|p1a: Deoxys|91/100|[from] item: Life Orb\n|\n|upkeep\n|inactive|Time left: 300 sec this turn | 300 sec total | 5 sec grace\n|\n|t:|1783539617\n|switch|p2a: Whimsicott|Whimsicott, L84, M|137/238\n|turn|29\n|inactive|Time left: 300 sec this turn | 300 sec total\n|\n|t:|1783539618\n|move|p1a: Deoxys|Nasty Plot|p1a: Deoxys\n|-boost|p1a: Deoxys|spa|2\n|move|p2a: Whimsicott|Moonblast|p1a: Deoxys\n|-damage|p1a: Deoxys|50/100\n|\n|upkeep\n|turn|30\n|inactive|Time left: 300 sec this turn | 300 sec total\n|\n|t:|1783539619\n|-terastallize|p1a: Deoxys|Dark\n|move|p2a: Whimsicott|Stun Spore|p1a: Deoxys\n|-hint|Since gen 7, Dark is immune to Prankster moves.\n|-immune|p1a: Deoxys\n|move|p1a: Deoxys|Psycho Boost|p2a: Whimsicott\n|-damage|p2a: Whimsicott|0 fnt\n|-unboost|p1a: Deoxys|spa|2\n|faint|p2a: Whimsicott\n|-damage|p1a: Deoxys|41/100|[from] item: Life Orb\n|\n|upkeep\n|inactive|Time left: 300 sec this turn | 300 sec total | 5 sec grace\n|\n|t:|1783539620\n|switch|p2a: Cinccino|Cinccino, L83, M|90/260\n|turn|31\n|inactive|Time left: 300 sec this turn | 300 sec total\n|\n|t:|1783539621\n|-terastallize|p2a: Cinccino|Grass\n|move|p1a: Deoxys|Dark Pulse|p2a: Cinccino\n|-damage|p2a: Cinccino|0 fnt\n|faint|p2a: Cinccino\n|-damage|p1a: Deoxys|31/100|[from] item: Life Orb\n|\n|upkeep\n|inactive|Time left: 300 sec this turn | 300 sec total | 5 sec grace\n|\n|t:|1783539622\n|switch|p2a: Spidops|Spidops, L96, M|47/271\n|turn|32\n|inactive|Time left: 300 sec this turn | 300 sec total\n|\n|t:|1783539623\n|move|p1a: Deoxys|Dark Pulse|p2a: Spidops\n|-damage|p2a: Spidops|0 fnt\n|faint|p2a: Spidops\n|-damage|p1a: Deoxys|21/100|[from] item: Life Orb\n|\n|win|p0x01456fe", "uploadtime": 1783539623, "views": 0, "rating": 0, "private": 0, "password": null, "_winner": "p0x01456fe", "_our_name": "p0y014a196"}