{"id": "battle-gen9randombattle-877", "formatid": "gen9randombattle", "format": "[Gen 9] Random Battle", "players": ["p0x8772fb8", "p0y877042e"], "log": "|init|battle\n|title|p0x8772fb8 vs. p0y877042e\n|j|\u2606p0x8772fb8\n|j|\u2606p0y877042e\n|t:|1783549298\n|gametype|singles\n|player|p1|p0x8772fb8|265|\n|player|p2|p0y877042e|1|\n|gen|9\n|tier|[Gen 9] Random Battle\n|rule|Species Clause: Limit one of each Pok\u00e9mon\n|rule|HP Percentage Mod: HP is shown in percentages\n|rule|Sleep Clause Mod: Limit one foe put to sleep\n|rule|Illusion Level Mod: Illusion disguises the Pok\u00e9mon's true level\n|\n|t:|1783549298\n|teamsize|p1|6\n|teamsize|p2|6\n|start\n|switch|p1a: Beartic|Beartic, L91, M|321/321\n|switch|p2a: Pachirisu|Pachirisu, L96, M|100/100\n|turn|1\n|inactive|Battle timer is ON: inactive players will automatically lose when time's up. (requested by p0x8772fb8)\n|inactive|p0y877042e also wants the timer to be on.\n|\n|t:|1783549300\n|move|p2a: Pachirisu|Super Fang|p1a: Beartic\n|-damage|p1a: Beartic|161/321\n|move|p1a: Beartic|Icicle Crash|p2a: Pachirisu\n|-damage|p2a: Pachirisu|46/100\n|\n|upkeep\n|turn|2\n|inactive|Time left: 300 sec this turn | 300 sec total\n|\n|t:|1783549301\n|move|p2a: Pachirisu|U-turn|p1a: Beartic\n|-damage|p1a: Beartic|125/321\n|\n|t:|1783549302\n|switch|p2a: Floatzel|Floatzel, L86, M|100/100|[from] U-turn\n|move|p1a: Beartic|Icicle Crash|p2a: Floatzel\n|-resisted|p2a: Floatzel\n|-damage|p2a: Floatzel|69/100\n|\n|upkeep\n|turn|3\n|inactive|Time left: 300 sec this turn | 300 sec total\n|\n|t:|1783549303\n|switch|p1a: Greedent|Greedent, L86, M|347/347\n|move|p2a: Floatzel|Wave Crash|p1a: Greedent\n|-damage|p1a: Greedent|169/347\n|-enditem|p1a: Greedent|Sitrus Berry|[eat]\n|-heal|p1a: Greedent|255/347|[from] item: Sitrus Berry\n|-heal|p1a: Greedent|347/347|[from] ability: Cheek Pouch\n|-damage|p2a: Floatzel|49/100|[from] Recoil\n|\n|upkeep\n|turn|4\n|inactive|Time left: 300 sec this turn | 300 sec total\n|\n|t:|1783549304\n|move|p2a: Floatzel|Wave Crash|p1a: Greedent\n|-damage|p1a: Greedent|160/347\n|-damage|p2a: Floatzel|27/100|[from] Recoil\n|move|p1a: Greedent|Earthquake|p2a: Floatzel\n|-damage|p2a: Floatzel|0 fnt\n|faint|p2a: Floatzel\n|\n|upkeep\n|\n|t:|1783549305\n|switch|p2a: Serperior|Serperior, L79, F|100/100\n|turn|5\n|inactive|Time left: 300 sec this turn | 300 sec total\n|\n|t:|1783549306\n|move|p2a: Serperior|Leaf Storm|p1a: Greedent\n|-damage|p1a: Greedent|7/347\n|-boost|p2a: Serperior|spa|2\n|-damage|p2a: Serperior|91/100|[from] item: Life Orb\n|move|p1a: Greedent|Double-Edge|p2a: Serperior\n|-damage|p2a: Serperior|40/100\n|-damage|p1a: Greedent|0 fnt|[from] Recoil\n|faint|p1a: Greedent\n|\n|upkeep\n|inactive|Time left: 300 sec this turn | 300 sec total | 5 sec grace\n|\n|t:|1783549306\n|switch|p1a: Chien-Pao|Chien-Pao, L72|234/234\n|-ability|p1a: Chien-Pao|Sword of Ruin\n|turn|6\n|inactive|Time left: 300 sec this turn | 300 sec total\n|\n|t:|1783549307\n|switch|p2a: Passimian|Passimian, L83, F|100/100\n|move|p1a: Chien-Pao|Throat Chop|p2a: Passimian\n|-resisted|p2a: Passimian\n|-damage|p2a: Passimian|76/100\n|-start|p2a: Passimian|Throat Chop|[silent]\n|\n|upkeep\n|turn|7\n|inactive|Time left: 300 sec this turn | 300 sec total\n|\n|t:|1783549308\n|switch|p1a: Alcremie|Alcremie, L90, F|263/263\n|move|p2a: Passimian|Close Combat|p1a: Alcremie\n|-resisted|p1a: Alcremie\n|-damage|p1a: Alcremie|184/263\n|-unboost|p2a: Passimian|def|1\n|-unboost|p2a: Passimian|spd|1\n|\n|-heal|p1a: Alcremie|200/263|[from] item: Leftovers\n|-end|p2a: Passimian|Throat Chop|[silent]\n|upkeep\n|turn|8\n|inactive|Time left: 300 sec this turn | 300 sec total\n|\n|t:|1783549308\n|switch|p2a: Slowking|Slowking-Galar, L85, F|100/100\n|move|p1a: Alcremie|Calm Mind|p1a: Alcremie\n|-boost|p1a: Alcremie|spa|1\n|-boost|p1a: Alcremie|spd|1\n|\n|-heal|p1a: Alcremie|216/263|[from] item: Leftovers\n|upkeep\n|turn|9\n|inactive|Time left: 300 sec this turn | 300 sec total\n|\n|t:|1783549309\n|move|p1a: Alcremie|Calm Mind|p1a: Alcremie\n|-boost|p1a: Alcremie|spa|1\n|-boost|p1a: Alcremie|spd|1\n|move|p2a: Slowking|Sludge Bomb|p1a: Alcremie\n|-supereffective|p1a: Alcremie\n|-damage|p1a: Alcremie|126/263\n|\n|-heal|p1a: Alcremie|142/263|[from] item: Leftovers\n|upkeep\n|turn|10\n|inactive|Time left: 300 sec this turn | 300 sec total\n|\n|t:|1783549310\n|move|p1a: Alcremie|Recover|p1a: Alcremie\n|-heal|p1a: Alcremie|263/263\n|move|p2a: Slowking|Sludge Bomb|p1a: Alcremie\n|-supereffective|p1a: Alcremie\n|-damage|p1a: Alcremie|185/263\n|\n|-heal|p1a: Alcremie|201/263|[from] item: Leftovers\n|upkeep\n|turn|11\n|inactive|Time left: 300 sec this turn | 300 sec total\n|\n|t:|1783549311\n|move|p1a: Alcremie|Psyshock|p2a: Slowking\n|-damage|p2a: Slowking|51/100\n|move|p2a: Slowking|Sludge Bomb|p1a: Alcremie\n|-supereffective|p1a: Alcremie\n|-damage|p1a: Alcremie|117/263\n|\n|-heal|p1a: Alcremie|133/263|[from] item: Leftovers\n|-heal|p2a: Slowking|57/100|[from] item: Leftovers\n|upkeep\n|turn|12\n|inactive|Time left: 300 sec this turn | 300 sec total\n|\n|t:|1783549312\n|move|p1a: Alcremie|Psyshock|p2a: Slowking\n|-crit|p2a: Slowking\n|-damage|p2a: Slowking|0 fnt\n|faint|p2a: Slowking\n|\n|-heal|p1a: Alcremie|149/263|[from] item: Leftovers\n|upkeep\n|\n|t:|1783549313\n|switch|p2a: Serperior|Serperior, L79, F|40/100\n|turn|13\n|inactive|Time left: 300 sec this turn | 300 sec total\n|\n|t:|1783549314\n|move|p2a: Serperior|Glare|p1a: Alcremie\n|-status|p1a: Alcremie|par\n|move|p1a: Alcremie|Psyshock|p2a: Serperior\n|-damage|p2a: Serperior|0 fnt\n|faint|p2a: Serperior\n|\n|-heal|p1a: Alcremie|165/263 par|[from] item: Leftovers\n|upkeep\n|\n|t:|1783549315\n|switch|p2a: Porygon-Z|Porygon-Z, L83|100/100\n|turn|14\n|inactive|Time left: 300 sec this turn | 300 sec total\n|\n|t:|1783549316\n|move|p2a: Porygon-Z|Trick|p1a: Alcremie\n|-activate|p2a: Porygon-Z|move: Trick|[of] p1a: Alcremie\n|-item|p1a: Alcremie|Choice Scarf|[from] move: Trick\n|-item|p2a: Porygon-Z|Leftovers|[from] move: Trick\n|move|p1a: Alcremie|Alluring Voice|p2a: Porygon-Z\n|-damage|p2a: Porygon-Z|10/100\n|\n|-heal|p2a: Porygon-Z|16/100|[from] item: Leftovers\n|upkeep\n|turn|15\n|inactive|Time left: 300 sec this turn | 300 sec total\n|\n|t:|1783549317\n|move|p2a: Porygon-Z|Tri Attack|p1a: Alcremie\n|-damage|p1a: Alcremie|107/263 par\n|move|p1a: Alcremie|Alluring Voice|p2a: Porygon-Z\n|-damage|p2a: Porygon-Z|0 fnt\n|faint|p2a: Porygon-Z\n|\n|upkeep\n|\n|t:|1783549318\n|switch|p2a: Pachirisu|Pachirisu, L96, M|46/100\n|turn|16\n|inactive|Time left: 300 sec this turn | 300 sec total\n|\n|t:|1783549319\n|move|p2a: Pachirisu|Super Fang|p1a: Alcremie\n|-damage|p1a: Alcremie|54/263 par\n|cant|p1a: Alcremie|par\n|\n|upkeep\n|turn|17\n|inactive|Time left: 300 sec this turn | 300 sec total\n|\n|t:|1783549320\n|move|p2a: Pachirisu|Discharge|p1a: Alcremie\n|-damage|p1a: Alcremie|29/263 par\n|move|p1a: Alcremie|Alluring Voice|p2a: Pachirisu\n|-damage|p2a: Pachirisu|0 fnt\n|faint|p2a: Pachirisu\n|\n|upkeep\n|\n|t:|1783549321\n|switch|p2a: Passimian|Passimian, L83, F|76/100\n|turn|18\n|inactive|Time left: 300 sec this turn | 300 sec total\n|\n|t:|1783549322\n|switch|p1a: Medicham|Medicham, L86, F|243/243\n|move|p2a: Passimian|Rock Slide|p1a: Medicham\n|-resisted|p1a: Medicham\n|-damage|p1a: Medicham|207/243\n|\n|upkeep\n|turn|19\n|inactive|Time left: 300 sec this turn | 300 sec total\n|\n|t:|1783549323\n|-terastallize|p2a: Passimian|Fighting\n|-terastallize|p1a: Medicham|Fighting\n|move|p2a: Passimian|Rock Slide|p1a: Medicham|[miss]\n|-miss|p2a: Passimian|p1a: Medicham\n|move|p1a: Medicham|Close Combat|p2a: Passimian\n|-crit|p2a: Passimian\n|-damage|p2a: Passimian|0 fnt\n|-unboost|p1a: Medicham|def|1\n|-unboost|p1a: Medicham|spd|1\n|faint|p2a: Passimian\n|\n|win|p0x8772fb8", "uploadtime": 1783549323, "views": 0, "rating": 0, "private": 0, "password": null, "_winner": "p0x8772fb8", "_our_name": "p0x8772fb8"}