{"id": "battle-gen9randombattle-1258", "formatid": "gen9randombattle", "format": "[Gen 9] Random Battle", "players": ["p0x1258503e", "p0y12589847"], "log": "|init|battle\n|title|p0x1258503e vs. p0y12589847\n|j|\u2606p0x1258503e\n|j|\u2606p0y12589847\n|t:|1783553695\n|gametype|singles\n|player|p1|p0x1258503e|102|\n|player|p2|p0y12589847|2|\n|gen|9\n|tier|[Gen 9] Random Battle\n|rule|Species Clause: Limit one of each Pok\u00e9mon\n|rule|HP Percentage Mod: HP is shown in percentages\n|rule|Sleep Clause Mod: Limit one foe put to sleep\n|rule|Illusion Level Mod: Illusion disguises the Pok\u00e9mon's true level\n|\n|t:|1783553695\n|teamsize|p1|6\n|teamsize|p2|6\n|start\n|switch|p1a: Luvdisc|Luvdisc, M|247/247\n|switch|p2a: Baxcalibur|Baxcalibur, L75, M|100/100\n|turn|1\n|inactive|Battle timer is ON: inactive players will automatically lose when time's up. (requested by p0y12589847)\n|inactive|Time left: 300 sec this turn | 300 sec total | 60 sec grace\n|inactive|p0x1258503e also wants the timer to be on.\n|\n|t:|1783553697\n|move|p1a: Luvdisc|Surf|p2a: Baxcalibur\n|-resisted|p2a: Baxcalibur\n|-damage|p2a: Baxcalibur|87/100\n|move|p2a: Baxcalibur|Dragon Dance|p2a: Baxcalibur\n|-boost|p2a: Baxcalibur|atk|1\n|-boost|p2a: Baxcalibur|spe|1\n|\n|upkeep\n|turn|2\n|inactive|Time left: 300 sec this turn | 300 sec total\n|\n|t:|1783553698\n|move|p2a: Baxcalibur|Glaive Rush|p1a: Luvdisc\n|-damage|p1a: Luvdisc|0 fnt\n|-singlemove|p2a: Baxcalibur|Glaive Rush|[silent]\n|faint|p1a: Luvdisc\n|\n|upkeep\n|inactive|Time left: 300 sec this turn | 300 sec total | 5 sec grace\n|\n|t:|1783553699\n|switch|p1a: Rabsca|Rabsca, L91, M|284/284\n|turn|3\n|inactive|Time left: 300 sec this turn | 300 sec total\n|\n|t:|1783553700\n|move|p2a: Baxcalibur|Icicle Crash|p1a: Rabsca\n|-damage|p1a: Rabsca|152/284\n|move|p1a: Rabsca|Psychic|p2a: Baxcalibur\n|-damage|p2a: Baxcalibur|38/100\n|\n|upkeep\n|turn|4\n|inactive|Time left: 300 sec this turn | 300 sec total\n|\n|t:|1783553702\n|move|p2a: Baxcalibur|Glaive Rush|p1a: Rabsca\n|-damage|p1a: Rabsca|0 fnt\n|-singlemove|p2a: Baxcalibur|Glaive Rush|[silent]\n|faint|p1a: Rabsca\n|\n|upkeep\n|inactive|Time left: 300 sec this turn | 300 sec total | 5 sec grace\n|\n|t:|1783553703\n|switch|p1a: Regice|Regice, L88|284/284\n|turn|5\n|inactive|Time left: 300 sec this turn | 300 sec total\n|\n|t:|1783553704\n|move|p2a: Baxcalibur|Glaive Rush|p1a: Regice\n|-damage|p1a: Regice|109/284\n|-singlemove|p2a: Baxcalibur|Glaive Rush|[silent]\n|move|p1a: Regice|Ice Beam|p2a: Baxcalibur\n|-damage|p2a: Baxcalibur|0 fnt\n|faint|p2a: Baxcalibur\n|\n|upkeep\n|\n|t:|1783553705\n|switch|p2a: Groudon|Groudon, L72|100/100\n|-weather|SunnyDay|[from] ability: Drought|[of] p2a: Groudon\n|turn|6\n|inactive|Time left: 300 sec this turn | 300 sec total\n|\n|t:|1783553706\n|move|p2a: Groudon|Heat Crash|p1a: Regice\n|-supereffective|p1a: Regice\n|-damage|p1a: Regice|0 fnt\n|faint|p1a: Regice\n|\n|-weather|SunnyDay|[upkeep]\n|upkeep\n|inactive|Time left: 300 sec this turn | 300 sec total | 5 sec grace\n|\n|t:|1783553707\n|switch|p1a: Venusaur|Venusaur, L84, M|272/272\n|turn|7\n|inactive|Time left: 300 sec this turn | 300 sec total\n|\n|t:|1783553708\n|move|p1a: Venusaur|Sleep Powder|p2a: Groudon\n|-status|p2a: Groudon|slp|[from] move: Sleep Powder\n|cant|p2a: Groudon|slp\n|\n|-weather|SunnyDay|[upkeep]\n|upkeep\n|turn|8\n|inactive|Time left: 300 sec this turn | 300 sec total\n|\n|t:|1783553709\n|move|p1a: Venusaur|Substitute|p1a: Venusaur\n|-start|p1a: Venusaur|Substitute\n|-damage|p1a: Venusaur|204/272\n|cant|p2a: Groudon|slp\n|\n|-weather|SunnyDay|[upkeep]\n|-heal|p1a: Venusaur|221/272|[from] item: Leftovers\n|upkeep\n|turn|9\n|inactive|Time left: 300 sec this turn | 300 sec total\n|\n|t:|1783553710\n|move|p1a: Venusaur|Leech Seed|p2a: Groudon\n|-start|p2a: Groudon|move: Leech Seed\n|cant|p2a: Groudon|slp\n|\n|-weather|SunnyDay|[upkeep]\n|-heal|p1a: Venusaur|238/272|[from] item: Leftovers\n|-damage|p2a: Groudon|88/100 slp|[from] Leech Seed|[of] p1a: Venusaur\n|-heal|p1a: Venusaur|270/272|[silent]\n|upkeep\n|turn|10\n|inactive|Time left: 300 sec this turn | 300 sec total\n|\n|t:|1783553711\n|move|p1a: Venusaur|Sludge Bomb|p2a: Groudon\n|-resisted|p2a: Groudon\n|-damage|p2a: Groudon|67/100 slp\n|-curestatus|p2a: Groudon|slp|[msg]\n|move|p2a: Groudon|Precipice Blades|p1a: Venusaur\n|-end|p1a: Venusaur|Substitute\n|\n|-weather|none\n|-heal|p1a: Venusaur|272/272|[from] item: Leftovers\n|-heal|p2a: Groudon|73/100|[from] item: Leftovers\n|-damage|p2a: Groudon|61/100|[from] Leech Seed|[of] p1a: Venusaur\n|upkeep\n|turn|11\n|inactive|Time left: 300 sec this turn | 300 sec total\n|\n|t:|1783553712\n|move|p1a: Venusaur|Sleep Powder|p2a: Groudon|[miss]\n|-miss|p1a: Venusaur|p2a: Groudon\n|move|p2a: Groudon|Heat Crash|p1a: Venusaur\n|-supereffective|p1a: Venusaur\n|-damage|p1a: Venusaur|102/272\n|\n|-heal|p1a: Venusaur|119/272|[from] item: Leftovers\n|-heal|p2a: Groudon|67/100|[from] item: Leftovers\n|-damage|p2a: Groudon|54/100|[from] Leech Seed|[of] p1a: Venusaur\n|-heal|p1a: Venusaur|151/272|[silent]\n|upkeep\n|turn|12\n|inactive|Time left: 300 sec this turn | 300 sec total\n|\n|t:|1783553713\n|move|p1a: Venusaur|Sleep Powder|p2a: Groudon\n|-status|p2a: Groudon|slp|[from] move: Sleep Powder\n|cant|p2a: Groudon|slp\n|\n|-heal|p1a: Venusaur|168/272|[from] item: Leftovers\n|-heal|p2a: Groudon|61/100 slp|[from] item: Leftovers\n|-damage|p2a: Groudon|48/100 slp|[from] Leech Seed|[of] p1a: Venusaur\n|-heal|p1a: Venusaur|200/272|[silent]\n|upkeep\n|turn|13\n|inactive|Time left: 300 sec this turn | 300 sec total\n|\n|t:|1783553714\n|switch|p2a: Poliwrath|Poliwrath, L88, F|100/100\n|move|p1a: Venusaur|Sludge Bomb|p2a: Poliwrath\n|-damage|p2a: Poliwrath|80/100\n|-status|p2a: Poliwrath|psn\n|\n|-heal|p1a: Venusaur|217/272|[from] item: Leftovers\n|-damage|p2a: Poliwrath|68/100 psn|[from] psn\n|upkeep\n|turn|14\n|inactive|Time left: 300 sec this turn | 300 sec total\n|\n|t:|1783553715\n|move|p1a: Venusaur|Leech Seed|p2a: Poliwrath\n|-start|p2a: Poliwrath|move: Leech Seed\n|move|p2a: Poliwrath|Knock Off|p1a: Venusaur\n|-damage|p1a: Venusaur|139/272\n|-enditem|p1a: Venusaur|Leftovers|[from] move: Knock Off|[of] p2a: Poliwrath\n|\n|-damage|p2a: Poliwrath|56/100 psn|[from] Leech Seed|[of] p1a: Venusaur\n|-heal|p1a: Venusaur|176/272|[silent]\n|-damage|p2a: Poliwrath|44/100 psn|[from] psn\n|upkeep\n|turn|15\n|inactive|Time left: 300 sec this turn | 300 sec total\n|\n|t:|1783553717\n|switch|p2a: Groudon|Groudon, L72|48/100 slp\n|-weather|SunnyDay|[from] ability: Drought|[of] p2a: Groudon\n|move|p1a: Venusaur|Leech Seed|p2a: Groudon\n|-start|p2a: Groudon|move: Leech Seed\n|\n|-weather|SunnyDay|[upkeep]\n|-heal|p2a: Groudon|54/100 slp|[from] item: Leftovers\n|-damage|p2a: Groudon|42/100 slp|[from] Leech Seed|[of] p1a: Venusaur\n|-heal|p1a: Venusaur|208/272|[silent]\n|upkeep\n|turn|16\n|inactive|Time left: 300 sec this turn | 300 sec total\n|\n|t:|1783553718\n|move|p1a: Venusaur|Sludge Bomb|p2a: Groudon\n|-resisted|p2a: Groudon\n|-damage|p2a: Groudon|22/100 slp\n|cant|p2a: Groudon|slp\n|\n|-weather|SunnyDay|[upkeep]\n|-heal|p2a: Groudon|28/100 slp|[from] item: Leftovers\n|-damage|p2a: Groudon|16/100 slp|[from] Leech Seed|[of] p1a: Venusaur\n|-heal|p1a: Venusaur|240/272|[silent]\n|upkeep\n|turn|17\n|inactive|Time left: 300 sec this turn | 300 sec total\n|\n|t:|1783553719\n|move|p1a: Venusaur|Sludge Bomb|p2a: Groudon\n|-resisted|p2a: Groudon\n|-damage|p2a: Groudon|0 fnt\n|faint|p2a: Groudon\n|\n|-weather|SunnyDay|[upkeep]\n|upkeep\n|\n|t:|1783553720\n|switch|p2a: Volcarona|Volcarona, L77, M|100/100\n|turn|18\n|inactive|Time left: 300 sec this turn | 300 sec total\n|\n|t:|1783553721\n|move|p1a: Venusaur|Sleep Powder|p2a: Volcarona\n|-status|p2a: Volcarona|slp|[from] move: Sleep Powder\n|cant|p2a: Volcarona|slp\n|\n|-weather|SunnyDay|[upkeep]\n|upkeep\n|turn|19\n|inactive|Time left: 300 sec this turn | 300 sec total\n|\n|t:|1783553722\n|move|p1a: Venusaur|Leech Seed|p2a: Volcarona\n|-start|p2a: Volcarona|move: Leech Seed\n|cant|p2a: Volcarona|slp\n|\n|-weather|none\n|-damage|p2a: Volcarona|88/100 slp|[from] Leech Seed|[of] p1a: Venusaur\n|-heal|p1a: Venusaur|272/272|[silent]\n|upkeep\n|turn|20\n|inactive|Time left: 300 sec this turn | 300 sec total\n|\n|t:|1783553723\n|-curestatus|p2a: Volcarona|slp|[msg]\n|move|p2a: Volcarona|Fire Blast|p1a: Venusaur\n|-supereffective|p1a: Venusaur\n|-damage|p1a: Venusaur|20/272\n|move|p1a: Venusaur|Sludge Bomb|p2a: Volcarona\n|-damage|p2a: Volcarona|54/100\n|\n|-damage|p2a: Volcarona|42/100|[from] Leech Seed|[of] p1a: Venusaur\n|-heal|p1a: Venusaur|52/272|[silent]\n|upkeep\n|turn|21\n|inactive|Time left: 300 sec this turn | 300 sec total\n|\n|t:|1783553724\n|switch|p2a: Landorus|Landorus, L75, M|100/100\n|switch|p1a: Gengar|Gengar, L81, M|230/230\n|\n|upkeep\n|turn|22\n|inactive|Time left: 300 sec this turn | 300 sec total\n|\n|t:|1783553725\n|-terastallize|p1a: Gengar|Ghost\n|move|p1a: Gengar|Shadow Ball|p2a: Landorus\n|-damage|p2a: Landorus|27/100\n|-damage|p1a: Gengar|207/230|[from] item: Life Orb\n|move|p2a: Landorus|Earth Power|p1a: Gengar\n|-damage|p1a: Gengar|46/230\n|\n|upkeep\n|turn|23\n|inactive|Time left: 300 sec this turn | 300 sec total\n|\n|t:|1783553726\n|move|p1a: Gengar|Sludge Wave|p2a: Landorus\n|-resisted|p2a: Landorus\n|-damage|p2a: Landorus|0 fnt\n|faint|p2a: Landorus\n|-damage|p1a: Gengar|23/230|[from] item: Life Orb\n|\n|upkeep\n|\n|t:|1783553727\n|switch|p2a: Honchkrow|Honchkrow, L86, F|100/100\n|turn|24\n|inactive|Time left: 300 sec this turn | 300 sec total\n|\n|t:|1783553728\n|move|p2a: Honchkrow|Sucker Punch|p1a: Gengar\n|-supereffective|p1a: Gengar\n|-damage|p1a: Gengar|0 fnt\n|faint|p1a: Gengar\n|-ability|p2a: Honchkrow|Moxie|boost\n|-boost|p2a: Honchkrow|atk|1\n|\n|upkeep\n|inactive|Time left: 300 sec this turn | 300 sec total | 5 sec grace\n|\n|t:|1783553729\n|switch|p1a: Venusaur|Venusaur, L84, M|52/272\n|turn|25\n|inactive|Time left: 300 sec this turn | 300 sec total\n|\n|t:|1783553731\n|move|p1a: Venusaur|Sleep Powder|p2a: Honchkrow\n|-status|p2a: Honchkrow|slp|[from] move: Sleep Powder\n|cant|p2a: Honchkrow|slp\n|\n|upkeep\n|turn|26\n|inactive|Time left: 300 sec this turn | 300 sec total\n|\n|t:|1783553732\n|move|p1a: Venusaur|Leech Seed|p2a: Honchkrow|[miss]\n|-miss|p1a: Venusaur|p2a: Honchkrow\n|-curestatus|p2a: Honchkrow|slp|[msg]\n|move|p2a: Honchkrow|Lash Out|p1a: Venusaur\n|-damage|p1a: Venusaur|0 fnt\n|faint|p1a: Venusaur\n|-ability|p2a: Honchkrow|Moxie|boost\n|-boost|p2a: Honchkrow|atk|1\n|\n|upkeep\n|inactive|Time left: 300 sec this turn | 300 sec total | 5 sec grace\n|\n|t:|1783553733\n|switch|p1a: Ditto|Ditto, L87|225/225\n|-transform|p1a: Ditto|p2a: Honchkrow|[from] ability: Imposter\n|turn|27\n|inactive|Time left: 300 sec this turn | 300 sec total\n|\n|t:|1783553734\n|move|p1a: Ditto|Brave Bird|p2a: Honchkrow\n|-damage|p2a: Honchkrow|0 fnt\n|faint|p2a: Honchkrow\n|-ability|p1a: Ditto|Moxie|boost\n|-boost|p1a: Ditto|atk|1\n|-damage|p1a: Ditto|122/225|[from] Recoil\n|\n|upkeep\n|\n|t:|1783553734\n|switch|p2a: Volcarona|Volcarona, L77, M|42/100\n|turn|28\n|inactive|Time left: 300 sec this turn | 300 sec total\n|\n|t:|1783553735\n|-terastallize|p2a: Volcarona|Steel\n|move|p1a: Ditto|Brave Bird|p2a: Volcarona\n|-resisted|p2a: Volcarona\n|-damage|p2a: Volcarona|0 fnt\n|faint|p2a: Volcarona\n|-ability|p1a: Ditto|Moxie|boost\n|-boost|p1a: Ditto|atk|1\n|-damage|p1a: Ditto|87/225|[from] Recoil\n|\n|upkeep\n|\n|t:|1783553736\n|switch|p2a: Poliwrath|Poliwrath, L88, F|44/100 psn\n|turn|29\n|inactive|Time left: 300 sec this turn | 300 sec total\n|\n|t:|1783553737\n|move|p1a: Ditto|Brave Bird|p2a: Poliwrath\n|-supereffective|p2a: Poliwrath\n|-damage|p2a: Poliwrath|0 fnt\n|faint|p2a: Poliwrath\n|-damage|p1a: Ditto|44/225|[from] Recoil\n|\n|win|p0x1258503e", "uploadtime": 1783553737, "views": 0, "rating": 0, "private": 0, "password": null, "_winner": "p0x1258503e", "_our_name": "p0x1258503e"}