{"id": "battle-gen9randombattle-2416", "formatid": "gen9randombattle", "format": "[Gen 9] Random Battle", "players": ["p0x2416b6bb", "p0y2416b984"], "log": "|init|battle\n|title|p0x2416b6bb vs. p0y2416b984\n|j|\u2606p0x2416b6bb\n|j|\u2606p0y2416b984\n|t:|1783567022\n|gametype|singles\n|player|p1|p0x2416b6bb|266|\n|player|p2|p0y2416b984|170|\n|gen|9\n|tier|[Gen 9] Random Battle\n|rule|Species Clause: Limit one of each Pok\u00e9mon\n|rule|HP Percentage Mod: HP is shown in percentages\n|rule|Sleep Clause Mod: Limit one foe put to sleep\n|rule|Illusion Level Mod: Illusion disguises the Pok\u00e9mon's true level\n|\n|t:|1783567022\n|teamsize|p1|6\n|teamsize|p2|6\n|start\n|switch|p1a: Quaquaval|Quaquaval, L79, F|100/100\n|switch|p2a: Hydrapple|Hydrapple, L83, M|312/312\n|turn|1\n|inactive|Battle timer is ON: inactive players will automatically lose when time's up. (requested by p0y2416b984)\n|inactive|p0x2416b6bb also wants the timer to be on.\n|\n|t:|1783567024\n|switch|p1a: Fezandipiti|Fezandipiti, L82, M|100/100\n|move|p2a: Hydrapple|Fickle Beam|p1a: Fezandipiti\n|-immune|p1a: Fezandipiti\n|\n|upkeep\n|turn|2\n|inactive|Time left: 300 sec this turn | 300 sec total\n|\n|t:|1783567025\n|move|p1a: Fezandipiti|Swords Dance|p1a: Fezandipiti\n|-boost|p1a: Fezandipiti|atk|2\n|move|p2a: Hydrapple|Fickle Beam|p1a: Fezandipiti\n|-immune|p1a: Fezandipiti\n|\n|upkeep\n|turn|3\n|inactive|Time left: 300 sec this turn | 300 sec total\n|\n|t:|1783567026\n|switch|p2a: Swalot|Swalot, L90, F|326/326\n|move|p1a: Fezandipiti|Play Rough|p2a: Swalot\n|-resisted|p2a: Swalot\n|-damage|p2a: Swalot|239/326\n|\n|upkeep\n|turn|4\n|inactive|Time left: 300 sec this turn | 300 sec total\n|\n|t:|1783567028\n|move|p1a: Fezandipiti|Gunk Shot|p2a: Swalot|[miss]\n|-miss|p1a: Fezandipiti|p2a: Swalot\n|move|p2a: Swalot|Clear Smog|p1a: Fezandipiti\n|-damage|p1a: Fezandipiti|86/100\n|-clearboost|p1a: Fezandipiti\n|\n|-heal|p1a: Fezandipiti|93/100|[from] item: Leftovers\n|upkeep\n|turn|5\n|inactive|Time left: 300 sec this turn | 300 sec total\n|\n|t:|1783567029\n|move|p1a: Fezandipiti|Play Rough|p2a: Swalot\n|-resisted|p2a: Swalot\n|-damage|p2a: Swalot|199/326\n|move|p2a: Swalot|Sludge Bomb|p1a: Fezandipiti\n|-damage|p1a: Fezandipiti|66/100\n|\n|-heal|p1a: Fezandipiti|72/100|[from] item: Leftovers\n|upkeep\n|turn|6\n|inactive|Time left: 300 sec this turn | 300 sec total\n|\n|t:|1783567030\n|move|p1a: Fezandipiti|Swords Dance|p1a: Fezandipiti\n|-boost|p1a: Fezandipiti|atk|2\n|move|p2a: Swalot|Sludge Bomb|p1a: Fezandipiti\n|-damage|p1a: Fezandipiti|48/100\n|\n|-heal|p1a: Fezandipiti|54/100|[from] item: Leftovers\n|upkeep\n|turn|7\n|inactive|Time left: 300 sec this turn | 300 sec total\n|\n|t:|1783567031\n|move|p1a: Fezandipiti|Play Rough|p2a: Swalot|[miss]\n|-miss|p1a: Fezandipiti|p2a: Swalot\n|move|p2a: Swalot|Clear Smog|p1a: Fezandipiti\n|-damage|p1a: Fezandipiti|42/100\n|-clearboost|p1a: Fezandipiti\n|\n|-heal|p1a: Fezandipiti|48/100|[from] item: Leftovers\n|upkeep\n|turn|8\n|inactive|Time left: 300 sec this turn | 300 sec total\n|\n|t:|1783567032\n|move|p1a: Fezandipiti|Swords Dance|p1a: Fezandipiti\n|-boost|p1a: Fezandipiti|atk|2\n|move|p2a: Swalot|Knock Off|p1a: Fezandipiti\n|-resisted|p1a: Fezandipiti\n|-damage|p1a: Fezandipiti|35/100\n|-enditem|p1a: Fezandipiti|Leftovers|[from] move: Knock Off|[of] p2a: Swalot\n|\n|upkeep\n|turn|9\n|inactive|Time left: 300 sec this turn | 300 sec total\n|\n|t:|1783567033\n|move|p1a: Fezandipiti|Gunk Shot|p2a: Swalot\n|-resisted|p2a: Swalot\n|-damage|p2a: Swalot|97/326\n|move|p2a: Swalot|Clear Smog|p1a: Fezandipiti\n|-damage|p1a: Fezandipiti|20/100\n|-clearboost|p1a: Fezandipiti\n|\n|upkeep\n|turn|10\n|inactive|Time left: 300 sec this turn | 300 sec total\n|\n|t:|1783567034\n|move|p1a: Fezandipiti|Play Rough|p2a: Swalot\n|-resisted|p2a: Swalot\n|-damage|p2a: Swalot|55/326\n|move|p2a: Swalot|Sludge Bomb|p1a: Fezandipiti\n|-damage|p1a: Fezandipiti|0 fnt\n|faint|p1a: Fezandipiti\n|\n|upkeep\n|\n|t:|1783567036\n|switch|p1a: Flygon|Flygon, L82, M|100/100\n|turn|11\n|inactive|Time left: 300 sec this turn | 300 sec total\n|\n|t:|1783567037\n|switch|p2a: Persian|Persian-Alola, L86, F|252/252\n|move|p1a: Flygon|Outrage|p2a: Persian\n|-damage|p2a: Persian|179/252\n|\n|upkeep\n|turn|12\n|inactive|Time left: 300 sec this turn | 300 sec total\n|\n|t:|1783567038\n|move|p2a: Persian|Parting Shot|p1a: Flygon\n|-unboost|p1a: Flygon|atk|1\n|-unboost|p1a: Flygon|spa|1\n|inactive|Time left: 300 sec this turn | 300 sec total | 5 sec grace\n|\n|t:|1783567039\n|switch|p2a: Hydrapple|Hydrapple, L83, M|312/312|[from] Parting Shot\n|move|p1a: Flygon|Outrage|p2a: Hydrapple|[from] lockedmove\n|-supereffective|p2a: Hydrapple\n|-damage|p2a: Hydrapple|166/312\n|-start|p1a: Flygon|confusion|[fatigue]\n|-enditem|p1a: Flygon|Lum Berry|[eat]\n|-end|p1a: Flygon|confusion\n|\n|upkeep\n|turn|13\n|inactive|Time left: 300 sec this turn | 300 sec total\n|\n|t:|1783567040\n|switch|p1a: Trevenant|Trevenant, L89, F|100/100\n|move|p2a: Hydrapple|Fickle Beam|p1a: Trevenant\n|-damage|p1a: Trevenant|52/100\n|\n|upkeep\n|turn|14\n|inactive|Time left: 300 sec this turn | 300 sec total\n|\n|t:|1783567041\n|move|p1a: Trevenant|Poltergeist|p2a: Hydrapple\n|-activate|p2a: Hydrapple|move: Poltergeist|Choice Specs\n|-damage|p2a: Hydrapple|49/312\n|move|p2a: Hydrapple|Fickle Beam|p1a: Trevenant\n|-damage|p1a: Trevenant|6/100\n|-enditem|p1a: Trevenant|Sitrus Berry|[eat]\n|-heal|p1a: Trevenant|31/100|[from] item: Sitrus Berry\n|\n|-item|p1a: Trevenant|Sitrus Berry|[from] ability: Harvest\n|upkeep\n|-enditem|p1a: Trevenant|Sitrus Berry|[eat]\n|-heal|p1a: Trevenant|56/100|[from] item: Sitrus Berry\n|turn|15\n|inactive|Time left: 300 sec this turn | 300 sec total\n|\n|t:|1783567042\n|switch|p2a: Staraptor|Staraptor, L79, M|263/263\n|move|p1a: Trevenant|Drain Punch|p2a: Staraptor\n|-damage|p2a: Staraptor|187/263\n|-heal|p1a: Trevenant|69/100|[from] drain|[of] p2a: Staraptor\n|\n|-item|p1a: Trevenant|Sitrus Berry|[from] ability: Harvest\n|upkeep\n|turn|16\n|inactive|Time left: 300 sec this turn | 300 sec total\n|\n|t:|1783567042\n|move|p1a: Trevenant|Protect|p1a: Trevenant\n|-singleturn|p1a: Trevenant|Protect\n|move|p2a: Staraptor|Brave Bird|p1a: Trevenant\n|-activate|p1a: Trevenant|move: Protect\n|\n|upkeep\n|turn|17\n|inactive|Time left: 300 sec this turn | 300 sec total\n|\n|t:|1783567043\n|move|p1a: Trevenant|Protect||[still]\n|-fail|p1a: Trevenant\n|move|p2a: Staraptor|Brave Bird|p1a: Trevenant\n|-supereffective|p1a: Trevenant\n|-damage|p1a: Trevenant|0 fnt\n|faint|p1a: Trevenant\n|-damage|p2a: Staraptor|120/263|[from] Recoil\n|\n|upkeep\n|\n|t:|1783567044\n|switch|p1a: Flygon|Flygon, L82, M|100/100\n|turn|18\n|inactive|Time left: 300 sec this turn | 300 sec total\n|\n|t:|1783567045\n|switch|p2a: Persian|Persian-Alola, L86, F|179/252\n|move|p1a: Flygon|Outrage|p2a: Persian\n|-damage|p2a: Persian|104/252\n|\n|upkeep\n|turn|19\n|inactive|Time left: 300 sec this turn | 300 sec total\n|\n|t:|1783567046\n|move|p2a: Persian|Parting Shot|p1a: Flygon\n|-unboost|p1a: Flygon|atk|1\n|-unboost|p1a: Flygon|spa|1\n|inactive|Time left: 300 sec this turn | 300 sec total | 5 sec grace\n|\n|t:|1783567047\n|switch|p2a: Swalot|Swalot, L90, F|55/326|[from] Parting Shot\n|move|p1a: Flygon|Outrage|p2a: Swalot|[from] lockedmove\n|-damage|p2a: Swalot|0 fnt\n|faint|p2a: Swalot\n|-start|p1a: Flygon|confusion|[fatigue]\n|\n|upkeep\n|inactive|Time left: 300 sec this turn | 300 sec total | 10 sec grace\n|\n|t:|1783567048\n|switch|p2a: Hydrapple|Hydrapple, L83, M|153/312\n|turn|20\n|inactive|Time left: 300 sec this turn | 300 sec total\n|\n|t:|1783567048\n|switch|p1a: Cryogonal|Cryogonal, L89|100/100\n|move|p2a: Hydrapple|Fickle Beam|p1a: Cryogonal\n|-damage|p1a: Cryogonal|67/100\n|\n|upkeep\n|turn|21\n|inactive|Time left: 300 sec this turn | 300 sec total\n|\n|t:|1783567049\n|switch|p2a: Iron Moth|Iron Moth, L78|253/253\n|move|p1a: Cryogonal|Freeze-Dry|p2a: Iron Moth\n|-resisted|p2a: Iron Moth\n|-damage|p2a: Iron Moth|219/253\n|\n|upkeep\n|turn|22\n|inactive|Time left: 300 sec this turn | 300 sec total\n|\n|t:|1783567050\n|switch|p1a: Flygon|Flygon, L82, M|100/100\n|move|p2a: Iron Moth|Fire Blast|p1a: Flygon\n|-resisted|p1a: Flygon\n|-damage|p1a: Flygon|70/100\n|\n|upkeep\n|turn|23\n|inactive|Time left: 300 sec this turn | 300 sec total\n|\n|t:|1783567051\n|-terastallize|p2a: Iron Moth|Grass\n|move|p2a: Iron Moth|Energy Ball|p1a: Flygon\n|-damage|p1a: Flygon|26/100\n|move|p1a: Flygon|Outrage|p2a: Iron Moth\n|-damage|p2a: Iron Moth|35/253\n|\n|upkeep\n|turn|24\n|inactive|Time left: 300 sec this turn | 300 sec total\n|\n|t:|1783567052\n|move|p2a: Iron Moth|Energy Ball|p1a: Flygon\n|-damage|p1a: Flygon|0 fnt\n|faint|p1a: Flygon\n|\n|upkeep\n|\n|t:|1783567053\n|switch|p1a: Cryogonal|Cryogonal, L89|67/100\n|turn|25\n|inactive|Time left: 300 sec this turn | 300 sec total\n|\n|t:|1783567054\n|move|p1a: Cryogonal|Freeze-Dry|p2a: Iron Moth\n|-supereffective|p2a: Iron Moth\n|-damage|p2a: Iron Moth|0 fnt\n|faint|p2a: Iron Moth\n|-end|p2a: Iron Moth|Quark Drive|[silent]\n|\n|upkeep\n|inactive|Time left: 300 sec this turn | 300 sec total | 5 sec grace\n|\n|t:|1783567055\n|switch|p2a: Persian|Persian-Alola, L86, F|104/252\n|turn|26\n|inactive|Time left: 300 sec this turn | 300 sec total\n|\n|t:|1783567056\n|move|p2a: Persian|Thunder Wave|p1a: Cryogonal\n|-status|p1a: Cryogonal|par\n|move|p1a: Cryogonal|Freeze-Dry|p2a: Persian\n|-damage|p2a: Persian|0 fnt\n|faint|p2a: Persian\n|\n|upkeep\n|inactive|Time left: 300 sec this turn | 300 sec total | 5 sec grace\n|\n|t:|1783567057\n|switch|p2a: Staraptor|Staraptor, L79, M|120/263\n|turn|27\n|inactive|Time left: 300 sec this turn | 300 sec total\n|\n|t:|1783567058\n|move|p2a: Staraptor|Brave Bird|p1a: Cryogonal\n|-damage|p1a: Cryogonal|0 fnt\n|faint|p1a: Cryogonal\n|-damage|p2a: Staraptor|57/263|[from] Recoil\n|\n|upkeep\n|\n|t:|1783567059\n|switch|p1a: Leafeon|Leafeon, L88, F|100/100\n|turn|28\n|inactive|Time left: 300 sec this turn | 300 sec total\n|\n|t:|1783567060\n|-terastallize|p1a: Leafeon|Dark\n|move|p1a: Leafeon|Swords Dance|p1a: Leafeon\n|-boost|p1a: Leafeon|atk|2\n|move|p2a: Staraptor|Brave Bird|p1a: Leafeon\n|-damage|p1a: Leafeon|38/100\n|-damage|p2a: Staraptor|4/263|[from] Recoil\n|\n|-heal|p1a: Leafeon|45/100|[from] item: Leftovers\n|upkeep\n|turn|29\n|inactive|Time left: 300 sec this turn | 300 sec total\n|\n|t:|1783567061\n|move|p1a: Leafeon|Knock Off|p2a: Staraptor\n|-damage|p2a: Staraptor|0 fnt\n|-enditem|p2a: Staraptor|Choice Band|[from] move: Knock Off|[of] p1a: Leafeon\n|faint|p2a: Staraptor\n|\n|-heal|p1a: Leafeon|51/100|[from] item: Leftovers\n|upkeep\n|inactive|Time left: 300 sec this turn | 300 sec total | 5 sec grace\n|\n|t:|1783567061\n|switch|p2a: Honchkrow|Honchkrow, L86, F|312/312\n|turn|30\n|inactive|Time left: 300 sec this turn | 300 sec total\n|\n|t:|1783567062\n|move|p1a: Leafeon|Knock Off|p2a: Honchkrow\n|-resisted|p2a: Honchkrow\n|-damage|p2a: Honchkrow|141/312\n|-enditem|p2a: Honchkrow|Heavy-Duty Boots|[from] move: Knock Off|[of] p1a: Leafeon\n|move|p2a: Honchkrow|Brave Bird|p1a: Leafeon\n|-damage|p1a: Leafeon|7/100\n|-damage|p2a: Honchkrow|104/312|[from] Recoil\n|\n|-heal|p1a: Leafeon|14/100|[from] item: Leftovers\n|upkeep\n|turn|31\n|inactive|Time left: 300 sec this turn | 300 sec total\n|\n|t:|1783567063\n|move|p2a: Honchkrow|Sucker Punch|p1a: Leafeon\n|-resisted|p1a: Leafeon\n|-damage|p1a: Leafeon|2/100\n|move|p1a: Leafeon|Knock Off|p2a: Honchkrow\n|-resisted|p2a: Honchkrow\n|-damage|p2a: Honchkrow|0 fnt\n|faint|p2a: Honchkrow\n|\n|-heal|p1a: Leafeon|8/100|[from] item: Leftovers\n|upkeep\n|inactive|Time left: 300 sec this turn | 300 sec total | 5 sec grace\n|\n|t:|1783567064\n|switch|p2a: Hydrapple|Hydrapple, L83, M|257/312\n|turn|32\n|inactive|Time left: 300 sec this turn | 300 sec total\n|\n|t:|1783567065\n|move|p1a: Leafeon|Knock Off|p2a: Hydrapple\n|-damage|p2a: Hydrapple|34/312\n|-enditem|p2a: Hydrapple|Choice Specs|[from] move: Knock Off|[of] p1a: Leafeon\n|move|p2a: Hydrapple|Fickle Beam|p1a: Leafeon\n|-damage|p1a: Leafeon|0 fnt\n|faint|p1a: Leafeon\n|\n|upkeep\n|\n|t:|1783567066\n|switch|p1a: Quaquaval|Quaquaval, L79, F|100/100\n|turn|33\n|inactive|Time left: 300 sec this turn | 300 sec total\n|\n|t:|1783567067\n|move|p1a: Quaquaval|Knock Off|p2a: Hydrapple\n|-damage|p2a: Hydrapple|0 fnt\n|faint|p2a: Hydrapple\n|-damage|p1a: Quaquaval|91/100|[from] item: Life Orb\n|\n|win|p0x2416b6bb", "uploadtime": 1783567067, "views": 0, "rating": 0, "private": 0, "password": null, "_winner": "p0x2416b6bb", "_our_name": "p0y2416b984"}