{"id": "battle-gen9randombattle-406", "formatid": "gen9randombattle", "format": "[Gen 9] Random Battle", "players": ["p0x40642dd", "p0y40687ed"], "log": "|init|battle\n|title|p0x40642dd vs. p0y40687ed\n|j|\u2606p0x40642dd\n|j|\u2606p0y40687ed\n|t:|1783544416\n|gametype|singles\n|player|p1|p0x40642dd|170|\n|player|p2|p0y40687ed|170|\n|gen|9\n|tier|[Gen 9] Random Battle\n|rule|Species Clause: Limit one of each Pok\u00e9mon\n|rule|HP Percentage Mod: HP is shown in percentages\n|rule|Sleep Clause Mod: Limit one foe put to sleep\n|rule|Illusion Level Mod: Illusion disguises the Pok\u00e9mon's true level\n|\n|t:|1783544416\n|teamsize|p1|6\n|teamsize|p2|6\n|start\n|switch|p1a: Venusaur|Venusaur, L84, M|272/272\n|switch|p2a: Victreebel|Victreebel, L90, M|100/100\n|turn|1\n|inactive|Battle timer is ON: inactive players will automatically lose when time's up. (requested by p0x40642dd)\n|inactive|p0y40687ed also wants the timer to be on.\n|\n|t:|1783544418\n|move|p1a: Venusaur|Sludge Bomb|p2a: Victreebel\n|-damage|p2a: Victreebel|61/100\n|move|p2a: Victreebel|Sludge Wave|p1a: Venusaur\n|-damage|p1a: Venusaur|139/272\n|-damage|p2a: Victreebel|51/100|[from] item: Life Orb\n|\n|-heal|p1a: Venusaur|156/272|[from] item: Leftovers\n|upkeep\n|turn|2\n|inactive|Time left: 300 sec this turn | 300 sec total\n|\n|t:|1783544419\n|move|p1a: Venusaur|Sludge Bomb|p2a: Victreebel\n|-damage|p2a: Victreebel|14/100\n|move|p2a: Victreebel|Sludge Wave|p1a: Venusaur\n|-damage|p1a: Venusaur|3/272\n|-damage|p2a: Victreebel|4/100|[from] item: Life Orb\n|\n|-heal|p1a: Venusaur|20/272|[from] item: Leftovers\n|upkeep\n|turn|3\n|inactive|Time left: 300 sec this turn | 300 sec total\n|\n|t:|1783544421\n|switch|p2a: Virizion|Virizion, L82|100/100\n|move|p1a: Venusaur|Sludge Bomb|p2a: Virizion\n|-supereffective|p2a: Virizion\n|-damage|p2a: Virizion|45/100\n|-status|p2a: Virizion|psn\n|\n|-heal|p1a: Venusaur|37/272|[from] item: Leftovers\n|-damage|p2a: Virizion|33/100 psn|[from] psn\n|upkeep\n|turn|4\n|inactive|Time left: 300 sec this turn | 300 sec total\n|\n|t:|1783544422\n|switch|p1a: Toxapex|Toxapex, L82, M|216/216\n|move|p2a: Virizion|Close Combat|p1a: Toxapex\n|-resisted|p1a: Toxapex\n|-damage|p1a: Toxapex|171/216\n|-unboost|p2a: Virizion|def|1\n|-unboost|p2a: Virizion|spd|1\n|-damage|p2a: Virizion|16/100 psn|[from] item: Rocky Helmet|[of] p1a: Toxapex\n|-damage|p2a: Virizion|7/100 psn|[from] item: Life Orb\n|\n|-damage|p2a: Virizion|0 fnt|[from] psn\n|faint|p2a: Virizion\n|upkeep\n|\n|t:|1783544423\n|switch|p2a: Groudon|Groudon, L72|100/100\n|-weather|SunnyDay|[from] ability: Drought|[of] p2a: Groudon\n|turn|5\n|inactive|Time left: 300 sec this turn | 300 sec total\n|\n|t:|1783544424\n|switch|p1a: Talonflame|Talonflame, L83, F|265/265\n|move|p2a: Groudon|Precipice Blades|p1a: Talonflame\n|-immune|p1a: Talonflame\n|\n|-weather|SunnyDay|[upkeep]\n|upkeep\n|turn|6\n|inactive|Time left: 300 sec this turn | 300 sec total\n|\n|t:|1783544425\n|move|p1a: Talonflame|Swords Dance|p1a: Talonflame\n|-boost|p1a: Talonflame|atk|2\n|move|p2a: Groudon|Swords Dance|p2a: Groudon\n|-boost|p2a: Groudon|atk|2\n|\n|-weather|SunnyDay|[upkeep]\n|upkeep\n|turn|7\n|inactive|Time left: 300 sec this turn | 300 sec total\n|\n|t:|1783544426\n|-terastallize|p2a: Groudon|Fire\n|move|p1a: Talonflame|Flare Blitz|p2a: Groudon\n|-resisted|p2a: Groudon\n|-damage|p2a: Groudon|47/100\n|-damage|p1a: Talonflame|218/265|[from] Recoil\n|move|p2a: Groudon|Heat Crash|p1a: Talonflame\n|-resisted|p1a: Talonflame\n|-damage|p1a: Talonflame|0 fnt\n|faint|p1a: Talonflame\n|\n|-weather|SunnyDay|[upkeep]\n|-heal|p2a: Groudon|53/100|[from] item: Leftovers\n|upkeep\n|inactive|Time left: 300 sec this turn | 300 sec total | 5 sec grace\n|\n|t:|1783544427\n|switch|p1a: Venusaur|Venusaur, L84, M|37/272\n|turn|8\n|inactive|Time left: 300 sec this turn | 300 sec total\n|\n|t:|1783544428\n|move|p1a: Venusaur|Sludge Bomb|p2a: Groudon\n|-damage|p2a: Groudon|10/100\n|-status|p2a: Groudon|psn\n|move|p2a: Groudon|Heat Crash|p1a: Venusaur\n|-supereffective|p1a: Venusaur\n|-damage|p1a: Venusaur|0 fnt\n|faint|p1a: Venusaur\n|\n|-weather|SunnyDay|[upkeep]\n|-heal|p2a: Groudon|16/100 psn|[from] item: Leftovers\n|-damage|p2a: Groudon|4/100 psn|[from] psn\n|upkeep\n|inactive|Time left: 300 sec this turn | 300 sec total | 5 sec grace\n|\n|t:|1783544429\n|switch|p1a: Hitmontop|Hitmontop, L88, M|231/231\n|turn|9\n|inactive|Time left: 300 sec this turn | 300 sec total\n|\n|t:|1783544430\n|move|p1a: Hitmontop|Rapid Spin|p2a: Groudon\n|-damage|p2a: Groudon|0 fnt\n|-boost|p1a: Hitmontop|spe|1\n|faint|p2a: Groudon\n|\n|-weather|none\n|upkeep\n|\n|t:|1783544431\n|switch|p2a: Gardevoir|Gardevoir, L83, M|100/100\n|-ability|p2a: Gardevoir|Technician|Trace|[from] ability: Trace|[of] p1a: Hitmontop\n|turn|10\n|inactive|Time left: 300 sec this turn | 300 sec total\n|\n|t:|1783544432\n|-terastallize|p1a: Hitmontop|Ice\n|move|p1a: Hitmontop|Triple Axel|p2a: Gardevoir\n|-damage|p2a: Gardevoir|84/100\n|-damage|p2a: Gardevoir|53/100\n|-damage|p2a: Gardevoir|0 fnt\n|faint|p2a: Gardevoir\n|-hitcount|p2: Gardevoir|3\n|\n|upkeep\n|\n|t:|1783544433\n|switch|p2a: Suicune|Suicune, L82|100/100\n|-ability|p2a: Suicune|Pressure\n|turn|11\n|inactive|Time left: 300 sec this turn | 300 sec total\n|\n|t:|1783544435\n|move|p1a: Hitmontop|Bulk Up|p1a: Hitmontop\n|-boost|p1a: Hitmontop|atk|1\n|-boost|p1a: Hitmontop|def|1\n|move|p2a: Suicune|Scald|p1a: Hitmontop\n|-damage|p1a: Hitmontop|170/231\n|\n|-heal|p1a: Hitmontop|184/231|[from] item: Leftovers\n|upkeep\n|turn|12\n|inactive|Time left: 300 sec this turn | 300 sec total\n|\n|t:|1783544436\n|move|p1a: Hitmontop|Bulk Up|p1a: Hitmontop\n|-boost|p1a: Hitmontop|atk|1\n|-boost|p1a: Hitmontop|def|1\n|move|p2a: Suicune|Scald|p1a: Hitmontop\n|-crit|p1a: Hitmontop\n|-damage|p1a: Hitmontop|99/231\n|-status|p1a: Hitmontop|brn\n|\n|-heal|p1a: Hitmontop|113/231 brn|[from] item: Leftovers\n|-damage|p1a: Hitmontop|99/231 brn|[from] brn\n|upkeep\n|turn|13\n|inactive|Time left: 300 sec this turn | 300 sec total\n|\n|t:|1783544437\n|move|p1a: Hitmontop|Triple Axel|p2a: Suicune\n|-resisted|p2a: Suicune\n|-damage|p2a: Suicune|96/100\n|-resisted|p2a: Suicune\n|-damage|p2a: Suicune|86/100\n|-resisted|p2a: Suicune\n|-damage|p2a: Suicune|72/100\n|-hitcount|p2a: Suicune|3\n|move|p2a: Suicune|Calm Mind|p2a: Suicune\n|-boost|p2a: Suicune|spa|1\n|-boost|p2a: Suicune|spd|1\n|\n|-heal|p1a: Hitmontop|113/231 brn|[from] item: Leftovers\n|-heal|p2a: Suicune|78/100|[from] item: Leftovers\n|-damage|p1a: Hitmontop|99/231 brn|[from] brn\n|upkeep\n|turn|14\n|inactive|Time left: 300 sec this turn | 300 sec total\n|\n|t:|1783544438\n|move|p1a: Hitmontop|Close Combat|p2a: Suicune\n|-damage|p2a: Suicune|37/100\n|-unboost|p1a: Hitmontop|def|1\n|-unboost|p1a: Hitmontop|spd|1\n|move|p2a: Suicune|Scald|p1a: Hitmontop\n|-damage|p1a: Hitmontop|0 fnt\n|faint|p1a: Hitmontop\n|\n|-heal|p2a: Suicune|43/100|[from] item: Leftovers\n|upkeep\n|inactive|Time left: 300 sec this turn | 300 sec total | 5 sec grace\n|\n|t:|1783544439\n|switch|p1a: Arboliva|Arboliva, L91, M|290/290\n|turn|15\n|inactive|Time left: 300 sec this turn | 300 sec total\n|\n|t:|1783544440\n|move|p2a: Suicune|Calm Mind|p2a: Suicune\n|-boost|p2a: Suicune|spa|1\n|-boost|p2a: Suicune|spd|1\n|move|p1a: Arboliva|Energy Ball|p2a: Suicune\n|-supereffective|p2a: Suicune\n|-damage|p2a: Suicune|5/100\n|\n|-heal|p2a: Suicune|11/100|[from] item: Leftovers\n|upkeep\n|turn|16\n|inactive|Time left: 300 sec this turn | 300 sec total\n|\n|t:|1783544441\n|move|p2a: Suicune|Rest|p2a: Suicune\n|-status|p2a: Suicune|slp|[from] move: Rest\n|-heal|p2a: Suicune|100/100 slp|[silent]\n|move|p1a: Arboliva|Energy Ball|p2a: Suicune\n|-supereffective|p2a: Suicune\n|-damage|p2a: Suicune|60/100 slp\n|\n|-heal|p2a: Suicune|66/100 slp|[from] item: Leftovers\n|upkeep\n|turn|17\n|inactive|Time left: 300 sec this turn | 300 sec total\n|\n|t:|1783544442\n|cant|p2a: Suicune|slp\n|move|p2a: Suicune|Sleep Talk|p2a: Suicune\n|move|p2a: Suicune|Calm Mind|p2a: Suicune|[from] move: Sleep Talk\n|-boost|p2a: Suicune|spa|1\n|-boost|p2a: Suicune|spd|1\n|move|p1a: Arboliva|Energy Ball|p2a: Suicune\n|-supereffective|p2a: Suicune\n|-damage|p2a: Suicune|37/100 slp\n|\n|-heal|p2a: Suicune|43/100 slp|[from] item: Leftovers\n|upkeep\n|turn|18\n|inactive|Time left: 300 sec this turn | 300 sec total\n|\n|t:|1783544444\n|cant|p2a: Suicune|slp\n|move|p2a: Suicune|Sleep Talk|p2a: Suicune\n|move|p2a: Suicune|Scald|p1a: Arboliva|[from] move: Sleep Talk\n|-resisted|p1a: Arboliva\n|-damage|p1a: Arboliva|214/290\n|-fieldstart|move: Grassy Terrain|[from] ability: Seed Sower|[of] p1a: Arboliva\n|move|p1a: Arboliva|Energy Ball|p2a: Suicune\n|-supereffective|p2a: Suicune\n|-damage|p2a: Suicune|5/100 slp\n|\n|-heal|p2a: Suicune|11/100 slp|[from] Grassy Terrain\n|-heal|p2a: Suicune|17/100 slp|[from] item: Leftovers\n|-heal|p1a: Arboliva|232/290|[from] Grassy Terrain\n|-heal|p1a: Arboliva|250/290|[from] item: Leftovers\n|upkeep\n|turn|19\n|inactive|Time left: 300 sec this turn | 300 sec total\n|\n|t:|1783544445\n|-curestatus|p2a: Suicune|slp|[msg]\n|move|p2a: Suicune|Rest|p2a: Suicune\n|-status|p2a: Suicune|slp|[from] move: Rest\n|-heal|p2a: Suicune|100/100 slp|[silent]\n|move|p1a: Arboliva|Energy Ball|p2a: Suicune\n|-supereffective|p2a: Suicune\n|-damage|p2a: Suicune|64/100 slp\n|\n|-heal|p2a: Suicune|70/100 slp|[from] Grassy Terrain\n|-heal|p2a: Suicune|76/100 slp|[from] item: Leftovers\n|-heal|p1a: Arboliva|268/290|[from] Grassy Terrain\n|-heal|p1a: Arboliva|286/290|[from] item: Leftovers\n|upkeep\n|turn|20\n|inactive|Time left: 300 sec this turn | 300 sec total\n|\n|t:|1783544446\n|cant|p2a: Suicune|slp\n|move|p2a: Suicune|Sleep Talk|p2a: Suicune\n|move|p2a: Suicune|Calm Mind|p2a: Suicune|[from] move: Sleep Talk\n|-boost|p2a: Suicune|spa|1\n|-boost|p2a: Suicune|spd|1\n|move|p1a: Arboliva|Energy Ball|p2a: Suicune\n|-supereffective|p2a: Suicune\n|-damage|p2a: Suicune|43/100 slp\n|\n|-heal|p2a: Suicune|49/100 slp|[from] Grassy Terrain\n|-heal|p2a: Suicune|56/100 slp|[from] item: Leftovers\n|-heal|p1a: Arboliva|290/290|[from] Grassy Terrain\n|upkeep\n|turn|21\n|inactive|Time left: 300 sec this turn | 300 sec total\n|\n|t:|1783544447\n|switch|p1a: Toxapex|Toxapex, L82, M|216/216\n|cant|p2a: Suicune|slp\n|move|p2a: Suicune|Sleep Talk|p2a: Suicune\n|move|p2a: Suicune|Scald|p1a: Toxapex|[from] move: Sleep Talk\n|-resisted|p1a: Toxapex\n|-damage|p1a: Toxapex|137/216\n|\n|-heal|p2a: Suicune|62/100 slp|[from] Grassy Terrain\n|-heal|p2a: Suicune|68/100 slp|[from] item: Leftovers\n|-heal|p1a: Toxapex|150/216|[from] Grassy Terrain\n|upkeep\n|turn|22\n|inactive|Time left: 300 sec this turn | 300 sec total\n|\n|t:|1783544448\n|-curestatus|p2a: Suicune|slp|[msg]\n|move|p2a: Suicune|Scald|p1a: Toxapex\n|-resisted|p1a: Toxapex\n|-damage|p1a: Toxapex|71/216\n|-status|p1a: Toxapex|brn\n|move|p1a: Toxapex|Haze|p1a: Toxapex\n|-clearallboost\n|\n|-heal|p2a: Suicune|74/100|[from] Grassy Terrain\n|-heal|p2a: Suicune|80/100|[from] item: Leftovers\n|-heal|p1a: Toxapex|84/216 brn|[from] Grassy Terrain\n|-damage|p1a: Toxapex|71/216 brn|[from] brn\n|-fieldend|move: Grassy Terrain\n|upkeep\n|turn|23\n|inactive|Time left: 300 sec this turn | 300 sec total\n|\n|t:|1783544449\n|switch|p1a: Arboliva|Arboliva, L91, M|290/290\n|move|p2a: Suicune|Calm Mind|p2a: Suicune\n|-boost|p2a: Suicune|spa|1\n|-boost|p2a: Suicune|spd|1\n|\n|-heal|p2a: Suicune|86/100|[from] item: Leftovers\n|upkeep\n|turn|24\n|inactive|Time left: 300 sec this turn | 300 sec total\n|\n|t:|1783544451\n|move|p2a: Suicune|Calm Mind|p2a: Suicune\n|-boost|p2a: Suicune|spa|1\n|-boost|p2a: Suicune|spd|1\n|move|p1a: Arboliva|Energy Ball|p2a: Suicune\n|-supereffective|p2a: Suicune\n|-damage|p2a: Suicune|47/100\n|\n|-heal|p2a: Suicune|53/100|[from] item: Leftovers\n|upkeep\n|turn|25\n|inactive|Time left: 300 sec this turn | 300 sec total\n|\n|t:|1783544452\n|move|p2a: Suicune|Calm Mind|p2a: Suicune\n|-boost|p2a: Suicune|spa|1\n|-boost|p2a: Suicune|spd|1\n|move|p1a: Arboliva|Energy Ball|p2a: Suicune\n|-supereffective|p2a: Suicune\n|-damage|p2a: Suicune|25/100\n|\n|-heal|p2a: Suicune|31/100|[from] item: Leftovers\n|upkeep\n|turn|26\n|inactive|Time left: 300 sec this turn | 300 sec total\n|\n|t:|1783544453\n|move|p2a: Suicune|Scald|p1a: Arboliva\n|-resisted|p1a: Arboliva\n|-damage|p1a: Arboliva|220/290\n|-fieldstart|move: Grassy Terrain|[from] ability: Seed Sower|[of] p1a: Arboliva\n|move|p1a: Arboliva|Strength Sap|p2a: Suicune\n|-unboost|p2a: Suicune|atk|1\n|-heal|p1a: Arboliva|290/290\n|\n|-heal|p2a: Suicune|37/100|[from] Grassy Terrain\n|-heal|p2a: Suicune|43/100|[from] item: Leftovers\n|upkeep\n|turn|27\n|inactive|Time left: 300 sec this turn | 300 sec total\n|\n|t:|1783544454\n|switch|p1a: Toxapex|Toxapex, L82, M|143/216 brn\n|move|p2a: Suicune|Calm Mind|p2a: Suicune\n|-boost|p2a: Suicune|spa|1\n|-boost|p2a: Suicune|spd|1\n|\n|-heal|p2a: Suicune|49/100|[from] Grassy Terrain\n|-heal|p2a: Suicune|55/100|[from] item: Leftovers\n|-heal|p1a: Toxapex|156/216 brn|[from] Grassy Terrain\n|-damage|p1a: Toxapex|143/216 brn|[from] brn\n|upkeep\n|turn|28\n|inactive|Time left: 300 sec this turn | 300 sec total\n|\n|t:|1783544455\n|move|p2a: Suicune|Scald|p1a: Toxapex\n|-resisted|p1a: Toxapex\n|-damage|p1a: Toxapex|68/216 brn\n|move|p1a: Toxapex|Haze|p1a: Toxapex\n|-clearallboost\n|\n|-heal|p2a: Suicune|61/100|[from] Grassy Terrain\n|-heal|p2a: Suicune|67/100|[from] item: Leftovers\n|-heal|p1a: Toxapex|81/216 brn|[from] Grassy Terrain\n|-damage|p1a: Toxapex|68/216 brn|[from] brn\n|upkeep\n|turn|29\n|inactive|Time left: 300 sec this turn | 300 sec total\n|\n|t:|1783544457\n|move|p2a: Suicune|Calm Mind|p2a: Suicune\n|-boost|p2a: Suicune|spa|1\n|-boost|p2a: Suicune|spd|1\n|move|p1a: Toxapex|Recover|p1a: Toxapex\n|-heal|p1a: Toxapex|176/216 brn\n|\n|-heal|p2a: Suicune|73/100|[from] Grassy Terrain\n|-heal|p2a: Suicune|79/100|[from] item: Leftovers\n|-heal|p1a: Toxapex|189/216 brn|[from] Grassy Terrain\n|-damage|p1a: Toxapex|176/216 brn|[from] brn\n|upkeep\n|turn|30\n|inactive|Time left: 300 sec this turn | 300 sec total\n|\n|t:|1783544458\n|move|p2a: Suicune|Calm Mind|p2a: Suicune\n|-boost|p2a: Suicune|spa|1\n|-boost|p2a: Suicune|spd|1\n|move|p1a: Toxapex|Toxic|p2a: Suicune\n|-status|p2a: Suicune|tox\n|\n|-heal|p2a: Suicune|85/100 tox|[from] Grassy Terrain\n|-heal|p2a: Suicune|91/100 tox|[from] item: Leftovers\n|-heal|p1a: Toxapex|189/216 brn|[from] Grassy Terrain\n|-damage|p2a: Suicune|85/100 tox|[from] psn\n|-damage|p1a: Toxapex|176/216 brn|[from] brn\n|-fieldend|move: Grassy Terrain\n|upkeep\n|turn|31\n|inactive|Time left: 300 sec this turn | 300 sec total\n|\n|t:|1783544459\n|move|p2a: Suicune|Scald|p1a: Toxapex\n|-resisted|p1a: Toxapex\n|-crit|p1a: Toxapex\n|-damage|p1a: Toxapex|104/216 brn\n|move|p1a: Toxapex|Haze|p1a: Toxapex\n|-clearallboost\n|\n|-heal|p2a: Suicune|91/100 tox|[from] item: Leftovers\n|-damage|p2a: Suicune|79/100 tox|[from] psn\n|-damage|p1a: Toxapex|91/216 brn|[from] brn\n|upkeep\n|turn|32\n|inactive|Time left: 300 sec this turn | 300 sec total\n|\n|t:|1783544459\n|move|p2a: Suicune|Calm Mind|p2a: Suicune\n|-boost|p2a: Suicune|spa|1\n|-boost|p2a: Suicune|spd|1\n|move|p1a: Toxapex|Recover|p1a: Toxapex\n|-heal|p1a: Toxapex|199/216 brn\n|\n|-heal|p2a: Suicune|85/100 tox|[from] item: Leftovers\n|-damage|p2a: Suicune|67/100 tox|[from] psn\n|-damage|p1a: Toxapex|186/216 brn|[from] brn\n|upkeep\n|turn|33\n|inactive|Time left: 300 sec this turn | 300 sec total\n|\n|t:|1783544460\n|move|p2a: Suicune|Rest|p2a: Suicune\n|-status|p2a: Suicune|slp|[from] move: Rest\n|-heal|p2a: Suicune|100/100 slp|[silent]\n|move|p1a: Toxapex|Haze|p1a: Toxapex\n|-clearallboost\n|\n|-damage|p1a: Toxapex|173/216 brn|[from] brn\n|upkeep\n|turn|34\n|inactive|Time left: 300 sec this turn | 300 sec total\n|\n|t:|1783544461\n|switch|p1a: Arboliva|Arboliva, L91, M|290/290\n|cant|p2a: Suicune|slp\n|move|p2a: Suicune|Sleep Talk|p2a: Suicune\n|move|p2a: Suicune|Scald|p1a: Arboliva|[from] move: Sleep Talk\n|-resisted|p1a: Arboliva\n|-damage|p1a: Arboliva|260/290\n|-fieldstart|move: Grassy Terrain|[from] ability: Seed Sower|[of] p1a: Arboliva\n|\n|-heal|p1a: Arboliva|278/290|[from] Grassy Terrain\n|-heal|p1a: Arboliva|290/290|[from] item: Leftovers\n|upkeep\n|turn|35\n|inactive|Time left: 300 sec this turn | 300 sec total\n|\n|t:|1783544462\n|cant|p2a: Suicune|slp\n|move|p2a: Suicune|Sleep Talk|p2a: Suicune\n|move|p2a: Suicune|Rest||[from] move: Sleep Talk|[still]\n|-fail|p2a: Suicune\n|move|p1a: Arboliva|Hyper Voice|p2a: Suicune\n|-damage|p2a: Suicune|61/100 slp\n|\n|-heal|p2a: Suicune|67/100 slp|[from] Grassy Terrain\n|-heal|p2a: Suicune|73/100 slp|[from] item: Leftovers\n|upkeep\n|turn|36\n|inactive|Time left: 300 sec this turn | 300 sec total\n|\n|t:|1783544463\n|-curestatus|p2a: Suicune|slp|[msg]\n|move|p2a: Suicune|Calm Mind|p2a: Suicune\n|-boost|p2a: Suicune|spa|1\n|-boost|p2a: Suicune|spd|1\n|move|p1a: Arboliva|Hyper Voice|p2a: Suicune\n|-damage|p2a: Suicune|47/100\n|\n|-heal|p2a: Suicune|53/100|[from] Grassy Terrain\n|-heal|p2a: Suicune|59/100|[from] item: Leftovers\n|upkeep\n|turn|37\n|inactive|Time left: 300 sec this turn | 300 sec total\n|\n|t:|1783544464\n|move|p2a: Suicune|Calm Mind|p2a: Suicune\n|-boost|p2a: Suicune|spa|1\n|-boost|p2a: Suicune|spd|1\n|move|p1a: Arboliva|Hyper Voice|p2a: Suicune\n|-damage|p2a: Suicune|40/100\n|\n|-heal|p2a: Suicune|46/100|[from] Grassy Terrain\n|-heal|p2a: Suicune|52/100|[from] item: Leftovers\n|upkeep\n|turn|38\n|inactive|Time left: 300 sec this turn | 300 sec total\n|\n|t:|1783544465\n|switch|p1a: Toxapex|Toxapex, L82, M|216/216 brn\n|move|p2a: Suicune|Calm Mind|p2a: Suicune\n|-boost|p2a: Suicune|spa|1\n|-boost|p2a: Suicune|spd|1\n|\n|-heal|p2a: Suicune|58/100|[from] Grassy Terrain\n|-heal|p2a: Suicune|64/100|[from] item: Leftovers\n|-damage|p1a: Toxapex|203/216 brn|[from] brn\n|-fieldend|move: Grassy Terrain\n|upkeep\n|turn|39\n|inactive|Time left: 300 sec this turn | 300 sec total\n|\n|t:|1783544466\n|move|p2a: Suicune|Scald|p1a: Toxapex\n|-resisted|p1a: Toxapex\n|-damage|p1a: Toxapex|140/216 brn\n|move|p1a: Toxapex|Haze|p1a: Toxapex\n|-clearallboost\n|\n|-heal|p2a: Suicune|70/100|[from] item: Leftovers\n|-damage|p1a: Toxapex|127/216 brn|[from] brn\n|upkeep\n|turn|40\n|inactive|Time left: 300 sec this turn | 300 sec total\n|\n|t:|1783544468\n|move|p2a: Suicune|Calm Mind|p2a: Suicune\n|-boost|p2a: Suicune|spa|1\n|-boost|p2a: Suicune|spd|1\n|move|p1a: Toxapex|Toxic|p2a: Suicune\n|-status|p2a: Suicune|tox\n|\n|-heal|p2a: Suicune|76/100 tox|[from] item: Leftovers\n|-damage|p2a: Suicune|70/100 tox|[from] psn\n|-damage|p1a: Toxapex|114/216 brn|[from] brn\n|upkeep\n|turn|41\n|inactive|Time left: 300 sec this turn | 300 sec total\n|\n|t:|1783544469\n|move|p2a: Suicune|Rest|p2a: Suicune\n|-status|p2a: Suicune|slp|[from] move: Rest\n|-heal|p2a: Suicune|100/100 slp|[silent]\n|move|p1a: Toxapex|Haze|p1a: Toxapex\n|-clearallboost\n|\n|-damage|p1a: Toxapex|101/216 brn|[from] brn\n|upkeep\n|turn|42\n|inactive|Time left: 300 sec this turn | 300 sec total\n|\n|t:|1783544469\n|switch|p1a: Arboliva|Arboliva, L91, M|290/290\n|cant|p2a: Suicune|slp\n|move|p2a: Suicune|Sleep Talk|p2a: Suicune\n|move|p2a: Suicune|Scald|p1a: Arboliva|[from] move: Sleep Talk\n|-resisted|p1a: Arboliva\n|-damage|p1a: Arboliva|259/290\n|-status|p1a: Arboliva|brn\n|-fieldstart|move: Grassy Terrain|[from] ability: Seed Sower|[of] p1a: Arboliva\n|\n|-heal|p1a: Arboliva|277/290 brn|[from] Grassy Terrain\n|-heal|p1a: Arboliva|290/290 brn|[from] item: Leftovers\n|-damage|p1a: Arboliva|272/290 brn|[from] brn\n|upkeep\n|turn|43\n|inactive|Time left: 300 sec this turn | 300 sec total\n|\n|t:|1783544470\n|cant|p2a: Suicune|slp\n|move|p2a: Suicune|Sleep Talk|p2a: Suicune\n|move|p2a: Suicune|Rest||[from] move: Sleep Talk|[still]\n|-fail|p2a: Suicune\n|move|p1a: Arboliva|Hyper Voice|p2a: Suicune\n|-damage|p2a: Suicune|64/100 slp\n|\n|-heal|p2a: Suicune|70/100 slp|[from] Grassy Terrain\n|-heal|p2a: Suicune|76/100 slp|[from] item: Leftovers\n|-heal|p1a: Arboliva|290/290 brn|[from] Grassy Terrain\n|-damage|p1a: Arboliva|272/290 brn|[from] brn\n|upkeep\n|turn|44\n|inactive|Time left: 300 sec this turn | 300 sec total\n|\n|t:|1783544471\n|-curestatus|p2a: Suicune|slp|[msg]\n|move|p2a: Suicune|Calm Mind|p2a: Suicune\n|-boost|p2a: Suicune|spa|1\n|-boost|p2a: Suicune|spd|1\n|move|p1a: Arboliva|Hyper Voice|p2a: Suicune\n|-damage|p2a: Suicune|48/100\n|\n|-heal|p2a: Suicune|55/100|[from] Grassy Terrain\n|-heal|p2a: Suicune|61/100|[from] item: Leftovers\n|-heal|p1a: Arboliva|290/290 brn|[from] Grassy Terrain\n|-damage|p1a: Arboliva|272/290 brn|[from] brn\n|upkeep\n|turn|45\n|inactive|Time left: 300 sec this turn | 300 sec total\n|\n|t:|1783544472\n|switch|p1a: Toxapex|Toxapex, L82, M|173/216 brn\n|move|p2a: Suicune|Calm Mind|p2a: Suicune\n|-boost|p2a: Suicune|spa|1\n|-boost|p2a: Suicune|spd|1\n|\n|-heal|p2a: Suicune|67/100|[from] Grassy Terrain\n|-heal|p2a: Suicune|73/100|[from] item: Leftovers\n|-heal|p1a: Toxapex|186/216 brn|[from] Grassy Terrain\n|-damage|p1a: Toxapex|173/216 brn|[from] brn\n|upkeep\n|turn|46\n|inactive|Time left: 300 sec this turn | 300 sec total\n|\n|t:|1783544473\n|move|p2a: Suicune|Calm Mind|p2a: Suicune\n|-boost|p2a: Suicune|spa|1\n|-boost|p2a: Suicune|spd|1\n|move|p1a: Toxapex|Toxic|p2a: Suicune\n|-status|p2a: Suicune|tox\n|\n|-heal|p2a: Suicune|79/100 tox|[from] Grassy Terrain\n|-heal|p2a: Suicune|85/100 tox|[from] item: Leftovers\n|-heal|p1a: Toxapex|186/216 brn|[from] Grassy Terrain\n|-damage|p2a: Suicune|79/100 tox|[from] psn\n|-damage|p1a: Toxapex|173/216 brn|[from] brn\n|-fieldend|move: Grassy Terrain\n|upkeep\n|turn|47\n|inactive|Time left: 300 sec this turn | 300 sec total\n|\n|t:|1783544473\n|move|p2a: Suicune|Rest|p2a: Suicune\n|-status|p2a: Suicune|slp|[from] move: Rest\n|-heal|p2a: Suicune|100/100 slp|[silent]\n|move|p1a: Toxapex|Haze|p1a: Toxapex\n|-clearallboost\n|\n|-damage|p1a: Toxapex|160/216 brn|[from] brn\n|upkeep\n|turn|48\n|inactive|Time left: 300 sec this turn | 300 sec total\n|\n|t:|1783544474\n|switch|p1a: Arboliva|Arboliva, L91, M|272/290 brn\n|cant|p2a: Suicune|slp\n|move|p2a: Suicune|Sleep Talk|p2a: Suicune\n|move|p2a: Suicune|Rest||[from] move: Sleep Talk|[still]\n|-fail|p2a: Suicune\n|\n|-heal|p1a: Arboliva|290/290 brn|[from] item: Leftovers\n|-damage|p1a: Arboliva|272/290 brn|[from] brn\n|upkeep\n|turn|49\n|inactive|Time left: 300 sec this turn | 300 sec total\n|\n|t:|1783544475\n|cant|p2a: Suicune|slp\n|move|p2a: Suicune|Sleep Talk|p2a: Suicune\n|move|p2a: Suicune|Rest||[from] move: Sleep Talk|[still]\n|-fail|p2a: Suicune\n|move|p1a: Arboliva|Hyper Voice|p2a: Suicune\n|-damage|p2a: Suicune|59/100 slp\n|\n|-heal|p2a: Suicune|65/100 slp|[from] item: Leftovers\n|-heal|p1a: Arboliva|290/290 brn|[from] item: Leftovers\n|-damage|p1a: Arboliva|272/290 brn|[from] brn\n|upkeep\n|turn|50\n|inactive|Time left: 300 sec this turn | 300 sec total\n|\n|t:|1783544476\n|-curestatus|p2a: Suicune|slp|[msg]\n|move|p2a: Suicune|Calm Mind|p2a: Suicune\n|-boost|p2a: Suicune|spa|1\n|-boost|p2a: Suicune|spd|1\n|move|p1a: Arboliva|Strength Sap|p2a: Suicune\n|-unboost|p2a: Suicune|atk|1\n|-heal|p1a: Arboliva|290/290 brn\n|\n|-heal|p2a: Suicune|71/100|[from] item: Leftovers\n|-damage|p1a: Arboliva|272/290 brn|[from] brn\n|upkeep\n|turn|51\n|inactive|Time left: 300 sec this turn | 300 sec total\n|\n|t:|1783544477\n|move|p2a: Suicune|Calm Mind|p2a: Suicune\n|-boost|p2a: Suicune|spa|1\n|-boost|p2a: Suicune|spd|1\n|move|p1a: Arboliva|Hyper Voice|p2a: Suicune\n|-damage|p2a: Suicune|51/100\n|\n|-heal|p2a: Suicune|57/100|[from] item: Leftovers\n|-heal|p1a: Arboliva|290/290 brn|[from] item: Leftovers\n|-damage|p1a: Arboliva|272/290 brn|[from] brn\n|upkeep\n|turn|52\n|inactive|Time left: 300 sec this turn | 300 sec total\n|\n|t:|1783544478\n|move|p2a: Suicune|Calm Mind|p2a: Suicune\n|-boost|p2a: Suicune|spa|1\n|-boost|p2a: Suicune|spd|1\n|move|p1a: Arboliva|Strength Sap|p2a: Suicune\n|-unboost|p2a: Suicune|atk|1\n|-heal|p1a: Arboliva|290/290 brn\n|\n|-heal|p2a: Suicune|63/100|[from] item: Leftovers\n|-damage|p1a: Arboliva|272/290 brn|[from] brn\n|upkeep\n|turn|53\n|inactive|Time left: 300 sec this turn | 300 sec total\n|\n|t:|1783544479\n|switch|p1a: Toxapex|Toxapex, L82, M|216/216 brn\n|move|p2a: Suicune|Scald|p1a: Toxapex\n|-resisted|p1a: Toxapex\n|-damage|p1a: Toxapex|146/216 brn\n|\n|-heal|p2a: Suicune|69/100|[from] item: Leftovers\n|-damage|p1a: Toxapex|133/216 brn|[from] brn\n|upkeep\n|turn|54\n|inactive|Time left: 300 sec this turn | 300 sec total\n|\n|t:|1783544480\n|move|p2a: Suicune|Scald|p1a: Toxapex\n|-resisted|p1a: Toxapex\n|-damage|p1a: Toxapex|67/216 brn\n|move|p1a: Toxapex|Toxic|p2a: Suicune\n|-status|p2a: Suicune|tox\n|\n|-heal|p2a: Suicune|75/100 tox|[from] item: Leftovers\n|-damage|p2a: Suicune|69/100 tox|[from] psn\n|-damage|p1a: Toxapex|54/216 brn|[from] brn\n|upkeep\n|turn|55\n|inactive|Time left: 300 sec this turn | 300 sec total\n|\n|t:|1783544482\n|switch|p1a: Arboliva|Arboliva, L91, M|272/290 brn\n|move|p2a: Suicune|Rest|p2a: Suicune\n|-status|p2a: Suicune|slp|[from] move: Rest\n|-heal|p2a: Suicune|100/100 slp|[silent]\n|\n|-heal|p1a: Arboliva|290/290 brn|[from] item: Leftovers\n|-damage|p1a: Arboliva|272/290 brn|[from] brn\n|upkeep\n|turn|56\n|inactive|Time left: 300 sec this turn | 300 sec total\n|\n|t:|1783544483\n|switch|p1a: Toxapex|Toxapex, L82, M|126/216 brn\n|cant|p2a: Suicune|slp\n|move|p2a: Suicune|Sleep Talk|p2a: Suicune\n|move|p2a: Suicune|Rest||[from] move: Sleep Talk|[still]\n|-fail|p2a: Suicune\n|\n|-damage|p1a: Toxapex|113/216 brn|[from] brn\n|upkeep\n|turn|57\n|inactive|Time left: 300 sec this turn | 300 sec total\n|\n|t:|1783544484\n|cant|p2a: Suicune|slp\n|move|p2a: Suicune|Sleep Talk|p2a: Suicune\n|move|p2a: Suicune|Scald|p1a: Toxapex|[from] move: Sleep Talk\n|-resisted|p1a: Toxapex\n|-damage|p1a: Toxapex|51/216 brn\n|move|p1a: Toxapex|Recover|p1a: Toxapex\n|-heal|p1a: Toxapex|159/216 brn\n|\n|-damage|p1a: Toxapex|146/216 brn|[from] brn\n|upkeep\n|turn|58\n|inactive|Time left: 300 sec this turn | 300 sec total\n|\n|t:|1783544485\n|-curestatus|p2a: Suicune|slp|[msg]\n|move|p2a: Suicune|Scald|p1a: Toxapex\n|-resisted|p1a: Toxapex\n|-damage|p1a: Toxapex|80/216 brn\n|move|p1a: Toxapex|Toxic|p2a: Suicune\n|-status|p2a: Suicune|tox\n|\n|-damage|p2a: Suicune|94/100 tox|[from] psn\n|-damage|p1a: Toxapex|67/216 brn|[from] brn\n|upkeep\n|turn|59\n|inactive|Time left: 300 sec this turn | 300 sec total\n|\n|t:|1783544486\n|move|p2a: Suicune|Rest|p2a: Suicune\n|-status|p2a: Suicune|slp|[from] move: Rest\n|-heal|p2a: Suicune|100/100 slp|[silent]\n|move|p1a: Toxapex|Recover|p1a: Toxapex\n|-heal|p1a: Toxapex|175/216 brn\n|\n|-damage|p1a: Toxapex|162/216 brn|[from] brn\n|upkeep\n|turn|60\n|inactive|Time left: 300 sec this turn | 300 sec total\n|\n|t:|1783544487\n|cant|p2a: Suicune|slp\n|move|p2a: Suicune|Sleep Talk|p2a: Suicune\n|move|p2a: Suicune|Scald|p1a: Toxapex|[from] move: Sleep Talk\n|-resisted|p1a: Toxapex\n|-damage|p1a: Toxapex|93/216 brn\n|move|p1a: Toxapex|Haze|p1a: Toxapex\n|-clearallboost\n|\n|-damage|p1a: Toxapex|80/216 brn|[from] brn\n|upkeep\n|turn|61\n|inactive|Time left: 300 sec this turn | 300 sec total\n|\n|t:|1783544488\n|cant|p2a: Suicune|slp\n|move|p2a: Suicune|Sleep Talk|p2a: Suicune\n|move|p2a: Suicune|Rest||[from] move: Sleep Talk|[still]\n|-fail|p2a: Suicune\n|move|p1a: Toxapex|Recover|p1a: Toxapex\n|-heal|p1a: Toxapex|188/216 brn\n|\n|-damage|p1a: Toxapex|175/216 brn|[from] brn\n|upkeep\n|turn|62\n|inactive|Time left: 300 sec this turn | 300 sec total\n|\n|t:|1783544489\n|-curestatus|p2a: Suicune|slp|[msg]\n|move|p2a: Suicune|Calm Mind|p2a: Suicune\n|-boost|p2a: Suicune|spa|1\n|-boost|p2a: Suicune|spd|1\n|move|p1a: Toxapex|Toxic|p2a: Suicune\n|-status|p2a: Suicune|tox\n|\n|-damage|p2a: Suicune|94/100 tox|[from] psn\n|-damage|p1a: Toxapex|162/216 brn|[from] brn\n|upkeep\n|turn|63\n|inactive|Time left: 300 sec this turn | 300 sec total\n|\n|t:|1783544490\n|switch|p1a: Arboliva|Arboliva, L91, M|272/290 brn\n|move|p2a: Suicune|Rest|p2a: Suicune\n|-status|p2a: Suicune|slp|[from] move: Rest\n|-heal|p2a: Suicune|100/100 slp|[silent]\n|\n|-heal|p1a: Arboliva|290/290 brn|[from] item: Leftovers\n|-damage|p1a: Arboliva|272/290 brn|[from] brn\n|upkeep\n|turn|64\n|inactive|Time left: 300 sec this turn | 300 sec total\n|\n|t:|1783544491\n|cant|p2a: Suicune|slp\n|move|p1a: Arboliva|Strength Sap|p2a: Suicune\n|-unboost|p2a: Suicune|atk|1\n|-heal|p1a: Arboliva|290/290 brn\n|\n|-damage|p1a: Arboliva|272/290 brn|[from] brn\n|upkeep\n|turn|65\n|inactive|Time left: 300 sec this turn | 300 sec total\n|\n|t:|1783544493\n|switch|p1a: Toxapex|Toxapex, L82, M|216/216 brn\n|cant|p2a: Suicune|slp\n|move|p2a: Suicune|Sleep Talk|p2a: Suicune\n|move|p2a: Suicune|Scald|p1a: Toxapex|[from] move: Sleep Talk\n|-resisted|p1a: Toxapex\n|-damage|p1a: Toxapex|174/216 brn\n|\n|-damage|p1a: Toxapex|161/216 brn|[from] brn\n|upkeep\n|turn|66\n|inactive|Time left: 300 sec this turn | 300 sec total\n|\n|t:|1783544494\n|switch|p2a: Victreebel|Victreebel, L90, M|4/100\n|move|p1a: Toxapex|Toxic|p2a: Victreebel\n|-immune|p2a: Victreebel\n|\n|-damage|p1a: Toxapex|148/216 brn|[from] brn\n|upkeep\n|turn|67\n|inactive|Time left: 300 sec this turn | 300 sec total\n|\n|t:|1783544495\n|switch|p1a: Arboliva|Arboliva, L91, M|272/290 brn\n|move|p2a: Victreebel|Sludge Wave|p1a: Arboliva\n|-supereffective|p1a: Arboliva\n|-damage|p1a: Arboliva|28/290 brn\n|-fieldstart|move: Grassy Terrain|[from] ability: Seed Sower|[of] p1a: Arboliva\n|-damage|p2a: Victreebel|0 fnt|[from] item: Life Orb\n|faint|p2a: Victreebel\n|\n|-heal|p1a: Arboliva|46/290 brn|[from] Grassy Terrain\n|-heal|p1a: Arboliva|64/290 brn|[from] item: Leftovers\n|-damage|p1a: Arboliva|46/290 brn|[from] brn\n|upkeep\n|\n|t:|1783544496\n|switch|p2a: Cloyster|Cloyster, L80, M|100/100\n|turn|68\n|inactive|Time left: 300 sec this turn | 300 sec total\n|\n|t:|1783544497\n|move|p2a: Cloyster|Icicle Spear|p1a: Arboliva\n|-supereffective|p1a: Arboliva\n|-damage|p1a: Arboliva|2/290 brn\n|-supereffective|p1a: Arboliva\n|-damage|p1a: Arboliva|0 fnt\n|faint|p1a: Arboliva\n|-hitcount|p1: Arboliva|2\n|\n|upkeep\n|inactive|Time left: 300 sec this turn | 300 sec total | 5 sec grace\n|\n|t:|1783544498\n|switch|p1a: Toxapex|Toxapex, L82, M|216/216 brn\n|turn|69\n|inactive|Time left: 300 sec this turn | 300 sec total\n|\n|t:|1783544499\n|move|p2a: Cloyster|Shell Smash|p2a: Cloyster\n|-unboost|p2a: Cloyster|def|1\n|-unboost|p2a: Cloyster|spd|1\n|-boost|p2a: Cloyster|atk|2\n|-boost|p2a: Cloyster|spa|2\n|-boost|p2a: Cloyster|spe|2\n|-enditem|p2a: Cloyster|White Herb\n|-clearnegativeboost|p2a: Cloyster|[silent]\n|move|p1a: Toxapex|Toxic|p2a: Cloyster\n|-status|p2a: Cloyster|tox\n|\n|-damage|p2a: Cloyster|94/100 tox|[from] psn\n|-damage|p1a: Toxapex|203/216 brn|[from] brn\n|upkeep\n|turn|70\n|inactive|Time left: 300 sec this turn | 300 sec total\n|\n|t:|1783544500\n|move|p2a: Cloyster|Rock Blast|p1a: Toxapex\n|-damage|p1a: Toxapex|182/216 brn\n|-damage|p1a: Toxapex|162/216 brn\n|-damage|p1a: Toxapex|141/216 brn\n|-damage|p1a: Toxapex|119/216 brn\n|-damage|p1a: Toxapex|96/216 brn\n|-hitcount|p1a: Toxapex|5\n|move|p1a: Toxapex|Haze|p1a: Toxapex\n|-clearallboost\n|\n|-heal|p2a: Cloyster|100/100 tox|[from] Grassy Terrain\n|-heal|p1a: Toxapex|109/216 brn|[from] Grassy Terrain\n|-damage|p2a: Cloyster|88/100 tox|[from] psn\n|-damage|p1a: Toxapex|96/216 brn|[from] brn\n|upkeep\n|turn|71\n|inactive|Time left: 300 sec this turn | 300 sec total\n|\n|t:|1783544501\n|switch|p2a: Suicune|Suicune, L82|100/100 slp\n|-ability|p2a: Suicune|Pressure\n|move|p1a: Toxapex|Recover|p1a: Toxapex\n|-heal|p1a: Toxapex|204/216 brn\n|\n|-heal|p1a: Toxapex|216/216 brn|[from] Grassy Terrain\n|-damage|p1a: Toxapex|203/216 brn|[from] brn\n|-fieldend|move: Grassy Terrain\n|upkeep\n|turn|72\n|inactive|Time left: 300 sec this turn | 300 sec total\n|\n|t:|1783544502\n|-curestatus|p2a: Suicune|slp|[msg]\n|move|p2a: Suicune|Calm Mind|p2a: Suicune\n|-boost|p2a: Suicune|spa|1\n|-boost|p2a: Suicune|spd|1\n|move|p1a: Toxapex|Toxic|p2a: Suicune\n|-status|p2a: Suicune|tox\n|\n|-damage|p2a: Suicune|94/100 tox|[from] psn\n|-damage|p1a: Toxapex|190/216 brn|[from] brn\n|upkeep\n|turn|73\n|inactive|Time left: 300 sec this turn | 300 sec total\n|\n|t:|1783544503\n|move|p2a: Suicune|Scald|p1a: Toxapex\n|-resisted|p1a: Toxapex\n|-damage|p1a: Toxapex|148/216 brn\n|move|p1a: Toxapex|Haze|p1a: Toxapex\n|-clearallboost\n|\n|-heal|p2a: Suicune|100/100 tox|[from] item: Leftovers\n|-damage|p2a: Suicune|88/100 tox|[from] psn\n|-damage|p1a: Toxapex|135/216 brn|[from] brn\n|upkeep\n|turn|74\n|inactive|Time left: 300 sec this turn | 300 sec total\n|\n|t:|1783544505\n|move|p2a: Suicune|Scald|p1a: Toxapex\n|-resisted|p1a: Toxapex\n|-damage|p1a: Toxapex|107/216 brn\n|move|p1a: Toxapex|Recover|p1a: Toxapex\n|-heal|p1a: Toxapex|215/216 brn\n|\n|-heal|p2a: Suicune|94/100 tox|[from] item: Leftovers\n|-damage|p2a: Suicune|76/100 tox|[from] psn\n|-damage|p1a: Toxapex|202/216 brn|[from] brn\n|upkeep\n|turn|75\n|inactive|Time left: 300 sec this turn | 300 sec total\n|\n|t:|1783544506\n|switch|p2a: Cloyster|Cloyster, L80, M|88/100 tox\n|move|p1a: Toxapex|Liquidation|p2a: Cloyster\n|-resisted|p2a: Cloyster\n|-damage|p2a: Cloyster|84/100 tox\n|\n|-damage|p2a: Cloyster|78/100 tox|[from] psn\n|-damage|p1a: Toxapex|189/216 brn|[from] brn\n|upkeep\n|turn|76\n|inactive|Time left: 300 sec this turn | 300 sec total\n|\n|t:|1783544507\n|move|p2a: Cloyster|Shell Smash|p2a: Cloyster\n|-unboost|p2a: Cloyster|def|1\n|-unboost|p2a: Cloyster|spd|1\n|-boost|p2a: Cloyster|atk|2\n|-boost|p2a: Cloyster|spa|2\n|-boost|p2a: Cloyster|spe|2\n|move|p1a: Toxapex|Recover|p1a: Toxapex\n|-heal|p1a: Toxapex|216/216 brn\n|\n|-damage|p2a: Cloyster|66/100 tox|[from] psn\n|-damage|p1a: Toxapex|203/216 brn|[from] brn\n|upkeep\n|turn|77\n|inactive|Time left: 300 sec this turn | 300 sec total\n|\n|t:|1783544508\n|move|p2a: Cloyster|Rock Blast|p1a: Toxapex\n|-damage|p1a: Toxapex|180/216 brn\n|-damage|p1a: Toxapex|158/216 brn\n|-damage|p1a: Toxapex|137/216 brn\n|-damage|p1a: Toxapex|114/216 brn\n|-damage|p1a: Toxapex|91/216 brn\n|-hitcount|p1a: Toxapex|5\n|move|p1a: Toxapex|Haze|p1a: Toxapex\n|-clearallboost\n|\n|-damage|p2a: Cloyster|47/100 tox|[from] psn\n|-damage|p1a: Toxapex|78/216 brn|[from] brn\n|upkeep\n|turn|78\n|inactive|Time left: 300 sec this turn | 300 sec total\n|\n|t:|1783544509\n|switch|p1a: Coalossal|Coalossal, L89, F|341/341\n|move|p2a: Cloyster|Icicle Spear|p1a: Coalossal\n|-resisted|p1a: Coalossal\n|-damage|p1a: Coalossal|332/341\n|-resisted|p1a: Coalossal\n|-damage|p1a: Coalossal|323/341\n|-resisted|p1a: Coalossal\n|-damage|p1a: Coalossal|314/341\n|-resisted|p1a: Coalossal\n|-damage|p1a: Coalossal|305/341\n|-resisted|p1a: Coalossal\n|-damage|p1a: Coalossal|296/341\n|-hitcount|p1a: Coalossal|5\n|\n|-damage|p2a: Cloyster|23/100 tox|[from] psn\n|upkeep\n|turn|79\n|inactive|Time left: 300 sec this turn | 300 sec total\n|\n|t:|1783544510\n|switch|p1a: Toxapex|Toxapex, L82, M|150/216 brn\n|move|p2a: Cloyster|Hydro Pump|p1a: Toxapex\n|-resisted|p1a: Toxapex\n|-damage|p1a: Toxapex|115/216 brn\n|\n|-damage|p2a: Cloyster|0 fnt|[from] psn\n|faint|p2a: Cloyster\n|-damage|p1a: Toxapex|102/216 brn|[from] brn\n|upkeep\n|\n|t:|1783544511\n|switch|p2a: Suicune|Suicune, L82|76/100 tox\n|-ability|p2a: Suicune|Pressure\n|turn|80\n|inactive|Time left: 300 sec this turn | 300 sec total\n|\n|t:|1783544512\n|move|p2a: Suicune|Scald|p1a: Toxapex\n|-resisted|p1a: Toxapex\n|-damage|p1a: Toxapex|75/216 brn\n|move|p1a: Toxapex|Liquidation|p2a: Suicune\n|-resisted|p2a: Suicune\n|-damage|p2a: Suicune|72/100 tox\n|\n|-heal|p2a: Suicune|78/100 tox|[from] item: Leftovers\n|-damage|p2a: Suicune|72/100 tox|[from] psn\n|-damage|p1a: Toxapex|62/216 brn|[from] brn\n|upkeep\n|turn|81\n|inactive|Time left: 300 sec this turn | 300 sec total\n|\n|t:|1783544513\n|move|p2a: Suicune|Scald|p1a: Toxapex\n|-resisted|p1a: Toxapex\n|-damage|p1a: Toxapex|37/216 brn\n|move|p1a: Toxapex|Liquidation|p2a: Suicune\n|-resisted|p2a: Suicune\n|-damage|p2a: Suicune|68/100 tox\n|\n|-heal|p2a: Suicune|74/100 tox|[from] item: Leftovers\n|-damage|p2a: Suicune|62/100 tox|[from] psn\n|-damage|p1a: Toxapex|24/216 brn|[from] brn\n|upkeep\n|turn|82\n|inactive|Time left: 300 sec this turn | 300 sec total\n|\n|t:|1783544514\n|switch|p1a: Coalossal|Coalossal, L89, F|296/341\n|move|p2a: Suicune|Calm Mind|p2a: Suicune\n|-boost|p2a: Suicune|spa|1\n|-boost|p2a: Suicune|spd|1\n|\n|-heal|p2a: Suicune|68/100 tox|[from] item: Leftovers\n|-damage|p2a: Suicune|50/100 tox|[from] psn\n|upkeep\n|turn|83\n|inactive|Time left: 300 sec this turn | 300 sec total\n|\n|t:|1783544514\n|move|p2a: Suicune|Calm Mind|p2a: Suicune\n|-boost|p2a: Suicune|spa|1\n|-boost|p2a: Suicune|spd|1\n|move|p1a: Coalossal|Overheat|p2a: Suicune\n|-resisted|p2a: Suicune\n|-damage|p2a: Suicune|40/100 tox\n|-unboost|p1a: Coalossal|spa|2\n|\n|-heal|p2a: Suicune|46/100 tox|[from] item: Leftovers\n|-damage|p2a: Suicune|22/100 tox|[from] psn\n|upkeep\n|turn|84\n|inactive|Time left: 300 sec this turn | 300 sec total\n|\n|t:|1783544515\n|move|p2a: Suicune|Sleep Talk||[still]\n|-fail|p2a: Suicune\n|move|p1a: Coalossal|Stealth Rock|p2a: Suicune\n|-sidestart|p2: p0y40687ed|move: Stealth Rock\n|\n|-heal|p2a: Suicune|28/100 tox|[from] item: Leftovers\n|-damage|p2a: Suicune|0 fnt|[from] psn\n|faint|p2a: Suicune\n|\n|win|p0x40642dd", "uploadtime": 1783544515, "views": 0, "rating": 0, "private": 0, "password": null, "_winner": "p0x40642dd", "_our_name": "p0x40642dd"}