{"id": "battle-gen9randombattle-1344", "formatid": "gen9randombattle", "format": "[Gen 9] Random Battle", "players": ["p0x134407b7", "p0y1344d958"], "log": "|init|battle\n|title|p0x134407b7 vs. p0y1344d958\n|j|\u2606p0x134407b7\n|j|\u2606p0y1344d958\n|t:|1783555616\n|gametype|singles\n|player|p1|p0x134407b7|2|\n|player|p2|p0y1344d958|2|\n|gen|9\n|tier|[Gen 9] Random Battle\n|rule|Species Clause: Limit one of each Pok\u00e9mon\n|rule|HP Percentage Mod: HP is shown in percentages\n|rule|Sleep Clause Mod: Limit one foe put to sleep\n|rule|Illusion Level Mod: Illusion disguises the Pok\u00e9mon's true level\n|\n|t:|1783555616\n|teamsize|p1|6\n|teamsize|p2|6\n|start\n|switch|p1a: Pyroar|Pyroar, L88, F|295/295\n|switch|p2a: Drifblim|Drifblim, L86, M|100/100\n|-ability|p1a: Pyroar|Unnerve\n|turn|1\n|inactive|Battle timer is ON: inactive players will automatically lose when time's up. (requested by p0x134407b7)\n|inactive|p0y1344d958 also wants the timer to be on.\n|\n|t:|1783555617\n|move|p1a: Pyroar|Fire Blast|p2a: Drifblim|[miss]\n|-miss|p1a: Pyroar|p2a: Drifblim\n|move|p2a: Drifblim|Calm Mind|p2a: Drifblim\n|-boost|p2a: Drifblim|spa|1\n|-boost|p2a: Drifblim|spd|1\n|\n|upkeep\n|turn|2\n|inactive|Time left: 300 sec this turn | 300 sec total\n|\n|t:|1783555619\n|move|p1a: Pyroar|Fire Blast|p2a: Drifblim\n|-damage|p2a: Drifblim|66/100\n|move|p2a: Drifblim|Air Slash|p1a: Pyroar|[miss]\n|-miss|p2a: Drifblim|p1a: Pyroar\n|\n|upkeep\n|turn|3\n|inactive|Time left: 300 sec this turn | 300 sec total\n|\n|t:|1783555620\n|move|p1a: Pyroar|Taunt|p2a: Drifblim\n|-start|p2a: Drifblim|move: Taunt\n|cant|p2a: Drifblim|move: Taunt|Strength Sap\n|\n|upkeep\n|turn|4\n|inactive|Time left: 300 sec this turn | 300 sec total\n|\n|t:|1783555621\n|switch|p1a: Oranguru|Oranguru, L92, M|315/315\n|move|p2a: Drifblim|Air Slash|p1a: Oranguru\n|-damage|p1a: Oranguru|230/315\n|\n|-heal|p1a: Oranguru|249/315|[from] item: Leftovers\n|upkeep\n|turn|5\n|inactive|Time left: 300 sec this turn | 300 sec total\n|\n|t:|1783555622\n|move|p2a: Drifblim|Air Slash|p1a: Oranguru|[miss]\n|-miss|p2a: Drifblim|p1a: Oranguru\n|move|p1a: Oranguru|Nasty Plot|p1a: Oranguru\n|-boost|p1a: Oranguru|spa|2\n|\n|-heal|p1a: Oranguru|268/315|[from] item: Leftovers\n|-end|p2a: Drifblim|move: Taunt\n|upkeep\n|turn|6\n|inactive|Time left: 300 sec this turn | 300 sec total\n|\n|t:|1783555623\n|move|p2a: Drifblim|Strength Sap|p1a: Oranguru\n|-unboost|p1a: Oranguru|atk|1\n|-heal|p2a: Drifblim|95/100\n|move|p1a: Oranguru|Thunderbolt|p2a: Drifblim\n|-supereffective|p2a: Drifblim\n|-damage|p2a: Drifblim|24/100\n|-status|p2a: Drifblim|par\n|-enditem|p2a: Drifblim|Sitrus Berry|[eat]\n|-heal|p2a: Drifblim|49/100 par|[from] item: Sitrus Berry\n|\n|-heal|p1a: Oranguru|287/315|[from] item: Leftovers\n|upkeep\n|turn|7\n|inactive|Time left: 300 sec this turn | 300 sec total\n|\n|t:|1783555624\n|cant|p2a: Drifblim|par\n|move|p1a: Oranguru|Thunderbolt|p2a: Drifblim\n|-supereffective|p2a: Drifblim\n|-damage|p2a: Drifblim|0 fnt\n|faint|p2a: Drifblim\n|\n|-heal|p1a: Oranguru|306/315|[from] item: Leftovers\n|upkeep\n|\n|t:|1783555625\n|switch|p2a: Alcremie|Alcremie-Mint-Cream, L90, F|100/100\n|turn|8\n|inactive|Time left: 300 sec this turn | 300 sec total\n|\n|t:|1783555626\n|move|p2a: Alcremie|Calm Mind|p2a: Alcremie\n|-boost|p2a: Alcremie|spa|1\n|-boost|p2a: Alcremie|spd|1\n|move|p1a: Oranguru|Psychic|p2a: Alcremie\n|-damage|p2a: Alcremie|57/100\n|\n|-heal|p2a: Alcremie|63/100|[from] item: Leftovers\n|-heal|p1a: Oranguru|315/315|[from] item: Leftovers\n|upkeep\n|turn|9\n|inactive|Time left: 300 sec this turn | 300 sec total\n|\n|t:|1783555627\n|move|p2a: Alcremie|Calm Mind|p2a: Alcremie\n|-boost|p2a: Alcremie|spa|1\n|-boost|p2a: Alcremie|spd|1\n|move|p1a: Oranguru|Psychic|p2a: Alcremie\n|-damage|p2a: Alcremie|31/100\n|\n|-heal|p2a: Alcremie|37/100|[from] item: Leftovers\n|upkeep\n|turn|10\n|inactive|Time left: 300 sec this turn | 300 sec total\n|\n|t:|1783555628\n|move|p2a: Alcremie|Recover|p2a: Alcremie\n|-heal|p2a: Alcremie|88/100\n|move|p1a: Oranguru|Psychic|p2a: Alcremie\n|-damage|p2a: Alcremie|58/100\n|\n|-heal|p2a: Alcremie|64/100|[from] item: Leftovers\n|upkeep\n|turn|11\n|inactive|Time left: 300 sec this turn | 300 sec total\n|\n|t:|1783555629\n|move|p2a: Alcremie|Alluring Voice|p1a: Oranguru\n|-damage|p1a: Oranguru|144/315\n|move|p1a: Oranguru|Psychic|p2a: Alcremie\n|-damage|p2a: Alcremie|33/100\n|\n|-heal|p2a: Alcremie|39/100|[from] item: Leftovers\n|-heal|p1a: Oranguru|163/315|[from] item: Leftovers\n|upkeep\n|turn|12\n|inactive|Time left: 300 sec this turn | 300 sec total\n|\n|t:|1783555631\n|move|p2a: Alcremie|Alluring Voice|p1a: Oranguru\n|-damage|p1a: Oranguru|0 fnt\n|faint|p1a: Oranguru\n|\n|-heal|p2a: Alcremie|45/100|[from] item: Leftovers\n|upkeep\n|inactive|Time left: 300 sec this turn | 300 sec total | 5 sec grace\n|\n|t:|1783555632\n|switch|p1a: Delibird|Delibird, M|252/252\n|turn|13\n|inactive|Time left: 300 sec this turn | 300 sec total\n|\n|t:|1783555633\n|move|p1a: Delibird|Ice Spinner|p2a: Alcremie\n|-damage|p2a: Alcremie|0 fnt\n|faint|p2a: Alcremie\n|\n|upkeep\n|\n|t:|1783555634\n|switch|p2a: Toxtricity|Toxtricity, L82, M|100/100\n|turn|14\n|inactive|Time left: 300 sec this turn | 300 sec total\n|\n|t:|1783555635\n|-terastallize|p2a: Toxtricity|Normal\n|move|p1a: Delibird|Drill Run|p2a: Toxtricity|[miss]\n|-miss|p1a: Delibird|p2a: Toxtricity\n|move|p2a: Toxtricity|Boomburst|p1a: Delibird\n|-damage|p1a: Delibird|0 fnt\n|faint|p1a: Delibird\n|-enditem|p2a: Toxtricity|Throat Spray\n|-boost|p2a: Toxtricity|spa|1|[from] item: Throat Spray\n|\n|upkeep\n|inactive|Time left: 300 sec this turn | 300 sec total | 5 sec grace\n|\n|t:|1783555636\n|switch|p1a: Chimecho|Chimecho, L93, F|290/290\n|turn|15\n|inactive|Time left: 300 sec this turn | 300 sec total\n|\n|t:|1783555637\n|move|p1a: Chimecho|Calm Mind|p1a: Chimecho\n|-boost|p1a: Chimecho|spa|1\n|-boost|p1a: Chimecho|spd|1\n|move|p2a: Toxtricity|Boomburst|p1a: Chimecho\n|-damage|p1a: Chimecho|118/290\n|\n|-heal|p1a: Chimecho|136/290|[from] item: Leftovers\n|upkeep\n|turn|16\n|inactive|Time left: 300 sec this turn | 300 sec total\n|\n|t:|1783555638\n|move|p1a: Chimecho|Recover|p1a: Chimecho\n|-heal|p1a: Chimecho|281/290\n|move|p2a: Toxtricity|Boomburst|p1a: Chimecho\n|-damage|p1a: Chimecho|82/290\n|\n|-heal|p1a: Chimecho|100/290|[from] item: Leftovers\n|upkeep\n|turn|17\n|inactive|Time left: 300 sec this turn | 300 sec total\n|\n|t:|1783555640\n|move|p1a: Chimecho|Psyshock|p2a: Toxtricity\n|-damage|p2a: Toxtricity|28/100\n|move|p2a: Toxtricity|Shift Gear|p2a: Toxtricity\n|-boost|p2a: Toxtricity|spe|2\n|-boost|p2a: Toxtricity|atk|1\n|\n|-heal|p1a: Chimecho|118/290|[from] item: Leftovers\n|upkeep\n|turn|18\n|inactive|Time left: 300 sec this turn | 300 sec total\n|\n|t:|1783555641\n|move|p2a: Toxtricity|Boomburst|p1a: Chimecho\n|-damage|p1a: Chimecho|0 fnt\n|faint|p1a: Chimecho\n|\n|upkeep\n|inactive|Time left: 300 sec this turn | 300 sec total | 5 sec grace\n|\n|t:|1783555642\n|switch|p1a: Comfey|Comfey, L85, F|225/225\n|turn|19\n|inactive|Time left: 300 sec this turn | 300 sec total\n|\n|t:|1783555642\n|move|p1a: Comfey|Draining Kiss|p2a: Toxtricity\n|-damage|p2a: Toxtricity|4/100\n|move|p2a: Toxtricity|Boomburst|p1a: Comfey\n|-damage|p1a: Comfey|0 fnt\n|faint|p1a: Comfey\n|\n|upkeep\n|inactive|Time left: 300 sec this turn | 300 sec total | 5 sec grace\n|\n|t:|1783555643\n|switch|p1a: Pyroar|Pyroar, L88, F|295/295\n|-ability|p1a: Pyroar|Unnerve\n|turn|20\n|inactive|Time left: 300 sec this turn | 300 sec total\n|\n|t:|1783555644\n|move|p2a: Toxtricity|Boomburst|p1a: Pyroar\n|-damage|p1a: Pyroar|0 fnt\n|faint|p1a: Pyroar\n|\n|upkeep\n|inactive|Time left: 300 sec this turn | 300 sec total | 5 sec grace\n|\n|t:|1783555645\n|switch|p1a: Galvantula|Galvantula, L82, F|249/249\n|turn|21\n|inactive|Time left: 300 sec this turn | 300 sec total\n|\n|t:|1783555645\n|-terastallize|p1a: Galvantula|Electric\n|move|p2a: Toxtricity|Boomburst|p1a: Galvantula\n|-damage|p1a: Galvantula|0 fnt\n|faint|p1a: Galvantula\n|\n|win|p0y1344d958", "uploadtime": 1783555645, "views": 0, "rating": 0, "private": 0, "password": null, "_winner": "p0y1344d958", "_our_name": "p0x134407b7"}