{"id": "battle-gen9randombattle-441", "formatid": "gen9randombattle", "format": "[Gen 9] Random Battle", "players": ["p0x4412c8f", "p0y441a094"], "log": "|init|battle\n|title|p0x4412c8f vs. p0y441a094\n|j|\u2606p0x4412c8f\n|j|\u2606p0y441a094\n|t:|1783544868\n|gametype|singles\n|player|p1|p0x4412c8f|101|\n|player|p2|p0y441a094|102|\n|gen|9\n|tier|[Gen 9] Random Battle\n|rule|Species Clause: Limit one of each Pok\u00e9mon\n|rule|HP Percentage Mod: HP is shown in percentages\n|rule|Sleep Clause Mod: Limit one foe put to sleep\n|rule|Illusion Level Mod: Illusion disguises the Pok\u00e9mon's true level\n|\n|t:|1783544868\n|teamsize|p1|6\n|teamsize|p2|6\n|start\n|switch|p1a: Cinccino|Cinccino, L83, M|260/260\n|switch|p2a: Gastrodon|Gastrodon-East, L86, F|100/100\n|turn|1\n|inactive|Battle timer is ON: inactive players will automatically lose when time's up. (requested by p0y441a094)\n|inactive|Time left: 300 sec this turn | 300 sec total | 60 sec grace\n|inactive|p0x4412c8f also wants the timer to be on.\n|\n|t:|1783544870\n|switch|p2a: Eelektross|Eelektross, L87, M|100/100\n|move|p1a: Cinccino|Bullet Seed|p2a: Eelektross\n|-damage|p2a: Eelektross|91/100\n|-damage|p2a: Eelektross|82/100\n|-crit|p2a: Eelektross\n|-damage|p2a: Eelektross|68/100\n|-damage|p2a: Eelektross|59/100\n|-hitcount|p2a: Eelektross|4\n|\n|-heal|p2a: Eelektross|65/100|[from] item: Leftovers\n|upkeep\n|turn|2\n|inactive|Time left: 300 sec this turn | 300 sec total\n|\n|t:|1783544871\n|-terastallize|p1a: Cinccino|Normal\n|move|p1a: Cinccino|Tail Slap|p2a: Eelektross\n|-damage|p2a: Eelektross|47/100\n|-damage|p2a: Eelektross|28/100\n|-damage|p2a: Eelektross|11/100\n|-damage|p2a: Eelektross|0 fnt\n|faint|p2a: Eelektross\n|-hitcount|p2: Eelektross|4\n|\n|upkeep\n|\n|t:|1783544872\n|switch|p2a: Weavile|Weavile, L79, F|100/100\n|turn|3\n|inactive|Time left: 300 sec this turn | 300 sec total\n|\n|t:|1783544873\n|move|p2a: Weavile|Triple Axel|p1a: Cinccino\n|-damage|p1a: Cinccino|214/260\n|-crit|p1a: Cinccino\n|-damage|p1a: Cinccino|79/260\n|-damage|p1a: Cinccino|0 fnt\n|faint|p1a: Cinccino\n|-hitcount|p1: Cinccino|3\n|\n|upkeep\n|inactive|Time left: 300 sec this turn | 300 sec total | 5 sec grace\n|\n|t:|1783544874\n|switch|p1a: Crawdaunt|Crawdaunt, L84, M|243/243\n|turn|4\n|inactive|Time left: 300 sec this turn | 300 sec total\n|\n|t:|1783544875\n|switch|p2a: Gastrodon|Gastrodon-East, L86, F|100/100\n|move|p1a: Crawdaunt|Knock Off|p2a: Gastrodon\n|-damage|p2a: Gastrodon|9/100\n|-enditem|p2a: Gastrodon|Leftovers|[from] move: Knock Off|[of] p1a: Crawdaunt\n|\n|upkeep\n|turn|5\n|inactive|Time left: 300 sec this turn | 300 sec total\n|\n|t:|1783544876\n|move|p1a: Crawdaunt|Knock Off|p2a: Gastrodon\n|-damage|p2a: Gastrodon|0 fnt\n|faint|p2a: Gastrodon\n|\n|upkeep\n|\n|t:|1783544877\n|switch|p2a: Raichu|Raichu, L88, M|100/100\n|turn|6\n|inactive|Time left: 300 sec this turn | 300 sec total\n|\n|t:|1783544879\n|switch|p1a: Jirachi|Jirachi, L80|291/291\n|move|p2a: Raichu|Thunderbolt|p1a: Jirachi\n|-damage|p1a: Jirachi|225/291\n|\n|upkeep\n|turn|7\n|inactive|Time left: 300 sec this turn | 300 sec total\n|\n|t:|1783544881\n|move|p2a: Raichu|Knock Off|p1a: Jirachi\n|-supereffective|p1a: Jirachi\n|-damage|p1a: Jirachi|79/291\n|-enditem|p1a: Jirachi|Assault Vest|[from] move: Knock Off|[of] p2a: Raichu\n|move|p1a: Jirachi|Drain Punch|p2a: Raichu\n|-damage|p2a: Raichu|74/100\n|-heal|p1a: Jirachi|113/291|[from] drain|[of] p2a: Raichu\n|\n|upkeep\n|turn|8\n|inactive|Time left: 300 sec this turn | 300 sec total\n|\n|t:|1783544883\n|move|p2a: Raichu|Thunderbolt|p1a: Jirachi\n|-damage|p1a: Jirachi|19/291\n|-status|p1a: Jirachi|par\n|move|p1a: Jirachi|Drain Punch|p2a: Raichu\n|-damage|p2a: Raichu|45/100\n|-heal|p1a: Jirachi|55/291 par|[from] drain|[of] p2a: Raichu\n|\n|upkeep\n|turn|9\n|inactive|Time left: 300 sec this turn | 300 sec total\n|\n|t:|1783544885\n|switch|p1a: Cacturne|Cacturne, L92, F|278/278\n|move|p2a: Raichu|Volt Switch|p1a: Cacturne\n|-resisted|p1a: Cacturne\n|-damage|p1a: Cacturne|233/278\n|\n|t:|1783544886\n|switch|p2a: Groudon|Groudon, L72|100/100|[from] Volt Switch\n|-weather|SunnyDay|[from] ability: Drought|[of] p2a: Groudon\n|\n|-weather|SunnyDay|[upkeep]\n|upkeep\n|turn|10\n|inactive|Time left: 300 sec this turn | 300 sec total\n|\n|t:|1783544887\n|switch|p1a: Crawdaunt|Crawdaunt, L84, M|243/243\n|move|p2a: Groudon|Heat Crash|p1a: Crawdaunt\n|-resisted|p1a: Crawdaunt\n|-damage|p1a: Crawdaunt|181/243\n|\n|-weather|SunnyDay|[upkeep]\n|upkeep\n|turn|11\n|inactive|Time left: 300 sec this turn | 300 sec total\n|\n|t:|1783544888\n|move|p2a: Groudon|Precipice Blades|p1a: Crawdaunt\n|-damage|p1a: Crawdaunt|54/243\n|move|p1a: Crawdaunt|Knock Off|p2a: Groudon\n|-crit|p2a: Groudon\n|-damage|p2a: Groudon|0 fnt\n|-enditem|p2a: Groudon|Leftovers|[from] move: Knock Off|[of] p1a: Crawdaunt\n|faint|p2a: Groudon\n|\n|-weather|SunnyDay|[upkeep]\n|upkeep\n|\n|t:|1783544889\n|switch|p2a: Chi-Yu|Chi-Yu, L77|100/100\n|-ability|p2a: Chi-Yu|Beads of Ruin\n|turn|12\n|inactive|Time left: 300 sec this turn | 300 sec total\n|\n|t:|1783544890\n|switch|p1a: Jirachi|Jirachi, L80|55/291 par\n|move|p2a: Chi-Yu|Flamethrower|p1a: Jirachi\n|-supereffective|p1a: Jirachi\n|-damage|p1a: Jirachi|0 fnt\n|faint|p1a: Jirachi\n|\n|-weather|SunnyDay|[upkeep]\n|upkeep\n|inactive|Time left: 300 sec this turn | 300 sec total | 5 sec grace\n|\n|t:|1783544891\n|switch|p1a: Crawdaunt|Crawdaunt, L84, M|54/243\n|turn|13\n|inactive|Time left: 300 sec this turn | 300 sec total\n|\n|t:|1783544892\n|move|p1a: Crawdaunt|Aqua Jet|p2a: Chi-Yu\n|-supereffective|p2a: Chi-Yu\n|-damage|p2a: Chi-Yu|46/100\n|move|p2a: Chi-Yu|Flamethrower|p1a: Crawdaunt\n|-resisted|p1a: Crawdaunt\n|-damage|p1a: Crawdaunt|0 fnt\n|faint|p1a: Crawdaunt\n|\n|-weather|none\n|upkeep\n|inactive|Time left: 300 sec this turn | 300 sec total | 5 sec grace\n|\n|t:|1783544893\n|switch|p1a: Noivern|Noivern, L82, M|274/274\n|turn|14\n|inactive|Time left: 300 sec this turn | 300 sec total\n|\n|t:|1783544894\n|move|p2a: Chi-Yu|Flamethrower|p1a: Noivern\n|-resisted|p1a: Noivern\n|-damage|p1a: Noivern|194/274\n|move|p1a: Noivern|Draco Meteor|p2a: Chi-Yu\n|-damage|p2a: Chi-Yu|0 fnt\n|-unboost|p1a: Noivern|spa|2\n|faint|p2a: Chi-Yu\n|\n|upkeep\n|\n|t:|1783544895\n|switch|p2a: Weavile|Weavile, L79, F|100/100\n|turn|15\n|inactive|Time left: 300 sec this turn | 300 sec total\n|\n|t:|1783544896\n|switch|p1a: Forretress|Forretress, L84, F|263/263\n|move|p2a: Weavile|Triple Axel|p1a: Forretress\n|-resisted|p1a: Forretress\n|-damage|p1a: Forretress|251/263\n|-resisted|p1a: Forretress\n|-damage|p1a: Forretress|228/263\n|-hitcount|p1a: Forretress|2\n|\n|-heal|p1a: Forretress|244/263|[from] item: Leftovers\n|upkeep\n|turn|16\n|inactive|Time left: 300 sec this turn | 300 sec total\n|\n|t:|1783544897\n|switch|p2a: Raichu|Raichu, L88, M|45/100\n|move|p1a: Forretress|Iron Head|p2a: Raichu\n|-resisted|p2a: Raichu\n|-damage|p2a: Raichu|23/100\n|\n|-heal|p1a: Forretress|260/263|[from] item: Leftovers\n|upkeep\n|turn|17\n|inactive|Time left: 300 sec this turn | 300 sec total\n|\n|t:|1783544899\n|switch|p1a: Cacturne|Cacturne, L92, F|233/278\n|move|p2a: Raichu|Thunderbolt|p1a: Cacturne\n|-resisted|p1a: Cacturne\n|-damage|p1a: Cacturne|176/278\n|\n|upkeep\n|turn|18\n|inactive|Time left: 300 sec this turn | 300 sec total\n|\n|t:|1783544900\n|move|p2a: Raichu|Thunderbolt|p1a: Cacturne\n|-resisted|p1a: Cacturne\n|-damage|p1a: Cacturne|119/278\n|-status|p1a: Cacturne|par\n|move|p1a: Cacturne|Leaf Storm|p2a: Raichu\n|-damage|p2a: Raichu|0 fnt\n|-unboost|p1a: Cacturne|spa|2\n|faint|p2a: Raichu\n|-damage|p1a: Cacturne|92/278 par|[from] item: Life Orb\n|\n|upkeep\n|\n|t:|1783544901\n|switch|p2a: Weavile|Weavile, L79, F|100/100\n|turn|19\n|inactive|Time left: 300 sec this turn | 300 sec total\n|\n|t:|1783544902\n|switch|p1a: Forretress|Forretress, L84, F|260/263\n|-terastallize|p2a: Weavile|Dark\n|move|p2a: Weavile|Knock Off|p1a: Forretress\n|-crit|p1a: Forretress\n|-damage|p1a: Forretress|24/263\n|-enditem|p1a: Forretress|Leftovers|[from] move: Knock Off|[of] p2a: Weavile\n|\n|upkeep\n|turn|20\n|inactive|Time left: 300 sec this turn | 300 sec total\n|\n|t:|1783544903\n|move|p2a: Weavile|Knock Off|p1a: Forretress\n|-damage|p1a: Forretress|0 fnt\n|faint|p1a: Forretress\n|\n|upkeep\n|inactive|Time left: 300 sec this turn | 300 sec total | 5 sec grace\n|\n|t:|1783544905\n|switch|p1a: Noivern|Noivern, L82, M|194/274\n|turn|21\n|inactive|Time left: 300 sec this turn | 300 sec total\n|\n|t:|1783544906\n|move|p1a: Noivern|Hurricane|p2a: Weavile\n|-damage|p2a: Weavile|51/100\n|move|p2a: Weavile|Knock Off|p1a: Noivern\n|-damage|p1a: Noivern|0 fnt\n|-enditem|p1a: Noivern|Heavy-Duty Boots|[from] move: Knock Off|[of] p2a: Weavile\n|faint|p1a: Noivern\n|\n|upkeep\n|inactive|Time left: 300 sec this turn | 300 sec total | 5 sec grace\n|\n|t:|1783544907\n|switch|p1a: Cacturne|Cacturne, L92, F|92/278 par\n|turn|22\n|inactive|Time left: 300 sec this turn | 300 sec total\n|\n|t:|1783544908\n|move|p1a: Cacturne|Sucker Punch|p2a: Weavile\n|-resisted|p2a: Weavile\n|-damage|p2a: Weavile|13/100\n|-damage|p1a: Cacturne|65/278 par|[from] item: Life Orb\n|move|p2a: Weavile|Knock Off|p1a: Cacturne\n|-resisted|p1a: Cacturne\n|-damage|p1a: Cacturne|0 fnt\n|-enditem|p1a: Cacturne|Life Orb|[from] move: Knock Off|[of] p2a: Weavile\n|faint|p1a: Cacturne\n|\n|win|p0y441a094", "uploadtime": 1783544908, "views": 0, "rating": 0, "private": 0, "password": null, "_winner": "p0y441a094", "_our_name": "p0x4412c8f"}