{"id": "battle-gen9randombattle-2913", "formatid": "gen9randombattle", "format": "[Gen 9] Random Battle", "players": ["p0x2913fddc", "p0y2913e9f5"], "log": "|init|battle\n|title|p0x2913fddc vs. p0y2913e9f5\n|j|\u2606p0x2913fddc\n|j|\u2606p0y2913e9f5\n|t:|1783573542\n|gametype|singles\n|player|p1|p0x2913fddc|2|\n|player|p2|p0y2913e9f5|101|\n|gen|9\n|tier|[Gen 9] Random Battle\n|rule|Species Clause: Limit one of each Pok\u00e9mon\n|rule|HP Percentage Mod: HP is shown in percentages\n|rule|Sleep Clause Mod: Limit one foe put to sleep\n|rule|Illusion Level Mod: Illusion disguises the Pok\u00e9mon's true level\n|\n|t:|1783573542\n|teamsize|p1|6\n|teamsize|p2|6\n|start\n|switch|p1a: Probopass|Probopass, L91, M|257/257\n|switch|p2a: Volcarona|Volcarona, L77, F|100/100\n|turn|1\n|inactive|Battle timer is ON: inactive players will automatically lose when time's up. (requested by p0y2913e9f5)\n|inactive|Time left: 300 sec this turn | 300 sec total | 60 sec grace\n|inactive|p0x2913fddc also wants the timer to be on.\n|\n|t:|1783573544\n|move|p2a: Volcarona|Quiver Dance|p2a: Volcarona\n|-boost|p2a: Volcarona|spa|1\n|-boost|p2a: Volcarona|spd|1\n|-boost|p2a: Volcarona|spe|1\n|move|p1a: Probopass|Power Gem|p2a: Volcarona\n|-supereffective|p2a: Volcarona\n|-damage|p2a: Volcarona|15/100\n|\n|upkeep\n|turn|2\n|inactive|Time left: 300 sec this turn | 300 sec total\n|\n|t:|1783573545\n|move|p2a: Volcarona|Morning Sun|p2a: Volcarona\n|-heal|p2a: Volcarona|65/100\n|move|p1a: Probopass|Power Gem|p2a: Volcarona\n|-supereffective|p2a: Volcarona\n|-damage|p2a: Volcarona|0 fnt\n|faint|p2a: Volcarona\n|\n|upkeep\n|\n|t:|1783573546\n|switch|p2a: Annihilape|Annihilape, L76, M|100/100\n|turn|3\n|inactive|Time left: 300 sec this turn | 300 sec total\n|\n|t:|1783573547\n|switch|p1a: Greedent|Greedent, L86, F|347/347\n|move|p2a: Annihilape|Bulk Up|p2a: Annihilape\n|-boost|p2a: Annihilape|atk|1\n|-boost|p2a: Annihilape|def|1\n|\n|upkeep\n|turn|4\n|inactive|Time left: 300 sec this turn | 300 sec total\n|\n|t:|1783573548\n|move|p2a: Annihilape|Bulk Up|p2a: Annihilape\n|-boost|p2a: Annihilape|atk|1\n|-boost|p2a: Annihilape|def|1\n|move|p1a: Greedent|Swords Dance|p1a: Greedent\n|-boost|p1a: Greedent|atk|2\n|\n|upkeep\n|turn|5\n|inactive|Time left: 300 sec this turn | 300 sec total\n|\n|t:|1783573549\n|-terastallize|p1a: Greedent|Ground\n|move|p2a: Annihilape|Drain Punch|p1a: Greedent\n|-damage|p1a: Greedent|200/347\n|move|p1a: Greedent|Swords Dance|p1a: Greedent\n|-boost|p1a: Greedent|atk|2\n|\n|upkeep\n|turn|6\n|inactive|Time left: 300 sec this turn | 300 sec total\n|\n|t:|1783573550\n|move|p2a: Annihilape|Bulk Up|p2a: Annihilape\n|-boost|p2a: Annihilape|atk|1\n|-boost|p2a: Annihilape|def|1\n|move|p1a: Greedent|Earthquake|p2a: Annihilape\n|-damage|p2a: Annihilape|46/100\n|\n|-heal|p2a: Annihilape|52/100|[from] item: Leftovers\n|upkeep\n|turn|7\n|inactive|Time left: 300 sec this turn | 300 sec total\n|\n|t:|1783573551\n|move|p2a: Annihilape|Drain Punch|p1a: Greedent\n|-damage|p1a: Greedent|26/347\n|-heal|p2a: Annihilape|82/100|[from] drain|[of] p1a: Greedent\n|-enditem|p1a: Greedent|Sitrus Berry|[eat]\n|-heal|p1a: Greedent|112/347|[from] item: Sitrus Berry\n|-heal|p1a: Greedent|227/347|[from] ability: Cheek Pouch\n|move|p1a: Greedent|Earthquake|p2a: Annihilape\n|-damage|p2a: Annihilape|32/100\n|\n|-heal|p2a: Annihilape|38/100|[from] item: Leftovers\n|upkeep\n|turn|8\n|inactive|Time left: 300 sec this turn | 300 sec total\n|\n|t:|1783573552\n|move|p2a: Annihilape|Drain Punch|p1a: Greedent\n|-damage|p1a: Greedent|59/347\n|-heal|p2a: Annihilape|67/100|[from] drain|[of] p1a: Greedent\n|move|p1a: Greedent|Earthquake|p2a: Annihilape\n|-damage|p2a: Annihilape|11/100\n|\n|-heal|p2a: Annihilape|17/100|[from] item: Leftovers\n|upkeep\n|turn|9\n|inactive|Time left: 300 sec this turn | 300 sec total\n|\n|t:|1783573553\n|move|p2a: Annihilape|Drain Punch|p1a: Greedent\n|-damage|p1a: Greedent|0 fnt\n|-heal|p2a: Annihilape|28/100|[from] drain|[of] p1a: Greedent\n|faint|p1a: Greedent\n|\n|-heal|p2a: Annihilape|34/100|[from] item: Leftovers\n|upkeep\n|inactive|Time left: 300 sec this turn | 300 sec total | 5 sec grace\n|\n|t:|1783573554\n|switch|p1a: Raikou|Raikou, L81|278/278\n|-ability|p1a: Raikou|Pressure\n|turn|10\n|inactive|Time left: 300 sec this turn | 300 sec total\n|\n|t:|1783573555\n|switch|p2a: Eternatus|Eternatus, L69|100/100\n|-ability|p2a: Eternatus|Pressure\n|move|p1a: Raikou|Thunderbolt|p2a: Eternatus\n|-resisted|p2a: Eternatus\n|-damage|p2a: Eternatus|83/100\n|\n|upkeep\n|turn|11\n|inactive|Time left: 300 sec this turn | 300 sec total\n|\n|t:|1783573556\n|move|p1a: Raikou|Calm Mind|p1a: Raikou\n|-boost|p1a: Raikou|spa|1\n|-boost|p1a: Raikou|spd|1\n|move|p2a: Eternatus|Toxic|p1a: Raikou\n|-status|p1a: Raikou|tox\n|\n|-damage|p1a: Raikou|261/278 tox|[from] psn\n|upkeep\n|turn|12\n|inactive|Time left: 300 sec this turn | 300 sec total\n|\n|t:|1783573557\n|move|p1a: Raikou|Thunderbolt|p2a: Eternatus\n|-resisted|p2a: Eternatus\n|-damage|p2a: Eternatus|53/100\n|move|p2a: Eternatus|Recover|p2a: Eternatus\n|-heal|p2a: Eternatus|100/100\n|\n|-heal|p1a: Raikou|278/278 tox|[from] item: Leftovers\n|-damage|p1a: Raikou|244/278 tox|[from] psn\n|upkeep\n|turn|13\n|inactive|Time left: 300 sec this turn | 300 sec total\n|\n|t:|1783573558\n|move|p1a: Raikou|Thunderbolt|p2a: Eternatus\n|-resisted|p2a: Eternatus\n|-damage|p2a: Eternatus|70/100\n|move|p2a: Eternatus|Dynamax Cannon|p1a: Raikou\n|-damage|p1a: Raikou|175/278 tox\n|\n|-heal|p1a: Raikou|192/278 tox|[from] item: Leftovers\n|-damage|p1a: Raikou|141/278 tox|[from] psn\n|upkeep\n|turn|14\n|inactive|Time left: 300 sec this turn | 300 sec total\n|\n|t:|1783573559\n|move|p1a: Raikou|Thunderbolt|p2a: Eternatus\n|-resisted|p2a: Eternatus\n|-damage|p2a: Eternatus|42/100\n|move|p2a: Eternatus|Recover|p2a: Eternatus\n|-heal|p2a: Eternatus|92/100\n|\n|-heal|p1a: Raikou|158/278 tox|[from] item: Leftovers\n|-damage|p1a: Raikou|90/278 tox|[from] psn\n|upkeep\n|turn|15\n|inactive|Time left: 300 sec this turn | 300 sec total\n|\n|t:|1783573560\n|move|p1a: Raikou|Thunderbolt|p2a: Eternatus\n|-resisted|p2a: Eternatus\n|-damage|p2a: Eternatus|63/100\n|move|p2a: Eternatus|Dynamax Cannon|p1a: Raikou\n|-damage|p1a: Raikou|30/278 tox\n|\n|-heal|p1a: Raikou|47/278 tox|[from] item: Leftovers\n|-damage|p1a: Raikou|0 fnt|[from] psn\n|faint|p1a: Raikou\n|upkeep\n|inactive|Time left: 300 sec this turn | 300 sec total | 5 sec grace\n|\n|t:|1783573561\n|switch|p1a: Probopass|Probopass, L91, M|257/257\n|turn|16\n|inactive|Time left: 300 sec this turn | 300 sec total\n|\n|t:|1783573562\n|switch|p2a: Annihilape|Annihilape, L76, M|34/100\n|move|p1a: Probopass|Iron Defense|p1a: Probopass\n|-boost|p1a: Probopass|def|2\n|\n|-heal|p2a: Annihilape|40/100|[from] item: Leftovers\n|upkeep\n|turn|17\n|inactive|Time left: 300 sec this turn | 300 sec total\n|\n|t:|1783573563\n|move|p2a: Annihilape|Drain Punch|p1a: Probopass\n|-supereffective|p1a: Probopass\n|-damage|p1a: Probopass|157/257\n|-heal|p2a: Annihilape|57/100|[from] drain|[of] p1a: Probopass\n|move|p1a: Probopass|Flash Cannon|p2a: Annihilape\n|-damage|p2a: Annihilape|29/100\n|\n|-heal|p2a: Annihilape|35/100|[from] item: Leftovers\n|-heal|p1a: Probopass|173/257|[from] item: Leftovers\n|upkeep\n|turn|18\n|inactive|Time left: 300 sec this turn | 300 sec total\n|\n|t:|1783573564\n|move|p2a: Annihilape|Drain Punch|p1a: Probopass\n|-supereffective|p1a: Probopass\n|-damage|p1a: Probopass|77/257\n|-heal|p2a: Annihilape|52/100|[from] drain|[of] p1a: Probopass\n|move|p1a: Probopass|Iron Defense|p1a: Probopass\n|-boost|p1a: Probopass|def|2\n|\n|-heal|p2a: Annihilape|58/100|[from] item: Leftovers\n|-heal|p1a: Probopass|93/257|[from] item: Leftovers\n|upkeep\n|turn|19\n|inactive|Time left: 300 sec this turn | 300 sec total\n|\n|t:|1783573565\n|move|p2a: Annihilape|Drain Punch|p1a: Probopass\n|-supereffective|p1a: Probopass\n|-damage|p1a: Probopass|21/257\n|-heal|p2a: Annihilape|70/100|[from] drain|[of] p1a: Probopass\n|move|p1a: Probopass|Flash Cannon|p2a: Annihilape\n|-damage|p2a: Annihilape|39/100\n|\n|-heal|p2a: Annihilape|45/100|[from] item: Leftovers\n|-heal|p1a: Probopass|37/257|[from] item: Leftovers\n|upkeep\n|turn|20\n|inactive|Time left: 300 sec this turn | 300 sec total\n|\n|t:|1783573566\n|move|p2a: Annihilape|Drain Punch|p1a: Probopass\n|-supereffective|p1a: Probopass\n|-damage|p1a: Probopass|0 fnt\n|-heal|p2a: Annihilape|52/100|[from] drain|[of] p1a: Probopass\n|faint|p1a: Probopass\n|\n|-heal|p2a: Annihilape|58/100|[from] item: Leftovers\n|upkeep\n|inactive|Time left: 300 sec this turn | 300 sec total | 5 sec grace\n|\n|t:|1783573567\n|switch|p1a: Tatsugiri|Tatsugiri, L87, M|260/260\n|turn|21\n|inactive|Time left: 300 sec this turn | 300 sec total\n|\n|t:|1783573568\n|move|p1a: Tatsugiri|Nasty Plot|p1a: Tatsugiri\n|-boost|p1a: Tatsugiri|spa|2\n|move|p2a: Annihilape|Drain Punch|p1a: Tatsugiri\n|-damage|p1a: Tatsugiri|169/260\n|-heal|p2a: Annihilape|73/100|[from] drain|[of] p1a: Tatsugiri\n|\n|-heal|p2a: Annihilape|80/100|[from] item: Leftovers\n|upkeep\n|turn|22\n|inactive|Time left: 300 sec this turn | 300 sec total\n|\n|t:|1783573569\n|switch|p2a: Eternatus|Eternatus, L69|63/100\n|-ability|p2a: Eternatus|Pressure\n|move|p1a: Tatsugiri|Draco Meteor|p2a: Eternatus\n|-supereffective|p2a: Eternatus\n|-damage|p2a: Eternatus|0 fnt\n|-unboost|p1a: Tatsugiri|spa|2\n|faint|p2a: Eternatus\n|\n|upkeep\n|\n|t:|1783573570\n|switch|p2a: Iron Boulder|Iron Boulder, L77|100/100\n|-enditem|p2a: Iron Boulder|Booster Energy\n|-activate|p2a: Iron Boulder|ability: Quark Drive|[fromitem]\n|-start|p2a: Iron Boulder|quarkdrivespe\n|turn|23\n|inactive|Time left: 300 sec this turn | 300 sec total\n|\n|t:|1783573571\n|-terastallize|p2a: Iron Boulder|Fighting\n|move|p2a: Iron Boulder|Swords Dance|p2a: Iron Boulder\n|-boost|p2a: Iron Boulder|atk|2\n|move|p1a: Tatsugiri|Surf|p2a: Iron Boulder\n|-crit|p2a: Iron Boulder\n|-damage|p2a: Iron Boulder|33/100\n|\n|upkeep\n|turn|24\n|inactive|Time left: 300 sec this turn | 300 sec total\n|\n|t:|1783573572\n|move|p2a: Iron Boulder|Mighty Cleave|p1a: Tatsugiri\n|-damage|p1a: Tatsugiri|0 fnt\n|faint|p1a: Tatsugiri\n|\n|upkeep\n|inactive|Time left: 300 sec this turn | 300 sec total | 5 sec grace\n|\n|t:|1783573573\n|switch|p1a: Ambipom|Ambipom, L84, M|263/263\n|turn|25\n|inactive|Time left: 300 sec this turn | 300 sec total\n|\n|t:|1783573574\n|-end|p2a: Iron Boulder|Quark Drive|[silent]\n|switch|p2a: Annihilape|Annihilape, L76, M|80/100\n|move|p1a: Ambipom|Fake Out|p2a: Annihilape\n|-immune|p2a: Annihilape\n|\n|-heal|p2a: Annihilape|86/100|[from] item: Leftovers\n|upkeep\n|turn|26\n|inactive|Time left: 300 sec this turn | 300 sec total\n|\n|t:|1783573575\n|move|p1a: Ambipom|U-turn|p2a: Annihilape\n|-resisted|p2a: Annihilape\n|-damage|p2a: Annihilape|81/100\n|inactive|Time left: 300 sec this turn | 300 sec total | 5 sec grace\n|\n|t:|1783573576\n|switch|p1a: Plusle|Plusle, L95, F|268/268|[from] U-turn\n|move|p2a: Annihilape|Drain Punch|p1a: Plusle\n|-damage|p1a: Plusle|151/268\n|-heal|p2a: Annihilape|100/100|[from] drain|[of] p1a: Plusle\n|\n|upkeep\n|turn|27\n|inactive|Time left: 300 sec this turn | 300 sec total\n|\n|t:|1783573577\n|move|p1a: Plusle|Nasty Plot|p1a: Plusle\n|-boost|p1a: Plusle|spa|2\n|move|p2a: Annihilape|Gunk Shot|p1a: Plusle\n|-damage|p1a: Plusle|39/268\n|\n|upkeep\n|turn|28\n|inactive|Time left: 300 sec this turn | 300 sec total\n|\n|t:|1783573578\n|switch|p2a: Iron Boulder|Iron Boulder, L77, tera:Fighting|33/100\n|move|p1a: Plusle|Thunderbolt|p2a: Iron Boulder\n|-damage|p2a: Iron Boulder|0 fnt\n|faint|p2a: Iron Boulder\n|-end|p2a: Iron Boulder|Quark Drive|[silent]\n|-damage|p1a: Plusle|13/268|[from] item: Life Orb\n|\n|upkeep\n|\n|t:|1783573579\n|switch|p2a: Salazzle|Salazzle, L83, F|100/100\n|turn|29\n|inactive|Time left: 300 sec this turn | 300 sec total\n|\n|t:|1783573579\n|move|p2a: Salazzle|Flamethrower|p1a: Plusle\n|-damage|p1a: Plusle|0 fnt\n|faint|p1a: Plusle\n|\n|upkeep\n|inactive|Time left: 300 sec this turn | 300 sec total | 5 sec grace\n|\n|t:|1783573580\n|switch|p1a: Ambipom|Ambipom, L84, M|263/263\n|turn|30\n|inactive|Time left: 300 sec this turn | 300 sec total\n|\n|t:|1783573581\n|switch|p2a: Annihilape|Annihilape, L76, M|100/100\n|move|p1a: Ambipom|Knock Off|p2a: Annihilape\n|-crit|p2a: Annihilape\n|-damage|p2a: Annihilape|54/100\n|-enditem|p2a: Annihilape|Leftovers|[from] move: Knock Off|[of] p1a: Ambipom\n|\n|upkeep\n|turn|31\n|inactive|Time left: 300 sec this turn | 300 sec total\n|\n|t:|1783573582\n|move|p1a: Ambipom|Knock Off|p2a: Annihilape\n|-damage|p2a: Annihilape|36/100\n|move|p2a: Annihilape|Drain Punch|p1a: Ambipom\n|-supereffective|p1a: Ambipom\n|-damage|p1a: Ambipom|75/263\n|-heal|p2a: Annihilape|69/100|[from] drain|[of] p1a: Ambipom\n|\n|upkeep\n|turn|32\n|inactive|Time left: 300 sec this turn | 300 sec total\n|\n|t:|1783573583\n|move|p1a: Ambipom|U-turn|p2a: Annihilape\n|-resisted|p2a: Annihilape\n|-damage|p2a: Annihilape|64/100\n|move|p2a: Annihilape|Drain Punch|p1a: Ambipom\n|-supereffective|p1a: Ambipom\n|-damage|p1a: Ambipom|0 fnt\n|-heal|p2a: Annihilape|77/100|[from] drain|[of] p1a: Ambipom\n|faint|p1a: Ambipom\n|\n|win|p0y2913e9f5", "uploadtime": 1783573583, "views": 0, "rating": 0, "private": 0, "password": null, "_winner": "p0y2913e9f5", "_our_name": "p0x2913fddc"}