{"id": "battle-gen9randombattle-2514", "formatid": "gen9randombattle", "format": "[Gen 9] Random Battle", "players": ["p0x25141245", "p0y2514d27a"], "log": "|init|battle\n|title|p0x25141245 vs. p0y2514d27a\n|j|\u2606p0x25141245\n|j|\u2606p0y2514d27a\n|t:|1783568155\n|gametype|singles\n|player|p1|p0x25141245|170|\n|player|p2|p0y2514d27a|2|\n|gen|9\n|tier|[Gen 9] Random Battle\n|rule|Species Clause: Limit one of each Pok\u00e9mon\n|rule|HP Percentage Mod: HP is shown in percentages\n|rule|Sleep Clause Mod: Limit one foe put to sleep\n|rule|Illusion Level Mod: Illusion disguises the Pok\u00e9mon's true level\n|\n|t:|1783568155\n|teamsize|p1|6\n|teamsize|p2|6\n|start\n|switch|p1a: Kommo-o|Kommo-o, L77, M|100/100\n|switch|p2a: Ditto|Ditto, L87|225/225\n|-transform|p2a: Ditto|p1a: Kommo-o|[from] ability: Imposter\n|turn|1\n|inactive|Battle timer is ON: inactive players will automatically lose when time's up. (requested by p0x25141245)\n|inactive|Time left: 300 sec this turn | 300 sec total | 60 sec grace\n|inactive|p0y2514d27a also wants the timer to be on.\n|\n|t:|1783568157\n|switch|p2a: Mewtwo|Mewtwo, L72|272/272\n|-ability|p2a: Mewtwo|Unnerve\n|move|p1a: Kommo-o|Clangorous Soul|p1a: Kommo-o\n|-boost|p1a: Kommo-o|atk|1\n|-boost|p1a: Kommo-o|def|1\n|-boost|p1a: Kommo-o|spa|1\n|-boost|p1a: Kommo-o|spd|1\n|-boost|p1a: Kommo-o|spe|1\n|-damage|p1a: Kommo-o|68/100\n|-enditem|p1a: Kommo-o|Throat Spray\n|-boost|p1a: Kommo-o|spa|1|[from] item: Throat Spray\n|\n|upkeep\n|turn|2\n|inactive|Time left: 300 sec this turn | 300 sec total\n|\n|t:|1783568158\n|move|p1a: Kommo-o|Drain Punch|p2a: Mewtwo\n|-resisted|p2a: Mewtwo\n|-damage|p2a: Mewtwo|213/272\n|-heal|p1a: Kommo-o|80/100|[from] drain|[of] p2a: Mewtwo\n|move|p2a: Mewtwo|Psystrike|p1a: Kommo-o\n|-supereffective|p1a: Kommo-o\n|-damage|p1a: Kommo-o|12/100\n|-damage|p2a: Mewtwo|186/272|[from] item: Life Orb\n|\n|upkeep\n|turn|3\n|inactive|Time left: 300 sec this turn | 300 sec total\n|\n|t:|1783568160\n|move|p1a: Kommo-o|Clanging Scales|p2a: Mewtwo\n|-damage|p2a: Mewtwo|0 fnt\n|faint|p2a: Mewtwo\n|-unboost|p1a: Kommo-o|def|1\n|\n|upkeep\n|inactive|Time left: 300 sec this turn | 300 sec total | 5 sec grace\n|\n|t:|1783568161\n|switch|p2a: Ho-Oh|Ho-Oh, L71|268/268\n|turn|4\n|inactive|Time left: 300 sec this turn | 300 sec total\n|\n|t:|1783568162\n|move|p1a: Kommo-o|Drain Punch|p2a: Ho-Oh\n|-resisted|p2a: Ho-Oh\n|-damage|p2a: Ho-Oh|207/268\n|-heal|p1a: Kommo-o|24/100|[from] drain|[of] p2a: Ho-Oh\n|move|p2a: Ho-Oh|Brave Bird|p1a: Kommo-o\n|-supereffective|p1a: Kommo-o\n|-damage|p1a: Kommo-o|0 fnt\n|faint|p1a: Kommo-o\n|-damage|p2a: Ho-Oh|188/268|[from] Recoil\n|\n|upkeep\n|\n|t:|1783568163\n|switch|p1a: Persian|Persian, L92, M|100/100\n|turn|5\n|inactive|Time left: 300 sec this turn | 300 sec total\n|\n|t:|1783568163\n|switch|p2a: Oinkologne|Oinkologne, L92, M|352/352\n|move|p1a: Persian|Double-Edge|p2a: Oinkologne\n|-damage|p2a: Oinkologne|175/352\n|-damage|p1a: Persian|79/100|[from] Recoil\n|\n|-heal|p2a: Oinkologne|197/352|[from] item: Leftovers\n|upkeep\n|turn|6\n|inactive|Time left: 300 sec this turn | 300 sec total\n|\n|t:|1783568164\n|-terastallize|p1a: Persian|Normal\n|move|p1a: Persian|Double-Edge|p2a: Oinkologne\n|-damage|p2a: Oinkologne|0 fnt\n|faint|p2a: Oinkologne\n|-damage|p1a: Persian|55/100|[from] Recoil\n|\n|upkeep\n|inactive|Time left: 300 sec this turn | 300 sec total | 5 sec grace\n|\n|t:|1783568165\n|switch|p2a: Ho-Oh|Ho-Oh, L71|268/268\n|turn|7\n|inactive|Time left: 300 sec this turn | 300 sec total\n|\n|t:|1783568166\n|-terastallize|p2a: Ho-Oh|Steel\n|move|p1a: Persian|Double-Edge|p2a: Ho-Oh\n|-resisted|p2a: Ho-Oh\n|-damage|p2a: Ho-Oh|129/268\n|-damage|p1a: Persian|38/100|[from] Recoil\n|move|p2a: Ho-Oh|Sacred Fire|p1a: Persian\n|-damage|p1a: Persian|0 fnt\n|faint|p1a: Persian\n|\n|upkeep\n|\n|t:|1783568167\n|switch|p1a: Zacian|Zacian, L69|100/100\n|-ability|p1a: Zacian|Intrepid Sword|boost\n|-boost|p1a: Zacian|atk|1\n|turn|8\n|inactive|Time left: 300 sec this turn | 300 sec total\n|\n|t:|1783568168\n|switch|p2a: Lanturn|Lanturn, L89, F|367/367\n|move|p1a: Zacian|Close Combat|p2a: Lanturn\n|-damage|p2a: Lanturn|190/367\n|-unboost|p1a: Zacian|def|1\n|-unboost|p1a: Zacian|spd|1\n|-damage|p1a: Zacian|91/100|[from] item: Life Orb\n|\n|-heal|p2a: Lanturn|212/367|[from] item: Leftovers\n|upkeep\n|turn|9\n|inactive|Time left: 300 sec this turn | 300 sec total\n|\n|t:|1783568169\n|move|p1a: Zacian|Swords Dance|p1a: Zacian\n|-boost|p1a: Zacian|atk|2\n|move|p2a: Lanturn|Scald|p1a: Zacian\n|-damage|p1a: Zacian|40/100\n|\n|-heal|p2a: Lanturn|234/367|[from] item: Leftovers\n|upkeep\n|turn|10\n|inactive|Time left: 300 sec this turn | 300 sec total\n|\n|t:|1783568170\n|move|p1a: Zacian|Close Combat|p2a: Lanturn\n|-damage|p2a: Lanturn|0 fnt\n|-unboost|p1a: Zacian|def|1\n|-unboost|p1a: Zacian|spd|1\n|faint|p2a: Lanturn\n|-damage|p1a: Zacian|30/100|[from] item: Life Orb\n|\n|upkeep\n|inactive|Time left: 300 sec this turn | 300 sec total | 5 sec grace\n|\n|t:|1783568171\n|switch|p2a: Ogerpon|Ogerpon-Wellspring, L76, F|247/247\n|turn|11\n|inactive|Time left: 300 sec this turn | 300 sec total\n|\n|t:|1783568172\n|move|p1a: Zacian|Play Rough|p2a: Ogerpon\n|-damage|p2a: Ogerpon|0 fnt\n|faint|p2a: Ogerpon\n|-damage|p1a: Zacian|20/100|[from] item: Life Orb\n|\n|upkeep\n|inactive|Time left: 300 sec this turn | 300 sec total | 5 sec grace\n|\n|t:|1783568173\n|switch|p2a: Ho-Oh|Ho-Oh, L71, tera:Steel|218/268\n|turn|12\n|inactive|Time left: 300 sec this turn | 300 sec total\n|\n|t:|1783568174\n|switch|p2a: Ditto|Ditto, L87|225/225\n|-transform|p2a: Ditto|p1a: Zacian|[from] ability: Imposter\n|-ability|p2a: Ditto|Intrepid Sword|boost\n|-boost|p2a: Ditto|atk|1\n|move|p1a: Zacian|Close Combat|p2a: Ditto\n|-resisted|p2a: Ditto\n|-damage|p2a: Ditto|17/225\n|-unboost|p1a: Zacian|def|1\n|-unboost|p1a: Zacian|spd|1\n|-damage|p1a: Zacian|10/100|[from] item: Life Orb\n|\n|upkeep\n|turn|13\n|inactive|Time left: 300 sec this turn | 300 sec total\n|\n|t:|1783568174\n|move|p2a: Ditto|Close Combat|p1a: Zacian\n|-resisted|p1a: Zacian\n|-damage|p1a: Zacian|0 fnt\n|-unboost|p2a: Ditto|def|1\n|-unboost|p2a: Ditto|spd|1\n|faint|p1a: Zacian\n|\n|upkeep\n|\n|t:|1783568175\n|switch|p1a: Froslass|Froslass, L87, F|100/100\n|turn|14\n|inactive|Time left: 300 sec this turn | 300 sec total\n|\n|t:|1783568176\n|switch|p2a: Ho-Oh|Ho-Oh, L71, tera:Steel|268/268\n|move|p1a: Froslass|Poltergeist|p2a: Ho-Oh\n|-activate|p2a: Ho-Oh|move: Poltergeist|Heavy-Duty Boots\n|-damage|p2a: Ho-Oh|138/268\n|\n|upkeep\n|turn|15\n|inactive|Time left: 300 sec this turn | 300 sec total\n|\n|t:|1783568177\n|move|p1a: Froslass|Poltergeist|p2a: Ho-Oh\n|-activate|p2a: Ho-Oh|move: Poltergeist|Heavy-Duty Boots\n|-damage|p2a: Ho-Oh|15/268\n|move|p2a: Ho-Oh|Sacred Fire|p1a: Froslass\n|-supereffective|p1a: Froslass\n|-damage|p1a: Froslass|13/100\n|\n|upkeep\n|turn|16\n|inactive|Time left: 300 sec this turn | 300 sec total\n|\n|t:|1783568178\n|switch|p2a: Ditto|Ditto, L87|17/225\n|-transform|p2a: Ditto|p1a: Froslass|[from] ability: Imposter\n|move|p1a: Froslass|Triple Axel|p2a: Ditto\n|-resisted|p2a: Ditto\n|-damage|p2a: Ditto|7/225\n|-resisted|p2a: Ditto\n|-damage|p2a: Ditto|0 fnt\n|faint|p2a: Ditto\n|-hitcount|p2: Ditto|2\n|\n|upkeep\n|inactive|Time left: 300 sec this turn | 300 sec total | 5 sec grace\n|\n|t:|1783568179\n|switch|p2a: Ho-Oh|Ho-Oh, L71, tera:Steel|104/268\n|turn|17\n|inactive|Time left: 300 sec this turn | 300 sec total\n|\n|t:|1783568179\n|move|p1a: Froslass|Poltergeist|p2a: Ho-Oh\n|-activate|p2a: Ho-Oh|move: Poltergeist|Heavy-Duty Boots\n|-damage|p2a: Ho-Oh|0 fnt\n|faint|p2a: Ho-Oh\n|\n|win|p0x25141245", "uploadtime": 1783568179, "views": 0, "rating": 0, "private": 0, "password": null, "_winner": "p0x25141245", "_our_name": "p0y2514d27a"}