{"id": "battle-gen9randombattle-1380", "formatid": "gen9randombattle", "format": "[Gen 9] Random Battle", "players": ["p0x138032ed", "p0y1380ddb2"], "log": "|init|battle\n|title|p0x138032ed vs. p0y1380ddb2\n|j|\u2606p0x138032ed\n|j|\u2606p0y1380ddb2\n|t:|1783556039\n|gametype|singles\n|player|p1|p0x138032ed|265|\n|player|p2|p0y1380ddb2|169|\n|gen|9\n|tier|[Gen 9] Random Battle\n|rule|Species Clause: Limit one of each Pok\u00e9mon\n|rule|HP Percentage Mod: HP is shown in percentages\n|rule|Sleep Clause Mod: Limit one foe put to sleep\n|rule|Illusion Level Mod: Illusion disguises the Pok\u00e9mon's true level\n|\n|t:|1783556039\n|teamsize|p1|6\n|teamsize|p2|6\n|start\n|switch|p1a: Inteleon|Inteleon, L81, M|246/246\n|switch|p2a: Gastrodon|Gastrodon, L86, M|100/100\n|turn|1\n|inactive|Battle timer is ON: inactive players will automatically lose when time's up. (requested by p0x138032ed)\n|inactive|p0y1380ddb2 also wants the timer to be on.\n|\n|t:|1783556040\n|move|p1a: Inteleon|Ice Beam|p2a: Gastrodon\n|-damage|p2a: Gastrodon|65/100\n|move|p2a: Gastrodon|Earthquake|p1a: Inteleon\n|-damage|p1a: Inteleon|108/246\n|\n|-heal|p2a: Gastrodon|71/100|[from] item: Leftovers\n|upkeep\n|turn|2\n|inactive|Time left: 300 sec this turn | 300 sec total\n|\n|t:|1783556042\n|move|p1a: Inteleon|Ice Beam|p2a: Gastrodon\n|-damage|p2a: Gastrodon|39/100\n|move|p2a: Gastrodon|Stealth Rock|p1a: Inteleon\n|-sidestart|p1: p0x138032ed|move: Stealth Rock\n|\n|-heal|p2a: Gastrodon|45/100|[from] item: Leftovers\n|upkeep\n|turn|3\n|inactive|Time left: 300 sec this turn | 300 sec total\n|\n|t:|1783556043\n|move|p1a: Inteleon|Ice Beam|p2a: Gastrodon\n|-damage|p2a: Gastrodon|11/100\n|move|p2a: Gastrodon|Recover|p2a: Gastrodon\n|-heal|p2a: Gastrodon|61/100\n|\n|-heal|p2a: Gastrodon|67/100|[from] item: Leftovers\n|upkeep\n|turn|4\n|inactive|Time left: 300 sec this turn | 300 sec total\n|\n|t:|1783556044\n|move|p1a: Inteleon|Ice Beam|p2a: Gastrodon\n|-damage|p2a: Gastrodon|35/100\n|move|p2a: Gastrodon|Earthquake|p1a: Inteleon\n|-damage|p1a: Inteleon|0 fnt\n|faint|p1a: Inteleon\n|\n|-heal|p2a: Gastrodon|41/100|[from] item: Leftovers\n|upkeep\n|inactive|Time left: 300 sec this turn | 300 sec total | 5 sec grace\n|\n|t:|1783556045\n|switch|p1a: Perrserker|Perrserker, L89, M|269/269\n|-damage|p1a: Perrserker|253/269|[from] Stealth Rock\n|turn|5\n|inactive|Time left: 300 sec this turn | 300 sec total\n|\n|t:|1783556046\n|move|p1a: Perrserker|Knock Off|p2a: Gastrodon\n|-damage|p2a: Gastrodon|0 fnt\n|-enditem|p2a: Gastrodon|Leftovers|[from] move: Knock Off|[of] p1a: Perrserker\n|faint|p2a: Gastrodon\n|-damage|p1a: Perrserker|227/269|[from] item: Life Orb\n|\n|upkeep\n|\n|t:|1783556047\n|switch|p2a: Wo-Chien|Wo-Chien, L83|100/100\n|-ability|p2a: Wo-Chien|Tablets of Ruin\n|turn|6\n|inactive|Time left: 300 sec this turn | 300 sec total\n|\n|t:|1783556048\n|move|p2a: Wo-Chien|Leech Seed|p1a: Perrserker\n|-start|p1a: Perrserker|move: Leech Seed\n|move|p1a: Perrserker|Stealth Rock|p2a: Wo-Chien\n|-sidestart|p2: p0y1380ddb2|move: Stealth Rock\n|\n|-damage|p1a: Perrserker|194/269|[from] Leech Seed|[of] p2a: Wo-Chien\n|upkeep\n|turn|7\n|inactive|Time left: 300 sec this turn | 300 sec total\n|\n|t:|1783556049\n|switch|p1a: Bastiodon|Bastiodon, L89, M|252/252\n|-damage|p1a: Bastiodon|237/252|[from] Stealth Rock\n|move|p2a: Wo-Chien|Knock Off|p1a: Bastiodon\n|-damage|p1a: Bastiodon|182/252\n|-enditem|p1a: Bastiodon|Chesto Berry|[from] move: Knock Off|[of] p2a: Wo-Chien\n|\n|upkeep\n|turn|8\n|inactive|Time left: 300 sec this turn | 300 sec total\n|\n|t:|1783556050\n|move|p2a: Wo-Chien|Leech Seed|p1a: Bastiodon\n|-start|p1a: Bastiodon|move: Leech Seed\n|move|p1a: Bastiodon|Iron Defense|p1a: Bastiodon\n|-boost|p1a: Bastiodon|def|2\n|\n|-damage|p1a: Bastiodon|151/252|[from] Leech Seed|[of] p2a: Wo-Chien\n|upkeep\n|turn|9\n|inactive|Time left: 300 sec this turn | 300 sec total\n|\n|t:|1783556052\n|switch|p2a: Chimecho|Chimecho, L93, F|100/100\n|-damage|p2a: Chimecho|88/100|[from] Stealth Rock\n|move|p1a: Bastiodon|Body Press|p2a: Chimecho\n|-resisted|p2a: Chimecho\n|-damage|p2a: Chimecho|54/100\n|\n|-heal|p2a: Chimecho|60/100|[from] item: Leftovers\n|-damage|p1a: Bastiodon|120/252|[from] Leech Seed|[of] p2a: Chimecho\n|-heal|p2a: Chimecho|71/100|[silent]\n|upkeep\n|turn|10\n|inactive|Time left: 300 sec this turn | 300 sec total\n|\n|t:|1783556053\n|move|p2a: Chimecho|Cosmic Power|p2a: Chimecho\n|-boost|p2a: Chimecho|def|1\n|-boost|p2a: Chimecho|spd|1\n|move|p1a: Bastiodon|Body Press|p2a: Chimecho\n|-resisted|p2a: Chimecho\n|-crit|p2a: Chimecho\n|-damage|p2a: Chimecho|24/100\n|\n|-heal|p2a: Chimecho|30/100|[from] item: Leftovers\n|-damage|p1a: Bastiodon|89/252|[from] Leech Seed|[of] p2a: Chimecho\n|-heal|p2a: Chimecho|40/100|[silent]\n|upkeep\n|turn|11\n|inactive|Time left: 300 sec this turn | 300 sec total\n|\n|t:|1783556054\n|move|p2a: Chimecho|Recover|p2a: Chimecho\n|-heal|p2a: Chimecho|90/100\n|move|p1a: Bastiodon|Body Press|p2a: Chimecho\n|-resisted|p2a: Chimecho\n|-damage|p2a: Chimecho|70/100\n|\n|-heal|p2a: Chimecho|77/100|[from] item: Leftovers\n|-damage|p1a: Bastiodon|58/252|[from] Leech Seed|[of] p2a: Chimecho\n|-heal|p2a: Chimecho|87/100|[silent]\n|upkeep\n|turn|12\n|inactive|Time left: 300 sec this turn | 300 sec total\n|\n|t:|1783556055\n|move|p2a: Chimecho|Cosmic Power|p2a: Chimecho\n|-boost|p2a: Chimecho|def|1\n|-boost|p2a: Chimecho|spd|1\n|move|p1a: Bastiodon|Rest|p1a: Bastiodon\n|-status|p1a: Bastiodon|slp|[from] move: Rest\n|-heal|p1a: Bastiodon|252/252 slp|[silent]\n|\n|-heal|p2a: Chimecho|94/100|[from] item: Leftovers\n|-damage|p1a: Bastiodon|221/252 slp|[from] Leech Seed|[of] p2a: Chimecho\n|-heal|p2a: Chimecho|100/100|[silent]\n|upkeep\n|turn|13\n|inactive|Time left: 300 sec this turn | 300 sec total\n|\n|t:|1783556056\n|switch|p1a: Tatsugiri|Tatsugiri, L87, F|260/260\n|move|p2a: Chimecho|Stored Power|p1a: Tatsugiri\n|-damage|p1a: Tatsugiri|149/260\n|\n|upkeep\n|turn|14\n|inactive|Time left: 300 sec this turn | 300 sec total\n|\n|t:|1783556058\n|move|p1a: Tatsugiri|Rapid Spin|p2a: Chimecho\n|-damage|p2a: Chimecho|96/100\n|-boost|p1a: Tatsugiri|spe|1\n|-sideend|p1: p0x138032ed|Stealth Rock|[from] move: Rapid Spin|[of] p1a: Tatsugiri\n|move|p2a: Chimecho|Stored Power|p1a: Tatsugiri\n|-damage|p1a: Tatsugiri|35/260\n|\n|-heal|p2a: Chimecho|100/100|[from] item: Leftovers\n|upkeep\n|turn|15\n|inactive|Time left: 300 sec this turn | 300 sec total\n|\n|t:|1783556059\n|switch|p1a: Armarouge|Armarouge, L80, M|267/267\n|move|p2a: Chimecho|Stored Power|p1a: Armarouge\n|-resisted|p1a: Armarouge\n|-damage|p1a: Armarouge|198/267\n|\n|upkeep\n|turn|16\n|inactive|Time left: 300 sec this turn | 300 sec total\n|\n|t:|1783556060\n|move|p2a: Chimecho|Stored Power|p1a: Armarouge\n|-resisted|p1a: Armarouge\n|-damage|p1a: Armarouge|123/267\n|move|p1a: Armarouge|Armor Cannon|p2a: Chimecho\n|-damage|p2a: Chimecho|69/100\n|-unboost|p1a: Armarouge|def|1\n|-unboost|p1a: Armarouge|spd|1\n|\n|-heal|p2a: Chimecho|75/100|[from] item: Leftovers\n|upkeep\n|turn|17\n|inactive|Time left: 300 sec this turn | 300 sec total\n|\n|t:|1783556062\n|move|p2a: Chimecho|Stored Power|p1a: Armarouge\n|-resisted|p1a: Armarouge\n|-damage|p1a: Armarouge|9/267\n|move|p1a: Armarouge|Armor Cannon|p2a: Chimecho\n|-crit|p2a: Chimecho\n|-damage|p2a: Chimecho|0 fnt\n|-unboost|p1a: Armarouge|def|1\n|-unboost|p1a: Armarouge|spd|1\n|faint|p2a: Chimecho\n|\n|upkeep\n|\n|t:|1783556063\n|switch|p2a: Flygon|Flygon, L82, F|100/100\n|-damage|p2a: Flygon|94/100|[from] Stealth Rock\n|turn|18\n|inactive|Time left: 300 sec this turn | 300 sec total\n|\n|t:|1783556064\n|move|p2a: Flygon|Dragon Dance|p2a: Flygon\n|-boost|p2a: Flygon|atk|1\n|-boost|p2a: Flygon|spe|1\n|move|p1a: Armarouge|Armor Cannon|p2a: Flygon\n|-resisted|p2a: Flygon\n|-damage|p2a: Flygon|51/100\n|-unboost|p1a: Armarouge|def|1\n|-unboost|p1a: Armarouge|spd|1\n|\n|upkeep\n|turn|19\n|inactive|Time left: 300 sec this turn | 300 sec total\n|\n|t:|1783556065\n|move|p2a: Flygon|Earthquake|p1a: Armarouge\n|-supereffective|p1a: Armarouge\n|-damage|p1a: Armarouge|0 fnt\n|faint|p1a: Armarouge\n|\n|upkeep\n|inactive|Time left: 300 sec this turn | 300 sec total | 5 sec grace\n|\n|t:|1783556066\n|switch|p1a: Perrserker|Perrserker, L89, M|194/269\n|turn|20\n|inactive|Time left: 300 sec this turn | 300 sec total\n|\n|t:|1783556067\n|-terastallize|p1a: Perrserker|Fighting\n|move|p2a: Flygon|Earthquake|p1a: Perrserker\n|-damage|p1a: Perrserker|59/269\n|move|p1a: Perrserker|Close Combat|p2a: Flygon\n|-damage|p2a: Flygon|0 fnt\n|-unboost|p1a: Perrserker|def|1\n|-unboost|p1a: Perrserker|spd|1\n|faint|p2a: Flygon\n|-damage|p1a: Perrserker|33/269|[from] item: Life Orb\n|\n|upkeep\n|\n|t:|1783556068\n|switch|p2a: Mewtwo|Mewtwo, L72|100/100\n|-damage|p2a: Mewtwo|88/100|[from] Stealth Rock\n|-ability|p2a: Mewtwo|Pressure\n|turn|21\n|inactive|Time left: 300 sec this turn | 300 sec total\n|\n|t:|1783556068\n|move|p2a: Mewtwo|Psystrike|p1a: Perrserker\n|-supereffective|p1a: Perrserker\n|-damage|p1a: Perrserker|0 fnt\n|faint|p1a: Perrserker\n|-damage|p2a: Mewtwo|78/100|[from] item: Life Orb\n|\n|upkeep\n|inactive|Time left: 300 sec this turn | 300 sec total | 5 sec grace\n|\n|t:|1783556069\n|switch|p1a: Volbeat|Volbeat, L90, M|263/263\n|turn|22\n|inactive|Time left: 300 sec this turn | 300 sec total\n|\n|t:|1783556070\n|move|p2a: Mewtwo|Nasty Plot|p2a: Mewtwo\n|-boost|p2a: Mewtwo|spa|2\n|move|p1a: Volbeat|U-turn|p2a: Mewtwo\n|-supereffective|p2a: Mewtwo\n|-damage|p2a: Mewtwo|20/100\n|inactive|Time left: 300 sec this turn | 300 sec total | 5 sec grace\n|\n|t:|1783556070\n|switch|p1a: Tatsugiri|Tatsugiri, L87, F|35/260|[from] U-turn\n|\n|upkeep\n|turn|23\n|inactive|Time left: 300 sec this turn | 300 sec total\n|\n|t:|1783556071\n|move|p2a: Mewtwo|Dark Pulse|p1a: Tatsugiri\n|-damage|p1a: Tatsugiri|0 fnt\n|faint|p1a: Tatsugiri\n|-damage|p2a: Mewtwo|10/100|[from] item: Life Orb\n|\n|upkeep\n|inactive|Time left: 300 sec this turn | 300 sec total | 5 sec grace\n|\n|t:|1783556072\n|switch|p1a: Volbeat|Volbeat, L90, M|263/263\n|turn|24\n|inactive|Time left: 300 sec this turn | 300 sec total\n|\n|t:|1783556073\n|move|p1a: Volbeat|Encore|p2a: Mewtwo\n|-start|p2a: Mewtwo|Encore\n|move|p2a: Mewtwo|Dark Pulse|p1a: Volbeat\n|-damage|p1a: Volbeat|111/263\n|-damage|p2a: Mewtwo|0 fnt|[from] item: Life Orb\n|faint|p2a: Mewtwo\n|\n|upkeep\n|\n|t:|1783556074\n|switch|p2a: Wo-Chien|Wo-Chien, L83|100/100\n|-damage|p2a: Wo-Chien|88/100|[from] Stealth Rock\n|-ability|p2a: Wo-Chien|Tablets of Ruin\n|turn|25\n|inactive|Time left: 300 sec this turn | 300 sec total\n|\n|t:|1783556075\n|move|p1a: Volbeat|U-turn|p2a: Wo-Chien\n|-supereffective|p2a: Wo-Chien\n|-damage|p2a: Wo-Chien|23/100\n|inactive|Time left: 300 sec this turn | 300 sec total | 5 sec grace\n|\n|t:|1783556076\n|switch|p1a: Bastiodon|Bastiodon, L89, M|221/252 slp|[from] U-turn\n|move|p2a: Wo-Chien|Leech Seed|p1a: Bastiodon|[miss]\n|-miss|p2a: Wo-Chien|p1a: Bastiodon\n|\n|-heal|p2a: Wo-Chien|29/100|[from] item: Leftovers\n|upkeep\n|turn|26\n|inactive|Time left: 300 sec this turn | 300 sec total\n|\n|t:|1783556077\n|move|p2a: Wo-Chien|Leech Seed|p1a: Bastiodon\n|-start|p1a: Bastiodon|move: Leech Seed\n|cant|p1a: Bastiodon|slp\n|\n|-heal|p2a: Wo-Chien|36/100|[from] item: Leftovers\n|-damage|p1a: Bastiodon|190/252 slp|[from] Leech Seed|[of] p2a: Wo-Chien\n|-heal|p2a: Wo-Chien|47/100|[silent]\n|upkeep\n|turn|27\n|inactive|Time left: 300 sec this turn | 300 sec total\n|\n|t:|1783556078\n|switch|p1a: Volbeat|Volbeat, L90, M|111/263\n|move|p2a: Wo-Chien|Knock Off|p1a: Volbeat\n|-damage|p1a: Volbeat|12/263\n|-enditem|p1a: Volbeat|Heavy-Duty Boots|[from] move: Knock Off|[of] p2a: Wo-Chien\n|\n|-heal|p2a: Wo-Chien|53/100|[from] item: Leftovers\n|upkeep\n|turn|28\n|inactive|Time left: 300 sec this turn | 300 sec total\n|\n|t:|1783556079\n|-terastallize|p2a: Wo-Chien|Poison\n|move|p1a: Volbeat|Roost|p1a: Volbeat\n|-heal|p1a: Volbeat|144/263\n|-singleturn|p1a: Volbeat|move: Roost\n|move|p2a: Wo-Chien|Leech Seed|p1a: Volbeat\n|-start|p1a: Volbeat|move: Leech Seed\n|\n|-heal|p2a: Wo-Chien|59/100|[from] item: Leftovers\n|-damage|p1a: Volbeat|112/263|[from] Leech Seed|[of] p2a: Wo-Chien\n|-heal|p2a: Wo-Chien|71/100|[silent]\n|upkeep\n|turn|29\n|inactive|Time left: 300 sec this turn | 300 sec total\n|\n|t:|1783556080\n|move|p1a: Volbeat|Roost|p1a: Volbeat\n|-heal|p1a: Volbeat|244/263\n|-singleturn|p1a: Volbeat|move: Roost\n|move|p2a: Wo-Chien|Leech Seed||[still]\n|-fail|p2a: Wo-Chien\n|\n|-heal|p2a: Wo-Chien|77/100|[from] item: Leftovers\n|-damage|p1a: Volbeat|212/263|[from] Leech Seed|[of] p2a: Wo-Chien\n|-heal|p2a: Wo-Chien|88/100|[silent]\n|upkeep\n|turn|30\n|inactive|Time left: 300 sec this turn | 300 sec total\n|\n|t:|1783556081\n|move|p1a: Volbeat|U-turn|p2a: Wo-Chien\n|-resisted|p2a: Wo-Chien\n|-damage|p2a: Wo-Chien|79/100\n|inactive|Time left: 300 sec this turn | 300 sec total | 5 sec grace\n|\n|t:|1783556082\n|switch|p1a: Bastiodon|Bastiodon, L89, M|190/252 slp|[from] U-turn\n|move|p2a: Wo-Chien|Leech Seed|p1a: Bastiodon\n|-start|p1a: Bastiodon|move: Leech Seed\n|\n|-heal|p2a: Wo-Chien|85/100|[from] item: Leftovers\n|-damage|p1a: Bastiodon|159/252 slp|[from] Leech Seed|[of] p2a: Wo-Chien\n|-heal|p2a: Wo-Chien|97/100|[silent]\n|upkeep\n|turn|31\n|inactive|Time left: 300 sec this turn | 300 sec total\n|\n|t:|1783556083\n|switch|p1a: Volbeat|Volbeat, L90, M|212/263\n|move|p2a: Wo-Chien|Knock Off|p1a: Volbeat\n|-damage|p1a: Volbeat|145/263\n|\n|-heal|p2a: Wo-Chien|100/100|[from] item: Leftovers\n|upkeep\n|turn|32\n|inactive|Time left: 300 sec this turn | 300 sec total\n|\n|t:|1783556084\n|move|p1a: Volbeat|Roost|p1a: Volbeat\n|-heal|p1a: Volbeat|263/263\n|-singleturn|p1a: Volbeat|move: Roost\n|move|p2a: Wo-Chien|Leech Seed|p1a: Volbeat\n|-start|p1a: Volbeat|move: Leech Seed\n|\n|-damage|p1a: Volbeat|231/263|[from] Leech Seed|[of] p2a: Wo-Chien\n|upkeep\n|turn|33\n|inactive|Time left: 300 sec this turn | 300 sec total\n|\n|t:|1783556085\n|switch|p1a: Bastiodon|Bastiodon, L89, M|159/252 slp\n|move|p2a: Wo-Chien|Leech Seed|p1a: Bastiodon\n|-start|p1a: Bastiodon|move: Leech Seed\n|\n|-damage|p1a: Bastiodon|128/252 slp|[from] Leech Seed|[of] p2a: Wo-Chien\n|upkeep\n|turn|34\n|inactive|Time left: 300 sec this turn | 300 sec total\n|\n|t:|1783556086\n|switch|p1a: Volbeat|Volbeat, L90, M|231/263\n|move|p2a: Wo-Chien|Knock Off|p1a: Volbeat\n|-damage|p1a: Volbeat|168/263\n|\n|upkeep\n|turn|35\n|inactive|Time left: 300 sec this turn | 300 sec total\n|\n|t:|1783556087\n|move|p1a: Volbeat|Thunder Wave|p2a: Wo-Chien\n|-status|p2a: Wo-Chien|par\n|move|p2a: Wo-Chien|Leech Seed|p1a: Volbeat\n|-start|p1a: Volbeat|move: Leech Seed\n|\n|-damage|p1a: Volbeat|136/263|[from] Leech Seed|[of] p2a: Wo-Chien\n|upkeep\n|turn|36\n|inactive|Time left: 300 sec this turn | 300 sec total\n|\n|t:|1783556088\n|move|p1a: Volbeat|U-turn|p2a: Wo-Chien\n|-resisted|p2a: Wo-Chien\n|-damage|p2a: Wo-Chien|91/100 par\n|inactive|Time left: 300 sec this turn | 300 sec total | 5 sec grace\n|\n|t:|1783556089\n|switch|p1a: Bastiodon|Bastiodon, L89, M|128/252 slp|[from] U-turn\n|cant|p2a: Wo-Chien|par\n|\n|-heal|p2a: Wo-Chien|97/100 par|[from] item: Leftovers\n|upkeep\n|turn|37\n|inactive|Time left: 300 sec this turn | 300 sec total\n|\n|t:|1783556090\n|cant|p1a: Bastiodon|slp\n|move|p2a: Wo-Chien|Leech Seed|p1a: Bastiodon\n|-start|p1a: Bastiodon|move: Leech Seed\n|\n|-heal|p2a: Wo-Chien|100/100 par|[from] item: Leftovers\n|-damage|p1a: Bastiodon|97/252 slp|[from] Leech Seed|[of] p2a: Wo-Chien\n|upkeep\n|turn|38\n|inactive|Time left: 300 sec this turn | 300 sec total\n|\n|t:|1783556091\n|switch|p1a: Volbeat|Volbeat, L90, M|136/263\n|move|p2a: Wo-Chien|Stun Spore|p1a: Volbeat\n|-status|p1a: Volbeat|par\n|\n|upkeep\n|turn|39\n|inactive|Time left: 300 sec this turn | 300 sec total\n|\n|t:|1783556092\n|move|p1a: Volbeat|Roost|p1a: Volbeat\n|-heal|p1a: Volbeat|263/263 par\n|-singleturn|p1a: Volbeat|move: Roost\n|move|p2a: Wo-Chien|Leech Seed|p1a: Volbeat\n|-start|p1a: Volbeat|move: Leech Seed\n|\n|-damage|p1a: Volbeat|231/263 par|[from] Leech Seed|[of] p2a: Wo-Chien\n|upkeep\n|turn|40\n|inactive|Time left: 300 sec this turn | 300 sec total\n|\n|t:|1783556093\n|switch|p1a: Bastiodon|Bastiodon, L89, M|97/252 slp\n|switch|p2a: Victreebel|Victreebel, L90, F|100/100\n|-damage|p2a: Victreebel|88/100|[from] Stealth Rock\n|\n|upkeep\n|turn|41\n|inactive|Time left: 300 sec this turn | 300 sec total\n|\n|t:|1783556094\n|move|p2a: Victreebel|Power Whip|p1a: Bastiodon\n|-damage|p1a: Bastiodon|0 fnt\n|faint|p1a: Bastiodon\n|-damage|p2a: Victreebel|78/100|[from] item: Life Orb\n|\n|upkeep\n|inactive|Time left: 300 sec this turn | 300 sec total | 5 sec grace\n|\n|t:|1783556095\n|switch|p1a: Volbeat|Volbeat, L90, M|231/263 par\n|turn|42\n|inactive|Time left: 300 sec this turn | 300 sec total\n|\n|t:|1783556096\n|move|p1a: Volbeat|Encore|p2a: Victreebel\n|-start|p2a: Victreebel|Encore\n|move|p2a: Victreebel|Power Whip|p1a: Volbeat\n|-resisted|p1a: Volbeat\n|-damage|p1a: Volbeat|118/263 par\n|-damage|p2a: Victreebel|68/100|[from] item: Life Orb\n|\n|upkeep\n|turn|43\n|inactive|Time left: 300 sec this turn | 300 sec total\n|\n|t:|1783556097\n|move|p1a: Volbeat|Roost|p1a: Volbeat\n|-heal|p1a: Volbeat|250/263 par\n|-singleturn|p1a: Volbeat|move: Roost\n|move|p2a: Victreebel|Power Whip|p1a: Volbeat\n|-resisted|p1a: Volbeat\n|-damage|p1a: Volbeat|145/263 par\n|-damage|p2a: Victreebel|58/100|[from] item: Life Orb\n|\n|upkeep\n|turn|44\n|inactive|Time left: 300 sec this turn | 300 sec total\n|\n|t:|1783556098\n|move|p1a: Volbeat|Roost|p1a: Volbeat\n|-heal|p1a: Volbeat|263/263 par\n|-singleturn|p1a: Volbeat|move: Roost\n|move|p2a: Victreebel|Power Whip|p1a: Volbeat\n|-resisted|p1a: Volbeat\n|-damage|p1a: Volbeat|154/263 par\n|-damage|p2a: Victreebel|48/100|[from] item: Life Orb\n|\n|-end|p2a: Victreebel|Encore\n|upkeep\n|turn|45\n|inactive|Time left: 300 sec this turn | 300 sec total\n|\n|t:|1783556099\n|move|p1a: Volbeat|Thunder Wave|p2a: Victreebel\n|-status|p2a: Victreebel|par\n|move|p2a: Victreebel|Sludge Wave|p1a: Volbeat\n|-damage|p1a: Volbeat|1/263 par\n|-damage|p2a: Victreebel|38/100 par|[from] item: Life Orb\n|\n|upkeep\n|turn|46\n|inactive|Time left: 300 sec this turn | 300 sec total\n|\n|t:|1783556100\n|move|p1a: Volbeat|Roost|p1a: Volbeat\n|-heal|p1a: Volbeat|133/263 par\n|-singleturn|p1a: Volbeat|move: Roost\n|move|p2a: Victreebel|Sludge Wave|p1a: Volbeat\n|-damage|p1a: Volbeat|0 fnt\n|faint|p1a: Volbeat\n|-damage|p2a: Victreebel|28/100 par|[from] item: Life Orb\n|\n|win|p0y1380ddb2", "uploadtime": 1783556100, "views": 0, "rating": 0, "private": 0, "password": null, "_winner": "p0y1380ddb2", "_our_name": "p0x138032ed"}