{"id": "battle-gen9randombattle-1694", "formatid": "gen9randombattle", "format": "[Gen 9] Random Battle", "players": ["p0x16948112", "p0y1694258c"], "log": "|init|battle\n|title|p0x16948112 vs. p0y1694258c\n|j|\u2606p0x16948112\n|j|\u2606p0y1694258c\n|t:|1783559627\n|gametype|singles\n|player|p1|p0x16948112|170|\n|player|p2|p0y1694258c|265|\n|gen|9\n|tier|[Gen 9] Random Battle\n|rule|Species Clause: Limit one of each Pok\u00e9mon\n|rule|HP Percentage Mod: HP is shown in percentages\n|rule|Sleep Clause Mod: Limit one foe put to sleep\n|rule|Illusion Level Mod: Illusion disguises the Pok\u00e9mon's true level\n|\n|t:|1783559627\n|teamsize|p1|6\n|teamsize|p2|6\n|start\n|switch|p1a: Palafin|Palafin, L77, M|100/100\n|switch|p2a: Bronzong|Bronzong, L88|261/261\n|turn|1\n|inactive|Battle timer is ON: inactive players will automatically lose when time's up. (requested by p0x16948112)\n|inactive|Time left: 300 sec this turn | 300 sec total | 60 sec grace\n|inactive|p0y1694258c also wants the timer to be on.\n|\n|t:|1783559628\n|move|p1a: Palafin|Bulk Up|p1a: Palafin\n|-boost|p1a: Palafin|atk|1\n|-boost|p1a: Palafin|def|1\n|move|p2a: Bronzong|Stealth Rock|p1a: Palafin\n|-sidestart|p1: p0x16948112|move: Stealth Rock\n|\n|upkeep\n|turn|2\n|inactive|Time left: 300 sec this turn | 300 sec total\n|\n|t:|1783559629\n|move|p1a: Palafin|Bulk Up|p1a: Palafin\n|-boost|p1a: Palafin|atk|1\n|-boost|p1a: Palafin|def|1\n|move|p2a: Bronzong|Psychic|p1a: Palafin\n|-damage|p1a: Palafin|57/100\n|\n|-heal|p1a: Palafin|63/100|[from] item: Leftovers\n|upkeep\n|turn|3\n|inactive|Time left: 300 sec this turn | 300 sec total\n|\n|t:|1783559630\n|move|p1a: Palafin|Drain Punch|p2a: Bronzong\n|-damage|p2a: Bronzong|206/261\n|-heal|p1a: Palafin|73/100|[from] drain|[of] p2a: Bronzong\n|move|p2a: Bronzong|Psychic|p1a: Palafin\n|-damage|p1a: Palafin|26/100\n|\n|-heal|p1a: Palafin|32/100|[from] item: Leftovers\n|-heal|p2a: Bronzong|222/261|[from] item: Leftovers\n|upkeep\n|turn|4\n|inactive|Time left: 300 sec this turn | 300 sec total\n|\n|t:|1783559631\n|-terastallize|p1a: Palafin|Steel\n|move|p1a: Palafin|Drain Punch|p2a: Bronzong\n|-damage|p2a: Bronzong|164/261\n|-heal|p1a: Palafin|42/100|[from] drain|[of] p2a: Bronzong\n|move|p2a: Bronzong|Psychic|p1a: Palafin\n|-resisted|p1a: Palafin\n|-damage|p1a: Palafin|22/100\n|\n|-heal|p1a: Palafin|28/100|[from] item: Leftovers\n|-heal|p2a: Bronzong|180/261|[from] item: Leftovers\n|upkeep\n|turn|5\n|inactive|Time left: 300 sec this turn | 300 sec total\n|\n|t:|1783559632\n|move|p1a: Palafin|Drain Punch|p2a: Bronzong\n|-damage|p2a: Bronzong|121/261\n|-heal|p1a: Palafin|39/100|[from] drain|[of] p2a: Bronzong\n|move|p2a: Bronzong|Psychic|p1a: Palafin\n|-resisted|p1a: Palafin\n|-damage|p1a: Palafin|17/100\n|\n|-heal|p1a: Palafin|23/100|[from] item: Leftovers\n|-heal|p2a: Bronzong|137/261|[from] item: Leftovers\n|upkeep\n|turn|6\n|inactive|Time left: 300 sec this turn | 300 sec total\n|\n|t:|1783559633\n|move|p1a: Palafin|Drain Punch|p2a: Bronzong\n|-damage|p2a: Bronzong|81/261\n|-heal|p1a: Palafin|33/100|[from] drain|[of] p2a: Bronzong\n|move|p2a: Bronzong|Psychic|p1a: Palafin\n|-resisted|p1a: Palafin\n|-damage|p1a: Palafin|11/100\n|\n|-heal|p1a: Palafin|17/100|[from] item: Leftovers\n|-heal|p2a: Bronzong|97/261|[from] item: Leftovers\n|upkeep\n|turn|7\n|inactive|Time left: 300 sec this turn | 300 sec total\n|\n|t:|1783559634\n|move|p1a: Palafin|Drain Punch|p2a: Bronzong\n|-damage|p2a: Bronzong|47/261\n|-heal|p1a: Palafin|26/100|[from] drain|[of] p2a: Bronzong\n|move|p2a: Bronzong|Psychic|p1a: Palafin\n|-resisted|p1a: Palafin\n|-damage|p1a: Palafin|3/100\n|\n|-heal|p1a: Palafin|9/100|[from] item: Leftovers\n|-heal|p2a: Bronzong|63/261|[from] item: Leftovers\n|upkeep\n|turn|8\n|inactive|Time left: 300 sec this turn | 300 sec total\n|\n|t:|1783559635\n|move|p1a: Palafin|Jet Punch|p2a: Bronzong\n|-damage|p2a: Bronzong|0 fnt\n|faint|p2a: Bronzong\n|\n|-heal|p1a: Palafin|15/100|[from] item: Leftovers\n|upkeep\n|inactive|Time left: 300 sec this turn | 300 sec total | 5 sec grace\n|\n|t:|1783559636\n|switch|p2a: Zangoose|Zangoose, L85, M|263/263\n|turn|9\n|inactive|Time left: 300 sec this turn | 300 sec total\n|\n|t:|1783559637\n|move|p2a: Zangoose|Knock Off|p1a: Palafin\n|-damage|p1a: Palafin|0 fnt\n|-enditem|p1a: Palafin|Leftovers|[from] move: Knock Off|[of] p2a: Zangoose\n|faint|p1a: Palafin\n|\n|-status|p2a: Zangoose|tox|[from] item: Toxic Orb\n|upkeep\n|\n|t:|1783559638\n|switch|p1a: Scovillain|Scovillain, L91, M|100/100\n|-damage|p1a: Scovillain|76/100|[from] Stealth Rock\n|turn|10\n|inactive|Time left: 300 sec this turn | 300 sec total\n|\n|t:|1783559639\n|move|p1a: Scovillain|Protect|p1a: Scovillain\n|-singleturn|p1a: Scovillain|Protect\n|move|p2a: Zangoose|Facade|p1a: Scovillain\n|-activate|p1a: Scovillain|move: Protect\n|\n|-heal|p1a: Scovillain|82/100|[from] item: Leftovers\n|-damage|p2a: Zangoose|247/263 tox|[from] psn\n|upkeep\n|turn|11\n|inactive|Time left: 300 sec this turn | 300 sec total\n|\n|t:|1783559640\n|move|p1a: Scovillain|Protect|p1a: Scovillain\n|-singleturn|p1a: Scovillain|Protect\n|move|p2a: Zangoose|Facade|p1a: Scovillain\n|-activate|p1a: Scovillain|move: Protect\n|\n|-heal|p1a: Scovillain|88/100|[from] item: Leftovers\n|-damage|p2a: Zangoose|215/263 tox|[from] psn\n|upkeep\n|turn|12\n|inactive|Time left: 300 sec this turn | 300 sec total\n|\n|t:|1783559641\n|move|p2a: Zangoose|Facade|p1a: Scovillain\n|-damage|p1a: Scovillain|0 fnt\n|faint|p1a: Scovillain\n|\n|-damage|p2a: Zangoose|167/263 tox|[from] psn\n|upkeep\n|\n|t:|1783559642\n|switch|p1a: Kilowattrel|Kilowattrel, L83, F|100/100\n|turn|13\n|inactive|Time left: 300 sec this turn | 300 sec total\n|\n|t:|1783559643\n|move|p1a: Kilowattrel|Discharge|p2a: Zangoose\n|-damage|p2a: Zangoose|58/263 tox\n|move|p2a: Zangoose|Facade|p1a: Kilowattrel\n|-damage|p1a: Kilowattrel|0 fnt\n|faint|p1a: Kilowattrel\n|\n|-damage|p2a: Zangoose|0 fnt|[from] psn\n|faint|p2a: Zangoose\n|upkeep\n|inactive|Time left: 300 sec this turn | 300 sec total | 5 sec grace\n|\n|t:|1783559645\n|switch|p1a: Ampharos|Ampharos, L88, F|100/100\n|switch|p2a: Chandelure|Chandelure, L83, M|235/235\n|-damage|p1a: Ampharos|88/100|[from] Stealth Rock\n|turn|14\n|inactive|Time left: 300 sec this turn | 300 sec total\n|\n|t:|1783559645\n|move|p2a: Chandelure|Fire Blast|p1a: Ampharos\n|-damage|p1a: Ampharos|42/100\n|move|p1a: Ampharos|Thunderbolt|p2a: Chandelure\n|-damage|p2a: Chandelure|74/235\n|-status|p2a: Chandelure|par\n|-damage|p1a: Ampharos|32/100|[from] item: Life Orb\n|\n|upkeep\n|turn|15\n|inactive|Time left: 300 sec this turn | 300 sec total\n|\n|t:|1783559647\n|move|p1a: Ampharos|Thunderbolt|p2a: Chandelure\n|-damage|p2a: Chandelure|0 fnt\n|faint|p2a: Chandelure\n|-damage|p1a: Ampharos|22/100|[from] item: Life Orb\n|\n|upkeep\n|inactive|Time left: 300 sec this turn | 300 sec total | 5 sec grace\n|\n|t:|1783559648\n|switch|p2a: Iron Valiant|Iron Valiant, L78|244/244\n|turn|16\n|inactive|Time left: 300 sec this turn | 300 sec total\n|\n|t:|1783559649\n|move|p2a: Iron Valiant|Psychic|p1a: Ampharos\n|-damage|p1a: Ampharos|0 fnt\n|faint|p1a: Ampharos\n|-damage|p2a: Iron Valiant|220/244|[from] item: Life Orb\n|\n|upkeep\n|\n|t:|1783559650\n|switch|p1a: Goodra|Goodra, L85, F|100/100\n|-damage|p1a: Goodra|88/100|[from] Stealth Rock\n|turn|17\n|inactive|Time left: 300 sec this turn | 300 sec total\n|\n|t:|1783559651\n|-terastallize|p2a: Iron Valiant|Fighting\n|move|p2a: Iron Valiant|Close Combat|p1a: Goodra\n|-damage|p1a: Goodra|0 fnt\n|-unboost|p2a: Iron Valiant|def|1\n|-unboost|p2a: Iron Valiant|spd|1\n|faint|p1a: Goodra\n|-damage|p2a: Iron Valiant|196/244|[from] item: Life Orb\n|\n|upkeep\n|\n|t:|1783559652\n|switch|p1a: Dudunsparce|Dudunsparce-Three-Segment, L83, M|100/100\n|-damage|p1a: Dudunsparce|88/100|[from] Stealth Rock\n|turn|18\n|inactive|Time left: 300 sec this turn | 300 sec total\n|\n|t:|1783559652\n|move|p2a: Iron Valiant|Close Combat|p1a: Dudunsparce\n|-supereffective|p1a: Dudunsparce\n|-damage|p1a: Dudunsparce|0 fnt\n|-unboost|p2a: Iron Valiant|def|1\n|-unboost|p2a: Iron Valiant|spd|1\n|faint|p1a: Dudunsparce\n|-damage|p2a: Iron Valiant|172/244|[from] item: Life Orb\n|\n|win|p0y1694258c", "uploadtime": 1783559652, "views": 0, "rating": 0, "private": 0, "password": null, "_winner": "p0y1694258c", "_our_name": "p0y1694258c"}