{"id": "battle-gen9randombattle-1411", "formatid": "gen9randombattle", "format": "[Gen 9] Random Battle", "players": ["p0x1411ab32", "p0y1411b4bb"], "log": "|init|battle\n|title|p0x1411ab32 vs. p0y1411b4bb\n|j|\u2606p0x1411ab32\n|j|\u2606p0y1411b4bb\n|t:|1783555463\n|gametype|singles\n|player|p1|p0x1411ab32|170|\n|player|p2|p0y1411b4bb|2|\n|gen|9\n|tier|[Gen 9] Random Battle\n|rule|Species Clause: Limit one of each Pok\u00e9mon\n|rule|HP Percentage Mod: HP is shown in percentages\n|rule|Sleep Clause Mod: Limit one foe put to sleep\n|rule|Illusion Level Mod: Illusion disguises the Pok\u00e9mon's true level\n|\n|t:|1783555463\n|teamsize|p1|6\n|teamsize|p2|6\n|start\n|switch|p1a: Leavanny|Leavanny, L86, F|100/100\n|switch|p2a: Oricorio|Oricorio-Pa'u, L87, M|272/272\n|turn|1\n|inactive|Battle timer is ON: inactive players will automatically lose when time's up. (requested by p0x1411ab32)\n|inactive|Time left: 300 sec this turn | 300 sec total | 60 sec grace\n|inactive|p0y1411b4bb also wants the timer to be on.\n|\n|t:|1783555465\n|move|p2a: Oricorio|Hurricane|p1a: Leavanny|[miss]\n|-miss|p2a: Oricorio|p1a: Leavanny\n|move|p1a: Leavanny|Sticky Web|p2a: Oricorio\n|-sidestart|p2: p0y1411b4bb|move: Sticky Web\n|\n|upkeep\n|turn|2\n|inactive|Time left: 300 sec this turn | 300 sec total\n|\n|t:|1783555466\n|move|p2a: Oricorio|Hurricane|p1a: Leavanny\n|-supereffective|p1a: Leavanny\n|-damage|p1a: Leavanny|0 fnt\n|faint|p1a: Leavanny\n|\n|upkeep\n|\n|t:|1783555467\n|switch|p1a: Staraptor|Staraptor, L79, M|100/100\n|turn|3\n|inactive|Time left: 300 sec this turn | 300 sec total\n|\n|t:|1783555468\n|move|p2a: Oricorio|Hurricane|p1a: Staraptor|[miss]\n|-miss|p2a: Oricorio|p1a: Staraptor\n|move|p1a: Staraptor|Brave Bird|p2a: Oricorio\n|-damage|p2a: Oricorio|11/272\n|-damage|p1a: Staraptor|68/100|[from] Recoil\n|\n|upkeep\n|turn|4\n|inactive|Time left: 300 sec this turn | 300 sec total\n|\n|t:|1783555469\n|move|p2a: Oricorio|Hurricane|p1a: Staraptor\n|-damage|p1a: Staraptor|0 fnt\n|faint|p1a: Staraptor\n|\n|upkeep\n|\n|t:|1783555470\n|switch|p1a: Ting-Lu|Ting-Lu, L78|100/100\n|-ability|p1a: Ting-Lu|Vessel of Ruin\n|turn|5\n|inactive|Time left: 300 sec this turn | 300 sec total\n|\n|t:|1783555471\n|switch|p2a: Weezing|Weezing-Galar, L86, M|252/252\n|move|p1a: Ting-Lu|Payback|p2a: Weezing\n|-resisted|p2a: Weezing\n|-damage|p2a: Weezing|234/252\n|\n|-heal|p2a: Weezing|249/252|[from] item: Leftovers\n|upkeep\n|turn|6\n|inactive|Time left: 300 sec this turn | 300 sec total\n|\n|t:|1783555472\n|move|p2a: Weezing|Defog|p1a: Ting-Lu\n|-unboost|p1a: Ting-Lu|evasion|1\n|-sideend|p2: p0y1411b4bb|Sticky Web|[from] move: Defog|[of] p2a: Weezing\n|move|p1a: Ting-Lu|Ruination|p2a: Weezing\n|-damage|p2a: Weezing|125/252\n|\n|-heal|p2a: Weezing|140/252|[from] item: Leftovers\n|upkeep\n|turn|7\n|inactive|Time left: 300 sec this turn | 300 sec total\n|\n|t:|1783555473\n|move|p2a: Weezing|Strange Steam|p1a: Ting-Lu\n|-supereffective|p1a: Ting-Lu\n|-damage|p1a: Ting-Lu|55/100\n|move|p1a: Ting-Lu|Ruination|p2a: Weezing\n|-damage|p2a: Weezing|70/252\n|\n|-heal|p2a: Weezing|85/252|[from] item: Leftovers\n|-heal|p1a: Ting-Lu|61/100|[from] item: Leftovers\n|upkeep\n|turn|8\n|inactive|Time left: 300 sec this turn | 300 sec total\n|\n|t:|1783555475\n|move|p2a: Weezing|Strange Steam|p1a: Ting-Lu\n|-supereffective|p1a: Ting-Lu\n|-damage|p1a: Ting-Lu|20/100\n|move|p1a: Ting-Lu|Payback|p2a: Weezing\n|-resisted|p2a: Weezing\n|-damage|p2a: Weezing|43/252\n|\n|-heal|p2a: Weezing|58/252|[from] item: Leftovers\n|-heal|p1a: Ting-Lu|26/100|[from] item: Leftovers\n|upkeep\n|turn|9\n|inactive|Time left: 300 sec this turn | 300 sec total\n|\n|t:|1783555476\n|switch|p1a: Garganacl|Garganacl, L80, M|100/100\n|move|p2a: Weezing|Strange Steam|p1a: Garganacl\n|-damage|p1a: Garganacl|68/100\n|\n|-heal|p2a: Weezing|73/252|[from] item: Leftovers\n|-heal|p1a: Garganacl|74/100|[from] item: Leftovers\n|upkeep\n|turn|10\n|inactive|Time left: 300 sec this turn | 300 sec total\n|\n|t:|1783555477\n|move|p2a: Weezing|Strange Steam|p1a: Garganacl\n|-damage|p1a: Garganacl|40/100\n|-start|p1a: Garganacl|confusion\n|-activate|p1a: Garganacl|confusion\n|-damage|p1a: Garganacl|32/100|[from] confusion\n|\n|-heal|p2a: Weezing|88/252|[from] item: Leftovers\n|-heal|p1a: Garganacl|38/100|[from] item: Leftovers\n|upkeep\n|turn|11\n|inactive|Time left: 300 sec this turn | 300 sec total\n|\n|t:|1783555478\n|move|p2a: Weezing|Strange Steam|p1a: Garganacl\n|-damage|p1a: Garganacl|6/100\n|-activate|p1a: Garganacl|confusion\n|-damage|p1a: Garganacl|0 fnt|[from] confusion\n|faint|p1a: Garganacl\n|\n|-heal|p2a: Weezing|103/252|[from] item: Leftovers\n|upkeep\n|\n|t:|1783555479\n|switch|p1a: Rabsca|Rabsca, L91, M|100/100\n|turn|12\n|inactive|Time left: 300 sec this turn | 300 sec total\n|\n|t:|1783555480\n|move|p2a: Weezing|Gunk Shot|p1a: Rabsca|[miss]\n|-miss|p2a: Weezing|p1a: Rabsca\n|move|p1a: Rabsca|Psychic|p2a: Weezing\n|-supereffective|p2a: Weezing\n|-damage|p2a: Weezing|0 fnt\n|faint|p2a: Weezing\n|\n|upkeep\n|inactive|Time left: 300 sec this turn | 300 sec total | 5 sec grace\n|\n|t:|1783555480\n|switch|p2a: Dusknoir|Dusknoir, L89, F|225/225\n|-item|p1a: Rabsca|Heavy-Duty Boots|[from] ability: Frisk|[of] p2a: Dusknoir\n|turn|13\n|inactive|Time left: 300 sec this turn | 300 sec total\n|\n|t:|1783555481\n|move|p1a: Rabsca|Psychic|p2a: Dusknoir\n|-damage|p2a: Dusknoir|143/225\n|move|p2a: Dusknoir|Poltergeist|p1a: Rabsca\n|-activate|p1a: Rabsca|move: Poltergeist|Heavy-Duty Boots\n|-supereffective|p1a: Rabsca\n|-damage|p1a: Rabsca|0 fnt\n|faint|p1a: Rabsca\n|\n|upkeep\n|\n|t:|1783555482\n|switch|p1a: Ditto|Ditto, L87|100/100\n|-transform|p1a: Ditto|p2a: Dusknoir|[from] ability: Imposter\n|-item|p2a: Dusknoir|Choice Band|[from] ability: Frisk|[of] p1a: Ditto\n|turn|14\n|inactive|Time left: 300 sec this turn | 300 sec total\n|\n|t:|1783555483\n|-terastallize|p1a: Ditto|Ghost\n|move|p1a: Ditto|Poltergeist|p2a: Dusknoir\n|-activate|p2a: Dusknoir|move: Poltergeist|Choice Band\n|-supereffective|p2a: Dusknoir\n|-damage|p2a: Dusknoir|0 fnt\n|faint|p2a: Dusknoir\n|\n|upkeep\n|inactive|Time left: 300 sec this turn | 300 sec total | 5 sec grace\n|\n|t:|1783555484\n|switch|p2a: Wyrdeer|Wyrdeer, L87, M|321/321\n|-ability|p2a: Wyrdeer|Intimidate|boost\n|-unboost|p1a: Ditto|atk|1\n|turn|15\n|inactive|Time left: 300 sec this turn | 300 sec total\n|\n|t:|1783555485\n|move|p1a: Ditto|Poltergeist|p2a: Wyrdeer\n|-immune|p2a: Wyrdeer\n|move|p2a: Wyrdeer|Megahorn|p1a: Ditto\n|-resisted|p1a: Ditto\n|-damage|p1a: Ditto|86/100\n|\n|upkeep\n|turn|16\n|inactive|Time left: 300 sec this turn | 300 sec total\n|\n|t:|1783555486\n|move|p1a: Ditto|Poltergeist|p2a: Wyrdeer\n|-immune|p2a: Wyrdeer\n|move|p2a: Wyrdeer|Megahorn|p1a: Ditto\n|-resisted|p1a: Ditto\n|-damage|p1a: Ditto|71/100\n|\n|upkeep\n|turn|17\n|inactive|Time left: 300 sec this turn | 300 sec total\n|\n|t:|1783555487\n|switch|p1a: Ting-Lu|Ting-Lu, L78|26/100\n|-ability|p1a: Ting-Lu|Vessel of Ruin\n|move|p2a: Wyrdeer|Megahorn|p1a: Ting-Lu\n|-supereffective|p1a: Ting-Lu\n|-damage|p1a: Ting-Lu|0 fnt\n|faint|p1a: Ting-Lu\n|\n|upkeep\n|\n|t:|1783555488\n|switch|p1a: Ditto|Ditto, L87, tera:Ghost|71/100\n|-transform|p1a: Ditto|p2a: Wyrdeer|[from] ability: Imposter\n|-ability|p1a: Ditto|Intimidate|boost\n|-unboost|p2a: Wyrdeer|atk|1\n|turn|18\n|inactive|Time left: 300 sec this turn | 300 sec total\n|\n|t:|1783555489\n|-terastallize|p2a: Wyrdeer|Ground\n|move|p1a: Ditto|Thunder Wave|p2a: Wyrdeer\n|-immune|p2a: Wyrdeer\n|move|p2a: Wyrdeer|Earthquake|p1a: Ditto\n|-damage|p1a: Ditto|31/100\n|\n|upkeep\n|turn|19\n|inactive|Time left: 300 sec this turn | 300 sec total\n|\n|t:|1783555490\n|move|p1a: Ditto|Thunder Wave|p2a: Wyrdeer\n|-immune|p2a: Wyrdeer\n|move|p2a: Wyrdeer|Earthquake|p1a: Ditto\n|-damage|p1a: Ditto|0 fnt\n|faint|p1a: Ditto\n|\n|win|p0y1411b4bb", "uploadtime": 1783555490, "views": 0, "rating": 0, "private": 0, "password": null, "_winner": "p0y1411b4bb", "_our_name": "p0y1411b4bb"}