{"id": "battle-gen9randombattle-1509", "formatid": "gen9randombattle", "format": "[Gen 9] Random Battle", "players": ["p0x1509b17d", "p0y1509d52d"], "log": "|init|battle\n|title|p0x1509b17d vs. p0y1509d52d\n|j|\u2606p0x1509b17d\n|j|\u2606p0y1509d52d\n|t:|1783557570\n|gametype|singles\n|player|p1|p0x1509b17d|1|\n|player|p2|p0y1509d52d|2|\n|gen|9\n|tier|[Gen 9] Random Battle\n|rule|Species Clause: Limit one of each Pok\u00e9mon\n|rule|HP Percentage Mod: HP is shown in percentages\n|rule|Sleep Clause Mod: Limit one foe put to sleep\n|rule|Illusion Level Mod: Illusion disguises the Pok\u00e9mon's true level\n|\n|t:|1783557570\n|teamsize|p1|6\n|teamsize|p2|6\n|start\n|switch|p1a: Incineroar|Incineroar, L82, M|290/290\n|switch|p2a: Luxray|Luxray, L88, F|100/100\n|-ability|p2a: Luxray|Intimidate|boost\n|-unboost|p1a: Incineroar|atk|1\n|-ability|p1a: Incineroar|Intimidate|boost\n|-unboost|p2a: Luxray|atk|1\n|turn|1\n|inactive|Battle timer is ON: inactive players will automatically lose when time's up. (requested by p0x1509b17d)\n|inactive|p0y1509d52d also wants the timer to be on.\n|\n|t:|1783557572\n|switch|p2a: Tyranitar|Tyranitar, L78, F|100/100\n|-weather|Sandstorm|[from] ability: Sand Stream|[of] p2a: Tyranitar\n|move|p1a: Incineroar|Knock Off|p2a: Tyranitar\n|-resisted|p2a: Tyranitar\n|-damage|p2a: Tyranitar|89/100\n|-enditem|p2a: Tyranitar|Weakness Policy|[from] move: Knock Off|[of] p1a: Incineroar\n|\n|-weather|Sandstorm|[upkeep]\n|-damage|p1a: Incineroar|272/290|[from] Sandstorm\n|upkeep\n|turn|2\n|inactive|Time left: 300 sec this turn | 300 sec total\n|\n|t:|1783557573\n|move|p1a: Incineroar|Will-O-Wisp|p2a: Tyranitar|[miss]\n|-miss|p1a: Incineroar|p2a: Tyranitar\n|move|p2a: Tyranitar|Dragon Dance|p2a: Tyranitar\n|-boost|p2a: Tyranitar|atk|1\n|-boost|p2a: Tyranitar|spe|1\n|\n|-weather|Sandstorm|[upkeep]\n|-damage|p1a: Incineroar|254/290|[from] Sandstorm\n|upkeep\n|turn|3\n|inactive|Time left: 300 sec this turn | 300 sec total\n|\n|t:|1783557574\n|-terastallize|p1a: Incineroar|Fighting\n|move|p2a: Tyranitar|Stone Edge|p1a: Incineroar|[miss]\n|-miss|p2a: Tyranitar|p1a: Incineroar\n|move|p1a: Incineroar|Close Combat|p2a: Tyranitar\n|-supereffective|p2a: Tyranitar\n|-damage|p2a: Tyranitar|0 fnt\n|-unboost|p1a: Incineroar|def|1\n|-unboost|p1a: Incineroar|spd|1\n|faint|p2a: Tyranitar\n|\n|-weather|Sandstorm|[upkeep]\n|-damage|p1a: Incineroar|236/290|[from] Sandstorm\n|upkeep\n|\n|t:|1783557575\n|switch|p2a: Overqwil|Overqwil, L82, M|100/100\n|-ability|p2a: Overqwil|Intimidate|boost\n|-unboost|p1a: Incineroar|atk|1\n|turn|4\n|inactive|Time left: 300 sec this turn | 300 sec total\n|\n|t:|1783557576\n|switch|p1a: Dondozo|Dondozo, L78, M|362/362\n|move|p2a: Overqwil|Gunk Shot|p1a: Dondozo\n|-damage|p1a: Dondozo|241/362\n|\n|-weather|Sandstorm|[upkeep]\n|-damage|p2a: Overqwil|94/100|[from] Sandstorm\n|-damage|p1a: Dondozo|219/362|[from] Sandstorm\n|-heal|p1a: Dondozo|241/362|[from] item: Leftovers\n|upkeep\n|turn|5\n|inactive|Time left: 300 sec this turn | 300 sec total\n|\n|t:|1783557578\n|move|p2a: Overqwil|Swords Dance|p2a: Overqwil\n|-boost|p2a: Overqwil|atk|2\n|move|p1a: Dondozo|Wave Crash|p2a: Overqwil\n|-damage|p2a: Overqwil|53/100\n|-damage|p1a: Dondozo|203/362|[from] Recoil\n|\n|-weather|none\n|-heal|p1a: Dondozo|225/362|[from] item: Leftovers\n|upkeep\n|turn|6\n|inactive|Time left: 300 sec this turn | 300 sec total\n|\n|t:|1783557579\n|move|p2a: Overqwil|Gunk Shot|p1a: Dondozo\n|-damage|p1a: Dondozo|107/362\n|move|p1a: Dondozo|Wave Crash|p2a: Overqwil\n|-damage|p2a: Overqwil|13/100\n|-damage|p1a: Dondozo|71/362|[from] Recoil\n|\n|-heal|p1a: Dondozo|93/362|[from] item: Leftovers\n|upkeep\n|turn|7\n|inactive|Time left: 300 sec this turn | 300 sec total\n|\n|t:|1783557580\n|move|p2a: Overqwil|Gunk Shot|p1a: Dondozo\n|-damage|p1a: Dondozo|0 fnt\n|faint|p1a: Dondozo\n|\n|upkeep\n|inactive|Time left: 300 sec this turn | 300 sec total | 5 sec grace\n|\n|t:|1783557581\n|switch|p1a: Zangoose|Zangoose, L85, F|263/263\n|turn|8\n|inactive|Time left: 300 sec this turn | 300 sec total\n|\n|t:|1783557582\n|switch|p2a: Luxray|Luxray, L88, F|100/100\n|-ability|p2a: Luxray|Intimidate|boost\n|-unboost|p1a: Zangoose|atk|1\n|move|p1a: Zangoose|Knock Off|p2a: Luxray\n|-damage|p2a: Luxray|79/100\n|-enditem|p2a: Luxray|Assault Vest|[from] move: Knock Off|[of] p1a: Zangoose\n|\n|-status|p1a: Zangoose|tox|[from] item: Toxic Orb\n|upkeep\n|turn|9\n|inactive|Time left: 300 sec this turn | 300 sec total\n|\n|t:|1783557583\n|move|p1a: Zangoose|Facade|p2a: Luxray\n|-damage|p2a: Luxray|12/100\n|move|p2a: Luxray|Wild Charge|p1a: Zangoose\n|-damage|p1a: Zangoose|88/263 tox\n|-damage|p2a: Luxray|0 fnt|[from] Recoil\n|faint|p2a: Luxray\n|\n|-damage|p1a: Zangoose|72/263 tox|[from] psn\n|upkeep\n|\n|t:|1783557584\n|switch|p2a: Mew|Mew, L82|100/100\n|turn|10\n|inactive|Time left: 300 sec this turn | 300 sec total\n|\n|t:|1783557585\n|switch|p1a: Shaymin|Shaymin, L82|298/298\n|move|p2a: Mew|Nasty Plot|p2a: Mew\n|-boost|p2a: Mew|spa|2\n|\n|upkeep\n|turn|11\n|inactive|Time left: 300 sec this turn | 300 sec total\n|\n|t:|1783557586\n|move|p2a: Mew|Psyshock|p1a: Shaymin\n|-damage|p1a: Shaymin|110/298\n|-damage|p2a: Mew|91/100|[from] item: Life Orb\n|move|p1a: Shaymin|Seed Flare|p2a: Mew\n|-damage|p2a: Mew|50/100\n|-unboost|p2a: Mew|spd|2\n|\n|-heal|p1a: Shaymin|128/298|[from] item: Leftovers\n|upkeep\n|turn|12\n|inactive|Time left: 300 sec this turn | 300 sec total\n|\n|t:|1783557588\n|move|p1a: Shaymin|Seed Flare|p2a: Mew\n|-damage|p2a: Mew|0 fnt\n|faint|p2a: Mew\n|\n|-heal|p1a: Shaymin|146/298|[from] item: Leftovers\n|upkeep\n|\n|t:|1783557589\n|switch|p2a: Latios|Latios, L78, M|100/100\n|turn|13\n|inactive|Time left: 300 sec this turn | 300 sec total\n|\n|t:|1783557590\n|move|p2a: Latios|Calm Mind|p2a: Latios\n|-boost|p2a: Latios|spa|1\n|-boost|p2a: Latios|spd|1\n|move|p1a: Shaymin|Synthesis|p1a: Shaymin\n|-heal|p1a: Shaymin|295/298\n|\n|-heal|p1a: Shaymin|298/298|[from] item: Leftovers\n|upkeep\n|turn|14\n|inactive|Time left: 300 sec this turn | 300 sec total\n|\n|t:|1783557590\n|move|p2a: Latios|Calm Mind|p2a: Latios\n|-boost|p2a: Latios|spa|1\n|-boost|p2a: Latios|spd|1\n|move|p1a: Shaymin|Seed Flare|p2a: Latios\n|-resisted|p2a: Latios\n|-damage|p2a: Latios|90/100\n|\n|upkeep\n|turn|15\n|inactive|Time left: 300 sec this turn | 300 sec total\n|\n|t:|1783557591\n|move|p2a: Latios|Psyshock|p1a: Shaymin\n|-crit|p1a: Shaymin\n|-damage|p1a: Shaymin|0 fnt\n|faint|p1a: Shaymin\n|\n|upkeep\n|inactive|Time left: 300 sec this turn | 300 sec total | 5 sec grace\n|\n|t:|1783557592\n|switch|p1a: Incineroar|Incineroar, L82, M, tera:Fighting|236/290\n|-ability|p1a: Incineroar|Intimidate|boost\n|-unboost|p2a: Latios|atk|1\n|turn|16\n|inactive|Time left: 300 sec this turn | 300 sec total\n|\n|t:|1783557593\n|switch|p1a: Zangoose|Zangoose, L85, F|72/263 tox\n|move|p2a: Latios|Psyshock|p1a: Zangoose\n|-damage|p1a: Zangoose|0 fnt\n|faint|p1a: Zangoose\n|\n|upkeep\n|inactive|Time left: 300 sec this turn | 300 sec total | 5 sec grace\n|\n|t:|1783557594\n|switch|p1a: Ho-Oh|Ho-Oh, L71|268/268\n|turn|17\n|inactive|Time left: 300 sec this turn | 300 sec total\n|\n|t:|1783557595\n|move|p2a: Latios|Psyshock|p1a: Ho-Oh\n|-damage|p1a: Ho-Oh|13/268\n|move|p1a: Ho-Oh|Sacred Fire|p2a: Latios\n|-resisted|p2a: Latios\n|-damage|p2a: Latios|68/100\n|\n|upkeep\n|turn|18\n|inactive|Time left: 300 sec this turn | 300 sec total\n|\n|t:|1783557596\n|move|p2a: Latios|Psyshock|p1a: Ho-Oh\n|-damage|p1a: Ho-Oh|0 fnt\n|faint|p1a: Ho-Oh\n|\n|upkeep\n|inactive|Time left: 300 sec this turn | 300 sec total | 5 sec grace\n|\n|t:|1783557597\n|switch|p1a: Galvantula|Galvantula, L82, M|249/249\n|turn|19\n|inactive|Time left: 300 sec this turn | 300 sec total\n|\n|t:|1783557598\n|move|p1a: Galvantula|Thunder|p2a: Latios\n|-resisted|p2a: Latios\n|-damage|p2a: Latios|58/100\n|move|p2a: Latios|Psyshock|p1a: Galvantula\n|-damage|p1a: Galvantula|0 fnt\n|faint|p1a: Galvantula\n|\n|upkeep\n|inactive|Time left: 300 sec this turn | 300 sec total | 5 sec grace\n|\n|t:|1783557598\n|switch|p1a: Incineroar|Incineroar, L82, M, tera:Fighting|236/290\n|-ability|p1a: Incineroar|Intimidate|boost\n|-unboost|p2a: Latios|atk|1\n|turn|20\n|inactive|Time left: 300 sec this turn | 300 sec total\n|\n|t:|1783557599\n|-terastallize|p2a: Latios|Steel\n|move|p2a: Latios|Psyshock|p1a: Incineroar\n|-supereffective|p1a: Incineroar\n|-damage|p1a: Incineroar|0 fnt\n|faint|p1a: Incineroar\n|\n|win|p0y1509d52d", "uploadtime": 1783557599, "views": 0, "rating": 0, "private": 0, "password": null, "_winner": "p0y1509d52d", "_our_name": "p0x1509b17d"}