{"id": "battle-gen9randombattle-111", "formatid": "gen9randombattle", "format": "[Gen 9] Random Battle", "players": ["p0x111bac1", "p0y1118ede"], "log": "|init|battle\n|title|p0x111bac1 vs. p0y1118ede\n|j|\u2606p0x111bac1\n|j|\u2606p0y1118ede\n|t:|1783540450\n|gametype|singles\n|player|p1|p0x111bac1|266|\n|player|p2|p0y1118ede|169|\n|gen|9\n|tier|[Gen 9] Random Battle\n|rule|Species Clause: Limit one of each Pok\u00e9mon\n|rule|HP Percentage Mod: HP is shown in percentages\n|rule|Sleep Clause Mod: Limit one foe put to sleep\n|rule|Illusion Level Mod: Illusion disguises the Pok\u00e9mon's true level\n|\n|t:|1783540450\n|teamsize|p1|6\n|teamsize|p2|6\n|start\n|switch|p1a: Dedenne|Dedenne, L88, M|261/261\n|switch|p2a: Grumpig|Grumpig, L92, F|100/100\n|turn|1\n|inactive|Battle timer is ON: inactive players will automatically lose when time's up. (requested by p0y1118ede)\n|inactive|Time left: 300 sec this turn | 300 sec total | 60 sec grace\n|inactive|p0x111bac1 also wants the timer to be on.\n|\n|t:|1783540452\n|move|p1a: Dedenne|Super Fang|p2a: Grumpig\n|-damage|p2a: Grumpig|51/100\n|move|p2a: Grumpig|Nasty Plot|p2a: Grumpig\n|-boost|p2a: Grumpig|spa|2\n|\n|-heal|p2a: Grumpig|57/100|[from] item: Leftovers\n|upkeep\n|turn|2\n|inactive|Time left: 300 sec this turn | 300 sec total\n|\n|t:|1783540454\n|move|p1a: Dedenne|Nuzzle|p2a: Grumpig\n|-damage|p2a: Grumpig|50/100\n|-status|p2a: Grumpig|par\n|move|p2a: Grumpig|Psyshock|p1a: Dedenne\n|-damage|p1a: Dedenne|9/261\n|-enditem|p1a: Dedenne|Sitrus Berry|[eat]\n|-heal|p1a: Dedenne|74/261|[from] item: Sitrus Berry\n|-heal|p1a: Dedenne|161/261|[from] ability: Cheek Pouch\n|\n|-heal|p2a: Grumpig|56/100 par|[from] item: Leftovers\n|upkeep\n|turn|3\n|inactive|Time left: 300 sec this turn | 300 sec total\n|\n|t:|1783540455\n|switch|p1a: Dusknoir|Dusknoir, L89, M|225/225\n|-item|p2a: Grumpig|Leftovers|[from] ability: Frisk|[of] p1a: Dusknoir\n|cant|p2a: Grumpig|par\n|\n|-heal|p2a: Grumpig|62/100 par|[from] item: Leftovers\n|upkeep\n|turn|4\n|inactive|Time left: 300 sec this turn | 300 sec total\n|\n|t:|1783540456\n|move|p1a: Dusknoir|Poltergeist|p2a: Grumpig\n|-activate|p2a: Grumpig|move: Poltergeist|Leftovers\n|-supereffective|p2a: Grumpig\n|-damage|p2a: Grumpig|0 fnt\n|faint|p2a: Grumpig\n|\n|upkeep\n|\n|t:|1783540457\n|switch|p2a: Politoed|Politoed, L88, F|100/100\n|-weather|RainDance|[from] ability: Drizzle|[of] p2a: Politoed\n|turn|5\n|inactive|Time left: 300 sec this turn | 300 sec total\n|\n|t:|1783540459\n|move|p2a: Politoed|Weather Ball|p1a: Dusknoir\n|-damage|p1a: Dusknoir|56/225\n|move|p1a: Dusknoir|Poltergeist|p2a: Politoed\n|-activate|p2a: Politoed|move: Poltergeist|Choice Specs\n|-damage|p2a: Politoed|29/100\n|\n|-weather|RainDance|[upkeep]\n|upkeep\n|turn|6\n|inactive|Time left: 300 sec this turn | 300 sec total\n|\n|t:|1783540460\n|switch|p1a: Trevenant|Trevenant, L89, M|296/296\n|move|p2a: Politoed|Weather Ball|p1a: Trevenant\n|-resisted|p1a: Trevenant\n|-damage|p1a: Trevenant|173/296\n|\n|-weather|RainDance|[upkeep]\n|upkeep\n|turn|7\n|inactive|Time left: 300 sec this turn | 300 sec total\n|\n|t:|1783540461\n|move|p2a: Politoed|Weather Ball|p1a: Trevenant\n|-resisted|p1a: Trevenant\n|-damage|p1a: Trevenant|47/296\n|-enditem|p1a: Trevenant|Sitrus Berry|[eat]\n|-heal|p1a: Trevenant|121/296|[from] item: Sitrus Berry\n|move|p1a: Trevenant|Poltergeist|p2a: Politoed\n|-activate|p2a: Politoed|move: Poltergeist|Choice Specs\n|-crit|p2a: Politoed\n|-damage|p2a: Politoed|0 fnt\n|faint|p2a: Politoed\n|\n|-weather|RainDance|[upkeep]\n|-item|p1a: Trevenant|Sitrus Berry|[from] ability: Harvest\n|upkeep\n|-enditem|p1a: Trevenant|Sitrus Berry|[eat]\n|-heal|p1a: Trevenant|195/296|[from] item: Sitrus Berry\n|\n|t:|1783540462\n|switch|p2a: Iron Hands|Iron Hands, L79|100/100\n|turn|8\n|inactive|Time left: 300 sec this turn | 300 sec total\n|\n|t:|1783540463\n|move|p1a: Trevenant|Drain Punch|p2a: Iron Hands\n|-damage|p2a: Iron Hands|84/100\n|-heal|p1a: Trevenant|225/296|[from] drain|[of] p2a: Iron Hands\n|move|p2a: Iron Hands|Swords Dance|p2a: Iron Hands\n|-boost|p2a: Iron Hands|atk|2\n|\n|-weather|RainDance|[upkeep]\n|-heal|p2a: Iron Hands|91/100|[from] item: Leftovers\n|-item|p1a: Trevenant|Sitrus Berry|[from] ability: Harvest\n|upkeep\n|turn|9\n|inactive|Time left: 300 sec this turn | 300 sec total\n|\n|t:|1783540464\n|move|p1a: Trevenant|Protect|p1a: Trevenant\n|-singleturn|p1a: Trevenant|Protect\n|move|p2a: Iron Hands|Ice Punch|p1a: Trevenant\n|-activate|p1a: Trevenant|move: Protect\n|\n|-weather|none\n|-heal|p2a: Iron Hands|97/100|[from] item: Leftovers\n|upkeep\n|turn|10\n|inactive|Time left: 300 sec this turn | 300 sec total\n|\n|t:|1783540465\n|move|p1a: Trevenant|Poltergeist|p2a: Iron Hands\n|-activate|p2a: Iron Hands|move: Poltergeist|Leftovers\n|-damage|p2a: Iron Hands|64/100\n|move|p2a: Iron Hands|Ice Punch|p1a: Trevenant\n|-supereffective|p1a: Trevenant\n|-damage|p1a: Trevenant|0 fnt\n|faint|p1a: Trevenant\n|\n|-heal|p2a: Iron Hands|70/100|[from] item: Leftovers\n|upkeep\n|inactive|Time left: 300 sec this turn | 300 sec total | 5 sec grace\n|\n|t:|1783540466\n|switch|p1a: Dusknoir|Dusknoir, L89, M|56/225\n|-item|p2a: Iron Hands|Leftovers|[from] ability: Frisk|[of] p1a: Dusknoir\n|turn|11\n|inactive|Time left: 300 sec this turn | 300 sec total\n|\n|t:|1783540467\n|move|p1a: Dusknoir|Poltergeist|p2a: Iron Hands\n|-activate|p2a: Iron Hands|move: Poltergeist|Leftovers\n|-damage|p2a: Iron Hands|25/100\n|move|p2a: Iron Hands|Ice Punch|p1a: Dusknoir\n|-damage|p1a: Dusknoir|0 fnt\n|faint|p1a: Dusknoir\n|\n|-heal|p2a: Iron Hands|31/100|[from] item: Leftovers\n|upkeep\n|inactive|Time left: 300 sec this turn | 300 sec total | 5 sec grace\n|\n|t:|1783540468\n|switch|p1a: Dedenne|Dedenne, L88, M|161/261\n|turn|12\n|inactive|Time left: 300 sec this turn | 300 sec total\n|\n|t:|1783540469\n|-end|p2a: Iron Hands|Quark Drive|[silent]\n|switch|p2a: Magearna|Magearna, L77|100/100\n|move|p1a: Dedenne|Dazzling Gleam|p2a: Magearna\n|-resisted|p2a: Magearna\n|-damage|p2a: Magearna|86/100\n|\n|upkeep\n|turn|13\n|inactive|Time left: 300 sec this turn | 300 sec total\n|\n|t:|1783540470\n|move|p1a: Dedenne|Nuzzle|p2a: Magearna\n|-damage|p2a: Magearna|80/100\n|-status|p2a: Magearna|par\n|cant|p2a: Magearna|par\n|\n|upkeep\n|turn|14\n|inactive|Time left: 300 sec this turn | 300 sec total\n|\n|t:|1783540471\n|move|p1a: Dedenne|Super Fang|p2a: Magearna|[miss]\n|-miss|p1a: Dedenne|p2a: Magearna\n|cant|p2a: Magearna|par\n|\n|upkeep\n|turn|15\n|inactive|Time left: 300 sec this turn | 300 sec total\n|\n|t:|1783540472\n|move|p1a: Dedenne|Super Fang|p2a: Magearna|[miss]\n|-miss|p1a: Dedenne|p2a: Magearna\n|move|p2a: Magearna|Shift Gear|p2a: Magearna\n|-boost|p2a: Magearna|spe|2\n|-boost|p2a: Magearna|atk|1\n|\n|upkeep\n|turn|16\n|inactive|Time left: 300 sec this turn | 300 sec total\n|\n|t:|1783540473\n|move|p1a: Dedenne|Super Fang|p2a: Magearna\n|-damage|p2a: Magearna|40/100 par\n|move|p2a: Magearna|Shift Gear|p2a: Magearna\n|-boost|p2a: Magearna|spe|2\n|-boost|p2a: Magearna|atk|1\n|\n|upkeep\n|turn|17\n|inactive|Time left: 300 sec this turn | 300 sec total\n|\n|t:|1783540474\n|move|p1a: Dedenne|Thunderbolt|p2a: Magearna\n|-damage|p2a: Magearna|10/100 par\n|move|p2a: Magearna|Iron Head|p1a: Dedenne\n|-damage|p1a: Dedenne|0 fnt\n|faint|p1a: Dedenne\n|-ability|p2a: Magearna|Soul-Heart|boost\n|-boost|p2a: Magearna|spa|1\n|\n|upkeep\n|inactive|Time left: 300 sec this turn | 300 sec total | 5 sec grace\n|\n|t:|1783540475\n|switch|p1a: Infernape|Infernape, L82, F|259/259\n|turn|18\n|inactive|Time left: 300 sec this turn | 300 sec total\n|\n|t:|1783540476\n|move|p1a: Infernape|Close Combat|p2a: Magearna\n|-damage|p2a: Magearna|0 fnt\n|-unboost|p1a: Infernape|def|1\n|-unboost|p1a: Infernape|spd|1\n|faint|p2a: Magearna\n|-damage|p1a: Infernape|234/259|[from] item: Life Orb\n|\n|upkeep\n|\n|t:|1783540477\n|switch|p2a: Great Tusk|Great Tusk, L77|100/100\n|turn|19\n|inactive|Time left: 300 sec this turn | 300 sec total\n|\n|t:|1783540477\n|switch|p1a: Slither Wing|Slither Wing, L81|270/270\n|move|p2a: Great Tusk|Bulk Up|p2a: Great Tusk\n|-boost|p2a: Great Tusk|atk|1\n|-boost|p2a: Great Tusk|def|1\n|\n|upkeep\n|turn|20\n|inactive|Time left: 300 sec this turn | 300 sec total\n|\n|t:|1783540478\n|move|p2a: Great Tusk|Rapid Spin|p1a: Slither Wing\n|-damage|p1a: Slither Wing|209/270\n|-boost|p2a: Great Tusk|spe|1\n|move|p1a: Slither Wing|Will-O-Wisp|p2a: Great Tusk|[miss]\n|-miss|p1a: Slither Wing|p2a: Great Tusk\n|\n|upkeep\n|turn|21\n|inactive|Time left: 300 sec this turn | 300 sec total\n|\n|t:|1783540480\n|move|p2a: Great Tusk|Bulk Up|p2a: Great Tusk\n|-boost|p2a: Great Tusk|atk|1\n|-boost|p2a: Great Tusk|def|1\n|move|p1a: Slither Wing|Will-O-Wisp|p2a: Great Tusk\n|-status|p2a: Great Tusk|brn\n|\n|-damage|p2a: Great Tusk|94/100 brn|[from] brn\n|upkeep\n|turn|22\n|inactive|Time left: 300 sec this turn | 300 sec total\n|\n|t:|1783540481\n|move|p2a: Great Tusk|Earthquake|p1a: Slither Wing\n|-resisted|p1a: Slither Wing\n|-damage|p1a: Slither Wing|143/270\n|move|p1a: Slither Wing|Morning Sun|p1a: Slither Wing\n|-heal|p1a: Slither Wing|270/270\n|\n|-heal|p2a: Great Tusk|100/100 brn|[from] item: Leftovers\n|-damage|p2a: Great Tusk|94/100 brn|[from] brn\n|upkeep\n|turn|23\n|inactive|Time left: 300 sec this turn | 300 sec total\n|\n|t:|1783540482\n|move|p2a: Great Tusk|Bulk Up|p2a: Great Tusk\n|-boost|p2a: Great Tusk|atk|1\n|-boost|p2a: Great Tusk|def|1\n|move|p1a: Slither Wing|U-turn|p2a: Great Tusk\n|-resisted|p2a: Great Tusk\n|-damage|p2a: Great Tusk|89/100 brn\n|inactive|Time left: 300 sec this turn | 300 sec total | 5 sec grace\n|\n|t:|1783540482\n|-end|p1a: Slither Wing|Protosynthesis|[silent]\n|switch|p1a: Infernape|Infernape, L82, F|234/259|[from] U-turn\n|\n|-heal|p2a: Great Tusk|95/100 brn|[from] item: Leftovers\n|-damage|p2a: Great Tusk|89/100 brn|[from] brn\n|upkeep\n|turn|24\n|inactive|Time left: 300 sec this turn | 300 sec total\n|\n|t:|1783540483\n|move|p2a: Great Tusk|Earthquake|p1a: Infernape\n|-supereffective|p1a: Infernape\n|-damage|p1a: Infernape|0 fnt\n|faint|p1a: Infernape\n|\n|-heal|p2a: Great Tusk|95/100 brn|[from] item: Leftovers\n|-damage|p2a: Great Tusk|89/100 brn|[from] brn\n|upkeep\n|inactive|Time left: 300 sec this turn | 300 sec total | 5 sec grace\n|\n|t:|1783540485\n|switch|p1a: Sandaconda|Sandaconda, L84, F|258/258\n|turn|25\n|inactive|Time left: 300 sec this turn | 300 sec total\n|\n|t:|1783540486\n|move|p2a: Great Tusk|Earthquake|p1a: Sandaconda\n|-damage|p1a: Sandaconda|151/258\n|move|p1a: Sandaconda|Earthquake|p2a: Great Tusk\n|-damage|p2a: Great Tusk|76/100 brn\n|\n|-heal|p2a: Great Tusk|82/100 brn|[from] item: Leftovers\n|-heal|p1a: Sandaconda|167/258|[from] item: Leftovers\n|-damage|p2a: Great Tusk|76/100 brn|[from] brn\n|upkeep\n|turn|26\n|inactive|Time left: 300 sec this turn | 300 sec total\n|\n|t:|1783540487\n|move|p2a: Great Tusk|Earthquake|p1a: Sandaconda\n|-damage|p1a: Sandaconda|65/258\n|move|p1a: Sandaconda|Stealth Rock|p2a: Great Tusk\n|-sidestart|p2: p0y1118ede|move: Stealth Rock\n|\n|-heal|p2a: Great Tusk|82/100 brn|[from] item: Leftovers\n|-heal|p1a: Sandaconda|81/258|[from] item: Leftovers\n|-damage|p2a: Great Tusk|76/100 brn|[from] brn\n|upkeep\n|turn|27\n|inactive|Time left: 300 sec this turn | 300 sec total\n|\n|t:|1783540488\n|switch|p1a: Slither Wing|Slither Wing, L81|270/270\n|move|p2a: Great Tusk|Earthquake|p1a: Slither Wing\n|-resisted|p1a: Slither Wing\n|-damage|p1a: Slither Wing|196/270\n|\n|-heal|p2a: Great Tusk|82/100 brn|[from] item: Leftovers\n|-damage|p2a: Great Tusk|76/100 brn|[from] brn\n|upkeep\n|turn|28\n|inactive|Time left: 300 sec this turn | 300 sec total\n|\n|t:|1783540490\n|move|p2a: Great Tusk|Rapid Spin|p1a: Slither Wing\n|-damage|p1a: Slither Wing|143/270\n|-boost|p2a: Great Tusk|spe|1\n|-sideend|p2: p0y1118ede|Stealth Rock|[from] move: Rapid Spin|[of] p2a: Great Tusk\n|move|p1a: Slither Wing|Morning Sun|p1a: Slither Wing\n|-heal|p1a: Slither Wing|270/270\n|\n|-heal|p2a: Great Tusk|82/100 brn|[from] item: Leftovers\n|-damage|p2a: Great Tusk|76/100 brn|[from] brn\n|upkeep\n|turn|29\n|inactive|Time left: 300 sec this turn | 300 sec total\n|\n|t:|1783540491\n|move|p2a: Great Tusk|Earthquake|p1a: Slither Wing\n|-resisted|p1a: Slither Wing\n|-damage|p1a: Slither Wing|191/270\n|move|p1a: Slither Wing|Morning Sun|p1a: Slither Wing\n|-heal|p1a: Slither Wing|270/270\n|\n|-heal|p2a: Great Tusk|82/100 brn|[from] item: Leftovers\n|-damage|p2a: Great Tusk|76/100 brn|[from] brn\n|upkeep\n|turn|30\n|inactive|Time left: 300 sec this turn | 300 sec total\n|\n|t:|1783540492\n|move|p2a: Great Tusk|Bulk Up|p2a: Great Tusk\n|-boost|p2a: Great Tusk|atk|1\n|-boost|p2a: Great Tusk|def|1\n|move|p1a: Slither Wing|Morning Sun|p1a: Slither Wing\n|-fail|p1a: Slither Wing|heal\n|\n|-heal|p2a: Great Tusk|82/100 brn|[from] item: Leftovers\n|-damage|p2a: Great Tusk|76/100 brn|[from] brn\n|upkeep\n|turn|31\n|inactive|Time left: 300 sec this turn | 300 sec total\n|\n|t:|1783540493\n|move|p2a: Great Tusk|Earthquake|p1a: Slither Wing\n|-resisted|p1a: Slither Wing\n|-damage|p1a: Slither Wing|179/270\n|move|p1a: Slither Wing|Morning Sun|p1a: Slither Wing\n|-heal|p1a: Slither Wing|270/270\n|\n|-heal|p2a: Great Tusk|82/100 brn|[from] item: Leftovers\n|-damage|p2a: Great Tusk|76/100 brn|[from] brn\n|upkeep\n|turn|32\n|inactive|Time left: 300 sec this turn | 300 sec total\n|\n|t:|1783540495\n|move|p2a: Great Tusk|Rapid Spin|p1a: Slither Wing\n|-damage|p1a: Slither Wing|207/270\n|-boost|p2a: Great Tusk|spe|1\n|move|p1a: Slither Wing|Morning Sun|p1a: Slither Wing\n|-heal|p1a: Slither Wing|270/270\n|\n|-heal|p2a: Great Tusk|82/100 brn|[from] item: Leftovers\n|-damage|p2a: Great Tusk|76/100 brn|[from] brn\n|upkeep\n|turn|33\n|inactive|Time left: 300 sec this turn | 300 sec total\n|\n|t:|1783540496\n|move|p2a: Great Tusk|Earthquake|p1a: Slither Wing\n|-resisted|p1a: Slither Wing\n|-damage|p1a: Slither Wing|169/270\n|move|p1a: Slither Wing|Morning Sun|p1a: Slither Wing\n|-heal|p1a: Slither Wing|270/270\n|\n|-heal|p2a: Great Tusk|82/100 brn|[from] item: Leftovers\n|-damage|p2a: Great Tusk|76/100 brn|[from] brn\n|upkeep\n|turn|34\n|inactive|Time left: 300 sec this turn | 300 sec total\n|\n|t:|1783540497\n|move|p2a: Great Tusk|Earthquake|p1a: Slither Wing\n|-resisted|p1a: Slither Wing\n|-damage|p1a: Slither Wing|169/270\n|move|p1a: Slither Wing|Morning Sun|p1a: Slither Wing\n|-heal|p1a: Slither Wing|270/270\n|\n|-heal|p2a: Great Tusk|82/100 brn|[from] item: Leftovers\n|-damage|p2a: Great Tusk|76/100 brn|[from] brn\n|upkeep\n|turn|35\n|inactive|Time left: 300 sec this turn | 300 sec total\n|\n|t:|1783540498\n|move|p2a: Great Tusk|Earthquake|p1a: Slither Wing\n|-resisted|p1a: Slither Wing\n|-damage|p1a: Slither Wing|184/270\n|move|p1a: Slither Wing|U-turn|p2a: Great Tusk\n|-resisted|p2a: Great Tusk\n|-damage|p2a: Great Tusk|72/100 brn\n|inactive|Time left: 300 sec this turn | 300 sec total | 5 sec grace\n|\n|t:|1783540499\n|-end|p1a: Slither Wing|Protosynthesis|[silent]\n|switch|p1a: Sandaconda|Sandaconda, L84, F|81/258|[from] U-turn\n|\n|-heal|p2a: Great Tusk|78/100 brn|[from] item: Leftovers\n|-heal|p1a: Sandaconda|97/258|[from] item: Leftovers\n|-damage|p2a: Great Tusk|72/100 brn|[from] brn\n|upkeep\n|turn|36\n|inactive|Time left: 300 sec this turn | 300 sec total\n|\n|t:|1783540500\n|switch|p1a: Slither Wing|Slither Wing, L81|184/270\n|move|p2a: Great Tusk|Earthquake|p1a: Slither Wing\n|-resisted|p1a: Slither Wing\n|-damage|p1a: Slither Wing|97/270\n|\n|-heal|p2a: Great Tusk|78/100 brn|[from] item: Leftovers\n|-damage|p2a: Great Tusk|72/100 brn|[from] brn\n|upkeep\n|turn|37\n|inactive|Time left: 300 sec this turn | 300 sec total\n|\n|t:|1783540502\n|move|p2a: Great Tusk|Close Combat|p1a: Slither Wing\n|-resisted|p1a: Slither Wing\n|-damage|p1a: Slither Wing|0 fnt\n|-unboost|p2a: Great Tusk|def|1\n|-unboost|p2a: Great Tusk|spd|1\n|faint|p1a: Slither Wing\n|-end|p1a: Slither Wing|Protosynthesis|[silent]\n|\n|-heal|p2a: Great Tusk|78/100 brn|[from] item: Leftovers\n|-damage|p2a: Great Tusk|72/100 brn|[from] brn\n|upkeep\n|inactive|Time left: 300 sec this turn | 300 sec total | 5 sec grace\n|\n|t:|1783540503\n|switch|p1a: Sandaconda|Sandaconda, L84, F|97/258\n|turn|38\n|inactive|Time left: 300 sec this turn | 300 sec total\n|\n|t:|1783540504\n|-terastallize|p1a: Sandaconda|Water\n|move|p2a: Great Tusk|Close Combat|p1a: Sandaconda\n|-damage|p1a: Sandaconda|0 fnt\n|-unboost|p2a: Great Tusk|def|1\n|-unboost|p2a: Great Tusk|spd|1\n|faint|p1a: Sandaconda\n|\n|win|p0y1118ede", "uploadtime": 1783540504, "views": 0, "rating": 0, "private": 0, "password": null, "_winner": "p0y1118ede", "_our_name": "p0x111bac1"}