{"id": "battle-gen9randombattle-2468", "formatid": "gen9randombattle", "format": "[Gen 9] Random Battle", "players": ["p0x2468d2c5", "p0y24688131"], "log": "|init|battle\n|title|p0x2468d2c5 vs. p0y24688131\n|j|\u2606p0x2468d2c5\n|j|\u2606p0y24688131\n|t:|1783567644\n|gametype|singles\n|player|p1|p0x2468d2c5|102|\n|player|p2|p0y24688131|170|\n|gen|9\n|tier|[Gen 9] Random Battle\n|rule|Species Clause: Limit one of each Pok\u00e9mon\n|rule|HP Percentage Mod: HP is shown in percentages\n|rule|Sleep Clause Mod: Limit one foe put to sleep\n|rule|Illusion Level Mod: Illusion disguises the Pok\u00e9mon's true level\n|\n|t:|1783567644\n|teamsize|p1|6\n|teamsize|p2|6\n|start\n|switch|p1a: Rotom|Rotom-Heat, L83|100/100\n|switch|p2a: Glalie|Glalie, L96, M|309/309\n|turn|1\n|inactive|Battle timer is ON: inactive players will automatically lose when time's up. (requested by p0y24688131)\n|\n|t:|1783567645\n|move|p2a: Glalie|Spikes|p1a: Rotom\n|-sidestart|p1: p0x2468d2c5|Spikes\n|move|p1a: Rotom|Pain Split|p2a: Glalie\n|-sethp|p2a: Glalie|264/309|[from] move: Pain Split|[silent]\n|-sethp|p1a: Rotom|100/100|[from] move: Pain Split\n|\n|upkeep\n|turn|2\n|inactive|Time left: 300 sec this turn | 300 sec total\n|inactive|p0x2468d2c5 also wants the timer to be on.\n|\n|t:|1783567647\n|switch|p2a: Dunsparce|Dunsparce, L86, F|312/312\n|move|p1a: Rotom|Discharge|p2a: Dunsparce\n|-damage|p2a: Dunsparce|236/312\n|-status|p2a: Dunsparce|par\n|\n|upkeep\n|turn|3\n|inactive|Time left: 300 sec this turn | 300 sec total\n|\n|t:|1783567648\n|move|p1a: Rotom|Volt Switch|p2a: Dunsparce\n|-damage|p2a: Dunsparce|166/312 par\n|\n|t:|1783567649\n|switch|p1a: Ceruledge|Ceruledge, L78, M|100/100|[from] Volt Switch\n|move|p2a: Dunsparce|Roost|p2a: Dunsparce\n|-heal|p2a: Dunsparce|312/312 par\n|-singleturn|p2a: Dunsparce|move: Roost\n|\n|upkeep\n|turn|4\n|inactive|Time left: 300 sec this turn | 300 sec total\n|\n|t:|1783567650\n|move|p1a: Ceruledge|Swords Dance|p1a: Ceruledge\n|-boost|p1a: Ceruledge|atk|2\n|move|p2a: Dunsparce|Coil|p2a: Dunsparce\n|-boost|p2a: Dunsparce|atk|1\n|-boost|p2a: Dunsparce|def|1\n|-boost|p2a: Dunsparce|accuracy|1\n|\n|upkeep\n|turn|5\n|inactive|Time left: 300 sec this turn | 300 sec total\n|\n|t:|1783567651\n|move|p1a: Ceruledge|Bitter Blade|p2a: Dunsparce\n|-damage|p2a: Dunsparce|215/312 par\n|move|p2a: Dunsparce|Earthquake|p1a: Ceruledge\n|-supereffective|p1a: Ceruledge\n|-damage|p1a: Ceruledge|16/100\n|-ability|p1a: Ceruledge|Weak Armor|boost\n|-unboost|p1a: Ceruledge|def|1\n|-boost|p1a: Ceruledge|spe|2\n|\n|upkeep\n|turn|6\n|inactive|Time left: 300 sec this turn | 300 sec total\n|\n|t:|1783567652\n|move|p1a: Ceruledge|Bitter Blade|p2a: Dunsparce\n|-damage|p2a: Dunsparce|101/312 par\n|-heal|p1a: Ceruledge|40/100|[from] drain|[of] p2a: Dunsparce\n|cant|p2a: Dunsparce|par\n|\n|upkeep\n|turn|7\n|inactive|Time left: 300 sec this turn | 300 sec total\n|\n|t:|1783567653\n|move|p1a: Ceruledge|Bitter Blade|p2a: Dunsparce\n|-damage|p2a: Dunsparce|2/312 par\n|-heal|p1a: Ceruledge|60/100|[from] drain|[of] p2a: Dunsparce\n|move|p2a: Dunsparce|Earthquake|p1a: Ceruledge\n|-supereffective|p1a: Ceruledge\n|-damage|p1a: Ceruledge|0 fnt\n|faint|p1a: Ceruledge\n|\n|upkeep\n|\n|t:|1783567654\n|switch|p1a: Diancie|Diancie, L82|100/100\n|-damage|p1a: Diancie|88/100|[from] Spikes\n|turn|8\n|inactive|Time left: 300 sec this turn | 300 sec total\n|\n|t:|1783567655\n|switch|p2a: Cobalion|Cobalion, L80|277/277\n|move|p1a: Diancie|Diamond Storm|p2a: Cobalion\n|-resisted|p2a: Cobalion\n|-damage|p2a: Cobalion|257/277\n|-boost|p1a: Diancie|def|2\n|\n|-heal|p2a: Cobalion|274/277|[from] item: Leftovers\n|upkeep\n|turn|9\n|inactive|Time left: 300 sec this turn | 300 sec total\n|\n|t:|1783567656\n|move|p2a: Cobalion|Flash Cannon|p1a: Diancie\n|-supereffective|p1a: Diancie\n|-damage|p1a: Diancie|25/100\n|move|p1a: Diancie|Body Press|p2a: Cobalion\n|-supereffective|p2a: Cobalion\n|-damage|p2a: Cobalion|18/277\n|\n|-heal|p2a: Cobalion|35/277|[from] item: Leftovers\n|upkeep\n|turn|10\n|inactive|Time left: 300 sec this turn | 300 sec total\n|\n|t:|1783567657\n|switch|p1a: Noctowl|Noctowl, L95, M|100/100\n|move|p2a: Cobalion|Flash Cannon|p1a: Noctowl\n|-damage|p1a: Noctowl|82/100\n|\n|-heal|p2a: Cobalion|52/277|[from] item: Leftovers\n|upkeep\n|turn|11\n|inactive|Time left: 300 sec this turn | 300 sec total\n|\n|t:|1783567658\n|move|p2a: Cobalion|Calm Mind|p2a: Cobalion\n|-boost|p2a: Cobalion|spa|1\n|-boost|p2a: Cobalion|spd|1\n|move|p1a: Noctowl|Calm Mind|p1a: Noctowl\n|-boost|p1a: Noctowl|spa|1\n|-boost|p1a: Noctowl|spd|1\n|\n|-heal|p2a: Cobalion|69/277|[from] item: Leftovers\n|upkeep\n|turn|12\n|inactive|Time left: 300 sec this turn | 300 sec total\n|\n|t:|1783567659\n|move|p2a: Cobalion|Flash Cannon|p1a: Noctowl\n|-damage|p1a: Noctowl|65/100\n|move|p1a: Noctowl|Hyper Voice|p2a: Cobalion\n|-resisted|p2a: Cobalion\n|-damage|p2a: Cobalion|0 fnt\n|faint|p2a: Cobalion\n|\n|upkeep\n|inactive|Time left: 300 sec this turn | 300 sec total | 5 sec grace\n|\n|t:|1783567660\n|switch|p2a: Zapdos|Zapdos-Galar, L77|265/265\n|turn|13\n|inactive|Time left: 300 sec this turn | 300 sec total\n|\n|t:|1783567661\n|move|p2a: Zapdos|Close Combat|p1a: Noctowl\n|-damage|p1a: Noctowl|0 fnt\n|-unboost|p2a: Zapdos|def|1\n|-unboost|p2a: Zapdos|spd|1\n|faint|p1a: Noctowl\n|-damage|p2a: Zapdos|239/265|[from] item: Life Orb\n|\n|upkeep\n|\n|t:|1783567661\n|switch|p1a: Rotom|Rotom-Heat, L83|100/100\n|turn|14\n|inactive|Time left: 300 sec this turn | 300 sec total\n|\n|t:|1783567662\n|switch|p2a: Eelektross|Eelektross, L87, F|290/290\n|move|p1a: Rotom|Discharge|p2a: Eelektross\n|-resisted|p2a: Eelektross\n|-damage|p2a: Eelektross|243/290\n|\n|-heal|p2a: Eelektross|261/290|[from] item: Leftovers\n|upkeep\n|turn|15\n|inactive|Time left: 300 sec this turn | 300 sec total\n|\n|t:|1783567663\n|move|p1a: Rotom|Discharge|p2a: Eelektross\n|-resisted|p2a: Eelektross\n|-damage|p2a: Eelektross|219/290\n|move|p2a: Eelektross|Coil|p2a: Eelektross\n|-boost|p2a: Eelektross|atk|1\n|-boost|p2a: Eelektross|def|1\n|-boost|p2a: Eelektross|accuracy|1\n|\n|-heal|p2a: Eelektross|237/290|[from] item: Leftovers\n|upkeep\n|turn|16\n|inactive|Time left: 300 sec this turn | 300 sec total\n|\n|t:|1783567663\n|move|p1a: Rotom|Overheat|p2a: Eelektross\n|-damage|p2a: Eelektross|93/290\n|-unboost|p1a: Rotom|spa|2\n|move|p2a: Eelektross|Supercell Slam|p1a: Rotom\n|-resisted|p1a: Rotom\n|-damage|p1a: Rotom|60/100\n|\n|-heal|p2a: Eelektross|111/290|[from] item: Leftovers\n|upkeep\n|turn|17\n|inactive|Time left: 300 sec this turn | 300 sec total\n|\n|t:|1783567664\n|move|p1a: Rotom|Volt Switch|p2a: Eelektross\n|-resisted|p2a: Eelektross\n|-damage|p2a: Eelektross|93/290\n|\n|t:|1783567665\n|switch|p1a: Annihilape|Annihilape, L76, F|100/100|[from] Volt Switch\n|-damage|p1a: Annihilape|88/100|[from] Spikes\n|move|p2a: Eelektross|Drain Punch|p1a: Annihilape\n|-immune|p1a: Annihilape\n|\n|-heal|p1a: Annihilape|94/100|[from] item: Leftovers\n|-heal|p2a: Eelektross|111/290|[from] item: Leftovers\n|upkeep\n|turn|18\n|inactive|Time left: 300 sec this turn | 300 sec total\n|\n|t:|1783567666\n|move|p1a: Annihilape|Bulk Up|p1a: Annihilape\n|-boost|p1a: Annihilape|atk|1\n|-boost|p1a: Annihilape|def|1\n|move|p2a: Eelektross|Supercell Slam|p1a: Annihilape\n|-damage|p1a: Annihilape|46/100\n|\n|-heal|p1a: Annihilape|52/100|[from] item: Leftovers\n|-heal|p2a: Eelektross|129/290|[from] item: Leftovers\n|upkeep\n|turn|19\n|inactive|Time left: 300 sec this turn | 300 sec total\n|\n|t:|1783567666\n|move|p1a: Annihilape|Drain Punch|p2a: Eelektross\n|-damage|p2a: Eelektross|44/290\n|-heal|p1a: Annihilape|67/100|[from] drain|[of] p2a: Eelektross\n|move|p2a: Eelektross|Supercell Slam|p1a: Annihilape\n|-damage|p1a: Annihilape|13/100\n|\n|-heal|p1a: Annihilape|19/100|[from] item: Leftovers\n|-heal|p2a: Eelektross|62/290|[from] item: Leftovers\n|upkeep\n|turn|20\n|inactive|Time left: 300 sec this turn | 300 sec total\n|\n|t:|1783567667\n|switch|p2a: Zapdos|Zapdos-Galar, L77|239/265\n|move|p1a: Annihilape|Drain Punch|p2a: Zapdos\n|-resisted|p2a: Zapdos\n|-damage|p2a: Zapdos|173/265\n|-heal|p1a: Annihilape|30/100|[from] drain|[of] p2a: Zapdos\n|\n|-heal|p1a: Annihilape|36/100|[from] item: Leftovers\n|upkeep\n|turn|21\n|inactive|Time left: 300 sec this turn | 300 sec total\n|\n|t:|1783567668\n|move|p2a: Zapdos|Brave Bird|p1a: Annihilape\n|-supereffective|p1a: Annihilape\n|-damage|p1a: Annihilape|0 fnt\n|faint|p1a: Annihilape\n|-damage|p2a: Zapdos|138/265|[from] Recoil\n|-damage|p2a: Zapdos|112/265|[from] item: Life Orb\n|\n|upkeep\n|\n|t:|1783567669\n|switch|p1a: Rotom|Rotom-Heat, L83|60/100\n|turn|22\n|inactive|Time left: 300 sec this turn | 300 sec total\n|\n|t:|1783567670\n|switch|p1a: Diancie|Diancie, L82|25/100\n|-damage|p1a: Diancie|13/100|[from] Spikes\n|move|p2a: Zapdos|Close Combat|p1a: Diancie\n|-damage|p1a: Diancie|0 fnt\n|-unboost|p2a: Zapdos|def|1\n|-unboost|p2a: Zapdos|spd|1\n|faint|p1a: Diancie\n|-damage|p2a: Zapdos|86/265|[from] item: Life Orb\n|\n|upkeep\n|\n|t:|1783567671\n|switch|p1a: Chansey|Chansey, L85, F|100/100\n|-damage|p1a: Chansey|88/100|[from] Spikes\n|turn|23\n|inactive|Time left: 300 sec this turn | 300 sec total\n|\n|t:|1783567672\n|-terastallize|p1a: Chansey|Ghost\n|move|p2a: Zapdos|Close Combat|p1a: Chansey\n|-immune|p1a: Chansey\n|move|p1a: Chansey|Seismic Toss|p2a: Zapdos\n|-damage|p2a: Zapdos|1/265\n|\n|upkeep\n|turn|24\n|inactive|Time left: 300 sec this turn | 300 sec total\n|\n|t:|1783567673\n|move|p2a: Zapdos|Knock Off|p1a: Chansey\n|-supereffective|p1a: Chansey\n|-damage|p1a: Chansey|11/100\n|-enditem|p1a: Chansey|Eviolite|[from] move: Knock Off|[of] p2a: Zapdos\n|-damage|p2a: Zapdos|0 fnt|[from] item: Life Orb\n|faint|p2a: Zapdos\n|move|p1a: Chansey|Soft-Boiled|p1a: Chansey\n|-heal|p1a: Chansey|61/100\n|\n|upkeep\n|inactive|Time left: 300 sec this turn | 300 sec total | 5 sec grace\n|\n|t:|1783567674\n|switch|p2a: Eelektross|Eelektross, L87, F|62/290\n|turn|25\n|inactive|Time left: 300 sec this turn | 300 sec total\n|\n|t:|1783567675\n|switch|p1a: Rotom|Rotom-Heat, L83|60/100\n|move|p2a: Eelektross|Supercell Slam|p1a: Rotom\n|-resisted|p1a: Rotom\n|-damage|p1a: Rotom|34/100\n|\n|-heal|p2a: Eelektross|80/290|[from] item: Leftovers\n|upkeep\n|turn|26\n|inactive|Time left: 300 sec this turn | 300 sec total\n|\n|t:|1783567676\n|switch|p2a: Dunsparce|Dunsparce, L86, F|2/312 par\n|move|p1a: Rotom|Overheat|p2a: Dunsparce\n|-damage|p2a: Dunsparce|0 fnt\n|-unboost|p1a: Rotom|spa|2\n|faint|p2a: Dunsparce\n|\n|upkeep\n|inactive|Time left: 300 sec this turn | 300 sec total | 5 sec grace\n|\n|t:|1783567677\n|switch|p2a: Eelektross|Eelektross, L87, F|80/290\n|turn|27\n|inactive|Time left: 300 sec this turn | 300 sec total\n|\n|t:|1783567678\n|move|p1a: Rotom|Overheat|p2a: Eelektross\n|-damage|p2a: Eelektross|1/290\n|-unboost|p1a: Rotom|spa|2\n|move|p2a: Eelektross|Coil|p2a: Eelektross\n|-boost|p2a: Eelektross|atk|1\n|-boost|p2a: Eelektross|def|1\n|-boost|p2a: Eelektross|accuracy|1\n|\n|-heal|p2a: Eelektross|19/290|[from] item: Leftovers\n|upkeep\n|turn|28\n|inactive|Time left: 300 sec this turn | 300 sec total\n|\n|t:|1783567679\n|move|p1a: Rotom|Overheat|p2a: Eelektross\n|-damage|p2a: Eelektross|0 fnt\n|-unboost|p1a: Rotom|spa|2\n|faint|p2a: Eelektross\n|\n|upkeep\n|inactive|Time left: 300 sec this turn | 300 sec total | 5 sec grace\n|\n|t:|1783567680\n|switch|p2a: Glalie|Glalie, L96, M|264/309\n|turn|29\n|inactive|Time left: 300 sec this turn | 300 sec total\n|\n|t:|1783567681\n|move|p2a: Glalie|Freeze-Dry|p1a: Rotom\n|-resisted|p1a: Rotom\n|-damage|p1a: Rotom|18/100\n|move|p1a: Rotom|Pain Split|p2a: Glalie\n|-sethp|p2a: Glalie|151/309|[from] move: Pain Split|[silent]\n|-sethp|p1a: Rotom|69/100|[from] move: Pain Split\n|\n|upkeep\n|turn|30\n|inactive|Time left: 300 sec this turn | 300 sec total\n|\n|t:|1783567682\n|move|p2a: Glalie|Freeze-Dry|p1a: Rotom\n|-resisted|p1a: Rotom\n|-damage|p1a: Rotom|53/100\n|move|p1a: Rotom|Volt Switch|p2a: Glalie\n|-damage|p2a: Glalie|133/309\n|\n|t:|1783567683\n|switch|p1a: Chansey|Chansey, L85, F, tera:Ghost|61/100|[from] Volt Switch\n|-damage|p1a: Chansey|49/100|[from] Spikes\n|\n|upkeep\n|turn|31\n|inactive|Time left: 300 sec this turn | 300 sec total\n|\n|t:|1783567684\n|switch|p1a: Rotom|Rotom-Heat, L83|53/100\n|move|p2a: Glalie|Earthquake|p1a: Rotom\n|-immune|p1a: Rotom|[from] ability: Levitate\n|\n|upkeep\n|turn|32\n|inactive|Time left: 300 sec this turn | 300 sec total\n|\n|t:|1783567685\n|move|p2a: Glalie|Freeze-Dry|p1a: Rotom\n|-resisted|p1a: Rotom\n|-damage|p1a: Rotom|36/100\n|move|p1a: Rotom|Overheat|p2a: Glalie|[miss]\n|-miss|p1a: Rotom|p2a: Glalie\n|\n|upkeep\n|turn|33\n|inactive|Time left: 300 sec this turn | 300 sec total\n|\n|t:|1783567686\n|move|p2a: Glalie|Freeze-Dry|p1a: Rotom\n|-resisted|p1a: Rotom\n|-damage|p1a: Rotom|20/100\n|-status|p1a: Rotom|frz\n|cant|p1a: Rotom|frz\n|\n|upkeep\n|turn|34\n|inactive|Time left: 300 sec this turn | 300 sec total\n|\n|t:|1783567687\n|move|p2a: Glalie|Freeze-Dry|p1a: Rotom\n|-resisted|p1a: Rotom\n|-damage|p1a: Rotom|5/100 frz\n|cant|p1a: Rotom|frz\n|\n|upkeep\n|turn|35\n|inactive|Time left: 300 sec this turn | 300 sec total\n|\n|t:|1783567688\n|switch|p1a: Chansey|Chansey, L85, F, tera:Ghost|49/100\n|-damage|p1a: Chansey|37/100|[from] Spikes\n|move|p2a: Glalie|Freeze-Dry|p1a: Chansey\n|-damage|p1a: Chansey|23/100\n|\n|upkeep\n|turn|36\n|inactive|Time left: 300 sec this turn | 300 sec total\n|\n|t:|1783567689\n|switch|p1a: Rotom|Rotom-Heat, L83|5/100 frz\n|-terastallize|p2a: Glalie|Ground\n|move|p2a: Glalie|Earthquake|p1a: Rotom\n|-immune|p1a: Rotom|[from] ability: Levitate\n|\n|upkeep\n|turn|37\n|inactive|Time left: 300 sec this turn | 300 sec total\n|\n|t:|1783567690\n|switch|p1a: Chansey|Chansey, L85, F, tera:Ghost|23/100\n|-damage|p1a: Chansey|10/100|[from] Spikes\n|move|p2a: Glalie|Freeze-Dry|p1a: Chansey\n|-damage|p1a: Chansey|0 fnt\n|faint|p1a: Chansey\n|\n|upkeep\n|\n|t:|1783567691\n|switch|p1a: Rotom|Rotom-Heat, L83|5/100 frz\n|turn|38\n|inactive|Time left: 300 sec this turn | 300 sec total\n|\n|t:|1783567692\n|move|p2a: Glalie|Freeze-Dry|p1a: Rotom\n|-resisted|p1a: Rotom\n|-damage|p1a: Rotom|0 fnt\n|faint|p1a: Rotom\n|\n|win|p0y24688131", "uploadtime": 1783567692, "views": 0, "rating": 0, "private": 0, "password": null, "_winner": "p0y24688131", "_our_name": "p0y24688131"}