{"id": "battle-gen9randombattle-1934", "formatid": "gen9randombattle", "format": "[Gen 9] Random Battle", "players": ["p0x193441bd", "p0y19342a90"], "log": "|init|battle\n|title|p0x193441bd vs. p0y19342a90\n|j|\u2606p0x193441bd\n|j|\u2606p0y19342a90\n|t:|1783561640\n|gametype|singles\n|player|p1|p0x193441bd|1|\n|player|p2|p0y19342a90|101|\n|gen|9\n|tier|[Gen 9] Random Battle\n|rule|Species Clause: Limit one of each Pok\u00e9mon\n|rule|HP Percentage Mod: HP is shown in percentages\n|rule|Sleep Clause Mod: Limit one foe put to sleep\n|rule|Illusion Level Mod: Illusion disguises the Pok\u00e9mon's true level\n|\n|t:|1783561640\n|teamsize|p1|6\n|teamsize|p2|6\n|start\n|switch|p1a: Sawsbuck|Sawsbuck-Autumn, L88, F|284/284\n|switch|p2a: Copperajah|Copperajah, L86, M|100/100\n|turn|1\n|inactive|Battle timer is ON: inactive players will automatically lose when time's up. (requested by p0y19342a90)\n|inactive|Time left: 300 sec this turn | 300 sec total | 60 sec grace\n|inactive|p0x193441bd also wants the timer to be on.\n|\n|t:|1783561642\n|switch|p1a: Hariyama|Hariyama, L87, F|392/392\n|move|p2a: Copperajah|Heavy Slam|p1a: Hariyama\n|-damage|p1a: Hariyama|53/392\n|\n|-status|p1a: Hariyama|brn|[from] item: Flame Orb\n|upkeep\n|turn|2\n|inactive|Time left: 300 sec this turn | 300 sec total\n|\n|t:|1783561643\n|switch|p2a: Froslass|Froslass, L87, F|100/100\n|move|p1a: Hariyama|Close Combat|p2a: Froslass\n|-immune|p2a: Froslass\n|\n|-damage|p1a: Hariyama|29/392 brn|[from] brn\n|upkeep\n|turn|3\n|inactive|Time left: 300 sec this turn | 300 sec total\n|\n|t:|1783561644\n|switch|p1a: Garganacl|Garganacl, L80, M|291/291\n|move|p2a: Froslass|Triple Axel|p1a: Garganacl\n|-damage|p1a: Garganacl|276/291\n|-damage|p1a: Garganacl|245/291\n|-damage|p1a: Garganacl|197/291\n|-hitcount|p1a: Garganacl|3\n|\n|-heal|p1a: Garganacl|215/291|[from] item: Leftovers\n|upkeep\n|turn|4\n|inactive|Time left: 300 sec this turn | 300 sec total\n|\n|t:|1783561645\n|move|p2a: Froslass|Triple Axel|p1a: Garganacl\n|-damage|p1a: Garganacl|200/291\n|-damage|p1a: Garganacl|167/291\n|-damage|p1a: Garganacl|119/291\n|-hitcount|p1a: Garganacl|3\n|move|p1a: Garganacl|Salt Cure|p2a: Froslass\n|-supereffective|p2a: Froslass\n|-damage|p2a: Froslass|66/100\n|-start|p2a: Froslass|Salt Cure\n|\n|-heal|p1a: Garganacl|137/291|[from] item: Leftovers\n|-damage|p2a: Froslass|54/100|[from] Salt Cure\n|upkeep\n|turn|5\n|inactive|Time left: 300 sec this turn | 300 sec total\n|\n|t:|1783561646\n|switch|p2a: Zacian|Zacian, L69|100/100\n|-ability|p2a: Zacian|Intrepid Sword|boost\n|-boost|p2a: Zacian|atk|1\n|move|p1a: Garganacl|Salt Cure|p2a: Zacian\n|-damage|p2a: Zacian|83/100\n|-start|p2a: Zacian|Salt Cure\n|\n|-heal|p1a: Garganacl|155/291|[from] item: Leftovers\n|-damage|p2a: Zacian|70/100|[from] Salt Cure\n|upkeep\n|turn|6\n|inactive|Time left: 300 sec this turn | 300 sec total\n|\n|t:|1783561648\n|move|p1a: Garganacl|Protect|p1a: Garganacl\n|-singleturn|p1a: Garganacl|Protect\n|move|p2a: Zacian|Close Combat|p1a: Garganacl\n|-activate|p1a: Garganacl|move: Protect\n|\n|-heal|p1a: Garganacl|173/291|[from] item: Leftovers\n|-damage|p2a: Zacian|58/100|[from] Salt Cure\n|upkeep\n|turn|7\n|inactive|Time left: 300 sec this turn | 300 sec total\n|\n|t:|1783561649\n|switch|p1a: Tropius|Tropius, L91, F|328/328\n|move|p2a: Zacian|Close Combat|p1a: Tropius\n|-resisted|p1a: Tropius\n|-damage|p1a: Tropius|262/328\n|-unboost|p2a: Zacian|def|1\n|-unboost|p2a: Zacian|spd|1\n|-damage|p2a: Zacian|48/100|[from] item: Life Orb\n|\n|-damage|p2a: Zacian|35/100|[from] Salt Cure\n|upkeep\n|turn|8\n|inactive|Time left: 300 sec this turn | 300 sec total\n|\n|t:|1783561650\n|switch|p2a: Copperajah|Copperajah, L86, M|100/100\n|move|p1a: Tropius|Leech Seed|p2a: Copperajah\n|-start|p2a: Copperajah|move: Leech Seed\n|\n|-damage|p2a: Copperajah|88/100|[from] Leech Seed|[of] p1a: Tropius\n|-heal|p1a: Tropius|305/328|[silent]\n|upkeep\n|turn|9\n|inactive|Time left: 300 sec this turn | 300 sec total\n|\n|t:|1783561651\n|move|p1a: Tropius|Protect|p1a: Tropius\n|-singleturn|p1a: Tropius|Protect\n|move|p2a: Copperajah|Heavy Slam|p1a: Tropius\n|-activate|p1a: Tropius|move: Protect\n|\n|-damage|p2a: Copperajah|76/100|[from] Leech Seed|[of] p1a: Tropius\n|-heal|p1a: Tropius|328/328|[silent]\n|upkeep\n|turn|10\n|inactive|Time left: 300 sec this turn | 300 sec total\n|\n|t:|1783561652\n|move|p1a: Tropius|Air Slash|p2a: Copperajah\n|-resisted|p2a: Copperajah\n|-damage|p2a: Copperajah|62/100\n|move|p2a: Copperajah|Heavy Slam|p1a: Tropius\n|-damage|p1a: Tropius|105/328\n|-enditem|p1a: Tropius|Sitrus Berry|[eat]\n|-heal|p1a: Tropius|187/328|[from] item: Sitrus Berry\n|\n|-damage|p2a: Copperajah|50/100|[from] Leech Seed|[of] p1a: Tropius\n|-heal|p1a: Tropius|230/328|[silent]\n|upkeep\n|turn|11\n|inactive|Time left: 300 sec this turn | 300 sec total\n|\n|t:|1783561653\n|move|p1a: Tropius|Protect|p1a: Tropius\n|-singleturn|p1a: Tropius|Protect\n|move|p2a: Copperajah|Heavy Slam|p1a: Tropius\n|-activate|p1a: Tropius|move: Protect\n|\n|-damage|p2a: Copperajah|38/100|[from] Leech Seed|[of] p1a: Tropius\n|-heal|p1a: Tropius|273/328|[silent]\n|upkeep\n|turn|12\n|inactive|Time left: 300 sec this turn | 300 sec total\n|\n|t:|1783561654\n|move|p1a: Tropius|Substitute|p1a: Tropius\n|-start|p1a: Tropius|Substitute\n|-damage|p1a: Tropius|191/328\n|move|p2a: Copperajah|Heavy Slam|p1a: Tropius\n|-end|p1a: Tropius|Substitute\n|\n|-damage|p2a: Copperajah|25/100|[from] Leech Seed|[of] p1a: Tropius\n|-heal|p1a: Tropius|234/328|[silent]\n|-item|p1a: Tropius|Sitrus Berry|[from] ability: Harvest\n|upkeep\n|turn|13\n|inactive|Time left: 300 sec this turn | 300 sec total\n|\n|t:|1783561655\n|move|p1a: Tropius|Substitute|p1a: Tropius\n|-start|p1a: Tropius|Substitute\n|-damage|p1a: Tropius|152/328\n|-enditem|p1a: Tropius|Sitrus Berry|[eat]\n|-heal|p1a: Tropius|234/328|[from] item: Sitrus Berry\n|move|p2a: Copperajah|Heavy Slam|p1a: Tropius\n|-end|p1a: Tropius|Substitute\n|\n|-damage|p2a: Copperajah|13/100|[from] Leech Seed|[of] p1a: Tropius\n|-heal|p1a: Tropius|277/328|[silent]\n|upkeep\n|turn|14\n|inactive|Time left: 300 sec this turn | 300 sec total\n|\n|t:|1783561656\n|move|p1a: Tropius|Air Slash|p2a: Copperajah\n|-resisted|p2a: Copperajah\n|-damage|p2a: Copperajah|0 fnt\n|faint|p2a: Copperajah\n|\n|-item|p1a: Tropius|Sitrus Berry|[from] ability: Harvest\n|upkeep\n|\n|t:|1783561657\n|switch|p2a: Emboar|Emboar, L84, M|100/100\n|turn|15\n|inactive|Time left: 300 sec this turn | 300 sec total\n|\n|t:|1783561658\n|move|p1a: Tropius|Protect|p1a: Tropius\n|-singleturn|p1a: Tropius|Protect\n|move|p2a: Emboar|Flare Blitz|p1a: Tropius\n|-activate|p1a: Tropius|move: Protect\n|\n|upkeep\n|turn|16\n|inactive|Time left: 300 sec this turn | 300 sec total\n|\n|t:|1783561659\n|switch|p1a: Garganacl|Garganacl, L80, M|173/291\n|move|p2a: Emboar|Flare Blitz|p1a: Garganacl\n|-resisted|p1a: Garganacl\n|-damage|p1a: Garganacl|65/291\n|-damage|p2a: Emboar|89/100|[from] Recoil\n|\n|-heal|p1a: Garganacl|83/291|[from] item: Leftovers\n|upkeep\n|turn|17\n|inactive|Time left: 300 sec this turn | 300 sec total\n|\n|t:|1783561660\n|move|p1a: Garganacl|Protect|p1a: Garganacl\n|-singleturn|p1a: Garganacl|Protect\n|move|p2a: Emboar|Flare Blitz|p1a: Garganacl\n|-activate|p1a: Garganacl|move: Protect\n|\n|-heal|p1a: Garganacl|101/291|[from] item: Leftovers\n|upkeep\n|turn|18\n|inactive|Time left: 300 sec this turn | 300 sec total\n|\n|t:|1783561661\n|move|p2a: Emboar|Flare Blitz|p1a: Garganacl\n|-resisted|p1a: Garganacl\n|-crit|p1a: Garganacl\n|-damage|p1a: Garganacl|0 fnt\n|faint|p1a: Garganacl\n|-damage|p2a: Emboar|79/100|[from] Recoil\n|\n|upkeep\n|inactive|Time left: 300 sec this turn | 300 sec total | 5 sec grace\n|\n|t:|1783561662\n|switch|p1a: Sawsbuck|Sawsbuck-Autumn, L88, F|284/284\n|turn|19\n|inactive|Time left: 300 sec this turn | 300 sec total\n|\n|t:|1783561663\n|-terastallize|p1a: Sawsbuck|Ground\n|move|p1a: Sawsbuck|High Horsepower|p2a: Emboar\n|-supereffective|p2a: Emboar\n|-damage|p2a: Emboar|0 fnt\n|faint|p2a: Emboar\n|-damage|p1a: Sawsbuck|256/284|[from] item: Life Orb\n|\n|upkeep\n|\n|t:|1783561664\n|switch|p2a: Froslass|Froslass, L87, F|54/100\n|turn|20\n|inactive|Time left: 300 sec this turn | 300 sec total\n|\n|t:|1783561665\n|switch|p1a: Klefki|Klefki, L84, M|233/233\n|move|p2a: Froslass|Triple Axel|p1a: Klefki\n|-resisted|p1a: Klefki\n|-damage|p1a: Klefki|224/233\n|-resisted|p1a: Klefki\n|-damage|p1a: Klefki|205/233\n|-resisted|p1a: Klefki\n|-damage|p1a: Klefki|178/233\n|-hitcount|p1a: Klefki|3\n|\n|-heal|p1a: Klefki|192/233|[from] item: Leftovers\n|upkeep\n|turn|21\n|inactive|Time left: 300 sec this turn | 300 sec total\n|\n|t:|1783561666\n|move|p2a: Froslass|Poltergeist|p1a: Klefki\n|-activate|p1a: Klefki|move: Poltergeist|Leftovers\n|-damage|p1a: Klefki|93/233\n|move|p1a: Klefki|Foul Play|p2a: Froslass\n|-supereffective|p2a: Froslass\n|-damage|p2a: Froslass|0 fnt\n|faint|p2a: Froslass\n|\n|-heal|p1a: Klefki|107/233|[from] item: Leftovers\n|upkeep\n|\n|t:|1783561666\n|switch|p2a: Noctowl|Noctowl, L95, M|100/100\n|turn|22\n|inactive|Time left: 300 sec this turn | 300 sec total\n|\n|t:|1783561667\n|move|p1a: Klefki|Thunder Wave|p2a: Noctowl\n|-status|p2a: Noctowl|par\n|move|p2a: Noctowl|Hyper Voice|p1a: Klefki\n|-resisted|p1a: Klefki\n|-damage|p1a: Klefki|1/233\n|\n|-heal|p1a: Klefki|15/233|[from] item: Leftovers\n|upkeep\n|turn|23\n|inactive|Time left: 300 sec this turn | 300 sec total\n|\n|t:|1783561668\n|move|p1a: Klefki|Dazzling Gleam|p2a: Noctowl\n|-damage|p2a: Noctowl|83/100 par\n|move|p2a: Noctowl|Hurricane|p1a: Klefki|[miss]\n|-miss|p2a: Noctowl|p1a: Klefki\n|\n|-heal|p1a: Klefki|29/233|[from] item: Leftovers\n|upkeep\n|turn|24\n|inactive|Time left: 300 sec this turn | 300 sec total\n|\n|t:|1783561669\n|move|p1a: Klefki|Foul Play|p2a: Noctowl\n|-damage|p2a: Noctowl|70/100 par\n|move|p2a: Noctowl|Hurricane|p1a: Klefki|[miss]\n|-miss|p2a: Noctowl|p1a: Klefki\n|\n|-heal|p1a: Klefki|43/233|[from] item: Leftovers\n|upkeep\n|turn|25\n|inactive|Time left: 300 sec this turn | 300 sec total\n|\n|t:|1783561670\n|switch|p1a: Sawsbuck|Sawsbuck-Autumn, L88, F, tera:Ground|256/284\n|move|p2a: Noctowl|Hyper Voice|p1a: Sawsbuck\n|-damage|p1a: Sawsbuck|123/284\n|\n|upkeep\n|turn|26\n|inactive|Time left: 300 sec this turn | 300 sec total\n|\n|t:|1783561670\n|move|p1a: Sawsbuck|Double-Edge|p2a: Noctowl\n|-damage|p2a: Noctowl|0 fnt\n|faint|p2a: Noctowl\n|-damage|p1a: Sawsbuck|44/284|[from] Recoil\n|-damage|p1a: Sawsbuck|16/284|[from] item: Life Orb\n|\n|upkeep\n|\n|t:|1783561671\n|switch|p2a: Zacian|Zacian, L69|35/100\n|turn|27\n|inactive|Time left: 300 sec this turn | 300 sec total\n|\n|t:|1783561672\n|switch|p1a: Tropius|Tropius, L91, F|277/328\n|move|p2a: Zacian|Play Rough|p1a: Tropius\n|-damage|p1a: Tropius|187/328\n|-damage|p2a: Zacian|25/100|[from] item: Life Orb\n|\n|upkeep\n|turn|28\n|inactive|Time left: 300 sec this turn | 300 sec total\n|\n|t:|1783561673\n|switch|p2a: Blissey|Blissey, L85, F|100/100\n|move|p1a: Tropius|Leech Seed|p2a: Blissey\n|-start|p2a: Blissey|move: Leech Seed\n|\n|-damage|p2a: Blissey|88/100|[from] Leech Seed|[of] p1a: Tropius\n|-heal|p1a: Tropius|258/328|[silent]\n|upkeep\n|turn|29\n|inactive|Time left: 300 sec this turn | 300 sec total\n|\n|t:|1783561674\n|switch|p2a: Zacian|Zacian, L69|25/100\n|move|p1a: Tropius|Air Slash|p2a: Zacian\n|-damage|p2a: Zacian|0 fnt\n|faint|p2a: Zacian\n|\n|upkeep\n|\n|t:|1783561675\n|switch|p2a: Blissey|Blissey, L85, F|88/100\n|turn|30\n|inactive|Time left: 300 sec this turn | 300 sec total\n|\n|t:|1783561676\n|move|p1a: Tropius|Leech Seed|p2a: Blissey\n|-start|p2a: Blissey|move: Leech Seed\n|move|p2a: Blissey|Thunder Wave|p1a: Tropius\n|-status|p1a: Tropius|par\n|\n|-heal|p2a: Blissey|94/100|[from] item: Leftovers\n|-damage|p2a: Blissey|82/100|[from] Leech Seed|[of] p1a: Tropius\n|-heal|p1a: Tropius|328/328 par|[silent]\n|upkeep\n|turn|31\n|inactive|Time left: 300 sec this turn | 300 sec total\n|\n|t:|1783561677\n|switch|p1a: Klefki|Klefki, L84, M|43/233\n|move|p2a: Blissey|Seismic Toss|p1a: Klefki\n|-damage|p1a: Klefki|0 fnt\n|faint|p1a: Klefki\n|\n|-heal|p2a: Blissey|88/100|[from] item: Leftovers\n|upkeep\n|inactive|Time left: 300 sec this turn | 300 sec total | 5 sec grace\n|\n|t:|1783561678\n|switch|p1a: Sawsbuck|Sawsbuck-Autumn, L88, F, tera:Ground|16/284\n|turn|32\n|inactive|Time left: 300 sec this turn | 300 sec total\n|\n|t:|1783561678\n|-terastallize|p2a: Blissey|Dark\n|move|p1a: Sawsbuck|Double-Edge|p2a: Blissey\n|-damage|p2a: Blissey|0 fnt\n|faint|p2a: Blissey\n|-damage|p1a: Sawsbuck|0 fnt|[from] Recoil\n|faint|p1a: Sawsbuck\n|\n|win|p0x193441bd", "uploadtime": 1783561678, "views": 0, "rating": 0, "private": 0, "password": null, "_winner": "p0x193441bd", "_our_name": "p0x193441bd"}