{"id": "battle-gen9randombattle-37", "formatid": "gen9randombattle", "format": "[Gen 9] Random Battle", "players": ["p0x037ba01", "p0y0374315"], "log": "|init|battle\n|title|p0x037ba01 vs. p0y0374315\n|j|\u2606p0x037ba01\n|j|\u2606p0y0374315\n|t:|1783539602\n|gametype|singles\n|player|p1|p0x037ba01|169|\n|player|p2|p0y0374315|102|\n|gen|9\n|tier|[Gen 9] Random Battle\n|rule|Species Clause: Limit one of each Pok\u00e9mon\n|rule|HP Percentage Mod: HP is shown in percentages\n|rule|Sleep Clause Mod: Limit one foe put to sleep\n|rule|Illusion Level Mod: Illusion disguises the Pok\u00e9mon's true level\n|\n|t:|1783539602\n|teamsize|p1|6\n|teamsize|p2|6\n|start\n|switch|p1a: Lycanroc|Lycanroc, L86, F|100/100\n|switch|p2a: Hypno|Hypno, L95, M|315/315\n|turn|1\n|inactive|Battle timer is ON: inactive players will automatically lose when time's up. (requested by p0y0374315)\n|\n|t:|1783539604\n|switch|p2a: Krookodile|Krookodile, L79, M|280/280\n|-ability|p2a: Krookodile|Intimidate|boost\n|-unboost|p1a: Lycanroc|atk|1\n|move|p1a: Lycanroc|Swords Dance|p1a: Lycanroc\n|-boost|p1a: Lycanroc|atk|2\n|\n|upkeep\n|turn|2\n|inactive|Time left: 300 sec this turn | 300 sec total\n|inactive|p0x037ba01 also wants the timer to be on.\n|\n|t:|1783539605\n|-terastallize|p2a: Krookodile|Poison\n|move|p1a: Lycanroc|Close Combat|p2a: Krookodile\n|-resisted|p2a: Krookodile\n|-damage|p2a: Krookodile|160/280\n|-unboost|p1a: Lycanroc|def|1\n|-unboost|p1a: Lycanroc|spd|1\n|-damage|p1a: Lycanroc|91/100|[from] item: Life Orb\n|move|p2a: Krookodile|Earthquake|p1a: Lycanroc\n|-supereffective|p1a: Lycanroc\n|-damage|p1a: Lycanroc|0 fnt\n|faint|p1a: Lycanroc\n|\n|-heal|p2a: Krookodile|177/280|[from] item: Leftovers\n|upkeep\n|\n|t:|1783539606\n|switch|p1a: Incineroar|Incineroar, L82, F|100/100\n|-ability|p1a: Incineroar|Intimidate|boost\n|-unboost|p2a: Krookodile|atk|1\n|turn|3\n|inactive|Time left: 300 sec this turn | 300 sec total\n|\n|t:|1783539607\n|move|p1a: Incineroar|Knock Off|p2a: Krookodile\n|-damage|p2a: Krookodile|60/280\n|-enditem|p2a: Krookodile|Leftovers|[from] move: Knock Off|[of] p1a: Incineroar\n|move|p2a: Krookodile|Earthquake|p1a: Incineroar\n|-supereffective|p1a: Incineroar\n|-damage|p1a: Incineroar|50/100\n|\n|upkeep\n|turn|4\n|inactive|Time left: 300 sec this turn | 300 sec total\n|\n|t:|1783539608\n|switch|p2a: Ampharos|Ampharos, L88, M|302/302\n|move|p1a: Incineroar|Knock Off|p2a: Ampharos\n|-damage|p2a: Ampharos|185/302\n|-status|p1a: Incineroar|par|[from] ability: Static|[of] p2a: Ampharos\n|-enditem|p2a: Ampharos|Life Orb|[from] move: Knock Off|[of] p1a: Incineroar\n|\n|upkeep\n|turn|5\n|inactive|Time left: 300 sec this turn | 300 sec total\n|\n|t:|1783539609\n|switch|p1a: Serperior|Serperior, L79, F|100/100\n|move|p2a: Ampharos|Thunderbolt|p1a: Serperior\n|-resisted|p1a: Serperior\n|-damage|p1a: Serperior|77/100\n|\n|upkeep\n|turn|6\n|inactive|Time left: 300 sec this turn | 300 sec total\n|\n|t:|1783539610\n|move|p1a: Serperior|Leaf Storm|p2a: Ampharos\n|-crit|p2a: Ampharos\n|-damage|p2a: Ampharos|0 fnt\n|-boost|p1a: Serperior|spa|2\n|faint|p2a: Ampharos\n|-damage|p1a: Serperior|67/100|[from] item: Life Orb\n|\n|upkeep\n|inactive|Time left: 300 sec this turn | 300 sec total | 5 sec grace\n|\n|t:|1783539611\n|switch|p2a: Thundurus|Thundurus, L80, M|258/258\n|turn|7\n|inactive|Time left: 300 sec this turn | 300 sec total\n|\n|t:|1783539612\n|move|p1a: Serperior|Leaf Storm|p2a: Thundurus\n|-resisted|p2a: Thundurus\n|-damage|p2a: Thundurus|103/258\n|-boost|p1a: Serperior|spa|2\n|-damage|p1a: Serperior|58/100|[from] item: Life Orb\n|move|p2a: Thundurus|Acrobatics|p1a: Serperior\n|-supereffective|p1a: Serperior\n|-damage|p1a: Serperior|0 fnt\n|faint|p1a: Serperior\n|\n|upkeep\n|\n|t:|1783539614\n|switch|p1a: Donphan|Donphan, L84, F|100/100\n|turn|8\n|inactive|Time left: 300 sec this turn | 300 sec total\n|\n|t:|1783539615\n|move|p2a: Thundurus|Knock Off|p1a: Donphan\n|-damage|p1a: Donphan|81/100\n|-enditem|p1a: Donphan|Assault Vest|[from] move: Knock Off|[of] p2a: Thundurus\n|move|p1a: Donphan|Rapid Spin|p2a: Thundurus\n|-damage|p2a: Thundurus|54/258\n|-boost|p1a: Donphan|spe|1\n|\n|upkeep\n|turn|9\n|inactive|Time left: 300 sec this turn | 300 sec total\n|\n|t:|1783539616\n|switch|p2a: Ho-Oh|Ho-Oh, L71|268/268\n|move|p1a: Donphan|Rapid Spin|p2a: Ho-Oh\n|-damage|p2a: Ho-Oh|220/268\n|-boost|p1a: Donphan|spe|1\n|\n|upkeep\n|turn|10\n|inactive|Time left: 300 sec this turn | 300 sec total\n|\n|t:|1783539617\n|move|p1a: Donphan|Rapid Spin|p2a: Ho-Oh\n|-damage|p2a: Ho-Oh|170/268\n|-boost|p1a: Donphan|spe|1\n|move|p2a: Ho-Oh|Sacred Fire|p1a: Donphan\n|-damage|p1a: Donphan|54/100\n|-status|p1a: Donphan|brn\n|\n|-damage|p1a: Donphan|48/100 brn|[from] brn\n|upkeep\n|turn|11\n|inactive|Time left: 300 sec this turn | 300 sec total\n|\n|t:|1783539618\n|move|p1a: Donphan|Earthquake|p2a: Ho-Oh\n|-immune|p2a: Ho-Oh\n|move|p2a: Ho-Oh|Recover|p2a: Ho-Oh\n|-heal|p2a: Ho-Oh|268/268\n|\n|-damage|p1a: Donphan|41/100 brn|[from] brn\n|upkeep\n|turn|12\n|inactive|Time left: 300 sec this turn | 300 sec total\n|\n|t:|1783539619\n|move|p1a: Donphan|Ice Shard|p2a: Ho-Oh\n|-damage|p2a: Ho-Oh|250/268\n|move|p2a: Ho-Oh|Brave Bird|p1a: Donphan\n|-damage|p1a: Donphan|7/100 brn\n|-damage|p2a: Ho-Oh|217/268|[from] Recoil\n|\n|-damage|p1a: Donphan|0 fnt|[from] brn\n|faint|p1a: Donphan\n|upkeep\n|\n|t:|1783539620\n|switch|p1a: Scrafty|Scrafty, L83, F|100/100\n|turn|13\n|inactive|Time left: 300 sec this turn | 300 sec total\n|\n|t:|1783539620\n|move|p2a: Ho-Oh|Brave Bird|p1a: Scrafty\n|-supereffective|p1a: Scrafty\n|-damage|p1a: Scrafty|19/100\n|-damage|p2a: Ho-Oh|151/268|[from] Recoil\n|move|p1a: Scrafty|Bulk Up|p1a: Scrafty\n|-boost|p1a: Scrafty|atk|1\n|-boost|p1a: Scrafty|def|1\n|\n|-heal|p1a: Scrafty|25/100|[from] item: Leftovers\n|upkeep\n|turn|14\n|inactive|Time left: 300 sec this turn | 300 sec total\n|\n|t:|1783539621\n|switch|p1a: Incineroar|Incineroar, L82, F|50/100 par\n|-ability|p1a: Incineroar|Intimidate|boost\n|-unboost|p2a: Ho-Oh|atk|1\n|move|p2a: Ho-Oh|Brave Bird|p1a: Incineroar\n|-damage|p1a: Incineroar|22/100 par\n|-damage|p2a: Ho-Oh|124/268|[from] Recoil\n|\n|upkeep\n|turn|15\n|inactive|Time left: 300 sec this turn | 300 sec total\n|\n|t:|1783539622\n|move|p2a: Ho-Oh|Recover|p2a: Ho-Oh\n|-heal|p2a: Ho-Oh|258/268\n|cant|p1a: Incineroar|par\n|\n|upkeep\n|turn|16\n|inactive|Time left: 300 sec this turn | 300 sec total\n|\n|t:|1783539623\n|move|p2a: Ho-Oh|Brave Bird|p1a: Incineroar\n|-damage|p1a: Incineroar|0 fnt\n|faint|p1a: Incineroar\n|-damage|p2a: Ho-Oh|238/268|[from] Recoil\n|\n|upkeep\n|\n|t:|1783539624\n|switch|p1a: Volbeat|Volbeat, L90, M|100/100\n|turn|17\n|inactive|Time left: 300 sec this turn | 300 sec total\n|\n|t:|1783539625\n|move|p1a: Volbeat|Thunder Wave|p2a: Ho-Oh\n|-status|p2a: Ho-Oh|par\n|move|p2a: Ho-Oh|Sacred Fire|p1a: Volbeat\n|-supereffective|p1a: Volbeat\n|-damage|p1a: Volbeat|46/100\n|-status|p1a: Volbeat|brn\n|\n|-damage|p1a: Volbeat|40/100 brn|[from] brn\n|upkeep\n|turn|18\n|inactive|Time left: 300 sec this turn | 300 sec total\n|\n|t:|1783539626\n|switch|p2a: Krookodile|Krookodile, L79, M, tera:Poison|60/280\n|-ability|p2a: Krookodile|Intimidate|boost\n|-unboost|p1a: Volbeat|atk|1\n|move|p1a: Volbeat|Roost|p1a: Volbeat\n|-heal|p1a: Volbeat|90/100 brn\n|-singleturn|p1a: Volbeat|move: Roost\n|\n|-damage|p1a: Volbeat|84/100 brn|[from] brn\n|upkeep\n|turn|19\n|inactive|Time left: 300 sec this turn | 300 sec total\n|\n|t:|1783539627\n|move|p1a: Volbeat|Thunder Wave|p2a: Krookodile\n|-status|p2a: Krookodile|par\n|move|p2a: Krookodile|Earthquake|p1a: Volbeat\n|-resisted|p1a: Volbeat\n|-damage|p1a: Volbeat|63/100 brn\n|\n|-damage|p1a: Volbeat|57/100 brn|[from] brn\n|upkeep\n|turn|20\n|inactive|Time left: 300 sec this turn | 300 sec total\n|\n|t:|1783539628\n|switch|p1a: Scrafty|Scrafty, L83, F|25/100\n|cant|p2a: Krookodile|par\n|\n|-heal|p1a: Scrafty|31/100|[from] item: Leftovers\n|upkeep\n|turn|21\n|inactive|Time left: 300 sec this turn | 300 sec total\n|\n|t:|1783539629\n|move|p1a: Scrafty|Rest|p1a: Scrafty\n|-status|p1a: Scrafty|slp|[from] move: Rest\n|-heal|p1a: Scrafty|100/100 slp|[silent]\n|move|p2a: Krookodile|Earthquake|p1a: Scrafty\n|-damage|p1a: Scrafty|61/100 slp\n|\n|-activate|p1a: Scrafty|ability: Shed Skin\n|-curestatus|p1a: Scrafty|slp|[msg]\n|-heal|p1a: Scrafty|67/100|[from] item: Leftovers\n|upkeep\n|turn|22\n|inactive|Time left: 300 sec this turn | 300 sec total\n|\n|t:|1783539630\n|move|p1a: Scrafty|Bulk Up|p1a: Scrafty\n|-boost|p1a: Scrafty|atk|1\n|-boost|p1a: Scrafty|def|1\n|move|p2a: Krookodile|Knock Off|p1a: Scrafty\n|-resisted|p1a: Scrafty\n|-damage|p1a: Scrafty|62/100\n|-enditem|p1a: Scrafty|Leftovers|[from] move: Knock Off|[of] p2a: Krookodile\n|\n|upkeep\n|turn|23\n|inactive|Time left: 300 sec this turn | 300 sec total\n|\n|t:|1783539631\n|switch|p2a: Comfey|Comfey, L85, F|225/225\n|move|p1a: Scrafty|Bulk Up|p1a: Scrafty\n|-boost|p1a: Scrafty|atk|1\n|-boost|p1a: Scrafty|def|1\n|\n|upkeep\n|turn|24\n|inactive|Time left: 300 sec this turn | 300 sec total\n|\n|t:|1783539632\n|-terastallize|p1a: Scrafty|Poison\n|move|p2a: Comfey|Draining Kiss|p1a: Scrafty\n|-resisted|p1a: Scrafty\n|-damage|p1a: Scrafty|53/100\n|move|p1a: Scrafty|Knock Off|p2a: Comfey\n|-resisted|p2a: Comfey\n|-damage|p2a: Comfey|127/225\n|-enditem|p2a: Comfey|Leftovers|[from] move: Knock Off|[of] p1a: Scrafty\n|\n|upkeep\n|turn|25\n|inactive|Time left: 300 sec this turn | 300 sec total\n|\n|t:|1783539633\n|switch|p2a: Krookodile|Krookodile, L79, M, tera:Poison|60/280 par\n|-ability|p2a: Krookodile|Intimidate|boost\n|-unboost|p1a: Scrafty|atk|1\n|move|p1a: Scrafty|Drain Punch|p2a: Krookodile\n|-resisted|p2a: Krookodile\n|-damage|p2a: Krookodile|0 fnt\n|-heal|p1a: Scrafty|65/100|[from] drain|[of] p2a: Krookodile\n|faint|p2a: Krookodile\n|\n|upkeep\n|inactive|Time left: 300 sec this turn | 300 sec total | 5 sec grace\n|\n|t:|1783539634\n|switch|p2a: Hypno|Hypno, L95, M|315/315\n|turn|26\n|inactive|Time left: 300 sec this turn | 300 sec total\n|\n|t:|1783539635\n|move|p2a: Hypno|Psychic Noise|p1a: Scrafty\n|-supereffective|p1a: Scrafty\n|-damage|p1a: Scrafty|8/100\n|-start|p1a: Scrafty|move: Heal Block\n|move|p1a: Scrafty|Knock Off|p2a: Hypno\n|-supereffective|p2a: Hypno\n|-damage|p2a: Hypno|37/315\n|-enditem|p2a: Hypno|Leftovers|[from] move: Knock Off|[of] p1a: Scrafty\n|\n|upkeep\n|turn|27\n|inactive|Time left: 300 sec this turn | 300 sec total\n|\n|t:|1783539637\n|switch|p1a: Volbeat|Volbeat, L90, M|57/100 brn\n|move|p2a: Hypno|Psychic Noise|p1a: Volbeat\n|-damage|p1a: Volbeat|27/100 brn\n|-start|p1a: Volbeat|move: Heal Block\n|\n|-damage|p1a: Volbeat|21/100 brn|[from] brn\n|upkeep\n|turn|28\n|inactive|Time left: 300 sec this turn | 300 sec total\n|\n|t:|1783539638\n|switch|p2a: Thundurus|Thundurus, L80, M|54/258\n|move|p1a: Volbeat|U-turn|p2a: Thundurus\n|-resisted|p2a: Thundurus\n|-damage|p2a: Thundurus|31/258\n|\n|t:|1783539639\n|switch|p1a: Scrafty|Scrafty, L83, F, tera:Poison|8/100|[from] U-turn\n|\n|upkeep\n|turn|29\n|inactive|Time left: 300 sec this turn | 300 sec total\n|\n|t:|1783539640\n|move|p2a: Thundurus|Knock Off|p1a: Scrafty\n|-damage|p1a: Scrafty|0 fnt\n|faint|p1a: Scrafty\n|\n|upkeep\n|\n|t:|1783539642\n|switch|p1a: Volbeat|Volbeat, L90, M|21/100 brn\n|turn|30\n|inactive|Time left: 300 sec this turn | 300 sec total\n|\n|t:|1783539642\n|move|p1a: Volbeat|Roost|p1a: Volbeat\n|-heal|p1a: Volbeat|71/100 brn\n|-singleturn|p1a: Volbeat|move: Roost\n|move|p2a: Thundurus|Acrobatics|p1a: Volbeat\n|-supereffective|p1a: Volbeat\n|-crit|p1a: Volbeat\n|-damage|p1a: Volbeat|0 fnt\n|faint|p1a: Volbeat\n|\n|win|p0y0374315", "uploadtime": 1783539642, "views": 0, "rating": 0, "private": 0, "password": null, "_winner": "p0y0374315", "_our_name": "p0y0374315"}