{"id": "battle-gen9randombattle-1662", "formatid": "gen9randombattle", "format": "[Gen 9] Random Battle", "players": ["p0x16621a46", "p0y16628e3e"], "log": "|init|battle\n|title|p0x16621a46 vs. p0y16628e3e\n|j|\u2606p0x16621a46\n|j|\u2606p0y16628e3e\n|t:|1783558487\n|gametype|singles\n|player|p1|p0x16621a46|1|\n|player|p2|p0y16628e3e|265|\n|gen|9\n|tier|[Gen 9] Random Battle\n|rule|Species Clause: Limit one of each Pok\u00e9mon\n|rule|HP Percentage Mod: HP is shown in percentages\n|rule|Sleep Clause Mod: Limit one foe put to sleep\n|rule|Illusion Level Mod: Illusion disguises the Pok\u00e9mon's true level\n|\n|t:|1783558487\n|teamsize|p1|6\n|teamsize|p2|6\n|start\n|switch|p1a: Feraligatr|Feraligatr, L79, M|100/100\n|switch|p2a: Hitmontop|Hitmontop, L88, M|231/231\n|-ability|p2a: Hitmontop|Intimidate|boost\n|-unboost|p1a: Feraligatr|atk|1\n|turn|1\n|inactive|Battle timer is ON: inactive players will automatically lose when time's up. (requested by p0y16628e3e)\n|inactive|p0x16621a46 also wants the timer to be on.\n|\n|t:|1783558489\n|switch|p1a: Azumarill|Azumarill, L82, F|100/100\n|move|p2a: Hitmontop|Stone Edge|p1a: Azumarill\n|-damage|p1a: Azumarill|74/100\n|\n|upkeep\n|turn|2\n|inactive|Time left: 300 sec this turn | 300 sec total\n|\n|t:|1783558490\n|switch|p2a: Glastrier|Glastrier, L86|311/311\n|move|p1a: Azumarill|Play Rough|p2a: Glastrier\n|-damage|p2a: Glastrier|236/311\n|\n|upkeep\n|turn|3\n|inactive|Time left: 300 sec this turn | 300 sec total\n|\n|t:|1783558491\n|move|p1a: Azumarill|Liquidation|p2a: Glastrier\n|-damage|p2a: Glastrier|157/311\n|move|p2a: Glastrier|High Horsepower|p1a: Azumarill\n|-damage|p1a: Azumarill|19/100\n|-enditem|p1a: Azumarill|Sitrus Berry|[eat]\n|-heal|p1a: Azumarill|44/100|[from] item: Sitrus Berry\n|\n|upkeep\n|turn|4\n|inactive|Time left: 300 sec this turn | 300 sec total\n|\n|t:|1783558492\n|move|p1a: Azumarill|Play Rough|p2a: Glastrier\n|-damage|p2a: Glastrier|81/311\n|move|p2a: Glastrier|High Horsepower|p1a: Azumarill\n|-damage|p1a: Azumarill|0 fnt\n|faint|p1a: Azumarill\n|-ability|p2a: Glastrier|Chilling Neigh|boost\n|-boost|p2a: Glastrier|atk|1\n|\n|upkeep\n|\n|t:|1783558493\n|switch|p1a: Dusknoir|Dusknoir, L89, F|100/100\n|-item|p2a: Glastrier|Choice Band|[from] ability: Frisk|[of] p1a: Dusknoir\n|turn|5\n|inactive|Time left: 300 sec this turn | 300 sec total\n|\n|t:|1783558495\n|move|p1a: Dusknoir|Poltergeist|p2a: Glastrier\n|-activate|p2a: Glastrier|move: Poltergeist|Choice Band\n|-crit|p2a: Glastrier\n|-damage|p2a: Glastrier|0 fnt\n|faint|p2a: Glastrier\n|\n|upkeep\n|inactive|Time left: 300 sec this turn | 300 sec total | 5 sec grace\n|\n|t:|1783558496\n|switch|p2a: Entei|Entei, L78|307/307\n|turn|6\n|inactive|Time left: 300 sec this turn | 300 sec total\n|\n|t:|1783558497\n|move|p2a: Entei|Sacred Fire|p1a: Dusknoir\n|-damage|p1a: Dusknoir|49/100\n|move|p1a: Dusknoir|Poltergeist|p2a: Entei|[miss]\n|-miss|p1a: Dusknoir|p2a: Entei\n|\n|upkeep\n|turn|7\n|inactive|Time left: 300 sec this turn | 300 sec total\n|\n|t:|1783558498\n|switch|p1a: Coalossal|Coalossal, L89, F|100/100\n|move|p2a: Entei|Sacred Fire|p1a: Coalossal\n|-resisted|p1a: Coalossal\n|-damage|p1a: Coalossal|91/100\n|\n|upkeep\n|turn|8\n|inactive|Time left: 300 sec this turn | 300 sec total\n|\n|t:|1783558499\n|move|p2a: Entei|Sacred Fire|p1a: Coalossal\n|-resisted|p1a: Coalossal\n|-damage|p1a: Coalossal|83/100\n|move|p1a: Coalossal|Stealth Rock|p2a: Entei\n|-sidestart|p2: p0y16628e3e|move: Stealth Rock\n|\n|upkeep\n|turn|9\n|inactive|Time left: 300 sec this turn | 300 sec total\n|\n|t:|1783558500\n|move|p2a: Entei|Sacred Fire|p1a: Coalossal\n|-resisted|p1a: Coalossal\n|-damage|p1a: Coalossal|74/100\n|move|p1a: Coalossal|Stone Edge|p2a: Entei\n|-supereffective|p2a: Entei\n|-damage|p2a: Entei|83/307\n|\n|upkeep\n|turn|10\n|inactive|Time left: 300 sec this turn | 300 sec total\n|\n|t:|1783558501\n|move|p2a: Entei|Sacred Fire|p1a: Coalossal\n|-resisted|p1a: Coalossal\n|-damage|p1a: Coalossal|66/100\n|move|p1a: Coalossal|Stone Edge|p2a: Entei\n|-supereffective|p2a: Entei\n|-damage|p2a: Entei|0 fnt\n|faint|p2a: Entei\n|\n|upkeep\n|inactive|Time left: 300 sec this turn | 300 sec total | 5 sec grace\n|\n|t:|1783558502\n|switch|p2a: Duraludon|Duraludon, L82, M|249/249\n|-damage|p2a: Duraludon|234/249|[from] Stealth Rock\n|turn|11\n|inactive|Time left: 300 sec this turn | 300 sec total\n|\n|t:|1783558503\n|move|p2a: Duraludon|Flash Cannon|p1a: Coalossal\n|-damage|p1a: Coalossal|39/100\n|move|p1a: Coalossal|Rapid Spin|p2a: Duraludon\n|-resisted|p2a: Duraludon\n|-damage|p2a: Duraludon|223/249\n|-boost|p1a: Coalossal|spe|1\n|\n|upkeep\n|turn|12\n|inactive|Time left: 300 sec this turn | 300 sec total\n|\n|t:|1783558505\n|move|p2a: Duraludon|Draco Meteor|p1a: Coalossal\n|-damage|p1a: Coalossal|0 fnt\n|-unboost|p2a: Duraludon|spa|2\n|faint|p1a: Coalossal\n|\n|upkeep\n|\n|t:|1783558506\n|switch|p1a: Dusknoir|Dusknoir, L89, F|49/100\n|-item|p2a: Duraludon|Eviolite|[from] ability: Frisk|[of] p1a: Dusknoir\n|turn|13\n|inactive|Time left: 300 sec this turn | 300 sec total\n|\n|t:|1783558507\n|switch|p2a: Chesnaught|Chesnaught, L84, F|285/285\n|-damage|p2a: Chesnaught|268/285|[from] Stealth Rock\n|move|p1a: Dusknoir|Poltergeist|p2a: Chesnaught\n|-activate|p2a: Chesnaught|move: Poltergeist|Leftovers\n|-damage|p2a: Chesnaught|111/285\n|\n|-heal|p2a: Chesnaught|128/285|[from] item: Leftovers\n|upkeep\n|turn|14\n|inactive|Time left: 300 sec this turn | 300 sec total\n|\n|t:|1783558508\n|move|p2a: Chesnaught|Iron Defense|p2a: Chesnaught\n|-boost|p2a: Chesnaught|def|2\n|move|p1a: Dusknoir|Poltergeist|p2a: Chesnaught\n|-activate|p2a: Chesnaught|move: Poltergeist|Leftovers\n|-damage|p2a: Chesnaught|46/285\n|\n|-heal|p2a: Chesnaught|63/285|[from] item: Leftovers\n|upkeep\n|turn|15\n|inactive|Time left: 300 sec this turn | 300 sec total\n|\n|t:|1783558509\n|move|p2a: Chesnaught|Synthesis|p2a: Chesnaught\n|-heal|p2a: Chesnaught|205/285\n|move|p1a: Dusknoir|Poltergeist|p2a: Chesnaught\n|-activate|p2a: Chesnaught|move: Poltergeist|Leftovers\n|-damage|p2a: Chesnaught|132/285\n|\n|-heal|p2a: Chesnaught|149/285|[from] item: Leftovers\n|upkeep\n|turn|16\n|inactive|Time left: 300 sec this turn | 300 sec total\n|\n|t:|1783558510\n|move|p2a: Chesnaught|Trailblaze|p1a: Dusknoir\n|-damage|p1a: Dusknoir|33/100\n|-boost|p2a: Chesnaught|spe|1\n|move|p1a: Dusknoir|Poltergeist|p2a: Chesnaught\n|-activate|p2a: Chesnaught|move: Poltergeist|Leftovers\n|-damage|p2a: Chesnaught|74/285\n|\n|-heal|p2a: Chesnaught|91/285|[from] item: Leftovers\n|upkeep\n|turn|17\n|inactive|Time left: 300 sec this turn | 300 sec total\n|\n|t:|1783558511\n|move|p2a: Chesnaught|Synthesis|p2a: Chesnaught\n|-heal|p2a: Chesnaught|233/285\n|move|p1a: Dusknoir|Poltergeist|p2a: Chesnaught\n|-activate|p2a: Chesnaught|move: Poltergeist|Leftovers\n|-damage|p2a: Chesnaught|154/285\n|\n|-heal|p2a: Chesnaught|171/285|[from] item: Leftovers\n|upkeep\n|turn|18\n|inactive|Time left: 300 sec this turn | 300 sec total\n|\n|t:|1783558512\n|move|p2a: Chesnaught|Trailblaze|p1a: Dusknoir\n|-damage|p1a: Dusknoir|16/100\n|-boost|p2a: Chesnaught|spe|1\n|move|p1a: Dusknoir|Poltergeist|p2a: Chesnaught\n|-activate|p2a: Chesnaught|move: Poltergeist|Leftovers\n|-damage|p2a: Chesnaught|95/285\n|\n|-heal|p2a: Chesnaught|112/285|[from] item: Leftovers\n|upkeep\n|turn|19\n|inactive|Time left: 300 sec this turn | 300 sec total\n|\n|t:|1783558513\n|move|p2a: Chesnaught|Body Press|p1a: Dusknoir\n|-immune|p1a: Dusknoir\n|-activate|p1a: Dusknoir|move: Struggle\n|move|p1a: Dusknoir|Struggle|p2a: Chesnaught\n|-damage|p2a: Chesnaught|88/285\n|-damage|p1a: Dusknoir|0 fnt|[from] recoil\n|faint|p1a: Dusknoir\n|\n|-heal|p2a: Chesnaught|105/285|[from] item: Leftovers\n|upkeep\n|\n|t:|1783558514\n|switch|p1a: Glalie|Glalie, L96, F|100/100\n|turn|20\n|inactive|Time left: 300 sec this turn | 300 sec total\n|\n|t:|1783558515\n|-terastallize|p2a: Chesnaught|Steel\n|-terastallize|p1a: Glalie|Ground\n|move|p2a: Chesnaught|Body Press|p1a: Glalie\n|-damage|p1a: Glalie|35/100\n|move|p1a: Glalie|Freeze-Dry|p2a: Chesnaught\n|-resisted|p2a: Chesnaught\n|-damage|p2a: Chesnaught|58/285\n|\n|-heal|p2a: Chesnaught|75/285|[from] item: Leftovers\n|upkeep\n|turn|21\n|inactive|Time left: 300 sec this turn | 300 sec total\n|\n|t:|1783558515\n|move|p2a: Chesnaught|Body Press|p1a: Glalie\n|-damage|p1a: Glalie|0 fnt\n|faint|p1a: Glalie\n|\n|-heal|p2a: Chesnaught|92/285|[from] item: Leftovers\n|upkeep\n|\n|t:|1783558516\n|switch|p1a: Feraligatr|Feraligatr, L79, M|100/100\n|turn|22\n|inactive|Time left: 300 sec this turn | 300 sec total\n|\n|t:|1783558517\n|move|p2a: Chesnaught|Body Press|p1a: Feraligatr\n|-damage|p1a: Feraligatr|33/100\n|move|p1a: Feraligatr|Liquidation|p2a: Chesnaught\n|-damage|p2a: Chesnaught|40/285\n|\n|-heal|p2a: Chesnaught|57/285|[from] item: Leftovers\n|upkeep\n|turn|23\n|inactive|Time left: 300 sec this turn | 300 sec total\n|\n|t:|1783558517\n|move|p2a: Chesnaught|Synthesis|p2a: Chesnaught\n|-heal|p2a: Chesnaught|199/285\n|move|p1a: Feraligatr|Liquidation|p2a: Chesnaught\n|-damage|p2a: Chesnaught|144/285\n|\n|-heal|p2a: Chesnaught|161/285|[from] item: Leftovers\n|upkeep\n|turn|24\n|inactive|Time left: 300 sec this turn | 300 sec total\n|\n|t:|1783558518\n|move|p2a: Chesnaught|Body Press|p1a: Feraligatr\n|-damage|p1a: Feraligatr|0 fnt\n|faint|p1a: Feraligatr\n|\n|-heal|p2a: Chesnaught|178/285|[from] item: Leftovers\n|upkeep\n|\n|t:|1783558519\n|switch|p1a: Zangoose|Zangoose, L85, M|100/100\n|turn|25\n|inactive|Time left: 300 sec this turn | 300 sec total\n|\n|t:|1783558520\n|move|p2a: Chesnaught|Body Press|p1a: Zangoose\n|-supereffective|p1a: Zangoose\n|-damage|p1a: Zangoose|0 fnt\n|faint|p1a: Zangoose\n|\n|win|p0y16628e3e", "uploadtime": 1783558520, "views": 0, "rating": 0, "private": 0, "password": null, "_winner": "p0y16628e3e", "_our_name": "p0y16628e3e"}