{"id": "battle-gen9randombattle-1913", "formatid": "gen9randombattle", "format": "[Gen 9] Random Battle", "players": ["p0x19138587", "p0y1913896a"], "log": "|init|battle\n|title|p0x19138587 vs. p0y1913896a\n|j|\u2606p0x19138587\n|j|\u2606p0y1913896a\n|t:|1783561402\n|gametype|singles\n|player|p1|p0x19138587|169|\n|player|p2|p0y1913896a|170|\n|gen|9\n|tier|[Gen 9] Random Battle\n|rule|Species Clause: Limit one of each Pok\u00e9mon\n|rule|HP Percentage Mod: HP is shown in percentages\n|rule|Sleep Clause Mod: Limit one foe put to sleep\n|rule|Illusion Level Mod: Illusion disguises the Pok\u00e9mon's true level\n|\n|t:|1783561402\n|teamsize|p1|6\n|teamsize|p2|6\n|start\n|switch|p1a: Iron Valiant|Iron Valiant, L78|100/100\n|switch|p2a: Skeledirge|Skeledirge, L79, F|294/294\n|turn|1\n|inactive|Battle timer is ON: inactive players will automatically lose when time's up. (requested by p0x19138587)\n|inactive|Time left: 300 sec this turn | 300 sec total | 60 sec grace\n|inactive|p0y1913896a also wants the timer to be on.\n|\n|t:|1783561404\n|move|p1a: Iron Valiant|Knock Off|p2a: Skeledirge\n|-supereffective|p2a: Skeledirge\n|-damage|p2a: Skeledirge|89/294\n|-enditem|p2a: Skeledirge|Heavy-Duty Boots|[from] move: Knock Off|[of] p1a: Iron Valiant\n|-damage|p1a: Iron Valiant|91/100|[from] item: Life Orb\n|move|p2a: Skeledirge|Torch Song|p1a: Iron Valiant\n|-damage|p1a: Iron Valiant|39/100\n|-boost|p2a: Skeledirge|spa|1\n|\n|upkeep\n|turn|2\n|inactive|Time left: 300 sec this turn | 300 sec total\n|\n|t:|1783561405\n|move|p1a: Iron Valiant|Knock Off|p2a: Skeledirge\n|-supereffective|p2a: Skeledirge\n|-damage|p2a: Skeledirge|0 fnt\n|faint|p2a: Skeledirge\n|-damage|p1a: Iron Valiant|29/100|[from] item: Life Orb\n|\n|upkeep\n|inactive|Time left: 300 sec this turn | 300 sec total | 5 sec grace\n|\n|t:|1783561406\n|switch|p2a: Gyarados|Gyarados, L79, M|280/280\n|turn|3\n|inactive|Time left: 300 sec this turn | 300 sec total\n|\n|t:|1783561407\n|-end|p1a: Iron Valiant|Quark Drive|[silent]\n|switch|p1a: Serperior|Serperior, L79, F|100/100\n|move|p2a: Gyarados|Dragon Dance|p2a: Gyarados\n|-boost|p2a: Gyarados|atk|1\n|-boost|p2a: Gyarados|spe|1\n|\n|upkeep\n|turn|4\n|inactive|Time left: 300 sec this turn | 300 sec total\n|\n|t:|1783561408\n|move|p2a: Gyarados|Temper Flare|p1a: Serperior\n|-supereffective|p1a: Serperior\n|-damage|p1a: Serperior|29/100\n|move|p1a: Serperior|Leaf Storm|p2a: Gyarados\n|-damage|p2a: Gyarados|190/280\n|-boost|p1a: Serperior|spa|2\n|\n|-heal|p1a: Serperior|35/100|[from] item: Leftovers\n|upkeep\n|turn|5\n|inactive|Time left: 300 sec this turn | 300 sec total\n|\n|t:|1783561409\n|switch|p1a: Leafeon|Leafeon, L88, F|100/100\n|move|p2a: Gyarados|Temper Flare|p1a: Leafeon\n|-supereffective|p1a: Leafeon\n|-damage|p1a: Leafeon|54/100\n|\n|-heal|p1a: Leafeon|60/100|[from] item: Leftovers\n|upkeep\n|turn|6\n|inactive|Time left: 300 sec this turn | 300 sec total\n|\n|t:|1783561410\n|move|p2a: Gyarados|Temper Flare|p1a: Leafeon\n|-supereffective|p1a: Leafeon\n|-damage|p1a: Leafeon|17/100\n|move|p1a: Leafeon|Leaf Blade|p2a: Gyarados\n|-damage|p2a: Gyarados|45/280\n|\n|-heal|p1a: Leafeon|23/100|[from] item: Leftovers\n|upkeep\n|turn|7\n|inactive|Time left: 300 sec this turn | 300 sec total\n|\n|t:|1783561412\n|switch|p1a: Golduck|Golduck, L90, M|100/100\n|-ability|p1a: Golduck|Cloud Nine\n|move|p2a: Gyarados|Temper Flare|p1a: Golduck\n|-resisted|p1a: Golduck\n|-crit|p1a: Golduck\n|-damage|p1a: Golduck|77/100\n|\n|-heal|p1a: Golduck|83/100|[from] item: Leftovers\n|upkeep\n|turn|8\n|inactive|Time left: 300 sec this turn | 300 sec total\n|\n|t:|1783561413\n|move|p2a: Gyarados|Waterfall|p1a: Golduck\n|-resisted|p1a: Golduck\n|-damage|p1a: Golduck|58/100\n|move|p1a: Golduck|Ice Beam|p2a: Gyarados\n|-damage|p2a: Gyarados|0 fnt\n|faint|p2a: Gyarados\n|\n|-heal|p1a: Golduck|64/100|[from] item: Leftovers\n|upkeep\n|inactive|Time left: 300 sec this turn | 300 sec total | 5 sec grace\n|\n|t:|1783561414\n|switch|p2a: Vileplume|Vileplume, L85, M|266/266\n|turn|9\n|inactive|Time left: 300 sec this turn | 300 sec total\n|\n|t:|1783561415\n|switch|p1a: Serperior|Serperior, L79, F|35/100\n|move|p2a: Vileplume|Giga Drain|p1a: Serperior\n|-resisted|p1a: Serperior\n|-damage|p1a: Serperior|15/100\n|\n|-heal|p1a: Serperior|21/100|[from] item: Leftovers\n|upkeep\n|turn|10\n|inactive|Time left: 300 sec this turn | 300 sec total\n|\n|t:|1783561416\n|move|p1a: Serperior|Leaf Storm|p2a: Vileplume\n|-resisted|p2a: Vileplume\n|-damage|p2a: Vileplume|242/266\n|-boost|p1a: Serperior|spa|2\n|move|p2a: Vileplume|Sludge Bomb|p1a: Serperior\n|-supereffective|p1a: Serperior\n|-damage|p1a: Serperior|0 fnt\n|faint|p1a: Serperior\n|\n|-heal|p2a: Vileplume|258/266|[from] item: Leftovers\n|upkeep\n|\n|t:|1783561417\n|switch|p1a: Spiritomb|Spiritomb, L89, M|100/100\n|turn|11\n|inactive|Time left: 300 sec this turn | 300 sec total\n|\n|t:|1783561418\n|move|p2a: Vileplume|Sleep Powder|p1a: Spiritomb\n|-status|p1a: Spiritomb|slp|[from] move: Sleep Powder\n|cant|p1a: Spiritomb|slp\n|\n|-heal|p2a: Vileplume|266/266|[from] item: Leftovers\n|upkeep\n|turn|12\n|inactive|Time left: 300 sec this turn | 300 sec total\n|\n|t:|1783561419\n|move|p2a: Vileplume|Sludge Bomb|p1a: Spiritomb\n|-resisted|p1a: Spiritomb\n|-damage|p1a: Spiritomb|82/100 slp\n|cant|p1a: Spiritomb|slp\n|\n|-heal|p1a: Spiritomb|88/100 slp|[from] item: Leftovers\n|upkeep\n|turn|13\n|inactive|Time left: 300 sec this turn | 300 sec total\n|\n|t:|1783561420\n|move|p2a: Vileplume|Giga Drain|p1a: Spiritomb\n|-damage|p1a: Spiritomb|56/100 slp\n|cant|p1a: Spiritomb|slp\n|\n|-heal|p1a: Spiritomb|62/100 slp|[from] item: Leftovers\n|upkeep\n|turn|14\n|inactive|Time left: 300 sec this turn | 300 sec total\n|\n|t:|1783561421\n|move|p2a: Vileplume|Strength Sap|p1a: Spiritomb\n|-unboost|p1a: Spiritomb|atk|1\n|-curestatus|p1a: Spiritomb|slp|[msg]\n|move|p1a: Spiritomb|Pain Split|p2a: Vileplume\n|-sethp|p2a: Vileplume|205/266|[from] move: Pain Split|[silent]\n|-sethp|p1a: Spiritomb|88/100|[from] move: Pain Split\n|\n|-heal|p2a: Vileplume|221/266|[from] item: Leftovers\n|-heal|p1a: Spiritomb|94/100|[from] item: Leftovers\n|upkeep\n|turn|15\n|inactive|Time left: 300 sec this turn | 300 sec total\n|\n|t:|1783561422\n|move|p2a: Vileplume|Sludge Bomb|p1a: Spiritomb\n|-resisted|p1a: Spiritomb\n|-damage|p1a: Spiritomb|75/100\n|-status|p1a: Spiritomb|psn\n|move|p1a: Spiritomb|Pain Split|p2a: Vileplume\n|-sethp|p2a: Vileplume|197/266|[from] move: Pain Split|[silent]\n|-sethp|p1a: Spiritomb|85/100 psn|[from] move: Pain Split\n|\n|-heal|p2a: Vileplume|213/266|[from] item: Leftovers\n|-heal|p1a: Spiritomb|91/100 psn|[from] item: Leftovers\n|-damage|p1a: Spiritomb|78/100 psn|[from] psn\n|upkeep\n|turn|16\n|inactive|Time left: 300 sec this turn | 300 sec total\n|\n|t:|1783561423\n|move|p2a: Vileplume|Giga Drain|p1a: Spiritomb\n|-damage|p1a: Spiritomb|45/100 psn\n|-heal|p2a: Vileplume|252/266|[from] drain|[of] p1a: Spiritomb\n|move|p1a: Spiritomb|Foul Play|p2a: Vileplume\n|-damage|p2a: Vileplume|185/266\n|\n|-heal|p2a: Vileplume|201/266|[from] item: Leftovers\n|-heal|p1a: Spiritomb|51/100 psn|[from] item: Leftovers\n|-damage|p1a: Spiritomb|39/100 psn|[from] psn\n|upkeep\n|turn|17\n|inactive|Time left: 300 sec this turn | 300 sec total\n|\n|t:|1783561424\n|move|p2a: Vileplume|Giga Drain|p1a: Spiritomb\n|-damage|p1a: Spiritomb|6/100 psn\n|-heal|p2a: Vileplume|239/266|[from] drain|[of] p1a: Spiritomb\n|move|p1a: Spiritomb|Pain Split|p2a: Vileplume\n|-sethp|p2a: Vileplume|126/266|[from] move: Pain Split|[silent]\n|-sethp|p1a: Spiritomb|54/100 psn|[from] move: Pain Split\n|\n|-heal|p2a: Vileplume|142/266|[from] item: Leftovers\n|-heal|p1a: Spiritomb|60/100 psn|[from] item: Leftovers\n|-damage|p1a: Spiritomb|48/100 psn|[from] psn\n|upkeep\n|turn|18\n|inactive|Time left: 300 sec this turn | 300 sec total\n|\n|t:|1783561425\n|move|p2a: Vileplume|Strength Sap|p1a: Spiritomb\n|-unboost|p1a: Spiritomb|atk|1\n|-heal|p2a: Vileplume|266/266\n|move|p1a: Spiritomb|Pain Split|p2a: Vileplume\n|-sethp|p2a: Vileplume|188/266|[from] move: Pain Split|[silent]\n|-sethp|p1a: Spiritomb|81/100 psn|[from] move: Pain Split\n|\n|-heal|p2a: Vileplume|204/266|[from] item: Leftovers\n|-heal|p1a: Spiritomb|87/100 psn|[from] item: Leftovers\n|-damage|p1a: Spiritomb|74/100 psn|[from] psn\n|upkeep\n|turn|19\n|inactive|Time left: 300 sec this turn | 300 sec total\n|\n|t:|1783561426\n|switch|p1a: Mandibuzz|Mandibuzz, L85, F|100/100\n|move|p2a: Vileplume|Giga Drain|p1a: Mandibuzz\n|-resisted|p1a: Mandibuzz\n|-crit|p1a: Mandibuzz\n|-damage|p1a: Mandibuzz|79/100\n|-heal|p2a: Vileplume|239/266|[from] drain|[of] p1a: Mandibuzz\n|\n|-heal|p2a: Vileplume|255/266|[from] item: Leftovers\n|upkeep\n|turn|20\n|inactive|Time left: 300 sec this turn | 300 sec total\n|\n|t:|1783561427\n|move|p1a: Mandibuzz|Foul Play|p2a: Vileplume\n|-damage|p2a: Vileplume|191/266\n|move|p2a: Vileplume|Strength Sap|p1a: Mandibuzz\n|-unboost|p1a: Mandibuzz|atk|1\n|-heal|p2a: Vileplume|266/266\n|\n|upkeep\n|turn|21\n|inactive|Time left: 300 sec this turn | 300 sec total\n|\n|t:|1783561428\n|move|p1a: Mandibuzz|Roost|p1a: Mandibuzz\n|-heal|p1a: Mandibuzz|100/100\n|-singleturn|p1a: Mandibuzz|move: Roost\n|move|p2a: Vileplume|Sludge Bomb|p1a: Mandibuzz\n|-damage|p1a: Mandibuzz|68/100\n|-status|p1a: Mandibuzz|psn\n|\n|-damage|p1a: Mandibuzz|56/100 psn|[from] psn\n|upkeep\n|turn|22\n|inactive|Time left: 300 sec this turn | 300 sec total\n|\n|t:|1783561429\n|move|p1a: Mandibuzz|Roost|p1a: Mandibuzz\n|-heal|p1a: Mandibuzz|100/100 psn\n|-singleturn|p1a: Mandibuzz|move: Roost\n|move|p2a: Vileplume|Giga Drain|p1a: Mandibuzz\n|-damage|p1a: Mandibuzz|73/100 psn\n|\n|-damage|p1a: Mandibuzz|61/100 psn|[from] psn\n|upkeep\n|turn|23\n|inactive|Time left: 300 sec this turn | 300 sec total\n|\n|t:|1783561430\n|move|p1a: Mandibuzz|Roost|p1a: Mandibuzz\n|-heal|p1a: Mandibuzz|100/100 psn\n|-singleturn|p1a: Mandibuzz|move: Roost\n|move|p2a: Vileplume|Giga Drain|p1a: Mandibuzz\n|-damage|p1a: Mandibuzz|73/100 psn\n|\n|-damage|p1a: Mandibuzz|60/100 psn|[from] psn\n|upkeep\n|turn|24\n|inactive|Time left: 300 sec this turn | 300 sec total\n|\n|t:|1783561431\n|move|p1a: Mandibuzz|Roost|p1a: Mandibuzz\n|-heal|p1a: Mandibuzz|100/100 psn\n|-singleturn|p1a: Mandibuzz|move: Roost\n|move|p2a: Vileplume|Sludge Bomb|p1a: Mandibuzz\n|-damage|p1a: Mandibuzz|71/100 psn\n|\n|-damage|p1a: Mandibuzz|58/100 psn|[from] psn\n|upkeep\n|turn|25\n|inactive|Time left: 300 sec this turn | 300 sec total\n|\n|t:|1783561431\n|move|p1a: Mandibuzz|Roost|p1a: Mandibuzz\n|-heal|p1a: Mandibuzz|100/100 psn\n|-singleturn|p1a: Mandibuzz|move: Roost\n|move|p2a: Vileplume|Giga Drain|p1a: Mandibuzz\n|-damage|p1a: Mandibuzz|76/100 psn\n|\n|-damage|p1a: Mandibuzz|64/100 psn|[from] psn\n|upkeep\n|turn|26\n|inactive|Time left: 300 sec this turn | 300 sec total\n|\n|t:|1783561432\n|move|p1a: Mandibuzz|Roost|p1a: Mandibuzz\n|-heal|p1a: Mandibuzz|100/100 psn\n|-singleturn|p1a: Mandibuzz|move: Roost\n|move|p2a: Vileplume|Giga Drain|p1a: Mandibuzz\n|-damage|p1a: Mandibuzz|74/100 psn\n|\n|-damage|p1a: Mandibuzz|61/100 psn|[from] psn\n|upkeep\n|turn|27\n|inactive|Time left: 300 sec this turn | 300 sec total\n|\n|t:|1783561433\n|move|p1a: Mandibuzz|Roost|p1a: Mandibuzz\n|-heal|p1a: Mandibuzz|100/100 psn\n|-singleturn|p1a: Mandibuzz|move: Roost\n|move|p2a: Vileplume|Giga Drain|p1a: Mandibuzz\n|-damage|p1a: Mandibuzz|74/100 psn\n|\n|-damage|p1a: Mandibuzz|62/100 psn|[from] psn\n|upkeep\n|turn|28\n|inactive|Time left: 300 sec this turn | 300 sec total\n|\n|t:|1783561434\n|move|p1a: Mandibuzz|Roost|p1a: Mandibuzz\n|-heal|p1a: Mandibuzz|100/100 psn\n|-singleturn|p1a: Mandibuzz|move: Roost\n|move|p2a: Vileplume|Sludge Bomb|p1a: Mandibuzz\n|-damage|p1a: Mandibuzz|69/100 psn\n|\n|-damage|p1a: Mandibuzz|57/100 psn|[from] psn\n|upkeep\n|turn|29\n|inactive|Time left: 300 sec this turn | 300 sec total\n|\n|t:|1783561435\n|switch|p1a: Spiritomb|Spiritomb, L89, M|74/100 psn\n|move|p2a: Vileplume|Sludge Bomb|p1a: Spiritomb\n|-resisted|p1a: Spiritomb\n|-damage|p1a: Spiritomb|56/100 psn\n|\n|-heal|p1a: Spiritomb|62/100 psn|[from] item: Leftovers\n|-damage|p1a: Spiritomb|50/100 psn|[from] psn\n|upkeep\n|turn|30\n|inactive|Time left: 300 sec this turn | 300 sec total\n|\n|t:|1783561436\n|move|p2a: Vileplume|Giga Drain|p1a: Spiritomb\n|-damage|p1a: Spiritomb|21/100 psn\n|move|p1a: Spiritomb|Pain Split|p2a: Vileplume\n|-sethp|p2a: Vileplume|156/266|[from] move: Pain Split|[silent]\n|-sethp|p1a: Spiritomb|67/100 psn|[from] move: Pain Split\n|\n|-heal|p2a: Vileplume|172/266|[from] item: Leftovers\n|-heal|p1a: Spiritomb|73/100 psn|[from] item: Leftovers\n|-damage|p1a: Spiritomb|61/100 psn|[from] psn\n|upkeep\n|turn|31\n|inactive|Time left: 300 sec this turn | 300 sec total\n|\n|t:|1783561437\n|move|p2a: Vileplume|Strength Sap|p1a: Spiritomb\n|-unboost|p1a: Spiritomb|atk|1\n|-heal|p2a: Vileplume|266/266\n|move|p1a: Spiritomb|Pain Split|p2a: Vileplume\n|-sethp|p2a: Vileplume|203/266|[from] move: Pain Split|[silent]\n|-sethp|p1a: Spiritomb|87/100 psn|[from] move: Pain Split\n|\n|-heal|p2a: Vileplume|219/266|[from] item: Leftovers\n|-heal|p1a: Spiritomb|93/100 psn|[from] item: Leftovers\n|-damage|p1a: Spiritomb|81/100 psn|[from] psn\n|upkeep\n|turn|32\n|inactive|Time left: 300 sec this turn | 300 sec total\n|\n|t:|1783561438\n|move|p2a: Vileplume|Giga Drain|p1a: Spiritomb\n|-damage|p1a: Spiritomb|48/100 psn\n|-heal|p2a: Vileplume|258/266|[from] drain|[of] p1a: Spiritomb\n|move|p1a: Spiritomb|Pain Split|p2a: Vileplume\n|-sethp|p2a: Vileplume|184/266|[from] move: Pain Split|[silent]\n|-sethp|p1a: Spiritomb|79/100 psn|[from] move: Pain Split\n|\n|-heal|p2a: Vileplume|200/266|[from] item: Leftovers\n|-heal|p1a: Spiritomb|85/100 psn|[from] item: Leftovers\n|-damage|p1a: Spiritomb|73/100 psn|[from] psn\n|upkeep\n|turn|33\n|inactive|Time left: 300 sec this turn | 300 sec total\n|\n|t:|1783561439\n|move|p2a: Vileplume|Giga Drain|p1a: Spiritomb\n|-damage|p1a: Spiritomb|43/100 psn\n|-heal|p2a: Vileplume|235/266|[from] drain|[of] p1a: Spiritomb\n|move|p1a: Spiritomb|Pain Split|p2a: Vileplume\n|-sethp|p2a: Vileplume|167/266|[from] move: Pain Split|[silent]\n|-sethp|p1a: Spiritomb|72/100 psn|[from] move: Pain Split\n|\n|-heal|p2a: Vileplume|183/266|[from] item: Leftovers\n|-heal|p1a: Spiritomb|78/100 psn|[from] item: Leftovers\n|-damage|p1a: Spiritomb|65/100 psn|[from] psn\n|upkeep\n|turn|34\n|inactive|Time left: 300 sec this turn | 300 sec total\n|\n|t:|1783561440\n|move|p2a: Vileplume|Strength Sap|p1a: Spiritomb\n|-unboost|p1a: Spiritomb|atk|1\n|-heal|p2a: Vileplume|266/266\n|move|p1a: Spiritomb|Foul Play|p2a: Vileplume\n|-damage|p2a: Vileplume|191/266\n|\n|-heal|p2a: Vileplume|207/266|[from] item: Leftovers\n|-heal|p1a: Spiritomb|71/100 psn|[from] item: Leftovers\n|-damage|p1a: Spiritomb|59/100 psn|[from] psn\n|upkeep\n|turn|35\n|inactive|Time left: 300 sec this turn | 300 sec total\n|\n|t:|1783561441\n|move|p2a: Vileplume|Sludge Bomb|p1a: Spiritomb\n|-resisted|p1a: Spiritomb\n|-damage|p1a: Spiritomb|39/100 psn\n|move|p1a: Spiritomb|Pain Split|p2a: Vileplume\n|-sethp|p2a: Vileplume|149/266|[from] move: Pain Split|[silent]\n|-sethp|p1a: Spiritomb|64/100 psn|[from] move: Pain Split\n|\n|-heal|p2a: Vileplume|165/266|[from] item: Leftovers\n|-heal|p1a: Spiritomb|70/100 psn|[from] item: Leftovers\n|-damage|p1a: Spiritomb|58/100 psn|[from] psn\n|upkeep\n|turn|36\n|inactive|Time left: 300 sec this turn | 300 sec total\n|\n|t:|1783561442\n|move|p2a: Vileplume|Giga Drain|p1a: Spiritomb\n|-damage|p1a: Spiritomb|27/100 psn\n|-heal|p2a: Vileplume|202/266|[from] drain|[of] p1a: Spiritomb\n|move|p1a: Spiritomb|Foul Play|p2a: Vileplume\n|-damage|p2a: Vileplume|129/266\n|\n|-heal|p2a: Vileplume|145/266|[from] item: Leftovers\n|-heal|p1a: Spiritomb|33/100 psn|[from] item: Leftovers\n|-damage|p1a: Spiritomb|20/100 psn|[from] psn\n|upkeep\n|turn|37\n|inactive|Time left: 300 sec this turn | 300 sec total\n|\n|t:|1783561443\n|move|p2a: Vileplume|Giga Drain|p1a: Spiritomb\n|-damage|p1a: Spiritomb|0 fnt\n|-heal|p2a: Vileplume|168/266|[from] drain|[of] p1a: Spiritomb\n|faint|p1a: Spiritomb\n|\n|-heal|p2a: Vileplume|184/266|[from] item: Leftovers\n|upkeep\n|\n|t:|1783561444\n|switch|p1a: Mandibuzz|Mandibuzz, L85, F|57/100 psn\n|turn|38\n|inactive|Time left: 300 sec this turn | 300 sec total\n|\n|t:|1783561445\n|move|p1a: Mandibuzz|Foul Play|p2a: Vileplume\n|-damage|p2a: Vileplume|111/266\n|move|p2a: Vileplume|Giga Drain|p1a: Mandibuzz\n|-resisted|p1a: Mandibuzz\n|-damage|p1a: Mandibuzz|43/100 psn\n|-heal|p2a: Vileplume|134/266|[from] drain|[of] p1a: Mandibuzz\n|\n|-heal|p2a: Vileplume|150/266|[from] item: Leftovers\n|-damage|p1a: Mandibuzz|31/100 psn|[from] psn\n|upkeep\n|turn|39\n|inactive|Time left: 300 sec this turn | 300 sec total\n|\n|t:|1783561446\n|move|p1a: Mandibuzz|U-turn|p2a: Vileplume\n|-damage|p2a: Vileplume|110/266\n|\n|t:|1783561447\n|switch|p1a: Golduck|Golduck, L90, M|64/100|[from] U-turn\n|-ability|p1a: Golduck|Cloud Nine\n|move|p2a: Vileplume|Strength Sap|p1a: Golduck\n|-unboost|p1a: Golduck|atk|1\n|-heal|p2a: Vileplume|262/266\n|\n|-heal|p1a: Golduck|70/100|[from] item: Leftovers\n|-heal|p2a: Vileplume|266/266|[from] item: Leftovers\n|upkeep\n|turn|40\n|inactive|Time left: 300 sec this turn | 300 sec total\n|\n|t:|1783561448\n|move|p1a: Golduck|Nasty Plot|p1a: Golduck\n|-boost|p1a: Golduck|spa|2\n|move|p2a: Vileplume|Sludge Bomb|p1a: Golduck\n|-damage|p1a: Golduck|30/100\n|\n|-heal|p1a: Golduck|36/100|[from] item: Leftovers\n|upkeep\n|turn|41\n|inactive|Time left: 300 sec this turn | 300 sec total\n|\n|t:|1783561449\n|-terastallize|p2a: Vileplume|Steel\n|move|p1a: Golduck|Ice Beam|p2a: Vileplume\n|-resisted|p2a: Vileplume\n|-damage|p2a: Vileplume|192/266\n|-status|p2a: Vileplume|frz\n|cant|p2a: Vileplume|frz\n|\n|-heal|p1a: Golduck|42/100|[from] item: Leftovers\n|-heal|p2a: Vileplume|208/266 frz|[from] item: Leftovers\n|upkeep\n|turn|42\n|inactive|Time left: 300 sec this turn | 300 sec total\n|\n|t:|1783561449\n|switch|p2a: Dondozo|Dondozo, L78, M|362/362\n|move|p1a: Golduck|Hydro Pump|p2a: Dondozo\n|-resisted|p2a: Dondozo\n|-damage|p2a: Dondozo|271/362\n|\n|-heal|p1a: Golduck|48/100|[from] item: Leftovers\n|-heal|p2a: Dondozo|293/362|[from] item: Leftovers\n|upkeep\n|turn|43\n|inactive|Time left: 300 sec this turn | 300 sec total\n|\n|t:|1783561450\n|move|p1a: Golduck|Ice Beam|p2a: Dondozo\n|-resisted|p2a: Dondozo\n|-damage|p2a: Dondozo|241/362\n|move|p2a: Dondozo|Rest|p2a: Dondozo\n|-status|p2a: Dondozo|slp|[from] move: Rest\n|-heal|p2a: Dondozo|362/362 slp|[silent]\n|\n|-heal|p1a: Golduck|55/100|[from] item: Leftovers\n|upkeep\n|turn|44\n|inactive|Time left: 300 sec this turn | 300 sec total\n|\n|t:|1783561451\n|switch|p2a: Vileplume|Vileplume, L85, M, tera:Steel|208/266 frz\n|move|p1a: Golduck|Grass Knot|p2a: Vileplume\n|-resisted|p2a: Vileplume\n|-damage|p2a: Vileplume|178/266 frz\n|-status|p1a: Golduck|slp|[from] ability: Effect Spore|[of] p2a: Vileplume\n|\n|-heal|p1a: Golduck|61/100 slp|[from] item: Leftovers\n|-heal|p2a: Vileplume|194/266 frz|[from] item: Leftovers\n|upkeep\n|turn|45\n|inactive|Time left: 300 sec this turn | 300 sec total\n|\n|t:|1783561452\n|cant|p1a: Golduck|slp\n|-curestatus|p2a: Vileplume|frz|[msg]\n|move|p2a: Vileplume|Strength Sap|p1a: Golduck\n|-unboost|p1a: Golduck|atk|1\n|-heal|p2a: Vileplume|266/266\n|\n|-heal|p1a: Golduck|67/100 slp|[from] item: Leftovers\n|upkeep\n|turn|46\n|inactive|Time left: 300 sec this turn | 300 sec total\n|\n|t:|1783561453\n|cant|p1a: Golduck|slp\n|move|p2a: Vileplume|Sludge Bomb|p1a: Golduck\n|-damage|p1a: Golduck|32/100 slp\n|\n|-heal|p1a: Golduck|38/100 slp|[from] item: Leftovers\n|upkeep\n|turn|47\n|inactive|Time left: 300 sec this turn | 300 sec total\n|\n|t:|1783561454\n|-curestatus|p1a: Golduck|slp|[msg]\n|move|p1a: Golduck|Hydro Pump|p2a: Vileplume\n|-damage|p2a: Vileplume|0 fnt\n|faint|p2a: Vileplume\n|\n|-heal|p1a: Golduck|44/100|[from] item: Leftovers\n|upkeep\n|inactive|Time left: 300 sec this turn | 300 sec total | 5 sec grace\n|\n|t:|1783561455\n|switch|p2a: Probopass|Probopass, L91, F|257/257\n|turn|48\n|inactive|Time left: 300 sec this turn | 300 sec total\n|\n|t:|1783561456\n|switch|p2a: Dondozo|Dondozo, L78, M|362/362 slp\n|move|p1a: Golduck|Hydro Pump|p2a: Dondozo\n|-resisted|p2a: Dondozo\n|-damage|p2a: Dondozo|271/362 slp\n|\n|-heal|p1a: Golduck|50/100|[from] item: Leftovers\n|-heal|p2a: Dondozo|293/362 slp|[from] item: Leftovers\n|upkeep\n|turn|49\n|inactive|Time left: 300 sec this turn | 300 sec total\n|\n|t:|1783561457\n|switch|p2a: Probopass|Probopass, L91, F|257/257\n|move|p1a: Golduck|Grass Knot|p2a: Probopass\n|-damage|p2a: Probopass|147/257\n|\n|-heal|p1a: Golduck|57/100|[from] item: Leftovers\n|upkeep\n|turn|50\n|inactive|Time left: 300 sec this turn | 300 sec total\n|\n|t:|1783561459\n|switch|p2a: Dondozo|Dondozo, L78, M|293/362 slp\n|move|p1a: Golduck|Hydro Pump|p2a: Dondozo\n|-resisted|p2a: Dondozo\n|-damage|p2a: Dondozo|198/362 slp\n|\n|-heal|p1a: Golduck|63/100|[from] item: Leftovers\n|-heal|p2a: Dondozo|220/362 slp|[from] item: Leftovers\n|upkeep\n|turn|51\n|inactive|Time left: 300 sec this turn | 300 sec total\n|\n|t:|1783561460\n|move|p1a: Golduck|Grass Knot|p2a: Dondozo\n|-supereffective|p2a: Dondozo\n|-damage|p2a: Dondozo|0 fnt\n|faint|p2a: Dondozo\n|\n|-heal|p1a: Golduck|69/100|[from] item: Leftovers\n|upkeep\n|inactive|Time left: 300 sec this turn | 300 sec total | 5 sec grace\n|\n|t:|1783561460\n|switch|p2a: Stonjourner|Stonjourner, L91, M|330/330\n|turn|52\n|inactive|Time left: 300 sec this turn | 300 sec total\n|\n|t:|1783561461\n|switch|p2a: Probopass|Probopass, L91, F|147/257\n|move|p1a: Golduck|Grass Knot|p2a: Probopass\n|-damage|p2a: Probopass|34/257\n|\n|-heal|p1a: Golduck|75/100|[from] item: Leftovers\n|upkeep\n|turn|53\n|inactive|Time left: 300 sec this turn | 300 sec total\n|\n|t:|1783561462\n|move|p1a: Golduck|Grass Knot|p2a: Probopass\n|-damage|p2a: Probopass|0 fnt\n|faint|p2a: Probopass\n|\n|-heal|p1a: Golduck|82/100|[from] item: Leftovers\n|upkeep\n|inactive|Time left: 300 sec this turn | 300 sec total | 5 sec grace\n|\n|t:|1783561463\n|switch|p2a: Stonjourner|Stonjourner, L91, M|330/330\n|turn|54\n|inactive|Time left: 300 sec this turn | 300 sec total\n|\n|t:|1783561464\n|move|p1a: Golduck|Grass Knot|p2a: Stonjourner\n|-supereffective|p2a: Stonjourner\n|-damage|p2a: Stonjourner|0 fnt\n|faint|p2a: Stonjourner\n|\n|win|p0x19138587", "uploadtime": 1783561464, "views": 0, "rating": 0, "private": 0, "password": null, "_winner": "p0x19138587", "_our_name": "p0y1913896a"}