{"id": "battle-gen9randombattle-2225", "formatid": "gen9randombattle", "format": "[Gen 9] Random Battle", "players": ["p0x2225b1c2", "p0y2225686f"], "log": "|init|battle\n|title|p0x2225b1c2 vs. p0y2225686f\n|j|\u2606p0x2225b1c2\n|j|\u2606p0y2225686f\n|t:|1783565785\n|gametype|singles\n|player|p1|p0x2225b1c2|1|\n|player|p2|p0y2225686f|265|\n|gen|9\n|tier|[Gen 9] Random Battle\n|rule|Species Clause: Limit one of each Pok\u00e9mon\n|rule|HP Percentage Mod: HP is shown in percentages\n|rule|Sleep Clause Mod: Limit one foe put to sleep\n|rule|Illusion Level Mod: Illusion disguises the Pok\u00e9mon's true level\n|\n|t:|1783565785\n|teamsize|p1|6\n|teamsize|p2|6\n|start\n|switch|p1a: Bellibolt|Bellibolt, L84, M|100/100\n|switch|p2a: Mew|Mew, L82|298/298\n|turn|1\n|inactive|Battle timer is ON: inactive players will automatically lose when time's up. (requested by p0y2225686f)\n|inactive|p0x2225b1c2 also wants the timer to be on.\n|\n|t:|1783565786\n|move|p2a: Mew|Swords Dance|p2a: Mew\n|-boost|p2a: Mew|atk|2\n|move|p1a: Bellibolt|Toxic|p2a: Mew\n|-status|p2a: Mew|tox\n|-activate|p2a: Mew|ability: Synchronize\n|-status|p1a: Bellibolt|tox\n|\n|-damage|p2a: Mew|280/298 tox|[from] psn\n|-damage|p1a: Bellibolt|94/100 tox|[from] psn\n|upkeep\n|turn|2\n|inactive|Time left: 300 sec this turn | 300 sec total\n|\n|t:|1783565787\n|move|p2a: Mew|Knock Off|p1a: Bellibolt\n|-damage|p1a: Bellibolt|42/100 tox\n|-start|p1a: Bellibolt|Charge|Knock Off|[from] ability: Electromorphosis\n|-enditem|p1a: Bellibolt|Leftovers|[from] move: Knock Off|[of] p2a: Mew\n|-damage|p2a: Mew|251/298 tox|[from] item: Life Orb\n|move|p1a: Bellibolt|Thunderbolt|p2a: Mew\n|-damage|p2a: Mew|61/298 tox\n|-end|p1a: Bellibolt|Charge|[silent]\n|\n|-damage|p2a: Mew|25/298 tox|[from] psn\n|-damage|p1a: Bellibolt|30/100 tox|[from] psn\n|upkeep\n|turn|3\n|inactive|Time left: 300 sec this turn | 300 sec total\n|\n|t:|1783565789\n|move|p2a: Mew|Psychic Fangs|p1a: Bellibolt\n|-damage|p1a: Bellibolt|0 fnt\n|faint|p1a: Bellibolt\n|-damage|p2a: Mew|0 fnt|[from] item: Life Orb\n|faint|p2a: Mew\n|\n|upkeep\n|inactive|Time left: 300 sec this turn | 300 sec total | 5 sec grace\n|\n|t:|1783565790\n|switch|p2a: Baxcalibur|Baxcalibur, L75, F|295/295\n|switch|p1a: Oricorio|Oricorio-Pom-Pom, L82, M|100/100\n|turn|4\n|inactive|Time left: 300 sec this turn | 300 sec total\n|\n|t:|1783565791\n|switch|p1a: Pecharunt|Pecharunt, L77|100/100\n|move|p2a: Baxcalibur|Glaive Rush|p1a: Pecharunt\n|-damage|p1a: Pecharunt|47/100\n|-singlemove|p2a: Baxcalibur|Glaive Rush|[silent]\n|\n|-heal|p1a: Pecharunt|53/100|[from] item: Leftovers\n|upkeep\n|turn|5\n|inactive|Time left: 300 sec this turn | 300 sec total\n|\n|t:|1783565792\n|move|p1a: Pecharunt|Malignant Chain|p2a: Baxcalibur\n|-damage|p2a: Baxcalibur|125/295\n|-status|p2a: Baxcalibur|tox\n|-start|p2a: Baxcalibur|confusion|[from] ability: Poison Puppeteer|[of] p1a: Pecharunt\n|-activate|p2a: Baxcalibur|confusion\n|move|p2a: Baxcalibur|Glaive Rush|p1a: Pecharunt\n|-damage|p1a: Pecharunt|0 fnt\n|-singlemove|p2a: Baxcalibur|Glaive Rush|[silent]\n|faint|p1a: Pecharunt\n|\n|-damage|p2a: Baxcalibur|107/295 tox|[from] psn\n|upkeep\n|\n|t:|1783565793\n|switch|p1a: Sceptile|Sceptile, L87, F|100/100\n|turn|6\n|inactive|Time left: 300 sec this turn | 300 sec total\n|\n|t:|1783565794\n|move|p1a: Sceptile|Leaf Blade|p2a: Baxcalibur\n|-resisted|p2a: Baxcalibur\n|-damage|p2a: Baxcalibur|0 fnt\n|faint|p2a: Baxcalibur\n|-damage|p1a: Sceptile|91/100|[from] item: Life Orb\n|\n|upkeep\n|inactive|Time left: 300 sec this turn | 300 sec total | 5 sec grace\n|\n|t:|1783565795\n|switch|p2a: Pecharunt|Pecharunt, L77|262/262\n|turn|7\n|inactive|Time left: 300 sec this turn | 300 sec total\n|\n|t:|1783565796\n|move|p1a: Sceptile|Swords Dance|p1a: Sceptile\n|-boost|p1a: Sceptile|atk|2\n|move|p2a: Pecharunt|Malignant Chain|p1a: Sceptile\n|-supereffective|p1a: Sceptile\n|-damage|p1a: Sceptile|32/100\n|-status|p1a: Sceptile|tox\n|-start|p1a: Sceptile|confusion|[from] ability: Poison Puppeteer|[of] p2a: Pecharunt\n|\n|-damage|p1a: Sceptile|25/100 tox|[from] psn\n|upkeep\n|turn|8\n|inactive|Time left: 300 sec this turn | 300 sec total\n|\n|t:|1783565797\n|-activate|p1a: Sceptile|confusion\n|move|p1a: Sceptile|Earthquake|p2a: Pecharunt\n|-supereffective|p2a: Pecharunt\n|-damage|p2a: Pecharunt|28/262\n|-damage|p1a: Sceptile|16/100 tox|[from] item: Life Orb\n|move|p2a: Pecharunt|Nasty Plot|p2a: Pecharunt\n|-boost|p2a: Pecharunt|spa|2\n|\n|-heal|p2a: Pecharunt|44/262|[from] item: Leftovers\n|-damage|p1a: Sceptile|4/100 tox|[from] psn\n|upkeep\n|turn|9\n|inactive|Time left: 300 sec this turn | 300 sec total\n|\n|t:|1783565798\n|-activate|p1a: Sceptile|confusion\n|move|p1a: Sceptile|Earthquake|p2a: Pecharunt\n|-supereffective|p2a: Pecharunt\n|-damage|p2a: Pecharunt|0 fnt\n|faint|p2a: Pecharunt\n|-damage|p1a: Sceptile|0 fnt|[from] item: Life Orb\n|faint|p1a: Sceptile\n|\n|upkeep\n|inactive|Time left: 300 sec this turn | 300 sec total | 5 sec grace\n|\n|t:|1783565799\n|switch|p1a: Oricorio|Oricorio-Pom-Pom, L82, M|100/100\n|switch|p2a: Brute Bonnet|Brute Bonnet, L80|309/309\n|turn|10\n|inactive|Time left: 300 sec this turn | 300 sec total\n|\n|t:|1783565800\n|move|p1a: Oricorio|Quiver Dance|p1a: Oricorio\n|-boost|p1a: Oricorio|spa|1\n|-boost|p1a: Oricorio|spd|1\n|-boost|p1a: Oricorio|spe|1\n|move|p2a: Brute Bonnet|Crunch|p1a: Oricorio\n|-damage|p1a: Oricorio|58/100\n|\n|upkeep\n|turn|11\n|inactive|Time left: 300 sec this turn | 300 sec total\n|\n|t:|1783565801\n|-terastallize|p2a: Brute Bonnet|Poison\n|move|p1a: Oricorio|Hurricane|p2a: Brute Bonnet\n|-damage|p2a: Brute Bonnet|144/309\n|move|p2a: Brute Bonnet|Crunch|p1a: Oricorio\n|-damage|p1a: Oricorio|11/100\n|\n|-heal|p2a: Brute Bonnet|163/309|[from] item: Leftovers\n|upkeep\n|turn|12\n|inactive|Time left: 300 sec this turn | 300 sec total\n|\n|t:|1783565802\n|move|p1a: Oricorio|Roost|p1a: Oricorio\n|-heal|p1a: Oricorio|62/100\n|-singleturn|p1a: Oricorio|move: Roost\n|move|p2a: Brute Bonnet|Seed Bomb|p1a: Oricorio\n|-damage|p1a: Oricorio|15/100\n|\n|-heal|p2a: Brute Bonnet|182/309|[from] item: Leftovers\n|upkeep\n|turn|13\n|inactive|Time left: 300 sec this turn | 300 sec total\n|\n|t:|1783565803\n|move|p1a: Oricorio|Roost|p1a: Oricorio\n|-heal|p1a: Oricorio|65/100\n|-singleturn|p1a: Oricorio|move: Roost\n|move|p2a: Brute Bonnet|Seed Bomb|p1a: Oricorio\n|-damage|p1a: Oricorio|20/100\n|\n|-heal|p2a: Brute Bonnet|201/309|[from] item: Leftovers\n|upkeep\n|turn|14\n|inactive|Time left: 300 sec this turn | 300 sec total\n|\n|t:|1783565804\n|move|p1a: Oricorio|Roost|p1a: Oricorio\n|-heal|p1a: Oricorio|71/100\n|-singleturn|p1a: Oricorio|move: Roost\n|move|p2a: Brute Bonnet|Crunch|p1a: Oricorio\n|-damage|p1a: Oricorio|22/100\n|\n|-heal|p2a: Brute Bonnet|220/309|[from] item: Leftovers\n|upkeep\n|turn|15\n|inactive|Time left: 300 sec this turn | 300 sec total\n|\n|t:|1783565805\n|move|p1a: Oricorio|Roost|p1a: Oricorio\n|-heal|p1a: Oricorio|72/100\n|-singleturn|p1a: Oricorio|move: Roost\n|move|p2a: Brute Bonnet|Crunch|p1a: Oricorio\n|-damage|p1a: Oricorio|23/100\n|\n|-heal|p2a: Brute Bonnet|239/309|[from] item: Leftovers\n|upkeep\n|turn|16\n|inactive|Time left: 300 sec this turn | 300 sec total\n|\n|t:|1783565806\n|move|p2a: Brute Bonnet|Sucker Punch||[still]\n|-fail|p2a: Brute Bonnet\n|move|p1a: Oricorio|Roost|p1a: Oricorio\n|-heal|p1a: Oricorio|73/100\n|-singleturn|p1a: Oricorio|move: Roost\n|\n|-heal|p2a: Brute Bonnet|258/309|[from] item: Leftovers\n|upkeep\n|turn|17\n|inactive|Time left: 300 sec this turn | 300 sec total\n|\n|t:|1783565807\n|-terastallize|p1a: Oricorio|Ground\n|move|p1a: Oricorio|Revelation Dance|p2a: Brute Bonnet\n|-supereffective|p2a: Brute Bonnet\n|-damage|p2a: Brute Bonnet|0 fnt\n|faint|p2a: Brute Bonnet\n|-end|p2a: Brute Bonnet|Protosynthesis|[silent]\n|\n|upkeep\n|inactive|Time left: 300 sec this turn | 300 sec total | 5 sec grace\n|\n|t:|1783565808\n|switch|p2a: Skarmory|Skarmory, L80, M|235/235\n|turn|18\n|inactive|Time left: 300 sec this turn | 300 sec total\n|\n|t:|1783565809\n|move|p1a: Oricorio|Roost|p1a: Oricorio\n|-heal|p1a: Oricorio|100/100\n|move|p2a: Skarmory|Brave Bird|p1a: Oricorio\n|-damage|p1a: Oricorio|51/100\n|-damage|p2a: Skarmory|193/235|[from] Recoil\n|\n|-heal|p2a: Skarmory|207/235|[from] item: Leftovers\n|upkeep\n|turn|19\n|inactive|Time left: 300 sec this turn | 300 sec total\n|\n|t:|1783565810\n|move|p1a: Oricorio|Roost|p1a: Oricorio\n|-heal|p1a: Oricorio|100/100\n|move|p2a: Skarmory|Iron Defense|p2a: Skarmory\n|-boost|p2a: Skarmory|def|2\n|\n|-heal|p2a: Skarmory|221/235|[from] item: Leftovers\n|upkeep\n|turn|20\n|inactive|Time left: 300 sec this turn | 300 sec total\n|\n|t:|1783565811\n|move|p1a: Oricorio|Hurricane|p2a: Skarmory\n|-resisted|p2a: Skarmory\n|-damage|p2a: Skarmory|122/235\n|move|p2a: Skarmory|Body Press|p1a: Oricorio\n|-damage|p1a: Oricorio|36/100\n|\n|-heal|p2a: Skarmory|136/235|[from] item: Leftovers\n|upkeep\n|turn|21\n|inactive|Time left: 300 sec this turn | 300 sec total\n|\n|t:|1783565812\n|move|p1a: Oricorio|Hurricane|p2a: Skarmory|[miss]\n|-miss|p1a: Oricorio|p2a: Skarmory\n|move|p2a: Skarmory|Body Press|p1a: Oricorio\n|-damage|p1a: Oricorio|0 fnt\n|faint|p1a: Oricorio\n|\n|-heal|p2a: Skarmory|150/235|[from] item: Leftovers\n|upkeep\n|\n|t:|1783565813\n|switch|p1a: Dusknoir|Dusknoir, L89, F|100/100\n|-item|p2a: Skarmory|Leftovers|[from] ability: Frisk|[of] p1a: Dusknoir\n|turn|22\n|inactive|Time left: 300 sec this turn | 300 sec total\n|\n|t:|1783565814\n|move|p2a: Skarmory|Roost|p2a: Skarmory\n|-heal|p2a: Skarmory|235/235\n|-singleturn|p2a: Skarmory|move: Roost\n|move|p1a: Dusknoir|Will-O-Wisp|p2a: Skarmory|[miss]\n|-miss|p1a: Dusknoir|p2a: Skarmory\n|\n|upkeep\n|turn|23\n|inactive|Time left: 300 sec this turn | 300 sec total\n|\n|t:|1783565815\n|move|p2a: Skarmory|Brave Bird|p1a: Dusknoir\n|-damage|p1a: Dusknoir|68/100\n|-damage|p2a: Skarmory|211/235|[from] Recoil\n|move|p1a: Dusknoir|Will-O-Wisp|p2a: Skarmory\n|-status|p2a: Skarmory|brn\n|\n|-heal|p2a: Skarmory|225/235 brn|[from] item: Leftovers\n|-heal|p1a: Dusknoir|75/100|[from] item: Leftovers\n|-damage|p2a: Skarmory|211/235 brn|[from] brn\n|upkeep\n|turn|24\n|inactive|Time left: 300 sec this turn | 300 sec total\n|\n|t:|1783565816\n|move|p2a: Skarmory|Iron Defense|p2a: Skarmory\n|-boost|p2a: Skarmory|def|2\n|move|p1a: Dusknoir|Poltergeist|p2a: Skarmory\n|-activate|p2a: Skarmory|move: Poltergeist|Leftovers\n|-damage|p2a: Skarmory|174/235 brn\n|\n|-heal|p2a: Skarmory|188/235 brn|[from] item: Leftovers\n|-heal|p1a: Dusknoir|81/100|[from] item: Leftovers\n|-damage|p2a: Skarmory|174/235 brn|[from] brn\n|upkeep\n|turn|25\n|inactive|Time left: 300 sec this turn | 300 sec total\n|\n|t:|1783565817\n|move|p2a: Skarmory|Roost|p2a: Skarmory\n|-heal|p2a: Skarmory|235/235 brn\n|-singleturn|p2a: Skarmory|move: Roost\n|move|p1a: Dusknoir|Poltergeist|p2a: Skarmory\n|-activate|p2a: Skarmory|move: Poltergeist|Leftovers\n|-damage|p2a: Skarmory|202/235 brn\n|\n|-heal|p2a: Skarmory|216/235 brn|[from] item: Leftovers\n|-heal|p1a: Dusknoir|87/100|[from] item: Leftovers\n|-damage|p2a: Skarmory|202/235 brn|[from] brn\n|upkeep\n|turn|26\n|inactive|Time left: 300 sec this turn | 300 sec total\n|\n|t:|1783565818\n|move|p2a: Skarmory|Roost|p2a: Skarmory\n|-heal|p2a: Skarmory|235/235 brn\n|-singleturn|p2a: Skarmory|move: Roost\n|move|p1a: Dusknoir|Poltergeist|p2a: Skarmory\n|-activate|p2a: Skarmory|move: Poltergeist|Leftovers\n|-damage|p2a: Skarmory|198/235 brn\n|\n|-heal|p2a: Skarmory|212/235 brn|[from] item: Leftovers\n|-heal|p1a: Dusknoir|93/100|[from] item: Leftovers\n|-damage|p2a: Skarmory|198/235 brn|[from] brn\n|upkeep\n|turn|27\n|inactive|Time left: 300 sec this turn | 300 sec total\n|\n|t:|1783565819\n|move|p2a: Skarmory|Body Press|p1a: Dusknoir\n|-immune|p1a: Dusknoir\n|move|p1a: Dusknoir|Poltergeist|p2a: Skarmory\n|-activate|p2a: Skarmory|move: Poltergeist|Leftovers\n|-damage|p2a: Skarmory|162/235 brn\n|\n|-heal|p2a: Skarmory|176/235 brn|[from] item: Leftovers\n|-heal|p1a: Dusknoir|99/100|[from] item: Leftovers\n|-damage|p2a: Skarmory|162/235 brn|[from] brn\n|upkeep\n|turn|28\n|inactive|Time left: 300 sec this turn | 300 sec total\n|\n|t:|1783565820\n|move|p2a: Skarmory|Roost|p2a: Skarmory\n|-heal|p2a: Skarmory|235/235 brn\n|-singleturn|p2a: Skarmory|move: Roost\n|move|p1a: Dusknoir|Poltergeist|p2a: Skarmory\n|-activate|p2a: Skarmory|move: Poltergeist|Leftovers\n|-damage|p2a: Skarmory|199/235 brn\n|\n|-heal|p2a: Skarmory|213/235 brn|[from] item: Leftovers\n|-heal|p1a: Dusknoir|100/100|[from] item: Leftovers\n|-damage|p2a: Skarmory|199/235 brn|[from] brn\n|upkeep\n|turn|29\n|inactive|Time left: 300 sec this turn | 300 sec total\n|\n|t:|1783565821\n|move|p2a: Skarmory|Roost|p2a: Skarmory\n|-heal|p2a: Skarmory|235/235 brn\n|-singleturn|p2a: Skarmory|move: Roost\n|move|p1a: Dusknoir|Earthquake|p2a: Skarmory\n|-supereffective|p2a: Skarmory\n|-damage|p2a: Skarmory|199/235 brn\n|\n|-heal|p2a: Skarmory|213/235 brn|[from] item: Leftovers\n|-damage|p2a: Skarmory|199/235 brn|[from] brn\n|upkeep\n|turn|30\n|inactive|Time left: 300 sec this turn | 300 sec total\n|\n|t:|1783565823\n|move|p2a: Skarmory|Iron Defense|p2a: Skarmory\n|-boost|p2a: Skarmory|def|2\n|move|p1a: Dusknoir|Earthquake|p2a: Skarmory\n|-immune|p2a: Skarmory\n|\n|-heal|p2a: Skarmory|213/235 brn|[from] item: Leftovers\n|-damage|p2a: Skarmory|199/235 brn|[from] brn\n|upkeep\n|turn|31\n|inactive|Time left: 300 sec this turn | 300 sec total\n|\n|t:|1783565824\n|move|p2a: Skarmory|Body Press|p1a: Dusknoir\n|-immune|p1a: Dusknoir\n|move|p1a: Dusknoir|Earthquake|p2a: Skarmory\n|-immune|p2a: Skarmory\n|\n|-heal|p2a: Skarmory|213/235 brn|[from] item: Leftovers\n|-damage|p2a: Skarmory|199/235 brn|[from] brn\n|upkeep\n|turn|32\n|inactive|Time left: 300 sec this turn | 300 sec total\n|\n|t:|1783565825\n|move|p2a: Skarmory|Body Press|p1a: Dusknoir\n|-immune|p1a: Dusknoir\n|move|p1a: Dusknoir|Poltergeist|p2a: Skarmory\n|-activate|p2a: Skarmory|move: Poltergeist|Leftovers\n|-damage|p2a: Skarmory|175/235 brn\n|\n|-heal|p2a: Skarmory|189/235 brn|[from] item: Leftovers\n|-damage|p2a: Skarmory|175/235 brn|[from] brn\n|upkeep\n|turn|33\n|inactive|Time left: 300 sec this turn | 300 sec total\n|\n|t:|1783565826\n|move|p2a: Skarmory|Roost|p2a: Skarmory\n|-heal|p2a: Skarmory|235/235 brn\n|-singleturn|p2a: Skarmory|move: Roost\n|move|p1a: Dusknoir|Poltergeist|p2a: Skarmory\n|-activate|p2a: Skarmory|move: Poltergeist|Leftovers\n|-damage|p2a: Skarmory|210/235 brn\n|\n|-heal|p2a: Skarmory|224/235 brn|[from] item: Leftovers\n|-damage|p2a: Skarmory|210/235 brn|[from] brn\n|upkeep\n|turn|34\n|inactive|Time left: 300 sec this turn | 300 sec total\n|\n|t:|1783565827\n|move|p2a: Skarmory|Body Press|p1a: Dusknoir\n|-immune|p1a: Dusknoir\n|move|p1a: Dusknoir|Earthquake|p2a: Skarmory\n|-immune|p2a: Skarmory\n|\n|-heal|p2a: Skarmory|224/235 brn|[from] item: Leftovers\n|-damage|p2a: Skarmory|210/235 brn|[from] brn\n|upkeep\n|turn|35\n|inactive|Time left: 300 sec this turn | 300 sec total\n|\n|t:|1783565828\n|move|p1a: Dusknoir|Shadow Sneak|p2a: Skarmory\n|-damage|p2a: Skarmory|200/235 brn\n|move|p2a: Skarmory|Roost|p2a: Skarmory\n|-heal|p2a: Skarmory|235/235 brn\n|-singleturn|p2a: Skarmory|move: Roost\n|\n|-damage|p2a: Skarmory|221/235 brn|[from] brn\n|upkeep\n|turn|36\n|inactive|Time left: 300 sec this turn | 300 sec total\n|\n|t:|1783565829\n|move|p1a: Dusknoir|Shadow Sneak|p2a: Skarmory\n|-damage|p2a: Skarmory|211/235 brn\n|move|p2a: Skarmory|Brave Bird|p1a: Dusknoir\n|-damage|p1a: Dusknoir|86/100\n|-damage|p2a: Skarmory|200/235 brn|[from] Recoil\n|\n|-heal|p2a: Skarmory|214/235 brn|[from] item: Leftovers\n|-heal|p1a: Dusknoir|92/100|[from] item: Leftovers\n|-damage|p2a: Skarmory|200/235 brn|[from] brn\n|upkeep\n|turn|37\n|inactive|Time left: 300 sec this turn | 300 sec total\n|\n|t:|1783565831\n|move|p2a: Skarmory|Brave Bird|p1a: Dusknoir\n|-damage|p1a: Dusknoir|77/100\n|-damage|p2a: Skarmory|189/235 brn|[from] Recoil\n|move|p1a: Dusknoir|Earthquake|p2a: Skarmory\n|-immune|p2a: Skarmory\n|\n|-heal|p2a: Skarmory|203/235 brn|[from] item: Leftovers\n|-heal|p1a: Dusknoir|83/100|[from] item: Leftovers\n|-damage|p2a: Skarmory|189/235 brn|[from] brn\n|upkeep\n|turn|38\n|inactive|Time left: 300 sec this turn | 300 sec total\n|\n|t:|1783565832\n|move|p2a: Skarmory|Brave Bird|p1a: Dusknoir\n|-damage|p1a: Dusknoir|67/100\n|-damage|p2a: Skarmory|177/235 brn|[from] Recoil\n|move|p1a: Dusknoir|Earthquake|p2a: Skarmory\n|-immune|p2a: Skarmory\n|\n|-heal|p2a: Skarmory|191/235 brn|[from] item: Leftovers\n|-heal|p1a: Dusknoir|73/100|[from] item: Leftovers\n|-damage|p2a: Skarmory|177/235 brn|[from] brn\n|upkeep\n|turn|39\n|inactive|Time left: 300 sec this turn | 300 sec total\n|\n|t:|1783565833\n|move|p2a: Skarmory|Roost|p2a: Skarmory\n|-heal|p2a: Skarmory|235/235 brn\n|-singleturn|p2a: Skarmory|move: Roost\n|move|p1a: Dusknoir|Poltergeist|p2a: Skarmory\n|-activate|p2a: Skarmory|move: Poltergeist|Leftovers\n|-damage|p2a: Skarmory|208/235 brn\n|\n|-heal|p2a: Skarmory|222/235 brn|[from] item: Leftovers\n|-heal|p1a: Dusknoir|80/100|[from] item: Leftovers\n|-damage|p2a: Skarmory|208/235 brn|[from] brn\n|upkeep\n|turn|40\n|inactive|Time left: 300 sec this turn | 300 sec total\n|\n|t:|1783565834\n|move|p1a: Dusknoir|Shadow Sneak|p2a: Skarmory\n|-crit|p2a: Skarmory\n|-damage|p2a: Skarmory|154/235 brn\n|move|p2a: Skarmory|Brave Bird|p1a: Dusknoir\n|-damage|p1a: Dusknoir|64/100\n|-damage|p2a: Skarmory|142/235 brn|[from] Recoil\n|\n|-heal|p2a: Skarmory|156/235 brn|[from] item: Leftovers\n|-heal|p1a: Dusknoir|70/100|[from] item: Leftovers\n|-damage|p2a: Skarmory|142/235 brn|[from] brn\n|upkeep\n|turn|41\n|inactive|Time left: 300 sec this turn | 300 sec total\n|\n|t:|1783565835\n|move|p1a: Dusknoir|Shadow Sneak|p2a: Skarmory\n|-damage|p2a: Skarmory|132/235 brn\n|move|p2a: Skarmory|Brave Bird|p1a: Dusknoir\n|-damage|p1a: Dusknoir|55/100\n|-damage|p2a: Skarmory|121/235 brn|[from] Recoil\n|\n|-heal|p2a: Skarmory|135/235 brn|[from] item: Leftovers\n|-heal|p1a: Dusknoir|61/100|[from] item: Leftovers\n|-damage|p2a: Skarmory|121/235 brn|[from] brn\n|upkeep\n|turn|42\n|inactive|Time left: 300 sec this turn | 300 sec total\n|\n|t:|1783565836\n|move|p2a: Skarmory|Brave Bird|p1a: Dusknoir\n|-damage|p1a: Dusknoir|45/100\n|-damage|p2a: Skarmory|109/235 brn|[from] Recoil\n|move|p1a: Dusknoir|Will-O-Wisp|p2a: Skarmory\n|-fail|p2a: Skarmory|brn\n|\n|-heal|p2a: Skarmory|123/235 brn|[from] item: Leftovers\n|-heal|p1a: Dusknoir|52/100|[from] item: Leftovers\n|-damage|p2a: Skarmory|109/235 brn|[from] brn\n|upkeep\n|turn|43\n|inactive|Time left: 300 sec this turn | 300 sec total\n|\n|t:|1783565838\n|move|p1a: Dusknoir|Shadow Sneak|p2a: Skarmory\n|-damage|p2a: Skarmory|100/235 brn\n|move|p2a: Skarmory|Brave Bird|p1a: Dusknoir\n|-damage|p1a: Dusknoir|36/100\n|-damage|p2a: Skarmory|89/235 brn|[from] Recoil\n|\n|-heal|p2a: Skarmory|103/235 brn|[from] item: Leftovers\n|-heal|p1a: Dusknoir|43/100|[from] item: Leftovers\n|-damage|p2a: Skarmory|89/235 brn|[from] brn\n|upkeep\n|turn|44\n|inactive|Time left: 300 sec this turn | 300 sec total\n|\n|t:|1783565839\n|move|p2a: Skarmory|Brave Bird|p1a: Dusknoir\n|-damage|p1a: Dusknoir|27/100\n|-damage|p2a: Skarmory|77/235 brn|[from] Recoil\n|move|p1a: Dusknoir|Will-O-Wisp|p2a: Skarmory\n|-fail|p2a: Skarmory|brn\n|\n|-heal|p2a: Skarmory|91/235 brn|[from] item: Leftovers\n|-heal|p1a: Dusknoir|33/100|[from] item: Leftovers\n|-damage|p2a: Skarmory|77/235 brn|[from] brn\n|upkeep\n|turn|45\n|inactive|Time left: 300 sec this turn | 300 sec total\n|\n|t:|1783565839\n|move|p1a: Dusknoir|Shadow Sneak|p2a: Skarmory\n|-damage|p2a: Skarmory|67/235 brn\n|move|p2a: Skarmory|Brave Bird|p1a: Dusknoir\n|-damage|p1a: Dusknoir|18/100\n|-damage|p2a: Skarmory|55/235 brn|[from] Recoil\n|\n|-heal|p2a: Skarmory|69/235 brn|[from] item: Leftovers\n|-heal|p1a: Dusknoir|24/100|[from] item: Leftovers\n|-damage|p2a: Skarmory|55/235 brn|[from] brn\n|upkeep\n|turn|46\n|inactive|Time left: 300 sec this turn | 300 sec total\n|\n|t:|1783565840\n|move|p1a: Dusknoir|Shadow Sneak|p2a: Skarmory\n|-damage|p2a: Skarmory|45/235 brn\n|move|p2a: Skarmory|Body Press|p1a: Dusknoir\n|-immune|p1a: Dusknoir\n|\n|-heal|p2a: Skarmory|59/235 brn|[from] item: Leftovers\n|-heal|p1a: Dusknoir|30/100|[from] item: Leftovers\n|-damage|p2a: Skarmory|45/235 brn|[from] brn\n|upkeep\n|turn|47\n|inactive|Time left: 300 sec this turn | 300 sec total\n|\n|t:|1783565841\n|move|p1a: Dusknoir|Shadow Sneak|p2a: Skarmory\n|-damage|p2a: Skarmory|35/235 brn\n|move|p2a: Skarmory|Body Press|p1a: Dusknoir\n|-immune|p1a: Dusknoir\n|\n|-heal|p2a: Skarmory|49/235 brn|[from] item: Leftovers\n|-heal|p1a: Dusknoir|36/100|[from] item: Leftovers\n|-damage|p2a: Skarmory|35/235 brn|[from] brn\n|upkeep\n|turn|48\n|inactive|Time left: 300 sec this turn | 300 sec total\n|\n|t:|1783565842\n|move|p2a: Skarmory|Brave Bird|p1a: Dusknoir\n|-damage|p1a: Dusknoir|22/100\n|-damage|p2a: Skarmory|24/235 brn|[from] Recoil\n|move|p1a: Dusknoir|Earthquake|p2a: Skarmory\n|-immune|p2a: Skarmory\n|\n|-heal|p2a: Skarmory|38/235 brn|[from] item: Leftovers\n|-heal|p1a: Dusknoir|28/100|[from] item: Leftovers\n|-damage|p2a: Skarmory|24/235 brn|[from] brn\n|upkeep\n|turn|49\n|inactive|Time left: 300 sec this turn | 300 sec total\n|\n|t:|1783565843\n|move|p2a: Skarmory|Brave Bird|p1a: Dusknoir\n|-damage|p1a: Dusknoir|13/100\n|-damage|p2a: Skarmory|13/235 brn|[from] Recoil\n|move|p1a: Dusknoir|Will-O-Wisp|p2a: Skarmory\n|-fail|p2a: Skarmory|brn\n|\n|-heal|p2a: Skarmory|27/235 brn|[from] item: Leftovers\n|-heal|p1a: Dusknoir|19/100|[from] item: Leftovers\n|-damage|p2a: Skarmory|13/235 brn|[from] brn\n|upkeep\n|turn|50\n|inactive|Time left: 300 sec this turn | 300 sec total\n|\n|t:|1783565844\n|move|p2a: Skarmory|Brave Bird|p1a: Dusknoir\n|-damage|p1a: Dusknoir|5/100\n|-damage|p2a: Skarmory|3/235 brn|[from] Recoil\n|move|p1a: Dusknoir|Will-O-Wisp|p2a: Skarmory\n|-fail|p2a: Skarmory|brn\n|\n|-heal|p2a: Skarmory|17/235 brn|[from] item: Leftovers\n|-heal|p1a: Dusknoir|12/100|[from] item: Leftovers\n|-damage|p2a: Skarmory|3/235 brn|[from] brn\n|upkeep\n|turn|51\n|inactive|Time left: 300 sec this turn | 300 sec total\n|\n|t:|1783565845\n|switch|p2a: Umbreon|Umbreon, L84, F|297/297\n|move|p1a: Dusknoir|Shadow Sneak|p2a: Umbreon\n|-resisted|p2a: Umbreon\n|-damage|p2a: Umbreon|277/297\n|\n|-heal|p2a: Umbreon|295/297|[from] item: Leftovers\n|-heal|p1a: Dusknoir|18/100|[from] item: Leftovers\n|upkeep\n|turn|52\n|inactive|Time left: 300 sec this turn | 300 sec total\n|\n|t:|1783565846\n|switch|p1a: Cyclizar|Cyclizar, L84, F|100/100\n|move|p2a: Umbreon|Foul Play|p1a: Cyclizar\n|-damage|p1a: Cyclizar|53/100\n|\n|-heal|p2a: Umbreon|297/297|[from] item: Leftovers\n|upkeep\n|turn|53\n|inactive|Time left: 300 sec this turn | 300 sec total\n|\n|t:|1783565847\n|move|p1a: Cyclizar|Shed Tail|p1a: Cyclizar\n|-start|p1a: Cyclizar|Substitute|[from] move: Shed Tail\n|-damage|p1a: Cyclizar|3/100\n|\n|t:|1783565848\n|switch|p1a: Dusknoir|Dusknoir, L89, F|18/100|[from] Shed Tail\n|-item|p2a: Umbreon|Leftovers|[from] ability: Frisk|[of] p1a: Dusknoir\n|move|p2a: Umbreon|Foul Play|p1a: Dusknoir\n|-supereffective|p1a: Dusknoir\n|-end|p1a: Dusknoir|Substitute\n|\n|-heal|p1a: Dusknoir|24/100|[from] item: Leftovers\n|upkeep\n|turn|54\n|inactive|Time left: 300 sec this turn | 300 sec total\n|\n|t:|1783565849\n|move|p1a: Dusknoir|Shadow Sneak|p2a: Umbreon\n|-resisted|p2a: Umbreon\n|-damage|p2a: Umbreon|276/297\n|move|p2a: Umbreon|Foul Play|p1a: Dusknoir\n|-supereffective|p1a: Dusknoir\n|-damage|p1a: Dusknoir|0 fnt\n|faint|p1a: Dusknoir\n|\n|-heal|p2a: Umbreon|294/297|[from] item: Leftovers\n|upkeep\n|\n|t:|1783565850\n|switch|p1a: Cyclizar|Cyclizar, L84, F|37/100\n|turn|55\n|inactive|Time left: 300 sec this turn | 300 sec total\n|\n|t:|1783565851\n|move|p1a: Cyclizar|Draco Meteor|p2a: Umbreon\n|-damage|p2a: Umbreon|201/297\n|-unboost|p1a: Cyclizar|spa|2\n|move|p2a: Umbreon|Foul Play|p1a: Cyclizar\n|-damage|p1a: Cyclizar|0 fnt\n|faint|p1a: Cyclizar\n|\n|win|p0y2225686f", "uploadtime": 1783565851, "views": 0, "rating": 0, "private": 0, "password": null, "_winner": "p0y2225686f", "_our_name": "p0y2225686f"}