{"id": "battle-gen9randombattle-628", "formatid": "gen9randombattle", "format": "[Gen 9] Random Battle", "players": ["p0x62880e4", "p0y6282ccf"], "log": "|init|battle\n|title|p0x62880e4 vs. p0y6282ccf\n|j|\u2606p0x62880e4\n|j|\u2606p0y6282ccf\n|t:|1783547101\n|gametype|singles\n|player|p1|p0x62880e4|170|\n|player|p2|p0y6282ccf|169|\n|gen|9\n|tier|[Gen 9] Random Battle\n|rule|Species Clause: Limit one of each Pok\u00e9mon\n|rule|HP Percentage Mod: HP is shown in percentages\n|rule|Sleep Clause Mod: Limit one foe put to sleep\n|rule|Illusion Level Mod: Illusion disguises the Pok\u00e9mon's true level\n|\n|t:|1783547101\n|teamsize|p1|6\n|teamsize|p2|6\n|start\n|switch|p1a: Probopass|Probopass, L91, M|100/100\n|switch|p2a: Sceptile|Sceptile, L87, F|264/264\n|turn|1\n|inactive|Battle timer is ON: inactive players will automatically lose when time's up. (requested by p0y6282ccf)\n|inactive|p0x62880e4 also wants the timer to be on.\n|\n|t:|1783547103\n|-terastallize|p1a: Probopass|Fighting\n|move|p2a: Sceptile|Swords Dance|p2a: Sceptile\n|-boost|p2a: Sceptile|atk|2\n|move|p1a: Probopass|Body Press|p2a: Sceptile\n|-damage|p2a: Sceptile|86/264\n|\n|upkeep\n|turn|2\n|inactive|Time left: 300 sec this turn | 300 sec total\n|\n|t:|1783547104\n|move|p2a: Sceptile|Leaf Blade|p1a: Probopass\n|-damage|p1a: Probopass|15/100\n|-damage|p2a: Sceptile|60/264|[from] item: Life Orb\n|move|p1a: Probopass|Body Press|p2a: Sceptile\n|-damage|p2a: Sceptile|0 fnt\n|faint|p2a: Sceptile\n|\n|-heal|p1a: Probopass|21/100|[from] item: Leftovers\n|upkeep\n|inactive|Time left: 300 sec this turn | 300 sec total | 5 sec grace\n|\n|t:|1783547105\n|switch|p2a: Revavroom|Revavroom, L79, F|256/256\n|turn|3\n|inactive|Time left: 300 sec this turn | 300 sec total\n|\n|t:|1783547106\n|switch|p1a: Necrozma|Necrozma-Dawn-Wings, L76|100/100\n|move|p2a: Revavroom|Shift Gear|p2a: Revavroom\n|-boost|p2a: Revavroom|spe|2\n|-boost|p2a: Revavroom|atk|1\n|\n|upkeep\n|turn|4\n|inactive|Time left: 300 sec this turn | 300 sec total\n|\n|t:|1783547108\n|move|p2a: Revavroom|Iron Head|p1a: Necrozma\n|-damage|p1a: Necrozma|38/100\n|-damage|p2a: Revavroom|231/256|[from] item: Life Orb\n|move|p1a: Necrozma|Moongeist Beam|p2a: Revavroom\n|-damage|p2a: Revavroom|27/256\n|-damage|p1a: Necrozma|28/100|[from] item: Life Orb\n|\n|upkeep\n|turn|5\n|inactive|Time left: 300 sec this turn | 300 sec total\n|\n|t:|1783547109\n|move|p2a: Revavroom|Gunk Shot|p1a: Necrozma\n|-resisted|p1a: Necrozma\n|-damage|p1a: Necrozma|0 fnt\n|faint|p1a: Necrozma\n|-damage|p2a: Revavroom|2/256|[from] item: Life Orb\n|\n|upkeep\n|\n|t:|1783547110\n|switch|p1a: Probopass|Probopass, L91, M, tera:Fighting|21/100\n|turn|6\n|inactive|Time left: 300 sec this turn | 300 sec total\n|\n|t:|1783547111\n|move|p2a: Revavroom|Gunk Shot|p1a: Probopass\n|-damage|p1a: Probopass|0 fnt\n|faint|p1a: Probopass\n|-damage|p2a: Revavroom|0 fnt|[from] item: Life Orb\n|faint|p2a: Revavroom\n|\n|upkeep\n|inactive|Time left: 300 sec this turn | 300 sec total | 5 sec grace\n|\n|t:|1783547112\n|switch|p2a: Mimikyu|Mimikyu, L79, M|216/216\n|switch|p1a: Milotic|Milotic, L83, M|100/100\n|turn|7\n|inactive|Time left: 300 sec this turn | 300 sec total\n|\n|t:|1783547113\n|move|p2a: Mimikyu|Swords Dance|p2a: Mimikyu\n|-boost|p2a: Mimikyu|atk|2\n|move|p1a: Milotic|Dragon Tail|p2a: Mimikyu\n|-immune|p2a: Mimikyu\n|\n|upkeep\n|turn|8\n|inactive|Time left: 300 sec this turn | 300 sec total\n|\n|t:|1783547115\n|switch|p1a: Slowking|Slowking-Galar, L85, M|100/100\n|move|p2a: Mimikyu|Swords Dance|p2a: Mimikyu\n|-boost|p2a: Mimikyu|atk|2\n|\n|upkeep\n|turn|9\n|inactive|Time left: 300 sec this turn | 300 sec total\n|\n|t:|1783547116\n|switch|p1a: Milotic|Milotic, L83, M|100/100\n|move|p2a: Mimikyu|Shadow Claw|p1a: Milotic\n|-damage|p1a: Milotic|18/100\n|-damage|p2a: Mimikyu|195/216|[from] item: Life Orb\n|\n|-heal|p1a: Milotic|24/100|[from] item: Leftovers\n|upkeep\n|turn|10\n|inactive|Time left: 300 sec this turn | 300 sec total\n|\n|t:|1783547117\n|move|p2a: Mimikyu|Shadow Claw|p1a: Milotic\n|-damage|p1a: Milotic|0 fnt\n|faint|p1a: Milotic\n|-damage|p2a: Mimikyu|174/216|[from] item: Life Orb\n|\n|upkeep\n|\n|t:|1783547118\n|switch|p1a: Koraidon|Koraidon, L64|100/100\n|-weather|SunnyDay|[from] ability: Orichalcum Pulse|[of] p1a: Koraidon\n|-activate|p1a: Koraidon|Orichalcum Pulse|[source]\n|turn|11\n|inactive|Time left: 300 sec this turn | 300 sec total\n|\n|t:|1783547119\n|move|p1a: Koraidon|Scale Shot|p2a: Mimikyu\n|-immune|p2a: Mimikyu\n|move|p2a: Mimikyu|Shadow Claw|p1a: Koraidon\n|-damage|p1a: Koraidon|0 fnt\n|faint|p1a: Koraidon\n|-damage|p2a: Mimikyu|153/216|[from] item: Life Orb\n|\n|-weather|SunnyDay|[upkeep]\n|upkeep\n|\n|t:|1783547120\n|switch|p1a: Slowking|Slowking-Galar, L85, M|100/100\n|turn|12\n|inactive|Time left: 300 sec this turn | 300 sec total\n|\n|t:|1783547121\n|switch|p1a: Cramorant|Cramorant, L86, M|100/100\n|move|p2a: Mimikyu|Shadow Claw|p1a: Cramorant\n|-damage|p1a: Cramorant|0 fnt\n|faint|p1a: Cramorant\n|-damage|p2a: Mimikyu|132/216|[from] item: Life Orb\n|\n|-weather|SunnyDay|[upkeep]\n|upkeep\n|\n|t:|1783547122\n|switch|p1a: Slowking|Slowking-Galar, L85, M|100/100\n|turn|13\n|inactive|Time left: 300 sec this turn | 300 sec total\n|\n|t:|1783547123\n|-terastallize|p2a: Mimikyu|Fairy\n|move|p2a: Mimikyu|Shadow Claw|p1a: Slowking\n|-supereffective|p1a: Slowking\n|-damage|p1a: Slowking|0 fnt\n|faint|p1a: Slowking\n|-damage|p2a: Mimikyu|111/216|[from] item: Life Orb\n|\n|win|p0y6282ccf", "uploadtime": 1783547123, "views": 0, "rating": 0, "private": 0, "password": null, "_winner": "p0y6282ccf", "_our_name": "p0y6282ccf"}