{"id": "battle-gen9randombattle-2639", "formatid": "gen9randombattle", "format": "[Gen 9] Random Battle", "players": ["p0x26397f79", "p0y2639d60e"], "log": "|init|battle\n|title|p0x26397f79 vs. p0y2639d60e\n|j|\u2606p0x26397f79\n|j|\u2606p0y2639d60e\n|t:|1783569464\n|gametype|singles\n|player|p1|p0x26397f79|101|\n|player|p2|p0y2639d60e|169|\n|gen|9\n|tier|[Gen 9] Random Battle\n|rule|Species Clause: Limit one of each Pok\u00e9mon\n|rule|HP Percentage Mod: HP is shown in percentages\n|rule|Sleep Clause Mod: Limit one foe put to sleep\n|rule|Illusion Level Mod: Illusion disguises the Pok\u00e9mon's true level\n|\n|t:|1783569464\n|teamsize|p1|6\n|teamsize|p2|6\n|start\n|switch|p1a: Virizion|Virizion, L82|283/283\n|switch|p2a: Zarude|Zarude, L77|100/100\n|turn|1\n|inactive|Battle timer is ON: inactive players will automatically lose when time's up. (requested by p0y2639d60e)\n|inactive|Time left: 300 sec this turn | 300 sec total | 60 sec grace\n|inactive|p0x26397f79 also wants the timer to be on.\n|\n|t:|1783569465\n|move|p1a: Virizion|Swords Dance|p1a: Virizion\n|-boost|p1a: Virizion|atk|2\n|move|p2a: Zarude|Swords Dance|p2a: Zarude\n|-boost|p2a: Zarude|atk|2\n|\n|upkeep\n|turn|2\n|inactive|Time left: 300 sec this turn | 300 sec total\n|\n|t:|1783569466\n|-terastallize|p2a: Zarude|Fighting\n|move|p1a: Virizion|Close Combat|p2a: Zarude\n|-damage|p2a: Zarude|0 fnt\n|-unboost|p1a: Virizion|def|1\n|-unboost|p1a: Virizion|spd|1\n|faint|p2a: Zarude\n|-damage|p1a: Virizion|255/283|[from] item: Life Orb\n|\n|upkeep\n|\n|t:|1783569467\n|switch|p2a: Zapdos|Zapdos, L78|100/100\n|turn|3\n|inactive|Time left: 300 sec this turn | 300 sec total\n|\n|t:|1783569468\n|move|p1a: Virizion|Stone Edge|p2a: Zapdos\n|-supereffective|p2a: Zapdos\n|-damage|p2a: Zapdos|0 fnt\n|faint|p2a: Zapdos\n|-damage|p1a: Virizion|227/283|[from] item: Life Orb\n|\n|upkeep\n|\n|t:|1783569469\n|switch|p2a: Abomasnow|Abomasnow, L84, M|100/100\n|-weather|Snowscape|[from] ability: Snow Warning|[of] p2a: Abomasnow\n|turn|4\n|inactive|Time left: 300 sec this turn | 300 sec total\n|\n|t:|1783569469\n|move|p2a: Abomasnow|Ice Shard|p1a: Virizion\n|-supereffective|p1a: Virizion\n|-damage|p1a: Virizion|77/283\n|move|p1a: Virizion|Close Combat|p2a: Abomasnow\n|-supereffective|p2a: Abomasnow\n|-damage|p2a: Abomasnow|0 fnt\n|-unboost|p1a: Virizion|def|1\n|-unboost|p1a: Virizion|spd|1\n|faint|p2a: Abomasnow\n|-damage|p1a: Virizion|49/283|[from] item: Life Orb\n|\n|-weather|Snowscape|[upkeep]\n|upkeep\n|\n|t:|1783569470\n|switch|p2a: Plusle|Plusle, L95, M|100/100\n|turn|5\n|inactive|Time left: 300 sec this turn | 300 sec total\n|\n|t:|1783569471\n|switch|p1a: Probopass|Probopass, L91, F|257/257\n|move|p2a: Plusle|Thunderbolt|p1a: Probopass\n|-damage|p1a: Probopass|175/257\n|-damage|p2a: Plusle|91/100|[from] item: Life Orb\n|\n|-weather|Snowscape|[upkeep]\n|-heal|p1a: Probopass|191/257|[from] item: Leftovers\n|upkeep\n|turn|6\n|inactive|Time left: 300 sec this turn | 300 sec total\n|\n|t:|1783569472\n|move|p2a: Plusle|Nasty Plot|p2a: Plusle\n|-boost|p2a: Plusle|spa|2\n|move|p1a: Probopass|Body Press|p2a: Plusle\n|-damage|p2a: Plusle|36/100\n|\n|-weather|Snowscape|[upkeep]\n|-heal|p1a: Probopass|207/257|[from] item: Leftovers\n|upkeep\n|turn|7\n|inactive|Time left: 300 sec this turn | 300 sec total\n|\n|t:|1783569473\n|move|p2a: Plusle|Thunderbolt|p1a: Probopass\n|-damage|p1a: Probopass|46/257\n|-damage|p2a: Plusle|26/100|[from] item: Life Orb\n|move|p1a: Probopass|Body Press|p2a: Plusle\n|-damage|p2a: Plusle|0 fnt\n|faint|p2a: Plusle\n|\n|-weather|Snowscape|[upkeep]\n|-heal|p1a: Probopass|62/257|[from] item: Leftovers\n|upkeep\n|\n|t:|1783569474\n|switch|p2a: Primarina|Primarina, L83, F|100/100\n|turn|8\n|inactive|Time left: 300 sec this turn | 300 sec total\n|\n|t:|1783569475\n|switch|p1a: Virizion|Virizion, L82|49/283\n|move|p2a: Primarina|Calm Mind|p2a: Primarina\n|-boost|p2a: Primarina|spa|1\n|-boost|p2a: Primarina|spd|1\n|\n|-weather|none\n|upkeep\n|turn|9\n|inactive|Time left: 300 sec this turn | 300 sec total\n|\n|t:|1783569476\n|move|p1a: Virizion|Leaf Blade|p2a: Primarina\n|-supereffective|p2a: Primarina\n|-damage|p2a: Primarina|13/100\n|-damage|p1a: Virizion|21/283|[from] item: Life Orb\n|move|p2a: Primarina|Draining Kiss|p1a: Virizion\n|-supereffective|p1a: Virizion\n|-damage|p1a: Virizion|0 fnt\n|-heal|p2a: Primarina|19/100|[from] drain|[of] p1a: Virizion\n|faint|p1a: Virizion\n|\n|-heal|p2a: Primarina|25/100|[from] item: Leftovers\n|upkeep\n|inactive|Time left: 300 sec this turn | 300 sec total | 5 sec grace\n|\n|t:|1783569477\n|switch|p1a: Rotom|Rotom, L88|231/231\n|turn|10\n|inactive|Time left: 300 sec this turn | 300 sec total\n|\n|t:|1783569478\n|move|p1a: Rotom|Volt Switch|p2a: Primarina\n|-supereffective|p2a: Primarina\n|-damage|p2a: Primarina|0 fnt\n|faint|p2a: Primarina\n|inactive|Time left: 300 sec this turn | 300 sec total | 5 sec grace\n|\n|t:|1783569479\n|switch|p1a: Regice|Regice, L88|284/284|[from] Volt Switch\n|\n|upkeep\n|\n|t:|1783569479\n|switch|p2a: Zoroark|Zoroark, L83, M|100/100\n|turn|11\n|inactive|Time left: 300 sec this turn | 300 sec total\n|\n|t:|1783569480\n|move|p2a: Zoroark|Dark Pulse|p1a: Regice\n|-damage|p1a: Regice|217/284\n|cant|p1a: Regice|flinch\n|\n|upkeep\n|turn|12\n|inactive|Time left: 300 sec this turn | 300 sec total\n|\n|t:|1783569481\n|move|p2a: Zoroark|Dark Pulse|p1a: Regice\n|-damage|p1a: Regice|144/284\n|move|p1a: Regice|Body Press|p2a: Zoroark\n|-supereffective|p2a: Zoroark\n|-damage|p2a: Zoroark|25/100\n|\n|upkeep\n|turn|13\n|inactive|Time left: 300 sec this turn | 300 sec total\n|\n|t:|1783569482\n|switch|p1a: Kilowattrel|Kilowattrel, L83, F|252/252\n|move|p2a: Zoroark|Dark Pulse|p1a: Kilowattrel\n|-damage|p1a: Kilowattrel|53/252\n|\n|upkeep\n|turn|14\n|inactive|Time left: 300 sec this turn | 300 sec total\n|\n|t:|1783569483\n|-terastallize|p1a: Kilowattrel|Steel\n|move|p1a: Kilowattrel|Discharge|p2a: Zoroark\n|-damage|p2a: Zoroark|0 fnt\n|faint|p2a: Zoroark\n|\n|win|p0x26397f79", "uploadtime": 1783569483, "views": 0, "rating": 0, "private": 0, "password": null, "_winner": "p0x26397f79", "_our_name": "p0x26397f79"}