{"id": "battle-gen9randombattle-2652", "formatid": "gen9randombattle", "format": "[Gen 9] Random Battle", "players": ["p0x2652c45e", "p0y265292ff"], "log": "|init|battle\n|title|p0x2652c45e vs. p0y265292ff\n|j|\u2606p0x2652c45e\n|j|\u2606p0y265292ff\n|t:|1783569592\n|gametype|singles\n|player|p1|p0x2652c45e|102|\n|player|p2|p0y265292ff|1|\n|gen|9\n|tier|[Gen 9] Random Battle\n|rule|Species Clause: Limit one of each Pok\u00e9mon\n|rule|HP Percentage Mod: HP is shown in percentages\n|rule|Sleep Clause Mod: Limit one foe put to sleep\n|rule|Illusion Level Mod: Illusion disguises the Pok\u00e9mon's true level\n|\n|t:|1783569592\n|teamsize|p1|6\n|teamsize|p2|6\n|start\n|switch|p1a: Groudon|Groudon, L72|263/263\n|switch|p2a: Toedscruel|Toedscruel, L87, F|100/100\n|-weather|SunnyDay|[from] ability: Drought|[of] p1a: Groudon\n|turn|1\n|inactive|Battle timer is ON: inactive players will automatically lose when time's up. (requested by p0x2652c45e)\n|\n|t:|1783569593\n|switch|p2a: Pelipper|Pelipper, L86, F|100/100\n|-weather|RainDance|[from] ability: Drizzle|[of] p2a: Pelipper\n|move|p1a: Groudon|Heat Crash|p2a: Pelipper\n|-resisted|p2a: Pelipper\n|-damage|p2a: Pelipper|93/100\n|\n|-weather|RainDance|[upkeep]\n|upkeep\n|turn|2\n|inactive|Time left: 300 sec this turn | 300 sec total\n|inactive|p0y265292ff also wants the timer to be on.\n|\n|t:|1783569594\n|switch|p1a: Chansey|Chansey, L85, F|564/564\n|move|p2a: Pelipper|Weather Ball|p1a: Chansey\n|-damage|p1a: Chansey|416/564\n|\n|-weather|RainDance|[upkeep]\n|upkeep\n|turn|3\n|inactive|Time left: 300 sec this turn | 300 sec total\n|\n|t:|1783569595\n|move|p2a: Pelipper|Weather Ball|p1a: Chansey\n|-damage|p1a: Chansey|283/564\n|move|p1a: Chansey|Seismic Toss|p2a: Pelipper\n|-damage|p2a: Pelipper|58/100\n|\n|-weather|RainDance|[upkeep]\n|upkeep\n|turn|4\n|inactive|Time left: 300 sec this turn | 300 sec total\n|\n|t:|1783569596\n|move|p2a: Pelipper|Weather Ball|p1a: Chansey\n|-damage|p1a: Chansey|129/564\n|move|p1a: Chansey|Soft-Boiled|p1a: Chansey\n|-heal|p1a: Chansey|411/564\n|\n|-weather|RainDance|[upkeep]\n|upkeep\n|turn|5\n|inactive|Time left: 300 sec this turn | 300 sec total\n|\n|t:|1783569597\n|move|p2a: Pelipper|Weather Ball|p1a: Chansey\n|-damage|p1a: Chansey|266/564\n|move|p1a: Chansey|Soft-Boiled|p1a: Chansey\n|-heal|p1a: Chansey|548/564\n|\n|-weather|none\n|upkeep\n|turn|6\n|inactive|Time left: 300 sec this turn | 300 sec total\n|\n|t:|1783569598\n|switch|p2a: Dusknoir|Dusknoir, L89, M|100/100\n|-item|p1a: Chansey|Eviolite|[from] ability: Frisk|[of] p2a: Dusknoir\n|move|p1a: Chansey|Seismic Toss|p2a: Dusknoir\n|-immune|p2a: Dusknoir\n|\n|upkeep\n|turn|7\n|inactive|Time left: 300 sec this turn | 300 sec total\n|\n|t:|1783569600\n|move|p1a: Chansey|Thunder Wave|p2a: Dusknoir\n|-status|p2a: Dusknoir|par\n|cant|p2a: Dusknoir|par\n|\n|upkeep\n|turn|8\n|inactive|Time left: 300 sec this turn | 300 sec total\n|\n|t:|1783569601\n|switch|p1a: Malamar|Malamar, L82, M|275/275\n|move|p2a: Dusknoir|Pain Split|p1a: Malamar\n|-sethp|p1a: Malamar|250/275|[from] move: Pain Split|[silent]\n|-sethp|p2a: Dusknoir|100/100 par|[from] move: Pain Split\n|\n|upkeep\n|turn|9\n|inactive|Time left: 300 sec this turn | 300 sec total\n|\n|t:|1783569602\n|move|p1a: Malamar|Knock Off|p2a: Dusknoir\n|-supereffective|p2a: Dusknoir\n|-damage|p2a: Dusknoir|42/100 par\n|-enditem|p2a: Dusknoir|Life Orb|[from] move: Knock Off|[of] p1a: Malamar\n|cant|p2a: Dusknoir|par\n|\n|upkeep\n|turn|10\n|inactive|Time left: 300 sec this turn | 300 sec total\n|\n|t:|1783569603\n|move|p1a: Malamar|Knock Off|p2a: Dusknoir\n|-supereffective|p2a: Dusknoir\n|-damage|p2a: Dusknoir|2/100 par\n|move|p2a: Dusknoir|Pain Split|p1a: Malamar\n|-sethp|p1a: Malamar|126/275|[from] move: Pain Split|[silent]\n|-sethp|p2a: Dusknoir|56/100 par|[from] move: Pain Split\n|\n|upkeep\n|turn|11\n|inactive|Time left: 300 sec this turn | 300 sec total\n|\n|t:|1783569604\n|move|p1a: Malamar|Rest|p1a: Malamar\n|-status|p1a: Malamar|slp|[from] move: Rest\n|-heal|p1a: Malamar|275/275 slp|[silent]\n|-enditem|p1a: Malamar|Chesto Berry|[eat]\n|-curestatus|p1a: Malamar|slp|[msg]\n|cant|p2a: Dusknoir|par\n|\n|upkeep\n|turn|12\n|inactive|Time left: 300 sec this turn | 300 sec total\n|\n|t:|1783569605\n|move|p1a: Malamar|Knock Off|p2a: Dusknoir\n|-supereffective|p2a: Dusknoir\n|-damage|p2a: Dusknoir|19/100 par\n|move|p2a: Dusknoir|Pain Split|p1a: Malamar\n|-sethp|p1a: Malamar|158/275|[from] move: Pain Split|[silent]\n|-sethp|p2a: Dusknoir|71/100 par|[from] move: Pain Split\n|\n|upkeep\n|turn|13\n|inactive|Time left: 300 sec this turn | 300 sec total\n|\n|t:|1783569606\n|move|p1a: Malamar|Knock Off|p2a: Dusknoir\n|-supereffective|p2a: Dusknoir\n|-damage|p2a: Dusknoir|31/100 par\n|move|p2a: Dusknoir|Pain Split|p1a: Malamar\n|-sethp|p1a: Malamar|113/275|[from] move: Pain Split|[silent]\n|-sethp|p2a: Dusknoir|51/100 par|[from] move: Pain Split\n|\n|upkeep\n|turn|14\n|inactive|Time left: 300 sec this turn | 300 sec total\n|\n|t:|1783569607\n|move|p1a: Malamar|Knock Off|p2a: Dusknoir\n|-supereffective|p2a: Dusknoir\n|-damage|p2a: Dusknoir|15/100 par\n|move|p2a: Dusknoir|Earthquake|p1a: Malamar\n|-damage|p1a: Malamar|25/275\n|\n|upkeep\n|turn|15\n|inactive|Time left: 300 sec this turn | 300 sec total\n|\n|t:|1783569608\n|cant|p2a: Dusknoir|par\n|move|p1a: Malamar|Rest|p1a: Malamar\n|-status|p1a: Malamar|slp|[from] move: Rest\n|-heal|p1a: Malamar|275/275 slp|[silent]\n|\n|upkeep\n|turn|16\n|inactive|Time left: 300 sec this turn | 300 sec total\n|\n|t:|1783569609\n|switch|p1a: Whimsicott|Whimsicott, L84, F|238/238\n|move|p2a: Dusknoir|Pain Split|p1a: Whimsicott\n|-sethp|p1a: Whimsicott|135/238|[from] move: Pain Split|[silent]\n|-sethp|p2a: Dusknoir|60/100 par|[from] move: Pain Split\n|\n|upkeep\n|turn|17\n|inactive|Time left: 300 sec this turn | 300 sec total\n|\n|t:|1783569610\n|move|p1a: Whimsicott|Moonblast|p2a: Dusknoir\n|-damage|p2a: Dusknoir|36/100 par\n|-unboost|p2a: Dusknoir|spa|1\n|move|p2a: Dusknoir|Poltergeist|p1a: Whimsicott\n|-activate|p1a: Whimsicott|move: Poltergeist|Heavy-Duty Boots\n|-damage|p1a: Whimsicott|0 fnt\n|faint|p1a: Whimsicott\n|\n|upkeep\n|inactive|Time left: 300 sec this turn | 300 sec total | 5 sec grace\n|\n|t:|1783569611\n|switch|p1a: Terrakion|Terrakion, L79|273/273\n|turn|18\n|inactive|Time left: 300 sec this turn | 300 sec total\n|\n|t:|1783569612\n|move|p1a: Terrakion|Stone Edge|p2a: Dusknoir\n|-damage|p2a: Dusknoir|0 fnt\n|faint|p2a: Dusknoir\n|-damage|p1a: Terrakion|246/273|[from] item: Life Orb\n|\n|upkeep\n|\n|t:|1783569613\n|switch|p2a: Keldeo|Keldeo-Resolute, L79|100/100\n|turn|19\n|inactive|Time left: 300 sec this turn | 300 sec total\n|\n|t:|1783569614\n|-terastallize|p1a: Terrakion|Fighting\n|move|p2a: Keldeo|Surf|p1a: Terrakion\n|-damage|p1a: Terrakion|134/273\n|move|p1a: Terrakion|Close Combat|p2a: Keldeo\n|-damage|p2a: Keldeo|8/100\n|-unboost|p1a: Terrakion|def|1\n|-unboost|p1a: Terrakion|spd|1\n|-damage|p1a: Terrakion|107/273|[from] item: Life Orb\n|\n|-heal|p2a: Keldeo|14/100|[from] item: Leftovers\n|upkeep\n|turn|20\n|inactive|Time left: 300 sec this turn | 300 sec total\n|\n|t:|1783569615\n|move|p1a: Terrakion|Close Combat|p2a: Keldeo\n|-damage|p2a: Keldeo|0 fnt\n|-unboost|p1a: Terrakion|def|1\n|-unboost|p1a: Terrakion|spd|1\n|faint|p2a: Keldeo\n|-damage|p1a: Terrakion|80/273|[from] item: Life Orb\n|\n|upkeep\n|\n|t:|1783569616\n|switch|p2a: Misdreavus|Misdreavus, L90, M|100/100\n|turn|21\n|inactive|Time left: 300 sec this turn | 300 sec total\n|\n|t:|1783569617\n|switch|p1a: Chansey|Chansey, L85, F|548/564\n|move|p2a: Misdreavus|Calm Mind|p2a: Misdreavus\n|-boost|p2a: Misdreavus|spa|1\n|-boost|p2a: Misdreavus|spd|1\n|\n|upkeep\n|turn|22\n|inactive|Time left: 300 sec this turn | 300 sec total\n|\n|t:|1783569617\n|move|p2a: Misdreavus|Calm Mind|p2a: Misdreavus\n|-boost|p2a: Misdreavus|spa|1\n|-boost|p2a: Misdreavus|spd|1\n|move|p1a: Chansey|Heal Bell|p1a: Chansey\n|-activate|p1a: Chansey|move: Heal Bell\n|-curestatus|p1: Malamar|slp|[msg]\n|\n|upkeep\n|turn|23\n|inactive|Time left: 300 sec this turn | 300 sec total\n|\n|t:|1783569618\n|move|p2a: Misdreavus|Calm Mind|p2a: Misdreavus\n|-boost|p2a: Misdreavus|spa|1\n|-boost|p2a: Misdreavus|spd|1\n|move|p1a: Chansey|Thunder Wave|p2a: Misdreavus|[miss]\n|-miss|p1a: Chansey|p2a: Misdreavus\n|\n|upkeep\n|turn|24\n|inactive|Time left: 300 sec this turn | 300 sec total\n|\n|t:|1783569619\n|move|p2a: Misdreavus|Calm Mind|p2a: Misdreavus\n|-boost|p2a: Misdreavus|spa|1\n|-boost|p2a: Misdreavus|spd|1\n|move|p1a: Chansey|Thunder Wave|p2a: Misdreavus\n|-status|p2a: Misdreavus|par\n|\n|upkeep\n|turn|25\n|inactive|Time left: 300 sec this turn | 300 sec total\n|\n|t:|1783569620\n|move|p1a: Chansey|Soft-Boiled|p1a: Chansey\n|-heal|p1a: Chansey|564/564\n|cant|p2a: Misdreavus|par\n|\n|upkeep\n|turn|26\n|inactive|Time left: 300 sec this turn | 300 sec total\n|\n|t:|1783569621\n|move|p1a: Chansey|Seismic Toss|p2a: Misdreavus\n|-immune|p2a: Misdreavus\n|cant|p2a: Misdreavus|par\n|\n|upkeep\n|turn|27\n|inactive|Time left: 300 sec this turn | 300 sec total\n|\n|t:|1783569621\n|move|p1a: Chansey|Thunder Wave|p2a: Misdreavus|[miss]\n|-miss|p1a: Chansey|p2a: Misdreavus\n|cant|p2a: Misdreavus|par\n|\n|upkeep\n|turn|28\n|inactive|Time left: 300 sec this turn | 300 sec total\n|\n|t:|1783569622\n|move|p1a: Chansey|Seismic Toss|p2a: Misdreavus\n|-immune|p2a: Misdreavus\n|move|p2a: Misdreavus|Will-O-Wisp|p1a: Chansey|[miss]\n|-miss|p2a: Misdreavus|p1a: Chansey\n|\n|upkeep\n|turn|29\n|inactive|Time left: 300 sec this turn | 300 sec total\n|\n|t:|1783569623\n|move|p1a: Chansey|Seismic Toss|p2a: Misdreavus\n|-immune|p2a: Misdreavus\n|move|p2a: Misdreavus|Calm Mind|p2a: Misdreavus\n|-boost|p2a: Misdreavus|spa|1\n|-boost|p2a: Misdreavus|spd|1\n|\n|upkeep\n|turn|30\n|inactive|Time left: 300 sec this turn | 300 sec total\n|\n|t:|1783569624\n|move|p1a: Chansey|Seismic Toss|p2a: Misdreavus\n|-immune|p2a: Misdreavus\n|cant|p2a: Misdreavus|par\n|\n|upkeep\n|turn|31\n|inactive|Time left: 300 sec this turn | 300 sec total\n|\n|t:|1783569624\n|move|p1a: Chansey|Heal Bell||[still]\n|-activate|p1a: Chansey|move: Heal Bell\n|-fail|p1a: Chansey\n|move|p2a: Misdreavus|Draining Kiss|p1a: Chansey\n|-damage|p1a: Chansey|487/564\n|\n|upkeep\n|turn|32\n|inactive|Time left: 300 sec this turn | 300 sec total\n|\n|t:|1783569625\n|move|p1a: Chansey|Soft-Boiled|p1a: Chansey\n|-heal|p1a: Chansey|564/564\n|move|p2a: Misdreavus|Draining Kiss|p1a: Chansey\n|-crit|p1a: Chansey\n|-damage|p1a: Chansey|454/564\n|\n|upkeep\n|turn|33\n|inactive|Time left: 300 sec this turn | 300 sec total\n|\n|t:|1783569626\n|move|p1a: Chansey|Soft-Boiled|p1a: Chansey\n|-heal|p1a: Chansey|564/564\n|move|p2a: Misdreavus|Draining Kiss|p1a: Chansey\n|-damage|p1a: Chansey|486/564\n|\n|upkeep\n|turn|34\n|inactive|Time left: 300 sec this turn | 300 sec total\n|\n|t:|1783569627\n|move|p1a: Chansey|Soft-Boiled|p1a: Chansey\n|-heal|p1a: Chansey|564/564\n|move|p2a: Misdreavus|Shadow Ball|p1a: Chansey\n|-immune|p1a: Chansey\n|\n|upkeep\n|turn|35\n|inactive|Time left: 300 sec this turn | 300 sec total\n|\n|t:|1783569628\n|move|p1a: Chansey|Seismic Toss|p2a: Misdreavus\n|-immune|p2a: Misdreavus\n|move|p2a: Misdreavus|Will-O-Wisp|p1a: Chansey\n|-status|p1a: Chansey|brn\n|\n|-damage|p1a: Chansey|529/564 brn|[from] brn\n|upkeep\n|turn|36\n|inactive|Time left: 300 sec this turn | 300 sec total\n|\n|t:|1783569629\n|move|p1a: Chansey|Heal Bell|p1a: Chansey\n|-activate|p1a: Chansey|move: Heal Bell\n|-curestatus|p1a: Chansey|brn|[msg]\n|move|p2a: Misdreavus|Shadow Ball|p1a: Chansey\n|-immune|p1a: Chansey\n|\n|upkeep\n|turn|37\n|inactive|Time left: 300 sec this turn | 300 sec total\n|\n|t:|1783569630\n|move|p1a: Chansey|Seismic Toss|p2a: Misdreavus\n|-immune|p2a: Misdreavus\n|cant|p2a: Misdreavus|par\n|\n|upkeep\n|turn|38\n|inactive|Time left: 300 sec this turn | 300 sec total\n|\n|t:|1783569631\n|move|p1a: Chansey|Soft-Boiled|p1a: Chansey\n|-heal|p1a: Chansey|564/564\n|move|p2a: Misdreavus|Will-O-Wisp|p1a: Chansey|[miss]\n|-miss|p2a: Misdreavus|p1a: Chansey\n|\n|upkeep\n|turn|39\n|inactive|Time left: 300 sec this turn | 300 sec total\n|\n|t:|1783569632\n|move|p1a: Chansey|Seismic Toss|p2a: Misdreavus\n|-immune|p2a: Misdreavus\n|move|p2a: Misdreavus|Draining Kiss|p1a: Chansey\n|-damage|p1a: Chansey|489/564\n|\n|upkeep\n|turn|40\n|inactive|Time left: 300 sec this turn | 300 sec total\n|\n|t:|1783569633\n|move|p1a: Chansey|Heal Bell||[still]\n|-activate|p1a: Chansey|move: Heal Bell\n|-fail|p1a: Chansey\n|move|p2a: Misdreavus|Shadow Ball|p1a: Chansey\n|-immune|p1a: Chansey\n|\n|upkeep\n|turn|41\n|inactive|Time left: 300 sec this turn | 300 sec total\n|\n|t:|1783569633\n|move|p1a: Chansey|Soft-Boiled|p1a: Chansey\n|-heal|p1a: Chansey|564/564\n|cant|p2a: Misdreavus|par\n|\n|upkeep\n|turn|42\n|inactive|Time left: 300 sec this turn | 300 sec total\n|\n|t:|1783569634\n|move|p1a: Chansey|Thunder Wave|p2a: Misdreavus\n|-fail|p2a: Misdreavus|par\n|move|p2a: Misdreavus|Shadow Ball|p1a: Chansey\n|-immune|p1a: Chansey\n|\n|upkeep\n|turn|43\n|inactive|Time left: 300 sec this turn | 300 sec total\n|\n|t:|1783569635\n|move|p1a: Chansey|Thunder Wave|p2a: Misdreavus\n|-fail|p2a: Misdreavus|par\n|move|p2a: Misdreavus|Draining Kiss|p1a: Chansey\n|-damage|p1a: Chansey|496/564\n|\n|upkeep\n|turn|44\n|inactive|Time left: 300 sec this turn | 300 sec total\n|\n|t:|1783569636\n|move|p1a: Chansey|Seismic Toss|p2a: Misdreavus\n|-immune|p2a: Misdreavus\n|move|p2a: Misdreavus|Draining Kiss|p1a: Chansey\n|-damage|p1a: Chansey|423/564\n|\n|upkeep\n|turn|45\n|inactive|Time left: 300 sec this turn | 300 sec total\n|\n|t:|1783569637\n|move|p1a: Chansey|Thunder Wave|p2a: Misdreavus\n|-fail|p2a: Misdreavus|par\n|move|p2a: Misdreavus|Draining Kiss|p1a: Chansey\n|-damage|p1a: Chansey|351/564\n|\n|upkeep\n|turn|46\n|inactive|Time left: 300 sec this turn | 300 sec total\n|\n|t:|1783569638\n|move|p1a: Chansey|Thunder Wave|p2a: Misdreavus\n|-fail|p2a: Misdreavus|par\n|move|p2a: Misdreavus|Draining Kiss|p1a: Chansey\n|-damage|p1a: Chansey|282/564\n|\n|upkeep\n|turn|47\n|inactive|Time left: 300 sec this turn | 300 sec total\n|\n|t:|1783569640\n|move|p1a: Chansey|Thunder Wave|p2a: Misdreavus\n|-fail|p2a: Misdreavus|par\n|cant|p2a: Misdreavus|par\n|\n|upkeep\n|turn|48\n|inactive|Time left: 300 sec this turn | 300 sec total\n|\n|t:|1783569641\n|move|p1a: Chansey|Seismic Toss|p2a: Misdreavus\n|-immune|p2a: Misdreavus\n|move|p2a: Misdreavus|Draining Kiss|p1a: Chansey\n|-damage|p1a: Chansey|214/564\n|\n|upkeep\n|turn|49\n|inactive|Time left: 300 sec this turn | 300 sec total\n|\n|t:|1783569642\n|move|p1a: Chansey|Thunder Wave|p2a: Misdreavus\n|-fail|p2a: Misdreavus|par\n|move|p2a: Misdreavus|Shadow Ball|p1a: Chansey\n|-immune|p1a: Chansey\n|\n|upkeep\n|turn|50\n|inactive|Time left: 300 sec this turn | 300 sec total\n|\n|t:|1783569643\n|move|p1a: Chansey|Thunder Wave|p2a: Misdreavus\n|-fail|p2a: Misdreavus|par\n|move|p2a: Misdreavus|Draining Kiss|p1a: Chansey\n|-damage|p1a: Chansey|138/564\n|\n|upkeep\n|turn|51\n|inactive|Time left: 300 sec this turn | 300 sec total\n|\n|t:|1783569644\n|move|p1a: Chansey|Heal Bell||[still]\n|-activate|p1a: Chansey|move: Heal Bell\n|-fail|p1a: Chansey\n|move|p2a: Misdreavus|Draining Kiss|p1a: Chansey\n|-damage|p1a: Chansey|60/564\n|\n|upkeep\n|turn|52\n|inactive|Time left: 300 sec this turn | 300 sec total\n|\n|t:|1783569645\n|move|p1a: Chansey|Seismic Toss|p2a: Misdreavus\n|-immune|p2a: Misdreavus\n|move|p2a: Misdreavus|Draining Kiss|p1a: Chansey\n|-damage|p1a: Chansey|0 fnt\n|faint|p1a: Chansey\n|\n|upkeep\n|inactive|Time left: 300 sec this turn | 300 sec total | 5 sec grace\n|\n|t:|1783569646\n|switch|p1a: Terrakion|Terrakion, L79, tera:Fighting|80/273\n|turn|53\n|inactive|Time left: 300 sec this turn | 300 sec total\n|\n|t:|1783569647\n|move|p1a: Terrakion|Stone Edge|p2a: Misdreavus\n|-crit|p2a: Misdreavus\n|-damage|p2a: Misdreavus|25/100 par\n|-damage|p1a: Terrakion|53/273|[from] item: Life Orb\n|move|p2a: Misdreavus|Draining Kiss|p1a: Terrakion\n|-supereffective|p1a: Terrakion\n|-damage|p1a: Terrakion|0 fnt\n|-heal|p2a: Misdreavus|41/100 par|[from] drain|[of] p1a: Terrakion\n|faint|p1a: Terrakion\n|\n|upkeep\n|inactive|Time left: 300 sec this turn | 300 sec total | 5 sec grace\n|\n|t:|1783569648\n|switch|p1a: Groudon|Groudon, L72|263/263\n|-weather|SunnyDay|[from] ability: Drought|[of] p1a: Groudon\n|turn|54\n|inactive|Time left: 300 sec this turn | 300 sec total\n|\n|t:|1783569649\n|move|p1a: Groudon|Heat Crash|p2a: Misdreavus\n|-damage|p2a: Misdreavus|0 fnt\n|faint|p2a: Misdreavus\n|\n|-weather|SunnyDay|[upkeep]\n|upkeep\n|\n|t:|1783569650\n|switch|p2a: Pelipper|Pelipper, L86, F|58/100\n|-weather|RainDance|[from] ability: Drizzle|[of] p2a: Pelipper\n|turn|55\n|inactive|Time left: 300 sec this turn | 300 sec total\n|\n|t:|1783569651\n|move|p1a: Groudon|Thunder Wave|p2a: Pelipper\n|-status|p2a: Pelipper|par\n|move|p2a: Pelipper|Weather Ball|p1a: Groudon\n|-supereffective|p1a: Groudon\n|-damage|p1a: Groudon|0 fnt\n|faint|p1a: Groudon\n|\n|-weather|RainDance|[upkeep]\n|upkeep\n|inactive|Time left: 300 sec this turn | 300 sec total | 5 sec grace\n|\n|t:|1783569652\n|switch|p1a: Malamar|Malamar, L82, M|275/275\n|turn|56\n|inactive|Time left: 300 sec this turn | 300 sec total\n|\n|t:|1783569653\n|move|p1a: Malamar|Knock Off|p2a: Pelipper\n|-crit|p2a: Pelipper\n|-damage|p2a: Pelipper|4/100 par\n|-enditem|p2a: Pelipper|Choice Specs|[from] move: Knock Off|[of] p1a: Malamar\n|cant|p2a: Pelipper|par\n|\n|-weather|RainDance|[upkeep]\n|upkeep\n|turn|57\n|inactive|Time left: 300 sec this turn | 300 sec total\n|\n|t:|1783569654\n|move|p1a: Malamar|Superpower|p2a: Pelipper\n|-resisted|p2a: Pelipper\n|-damage|p2a: Pelipper|0 fnt\n|-boost|p1a: Malamar|atk|1\n|-boost|p1a: Malamar|def|1\n|faint|p2a: Pelipper\n|\n|-weather|RainDance|[upkeep]\n|upkeep\n|\n|t:|1783569654\n|switch|p2a: Umbreon|Umbreon, L84, M|100/100\n|turn|58\n|inactive|Time left: 300 sec this turn | 300 sec total\n|\n|t:|1783569655\n|move|p2a: Umbreon|Protect|p2a: Umbreon\n|-singleturn|p2a: Umbreon|Protect\n|move|p1a: Malamar|Superpower|p2a: Umbreon\n|-activate|p2a: Umbreon|move: Protect\n|\n|-weather|RainDance|[upkeep]\n|upkeep\n|turn|59\n|inactive|Time left: 300 sec this turn | 300 sec total\n|\n|t:|1783569656\n|move|p2a: Umbreon|Protect|p2a: Umbreon\n|-singleturn|p2a: Umbreon|Protect\n|move|p1a: Malamar|Superpower|p2a: Umbreon\n|-activate|p2a: Umbreon|move: Protect\n|\n|-weather|none\n|upkeep\n|turn|60\n|inactive|Time left: 300 sec this turn | 300 sec total\n|\n|t:|1783569657\n|move|p1a: Malamar|Superpower|p2a: Umbreon\n|-supereffective|p2a: Umbreon\n|-damage|p2a: Umbreon|31/100\n|-boost|p1a: Malamar|atk|1\n|-boost|p1a: Malamar|def|1\n|move|p2a: Umbreon|Toxic|p1a: Malamar\n|-status|p1a: Malamar|tox\n|\n|-heal|p2a: Umbreon|37/100|[from] item: Leftovers\n|-damage|p1a: Malamar|258/275 tox|[from] psn\n|upkeep\n|turn|61\n|inactive|Time left: 300 sec this turn | 300 sec total\n|\n|t:|1783569658\n|-terastallize|p2a: Umbreon|Poison\n|move|p1a: Malamar|Superpower|p2a: Umbreon\n|-resisted|p2a: Umbreon\n|-damage|p2a: Umbreon|16/100\n|-boost|p1a: Malamar|atk|1\n|-boost|p1a: Malamar|def|1\n|move|p2a: Umbreon|Foul Play|p1a: Malamar\n|-damage|p1a: Malamar|152/275 tox\n|\n|-heal|p2a: Umbreon|22/100|[from] item: Leftovers\n|-damage|p1a: Malamar|118/275 tox|[from] psn\n|upkeep\n|turn|62\n|inactive|Time left: 300 sec this turn | 300 sec total\n|\n|t:|1783569659\n|move|p1a: Malamar|Rest|p1a: Malamar\n|-status|p1a: Malamar|slp|[from] move: Rest\n|-heal|p1a: Malamar|275/275 slp|[silent]\n|move|p2a: Umbreon|Foul Play|p1a: Malamar\n|-crit|p1a: Malamar\n|-damage|p1a: Malamar|0 fnt\n|faint|p1a: Malamar\n|\n|-heal|p2a: Umbreon|28/100|[from] item: Leftovers\n|upkeep\n|inactive|Time left: 300 sec this turn | 300 sec total | 5 sec grace\n|\n|t:|1783569660\n|switch|p1a: Sableye|Sableye, L88, M|231/231\n|turn|63\n|inactive|Time left: 300 sec this turn | 300 sec total\n|\n|t:|1783569661\n|move|p1a: Sableye|Encore|p2a: Umbreon\n|-start|p2a: Umbreon|Encore\n|move|p2a: Umbreon|Foul Play|p1a: Sableye\n|-damage|p1a: Sableye|143/231\n|\n|-heal|p2a: Umbreon|34/100|[from] item: Leftovers\n|-heal|p1a: Sableye|157/231|[from] item: Leftovers\n|upkeep\n|turn|64\n|inactive|Time left: 300 sec this turn | 300 sec total\n|\n|t:|1783569662\n|move|p2a: Umbreon|Foul Play|p1a: Sableye\n|-damage|p1a: Sableye|69/231\n|move|p1a: Sableye|Knock Off|p2a: Umbreon\n|-damage|p2a: Umbreon|8/100\n|-enditem|p2a: Umbreon|Leftovers|[from] move: Knock Off|[of] p1a: Sableye\n|\n|-heal|p1a: Sableye|83/231|[from] item: Leftovers\n|upkeep\n|turn|65\n|inactive|Time left: 300 sec this turn | 300 sec total\n|\n|t:|1783569663\n|move|p1a: Sableye|Recover|p1a: Sableye\n|-heal|p1a: Sableye|199/231\n|move|p2a: Umbreon|Foul Play|p1a: Sableye\n|-damage|p1a: Sableye|108/231\n|\n|-heal|p1a: Sableye|122/231|[from] item: Leftovers\n|-end|p2a: Umbreon|Encore\n|upkeep\n|turn|66\n|inactive|Time left: 300 sec this turn | 300 sec total\n|\n|t:|1783569664\n|move|p1a: Sableye|Recover|p1a: Sableye\n|-heal|p1a: Sableye|231/231\n|move|p2a: Umbreon|Toxic|p1a: Sableye\n|-status|p1a: Sableye|tox\n|\n|-damage|p1a: Sableye|217/231 tox|[from] psn\n|upkeep\n|turn|67\n|inactive|Time left: 300 sec this turn | 300 sec total\n|\n|t:|1783569664\n|move|p1a: Sableye|Encore|p2a: Umbreon\n|-start|p2a: Umbreon|Encore\n|move|p2a: Umbreon|Toxic|p1a: Sableye\n|-fail|p1a: Sableye|tox\n|\n|-heal|p1a: Sableye|231/231 tox|[from] item: Leftovers\n|-damage|p1a: Sableye|203/231 tox|[from] psn\n|upkeep\n|turn|68\n|inactive|Time left: 300 sec this turn | 300 sec total\n|\n|t:|1783569665\n|switch|p2a: Toedscruel|Toedscruel, L87, F|100/100\n|move|p1a: Sableye|Will-O-Wisp|p2a: Toedscruel\n|-status|p2a: Toedscruel|brn\n|\n|-heal|p1a: Sableye|217/231 tox|[from] item: Leftovers\n|-damage|p1a: Sableye|175/231 tox|[from] psn\n|-damage|p2a: Toedscruel|94/100 brn|[from] brn\n|upkeep\n|turn|69\n|inactive|Time left: 300 sec this turn | 300 sec total\n|\n|t:|1783569666\n|move|p1a: Sableye|Recover|p1a: Sableye\n|-heal|p1a: Sableye|231/231 tox\n|move|p2a: Toedscruel|Leaf Storm|p1a: Sableye|[miss]\n|-miss|p2a: Toedscruel|p1a: Sableye\n|\n|-heal|p2a: Toedscruel|100/100 brn|[from] item: Leftovers\n|-damage|p1a: Sableye|175/231 tox|[from] psn\n|-damage|p2a: Toedscruel|94/100 brn|[from] brn\n|upkeep\n|turn|70\n|inactive|Time left: 300 sec this turn | 300 sec total\n|\n|t:|1783569667\n|move|p1a: Sableye|Recover|p1a: Sableye\n|-heal|p1a: Sableye|231/231 tox\n|move|p2a: Toedscruel|Earth Power|p1a: Sableye\n|-damage|p1a: Sableye|119/231 tox\n|\n|-heal|p2a: Toedscruel|100/100 brn|[from] item: Leftovers\n|-heal|p1a: Sableye|133/231 tox|[from] item: Leftovers\n|-damage|p1a: Sableye|63/231 tox|[from] psn\n|-damage|p2a: Toedscruel|94/100 brn|[from] brn\n|upkeep\n|turn|71\n|inactive|Time left: 300 sec this turn | 300 sec total\n|\n|t:|1783569668\n|move|p1a: Sableye|Recover|p1a: Sableye\n|-heal|p1a: Sableye|179/231 tox\n|move|p2a: Toedscruel|Earth Power|p1a: Sableye\n|-damage|p1a: Sableye|83/231 tox\n|-unboost|p1a: Sableye|spd|1\n|\n|-heal|p2a: Toedscruel|100/100 brn|[from] item: Leftovers\n|-heal|p1a: Sableye|97/231 tox|[from] item: Leftovers\n|-damage|p1a: Sableye|13/231 tox|[from] psn\n|-damage|p2a: Toedscruel|94/100 brn|[from] brn\n|upkeep\n|turn|72\n|inactive|Time left: 300 sec this turn | 300 sec total\n|\n|t:|1783569669\n|move|p1a: Sableye|Recover|p1a: Sableye\n|-heal|p1a: Sableye|129/231 tox\n|move|p2a: Toedscruel|Earth Power|p1a: Sableye\n|-crit|p1a: Sableye\n|-damage|p1a: Sableye|0 fnt\n|faint|p1a: Sableye\n|\n|win|p0y265292ff", "uploadtime": 1783569669, "views": 0, "rating": 0, "private": 0, "password": null, "_winner": "p0y265292ff", "_our_name": "p0x2652c45e"}