{"id": "battle-gen9randombattle-2340", "formatid": "gen9randombattle", "format": "[Gen 9] Random Battle", "players": ["p0x2340559d", "p0y2340af04"], "log": "|init|battle\n|title|p0x2340559d vs. p0y2340af04\n|j|\u2606p0x2340559d\n|j|\u2606p0y2340af04\n|t:|1783566152\n|gametype|singles\n|player|p1|p0x2340559d|1|\n|player|p2|p0y2340af04|170|\n|gen|9\n|tier|[Gen 9] Random Battle\n|rule|Species Clause: Limit one of each Pok\u00e9mon\n|rule|HP Percentage Mod: HP is shown in percentages\n|rule|Sleep Clause Mod: Limit one foe put to sleep\n|rule|Illusion Level Mod: Illusion disguises the Pok\u00e9mon's true level\n|\n|t:|1783566152\n|teamsize|p1|6\n|teamsize|p2|6\n|start\n|switch|p1a: Duraludon|Duraludon, L82, M|249/249\n|switch|p2a: Weezing|Weezing-Galar, L86, F|100/100\n|turn|1\n|inactive|Battle timer is ON: inactive players will automatically lose when time's up. (requested by p0y2340af04)\n|inactive|Time left: 300 sec this turn | 300 sec total | 60 sec grace\n|inactive|p0x2340559d also wants the timer to be on.\n|\n|t:|1783566153\n|move|p1a: Duraludon|Flash Cannon|p2a: Weezing\n|-supereffective|p2a: Weezing\n|-damage|p2a: Weezing|16/100\n|move|p2a: Weezing|Strange Steam|p1a: Duraludon\n|-damage|p1a: Duraludon|150/249\n|\n|-heal|p2a: Weezing|22/100|[from] item: Leftovers\n|upkeep\n|turn|2\n|inactive|Time left: 300 sec this turn | 300 sec total\n|\n|t:|1783566154\n|move|p1a: Duraludon|Flash Cannon|p2a: Weezing\n|-supereffective|p2a: Weezing\n|-damage|p2a: Weezing|0 fnt\n|faint|p2a: Weezing\n|\n|upkeep\n|\n|t:|1783566155\n|switch|p2a: Tornadus|Tornadus, L82, M|100/100\n|turn|3\n|inactive|Time left: 300 sec this turn | 300 sec total\n|\n|t:|1783566156\n|move|p2a: Tornadus|Bleakwind Storm|p1a: Duraludon|[miss]\n|-miss|p2a: Tornadus|p1a: Duraludon\n|move|p1a: Duraludon|Flash Cannon|p2a: Tornadus\n|-damage|p2a: Tornadus|59/100\n|\n|upkeep\n|turn|4\n|inactive|Time left: 300 sec this turn | 300 sec total\n|\n|t:|1783566157\n|move|p2a: Tornadus|Bleakwind Storm|p1a: Duraludon\n|-resisted|p1a: Duraludon\n|-damage|p1a: Duraludon|57/249\n|-unboost|p1a: Duraludon|spe|1\n|move|p1a: Duraludon|Draco Meteor|p2a: Tornadus\n|-damage|p2a: Tornadus|0 fnt\n|-unboost|p1a: Duraludon|spa|2\n|faint|p2a: Tornadus\n|\n|upkeep\n|\n|t:|1783566158\n|switch|p2a: Blaziken|Blaziken, L76, M|100/100\n|turn|5\n|inactive|Time left: 300 sec this turn | 300 sec total\n|\n|t:|1783566159\n|switch|p1a: Appletun|Appletun, L92, M|352/352\n|move|p2a: Blaziken|Swords Dance|p2a: Blaziken\n|-boost|p2a: Blaziken|atk|2\n|\n|-ability|p2a: Blaziken|Speed Boost|boost\n|-boost|p2a: Blaziken|spe|1\n|upkeep\n|turn|6\n|inactive|Time left: 300 sec this turn | 300 sec total\n|\n|t:|1783566160\n|-terastallize|p2a: Blaziken|Fighting\n|move|p2a: Blaziken|Close Combat|p1a: Appletun\n|-damage|p1a: Appletun|0 fnt\n|-unboost|p2a: Blaziken|def|1\n|-unboost|p2a: Blaziken|spd|1\n|faint|p1a: Appletun\n|-damage|p2a: Blaziken|91/100|[from] item: Life Orb\n|\n|-ability|p2a: Blaziken|Speed Boost|boost\n|-boost|p2a: Blaziken|spe|1\n|upkeep\n|inactive|Time left: 300 sec this turn | 300 sec total | 5 sec grace\n|\n|t:|1783566161\n|switch|p1a: Duraludon|Duraludon, L82, M|57/249\n|turn|7\n|inactive|Time left: 300 sec this turn | 300 sec total\n|\n|t:|1783566162\n|move|p2a: Blaziken|Close Combat|p1a: Duraludon\n|-supereffective|p1a: Duraludon\n|-damage|p1a: Duraludon|0 fnt\n|-unboost|p2a: Blaziken|def|1\n|-unboost|p2a: Blaziken|spd|1\n|faint|p1a: Duraludon\n|-damage|p2a: Blaziken|81/100|[from] item: Life Orb\n|\n|-ability|p2a: Blaziken|Speed Boost|boost\n|-boost|p2a: Blaziken|spe|1\n|upkeep\n|inactive|Time left: 300 sec this turn | 300 sec total | 5 sec grace\n|\n|t:|1783566163\n|switch|p1a: Staraptor|Staraptor, L79, M|263/263\n|turn|8\n|inactive|Time left: 300 sec this turn | 300 sec total\n|\n|t:|1783566164\n|move|p1a: Staraptor|Quick Attack|p2a: Blaziken\n|-damage|p2a: Blaziken|16/100\n|move|p2a: Blaziken|Close Combat|p1a: Staraptor\n|-damage|p1a: Staraptor|0 fnt\n|-unboost|p2a: Blaziken|def|1\n|-unboost|p2a: Blaziken|spd|1\n|faint|p1a: Staraptor\n|-damage|p2a: Blaziken|7/100|[from] item: Life Orb\n|\n|-ability|p2a: Blaziken|Speed Boost|boost\n|-boost|p2a: Blaziken|spe|1\n|upkeep\n|inactive|Time left: 300 sec this turn | 300 sec total | 5 sec grace\n|\n|t:|1783566165\n|switch|p1a: Dugtrio|Dugtrio-Alola, L84, F|196/196\n|turn|9\n|inactive|Time left: 300 sec this turn | 300 sec total\n|\n|t:|1783566166\n|move|p1a: Dugtrio|Sucker Punch|p2a: Blaziken\n|-resisted|p2a: Blaziken\n|-damage|p2a: Blaziken|0 fnt\n|faint|p2a: Blaziken\n|-damage|p1a: Dugtrio|177/196|[from] item: Life Orb\n|\n|upkeep\n|\n|t:|1783566167\n|switch|p2a: Dunsparce|Dunsparce, L86, F|100/100\n|turn|10\n|inactive|Time left: 300 sec this turn | 300 sec total\n|\n|t:|1783566168\n|switch|p1a: Slither Wing|Slither Wing, L81|270/270\n|-enditem|p1a: Slither Wing|Booster Energy\n|-activate|p1a: Slither Wing|ability: Protosynthesis|[fromitem]\n|-start|p1a: Slither Wing|protosynthesisatk\n|move|p2a: Dunsparce|Coil|p2a: Dunsparce\n|-boost|p2a: Dunsparce|atk|1\n|-boost|p2a: Dunsparce|def|1\n|-boost|p2a: Dunsparce|accuracy|1\n|\n|upkeep\n|turn|11\n|inactive|Time left: 300 sec this turn | 300 sec total\n|\n|t:|1783566169\n|move|p1a: Slither Wing|Bulk Up|p1a: Slither Wing\n|-boost|p1a: Slither Wing|atk|1\n|-boost|p1a: Slither Wing|def|1\n|move|p2a: Dunsparce|Body Slam|p1a: Slither Wing\n|-damage|p1a: Slither Wing|182/270\n|-status|p1a: Slither Wing|par\n|\n|upkeep\n|turn|12\n|inactive|Time left: 300 sec this turn | 300 sec total\n|\n|t:|1783566170\n|move|p2a: Dunsparce|Coil|p2a: Dunsparce\n|-boost|p2a: Dunsparce|atk|1\n|-boost|p2a: Dunsparce|def|1\n|-boost|p2a: Dunsparce|accuracy|1\n|move|p1a: Slither Wing|Close Combat|p2a: Dunsparce\n|-supereffective|p2a: Dunsparce\n|-damage|p2a: Dunsparce|21/100\n|-unboost|p1a: Slither Wing|def|1\n|-unboost|p1a: Slither Wing|spd|1\n|\n|upkeep\n|turn|13\n|inactive|Time left: 300 sec this turn | 300 sec total\n|\n|t:|1783566171\n|move|p2a: Dunsparce|Body Slam|p1a: Slither Wing\n|-damage|p1a: Slither Wing|25/270 par\n|move|p1a: Slither Wing|Close Combat|p2a: Dunsparce\n|-supereffective|p2a: Dunsparce\n|-damage|p2a: Dunsparce|0 fnt\n|-unboost|p1a: Slither Wing|def|1\n|-unboost|p1a: Slither Wing|spd|1\n|faint|p2a: Dunsparce\n|\n|upkeep\n|\n|t:|1783566172\n|switch|p2a: Corviknight|Corviknight, L80, F|100/100\n|turn|14\n|inactive|Time left: 300 sec this turn | 300 sec total\n|\n|t:|1783566173\n|move|p2a: Corviknight|Body Press|p1a: Slither Wing\n|-resisted|p1a: Slither Wing\n|-damage|p1a: Slither Wing|0 fnt\n|faint|p1a: Slither Wing\n|-end|p1a: Slither Wing|Protosynthesis|[silent]\n|\n|upkeep\n|inactive|Time left: 300 sec this turn | 300 sec total | 5 sec grace\n|\n|t:|1783566174\n|switch|p1a: Gallade|Gallade, L80, M|240/240\n|turn|15\n|inactive|Time left: 300 sec this turn | 300 sec total\n|\n|t:|1783566175\n|-terastallize|p1a: Gallade|Fighting\n|move|p1a: Gallade|Sacred Sword|p2a: Corviknight\n|-damage|p2a: Corviknight|18/100\n|-damage|p1a: Gallade|200/240|[from] item: Rocky Helmet|[of] p2a: Corviknight\n|-damage|p1a: Gallade|176/240|[from] item: Life Orb\n|move|p2a: Corviknight|Brave Bird|p1a: Gallade\n|-supereffective|p1a: Gallade\n|-damage|p1a: Gallade|0 fnt\n|faint|p1a: Gallade\n|-damage|p2a: Corviknight|0 fnt|[from] Recoil\n|faint|p2a: Corviknight\n|\n|upkeep\n|inactive|Time left: 300 sec this turn | 300 sec total | 5 sec grace\n|\n|t:|1783566176\n|switch|p1a: Dugtrio|Dugtrio-Alola, L84, F|177/196\n|switch|p2a: Beartic|Beartic, L91, M|100/100\n|turn|16\n|inactive|Time left: 300 sec this turn | 300 sec total\n|\n|t:|1783566176\n|move|p1a: Dugtrio|Iron Head|p2a: Beartic\n|-supereffective|p2a: Beartic\n|-damage|p2a: Beartic|32/100\n|-damage|p1a: Dugtrio|158/196|[from] item: Life Orb\n|move|p2a: Beartic|Earthquake|p1a: Dugtrio\n|-supereffective|p1a: Dugtrio\n|-damage|p1a: Dugtrio|0 fnt\n|faint|p1a: Dugtrio\n|\n|win|p0y2340af04", "uploadtime": 1783566176, "views": 0, "rating": 0, "private": 0, "password": null, "_winner": "p0y2340af04", "_our_name": "p0x2340559d"}