{"id": "battle-gen9randombattle-2739", "formatid": "gen9randombattle", "format": "[Gen 9] Random Battle", "players": ["p0x2739908e", "p0y27390860"], "log": "|init|battle\n|title|p0x2739908e vs. p0y27390860\n|j|\u2606p0x2739908e\n|j|\u2606p0y27390860\n|t:|1783570561\n|gametype|singles\n|player|p1|p0x2739908e|170|\n|player|p2|p0y27390860|265|\n|gen|9\n|tier|[Gen 9] Random Battle\n|rule|Species Clause: Limit one of each Pok\u00e9mon\n|rule|HP Percentage Mod: HP is shown in percentages\n|rule|Sleep Clause Mod: Limit one foe put to sleep\n|rule|Illusion Level Mod: Illusion disguises the Pok\u00e9mon's true level\n|\n|t:|1783570561\n|teamsize|p1|6\n|teamsize|p2|6\n|start\n|switch|p1a: Vigoroth|Vigoroth, L85, F|100/100\n|switch|p2a: Alcremie|Alcremie-Salted-Cream, L90, F|263/263\n|turn|1\n|inactive|Battle timer is ON: inactive players will automatically lose when time's up. (requested by p0x2739908e)\n|inactive|Time left: 300 sec this turn | 300 sec total | 60 sec grace\n|inactive|p0y27390860 also wants the timer to be on.\n|\n|t:|1783570562\n|move|p1a: Vigoroth|Bulk Up|p1a: Vigoroth\n|-boost|p1a: Vigoroth|atk|1\n|-boost|p1a: Vigoroth|def|1\n|move|p2a: Alcremie|Alluring Voice|p1a: Vigoroth\n|-damage|p1a: Vigoroth|61/100\n|-start|p1a: Vigoroth|confusion\n|\n|upkeep\n|turn|2\n|inactive|Time left: 300 sec this turn | 300 sec total\n|\n|t:|1783570563\n|-activate|p1a: Vigoroth|confusion\n|move|p1a: Vigoroth|Slack Off|p1a: Vigoroth\n|-heal|p1a: Vigoroth|100/100\n|move|p2a: Alcremie|Calm Mind|p2a: Alcremie\n|-boost|p2a: Alcremie|spa|1\n|-boost|p2a: Alcremie|spd|1\n|\n|upkeep\n|turn|3\n|inactive|Time left: 300 sec this turn | 300 sec total\n|\n|t:|1783570564\n|-activate|p1a: Vigoroth|confusion\n|move|p1a: Vigoroth|Body Slam|p2a: Alcremie\n|-damage|p2a: Alcremie|124/263\n|-status|p2a: Alcremie|par\n|cant|p2a: Alcremie|par\n|\n|-heal|p2a: Alcremie|140/263 par|[from] item: Leftovers\n|upkeep\n|turn|4\n|inactive|Time left: 300 sec this turn | 300 sec total\n|\n|t:|1783570565\n|-end|p1a: Vigoroth|confusion\n|move|p1a: Vigoroth|Earthquake|p2a: Alcremie\n|-damage|p2a: Alcremie|40/263 par\n|move|p2a: Alcremie|Alluring Voice|p1a: Vigoroth\n|-damage|p1a: Vigoroth|45/100\n|\n|-heal|p2a: Alcremie|56/263 par|[from] item: Leftovers\n|upkeep\n|turn|5\n|inactive|Time left: 300 sec this turn | 300 sec total\n|\n|t:|1783570566\n|move|p1a: Vigoroth|Earthquake|p2a: Alcremie\n|-damage|p2a: Alcremie|0 fnt\n|faint|p2a: Alcremie\n|\n|upkeep\n|inactive|Time left: 300 sec this turn | 300 sec total | 5 sec grace\n|\n|t:|1783570567\n|switch|p2a: Arceus|Arceus-Flying, L69|279/279\n|turn|6\n|inactive|Time left: 300 sec this turn | 300 sec total\n|\n|t:|1783570569\n|move|p2a: Arceus|Calm Mind|p2a: Arceus\n|-boost|p2a: Arceus|spa|1\n|-boost|p2a: Arceus|spd|1\n|move|p1a: Vigoroth|Slack Off|p1a: Vigoroth\n|-heal|p1a: Vigoroth|95/100\n|\n|upkeep\n|turn|7\n|inactive|Time left: 300 sec this turn | 300 sec total\n|\n|t:|1783570569\n|move|p2a: Arceus|Judgment|p1a: Vigoroth\n|-damage|p1a: Vigoroth|48/100\n|move|p1a: Vigoroth|Body Slam|p2a: Arceus\n|-damage|p2a: Arceus|167/279\n|\n|upkeep\n|turn|8\n|inactive|Time left: 300 sec this turn | 300 sec total\n|\n|t:|1783570570\n|switch|p1a: Carbink|Carbink, L90|100/100\n|move|p2a: Arceus|Judgment|p1a: Carbink\n|-resisted|p1a: Carbink\n|-damage|p1a: Carbink|80/100\n|\n|-heal|p1a: Carbink|86/100|[from] item: Leftovers\n|upkeep\n|turn|9\n|inactive|Time left: 300 sec this turn | 300 sec total\n|\n|t:|1783570572\n|move|p2a: Arceus|Judgment|p1a: Carbink\n|-resisted|p1a: Carbink\n|-damage|p1a: Carbink|66/100\n|move|p1a: Carbink|Rock Polish|p1a: Carbink\n|-boost|p1a: Carbink|spe|2\n|\n|-heal|p1a: Carbink|72/100|[from] item: Leftovers\n|upkeep\n|turn|10\n|inactive|Time left: 300 sec this turn | 300 sec total\n|\n|t:|1783570573\n|move|p1a: Carbink|Iron Defense|p1a: Carbink\n|-boost|p1a: Carbink|def|2\n|move|p2a: Arceus|Earth Power|p1a: Carbink\n|-supereffective|p1a: Carbink\n|-damage|p1a: Carbink|28/100\n|\n|-heal|p1a: Carbink|34/100|[from] item: Leftovers\n|upkeep\n|turn|11\n|inactive|Time left: 300 sec this turn | 300 sec total\n|\n|t:|1783570574\n|move|p1a: Carbink|Body Press|p2a: Arceus\n|-resisted|p2a: Arceus\n|-damage|p2a: Arceus|78/279\n|move|p2a: Arceus|Earth Power|p1a: Carbink\n|-supereffective|p1a: Carbink\n|-damage|p1a: Carbink|0 fnt\n|faint|p1a: Carbink\n|\n|upkeep\n|\n|t:|1783570575\n|switch|p1a: Arcanine|Arcanine-Hisui, L79, F|100/100\n|turn|12\n|inactive|Time left: 300 sec this turn | 300 sec total\n|\n|t:|1783570576\n|move|p1a: Arcanine|Flare Blitz|p2a: Arceus\n|-damage|p2a: Arceus|0 fnt\n|faint|p2a: Arceus\n|\n|upkeep\n|inactive|Time left: 300 sec this turn | 300 sec total | 5 sec grace\n|\n|t:|1783570577\n|switch|p2a: Fezandipiti|Fezandipiti, L82, M|278/278\n|turn|13\n|inactive|Time left: 300 sec this turn | 300 sec total\n|\n|t:|1783570578\n|move|p1a: Arcanine|Flare Blitz|p2a: Fezandipiti\n|-damage|p2a: Fezandipiti|131/278\n|move|p2a: Fezandipiti|Roost|p2a: Fezandipiti\n|-heal|p2a: Fezandipiti|270/278\n|-singleturn|p2a: Fezandipiti|move: Roost\n|\n|-heal|p2a: Fezandipiti|278/278|[from] item: Leftovers\n|upkeep\n|turn|14\n|inactive|Time left: 300 sec this turn | 300 sec total\n|\n|t:|1783570579\n|move|p1a: Arcanine|Flare Blitz|p2a: Fezandipiti\n|-damage|p2a: Fezandipiti|151/278\n|move|p2a: Fezandipiti|Roost|p2a: Fezandipiti\n|-heal|p2a: Fezandipiti|278/278\n|-singleturn|p2a: Fezandipiti|move: Roost\n|\n|upkeep\n|turn|15\n|inactive|Time left: 300 sec this turn | 300 sec total\n|\n|t:|1783570580\n|move|p1a: Arcanine|Flare Blitz|p2a: Fezandipiti\n|-damage|p2a: Fezandipiti|149/278\n|move|p2a: Fezandipiti|Moonblast|p1a: Arcanine\n|-resisted|p1a: Arcanine\n|-damage|p1a: Arcanine|85/100\n|\n|-heal|p2a: Fezandipiti|166/278|[from] item: Leftovers\n|upkeep\n|turn|16\n|inactive|Time left: 300 sec this turn | 300 sec total\n|\n|t:|1783570581\n|move|p1a: Arcanine|Flare Blitz|p2a: Fezandipiti\n|-damage|p2a: Fezandipiti|37/278\n|move|p2a: Fezandipiti|Moonblast|p1a: Arcanine\n|-resisted|p1a: Arcanine\n|-damage|p1a: Arcanine|70/100\n|\n|-heal|p2a: Fezandipiti|54/278|[from] item: Leftovers\n|upkeep\n|turn|17\n|inactive|Time left: 300 sec this turn | 300 sec total\n|\n|t:|1783570582\n|switch|p2a: Electrode|Electrode, L92|260/260\n|move|p1a: Arcanine|Flare Blitz|p2a: Electrode\n|-damage|p2a: Electrode|112/260\n|-status|p2a: Electrode|brn\n|\n|-damage|p2a: Electrode|96/260 brn|[from] brn\n|upkeep\n|turn|18\n|inactive|Time left: 300 sec this turn | 300 sec total\n|\n|t:|1783570584\n|move|p2a: Electrode|Thunderbolt|p1a: Arcanine\n|-damage|p1a: Arcanine|22/100\n|-damage|p2a: Electrode|70/260 brn|[from] item: Life Orb\n|move|p1a: Arcanine|Flare Blitz|p2a: Electrode\n|-damage|p2a: Electrode|0 fnt\n|-damage|p1a: Arcanine|0 fnt|[from] ability: Aftermath|[of] p2a: Electrode\n|faint|p2a: Electrode\n|faint|p1a: Arcanine\n|\n|upkeep\n|inactive|Time left: 300 sec this turn | 300 sec total | 5 sec grace\n|\n|t:|1783570585\n|switch|p2a: Zarude|Zarude-Dada, L77|288/288\n|switch|p1a: Vigoroth|Vigoroth, L85, F|48/100\n|turn|19\n|inactive|Time left: 300 sec this turn | 300 sec total\n|\n|t:|1783570586\n|move|p2a: Zarude|Power Whip|p1a: Vigoroth\n|-damage|p1a: Vigoroth|15/100\n|move|p1a: Vigoroth|Slack Off|p1a: Vigoroth\n|-heal|p1a: Vigoroth|65/100\n|\n|upkeep\n|turn|20\n|inactive|Time left: 300 sec this turn | 300 sec total\n|\n|t:|1783570587\n|switch|p1a: Vivillon|Vivillon-Garden, L83, M|100/100\n|move|p2a: Zarude|Power Whip|p1a: Vivillon\n|-resisted|p1a: Vivillon\n|-damage|p1a: Vivillon|84/100\n|\n|upkeep\n|turn|21\n|inactive|Time left: 300 sec this turn | 300 sec total\n|\n|t:|1783570588\n|switch|p2a: Fezandipiti|Fezandipiti, L82, M|54/278\n|move|p1a: Vivillon|Quiver Dance|p1a: Vivillon\n|-boost|p1a: Vivillon|spa|1\n|-boost|p1a: Vivillon|spd|1\n|-boost|p1a: Vivillon|spe|1\n|\n|-heal|p2a: Fezandipiti|71/278|[from] item: Leftovers\n|upkeep\n|turn|22\n|inactive|Time left: 300 sec this turn | 300 sec total\n|\n|t:|1783570589\n|-terastallize|p2a: Fezandipiti|Steel\n|move|p1a: Vivillon|Hurricane|p2a: Fezandipiti|[miss]\n|-miss|p1a: Vivillon|p2a: Fezandipiti\n|move|p2a: Fezandipiti|Roost|p2a: Fezandipiti\n|-heal|p2a: Fezandipiti|210/278\n|\n|-heal|p2a: Fezandipiti|227/278|[from] item: Leftovers\n|upkeep\n|turn|23\n|inactive|Time left: 300 sec this turn | 300 sec total\n|\n|t:|1783570590\n|move|p1a: Vivillon|Sleep Powder|p2a: Fezandipiti\n|-status|p2a: Fezandipiti|slp|[from] move: Sleep Powder\n|cant|p2a: Fezandipiti|slp\n|\n|-heal|p2a: Fezandipiti|244/278 slp|[from] item: Leftovers\n|upkeep\n|turn|24\n|inactive|Time left: 300 sec this turn | 300 sec total\n|\n|t:|1783570591\n|move|p1a: Vivillon|Quiver Dance|p1a: Vivillon\n|-boost|p1a: Vivillon|spa|1\n|-boost|p1a: Vivillon|spd|1\n|-boost|p1a: Vivillon|spe|1\n|cant|p2a: Fezandipiti|slp\n|\n|-heal|p2a: Fezandipiti|261/278 slp|[from] item: Leftovers\n|upkeep\n|turn|25\n|inactive|Time left: 300 sec this turn | 300 sec total\n|\n|t:|1783570592\n|-terastallize|p1a: Vivillon|Ground\n|move|p1a: Vivillon|Tera Blast|p2a: Fezandipiti|[anim] Tera Blast Ground\n|-supereffective|p2a: Fezandipiti\n|-damage|p2a: Fezandipiti|37/278 slp\n|-curestatus|p2a: Fezandipiti|slp|[msg]\n|move|p2a: Fezandipiti|Gunk Shot|p1a: Vivillon\n|-resisted|p1a: Vivillon\n|-damage|p1a: Vivillon|54/100\n|\n|-heal|p2a: Fezandipiti|54/278|[from] item: Leftovers\n|upkeep\n|turn|26\n|inactive|Time left: 300 sec this turn | 300 sec total\n|\n|t:|1783570593\n|move|p1a: Vivillon|Hurricane|p2a: Fezandipiti\n|-resisted|p2a: Fezandipiti\n|-damage|p2a: Fezandipiti|0 fnt\n|faint|p2a: Fezandipiti\n|\n|upkeep\n|inactive|Time left: 300 sec this turn | 300 sec total | 5 sec grace\n|\n|t:|1783570594\n|switch|p2a: Zarude|Zarude-Dada, L77|288/288\n|turn|27\n|inactive|Time left: 300 sec this turn | 300 sec total\n|\n|t:|1783570595\n|move|p1a: Vivillon|Hurricane|p2a: Zarude\n|-supereffective|p2a: Zarude\n|-damage|p2a: Zarude|0 fnt\n|faint|p2a: Zarude\n|\n|upkeep\n|inactive|Time left: 300 sec this turn | 300 sec total | 5 sec grace\n|\n|t:|1783570596\n|switch|p2a: Rabsca|Rabsca, L91, F|284/284\n|turn|28\n|inactive|Time left: 300 sec this turn | 300 sec total\n|\n|t:|1783570597\n|move|p1a: Vivillon|Hurricane|p2a: Rabsca\n|-supereffective|p2a: Rabsca\n|-damage|p2a: Rabsca|0 fnt\n|faint|p2a: Rabsca\n|\n|win|p0x2739908e", "uploadtime": 1783570597, "views": 0, "rating": 0, "private": 0, "password": null, "_winner": "p0x2739908e", "_our_name": "p0y27390860"}