{"id": "battle-gen9randombattle-349", "formatid": "gen9randombattle", "format": "[Gen 9] Random Battle", "players": ["p0x3495a3b", "p0y349a4ed"], "log": "|init|battle\n|title|p0x3495a3b vs. p0y349a4ed\n|j|\u2606p0x3495a3b\n|j|\u2606p0y349a4ed\n|t:|1783543167\n|gametype|singles\n|player|p1|p0x3495a3b|2|\n|player|p2|p0y349a4ed|1|\n|gen|9\n|tier|[Gen 9] Random Battle\n|rule|Species Clause: Limit one of each Pok\u00e9mon\n|rule|HP Percentage Mod: HP is shown in percentages\n|rule|Sleep Clause Mod: Limit one foe put to sleep\n|rule|Illusion Level Mod: Illusion disguises the Pok\u00e9mon's true level\n|\n|t:|1783543167\n|teamsize|p1|6\n|teamsize|p2|6\n|start\n|switch|p1a: Poliwrath|Poliwrath, L88, M|100/100\n|switch|p2a: Raikou|Raikou, L81|278/278\n|-ability|p2a: Raikou|Pressure\n|turn|1\n|inactive|Battle timer is ON: inactive players will automatically lose when time's up. (requested by p0y349a4ed)\n|inactive|p0x3495a3b also wants the timer to be on.\n|\n|t:|1783543169\n|move|p2a: Raikou|Thunderbolt|p1a: Poliwrath\n|-supereffective|p1a: Poliwrath\n|-damage|p1a: Poliwrath|60/100\n|move|p1a: Poliwrath|Knock Off|p2a: Raikou\n|-damage|p2a: Raikou|190/278\n|-enditem|p2a: Raikou|Heavy-Duty Boots|[from] move: Knock Off|[of] p1a: Poliwrath\n|\n|upkeep\n|turn|2\n|inactive|Time left: 300 sec this turn | 300 sec total\n|\n|t:|1783543170\n|move|p2a: Raikou|Thunderbolt|p1a: Poliwrath\n|-supereffective|p1a: Poliwrath\n|-damage|p1a: Poliwrath|14/100\n|move|p1a: Poliwrath|Liquidation|p2a: Raikou\n|-damage|p2a: Raikou|66/278\n|\n|upkeep\n|turn|3\n|inactive|Time left: 300 sec this turn | 300 sec total\n|\n|t:|1783543171\n|switch|p1a: Camerupt|Camerupt, L91, M|100/100\n|move|p2a: Raikou|Volt Switch|p1a: Camerupt\n|-immune|p1a: Camerupt\n|\n|upkeep\n|turn|4\n|inactive|Time left: 300 sec this turn | 300 sec total\n|\n|t:|1783543172\n|move|p2a: Raikou|Scald|p1a: Camerupt\n|-supereffective|p1a: Camerupt\n|-damage|p1a: Camerupt|28/100\n|move|p1a: Camerupt|Earthquake|p2a: Raikou\n|-supereffective|p2a: Raikou\n|-damage|p2a: Raikou|0 fnt\n|faint|p2a: Raikou\n|\n|-heal|p1a: Camerupt|35/100|[from] item: Leftovers\n|upkeep\n|inactive|Time left: 300 sec this turn | 300 sec total | 5 sec grace\n|\n|t:|1783543173\n|switch|p2a: Hitmonchan|Hitmonchan, L87, M|229/229\n|turn|5\n|inactive|Time left: 300 sec this turn | 300 sec total\n|\n|t:|1783543174\n|switch|p1a: Tentacruel|Tentacruel, L84, F|100/100\n|move|p2a: Hitmonchan|Knock Off|p1a: Tentacruel\n|-damage|p1a: Tentacruel|52/100\n|-enditem|p1a: Tentacruel|Leftovers|[from] move: Knock Off|[of] p2a: Hitmonchan\n|-damage|p2a: Hitmonchan|207/229|[from] item: Life Orb\n|\n|upkeep\n|turn|6\n|inactive|Time left: 300 sec this turn | 300 sec total\n|\n|t:|1783543175\n|move|p1a: Tentacruel|Sludge Bomb|p2a: Hitmonchan\n|-crit|p2a: Hitmonchan\n|-damage|p2a: Hitmonchan|102/229\n|move|p2a: Hitmonchan|Swords Dance|p2a: Hitmonchan\n|-boost|p2a: Hitmonchan|atk|2\n|\n|upkeep\n|turn|7\n|inactive|Time left: 300 sec this turn | 300 sec total\n|\n|t:|1783543176\n|move|p1a: Tentacruel|Sludge Bomb|p2a: Hitmonchan\n|-damage|p2a: Hitmonchan|35/229\n|-status|p2a: Hitmonchan|psn\n|move|p2a: Hitmonchan|Knock Off|p1a: Tentacruel\n|-crit|p1a: Tentacruel\n|-damage|p1a: Tentacruel|0 fnt\n|faint|p1a: Tentacruel\n|-damage|p2a: Hitmonchan|13/229 psn|[from] item: Life Orb\n|\n|-damage|p2a: Hitmonchan|0 fnt|[from] psn\n|faint|p2a: Hitmonchan\n|upkeep\n|inactive|Time left: 300 sec this turn | 300 sec total | 5 sec grace\n|\n|t:|1783543178\n|switch|p1a: Dusknoir|Dusknoir, L89, M|100/100\n|switch|p2a: Pyroar|Pyroar, L88, M|295/295\n|-ability|p2a: Pyroar|Unnerve\n|-item|p2a: Pyroar|Heavy-Duty Boots|[from] ability: Frisk|[of] p1a: Dusknoir\n|turn|8\n|inactive|Time left: 300 sec this turn | 300 sec total\n|\n|t:|1783543179\n|move|p2a: Pyroar|Fire Blast|p1a: Dusknoir\n|-damage|p1a: Dusknoir|62/100\n|move|p1a: Dusknoir|Earthquake|p2a: Pyroar\n|-supereffective|p2a: Pyroar\n|-damage|p2a: Pyroar|11/295\n|\n|upkeep\n|turn|9\n|inactive|Time left: 300 sec this turn | 300 sec total\n|\n|t:|1783543180\n|move|p2a: Pyroar|Fire Blast|p1a: Dusknoir|[miss]\n|-miss|p2a: Pyroar|p1a: Dusknoir\n|move|p1a: Dusknoir|Earthquake|p2a: Pyroar\n|-supereffective|p2a: Pyroar\n|-damage|p2a: Pyroar|0 fnt\n|faint|p2a: Pyroar\n|\n|upkeep\n|inactive|Time left: 300 sec this turn | 300 sec total | 5 sec grace\n|\n|t:|1783543181\n|switch|p2a: Vigoroth|Vigoroth, L85, M|275/275\n|turn|10\n|inactive|Time left: 300 sec this turn | 300 sec total\n|\n|t:|1783543182\n|move|p2a: Vigoroth|Bulk Up|p2a: Vigoroth\n|-boost|p2a: Vigoroth|atk|1\n|-boost|p2a: Vigoroth|def|1\n|move|p1a: Dusknoir|Earthquake|p2a: Vigoroth\n|-crit|p2a: Vigoroth\n|-damage|p2a: Vigoroth|155/275\n|\n|upkeep\n|turn|11\n|inactive|Time left: 300 sec this turn | 300 sec total\n|\n|t:|1783543183\n|move|p2a: Vigoroth|Knock Off|p1a: Dusknoir\n|-supereffective|p1a: Dusknoir\n|-damage|p1a: Dusknoir|8/100\n|-enditem|p1a: Dusknoir|Choice Band|[from] move: Knock Off|[of] p2a: Vigoroth\n|move|p1a: Dusknoir|Earthquake|p2a: Vigoroth\n|-damage|p2a: Vigoroth|118/275\n|\n|upkeep\n|turn|12\n|inactive|Time left: 300 sec this turn | 300 sec total\n|\n|t:|1783543184\n|move|p1a: Dusknoir|Shadow Sneak|p2a: Vigoroth\n|-immune|p2a: Vigoroth\n|move|p2a: Vigoroth|Slack Off|p2a: Vigoroth\n|-heal|p2a: Vigoroth|256/275\n|\n|upkeep\n|turn|13\n|inactive|Time left: 300 sec this turn | 300 sec total\n|\n|t:|1783543186\n|move|p1a: Dusknoir|Shadow Sneak|p2a: Vigoroth\n|-immune|p2a: Vigoroth\n|move|p2a: Vigoroth|Bulk Up|p2a: Vigoroth\n|-boost|p2a: Vigoroth|atk|1\n|-boost|p2a: Vigoroth|def|1\n|\n|upkeep\n|turn|14\n|inactive|Time left: 300 sec this turn | 300 sec total\n|\n|t:|1783543187\n|move|p2a: Vigoroth|Knock Off|p1a: Dusknoir\n|-supereffective|p1a: Dusknoir\n|-damage|p1a: Dusknoir|0 fnt\n|faint|p1a: Dusknoir\n|\n|upkeep\n|\n|t:|1783543188\n|switch|p1a: Deoxys|Deoxys-Attack, L72|100/100\n|-ability|p1a: Deoxys|Pressure\n|turn|15\n|inactive|Time left: 300 sec this turn | 300 sec total\n|\n|t:|1783543189\n|-terastallize|p1a: Deoxys|Psychic\n|move|p1a: Deoxys|Psycho Boost|p2a: Vigoroth\n|-damage|p2a: Vigoroth|0 fnt\n|-unboost|p1a: Deoxys|spa|2\n|faint|p2a: Vigoroth\n|-damage|p1a: Deoxys|91/100|[from] item: Life Orb\n|\n|upkeep\n|inactive|Time left: 300 sec this turn | 300 sec total | 5 sec grace\n|\n|t:|1783543190\n|switch|p2a: Okidogi|Okidogi, L77, M|262/262\n|turn|16\n|inactive|Time left: 300 sec this turn | 300 sec total\n|\n|t:|1783543191\n|-terastallize|p2a: Okidogi|Dark\n|move|p1a: Deoxys|Psycho Boost|p2a: Okidogi\n|-immune|p2a: Okidogi\n|move|p2a: Okidogi|Knock Off|p1a: Deoxys\n|-supereffective|p1a: Deoxys\n|-damage|p1a: Deoxys|0 fnt\n|-enditem|p1a: Deoxys|Life Orb|[from] move: Knock Off|[of] p2a: Okidogi\n|faint|p1a: Deoxys\n|\n|upkeep\n|\n|t:|1783543192\n|switch|p1a: Scyther|Scyther, L82, M|100/100\n|turn|17\n|inactive|Time left: 300 sec this turn | 300 sec total\n|\n|t:|1783543193\n|move|p1a: Scyther|Swords Dance|p1a: Scyther\n|-boost|p1a: Scyther|atk|2\n|move|p2a: Okidogi|Gunk Shot|p1a: Scyther\n|-damage|p1a: Scyther|39/100\n|\n|upkeep\n|turn|18\n|inactive|Time left: 300 sec this turn | 300 sec total\n|\n|t:|1783543194\n|move|p1a: Scyther|Bug Bite|p2a: Okidogi\n|-supereffective|p2a: Okidogi\n|-damage|p2a: Okidogi|0 fnt\n|faint|p2a: Okidogi\n|\n|upkeep\n|inactive|Time left: 300 sec this turn | 300 sec total | 5 sec grace\n|\n|t:|1783543195\n|switch|p2a: Hypno|Hypno, L95, F|315/315\n|turn|19\n|inactive|Time left: 300 sec this turn | 300 sec total\n|\n|t:|1783543196\n|move|p1a: Scyther|Bug Bite|p2a: Hypno\n|-supereffective|p2a: Hypno\n|-damage|p2a: Hypno|0 fnt\n|faint|p2a: Hypno\n|\n|win|p0x3495a3b", "uploadtime": 1783543196, "views": 0, "rating": 0, "private": 0, "password": null, "_winner": "p0x3495a3b", "_our_name": "p0y349a4ed"}