{"id": "battle-gen9randombattle-443", "formatid": "gen9randombattle", "format": "[Gen 9] Random Battle", "players": ["p0x443bafe", "p0y4430616"], "log": "|init|battle\n|title|p0x443bafe vs. p0y4430616\n|j|\u2606p0x443bafe\n|j|\u2606p0y4430616\n|t:|1783544206\n|gametype|singles\n|player|p1|p0x443bafe|266|\n|player|p2|p0y4430616|102|\n|gen|9\n|tier|[Gen 9] Random Battle\n|rule|Species Clause: Limit one of each Pok\u00e9mon\n|rule|HP Percentage Mod: HP is shown in percentages\n|rule|Sleep Clause Mod: Limit one foe put to sleep\n|rule|Illusion Level Mod: Illusion disguises the Pok\u00e9mon's true level\n|\n|t:|1783544206\n|teamsize|p1|6\n|teamsize|p2|6\n|start\n|switch|p1a: Magmortar|Magmortar, L88, M|275/275\n|switch|p2a: Floatzel|Floatzel, L86, M|100/100\n|turn|1\n|inactive|Battle timer is ON: inactive players will automatically lose when time's up. (requested by p0y4430616)\n|inactive|Time left: 300 sec this turn | 300 sec total | 60 sec grace\n|inactive|p0x443bafe also wants the timer to be on.\n|\n|t:|1783544208\n|switch|p1a: Ogerpon|Ogerpon-Wellspring, L76, F|247/247\n|move|p2a: Floatzel|Wave Crash|p1a: Ogerpon\n|-immune|p1a: Ogerpon|[from] ability: Water Absorb\n|\n|upkeep\n|turn|2\n|inactive|Time left: 300 sec this turn | 300 sec total\n|\n|t:|1783544209\n|switch|p2a: Archaludon|Archaludon, L78, M|100/100\n|move|p1a: Ogerpon|Swords Dance|p1a: Ogerpon\n|-boost|p1a: Ogerpon|atk|2\n|\n|upkeep\n|turn|3\n|inactive|Time left: 300 sec this turn | 300 sec total\n|\n|t:|1783544210\n|move|p1a: Ogerpon|Swords Dance|p1a: Ogerpon\n|-boost|p1a: Ogerpon|atk|2\n|move|p2a: Archaludon|Outrage|p1a: Ogerpon\n|-damage|p1a: Ogerpon|108/247\n|\n|upkeep\n|turn|4\n|inactive|Time left: 300 sec this turn | 300 sec total\n|\n|t:|1783544211\n|move|p1a: Ogerpon|Knock Off|p2a: Archaludon\n|-crit|p2a: Archaludon\n|-damage|p2a: Archaludon|3/100\n|-ability|p2a: Archaludon|Stamina|boost\n|-boost|p2a: Archaludon|def|1\n|-enditem|p2a: Archaludon|Lum Berry|[from] move: Knock Off|[of] p1a: Ogerpon\n|move|p2a: Archaludon|Outrage|p1a: Ogerpon|[from] lockedmove\n|-damage|p1a: Ogerpon|0 fnt\n|faint|p1a: Ogerpon\n|\n|upkeep\n|inactive|Time left: 300 sec this turn | 300 sec total | 5 sec grace\n|\n|t:|1783544212\n|switch|p1a: Noivern|Noivern, L82, F|274/274\n|turn|5\n|inactive|Time left: 300 sec this turn | 300 sec total\n|\n|t:|1783544213\n|move|p1a: Noivern|Boomburst|p2a: Archaludon\n|-resisted|p2a: Archaludon\n|-damage|p2a: Archaludon|0 fnt\n|faint|p2a: Archaludon\n|\n|upkeep\n|\n|t:|1783544214\n|switch|p2a: Perrserker|Perrserker, L89, M|100/100\n|turn|6\n|inactive|Time left: 300 sec this turn | 300 sec total\n|\n|t:|1783544215\n|move|p1a: Noivern|Boomburst|p2a: Perrserker\n|-resisted|p2a: Perrserker\n|-damage|p2a: Perrserker|70/100\n|move|p2a: Perrserker|Knock Off|p1a: Noivern\n|-damage|p1a: Noivern|91/274\n|-enditem|p1a: Noivern|Choice Specs|[from] move: Knock Off|[of] p2a: Perrserker\n|\n|upkeep\n|turn|7\n|inactive|Time left: 300 sec this turn | 300 sec total\n|\n|t:|1783544216\n|move|p1a: Noivern|Flamethrower|p2a: Perrserker\n|-supereffective|p2a: Perrserker\n|-damage|p2a: Perrserker|20/100\n|move|p2a: Perrserker|Knock Off|p1a: Noivern\n|-damage|p1a: Noivern|0 fnt\n|faint|p1a: Noivern\n|\n|upkeep\n|inactive|Time left: 300 sec this turn | 300 sec total | 5 sec grace\n|\n|t:|1783544217\n|switch|p1a: Overqwil|Overqwil, L82, M|274/274\n|-ability|p1a: Overqwil|Intimidate|boost\n|-unboost|p2a: Perrserker|atk|1\n|turn|8\n|inactive|Time left: 300 sec this turn | 300 sec total\n|\n|t:|1783544218\n|move|p1a: Overqwil|Swords Dance|p1a: Overqwil\n|-boost|p1a: Overqwil|atk|2\n|move|p2a: Perrserker|Knock Off|p1a: Overqwil\n|-resisted|p1a: Overqwil\n|-damage|p1a: Overqwil|225/274\n|-enditem|p1a: Overqwil|Loaded Dice|[from] move: Knock Off|[of] p2a: Perrserker\n|\n|upkeep\n|turn|9\n|inactive|Time left: 300 sec this turn | 300 sec total\n|\n|t:|1783544219\n|move|p1a: Overqwil|Crunch|p2a: Perrserker\n|-damage|p2a: Perrserker|0 fnt\n|faint|p2a: Perrserker\n|\n|upkeep\n|\n|t:|1783544219\n|switch|p2a: Meloetta|Meloetta, L82|100/100\n|turn|10\n|inactive|Time left: 300 sec this turn | 300 sec total\n|\n|t:|1783544220\n|move|p2a: Meloetta|Relic Song|p1a: Overqwil\n|-damage|p1a: Overqwil|56/274\n|-formechange|p2a: Meloetta|Meloetta-Pirouette|[msg]\n|-damage|p2a: Meloetta|91/100|[from] item: Life Orb\n|move|p1a: Overqwil|Gunk Shot|p2a: Meloetta\n|-damage|p2a: Meloetta|0 fnt\n|faint|p2a: Meloetta\n|\n|upkeep\n|\n|t:|1783544221\n|switch|p2a: Floatzel|Floatzel, L86, M|100/100\n|turn|11\n|inactive|Time left: 300 sec this turn | 300 sec total\n|\n|t:|1783544222\n|switch|p1a: Muk|Muk, L86, M|321/321\n|move|p2a: Floatzel|Wave Crash|p1a: Muk\n|-damage|p1a: Muk|161/321\n|-damage|p2a: Floatzel|82/100|[from] Recoil\n|\n|-heal|p2a: Floatzel|88/100|[from] item: Leftovers\n|upkeep\n|turn|12\n|inactive|Time left: 300 sec this turn | 300 sec total\n|\n|t:|1783544223\n|move|p2a: Floatzel|Bulk Up|p2a: Floatzel\n|-boost|p2a: Floatzel|atk|1\n|-boost|p2a: Floatzel|def|1\n|move|p1a: Muk|Knock Off|p2a: Floatzel\n|-damage|p2a: Floatzel|64/100\n|-enditem|p2a: Floatzel|Leftovers|[from] move: Knock Off|[of] p1a: Muk\n|\n|upkeep\n|turn|13\n|inactive|Time left: 300 sec this turn | 300 sec total\n|\n|t:|1783544224\n|switch|p1a: Overqwil|Overqwil, L82, M|56/274\n|-ability|p1a: Overqwil|Intimidate|boost\n|-unboost|p2a: Floatzel|atk|1\n|move|p2a: Floatzel|Wave Crash|p1a: Overqwil\n|-damage|p1a: Overqwil|0 fnt\n|faint|p1a: Overqwil\n|-damage|p2a: Floatzel|57/100|[from] Recoil\n|\n|upkeep\n|inactive|Time left: 300 sec this turn | 300 sec total | 5 sec grace\n|\n|t:|1783544225\n|switch|p1a: Honchkrow|Honchkrow, L86, M|312/312\n|turn|14\n|inactive|Time left: 300 sec this turn | 300 sec total\n|\n|t:|1783544226\n|move|p2a: Floatzel|Ice Spinner|p1a: Honchkrow\n|-supereffective|p1a: Honchkrow\n|-damage|p1a: Honchkrow|136/312\n|move|p1a: Honchkrow|Brave Bird|p2a: Floatzel\n|-damage|p2a: Floatzel|10/100\n|-damage|p1a: Honchkrow|91/312|[from] Recoil\n|\n|upkeep\n|turn|15\n|inactive|Time left: 300 sec this turn | 300 sec total\n|\n|t:|1783544227\n|move|p1a: Honchkrow|Sucker Punch|p2a: Floatzel\n|-crit|p2a: Floatzel\n|-damage|p2a: Floatzel|0 fnt\n|faint|p2a: Floatzel\n|-ability|p1a: Honchkrow|Moxie|boost\n|-boost|p1a: Honchkrow|atk|1\n|\n|upkeep\n|\n|t:|1783544228\n|switch|p2a: Florges|Florges, L85, F|100/100\n|turn|16\n|inactive|Time left: 300 sec this turn | 300 sec total\n|\n|t:|1783544229\n|switch|p1a: Muk|Muk, L86, M|161/321\n|move|p2a: Florges|Moonblast|p1a: Muk\n|-resisted|p1a: Muk\n|-damage|p1a: Muk|128/321\n|\n|upkeep\n|turn|17\n|inactive|Time left: 300 sec this turn | 300 sec total\n|\n|t:|1783544230\n|move|p2a: Florges|Protect|p2a: Florges\n|-singleturn|p2a: Florges|Protect\n|move|p1a: Muk|Poison Jab|p2a: Florges\n|-activate|p2a: Florges|move: Protect\n|\n|upkeep\n|turn|18\n|inactive|Time left: 300 sec this turn | 300 sec total\n|\n|t:|1783544231\n|-terastallize|p2a: Florges|Steel\n|move|p2a: Florges|Calm Mind|p2a: Florges\n|-boost|p2a: Florges|spa|1\n|-boost|p2a: Florges|spd|1\n|move|p1a: Muk|Poison Jab|p2a: Florges\n|-immune|p2a: Florges\n|\n|upkeep\n|turn|19\n|inactive|Time left: 300 sec this turn | 300 sec total\n|\n|t:|1783544233\n|move|p2a: Florges|Protect|p2a: Florges\n|-singleturn|p2a: Florges|Protect\n|move|p1a: Muk|Drain Punch|p2a: Florges\n|-activate|p2a: Florges|move: Protect\n|\n|upkeep\n|turn|20\n|inactive|Time left: 300 sec this turn | 300 sec total\n|\n|t:|1783544234\n|move|p2a: Florges|Calm Mind|p2a: Florges\n|-boost|p2a: Florges|spa|1\n|-boost|p2a: Florges|spd|1\n|move|p1a: Muk|Drain Punch|p2a: Florges\n|-supereffective|p2a: Florges\n|-crit|p2a: Florges\n|-damage|p2a: Florges|20/100\n|-heal|p1a: Muk|237/321|[from] drain|[of] p2a: Florges\n|\n|-heal|p2a: Florges|26/100|[from] item: Leftovers\n|upkeep\n|turn|21\n|inactive|Time left: 300 sec this turn | 300 sec total\n|\n|t:|1783544235\n|move|p2a: Florges|Protect|p2a: Florges\n|-singleturn|p2a: Florges|Protect\n|move|p1a: Muk|Knock Off|p2a: Florges\n|-activate|p2a: Florges|move: Protect\n|\n|-heal|p2a: Florges|32/100|[from] item: Leftovers\n|upkeep\n|turn|22\n|inactive|Time left: 300 sec this turn | 300 sec total\n|\n|t:|1783544236\n|move|p2a: Florges|Moonblast|p1a: Muk\n|-resisted|p1a: Muk\n|-damage|p1a: Muk|163/321\n|-unboost|p1a: Muk|spa|1\n|move|p1a: Muk|Drain Punch|p2a: Florges\n|-supereffective|p2a: Florges\n|-damage|p2a: Florges|0 fnt\n|-heal|p1a: Muk|206/321|[from] drain|[of] p2a: Florges\n|faint|p2a: Florges\n|\n|upkeep\n|\n|t:|1783544237\n|switch|p2a: Breloom|Breloom, L83, F|100/100\n|turn|23\n|inactive|Time left: 300 sec this turn | 300 sec total\n|\n|t:|1783544238\n|move|p2a: Breloom|Swords Dance|p2a: Breloom\n|-boost|p2a: Breloom|atk|2\n|move|p1a: Muk|Poison Jab|p2a: Breloom\n|-supereffective|p2a: Breloom\n|-crit|p2a: Breloom\n|-damage|p2a: Breloom|0 fnt\n|faint|p2a: Breloom\n|\n|win|p0x443bafe", "uploadtime": 1783544238, "views": 0, "rating": 0, "private": 0, "password": null, "_winner": "p0x443bafe", "_our_name": "p0x443bafe"}