{"id": "battle-gen9randombattle-636", "formatid": "gen9randombattle", "format": "[Gen 9] Random Battle", "players": ["p0x6361be6", "p0y6365eb9"], "log": "|init|battle\n|title|p0x6361be6 vs. p0y6365eb9\n|j|\u2606p0x6361be6\n|j|\u2606p0y6365eb9\n|t:|1783547190\n|gametype|singles\n|player|p1|p0x6361be6|1|\n|player|p2|p0y6365eb9|170|\n|gen|9\n|tier|[Gen 9] Random Battle\n|rule|Species Clause: Limit one of each Pok\u00e9mon\n|rule|HP Percentage Mod: HP is shown in percentages\n|rule|Sleep Clause Mod: Limit one foe put to sleep\n|rule|Illusion Level Mod: Illusion disguises the Pok\u00e9mon's true level\n|\n|t:|1783547190\n|teamsize|p1|6\n|teamsize|p2|6\n|start\n|switch|p1a: Emboar|Emboar, L84, F|100/100\n|switch|p2a: Zekrom|Zekrom, L71|259/259\n|-ability|p2a: Zekrom|Teravolt\n|turn|1\n|inactive|Battle timer is ON: inactive players will automatically lose when time's up. (requested by p0x6361be6)\n|inactive|Time left: 300 sec this turn | 300 sec total | 60 sec grace\n|inactive|p0y6365eb9 also wants the timer to be on.\n|\n|t:|1783547191\n|move|p2a: Zekrom|Outrage|p1a: Emboar\n|-damage|p1a: Emboar|51/100\n|move|p1a: Emboar|Bulk Up|p1a: Emboar\n|-boost|p1a: Emboar|atk|1\n|-boost|p1a: Emboar|def|1\n|\n|-heal|p1a: Emboar|57/100|[from] item: Leftovers\n|upkeep\n|turn|2\n|inactive|Time left: 300 sec this turn | 300 sec total\n|\n|t:|1783547192\n|move|p2a: Zekrom|Outrage|p1a: Emboar|[from] lockedmove\n|-damage|p1a: Emboar|22/100\n|-start|p2a: Zekrom|confusion|[fatigue]\n|move|p1a: Emboar|Drain Punch|p2a: Zekrom\n|-damage|p2a: Zekrom|130/259\n|-heal|p1a: Emboar|42/100|[from] drain|[of] p2a: Zekrom\n|\n|-heal|p2a: Zekrom|146/259|[from] item: Leftovers\n|-heal|p1a: Emboar|48/100|[from] item: Leftovers\n|upkeep\n|turn|3\n|inactive|Time left: 300 sec this turn | 300 sec total\n|\n|t:|1783547194\n|switch|p2a: Typhlosion|Typhlosion-Hisui, L83, M|257/257\n|move|p1a: Emboar|Drain Punch|p2a: Typhlosion\n|-immune|p2a: Typhlosion\n|\n|-heal|p1a: Emboar|54/100|[from] item: Leftovers\n|upkeep\n|turn|4\n|inactive|Time left: 300 sec this turn | 300 sec total\n|\n|t:|1783547195\n|move|p2a: Typhlosion|Shadow Ball|p1a: Emboar\n|-damage|p1a: Emboar|17/100\n|-unboost|p1a: Emboar|spd|1\n|move|p1a: Emboar|Trailblaze|p2a: Typhlosion\n|-resisted|p2a: Typhlosion\n|-damage|p2a: Typhlosion|224/257\n|-boost|p1a: Emboar|spe|1\n|\n|-heal|p1a: Emboar|23/100|[from] item: Leftovers\n|upkeep\n|turn|5\n|inactive|Time left: 300 sec this turn | 300 sec total\n|\n|t:|1783547196\n|move|p1a: Emboar|Flare Blitz|p2a: Typhlosion\n|-resisted|p2a: Typhlosion\n|-damage|p2a: Typhlosion|68/257\n|-damage|p1a: Emboar|7/100|[from] Recoil\n|move|p2a: Typhlosion|Shadow Ball|p1a: Emboar\n|-crit|p1a: Emboar\n|-damage|p1a: Emboar|0 fnt\n|faint|p1a: Emboar\n|\n|upkeep\n|\n|t:|1783547197\n|switch|p1a: Dragonite|Dragonite, L74, F|100/100\n|turn|6\n|inactive|Time left: 300 sec this turn | 300 sec total\n|\n|t:|1783547199\n|move|p2a: Typhlosion|Fire Blast|p1a: Dragonite\n|-resisted|p1a: Dragonite\n|-damage|p1a: Dragonite|81/100\n|move|p1a: Dragonite|Dragon Dance|p1a: Dragonite\n|-boost|p1a: Dragonite|atk|1\n|-boost|p1a: Dragonite|spe|1\n|\n|upkeep\n|turn|7\n|inactive|Time left: 300 sec this turn | 300 sec total\n|\n|t:|1783547200\n|switch|p2a: Clodsire|Clodsire, L81, F|343/343\n|move|p1a: Dragonite|Outrage|p2a: Clodsire\n|-damage|p2a: Clodsire|157/343\n|\n|-heal|p2a: Clodsire|178/343|[from] item: Leftovers\n|upkeep\n|turn|8\n|inactive|Time left: 300 sec this turn | 300 sec total\n|\n|t:|1783547201\n|-terastallize|p2a: Clodsire|Steel\n|move|p1a: Dragonite|Outrage|p2a: Clodsire|[from] lockedmove\n|-resisted|p2a: Clodsire\n|-damage|p2a: Clodsire|94/343\n|move|p2a: Clodsire|Recover|p2a: Clodsire\n|-heal|p2a: Clodsire|266/343\n|\n|-heal|p2a: Clodsire|287/343|[from] item: Leftovers\n|upkeep\n|turn|9\n|inactive|Time left: 300 sec this turn | 300 sec total\n|\n|t:|1783547202\n|move|p1a: Dragonite|Outrage|p2a: Clodsire|[from] lockedmove\n|-resisted|p2a: Clodsire\n|-damage|p2a: Clodsire|194/343\n|-start|p1a: Dragonite|confusion|[fatigue]\n|move|p2a: Clodsire|Gunk Shot|p1a: Dragonite\n|-damage|p1a: Dragonite|43/100\n|\n|-heal|p2a: Clodsire|215/343|[from] item: Leftovers\n|upkeep\n|turn|10\n|inactive|Time left: 300 sec this turn | 300 sec total\n|\n|t:|1783547204\n|-activate|p1a: Dragonite|confusion\n|move|p1a: Dragonite|Earthquake|p2a: Clodsire\n|-supereffective|p2a: Clodsire\n|-damage|p2a: Clodsire|17/343\n|move|p2a: Clodsire|Gunk Shot|p1a: Dragonite\n|-damage|p1a: Dragonite|3/100\n|\n|-heal|p2a: Clodsire|38/343|[from] item: Leftovers\n|upkeep\n|turn|11\n|inactive|Time left: 300 sec this turn | 300 sec total\n|\n|t:|1783547205\n|-end|p1a: Dragonite|confusion\n|move|p1a: Dragonite|Outrage|p2a: Clodsire\n|-resisted|p2a: Clodsire\n|-damage|p2a: Clodsire|0 fnt\n|faint|p2a: Clodsire\n|\n|upkeep\n|inactive|Time left: 300 sec this turn | 300 sec total | 5 sec grace\n|\n|t:|1783547206\n|switch|p2a: Snorlax|Snorlax, L82, F|397/397\n|turn|12\n|inactive|Time left: 300 sec this turn | 300 sec total\n|\n|t:|1783547207\n|move|p1a: Dragonite|Outrage|p2a: Snorlax|[from] lockedmove\n|-damage|p2a: Snorlax|168/397\n|move|p2a: Snorlax|Body Slam|p1a: Dragonite\n|-damage|p1a: Dragonite|0 fnt\n|faint|p1a: Dragonite\n|\n|-heal|p2a: Snorlax|192/397|[from] item: Leftovers\n|upkeep\n|\n|t:|1783547208\n|switch|p1a: Crabominable|Crabominable, L90, M|100/100\n|turn|13\n|inactive|Time left: 300 sec this turn | 300 sec total\n|\n|t:|1783547209\n|switch|p2a: Typhlosion|Typhlosion-Hisui, L83, M|68/257\n|move|p1a: Crabominable|Drain Punch|p2a: Typhlosion\n|-immune|p2a: Typhlosion\n|\n|upkeep\n|turn|14\n|inactive|Time left: 300 sec this turn | 300 sec total\n|\n|t:|1783547210\n|-terastallize|p1a: Crabominable|Ground\n|move|p2a: Typhlosion|Fire Blast|p1a: Crabominable\n|-damage|p1a: Crabominable|53/100\n|move|p1a: Crabominable|Earthquake|p2a: Typhlosion\n|-supereffective|p2a: Typhlosion\n|-damage|p2a: Typhlosion|0 fnt\n|faint|p2a: Typhlosion\n|\n|upkeep\n|inactive|Time left: 300 sec this turn | 300 sec total | 5 sec grace\n|\n|t:|1783547211\n|switch|p2a: Whiscash|Whiscash, L88, F|337/337\n|turn|15\n|inactive|Time left: 300 sec this turn | 300 sec total\n|\n|t:|1783547212\n|switch|p1a: Grimmsnarl|Grimmsnarl, L83, M|100/100\n|move|p2a: Whiscash|Liquidation|p1a: Grimmsnarl\n|-damage|p1a: Grimmsnarl|53/100\n|-damage|p2a: Whiscash|304/337|[from] item: Life Orb\n|\n|-heal|p1a: Grimmsnarl|60/100|[from] item: Leftovers\n|upkeep\n|turn|16\n|inactive|Time left: 300 sec this turn | 300 sec total\n|\n|t:|1783547213\n|move|p2a: Whiscash|Dragon Dance|p2a: Whiscash\n|-boost|p2a: Whiscash|atk|1\n|-boost|p2a: Whiscash|spe|1\n|move|p1a: Grimmsnarl|Spirit Break|p2a: Whiscash\n|-damage|p2a: Whiscash|211/337\n|-unboost|p2a: Whiscash|spa|1\n|\n|-heal|p1a: Grimmsnarl|66/100|[from] item: Leftovers\n|upkeep\n|turn|17\n|inactive|Time left: 300 sec this turn | 300 sec total\n|\n|t:|1783547214\n|move|p1a: Grimmsnarl|Parting Shot|p2a: Whiscash\n|-unboost|p2a: Whiscash|atk|1\n|-unboost|p2a: Whiscash|spa|1\n|\n|t:|1783547215\n|switch|p1a: Crabominable|Crabominable, L90, M, tera:Ground|53/100|[from] Parting Shot\n|move|p2a: Whiscash|Liquidation|p1a: Crabominable\n|-supereffective|p1a: Crabominable\n|-damage|p1a: Crabominable|0 fnt\n|faint|p1a: Crabominable\n|-damage|p2a: Whiscash|178/337|[from] item: Life Orb\n|\n|upkeep\n|\n|t:|1783547216\n|switch|p1a: Grimmsnarl|Grimmsnarl, L83, M|66/100\n|turn|18\n|inactive|Time left: 300 sec this turn | 300 sec total\n|\n|t:|1783547217\n|move|p2a: Whiscash|Earthquake|p1a: Grimmsnarl\n|-damage|p1a: Grimmsnarl|15/100\n|-damage|p2a: Whiscash|145/337|[from] item: Life Orb\n|move|p1a: Grimmsnarl|Spirit Break|p2a: Whiscash\n|-damage|p2a: Whiscash|36/337\n|-unboost|p2a: Whiscash|spa|1\n|\n|-heal|p1a: Grimmsnarl|21/100|[from] item: Leftovers\n|upkeep\n|turn|19\n|inactive|Time left: 300 sec this turn | 300 sec total\n|\n|t:|1783547218\n|move|p1a: Grimmsnarl|Sucker Punch|p2a: Whiscash\n|-damage|p2a: Whiscash|0 fnt\n|faint|p2a: Whiscash\n|\n|-heal|p1a: Grimmsnarl|27/100|[from] item: Leftovers\n|upkeep\n|inactive|Time left: 300 sec this turn | 300 sec total | 5 sec grace\n|\n|t:|1783547219\n|switch|p2a: Zekrom|Zekrom, L71|146/259\n|-ability|p2a: Zekrom|Teravolt\n|turn|20\n|inactive|Time left: 300 sec this turn | 300 sec total\n|\n|t:|1783547220\n|move|p2a: Zekrom|Bolt Strike|p1a: Grimmsnarl\n|-damage|p1a: Grimmsnarl|0 fnt\n|faint|p1a: Grimmsnarl\n|\n|-heal|p2a: Zekrom|162/259|[from] item: Leftovers\n|upkeep\n|\n|t:|1783547221\n|switch|p1a: Ribombee|Ribombee, L83, M|100/100\n|turn|21\n|inactive|Time left: 300 sec this turn | 300 sec total\n|\n|t:|1783547222\n|switch|p2a: Ursaring|Ursaring, L84, M|288/288\n|move|p1a: Ribombee|Moonblast|p2a: Ursaring\n|-damage|p2a: Ursaring|179/288\n|\n|-status|p2a: Ursaring|tox|[from] item: Toxic Orb\n|upkeep\n|turn|22\n|inactive|Time left: 300 sec this turn | 300 sec total\n|\n|t:|1783547222\n|switch|p1a: Thundurus|Thundurus, L80, M|100/100\n|move|p2a: Ursaring|Facade|p1a: Thundurus\n|-damage|p1a: Thundurus|14/100\n|\n|-damage|p2a: Ursaring|161/288 tox|[from] psn\n|upkeep\n|turn|23\n|inactive|Time left: 300 sec this turn | 300 sec total\n|\n|t:|1783547224\n|move|p1a: Thundurus|Thunderbolt|p2a: Ursaring\n|-damage|p2a: Ursaring|31/288 tox\n|move|p2a: Ursaring|Facade|p1a: Thundurus\n|-damage|p1a: Thundurus|0 fnt\n|faint|p1a: Thundurus\n|\n|-damage|p2a: Ursaring|0 fnt|[from] psn\n|faint|p2a: Ursaring\n|upkeep\n|inactive|Time left: 300 sec this turn | 300 sec total | 5 sec grace\n|\n|t:|1783547225\n|switch|p1a: Ribombee|Ribombee, L83, M|100/100\n|switch|p2a: Snorlax|Snorlax, L82, F|192/397\n|turn|24\n|inactive|Time left: 300 sec this turn | 300 sec total\n|\n|t:|1783547226\n|move|p1a: Ribombee|Moonblast|p2a: Snorlax\n|-damage|p2a: Snorlax|105/397\n|move|p2a: Snorlax|Body Slam|p1a: Ribombee\n|-damage|p1a: Ribombee|44/100\n|\n|-heal|p2a: Snorlax|129/397|[from] item: Leftovers\n|upkeep\n|turn|25\n|inactive|Time left: 300 sec this turn | 300 sec total\n|\n|t:|1783547227\n|move|p1a: Ribombee|Tera Blast|p2a: Snorlax\n|-damage|p2a: Snorlax|81/397\n|move|p2a: Snorlax|Body Slam|p1a: Ribombee\n|-damage|p1a: Ribombee|0 fnt\n|faint|p1a: Ribombee\n|\n|win|p0y6365eb9", "uploadtime": 1783547227, "views": 0, "rating": 0, "private": 0, "password": null, "_winner": "p0y6365eb9", "_our_name": "p0y6365eb9"}