{"id": "battle-gen9randombattle-1818", "formatid": "gen9randombattle", "format": "[Gen 9] Random Battle", "players": ["p0x1818da53", "p0y18182079"], "log": "|init|battle\n|title|p0x1818da53 vs. p0y18182079\n|j|\u2606p0x1818da53\n|j|\u2606p0y18182079\n|t:|1783560288\n|gametype|singles\n|player|p1|p0x1818da53|2|\n|player|p2|p0y18182079|101|\n|gen|9\n|tier|[Gen 9] Random Battle\n|rule|Species Clause: Limit one of each Pok\u00e9mon\n|rule|HP Percentage Mod: HP is shown in percentages\n|rule|Sleep Clause Mod: Limit one foe put to sleep\n|rule|Illusion Level Mod: Illusion disguises the Pok\u00e9mon's true level\n|\n|t:|1783560288\n|teamsize|p1|6\n|teamsize|p2|6\n|start\n|switch|p1a: Regigigas|Regigigas, L84|100/100\n|switch|p2a: Vileplume|Vileplume, L85, M|266/266\n|-start|p1a: Regigigas|ability: Slow Start\n|turn|1\n|inactive|Battle timer is ON: inactive players will automatically lose when time's up. (requested by p0x1818da53)\n|inactive|Time left: 300 sec this turn | 300 sec total | 60 sec grace\n|inactive|p0y18182079 also wants the timer to be on.\n|\n|t:|1783560289\n|switch|p1a: Rampardos|Rampardos, L90, M|100/100\n|move|p2a: Vileplume|Giga Drain|p1a: Rampardos\n|-supereffective|p1a: Rampardos\n|-damage|p1a: Rampardos|20/100\n|\n|upkeep\n|turn|2\n|inactive|Time left: 300 sec this turn | 300 sec total\n|\n|t:|1783560290\n|-terastallize|p2a: Vileplume|Water\n|move|p1a: Rampardos|Fire Punch|p2a: Vileplume\n|-resisted|p2a: Vileplume\n|-damage|p2a: Vileplume|189/266\n|-status|p1a: Rampardos|psn|[from] ability: Effect Spore|[of] p2a: Vileplume\n|move|p2a: Vileplume|Strength Sap|p1a: Rampardos\n|-unboost|p1a: Rampardos|atk|1\n|-heal|p2a: Vileplume|266/266\n|\n|-damage|p1a: Rampardos|8/100 psn|[from] psn\n|upkeep\n|turn|3\n|inactive|Time left: 300 sec this turn | 300 sec total\n|\n|t:|1783560291\n|move|p1a: Rampardos|Rock Slide|p2a: Vileplume\n|-damage|p2a: Vileplume|97/266\n|move|p2a: Vileplume|Sludge Bomb|p1a: Rampardos\n|-resisted|p1a: Rampardos\n|-damage|p1a: Rampardos|0 fnt\n|faint|p1a: Rampardos\n|\n|-heal|p2a: Vileplume|113/266|[from] item: Leftovers\n|upkeep\n|\n|t:|1783560292\n|switch|p1a: Iron Boulder|Iron Boulder, L77|100/100\n|turn|4\n|inactive|Time left: 300 sec this turn | 300 sec total\n|\n|t:|1783560294\n|move|p1a: Iron Boulder|Mighty Cleave|p2a: Vileplume\n|-damage|p2a: Vileplume|0 fnt\n|-status|p1a: Iron Boulder|par|[from] ability: Effect Spore|[of] p2a: Vileplume\n|faint|p2a: Vileplume\n|-damage|p1a: Iron Boulder|91/100 par|[from] item: Life Orb\n|\n|upkeep\n|inactive|Time left: 300 sec this turn | 300 sec total | 5 sec grace\n|\n|t:|1783560295\n|switch|p2a: Arboliva|Arboliva, L91, M|290/290\n|turn|5\n|inactive|Time left: 300 sec this turn | 300 sec total\n|\n|t:|1783560296\n|move|p2a: Arboliva|Energy Ball|p1a: Iron Boulder\n|-supereffective|p1a: Iron Boulder\n|-damage|p1a: Iron Boulder|0 fnt\n|faint|p1a: Iron Boulder\n|-end|p1a: Iron Boulder|Quark Drive|[silent]\n|\n|upkeep\n|\n|t:|1783560297\n|switch|p1a: Cetitan|Cetitan, L82, F|100/100\n|turn|6\n|inactive|Time left: 300 sec this turn | 300 sec total\n|\n|t:|1783560298\n|switch|p2a: Entei|Entei, L78|307/307\n|move|p1a: Cetitan|Belly Drum|p1a: Cetitan\n|-damage|p1a: Cetitan|50/100\n|-setboost|p1a: Cetitan|atk|6|[from] move: Belly Drum\n|-enditem|p1a: Cetitan|Sitrus Berry|[eat]\n|-heal|p1a: Cetitan|75/100|[from] item: Sitrus Berry\n|\n|upkeep\n|turn|7\n|inactive|Time left: 300 sec this turn | 300 sec total\n|\n|t:|1783560300\n|move|p2a: Entei|Flare Blitz|p1a: Cetitan\n|-supereffective|p1a: Cetitan\n|-damage|p1a: Cetitan|14/100\n|-status|p1a: Cetitan|brn\n|-damage|p2a: Entei|224/307|[from] Recoil\n|move|p1a: Cetitan|Earthquake|p2a: Entei\n|-supereffective|p2a: Entei\n|-damage|p2a: Entei|0 fnt\n|faint|p2a: Entei\n|\n|-damage|p1a: Cetitan|8/100 brn|[from] brn\n|upkeep\n|inactive|Time left: 300 sec this turn | 300 sec total | 5 sec grace\n|\n|t:|1783560301\n|switch|p2a: Volbeat|Volbeat, L90, M|263/263\n|turn|8\n|inactive|Time left: 300 sec this turn | 300 sec total\n|\n|t:|1783560302\n|move|p1a: Cetitan|Ice Shard|p2a: Volbeat\n|-damage|p2a: Volbeat|166/263\n|move|p2a: Volbeat|U-turn|p1a: Cetitan\n|-damage|p1a: Cetitan|0 fnt\n|faint|p1a: Cetitan\n|inactive|Time left: 300 sec this turn | 300 sec total | 5 sec grace\n|\n|t:|1783560303\n|switch|p2a: Ursaring|Ursaring, L84, F|288/288|[from] U-turn\n|\n|-status|p2a: Ursaring|tox|[from] item: Toxic Orb\n|upkeep\n|\n|t:|1783560304\n|switch|p1a: Sceptile|Sceptile, L87, F|100/100\n|turn|9\n|inactive|Time left: 300 sec this turn | 300 sec total\n|\n|t:|1783560305\n|move|p1a: Sceptile|Focus Blast|p2a: Ursaring\n|-supereffective|p2a: Ursaring\n|-damage|p2a: Ursaring|0 fnt\n|faint|p2a: Ursaring\n|-damage|p1a: Sceptile|91/100|[from] item: Life Orb\n|\n|upkeep\n|inactive|Time left: 300 sec this turn | 300 sec total | 5 sec grace\n|\n|t:|1783560306\n|switch|p2a: Arboliva|Arboliva, L91, M|290/290\n|turn|10\n|inactive|Time left: 300 sec this turn | 300 sec total\n|\n|t:|1783560307\n|switch|p1a: Dragalge|Dragalge, L88, F|100/100\n|move|p2a: Arboliva|Hyper Voice|p1a: Dragalge\n|-damage|p1a: Dragalge|77/100\n|\n|upkeep\n|turn|11\n|inactive|Time left: 300 sec this turn | 300 sec total\n|\n|t:|1783560308\n|switch|p2a: Clodsire|Clodsire, L81, F|343/343\n|move|p1a: Dragalge|Sludge Wave|p2a: Clodsire\n|-resisted|p2a: Clodsire\n|-damage|p2a: Clodsire|308/343\n|\n|-heal|p2a: Clodsire|329/343|[from] item: Leftovers\n|upkeep\n|turn|12\n|inactive|Time left: 300 sec this turn | 300 sec total\n|\n|t:|1783560310\n|move|p2a: Clodsire|Earthquake|p1a: Dragalge\n|-supereffective|p1a: Dragalge\n|-damage|p1a: Dragalge|16/100\n|move|p1a: Dragalge|Dragon Tail|p2a: Clodsire\n|-damage|p2a: Clodsire|217/343\n|drag|p2a: Volbeat|Volbeat, L90, M|166/263\n|\n|upkeep\n|turn|13\n|inactive|Time left: 300 sec this turn | 300 sec total\n|\n|t:|1783560311\n|move|p2a: Volbeat|Roost|p2a: Volbeat\n|-heal|p2a: Volbeat|263/263\n|-singleturn|p2a: Volbeat|move: Roost\n|move|p1a: Dragalge|Sludge Wave|p2a: Volbeat\n|-damage|p2a: Volbeat|109/263\n|\n|upkeep\n|turn|14\n|inactive|Time left: 300 sec this turn | 300 sec total\n|\n|t:|1783560312\n|move|p2a: Volbeat|Roost|p2a: Volbeat\n|-heal|p2a: Volbeat|241/263\n|-singleturn|p2a: Volbeat|move: Roost\n|move|p1a: Dragalge|Sludge Wave|p2a: Volbeat\n|-damage|p2a: Volbeat|97/263\n|\n|upkeep\n|turn|15\n|inactive|Time left: 300 sec this turn | 300 sec total\n|\n|t:|1783560313\n|move|p2a: Volbeat|Roost|p2a: Volbeat\n|-heal|p2a: Volbeat|229/263\n|-singleturn|p2a: Volbeat|move: Roost\n|move|p1a: Dragalge|Sludge Wave|p2a: Volbeat\n|-damage|p2a: Volbeat|81/263\n|-status|p2a: Volbeat|psn\n|\n|-damage|p2a: Volbeat|49/263 psn|[from] psn\n|upkeep\n|turn|16\n|inactive|Time left: 300 sec this turn | 300 sec total\n|\n|t:|1783560314\n|move|p2a: Volbeat|Roost|p2a: Volbeat\n|-heal|p2a: Volbeat|181/263 psn\n|-singleturn|p2a: Volbeat|move: Roost\n|move|p1a: Dragalge|Sludge Wave|p2a: Volbeat\n|-damage|p2a: Volbeat|29/263 psn\n|\n|-damage|p2a: Volbeat|0 fnt|[from] psn\n|faint|p2a: Volbeat\n|upkeep\n|inactive|Time left: 300 sec this turn | 300 sec total | 5 sec grace\n|\n|t:|1783560315\n|switch|p2a: Clodsire|Clodsire, L81, F|217/343\n|turn|17\n|inactive|Time left: 300 sec this turn | 300 sec total\n|\n|t:|1783560316\n|move|p1a: Dragalge|Draco Meteor|p2a: Clodsire\n|-damage|p2a: Clodsire|41/343\n|-unboost|p1a: Dragalge|spa|2\n|move|p2a: Clodsire|Recover|p2a: Clodsire\n|-heal|p2a: Clodsire|213/343\n|\n|-heal|p2a: Clodsire|234/343|[from] item: Leftovers\n|upkeep\n|turn|18\n|inactive|Time left: 300 sec this turn | 300 sec total\n|\n|t:|1783560317\n|switch|p1a: Regigigas|Regigigas, L84|100/100\n|-start|p1a: Regigigas|ability: Slow Start\n|move|p2a: Clodsire|Gunk Shot|p1a: Regigigas\n|-damage|p1a: Regigigas|76/100\n|\n|-heal|p1a: Regigigas|82/100|[from] item: Leftovers\n|-heal|p2a: Clodsire|255/343|[from] item: Leftovers\n|upkeep\n|turn|19\n|inactive|Time left: 300 sec this turn | 300 sec total\n|\n|t:|1783560318\n|move|p1a: Regigigas|Knock Off|p2a: Clodsire\n|-damage|p2a: Clodsire|183/343\n|-enditem|p2a: Clodsire|Leftovers|[from] move: Knock Off|[of] p1a: Regigigas\n|move|p2a: Clodsire|Recover|p2a: Clodsire\n|-heal|p2a: Clodsire|343/343\n|\n|-heal|p1a: Regigigas|89/100|[from] item: Leftovers\n|upkeep\n|turn|20\n|inactive|Time left: 300 sec this turn | 300 sec total\n|\n|t:|1783560319\n|move|p1a: Regigigas|Body Slam|p2a: Clodsire\n|-damage|p2a: Clodsire|244/343\n|move|p2a: Clodsire|Curse|p2a: Clodsire\n|-unboost|p2a: Clodsire|spe|1\n|-boost|p2a: Clodsire|atk|1\n|-boost|p2a: Clodsire|def|1\n|\n|-heal|p1a: Regigigas|95/100|[from] item: Leftovers\n|upkeep\n|turn|21\n|inactive|Time left: 300 sec this turn | 300 sec total\n|\n|t:|1783560320\n|move|p1a: Regigigas|Body Slam|p2a: Clodsire\n|-damage|p2a: Clodsire|184/343\n|move|p2a: Clodsire|Earthquake|p1a: Regigigas\n|-damage|p1a: Regigigas|63/100\n|\n|-heal|p1a: Regigigas|69/100|[from] item: Leftovers\n|upkeep\n|turn|22\n|inactive|Time left: 300 sec this turn | 300 sec total\n|\n|t:|1783560321\n|move|p1a: Regigigas|Body Slam|p2a: Clodsire\n|-damage|p2a: Clodsire|120/343\n|move|p2a: Clodsire|Recover|p2a: Clodsire\n|-heal|p2a: Clodsire|292/343\n|\n|-heal|p1a: Regigigas|76/100|[from] item: Leftovers\n|upkeep\n|turn|23\n|inactive|Time left: 300 sec this turn | 300 sec total\n|\n|t:|1783560322\n|move|p1a: Regigigas|Body Slam|p2a: Clodsire\n|-damage|p2a: Clodsire|234/343\n|move|p2a: Clodsire|Curse|p2a: Clodsire\n|-unboost|p2a: Clodsire|spe|1\n|-boost|p2a: Clodsire|atk|1\n|-boost|p2a: Clodsire|def|1\n|\n|-heal|p1a: Regigigas|82/100|[from] item: Leftovers\n|-end|p1a: Regigigas|Slow Start\n|upkeep\n|turn|24\n|inactive|Time left: 300 sec this turn | 300 sec total\n|\n|t:|1783560323\n|move|p1a: Regigigas|Body Slam|p2a: Clodsire\n|-damage|p2a: Clodsire|135/343\n|move|p2a: Clodsire|Recover|p2a: Clodsire\n|-heal|p2a: Clodsire|307/343\n|\n|-heal|p1a: Regigigas|88/100|[from] item: Leftovers\n|upkeep\n|turn|25\n|inactive|Time left: 300 sec this turn | 300 sec total\n|\n|t:|1783560325\n|move|p1a: Regigigas|Body Slam|p2a: Clodsire\n|-damage|p2a: Clodsire|213/343\n|move|p2a: Clodsire|Earthquake|p1a: Regigigas\n|-damage|p1a: Regigigas|44/100\n|\n|-heal|p1a: Regigigas|50/100|[from] item: Leftovers\n|upkeep\n|turn|26\n|inactive|Time left: 300 sec this turn | 300 sec total\n|\n|t:|1783560326\n|move|p1a: Regigigas|Body Slam|p2a: Clodsire\n|-damage|p2a: Clodsire|114/343\n|move|p2a: Clodsire|Recover|p2a: Clodsire\n|-heal|p2a: Clodsire|286/343\n|\n|-heal|p1a: Regigigas|56/100|[from] item: Leftovers\n|upkeep\n|turn|27\n|inactive|Time left: 300 sec this turn | 300 sec total\n|\n|t:|1783560327\n|move|p1a: Regigigas|Body Slam|p2a: Clodsire\n|-damage|p2a: Clodsire|196/343\n|move|p2a: Clodsire|Earthquake|p1a: Regigigas\n|-damage|p1a: Regigigas|16/100\n|\n|-heal|p1a: Regigigas|22/100|[from] item: Leftovers\n|upkeep\n|turn|28\n|inactive|Time left: 300 sec this turn | 300 sec total\n|\n|t:|1783560328\n|move|p1a: Regigigas|Body Slam|p2a: Clodsire\n|-damage|p2a: Clodsire|108/343\n|-status|p2a: Clodsire|par\n|move|p2a: Clodsire|Earthquake|p1a: Regigigas\n|-damage|p1a: Regigigas|0 fnt\n|faint|p1a: Regigigas\n|-end|p1a: Regigigas|Slow Start|[silent]\n|\n|upkeep\n|\n|t:|1783560329\n|switch|p1a: Sceptile|Sceptile, L87, F|91/100\n|turn|29\n|inactive|Time left: 300 sec this turn | 300 sec total\n|\n|t:|1783560330\n|move|p1a: Sceptile|Earthquake|p2a: Clodsire\n|-supereffective|p2a: Clodsire\n|-damage|p2a: Clodsire|0 fnt\n|faint|p2a: Clodsire\n|-damage|p1a: Sceptile|81/100|[from] item: Life Orb\n|\n|upkeep\n|inactive|Time left: 300 sec this turn | 300 sec total | 5 sec grace\n|\n|t:|1783560331\n|switch|p2a: Arboliva|Arboliva, L91, M|290/290\n|turn|30\n|inactive|Time left: 300 sec this turn | 300 sec total\n|\n|t:|1783560332\n|move|p1a: Sceptile|Focus Blast|p2a: Arboliva\n|-supereffective|p2a: Arboliva\n|-damage|p2a: Arboliva|105/290\n|-fieldstart|move: Grassy Terrain|[from] ability: Seed Sower|[of] p2a: Arboliva\n|-damage|p1a: Sceptile|71/100|[from] item: Life Orb\n|move|p2a: Arboliva|Strength Sap|p1a: Sceptile\n|-unboost|p1a: Sceptile|atk|1\n|-heal|p2a: Arboliva|290/290\n|\n|-heal|p1a: Sceptile|77/100|[from] Grassy Terrain\n|upkeep\n|turn|31\n|inactive|Time left: 300 sec this turn | 300 sec total\n|\n|t:|1783560333\n|move|p1a: Sceptile|Focus Blast|p2a: Arboliva\n|-supereffective|p2a: Arboliva\n|-crit|p2a: Arboliva\n|-damage|p2a: Arboliva|12/290\n|-damage|p1a: Sceptile|67/100|[from] item: Life Orb\n|move|p2a: Arboliva|Strength Sap|p1a: Sceptile\n|-unboost|p1a: Sceptile|atk|1\n|-heal|p2a: Arboliva|144/290\n|\n|-heal|p1a: Sceptile|73/100|[from] Grassy Terrain\n|-heal|p2a: Arboliva|162/290|[from] Grassy Terrain\n|-heal|p2a: Arboliva|180/290|[from] item: Leftovers\n|upkeep\n|turn|32\n|inactive|Time left: 300 sec this turn | 300 sec total\n|\n|t:|1783560334\n|move|p1a: Sceptile|Focus Blast|p2a: Arboliva\n|-supereffective|p2a: Arboliva\n|-damage|p2a: Arboliva|0 fnt\n|faint|p2a: Arboliva\n|-damage|p1a: Sceptile|63/100|[from] item: Life Orb\n|\n|win|p0x1818da53", "uploadtime": 1783560334, "views": 0, "rating": 0, "private": 0, "password": null, "_winner": "p0x1818da53", "_our_name": "p0y18182079"}