{"id": "battle-gen9randombattle-2543", "formatid": "gen9randombattle", "format": "[Gen 9] Random Battle", "players": ["p0x2543c8f8", "p0y25433720"], "log": "|init|battle\n|title|p0x2543c8f8 vs. p0y25433720\n|j|\u2606p0x2543c8f8\n|j|\u2606p0y25433720\n|t:|1783568467\n|gametype|singles\n|player|p1|p0x2543c8f8|2|\n|player|p2|p0y25433720|170|\n|gen|9\n|tier|[Gen 9] Random Battle\n|rule|Species Clause: Limit one of each Pok\u00e9mon\n|rule|HP Percentage Mod: HP is shown in percentages\n|rule|Sleep Clause Mod: Limit one foe put to sleep\n|rule|Illusion Level Mod: Illusion disguises the Pok\u00e9mon's true level\n|\n|t:|1783568467\n|teamsize|p1|6\n|teamsize|p2|6\n|start\n|switch|p1a: Oranguru|Oranguru, L92, F|315/315\n|switch|p2a: Orthworm|Orthworm, L88, M|100/100\n|turn|1\n|inactive|Battle timer is ON: inactive players will automatically lose when time's up. (requested by p0x2543c8f8)\n|inactive|p0y25433720 also wants the timer to be on.\n|\n|t:|1783568469\n|move|p2a: Orthworm|Heavy Slam|p1a: Oranguru\n|-damage|p1a: Oranguru|203/315\n|move|p1a: Oranguru|Focus Blast|p2a: Orthworm|[miss]\n|-miss|p1a: Oranguru|p2a: Orthworm\n|\n|upkeep\n|turn|2\n|inactive|Time left: 300 sec this turn | 300 sec total\n|\n|t:|1783568470\n|switch|p2a: Dragalge|Dragalge, L88, F|100/100\n|move|p1a: Oranguru|Focus Blast|p2a: Dragalge|[miss]\n|-miss|p1a: Oranguru|p2a: Dragalge\n|\n|upkeep\n|turn|3\n|inactive|Time left: 300 sec this turn | 300 sec total\n|\n|t:|1783568471\n|move|p1a: Oranguru|Focus Blast|p2a: Dragalge\n|-resisted|p2a: Dragalge\n|-damage|p2a: Dragalge|82/100\n|move|p2a: Dragalge|Draco Meteor|p1a: Oranguru\n|-damage|p1a: Oranguru|0 fnt\n|-unboost|p2a: Dragalge|spa|2\n|faint|p1a: Oranguru\n|\n|upkeep\n|inactive|Time left: 300 sec this turn | 300 sec total | 5 sec grace\n|\n|t:|1783568472\n|switch|p1a: Oricorio|Oricorio-Sensu, L85, F|266/266\n|turn|4\n|inactive|Time left: 300 sec this turn | 300 sec total\n|\n|t:|1783568473\n|move|p1a: Oricorio|Quiver Dance|p1a: Oricorio\n|-boost|p1a: Oricorio|spa|1\n|-boost|p1a: Oricorio|spd|1\n|-boost|p1a: Oricorio|spe|1\n|move|p2a: Dragalge|Draco Meteor|p1a: Oricorio\n|-damage|p1a: Oricorio|140/266\n|-unboost|p2a: Dragalge|spa|2\n|\n|upkeep\n|turn|5\n|inactive|Time left: 300 sec this turn | 300 sec total\n|\n|t:|1783568474\n|move|p1a: Oricorio|Hurricane|p2a: Dragalge\n|-damage|p2a: Dragalge|31/100\n|-start|p2a: Dragalge|confusion\n|-activate|p2a: Dragalge|confusion\n|move|p2a: Dragalge|Draco Meteor|p1a: Oricorio\n|-damage|p1a: Oricorio|64/266\n|-unboost|p2a: Dragalge|spa|2\n|\n|upkeep\n|turn|6\n|inactive|Time left: 300 sec this turn | 300 sec total\n|\n|t:|1783568474\n|switch|p2a: Garganacl|Garganacl, L80, M|100/100\n|move|p1a: Oricorio|Quiver Dance|p1a: Oricorio\n|-boost|p1a: Oricorio|spa|1\n|-boost|p1a: Oricorio|spd|1\n|-boost|p1a: Oricorio|spe|1\n|\n|upkeep\n|turn|7\n|inactive|Time left: 300 sec this turn | 300 sec total\n|\n|t:|1783568475\n|move|p1a: Oricorio|Roost|p1a: Oricorio\n|-heal|p1a: Oricorio|197/266\n|-singleturn|p1a: Oricorio|move: Roost\n|move|p2a: Garganacl|Salt Cure|p1a: Oricorio\n|-damage|p1a: Oricorio|152/266\n|-start|p1a: Oricorio|Salt Cure\n|\n|-damage|p1a: Oricorio|119/266|[from] Salt Cure\n|upkeep\n|turn|8\n|inactive|Time left: 300 sec this turn | 300 sec total\n|\n|t:|1783568476\n|move|p1a: Oricorio|Roost|p1a: Oricorio\n|-heal|p1a: Oricorio|252/266\n|-singleturn|p1a: Oricorio|move: Roost\n|move|p2a: Garganacl|Salt Cure|p1a: Oricorio\n|-damage|p1a: Oricorio|206/266\n|\n|-damage|p1a: Oricorio|173/266|[from] Salt Cure\n|upkeep\n|turn|9\n|inactive|Time left: 300 sec this turn | 300 sec total\n|\n|t:|1783568477\n|move|p1a: Oricorio|Roost|p1a: Oricorio\n|-heal|p1a: Oricorio|266/266\n|-singleturn|p1a: Oricorio|move: Roost\n|move|p2a: Garganacl|Salt Cure|p1a: Oricorio\n|-damage|p1a: Oricorio|217/266\n|\n|-damage|p1a: Oricorio|184/266|[from] Salt Cure\n|upkeep\n|turn|10\n|inactive|Time left: 300 sec this turn | 300 sec total\n|\n|t:|1783568478\n|move|p1a: Oricorio|Roost|p1a: Oricorio\n|-heal|p1a: Oricorio|266/266\n|-singleturn|p1a: Oricorio|move: Roost\n|move|p2a: Garganacl|Salt Cure|p1a: Oricorio\n|-damage|p1a: Oricorio|220/266\n|\n|-damage|p1a: Oricorio|187/266|[from] Salt Cure\n|upkeep\n|turn|11\n|inactive|Time left: 300 sec this turn | 300 sec total\n|\n|t:|1783568479\n|move|p1a: Oricorio|Roost|p1a: Oricorio\n|-heal|p1a: Oricorio|266/266\n|-singleturn|p1a: Oricorio|move: Roost\n|move|p2a: Garganacl|Salt Cure|p1a: Oricorio\n|-crit|p1a: Oricorio\n|-damage|p1a: Oricorio|191/266\n|\n|-damage|p1a: Oricorio|158/266|[from] Salt Cure\n|upkeep\n|turn|12\n|inactive|Time left: 300 sec this turn | 300 sec total\n|\n|t:|1783568480\n|move|p1a: Oricorio|Roost|p1a: Oricorio\n|-heal|p1a: Oricorio|266/266\n|-singleturn|p1a: Oricorio|move: Roost\n|move|p2a: Garganacl|Salt Cure|p1a: Oricorio\n|-damage|p1a: Oricorio|218/266\n|\n|-damage|p1a: Oricorio|185/266|[from] Salt Cure\n|upkeep\n|turn|13\n|inactive|Time left: 300 sec this turn | 300 sec total\n|\n|t:|1783568481\n|move|p1a: Oricorio|Roost|p1a: Oricorio\n|-heal|p1a: Oricorio|266/266\n|-singleturn|p1a: Oricorio|move: Roost\n|move|p2a: Garganacl|Salt Cure|p1a: Oricorio\n|-damage|p1a: Oricorio|215/266\n|\n|-damage|p1a: Oricorio|182/266|[from] Salt Cure\n|upkeep\n|turn|14\n|inactive|Time left: 300 sec this turn | 300 sec total\n|\n|t:|1783568482\n|move|p1a: Oricorio|Roost|p1a: Oricorio\n|-heal|p1a: Oricorio|266/266\n|-singleturn|p1a: Oricorio|move: Roost\n|move|p2a: Garganacl|Salt Cure|p1a: Oricorio\n|-damage|p1a: Oricorio|218/266\n|\n|-damage|p1a: Oricorio|185/266|[from] Salt Cure\n|upkeep\n|turn|15\n|inactive|Time left: 300 sec this turn | 300 sec total\n|\n|t:|1783568483\n|-terastallize|p1a: Oricorio|Fighting\n|move|p1a: Oricorio|Revelation Dance|p2a: Garganacl\n|-supereffective|p2a: Garganacl\n|-crit|p2a: Garganacl\n|-damage|p2a: Garganacl|0 fnt\n|faint|p2a: Garganacl\n|\n|-damage|p1a: Oricorio|152/266|[from] Salt Cure\n|upkeep\n|\n|t:|1783568484\n|switch|p2a: Orthworm|Orthworm, L88, M|100/100\n|turn|16\n|inactive|Time left: 300 sec this turn | 300 sec total\n|\n|t:|1783568485\n|-terastallize|p2a: Orthworm|Ghost\n|move|p1a: Oricorio|Revelation Dance|p2a: Orthworm\n|-immune|p2a: Orthworm\n|move|p2a: Orthworm|Heavy Slam|p1a: Oricorio\n|-damage|p1a: Oricorio|0 fnt\n|faint|p1a: Oricorio\n|\n|upkeep\n|inactive|Time left: 300 sec this turn | 300 sec total | 5 sec grace\n|\n|t:|1783568487\n|switch|p1a: Dragalge|Dragalge, L88, F|258/258\n|turn|17\n|inactive|Time left: 300 sec this turn | 300 sec total\n|\n|t:|1783568488\n|move|p2a: Orthworm|Spikes|p1a: Dragalge\n|-sidestart|p1: p0x2543c8f8|Spikes\n|move|p1a: Dragalge|Draco Meteor|p2a: Orthworm\n|-damage|p2a: Orthworm|0 fnt\n|-unboost|p1a: Dragalge|spa|2\n|faint|p2a: Orthworm\n|\n|upkeep\n|\n|t:|1783568489\n|switch|p2a: Mienshao|Mienshao, L83, M|100/100\n|turn|18\n|inactive|Time left: 300 sec this turn | 300 sec total\n|\n|t:|1783568490\n|move|p2a: Mienshao|Triple Axel|p1a: Dragalge\n|-supereffective|p1a: Dragalge\n|-damage|p1a: Dragalge|216/258\n|-supereffective|p1a: Dragalge\n|-damage|p1a: Dragalge|130/258\n|-supereffective|p1a: Dragalge\n|-damage|p1a: Dragalge|13/258\n|-hitcount|p1a: Dragalge|3\n|-damage|p2a: Mienshao|91/100|[from] item: Life Orb\n|move|p1a: Dragalge|Draco Meteor|p2a: Mienshao\n|-damage|p2a: Mienshao|6/100\n|-unboost|p1a: Dragalge|spa|2\n|\n|upkeep\n|turn|19\n|inactive|Time left: 300 sec this turn | 300 sec total\n|\n|t:|1783568491\n|switch|p2a: Landorus|Landorus-Therian, L76, M|100/100\n|-ability|p2a: Landorus|Intimidate|boost\n|-unboost|p1a: Dragalge|atk|1\n|move|p1a: Dragalge|Draco Meteor|p2a: Landorus\n|-damage|p2a: Landorus|57/100\n|-unboost|p1a: Dragalge|spa|2\n|\n|-heal|p2a: Landorus|64/100|[from] item: Leftovers\n|upkeep\n|turn|20\n|inactive|Time left: 300 sec this turn | 300 sec total\n|\n|t:|1783568492\n|switch|p1a: Donphan|Donphan, L84, F|288/288\n|-damage|p1a: Donphan|252/288|[from] Spikes\n|move|p2a: Landorus|Earthquake|p1a: Donphan\n|-damage|p1a: Donphan|156/288\n|\n|-heal|p2a: Landorus|70/100|[from] item: Leftovers\n|-heal|p1a: Donphan|174/288|[from] item: Leftovers\n|upkeep\n|turn|21\n|inactive|Time left: 300 sec this turn | 300 sec total\n|\n|t:|1783568493\n|move|p2a: Landorus|U-turn|p1a: Donphan\n|-damage|p1a: Donphan|128/288\n|\n|t:|1783568494\n|switch|p2a: Floatzel|Floatzel, L86, F|100/100|[from] U-turn\n|move|p1a: Donphan|Rapid Spin|p2a: Floatzel\n|-damage|p2a: Floatzel|80/100\n|-boost|p1a: Donphan|spe|1\n|-sideend|p1: p0x2543c8f8|Spikes|[from] move: Rapid Spin|[of] p1a: Donphan\n|\n|-heal|p1a: Donphan|146/288|[from] item: Leftovers\n|upkeep\n|turn|22\n|inactive|Time left: 300 sec this turn | 300 sec total\n|\n|t:|1783568495\n|switch|p1a: Dragalge|Dragalge, L88, F|13/258\n|move|p2a: Floatzel|Wave Crash|p1a: Dragalge\n|-resisted|p1a: Dragalge\n|-damage|p1a: Dragalge|0 fnt\n|faint|p1a: Dragalge\n|-damage|p2a: Floatzel|78/100|[from] Recoil\n|\n|upkeep\n|inactive|Time left: 300 sec this turn | 300 sec total | 5 sec grace\n|\n|t:|1783568496\n|switch|p1a: Wugtrio|Wugtrio, L91, M|212/212\n|turn|23\n|inactive|Time left: 300 sec this turn | 300 sec total\n|\n|t:|1783568497\n|move|p1a: Wugtrio|Liquidation|p2a: Floatzel\n|-resisted|p2a: Floatzel\n|-damage|p2a: Floatzel|41/100\n|move|p2a: Floatzel|Wave Crash|p1a: Wugtrio\n|-resisted|p1a: Wugtrio\n|-damage|p1a: Wugtrio|68/212\n|-ability|p1a: Wugtrio|Gooey\n|-unboost|p2a: Floatzel|spe|1\n|-damage|p2a: Floatzel|25/100|[from] Recoil\n|\n|upkeep\n|turn|24\n|inactive|Time left: 300 sec this turn | 300 sec total\n|\n|t:|1783568498\n|move|p1a: Wugtrio|Liquidation|p2a: Floatzel\n|-resisted|p2a: Floatzel\n|-damage|p2a: Floatzel|0 fnt\n|faint|p2a: Floatzel\n|\n|upkeep\n|\n|t:|1783568499\n|switch|p2a: Dragalge|Dragalge, L88, F|31/100\n|turn|25\n|inactive|Time left: 300 sec this turn | 300 sec total\n|\n|t:|1783568500\n|move|p1a: Wugtrio|Liquidation|p2a: Dragalge\n|-resisted|p2a: Dragalge\n|-damage|p2a: Dragalge|0 fnt\n|faint|p2a: Dragalge\n|\n|upkeep\n|\n|t:|1783568501\n|switch|p2a: Landorus|Landorus-Therian, L76, M|70/100\n|-ability|p2a: Landorus|Intimidate|boost\n|-unboost|p1a: Wugtrio|atk|1\n|turn|26\n|inactive|Time left: 300 sec this turn | 300 sec total\n|\n|t:|1783568502\n|switch|p2a: Mienshao|Mienshao, L83, M|39/100\n|move|p1a: Wugtrio|Liquidation|p2a: Mienshao\n|-damage|p2a: Mienshao|0 fnt\n|faint|p2a: Mienshao\n|\n|upkeep\n|\n|t:|1783568503\n|switch|p2a: Landorus|Landorus-Therian, L76, M|70/100\n|-ability|p2a: Landorus|Intimidate|boost\n|-unboost|p1a: Wugtrio|atk|1\n|turn|27\n|inactive|Time left: 300 sec this turn | 300 sec total\n|\n|t:|1783568504\n|move|p1a: Wugtrio|Liquidation|p2a: Landorus\n|-supereffective|p2a: Landorus\n|-damage|p2a: Landorus|7/100\n|move|p2a: Landorus|Stone Edge|p1a: Wugtrio\n|-damage|p1a: Wugtrio|0 fnt\n|faint|p1a: Wugtrio\n|\n|-heal|p2a: Landorus|14/100|[from] item: Leftovers\n|upkeep\n|inactive|Time left: 300 sec this turn | 300 sec total | 5 sec grace\n|\n|t:|1783568505\n|switch|p1a: Chansey|Chansey, L85, F|564/564\n|turn|28\n|inactive|Time left: 300 sec this turn | 300 sec total\n|\n|t:|1783568505\n|move|p2a: Landorus|Stone Edge|p1a: Chansey|[miss]\n|-miss|p2a: Landorus|p1a: Chansey\n|move|p1a: Chansey|Seismic Toss|p2a: Landorus\n|-damage|p2a: Landorus|0 fnt\n|faint|p2a: Landorus\n|\n|win|p0x2543c8f8", "uploadtime": 1783568505, "views": 0, "rating": 0, "private": 0, "password": null, "_winner": "p0x2543c8f8", "_our_name": "p0x2543c8f8"}