{"id": "battle-gen9randombattle-334", "formatid": "gen9randombattle", "format": "[Gen 9] Random Battle", "players": ["p0x33401e6", "p0y334c935"], "log": "|init|battle\n|title|p0x33401e6 vs. p0y334c935\n|j|\u2606p0x33401e6\n|j|\u2606p0y334c935\n|t:|1783543500\n|gametype|singles\n|player|p1|p0x33401e6|170|\n|player|p2|p0y334c935|169|\n|gen|9\n|tier|[Gen 9] Random Battle\n|rule|Species Clause: Limit one of each Pok\u00e9mon\n|rule|HP Percentage Mod: HP is shown in percentages\n|rule|Sleep Clause Mod: Limit one foe put to sleep\n|rule|Illusion Level Mod: Illusion disguises the Pok\u00e9mon's true level\n|\n|t:|1783543500\n|teamsize|p1|6\n|teamsize|p2|6\n|start\n|switch|p1a: Tyranitar|Tyranitar, L78, M|284/284\n|switch|p2a: Wigglytuff|Wigglytuff, L96, M|100/100\n|-weather|Sandstorm|[from] ability: Sand Stream|[of] p1a: Tyranitar\n|turn|1\n|inactive|Battle timer is ON: inactive players will automatically lose when time's up. (requested by p0x33401e6)\n|inactive|p0y334c935 also wants the timer to be on.\n|\n|t:|1783543502\n|move|p2a: Wigglytuff|Thunder Wave|p1a: Tyranitar\n|-status|p1a: Tyranitar|par\n|cant|p1a: Tyranitar|par\n|\n|-weather|Sandstorm|[upkeep]\n|-damage|p2a: Wigglytuff|94/100|[from] Sandstorm\n|-heal|p2a: Wigglytuff|100/100|[from] item: Leftovers\n|upkeep\n|turn|2\n|inactive|Time left: 300 sec this turn | 300 sec total\n|\n|t:|1783543503\n|switch|p2a: Rampardos|Rampardos, L90, M|100/100\n|move|p1a: Tyranitar|Dragon Dance|p1a: Tyranitar\n|-boost|p1a: Tyranitar|atk|1\n|-boost|p1a: Tyranitar|spe|1\n|\n|-weather|Sandstorm|[upkeep]\n|upkeep\n|turn|3\n|inactive|Time left: 300 sec this turn | 300 sec total\n|\n|t:|1783543504\n|move|p2a: Rampardos|Earthquake|p1a: Tyranitar\n|-supereffective|p1a: Tyranitar\n|-damage|p1a: Tyranitar|0 fnt\n|faint|p1a: Tyranitar\n|-damage|p2a: Rampardos|91/100|[from] item: Life Orb\n|\n|-weather|Sandstorm|[upkeep]\n|upkeep\n|inactive|Time left: 300 sec this turn | 300 sec total | 5 sec grace\n|\n|t:|1783543505\n|switch|p1a: Palkia|Palkia, L75|259/259\n|-ability|p1a: Palkia|Pressure\n|turn|4\n|inactive|Time left: 300 sec this turn | 300 sec total\n|\n|t:|1783543506\n|move|p1a: Palkia|Hydro Pump|p2a: Rampardos\n|-supereffective|p2a: Rampardos\n|-damage|p2a: Rampardos|0 fnt\n|faint|p2a: Rampardos\n|\n|-weather|Sandstorm|[upkeep]\n|-damage|p1a: Palkia|243/259|[from] Sandstorm\n|upkeep\n|\n|t:|1783543507\n|switch|p2a: Bellossom|Bellossom, L84, F|100/100\n|turn|5\n|inactive|Time left: 300 sec this turn | 300 sec total\n|\n|t:|1783543508\n|move|p1a: Palkia|Hydro Pump|p2a: Bellossom\n|-resisted|p2a: Bellossom\n|-damage|p2a: Bellossom|64/100\n|move|p2a: Bellossom|Quiver Dance|p2a: Bellossom\n|-boost|p2a: Bellossom|spa|1\n|-boost|p2a: Bellossom|spd|1\n|-boost|p2a: Bellossom|spe|1\n|\n|-weather|none\n|-heal|p2a: Bellossom|70/100|[from] item: Leftovers\n|upkeep\n|turn|6\n|inactive|Time left: 300 sec this turn | 300 sec total\n|\n|t:|1783543509\n|move|p2a: Bellossom|Quiver Dance|p2a: Bellossom\n|-boost|p2a: Bellossom|spa|1\n|-boost|p2a: Bellossom|spd|1\n|-boost|p2a: Bellossom|spe|1\n|move|p1a: Palkia|Hydro Pump|p2a: Bellossom\n|-resisted|p2a: Bellossom\n|-crit|p2a: Bellossom\n|-damage|p2a: Bellossom|19/100\n|\n|-heal|p2a: Bellossom|25/100|[from] item: Leftovers\n|upkeep\n|turn|7\n|inactive|Time left: 300 sec this turn | 300 sec total\n|\n|t:|1783543510\n|move|p2a: Bellossom|Strength Sap|p1a: Palkia\n|-unboost|p1a: Palkia|atk|1\n|-heal|p2a: Bellossom|96/100\n|move|p1a: Palkia|Hydro Pump|p2a: Bellossom\n|-resisted|p2a: Bellossom\n|-damage|p2a: Bellossom|78/100\n|\n|-heal|p2a: Bellossom|84/100|[from] item: Leftovers\n|upkeep\n|turn|8\n|inactive|Time left: 300 sec this turn | 300 sec total\n|\n|t:|1783543511\n|switch|p1a: Noctowl|Noctowl, L95, F|344/344\n|move|p2a: Bellossom|Giga Drain|p1a: Noctowl\n|-resisted|p1a: Noctowl\n|-damage|p1a: Noctowl|281/344\n|-heal|p2a: Bellossom|96/100|[from] drain|[of] p1a: Noctowl\n|\n|-heal|p2a: Bellossom|100/100|[from] item: Leftovers\n|upkeep\n|turn|9\n|inactive|Time left: 300 sec this turn | 300 sec total\n|\n|t:|1783543513\n|move|p2a: Bellossom|Quiver Dance|p2a: Bellossom\n|-boost|p2a: Bellossom|spa|1\n|-boost|p2a: Bellossom|spd|1\n|-boost|p2a: Bellossom|spe|1\n|move|p1a: Noctowl|Hurricane|p2a: Bellossom|[miss]\n|-miss|p1a: Noctowl|p2a: Bellossom\n|\n|upkeep\n|turn|10\n|inactive|Time left: 300 sec this turn | 300 sec total\n|\n|t:|1783543514\n|move|p2a: Bellossom|Quiver Dance|p2a: Bellossom\n|-boost|p2a: Bellossom|spa|1\n|-boost|p2a: Bellossom|spd|1\n|-boost|p2a: Bellossom|spe|1\n|move|p1a: Noctowl|Roost|p1a: Noctowl\n|-heal|p1a: Noctowl|344/344\n|-singleturn|p1a: Noctowl|move: Roost\n|\n|upkeep\n|turn|11\n|inactive|Time left: 300 sec this turn | 300 sec total\n|\n|t:|1783543515\n|move|p2a: Bellossom|Moonblast|p1a: Noctowl\n|-damage|p1a: Noctowl|195/344\n|-unboost|p1a: Noctowl|spa|1\n|move|p1a: Noctowl|Hurricane|p2a: Bellossom\n|-supereffective|p2a: Bellossom\n|-damage|p2a: Bellossom|80/100\n|-start|p2a: Bellossom|confusion\n|\n|-heal|p2a: Bellossom|86/100|[from] item: Leftovers\n|upkeep\n|turn|12\n|inactive|Time left: 300 sec this turn | 300 sec total\n|\n|t:|1783543516\n|-activate|p2a: Bellossom|confusion\n|move|p2a: Bellossom|Giga Drain|p1a: Noctowl\n|-resisted|p1a: Noctowl\n|-damage|p1a: Noctowl|97/344\n|-heal|p2a: Bellossom|100/100|[from] drain|[of] p1a: Noctowl\n|move|p1a: Noctowl|Roost|p1a: Noctowl\n|-heal|p1a: Noctowl|269/344\n|-singleturn|p1a: Noctowl|move: Roost\n|\n|upkeep\n|turn|13\n|inactive|Time left: 300 sec this turn | 300 sec total\n|\n|t:|1783543517\n|-activate|p2a: Bellossom|confusion\n|move|p2a: Bellossom|Moonblast|p1a: Noctowl\n|-damage|p1a: Noctowl|105/344\n|move|p1a: Noctowl|Roost|p1a: Noctowl\n|-heal|p1a: Noctowl|277/344\n|-singleturn|p1a: Noctowl|move: Roost\n|\n|upkeep\n|turn|14\n|inactive|Time left: 300 sec this turn | 300 sec total\n|\n|t:|1783543519\n|switch|p1a: Orthworm|Orthworm, L88, M|266/266\n|-activate|p2a: Bellossom|confusion\n|move|p2a: Bellossom|Moonblast|p1a: Orthworm\n|-resisted|p1a: Orthworm\n|-crit|p1a: Orthworm\n|-damage|p1a: Orthworm|77/266\n|\n|-heal|p1a: Orthworm|93/266|[from] item: Leftovers\n|upkeep\n|turn|15\n|inactive|Time left: 300 sec this turn | 300 sec total\n|\n|t:|1783543520\n|-end|p2a: Bellossom|confusion\n|move|p2a: Bellossom|Moonblast|p1a: Orthworm\n|-resisted|p1a: Orthworm\n|-damage|p1a: Orthworm|0 fnt\n|faint|p1a: Orthworm\n|\n|upkeep\n|inactive|Time left: 300 sec this turn | 300 sec total | 5 sec grace\n|\n|t:|1783543521\n|switch|p1a: Noctowl|Noctowl, L95, F|277/344\n|turn|16\n|inactive|Time left: 300 sec this turn | 300 sec total\n|\n|t:|1783543522\n|move|p2a: Bellossom|Moonblast|p1a: Noctowl\n|-crit|p1a: Noctowl\n|-damage|p1a: Noctowl|38/344\n|move|p1a: Noctowl|Roost|p1a: Noctowl\n|-heal|p1a: Noctowl|210/344\n|-singleturn|p1a: Noctowl|move: Roost\n|\n|upkeep\n|turn|17\n|inactive|Time left: 300 sec this turn | 300 sec total\n|\n|t:|1783543523\n|move|p2a: Bellossom|Moonblast|p1a: Noctowl\n|-damage|p1a: Noctowl|59/344\n|move|p1a: Noctowl|Roost|p1a: Noctowl\n|-heal|p1a: Noctowl|231/344\n|-singleturn|p1a: Noctowl|move: Roost\n|\n|upkeep\n|turn|18\n|inactive|Time left: 300 sec this turn | 300 sec total\n|\n|t:|1783543524\n|move|p2a: Bellossom|Moonblast|p1a: Noctowl\n|-damage|p1a: Noctowl|73/344\n|move|p1a: Noctowl|Hurricane|p2a: Bellossom\n|-supereffective|p2a: Bellossom\n|-damage|p2a: Bellossom|71/100\n|\n|-heal|p2a: Bellossom|77/100|[from] item: Leftovers\n|upkeep\n|turn|19\n|inactive|Time left: 300 sec this turn | 300 sec total\n|\n|t:|1783543525\n|move|p2a: Bellossom|Giga Drain|p1a: Noctowl\n|-resisted|p1a: Noctowl\n|-damage|p1a: Noctowl|0 fnt\n|-heal|p2a: Bellossom|91/100|[from] drain|[of] p1a: Noctowl\n|faint|p1a: Noctowl\n|\n|-heal|p2a: Bellossom|97/100|[from] item: Leftovers\n|upkeep\n|inactive|Time left: 300 sec this turn | 300 sec total | 5 sec grace\n|\n|t:|1783543526\n|switch|p1a: Palkia|Palkia, L75|243/259\n|-ability|p1a: Palkia|Pressure\n|turn|20\n|inactive|Time left: 300 sec this turn | 300 sec total\n|\n|t:|1783543527\n|-terastallize|p1a: Palkia|Fire\n|move|p2a: Bellossom|Moonblast|p1a: Palkia\n|-resisted|p1a: Palkia\n|-damage|p1a: Palkia|167/259\n|move|p1a: Palkia|Fire Blast|p2a: Bellossom\n|-supereffective|p2a: Bellossom\n|-damage|p2a: Bellossom|51/100\n|\n|-heal|p2a: Bellossom|57/100|[from] item: Leftovers\n|upkeep\n|turn|21\n|inactive|Time left: 300 sec this turn | 300 sec total\n|\n|t:|1783543529\n|move|p2a: Bellossom|Giga Drain|p1a: Palkia\n|-resisted|p1a: Palkia\n|-damage|p1a: Palkia|73/259\n|-heal|p2a: Bellossom|75/100|[from] drain|[of] p1a: Palkia\n|move|p1a: Palkia|Fire Blast|p2a: Bellossom\n|-supereffective|p2a: Bellossom\n|-damage|p2a: Bellossom|29/100\n|-status|p2a: Bellossom|brn\n|\n|-heal|p2a: Bellossom|35/100 brn|[from] item: Leftovers\n|-damage|p2a: Bellossom|29/100 brn|[from] brn\n|upkeep\n|turn|22\n|inactive|Time left: 300 sec this turn | 300 sec total\n|\n|t:|1783543530\n|move|p2a: Bellossom|Strength Sap|p1a: Palkia\n|-unboost|p1a: Palkia|atk|1\n|-heal|p2a: Bellossom|99/100 brn\n|move|p1a: Palkia|Fire Blast|p2a: Bellossom\n|-supereffective|p2a: Bellossom\n|-damage|p2a: Bellossom|56/100 brn\n|\n|-heal|p2a: Bellossom|62/100 brn|[from] item: Leftovers\n|-damage|p2a: Bellossom|56/100 brn|[from] brn\n|upkeep\n|turn|23\n|inactive|Time left: 300 sec this turn | 300 sec total\n|\n|t:|1783543531\n|move|p2a: Bellossom|Giga Drain|p1a: Palkia\n|-resisted|p1a: Palkia\n|-damage|p1a: Palkia|0 fnt\n|-heal|p2a: Bellossom|70/100 brn|[from] drain|[of] p1a: Palkia\n|faint|p1a: Palkia\n|\n|-heal|p2a: Bellossom|76/100 brn|[from] item: Leftovers\n|-damage|p2a: Bellossom|70/100 brn|[from] brn\n|upkeep\n|inactive|Time left: 300 sec this turn | 300 sec total | 5 sec grace\n|\n|t:|1783543532\n|switch|p1a: Gardevoir|Gardevoir, L83, F|249/249\n|-ability|p1a: Gardevoir|Chlorophyll|Trace|[from] ability: Trace|[of] p2a: Bellossom\n|turn|24\n|inactive|Time left: 300 sec this turn | 300 sec total\n|\n|t:|1783543533\n|move|p2a: Bellossom|Giga Drain|p1a: Gardevoir\n|-damage|p1a: Gardevoir|72/249\n|-heal|p2a: Bellossom|100/100 brn|[from] drain|[of] p1a: Gardevoir\n|move|p1a: Gardevoir|Trick|p2a: Bellossom\n|-activate|p1a: Gardevoir|move: Trick|[of] p2a: Bellossom\n|-item|p2a: Bellossom|Choice Scarf|[from] move: Trick\n|-item|p1a: Gardevoir|Leftovers|[from] move: Trick\n|\n|-heal|p1a: Gardevoir|87/249|[from] item: Leftovers\n|-damage|p2a: Bellossom|94/100 brn|[from] brn\n|upkeep\n|turn|25\n|inactive|Time left: 300 sec this turn | 300 sec total\n|\n|t:|1783543535\n|switch|p1a: Persian|Persian-Alola, L86, F|252/252\n|move|p2a: Bellossom|Moonblast|p1a: Persian\n|-supereffective|p1a: Persian\n|-damage|p1a: Persian|0 fnt\n|faint|p1a: Persian\n|\n|-damage|p2a: Bellossom|88/100 brn|[from] brn\n|upkeep\n|inactive|Time left: 300 sec this turn | 300 sec total | 5 sec grace\n|\n|t:|1783543536\n|switch|p1a: Gardevoir|Gardevoir, L83, F|87/249\n|-ability|p1a: Gardevoir|Chlorophyll|Trace|[from] ability: Trace|[of] p2a: Bellossom\n|turn|26\n|inactive|Time left: 300 sec this turn | 300 sec total\n|\n|t:|1783543537\n|move|p2a: Bellossom|Moonblast|p1a: Gardevoir\n|-damage|p1a: Gardevoir|0 fnt\n|faint|p1a: Gardevoir\n|\n|win|p0y334c935", "uploadtime": 1783543537, "views": 0, "rating": 0, "private": 0, "password": null, "_winner": "p0y334c935", "_our_name": "p0x33401e6"}