{"id": "battle-gen9randombattle-1676", "formatid": "gen9randombattle", "format": "[Gen 9] Random Battle", "players": ["p0x16769be6", "p0y167632ec"], "log": "|init|battle\n|title|p0x16769be6 vs. p0y167632ec\n|j|\u2606p0x16769be6\n|j|\u2606p0y167632ec\n|t:|1783558648\n|gametype|singles\n|player|p1|p0x16769be6|265|\n|player|p2|p0y167632ec|2|\n|gen|9\n|tier|[Gen 9] Random Battle\n|rule|Species Clause: Limit one of each Pok\u00e9mon\n|rule|HP Percentage Mod: HP is shown in percentages\n|rule|Sleep Clause Mod: Limit one foe put to sleep\n|rule|Illusion Level Mod: Illusion disguises the Pok\u00e9mon's true level\n|\n|t:|1783558648\n|teamsize|p1|6\n|teamsize|p2|6\n|start\n|switch|p1a: Metagross|Metagross, L79|256/256\n|switch|p2a: Feraligatr|Feraligatr, L79, F|100/100\n|turn|1\n|inactive|Battle timer is ON: inactive players will automatically lose when time's up. (requested by p0x16769be6)\n|inactive|p0y167632ec also wants the timer to be on.\n|\n|t:|1783558650\n|move|p2a: Feraligatr|Dragon Dance|p2a: Feraligatr\n|-boost|p2a: Feraligatr|atk|1\n|-boost|p2a: Feraligatr|spe|1\n|move|p1a: Metagross|Knock Off|p2a: Feraligatr\n|-damage|p2a: Feraligatr|70/100\n|-enditem|p2a: Feraligatr|Life Orb|[from] move: Knock Off|[of] p1a: Metagross\n|\n|upkeep\n|turn|2\n|inactive|Time left: 300 sec this turn | 300 sec total\n|\n|t:|1783558651\n|move|p2a: Feraligatr|Liquidation|p1a: Metagross\n|-damage|p1a: Metagross|133/256\n|move|p1a: Metagross|Psychic Fangs|p2a: Feraligatr\n|-damage|p2a: Feraligatr|30/100\n|\n|-heal|p1a: Metagross|149/256|[from] item: Leftovers\n|upkeep\n|turn|3\n|inactive|Time left: 300 sec this turn | 300 sec total\n|\n|t:|1783558652\n|-terastallize|p2a: Feraligatr|Water\n|move|p2a: Feraligatr|Liquidation|p1a: Metagross\n|-damage|p1a: Metagross|0 fnt\n|faint|p1a: Metagross\n|\n|upkeep\n|inactive|Time left: 300 sec this turn | 300 sec total | 5 sec grace\n|\n|t:|1783558653\n|switch|p1a: Politoed|Politoed, L88, M|302/302\n|-weather|RainDance|[from] ability: Drizzle|[of] p1a: Politoed\n|turn|4\n|inactive|Time left: 300 sec this turn | 300 sec total\n|\n|t:|1783558655\n|move|p2a: Feraligatr|Liquidation|p1a: Politoed\n|-resisted|p1a: Politoed\n|-damage|p1a: Politoed|127/302\n|move|p1a: Politoed|Weather Ball|p2a: Feraligatr\n|-resisted|p2a: Feraligatr\n|-damage|p2a: Feraligatr|0 fnt\n|faint|p2a: Feraligatr\n|\n|-weather|RainDance|[upkeep]\n|upkeep\n|\n|t:|1783558656\n|switch|p2a: Jolteon|Jolteon, L84, M|100/100\n|turn|5\n|inactive|Time left: 300 sec this turn | 300 sec total\n|\n|t:|1783558657\n|switch|p1a: Thundurus|Thundurus-Therian, L80, M|258/258\n|move|p2a: Jolteon|Thunderbolt|p1a: Thundurus\n|-immune|p1a: Thundurus|[from] ability: Volt Absorb\n|\n|-weather|RainDance|[upkeep]\n|upkeep\n|turn|6\n|inactive|Time left: 300 sec this turn | 300 sec total\n|\n|t:|1783558659\n|move|p2a: Jolteon|Calm Mind|p2a: Jolteon\n|-boost|p2a: Jolteon|spa|1\n|-boost|p2a: Jolteon|spd|1\n|move|p1a: Thundurus|Nasty Plot|p1a: Thundurus\n|-boost|p1a: Thundurus|spa|2\n|\n|-weather|RainDance|[upkeep]\n|upkeep\n|turn|7\n|inactive|Time left: 300 sec this turn | 300 sec total\n|\n|t:|1783558660\n|move|p2a: Jolteon|Calm Mind|p2a: Jolteon\n|-boost|p2a: Jolteon|spa|1\n|-boost|p2a: Jolteon|spd|1\n|move|p1a: Thundurus|Focus Blast|p2a: Jolteon|[miss]\n|-miss|p1a: Thundurus|p2a: Jolteon\n|\n|-weather|RainDance|[upkeep]\n|upkeep\n|turn|8\n|inactive|Time left: 300 sec this turn | 300 sec total\n|\n|t:|1783558661\n|move|p2a: Jolteon|Alluring Voice|p1a: Thundurus\n|-damage|p1a: Thundurus|111/258\n|move|p1a: Thundurus|Focus Blast|p2a: Jolteon\n|-damage|p2a: Jolteon|57/100\n|-unboost|p2a: Jolteon|spd|1\n|\n|-weather|none\n|upkeep\n|turn|9\n|inactive|Time left: 300 sec this turn | 300 sec total\n|\n|t:|1783558662\n|move|p2a: Jolteon|Alluring Voice|p1a: Thundurus\n|-damage|p1a: Thundurus|0 fnt\n|faint|p1a: Thundurus\n|\n|upkeep\n|inactive|Time left: 300 sec this turn | 300 sec total | 5 sec grace\n|\n|t:|1783558663\n|switch|p1a: Decidueye|Decidueye-Hisui, L87, F|295/295\n|turn|10\n|inactive|Time left: 300 sec this turn | 300 sec total\n|\n|t:|1783558664\n|-terastallize|p1a: Decidueye|Steel\n|move|p2a: Jolteon|Volt Switch|p1a: Decidueye\n|-damage|p1a: Decidueye|159/295\n|\n|t:|1783558666\n|switch|p2a: Muk|Muk, L86, M|100/100|[from] Volt Switch\n|move|p1a: Decidueye|Triple Arrows|p2a: Muk\n|-resisted|p2a: Muk\n|-damage|p2a: Muk|82/100\n|\n|-heal|p1a: Decidueye|177/295|[from] item: Leftovers\n|-heal|p2a: Muk|88/100|[from] item: Leftovers\n|upkeep\n|turn|11\n|inactive|Time left: 300 sec this turn | 300 sec total\n|\n|t:|1783558667\n|move|p1a: Decidueye|Triple Arrows|p2a: Muk\n|-resisted|p2a: Muk\n|-damage|p2a: Muk|70/100\n|cant|p2a: Muk|flinch\n|\n|-heal|p1a: Decidueye|195/295|[from] item: Leftovers\n|-heal|p2a: Muk|76/100|[from] item: Leftovers\n|upkeep\n|turn|12\n|inactive|Time left: 300 sec this turn | 300 sec total\n|\n|t:|1783558668\n|move|p1a: Decidueye|Triple Arrows|p2a: Muk\n|-resisted|p2a: Muk\n|-damage|p2a: Muk|55/100\n|-unboost|p2a: Muk|def|1\n|move|p2a: Muk|Knock Off|p1a: Decidueye\n|-damage|p1a: Decidueye|116/295\n|-enditem|p1a: Decidueye|Leftovers|[from] move: Knock Off|[of] p2a: Muk\n|\n|-heal|p2a: Muk|61/100|[from] item: Leftovers\n|upkeep\n|turn|13\n|inactive|Time left: 300 sec this turn | 300 sec total\n|\n|t:|1783558669\n|move|p1a: Decidueye|Triple Arrows|p2a: Muk\n|-resisted|p2a: Muk\n|-crit|p2a: Muk\n|-damage|p2a: Muk|19/100\n|-unboost|p2a: Muk|def|1\n|cant|p2a: Muk|flinch\n|\n|-heal|p2a: Muk|25/100|[from] item: Leftovers\n|upkeep\n|turn|14\n|inactive|Time left: 300 sec this turn | 300 sec total\n|\n|t:|1783558670\n|switch|p2a: Articuno|Articuno, L86|100/100\n|-ability|p2a: Articuno|Pressure\n|move|p1a: Decidueye|Triple Arrows|p2a: Articuno\n|-damage|p2a: Articuno|66/100\n|-unboost|p2a: Articuno|def|1\n|\n|upkeep\n|turn|15\n|inactive|Time left: 300 sec this turn | 300 sec total\n|\n|t:|1783558671\n|move|p2a: Articuno|Freeze-Dry|p1a: Decidueye\n|-resisted|p1a: Decidueye\n|-damage|p1a: Decidueye|78/295\n|-status|p1a: Decidueye|frz\n|cant|p1a: Decidueye|frz\n|\n|upkeep\n|turn|16\n|inactive|Time left: 300 sec this turn | 300 sec total\n|\n|t:|1783558672\n|switch|p1a: Kingambit|Kingambit, L74, F|270/270\n|-activate|p1a: Kingambit|ability: Supreme Overlord\n|-start|p1a: Kingambit|fallen2|[silent]\n|move|p2a: Articuno|Brave Bird|p1a: Kingambit\n|-resisted|p1a: Kingambit\n|-damage|p1a: Kingambit|216/270\n|-damage|p2a: Articuno|59/100|[from] Recoil\n|\n|-heal|p1a: Kingambit|232/270|[from] item: Leftovers\n|upkeep\n|turn|17\n|inactive|Time left: 300 sec this turn | 300 sec total\n|\n|t:|1783558673\n|switch|p2a: Bastiodon|Bastiodon, L89, M|100/100\n|move|p1a: Kingambit|Iron Head|p2a: Bastiodon\n|-damage|p2a: Bastiodon|79/100\n|\n|-heal|p1a: Kingambit|248/270|[from] item: Leftovers\n|upkeep\n|turn|18\n|inactive|Time left: 300 sec this turn | 300 sec total\n|\n|t:|1783558674\n|-end|p1a: Kingambit|fallen2|[silent]\n|switch|p1a: Politoed|Politoed, L88, M|127/302\n|-weather|RainDance|[from] ability: Drizzle|[of] p1a: Politoed\n|move|p2a: Bastiodon|Body Press|p1a: Politoed\n|-damage|p1a: Politoed|29/302\n|\n|-weather|RainDance|[upkeep]\n|upkeep\n|turn|19\n|inactive|Time left: 300 sec this turn | 300 sec total\n|\n|t:|1783558675\n|switch|p2a: Muk|Muk, L86, M|25/100\n|move|p1a: Politoed|Weather Ball|p2a: Muk\n|-damage|p2a: Muk|0 fnt\n|faint|p2a: Muk\n|\n|-weather|RainDance|[upkeep]\n|upkeep\n|\n|t:|1783558676\n|switch|p2a: Jolteon|Jolteon, L84, M|57/100\n|turn|20\n|inactive|Time left: 300 sec this turn | 300 sec total\n|\n|t:|1783558677\n|switch|p1a: Decidueye|Decidueye-Hisui, L87, F, tera:Steel|78/295 frz\n|move|p2a: Jolteon|Thunderbolt|p1a: Decidueye\n|-damage|p1a: Decidueye|0 fnt\n|faint|p1a: Decidueye\n|\n|-weather|RainDance|[upkeep]\n|upkeep\n|inactive|Time left: 300 sec this turn | 300 sec total | 5 sec grace\n|\n|t:|1783558678\n|switch|p1a: Kingambit|Kingambit, L74, F|248/270\n|-activate|p1a: Kingambit|ability: Supreme Overlord\n|-start|p1a: Kingambit|fallen3|[silent]\n|turn|21\n|inactive|Time left: 300 sec this turn | 300 sec total\n|\n|t:|1783558679\n|switch|p2a: Bastiodon|Bastiodon, L89, M|79/100\n|move|p1a: Kingambit|Swords Dance|p1a: Kingambit\n|-boost|p1a: Kingambit|atk|2\n|\n|-weather|RainDance|[upkeep]\n|-heal|p1a: Kingambit|264/270|[from] item: Leftovers\n|upkeep\n|turn|22\n|inactive|Time left: 300 sec this turn | 300 sec total\n|\n|t:|1783558680\n|move|p1a: Kingambit|Iron Head|p2a: Bastiodon\n|-damage|p2a: Bastiodon|28/100\n|move|p2a: Bastiodon|Body Press|p1a: Kingambit\n|-supereffective|p1a: Kingambit\n|-damage|p1a: Kingambit|0 fnt\n|faint|p1a: Kingambit\n|-end|p1a: Kingambit|fallen3|[silent]\n|\n|-weather|none\n|upkeep\n|inactive|Time left: 300 sec this turn | 300 sec total | 5 sec grace\n|\n|t:|1783558681\n|switch|p1a: Roaring Moon|Roaring Moon, L72|270/270\n|-enditem|p1a: Roaring Moon|Booster Energy\n|-activate|p1a: Roaring Moon|ability: Protosynthesis|[fromitem]\n|-start|p1a: Roaring Moon|protosynthesisatk\n|turn|23\n|inactive|Time left: 300 sec this turn | 300 sec total\n|\n|t:|1783558682\n|move|p1a: Roaring Moon|Knock Off|p2a: Bastiodon\n|-damage|p2a: Bastiodon|1/100\n|-enditem|p2a: Bastiodon|Chesto Berry|[from] move: Knock Off|[of] p1a: Roaring Moon\n|move|p2a: Bastiodon|Body Press|p1a: Roaring Moon\n|-supereffective|p1a: Roaring Moon\n|-damage|p1a: Roaring Moon|0 fnt\n|faint|p1a: Roaring Moon\n|-end|p1a: Roaring Moon|Protosynthesis|[silent]\n|\n|upkeep\n|inactive|Time left: 300 sec this turn | 300 sec total | 5 sec grace\n|\n|t:|1783558683\n|switch|p1a: Politoed|Politoed, L88, M|29/302\n|-weather|RainDance|[from] ability: Drizzle|[of] p1a: Politoed\n|turn|24\n|inactive|Time left: 300 sec this turn | 300 sec total\n|\n|t:|1783558684\n|move|p1a: Politoed|Weather Ball|p2a: Bastiodon\n|-supereffective|p2a: Bastiodon\n|-damage|p2a: Bastiodon|0 fnt\n|faint|p2a: Bastiodon\n|\n|-weather|RainDance|[upkeep]\n|upkeep\n|\n|t:|1783558685\n|switch|p2a: Bombirdier|Bombirdier, L85, M|100/100\n|turn|25\n|inactive|Time left: 300 sec this turn | 300 sec total\n|\n|t:|1783558686\n|move|p2a: Bombirdier|Knock Off|p1a: Politoed\n|-damage|p1a: Politoed|0 fnt\n|-enditem|p1a: Politoed|Choice Specs|[from] move: Knock Off|[of] p2a: Bombirdier\n|faint|p1a: Politoed\n|\n|win|p0y167632ec", "uploadtime": 1783558686, "views": 0, "rating": 0, "private": 0, "password": null, "_winner": "p0y167632ec", "_our_name": "p0x16769be6"}