{"id": "battle-gen9randombattle-2862", "formatid": "gen9randombattle", "format": "[Gen 9] Random Battle", "players": ["p0x2862513c", "p0y28627742"], "log": "|init|battle\n|title|p0x2862513c vs. p0y28627742\n|j|\u2606p0x2862513c\n|j|\u2606p0y28627742\n|t:|1783572015\n|gametype|singles\n|player|p1|p0x2862513c|169|\n|player|p2|p0y28627742|170|\n|gen|9\n|tier|[Gen 9] Random Battle\n|rule|Species Clause: Limit one of each Pok\u00e9mon\n|rule|HP Percentage Mod: HP is shown in percentages\n|rule|Sleep Clause Mod: Limit one foe put to sleep\n|rule|Illusion Level Mod: Illusion disguises the Pok\u00e9mon's true level\n|\n|t:|1783572015\n|teamsize|p1|6\n|teamsize|p2|6\n|start\n|switch|p1a: Feraligatr|Feraligatr, L79, F|100/100\n|switch|p2a: Iron Crown|Iron Crown, L78|268/268\n|turn|1\n|inactive|Battle timer is ON: inactive players will automatically lose when time's up. (requested by p0x2862513c)\n|inactive|Time left: 300 sec this turn | 300 sec total | 60 sec grace\n|inactive|p0y28627742 also wants the timer to be on.\n|\n|t:|1783572016\n|move|p2a: Iron Crown|Tachyon Cutter|p1a: Feraligatr\n|-resisted|p1a: Feraligatr\n|-damage|p1a: Feraligatr|89/100\n|-resisted|p1a: Feraligatr\n|-damage|p1a: Feraligatr|77/100\n|-hitcount|p1a: Feraligatr|2\n|move|p1a: Feraligatr|Dragon Dance|p1a: Feraligatr\n|-boost|p1a: Feraligatr|atk|1\n|-boost|p1a: Feraligatr|spe|1\n|\n|upkeep\n|turn|2\n|inactive|Time left: 300 sec this turn | 300 sec total\n|\n|t:|1783572018\n|-end|p2a: Iron Crown|Quark Drive|[silent]\n|switch|p2a: Zekrom|Zekrom, L71|259/259\n|-ability|p2a: Zekrom|Teravolt\n|-terastallize|p1a: Feraligatr|Water\n|move|p1a: Feraligatr|Liquidation|p2a: Zekrom\n|-resisted|p2a: Zekrom\n|-crit|p2a: Zekrom\n|-damage|p2a: Zekrom|59/259\n|\n|-heal|p2a: Zekrom|75/259|[from] item: Leftovers\n|upkeep\n|turn|3\n|inactive|Time left: 300 sec this turn | 300 sec total\n|\n|t:|1783572019\n|move|p1a: Feraligatr|Liquidation|p2a: Zekrom\n|-resisted|p2a: Zekrom\n|-damage|p2a: Zekrom|0 fnt\n|faint|p2a: Zekrom\n|\n|upkeep\n|inactive|Time left: 300 sec this turn | 300 sec total | 5 sec grace\n|\n|t:|1783572020\n|switch|p2a: Gouging Fire|Gouging Fire, L74|277/277\n|turn|4\n|inactive|Time left: 300 sec this turn | 300 sec total\n|\n|t:|1783572021\n|move|p1a: Feraligatr|Liquidation|p2a: Gouging Fire\n|-damage|p2a: Gouging Fire|25/277\n|move|p2a: Gouging Fire|Outrage|p1a: Feraligatr\n|-damage|p1a: Feraligatr|34/100\n|\n|upkeep\n|turn|5\n|inactive|Time left: 300 sec this turn | 300 sec total\n|\n|t:|1783572022\n|move|p1a: Feraligatr|Liquidation|p2a: Gouging Fire\n|-damage|p2a: Gouging Fire|0 fnt\n|faint|p2a: Gouging Fire\n|-end|p2a: Gouging Fire|Protosynthesis|[silent]\n|\n|upkeep\n|inactive|Time left: 300 sec this turn | 300 sec total | 5 sec grace\n|\n|t:|1783572023\n|switch|p2a: Swampert|Swampert, L83, M|302/302\n|turn|6\n|inactive|Time left: 300 sec this turn | 300 sec total\n|\n|t:|1783572023\n|move|p1a: Feraligatr|Liquidation|p2a: Swampert\n|-damage|p2a: Swampert|19/302\n|move|p2a: Swampert|Knock Off|p1a: Feraligatr\n|-damage|p1a: Feraligatr|7/100\n|-enditem|p1a: Feraligatr|Life Orb|[from] move: Knock Off|[of] p2a: Swampert\n|\n|-heal|p2a: Swampert|37/302|[from] item: Leftovers\n|upkeep\n|turn|7\n|inactive|Time left: 300 sec this turn | 300 sec total\n|\n|t:|1783572024\n|move|p1a: Feraligatr|Liquidation|p2a: Swampert\n|-damage|p2a: Swampert|0 fnt\n|faint|p2a: Swampert\n|\n|upkeep\n|inactive|Time left: 300 sec this turn | 300 sec total | 5 sec grace\n|\n|t:|1783572025\n|switch|p2a: Articuno|Articuno-Galar, L84|288/288\n|turn|8\n|inactive|Time left: 300 sec this turn | 300 sec total\n|\n|t:|1783572026\n|move|p1a: Feraligatr|Liquidation|p2a: Articuno\n|-damage|p2a: Articuno|80/288\n|move|p2a: Articuno|Freezing Glare|p1a: Feraligatr\n|-damage|p1a: Feraligatr|0 fnt\n|faint|p1a: Feraligatr\n|\n|upkeep\n|\n|t:|1783572027\n|switch|p1a: Koraidon|Koraidon, L64|100/100\n|-weather|SunnyDay|[from] ability: Orichalcum Pulse|[of] p1a: Koraidon\n|-activate|p1a: Koraidon|Orichalcum Pulse|[source]\n|turn|9\n|inactive|Time left: 300 sec this turn | 300 sec total\n|\n|t:|1783572028\n|move|p1a: Koraidon|Flare Blitz|p2a: Articuno\n|-damage|p2a: Articuno|0 fnt\n|faint|p2a: Articuno\n|-damage|p1a: Koraidon|89/100|[from] Recoil\n|\n|-weather|SunnyDay|[upkeep]\n|upkeep\n|inactive|Time left: 300 sec this turn | 300 sec total | 5 sec grace\n|\n|t:|1783572029\n|switch|p2a: Spectrier|Spectrier, L75|274/274\n|turn|10\n|inactive|Time left: 300 sec this turn | 300 sec total\n|\n|t:|1783572030\n|move|p2a: Spectrier|Will-O-Wisp|p1a: Koraidon\n|-status|p1a: Koraidon|brn\n|move|p1a: Koraidon|Scale Shot|p2a: Spectrier\n|-damage|p2a: Spectrier|255/274\n|-damage|p2a: Spectrier|234/274\n|-damage|p2a: Spectrier|213/274\n|-damage|p2a: Spectrier|193/274\n|-damage|p2a: Spectrier|172/274\n|-hitcount|p2a: Spectrier|5\n|-unboost|p1a: Koraidon|def|1\n|-boost|p1a: Koraidon|spe|1\n|\n|-weather|SunnyDay|[upkeep]\n|-damage|p1a: Koraidon|83/100 brn|[from] brn\n|upkeep\n|turn|11\n|inactive|Time left: 300 sec this turn | 300 sec total\n|\n|t:|1783572031\n|move|p1a: Koraidon|Flare Blitz|p2a: Spectrier\n|-damage|p2a: Spectrier|72/274\n|-damage|p1a: Koraidon|69/100 brn|[from] Recoil\n|move|p2a: Spectrier|Shadow Ball|p1a: Koraidon\n|-crit|p1a: Koraidon\n|-damage|p1a: Koraidon|0 fnt\n|faint|p1a: Koraidon\n|-ability|p2a: Spectrier|Grim Neigh|boost\n|-boost|p2a: Spectrier|spa|1\n|-damage|p2a: Spectrier|45/274|[from] item: Life Orb\n|\n|-weather|SunnyDay|[upkeep]\n|upkeep\n|\n|t:|1783572032\n|switch|p1a: Ogerpon|Ogerpon-Hearthflame, L74, F|100/100\n|-ability|p1a: Ogerpon|Mold Breaker\n|turn|12\n|inactive|Time left: 300 sec this turn | 300 sec total\n|\n|t:|1783572033\n|move|p2a: Spectrier|Shadow Ball|p1a: Ogerpon\n|-damage|p1a: Ogerpon|19/100\n|-unboost|p1a: Ogerpon|spd|1\n|-damage|p2a: Spectrier|18/274|[from] item: Life Orb\n|move|p1a: Ogerpon|Ivy Cudgel|p2a: Spectrier|[anim] Ivy Cudgel Fire\n|-crit|p2a: Spectrier\n|-damage|p2a: Spectrier|0 fnt\n|faint|p2a: Spectrier\n|\n|-weather|SunnyDay|[upkeep]\n|upkeep\n|inactive|Time left: 300 sec this turn | 300 sec total | 5 sec grace\n|\n|t:|1783572034\n|switch|p2a: Iron Crown|Iron Crown, L78|268/268\n|turn|13\n|inactive|Time left: 300 sec this turn | 300 sec total\n|\n|t:|1783572034\n|move|p1a: Ogerpon|Ivy Cudgel|p2a: Iron Crown|[anim] Ivy Cudgel Fire\n|-supereffective|p2a: Iron Crown\n|-damage|p2a: Iron Crown|0 fnt\n|faint|p2a: Iron Crown\n|-end|p2a: Iron Crown|Quark Drive|[silent]\n|\n|win|p0x2862513c", "uploadtime": 1783572034, "views": 0, "rating": 0, "private": 0, "password": null, "_winner": "p0x2862513c", "_our_name": "p0y28627742"}