{"id": "battle-gen9randombattle-1180", "formatid": "gen9randombattle", "format": "[Gen 9] Random Battle", "players": ["p0x1180481d", "p0y11807148"], "log": "|init|battle\n|title|p0x1180481d vs. p0y11807148\n|j|\u2606p0x1180481d\n|j|\u2606p0y11807148\n|t:|1783552788\n|gametype|singles\n|player|p1|p0x1180481d|101|\n|player|p2|p0y11807148|101|\n|gen|9\n|tier|[Gen 9] Random Battle\n|rule|Species Clause: Limit one of each Pok\u00e9mon\n|rule|HP Percentage Mod: HP is shown in percentages\n|rule|Sleep Clause Mod: Limit one foe put to sleep\n|rule|Illusion Level Mod: Illusion disguises the Pok\u00e9mon's true level\n|\n|t:|1783552788\n|teamsize|p1|6\n|teamsize|p2|6\n|start\n|switch|p1a: Slither Wing|Slither Wing, L81|270/270\n|switch|p2a: Stantler|Stantler, L92, F|100/100\n|-ability|p2a: Stantler|Intimidate|boost\n|-unboost|p1a: Slither Wing|atk|1\n|turn|1\n|inactive|Battle timer is ON: inactive players will automatically lose when time's up. (requested by p0x1180481d)\n|inactive|p0y11807148 also wants the timer to be on.\n|\n|t:|1783552790\n|-end|p1a: Slither Wing|Protosynthesis|[silent]\n|switch|p1a: Rampardos|Rampardos, L90, M|321/321\n|move|p2a: Stantler|Body Slam|p1a: Rampardos\n|-resisted|p1a: Rampardos\n|-damage|p1a: Rampardos|252/321\n|\n|upkeep\n|turn|2\n|inactive|Time left: 300 sec this turn | 300 sec total\n|\n|t:|1783552791\n|move|p1a: Rampardos|Earthquake|p2a: Stantler\n|-damage|p2a: Stantler|64/100\n|move|p2a: Stantler|Earthquake|p1a: Rampardos\n|-supereffective|p1a: Rampardos\n|-damage|p1a: Rampardos|46/321\n|\n|upkeep\n|turn|3\n|inactive|Time left: 300 sec this turn | 300 sec total\n|\n|t:|1783552792\n|move|p1a: Rampardos|Earthquake|p2a: Stantler\n|-damage|p2a: Stantler|28/100\n|move|p2a: Stantler|Body Slam|p1a: Rampardos\n|-resisted|p1a: Rampardos\n|-crit|p1a: Rampardos\n|-damage|p1a: Rampardos|0 fnt\n|faint|p1a: Rampardos\n|\n|upkeep\n|inactive|Time left: 300 sec this turn | 300 sec total | 5 sec grace\n|\n|t:|1783552793\n|switch|p1a: Registeel|Registeel, L81|262/262\n|turn|4\n|inactive|Time left: 300 sec this turn | 300 sec total\n|\n|t:|1783552794\n|switch|p2a: Cresselia|Cresselia, L80, F|100/100\n|move|p1a: Registeel|Stealth Rock|p2a: Cresselia\n|-sidestart|p2: p0y11807148|move: Stealth Rock\n|\n|upkeep\n|turn|5\n|inactive|Time left: 300 sec this turn | 300 sec total\n|\n|t:|1783552795\n|move|p2a: Cresselia|Calm Mind|p2a: Cresselia\n|-boost|p2a: Cresselia|spa|1\n|-boost|p2a: Cresselia|spd|1\n|move|p1a: Registeel|Thunder Wave|p2a: Cresselia\n|-status|p2a: Cresselia|par\n|\n|upkeep\n|turn|6\n|inactive|Time left: 300 sec this turn | 300 sec total\n|\n|t:|1783552796\n|move|p1a: Registeel|Iron Head|p2a: Cresselia\n|-damage|p2a: Cresselia|83/100 par\n|move|p2a: Cresselia|Psyshock|p1a: Registeel\n|-resisted|p1a: Registeel\n|-damage|p1a: Registeel|229/262\n|\n|-heal|p1a: Registeel|245/262|[from] item: Leftovers\n|-heal|p2a: Cresselia|89/100 par|[from] item: Leftovers\n|upkeep\n|turn|7\n|inactive|Time left: 300 sec this turn | 300 sec total\n|\n|t:|1783552797\n|move|p1a: Registeel|Iron Head|p2a: Cresselia\n|-damage|p2a: Cresselia|71/100 par\n|move|p2a: Cresselia|Calm Mind|p2a: Cresselia\n|-boost|p2a: Cresselia|spa|1\n|-boost|p2a: Cresselia|spd|1\n|\n|-heal|p1a: Registeel|261/262|[from] item: Leftovers\n|-heal|p2a: Cresselia|77/100 par|[from] item: Leftovers\n|upkeep\n|turn|8\n|inactive|Time left: 300 sec this turn | 300 sec total\n|\n|t:|1783552798\n|move|p1a: Registeel|Iron Head|p2a: Cresselia\n|-damage|p2a: Cresselia|60/100 par\n|cant|p2a: Cresselia|par\n|\n|-heal|p1a: Registeel|262/262|[from] item: Leftovers\n|-heal|p2a: Cresselia|66/100 par|[from] item: Leftovers\n|upkeep\n|turn|9\n|inactive|Time left: 300 sec this turn | 300 sec total\n|\n|t:|1783552800\n|switch|p1a: Entei|Entei, L78|307/307\n|cant|p2a: Cresselia|par\n|\n|-heal|p2a: Cresselia|73/100 par|[from] item: Leftovers\n|upkeep\n|turn|10\n|inactive|Time left: 300 sec this turn | 300 sec total\n|\n|t:|1783552801\n|move|p1a: Entei|Flare Blitz|p2a: Cresselia\n|-damage|p2a: Cresselia|17/100 par\n|-damage|p1a: Entei|247/307|[from] Recoil\n|move|p2a: Cresselia|Moonlight|p2a: Cresselia\n|-heal|p2a: Cresselia|66/100 par\n|\n|-heal|p2a: Cresselia|73/100 par|[from] item: Leftovers\n|upkeep\n|turn|11\n|inactive|Time left: 300 sec this turn | 300 sec total\n|\n|t:|1783552802\n|move|p1a: Entei|Flare Blitz|p2a: Cresselia\n|-damage|p2a: Cresselia|18/100 par\n|-damage|p1a: Entei|189/307|[from] Recoil\n|cant|p2a: Cresselia|par\n|\n|-heal|p2a: Cresselia|24/100 par|[from] item: Leftovers\n|upkeep\n|turn|12\n|inactive|Time left: 300 sec this turn | 300 sec total\n|\n|t:|1783552803\n|move|p1a: Entei|Flare Blitz|p2a: Cresselia\n|-damage|p2a: Cresselia|0 fnt\n|faint|p2a: Cresselia\n|-damage|p1a: Entei|164/307|[from] Recoil\n|\n|upkeep\n|\n|t:|1783552804\n|switch|p2a: Stantler|Stantler, L92, F|28/100\n|-damage|p2a: Stantler|16/100|[from] Stealth Rock\n|-ability|p2a: Stantler|Intimidate|boost\n|-fail|p1a: Entei|unboost|Attack|[from] ability: Inner Focus|[of] p1a: Entei\n|turn|13\n|inactive|Time left: 300 sec this turn | 300 sec total\n|\n|t:|1783552805\n|switch|p1a: Shaymin|Shaymin, L82|298/298\n|move|p2a: Stantler|Earthquake|p1a: Shaymin\n|-resisted|p1a: Shaymin\n|-damage|p1a: Shaymin|262/298\n|\n|-heal|p1a: Shaymin|280/298|[from] item: Leftovers\n|upkeep\n|turn|14\n|inactive|Time left: 300 sec this turn | 300 sec total\n|\n|t:|1783552806\n|move|p1a: Shaymin|Seed Flare|p2a: Stantler\n|-damage|p2a: Stantler|0 fnt\n|faint|p2a: Stantler\n|\n|-heal|p1a: Shaymin|298/298|[from] item: Leftovers\n|upkeep\n|\n|t:|1783552807\n|switch|p2a: Vivillon|Vivillon-Archipelago, L83, M|100/100\n|turn|15\n|inactive|Time left: 300 sec this turn | 300 sec total\n|\n|t:|1783552808\n|move|p1a: Shaymin|Air Slash|p2a: Vivillon\n|-supereffective|p2a: Vivillon\n|-crit|p2a: Vivillon\n|-damage|p2a: Vivillon|21/100\n|move|p2a: Vivillon|Quiver Dance|p2a: Vivillon\n|-boost|p2a: Vivillon|spa|1\n|-boost|p2a: Vivillon|spd|1\n|-boost|p2a: Vivillon|spe|1\n|\n|upkeep\n|turn|16\n|inactive|Time left: 300 sec this turn | 300 sec total\n|\n|t:|1783552809\n|-terastallize|p1a: Shaymin|Steel\n|move|p2a: Vivillon|Hurricane|p1a: Shaymin\n|-resisted|p1a: Shaymin\n|-damage|p1a: Shaymin|229/298\n|move|p1a: Shaymin|Air Slash|p2a: Vivillon\n|-supereffective|p2a: Vivillon\n|-damage|p2a: Vivillon|0 fnt\n|faint|p2a: Vivillon\n|\n|-heal|p1a: Shaymin|247/298|[from] item: Leftovers\n|upkeep\n|\n|t:|1783552810\n|switch|p2a: Groudon|Groudon, L72|100/100\n|-damage|p2a: Groudon|94/100|[from] Stealth Rock\n|-weather|SunnyDay|[from] ability: Drought|[of] p2a: Groudon\n|turn|17\n|inactive|Time left: 300 sec this turn | 300 sec total\n|\n|t:|1783552811\n|-terastallize|p2a: Groudon|Fire\n|move|p1a: Shaymin|Seed Flare|p2a: Groudon\n|-resisted|p2a: Groudon\n|-damage|p2a: Groudon|69/100\n|-unboost|p2a: Groudon|spd|2\n|move|p2a: Groudon|Heat Crash|p1a: Shaymin\n|-supereffective|p1a: Shaymin\n|-damage|p1a: Shaymin|0 fnt\n|faint|p1a: Shaymin\n|\n|-weather|SunnyDay|[upkeep]\n|-heal|p2a: Groudon|75/100|[from] item: Leftovers\n|upkeep\n|inactive|Time left: 300 sec this turn | 300 sec total | 5 sec grace\n|\n|t:|1783552812\n|switch|p1a: Slither Wing|Slither Wing, L81|270/270\n|-activate|p1a: Slither Wing|ability: Protosynthesis\n|-start|p1a: Slither Wing|protosynthesisatk\n|turn|18\n|inactive|Time left: 300 sec this turn | 300 sec total\n|\n|t:|1783552813\n|move|p1a: Slither Wing|Close Combat|p2a: Groudon\n|-damage|p2a: Groudon|0 fnt\n|-unboost|p1a: Slither Wing|def|1\n|-unboost|p1a: Slither Wing|spd|1\n|faint|p2a: Groudon\n|-damage|p1a: Slither Wing|243/270|[from] item: Life Orb\n|\n|-weather|SunnyDay|[upkeep]\n|upkeep\n|\n|t:|1783552814\n|switch|p2a: Sinistcha|Sinistcha-Masterpiece, L83|100/100\n|-damage|p2a: Sinistcha|88/100|[from] Stealth Rock\n|turn|19\n|inactive|Time left: 300 sec this turn | 300 sec total\n|\n|t:|1783552815\n|move|p1a: Slither Wing|Flare Blitz|p2a: Sinistcha\n|-supereffective|p2a: Sinistcha\n|-damage|p2a: Sinistcha|2/100\n|-damage|p1a: Slither Wing|171/270|[from] Recoil\n|-damage|p1a: Slither Wing|144/270|[from] item: Life Orb\n|move|p2a: Sinistcha|Strength Sap|p1a: Slither Wing\n|-unboost|p1a: Slither Wing|atk|1\n|-heal|p2a: Sinistcha|100/100\n|\n|-weather|SunnyDay|[upkeep]\n|upkeep\n|turn|20\n|inactive|Time left: 300 sec this turn | 300 sec total\n|\n|t:|1783552816\n|move|p1a: Slither Wing|U-turn|p2a: Sinistcha\n|-damage|p2a: Sinistcha|65/100\n|-damage|p1a: Slither Wing|117/270|[from] item: Life Orb\n|inactive|Time left: 300 sec this turn | 300 sec total | 5 sec grace\n|\n|t:|1783552817\n|-end|p1a: Slither Wing|Protosynthesis|[silent]\n|switch|p1a: Entei|Entei, L78|164/307|[from] U-turn\n|move|p2a: Sinistcha|Strength Sap|p1a: Entei\n|-unboost|p1a: Entei|atk|1\n|-heal|p2a: Sinistcha|100/100\n|\n|-weather|SunnyDay|[upkeep]\n|upkeep\n|turn|21\n|inactive|Time left: 300 sec this turn | 300 sec total\n|\n|t:|1783552818\n|move|p1a: Entei|Sacred Fire|p2a: Sinistcha\n|-supereffective|p2a: Sinistcha\n|-damage|p2a: Sinistcha|44/100\n|-status|p2a: Sinistcha|brn\n|move|p2a: Sinistcha|Strength Sap|p1a: Entei\n|-unboost|p1a: Entei|atk|1\n|-heal|p2a: Sinistcha|100/100 brn\n|\n|-weather|none\n|-damage|p2a: Sinistcha|98/100 brn|[from] brn\n|upkeep\n|turn|22\n|inactive|Time left: 300 sec this turn | 300 sec total\n|\n|t:|1783552819\n|move|p1a: Entei|Sacred Fire|p2a: Sinistcha\n|-supereffective|p2a: Sinistcha\n|-damage|p2a: Sinistcha|71/100 brn\n|move|p2a: Sinistcha|Calm Mind|p2a: Sinistcha\n|-boost|p2a: Sinistcha|spa|1\n|-boost|p2a: Sinistcha|spd|1\n|\n|-heal|p2a: Sinistcha|77/100 brn|[from] item: Leftovers\n|-damage|p2a: Sinistcha|74/100 brn|[from] brn\n|upkeep\n|turn|23\n|inactive|Time left: 300 sec this turn | 300 sec total\n|\n|t:|1783552820\n|move|p1a: Entei|Sacred Fire|p2a: Sinistcha\n|-supereffective|p2a: Sinistcha\n|-damage|p2a: Sinistcha|47/100 brn\n|move|p2a: Sinistcha|Calm Mind|p2a: Sinistcha\n|-boost|p2a: Sinistcha|spa|1\n|-boost|p2a: Sinistcha|spd|1\n|\n|-heal|p2a: Sinistcha|53/100 brn|[from] item: Leftovers\n|-damage|p2a: Sinistcha|50/100 brn|[from] brn\n|upkeep\n|turn|24\n|inactive|Time left: 300 sec this turn | 300 sec total\n|\n|t:|1783552821\n|move|p1a: Entei|Sacred Fire|p2a: Sinistcha\n|-supereffective|p2a: Sinistcha\n|-damage|p2a: Sinistcha|25/100 brn\n|move|p2a: Sinistcha|Strength Sap|p1a: Entei\n|-unboost|p1a: Entei|atk|1\n|-heal|p2a: Sinistcha|69/100 brn\n|\n|-heal|p2a: Sinistcha|75/100 brn|[from] item: Leftovers\n|-damage|p2a: Sinistcha|72/100 brn|[from] brn\n|upkeep\n|turn|25\n|inactive|Time left: 300 sec this turn | 300 sec total\n|\n|t:|1783552822\n|move|p1a: Entei|Sacred Fire|p2a: Sinistcha\n|-supereffective|p2a: Sinistcha\n|-damage|p2a: Sinistcha|50/100 brn\n|move|p2a: Sinistcha|Matcha Gotcha|p1a: Entei\n|-resisted|p1a: Entei\n|-damage|p1a: Entei|34/307\n|-heal|p2a: Sinistcha|75/100 brn|[from] drain|[of] p1a: Entei\n|\n|-heal|p2a: Sinistcha|81/100 brn|[from] item: Leftovers\n|-damage|p2a: Sinistcha|78/100 brn|[from] brn\n|upkeep\n|turn|26\n|inactive|Time left: 300 sec this turn | 300 sec total\n|\n|t:|1783552823\n|move|p1a: Entei|Sacred Fire|p2a: Sinistcha\n|-supereffective|p2a: Sinistcha\n|-damage|p2a: Sinistcha|57/100 brn\n|move|p2a: Sinistcha|Shadow Ball|p1a: Entei\n|-damage|p1a: Entei|0 fnt\n|faint|p1a: Entei\n|\n|-heal|p2a: Sinistcha|63/100 brn|[from] item: Leftovers\n|-damage|p2a: Sinistcha|60/100 brn|[from] brn\n|upkeep\n|inactive|Time left: 300 sec this turn | 300 sec total | 5 sec grace\n|\n|t:|1783552824\n|switch|p1a: Tauros|Tauros, L82, M|257/257\n|turn|27\n|inactive|Time left: 300 sec this turn | 300 sec total\n|\n|t:|1783552825\n|move|p1a: Tauros|Throat Chop|p2a: Sinistcha\n|-supereffective|p2a: Sinistcha\n|-damage|p2a: Sinistcha|0 fnt\n|faint|p2a: Sinistcha\n|\n|upkeep\n|\n|t:|1783552826\n|switch|p2a: Calyrex|Calyrex-Ice, L72|100/100\n|-ability|p2a: Calyrex|As One\n|-ability|p2a: Calyrex|Unnerve\n|turn|28\n|inactive|Time left: 300 sec this turn | 300 sec total\n|\n|t:|1783552826\n|move|p1a: Tauros|Throat Chop|p2a: Calyrex\n|-supereffective|p2a: Calyrex\n|-damage|p2a: Calyrex|47/100\n|move|p2a: Calyrex|High Horsepower|p1a: Tauros|[miss]\n|-miss|p2a: Calyrex|p1a: Tauros\n|\n|upkeep\n|turn|29\n|inactive|Time left: 300 sec this turn | 300 sec total\n|\n|t:|1783552827\n|move|p1a: Tauros|Throat Chop|p2a: Calyrex\n|-supereffective|p2a: Calyrex\n|-damage|p2a: Calyrex|0 fnt\n|faint|p2a: Calyrex\n|\n|win|p0x1180481d", "uploadtime": 1783552827, "views": 0, "rating": 0, "private": 0, "password": null, "_winner": "p0x1180481d", "_our_name": "p0x1180481d"}