{"id": "battle-gen9randombattle-556", "formatid": "gen9randombattle", "format": "[Gen 9] Random Battle", "players": ["p0x556c925", "p0y556b615"], "log": "|init|battle\n|title|p0x556c925 vs. p0y556b615\n|j|\u2606p0x556c925\n|j|\u2606p0y556b615\n|t:|1783545526\n|gametype|singles\n|player|p1|p0x556c925|169|\n|player|p2|p0y556b615|102|\n|gen|9\n|tier|[Gen 9] Random Battle\n|rule|Species Clause: Limit one of each Pok\u00e9mon\n|rule|HP Percentage Mod: HP is shown in percentages\n|rule|Sleep Clause Mod: Limit one foe put to sleep\n|rule|Illusion Level Mod: Illusion disguises the Pok\u00e9mon's true level\n|\n|t:|1783545526\n|teamsize|p1|6\n|teamsize|p2|6\n|start\n|switch|p1a: Swanna|Swanna, L89, F|278/278\n|switch|p2a: Pelipper|Pelipper, L86, M|100/100\n|-weather|RainDance|[from] ability: Drizzle|[of] p2a: Pelipper\n|turn|1\n|inactive|Battle timer is ON: inactive players will automatically lose when time's up. (requested by p0x556c925)\n|\n|t:|1783545528\n|move|p1a: Swanna|Hydro Pump|p2a: Pelipper\n|-resisted|p2a: Pelipper\n|-damage|p2a: Pelipper|55/100\n|move|p2a: Pelipper|Hurricane|p1a: Swanna\n|-damage|p1a: Swanna|56/278\n|\n|-weather|RainDance|[upkeep]\n|upkeep\n|turn|2\n|inactive|Time left: 300 sec this turn | 300 sec total\n|inactive|p0y556b615 also wants the timer to be on.\n|\n|t:|1783545529\n|move|p1a: Swanna|Brave Bird|p2a: Pelipper\n|-damage|p2a: Pelipper|4/100\n|-damage|p1a: Swanna|15/278|[from] Recoil\n|move|p2a: Pelipper|Hurricane|p1a: Swanna\n|-damage|p1a: Swanna|0 fnt\n|faint|p1a: Swanna\n|\n|-weather|RainDance|[upkeep]\n|upkeep\n|inactive|Time left: 300 sec this turn | 300 sec total | 5 sec grace\n|\n|t:|1783545530\n|switch|p1a: Inteleon|Inteleon, L81, F|246/246\n|turn|3\n|inactive|Time left: 300 sec this turn | 300 sec total\n|\n|t:|1783545532\n|switch|p2a: Palkia|Palkia-Origin, L72|100/100\n|-ability|p2a: Palkia|Pressure\n|move|p1a: Inteleon|Scald|p2a: Palkia\n|-resisted|p2a: Palkia\n|-damage|p2a: Palkia|79/100\n|\n|-weather|RainDance|[upkeep]\n|upkeep\n|turn|4\n|inactive|Time left: 300 sec this turn | 300 sec total\n|\n|t:|1783545533\n|move|p1a: Inteleon|Scald|p2a: Palkia\n|-resisted|p2a: Palkia\n|-damage|p2a: Palkia|61/100\n|-status|p2a: Palkia|brn\n|move|p2a: Palkia|Spacial Rend|p1a: Inteleon\n|-crit|p1a: Inteleon\n|-damage|p1a: Inteleon|0 fnt\n|faint|p1a: Inteleon\n|\n|-weather|RainDance|[upkeep]\n|-damage|p2a: Palkia|55/100 brn|[from] brn\n|upkeep\n|inactive|Time left: 300 sec this turn | 300 sec total | 5 sec grace\n|\n|t:|1783545534\n|switch|p1a: Leafeon|Leafeon, L88, F|258/258\n|turn|5\n|inactive|Time left: 300 sec this turn | 300 sec total\n|\n|t:|1783545535\n|switch|p2a: Emboar|Emboar, L84, F|100/100\n|move|p1a: Leafeon|Swords Dance|p1a: Leafeon\n|-boost|p1a: Leafeon|atk|2\n|\n|-weather|none\n|upkeep\n|turn|6\n|inactive|Time left: 300 sec this turn | 300 sec total\n|\n|t:|1783545536\n|move|p1a: Leafeon|Double-Edge|p2a: Emboar\n|-damage|p2a: Emboar|2/100\n|-damage|p1a: Leafeon|153/258|[from] Recoil\n|-damage|p1a: Leafeon|128/258|[from] item: Life Orb\n|move|p2a: Emboar|Flare Blitz|p1a: Leafeon\n|-supereffective|p1a: Leafeon\n|-damage|p1a: Leafeon|0 fnt\n|faint|p1a: Leafeon\n|-damage|p2a: Emboar|0 fnt|[from] Recoil\n|faint|p2a: Emboar\n|\n|upkeep\n|inactive|Time left: 300 sec this turn | 300 sec total | 5 sec grace\n|\n|t:|1783545537\n|switch|p1a: Lokix|Lokix, L82, M|251/251\n|switch|p2a: Kricketune|Kricketune, L99, F|100/100\n|turn|7\n|inactive|Time left: 300 sec this turn | 300 sec total\n|\n|t:|1783545538\n|switch|p1a: Vespiquen|Vespiquen, L99, F|299/299\n|-ability|p1a: Vespiquen|Pressure\n|move|p2a: Kricketune|Pounce|p1a: Vespiquen\n|-resisted|p1a: Vespiquen\n|-damage|p1a: Vespiquen|263/299\n|-unboost|p1a: Vespiquen|spe|1\n|\n|upkeep\n|turn|8\n|inactive|Time left: 300 sec this turn | 300 sec total\n|\n|t:|1783545539\n|move|p2a: Kricketune|Sticky Web|p1a: Vespiquen\n|-sidestart|p1: p0x556c925|move: Sticky Web\n|move|p1a: Vespiquen|Air Slash|p2a: Kricketune\n|-supereffective|p2a: Kricketune\n|-damage|p2a: Kricketune|27/100\n|\n|upkeep\n|turn|9\n|inactive|Time left: 300 sec this turn | 300 sec total\n|\n|t:|1783545540\n|move|p2a: Kricketune|Knock Off|p1a: Vespiquen\n|-damage|p1a: Vespiquen|199/299\n|-enditem|p1a: Vespiquen|Heavy-Duty Boots|[from] move: Knock Off|[of] p2a: Kricketune\n|move|p1a: Vespiquen|Air Slash|p2a: Kricketune\n|-supereffective|p2a: Kricketune\n|-damage|p2a: Kricketune|0 fnt\n|faint|p2a: Kricketune\n|\n|upkeep\n|\n|t:|1783545541\n|switch|p2a: Pelipper|Pelipper, L86, M|4/100\n|-weather|RainDance|[from] ability: Drizzle|[of] p2a: Pelipper\n|turn|10\n|inactive|Time left: 300 sec this turn | 300 sec total\n|\n|t:|1783545542\n|move|p2a: Pelipper|Hurricane|p1a: Vespiquen\n|-supereffective|p1a: Vespiquen\n|-damage|p1a: Vespiquen|0 fnt\n|faint|p1a: Vespiquen\n|\n|-weather|RainDance|[upkeep]\n|upkeep\n|inactive|Time left: 300 sec this turn | 300 sec total | 5 sec grace\n|\n|t:|1783545543\n|switch|p1a: Lokix|Lokix, L82, M|251/251\n|-activate|p1a: Lokix|move: Sticky Web\n|-unboost|p1a: Lokix|spe|1\n|turn|11\n|inactive|Time left: 300 sec this turn | 300 sec total\n|\n|t:|1783545544\n|move|p1a: Lokix|Sucker Punch|p2a: Pelipper\n|-damage|p2a: Pelipper|0 fnt\n|faint|p2a: Pelipper\n|-damage|p1a: Lokix|226/251|[from] item: Life Orb\n|\n|-weather|RainDance|[upkeep]\n|upkeep\n|\n|t:|1783545545\n|switch|p2a: Palkia|Palkia-Origin, L72|55/100 brn\n|-ability|p2a: Palkia|Pressure\n|turn|12\n|inactive|Time left: 300 sec this turn | 300 sec total\n|\n|t:|1783545546\n|-terastallize|p1a: Lokix|Dark\n|move|p1a: Lokix|Sucker Punch|p2a: Palkia\n|-damage|p2a: Palkia|0 fnt\n|faint|p2a: Palkia\n|-damage|p1a: Lokix|201/251|[from] item: Life Orb\n|\n|-weather|RainDance|[upkeep]\n|upkeep\n|\n|t:|1783545547\n|switch|p2a: Sunflora|Sunflora, F|100/100\n|turn|13\n|inactive|Time left: 300 sec this turn | 300 sec total\n|\n|t:|1783545548\n|move|p1a: Lokix|Knock Off|p2a: Sunflora\n|-damage|p2a: Sunflora|34/100\n|-enditem|p2a: Sunflora|Life Orb|[from] move: Knock Off|[of] p1a: Lokix\n|-damage|p1a: Lokix|176/251|[from] item: Life Orb\n|move|p2a: Sunflora|Weather Ball|p1a: Lokix\n|-damage|p1a: Lokix|0 fnt\n|faint|p1a: Lokix\n|\n|-weather|RainDance|[upkeep]\n|upkeep\n|inactive|Time left: 300 sec this turn | 300 sec total | 5 sec grace\n|\n|t:|1783545549\n|switch|p1a: Umbreon|Umbreon, L84, F|297/297\n|-activate|p1a: Umbreon|move: Sticky Web\n|-unboost|p1a: Umbreon|spe|1\n|turn|14\n|inactive|Time left: 300 sec this turn | 300 sec total\n|\n|t:|1783545550\n|move|p2a: Sunflora|Weather Ball|p1a: Umbreon\n|-damage|p1a: Umbreon|188/297\n|move|p1a: Umbreon|Foul Play|p2a: Sunflora\n|-damage|p2a: Sunflora|4/100\n|\n|-weather|none\n|-heal|p1a: Umbreon|206/297|[from] item: Leftovers\n|upkeep\n|turn|15\n|inactive|Time left: 300 sec this turn | 300 sec total\n|\n|t:|1783545550\n|move|p2a: Sunflora|Earth Power|p1a: Umbreon\n|-damage|p1a: Umbreon|138/297\n|move|p1a: Umbreon|Foul Play|p2a: Sunflora\n|-damage|p2a: Sunflora|0 fnt\n|faint|p2a: Sunflora\n|\n|-heal|p1a: Umbreon|156/297|[from] item: Leftovers\n|upkeep\n|\n|t:|1783545551\n|switch|p2a: Cyclizar|Cyclizar, L84, M|100/100\n|turn|16\n|inactive|Time left: 300 sec this turn | 300 sec total\n|\n|t:|1783545552\n|-terastallize|p2a: Cyclizar|Dragon\n|move|p2a: Cyclizar|Draco Meteor|p1a: Umbreon\n|-damage|p1a: Umbreon|22/297\n|-unboost|p2a: Cyclizar|spa|2\n|move|p1a: Umbreon|Foul Play|p2a: Cyclizar\n|-damage|p2a: Cyclizar|50/100\n|\n|-heal|p1a: Umbreon|40/297|[from] item: Leftovers\n|upkeep\n|turn|17\n|inactive|Time left: 300 sec this turn | 300 sec total\n|\n|t:|1783545553\n|move|p1a: Umbreon|Protect|p1a: Umbreon\n|-singleturn|p1a: Umbreon|Protect\n|move|p2a: Cyclizar|Rapid Spin|p1a: Umbreon\n|-activate|p1a: Umbreon|move: Protect\n|\n|-heal|p1a: Umbreon|58/297|[from] item: Leftovers\n|upkeep\n|turn|18\n|inactive|Time left: 300 sec this turn | 300 sec total\n|\n|t:|1783545554\n|move|p1a: Umbreon|Protect||[still]\n|-fail|p1a: Umbreon\n|move|p2a: Cyclizar|Draco Meteor|p1a: Umbreon\n|-damage|p1a: Umbreon|0 fnt\n|-unboost|p2a: Cyclizar|spa|2\n|faint|p1a: Umbreon\n|\n|win|p0y556b615", "uploadtime": 1783545554, "views": 0, "rating": 0, "private": 0, "password": null, "_winner": "p0y556b615", "_our_name": "p0x556c925"}