{"id": "battle-gen9randombattle-2076", "formatid": "gen9randombattle", "format": "[Gen 9] Random Battle", "players": ["p0x20762fe9", "p0y207629e9"], "log": "|init|battle\n|title|p0x20762fe9 vs. p0y207629e9\n|j|\u2606p0x20762fe9\n|j|\u2606p0y207629e9\n|t:|1783563233\n|gametype|singles\n|player|p1|p0x20762fe9|265|\n|player|p2|p0y207629e9|265|\n|gen|9\n|tier|[Gen 9] Random Battle\n|rule|Species Clause: Limit one of each Pok\u00e9mon\n|rule|HP Percentage Mod: HP is shown in percentages\n|rule|Sleep Clause Mod: Limit one foe put to sleep\n|rule|Illusion Level Mod: Illusion disguises the Pok\u00e9mon's true level\n|\n|t:|1783563233\n|teamsize|p1|6\n|teamsize|p2|6\n|start\n|switch|p1a: Toucannon|Toucannon, L88, M|100/100\n|switch|p2a: Dragonite|Dragonite, L74, M|257/257\n|turn|1\n|inactive|Battle timer is ON: inactive players will automatically lose when time's up. (requested by p0y207629e9)\n|\n|t:|1783563235\n|-singleturn|p1a: Toucannon|move: Beak Blast\n|move|p2a: Dragonite|Dragon Dance|p2a: Dragonite\n|-boost|p2a: Dragonite|atk|1\n|-boost|p2a: Dragonite|spe|1\n|move|p1a: Toucannon|Beak Blast|p2a: Dragonite\n|-damage|p2a: Dragonite|185/257\n|\n|upkeep\n|turn|2\n|inactive|Time left: 300 sec this turn | 300 sec total\n|inactive|p0x20762fe9 also wants the timer to be on.\n|\n|t:|1783563236\n|-terastallize|p1a: Toucannon|Steel\n|-singleturn|p1a: Toucannon|move: Beak Blast\n|move|p2a: Dragonite|Outrage|p1a: Toucannon\n|-resisted|p1a: Toucannon\n|-damage|p1a: Toucannon|66/100\n|-status|p2a: Dragonite|brn\n|move|p1a: Toucannon|Beak Blast|p2a: Dragonite\n|-damage|p2a: Dragonite|43/257 brn\n|\n|-damage|p2a: Dragonite|27/257 brn|[from] brn\n|upkeep\n|turn|3\n|inactive|Time left: 300 sec this turn | 300 sec total\n|\n|t:|1783563237\n|move|p2a: Dragonite|Outrage|p1a: Toucannon|[from] lockedmove\n|-resisted|p1a: Toucannon\n|-damage|p1a: Toucannon|48/100\n|move|p1a: Toucannon|Roost|p1a: Toucannon\n|-heal|p1a: Toucannon|98/100\n|\n|-damage|p2a: Dragonite|11/257 brn|[from] brn\n|upkeep\n|turn|4\n|inactive|Time left: 300 sec this turn | 300 sec total\n|\n|t:|1783563238\n|move|p2a: Dragonite|Outrage|p1a: Toucannon|[from] lockedmove\n|-resisted|p1a: Toucannon\n|-damage|p1a: Toucannon|80/100\n|-start|p2a: Dragonite|confusion|[fatigue]\n|move|p1a: Toucannon|Roost|p1a: Toucannon\n|-heal|p1a: Toucannon|100/100\n|\n|-damage|p2a: Dragonite|0 fnt|[from] brn\n|faint|p2a: Dragonite\n|upkeep\n|inactive|Time left: 300 sec this turn | 300 sec total | 5 sec grace\n|\n|t:|1783563239\n|switch|p2a: Staraptor|Staraptor, L79, M|263/263\n|turn|5\n|inactive|Time left: 300 sec this turn | 300 sec total\n|\n|t:|1783563240\n|-singleturn|p1a: Toucannon|move: Beak Blast\n|move|p2a: Staraptor|Close Combat|p1a: Toucannon\n|-supereffective|p1a: Toucannon\n|-damage|p1a: Toucannon|8/100\n|-status|p2a: Staraptor|brn\n|-unboost|p2a: Staraptor|def|1\n|-unboost|p2a: Staraptor|spd|1\n|move|p1a: Toucannon|Beak Blast|p2a: Staraptor\n|-damage|p2a: Staraptor|1/263 brn\n|\n|-damage|p2a: Staraptor|0 fnt|[from] brn\n|faint|p2a: Staraptor\n|upkeep\n|inactive|Time left: 300 sec this turn | 300 sec total | 5 sec grace\n|\n|t:|1783563240\n|switch|p2a: Calyrex|Calyrex-Shadow, L64|235/235\n|-ability|p2a: Calyrex|As One\n|-ability|p2a: Calyrex|Unnerve\n|turn|6\n|inactive|Time left: 300 sec this turn | 300 sec total\n|\n|t:|1783563242\n|switch|p1a: Moltres|Moltres-Galar, L79|100/100\n|move|p2a: Calyrex|Astral Barrage|p1a: Moltres\n|-resisted|p1a: Moltres\n|-damage|p1a: Moltres|76/100\n|\n|upkeep\n|turn|7\n|inactive|Time left: 300 sec this turn | 300 sec total\n|\n|t:|1783563243\n|switch|p2a: Weavile|Weavile, L79, F|240/240\n|move|p1a: Moltres|Fiery Wrath|p2a: Weavile\n|-resisted|p2a: Weavile\n|-damage|p2a: Weavile|191/240\n|\n|upkeep\n|turn|8\n|inactive|Time left: 300 sec this turn | 300 sec total\n|\n|t:|1783563244\n|switch|p1a: Poliwrath|Poliwrath, L88, F|100/100\n|move|p2a: Weavile|Triple Axel|p1a: Poliwrath\n|-resisted|p1a: Poliwrath\n|-damage|p1a: Poliwrath|97/100\n|-resisted|p1a: Poliwrath\n|-damage|p1a: Poliwrath|91/100\n|-resisted|p1a: Poliwrath\n|-damage|p1a: Poliwrath|80/100\n|-hitcount|p1a: Poliwrath|3\n|\n|-heal|p1a: Poliwrath|86/100|[from] item: Leftovers\n|upkeep\n|turn|9\n|inactive|Time left: 300 sec this turn | 300 sec total\n|\n|t:|1783563245\n|switch|p2a: Calyrex|Calyrex-Shadow, L64|235/235\n|-ability|p2a: Calyrex|As One\n|-ability|p2a: Calyrex|Unnerve\n|move|p1a: Poliwrath|Liquidation|p2a: Calyrex\n|-damage|p2a: Calyrex|100/235\n|\n|-heal|p1a: Poliwrath|92/100|[from] item: Leftovers\n|upkeep\n|turn|10\n|inactive|Time left: 300 sec this turn | 300 sec total\n|\n|t:|1783563246\n|move|p2a: Calyrex|Psyshock|p1a: Poliwrath\n|-supereffective|p1a: Poliwrath\n|-damage|p1a: Poliwrath|16/100\n|move|p1a: Poliwrath|Liquidation|p2a: Calyrex\n|-damage|p2a: Calyrex|0 fnt\n|faint|p2a: Calyrex\n|\n|-heal|p1a: Poliwrath|22/100|[from] item: Leftovers\n|upkeep\n|inactive|Time left: 300 sec this turn | 300 sec total | 5 sec grace\n|\n|t:|1783563247\n|switch|p2a: Pachirisu|Pachirisu, L96, M|271/271\n|turn|11\n|inactive|Time left: 300 sec this turn | 300 sec total\n|\n|t:|1783563248\n|switch|p1a: Snorlax|Snorlax, L82, F|100/100\n|move|p2a: Pachirisu|Discharge|p1a: Snorlax\n|-damage|p1a: Snorlax|85/100\n|-status|p1a: Snorlax|par\n|\n|upkeep\n|turn|12\n|inactive|Time left: 300 sec this turn | 300 sec total\n|\n|t:|1783563249\n|move|p2a: Pachirisu|Super Fang|p1a: Snorlax\n|-damage|p1a: Snorlax|43/100 par\n|cant|p1a: Snorlax|par\n|\n|upkeep\n|turn|13\n|inactive|Time left: 300 sec this turn | 300 sec total\n|\n|t:|1783563250\n|move|p2a: Pachirisu|U-turn|p1a: Snorlax\n|-damage|p1a: Snorlax|31/100 par\n|inactive|Time left: 300 sec this turn | 300 sec total | 5 sec grace\n|\n|t:|1783563251\n|switch|p2a: Weavile|Weavile, L79, F|191/240|[from] U-turn\n|cant|p1a: Snorlax|par\n|\n|upkeep\n|turn|14\n|inactive|Time left: 300 sec this turn | 300 sec total\n|\n|t:|1783563252\n|switch|p1a: Cobalion|Cobalion, L80|100/100\n|move|p2a: Weavile|Knock Off|p1a: Cobalion\n|-resisted|p1a: Cobalion\n|-damage|p1a: Cobalion|86/100\n|-ability|p1a: Cobalion|Justified|boost\n|-boost|p1a: Cobalion|atk|1\n|-enditem|p1a: Cobalion|Life Orb|[from] move: Knock Off|[of] p2a: Weavile\n|\n|upkeep\n|turn|15\n|inactive|Time left: 300 sec this turn | 300 sec total\n|\n|t:|1783563253\n|switch|p2a: Pachirisu|Pachirisu, L96, M|271/271\n|move|p1a: Cobalion|Close Combat|p2a: Pachirisu\n|-damage|p2a: Pachirisu|97/271\n|-unboost|p1a: Cobalion|def|1\n|-unboost|p1a: Cobalion|spd|1\n|\n|upkeep\n|turn|16\n|inactive|Time left: 300 sec this turn | 300 sec total\n|\n|t:|1783563254\n|move|p2a: Pachirisu|Discharge|p1a: Cobalion\n|-damage|p1a: Cobalion|43/100\n|move|p1a: Cobalion|Close Combat|p2a: Pachirisu\n|-damage|p2a: Pachirisu|0 fnt\n|-unboost|p1a: Cobalion|def|1\n|-unboost|p1a: Cobalion|spd|1\n|faint|p2a: Pachirisu\n|\n|upkeep\n|inactive|Time left: 300 sec this turn | 300 sec total | 5 sec grace\n|\n|t:|1783563255\n|switch|p2a: Weavile|Weavile, L79, F|191/240\n|turn|17\n|inactive|Time left: 300 sec this turn | 300 sec total\n|\n|t:|1783563256\n|-terastallize|p2a: Weavile|Ice\n|move|p2a: Weavile|Triple Axel|p1a: Cobalion\n|-resisted|p1a: Cobalion\n|-damage|p1a: Cobalion|35/100\n|-resisted|p1a: Cobalion\n|-damage|p1a: Cobalion|18/100\n|-resisted|p1a: Cobalion\n|-damage|p1a: Cobalion|0 fnt\n|faint|p1a: Cobalion\n|-hitcount|p1: Cobalion|3\n|\n|upkeep\n|\n|t:|1783563256\n|switch|p1a: Salazzle|Salazzle, L83, F|100/100\n|turn|18\n|inactive|Time left: 300 sec this turn | 300 sec total\n|\n|t:|1783563257\n|move|p2a: Weavile|Knock Off|p1a: Salazzle\n|-crit|p1a: Salazzle\n|-damage|p1a: Salazzle|16/100\n|-enditem|p1a: Salazzle|Leftovers|[from] move: Knock Off|[of] p2a: Weavile\n|move|p1a: Salazzle|Flamethrower|p2a: Weavile\n|-supereffective|p2a: Weavile\n|-damage|p2a: Weavile|0 fnt\n|faint|p2a: Weavile\n|\n|upkeep\n|inactive|Time left: 300 sec this turn | 300 sec total | 5 sec grace\n|\n|t:|1783563258\n|switch|p2a: Umbreon|Umbreon, L84, F|297/297\n|turn|19\n|inactive|Time left: 300 sec this turn | 300 sec total\n|\n|t:|1783563259\n|move|p1a: Salazzle|Toxic|p2a: Umbreon\n|-status|p2a: Umbreon|tox\n|-activate|p2a: Umbreon|ability: Synchronize\n|-immune|p1a: Salazzle\n|move|p2a: Umbreon|Foul Play|p1a: Salazzle\n|-damage|p1a: Salazzle|0 fnt\n|faint|p1a: Salazzle\n|\n|-damage|p2a: Umbreon|279/297 tox|[from] psn\n|upkeep\n|\n|t:|1783563260\n|switch|p1a: Poliwrath|Poliwrath, L88, F|22/100\n|turn|20\n|inactive|Time left: 300 sec this turn | 300 sec total\n|\n|t:|1783563261\n|move|p2a: Umbreon|Protect|p2a: Umbreon\n|-singleturn|p2a: Umbreon|Protect\n|move|p1a: Poliwrath|Drain Punch|p2a: Umbreon\n|-activate|p2a: Umbreon|move: Protect\n|\n|-heal|p1a: Poliwrath|28/100|[from] item: Leftovers\n|-heal|p2a: Umbreon|297/297 tox|[from] item: Leftovers\n|-damage|p2a: Umbreon|261/297 tox|[from] psn\n|upkeep\n|turn|21\n|inactive|Time left: 300 sec this turn | 300 sec total\n|\n|t:|1783563262\n|move|p1a: Poliwrath|Drain Punch|p2a: Umbreon\n|-supereffective|p2a: Umbreon\n|-damage|p2a: Umbreon|121/297 tox\n|-heal|p1a: Poliwrath|51/100|[from] drain|[of] p2a: Umbreon\n|move|p2a: Umbreon|Wish|p2a: Umbreon\n|\n|-heal|p1a: Poliwrath|57/100|[from] item: Leftovers\n|-heal|p2a: Umbreon|139/297 tox|[from] item: Leftovers\n|-damage|p2a: Umbreon|85/297 tox|[from] psn\n|upkeep\n|turn|22\n|inactive|Time left: 300 sec this turn | 300 sec total\n|\n|t:|1783563263\n|move|p2a: Umbreon|Protect|p2a: Umbreon\n|-singleturn|p2a: Umbreon|Protect\n|move|p1a: Poliwrath|Drain Punch|p2a: Umbreon\n|-activate|p2a: Umbreon|move: Protect\n|\n|-heal|p2a: Umbreon|233/297 tox|[from] move: Wish|[wisher] Umbreon\n|-heal|p1a: Poliwrath|63/100|[from] item: Leftovers\n|-heal|p2a: Umbreon|251/297 tox|[from] item: Leftovers\n|-damage|p2a: Umbreon|179/297 tox|[from] psn\n|upkeep\n|turn|23\n|inactive|Time left: 300 sec this turn | 300 sec total\n|\n|t:|1783563264\n|move|p1a: Poliwrath|Liquidation|p2a: Umbreon\n|-damage|p2a: Umbreon|98/297 tox\n|move|p2a: Umbreon|Wish|p2a: Umbreon\n|\n|-heal|p1a: Poliwrath|69/100|[from] item: Leftovers\n|-heal|p2a: Umbreon|116/297 tox|[from] item: Leftovers\n|-damage|p2a: Umbreon|26/297 tox|[from] psn\n|upkeep\n|turn|24\n|inactive|Time left: 300 sec this turn | 300 sec total\n|\n|t:|1783563265\n|switch|p1a: Moltres|Moltres-Galar, L79|76/100\n|move|p2a: Umbreon|Foul Play|p1a: Moltres\n|-resisted|p1a: Moltres\n|-damage|p1a: Moltres|63/100\n|\n|-heal|p2a: Umbreon|174/297 tox|[from] move: Wish|[wisher] Umbreon\n|-heal|p2a: Umbreon|192/297 tox|[from] item: Leftovers\n|-damage|p2a: Umbreon|84/297 tox|[from] psn\n|upkeep\n|turn|25\n|inactive|Time left: 300 sec this turn | 300 sec total\n|\n|t:|1783563266\n|move|p1a: Moltres|Hurricane|p2a: Umbreon\n|-damage|p2a: Umbreon|9/297 tox\n|-start|p2a: Umbreon|confusion\n|-activate|p2a: Umbreon|confusion\n|move|p2a: Umbreon|Wish|p2a: Umbreon\n|\n|-heal|p2a: Umbreon|27/297 tox|[from] item: Leftovers\n|-damage|p2a: Umbreon|0 fnt|[from] psn\n|faint|p2a: Umbreon\n|\n|win|p0x20762fe9", "uploadtime": 1783563266, "views": 0, "rating": 0, "private": 0, "password": null, "_winner": "p0x20762fe9", "_our_name": "p0y207629e9"}