{"id": "battle-gen9randombattle-383", "formatid": "gen9randombattle", "format": "[Gen 9] Random Battle", "players": ["p0x383b7a4", "p0y383db0a"], "log": "|init|battle\n|title|p0x383b7a4 vs. p0y383db0a\n|j|\u2606p0x383b7a4\n|j|\u2606p0y383db0a\n|t:|1783544096\n|gametype|singles\n|player|p1|p0x383b7a4|1|\n|player|p2|p0y383db0a|101|\n|gen|9\n|tier|[Gen 9] Random Battle\n|rule|Species Clause: Limit one of each Pok\u00e9mon\n|rule|HP Percentage Mod: HP is shown in percentages\n|rule|Sleep Clause Mod: Limit one foe put to sleep\n|rule|Illusion Level Mod: Illusion disguises the Pok\u00e9mon's true level\n|\n|t:|1783544096\n|teamsize|p1|6\n|teamsize|p2|6\n|start\n|switch|p1a: Comfey|Comfey, L85, M|225/225\n|switch|p2a: Krookodile|Krookodile, L79, F|100/100\n|-ability|p2a: Krookodile|Intimidate|boost\n|-unboost|p1a: Comfey|atk|1\n|turn|1\n|inactive|Battle timer is ON: inactive players will automatically lose when time's up. (requested by p0y383db0a)\n|inactive|Time left: 300 sec this turn | 300 sec total | 60 sec grace\n|\n|t:|1783544097\n|switch|p1a: Porygon2|Porygon2, L81|270/270\n|-ability|p1a: Porygon2|Download|boost\n|-boost|p1a: Porygon2|spa|1\n|move|p2a: Krookodile|Knock Off|p1a: Porygon2\n|-damage|p1a: Porygon2|200/270\n|-enditem|p1a: Porygon2|Eviolite|[from] move: Knock Off|[of] p2a: Krookodile\n|\n|upkeep\n|turn|2\n|inactive|Time left: 300 sec this turn | 300 sec total\n|inactive|p0x383b7a4 also wants the timer to be on.\n|\n|t:|1783544098\n|move|p2a: Krookodile|Earthquake|p1a: Porygon2\n|-damage|p1a: Porygon2|79/270\n|move|p1a: Porygon2|Tera Blast|p2a: Krookodile\n|-damage|p2a: Krookodile|47/100\n|\n|-heal|p2a: Krookodile|53/100|[from] item: Leftovers\n|upkeep\n|turn|3\n|inactive|Time left: 300 sec this turn | 300 sec total\n|\n|t:|1783544099\n|move|p2a: Krookodile|Earthquake|p1a: Porygon2\n|-damage|p1a: Porygon2|0 fnt\n|faint|p1a: Porygon2\n|\n|-heal|p2a: Krookodile|59/100|[from] item: Leftovers\n|upkeep\n|inactive|Time left: 300 sec this turn | 300 sec total | 5 sec grace\n|\n|t:|1783544100\n|switch|p1a: Regidrago|Regidrago, L77|435/435\n|turn|4\n|inactive|Time left: 300 sec this turn | 300 sec total\n|\n|t:|1783544101\n|switch|p2a: Gardevoir|Gardevoir, L83, M|100/100\n|-ability|p2a: Gardevoir|Dragon's Maw|Trace|[from] ability: Trace|[of] p1a: Regidrago\n|move|p1a: Regidrago|Outrage|p2a: Gardevoir\n|-immune|p2a: Gardevoir\n|\n|upkeep\n|turn|5\n|inactive|Time left: 300 sec this turn | 300 sec total\n|\n|t:|1783544102\n|move|p2a: Gardevoir|Moonblast|p1a: Regidrago\n|-supereffective|p1a: Regidrago\n|-damage|p1a: Regidrago|67/435\n|move|p1a: Regidrago|Outrage|p2a: Gardevoir\n|-immune|p2a: Gardevoir\n|\n|upkeep\n|turn|6\n|inactive|Time left: 300 sec this turn | 300 sec total\n|\n|t:|1783544103\n|move|p2a: Gardevoir|Moonblast|p1a: Regidrago\n|-supereffective|p1a: Regidrago\n|-damage|p1a: Regidrago|0 fnt\n|faint|p1a: Regidrago\n|\n|upkeep\n|inactive|Time left: 300 sec this turn | 300 sec total | 5 sec grace\n|\n|t:|1783544104\n|switch|p1a: Toxicroak|Toxicroak, L84, M|277/277\n|turn|7\n|inactive|Time left: 300 sec this turn | 300 sec total\n|\n|t:|1783544105\n|move|p2a: Gardevoir|Moonblast|p1a: Toxicroak\n|-damage|p1a: Toxicroak|127/277\n|move|p1a: Toxicroak|Gunk Shot|p2a: Gardevoir\n|-supereffective|p2a: Gardevoir\n|-damage|p2a: Gardevoir|0 fnt\n|faint|p2a: Gardevoir\n|-damage|p1a: Toxicroak|100/277|[from] item: Life Orb\n|\n|upkeep\n|\n|t:|1783544106\n|switch|p2a: Houndstone|Houndstone, L86, F|100/100\n|turn|8\n|inactive|Time left: 300 sec this turn | 300 sec total\n|\n|t:|1783544108\n|move|p1a: Toxicroak|Swords Dance|p1a: Toxicroak\n|-boost|p1a: Toxicroak|atk|2\n|move|p2a: Houndstone|Poltergeist|p1a: Toxicroak|[miss]\n|-miss|p2a: Houndstone|p1a: Toxicroak\n|\n|upkeep\n|turn|9\n|inactive|Time left: 300 sec this turn | 300 sec total\n|\n|t:|1783544109\n|-terastallize|p1a: Toxicroak|Ground\n|move|p1a: Toxicroak|Earthquake|p2a: Houndstone\n|-damage|p2a: Houndstone|0 fnt\n|faint|p2a: Houndstone\n|-damage|p1a: Toxicroak|73/277|[from] item: Life Orb\n|\n|upkeep\n|\n|t:|1783544110\n|switch|p2a: Krookodile|Krookodile, L79, F|59/100\n|-ability|p2a: Krookodile|Intimidate|boost\n|-unboost|p1a: Toxicroak|atk|1\n|turn|10\n|inactive|Time left: 300 sec this turn | 300 sec total\n|\n|t:|1783544111\n|move|p1a: Toxicroak|Earthquake|p2a: Krookodile\n|-damage|p2a: Krookodile|0 fnt\n|faint|p2a: Krookodile\n|-damage|p1a: Toxicroak|46/277|[from] item: Life Orb\n|\n|upkeep\n|\n|t:|1783544112\n|switch|p2a: Dondozo|Dondozo, L78, F|100/100\n|turn|11\n|inactive|Time left: 300 sec this turn | 300 sec total\n|\n|t:|1783544113\n|move|p1a: Toxicroak|Swords Dance|p1a: Toxicroak\n|-boost|p1a: Toxicroak|atk|2\n|move|p2a: Dondozo|Curse|p2a: Dondozo\n|-unboost|p2a: Dondozo|spe|1\n|-boost|p2a: Dondozo|atk|1\n|-boost|p2a: Dondozo|def|1\n|\n|upkeep\n|turn|12\n|inactive|Time left: 300 sec this turn | 300 sec total\n|\n|t:|1783544114\n|move|p1a: Toxicroak|Swords Dance|p1a: Toxicroak\n|-boost|p1a: Toxicroak|atk|2\n|move|p2a: Dondozo|Curse|p2a: Dondozo\n|-unboost|p2a: Dondozo|spe|1\n|-boost|p2a: Dondozo|atk|1\n|-boost|p2a: Dondozo|def|1\n|\n|upkeep\n|turn|13\n|inactive|Time left: 300 sec this turn | 300 sec total\n|\n|t:|1783544115\n|move|p1a: Toxicroak|Swords Dance|p1a: Toxicroak\n|-boost|p1a: Toxicroak|atk|1\n|move|p2a: Dondozo|Curse|p2a: Dondozo\n|-unboost|p2a: Dondozo|spe|1\n|-boost|p2a: Dondozo|atk|1\n|-boost|p2a: Dondozo|def|1\n|\n|upkeep\n|turn|14\n|inactive|Time left: 300 sec this turn | 300 sec total\n|\n|t:|1783544116\n|move|p1a: Toxicroak|Swords Dance|p1a: Toxicroak\n|-boost|p1a: Toxicroak|atk|0\n|move|p2a: Dondozo|Curse|p2a: Dondozo\n|-unboost|p2a: Dondozo|spe|1\n|-boost|p2a: Dondozo|atk|1\n|-boost|p2a: Dondozo|def|1\n|\n|upkeep\n|turn|15\n|inactive|Time left: 300 sec this turn | 300 sec total\n|\n|t:|1783544117\n|move|p1a: Toxicroak|Swords Dance|p1a: Toxicroak\n|-boost|p1a: Toxicroak|atk|0\n|move|p2a: Dondozo|Sleep Talk||[still]\n|-fail|p2a: Dondozo\n|\n|upkeep\n|turn|16\n|inactive|Time left: 300 sec this turn | 300 sec total\n|\n|t:|1783544118\n|move|p1a: Toxicroak|Swords Dance|p1a: Toxicroak\n|-boost|p1a: Toxicroak|atk|0\n|move|p2a: Dondozo|Curse|p2a: Dondozo\n|-unboost|p2a: Dondozo|spe|1\n|-boost|p2a: Dondozo|atk|1\n|-boost|p2a: Dondozo|def|1\n|\n|upkeep\n|turn|17\n|inactive|Time left: 300 sec this turn | 300 sec total\n|\n|t:|1783544119\n|move|p1a: Toxicroak|Swords Dance|p1a: Toxicroak\n|-boost|p1a: Toxicroak|atk|0\n|move|p2a: Dondozo|Sleep Talk||[still]\n|-fail|p2a: Dondozo\n|\n|upkeep\n|turn|18\n|inactive|Time left: 300 sec this turn | 300 sec total\n|\n|t:|1783544120\n|move|p1a: Toxicroak|Swords Dance|p1a: Toxicroak\n|-boost|p1a: Toxicroak|atk|0\n|move|p2a: Dondozo|Curse|p2a: Dondozo\n|-unboost|p2a: Dondozo|spe|1\n|-boost|p2a: Dondozo|atk|1\n|-boost|p2a: Dondozo|def|1\n|\n|upkeep\n|turn|19\n|inactive|Time left: 300 sec this turn | 300 sec total\n|\n|t:|1783544121\n|move|p1a: Toxicroak|Swords Dance|p1a: Toxicroak\n|-boost|p1a: Toxicroak|atk|0\n|move|p2a: Dondozo|Curse|p2a: Dondozo\n|\n|upkeep\n|turn|20\n|inactive|Time left: 300 sec this turn | 300 sec total\n|\n|t:|1783544123\n|move|p1a: Toxicroak|Swords Dance|p1a: Toxicroak\n|-boost|p1a: Toxicroak|atk|0\n|move|p2a: Dondozo|Sleep Talk||[still]\n|-fail|p2a: Dondozo\n|\n|upkeep\n|turn|21\n|inactive|Time left: 300 sec this turn | 300 sec total\n|\n|t:|1783544124\n|move|p1a: Toxicroak|Swords Dance|p1a: Toxicroak\n|-boost|p1a: Toxicroak|atk|0\n|move|p2a: Dondozo|Sleep Talk||[still]\n|-fail|p2a: Dondozo\n|\n|upkeep\n|turn|22\n|inactive|Time left: 300 sec this turn | 300 sec total\n|\n|t:|1783544125\n|move|p1a: Toxicroak|Swords Dance|p1a: Toxicroak\n|-boost|p1a: Toxicroak|atk|0\n|move|p2a: Dondozo|Sleep Talk||[still]\n|-fail|p2a: Dondozo\n|\n|upkeep\n|turn|23\n|inactive|Time left: 300 sec this turn | 300 sec total\n|\n|t:|1783544126\n|move|p1a: Toxicroak|Swords Dance|p1a: Toxicroak\n|-boost|p1a: Toxicroak|atk|0\n|move|p2a: Dondozo|Sleep Talk||[still]\n|-fail|p2a: Dondozo\n|\n|upkeep\n|turn|24\n|inactive|Time left: 300 sec this turn | 300 sec total\n|\n|t:|1783544127\n|move|p1a: Toxicroak|Swords Dance|p1a: Toxicroak\n|-boost|p1a: Toxicroak|atk|0\n|move|p2a: Dondozo|Sleep Talk||[still]\n|-fail|p2a: Dondozo\n|\n|upkeep\n|turn|25\n|inactive|Time left: 300 sec this turn | 300 sec total\n|\n|t:|1783544128\n|move|p1a: Toxicroak|Swords Dance|p1a: Toxicroak\n|-boost|p1a: Toxicroak|atk|0\n|move|p2a: Dondozo|Curse|p2a: Dondozo\n|\n|upkeep\n|turn|26\n|inactive|Time left: 300 sec this turn | 300 sec total\n|\n|t:|1783544129\n|move|p1a: Toxicroak|Swords Dance|p1a: Toxicroak\n|-boost|p1a: Toxicroak|atk|0\n|move|p2a: Dondozo|Curse|p2a: Dondozo\n|\n|upkeep\n|turn|27\n|inactive|Time left: 300 sec this turn | 300 sec total\n|\n|t:|1783544130\n|move|p1a: Toxicroak|Swords Dance|p1a: Toxicroak\n|-boost|p1a: Toxicroak|atk|0\n|move|p2a: Dondozo|Sleep Talk||[still]\n|-fail|p2a: Dondozo\n|\n|upkeep\n|turn|28\n|inactive|Time left: 300 sec this turn | 300 sec total\n|\n|t:|1783544131\n|move|p1a: Toxicroak|Swords Dance|p1a: Toxicroak\n|-boost|p1a: Toxicroak|atk|0\n|move|p2a: Dondozo|Sleep Talk||[still]\n|-fail|p2a: Dondozo\n|\n|upkeep\n|turn|29\n|inactive|Time left: 300 sec this turn | 300 sec total\n|\n|t:|1783544132\n|move|p1a: Toxicroak|Swords Dance|p1a: Toxicroak\n|-boost|p1a: Toxicroak|atk|0\n|move|p2a: Dondozo|Sleep Talk||[still]\n|-fail|p2a: Dondozo\n|\n|upkeep\n|turn|30\n|inactive|Time left: 300 sec this turn | 300 sec total\n|\n|t:|1783544134\n|move|p1a: Toxicroak|Swords Dance|p1a: Toxicroak\n|-boost|p1a: Toxicroak|atk|0\n|move|p2a: Dondozo|Sleep Talk||[still]\n|-fail|p2a: Dondozo\n|\n|upkeep\n|turn|31\n|inactive|Time left: 300 sec this turn | 300 sec total\n|\n|t:|1783544135\n|move|p1a: Toxicroak|Swords Dance|p1a: Toxicroak\n|-boost|p1a: Toxicroak|atk|0\n|move|p2a: Dondozo|Curse|p2a: Dondozo\n|\n|upkeep\n|turn|32\n|inactive|Time left: 300 sec this turn | 300 sec total\n|\n|t:|1783544136\n|move|p1a: Toxicroak|Swords Dance|p1a: Toxicroak\n|-boost|p1a: Toxicroak|atk|0\n|move|p2a: Dondozo|Sleep Talk||[still]\n|-fail|p2a: Dondozo\n|\n|upkeep\n|turn|33\n|inactive|Time left: 300 sec this turn | 300 sec total\n|\n|t:|1783544137\n|move|p1a: Toxicroak|Swords Dance|p1a: Toxicroak\n|-boost|p1a: Toxicroak|atk|0\n|move|p2a: Dondozo|Sleep Talk||[still]\n|-fail|p2a: Dondozo\n|\n|upkeep\n|turn|34\n|inactive|Time left: 300 sec this turn | 300 sec total\n|\n|t:|1783544138\n|move|p1a: Toxicroak|Swords Dance|p1a: Toxicroak\n|-boost|p1a: Toxicroak|atk|0\n|move|p2a: Dondozo|Sleep Talk||[still]\n|-fail|p2a: Dondozo\n|\n|upkeep\n|turn|35\n|inactive|Time left: 300 sec this turn | 300 sec total\n|\n|t:|1783544139\n|move|p1a: Toxicroak|Swords Dance|p1a: Toxicroak\n|-boost|p1a: Toxicroak|atk|0\n|move|p2a: Dondozo|Curse|p2a: Dondozo\n|\n|upkeep\n|turn|36\n|inactive|Time left: 300 sec this turn | 300 sec total\n|\n|t:|1783544141\n|move|p1a: Toxicroak|Swords Dance|p1a: Toxicroak\n|-boost|p1a: Toxicroak|atk|0\n|move|p2a: Dondozo|Curse|p2a: Dondozo\n|\n|upkeep\n|turn|37\n|inactive|Time left: 300 sec this turn | 300 sec total\n|\n|t:|1783544142\n|move|p1a: Toxicroak|Swords Dance|p1a: Toxicroak\n|-boost|p1a: Toxicroak|atk|0\n|move|p2a: Dondozo|Sleep Talk||[still]\n|-fail|p2a: Dondozo\n|\n|upkeep\n|turn|38\n|inactive|Time left: 300 sec this turn | 300 sec total\n|\n|t:|1783544143\n|move|p1a: Toxicroak|Swords Dance|p1a: Toxicroak\n|-boost|p1a: Toxicroak|atk|0\n|move|p2a: Dondozo|Curse|p2a: Dondozo\n|\n|upkeep\n|turn|39\n|inactive|Time left: 300 sec this turn | 300 sec total\n|\n|t:|1783544144\n|move|p1a: Toxicroak|Swords Dance|p1a: Toxicroak\n|-boost|p1a: Toxicroak|atk|0\n|move|p2a: Dondozo|Curse|p2a: Dondozo\n|\n|upkeep\n|turn|40\n|inactive|Time left: 300 sec this turn | 300 sec total\n|\n|t:|1783544145\n|move|p1a: Toxicroak|Swords Dance|p1a: Toxicroak\n|-boost|p1a: Toxicroak|atk|0\n|move|p2a: Dondozo|Curse|p2a: Dondozo\n|\n|upkeep\n|turn|41\n|inactive|Time left: 300 sec this turn | 300 sec total\n|\n|t:|1783544146\n|move|p1a: Toxicroak|Swords Dance|p1a: Toxicroak\n|-boost|p1a: Toxicroak|atk|0\n|move|p2a: Dondozo|Sleep Talk||[still]\n|-fail|p2a: Dondozo\n|\n|upkeep\n|turn|42\n|inactive|Time left: 300 sec this turn | 300 sec total\n|\n|t:|1783544147\n|move|p1a: Toxicroak|Gunk Shot|p2a: Dondozo\n|-damage|p2a: Dondozo|89/100\n|-status|p2a: Dondozo|psn\n|-damage|p1a: Toxicroak|19/277|[from] item: Life Orb\n|move|p2a: Dondozo|Curse|p2a: Dondozo\n|\n|-heal|p2a: Dondozo|95/100 psn|[from] item: Leftovers\n|-damage|p2a: Dondozo|82/100 psn|[from] psn\n|upkeep\n|turn|43\n|inactive|Time left: 300 sec this turn | 300 sec total\n|\n|t:|1783544148\n|move|p1a: Toxicroak|Earthquake|p2a: Dondozo\n|-damage|p2a: Dondozo|73/100 psn\n|-damage|p1a: Toxicroak|0 fnt|[from] item: Life Orb\n|faint|p1a: Toxicroak\n|move|p2a: Dondozo|Rest|p2a: Dondozo\n|-status|p2a: Dondozo|slp|[from] move: Rest\n|-heal|p2a: Dondozo|100/100 slp|[silent]\n|\n|upkeep\n|inactive|Time left: 300 sec this turn | 300 sec total | 5 sec grace\n|\n|t:|1783544148\n|switch|p1a: Phione|Phione, L91|293/293\n|turn|44\n|inactive|Time left: 300 sec this turn | 300 sec total\n|\n|t:|1783544149\n|move|p1a: Phione|Grass Knot|p2a: Dondozo\n|-supereffective|p2a: Dondozo\n|-damage|p2a: Dondozo|39/100 slp\n|cant|p2a: Dondozo|slp\n|\n|-heal|p2a: Dondozo|45/100 slp|[from] item: Leftovers\n|upkeep\n|turn|45\n|inactive|Time left: 300 sec this turn | 300 sec total\n|\n|t:|1783544150\n|move|p1a: Phione|Grass Knot|p2a: Dondozo\n|-supereffective|p2a: Dondozo\n|-damage|p2a: Dondozo|0 fnt\n|faint|p2a: Dondozo\n|\n|upkeep\n|\n|t:|1783544151\n|switch|p2a: Ursaring|Ursaring, L84, F|100/100\n|turn|46\n|inactive|Time left: 300 sec this turn | 300 sec total\n|\n|t:|1783544152\n|move|p1a: Phione|Scald|p2a: Ursaring\n|-damage|p2a: Ursaring|64/100\n|move|p2a: Ursaring|Swords Dance|p2a: Ursaring\n|-boost|p2a: Ursaring|atk|2\n|\n|-status|p2a: Ursaring|tox|[from] item: Toxic Orb\n|upkeep\n|turn|47\n|inactive|Time left: 300 sec this turn | 300 sec total\n|\n|t:|1783544153\n|switch|p1a: Probopass|Probopass, L91, F|257/257\n|move|p2a: Ursaring|Facade|p1a: Probopass\n|-resisted|p1a: Probopass\n|-damage|p1a: Probopass|198/257\n|\n|-damage|p2a: Ursaring|58/100 tox|[from] psn\n|upkeep\n|turn|48\n|inactive|Time left: 300 sec this turn | 300 sec total\n|\n|t:|1783544154\n|switch|p1a: Comfey|Comfey, L85, M|225/225\n|move|p2a: Ursaring|Close Combat|p1a: Comfey\n|-resisted|p1a: Comfey\n|-damage|p1a: Comfey|130/225\n|-unboost|p2a: Ursaring|def|1\n|-unboost|p2a: Ursaring|spd|1\n|\n|-heal|p1a: Comfey|144/225|[from] item: Leftovers\n|-damage|p2a: Ursaring|45/100 tox|[from] psn\n|upkeep\n|turn|49\n|inactive|Time left: 300 sec this turn | 300 sec total\n|\n|t:|1783544155\n|move|p1a: Comfey|Draining Kiss|p2a: Ursaring\n|-damage|p2a: Ursaring|15/100 tox\n|-heal|p1a: Comfey|209/225|[from] drain|[of] p2a: Ursaring\n|move|p2a: Ursaring|Facade|p1a: Comfey\n|-damage|p1a: Comfey|0 fnt\n|faint|p1a: Comfey\n|\n|-damage|p2a: Ursaring|0 fnt|[from] psn\n|faint|p2a: Ursaring\n|upkeep\n|inactive|Time left: 300 sec this turn | 300 sec total | 5 sec grace\n|\n|t:|1783544156\n|switch|p1a: Phione|Phione, L91|293/293\n|switch|p2a: Milotic|Milotic, L83, F|100/100\n|turn|50\n|inactive|Time left: 300 sec this turn | 300 sec total\n|\n|t:|1783544157\n|move|p1a: Phione|Grass Knot|p2a: Milotic\n|-supereffective|p2a: Milotic\n|-damage|p2a: Milotic|62/100\n|move|p2a: Milotic|Dragon Tail|p1a: Phione|[miss]\n|-miss|p2a: Milotic|p1a: Phione\n|\n|-heal|p2a: Milotic|68/100|[from] item: Leftovers\n|upkeep\n|turn|51\n|inactive|Time left: 300 sec this turn | 300 sec total\n|\n|t:|1783544158\n|move|p1a: Phione|Grass Knot|p2a: Milotic\n|-supereffective|p2a: Milotic\n|-damage|p2a: Milotic|29/100\n|move|p2a: Milotic|Recover|p2a: Milotic\n|-heal|p2a: Milotic|79/100\n|\n|-heal|p2a: Milotic|85/100|[from] item: Leftovers\n|upkeep\n|turn|52\n|inactive|Time left: 300 sec this turn | 300 sec total\n|\n|t:|1783544159\n|move|p1a: Phione|Grass Knot|p2a: Milotic\n|-supereffective|p2a: Milotic\n|-damage|p2a: Milotic|50/100\n|move|p2a: Milotic|Scald|p1a: Phione\n|-resisted|p1a: Phione\n|-crit|p1a: Phione\n|-damage|p1a: Phione|227/293\n|-status|p1a: Phione|brn\n|\n|-heal|p1a: Phione|245/293 brn|[from] item: Leftovers\n|-heal|p2a: Milotic|56/100|[from] item: Leftovers\n|-damage|p1a: Phione|227/293 brn|[from] brn\n|upkeep\n|turn|53\n|inactive|Time left: 300 sec this turn | 300 sec total\n|\n|t:|1783544160\n|move|p1a: Phione|Grass Knot|p2a: Milotic\n|-supereffective|p2a: Milotic\n|-damage|p2a: Milotic|21/100\n|move|p2a: Milotic|Recover|p2a: Milotic\n|-heal|p2a: Milotic|71/100\n|\n|-heal|p1a: Phione|245/293 brn|[from] item: Leftovers\n|-heal|p2a: Milotic|77/100|[from] item: Leftovers\n|-damage|p1a: Phione|227/293 brn|[from] brn\n|upkeep\n|turn|54\n|inactive|Time left: 300 sec this turn | 300 sec total\n|\n|t:|1783544162\n|move|p1a: Phione|Grass Knot|p2a: Milotic\n|-supereffective|p2a: Milotic\n|-damage|p2a: Milotic|42/100\n|move|p2a: Milotic|Dragon Tail|p1a: Phione\n|-damage|p1a: Phione|195/293 brn\n|drag|p1a: Probopass|Probopass, L91, F|198/257\n|\n|-heal|p2a: Milotic|49/100|[from] item: Leftovers\n|upkeep\n|turn|55\n|inactive|Time left: 300 sec this turn | 300 sec total\n|\n|t:|1783544163\n|move|p2a: Milotic|Recover|p2a: Milotic\n|-heal|p2a: Milotic|99/100\n|move|p1a: Probopass|Body Press|p2a: Milotic\n|-damage|p2a: Milotic|62/100\n|\n|-heal|p2a: Milotic|68/100|[from] item: Leftovers\n|upkeep\n|turn|56\n|inactive|Time left: 300 sec this turn | 300 sec total\n|\n|t:|1783544164\n|move|p2a: Milotic|Scald|p1a: Probopass\n|-supereffective|p1a: Probopass\n|-damage|p1a: Probopass|100/257\n|-status|p1a: Probopass|brn\n|move|p1a: Probopass|Body Press|p2a: Milotic\n|-damage|p2a: Milotic|51/100\n|\n|-heal|p2a: Milotic|57/100|[from] item: Leftovers\n|-damage|p1a: Probopass|84/257 brn|[from] brn\n|upkeep\n|turn|57\n|inactive|Time left: 300 sec this turn | 300 sec total\n|\n|t:|1783544165\n|move|p2a: Milotic|Scald|p1a: Probopass\n|-supereffective|p1a: Probopass\n|-damage|p1a: Probopass|0 fnt\n|faint|p1a: Probopass\n|\n|-heal|p2a: Milotic|63/100|[from] item: Leftovers\n|upkeep\n|inactive|Time left: 300 sec this turn | 300 sec total | 5 sec grace\n|\n|t:|1783544166\n|switch|p1a: Phione|Phione, L91|195/293 brn\n|turn|58\n|inactive|Time left: 300 sec this turn | 300 sec total\n|\n|t:|1783544168\n|move|p1a: Phione|Grass Knot|p2a: Milotic\n|-supereffective|p2a: Milotic\n|-damage|p2a: Milotic|26/100\n|move|p2a: Milotic|Recover|p2a: Milotic\n|-heal|p2a: Milotic|76/100\n|\n|-heal|p1a: Phione|213/293 brn|[from] item: Leftovers\n|-heal|p2a: Milotic|82/100|[from] item: Leftovers\n|-damage|p1a: Phione|195/293 brn|[from] brn\n|upkeep\n|turn|59\n|inactive|Time left: 300 sec this turn | 300 sec total\n|\n|t:|1783544169\n|move|p1a: Phione|Grass Knot|p2a: Milotic\n|-supereffective|p2a: Milotic\n|-damage|p2a: Milotic|43/100\n|move|p2a: Milotic|Recover|p2a: Milotic\n|-heal|p2a: Milotic|93/100\n|\n|-heal|p1a: Phione|213/293 brn|[from] item: Leftovers\n|-heal|p2a: Milotic|99/100|[from] item: Leftovers\n|-damage|p1a: Phione|195/293 brn|[from] brn\n|upkeep\n|turn|60\n|inactive|Time left: 300 sec this turn | 300 sec total\n|\n|t:|1783544170\n|move|p1a: Phione|Grass Knot|p2a: Milotic\n|-supereffective|p2a: Milotic\n|-damage|p2a: Milotic|59/100\n|move|p2a: Milotic|Recover|p2a: Milotic\n|-heal|p2a: Milotic|100/100\n|\n|-heal|p1a: Phione|213/293 brn|[from] item: Leftovers\n|-damage|p1a: Phione|195/293 brn|[from] brn\n|upkeep\n|turn|61\n|inactive|Time left: 300 sec this turn | 300 sec total\n|\n|t:|1783544171\n|move|p1a: Phione|Grass Knot|p2a: Milotic\n|-supereffective|p2a: Milotic\n|-damage|p2a: Milotic|66/100\n|move|p2a: Milotic|Scald|p1a: Phione\n|-resisted|p1a: Phione\n|-damage|p1a: Phione|154/293 brn\n|\n|-heal|p1a: Phione|172/293 brn|[from] item: Leftovers\n|-heal|p2a: Milotic|72/100|[from] item: Leftovers\n|-damage|p1a: Phione|154/293 brn|[from] brn\n|upkeep\n|turn|62\n|inactive|Time left: 300 sec this turn | 300 sec total\n|\n|t:|1783544172\n|move|p1a: Phione|Grass Knot|p2a: Milotic\n|-supereffective|p2a: Milotic\n|-damage|p2a: Milotic|31/100\n|move|p2a: Milotic|Recover|p2a: Milotic\n|-heal|p2a: Milotic|81/100\n|\n|-heal|p1a: Phione|172/293 brn|[from] item: Leftovers\n|-heal|p2a: Milotic|87/100|[from] item: Leftovers\n|-damage|p1a: Phione|154/293 brn|[from] brn\n|upkeep\n|turn|63\n|inactive|Time left: 300 sec this turn | 300 sec total\n|\n|t:|1783544173\n|move|p1a: Phione|Grass Knot|p2a: Milotic\n|-supereffective|p2a: Milotic\n|-damage|p2a: Milotic|52/100\n|move|p2a: Milotic|Scald|p1a: Phione\n|-resisted|p1a: Phione\n|-damage|p1a: Phione|115/293 brn\n|\n|-heal|p1a: Phione|133/293 brn|[from] item: Leftovers\n|-heal|p2a: Milotic|58/100|[from] item: Leftovers\n|-damage|p1a: Phione|115/293 brn|[from] brn\n|upkeep\n|turn|64\n|inactive|Time left: 300 sec this turn | 300 sec total\n|\n|t:|1783544175\n|move|p1a: Phione|Grass Knot|p2a: Milotic\n|-supereffective|p2a: Milotic\n|-damage|p2a: Milotic|23/100\n|move|p2a: Milotic|Recover|p2a: Milotic\n|-heal|p2a: Milotic|73/100\n|\n|-heal|p1a: Phione|133/293 brn|[from] item: Leftovers\n|-heal|p2a: Milotic|79/100|[from] item: Leftovers\n|-damage|p1a: Phione|115/293 brn|[from] brn\n|upkeep\n|turn|65\n|inactive|Time left: 300 sec this turn | 300 sec total\n|\n|t:|1783544176\n|move|p1a: Phione|Grass Knot|p2a: Milotic\n|-supereffective|p2a: Milotic\n|-damage|p2a: Milotic|42/100\n|move|p2a: Milotic|Scald|p1a: Phione\n|-resisted|p1a: Phione\n|-damage|p1a: Phione|72/293 brn\n|\n|-heal|p1a: Phione|90/293 brn|[from] item: Leftovers\n|-heal|p2a: Milotic|48/100|[from] item: Leftovers\n|-damage|p1a: Phione|72/293 brn|[from] brn\n|upkeep\n|turn|66\n|inactive|Time left: 300 sec this turn | 300 sec total\n|\n|t:|1783544177\n|move|p1a: Phione|Grass Knot|p2a: Milotic\n|-supereffective|p2a: Milotic\n|-damage|p2a: Milotic|8/100\n|move|p2a: Milotic|Scald|p1a: Phione\n|-resisted|p1a: Phione\n|-damage|p1a: Phione|31/293 brn\n|\n|-heal|p1a: Phione|49/293 brn|[from] item: Leftovers\n|-heal|p2a: Milotic|14/100|[from] item: Leftovers\n|-damage|p1a: Phione|31/293 brn|[from] brn\n|upkeep\n|turn|67\n|inactive|Time left: 300 sec this turn | 300 sec total\n|\n|t:|1783544178\n|move|p1a: Phione|Grass Knot|p2a: Milotic\n|-supereffective|p2a: Milotic\n|-damage|p2a: Milotic|0 fnt\n|faint|p2a: Milotic\n|\n|win|p0x383b7a4", "uploadtime": 1783544178, "views": 0, "rating": 0, "private": 0, "password": null, "_winner": "p0x383b7a4", "_our_name": "p0x383b7a4"}