{"id": "battle-gen9randombattle-1504", "formatid": "gen9randombattle", "format": "[Gen 9] Random Battle", "players": ["p0x1504dbe5", "p0y1504721d"], "log": "|init|battle\n|title|p0x1504dbe5 vs. p0y1504721d\n|j|\u2606p0x1504dbe5\n|j|\u2606p0y1504721d\n|t:|1783557528\n|gametype|singles\n|player|p1|p0x1504dbe5|101|\n|player|p2|p0y1504721d|265|\n|gen|9\n|tier|[Gen 9] Random Battle\n|rule|Species Clause: Limit one of each Pok\u00e9mon\n|rule|HP Percentage Mod: HP is shown in percentages\n|rule|Sleep Clause Mod: Limit one foe put to sleep\n|rule|Illusion Level Mod: Illusion disguises the Pok\u00e9mon's true level\n|\n|t:|1783557528\n|teamsize|p1|6\n|teamsize|p2|6\n|start\n|switch|p1a: Gothitelle|Gothitelle, L90, M|100/100\n|switch|p2a: Ampharos|Ampharos, L88, M|302/302\n|turn|1\n|inactive|Battle timer is ON: inactive players will automatically lose when time's up. (requested by p0y1504721d)\n|inactive|p0x1504dbe5 also wants the timer to be on.\n|\n|t:|1783557529\n|move|p1a: Gothitelle|Calm Mind|p1a: Gothitelle\n|-boost|p1a: Gothitelle|spa|1\n|-boost|p1a: Gothitelle|spd|1\n|move|p2a: Ampharos|Discharge|p1a: Gothitelle\n|-damage|p1a: Gothitelle|78/100\n|\n|-heal|p1a: Gothitelle|84/100|[from] item: Leftovers\n|upkeep\n|turn|2\n|inactive|Time left: 300 sec this turn | 300 sec total\n|\n|t:|1783557530\n|move|p1a: Gothitelle|Calm Mind|p1a: Gothitelle\n|-boost|p1a: Gothitelle|spa|1\n|-boost|p1a: Gothitelle|spd|1\n|move|p2a: Ampharos|Dragon Tail|p1a: Gothitelle\n|-damage|p1a: Gothitelle|72/100\n|drag|p1a: Squawkabilly|Squawkabilly, L85, F|100/100\n|\n|-status|p1a: Squawkabilly|brn|[from] item: Flame Orb\n|upkeep\n|turn|3\n|inactive|Time left: 300 sec this turn | 300 sec total\n|\n|t:|1783557531\n|-terastallize|p1a: Squawkabilly|Normal\n|move|p1a: Squawkabilly|Facade|p2a: Ampharos\n|-damage|p2a: Ampharos|28/302\n|move|p2a: Ampharos|Volt Switch|p1a: Squawkabilly\n|-damage|p1a: Squawkabilly|48/100 brn\n|inactive|Time left: 300 sec this turn | 300 sec total | 5 sec grace\n|\n|t:|1783557532\n|switch|p2a: Slaking|Slaking, L84, M|389/389|[from] Volt Switch\n|\n|-damage|p1a: Squawkabilly|42/100 brn|[from] brn\n|upkeep\n|turn|4\n|inactive|Time left: 300 sec this turn | 300 sec total\n|\n|t:|1783557533\n|move|p1a: Squawkabilly|Protect|p1a: Squawkabilly\n|-singleturn|p1a: Squawkabilly|Protect\n|move|p2a: Slaking|Giga Impact|p1a: Squawkabilly\n|-activate|p1a: Squawkabilly|move: Protect\n|\n|-damage|p1a: Squawkabilly|35/100 brn|[from] brn\n|upkeep\n|turn|5\n|inactive|Time left: 300 sec this turn | 300 sec total\n|\n|t:|1783557533\n|cant|p2a: Slaking|ability: Truant\n|move|p1a: Squawkabilly|Facade|p2a: Slaking\n|-damage|p2a: Slaking|111/389\n|\n|-damage|p1a: Squawkabilly|29/100 brn|[from] brn\n|upkeep\n|turn|6\n|inactive|Time left: 300 sec this turn | 300 sec total\n|\n|t:|1783557534\n|move|p1a: Squawkabilly|Protect|p1a: Squawkabilly\n|-singleturn|p1a: Squawkabilly|Protect\n|move|p2a: Slaking|Giga Impact|p1a: Squawkabilly\n|-activate|p1a: Squawkabilly|move: Protect\n|\n|-damage|p1a: Squawkabilly|23/100 brn|[from] brn\n|upkeep\n|turn|7\n|inactive|Time left: 300 sec this turn | 300 sec total\n|\n|t:|1783557535\n|switch|p2a: Ampharos|Ampharos, L88, M|28/302\n|move|p1a: Squawkabilly|Facade|p2a: Ampharos\n|-damage|p2a: Ampharos|0 fnt\n|faint|p2a: Ampharos\n|\n|-damage|p1a: Squawkabilly|17/100 brn|[from] brn\n|upkeep\n|inactive|Time left: 300 sec this turn | 300 sec total | 5 sec grace\n|\n|t:|1783557536\n|switch|p2a: Slaking|Slaking, L84, M|111/389\n|turn|8\n|inactive|Time left: 300 sec this turn | 300 sec total\n|\n|t:|1783557537\n|move|p1a: Squawkabilly|Protect|p1a: Squawkabilly\n|-singleturn|p1a: Squawkabilly|Protect\n|move|p2a: Slaking|Giga Impact|p1a: Squawkabilly\n|-activate|p1a: Squawkabilly|move: Protect\n|\n|-damage|p1a: Squawkabilly|11/100 brn|[from] brn\n|upkeep\n|turn|9\n|inactive|Time left: 300 sec this turn | 300 sec total\n|\n|t:|1783557538\n|cant|p2a: Slaking|ability: Truant\n|move|p1a: Squawkabilly|Facade|p2a: Slaking\n|-damage|p2a: Slaking|0 fnt\n|faint|p2a: Slaking\n|\n|-damage|p1a: Squawkabilly|5/100 brn|[from] brn\n|upkeep\n|inactive|Time left: 300 sec this turn | 300 sec total | 5 sec grace\n|\n|t:|1783557539\n|switch|p2a: Raichu|Raichu-Alola, L87, M|246/246\n|turn|10\n|inactive|Time left: 300 sec this turn | 300 sec total\n|\n|t:|1783557540\n|switch|p1a: Pachirisu|Pachirisu, L96, F|100/100\n|move|p2a: Raichu|Nasty Plot|p2a: Raichu\n|-boost|p2a: Raichu|spa|2\n|\n|upkeep\n|turn|11\n|inactive|Time left: 300 sec this turn | 300 sec total\n|\n|t:|1783557541\n|switch|p1a: Quagsire|Quagsire, L84, M|100/100\n|move|p2a: Raichu|Psyshock|p1a: Quagsire\n|-damage|p1a: Quagsire|58/100\n|-damage|p2a: Raichu|222/246|[from] item: Life Orb\n|\n|-heal|p1a: Quagsire|64/100|[from] item: Leftovers\n|upkeep\n|turn|12\n|inactive|Time left: 300 sec this turn | 300 sec total\n|\n|t:|1783557542\n|-terastallize|p2a: Raichu|Fairy\n|move|p2a: Raichu|Alluring Voice|p1a: Quagsire\n|-damage|p1a: Quagsire|14/100\n|-damage|p2a: Raichu|198/246|[from] item: Life Orb\n|move|p1a: Quagsire|Earthquake|p2a: Raichu\n|-damage|p2a: Raichu|68/246\n|\n|-heal|p1a: Quagsire|20/100|[from] item: Leftovers\n|upkeep\n|turn|13\n|inactive|Time left: 300 sec this turn | 300 sec total\n|\n|t:|1783557543\n|move|p2a: Raichu|Psyshock|p1a: Quagsire\n|-damage|p1a: Quagsire|0 fnt\n|faint|p1a: Quagsire\n|-damage|p2a: Raichu|44/246|[from] item: Life Orb\n|\n|upkeep\n|\n|t:|1783557544\n|switch|p1a: Rabsca|Rabsca, L91, F|100/100\n|turn|14\n|inactive|Time left: 300 sec this turn | 300 sec total\n|\n|t:|1783557545\n|move|p2a: Raichu|Thunderbolt|p1a: Rabsca\n|-damage|p1a: Rabsca|20/100\n|-damage|p2a: Raichu|20/246|[from] item: Life Orb\n|move|p1a: Rabsca|Psychic|p2a: Raichu\n|-damage|p2a: Raichu|0 fnt\n|faint|p2a: Raichu\n|\n|upkeep\n|inactive|Time left: 300 sec this turn | 300 sec total | 5 sec grace\n|\n|t:|1783557546\n|switch|p2a: Iron Moth|Iron Moth, L78|253/253\n|turn|15\n|inactive|Time left: 300 sec this turn | 300 sec total\n|\n|t:|1783557547\n|switch|p1a: Pachirisu|Pachirisu, L96, F|100/100\n|move|p2a: Iron Moth|Fire Blast|p1a: Pachirisu|[miss]\n|-miss|p2a: Iron Moth|p1a: Pachirisu\n|\n|upkeep\n|turn|16\n|inactive|Time left: 300 sec this turn | 300 sec total\n|\n|t:|1783557548\n|move|p1a: Pachirisu|Nuzzle|p2a: Iron Moth\n|-damage|p2a: Iron Moth|229/253\n|-status|p2a: Iron Moth|par\n|move|p2a: Iron Moth|Sludge Wave|p1a: Pachirisu\n|-damage|p1a: Pachirisu|75/100\n|-status|p1a: Pachirisu|psn\n|\n|-damage|p1a: Pachirisu|63/100 psn|[from] psn\n|upkeep\n|turn|17\n|inactive|Time left: 300 sec this turn | 300 sec total\n|\n|t:|1783557549\n|move|p1a: Pachirisu|Super Fang|p2a: Iron Moth\n|-damage|p2a: Iron Moth|115/253 par\n|move|p2a: Iron Moth|Fire Blast|p1a: Pachirisu\n|-damage|p1a: Pachirisu|34/100 psn\n|\n|-damage|p1a: Pachirisu|22/100 psn|[from] psn\n|upkeep\n|turn|18\n|inactive|Time left: 300 sec this turn | 300 sec total\n|\n|t:|1783557550\n|move|p1a: Pachirisu|Super Fang|p2a: Iron Moth\n|-damage|p2a: Iron Moth|58/253 par\n|move|p2a: Iron Moth|Morning Sun|p2a: Iron Moth\n|-heal|p2a: Iron Moth|184/253 par\n|\n|-damage|p1a: Pachirisu|10/100 psn|[from] psn\n|upkeep\n|turn|19\n|inactive|Time left: 300 sec this turn | 300 sec total\n|\n|t:|1783557551\n|move|p1a: Pachirisu|Super Fang|p2a: Iron Moth\n|-damage|p2a: Iron Moth|92/253 par\n|move|p2a: Iron Moth|Sludge Wave|p1a: Pachirisu\n|-damage|p1a: Pachirisu|0 fnt\n|faint|p1a: Pachirisu\n|\n|upkeep\n|\n|t:|1783557553\n|switch|p1a: Feraligatr|Feraligatr, L79, F|100/100\n|turn|20\n|inactive|Time left: 300 sec this turn | 300 sec total\n|\n|t:|1783557554\n|move|p1a: Feraligatr|Dragon Dance|p1a: Feraligatr\n|-boost|p1a: Feraligatr|atk|1\n|-boost|p1a: Feraligatr|spe|1\n|move|p2a: Iron Moth|Sludge Wave|p1a: Feraligatr\n|-damage|p1a: Feraligatr|47/100\n|\n|upkeep\n|turn|21\n|inactive|Time left: 300 sec this turn | 300 sec total\n|\n|t:|1783557555\n|move|p1a: Feraligatr|Crunch|p2a: Iron Moth\n|-damage|p2a: Iron Moth|0 fnt\n|faint|p2a: Iron Moth\n|-end|p2a: Iron Moth|Quark Drive|[silent]\n|\n|upkeep\n|inactive|Time left: 300 sec this turn | 300 sec total | 5 sec grace\n|\n|t:|1783557556\n|switch|p2a: Braviary|Braviary, L85, M|309/309\n|turn|22\n|inactive|Time left: 300 sec this turn | 300 sec total\n|\n|t:|1783557557\n|move|p1a: Feraligatr|Ice Punch|p2a: Braviary\n|-supereffective|p2a: Braviary\n|-damage|p2a: Braviary|33/309\n|move|p2a: Braviary|Close Combat|p1a: Feraligatr\n|-damage|p1a: Feraligatr|6/100\n|-unboost|p2a: Braviary|def|1\n|-unboost|p2a: Braviary|spd|1\n|\n|upkeep\n|turn|23\n|inactive|Time left: 300 sec this turn | 300 sec total\n|\n|t:|1783557558\n|switch|p2a: Goodra|Goodra, L85, F|292/292\n|move|p1a: Feraligatr|Liquidation|p2a: Goodra\n|-resisted|p2a: Goodra\n|-damage|p2a: Goodra|167/292\n|\n|upkeep\n|turn|24\n|inactive|Time left: 300 sec this turn | 300 sec total\n|\n|t:|1783557559\n|move|p1a: Feraligatr|Ice Punch|p2a: Goodra\n|-supereffective|p2a: Goodra\n|-damage|p2a: Goodra|0 fnt\n|faint|p2a: Goodra\n|\n|upkeep\n|inactive|Time left: 300 sec this turn | 300 sec total | 5 sec grace\n|\n|t:|1783557560\n|switch|p2a: Braviary|Braviary, L85, M|33/309\n|turn|25\n|inactive|Time left: 300 sec this turn | 300 sec total\n|\n|t:|1783557561\n|move|p1a: Feraligatr|Crunch|p2a: Braviary\n|-damage|p2a: Braviary|0 fnt\n|faint|p2a: Braviary\n|\n|win|p0x1504dbe5", "uploadtime": 1783557561, "views": 0, "rating": 0, "private": 0, "password": null, "_winner": "p0x1504dbe5", "_our_name": "p0y1504721d"}