{"id": "battle-gen9randombattle-1129", "formatid": "gen9randombattle", "format": "[Gen 9] Random Battle", "players": ["p0x1129bbe5", "p0y11299d0f"], "log": "|init|battle\n|title|p0x1129bbe5 vs. p0y11299d0f\n|j|\u2606p0x1129bbe5\n|j|\u2606p0y11299d0f\n|t:|1783553052\n|gametype|singles\n|player|p1|p0x1129bbe5|266|\n|player|p2|p0y11299d0f|1|\n|gen|9\n|tier|[Gen 9] Random Battle\n|rule|Species Clause: Limit one of each Pok\u00e9mon\n|rule|HP Percentage Mod: HP is shown in percentages\n|rule|Sleep Clause Mod: Limit one foe put to sleep\n|rule|Illusion Level Mod: Illusion disguises the Pok\u00e9mon's true level\n|\n|t:|1783553052\n|teamsize|p1|6\n|teamsize|p2|6\n|start\n|switch|p1a: Weezing|Weezing-Galar, L86, F|252/252\n|switch|p2a: Perrserker|Perrserker, L89, F|100/100\n|turn|1\n|inactive|Battle timer is ON: inactive players will automatically lose when time's up. (requested by p0x1129bbe5)\n|inactive|p0y11299d0f also wants the timer to be on.\n|\n|t:|1783553054\n|move|p1a: Weezing|Fire Blast|p2a: Perrserker\n|-supereffective|p2a: Perrserker\n|-damage|p2a: Perrserker|37/100\n|move|p2a: Perrserker|Iron Head|p1a: Weezing\n|-supereffective|p1a: Weezing\n|-damage|p1a: Weezing|0 fnt\n|faint|p1a: Weezing\n|-damage|p2a: Perrserker|28/100|[from] item: Life Orb\n|\n|upkeep\n|inactive|Time left: 300 sec this turn | 300 sec total | 65 sec grace\n|\n|t:|1783553055\n|switch|p1a: Vigoroth|Vigoroth, L85, M|275/275\n|turn|2\n|inactive|Time left: 300 sec this turn | 300 sec total\n|\n|t:|1783553056\n|switch|p2a: Oricorio|Oricorio-Sensu, L85, F|100/100\n|move|p1a: Vigoroth|Bulk Up|p1a: Vigoroth\n|-boost|p1a: Vigoroth|atk|1\n|-boost|p1a: Vigoroth|def|1\n|\n|upkeep\n|turn|3\n|inactive|Time left: 300 sec this turn | 300 sec total\n|\n|t:|1783553058\n|move|p2a: Oricorio|Quiver Dance|p2a: Oricorio\n|-boost|p2a: Oricorio|spa|1\n|-boost|p2a: Oricorio|spd|1\n|-boost|p2a: Oricorio|spe|1\n|move|p1a: Vigoroth|Bulk Up|p1a: Vigoroth\n|-boost|p1a: Vigoroth|atk|1\n|-boost|p1a: Vigoroth|def|1\n|\n|upkeep\n|turn|4\n|inactive|Time left: 300 sec this turn | 300 sec total\n|\n|t:|1783553059\n|move|p2a: Oricorio|Quiver Dance|p2a: Oricorio\n|-boost|p2a: Oricorio|spa|1\n|-boost|p2a: Oricorio|spd|1\n|-boost|p2a: Oricorio|spe|1\n|move|p1a: Vigoroth|Bulk Up|p1a: Vigoroth\n|-boost|p1a: Vigoroth|atk|1\n|-boost|p1a: Vigoroth|def|1\n|\n|upkeep\n|turn|5\n|inactive|Time left: 300 sec this turn | 300 sec total\n|\n|t:|1783553060\n|move|p2a: Oricorio|Revelation Dance|p1a: Vigoroth\n|-immune|p1a: Vigoroth\n|move|p1a: Vigoroth|Slack Off||[still]\n|-fail|p1a: Vigoroth|heal\n|\n|upkeep\n|turn|6\n|inactive|Time left: 300 sec this turn | 300 sec total\n|\n|t:|1783553061\n|move|p2a: Oricorio|Hurricane|p1a: Vigoroth|[miss]\n|-miss|p2a: Oricorio|p1a: Vigoroth\n|move|p1a: Vigoroth|Earthquake|p2a: Oricorio\n|-immune|p2a: Oricorio\n|\n|upkeep\n|turn|7\n|inactive|Time left: 300 sec this turn | 300 sec total\n|\n|t:|1783553062\n|move|p2a: Oricorio|Hurricane|p1a: Vigoroth|[miss]\n|-miss|p2a: Oricorio|p1a: Vigoroth\n|move|p1a: Vigoroth|Bulk Up|p1a: Vigoroth\n|-boost|p1a: Vigoroth|atk|1\n|-boost|p1a: Vigoroth|def|1\n|\n|upkeep\n|turn|8\n|inactive|Time left: 300 sec this turn | 300 sec total\n|\n|t:|1783553063\n|move|p2a: Oricorio|Hurricane|p1a: Vigoroth|[miss]\n|-miss|p2a: Oricorio|p1a: Vigoroth\n|move|p1a: Vigoroth|Body Slam|p2a: Oricorio\n|-immune|p2a: Oricorio\n|\n|upkeep\n|turn|9\n|inactive|Time left: 300 sec this turn | 300 sec total\n|\n|t:|1783553064\n|move|p2a: Oricorio|Hurricane|p1a: Vigoroth\n|-damage|p1a: Vigoroth|40/275\n|move|p1a: Vigoroth|Bulk Up|p1a: Vigoroth\n|-boost|p1a: Vigoroth|atk|1\n|-boost|p1a: Vigoroth|def|1\n|\n|upkeep\n|turn|10\n|inactive|Time left: 300 sec this turn | 300 sec total\n|\n|t:|1783553065\n|move|p2a: Oricorio|Hurricane|p1a: Vigoroth\n|-damage|p1a: Vigoroth|0 fnt\n|faint|p1a: Vigoroth\n|\n|upkeep\n|inactive|Time left: 300 sec this turn | 300 sec total | 5 sec grace\n|\n|t:|1783553066\n|switch|p1a: Pachirisu|Pachirisu, L96, F|271/271\n|turn|11\n|inactive|Time left: 300 sec this turn | 300 sec total\n|\n|t:|1783553067\n|move|p2a: Oricorio|Revelation Dance|p1a: Pachirisu\n|-damage|p1a: Pachirisu|106/271\n|move|p1a: Pachirisu|Encore|p2a: Oricorio\n|-start|p2a: Oricorio|Encore\n|\n|upkeep\n|turn|12\n|inactive|Time left: 300 sec this turn | 300 sec total\n|\n|t:|1783553068\n|switch|p1a: Dunsparce|Dunsparce, L86, M|312/312\n|move|p2a: Oricorio|Revelation Dance|p1a: Dunsparce\n|-immune|p1a: Dunsparce\n|\n|upkeep\n|turn|13\n|inactive|Time left: 300 sec this turn | 300 sec total\n|\n|t:|1783553069\n|move|p2a: Oricorio|Revelation Dance|p1a: Dunsparce\n|-immune|p1a: Dunsparce\n|move|p1a: Dunsparce|Coil|p1a: Dunsparce\n|-boost|p1a: Dunsparce|atk|1\n|-boost|p1a: Dunsparce|def|1\n|-boost|p1a: Dunsparce|accuracy|1\n|\n|upkeep\n|turn|14\n|inactive|Time left: 300 sec this turn | 300 sec total\n|\n|t:|1783553070\n|move|p2a: Oricorio|Revelation Dance|p1a: Dunsparce\n|-immune|p1a: Dunsparce\n|move|p1a: Dunsparce|Coil|p1a: Dunsparce\n|-boost|p1a: Dunsparce|atk|1\n|-boost|p1a: Dunsparce|def|1\n|-boost|p1a: Dunsparce|accuracy|1\n|\n|-end|p2a: Oricorio|Encore\n|upkeep\n|turn|15\n|inactive|Time left: 300 sec this turn | 300 sec total\n|\n|t:|1783553071\n|move|p2a: Oricorio|Quiver Dance|p2a: Oricorio\n|-boost|p2a: Oricorio|spa|1\n|-boost|p2a: Oricorio|spd|1\n|-boost|p2a: Oricorio|spe|1\n|move|p1a: Dunsparce|Body Slam|p2a: Oricorio\n|-immune|p2a: Oricorio\n|\n|upkeep\n|turn|16\n|inactive|Time left: 300 sec this turn | 300 sec total\n|\n|t:|1783553073\n|move|p2a: Oricorio|Quiver Dance|p2a: Oricorio\n|-boost|p2a: Oricorio|spa|1\n|-boost|p2a: Oricorio|spd|1\n|-boost|p2a: Oricorio|spe|1\n|move|p1a: Dunsparce|Earthquake|p2a: Oricorio\n|-immune|p2a: Oricorio\n|\n|upkeep\n|turn|17\n|inactive|Time left: 300 sec this turn | 300 sec total\n|\n|t:|1783553074\n|move|p2a: Oricorio|Hurricane|p1a: Dunsparce\n|-damage|p1a: Dunsparce|9/312\n|move|p1a: Dunsparce|Coil|p1a: Dunsparce\n|-boost|p1a: Dunsparce|atk|1\n|-boost|p1a: Dunsparce|def|1\n|-boost|p1a: Dunsparce|accuracy|1\n|\n|upkeep\n|turn|18\n|inactive|Time left: 300 sec this turn | 300 sec total\n|\n|t:|1783553075\n|move|p2a: Oricorio|Hurricane|p1a: Dunsparce\n|-damage|p1a: Dunsparce|0 fnt\n|faint|p1a: Dunsparce\n|\n|upkeep\n|inactive|Time left: 300 sec this turn | 300 sec total | 5 sec grace\n|\n|t:|1783553076\n|switch|p1a: Iron Moth|Iron Moth, L78|253/253\n|turn|19\n|inactive|Time left: 300 sec this turn | 300 sec total\n|\n|t:|1783553077\n|-end|p1a: Iron Moth|Quark Drive|[silent]\n|switch|p1a: Pachirisu|Pachirisu, L96, F|106/271\n|move|p2a: Oricorio|Revelation Dance|p1a: Pachirisu\n|-damage|p1a: Pachirisu|0 fnt\n|faint|p1a: Pachirisu\n|\n|upkeep\n|inactive|Time left: 300 sec this turn | 300 sec total | 5 sec grace\n|\n|t:|1783553078\n|switch|p1a: Iron Moth|Iron Moth, L78|253/253\n|turn|20\n|inactive|Time left: 300 sec this turn | 300 sec total\n|\n|t:|1783553079\n|-terastallize|p1a: Iron Moth|Grass\n|move|p2a: Oricorio|Revelation Dance|p1a: Iron Moth\n|-damage|p1a: Iron Moth|0 fnt\n|faint|p1a: Iron Moth\n|-end|p1a: Iron Moth|Quark Drive|[silent]\n|\n|upkeep\n|inactive|Time left: 300 sec this turn | 300 sec total | 5 sec grace\n|\n|t:|1783553079\n|switch|p1a: Comfey|Comfey, L85, M|225/225\n|turn|21\n|inactive|Time left: 300 sec this turn | 300 sec total\n|\n|t:|1783553080\n|move|p1a: Comfey|Giga Drain|p2a: Oricorio\n|-resisted|p2a: Oricorio\n|-damage|p2a: Oricorio|97/100\n|move|p2a: Oricorio|Revelation Dance|p1a: Comfey\n|-damage|p1a: Comfey|0 fnt\n|faint|p1a: Comfey\n|\n|win|p0y11299d0f", "uploadtime": 1783553080, "views": 0, "rating": 0, "private": 0, "password": null, "_winner": "p0y11299d0f", "_our_name": "p0x1129bbe5"}