{"id": "battle-gen9randombattle-24", "formatid": "gen9randombattle", "format": "[Gen 9] Random Battle", "players": ["p0x024eee9", "p0y0245ae3"], "log": "|init|battle\n|title|p0x024eee9 vs. p0y0245ae3\n|j|\u2606p0x024eee9\n|j|\u2606p0y0245ae3\n|t:|1783533531\n|gametype|singles\n|player|p1|p0x024eee9|265|\n|player|p2|p0y0245ae3|2|\n|gen|9\n|tier|[Gen 9] Random Battle\n|rule|Species Clause: Limit one of each Pok\u00e9mon\n|rule|HP Percentage Mod: HP is shown in percentages\n|rule|Sleep Clause Mod: Limit one foe put to sleep\n|rule|Illusion Level Mod: Illusion disguises the Pok\u00e9mon's true level\n|\n|t:|1783533531\n|teamsize|p1|6\n|teamsize|p2|6\n|start\n|switch|p1a: Blastoise|Blastoise, L80, M|100/100\n|switch|p2a: Staraptor|Staraptor, L79, M|263/263\n|turn|1\n|inactive|Battle timer is ON: inactive players will automatically lose when time's up. (requested by p0y0245ae3)\n|inactive|p0x024eee9 also wants the timer to be on.\n|\n|t:|1783533533\n|move|p2a: Staraptor|Brave Bird|p1a: Blastoise\n|-damage|p1a: Blastoise|6/100\n|-damage|p2a: Staraptor|183/263|[from] Recoil\n|move|p1a: Blastoise|Shell Smash|p1a: Blastoise\n|-unboost|p1a: Blastoise|def|1\n|-unboost|p1a: Blastoise|spd|1\n|-boost|p1a: Blastoise|atk|2\n|-boost|p1a: Blastoise|spa|2\n|-boost|p1a: Blastoise|spe|2\n|-enditem|p1a: Blastoise|White Herb\n|-clearnegativeboost|p1a: Blastoise|[silent]\n|\n|upkeep\n|turn|2\n|inactive|Time left: 300 sec this turn | 300 sec total\n|\n|t:|1783533534\n|switch|p2a: Tyranitar|Tyranitar, L78, M|284/284\n|-weather|Sandstorm|[from] ability: Sand Stream|[of] p2a: Tyranitar\n|move|p1a: Blastoise|Hydro Pump|p2a: Tyranitar\n|-supereffective|p2a: Tyranitar\n|-damage|p2a: Tyranitar|0 fnt\n|faint|p2a: Tyranitar\n|\n|-weather|Sandstorm|[upkeep]\n|-damage|p1a: Blastoise|0 fnt|[from] Sandstorm\n|faint|p1a: Blastoise\n|upkeep\n|inactive|Time left: 300 sec this turn | 300 sec total | 5 sec grace\n|\n|t:|1783533535\n|switch|p1a: Donphan|Donphan, L84, M|100/100\n|switch|p2a: Cloyster|Cloyster, L80, M|211/211\n|turn|3\n|inactive|Time left: 300 sec this turn | 300 sec total\n|\n|t:|1783533537\n|move|p2a: Cloyster|Shell Smash|p2a: Cloyster\n|-unboost|p2a: Cloyster|def|1\n|-unboost|p2a: Cloyster|spd|1\n|-boost|p2a: Cloyster|atk|2\n|-boost|p2a: Cloyster|spa|2\n|-boost|p2a: Cloyster|spe|2\n|-enditem|p2a: Cloyster|White Herb\n|-clearnegativeboost|p2a: Cloyster|[silent]\n|move|p1a: Donphan|Earthquake|p2a: Cloyster\n|-damage|p2a: Cloyster|142/211\n|\n|-weather|Sandstorm|[upkeep]\n|-damage|p2a: Cloyster|129/211|[from] Sandstorm\n|upkeep\n|turn|4\n|inactive|Time left: 300 sec this turn | 300 sec total\n|\n|t:|1783533538\n|-terastallize|p1a: Donphan|Water\n|move|p2a: Cloyster|Icicle Spear|p1a: Donphan\n|-resisted|p1a: Donphan\n|-damage|p1a: Donphan|94/100\n|-resisted|p1a: Donphan\n|-damage|p1a: Donphan|87/100\n|-resisted|p1a: Donphan\n|-damage|p1a: Donphan|81/100\n|-resisted|p1a: Donphan\n|-damage|p1a: Donphan|75/100\n|-resisted|p1a: Donphan\n|-damage|p1a: Donphan|69/100\n|-hitcount|p1a: Donphan|5\n|move|p1a: Donphan|Earthquake|p2a: Cloyster\n|-damage|p2a: Cloyster|53/211\n|\n|-weather|Sandstorm|[upkeep]\n|-damage|p2a: Cloyster|40/211|[from] Sandstorm\n|-damage|p1a: Donphan|62/100|[from] Sandstorm\n|upkeep\n|turn|5\n|inactive|Time left: 300 sec this turn | 300 sec total\n|\n|t:|1783533539\n|move|p2a: Cloyster|Icicle Spear|p1a: Donphan\n|-resisted|p1a: Donphan\n|-damage|p1a: Donphan|56/100\n|-resisted|p1a: Donphan\n|-damage|p1a: Donphan|50/100\n|-resisted|p1a: Donphan\n|-damage|p1a: Donphan|43/100\n|-resisted|p1a: Donphan\n|-damage|p1a: Donphan|36/100\n|-resisted|p1a: Donphan\n|-damage|p1a: Donphan|30/100\n|-hitcount|p1a: Donphan|5\n|move|p1a: Donphan|Earthquake|p2a: Cloyster\n|-damage|p2a: Cloyster|0 fnt\n|faint|p2a: Cloyster\n|\n|-weather|Sandstorm|[upkeep]\n|-damage|p1a: Donphan|23/100|[from] Sandstorm\n|upkeep\n|inactive|Time left: 300 sec this turn | 300 sec total | 5 sec grace\n|\n|t:|1783533540\n|switch|p2a: Eiscue|Eiscue, L88, M|274/274\n|turn|6\n|inactive|Time left: 300 sec this turn | 300 sec total\n|\n|t:|1783533541\n|move|p2a: Eiscue|Belly Drum|p2a: Eiscue\n|-damage|p2a: Eiscue|137/274\n|-setboost|p2a: Eiscue|atk|6|[from] move: Belly Drum\n|-enditem|p2a: Eiscue|Sitrus Berry|[eat]\n|-heal|p2a: Eiscue|205/274|[from] item: Sitrus Berry\n|move|p1a: Donphan|Earthquake|p2a: Eiscue\n|-activate|p2a: Eiscue|ability: Ice Face\n|-damage|p2a: Eiscue|205/274\n|detailschange|p2a: Eiscue|Eiscue-Noice, L88, M\n|\n|-weather|none\n|upkeep\n|turn|7\n|inactive|Time left: 300 sec this turn | 300 sec total\n|\n|t:|1783533542\n|switch|p1a: Wugtrio|Wugtrio, L91, M|100/100\n|move|p2a: Eiscue|Ice Spinner|p1a: Wugtrio\n|-resisted|p1a: Wugtrio\n|-damage|p1a: Wugtrio|0 fnt\n|-ability|p1a: Wugtrio|Gooey\n|-unboost|p2a: Eiscue|spe|1\n|faint|p1a: Wugtrio\n|\n|upkeep\n|\n|t:|1783533543\n|switch|p1a: Electivire|Electivire, L84, M|100/100\n|turn|8\n|inactive|Time left: 300 sec this turn | 300 sec total\n|\n|t:|1783533544\n|move|p1a: Electivire|Flamethrower|p2a: Eiscue\n|-supereffective|p2a: Eiscue\n|-damage|p2a: Eiscue|0 fnt\n|faint|p2a: Eiscue\n|-damage|p1a: Electivire|91/100|[from] item: Life Orb\n|\n|upkeep\n|inactive|Time left: 300 sec this turn | 300 sec total | 5 sec grace\n|\n|t:|1783533546\n|switch|p2a: Regidrago|Regidrago, L77|435/435\n|turn|9\n|inactive|Time left: 300 sec this turn | 300 sec total\n|\n|t:|1783533547\n|switch|p1a: Donphan|Donphan, L84, M, tera:Water|23/100\n|move|p2a: Regidrago|Dragon Dance|p2a: Regidrago\n|-boost|p2a: Regidrago|atk|1\n|-boost|p2a: Regidrago|spe|1\n|\n|upkeep\n|turn|10\n|inactive|Time left: 300 sec this turn | 300 sec total\n|\n|t:|1783533548\n|-terastallize|p2a: Regidrago|Dragon\n|move|p1a: Donphan|Ice Shard|p2a: Regidrago\n|-supereffective|p2a: Regidrago\n|-crit|p2a: Regidrago\n|-damage|p2a: Regidrago|275/435\n|move|p2a: Regidrago|Outrage|p1a: Donphan\n|-damage|p1a: Donphan|0 fnt\n|faint|p1a: Donphan\n|\n|upkeep\n|\n|t:|1783533548\n|switch|p1a: Venusaur|Venusaur, L84, F|100/100\n|turn|11\n|inactive|Time left: 300 sec this turn | 300 sec total\n|\n|t:|1783533550\n|move|p2a: Regidrago|Outrage|p1a: Venusaur|[from] lockedmove\n|-damage|p1a: Venusaur|0 fnt\n|faint|p1a: Venusaur\n|\n|upkeep\n|\n|t:|1783533551\n|switch|p1a: Chansey|Chansey, L85, F|100/100\n|turn|12\n|inactive|Time left: 300 sec this turn | 300 sec total\n|\n|t:|1783533552\n|move|p2a: Regidrago|Outrage|p1a: Chansey|[from] lockedmove\n|-damage|p1a: Chansey|0 fnt\n|faint|p1a: Chansey\n|-start|p2a: Regidrago|confusion|[fatigue]\n|-enditem|p2a: Regidrago|Lum Berry|[eat]\n|-end|p2a: Regidrago|confusion\n|\n|upkeep\n|\n|t:|1783533553\n|switch|p1a: Electivire|Electivire, L84, M|91/100\n|turn|13\n|inactive|Time left: 300 sec this turn | 300 sec total\n|\n|t:|1783533553\n|move|p2a: Regidrago|Earthquake|p1a: Electivire\n|-supereffective|p1a: Electivire\n|-damage|p1a: Electivire|11/100\n|move|p1a: Electivire|Earthquake|p2a: Regidrago\n|-damage|p2a: Regidrago|110/435\n|-damage|p1a: Electivire|1/100|[from] item: Life Orb\n|\n|upkeep\n|turn|14\n|inactive|Time left: 300 sec this turn | 300 sec total\n|\n|t:|1783533554\n|move|p2a: Regidrago|Outrage|p1a: Electivire\n|-damage|p1a: Electivire|0 fnt\n|faint|p1a: Electivire\n|\n|win|p0y0245ae3", "uploadtime": 1783533554, "views": 0, "rating": 0, "private": 0, "password": null, "_winner": "p0y0245ae3", "_our_name": "p0y0245ae3"}