{"id": "battle-gen9randombattle-1647", "formatid": "gen9randombattle", "format": "[Gen 9] Random Battle", "players": ["p0x16470965", "p0y16477df2"], "log": "|init|battle\n|title|p0x16470965 vs. p0y16477df2\n|j|\u2606p0x16470965\n|j|\u2606p0y16477df2\n|t:|1783558315\n|gametype|singles\n|player|p1|p0x16470965|266|\n|player|p2|p0y16477df2|102|\n|gen|9\n|tier|[Gen 9] Random Battle\n|rule|Species Clause: Limit one of each Pok\u00e9mon\n|rule|HP Percentage Mod: HP is shown in percentages\n|rule|Sleep Clause Mod: Limit one foe put to sleep\n|rule|Illusion Level Mod: Illusion disguises the Pok\u00e9mon's true level\n|\n|t:|1783558315\n|teamsize|p1|6\n|teamsize|p2|6\n|start\n|switch|p1a: Lugia|Lugia, L73|100/100\n|switch|p2a: Meganium|Meganium, L90, F|290/290\n|turn|1\n|inactive|Battle timer is ON: inactive players will automatically lose when time's up. (requested by p0y16477df2)\n|inactive|p0x16470965 also wants the timer to be on.\n|\n|t:|1783558317\n|move|p1a: Lugia|Calm Mind|p1a: Lugia\n|-boost|p1a: Lugia|spa|1\n|-boost|p1a: Lugia|spd|1\n|move|p2a: Meganium|Knock Off|p1a: Lugia\n|-supereffective|p1a: Lugia\n|-damage|p1a: Lugia|77/100\n|-enditem|p1a: Lugia|Heavy-Duty Boots|[from] move: Knock Off|[of] p2a: Meganium\n|\n|upkeep\n|turn|2\n|inactive|Time left: 300 sec this turn | 300 sec total\n|\n|t:|1783558318\n|switch|p2a: Necrozma|Necrozma-Dawn-Wings, L76|272/272\n|move|p1a: Lugia|Aeroblast|p2a: Necrozma\n|-damage|p2a: Necrozma|175/272\n|\n|-heal|p2a: Necrozma|192/272|[from] item: Leftovers\n|upkeep\n|turn|3\n|inactive|Time left: 300 sec this turn | 300 sec total\n|\n|t:|1783558320\n|move|p1a: Lugia|Calm Mind|p1a: Lugia\n|-boost|p1a: Lugia|spa|1\n|-boost|p1a: Lugia|spd|1\n|move|p2a: Necrozma|Calm Mind|p2a: Necrozma\n|-boost|p2a: Necrozma|spa|1\n|-boost|p2a: Necrozma|spd|1\n|\n|-heal|p2a: Necrozma|209/272|[from] item: Leftovers\n|upkeep\n|turn|4\n|inactive|Time left: 300 sec this turn | 300 sec total\n|\n|t:|1783558321\n|move|p1a: Lugia|Aeroblast|p2a: Necrozma\n|-damage|p2a: Necrozma|127/272\n|move|p2a: Necrozma|Moongeist Beam|p1a: Lugia\n|-supereffective|p1a: Lugia\n|-damage|p1a: Lugia|22/100\n|\n|-heal|p2a: Necrozma|144/272|[from] item: Leftovers\n|upkeep\n|turn|5\n|inactive|Time left: 300 sec this turn | 300 sec total\n|\n|t:|1783558322\n|move|p1a: Lugia|Recover|p1a: Lugia\n|-heal|p1a: Lugia|72/100\n|move|p2a: Necrozma|Moongeist Beam|p1a: Lugia\n|-supereffective|p1a: Lugia\n|-damage|p1a: Lugia|22/100\n|\n|-heal|p2a: Necrozma|161/272|[from] item: Leftovers\n|upkeep\n|turn|6\n|inactive|Time left: 300 sec this turn | 300 sec total\n|\n|t:|1783558323\n|move|p1a: Lugia|Recover|p1a: Lugia\n|-heal|p1a: Lugia|72/100\n|move|p2a: Necrozma|Moongeist Beam|p1a: Lugia\n|-supereffective|p1a: Lugia\n|-damage|p1a: Lugia|19/100\n|\n|-heal|p2a: Necrozma|178/272|[from] item: Leftovers\n|upkeep\n|turn|7\n|inactive|Time left: 300 sec this turn | 300 sec total\n|\n|t:|1783558324\n|move|p1a: Lugia|Recover|p1a: Lugia\n|-heal|p1a: Lugia|70/100\n|move|p2a: Necrozma|Moongeist Beam|p1a: Lugia\n|-supereffective|p1a: Lugia\n|-damage|p1a: Lugia|17/100\n|\n|-heal|p2a: Necrozma|195/272|[from] item: Leftovers\n|upkeep\n|turn|8\n|inactive|Time left: 300 sec this turn | 300 sec total\n|\n|t:|1783558325\n|move|p1a: Lugia|Recover|p1a: Lugia\n|-heal|p1a: Lugia|67/100\n|move|p2a: Necrozma|Moongeist Beam|p1a: Lugia\n|-supereffective|p1a: Lugia\n|-damage|p1a: Lugia|17/100\n|\n|-heal|p2a: Necrozma|212/272|[from] item: Leftovers\n|upkeep\n|turn|9\n|inactive|Time left: 300 sec this turn | 300 sec total\n|\n|t:|1783558326\n|move|p1a: Lugia|Recover|p1a: Lugia\n|-heal|p1a: Lugia|67/100\n|move|p2a: Necrozma|Moongeist Beam|p1a: Lugia\n|-supereffective|p1a: Lugia\n|-damage|p1a: Lugia|19/100\n|\n|-heal|p2a: Necrozma|229/272|[from] item: Leftovers\n|upkeep\n|turn|10\n|inactive|Time left: 300 sec this turn | 300 sec total\n|\n|t:|1783558327\n|move|p1a: Lugia|Recover|p1a: Lugia\n|-heal|p1a: Lugia|70/100\n|move|p2a: Necrozma|Moongeist Beam|p1a: Lugia\n|-supereffective|p1a: Lugia\n|-damage|p1a: Lugia|21/100\n|\n|-heal|p2a: Necrozma|246/272|[from] item: Leftovers\n|upkeep\n|turn|11\n|inactive|Time left: 300 sec this turn | 300 sec total\n|\n|t:|1783558328\n|move|p1a: Lugia|Recover|p1a: Lugia\n|-heal|p1a: Lugia|71/100\n|move|p2a: Necrozma|Moongeist Beam|p1a: Lugia\n|-supereffective|p1a: Lugia\n|-damage|p1a: Lugia|19/100\n|\n|-heal|p2a: Necrozma|263/272|[from] item: Leftovers\n|upkeep\n|turn|12\n|inactive|Time left: 300 sec this turn | 300 sec total\n|\n|t:|1783558329\n|move|p1a: Lugia|Recover|p1a: Lugia\n|-heal|p1a: Lugia|69/100\n|move|p2a: Necrozma|Calm Mind|p2a: Necrozma\n|-boost|p2a: Necrozma|spa|1\n|-boost|p2a: Necrozma|spd|1\n|\n|-heal|p2a: Necrozma|272/272|[from] item: Leftovers\n|upkeep\n|turn|13\n|inactive|Time left: 300 sec this turn | 300 sec total\n|\n|t:|1783558330\n|move|p1a: Lugia|Calm Mind|p1a: Lugia\n|-boost|p1a: Lugia|spa|1\n|-boost|p1a: Lugia|spd|1\n|move|p2a: Necrozma|Calm Mind|p2a: Necrozma\n|-boost|p2a: Necrozma|spa|1\n|-boost|p2a: Necrozma|spd|1\n|\n|upkeep\n|turn|14\n|inactive|Time left: 300 sec this turn | 300 sec total\n|\n|t:|1783558331\n|move|p1a: Lugia|Calm Mind|p1a: Lugia\n|-boost|p1a: Lugia|spa|1\n|-boost|p1a: Lugia|spd|1\n|move|p2a: Necrozma|Calm Mind|p2a: Necrozma\n|-boost|p2a: Necrozma|spa|1\n|-boost|p2a: Necrozma|spd|1\n|\n|upkeep\n|turn|15\n|inactive|Time left: 300 sec this turn | 300 sec total\n|\n|t:|1783558331\n|move|p1a: Lugia|Aeroblast|p2a: Necrozma\n|-damage|p2a: Necrozma|206/272\n|move|p2a: Necrozma|Photon Geyser|p1a: Lugia\n|-resisted|p1a: Lugia\n|-damage|p1a: Lugia|51/100\n|\n|-heal|p2a: Necrozma|223/272|[from] item: Leftovers\n|upkeep\n|turn|16\n|inactive|Time left: 300 sec this turn | 300 sec total\n|\n|t:|1783558332\n|move|p1a: Lugia|Aeroblast|p2a: Necrozma\n|-damage|p2a: Necrozma|156/272\n|move|p2a: Necrozma|Photon Geyser|p1a: Lugia\n|-resisted|p1a: Lugia\n|-damage|p1a: Lugia|35/100\n|\n|-heal|p2a: Necrozma|173/272|[from] item: Leftovers\n|upkeep\n|turn|17\n|inactive|Time left: 300 sec this turn | 300 sec total\n|\n|t:|1783558333\n|move|p1a: Lugia|Aeroblast|p2a: Necrozma\n|-damage|p2a: Necrozma|106/272\n|move|p2a: Necrozma|Photon Geyser|p1a: Lugia\n|-resisted|p1a: Lugia\n|-damage|p1a: Lugia|19/100\n|\n|-heal|p2a: Necrozma|123/272|[from] item: Leftovers\n|upkeep\n|turn|18\n|inactive|Time left: 300 sec this turn | 300 sec total\n|\n|t:|1783558334\n|move|p1a: Lugia|Aeroblast|p2a: Necrozma\n|-damage|p2a: Necrozma|53/272\n|move|p2a: Necrozma|Photon Geyser|p1a: Lugia\n|-resisted|p1a: Lugia\n|-damage|p1a: Lugia|1/100\n|\n|-heal|p2a: Necrozma|70/272|[from] item: Leftovers\n|upkeep\n|turn|19\n|inactive|Time left: 300 sec this turn | 300 sec total\n|\n|t:|1783558335\n|move|p1a: Lugia|Psychic Noise|p2a: Necrozma\n|-resisted|p2a: Necrozma\n|-damage|p2a: Necrozma|46/272\n|-start|p2a: Necrozma|move: Heal Block\n|cant|p2a: Necrozma|move: Heal Block|Moonlight\n|\n|upkeep\n|turn|20\n|inactive|Time left: 300 sec this turn | 300 sec total\n|\n|t:|1783558336\n|move|p1a: Lugia|Aeroblast|p2a: Necrozma|[miss]\n|-miss|p1a: Lugia|p2a: Necrozma\n|move|p2a: Necrozma|Photon Geyser|p1a: Lugia\n|-resisted|p1a: Lugia\n|-crit|p1a: Lugia\n|-damage|p1a: Lugia|0 fnt\n|faint|p1a: Lugia\n|\n|-end|p2a: Necrozma|move: Heal Block\n|upkeep\n|\n|t:|1783558337\n|switch|p1a: Slaking|Slaking, L84, M|100/100\n|turn|21\n|inactive|Time left: 300 sec this turn | 300 sec total\n|\n|t:|1783558338\n|move|p1a: Slaking|Earthquake|p2a: Necrozma\n|-damage|p2a: Necrozma|0 fnt\n|faint|p2a: Necrozma\n|\n|upkeep\n|inactive|Time left: 300 sec this turn | 300 sec total | 5 sec grace\n|\n|t:|1783558339\n|switch|p2a: Thundurus|Thundurus-Therian, L80, M|258/258\n|turn|22\n|inactive|Time left: 300 sec this turn | 300 sec total\n|\n|t:|1783558341\n|switch|p1a: Arboliva|Arboliva, L91, F|100/100\n|move|p2a: Thundurus|Nasty Plot|p2a: Thundurus\n|-boost|p2a: Thundurus|spa|2\n|\n|upkeep\n|turn|23\n|inactive|Time left: 300 sec this turn | 300 sec total\n|\n|t:|1783558342\n|switch|p1a: Slaking|Slaking, L84, M|100/100\n|move|p2a: Thundurus|Focus Blast|p1a: Slaking\n|-supereffective|p1a: Slaking\n|-damage|p1a: Slaking|0 fnt\n|faint|p1a: Slaking\n|\n|upkeep\n|\n|t:|1783558343\n|switch|p1a: Froslass|Froslass, L87, F|100/100\n|turn|24\n|inactive|Time left: 300 sec this turn | 300 sec total\n|\n|t:|1783558344\n|switch|p2a: Greedent|Greedent, L86, M|347/347\n|move|p1a: Froslass|Triple Axel|p2a: Greedent\n|-damage|p2a: Greedent|329/347\n|-damage|p2a: Greedent|290/347\n|-damage|p2a: Greedent|238/347\n|-hitcount|p2a: Greedent|3\n|\n|upkeep\n|turn|25\n|inactive|Time left: 300 sec this turn | 300 sec total\n|\n|t:|1783558345\n|switch|p1a: Arboliva|Arboliva, L91, F|100/100\n|move|p2a: Greedent|Swords Dance|p2a: Greedent\n|-boost|p2a: Greedent|atk|2\n|\n|upkeep\n|turn|26\n|inactive|Time left: 300 sec this turn | 300 sec total\n|\n|t:|1783558346\n|move|p1a: Arboliva|Energy Ball|p2a: Greedent\n|-damage|p2a: Greedent|87/347\n|-unboost|p2a: Greedent|spd|1\n|-enditem|p2a: Greedent|Sitrus Berry|[eat]\n|-heal|p2a: Greedent|173/347|[from] item: Sitrus Berry\n|-heal|p2a: Greedent|288/347|[from] ability: Cheek Pouch\n|move|p2a: Greedent|Body Slam|p1a: Arboliva\n|-crit|p1a: Arboliva\n|-damage|p1a: Arboliva|13/100\n|-fieldstart|move: Grassy Terrain|[from] ability: Seed Sower|[of] p1a: Arboliva\n|\n|-heal|p1a: Arboliva|19/100|[from] Grassy Terrain\n|-heal|p1a: Arboliva|25/100|[from] item: Leftovers\n|-heal|p2a: Greedent|309/347|[from] Grassy Terrain\n|upkeep\n|turn|27\n|inactive|Time left: 300 sec this turn | 300 sec total\n|\n|t:|1783558347\n|-terastallize|p1a: Arboliva|Grass\n|move|p1a: Arboliva|Energy Ball|p2a: Greedent\n|-damage|p2a: Greedent|0 fnt\n|faint|p2a: Greedent\n|\n|-heal|p1a: Arboliva|31/100|[from] Grassy Terrain\n|-heal|p1a: Arboliva|37/100|[from] item: Leftovers\n|upkeep\n|inactive|Time left: 300 sec this turn | 300 sec total | 5 sec grace\n|\n|t:|1783558348\n|switch|p2a: Cacturne|Cacturne, L92, F|278/278\n|turn|28\n|inactive|Time left: 300 sec this turn | 300 sec total\n|\n|t:|1783558349\n|move|p2a: Cacturne|Knock Off|p1a: Arboliva\n|-damage|p1a: Arboliva|0 fnt\n|-enditem|p1a: Arboliva|Leftovers|[from] move: Knock Off|[of] p2a: Cacturne\n|faint|p1a: Arboliva\n|-damage|p2a: Cacturne|251/278|[from] item: Life Orb\n|\n|-heal|p2a: Cacturne|268/278|[from] Grassy Terrain\n|upkeep\n|\n|t:|1783558350\n|switch|p1a: Swanna|Swanna, L89, F|100/100\n|turn|29\n|inactive|Time left: 300 sec this turn | 300 sec total\n|\n|t:|1783558351\n|-terastallize|p2a: Cacturne|Poison\n|move|p1a: Swanna|Brave Bird|p2a: Cacturne\n|-damage|p2a: Cacturne|97/278\n|-damage|p1a: Swanna|80/100|[from] Recoil\n|move|p2a: Cacturne|Seed Bomb|p1a: Swanna\n|-damage|p1a: Swanna|0 fnt\n|faint|p1a: Swanna\n|-damage|p2a: Cacturne|70/278|[from] item: Life Orb\n|\n|-heal|p2a: Cacturne|87/278|[from] Grassy Terrain\n|upkeep\n|\n|t:|1783558352\n|switch|p1a: Froslass|Froslass, L87, F|100/100\n|turn|30\n|inactive|Time left: 300 sec this turn | 300 sec total\n|\n|t:|1783558353\n|move|p2a: Cacturne|Sucker Punch||[still]\n|-fail|p2a: Cacturne\n|move|p1a: Froslass|Spikes|p2a: Cacturne\n|-sidestart|p2: p0y16477df2|Spikes\n|\n|-heal|p2a: Cacturne|104/278|[from] Grassy Terrain\n|-fieldend|move: Grassy Terrain\n|upkeep\n|turn|31\n|inactive|Time left: 300 sec this turn | 300 sec total\n|\n|t:|1783558354\n|move|p2a: Cacturne|Sucker Punch||[still]\n|-fail|p2a: Cacturne\n|move|p1a: Froslass|Spikes|p2a: Cacturne\n|-sidestart|p2: p0y16477df2|Spikes\n|\n|upkeep\n|turn|32\n|inactive|Time left: 300 sec this turn | 300 sec total\n|\n|t:|1783558355\n|move|p2a: Cacturne|Sucker Punch||[still]\n|-fail|p2a: Cacturne\n|move|p1a: Froslass|Spikes|p2a: Cacturne\n|-sidestart|p2: p0y16477df2|Spikes\n|\n|upkeep\n|turn|33\n|inactive|Time left: 300 sec this turn | 300 sec total\n|\n|t:|1783558356\n|move|p2a: Cacturne|Sucker Punch|p1a: Froslass\n|-supereffective|p1a: Froslass\n|-crit|p1a: Froslass\n|-damage|p1a: Froslass|0 fnt\n|faint|p1a: Froslass\n|-damage|p2a: Cacturne|77/278|[from] item: Life Orb\n|\n|upkeep\n|\n|t:|1783558357\n|switch|p1a: Necrozma|Necrozma-Dawn-Wings, L76|100/100\n|turn|34\n|inactive|Time left: 300 sec this turn | 300 sec total\n|\n|t:|1783558358\n|move|p2a: Cacturne|Sucker Punch||[still]\n|-fail|p2a: Cacturne\n|move|p1a: Necrozma|Moonlight|p1a: Necrozma\n|-fail|p1a: Necrozma|heal\n|\n|upkeep\n|turn|35\n|inactive|Time left: 300 sec this turn | 300 sec total\n|\n|t:|1783558359\n|move|p2a: Cacturne|Sucker Punch||[still]\n|-fail|p2a: Cacturne\n|move|p1a: Necrozma|Calm Mind|p1a: Necrozma\n|-boost|p1a: Necrozma|spa|1\n|-boost|p1a: Necrozma|spd|1\n|\n|upkeep\n|turn|36\n|inactive|Time left: 300 sec this turn | 300 sec total\n|\n|t:|1783558360\n|move|p2a: Cacturne|Sucker Punch||[still]\n|-fail|p2a: Cacturne\n|move|p1a: Necrozma|Calm Mind|p1a: Necrozma\n|-boost|p1a: Necrozma|spa|1\n|-boost|p1a: Necrozma|spd|1\n|\n|upkeep\n|turn|37\n|inactive|Time left: 300 sec this turn | 300 sec total\n|\n|t:|1783558361\n|move|p1a: Necrozma|Calm Mind|p1a: Necrozma\n|-boost|p1a: Necrozma|spa|1\n|-boost|p1a: Necrozma|spd|1\n|move|p2a: Cacturne|Knock Off|p1a: Necrozma\n|-supereffective|p1a: Necrozma\n|-damage|p1a: Necrozma|0 fnt\n|-enditem|p1a: Necrozma|Leftovers|[from] move: Knock Off|[of] p2a: Cacturne\n|faint|p1a: Necrozma\n|-damage|p2a: Cacturne|50/278|[from] item: Life Orb\n|\n|win|p0y16477df2", "uploadtime": 1783558361, "views": 0, "rating": 0, "private": 0, "password": null, "_winner": "p0y16477df2", "_our_name": "p0y16477df2"}