{"id": "battle-gen9randombattle-430", "formatid": "gen9randombattle", "format": "[Gen 9] Random Battle", "players": ["p0x430464b", "p0y430a666"], "log": "|init|battle\n|title|p0x430464b vs. p0y430a666\n|j|\u2606p0x430464b\n|j|\u2606p0y430a666\n|t:|1783544725\n|gametype|singles\n|player|p1|p0x430464b|169|\n|player|p2|p0y430a666|169|\n|gen|9\n|tier|[Gen 9] Random Battle\n|rule|Species Clause: Limit one of each Pok\u00e9mon\n|rule|HP Percentage Mod: HP is shown in percentages\n|rule|Sleep Clause Mod: Limit one foe put to sleep\n|rule|Illusion Level Mod: Illusion disguises the Pok\u00e9mon's true level\n|\n|t:|1783544725\n|teamsize|p1|6\n|teamsize|p2|6\n|start\n|switch|p1a: Clawitzer|Clawitzer, L87, M|265/265\n|switch|p2a: Oricorio|Oricorio-Pa'u, L87, M|100/100\n|turn|1\n|inactive|Battle timer is ON: inactive players will automatically lose when time's up. (requested by p0x430464b)\n|\n|t:|1783544726\n|move|p2a: Oricorio|Quiver Dance|p2a: Oricorio\n|-boost|p2a: Oricorio|spa|1\n|-boost|p2a: Oricorio|spd|1\n|-boost|p2a: Oricorio|spe|1\n|move|p1a: Clawitzer|Water Pulse|p2a: Oricorio\n|-damage|p2a: Oricorio|53/100\n|\n|upkeep\n|turn|2\n|inactive|Time left: 300 sec this turn | 300 sec total\n|inactive|p0y430a666 also wants the timer to be on.\n|\n|t:|1783544728\n|move|p2a: Oricorio|Roost|p2a: Oricorio\n|-heal|p2a: Oricorio|100/100\n|-singleturn|p2a: Oricorio|move: Roost\n|move|p1a: Clawitzer|Water Pulse|p2a: Oricorio\n|-damage|p2a: Oricorio|51/100\n|\n|upkeep\n|turn|3\n|inactive|Time left: 300 sec this turn | 300 sec total\n|\n|t:|1783544729\n|move|p2a: Oricorio|Roost|p2a: Oricorio\n|-heal|p2a: Oricorio|100/100\n|-singleturn|p2a: Oricorio|move: Roost\n|move|p1a: Clawitzer|Water Pulse|p2a: Oricorio\n|-damage|p2a: Oricorio|52/100\n|\n|upkeep\n|turn|4\n|inactive|Time left: 300 sec this turn | 300 sec total\n|\n|t:|1783544730\n|move|p2a: Oricorio|Roost|p2a: Oricorio\n|-heal|p2a: Oricorio|100/100\n|-singleturn|p2a: Oricorio|move: Roost\n|move|p1a: Clawitzer|Water Pulse|p2a: Oricorio\n|-crit|p2a: Oricorio\n|-damage|p2a: Oricorio|0 fnt\n|faint|p2a: Oricorio\n|\n|upkeep\n|\n|t:|1783544731\n|switch|p2a: Oranguru|Oranguru, L92, F|100/100\n|turn|5\n|inactive|Time left: 300 sec this turn | 300 sec total\n|\n|t:|1783544732\n|move|p2a: Oranguru|Nasty Plot|p2a: Oranguru\n|-boost|p2a: Oranguru|spa|2\n|move|p1a: Clawitzer|Water Pulse|p2a: Oranguru\n|-damage|p2a: Oranguru|58/100\n|\n|upkeep\n|turn|6\n|inactive|Time left: 300 sec this turn | 300 sec total\n|\n|t:|1783544733\n|move|p2a: Oranguru|Hyper Voice|p1a: Clawitzer\n|-damage|p1a: Clawitzer|6/265\n|-damage|p2a: Oranguru|48/100|[from] item: Life Orb\n|move|p1a: Clawitzer|Water Pulse|p2a: Oranguru\n|-damage|p2a: Oranguru|5/100\n|\n|upkeep\n|turn|7\n|inactive|Time left: 300 sec this turn | 300 sec total\n|\n|t:|1783544735\n|move|p2a: Oranguru|Psyshock|p1a: Clawitzer\n|-damage|p1a: Clawitzer|0 fnt\n|faint|p1a: Clawitzer\n|-damage|p2a: Oranguru|0 fnt|[from] item: Life Orb\n|faint|p2a: Oranguru\n|\n|upkeep\n|inactive|Time left: 300 sec this turn | 300 sec total | 5 sec grace\n|\n|t:|1783544736\n|switch|p2a: Entei|Entei, L78|100/100\n|switch|p1a: Conkeldurr|Conkeldurr, L80, F|299/299\n|turn|8\n|inactive|Time left: 300 sec this turn | 300 sec total\n|\n|t:|1783544737\n|move|p2a: Entei|Sacred Fire|p1a: Conkeldurr\n|-damage|p1a: Conkeldurr|149/299\n|move|p1a: Conkeldurr|Knock Off|p2a: Entei\n|-damage|p2a: Entei|68/100\n|-enditem|p2a: Entei|Choice Band|[from] move: Knock Off|[of] p1a: Conkeldurr\n|\n|-status|p1a: Conkeldurr|brn|[from] item: Flame Orb\n|upkeep\n|turn|9\n|inactive|Time left: 300 sec this turn | 300 sec total\n|\n|t:|1783544738\n|move|p2a: Entei|Sacred Fire|p1a: Conkeldurr\n|-damage|p1a: Conkeldurr|50/299 brn\n|move|p1a: Conkeldurr|Close Combat|p2a: Entei\n|-damage|p2a: Entei|0 fnt\n|-unboost|p1a: Conkeldurr|def|1\n|-unboost|p1a: Conkeldurr|spd|1\n|faint|p2a: Entei\n|\n|-damage|p1a: Conkeldurr|32/299 brn|[from] brn\n|upkeep\n|\n|t:|1783544739\n|switch|p2a: Overqwil|Overqwil, L82, F|100/100\n|-ability|p2a: Overqwil|Intimidate|boost\n|-unboost|p1a: Conkeldurr|atk|1\n|turn|10\n|inactive|Time left: 300 sec this turn | 300 sec total\n|\n|t:|1783544740\n|switch|p1a: Cobalion|Cobalion, L80|277/277\n|move|p2a: Overqwil|Gunk Shot|p1a: Cobalion\n|-immune|p1a: Cobalion\n|\n|upkeep\n|turn|11\n|inactive|Time left: 300 sec this turn | 300 sec total\n|\n|t:|1783544741\n|move|p1a: Cobalion|Body Press|p2a: Overqwil\n|-damage|p2a: Overqwil|68/100\n|move|p2a: Overqwil|Gunk Shot|p1a: Cobalion\n|-immune|p1a: Cobalion\n|\n|upkeep\n|turn|12\n|inactive|Time left: 300 sec this turn | 300 sec total\n|\n|t:|1783544743\n|switch|p2a: Vileplume|Vileplume, L85, M|100/100\n|move|p1a: Cobalion|Body Press|p2a: Vileplume\n|-resisted|p2a: Vileplume\n|-damage|p2a: Vileplume|82/100\n|\n|-heal|p2a: Vileplume|88/100|[from] item: Leftovers\n|upkeep\n|turn|13\n|inactive|Time left: 300 sec this turn | 300 sec total\n|\n|t:|1783544744\n|switch|p1a: Iron Moth|Iron Moth, L78|253/253\n|move|p2a: Vileplume|Strength Sap|p1a: Iron Moth\n|-unboost|p1a: Iron Moth|atk|1\n|-heal|p2a: Vileplume|100/100\n|\n|upkeep\n|turn|14\n|inactive|Time left: 300 sec this turn | 300 sec total\n|\n|t:|1783544745\n|switch|p2a: Overqwil|Overqwil, L82, F|68/100\n|-ability|p2a: Overqwil|Intimidate|boost\n|-unboost|p1a: Iron Moth|atk|1\n|move|p1a: Iron Moth|Fiery Dance|p2a: Overqwil\n|-damage|p2a: Overqwil|0 fnt\n|-boost|p1a: Iron Moth|spa|1\n|faint|p2a: Overqwil\n|\n|upkeep\n|\n|t:|1783544746\n|switch|p2a: Forretress|Forretress, L84, F|100/100\n|turn|15\n|inactive|Time left: 300 sec this turn | 300 sec total\n|\n|t:|1783544747\n|move|p1a: Iron Moth|Fiery Dance|p2a: Forretress\n|-supereffective|p2a: Forretress\n|-ability|p2a: Forretress|Sturdy\n|-damage|p2a: Forretress|1/100\n|move|p2a: Forretress|Rapid Spin|p1a: Iron Moth\n|-damage|p1a: Iron Moth|209/253\n|-boost|p2a: Forretress|spe|1\n|\n|-heal|p2a: Forretress|7/100|[from] item: Leftovers\n|upkeep\n|turn|16\n|inactive|Time left: 300 sec this turn | 300 sec total\n|\n|t:|1783544748\n|move|p1a: Iron Moth|Fiery Dance|p2a: Forretress\n|-supereffective|p2a: Forretress\n|-damage|p2a: Forretress|0 fnt\n|-boost|p1a: Iron Moth|spa|1\n|faint|p2a: Forretress\n|\n|upkeep\n|\n|t:|1783544749\n|switch|p2a: Vileplume|Vileplume, L85, M|100/100\n|turn|17\n|inactive|Time left: 300 sec this turn | 300 sec total\n|\n|t:|1783544750\n|-terastallize|p2a: Vileplume|Steel\n|move|p1a: Iron Moth|Fiery Dance|p2a: Vileplume\n|-supereffective|p2a: Vileplume\n|-damage|p2a: Vileplume|0 fnt\n|faint|p2a: Vileplume\n|\n|win|p0x430464b", "uploadtime": 1783544750, "views": 0, "rating": 0, "private": 0, "password": null, "_winner": "p0x430464b", "_our_name": "p0x430464b"}