{"id": "battle-gen9randombattle-1956", "formatid": "gen9randombattle", "format": "[Gen 9] Random Battle", "players": ["p0x19563d0a", "p0y19566fb7"], "log": "|init|battle\n|title|p0x19563d0a vs. p0y19566fb7\n|j|\u2606p0x19563d0a\n|j|\u2606p0y19566fb7\n|t:|1783561906\n|gametype|singles\n|player|p1|p0x19563d0a|265|\n|player|p2|p0y19566fb7|266|\n|gen|9\n|tier|[Gen 9] Random Battle\n|rule|Species Clause: Limit one of each Pok\u00e9mon\n|rule|HP Percentage Mod: HP is shown in percentages\n|rule|Sleep Clause Mod: Limit one foe put to sleep\n|rule|Illusion Level Mod: Illusion disguises the Pok\u00e9mon's true level\n|\n|t:|1783561906\n|teamsize|p1|6\n|teamsize|p2|6\n|start\n|switch|p1a: Weezing|Weezing, L88, F|258/258\n|switch|p2a: Greninja|Greninja, L80, M|100/100\n|turn|1\n|inactive|Battle timer is ON: inactive players will automatically lose when time's up. (requested by p0y19566fb7)\n|inactive|Time left: 300 sec this turn | 300 sec total | 60 sec grace\n|inactive|p0x19563d0a also wants the timer to be on.\n|\n|t:|1783561907\n|move|p2a: Greninja|Dark Pulse|p1a: Weezing\n|-start|p2a: Greninja|typechange|Dark|[from] ability: Protean\n|-damage|p1a: Weezing|133/258\n|-damage|p2a: Greninja|91/100|[from] item: Life Orb\n|move|p1a: Weezing|Toxic Spikes|p2a: Greninja\n|-sidestart|p2: p0y19566fb7|move: Toxic Spikes\n|\n|-heal|p1a: Weezing|149/258|[from] item: Leftovers\n|upkeep\n|turn|2\n|inactive|Time left: 300 sec this turn | 300 sec total\n|\n|t:|1783561908\n|-terastallize|p2a: Greninja|Dark\n|move|p2a: Greninja|Dark Pulse|p1a: Weezing\n|-damage|p1a: Weezing|0 fnt\n|faint|p1a: Weezing\n|-damage|p2a: Greninja|81/100|[from] item: Life Orb\n|\n|upkeep\n|inactive|Time left: 300 sec this turn | 300 sec total | 5 sec grace\n|\n|t:|1783561909\n|switch|p1a: Toxicroak|Toxicroak, L84, F|277/277\n|turn|3\n|inactive|Time left: 300 sec this turn | 300 sec total\n|\n|t:|1783561910\n|move|p2a: Greninja|Dark Pulse|p1a: Toxicroak\n|-resisted|p1a: Toxicroak\n|-damage|p1a: Toxicroak|191/277\n|-damage|p2a: Greninja|71/100|[from] item: Life Orb\n|move|p1a: Toxicroak|Gunk Shot|p2a: Greninja|[miss]\n|-miss|p1a: Toxicroak|p2a: Greninja\n|\n|upkeep\n|turn|4\n|inactive|Time left: 300 sec this turn | 300 sec total\n|\n|t:|1783561911\n|move|p2a: Greninja|Dark Pulse|p1a: Toxicroak\n|-resisted|p1a: Toxicroak\n|-damage|p1a: Toxicroak|105/277\n|-damage|p2a: Greninja|61/100|[from] item: Life Orb\n|move|p1a: Toxicroak|Gunk Shot|p2a: Greninja\n|-damage|p2a: Greninja|0 fnt\n|faint|p2a: Greninja\n|\n|upkeep\n|\n|t:|1783561912\n|switch|p2a: Mamoswine|Mamoswine, L81, F|100/100\n|-status|p2a: Mamoswine|psn\n|turn|5\n|inactive|Time left: 300 sec this turn | 300 sec total\n|\n|t:|1783561913\n|move|p1a: Toxicroak|Gunk Shot|p2a: Mamoswine\n|-resisted|p2a: Mamoswine\n|-damage|p2a: Mamoswine|67/100 psn\n|move|p2a: Mamoswine|Icicle Crash|p1a: Toxicroak\n|-damage|p1a: Toxicroak|0 fnt\n|faint|p1a: Toxicroak\n|-damage|p2a: Mamoswine|57/100 psn|[from] item: Life Orb\n|\n|-damage|p2a: Mamoswine|45/100 psn|[from] psn\n|upkeep\n|inactive|Time left: 300 sec this turn | 300 sec total | 5 sec grace\n|\n|t:|1783561914\n|switch|p1a: Dodrio|Dodrio, L85, F|235/235\n|turn|6\n|inactive|Time left: 300 sec this turn | 300 sec total\n|\n|t:|1783561915\n|move|p2a: Mamoswine|Ice Shard|p1a: Dodrio\n|-damage|p1a: Dodrio|153/235\n|replace|p1a: Zoroark|Zoroark, L83, M\n|-end|p1a: Zoroark|Illusion\n|-hint|Illusion Level Mod is active, so this Pok\u00e9mon's true level was hidden.\n|-damage|p2a: Mamoswine|35/100 psn|[from] item: Life Orb\n|move|p1a: Zoroark|Dark Pulse|p2a: Mamoswine\n|-damage|p2a: Mamoswine|0 fnt\n|faint|p2a: Mamoswine\n|-damage|p1a: Zoroark|130/235|[from] item: Life Orb\n|\n|upkeep\n|\n|t:|1783561916\n|switch|p2a: Bellibolt|Bellibolt, L84, F|100/100\n|-status|p2a: Bellibolt|psn\n|turn|7\n|inactive|Time left: 300 sec this turn | 300 sec total\n|\n|t:|1783561917\n|move|p1a: Zoroark|Dark Pulse|p2a: Bellibolt\n|-damage|p2a: Bellibolt|60/100 psn\n|-start|p2a: Bellibolt|Charge|Dark Pulse|[from] ability: Electromorphosis\n|-damage|p1a: Zoroark|107/235|[from] item: Life Orb\n|move|p2a: Bellibolt|Thunderbolt|p1a: Zoroark\n|-damage|p1a: Zoroark|0 fnt\n|faint|p1a: Zoroark\n|-end|p2a: Bellibolt|Charge|[silent]\n|\n|-heal|p2a: Bellibolt|66/100 psn|[from] item: Leftovers\n|-damage|p2a: Bellibolt|54/100 psn|[from] psn\n|upkeep\n|inactive|Time left: 300 sec this turn | 300 sec total | 5 sec grace\n|\n|t:|1783561918\n|switch|p1a: Dodrio|Dodrio, L85, F|241/241\n|turn|8\n|inactive|Time left: 300 sec this turn | 300 sec total\n|\n|t:|1783561919\n|move|p1a: Dodrio|Double-Edge|p2a: Bellibolt\n|-damage|p2a: Bellibolt|0 fnt\n|faint|p2a: Bellibolt\n|-damage|p1a: Dodrio|185/241|[from] Recoil\n|\n|upkeep\n|\n|t:|1783561920\n|switch|p2a: Ampharos|Ampharos, L88, F|100/100\n|-status|p2a: Ampharos|psn\n|turn|9\n|inactive|Time left: 300 sec this turn | 300 sec total\n|\n|t:|1783561921\n|move|p1a: Dodrio|Double-Edge|p2a: Ampharos\n|-damage|p2a: Ampharos|25/100 psn\n|-status|p1a: Dodrio|par|[from] ability: Static|[of] p2a: Ampharos\n|-damage|p1a: Dodrio|110/241 par|[from] Recoil\n|move|p2a: Ampharos|Thunderbolt|p1a: Dodrio\n|-supereffective|p1a: Dodrio\n|-damage|p1a: Dodrio|0 fnt\n|faint|p1a: Dodrio\n|-damage|p2a: Ampharos|15/100 psn|[from] item: Life Orb\n|\n|-damage|p2a: Ampharos|3/100 psn|[from] psn\n|upkeep\n|inactive|Time left: 300 sec this turn | 300 sec total | 5 sec grace\n|\n|t:|1783561922\n|switch|p1a: Drifblim|Drifblim, L86, M|396/396\n|turn|10\n|inactive|Time left: 300 sec this turn | 300 sec total\n|\n|t:|1783561923\n|move|p1a: Drifblim|Calm Mind|p1a: Drifblim\n|-boost|p1a: Drifblim|spa|1\n|-boost|p1a: Drifblim|spd|1\n|move|p2a: Ampharos|Thunderbolt|p1a: Drifblim\n|-supereffective|p1a: Drifblim\n|-damage|p1a: Drifblim|92/396\n|-enditem|p1a: Drifblim|Sitrus Berry|[eat]\n|-heal|p1a: Drifblim|191/396|[from] item: Sitrus Berry\n|-damage|p2a: Ampharos|0 fnt|[from] item: Life Orb\n|faint|p2a: Ampharos\n|\n|upkeep\n|\n|t:|1783561924\n|switch|p2a: Bellossom|Bellossom, L84, F|100/100\n|-status|p2a: Bellossom|psn\n|turn|11\n|inactive|Time left: 300 sec this turn | 300 sec total\n|\n|t:|1783561925\n|move|p1a: Drifblim|Air Slash|p2a: Bellossom\n|-supereffective|p2a: Bellossom\n|-damage|p2a: Bellossom|13/100 psn\n|move|p2a: Bellossom|Strength Sap|p1a: Drifblim\n|-unboost|p1a: Drifblim|atk|1\n|-heal|p2a: Bellossom|67/100 psn\n|\n|-heal|p2a: Bellossom|73/100 psn|[from] item: Leftovers\n|-damage|p2a: Bellossom|61/100 psn|[from] psn\n|upkeep\n|turn|12\n|inactive|Time left: 300 sec this turn | 300 sec total\n|\n|t:|1783561926\n|move|p1a: Drifblim|Air Slash|p2a: Bellossom\n|-supereffective|p2a: Bellossom\n|-damage|p2a: Bellossom|0 fnt\n|faint|p2a: Bellossom\n|\n|upkeep\n|\n|t:|1783561927\n|switch|p2a: Torterra|Torterra, L78, M|100/100\n|-status|p2a: Torterra|psn\n|turn|13\n|inactive|Time left: 300 sec this turn | 300 sec total\n|\n|t:|1783561928\n|move|p1a: Drifblim|Air Slash|p2a: Torterra\n|-supereffective|p2a: Torterra\n|-damage|p2a: Torterra|15/100 psn\n|move|p2a: Torterra|Bullet Seed|p1a: Drifblim\n|-resisted|p1a: Drifblim\n|-damage|p1a: Drifblim|160/396\n|-resisted|p1a: Drifblim\n|-damage|p1a: Drifblim|129/396\n|-resisted|p1a: Drifblim\n|-damage|p1a: Drifblim|102/396\n|-resisted|p1a: Drifblim\n|-damage|p1a: Drifblim|72/396\n|-hitcount|p1a: Drifblim|4\n|\n|-damage|p2a: Torterra|3/100 psn|[from] psn\n|upkeep\n|turn|14\n|inactive|Time left: 300 sec this turn | 300 sec total\n|\n|t:|1783561929\n|-terastallize|p1a: Drifblim|Fairy\n|move|p1a: Drifblim|Strength Sap|p2a: Torterra\n|-unboost|p2a: Torterra|atk|1\n|-heal|p1a: Drifblim|287/396\n|move|p2a: Torterra|Headlong Rush|p1a: Drifblim\n|-damage|p1a: Drifblim|160/396\n|-unboost|p2a: Torterra|def|1\n|-unboost|p2a: Torterra|spd|1\n|\n|-damage|p2a: Torterra|0 fnt|[from] psn\n|faint|p2a: Torterra\n|\n|win|p0x19563d0a", "uploadtime": 1783561929, "views": 0, "rating": 0, "private": 0, "password": null, "_winner": "p0x19563d0a", "_our_name": "p0x19563d0a"}