{"id": "battle-gen9randombattle-1604", "formatid": "gen9randombattle", "format": "[Gen 9] Random Battle", "players": ["p0x1604f094", "p0y1604f1b2"], "log": "|init|battle\n|title|p0x1604f094 vs. p0y1604f1b2\n|j|\u2606p0x1604f094\n|j|\u2606p0y1604f1b2\n|t:|1783558552\n|gametype|singles\n|player|p1|p0x1604f094|2|\n|player|p2|p0y1604f1b2|170|\n|gen|9\n|tier|[Gen 9] Random Battle\n|rule|Species Clause: Limit one of each Pok\u00e9mon\n|rule|HP Percentage Mod: HP is shown in percentages\n|rule|Sleep Clause Mod: Limit one foe put to sleep\n|rule|Illusion Level Mod: Illusion disguises the Pok\u00e9mon's true level\n|\n|t:|1783558552\n|teamsize|p1|6\n|teamsize|p2|6\n|start\n|switch|p1a: Granbull|Granbull, L88, F|100/100\n|switch|p2a: Farigiraf|Farigiraf, L90, F|362/362\n|-ability|p1a: Granbull|Intimidate|boost\n|-unboost|p2a: Farigiraf|atk|1\n|turn|1\n|inactive|Battle timer is ON: inactive players will automatically lose when time's up. (requested by p0x1604f094)\n|inactive|Time left: 300 sec this turn | 300 sec total | 60 sec grace\n|inactive|p0y1604f1b2 also wants the timer to be on.\n|\n|t:|1783558554\n|move|p2a: Farigiraf|Psychic Noise|p1a: Granbull\n|-damage|p1a: Granbull|60/100\n|-start|p1a: Granbull|move: Heal Block\n|move|p1a: Granbull|Play Rough|p2a: Farigiraf|[miss]\n|-miss|p1a: Granbull|p2a: Farigiraf\n|\n|upkeep\n|turn|2\n|inactive|Time left: 300 sec this turn | 300 sec total\n|\n|t:|1783558555\n|move|p2a: Farigiraf|Psychic Noise|p1a: Granbull\n|-damage|p1a: Granbull|16/100\n|move|p1a: Granbull|Play Rough|p2a: Farigiraf\n|-damage|p2a: Farigiraf|226/362\n|\n|-heal|p2a: Farigiraf|248/362|[from] item: Leftovers\n|-end|p1a: Granbull|move: Heal Block\n|upkeep\n|turn|3\n|inactive|Time left: 300 sec this turn | 300 sec total\n|\n|t:|1783558556\n|switch|p1a: Goodra|Goodra-Hisui, L82, M|100/100\n|move|p2a: Farigiraf|Body Slam|p1a: Goodra\n|-resisted|p1a: Goodra\n|-damage|p1a: Goodra|89/100\n|\n|-heal|p2a: Farigiraf|270/362|[from] item: Leftovers\n|upkeep\n|turn|4\n|inactive|Time left: 300 sec this turn | 300 sec total\n|\n|t:|1783558557\n|move|p2a: Farigiraf|Protect|p2a: Farigiraf\n|-singleturn|p2a: Farigiraf|Protect\n|move|p1a: Goodra|Knock Off|p2a: Farigiraf\n|-activate|p2a: Farigiraf|move: Protect\n|\n|-heal|p2a: Farigiraf|292/362|[from] item: Leftovers\n|upkeep\n|turn|5\n|inactive|Time left: 300 sec this turn | 300 sec total\n|\n|t:|1783558558\n|switch|p2a: Entei|Entei, L78|307/307\n|move|p1a: Goodra|Knock Off|p2a: Entei\n|-damage|p2a: Entei|234/307\n|-enditem|p2a: Entei|Choice Band|[from] move: Knock Off|[of] p1a: Goodra\n|\n|upkeep\n|turn|6\n|inactive|Time left: 300 sec this turn | 300 sec total\n|\n|t:|1783558559\n|switch|p1a: Regirock|Regirock, L83|100/100\n|move|p2a: Entei|Sacred Fire|p1a: Regirock\n|-resisted|p1a: Regirock\n|-damage|p1a: Regirock|90/100\n|\n|upkeep\n|turn|7\n|inactive|Time left: 300 sec this turn | 300 sec total\n|\n|t:|1783558561\n|move|p2a: Entei|Sacred Fire|p1a: Regirock\n|-resisted|p1a: Regirock\n|-damage|p1a: Regirock|81/100\n|-status|p1a: Regirock|brn\n|move|p1a: Regirock|Stone Edge|p2a: Entei|[miss]\n|-miss|p1a: Regirock|p2a: Entei\n|\n|-damage|p1a: Regirock|75/100 brn|[from] brn\n|upkeep\n|turn|8\n|inactive|Time left: 300 sec this turn | 300 sec total\n|\n|t:|1783558562\n|switch|p2a: Farigiraf|Farigiraf, L90, F|292/362\n|move|p1a: Regirock|Rest|p1a: Regirock\n|-status|p1a: Regirock|slp|[from] move: Rest\n|-heal|p1a: Regirock|100/100 slp|[silent]\n|-enditem|p1a: Regirock|Chesto Berry|[eat]\n|-curestatus|p1a: Regirock|slp|[msg]\n|\n|-heal|p2a: Farigiraf|314/362|[from] item: Leftovers\n|upkeep\n|turn|9\n|inactive|Time left: 300 sec this turn | 300 sec total\n|\n|t:|1783558563\n|move|p2a: Farigiraf|Psychic Noise|p1a: Regirock\n|-damage|p1a: Regirock|63/100\n|-start|p1a: Regirock|move: Heal Block\n|move|p1a: Regirock|Iron Defense|p1a: Regirock\n|-boost|p1a: Regirock|def|2\n|\n|-heal|p2a: Farigiraf|336/362|[from] item: Leftovers\n|upkeep\n|turn|10\n|inactive|Time left: 300 sec this turn | 300 sec total\n|\n|t:|1783558564\n|move|p2a: Farigiraf|Psychic Noise|p1a: Regirock\n|-damage|p1a: Regirock|29/100\n|move|p1a: Regirock|Body Press|p2a: Farigiraf\n|-damage|p2a: Farigiraf|114/362\n|\n|-heal|p2a: Farigiraf|136/362|[from] item: Leftovers\n|-end|p1a: Regirock|move: Heal Block\n|upkeep\n|turn|11\n|inactive|Time left: 300 sec this turn | 300 sec total\n|\n|t:|1783558565\n|switch|p1a: Exeggutor|Exeggutor, L89, F|100/100\n|move|p2a: Farigiraf|Psychic Noise|p1a: Exeggutor\n|-resisted|p1a: Exeggutor\n|-damage|p1a: Exeggutor|82/100\n|-start|p1a: Exeggutor|move: Heal Block\n|\n|-heal|p2a: Farigiraf|158/362|[from] item: Leftovers\n|upkeep\n|turn|12\n|inactive|Time left: 300 sec this turn | 300 sec total\n|\n|t:|1783558566\n|move|p2a: Farigiraf|Wish|p2a: Farigiraf\n|move|p1a: Exeggutor|Calm Mind|p1a: Exeggutor\n|-boost|p1a: Exeggutor|spa|1\n|-boost|p1a: Exeggutor|spd|1\n|\n|-heal|p2a: Farigiraf|180/362|[from] item: Leftovers\n|-end|p1a: Exeggutor|move: Heal Block\n|upkeep\n|turn|13\n|inactive|Time left: 300 sec this turn | 300 sec total\n|\n|t:|1783558567\n|move|p2a: Farigiraf|Body Slam|p1a: Exeggutor\n|-damage|p1a: Exeggutor|51/100\n|-status|p1a: Exeggutor|par\n|cant|p1a: Exeggutor|par\n|\n|-heal|p2a: Farigiraf|361/362|[from] move: Wish|[wisher] Farigiraf\n|-heal|p2a: Farigiraf|362/362|[from] item: Leftovers\n|upkeep\n|turn|14\n|inactive|Time left: 300 sec this turn | 300 sec total\n|\n|t:|1783558568\n|move|p2a: Farigiraf|Body Slam|p1a: Exeggutor\n|-damage|p1a: Exeggutor|18/100 par\n|-enditem|p1a: Exeggutor|Sitrus Berry|[eat]\n|-heal|p1a: Exeggutor|43/100 par|[from] item: Sitrus Berry\n|move|p1a: Exeggutor|Psychic|p2a: Farigiraf\n|-resisted|p2a: Farigiraf\n|-damage|p2a: Farigiraf|249/362\n|\n|-heal|p2a: Farigiraf|271/362|[from] item: Leftovers\n|upkeep\n|turn|15\n|inactive|Time left: 300 sec this turn | 300 sec total\n|\n|t:|1783558569\n|move|p2a: Farigiraf|Body Slam|p1a: Exeggutor\n|-damage|p1a: Exeggutor|14/100 par\n|move|p1a: Exeggutor|Psychic|p2a: Farigiraf\n|-resisted|p2a: Farigiraf\n|-damage|p2a: Farigiraf|163/362\n|\n|-heal|p2a: Farigiraf|185/362|[from] item: Leftovers\n|upkeep\n|turn|16\n|inactive|Time left: 300 sec this turn | 300 sec total\n|\n|t:|1783558570\n|move|p2a: Farigiraf|Body Slam|p1a: Exeggutor\n|-damage|p1a: Exeggutor|0 fnt\n|faint|p1a: Exeggutor\n|\n|-heal|p2a: Farigiraf|207/362|[from] item: Leftovers\n|upkeep\n|\n|t:|1783558571\n|switch|p1a: Goodra|Goodra-Hisui, L82, M|89/100\n|turn|17\n|inactive|Time left: 300 sec this turn | 300 sec total\n|\n|t:|1783558572\n|move|p2a: Farigiraf|Wish|p2a: Farigiraf\n|move|p1a: Goodra|Knock Off|p2a: Farigiraf\n|-supereffective|p2a: Farigiraf\n|-damage|p2a: Farigiraf|67/362\n|-enditem|p2a: Farigiraf|Leftovers|[from] move: Knock Off|[of] p1a: Goodra\n|\n|upkeep\n|turn|18\n|inactive|Time left: 300 sec this turn | 300 sec total\n|\n|t:|1783558573\n|move|p2a: Farigiraf|Protect|p2a: Farigiraf\n|-singleturn|p2a: Farigiraf|Protect\n|move|p1a: Goodra|Heavy Slam|p2a: Farigiraf\n|-activate|p2a: Farigiraf|move: Protect\n|\n|-heal|p2a: Farigiraf|248/362|[from] move: Wish|[wisher] Farigiraf\n|upkeep\n|turn|19\n|inactive|Time left: 300 sec this turn | 300 sec total\n|\n|t:|1783558574\n|move|p2a: Farigiraf|Body Slam|p1a: Goodra\n|-resisted|p1a: Goodra\n|-damage|p1a: Goodra|72/100\n|move|p1a: Goodra|Heavy Slam|p2a: Farigiraf\n|-damage|p2a: Farigiraf|176/362\n|\n|upkeep\n|turn|20\n|inactive|Time left: 300 sec this turn | 300 sec total\n|\n|t:|1783558575\n|move|p2a: Farigiraf|Body Slam|p1a: Goodra\n|-resisted|p1a: Goodra\n|-damage|p1a: Goodra|54/100\n|move|p1a: Goodra|Heavy Slam|p2a: Farigiraf\n|-damage|p2a: Farigiraf|113/362\n|\n|upkeep\n|turn|21\n|inactive|Time left: 300 sec this turn | 300 sec total\n|\n|t:|1783558576\n|move|p2a: Farigiraf|Wish|p2a: Farigiraf\n|move|p1a: Goodra|Heavy Slam|p2a: Farigiraf\n|-damage|p2a: Farigiraf|47/362\n|\n|upkeep\n|turn|22\n|inactive|Time left: 300 sec this turn | 300 sec total\n|\n|t:|1783558578\n|move|p2a: Farigiraf|Protect|p2a: Farigiraf\n|-singleturn|p2a: Farigiraf|Protect\n|move|p1a: Goodra|Heavy Slam|p2a: Farigiraf\n|-activate|p2a: Farigiraf|move: Protect\n|\n|-heal|p2a: Farigiraf|228/362|[from] move: Wish|[wisher] Farigiraf\n|upkeep\n|turn|23\n|inactive|Time left: 300 sec this turn | 300 sec total\n|\n|t:|1783558579\n|move|p2a: Farigiraf|Wish|p2a: Farigiraf\n|move|p1a: Goodra|Heavy Slam|p2a: Farigiraf\n|-damage|p2a: Farigiraf|155/362\n|\n|upkeep\n|turn|24\n|inactive|Time left: 300 sec this turn | 300 sec total\n|\n|t:|1783558580\n|move|p2a: Farigiraf|Body Slam|p1a: Goodra\n|-resisted|p1a: Goodra\n|-damage|p1a: Goodra|37/100\n|move|p1a: Goodra|Dragon Tail|p2a: Farigiraf\n|-crit|p2a: Farigiraf\n|-damage|p2a: Farigiraf|56/362\n|drag|p2a: Entei|Entei, L78|234/307\n|\n|-heal|p2a: Entei|307/307|[from] move: Wish|[wisher] Farigiraf\n|upkeep\n|turn|25\n|inactive|Time left: 300 sec this turn | 300 sec total\n|\n|t:|1783558581\n|switch|p1a: Regirock|Regirock, L83|29/100\n|move|p2a: Entei|Sacred Fire|p1a: Regirock\n|-resisted|p1a: Regirock\n|-damage|p1a: Regirock|20/100\n|-status|p1a: Regirock|brn\n|\n|-damage|p1a: Regirock|14/100 brn|[from] brn\n|upkeep\n|turn|26\n|inactive|Time left: 300 sec this turn | 300 sec total\n|\n|t:|1783558582\n|move|p2a: Entei|Stone Edge|p1a: Regirock\n|-damage|p1a: Regirock|0 fnt\n|faint|p1a: Regirock\n|\n|upkeep\n|\n|t:|1783558583\n|switch|p1a: Torkoal|Torkoal, L88, F|100/100\n|-weather|SunnyDay|[from] ability: Drought|[of] p1a: Torkoal\n|turn|27\n|inactive|Time left: 300 sec this turn | 300 sec total\n|\n|t:|1783558584\n|move|p2a: Entei|Flare Blitz|p1a: Torkoal\n|-resisted|p1a: Torkoal\n|-damage|p1a: Torkoal|77/100\n|-damage|p2a: Entei|286/307|[from] Recoil\n|move|p1a: Torkoal|Lava Plume|p2a: Entei\n|-resisted|p2a: Entei\n|-damage|p2a: Entei|209/307\n|\n|-weather|SunnyDay|[upkeep]\n|upkeep\n|turn|28\n|inactive|Time left: 300 sec this turn | 300 sec total\n|\n|t:|1783558585\n|move|p2a: Entei|Stone Edge|p1a: Torkoal|[miss]\n|-miss|p2a: Entei|p1a: Torkoal\n|move|p1a: Torkoal|Stealth Rock|p2a: Entei\n|-sidestart|p2: p0y1604f1b2|move: Stealth Rock\n|\n|-weather|SunnyDay|[upkeep]\n|upkeep\n|turn|29\n|inactive|Time left: 300 sec this turn | 300 sec total\n|\n|t:|1783558586\n|move|p2a: Entei|Sacred Fire|p1a: Torkoal\n|-resisted|p1a: Torkoal\n|-damage|p1a: Torkoal|59/100\n|move|p1a: Torkoal|Lava Plume|p2a: Entei\n|-resisted|p2a: Entei\n|-damage|p2a: Entei|125/307\n|\n|-weather|SunnyDay|[upkeep]\n|upkeep\n|turn|30\n|inactive|Time left: 300 sec this turn | 300 sec total\n|\n|t:|1783558587\n|move|p2a: Entei|Stone Edge|p1a: Torkoal\n|-supereffective|p1a: Torkoal\n|-damage|p1a: Torkoal|24/100\n|move|p1a: Torkoal|Lava Plume|p2a: Entei\n|-resisted|p2a: Entei\n|-damage|p2a: Entei|44/307\n|\n|-weather|SunnyDay|[upkeep]\n|upkeep\n|turn|31\n|inactive|Time left: 300 sec this turn | 300 sec total\n|\n|t:|1783558588\n|move|p2a: Entei|Stone Edge|p1a: Torkoal|[miss]\n|-miss|p2a: Entei|p1a: Torkoal\n|move|p1a: Torkoal|Lava Plume|p2a: Entei\n|-resisted|p2a: Entei\n|-damage|p2a: Entei|0 fnt\n|faint|p2a: Entei\n|\n|-weather|none\n|upkeep\n|inactive|Time left: 300 sec this turn | 300 sec total | 5 sec grace\n|\n|t:|1783558589\n|switch|p2a: Quagsire|Quagsire, L84, F|297/297\n|-damage|p2a: Quagsire|279/297|[from] Stealth Rock\n|turn|32\n|inactive|Time left: 300 sec this turn | 300 sec total\n|\n|t:|1783558590\n|move|p2a: Quagsire|Earthquake|p1a: Torkoal\n|-supereffective|p1a: Torkoal\n|-damage|p1a: Torkoal|0 fnt\n|faint|p1a: Torkoal\n|\n|-heal|p2a: Quagsire|297/297|[from] item: Leftovers\n|upkeep\n|\n|t:|1783558591\n|switch|p1a: Goodra|Goodra-Hisui, L82, M|37/100\n|turn|33\n|inactive|Time left: 300 sec this turn | 300 sec total\n|\n|t:|1783558592\n|move|p1a: Goodra|Draco Meteor|p2a: Quagsire|[miss]\n|-miss|p1a: Goodra|p2a: Quagsire\n|move|p2a: Quagsire|Earthquake|p1a: Goodra\n|-supereffective|p1a: Goodra\n|-damage|p1a: Goodra|0 fnt\n|faint|p1a: Goodra\n|\n|upkeep\n|\n|t:|1783558593\n|switch|p1a: Deoxys|Deoxys, L74|100/100\n|-ability|p1a: Deoxys|Pressure\n|turn|34\n|inactive|Time left: 300 sec this turn | 300 sec total\n|\n|t:|1783558594\n|-terastallize|p1a: Deoxys|Psychic\n|move|p1a: Deoxys|Psycho Boost|p2a: Quagsire\n|-damage|p2a: Quagsire|0 fnt\n|-unboost|p1a: Deoxys|spa|2\n|faint|p2a: Quagsire\n|-damage|p1a: Deoxys|91/100|[from] item: Life Orb\n|\n|upkeep\n|inactive|Time left: 300 sec this turn | 300 sec total | 5 sec grace\n|\n|t:|1783558595\n|switch|p2a: Azelf|Azelf, L82|257/257\n|-damage|p2a: Azelf|225/257|[from] Stealth Rock\n|turn|35\n|inactive|Time left: 300 sec this turn | 300 sec total\n|\n|t:|1783558595\n|-terastallize|p2a: Azelf|Fire\n|move|p1a: Deoxys|Knock Off|p2a: Azelf\n|-damage|p2a: Azelf|104/257\n|-enditem|p2a: Azelf|Life Orb|[from] move: Knock Off|[of] p1a: Deoxys\n|-damage|p1a: Deoxys|81/100|[from] item: Life Orb\n|move|p2a: Azelf|Fire Blast|p1a: Deoxys\n|-damage|p1a: Deoxys|0 fnt\n|faint|p1a: Deoxys\n|\n|upkeep\n|\n|t:|1783558596\n|switch|p1a: Granbull|Granbull, L88, F|16/100\n|-ability|p1a: Granbull|Intimidate|boost\n|-unboost|p2a: Azelf|atk|1\n|turn|36\n|inactive|Time left: 300 sec this turn | 300 sec total\n|\n|t:|1783558597\n|move|p2a: Azelf|Psychic|p1a: Granbull\n|-damage|p1a: Granbull|0 fnt\n|faint|p1a: Granbull\n|\n|win|p0y1604f1b2", "uploadtime": 1783558597, "views": 0, "rating": 0, "private": 0, "password": null, "_winner": "p0y1604f1b2", "_our_name": "p0y1604f1b2"}