{"id": "battle-gen9randombattle-1822", "formatid": "gen9randombattle", "format": "[Gen 9] Random Battle", "players": ["p0x18224129", "p0y1822c88d"], "log": "|init|battle\n|title|p0x18224129 vs. p0y1822c88d\n|j|\u2606p0x18224129\n|j|\u2606p0y1822c88d\n|t:|1783561098\n|gametype|singles\n|player|p1|p0x18224129|266|\n|player|p2|p0y1822c88d|170|\n|gen|9\n|tier|[Gen 9] Random Battle\n|rule|Species Clause: Limit one of each Pok\u00e9mon\n|rule|HP Percentage Mod: HP is shown in percentages\n|rule|Sleep Clause Mod: Limit one foe put to sleep\n|rule|Illusion Level Mod: Illusion disguises the Pok\u00e9mon's true level\n|\n|t:|1783561098\n|teamsize|p1|6\n|teamsize|p2|6\n|start\n|switch|p1a: Enamorus|Enamorus, L79, F|247/247\n|switch|p2a: Indeedee|Indeedee-F, L90, F|100/100\n|-fieldstart|move: Psychic Terrain|[from] ability: Psychic Surge|[of] p2a: Indeedee\n|turn|1\n|inactive|Battle timer is ON: inactive players will automatically lose when time's up. (requested by p0x18224129)\n|inactive|p0y1822c88d also wants the timer to be on.\n|\n|t:|1783561099\n|move|p1a: Enamorus|Superpower|p2a: Indeedee\n|-damage|p2a: Indeedee|64/100\n|-boost|p1a: Enamorus|atk|1\n|-boost|p1a: Enamorus|def|1\n|move|p2a: Indeedee|Psychic|p1a: Enamorus\n|-damage|p1a: Enamorus|0 fnt\n|faint|p1a: Enamorus\n|\n|upkeep\n|inactive|Time left: 300 sec this turn | 300 sec total | 65 sec grace\n|\n|t:|1783561100\n|switch|p1a: Magnezone|Magnezone, L85|258/258\n|turn|2\n|inactive|Time left: 300 sec this turn | 300 sec total\n|\n|t:|1783561102\n|move|p1a: Magnezone|Flash Cannon|p2a: Indeedee\n|-damage|p2a: Indeedee|33/100\n|move|p2a: Indeedee|Psychic|p1a: Magnezone\n|-resisted|p1a: Magnezone\n|-damage|p1a: Magnezone|158/258\n|\n|upkeep\n|turn|3\n|inactive|Time left: 300 sec this turn | 300 sec total\n|\n|t:|1783561103\n|switch|p2a: Pelipper|Pelipper, L86, F|100/100\n|-weather|RainDance|[from] ability: Drizzle|[of] p2a: Pelipper\n|move|p1a: Magnezone|Flash Cannon|p2a: Pelipper\n|-resisted|p2a: Pelipper\n|-damage|p2a: Pelipper|73/100\n|\n|-weather|RainDance|[upkeep]\n|upkeep\n|turn|4\n|inactive|Time left: 300 sec this turn | 300 sec total\n|\n|t:|1783561104\n|move|p1a: Magnezone|Flash Cannon|p2a: Pelipper\n|-resisted|p2a: Pelipper\n|-damage|p2a: Pelipper|47/100\n|move|p2a: Pelipper|Hydro Pump|p1a: Magnezone\n|-crit|p1a: Magnezone\n|-damage|p1a: Magnezone|0 fnt\n|faint|p1a: Magnezone\n|\n|-weather|RainDance|[upkeep]\n|upkeep\n|inactive|Time left: 300 sec this turn | 300 sec total | 5 sec grace\n|\n|t:|1783561105\n|switch|p1a: Glastrier|Glastrier, L86|312/312\n|turn|5\n|inactive|Time left: 300 sec this turn | 300 sec total\n|\n|t:|1783561106\n|move|p2a: Pelipper|Roost|p2a: Pelipper\n|-heal|p2a: Pelipper|97/100\n|-singleturn|p2a: Pelipper|move: Roost\n|move|p1a: Glastrier|Icicle Crash|p2a: Pelipper\n|-resisted|p2a: Pelipper\n|-damage|p2a: Pelipper|73/100\n|\n|-weather|RainDance|[upkeep]\n|-fieldend|move: Psychic Terrain\n|upkeep\n|turn|6\n|inactive|Time left: 300 sec this turn | 300 sec total\n|\n|t:|1783561107\n|move|p2a: Pelipper|Hurricane|p1a: Glastrier\n|-damage|p1a: Glastrier|216/312\n|move|p1a: Glastrier|Swords Dance|p1a: Glastrier\n|-boost|p1a: Glastrier|atk|2\n|\n|-weather|RainDance|[upkeep]\n|upkeep\n|turn|7\n|inactive|Time left: 300 sec this turn | 300 sec total\n|\n|t:|1783561107\n|move|p2a: Pelipper|Hydro Pump|p1a: Glastrier|[miss]\n|-miss|p2a: Pelipper|p1a: Glastrier\n|move|p1a: Glastrier|Icicle Crash|p2a: Pelipper\n|-damage|p2a: Pelipper|0 fnt\n|faint|p2a: Pelipper\n|-ability|p1a: Glastrier|Chilling Neigh|boost\n|-boost|p1a: Glastrier|atk|1\n|\n|-weather|none\n|upkeep\n|\n|t:|1783561108\n|switch|p2a: Indeedee|Indeedee-F, L90, F|33/100\n|-fieldstart|move: Psychic Terrain|[from] ability: Psychic Surge|[of] p2a: Indeedee\n|turn|8\n|inactive|Time left: 300 sec this turn | 300 sec total\n|\n|t:|1783561109\n|move|p2a: Indeedee|Psychic|p1a: Glastrier\n|-damage|p1a: Glastrier|44/312\n|move|p1a: Glastrier|Heavy Slam|p2a: Indeedee\n|-damage|p2a: Indeedee|0 fnt\n|faint|p2a: Indeedee\n|-ability|p1a: Glastrier|Chilling Neigh|boost\n|-boost|p1a: Glastrier|atk|1\n|\n|upkeep\n|\n|t:|1783561110\n|switch|p2a: Mamoswine|Mamoswine, L81, M|100/100\n|turn|9\n|inactive|Time left: 300 sec this turn | 300 sec total\n|\n|t:|1783561111\n|move|p2a: Mamoswine|Earthquake|p1a: Glastrier\n|-damage|p1a: Glastrier|0 fnt\n|faint|p1a: Glastrier\n|\n|upkeep\n|inactive|Time left: 300 sec this turn | 300 sec total | 5 sec grace\n|\n|t:|1783561112\n|switch|p1a: Quaquaval|Quaquaval, L79, M|264/264\n|turn|10\n|inactive|Time left: 300 sec this turn | 300 sec total\n|\n|t:|1783561113\n|-terastallize|p2a: Mamoswine|Ground\n|move|p1a: Quaquaval|Close Combat|p2a: Mamoswine\n|-damage|p2a: Mamoswine|35/100\n|-unboost|p1a: Quaquaval|def|1\n|-unboost|p1a: Quaquaval|spd|1\n|-damage|p1a: Quaquaval|238/264|[from] item: Life Orb\n|move|p2a: Mamoswine|Earthquake|p1a: Quaquaval\n|-damage|p1a: Quaquaval|0 fnt\n|faint|p1a: Quaquaval\n|\n|upkeep\n|inactive|Time left: 300 sec this turn | 300 sec total | 5 sec grace\n|\n|t:|1783561114\n|switch|p1a: Rhyperior|Rhyperior, L82, M|323/323\n|turn|11\n|inactive|Time left: 300 sec this turn | 300 sec total\n|\n|t:|1783561114\n|-terastallize|p1a: Rhyperior|Grass\n|move|p2a: Mamoswine|Earthquake|p1a: Rhyperior\n|-resisted|p1a: Rhyperior\n|-damage|p1a: Rhyperior|229/323\n|move|p1a: Rhyperior|Earthquake|p2a: Mamoswine\n|-damage|p2a: Mamoswine|0 fnt\n|faint|p2a: Mamoswine\n|\n|upkeep\n|\n|t:|1783561116\n|switch|p2a: Cryogonal|Cryogonal, L89|100/100\n|turn|12\n|inactive|Time left: 300 sec this turn | 300 sec total\n|\n|t:|1783561116\n|move|p2a: Cryogonal|Ice Beam|p1a: Rhyperior\n|-supereffective|p1a: Rhyperior\n|-damage|p1a: Rhyperior|81/323\n|move|p1a: Rhyperior|Stone Edge|p2a: Cryogonal\n|-supereffective|p2a: Cryogonal\n|-damage|p2a: Cryogonal|0 fnt\n|faint|p2a: Cryogonal\n|\n|-fieldend|move: Psychic Terrain\n|upkeep\n|\n|t:|1783561117\n|switch|p2a: Klawf|Klawf, L90, F|100/100\n|turn|13\n|inactive|Time left: 300 sec this turn | 300 sec total\n|\n|t:|1783561118\n|switch|p1a: Golurk|Golurk, L87|297/297\n|move|p2a: Klawf|Stone Edge|p1a: Golurk\n|-resisted|p1a: Golurk\n|-damage|p1a: Golurk|227/297\n|\n|upkeep\n|turn|14\n|inactive|Time left: 300 sec this turn | 300 sec total\n|\n|t:|1783561119\n|move|p2a: Klawf|Crabhammer|p1a: Golurk\n|-supereffective|p1a: Golurk\n|-damage|p1a: Golurk|30/297\n|move|p1a: Golurk|Dynamic Punch|p2a: Klawf\n|-supereffective|p2a: Klawf\n|-damage|p2a: Klawf|22/100\n|-start|p2a: Klawf|confusion\n|-ability|p2a: Klawf|Anger Shell|boost\n|-boost|p2a: Klawf|atk|1\n|-boost|p2a: Klawf|spa|1\n|-boost|p2a: Klawf|spe|1\n|-unboost|p2a: Klawf|def|1\n|-unboost|p2a: Klawf|spd|1\n|\n|upkeep\n|turn|15\n|inactive|Time left: 300 sec this turn | 300 sec total\n|\n|t:|1783561120\n|switch|p1a: Rhyperior|Rhyperior, L82, M, tera:Grass|81/323\n|-activate|p2a: Klawf|confusion\n|move|p2a: Klawf|Knock Off|p1a: Rhyperior\n|-damage|p1a: Rhyperior|0 fnt\n|-enditem|p1a: Rhyperior|Assault Vest|[from] move: Knock Off|[of] p2a: Klawf\n|faint|p1a: Rhyperior\n|\n|upkeep\n|inactive|Time left: 300 sec this turn | 300 sec total | 5 sec grace\n|\n|t:|1783561121\n|switch|p1a: Golurk|Golurk, L87|30/297\n|turn|16\n|inactive|Time left: 300 sec this turn | 300 sec total\n|\n|t:|1783561122\n|-end|p2a: Klawf|confusion\n|move|p2a: Klawf|Knock Off|p1a: Golurk\n|-supereffective|p1a: Golurk\n|-damage|p1a: Golurk|0 fnt\n|-enditem|p1a: Golurk|Choice Band|[from] move: Knock Off|[of] p2a: Klawf\n|faint|p1a: Golurk\n|\n|win|p0y1822c88d", "uploadtime": 1783561122, "views": 0, "rating": 0, "private": 0, "password": null, "_winner": "p0y1822c88d", "_our_name": "p0x18224129"}