{"id": "battle-gen9randombattle-2813", "formatid": "gen9randombattle", "format": "[Gen 9] Random Battle", "players": ["p0x28133186", "p0y281384b7"], "log": "|init|battle\n|title|p0x28133186 vs. p0y281384b7\n|j|\u2606p0x28133186\n|j|\u2606p0y281384b7\n|t:|1783572399\n|gametype|singles\n|player|p1|p0x28133186|102|\n|player|p2|p0y281384b7|170|\n|gen|9\n|tier|[Gen 9] Random Battle\n|rule|Species Clause: Limit one of each Pok\u00e9mon\n|rule|HP Percentage Mod: HP is shown in percentages\n|rule|Sleep Clause Mod: Limit one foe put to sleep\n|rule|Illusion Level Mod: Illusion disguises the Pok\u00e9mon's true level\n|\n|t:|1783572399\n|teamsize|p1|6\n|teamsize|p2|6\n|start\n|switch|p1a: Dudunsparce|Dudunsparce-Three-Segment, L83, F|343/343\n|switch|p2a: Garchomp|Garchomp, L74, M|100/100\n|turn|1\n|inactive|Battle timer is ON: inactive players will automatically lose when time's up. (requested by p0y281384b7)\n|inactive|Time left: 300 sec this turn | 300 sec total | 60 sec grace\n|\n|t:|1783572401\n|move|p2a: Garchomp|Spikes|p1a: Dudunsparce\n|-sidestart|p1: p0x28133186|Spikes\n|move|p1a: Dudunsparce|Boomburst|p2a: Garchomp\n|-damage|p2a: Garchomp|44/100\n|\n|upkeep\n|turn|2\n|inactive|Time left: 300 sec this turn | 300 sec total\n|inactive|p0x28133186 also wants the timer to be on.\n|\n|t:|1783572402\n|move|p2a: Garchomp|Spikes|p1a: Dudunsparce\n|-sidestart|p1: p0x28133186|Spikes\n|move|p1a: Dudunsparce|Boomburst|p2a: Garchomp\n|-damage|p2a: Garchomp|0 fnt\n|faint|p2a: Garchomp\n|\n|upkeep\n|\n|t:|1783572403\n|switch|p2a: Chi-Yu|Chi-Yu, L77|100/100\n|-ability|p2a: Chi-Yu|Beads of Ruin\n|turn|3\n|inactive|Time left: 300 sec this turn | 300 sec total\n|\n|t:|1783572404\n|move|p2a: Chi-Yu|Overheat|p1a: Dudunsparce\n|-damage|p1a: Dudunsparce|10/343\n|-unboost|p2a: Chi-Yu|spa|2\n|move|p1a: Dudunsparce|Earthquake|p2a: Chi-Yu\n|-supereffective|p2a: Chi-Yu\n|-damage|p2a: Chi-Yu|18/100\n|\n|-heal|p1a: Dudunsparce|31/343|[from] item: Leftovers\n|upkeep\n|turn|4\n|inactive|Time left: 300 sec this turn | 300 sec total\n|\n|t:|1783572405\n|move|p2a: Chi-Yu|Overheat|p1a: Dudunsparce\n|-damage|p1a: Dudunsparce|0 fnt\n|-unboost|p2a: Chi-Yu|spa|2\n|faint|p1a: Dudunsparce\n|\n|upkeep\n|inactive|Time left: 300 sec this turn | 300 sec total | 5 sec grace\n|\n|t:|1783572406\n|switch|p1a: Mesprit|Mesprit, L85|275/275\n|turn|5\n|inactive|Time left: 300 sec this turn | 300 sec total\n|\n|t:|1783572407\n|move|p2a: Chi-Yu|Overheat|p1a: Mesprit\n|-damage|p1a: Mesprit|194/275\n|-unboost|p2a: Chi-Yu|spa|2\n|move|p1a: Mesprit|Stealth Rock|p2a: Chi-Yu\n|-sidestart|p2: p0y281384b7|move: Stealth Rock\n|\n|-heal|p1a: Mesprit|211/275|[from] item: Leftovers\n|upkeep\n|turn|6\n|inactive|Time left: 300 sec this turn | 300 sec total\n|\n|t:|1783572408\n|switch|p2a: Gastrodon|Gastrodon, L86, M|100/100\n|-damage|p2a: Gastrodon|94/100|[from] Stealth Rock\n|move|p1a: Mesprit|Thunderbolt|p2a: Gastrodon\n|-immune|p2a: Gastrodon\n|\n|-heal|p1a: Mesprit|228/275|[from] item: Leftovers\n|-heal|p2a: Gastrodon|100/100|[from] item: Leftovers\n|upkeep\n|turn|7\n|inactive|Time left: 300 sec this turn | 300 sec total\n|\n|t:|1783572410\n|move|p1a: Mesprit|Drain Punch|p2a: Gastrodon\n|-damage|p2a: Gastrodon|79/100\n|-heal|p1a: Mesprit|263/275|[from] drain|[of] p2a: Gastrodon\n|move|p2a: Gastrodon|Stealth Rock|p1a: Mesprit\n|-sidestart|p1: p0x28133186|move: Stealth Rock\n|\n|-heal|p1a: Mesprit|275/275|[from] item: Leftovers\n|-heal|p2a: Gastrodon|85/100|[from] item: Leftovers\n|upkeep\n|turn|8\n|inactive|Time left: 300 sec this turn | 300 sec total\n|\n|t:|1783572411\n|move|p1a: Mesprit|Psychic Noise|p2a: Gastrodon\n|-damage|p2a: Gastrodon|60/100\n|-start|p2a: Gastrodon|move: Heal Block\n|move|p2a: Gastrodon|Surf|p1a: Mesprit\n|-damage|p1a: Mesprit|185/275\n|\n|-heal|p1a: Mesprit|202/275|[from] item: Leftovers\n|upkeep\n|turn|9\n|inactive|Time left: 300 sec this turn | 300 sec total\n|\n|t:|1783572413\n|move|p1a: Mesprit|Drain Punch|p2a: Gastrodon\n|-damage|p2a: Gastrodon|39/100\n|-heal|p1a: Mesprit|237/275|[from] drain|[of] p2a: Gastrodon\n|move|p2a: Gastrodon|Surf|p1a: Mesprit\n|-damage|p1a: Mesprit|146/275\n|\n|-heal|p1a: Mesprit|163/275|[from] item: Leftovers\n|-end|p2a: Gastrodon|move: Heal Block\n|upkeep\n|turn|10\n|inactive|Time left: 300 sec this turn | 300 sec total\n|\n|t:|1783572414\n|move|p1a: Mesprit|Psychic Noise|p2a: Gastrodon\n|-damage|p2a: Gastrodon|11/100\n|-start|p2a: Gastrodon|move: Heal Block\n|cant|p2a: Gastrodon|move: Heal Block|Recover\n|\n|-heal|p1a: Mesprit|180/275|[from] item: Leftovers\n|upkeep\n|turn|11\n|inactive|Time left: 300 sec this turn | 300 sec total\n|\n|t:|1783572415\n|switch|p2a: Azelf|Azelf, L82|100/100\n|-damage|p2a: Azelf|88/100|[from] Stealth Rock\n|move|p1a: Mesprit|Drain Punch|p2a: Azelf\n|-resisted|p2a: Azelf\n|-damage|p2a: Azelf|75/100\n|-heal|p1a: Mesprit|197/275|[from] drain|[of] p2a: Azelf\n|\n|-heal|p1a: Mesprit|214/275|[from] item: Leftovers\n|upkeep\n|turn|12\n|inactive|Time left: 300 sec this turn | 300 sec total\n|\n|t:|1783572416\n|move|p2a: Azelf|Knock Off|p1a: Mesprit\n|-supereffective|p1a: Mesprit\n|-damage|p1a: Mesprit|22/275\n|-enditem|p1a: Mesprit|Leftovers|[from] move: Knock Off|[of] p2a: Azelf\n|-damage|p2a: Azelf|65/100|[from] item: Life Orb\n|move|p1a: Mesprit|Thunderbolt|p2a: Azelf\n|-damage|p2a: Azelf|33/100\n|\n|upkeep\n|turn|13\n|inactive|Time left: 300 sec this turn | 300 sec total\n|\n|t:|1783572418\n|move|p2a: Azelf|Knock Off|p1a: Mesprit\n|-supereffective|p1a: Mesprit\n|-damage|p1a: Mesprit|0 fnt\n|faint|p1a: Mesprit\n|-damage|p2a: Azelf|23/100|[from] item: Life Orb\n|\n|upkeep\n|inactive|Time left: 300 sec this turn | 300 sec total | 5 sec grace\n|\n|t:|1783572419\n|switch|p1a: Regieleki|Regieleki, L79|256/256\n|-damage|p1a: Regieleki|214/256|[from] Spikes\n|-damage|p1a: Regieleki|182/256|[from] Stealth Rock\n|turn|14\n|inactive|Time left: 300 sec this turn | 300 sec total\n|\n|t:|1783572420\n|switch|p2a: Gastrodon|Gastrodon, L86, M|11/100\n|-damage|p2a: Gastrodon|5/100|[from] Stealth Rock\n|move|p1a: Regieleki|Rapid Spin|p2a: Gastrodon\n|-damage|p2a: Gastrodon|0 fnt\n|-boost|p1a: Regieleki|spe|1\n|-sideend|p1: p0x28133186|Spikes|[from] move: Rapid Spin|[of] p1a: Regieleki\n|-sideend|p1: p0x28133186|Stealth Rock|[from] move: Rapid Spin|[of] p1a: Regieleki\n|faint|p2a: Gastrodon\n|\n|upkeep\n|\n|t:|1783572421\n|switch|p2a: Phione|Phione, L91|100/100\n|-damage|p2a: Phione|88/100|[from] Stealth Rock\n|turn|15\n|inactive|Time left: 300 sec this turn | 300 sec total\n|\n|t:|1783572422\n|-terastallize|p2a: Phione|Grass\n|move|p1a: Regieleki|Thunderbolt|p2a: Phione\n|-resisted|p2a: Phione\n|-damage|p2a: Phione|65/100\n|move|p2a: Phione|Scald|p1a: Regieleki\n|-damage|p1a: Regieleki|44/256\n|-status|p1a: Regieleki|brn\n|\n|-heal|p2a: Phione|71/100|[from] item: Leftovers\n|-damage|p1a: Regieleki|28/256 brn|[from] brn\n|upkeep\n|turn|16\n|inactive|Time left: 300 sec this turn | 300 sec total\n|\n|t:|1783572423\n|move|p1a: Regieleki|Thunderbolt|p2a: Phione\n|-resisted|p2a: Phione\n|-damage|p2a: Phione|48/100\n|move|p2a: Phione|Scald|p1a: Regieleki\n|-crit|p1a: Regieleki\n|-damage|p1a: Regieleki|0 fnt\n|faint|p1a: Regieleki\n|\n|-heal|p2a: Phione|54/100|[from] item: Leftovers\n|upkeep\n|inactive|Time left: 300 sec this turn | 300 sec total | 5 sec grace\n|\n|t:|1783572424\n|switch|p1a: Bisharp|Bisharp, L79, M|232/232\n|turn|17\n|inactive|Time left: 300 sec this turn | 300 sec total\n|\n|t:|1783572425\n|move|p2a: Phione|Scald|p1a: Bisharp\n|-damage|p1a: Bisharp|163/232\n|move|p1a: Bisharp|Swords Dance|p1a: Bisharp\n|-boost|p1a: Bisharp|atk|2\n|\n|-heal|p2a: Phione|60/100|[from] item: Leftovers\n|upkeep\n|turn|18\n|inactive|Time left: 300 sec this turn | 300 sec total\n|\n|t:|1783572426\n|move|p2a: Phione|Scald|p1a: Bisharp\n|-damage|p1a: Bisharp|94/232\n|-status|p1a: Bisharp|brn\n|move|p1a: Bisharp|Iron Head|p2a: Phione\n|-damage|p2a: Phione|31/100\n|\n|-heal|p2a: Phione|37/100|[from] item: Leftovers\n|-damage|p1a: Bisharp|80/232 brn|[from] brn\n|upkeep\n|turn|19\n|inactive|Time left: 300 sec this turn | 300 sec total\n|\n|t:|1783572427\n|move|p2a: Phione|Scald|p1a: Bisharp\n|-damage|p1a: Bisharp|10/232 brn\n|move|p1a: Bisharp|Iron Head|p2a: Phione\n|-damage|p2a: Phione|6/100\n|\n|-heal|p2a: Phione|12/100|[from] item: Leftovers\n|-damage|p1a: Bisharp|0 fnt|[from] brn\n|faint|p1a: Bisharp\n|upkeep\n|inactive|Time left: 300 sec this turn | 300 sec total | 5 sec grace\n|\n|t:|1783572428\n|switch|p1a: Pikachu|Pikachu-Kalos, L93, F|216/216\n|turn|20\n|inactive|Time left: 300 sec this turn | 300 sec total\n|\n|t:|1783572429\n|move|p1a: Pikachu|Surf|p2a: Phione\n|-resisted|p2a: Phione\n|-damage|p2a: Phione|0 fnt\n|faint|p2a: Phione\n|\n|upkeep\n|\n|t:|1783572429\n|switch|p2a: Azelf|Azelf, L82|23/100\n|-damage|p2a: Azelf|11/100|[from] Stealth Rock\n|turn|21\n|inactive|Time left: 300 sec this turn | 300 sec total\n|\n|t:|1783572430\n|switch|p1a: Sandaconda|Sandaconda, L84, M|258/258\n|move|p2a: Azelf|Knock Off|p1a: Sandaconda\n|-damage|p1a: Sandaconda|177/258\n|-enditem|p1a: Sandaconda|Leftovers|[from] move: Knock Off|[of] p2a: Azelf\n|-damage|p2a: Azelf|1/100|[from] item: Life Orb\n|\n|upkeep\n|turn|22\n|inactive|Time left: 300 sec this turn | 300 sec total\n|\n|t:|1783572431\n|move|p2a: Azelf|Taunt|p1a: Sandaconda\n|-start|p1a: Sandaconda|move: Taunt\n|cant|p1a: Sandaconda|move: Taunt|Coil\n|\n|upkeep\n|turn|23\n|inactive|Time left: 300 sec this turn | 300 sec total\n|\n|t:|1783572432\n|switch|p2a: Corviknight|Corviknight, L80, M|100/100\n|-damage|p2a: Corviknight|88/100|[from] Stealth Rock\n|move|p1a: Sandaconda|Stone Edge|p2a: Corviknight\n|-damage|p2a: Corviknight|64/100\n|\n|-heal|p2a: Corviknight|71/100|[from] item: Leftovers\n|upkeep\n|turn|24\n|inactive|Time left: 300 sec this turn | 300 sec total\n|\n|t:|1783572433\n|switch|p1a: Pikachu|Pikachu-Kalos, L93, F|216/216\n|move|p2a: Corviknight|Defog|p1a: Pikachu\n|-unboost|p1a: Pikachu|evasion|1\n|-sideend|p2: p0y281384b7|Stealth Rock|[from] move: Defog|[of] p2a: Corviknight\n|\n|-heal|p2a: Corviknight|77/100|[from] item: Leftovers\n|upkeep\n|turn|25\n|inactive|Time left: 300 sec this turn | 300 sec total\n|\n|t:|1783572433\n|switch|p2a: Chi-Yu|Chi-Yu, L77|18/100\n|-ability|p2a: Chi-Yu|Beads of Ruin\n|move|p1a: Pikachu|Fake Out|p2a: Chi-Yu\n|-damage|p2a: Chi-Yu|0 fnt\n|faint|p2a: Chi-Yu\n|\n|upkeep\n|\n|t:|1783572434\n|switch|p2a: Azelf|Azelf, L82|1/100\n|turn|26\n|inactive|Time left: 300 sec this turn | 300 sec total\n|\n|t:|1783572435\n|switch|p1a: Sandaconda|Sandaconda, L84, M|177/258\n|move|p2a: Azelf|Knock Off|p1a: Sandaconda\n|-damage|p1a: Sandaconda|126/258\n|-damage|p2a: Azelf|0 fnt|[from] item: Life Orb\n|faint|p2a: Azelf\n|\n|upkeep\n|\n|t:|1783572436\n|switch|p2a: Corviknight|Corviknight, L80, M|77/100\n|turn|27\n|inactive|Time left: 300 sec this turn | 300 sec total\n|\n|t:|1783572436\n|switch|p1a: Pikachu|Pikachu-Kalos, L93, F|216/216\n|move|p2a: Corviknight|Brave Bird|p1a: Pikachu\n|-resisted|p1a: Pikachu\n|-damage|p1a: Pikachu|133/216\n|-damage|p2a: Corviknight|68/100|[from] Recoil\n|\n|-heal|p2a: Corviknight|74/100|[from] item: Leftovers\n|upkeep\n|turn|28\n|inactive|Time left: 300 sec this turn | 300 sec total\n|\n|t:|1783572437\n|-terastallize|p1a: Pikachu|Water\n|move|p1a: Pikachu|Volt Tackle|p2a: Corviknight\n|-supereffective|p2a: Corviknight\n|-damage|p2a: Corviknight|0 fnt\n|faint|p2a: Corviknight\n|-damage|p1a: Pikachu|63/216|[from] Recoil\n|\n|win|p0x28133186", "uploadtime": 1783572437, "views": 0, "rating": 0, "private": 0, "password": null, "_winner": "p0x28133186", "_our_name": "p0x28133186"}