{"id": "battle-gen9randombattle-2364", "formatid": "gen9randombattle", "format": "[Gen 9] Random Battle", "players": ["p0x2364e7ed", "p0y2364d5af"], "log": "|init|battle\n|title|p0x2364e7ed vs. p0y2364d5af\n|j|\u2606p0x2364e7ed\n|j|\u2606p0y2364d5af\n|t:|1783566415\n|gametype|singles\n|player|p1|p0x2364e7ed|170|\n|player|p2|p0y2364d5af|266|\n|gen|9\n|tier|[Gen 9] Random Battle\n|rule|Species Clause: Limit one of each Pok\u00e9mon\n|rule|HP Percentage Mod: HP is shown in percentages\n|rule|Sleep Clause Mod: Limit one foe put to sleep\n|rule|Illusion Level Mod: Illusion disguises the Pok\u00e9mon's true level\n|\n|t:|1783566415\n|teamsize|p1|6\n|teamsize|p2|6\n|start\n|switch|p1a: Smeargle|Smeargle, L95, M|100/100\n|switch|p2a: Diancie|Diancie, L82|216/216\n|turn|1\n|inactive|Battle timer is ON: inactive players will automatically lose when time's up. (requested by p0y2364d5af)\n|inactive|p0x2364e7ed also wants the timer to be on.\n|\n|t:|1783566417\n|move|p1a: Smeargle|Sticky Web|p2a: Diancie\n|-sidestart|p2: p0y2364d5af|move: Sticky Web\n|move|p2a: Diancie|Diamond Storm|p1a: Smeargle\n|-damage|p1a: Smeargle|35/100\n|\n|upkeep\n|turn|2\n|inactive|Time left: 300 sec this turn | 300 sec total\n|\n|t:|1783566418\n|move|p1a: Smeargle|Spore|p2a: Diancie\n|-status|p2a: Diancie|slp|[from] move: Spore\n|cant|p2a: Diancie|slp\n|\n|upkeep\n|turn|3\n|inactive|Time left: 300 sec this turn | 300 sec total\n|\n|t:|1783566419\n|move|p1a: Smeargle|Stealth Rock|p2a: Diancie\n|-sidestart|p2: p0y2364d5af|move: Stealth Rock\n|cant|p2a: Diancie|slp\n|\n|upkeep\n|turn|4\n|inactive|Time left: 300 sec this turn | 300 sec total\n|\n|t:|1783566420\n|switch|p1a: Reuniclus|Reuniclus, L88, F|100/100\n|cant|p2a: Diancie|slp\n|\n|upkeep\n|turn|5\n|inactive|Time left: 300 sec this turn | 300 sec total\n|\n|t:|1783566421\n|-curestatus|p2a: Diancie|slp|[msg]\n|move|p2a: Diancie|Diamond Storm|p1a: Reuniclus\n|-damage|p1a: Reuniclus|67/100\n|move|p1a: Reuniclus|Calm Mind|p1a: Reuniclus\n|-boost|p1a: Reuniclus|spa|1\n|-boost|p1a: Reuniclus|spd|1\n|\n|upkeep\n|turn|6\n|inactive|Time left: 300 sec this turn | 300 sec total\n|\n|t:|1783566422\n|move|p2a: Diancie|Calm Mind|p2a: Diancie\n|-boost|p2a: Diancie|spa|1\n|-boost|p2a: Diancie|spd|1\n|move|p1a: Reuniclus|Psychic|p2a: Diancie\n|-damage|p2a: Diancie|107/216\n|\n|-heal|p2a: Diancie|120/216|[from] item: Leftovers\n|upkeep\n|turn|7\n|inactive|Time left: 300 sec this turn | 300 sec total\n|\n|t:|1783566423\n|move|p2a: Diancie|Calm Mind|p2a: Diancie\n|-boost|p2a: Diancie|spa|1\n|-boost|p2a: Diancie|spd|1\n|move|p1a: Reuniclus|Psychic|p2a: Diancie\n|-damage|p2a: Diancie|30/216\n|\n|-heal|p2a: Diancie|43/216|[from] item: Leftovers\n|upkeep\n|turn|8\n|inactive|Time left: 300 sec this turn | 300 sec total\n|\n|t:|1783566424\n|move|p2a: Diancie|Draining Kiss|p1a: Reuniclus\n|-damage|p1a: Reuniclus|47/100\n|-heal|p2a: Diancie|93/216|[from] drain|[of] p1a: Reuniclus\n|move|p1a: Reuniclus|Psychic|p2a: Diancie\n|-damage|p2a: Diancie|0 fnt\n|faint|p2a: Diancie\n|\n|upkeep\n|inactive|Time left: 300 sec this turn | 300 sec total | 5 sec grace\n|\n|t:|1783566426\n|switch|p2a: Tatsugiri|Tatsugiri, L87, M|260/260\n|turn|9\n|inactive|Time left: 300 sec this turn | 300 sec total\n|\n|t:|1783566427\n|move|p2a: Tatsugiri|Rapid Spin|p1a: Reuniclus\n|-damage|p1a: Reuniclus|40/100\n|-boost|p2a: Tatsugiri|spe|1\n|-sideend|p2: p0y2364d5af|Stealth Rock|[from] move: Rapid Spin|[of] p2a: Tatsugiri\n|-sideend|p2: p0y2364d5af|Sticky Web|[from] move: Rapid Spin|[of] p2a: Tatsugiri\n|move|p1a: Reuniclus|Psychic|p2a: Tatsugiri\n|-damage|p2a: Tatsugiri|30/260\n|\n|upkeep\n|turn|10\n|inactive|Time left: 300 sec this turn | 300 sec total\n|\n|t:|1783566428\n|move|p2a: Tatsugiri|Surf|p1a: Reuniclus\n|-damage|p1a: Reuniclus|16/100\n|move|p1a: Reuniclus|Recover|p1a: Reuniclus\n|-heal|p1a: Reuniclus|66/100\n|\n|upkeep\n|turn|11\n|inactive|Time left: 300 sec this turn | 300 sec total\n|\n|t:|1783566428\n|move|p2a: Tatsugiri|Draco Meteor|p1a: Reuniclus\n|-damage|p1a: Reuniclus|32/100\n|-unboost|p2a: Tatsugiri|spa|2\n|move|p1a: Reuniclus|Psychic|p2a: Tatsugiri\n|-damage|p2a: Tatsugiri|0 fnt\n|faint|p2a: Tatsugiri\n|\n|upkeep\n|inactive|Time left: 300 sec this turn | 300 sec total | 5 sec grace\n|\n|t:|1783566429\n|switch|p2a: Piloswine|Piloswine, L85, F|309/309\n|turn|12\n|inactive|Time left: 300 sec this turn | 300 sec total\n|\n|t:|1783566430\n|switch|p1a: Tauros|Tauros-Paldea-Combat, L82, M|100/100\n|-ability|p1a: Tauros|Intimidate|boost\n|-unboost|p2a: Piloswine|atk|1\n|move|p2a: Piloswine|Earthquake|p1a: Tauros\n|-damage|p1a: Tauros|76/100\n|\n|upkeep\n|turn|13\n|inactive|Time left: 300 sec this turn | 300 sec total\n|\n|t:|1783566431\n|move|p1a: Tauros|Close Combat|p2a: Piloswine\n|-supereffective|p2a: Piloswine\n|-damage|p2a: Piloswine|37/309\n|-unboost|p1a: Tauros|def|1\n|-unboost|p1a: Tauros|spd|1\n|move|p2a: Piloswine|Stealth Rock|p1a: Tauros\n|-sidestart|p1: p0x2364e7ed|move: Stealth Rock\n|\n|upkeep\n|turn|14\n|inactive|Time left: 300 sec this turn | 300 sec total\n|\n|t:|1783566432\n|move|p2a: Piloswine|Ice Shard|p1a: Tauros\n|-damage|p1a: Tauros|60/100\n|move|p1a: Tauros|Close Combat|p2a: Piloswine\n|-supereffective|p2a: Piloswine\n|-damage|p2a: Piloswine|0 fnt\n|-unboost|p1a: Tauros|def|1\n|-unboost|p1a: Tauros|spd|1\n|faint|p2a: Piloswine\n|\n|upkeep\n|inactive|Time left: 300 sec this turn | 300 sec total | 5 sec grace\n|\n|t:|1783566433\n|switch|p2a: Haxorus|Haxorus, L77, F|244/244\n|-ability|p2a: Haxorus|Mold Breaker\n|turn|15\n|inactive|Time left: 300 sec this turn | 300 sec total\n|\n|t:|1783566434\n|move|p1a: Tauros|Close Combat|p2a: Haxorus\n|-damage|p2a: Haxorus|25/244\n|-unboost|p1a: Tauros|def|1\n|-unboost|p1a: Tauros|spd|1\n|move|p2a: Haxorus|Dragon Dance|p2a: Haxorus\n|-boost|p2a: Haxorus|atk|1\n|-boost|p2a: Haxorus|spe|1\n|\n|upkeep\n|turn|16\n|inactive|Time left: 300 sec this turn | 300 sec total\n|\n|t:|1783566435\n|switch|p1a: Smeargle|Smeargle, L95, M|35/100\n|-damage|p1a: Smeargle|23/100|[from] Stealth Rock\n|move|p2a: Haxorus|Outrage|p1a: Smeargle\n|-crit|p1a: Smeargle\n|-damage|p1a: Smeargle|0 fnt\n|faint|p1a: Smeargle\n|\n|upkeep\n|\n|t:|1783566436\n|switch|p1a: Wo-Chien|Wo-Chien, L83|100/100\n|-damage|p1a: Wo-Chien|88/100|[from] Stealth Rock\n|-ability|p1a: Wo-Chien|Tablets of Ruin\n|turn|17\n|inactive|Time left: 300 sec this turn | 300 sec total\n|\n|t:|1783566437\n|move|p2a: Haxorus|Outrage|p1a: Wo-Chien|[from] lockedmove\n|-damage|p1a: Wo-Chien|30/100\n|move|p1a: Wo-Chien|Giga Drain|p2a: Haxorus\n|-resisted|p2a: Haxorus\n|-damage|p2a: Haxorus|0 fnt\n|-heal|p1a: Wo-Chien|34/100|[from] drain|[of] p2a: Haxorus\n|faint|p2a: Haxorus\n|\n|-heal|p1a: Wo-Chien|41/100|[from] item: Leftovers\n|upkeep\n|inactive|Time left: 300 sec this turn | 300 sec total | 5 sec grace\n|\n|t:|1783566438\n|switch|p2a: Scizor|Scizor, L79, M|240/240\n|turn|18\n|inactive|Time left: 300 sec this turn | 300 sec total\n|\n|t:|1783566439\n|move|p1a: Wo-Chien|Leech Seed|p2a: Scizor\n|-start|p2a: Scizor|move: Leech Seed\n|move|p2a: Scizor|U-turn|p1a: Wo-Chien\n|-supereffective|p1a: Wo-Chien\n|-damage|p1a: Wo-Chien|0 fnt\n|faint|p1a: Wo-Chien\n|inactive|Time left: 300 sec this turn | 300 sec total | 5 sec grace\n|\n|t:|1783566440\n|switch|p2a: Hariyama|Hariyama, L87, M|392/392|[from] U-turn\n|\n|upkeep\n|\n|t:|1783566441\n|switch|p1a: Tauros|Tauros-Paldea-Combat, L82, M|60/100\n|-damage|p1a: Tauros|53/100|[from] Stealth Rock\n|-ability|p1a: Tauros|Intimidate|boost\n|-unboost|p2a: Hariyama|atk|1\n|turn|19\n|inactive|Time left: 300 sec this turn | 300 sec total\n|\n|t:|1783566442\n|move|p1a: Tauros|Close Combat|p2a: Hariyama\n|-damage|p2a: Hariyama|154/392\n|-unboost|p1a: Tauros|def|1\n|-unboost|p1a: Tauros|spd|1\n|move|p2a: Hariyama|Close Combat|p1a: Tauros\n|-damage|p1a: Tauros|2/100\n|-unboost|p2a: Hariyama|def|1\n|-unboost|p2a: Hariyama|spd|1\n|\n|upkeep\n|turn|20\n|inactive|Time left: 300 sec this turn | 300 sec total\n|\n|t:|1783566443\n|move|p1a: Tauros|Close Combat|p2a: Hariyama\n|-damage|p2a: Hariyama|0 fnt\n|-unboost|p1a: Tauros|def|1\n|-unboost|p1a: Tauros|spd|1\n|faint|p2a: Hariyama\n|\n|upkeep\n|inactive|Time left: 300 sec this turn | 300 sec total | 5 sec grace\n|\n|t:|1783566444\n|switch|p2a: Scizor|Scizor, L79, M|240/240\n|turn|21\n|inactive|Time left: 300 sec this turn | 300 sec total\n|\n|t:|1783566445\n|move|p2a: Scizor|Bullet Punch|p1a: Tauros\n|-damage|p1a: Tauros|0 fnt\n|faint|p1a: Tauros\n|\n|upkeep\n|\n|t:|1783566446\n|switch|p1a: Ogerpon|Ogerpon-Wellspring, L76, F|100/100\n|-damage|p1a: Ogerpon|88/100|[from] Stealth Rock\n|turn|22\n|inactive|Time left: 300 sec this turn | 300 sec total\n|\n|t:|1783566447\n|-terastallize|p1a: Ogerpon|Water\n|detailschange|p1a: Ogerpon|Ogerpon-Wellspring-Tera, L76, F, tera:Water\n|-ability|p1a: Ogerpon|Embody Aspect (Wellspring)|boost\n|-boost|p1a: Ogerpon|spd|1\n|-terastallize|p2a: Scizor|Dragon\n|move|p1a: Ogerpon|Ivy Cudgel|p2a: Scizor|[anim] Ivy Cudgel Water\n|-resisted|p2a: Scizor\n|-crit|p2a: Scizor\n|-damage|p2a: Scizor|123/240\n|move|p2a: Scizor|U-turn|p1a: Ogerpon\n|-damage|p1a: Ogerpon|48/100\n|\n|-heal|p2a: Scizor|138/240|[from] item: Leftovers\n|upkeep\n|turn|23\n|inactive|Time left: 300 sec this turn | 300 sec total\n|\n|t:|1783566448\n|move|p1a: Ogerpon|Play Rough|p2a: Scizor\n|-supereffective|p2a: Scizor\n|-damage|p2a: Scizor|2/240\n|move|p2a: Scizor|U-turn|p1a: Ogerpon\n|-damage|p1a: Ogerpon|9/100\n|\n|-heal|p2a: Scizor|17/240|[from] item: Leftovers\n|upkeep\n|turn|24\n|inactive|Time left: 300 sec this turn | 300 sec total\n|\n|t:|1783566449\n|move|p2a: Scizor|Bullet Punch|p1a: Ogerpon\n|-resisted|p1a: Ogerpon\n|-damage|p1a: Ogerpon|0 fnt\n|faint|p1a: Ogerpon\n|detailschange|p1: Ogerpon|Ogerpon-Wellspring, L76, F|[silent]\n|\n|-heal|p2a: Scizor|32/240|[from] item: Leftovers\n|upkeep\n|\n|t:|1783566450\n|switch|p1a: Pachirisu|Pachirisu, L96, M|100/100\n|-damage|p1a: Pachirisu|88/100|[from] Stealth Rock\n|turn|25\n|inactive|Time left: 300 sec this turn | 300 sec total\n|\n|t:|1783566451\n|move|p2a: Scizor|Bullet Punch|p1a: Pachirisu\n|-resisted|p1a: Pachirisu\n|-damage|p1a: Pachirisu|75/100\n|move|p1a: Pachirisu|U-turn|p2a: Scizor\n|-damage|p2a: Scizor|0 fnt\n|faint|p2a: Scizor\n|\n|win|p0x2364e7ed", "uploadtime": 1783566451, "views": 0, "rating": 0, "private": 0, "password": null, "_winner": "p0x2364e7ed", "_our_name": "p0y2364d5af"}