{"id": "battle-gen9randombattle-1325", "formatid": "gen9randombattle", "format": "[Gen 9] Random Battle", "players": ["p0x132534ff", "p0y13252dbe"], "log": "|init|battle\n|title|p0x132534ff vs. p0y13252dbe\n|j|\u2606p0x132534ff\n|j|\u2606p0y13252dbe\n|t:|1783554517\n|gametype|singles\n|player|p1|p0x132534ff|266|\n|player|p2|p0y13252dbe|2|\n|gen|9\n|tier|[Gen 9] Random Battle\n|rule|Species Clause: Limit one of each Pok\u00e9mon\n|rule|HP Percentage Mod: HP is shown in percentages\n|rule|Sleep Clause Mod: Limit one foe put to sleep\n|rule|Illusion Level Mod: Illusion disguises the Pok\u00e9mon's true level\n|\n|t:|1783554517\n|teamsize|p1|6\n|teamsize|p2|6\n|start\n|switch|p1a: Hitmontop|Hitmontop, L88, M|100/100\n|switch|p2a: Registeel|Registeel, L81|262/262\n|turn|1\n|inactive|Battle timer is ON: inactive players will automatically lose when time's up. (requested by p0x132534ff)\n|inactive|Time left: 300 sec this turn | 300 sec total | 60 sec grace\n|inactive|p0y13252dbe also wants the timer to be on.\n|\n|t:|1783554519\n|move|p1a: Hitmontop|Bulk Up|p1a: Hitmontop\n|-boost|p1a: Hitmontop|atk|1\n|-boost|p1a: Hitmontop|def|1\n|move|p2a: Registeel|Iron Defense|p2a: Registeel\n|-boost|p2a: Registeel|def|2\n|\n|upkeep\n|turn|2\n|inactive|Time left: 300 sec this turn | 300 sec total\n|\n|t:|1783554520\n|move|p1a: Hitmontop|Bulk Up|p1a: Hitmontop\n|-boost|p1a: Hitmontop|atk|1\n|-boost|p1a: Hitmontop|def|1\n|move|p2a: Registeel|Body Press|p1a: Hitmontop\n|-damage|p1a: Hitmontop|68/100\n|\n|-heal|p1a: Hitmontop|75/100|[from] item: Leftovers\n|upkeep\n|turn|3\n|inactive|Time left: 300 sec this turn | 300 sec total\n|\n|t:|1783554521\n|-terastallize|p2a: Registeel|Fighting\n|move|p1a: Hitmontop|Bulk Up|p1a: Hitmontop\n|-boost|p1a: Hitmontop|atk|1\n|-boost|p1a: Hitmontop|def|1\n|move|p2a: Registeel|Body Press|p1a: Hitmontop\n|-damage|p1a: Hitmontop|37/100\n|\n|-heal|p1a: Hitmontop|43/100|[from] item: Leftovers\n|upkeep\n|turn|4\n|inactive|Time left: 300 sec this turn | 300 sec total\n|\n|t:|1783554522\n|move|p1a: Hitmontop|Triple Axel|p2a: Registeel\n|-damage|p2a: Registeel|241/262\n|-hitcount|p2a: Registeel|1\n|move|p2a: Registeel|Body Press|p1a: Hitmontop\n|-damage|p1a: Hitmontop|8/100\n|\n|-heal|p1a: Hitmontop|14/100|[from] item: Leftovers\n|upkeep\n|turn|5\n|inactive|Time left: 300 sec this turn | 300 sec total\n|\n|t:|1783554524\n|move|p1a: Hitmontop|Triple Axel|p2a: Registeel|[miss]\n|-miss|p1a: Hitmontop|p2a: Registeel\n|move|p2a: Registeel|Body Press|p1a: Hitmontop\n|-damage|p1a: Hitmontop|0 fnt\n|faint|p1a: Hitmontop\n|\n|upkeep\n|\n|t:|1783554525\n|switch|p1a: Leavanny|Leavanny, L86, F|100/100\n|turn|6\n|inactive|Time left: 300 sec this turn | 300 sec total\n|\n|t:|1783554526\n|move|p1a: Leavanny|Sticky Web|p2a: Registeel\n|-sidestart|p2: p0y13252dbe|move: Sticky Web\n|move|p2a: Registeel|Body Press|p1a: Leavanny\n|-resisted|p1a: Leavanny\n|-damage|p1a: Leavanny|60/100\n|\n|upkeep\n|turn|7\n|inactive|Time left: 300 sec this turn | 300 sec total\n|\n|t:|1783554527\n|switch|p1a: Reuniclus|Reuniclus, L88, F|100/100\n|move|p2a: Registeel|Body Press|p1a: Reuniclus\n|-resisted|p1a: Reuniclus\n|-damage|p1a: Reuniclus|62/100\n|\n|upkeep\n|turn|8\n|inactive|Time left: 300 sec this turn | 300 sec total\n|\n|t:|1783554528\n|move|p2a: Registeel|Body Press|p1a: Reuniclus\n|-resisted|p1a: Reuniclus\n|-damage|p1a: Reuniclus|24/100\n|move|p1a: Reuniclus|Psychic|p2a: Registeel\n|-supereffective|p2a: Registeel\n|-damage|p2a: Registeel|4/262\n|\n|upkeep\n|turn|9\n|inactive|Time left: 300 sec this turn | 300 sec total\n|\n|t:|1783554529\n|move|p2a: Registeel|Body Press|p1a: Reuniclus\n|-resisted|p1a: Reuniclus\n|-damage|p1a: Reuniclus|0 fnt\n|faint|p1a: Reuniclus\n|\n|upkeep\n|\n|t:|1783554530\n|switch|p1a: Leavanny|Leavanny, L86, F|60/100\n|turn|10\n|inactive|Time left: 300 sec this turn | 300 sec total\n|\n|t:|1783554531\n|move|p1a: Leavanny|Lunge|p2a: Registeel\n|-resisted|p2a: Registeel\n|-damage|p2a: Registeel|0 fnt\n|faint|p2a: Registeel\n|\n|upkeep\n|inactive|Time left: 300 sec this turn | 300 sec total | 5 sec grace\n|\n|t:|1783554532\n|switch|p2a: Grafaiai|Grafaiai, L86, F|249/249\n|turn|11\n|inactive|Time left: 300 sec this turn | 300 sec total\n|\n|t:|1783554533\n|move|p2a: Grafaiai|Gunk Shot|p1a: Leavanny\n|-supereffective|p1a: Leavanny\n|-damage|p1a: Leavanny|0 fnt\n|faint|p1a: Leavanny\n|\n|upkeep\n|\n|t:|1783554534\n|switch|p1a: Cacturne|Cacturne, L92, F|100/100\n|turn|12\n|inactive|Time left: 300 sec this turn | 300 sec total\n|\n|t:|1783554535\n|-terastallize|p1a: Cacturne|Dark\n|move|p2a: Grafaiai|Gunk Shot|p1a: Cacturne\n|-damage|p1a: Cacturne|41/100\n|-status|p1a: Cacturne|psn\n|move|p1a: Cacturne|Knock Off|p2a: Grafaiai\n|-damage|p2a: Grafaiai|0 fnt\n|-enditem|p2a: Grafaiai|Heavy-Duty Boots|[from] move: Knock Off|[of] p1a: Cacturne\n|faint|p2a: Grafaiai\n|-damage|p1a: Cacturne|31/100 psn|[from] item: Life Orb\n|\n|-damage|p1a: Cacturne|19/100 psn|[from] psn\n|upkeep\n|inactive|Time left: 300 sec this turn | 300 sec total | 5 sec grace\n|\n|t:|1783554536\n|switch|p2a: Dachsbun|Dachsbun, L92, F|254/254\n|-activate|p2a: Dachsbun|move: Sticky Web\n|-unboost|p2a: Dachsbun|spe|1\n|turn|13\n|inactive|Time left: 300 sec this turn | 300 sec total\n|\n|t:|1783554537\n|move|p1a: Cacturne|Leaf Storm|p2a: Dachsbun\n|-damage|p2a: Dachsbun|28/254\n|-unboost|p1a: Cacturne|spa|2\n|-damage|p1a: Cacturne|9/100 psn|[from] item: Life Orb\n|move|p2a: Dachsbun|Wish|p2a: Dachsbun\n|\n|-heal|p2a: Dachsbun|43/254|[from] item: Leftovers\n|-damage|p1a: Cacturne|0 fnt|[from] psn\n|faint|p1a: Cacturne\n|upkeep\n|\n|t:|1783554537\n|switch|p1a: Arceus|Arceus-Water, L71|100/100\n|turn|14\n|inactive|Time left: 300 sec this turn | 300 sec total\n|\n|t:|1783554538\n|move|p2a: Dachsbun|Protect|p2a: Dachsbun\n|-singleturn|p2a: Dachsbun|Protect\n|move|p1a: Arceus|Calm Mind|p1a: Arceus\n|-boost|p1a: Arceus|spa|1\n|-boost|p1a: Arceus|spd|1\n|\n|-heal|p2a: Dachsbun|170/254|[from] move: Wish|[wisher] Dachsbun\n|-heal|p2a: Dachsbun|185/254|[from] item: Leftovers\n|upkeep\n|turn|15\n|inactive|Time left: 300 sec this turn | 300 sec total\n|\n|t:|1783554539\n|switch|p2a: Manaphy|Manaphy, L78|284/284\n|-activate|p2a: Manaphy|move: Sticky Web\n|-unboost|p2a: Manaphy|spe|1\n|move|p1a: Arceus|Judgment|p2a: Manaphy\n|-resisted|p2a: Manaphy\n|-damage|p2a: Manaphy|200/284\n|\n|-heal|p2a: Manaphy|217/284|[from] item: Leftovers\n|upkeep\n|turn|16\n|inactive|Time left: 300 sec this turn | 300 sec total\n|\n|t:|1783554540\n|move|p1a: Arceus|Calm Mind|p1a: Arceus\n|-boost|p1a: Arceus|spa|1\n|-boost|p1a: Arceus|spd|1\n|move|p2a: Manaphy|Tail Glow|p2a: Manaphy\n|-boost|p2a: Manaphy|spa|3\n|\n|-heal|p2a: Manaphy|234/284|[from] item: Leftovers\n|upkeep\n|turn|17\n|inactive|Time left: 300 sec this turn | 300 sec total\n|\n|t:|1783554541\n|move|p1a: Arceus|Judgment|p2a: Manaphy\n|-resisted|p2a: Manaphy\n|-damage|p2a: Manaphy|123/284\n|move|p2a: Manaphy|Energy Ball|p1a: Arceus\n|-supereffective|p1a: Arceus\n|-damage|p1a: Arceus|50/100\n|\n|-heal|p2a: Manaphy|140/284|[from] item: Leftovers\n|upkeep\n|turn|18\n|inactive|Time left: 300 sec this turn | 300 sec total\n|\n|t:|1783554542\n|move|p1a: Arceus|Judgment|p2a: Manaphy\n|-resisted|p2a: Manaphy\n|-damage|p2a: Manaphy|38/284\n|move|p2a: Manaphy|Energy Ball|p1a: Arceus\n|-supereffective|p1a: Arceus\n|-damage|p1a: Arceus|3/100\n|\n|-heal|p2a: Manaphy|55/284|[from] item: Leftovers\n|upkeep\n|turn|19\n|inactive|Time left: 300 sec this turn | 300 sec total\n|\n|t:|1783554544\n|move|p1a: Arceus|Judgment|p2a: Manaphy\n|-resisted|p2a: Manaphy\n|-damage|p2a: Manaphy|0 fnt\n|faint|p2a: Manaphy\n|\n|upkeep\n|inactive|Time left: 300 sec this turn | 300 sec total | 5 sec grace\n|\n|t:|1783554544\n|switch|p2a: Quagsire|Quagsire, L84, F|297/297\n|-activate|p2a: Quagsire|move: Sticky Web\n|-unboost|p2a: Quagsire|spe|1\n|turn|20\n|inactive|Time left: 300 sec this turn | 300 sec total\n|\n|t:|1783554545\n|move|p1a: Arceus|Recover|p1a: Arceus\n|-heal|p1a: Arceus|53/100\n|move|p2a: Quagsire|Toxic|p1a: Arceus\n|-status|p1a: Arceus|tox\n|\n|-damage|p1a: Arceus|46/100 tox|[from] psn\n|upkeep\n|turn|21\n|inactive|Time left: 300 sec this turn | 300 sec total\n|\n|t:|1783554546\n|move|p1a: Arceus|Recover|p1a: Arceus\n|-heal|p1a: Arceus|96/100 tox\n|move|p2a: Quagsire|Earthquake|p1a: Arceus\n|-damage|p1a: Arceus|66/100 tox\n|\n|-damage|p1a: Arceus|54/100 tox|[from] psn\n|upkeep\n|turn|22\n|inactive|Time left: 300 sec this turn | 300 sec total\n|\n|t:|1783554547\n|move|p1a: Arceus|Recover|p1a: Arceus\n|-heal|p1a: Arceus|100/100 tox\n|move|p2a: Quagsire|Earthquake|p1a: Arceus\n|-damage|p1a: Arceus|72/100 tox\n|\n|-damage|p1a: Arceus|53/100 tox|[from] psn\n|upkeep\n|turn|23\n|inactive|Time left: 300 sec this turn | 300 sec total\n|\n|t:|1783554548\n|move|p1a: Arceus|Recover|p1a: Arceus\n|-heal|p1a: Arceus|100/100 tox\n|move|p2a: Quagsire|Earthquake|p1a: Arceus\n|-damage|p1a: Arceus|70/100 tox\n|\n|-damage|p1a: Arceus|45/100 tox|[from] psn\n|upkeep\n|turn|24\n|inactive|Time left: 300 sec this turn | 300 sec total\n|\n|t:|1783554549\n|move|p1a: Arceus|Recover|p1a: Arceus\n|-heal|p1a: Arceus|95/100 tox\n|move|p2a: Quagsire|Earthquake|p1a: Arceus\n|-damage|p1a: Arceus|62/100 tox\n|\n|-damage|p1a: Arceus|31/100 tox|[from] psn\n|upkeep\n|turn|25\n|inactive|Time left: 300 sec this turn | 300 sec total\n|\n|t:|1783554550\n|move|p1a: Arceus|Recover|p1a: Arceus\n|-heal|p1a: Arceus|81/100 tox\n|move|p2a: Quagsire|Toxic|p1a: Arceus\n|-fail|p1a: Arceus|tox\n|\n|-damage|p1a: Arceus|44/100 tox|[from] psn\n|upkeep\n|turn|26\n|inactive|Time left: 300 sec this turn | 300 sec total\n|\n|t:|1783554551\n|move|p1a: Arceus|Recover|p1a: Arceus\n|-heal|p1a: Arceus|94/100 tox\n|move|p2a: Quagsire|Ice Beam|p1a: Arceus\n|-resisted|p1a: Arceus\n|-damage|p1a: Arceus|86/100 tox\n|\n|-damage|p1a: Arceus|42/100 tox|[from] psn\n|upkeep\n|turn|27\n|inactive|Time left: 300 sec this turn | 300 sec total\n|\n|t:|1783554553\n|move|p1a: Arceus|Recover|p1a: Arceus\n|-heal|p1a: Arceus|92/100 tox\n|move|p2a: Quagsire|Ice Beam|p1a: Arceus\n|-resisted|p1a: Arceus\n|-damage|p1a: Arceus|84/100 tox\n|\n|-damage|p1a: Arceus|34/100 tox|[from] psn\n|upkeep\n|turn|28\n|inactive|Time left: 300 sec this turn | 300 sec total\n|\n|t:|1783554554\n|move|p1a: Arceus|Judgment|p2a: Quagsire\n|-damage|p2a: Quagsire|167/297\n|move|p2a: Quagsire|Earthquake|p1a: Arceus\n|-damage|p1a: Arceus|2/100 tox\n|\n|-heal|p2a: Quagsire|185/297|[from] item: Leftovers\n|-damage|p1a: Arceus|0 fnt|[from] psn\n|faint|p1a: Arceus\n|upkeep\n|\n|t:|1783554555\n|switch|p1a: Klefki|Klefki, L84, F|100/100\n|turn|29\n|inactive|Time left: 300 sec this turn | 300 sec total\n|\n|t:|1783554556\n|move|p1a: Klefki|Magnet Rise|p1a: Klefki\n|-start|p1a: Klefki|Magnet Rise\n|move|p2a: Quagsire|Earthquake|p1a: Klefki\n|-immune|p1a: Klefki\n|\n|-heal|p2a: Quagsire|203/297|[from] item: Leftovers\n|upkeep\n|turn|30\n|inactive|Time left: 300 sec this turn | 300 sec total\n|\n|t:|1783554557\n|move|p1a: Klefki|Spikes|p2a: Quagsire\n|-sidestart|p2: p0y13252dbe|Spikes\n|move|p2a: Quagsire|Recover|p2a: Quagsire\n|-heal|p2a: Quagsire|297/297\n|\n|upkeep\n|turn|31\n|inactive|Time left: 300 sec this turn | 300 sec total\n|\n|t:|1783554558\n|switch|p2a: Landorus|Landorus, L75, M|257/257\n|move|p1a: Klefki|Play Rough|p2a: Landorus\n|-damage|p2a: Landorus|158/257\n|\n|upkeep\n|turn|32\n|inactive|Time left: 300 sec this turn | 300 sec total\n|\n|t:|1783554559\n|move|p2a: Landorus|Focus Blast|p1a: Klefki\n|-damage|p1a: Klefki|43/100\n|move|p1a: Klefki|Play Rough|p2a: Landorus\n|-damage|p2a: Landorus|67/257\n|\n|-heal|p1a: Klefki|49/100|[from] item: Leftovers\n|upkeep\n|turn|33\n|inactive|Time left: 300 sec this turn | 300 sec total\n|\n|t:|1783554560\n|move|p2a: Landorus|Focus Blast|p1a: Klefki|[miss]\n|-miss|p2a: Landorus|p1a: Klefki\n|move|p1a: Klefki|Play Rough|p2a: Landorus\n|-damage|p2a: Landorus|0 fnt\n|faint|p2a: Landorus\n|\n|-heal|p1a: Klefki|55/100|[from] item: Leftovers\n|-end|p1a: Klefki|Magnet Rise\n|upkeep\n|inactive|Time left: 300 sec this turn | 300 sec total | 5 sec grace\n|\n|t:|1783554561\n|switch|p2a: Dachsbun|Dachsbun, L92, F|185/254\n|-activate|p2a: Dachsbun|move: Sticky Web\n|-unboost|p2a: Dachsbun|spe|1\n|-damage|p2a: Dachsbun|154/254|[from] Spikes\n|turn|34\n|inactive|Time left: 300 sec this turn | 300 sec total\n|\n|t:|1783554562\n|move|p1a: Klefki|Thunder Wave|p2a: Dachsbun\n|-status|p2a: Dachsbun|par\n|move|p2a: Dachsbun|Yawn|p1a: Klefki\n|-start|p1a: Klefki|move: Yawn|[of] p2a: Dachsbun\n|\n|-heal|p1a: Klefki|61/100|[from] item: Leftovers\n|-heal|p2a: Dachsbun|169/254 par|[from] item: Leftovers\n|upkeep\n|turn|35\n|inactive|Time left: 300 sec this turn | 300 sec total\n|\n|t:|1783554563\n|move|p1a: Klefki|Magnet Rise|p1a: Klefki\n|-start|p1a: Klefki|Magnet Rise\n|move|p2a: Dachsbun|Play Rough|p1a: Klefki\n|-resisted|p1a: Klefki\n|-damage|p1a: Klefki|41/100\n|\n|-heal|p1a: Klefki|47/100|[from] item: Leftovers\n|-heal|p2a: Dachsbun|184/254 par|[from] item: Leftovers\n|-end|p1a: Klefki|move: Yawn|[silent]\n|-status|p1a: Klefki|slp\n|upkeep\n|turn|36\n|inactive|Time left: 300 sec this turn | 300 sec total\n|\n|t:|1783554564\n|cant|p1a: Klefki|slp\n|move|p2a: Dachsbun|Play Rough|p1a: Klefki\n|-resisted|p1a: Klefki\n|-damage|p1a: Klefki|25/100 slp\n|\n|-heal|p1a: Klefki|31/100 slp|[from] item: Leftovers\n|-heal|p2a: Dachsbun|199/254 par|[from] item: Leftovers\n|upkeep\n|turn|37\n|inactive|Time left: 300 sec this turn | 300 sec total\n|\n|t:|1783554565\n|cant|p1a: Klefki|slp\n|move|p2a: Dachsbun|Play Rough|p1a: Klefki\n|-resisted|p1a: Klefki\n|-damage|p1a: Klefki|10/100 slp\n|\n|-heal|p1a: Klefki|16/100 slp|[from] item: Leftovers\n|-heal|p2a: Dachsbun|214/254 par|[from] item: Leftovers\n|upkeep\n|turn|38\n|inactive|Time left: 300 sec this turn | 300 sec total\n|\n|t:|1783554566\n|cant|p1a: Klefki|slp\n|move|p2a: Dachsbun|Play Rough|p1a: Klefki\n|-resisted|p1a: Klefki\n|-damage|p1a: Klefki|0 fnt\n|faint|p1a: Klefki\n|\n|win|p0y13252dbe", "uploadtime": 1783554566, "views": 0, "rating": 0, "private": 0, "password": null, "_winner": "p0y13252dbe", "_our_name": "p0y13252dbe"}