{"id": "battle-gen9randombattle-130", "formatid": "gen9randombattle", "format": "[Gen 9] Random Battle", "players": ["p0x130363a", "p0y1307a35"], "log": "|init|battle\n|title|p0x130363a vs. p0y1307a35\n|j|\u2606p0x130363a\n|j|\u2606p0y1307a35\n|t:|1783534769\n|gametype|singles\n|player|p1|p0x130363a|170|\n|player|p2|p0y1307a35|265|\n|gen|9\n|tier|[Gen 9] Random Battle\n|rule|Species Clause: Limit one of each Pok\u00e9mon\n|rule|HP Percentage Mod: HP is shown in percentages\n|rule|Sleep Clause Mod: Limit one foe put to sleep\n|rule|Illusion Level Mod: Illusion disguises the Pok\u00e9mon's true level\n|\n|t:|1783534769\n|teamsize|p1|6\n|teamsize|p2|6\n|start\n|switch|p1a: Palossand|Palossand, L89, M|296/296\n|switch|p2a: Sableye|Sableye, L88, F|100/100\n|turn|1\n|inactive|Battle timer is ON: inactive players will automatically lose when time's up. (requested by p0y1307a35)\n|inactive|Time left: 300 sec this turn | 300 sec total | 60 sec grace\n|inactive|p0x130363a also wants the timer to be on.\n|\n|t:|1783534771\n|move|p2a: Sableye|Knock Off|p1a: Palossand\n|-supereffective|p1a: Palossand\n|-damage|p1a: Palossand|134/296\n|-enditem|p1a: Palossand|Leftovers|[from] move: Knock Off|[of] p2a: Sableye\n|move|p1a: Palossand|Earth Power|p2a: Sableye\n|-damage|p2a: Sableye|47/100\n|\n|-heal|p2a: Sableye|53/100|[from] item: Leftovers\n|upkeep\n|turn|2\n|inactive|Time left: 300 sec this turn | 300 sec total\n|\n|t:|1783534772\n|move|p2a: Sableye|Recover|p2a: Sableye\n|-heal|p2a: Sableye|100/100\n|move|p1a: Palossand|Stealth Rock|p2a: Sableye\n|-sidestart|p2: p0y1307a35|move: Stealth Rock\n|\n|upkeep\n|turn|3\n|inactive|Time left: 300 sec this turn | 300 sec total\n|\n|t:|1783534773\n|move|p2a: Sableye|Knock Off|p1a: Palossand\n|-supereffective|p1a: Palossand\n|-damage|p1a: Palossand|36/296\n|move|p1a: Palossand|Shore Up|p1a: Palossand\n|-heal|p1a: Palossand|184/296\n|\n|upkeep\n|turn|4\n|inactive|Time left: 300 sec this turn | 300 sec total\n|\n|t:|1783534774\n|switch|p2a: Hitmonchan|Hitmonchan, L87, M|100/100\n|-damage|p2a: Hitmonchan|94/100|[from] Stealth Rock\n|move|p1a: Palossand|Shore Up|p1a: Palossand\n|-heal|p1a: Palossand|296/296\n|\n|-heal|p2a: Hitmonchan|100/100|[from] item: Leftovers\n|upkeep\n|turn|5\n|inactive|Time left: 300 sec this turn | 300 sec total\n|\n|t:|1783534776\n|move|p2a: Hitmonchan|Swords Dance|p2a: Hitmonchan\n|-boost|p2a: Hitmonchan|atk|2\n|move|p1a: Palossand|Shadow Ball|p2a: Hitmonchan\n|-damage|p2a: Hitmonchan|69/100\n|\n|-heal|p2a: Hitmonchan|75/100|[from] item: Leftovers\n|upkeep\n|turn|6\n|inactive|Time left: 300 sec this turn | 300 sec total\n|\n|t:|1783534777\n|move|p2a: Hitmonchan|Knock Off|p1a: Palossand\n|-supereffective|p1a: Palossand\n|-damage|p1a: Palossand|146/296\n|move|p1a: Palossand|Earth Power|p2a: Hitmonchan\n|-damage|p2a: Hitmonchan|38/100\n|\n|-heal|p2a: Hitmonchan|44/100|[from] item: Leftovers\n|upkeep\n|turn|7\n|inactive|Time left: 300 sec this turn | 300 sec total\n|\n|t:|1783534778\n|move|p2a: Hitmonchan|Knock Off|p1a: Palossand\n|-supereffective|p1a: Palossand\n|-damage|p1a: Palossand|0 fnt\n|faint|p1a: Palossand\n|\n|-heal|p2a: Hitmonchan|50/100|[from] item: Leftovers\n|upkeep\n|inactive|Time left: 300 sec this turn | 300 sec total | 5 sec grace\n|\n|t:|1783534779\n|switch|p1a: Floatzel|Floatzel, L86, M|286/286\n|turn|8\n|inactive|Time left: 300 sec this turn | 300 sec total\n|\n|t:|1783534779\n|move|p1a: Floatzel|Wave Crash|p2a: Hitmonchan\n|-damage|p2a: Hitmonchan|0 fnt\n|faint|p2a: Hitmonchan\n|-damage|p1a: Floatzel|249/286|[from] Recoil\n|\n|upkeep\n|\n|t:|1783534780\n|switch|p2a: Chandelure|Chandelure, L83, M|100/100\n|-damage|p2a: Chandelure|76/100|[from] Stealth Rock\n|turn|9\n|inactive|Time left: 300 sec this turn | 300 sec total\n|\n|t:|1783534781\n|move|p2a: Chandelure|Energy Ball|p1a: Floatzel\n|-supereffective|p1a: Floatzel\n|-damage|p1a: Floatzel|0 fnt\n|faint|p1a: Floatzel\n|\n|upkeep\n|inactive|Time left: 300 sec this turn | 300 sec total | 5 sec grace\n|\n|t:|1783534782\n|switch|p1a: Baxcalibur|Baxcalibur, L75, F|296/296\n|turn|10\n|inactive|Time left: 300 sec this turn | 300 sec total\n|\n|t:|1783534783\n|switch|p2a: Diancie|Diancie, L82|100/100\n|-damage|p2a: Diancie|88/100|[from] Stealth Rock\n|move|p1a: Baxcalibur|Dragon Dance|p1a: Baxcalibur\n|-boost|p1a: Baxcalibur|atk|1\n|-boost|p1a: Baxcalibur|spe|1\n|\n|-heal|p2a: Diancie|94/100|[from] item: Leftovers\n|upkeep\n|turn|11\n|inactive|Time left: 300 sec this turn | 300 sec total\n|\n|t:|1783534784\n|-terastallize|p1a: Baxcalibur|Ground\n|move|p1a: Baxcalibur|Earthquake|p2a: Diancie\n|-supereffective|p2a: Diancie\n|-damage|p2a: Diancie|0 fnt\n|faint|p2a: Diancie\n|\n|upkeep\n|\n|t:|1783534785\n|switch|p2a: Chandelure|Chandelure, L83, M|76/100\n|-damage|p2a: Chandelure|51/100|[from] Stealth Rock\n|turn|12\n|inactive|Time left: 300 sec this turn | 300 sec total\n|\n|t:|1783534785\n|-terastallize|p2a: Chandelure|Grass\n|move|p2a: Chandelure|Energy Ball|p1a: Baxcalibur\n|-supereffective|p1a: Baxcalibur\n|-damage|p1a: Baxcalibur|12/296\n|move|p1a: Baxcalibur|Glaive Rush|p2a: Chandelure\n|-damage|p2a: Chandelure|0 fnt\n|-singlemove|p1a: Baxcalibur|Glaive Rush|[silent]\n|faint|p2a: Chandelure\n|\n|upkeep\n|\n|t:|1783534786\n|switch|p2a: Persian|Persian, L92, M|100/100\n|-damage|p2a: Persian|88/100|[from] Stealth Rock\n|turn|13\n|inactive|Time left: 300 sec this turn | 300 sec total\n|\n|t:|1783534787\n|switch|p1a: Magmortar|Magmortar, L88, M|275/275\n|move|p2a: Persian|U-turn|p1a: Magmortar\n|-resisted|p1a: Magmortar\n|-damage|p1a: Magmortar|250/275\n|\n|t:|1783534788\n|switch|p2a: Minun|Minun, L95, M|100/100|[from] U-turn\n|-damage|p2a: Minun|88/100|[from] Stealth Rock\n|\n|upkeep\n|turn|14\n|inactive|Time left: 300 sec this turn | 300 sec total\n|\n|t:|1783534789\n|move|p2a: Minun|Nasty Plot|p2a: Minun\n|-boost|p2a: Minun|spa|2\n|move|p1a: Magmortar|Earthquake|p2a: Minun\n|-supereffective|p2a: Minun\n|-damage|p2a: Minun|10/100\n|\n|upkeep\n|turn|15\n|inactive|Time left: 300 sec this turn | 300 sec total\n|\n|t:|1783534790\n|switch|p1a: Baxcalibur|Baxcalibur, L75, F, tera:Ground|12/296\n|move|p2a: Minun|Thunderbolt|p1a: Baxcalibur\n|-immune|p1a: Baxcalibur\n|\n|upkeep\n|turn|16\n|inactive|Time left: 300 sec this turn | 300 sec total\n|\n|t:|1783534791\n|move|p2a: Minun|Grass Knot|p1a: Baxcalibur\n|-supereffective|p1a: Baxcalibur\n|-damage|p1a: Baxcalibur|0 fnt\n|faint|p1a: Baxcalibur\n|-damage|p2a: Minun|0 fnt|[from] item: Life Orb\n|faint|p2a: Minun\n|\n|upkeep\n|inactive|Time left: 300 sec this turn | 300 sec total | 5 sec grace\n|\n|t:|1783534792\n|switch|p2a: Persian|Persian, L92, M|88/100\n|switch|p1a: Lokix|Lokix, L82, M|251/251\n|-damage|p2a: Persian|76/100|[from] Stealth Rock\n|turn|17\n|inactive|Time left: 300 sec this turn | 300 sec total\n|\n|t:|1783534793\n|move|p2a: Persian|Fake Out|p1a: Lokix\n|-damage|p1a: Lokix|173/251\n|cant|p1a: Lokix|flinch\n|\n|upkeep\n|turn|18\n|inactive|Time left: 300 sec this turn | 300 sec total\n|\n|t:|1783534794\n|move|p2a: Persian|Double-Edge|p1a: Lokix\n|-damage|p1a: Lokix|28/251\n|-damage|p2a: Persian|58/100|[from] Recoil\n|move|p1a: Lokix|Leech Life|p2a: Persian\n|-damage|p2a: Persian|10/100\n|-heal|p1a: Lokix|93/251|[from] drain|[of] p2a: Persian\n|-damage|p1a: Lokix|68/251|[from] item: Life Orb\n|\n|upkeep\n|turn|19\n|inactive|Time left: 300 sec this turn | 300 sec total\n|\n|t:|1783534795\n|move|p2a: Persian|Fake Out||[still]\n|-hint|Fake Out only works on your first turn out.\n|-fail|p2a: Persian\n|move|p1a: Lokix|Sucker Punch||[still]\n|-fail|p1a: Lokix\n|\n|upkeep\n|turn|20\n|inactive|Time left: 300 sec this turn | 300 sec total\n|\n|t:|1783534796\n|move|p2a: Persian|Fake Out||[still]\n|-hint|Fake Out only works on your first turn out.\n|-fail|p2a: Persian\n|move|p1a: Lokix|Sucker Punch||[still]\n|-fail|p1a: Lokix\n|\n|upkeep\n|turn|21\n|inactive|Time left: 300 sec this turn | 300 sec total\n|\n|t:|1783534797\n|move|p2a: Persian|Fake Out||[still]\n|-hint|Fake Out only works on your first turn out.\n|-fail|p2a: Persian\n|move|p1a: Lokix|Sucker Punch||[still]\n|-fail|p1a: Lokix\n|\n|upkeep\n|turn|22\n|inactive|Time left: 300 sec this turn | 300 sec total\n|\n|t:|1783534798\n|move|p2a: Persian|Fake Out||[still]\n|-hint|Fake Out only works on your first turn out.\n|-fail|p2a: Persian\n|move|p1a: Lokix|Sucker Punch||[still]\n|-fail|p1a: Lokix\n|\n|upkeep\n|turn|23\n|inactive|Time left: 300 sec this turn | 300 sec total\n|\n|t:|1783534799\n|move|p2a: Persian|Fake Out||[still]\n|-hint|Fake Out only works on your first turn out.\n|-fail|p2a: Persian\n|move|p1a: Lokix|Sucker Punch||[still]\n|-fail|p1a: Lokix\n|\n|upkeep\n|turn|24\n|inactive|Time left: 300 sec this turn | 300 sec total\n|\n|t:|1783534800\n|move|p2a: Persian|Fake Out||[still]\n|-hint|Fake Out only works on your first turn out.\n|-fail|p2a: Persian\n|move|p1a: Lokix|Sucker Punch||[still]\n|-fail|p1a: Lokix\n|\n|upkeep\n|turn|25\n|inactive|Time left: 300 sec this turn | 300 sec total\n|\n|t:|1783534801\n|move|p2a: Persian|Fake Out||[still]\n|-hint|Fake Out only works on your first turn out.\n|-fail|p2a: Persian\n|move|p1a: Lokix|Sucker Punch||[still]\n|-fail|p1a: Lokix\n|\n|upkeep\n|turn|26\n|inactive|Time left: 300 sec this turn | 300 sec total\n|\n|t:|1783534802\n|move|p2a: Persian|Fake Out||[still]\n|-hint|Fake Out only works on your first turn out.\n|-fail|p2a: Persian\n|move|p1a: Lokix|Sucker Punch||[still]\n|-fail|p1a: Lokix\n|\n|upkeep\n|turn|27\n|inactive|Time left: 300 sec this turn | 300 sec total\n|\n|t:|1783534803\n|switch|p1a: Magmortar|Magmortar, L88, M|250/275\n|move|p2a: Persian|Double-Edge|p1a: Magmortar\n|-damage|p1a: Magmortar|75/275\n|-damage|p2a: Persian|0 fnt|[from] Recoil\n|faint|p2a: Persian\n|\n|upkeep\n|\n|t:|1783534804\n|switch|p2a: Sableye|Sableye, L88, F|100/100\n|-damage|p2a: Sableye|88/100|[from] Stealth Rock\n|turn|28\n|inactive|Time left: 300 sec this turn | 300 sec total\n|\n|t:|1783534805\n|move|p2a: Sableye|Thunder Wave|p1a: Magmortar\n|-status|p1a: Magmortar|par\n|cant|p1a: Magmortar|par\n|\n|-heal|p2a: Sableye|94/100|[from] item: Leftovers\n|upkeep\n|turn|29\n|inactive|Time left: 300 sec this turn | 300 sec total\n|\n|t:|1783534806\n|move|p2a: Sableye|Encore||[still]\n|-fail|p2a: Sableye\n|move|p1a: Magmortar|Fire Blast|p2a: Sableye\n|-crit|p2a: Sableye\n|-damage|p2a: Sableye|0 fnt\n|faint|p2a: Sableye\n|\n|win|p0x130363a", "uploadtime": 1783534806, "views": 0, "rating": 0, "private": 0, "password": null, "_winner": "p0x130363a", "_our_name": "p0x130363a"}