{"id": "battle-gen9randombattle-1441", "formatid": "gen9randombattle", "format": "[Gen 9] Random Battle", "players": ["p0x144110a8", "p0y14417608"], "log": "|init|battle\n|title|p0x144110a8 vs. p0y14417608\n|j|\u2606p0x144110a8\n|j|\u2606p0y14417608\n|t:|1783556789\n|gametype|singles\n|player|p1|p0x144110a8|101|\n|player|p2|p0y14417608|102|\n|gen|9\n|tier|[Gen 9] Random Battle\n|rule|Species Clause: Limit one of each Pok\u00e9mon\n|rule|HP Percentage Mod: HP is shown in percentages\n|rule|Sleep Clause Mod: Limit one foe put to sleep\n|rule|Illusion Level Mod: Illusion disguises the Pok\u00e9mon's true level\n|\n|t:|1783556789\n|teamsize|p1|6\n|teamsize|p2|6\n|start\n|switch|p1a: Politoed|Politoed, L88, M|302/302\n|switch|p2a: Weezing|Weezing-Galar, L86, F|100/100\n|-weather|RainDance|[from] ability: Drizzle|[of] p1a: Politoed\n|turn|1\n|inactive|Battle timer is ON: inactive players will automatically lose when time's up. (requested by p0y14417608)\n|inactive|Time left: 300 sec this turn | 300 sec total | 60 sec grace\n|inactive|p0x144110a8 also wants the timer to be on.\n|\n|t:|1783556790\n|switch|p2a: Basculin|Basculin-Blue-Striped, L86, M|100/100\n|move|p1a: Politoed|Hydro Pump|p2a: Basculin\n|-resisted|p2a: Basculin\n|-damage|p2a: Basculin|54/100\n|\n|-weather|RainDance|[upkeep]\n|upkeep\n|turn|2\n|inactive|Time left: 300 sec this turn | 300 sec total\n|\n|t:|1783556792\n|move|p2a: Basculin|Wave Crash|p1a: Politoed\n|-resisted|p1a: Politoed\n|-damage|p1a: Politoed|106/302\n|-damage|p2a: Basculin|29/100|[from] Recoil\n|move|p1a: Politoed|Hydro Pump|p2a: Basculin|[miss]\n|-miss|p1a: Politoed|p2a: Basculin\n|\n|-weather|RainDance|[upkeep]\n|-heal|p1a: Politoed|124/302|[from] item: Leftovers\n|upkeep\n|turn|3\n|inactive|Time left: 300 sec this turn | 300 sec total\n|\n|t:|1783556793\n|switch|p1a: Alomomola|Alomomola, L87, F|429/429\n|move|p2a: Basculin|Wave Crash|p1a: Alomomola\n|-resisted|p1a: Alomomola\n|-damage|p1a: Alomomola|222/429\n|-damage|p2a: Basculin|12/100|[from] item: Rocky Helmet|[of] p1a: Alomomola\n|-damage|p2a: Basculin|0 fnt|[from] Recoil\n|faint|p2a: Basculin\n|\n|-weather|RainDance|[upkeep]\n|upkeep\n|\n|t:|1783556794\n|switch|p2a: Exeggutor|Exeggutor-Alola, L89, F|100/100\n|turn|4\n|inactive|Time left: 300 sec this turn | 300 sec total\n|\n|t:|1783556796\n|move|p1a: Alomomola|Flip Turn|p2a: Exeggutor\n|-resisted|p2a: Exeggutor\n|-damage|p2a: Exeggutor|94/100\n|inactive|Time left: 300 sec this turn | 300 sec total | 5 sec grace\n|\n|t:|1783556797\n|switch|p1a: Misdreavus|Misdreavus, L90, M|254/254|[from] Flip Turn\n|move|p2a: Exeggutor|Giga Drain|p1a: Misdreavus\n|-damage|p1a: Misdreavus|185/254\n|-heal|p2a: Exeggutor|100/100|[from] drain|[of] p1a: Misdreavus\n|\n|-weather|RainDance|[upkeep]\n|upkeep\n|turn|5\n|inactive|Time left: 300 sec this turn | 300 sec total\n|\n|t:|1783556798\n|move|p1a: Misdreavus|Calm Mind|p1a: Misdreavus\n|-boost|p1a: Misdreavus|spa|1\n|-boost|p1a: Misdreavus|spd|1\n|move|p2a: Exeggutor|Calm Mind|p2a: Exeggutor\n|-boost|p2a: Exeggutor|spa|1\n|-boost|p2a: Exeggutor|spd|1\n|\n|-weather|none\n|upkeep\n|turn|6\n|inactive|Time left: 300 sec this turn | 300 sec total\n|\n|t:|1783556798\n|move|p1a: Misdreavus|Calm Mind|p1a: Misdreavus\n|-boost|p1a: Misdreavus|spa|1\n|-boost|p1a: Misdreavus|spd|1\n|move|p2a: Exeggutor|Calm Mind|p2a: Exeggutor\n|-boost|p2a: Exeggutor|spa|1\n|-boost|p2a: Exeggutor|spd|1\n|\n|upkeep\n|turn|7\n|inactive|Time left: 300 sec this turn | 300 sec total\n|\n|t:|1783556800\n|move|p1a: Misdreavus|Draining Kiss|p2a: Exeggutor\n|-supereffective|p2a: Exeggutor\n|-damage|p2a: Exeggutor|74/100\n|-heal|p1a: Misdreavus|248/254|[from] drain|[of] p2a: Exeggutor\n|move|p2a: Exeggutor|Giga Drain|p1a: Misdreavus\n|-damage|p1a: Misdreavus|178/254\n|-heal|p2a: Exeggutor|85/100|[from] drain|[of] p1a: Misdreavus\n|\n|upkeep\n|turn|8\n|inactive|Time left: 300 sec this turn | 300 sec total\n|\n|t:|1783556801\n|move|p1a: Misdreavus|Draining Kiss|p2a: Exeggutor\n|-supereffective|p2a: Exeggutor\n|-damage|p2a: Exeggutor|61/100\n|-heal|p1a: Misdreavus|235/254|[from] drain|[of] p2a: Exeggutor\n|move|p2a: Exeggutor|Giga Drain|p1a: Misdreavus\n|-damage|p1a: Misdreavus|171/254\n|-heal|p2a: Exeggutor|71/100|[from] drain|[of] p1a: Misdreavus\n|\n|upkeep\n|turn|9\n|inactive|Time left: 300 sec this turn | 300 sec total\n|\n|t:|1783556802\n|move|p1a: Misdreavus|Calm Mind|p1a: Misdreavus\n|-boost|p1a: Misdreavus|spa|1\n|-boost|p1a: Misdreavus|spd|1\n|move|p2a: Exeggutor|Giga Drain|p1a: Misdreavus\n|-damage|p1a: Misdreavus|119/254\n|-heal|p2a: Exeggutor|79/100|[from] drain|[of] p1a: Misdreavus\n|\n|upkeep\n|turn|10\n|inactive|Time left: 300 sec this turn | 300 sec total\n|\n|t:|1783556803\n|move|p1a: Misdreavus|Draining Kiss|p2a: Exeggutor\n|-supereffective|p2a: Exeggutor\n|-damage|p2a: Exeggutor|50/100\n|-heal|p1a: Misdreavus|187/254|[from] drain|[of] p2a: Exeggutor\n|-enditem|p2a: Exeggutor|Sitrus Berry|[eat]\n|-heal|p2a: Exeggutor|75/100|[from] item: Sitrus Berry\n|move|p2a: Exeggutor|Flamethrower|p1a: Misdreavus\n|-crit|p1a: Misdreavus\n|-damage|p1a: Misdreavus|33/254\n|\n|upkeep\n|turn|11\n|inactive|Time left: 300 sec this turn | 300 sec total\n|\n|t:|1783556804\n|-terastallize|p2a: Exeggutor|Steel\n|move|p1a: Misdreavus|Draining Kiss|p2a: Exeggutor\n|-resisted|p2a: Exeggutor\n|-damage|p2a: Exeggutor|67/100\n|-heal|p1a: Misdreavus|52/254|[from] drain|[of] p2a: Exeggutor\n|move|p2a: Exeggutor|Giga Drain|p1a: Misdreavus\n|-damage|p1a: Misdreavus|0 fnt\n|-heal|p2a: Exeggutor|76/100|[from] drain|[of] p1a: Misdreavus\n|faint|p1a: Misdreavus\n|\n|upkeep\n|inactive|Time left: 300 sec this turn | 300 sec total | 5 sec grace\n|\n|t:|1783556805\n|switch|p1a: Stonjourner|Stonjourner, L91, M|330/330\n|turn|12\n|inactive|Time left: 300 sec this turn | 300 sec total\n|\n|t:|1783556805\n|switch|p2a: Weezing|Weezing-Galar, L86, F|100/100\n|move|p1a: Stonjourner|Earthquake|p2a: Weezing\n|-immune|p2a: Weezing|[from] ability: Levitate\n|\n|upkeep\n|turn|13\n|inactive|Time left: 300 sec this turn | 300 sec total\n|\n|t:|1783556806\n|move|p1a: Stonjourner|Heat Crash|p2a: Weezing\n|-damage|p2a: Weezing|54/100\n|-damage|p1a: Stonjourner|297/330|[from] item: Life Orb\n|move|p2a: Weezing|Will-O-Wisp|p1a: Stonjourner\n|-status|p1a: Stonjourner|brn\n|\n|-heal|p2a: Weezing|60/100|[from] item: Leftovers\n|-damage|p1a: Stonjourner|277/330 brn|[from] brn\n|upkeep\n|turn|14\n|inactive|Time left: 300 sec this turn | 300 sec total\n|\n|t:|1783556807\n|move|p1a: Stonjourner|Stone Edge|p2a: Weezing\n|-damage|p2a: Weezing|31/100\n|-damage|p1a: Stonjourner|244/330 brn|[from] item: Life Orb\n|move|p2a: Weezing|Strange Steam|p1a: Stonjourner\n|-damage|p1a: Stonjourner|58/330 brn\n|\n|-heal|p2a: Weezing|37/100|[from] item: Leftovers\n|-damage|p1a: Stonjourner|38/330 brn|[from] brn\n|upkeep\n|turn|15\n|inactive|Time left: 300 sec this turn | 300 sec total\n|\n|t:|1783556808\n|move|p1a: Stonjourner|Stone Edge|p2a: Weezing\n|-damage|p2a: Weezing|6/100\n|-damage|p1a: Stonjourner|5/330 brn|[from] item: Life Orb\n|move|p2a: Weezing|Gunk Shot|p1a: Stonjourner\n|-resisted|p1a: Stonjourner\n|-damage|p1a: Stonjourner|0 fnt\n|faint|p1a: Stonjourner\n|\n|-heal|p2a: Weezing|12/100|[from] item: Leftovers\n|upkeep\n|inactive|Time left: 300 sec this turn | 300 sec total | 5 sec grace\n|\n|t:|1783556809\n|switch|p1a: Politoed|Politoed, L88, M|124/302\n|-weather|RainDance|[from] ability: Drizzle|[of] p1a: Politoed\n|turn|16\n|inactive|Time left: 300 sec this turn | 300 sec total\n|\n|t:|1783556810\n|move|p1a: Politoed|Ice Beam|p2a: Weezing\n|-damage|p2a: Weezing|0 fnt\n|faint|p2a: Weezing\n|\n|-weather|RainDance|[upkeep]\n|-heal|p1a: Politoed|142/302|[from] item: Leftovers\n|upkeep\n|\n|t:|1783556810\n|switch|p2a: Iron Valiant|Iron Valiant, L78|100/100\n|turn|17\n|inactive|Time left: 300 sec this turn | 300 sec total\n|\n|t:|1783556811\n|switch|p1a: Alomomola|Alomomola, L87, F|365/429\n|move|p2a: Iron Valiant|Close Combat|p1a: Alomomola\n|-damage|p1a: Alomomola|192/429\n|-unboost|p2a: Iron Valiant|def|1\n|-unboost|p2a: Iron Valiant|spd|1\n|-damage|p2a: Iron Valiant|84/100|[from] item: Rocky Helmet|[of] p1a: Alomomola\n|-damage|p2a: Iron Valiant|74/100|[from] item: Life Orb\n|\n|-weather|RainDance|[upkeep]\n|upkeep\n|turn|18\n|inactive|Time left: 300 sec this turn | 300 sec total\n|\n|t:|1783556812\n|move|p2a: Iron Valiant|Moonblast|p1a: Alomomola\n|-damage|p1a: Alomomola|0 fnt\n|faint|p1a: Alomomola\n|-damage|p2a: Iron Valiant|64/100|[from] item: Life Orb\n|\n|-weather|RainDance|[upkeep]\n|upkeep\n|inactive|Time left: 300 sec this turn | 300 sec total | 5 sec grace\n|\n|t:|1783556813\n|switch|p1a: Cinderace|Cinderace, L77, F|249/249\n|turn|19\n|inactive|Time left: 300 sec this turn | 300 sec total\n|\n|t:|1783556814\n|move|p1a: Cinderace|Gunk Shot|p2a: Iron Valiant|[miss]\n|-start|p1a: Cinderace|typechange|Poison|[from] ability: Libero\n|-miss|p1a: Cinderace|p2a: Iron Valiant\n|move|p2a: Iron Valiant|Close Combat|p1a: Cinderace\n|-resisted|p1a: Cinderace\n|-damage|p1a: Cinderace|141/249\n|-unboost|p2a: Iron Valiant|def|1\n|-unboost|p2a: Iron Valiant|spd|1\n|-damage|p2a: Iron Valiant|55/100|[from] item: Life Orb\n|\n|-weather|RainDance|[upkeep]\n|upkeep\n|turn|20\n|inactive|Time left: 300 sec this turn | 300 sec total\n|\n|t:|1783556815\n|-end|p2a: Iron Valiant|Quark Drive|[silent]\n|switch|p2a: Forretress|Forretress, L84, F|100/100\n|move|p1a: Cinderace|Gunk Shot|p2a: Forretress\n|-immune|p2a: Forretress\n|\n|-weather|none\n|upkeep\n|turn|21\n|inactive|Time left: 300 sec this turn | 300 sec total\n|\n|t:|1783556815\n|move|p1a: Cinderace|Pyro Ball|p2a: Forretress\n|-supereffective|p2a: Forretress\n|-damage|p2a: Forretress|8/100\n|move|p2a: Forretress|Iron Head|p1a: Cinderace\n|-damage|p1a: Cinderace|41/249\n|\n|-heal|p2a: Forretress|14/100|[from] item: Leftovers\n|upkeep\n|turn|22\n|inactive|Time left: 300 sec this turn | 300 sec total\n|\n|t:|1783556817\n|switch|p2a: Regirock|Regirock, L83|100/100\n|move|p1a: Cinderace|Pyro Ball|p2a: Regirock\n|-resisted|p2a: Regirock\n|-damage|p2a: Regirock|93/100\n|\n|upkeep\n|turn|23\n|inactive|Time left: 300 sec this turn | 300 sec total\n|\n|t:|1783556818\n|switch|p1a: Politoed|Politoed, L88, M|142/302\n|-weather|RainDance|[from] ability: Drizzle|[of] p1a: Politoed\n|move|p2a: Regirock|Body Press|p1a: Politoed\n|-damage|p1a: Politoed|29/302\n|\n|-weather|RainDance|[upkeep]\n|-heal|p1a: Politoed|47/302|[from] item: Leftovers\n|upkeep\n|turn|24\n|inactive|Time left: 300 sec this turn | 300 sec total\n|\n|t:|1783556819\n|switch|p2a: Forretress|Forretress, L84, F|14/100\n|move|p1a: Politoed|Hydro Pump|p2a: Forretress\n|-damage|p2a: Forretress|0 fnt\n|faint|p2a: Forretress\n|\n|-weather|RainDance|[upkeep]\n|-heal|p1a: Politoed|65/302|[from] item: Leftovers\n|upkeep\n|\n|t:|1783556820\n|switch|p2a: Iron Valiant|Iron Valiant, L78|55/100\n|turn|25\n|inactive|Time left: 300 sec this turn | 300 sec total\n|\n|t:|1783556821\n|switch|p1a: Rotom|Rotom-Heat, L83|219/219\n|move|p2a: Iron Valiant|Close Combat|p1a: Rotom\n|-damage|p1a: Rotom|63/219\n|-unboost|p2a: Iron Valiant|def|1\n|-unboost|p2a: Iron Valiant|spd|1\n|-damage|p2a: Iron Valiant|45/100|[from] item: Life Orb\n|\n|-weather|RainDance|[upkeep]\n|upkeep\n|turn|26\n|inactive|Time left: 300 sec this turn | 300 sec total\n|\n|t:|1783556822\n|move|p2a: Iron Valiant|Close Combat|p1a: Rotom\n|-damage|p1a: Rotom|0 fnt\n|-unboost|p2a: Iron Valiant|def|1\n|-unboost|p2a: Iron Valiant|spd|1\n|faint|p1a: Rotom\n|-damage|p2a: Iron Valiant|35/100|[from] item: Life Orb\n|\n|-weather|RainDance|[upkeep]\n|upkeep\n|inactive|Time left: 300 sec this turn | 300 sec total | 5 sec grace\n|\n|t:|1783556823\n|switch|p1a: Cinderace|Cinderace, L77, F|41/249\n|turn|27\n|inactive|Time left: 300 sec this turn | 300 sec total\n|\n|t:|1783556824\n|-end|p2a: Iron Valiant|Quark Drive|[silent]\n|switch|p2a: Regirock|Regirock, L83|93/100\n|move|p1a: Cinderace|High Jump Kick|p2a: Regirock\n|-start|p1a: Cinderace|typechange|Fighting|[from] ability: Libero\n|-supereffective|p2a: Regirock\n|-damage|p2a: Regirock|45/100\n|\n|-weather|none\n|upkeep\n|turn|28\n|inactive|Time left: 300 sec this turn | 300 sec total\n|\n|t:|1783556825\n|switch|p2a: Iron Valiant|Iron Valiant, L78|35/100\n|move|p1a: Cinderace|High Jump Kick|p2a: Iron Valiant\n|-resisted|p2a: Iron Valiant\n|-damage|p2a: Iron Valiant|4/100\n|\n|upkeep\n|turn|29\n|inactive|Time left: 300 sec this turn | 300 sec total\n|\n|t:|1783556826\n|move|p1a: Cinderace|High Jump Kick|p2a: Iron Valiant\n|-resisted|p2a: Iron Valiant\n|-damage|p2a: Iron Valiant|0 fnt\n|faint|p2a: Iron Valiant\n|-end|p2a: Iron Valiant|Quark Drive|[silent]\n|\n|upkeep\n|\n|t:|1783556827\n|switch|p2a: Exeggutor|Exeggutor-Alola, L89, F, tera:Steel|76/100\n|turn|30\n|inactive|Time left: 300 sec this turn | 300 sec total\n|\n|t:|1783556828\n|switch|p2a: Regirock|Regirock, L83|45/100\n|-terastallize|p1a: Cinderace|Fighting\n|move|p1a: Cinderace|High Jump Kick|p2a: Regirock\n|-supereffective|p2a: Regirock\n|-damage|p2a: Regirock|0 fnt\n|faint|p2a: Regirock\n|\n|upkeep\n|\n|t:|1783556829\n|switch|p2a: Exeggutor|Exeggutor-Alola, L89, F, tera:Steel|76/100\n|turn|31\n|inactive|Time left: 300 sec this turn | 300 sec total\n|\n|t:|1783556830\n|move|p1a: Cinderace|High Jump Kick|p2a: Exeggutor\n|-supereffective|p2a: Exeggutor\n|-damage|p2a: Exeggutor|0 fnt\n|faint|p2a: Exeggutor\n|\n|win|p0x144110a8", "uploadtime": 1783556830, "views": 0, "rating": 0, "private": 0, "password": null, "_winner": "p0x144110a8", "_our_name": "p0x144110a8"}