{"id": "battle-gen9randombattle-428", "formatid": "gen9randombattle", "format": "[Gen 9] Random Battle", "players": ["p0x428553c", "p0y42831bd"], "log": "|init|battle\n|title|p0x428553c vs. p0y42831bd\n|j|\u2606p0x428553c\n|j|\u2606p0y42831bd\n|t:|1783544685\n|gametype|singles\n|player|p1|p0x428553c|2|\n|player|p2|p0y42831bd|169|\n|gen|9\n|tier|[Gen 9] Random Battle\n|rule|Species Clause: Limit one of each Pok\u00e9mon\n|rule|HP Percentage Mod: HP is shown in percentages\n|rule|Sleep Clause Mod: Limit one foe put to sleep\n|rule|Illusion Level Mod: Illusion disguises the Pok\u00e9mon's true level\n|\n|t:|1783544685\n|teamsize|p1|6\n|teamsize|p2|6\n|start\n|switch|p1a: Raichu|Raichu, L88, F|249/249\n|switch|p2a: Chi-Yu|Chi-Yu, L77|100/100\n|-ability|p2a: Chi-Yu|Beads of Ruin\n|turn|1\n|inactive|Battle timer is ON: inactive players will automatically lose when time's up. (requested by p0x428553c)\n|\n|t:|1783544687\n|move|p1a: Raichu|Thunderbolt|p2a: Chi-Yu\n|-crit|p2a: Chi-Yu\n|-damage|p2a: Chi-Yu|21/100\n|-damage|p1a: Raichu|225/249|[from] item: Life Orb\n|move|p2a: Chi-Yu|Fire Blast|p1a: Raichu\n|-damage|p1a: Raichu|54/249\n|\n|upkeep\n|turn|2\n|inactive|Time left: 300 sec this turn | 300 sec total | 60 sec grace\n|inactive|p0y42831bd also wants the timer to be on.\n|\n|t:|1783544690\n|switch|p2a: Ogerpon|Ogerpon-Cornerstone, L76, F|100/100\n|move|p1a: Raichu|Thunderbolt|p2a: Ogerpon\n|-resisted|p2a: Ogerpon\n|-damage|p2a: Ogerpon|75/100\n|-damage|p1a: Raichu|30/249|[from] item: Life Orb\n|\n|upkeep\n|turn|3\n|inactive|Time left: 300 sec this turn | 300 sec total\n|\n|t:|1783544691\n|switch|p1a: Heracross|Heracross, L80, M|259/259\n|move|p2a: Ogerpon|Ivy Cudgel|p1a: Heracross|[anim] Ivy Cudgel Rock\n|-damage|p1a: Heracross|114/259\n|\n|-status|p1a: Heracross|brn|[from] item: Flame Orb\n|upkeep\n|turn|4\n|inactive|Time left: 300 sec this turn | 300 sec total\n|\n|t:|1783544692\n|switch|p1a: Raichu|Raichu, L88, F|30/249\n|move|p2a: Ogerpon|Ivy Cudgel|p1a: Raichu|[anim] Ivy Cudgel Rock\n|-damage|p1a: Raichu|0 fnt\n|faint|p1a: Raichu\n|\n|upkeep\n|inactive|Time left: 300 sec this turn | 300 sec total | 5 sec grace\n|\n|t:|1783544693\n|switch|p1a: Beartic|Beartic, L91, M|321/321\n|turn|5\n|inactive|Time left: 300 sec this turn | 300 sec total\n|\n|t:|1783544694\n|-terastallize|p1a: Beartic|Fighting\n|move|p2a: Ogerpon|Ivy Cudgel|p1a: Beartic|[anim] Ivy Cudgel Rock\n|-resisted|p1a: Beartic\n|-damage|p1a: Beartic|258/321\n|move|p1a: Beartic|Icicle Crash|p2a: Ogerpon|[miss]\n|-miss|p1a: Beartic|p2a: Ogerpon\n|\n|upkeep\n|turn|6\n|inactive|Time left: 300 sec this turn | 300 sec total\n|\n|t:|1783544695\n|switch|p2a: Chi-Yu|Chi-Yu, L77|21/100\n|-ability|p2a: Chi-Yu|Beads of Ruin\n|move|p1a: Beartic|Icicle Crash|p2a: Chi-Yu\n|-resisted|p2a: Chi-Yu\n|-damage|p2a: Chi-Yu|0 fnt\n|faint|p2a: Chi-Yu\n|\n|upkeep\n|\n|t:|1783544697\n|switch|p2a: Azelf|Azelf, L82|100/100\n|turn|7\n|inactive|Time left: 300 sec this turn | 300 sec total\n|\n|t:|1783544698\n|move|p2a: Azelf|Psychic|p1a: Beartic\n|-supereffective|p1a: Beartic\n|-damage|p1a: Beartic|0 fnt\n|faint|p1a: Beartic\n|-damage|p2a: Azelf|91/100|[from] item: Life Orb\n|\n|upkeep\n|inactive|Time left: 300 sec this turn | 300 sec total | 5 sec grace\n|\n|t:|1783544699\n|switch|p1a: Articuno|Articuno-Galar, L84|288/288\n|turn|8\n|inactive|Time left: 300 sec this turn | 300 sec total\n|\n|t:|1783544700\n|move|p2a: Azelf|Nasty Plot|p2a: Azelf\n|-boost|p2a: Azelf|spa|2\n|move|p1a: Articuno|Calm Mind|p1a: Articuno\n|-boost|p1a: Articuno|spa|1\n|-boost|p1a: Articuno|spd|1\n|\n|upkeep\n|turn|9\n|inactive|Time left: 300 sec this turn | 300 sec total\n|\n|t:|1783544701\n|move|p2a: Azelf|Fire Blast|p1a: Articuno\n|-damage|p1a: Articuno|142/288\n|-damage|p2a: Azelf|81/100|[from] item: Life Orb\n|move|p1a: Articuno|Hurricane|p2a: Azelf|[miss]\n|-miss|p1a: Articuno|p2a: Azelf\n|\n|upkeep\n|turn|10\n|inactive|Time left: 300 sec this turn | 300 sec total\n|\n|t:|1783544703\n|-terastallize|p2a: Azelf|Fire\n|move|p2a: Azelf|Fire Blast|p1a: Articuno\n|-damage|p1a: Articuno|0 fnt\n|faint|p1a: Articuno\n|-damage|p2a: Azelf|71/100|[from] item: Life Orb\n|\n|upkeep\n|inactive|Time left: 300 sec this turn | 300 sec total | 5 sec grace\n|\n|t:|1783544704\n|switch|p1a: Cetitan|Cetitan, L82, F|412/412\n|turn|11\n|inactive|Time left: 300 sec this turn | 300 sec total\n|\n|t:|1783544705\n|move|p2a: Azelf|Fire Blast|p1a: Cetitan\n|-supereffective|p1a: Cetitan\n|-crit|p1a: Cetitan\n|-damage|p1a: Cetitan|0 fnt\n|faint|p1a: Cetitan\n|-damage|p2a: Azelf|62/100|[from] item: Life Orb\n|\n|upkeep\n|inactive|Time left: 300 sec this turn | 300 sec total | 5 sec grace\n|\n|t:|1783544706\n|switch|p1a: Heracross|Heracross, L80, M|114/259 brn\n|turn|12\n|inactive|Time left: 300 sec this turn | 300 sec total\n|\n|t:|1783544707\n|switch|p1a: Bellibolt|Bellibolt, L84, F|320/320\n|move|p2a: Azelf|Psychic|p1a: Bellibolt\n|-damage|p1a: Bellibolt|20/320\n|-start|p1a: Bellibolt|Charge|Psychic|[from] ability: Electromorphosis\n|-damage|p2a: Azelf|52/100|[from] item: Life Orb\n|\n|-heal|p1a: Bellibolt|40/320|[from] item: Leftovers\n|upkeep\n|turn|13\n|inactive|Time left: 300 sec this turn | 300 sec total\n|\n|t:|1783544708\n|move|p2a: Azelf|Dazzling Gleam|p1a: Bellibolt\n|-damage|p1a: Bellibolt|0 fnt\n|faint|p1a: Bellibolt\n|-damage|p2a: Azelf|42/100|[from] item: Life Orb\n|\n|upkeep\n|inactive|Time left: 300 sec this turn | 300 sec total | 5 sec grace\n|\n|t:|1783544710\n|switch|p1a: Heracross|Heracross, L80, M|114/259 brn\n|turn|14\n|inactive|Time left: 300 sec this turn | 300 sec total\n|\n|t:|1783544711\n|move|p2a: Azelf|Dazzling Gleam|p1a: Heracross\n|-supereffective|p1a: Heracross\n|-damage|p1a: Heracross|0 fnt\n|faint|p1a: Heracross\n|-damage|p2a: Azelf|32/100|[from] item: Life Orb\n|\n|win|p0y42831bd", "uploadtime": 1783544711, "views": 0, "rating": 0, "private": 0, "password": null, "_winner": "p0y42831bd", "_our_name": "p0x428553c"}