{"id": "battle-gen9randombattle-1988", "formatid": "gen9randombattle", "format": "[Gen 9] Random Battle", "players": ["p0x198844eb", "p0y19885f05"], "log": "|init|battle\n|title|p0x198844eb vs. p0y19885f05\n|j|\u2606p0x198844eb\n|j|\u2606p0y19885f05\n|t:|1783562253\n|gametype|singles\n|player|p1|p0x198844eb|265|\n|player|p2|p0y19885f05|1|\n|gen|9\n|tier|[Gen 9] Random Battle\n|rule|Species Clause: Limit one of each Pok\u00e9mon\n|rule|HP Percentage Mod: HP is shown in percentages\n|rule|Sleep Clause Mod: Limit one foe put to sleep\n|rule|Illusion Level Mod: Illusion disguises the Pok\u00e9mon's true level\n|\n|t:|1783562253\n|teamsize|p1|6\n|teamsize|p2|6\n|start\n|switch|p1a: Cetitan|Cetitan, L82, F|100/100\n|switch|p2a: Basculegion|Basculegion, L80, M|323/323\n|turn|1\n|inactive|Battle timer is ON: inactive players will automatically lose when time's up. (requested by p0y19885f05)\n|inactive|p0x198844eb also wants the timer to be on.\n|\n|t:|1783562254\n|move|p2a: Basculegion|Flip Turn|p1a: Cetitan\n|-damage|p1a: Cetitan|75/100\n|inactive|Time left: 300 sec this turn | 300 sec total | 65 sec grace\n|\n|t:|1783562255\n|switch|p2a: Glastrier|Glastrier, L86|311/311|[from] Flip Turn\n|move|p1a: Cetitan|Icicle Crash|p2a: Glastrier\n|-resisted|p2a: Glastrier\n|-damage|p2a: Glastrier|256/311\n|\n|upkeep\n|turn|2\n|inactive|Time left: 300 sec this turn | 300 sec total\n|\n|t:|1783562256\n|move|p1a: Cetitan|Icicle Crash|p2a: Glastrier\n|-resisted|p2a: Glastrier\n|-crit|p2a: Glastrier\n|-damage|p2a: Glastrier|166/311\n|move|p2a: Glastrier|Close Combat|p1a: Cetitan\n|-supereffective|p1a: Cetitan\n|-damage|p1a: Cetitan|0 fnt\n|-unboost|p2a: Glastrier|def|1\n|-unboost|p2a: Glastrier|spd|1\n|faint|p1a: Cetitan\n|-ability|p2a: Glastrier|Chilling Neigh|boost\n|-boost|p2a: Glastrier|atk|1\n|\n|upkeep\n|\n|t:|1783562257\n|switch|p1a: Rampardos|Rampardos, L90, M|100/100\n|turn|3\n|inactive|Time left: 300 sec this turn | 300 sec total\n|\n|t:|1783562259\n|switch|p2a: Oricorio|Oricorio, L84, F|263/263\n|-terastallize|p1a: Rampardos|Ground\n|move|p1a: Rampardos|Earthquake|p2a: Oricorio\n|-immune|p2a: Oricorio\n|\n|upkeep\n|turn|4\n|inactive|Time left: 300 sec this turn | 300 sec total\n|\n|t:|1783562260\n|switch|p1a: Zangoose|Zangoose, L85, F|100/100\n|move|p2a: Oricorio|Quiver Dance|p2a: Oricorio\n|-boost|p2a: Oricorio|spa|1\n|-boost|p2a: Oricorio|spd|1\n|-boost|p2a: Oricorio|spe|1\n|\n|-status|p1a: Zangoose|tox|[from] item: Toxic Orb\n|upkeep\n|turn|5\n|inactive|Time left: 300 sec this turn | 300 sec total\n|\n|t:|1783562261\n|move|p2a: Oricorio|Hurricane|p1a: Zangoose\n|-damage|p1a: Zangoose|8/100 tox\n|move|p1a: Zangoose|Facade|p2a: Oricorio\n|-damage|p2a: Oricorio|0 fnt\n|faint|p2a: Oricorio\n|\n|-damage|p1a: Zangoose|2/100 tox|[from] psn\n|upkeep\n|inactive|Time left: 300 sec this turn | 300 sec total | 5 sec grace\n|\n|t:|1783562261\n|switch|p2a: Roaring Moon|Roaring Moon, L72|270/270\n|-enditem|p2a: Roaring Moon|Booster Energy\n|-activate|p2a: Roaring Moon|ability: Protosynthesis|[fromitem]\n|-start|p2a: Roaring Moon|protosynthesisatk\n|turn|6\n|inactive|Time left: 300 sec this turn | 300 sec total\n|\n|t:|1783562262\n|move|p2a: Roaring Moon|Knock Off|p1a: Zangoose\n|-damage|p1a: Zangoose|0 fnt\n|-enditem|p1a: Zangoose|Toxic Orb|[from] move: Knock Off|[of] p2a: Roaring Moon\n|faint|p1a: Zangoose\n|\n|upkeep\n|\n|t:|1783562263\n|switch|p1a: Rampardos|Rampardos, L90, M, tera:Ground|100/100\n|turn|7\n|inactive|Time left: 300 sec this turn | 300 sec total\n|\n|t:|1783562264\n|move|p1a: Rampardos|Head Smash|p2a: Roaring Moon\n|-crit|p2a: Roaring Moon\n|-damage|p2a: Roaring Moon|0 fnt\n|faint|p2a: Roaring Moon\n|-end|p2a: Roaring Moon|Protosynthesis|[silent]\n|-damage|p1a: Rampardos|58/100|[from] Recoil\n|\n|upkeep\n|inactive|Time left: 300 sec this turn | 300 sec total | 5 sec grace\n|\n|t:|1783562265\n|switch|p2a: Glastrier|Glastrier, L86|166/311\n|turn|8\n|inactive|Time left: 300 sec this turn | 300 sec total\n|\n|t:|1783562266\n|-terastallize|p2a: Glastrier|Steel\n|move|p1a: Rampardos|Head Smash|p2a: Glastrier|[miss]\n|-miss|p1a: Rampardos|p2a: Glastrier\n|move|p2a: Glastrier|Icicle Crash|p1a: Rampardos\n|-supereffective|p1a: Rampardos\n|-damage|p1a: Rampardos|0 fnt\n|faint|p1a: Rampardos\n|-ability|p2a: Glastrier|Chilling Neigh|boost\n|-boost|p2a: Glastrier|atk|1\n|\n|upkeep\n|\n|t:|1783562266\n|switch|p1a: Thundurus|Thundurus, L80, M|100/100\n|turn|9\n|inactive|Time left: 300 sec this turn | 300 sec total\n|\n|t:|1783562267\n|move|p1a: Thundurus|Focus Blast|p2a: Glastrier\n|-supereffective|p2a: Glastrier\n|-damage|p2a: Glastrier|6/311\n|move|p2a: Glastrier|Icicle Crash|p1a: Thundurus\n|-supereffective|p1a: Thundurus\n|-damage|p1a: Thundurus|0 fnt\n|faint|p1a: Thundurus\n|-ability|p2a: Glastrier|Chilling Neigh|boost\n|-boost|p2a: Glastrier|atk|1\n|\n|upkeep\n|\n|t:|1783562268\n|switch|p1a: Hypno|Hypno, L95, M|100/100\n|turn|10\n|inactive|Time left: 300 sec this turn | 300 sec total\n|\n|t:|1783562269\n|switch|p2a: Flareon|Flareon, L90, F|263/263\n|move|p1a: Hypno|Knock Off|p2a: Flareon\n|-damage|p2a: Flareon|170/263\n|-enditem|p2a: Flareon|Toxic Orb|[from] move: Knock Off|[of] p1a: Hypno\n|\n|upkeep\n|turn|11\n|inactive|Time left: 300 sec this turn | 300 sec total\n|\n|t:|1783562270\n|move|p1a: Hypno|Psychic Noise|p2a: Flareon\n|-damage|p2a: Flareon|103/263\n|-start|p2a: Flareon|move: Heal Block\n|move|p2a: Flareon|Flare Blitz|p1a: Hypno\n|-damage|p1a: Hypno|34/100\n|-damage|p2a: Flareon|34/263|[from] Recoil\n|\n|-heal|p1a: Hypno|40/100|[from] item: Leftovers\n|upkeep\n|turn|12\n|inactive|Time left: 300 sec this turn | 300 sec total\n|\n|t:|1783562271\n|move|p1a: Hypno|Knock Off|p2a: Flareon\n|-damage|p2a: Flareon|0 fnt\n|faint|p2a: Flareon\n|\n|-heal|p1a: Hypno|46/100|[from] item: Leftovers\n|upkeep\n|inactive|Time left: 300 sec this turn | 300 sec total | 5 sec grace\n|\n|t:|1783562272\n|switch|p2a: Basculegion|Basculegion, L80, M|323/323\n|turn|13\n|inactive|Time left: 300 sec this turn | 300 sec total\n|\n|t:|1783562273\n|move|p1a: Hypno|Knock Off|p2a: Basculegion\n|-supereffective|p2a: Basculegion\n|-damage|p2a: Basculegion|149/323\n|-enditem|p2a: Basculegion|Assault Vest|[from] move: Knock Off|[of] p1a: Hypno\n|move|p2a: Basculegion|Wave Crash|p1a: Hypno\n|-damage|p1a: Hypno|0 fnt\n|faint|p1a: Hypno\n|-damage|p2a: Basculegion|102/323|[from] Recoil\n|\n|upkeep\n|\n|t:|1783562274\n|switch|p1a: Noctowl|Noctowl, L95, M|100/100\n|turn|14\n|inactive|Time left: 300 sec this turn | 300 sec total\n|\n|t:|1783562275\n|move|p1a: Noctowl|Hurricane|p2a: Basculegion\n|-damage|p2a: Basculegion|0 fnt\n|faint|p2a: Basculegion\n|\n|upkeep\n|inactive|Time left: 300 sec this turn | 300 sec total | 5 sec grace\n|\n|t:|1783562276\n|switch|p2a: Phione|Phione, L91|293/293\n|turn|15\n|inactive|Time left: 300 sec this turn | 300 sec total\n|\n|t:|1783562277\n|move|p2a: Phione|Scald|p1a: Noctowl\n|-damage|p1a: Noctowl|81/100\n|move|p1a: Noctowl|Nasty Plot|p1a: Noctowl\n|-boost|p1a: Noctowl|spa|2\n|\n|upkeep\n|turn|16\n|inactive|Time left: 300 sec this turn | 300 sec total\n|\n|t:|1783562278\n|move|p2a: Phione|Scald|p1a: Noctowl\n|-damage|p1a: Noctowl|59/100\n|-status|p1a: Noctowl|brn\n|move|p1a: Noctowl|Hyper Voice|p2a: Phione\n|-damage|p2a: Phione|73/293\n|\n|-heal|p2a: Phione|91/293|[from] item: Leftovers\n|-damage|p1a: Noctowl|53/100 brn|[from] brn\n|upkeep\n|turn|17\n|inactive|Time left: 300 sec this turn | 300 sec total\n|\n|t:|1783562279\n|move|p2a: Phione|Rest|p2a: Phione\n|-status|p2a: Phione|slp|[from] move: Rest\n|-heal|p2a: Phione|293/293 slp|[silent]\n|move|p1a: Noctowl|Hyper Voice|p2a: Phione\n|-damage|p2a: Phione|68/293 slp\n|\n|-heal|p2a: Phione|86/293 slp|[from] item: Leftovers\n|-damage|p1a: Noctowl|47/100 brn|[from] brn\n|upkeep\n|turn|18\n|inactive|Time left: 300 sec this turn | 300 sec total\n|\n|t:|1783562280\n|cant|p2a: Phione|slp\n|move|p2a: Phione|Sleep Talk|p2a: Phione\n|move|p2a: Phione|Scald|p1a: Noctowl|[from] move: Sleep Talk\n|-damage|p1a: Noctowl|24/100 brn\n|move|p1a: Noctowl|Hyper Voice|p2a: Phione\n|-damage|p2a: Phione|0 fnt\n|faint|p2a: Phione\n|\n|-damage|p1a: Noctowl|18/100 brn|[from] brn\n|upkeep\n|inactive|Time left: 300 sec this turn | 300 sec total | 5 sec grace\n|\n|t:|1783562281\n|switch|p2a: Glastrier|Glastrier, L86, tera:Steel|6/311\n|turn|19\n|inactive|Time left: 300 sec this turn | 300 sec total\n|\n|t:|1783562282\n|move|p1a: Noctowl|Hyper Voice|p2a: Glastrier\n|-resisted|p2a: Glastrier\n|-damage|p2a: Glastrier|0 fnt\n|faint|p2a: Glastrier\n|\n|win|p0x198844eb", "uploadtime": 1783562282, "views": 0, "rating": 0, "private": 0, "password": null, "_winner": "p0x198844eb", "_our_name": "p0y19885f05"}