{"id": "battle-gen9randombattle-1017", "formatid": "gen9randombattle", "format": "[Gen 9] Random Battle", "players": ["p0x1017fc75", "p0y1017e2d1"], "log": "|init|battle\n|title|p0x1017fc75 vs. p0y1017e2d1\n|j|\u2606p0x1017fc75\n|j|\u2606p0y1017e2d1\n|t:|1783550991\n|gametype|singles\n|player|p1|p0x1017fc75|169|\n|player|p2|p0y1017e2d1|102|\n|gen|9\n|tier|[Gen 9] Random Battle\n|rule|Species Clause: Limit one of each Pok\u00e9mon\n|rule|HP Percentage Mod: HP is shown in percentages\n|rule|Sleep Clause Mod: Limit one foe put to sleep\n|rule|Illusion Level Mod: Illusion disguises the Pok\u00e9mon's true level\n|\n|t:|1783550991\n|teamsize|p1|6\n|teamsize|p2|6\n|start\n|switch|p1a: Eelektross|Eelektross, L87, M|100/100\n|switch|p2a: Staraptor|Staraptor, L79, F|263/263\n|turn|1\n|inactive|Battle timer is ON: inactive players will automatically lose when time's up. (requested by p0y1017e2d1)\n|inactive|p0x1017fc75 also wants the timer to be on.\n|\n|t:|1783550993\n|move|p2a: Staraptor|Double-Edge|p1a: Eelektross\n|-damage|p1a: Eelektross|10/100\n|-damage|p2a: Staraptor|177/263|[from] Recoil\n|move|p1a: Eelektross|Supercell Slam|p2a: Staraptor\n|-supereffective|p2a: Staraptor\n|-damage|p2a: Staraptor|0 fnt\n|faint|p2a: Staraptor\n|\n|-heal|p1a: Eelektross|16/100|[from] item: Leftovers\n|upkeep\n|inactive|Time left: 300 sec this turn | 300 sec total | 65 sec grace\n|\n|t:|1783550994\n|switch|p2a: Venomoth|Venomoth, L84, M|255/255\n|turn|2\n|inactive|Time left: 300 sec this turn | 300 sec total\n|\n|t:|1783550995\n|move|p2a: Venomoth|Quiver Dance|p2a: Venomoth\n|-boost|p2a: Venomoth|spa|1\n|-boost|p2a: Venomoth|spd|1\n|-boost|p2a: Venomoth|spe|1\n|move|p1a: Eelektross|Supercell Slam|p2a: Venomoth\n|-damage|p2a: Venomoth|89/255\n|\n|-heal|p1a: Eelektross|23/100|[from] item: Leftovers\n|upkeep\n|turn|3\n|inactive|Time left: 300 sec this turn | 300 sec total\n|\n|t:|1783550996\n|move|p2a: Venomoth|Sludge Wave|p1a: Eelektross\n|-damage|p1a: Eelektross|0 fnt\n|faint|p1a: Eelektross\n|\n|upkeep\n|\n|t:|1783550997\n|switch|p1a: Basculin|Basculin, L86, M|100/100\n|turn|4\n|inactive|Time left: 300 sec this turn | 300 sec total\n|\n|t:|1783550999\n|move|p1a: Basculin|Aqua Jet|p2a: Venomoth\n|-damage|p2a: Venomoth|0 fnt\n|faint|p2a: Venomoth\n|\n|upkeep\n|inactive|Time left: 300 sec this turn | 300 sec total | 5 sec grace\n|\n|t:|1783551000\n|switch|p2a: Ursaring|Ursaring, L84, F|288/288\n|turn|5\n|inactive|Time left: 300 sec this turn | 300 sec total\n|\n|t:|1783551001\n|switch|p1a: Yanmega|Yanmega, L82, F|100/100\n|move|p2a: Ursaring|Swords Dance|p2a: Ursaring\n|-boost|p2a: Ursaring|atk|2\n|\n|-status|p2a: Ursaring|tox|[from] item: Toxic Orb\n|upkeep\n|turn|6\n|inactive|Time left: 300 sec this turn | 300 sec total\n|\n|t:|1783551002\n|move|p1a: Yanmega|Protect|p1a: Yanmega\n|-singleturn|p1a: Yanmega|Protect\n|move|p2a: Ursaring|Facade|p1a: Yanmega\n|-activate|p1a: Yanmega|move: Protect\n|\n|-damage|p2a: Ursaring|270/288 tox|[from] psn\n|-ability|p1a: Yanmega|Speed Boost|boost\n|-boost|p1a: Yanmega|spe|1\n|upkeep\n|turn|7\n|inactive|Time left: 300 sec this turn | 300 sec total\n|\n|t:|1783551003\n|move|p1a: Yanmega|Air Slash|p2a: Ursaring\n|-damage|p2a: Ursaring|179/288 tox\n|move|p2a: Ursaring|Facade|p1a: Yanmega\n|-damage|p1a: Yanmega|0 fnt\n|faint|p1a: Yanmega\n|\n|-damage|p2a: Ursaring|143/288 tox|[from] psn\n|upkeep\n|\n|t:|1783551004\n|switch|p1a: Basculin|Basculin, L86, M|100/100\n|turn|8\n|inactive|Time left: 300 sec this turn | 300 sec total\n|\n|t:|1783551005\n|switch|p2a: Dragapult|Dragapult, L77, M|262/262\n|move|p1a: Basculin|Wave Crash|p2a: Dragapult\n|-resisted|p2a: Dragapult\n|-damage|p2a: Dragapult|104/262\n|-damage|p1a: Basculin|81/100|[from] Recoil\n|\n|upkeep\n|turn|9\n|inactive|Time left: 300 sec this turn | 300 sec total\n|\n|t:|1783551006\n|move|p2a: Dragapult|Draco Meteor|p1a: Basculin|[miss]\n|-miss|p2a: Dragapult|p1a: Basculin\n|move|p1a: Basculin|Wave Crash|p2a: Dragapult\n|-resisted|p2a: Dragapult\n|-damage|p2a: Dragapult|0 fnt\n|faint|p2a: Dragapult\n|-damage|p1a: Basculin|68/100|[from] Recoil\n|\n|upkeep\n|inactive|Time left: 300 sec this turn | 300 sec total | 5 sec grace\n|\n|t:|1783551007\n|switch|p2a: Toedscruel|Toedscruel, L87, F|281/281\n|turn|10\n|inactive|Time left: 300 sec this turn | 300 sec total\n|\n|t:|1783551008\n|move|p2a: Toedscruel|Giga Drain|p1a: Basculin\n|-supereffective|p1a: Basculin\n|-damage|p1a: Basculin|0 fnt\n|faint|p1a: Basculin\n|\n|upkeep\n|\n|t:|1783551009\n|switch|p1a: Groudon|Groudon, L72|100/100\n|-weather|SunnyDay|[from] ability: Drought|[of] p1a: Groudon\n|turn|11\n|inactive|Time left: 300 sec this turn | 300 sec total\n|\n|t:|1783551010\n|-terastallize|p2a: Toedscruel|Water\n|move|p2a: Toedscruel|Earth Power|p1a: Groudon\n|-damage|p1a: Groudon|64/100\n|move|p1a: Groudon|Heat Crash|p2a: Toedscruel\n|-resisted|p2a: Toedscruel\n|-damage|p2a: Toedscruel|202/281\n|\n|-weather|SunnyDay|[upkeep]\n|-heal|p1a: Groudon|70/100|[from] item: Leftovers\n|upkeep\n|turn|12\n|inactive|Time left: 300 sec this turn | 300 sec total\n|\n|t:|1783551011\n|switch|p1a: Gliscor|Gliscor, L76, F|100/100\n|move|p2a: Toedscruel|Giga Drain|p1a: Gliscor\n|-damage|p1a: Gliscor|61/100\n|-heal|p2a: Toedscruel|249/281|[from] drain|[of] p1a: Gliscor\n|\n|-weather|SunnyDay|[upkeep]\n|-status|p1a: Gliscor|tox|[from] item: Toxic Orb\n|upkeep\n|turn|13\n|inactive|Time left: 300 sec this turn | 300 sec total\n|\n|t:|1783551012\n|move|p2a: Toedscruel|Giga Drain|p1a: Gliscor\n|-damage|p1a: Gliscor|21/100 tox\n|-heal|p2a: Toedscruel|281/281|[from] drain|[of] p1a: Gliscor\n|move|p1a: Gliscor|Toxic|p2a: Toedscruel\n|-status|p2a: Toedscruel|tox\n|\n|-weather|SunnyDay|[upkeep]\n|-damage|p2a: Toedscruel|264/281 tox|[from] psn\n|-heal|p1a: Gliscor|33/100 tox|[from] ability: Poison Heal\n|upkeep\n|turn|14\n|inactive|Time left: 300 sec this turn | 300 sec total\n|\n|t:|1783551013\n|move|p1a: Gliscor|Protect|p1a: Gliscor\n|-singleturn|p1a: Gliscor|Protect\n|move|p2a: Toedscruel|Giga Drain|p1a: Gliscor\n|-activate|p1a: Gliscor|move: Protect\n|\n|-weather|SunnyDay|[upkeep]\n|-damage|p2a: Toedscruel|230/281 tox|[from] psn\n|-heal|p1a: Gliscor|45/100 tox|[from] ability: Poison Heal\n|upkeep\n|turn|15\n|inactive|Time left: 300 sec this turn | 300 sec total\n|\n|t:|1783551014\n|move|p2a: Toedscruel|Giga Drain|p1a: Gliscor\n|-damage|p1a: Gliscor|5/100 tox\n|-heal|p2a: Toedscruel|279/281 tox|[from] drain|[of] p1a: Gliscor\n|move|p1a: Gliscor|Earthquake|p2a: Toedscruel\n|-damage|p2a: Toedscruel|167/281 tox\n|\n|-weather|none\n|-damage|p2a: Toedscruel|116/281 tox|[from] psn\n|-heal|p1a: Gliscor|17/100 tox|[from] ability: Poison Heal\n|upkeep\n|turn|16\n|inactive|Time left: 300 sec this turn | 300 sec total\n|\n|t:|1783551015\n|move|p1a: Gliscor|Protect|p1a: Gliscor\n|-singleturn|p1a: Gliscor|Protect\n|move|p2a: Toedscruel|Giga Drain|p1a: Gliscor\n|-activate|p1a: Gliscor|move: Protect\n|\n|-damage|p2a: Toedscruel|48/281 tox|[from] psn\n|-heal|p1a: Gliscor|29/100 tox|[from] ability: Poison Heal\n|upkeep\n|turn|17\n|inactive|Time left: 300 sec this turn | 300 sec total\n|\n|t:|1783551016\n|move|p2a: Toedscruel|Giga Drain|p1a: Gliscor\n|-damage|p1a: Gliscor|0 fnt\n|-heal|p2a: Toedscruel|82/281 tox|[from] drain|[of] p1a: Gliscor\n|faint|p1a: Gliscor\n|\n|-damage|p2a: Toedscruel|0 fnt|[from] psn\n|faint|p2a: Toedscruel\n|upkeep\n|inactive|Time left: 300 sec this turn | 300 sec total | 5 sec grace\n|\n|t:|1783551017\n|switch|p2a: Cryogonal|Cryogonal, L89|287/287\n|switch|p1a: Groudon|Groudon, L72|70/100\n|-weather|SunnyDay|[from] ability: Drought|[of] p1a: Groudon\n|turn|18\n|inactive|Time left: 300 sec this turn | 300 sec total\n|\n|t:|1783551018\n|-terastallize|p1a: Groudon|Fire\n|move|p2a: Cryogonal|Ice Beam|p1a: Groudon\n|-resisted|p1a: Groudon\n|-damage|p1a: Groudon|50/100\n|move|p1a: Groudon|Heat Crash|p2a: Cryogonal\n|-supereffective|p2a: Cryogonal\n|-damage|p2a: Cryogonal|0 fnt\n|faint|p2a: Cryogonal\n|\n|-weather|SunnyDay|[upkeep]\n|-heal|p1a: Groudon|56/100|[from] item: Leftovers\n|upkeep\n|inactive|Time left: 300 sec this turn | 300 sec total | 5 sec grace\n|\n|t:|1783551019\n|switch|p2a: Ursaring|Ursaring, L84, F|143/288 tox\n|turn|19\n|inactive|Time left: 300 sec this turn | 300 sec total\n|\n|t:|1783551020\n|move|p2a: Ursaring|Facade|p1a: Groudon\n|-damage|p1a: Groudon|0 fnt\n|faint|p1a: Groudon\n|\n|-weather|SunnyDay|[upkeep]\n|-damage|p2a: Ursaring|125/288 tox|[from] psn\n|upkeep\n|\n|t:|1783551021\n|switch|p1a: Calyrex|Calyrex-Shadow, L64|100/100\n|-ability|p1a: Calyrex|As One\n|-ability|p1a: Calyrex|Unnerve\n|turn|20\n|inactive|Time left: 300 sec this turn | 300 sec total\n|\n|t:|1783551022\n|move|p1a: Calyrex|Psyshock|p2a: Ursaring\n|-damage|p2a: Ursaring|0 fnt\n|faint|p2a: Ursaring\n|\n|win|p0x1017fc75", "uploadtime": 1783551022, "views": 0, "rating": 0, "private": 0, "password": null, "_winner": "p0x1017fc75", "_our_name": "p0y1017e2d1"}