{"id": "battle-gen9randombattle-12", "formatid": "gen9randombattle", "format": "[Gen 9] Random Battle", "players": ["p0x0126fdd", "p0y0123a0a"], "log": "|init|battle\n|title|p0x0126fdd vs. p0y0123a0a\n|j|\u2606p0x0126fdd\n|j|\u2606p0y0123a0a\n|t:|1783533397\n|gametype|singles\n|player|p1|p0x0126fdd|170|\n|player|p2|p0y0123a0a|169|\n|gen|9\n|tier|[Gen 9] Random Battle\n|rule|Species Clause: Limit one of each Pok\u00e9mon\n|rule|HP Percentage Mod: HP is shown in percentages\n|rule|Sleep Clause Mod: Limit one foe put to sleep\n|rule|Illusion Level Mod: Illusion disguises the Pok\u00e9mon's true level\n|\n|t:|1783533397\n|teamsize|p1|6\n|teamsize|p2|6\n|start\n|switch|p1a: Qwilfish|Qwilfish-Hisui, L83, F|100/100\n|switch|p2a: Abomasnow|Abomasnow, L84, M|287/287\n|-ability|p1a: Qwilfish|Intimidate|boost\n|-unboost|p2a: Abomasnow|atk|1\n|-weather|Snowscape|[from] ability: Snow Warning|[of] p2a: Abomasnow\n|turn|1\n|inactive|Battle timer is ON: inactive players will automatically lose when time's up. (requested by p0y0123a0a)\n|inactive|p0x0126fdd also wants the timer to be on.\n|\n|t:|1783533398\n|move|p1a: Qwilfish|Gunk Shot|p2a: Abomasnow\n|-supereffective|p2a: Abomasnow\n|-damage|p2a: Abomasnow|107/287\n|-status|p2a: Abomasnow|psn\n|move|p2a: Abomasnow|Aurora Veil|p2a: Abomasnow\n|-sidestart|p2: p0y0123a0a|move: Aurora Veil\n|\n|-weather|Snowscape|[upkeep]\n|-damage|p2a: Abomasnow|72/287 psn|[from] psn\n|upkeep\n|turn|2\n|inactive|Time left: 300 sec this turn | 300 sec total\n|\n|t:|1783533399\n|switch|p2a: Zekrom|Zekrom, L71|259/259\n|-ability|p2a: Zekrom|Teravolt\n|move|p1a: Qwilfish|Toxic Spikes|p2a: Zekrom\n|-sidestart|p2: p0y0123a0a|move: Toxic Spikes\n|\n|-weather|Snowscape|[upkeep]\n|upkeep\n|turn|3\n|inactive|Time left: 300 sec this turn | 300 sec total\n|\n|t:|1783533400\n|move|p1a: Qwilfish|Spikes|p2a: Zekrom\n|-sidestart|p2: p0y0123a0a|Spikes\n|move|p2a: Zekrom|Dragon Dance|p2a: Zekrom\n|-boost|p2a: Zekrom|atk|1\n|-boost|p2a: Zekrom|spe|1\n|\n|-weather|Snowscape|[upkeep]\n|upkeep\n|turn|4\n|inactive|Time left: 300 sec this turn | 300 sec total\n|\n|t:|1783533401\n|switch|p1a: Bastiodon|Bastiodon, L89, F|100/100\n|move|p2a: Zekrom|Outrage|p1a: Bastiodon\n|-resisted|p1a: Bastiodon\n|-damage|p1a: Bastiodon|80/100\n|\n|-weather|Snowscape|[upkeep]\n|upkeep\n|turn|5\n|inactive|Time left: 300 sec this turn | 300 sec total\n|\n|t:|1783533403\n|move|p2a: Zekrom|Outrage|p1a: Bastiodon|[from] lockedmove\n|-resisted|p1a: Bastiodon\n|-damage|p1a: Bastiodon|56/100\n|-start|p2a: Zekrom|confusion|[fatigue]\n|move|p1a: Bastiodon|Iron Defense|p1a: Bastiodon\n|-boost|p1a: Bastiodon|def|2\n|\n|-weather|none\n|upkeep\n|turn|6\n|inactive|Time left: 300 sec this turn | 300 sec total\n|\n|t:|1783533404\n|-activate|p2a: Zekrom|confusion\n|move|p2a: Zekrom|Bolt Strike|p1a: Bastiodon\n|-damage|p1a: Bastiodon|30/100\n|-status|p1a: Bastiodon|par\n|move|p1a: Bastiodon|Body Press|p2a: Zekrom\n|-damage|p2a: Zekrom|164/259\n|\n|-heal|p2a: Zekrom|180/259|[from] item: Leftovers\n|upkeep\n|turn|7\n|inactive|Time left: 300 sec this turn | 300 sec total\n|\n|t:|1783533405\n|-activate|p2a: Zekrom|confusion\n|move|p2a: Zekrom|Outrage|p1a: Bastiodon\n|-resisted|p1a: Bastiodon\n|-damage|p1a: Bastiodon|18/100 par\n|move|p1a: Bastiodon|Rest|p1a: Bastiodon\n|-status|p1a: Bastiodon|slp|[from] move: Rest\n|-heal|p1a: Bastiodon|100/100 slp|[silent]\n|-enditem|p1a: Bastiodon|Chesto Berry|[eat]\n|-curestatus|p1a: Bastiodon|slp|[msg]\n|\n|-heal|p2a: Zekrom|196/259|[from] item: Leftovers\n|upkeep\n|turn|8\n|inactive|Time left: 300 sec this turn | 300 sec total\n|\n|t:|1783533406\n|-activate|p2a: Zekrom|confusion\n|-damage|p2a: Zekrom|158/259|[from] confusion\n|move|p1a: Bastiodon|Body Press|p2a: Zekrom\n|-damage|p2a: Zekrom|66/259\n|\n|-heal|p2a: Zekrom|82/259|[from] item: Leftovers\n|-sideend|p2: p0y0123a0a|move: Aurora Veil\n|upkeep\n|turn|9\n|inactive|Time left: 300 sec this turn | 300 sec total\n|\n|t:|1783533407\n|-activate|p2a: Zekrom|confusion\n|move|p2a: Zekrom|Bolt Strike|p1a: Bastiodon\n|-damage|p1a: Bastiodon|76/100\n|move|p1a: Bastiodon|Body Press|p2a: Zekrom\n|-damage|p2a: Zekrom|0 fnt\n|faint|p2a: Zekrom\n|\n|upkeep\n|inactive|Time left: 300 sec this turn | 300 sec total | 5 sec grace\n|\n|t:|1783533408\n|switch|p2a: Abomasnow|Abomasnow, L84, M|72/287 psn\n|-damage|p2a: Abomasnow|37/287 psn|[from] Spikes\n|-weather|Snowscape|[from] ability: Snow Warning|[of] p2a: Abomasnow\n|turn|10\n|inactive|Time left: 300 sec this turn | 300 sec total\n|\n|t:|1783533409\n|move|p2a: Abomasnow|Aurora Veil|p2a: Abomasnow\n|-sidestart|p2: p0y0123a0a|move: Aurora Veil\n|move|p1a: Bastiodon|Iron Defense|p1a: Bastiodon\n|-boost|p1a: Bastiodon|def|2\n|\n|-weather|Snowscape|[upkeep]\n|-damage|p2a: Abomasnow|2/287 psn|[from] psn\n|upkeep\n|turn|11\n|inactive|Time left: 300 sec this turn | 300 sec total\n|\n|t:|1783533410\n|move|p2a: Abomasnow|Blizzard|p1a: Bastiodon\n|-resisted|p1a: Bastiodon\n|-damage|p1a: Bastiodon|60/100\n|move|p1a: Bastiodon|Body Press|p2a: Abomasnow\n|-supereffective|p2a: Abomasnow\n|-damage|p2a: Abomasnow|0 fnt\n|faint|p2a: Abomasnow\n|\n|-weather|Snowscape|[upkeep]\n|upkeep\n|inactive|Time left: 300 sec this turn | 300 sec total | 5 sec grace\n|\n|t:|1783533411\n|switch|p2a: Eternatus|Eternatus, L69|308/308\n|-sideend|p2: p0y0123a0a|move: Toxic Spikes|[of] p2a: Eternatus\n|-damage|p2a: Eternatus|270/308|[from] Spikes\n|-ability|p2a: Eternatus|Pressure\n|turn|12\n|inactive|Time left: 300 sec this turn | 300 sec total\n|\n|t:|1783533412\n|move|p2a: Eternatus|Meteor Beam||[still]\n|-prepare|p2a: Eternatus|Meteor Beam\n|-boost|p2a: Eternatus|spa|1\n|-enditem|p2a: Eternatus|Power Herb\n|-anim|p2a: Eternatus|Meteor Beam|p1a: Bastiodon\n|-resisted|p1a: Bastiodon\n|-damage|p1a: Bastiodon|45/100\n|move|p1a: Bastiodon|Body Press|p2a: Eternatus\n|-resisted|p2a: Eternatus\n|-damage|p2a: Eternatus|192/308\n|\n|-weather|Snowscape|[upkeep]\n|upkeep\n|turn|13\n|inactive|Time left: 300 sec this turn | 300 sec total\n|\n|t:|1783533413\n|move|p2a: Eternatus|Meteor Beam||[still]\n|-prepare|p2a: Eternatus|Meteor Beam\n|-boost|p2a: Eternatus|spa|1\n|move|p1a: Bastiodon|Body Press|p2a: Eternatus\n|-resisted|p2a: Eternatus\n|-damage|p2a: Eternatus|101/308\n|\n|-weather|Snowscape|[upkeep]\n|upkeep\n|turn|14\n|inactive|Time left: 300 sec this turn | 300 sec total\n|\n|t:|1783533414\n|-terastallize|p1a: Bastiodon|Fighting\n|move|p2a: Eternatus|Meteor Beam|p1a: Bastiodon|[from] lockedmove\n|-resisted|p1a: Bastiodon\n|-damage|p1a: Bastiodon|23/100\n|move|p1a: Bastiodon|Body Press|p2a: Eternatus\n|-resisted|p2a: Eternatus\n|-damage|p2a: Eternatus|0 fnt\n|faint|p2a: Eternatus\n|\n|-weather|none\n|upkeep\n|inactive|Time left: 300 sec this turn | 300 sec total | 5 sec grace\n|\n|t:|1783533415\n|switch|p2a: Honchkrow|Honchkrow, L86, M|312/312\n|turn|15\n|inactive|Time left: 300 sec this turn | 300 sec total\n|\n|t:|1783533416\n|switch|p1a: Qwilfish|Qwilfish-Hisui, L83, F|100/100\n|-ability|p1a: Qwilfish|Intimidate|boost\n|-unboost|p2a: Honchkrow|atk|1\n|move|p2a: Honchkrow|Brave Bird|p1a: Qwilfish\n|-damage|p1a: Qwilfish|69/100\n|-damage|p2a: Honchkrow|287/312|[from] Recoil\n|\n|upkeep\n|turn|16\n|inactive|Time left: 300 sec this turn | 300 sec total\n|\n|t:|1783533417\n|move|p1a: Qwilfish|Gunk Shot|p2a: Honchkrow\n|-damage|p2a: Honchkrow|200/312\n|move|p2a: Honchkrow|Heat Wave|p1a: Qwilfish\n|-damage|p1a: Qwilfish|38/100\n|\n|upkeep\n|turn|17\n|inactive|Time left: 300 sec this turn | 300 sec total\n|\n|t:|1783533418\n|move|p1a: Qwilfish|Gunk Shot|p2a: Honchkrow|[miss]\n|-miss|p1a: Qwilfish|p2a: Honchkrow\n|move|p2a: Honchkrow|Brave Bird|p1a: Qwilfish\n|-damage|p1a: Qwilfish|7/100\n|-damage|p2a: Honchkrow|175/312|[from] Recoil\n|\n|-sideend|p2: p0y0123a0a|move: Aurora Veil\n|upkeep\n|turn|18\n|inactive|Time left: 300 sec this turn | 300 sec total\n|\n|t:|1783533419\n|move|p1a: Qwilfish|Gunk Shot|p2a: Honchkrow\n|-damage|p2a: Honchkrow|1/312\n|move|p2a: Honchkrow|U-turn|p1a: Qwilfish\n|-damage|p1a: Qwilfish|0 fnt\n|faint|p1a: Qwilfish\n|-ability|p2a: Honchkrow|Moxie|boost\n|-boost|p2a: Honchkrow|atk|1\n|inactive|Time left: 300 sec this turn | 300 sec total | 5 sec grace\n|\n|t:|1783533421\n|switch|p2a: Samurott|Samurott, L88, M|310/310|[from] U-turn\n|-damage|p2a: Samurott|272/310|[from] Spikes\n|\n|upkeep\n|\n|t:|1783533422\n|switch|p1a: Jumpluff|Jumpluff, L87, M|100/100\n|turn|19\n|inactive|Time left: 300 sec this turn | 300 sec total\n|\n|t:|1783533423\n|move|p1a: Jumpluff|Leech Seed|p2a: Samurott\n|-start|p2a: Samurott|move: Leech Seed\n|move|p2a: Samurott|Ice Beam|p1a: Jumpluff\n|-supereffective|p1a: Jumpluff\n|-damage|p1a: Jumpluff|0 fnt\n|faint|p1a: Jumpluff\n|\n|upkeep\n|\n|t:|1783533424\n|switch|p1a: Gothitelle|Gothitelle, L90, F|100/100\n|turn|20\n|inactive|Time left: 300 sec this turn | 300 sec total\n|\n|t:|1783533425\n|move|p2a: Samurott|Knock Off|p1a: Gothitelle\n|-supereffective|p1a: Gothitelle\n|-damage|p1a: Gothitelle|48/100\n|-enditem|p1a: Gothitelle|Leftovers|[from] move: Knock Off|[of] p2a: Samurott\n|move|p1a: Gothitelle|Calm Mind|p1a: Gothitelle\n|-boost|p1a: Gothitelle|spa|1\n|-boost|p1a: Gothitelle|spd|1\n|\n|-damage|p2a: Samurott|234/310|[from] Leech Seed|[of] p1a: Gothitelle\n|-heal|p1a: Gothitelle|62/100|[silent]\n|upkeep\n|turn|21\n|inactive|Time left: 300 sec this turn | 300 sec total\n|\n|t:|1783533426\n|-terastallize|p2a: Samurott|Dark\n|move|p2a: Samurott|Knock Off|p1a: Gothitelle\n|-supereffective|p1a: Gothitelle\n|-damage|p1a: Gothitelle|10/100\n|move|p1a: Gothitelle|Focus Blast|p2a: Samurott\n|-supereffective|p2a: Samurott\n|-damage|p2a: Samurott|30/310\n|\n|-damage|p2a: Samurott|0 fnt|[from] Leech Seed|[of] p1a: Gothitelle\n|-heal|p1a: Gothitelle|21/100|[silent]\n|faint|p2a: Samurott\n|upkeep\n|inactive|Time left: 300 sec this turn | 300 sec total | 5 sec grace\n|\n|t:|1783533427\n|switch|p2a: Honchkrow|Honchkrow, L86, M|1/312\n|turn|22\n|inactive|Time left: 300 sec this turn | 300 sec total\n|\n|t:|1783533429\n|switch|p1a: Darkrai|Darkrai, L77|100/100\n|move|p2a: Honchkrow|U-turn|p1a: Darkrai\n|-supereffective|p1a: Darkrai\n|-damage|p1a: Darkrai|42/100\n|inactive|Time left: 300 sec this turn | 300 sec total | 5 sec grace\n|\n|t:|1783533430\n|switch|p2a: Rabsca|Rabsca, L91, M|284/284|[from] U-turn\n|\n|upkeep\n|turn|23\n|inactive|Time left: 300 sec this turn | 300 sec total\n|\n|t:|1783533431\n|move|p1a: Darkrai|Dark Pulse|p2a: Rabsca\n|-supereffective|p2a: Rabsca\n|-damage|p2a: Rabsca|71/284\n|-damage|p1a: Darkrai|32/100|[from] item: Life Orb\n|move|p2a: Rabsca|Bug Buzz|p1a: Darkrai\n|-supereffective|p1a: Darkrai\n|-damage|p1a: Darkrai|0 fnt\n|faint|p1a: Darkrai\n|\n|upkeep\n|\n|t:|1783533431\n|switch|p1a: Spectrier|Spectrier, L75|100/100\n|turn|24\n|inactive|Time left: 300 sec this turn | 300 sec total\n|\n|t:|1783533432\n|move|p1a: Spectrier|Shadow Ball|p2a: Rabsca\n|-supereffective|p2a: Rabsca\n|-damage|p2a: Rabsca|0 fnt\n|faint|p2a: Rabsca\n|-ability|p1a: Spectrier|Grim Neigh|boost\n|-boost|p1a: Spectrier|spa|1\n|-damage|p1a: Spectrier|91/100|[from] item: Life Orb\n|\n|upkeep\n|inactive|Time left: 300 sec this turn | 300 sec total | 5 sec grace\n|\n|t:|1783533433\n|switch|p2a: Honchkrow|Honchkrow, L86, M|1/312\n|turn|25\n|inactive|Time left: 300 sec this turn | 300 sec total\n|\n|t:|1783533434\n|move|p2a: Honchkrow|Sucker Punch|p1a: Spectrier\n|-supereffective|p1a: Spectrier\n|-damage|p1a: Spectrier|0 fnt\n|faint|p1a: Spectrier\n|-ability|p2a: Honchkrow|Moxie|boost\n|-boost|p2a: Honchkrow|atk|1\n|\n|upkeep\n|\n|t:|1783533435\n|switch|p1a: Bastiodon|Bastiodon, L89, F, tera:Fighting|23/100\n|turn|26\n|inactive|Time left: 300 sec this turn | 300 sec total\n|\n|t:|1783533436\n|move|p2a: Honchkrow|Heat Wave|p1a: Bastiodon|[miss]\n|-miss|p2a: Honchkrow|p1a: Bastiodon\n|move|p1a: Bastiodon|Foul Play|p2a: Honchkrow\n|-resisted|p2a: Honchkrow\n|-damage|p2a: Honchkrow|0 fnt\n|faint|p2a: Honchkrow\n|\n|win|p0x0126fdd", "uploadtime": 1783533436, "views": 0, "rating": 0, "private": 0, "password": null, "_winner": "p0x0126fdd", "_our_name": "p0y0123a0a"}