{"id": "battle-gen9randombattle-221", "formatid": "gen9randombattle", "format": "[Gen 9] Random Battle", "players": ["p0x2217689", "p0y2214ee5"], "log": "|init|battle\n|title|p0x2217689 vs. p0y2214ee5\n|j|\u2606p0x2217689\n|j|\u2606p0y2214ee5\n|t:|1783536362\n|gametype|singles\n|player|p1|p0x2217689|1|\n|player|p2|p0y2214ee5|265|\n|gen|9\n|tier|[Gen 9] Random Battle\n|rule|Species Clause: Limit one of each Pok\u00e9mon\n|rule|HP Percentage Mod: HP is shown in percentages\n|rule|Sleep Clause Mod: Limit one foe put to sleep\n|rule|Illusion Level Mod: Illusion disguises the Pok\u00e9mon's true level\n|\n|t:|1783536362\n|teamsize|p1|6\n|teamsize|p2|6\n|start\n|switch|p1a: Chien-Pao|Chien-Pao, L72|100/100\n|switch|p2a: Spectrier|Spectrier, L75|274/274\n|-ability|p1a: Chien-Pao|Sword of Ruin\n|turn|1\n|inactive|Battle timer is ON: inactive players will automatically lose when time's up. (requested by p0x2217689)\n|inactive|Time left: 300 sec this turn | 300 sec total | 60 sec grace\n|inactive|p0y2214ee5 also wants the timer to be on.\n|\n|t:|1783536363\n|-terastallize|p2a: Spectrier|Fighting\n|move|p2a: Spectrier|Tera Blast|p1a: Chien-Pao|[anim] Tera Blast Fighting\n|-supereffective|p1a: Chien-Pao\n|-damage|p1a: Chien-Pao|0 fnt\n|faint|p1a: Chien-Pao\n|-ability|p2a: Spectrier|Grim Neigh|boost\n|-boost|p2a: Spectrier|spa|1\n|\n|upkeep\n|\n|t:|1783536364\n|switch|p1a: Sneasler|Sneasler, L74, F|100/100\n|turn|2\n|inactive|Time left: 300 sec this turn | 300 sec total\n|\n|t:|1783536366\n|move|p2a: Spectrier|Shadow Ball|p1a: Sneasler\n|-damage|p1a: Sneasler|30/100\n|move|p1a: Sneasler|Dire Claw|p2a: Spectrier\n|-damage|p2a: Spectrier|99/274\n|-status|p2a: Spectrier|par\n|\n|-heal|p2a: Spectrier|116/274 par|[from] item: Leftovers\n|upkeep\n|turn|3\n|inactive|Time left: 300 sec this turn | 300 sec total\n|\n|t:|1783536367\n|switch|p2a: Palossand|Palossand, L89, M|296/296\n|move|p1a: Sneasler|Dire Claw|p2a: Palossand\n|-resisted|p2a: Palossand\n|-damage|p2a: Palossand|271/296\n|\n|-heal|p2a: Palossand|289/296|[from] item: Leftovers\n|upkeep\n|turn|4\n|inactive|Time left: 300 sec this turn | 300 sec total\n|\n|t:|1783536368\n|move|p1a: Sneasler|Dire Claw|p2a: Palossand\n|-resisted|p2a: Palossand\n|-damage|p2a: Palossand|264/296\n|move|p2a: Palossand|Shadow Ball|p1a: Sneasler\n|-damage|p1a: Sneasler|0 fnt\n|faint|p1a: Sneasler\n|\n|-heal|p2a: Palossand|282/296|[from] item: Leftovers\n|upkeep\n|\n|t:|1783536369\n|switch|p1a: Basculegion|Basculegion-F, L83, F|100/100\n|turn|5\n|inactive|Time left: 300 sec this turn | 300 sec total\n|\n|t:|1783536370\n|switch|p2a: Arbok|Arbok, L87, F|246/246\n|-ability|p2a: Arbok|Intimidate|boost\n|-unboost|p1a: Basculegion|atk|1\n|move|p1a: Basculegion|Hydro Pump|p2a: Arbok\n|-damage|p2a: Arbok|82/246\n|\n|upkeep\n|turn|6\n|inactive|Time left: 300 sec this turn | 300 sec total\n|\n|t:|1783536371\n|move|p2a: Arbok|Knock Off|p1a: Basculegion\n|-supereffective|p1a: Basculegion\n|-damage|p1a: Basculegion|28/100\n|-enditem|p1a: Basculegion|Assault Vest|[from] move: Knock Off|[of] p2a: Arbok\n|-damage|p2a: Arbok|58/246|[from] item: Life Orb\n|move|p1a: Basculegion|Flip Turn|p2a: Arbok\n|-damage|p2a: Arbok|0 fnt\n|faint|p2a: Arbok\n|\n|t:|1783536372\n|switch|p1a: Feraligatr|Feraligatr, L79, M|100/100|[from] Flip Turn\n|\n|upkeep\n|inactive|Time left: 300 sec this turn | 300 sec total | 10 sec grace\n|\n|t:|1783536373\n|switch|p2a: Morpeko|Morpeko, L88, F|245/245\n|turn|7\n|inactive|Time left: 300 sec this turn | 300 sec total\n|\n|t:|1783536374\n|switch|p1a: Appletun|Appletun, L92, F|100/100\n|move|p2a: Morpeko|Aura Wheel|p1a: Appletun\n|-resisted|p1a: Appletun\n|-damage|p1a: Appletun|93/100\n|-boost|p2a: Morpeko|spe|1\n|\n|-heal|p1a: Appletun|99/100|[from] item: Leftovers\n|-formechange|p2a: Morpeko|Morpeko-Hangry||[from] ability: Hunger Switch\n|upkeep\n|turn|8\n|inactive|Time left: 300 sec this turn | 300 sec total\n|\n|t:|1783536375\n|move|p2a: Morpeko|Protect|p2a: Morpeko\n|-singleturn|p2a: Morpeko|Protect\n|move|p1a: Appletun|Apple Acid|p2a: Morpeko\n|-activate|p2a: Morpeko|move: Protect\n|\n|-heal|p1a: Appletun|100/100|[from] item: Leftovers\n|-formechange|p2a: Morpeko|Morpeko||[from] ability: Hunger Switch\n|upkeep\n|turn|9\n|inactive|Time left: 300 sec this turn | 300 sec total\n|\n|t:|1783536376\n|move|p2a: Morpeko|Knock Off|p1a: Appletun\n|-damage|p1a: Appletun|68/100\n|-enditem|p1a: Appletun|Leftovers|[from] move: Knock Off|[of] p2a: Morpeko\n|move|p1a: Appletun|Apple Acid|p2a: Morpeko\n|-damage|p2a: Morpeko|107/245\n|-unboost|p2a: Morpeko|spd|1\n|\n|-heal|p2a: Morpeko|122/245|[from] item: Leftovers\n|-formechange|p2a: Morpeko|Morpeko-Hangry||[from] ability: Hunger Switch\n|upkeep\n|turn|10\n|inactive|Time left: 300 sec this turn | 300 sec total\n|\n|t:|1783536377\n|move|p2a: Morpeko|Protect|p2a: Morpeko\n|-singleturn|p2a: Morpeko|Protect\n|move|p1a: Appletun|Apple Acid|p2a: Morpeko\n|-activate|p2a: Morpeko|move: Protect\n|\n|-heal|p2a: Morpeko|137/245|[from] item: Leftovers\n|-formechange|p2a: Morpeko|Morpeko||[from] ability: Hunger Switch\n|upkeep\n|turn|11\n|inactive|Time left: 300 sec this turn | 300 sec total\n|\n|t:|1783536377\n|switch|p2a: Charizard|Charizard, L85, F|271/271\n|move|p1a: Appletun|Apple Acid|p2a: Charizard\n|-resisted|p2a: Charizard\n|-damage|p2a: Charizard|243/271\n|-unboost|p2a: Charizard|spd|1\n|\n|upkeep\n|turn|12\n|inactive|Time left: 300 sec this turn | 300 sec total\n|\n|t:|1783536378\n|move|p2a: Charizard|Hurricane|p1a: Appletun|[miss]\n|-miss|p2a: Charizard|p1a: Appletun\n|move|p1a: Appletun|Draco Meteor|p2a: Charizard\n|-crit|p2a: Charizard\n|-damage|p2a: Charizard|0 fnt\n|-unboost|p1a: Appletun|spa|2\n|faint|p2a: Charizard\n|\n|upkeep\n|inactive|Time left: 300 sec this turn | 300 sec total | 5 sec grace\n|\n|t:|1783536379\n|switch|p2a: Morpeko|Morpeko, L88, F|137/245\n|turn|13\n|inactive|Time left: 300 sec this turn | 300 sec total\n|\n|t:|1783536380\n|switch|p1a: Persian|Persian-Alola, L86, M|100/100\n|move|p2a: Morpeko|Aura Wheel|p1a: Persian\n|-damage|p1a: Persian|68/100\n|-boost|p2a: Morpeko|spe|1\n|\n|-heal|p2a: Morpeko|152/245|[from] item: Leftovers\n|-formechange|p2a: Morpeko|Morpeko-Hangry||[from] ability: Hunger Switch\n|upkeep\n|turn|14\n|inactive|Time left: 300 sec this turn | 300 sec total\n|\n|t:|1783536381\n|-terastallize|p1a: Persian|Fairy\n|move|p2a: Morpeko|Aura Wheel|p1a: Persian\n|-resisted|p1a: Persian\n|-damage|p1a: Persian|52/100\n|-boost|p2a: Morpeko|spe|1\n|move|p1a: Persian|Tera Blast|p2a: Morpeko|[anim] Tera Blast Fairy\n|-supereffective|p2a: Morpeko\n|-damage|p2a: Morpeko|0 fnt\n|faint|p2a: Morpeko\n|-damage|p1a: Persian|42/100|[from] item: Life Orb\n|\n|upkeep\n|inactive|Time left: 300 sec this turn | 300 sec total | 5 sec grace\n|\n|t:|1783536382\n|switch|p2a: Hypno|Hypno, L95, F|315/315\n|turn|15\n|inactive|Time left: 300 sec this turn | 300 sec total\n|\n|t:|1783536383\n|move|p1a: Persian|Dark Pulse|p2a: Hypno\n|-supereffective|p2a: Hypno\n|-damage|p2a: Hypno|182/315\n|-damage|p1a: Persian|32/100|[from] item: Life Orb\n|cant|p2a: Hypno|flinch\n|\n|-heal|p2a: Hypno|201/315|[from] item: Leftovers\n|upkeep\n|turn|16\n|inactive|Time left: 300 sec this turn | 300 sec total\n|\n|t:|1783536384\n|move|p1a: Persian|Dark Pulse|p2a: Hypno\n|-supereffective|p2a: Hypno\n|-damage|p2a: Hypno|74/315\n|-damage|p1a: Persian|22/100|[from] item: Life Orb\n|move|p2a: Hypno|Psychic Noise|p1a: Persian\n|-damage|p1a: Persian|0 fnt\n|faint|p1a: Persian\n|\n|-heal|p2a: Hypno|93/315|[from] item: Leftovers\n|upkeep\n|\n|t:|1783536385\n|switch|p1a: Feraligatr|Feraligatr, L79, M|100/100\n|turn|17\n|inactive|Time left: 300 sec this turn | 300 sec total\n|\n|t:|1783536386\n|move|p2a: Hypno|Toxic|p1a: Feraligatr\n|-status|p1a: Feraligatr|tox\n|move|p1a: Feraligatr|Dragon Dance|p1a: Feraligatr\n|-boost|p1a: Feraligatr|atk|1\n|-boost|p1a: Feraligatr|spe|1\n|\n|-heal|p2a: Hypno|112/315|[from] item: Leftovers\n|-damage|p1a: Feraligatr|94/100 tox|[from] psn\n|upkeep\n|turn|18\n|inactive|Time left: 300 sec this turn | 300 sec total\n|\n|t:|1783536386\n|move|p2a: Hypno|Protect|p2a: Hypno\n|-singleturn|p2a: Hypno|Protect\n|move|p1a: Feraligatr|Liquidation|p2a: Hypno\n|-activate|p2a: Hypno|move: Protect\n|\n|-heal|p2a: Hypno|131/315|[from] item: Leftovers\n|-damage|p1a: Feraligatr|82/100 tox|[from] psn\n|upkeep\n|turn|19\n|inactive|Time left: 300 sec this turn | 300 sec total\n|\n|t:|1783536387\n|move|p2a: Hypno|Protect|p2a: Hypno\n|-singleturn|p2a: Hypno|Protect\n|move|p1a: Feraligatr|Liquidation|p2a: Hypno\n|-activate|p2a: Hypno|move: Protect\n|\n|-heal|p2a: Hypno|150/315|[from] item: Leftovers\n|-damage|p1a: Feraligatr|64/100 tox|[from] psn\n|upkeep\n|turn|20\n|inactive|Time left: 300 sec this turn | 300 sec total\n|\n|t:|1783536388\n|switch|p2a: Spectrier|Spectrier, L75, tera:Fighting|116/274 par\n|move|p1a: Feraligatr|Liquidation|p2a: Spectrier\n|-damage|p2a: Spectrier|0 fnt\n|faint|p2a: Spectrier\n|\n|-damage|p1a: Feraligatr|40/100 tox|[from] psn\n|upkeep\n|inactive|Time left: 300 sec this turn | 300 sec total | 5 sec grace\n|\n|t:|1783536389\n|switch|p2a: Palossand|Palossand, L89, M|282/296\n|turn|21\n|inactive|Time left: 300 sec this turn | 300 sec total\n|\n|t:|1783536390\n|move|p1a: Feraligatr|Liquidation|p2a: Palossand\n|-supereffective|p2a: Palossand\n|-damage|p2a: Palossand|0 fnt\n|faint|p2a: Palossand\n|\n|-damage|p1a: Feraligatr|10/100 tox|[from] psn\n|upkeep\n|inactive|Time left: 300 sec this turn | 300 sec total | 5 sec grace\n|\n|t:|1783536391\n|switch|p2a: Hypno|Hypno, L95, F|150/315\n|turn|22\n|inactive|Time left: 300 sec this turn | 300 sec total\n|\n|t:|1783536391\n|move|p2a: Hypno|Protect|p2a: Hypno\n|-singleturn|p2a: Hypno|Protect\n|move|p1a: Feraligatr|Liquidation|p2a: Hypno\n|-activate|p2a: Hypno|move: Protect\n|\n|-heal|p2a: Hypno|169/315|[from] item: Leftovers\n|-damage|p1a: Feraligatr|0 fnt|[from] psn\n|faint|p1a: Feraligatr\n|upkeep\n|\n|t:|1783536392\n|switch|p1a: Appletun|Appletun, L92, F|68/100\n|turn|23\n|inactive|Time left: 300 sec this turn | 300 sec total\n|\n|t:|1783536393\n|move|p2a: Hypno|Protect||[still]\n|-fail|p2a: Hypno\n|move|p1a: Appletun|Apple Acid|p2a: Hypno\n|-damage|p2a: Hypno|100/315\n|-unboost|p2a: Hypno|spd|1\n|\n|-heal|p2a: Hypno|119/315|[from] item: Leftovers\n|upkeep\n|turn|24\n|inactive|Time left: 300 sec this turn | 300 sec total\n|\n|t:|1783536394\n|move|p2a: Hypno|Protect|p2a: Hypno\n|-singleturn|p2a: Hypno|Protect\n|move|p1a: Appletun|Draco Meteor|p2a: Hypno\n|-activate|p2a: Hypno|move: Protect\n|\n|-heal|p2a: Hypno|138/315|[from] item: Leftovers\n|upkeep\n|turn|25\n|inactive|Time left: 300 sec this turn | 300 sec total\n|\n|t:|1783536395\n|move|p2a: Hypno|Protect|p2a: Hypno\n|-singleturn|p2a: Hypno|Protect\n|move|p1a: Appletun|Draco Meteor|p2a: Hypno\n|-activate|p2a: Hypno|move: Protect\n|\n|-heal|p2a: Hypno|157/315|[from] item: Leftovers\n|upkeep\n|turn|26\n|inactive|Time left: 300 sec this turn | 300 sec total\n|\n|t:|1783536396\n|move|p2a: Hypno|Toxic|p1a: Appletun\n|-status|p1a: Appletun|tox\n|move|p1a: Appletun|Draco Meteor|p2a: Hypno\n|-damage|p2a: Hypno|0 fnt\n|-unboost|p1a: Appletun|spa|2\n|faint|p2a: Hypno\n|\n|win|p0x2217689", "uploadtime": 1783536396, "views": 0, "rating": 0, "private": 0, "password": null, "_winner": "p0x2217689", "_our_name": "p0y2214ee5"}