{"id": "battle-gen9randombattle-1711", "formatid": "gen9randombattle", "format": "[Gen 9] Random Battle", "players": ["p0x17118689", "p0y1711a155"], "log": "|init|battle\n|title|p0x17118689 vs. p0y1711a155\n|j|\u2606p0x17118689\n|j|\u2606p0y1711a155\n|t:|1783559828\n|gametype|singles\n|player|p1|p0x17118689|266|\n|player|p2|p0y1711a155|101|\n|gen|9\n|tier|[Gen 9] Random Battle\n|rule|Species Clause: Limit one of each Pok\u00e9mon\n|rule|HP Percentage Mod: HP is shown in percentages\n|rule|Sleep Clause Mod: Limit one foe put to sleep\n|rule|Illusion Level Mod: Illusion disguises the Pok\u00e9mon's true level\n|\n|t:|1783559828\n|teamsize|p1|6\n|teamsize|p2|6\n|start\n|switch|p1a: Grimmsnarl|Grimmsnarl, L83, M|293/293\n|switch|p2a: Maushold|Maushold, L76|100/100\n|turn|1\n|inactive|Battle timer is ON: inactive players will automatically lose when time's up. (requested by p0y1711a155)\n|inactive|Time left: 300 sec this turn | 300 sec total | 60 sec grace\n|inactive|p0x17118689 also wants the timer to be on.\n|\n|t:|1783559829\n|move|p1a: Grimmsnarl|Parting Shot|p2a: Maushold\n|-unboost|p2a: Maushold|atk|1\n|-unboost|p2a: Maushold|spa|1\n|inactive|Time left: 300 sec this turn | 300 sec total | 65 sec grace\n|\n|t:|1783559830\n|switch|p1a: Basculegion|Basculegion-F, L83, F|335/335|[from] Parting Shot\n|move|p2a: Maushold|Population Bomb|p1a: Basculegion\n|-immune|p1a: Basculegion\n|\n|upkeep\n|turn|2\n|inactive|Time left: 300 sec this turn | 300 sec total\n|\n|t:|1783559831\n|switch|p2a: Gallade|Gallade, L80, M|100/100\n|move|p1a: Basculegion|Hydro Pump|p2a: Gallade\n|-damage|p2a: Gallade|16/100\n|\n|upkeep\n|turn|3\n|inactive|Time left: 300 sec this turn | 300 sec total\n|\n|t:|1783559832\n|move|p2a: Gallade|Leaf Blade|p1a: Basculegion\n|-supereffective|p1a: Basculegion\n|-damage|p1a: Basculegion|43/335\n|move|p1a: Basculegion|Hydro Pump|p2a: Gallade\n|-damage|p2a: Gallade|0 fnt\n|faint|p2a: Gallade\n|\n|upkeep\n|\n|t:|1783559832\n|switch|p2a: Giratina|Giratina-Origin, L72|100/100\n|turn|4\n|inactive|Time left: 300 sec this turn | 300 sec total\n|\n|t:|1783559833\n|move|p1a: Basculegion|Hydro Pump|p2a: Giratina|[miss]\n|-miss|p1a: Basculegion|p2a: Giratina\n|move|p2a: Giratina|Poltergeist|p1a: Basculegion\n|-activate|p1a: Basculegion|move: Poltergeist|Choice Specs\n|-supereffective|p1a: Basculegion\n|-damage|p1a: Basculegion|0 fnt\n|faint|p1a: Basculegion\n|\n|upkeep\n|inactive|Time left: 300 sec this turn | 300 sec total | 5 sec grace\n|\n|t:|1783559834\n|switch|p1a: Grimmsnarl|Grimmsnarl, L83, M|293/293\n|turn|5\n|inactive|Time left: 300 sec this turn | 300 sec total\n|\n|t:|1783559835\n|switch|p2a: Donphan|Donphan, L84, M|100/100\n|move|p1a: Grimmsnarl|Spirit Break|p2a: Donphan\n|-damage|p2a: Donphan|77/100\n|-unboost|p2a: Donphan|spa|1\n|\n|upkeep\n|turn|6\n|inactive|Time left: 300 sec this turn | 300 sec total\n|\n|t:|1783559836\n|move|p1a: Grimmsnarl|Spirit Break|p2a: Donphan\n|-damage|p2a: Donphan|53/100\n|-unboost|p2a: Donphan|spa|1\n|move|p2a: Donphan|Earthquake|p1a: Grimmsnarl\n|-damage|p1a: Grimmsnarl|55/293\n|\n|-heal|p1a: Grimmsnarl|73/293|[from] item: Leftovers\n|upkeep\n|turn|7\n|inactive|Time left: 300 sec this turn | 300 sec total\n|\n|t:|1783559837\n|move|p1a: Grimmsnarl|Spirit Break|p2a: Donphan\n|-damage|p2a: Donphan|28/100\n|-unboost|p2a: Donphan|spa|1\n|move|p2a: Donphan|Earthquake|p1a: Grimmsnarl\n|-damage|p1a: Grimmsnarl|0 fnt\n|faint|p1a: Grimmsnarl\n|\n|upkeep\n|inactive|Time left: 300 sec this turn | 300 sec total | 5 sec grace\n|\n|t:|1783559838\n|switch|p1a: Oranguru|Oranguru, L92, M|315/315\n|turn|8\n|inactive|Time left: 300 sec this turn | 300 sec total\n|\n|t:|1783559839\n|switch|p2a: Golem|Golem, L87, F|100/100\n|move|p1a: Oranguru|Psyshock|p2a: Golem\n|-damage|p2a: Golem|63/100\n|\n|upkeep\n|turn|9\n|inactive|Time left: 300 sec this turn | 300 sec total\n|\n|t:|1783559840\n|-terastallize|p2a: Golem|Ground\n|move|p1a: Oranguru|Psyshock|p2a: Golem\n|-damage|p2a: Golem|29/100\n|move|p2a: Golem|Earthquake|p1a: Oranguru\n|-damage|p1a: Oranguru|129/315\n|\n|upkeep\n|turn|10\n|inactive|Time left: 300 sec this turn | 300 sec total\n|\n|t:|1783559841\n|switch|p2a: Deoxys|Deoxys, L74|100/100\n|-ability|p2a: Deoxys|Pressure\n|move|p1a: Oranguru|Psyshock|p2a: Deoxys\n|-resisted|p2a: Deoxys\n|-damage|p2a: Deoxys|39/100\n|\n|upkeep\n|turn|11\n|inactive|Time left: 300 sec this turn | 300 sec total\n|\n|t:|1783559842\n|move|p2a: Deoxys|Knock Off|p1a: Oranguru\n|-supereffective|p1a: Oranguru\n|-damage|p1a: Oranguru|0 fnt\n|-enditem|p1a: Oranguru|Choice Specs|[from] move: Knock Off|[of] p2a: Deoxys\n|faint|p1a: Oranguru\n|-damage|p2a: Deoxys|29/100|[from] item: Life Orb\n|\n|upkeep\n|inactive|Time left: 300 sec this turn | 300 sec total | 5 sec grace\n|\n|t:|1783559843\n|switch|p1a: Lugia|Lugia, L73|275/275\n|turn|12\n|inactive|Time left: 300 sec this turn | 300 sec total\n|\n|t:|1783559844\n|move|p2a: Deoxys|Knock Off|p1a: Lugia\n|-supereffective|p1a: Lugia\n|-damage|p1a: Lugia|194/275\n|-enditem|p1a: Lugia|Heavy-Duty Boots|[from] move: Knock Off|[of] p2a: Deoxys\n|-damage|p2a: Deoxys|19/100|[from] item: Life Orb\n|move|p1a: Lugia|Calm Mind|p1a: Lugia\n|-boost|p1a: Lugia|spa|1\n|-boost|p1a: Lugia|spd|1\n|\n|upkeep\n|turn|13\n|inactive|Time left: 300 sec this turn | 300 sec total\n|\n|t:|1783559845\n|move|p2a: Deoxys|Knock Off|p1a: Lugia\n|-supereffective|p1a: Lugia\n|-damage|p1a: Lugia|80/275\n|-damage|p2a: Deoxys|10/100|[from] item: Life Orb\n|move|p1a: Lugia|Recover|p1a: Lugia\n|-heal|p1a: Lugia|218/275\n|\n|upkeep\n|turn|14\n|inactive|Time left: 300 sec this turn | 300 sec total\n|\n|t:|1783559846\n|switch|p2a: Maushold|Maushold, L76|100/100\n|move|p1a: Lugia|Recover|p1a: Lugia\n|-heal|p1a: Lugia|275/275\n|\n|upkeep\n|turn|15\n|inactive|Time left: 300 sec this turn | 300 sec total\n|\n|t:|1783559847\n|move|p2a: Maushold|Encore|p1a: Lugia\n|-start|p1a: Lugia|Encore\n|move|p1a: Lugia|Recover||[still]\n|-fail|p1a: Lugia|heal\n|\n|upkeep\n|turn|16\n|inactive|Time left: 300 sec this turn | 300 sec total\n|\n|t:|1783559848\n|switch|p1a: Great Tusk|Great Tusk, L77|304/304\n|move|p2a: Maushold|Tidy Up|p2a: Maushold\n|-boost|p2a: Maushold|atk|1\n|-boost|p2a: Maushold|spe|1\n|\n|upkeep\n|turn|17\n|inactive|Time left: 300 sec this turn | 300 sec total\n|\n|t:|1783559849\n|move|p2a: Maushold|Population Bomb|p1a: Great Tusk\n|-damage|p1a: Great Tusk|277/304\n|-damage|p1a: Great Tusk|249/304\n|-damage|p1a: Great Tusk|222/304\n|-damage|p1a: Great Tusk|194/304\n|-damage|p1a: Great Tusk|167/304\n|-damage|p1a: Great Tusk|140/304\n|-damage|p1a: Great Tusk|115/304\n|-damage|p1a: Great Tusk|90/304\n|-damage|p1a: Great Tusk|65/304\n|-damage|p1a: Great Tusk|40/304\n|-hitcount|p1a: Great Tusk|10\n|move|p1a: Great Tusk|Close Combat|p2a: Maushold\n|-supereffective|p2a: Maushold\n|-damage|p2a: Maushold|0 fnt\n|-unboost|p1a: Great Tusk|def|1\n|-unboost|p1a: Great Tusk|spd|1\n|faint|p2a: Maushold\n|\n|upkeep\n|\n|t:|1783559850\n|switch|p2a: Giratina|Giratina-Origin, L72|100/100\n|turn|18\n|inactive|Time left: 300 sec this turn | 300 sec total\n|\n|t:|1783559851\n|-end|p1a: Great Tusk|Protosynthesis|[silent]\n|switch|p1a: Lugia|Lugia, L73|275/275\n|move|p2a: Giratina|Poltergeist||[still]\n|-fail|p2a: Giratina\n|\n|upkeep\n|turn|19\n|inactive|Time left: 300 sec this turn | 300 sec total\n|\n|t:|1783559852\n|move|p2a: Giratina|Shadow Sneak|p1a: Lugia\n|-supereffective|p1a: Lugia\n|-damage|p1a: Lugia|236/275\n|move|p1a: Lugia|Aeroblast|p2a: Giratina\n|-damage|p2a: Giratina|77/100\n|\n|upkeep\n|turn|20\n|inactive|Time left: 300 sec this turn | 300 sec total\n|\n|t:|1783559854\n|move|p2a: Giratina|Shadow Sneak|p1a: Lugia\n|-supereffective|p1a: Lugia\n|-damage|p1a: Lugia|164/275\n|move|p1a: Lugia|Calm Mind|p1a: Lugia\n|-boost|p1a: Lugia|spa|1\n|-boost|p1a: Lugia|spd|1\n|\n|upkeep\n|turn|21\n|inactive|Time left: 300 sec this turn | 300 sec total\n|\n|t:|1783559855\n|move|p2a: Giratina|Shadow Sneak|p1a: Lugia\n|-supereffective|p1a: Lugia\n|-damage|p1a: Lugia|84/275\n|move|p1a: Lugia|Aeroblast|p2a: Giratina\n|-damage|p2a: Giratina|41/100\n|\n|upkeep\n|turn|22\n|inactive|Time left: 300 sec this turn | 300 sec total\n|\n|t:|1783559856\n|move|p2a: Giratina|Shadow Sneak|p1a: Lugia\n|-supereffective|p1a: Lugia\n|-damage|p1a: Lugia|10/275\n|move|p1a: Lugia|Recover|p1a: Lugia\n|-heal|p1a: Lugia|148/275\n|\n|upkeep\n|turn|23\n|inactive|Time left: 300 sec this turn | 300 sec total\n|\n|t:|1783559857\n|move|p2a: Giratina|Shadow Sneak|p1a: Lugia\n|-supereffective|p1a: Lugia\n|-damage|p1a: Lugia|74/275\n|move|p1a: Lugia|Recover|p1a: Lugia\n|-heal|p1a: Lugia|212/275\n|\n|upkeep\n|turn|24\n|inactive|Time left: 300 sec this turn | 300 sec total\n|\n|t:|1783559858\n|move|p2a: Giratina|Shadow Sneak|p1a: Lugia\n|-supereffective|p1a: Lugia\n|-damage|p1a: Lugia|132/275\n|move|p1a: Lugia|Calm Mind|p1a: Lugia\n|-boost|p1a: Lugia|spa|1\n|-boost|p1a: Lugia|spd|1\n|\n|upkeep\n|turn|25\n|inactive|Time left: 300 sec this turn | 300 sec total\n|\n|t:|1783559859\n|move|p2a: Giratina|Shadow Sneak|p1a: Lugia\n|-supereffective|p1a: Lugia\n|-damage|p1a: Lugia|54/275\n|move|p1a: Lugia|Recover|p1a: Lugia\n|-heal|p1a: Lugia|192/275\n|\n|upkeep\n|turn|26\n|inactive|Time left: 300 sec this turn | 300 sec total\n|\n|t:|1783559860\n|move|p2a: Giratina|Shadow Sneak|p1a: Lugia\n|-supereffective|p1a: Lugia\n|-damage|p1a: Lugia|120/275\n|move|p1a: Lugia|Aeroblast|p2a: Giratina\n|-damage|p2a: Giratina|0 fnt\n|faint|p2a: Giratina\n|\n|upkeep\n|\n|t:|1783559861\n|switch|p2a: Deoxys|Deoxys, L74|10/100\n|-ability|p2a: Deoxys|Pressure\n|turn|27\n|inactive|Time left: 300 sec this turn | 300 sec total\n|\n|t:|1783559862\n|move|p2a: Deoxys|Knock Off|p1a: Lugia\n|-supereffective|p1a: Lugia\n|-damage|p1a: Lugia|6/275\n|-damage|p2a: Deoxys|0 fnt|[from] item: Life Orb\n|faint|p2a: Deoxys\n|move|p1a: Lugia|Recover|p1a: Lugia\n|-heal|p1a: Lugia|144/275\n|\n|upkeep\n|\n|t:|1783559863\n|switch|p2a: Donphan|Donphan, L84, M|28/100\n|turn|28\n|inactive|Time left: 300 sec this turn | 300 sec total\n|\n|t:|1783559864\n|switch|p2a: Golem|Golem, L87, F, tera:Ground|29/100\n|-terastallize|p1a: Lugia|Steel\n|move|p1a: Lugia|Psychic Noise|p2a: Golem\n|-damage|p2a: Golem|0 fnt\n|faint|p2a: Golem\n|\n|upkeep\n|\n|t:|1783559864\n|switch|p2a: Donphan|Donphan, L84, M|28/100\n|turn|29\n|inactive|Time left: 300 sec this turn | 300 sec total\n|\n|t:|1783559865\n|move|p2a: Donphan|Ice Shard|p1a: Lugia\n|-resisted|p1a: Lugia\n|-damage|p1a: Lugia|124/275\n|move|p1a: Lugia|Psychic Noise|p2a: Donphan\n|-damage|p2a: Donphan|0 fnt\n|faint|p2a: Donphan\n|\n|win|p0x17118689", "uploadtime": 1783559865, "views": 0, "rating": 0, "private": 0, "password": null, "_winner": "p0x17118689", "_our_name": "p0x17118689"}