{"id": "battle-gen9randombattle-162", "formatid": "gen9randombattle", "format": "[Gen 9] Random Battle", "players": ["p0x1620f9c", "p0y1628e16"], "log": "|init|battle\n|title|p0x1620f9c vs. p0y1628e16\n|j|\u2606p0x1620f9c\n|j|\u2606p0y1628e16\n|t:|1783541028\n|gametype|singles\n|player|p1|p0x1620f9c|102|\n|player|p2|p0y1628e16|101|\n|gen|9\n|tier|[Gen 9] Random Battle\n|rule|Species Clause: Limit one of each Pok\u00e9mon\n|rule|HP Percentage Mod: HP is shown in percentages\n|rule|Sleep Clause Mod: Limit one foe put to sleep\n|rule|Illusion Level Mod: Illusion disguises the Pok\u00e9mon's true level\n|\n|t:|1783541028\n|teamsize|p1|6\n|teamsize|p2|6\n|start\n|switch|p1a: Latias|Latias, L79, F|256/256\n|switch|p2a: Piloswine|Piloswine, L85, M|100/100\n|turn|1\n|inactive|Battle timer is ON: inactive players will automatically lose when time's up. (requested by p0x1620f9c)\n|inactive|p0y1628e16 also wants the timer to be on.\n|\n|t:|1783541029\n|move|p1a: Latias|Calm Mind|p1a: Latias\n|-boost|p1a: Latias|spa|1\n|-boost|p1a: Latias|spd|1\n|move|p2a: Piloswine|Stealth Rock|p1a: Latias\n|-sidestart|p1: p0x1620f9c|move: Stealth Rock\n|\n|upkeep\n|turn|2\n|inactive|Time left: 300 sec this turn | 300 sec total\n|\n|t:|1783541030\n|move|p1a: Latias|Psyshock|p2a: Piloswine\n|-damage|p2a: Piloswine|65/100\n|move|p2a: Piloswine|Icicle Crash|p1a: Latias|[miss]\n|-miss|p2a: Piloswine|p1a: Latias\n|\n|upkeep\n|turn|3\n|inactive|Time left: 300 sec this turn | 300 sec total\n|\n|t:|1783541031\n|move|p1a: Latias|Draco Meteor|p2a: Piloswine\n|-damage|p2a: Piloswine|0 fnt\n|-unboost|p1a: Latias|spa|2\n|faint|p2a: Piloswine\n|\n|upkeep\n|\n|t:|1783541031\n|switch|p2a: Frosmoth|Frosmoth, L82, F|100/100\n|turn|4\n|inactive|Time left: 300 sec this turn | 300 sec total\n|\n|t:|1783541032\n|move|p1a: Latias|Calm Mind|p1a: Latias\n|-boost|p1a: Latias|spa|1\n|-boost|p1a: Latias|spd|1\n|move|p2a: Frosmoth|Quiver Dance|p2a: Frosmoth\n|-boost|p2a: Frosmoth|spa|1\n|-boost|p2a: Frosmoth|spd|1\n|-boost|p2a: Frosmoth|spe|1\n|\n|upkeep\n|turn|5\n|inactive|Time left: 300 sec this turn | 300 sec total\n|\n|t:|1783541033\n|move|p2a: Frosmoth|Quiver Dance|p2a: Frosmoth\n|-boost|p2a: Frosmoth|spa|1\n|-boost|p2a: Frosmoth|spd|1\n|-boost|p2a: Frosmoth|spe|1\n|move|p1a: Latias|Calm Mind|p1a: Latias\n|-boost|p1a: Latias|spa|1\n|-boost|p1a: Latias|spd|1\n|\n|upkeep\n|turn|6\n|inactive|Time left: 300 sec this turn | 300 sec total\n|\n|t:|1783541034\n|move|p2a: Frosmoth|Quiver Dance|p2a: Frosmoth\n|-boost|p2a: Frosmoth|spa|1\n|-boost|p2a: Frosmoth|spd|1\n|-boost|p2a: Frosmoth|spe|1\n|move|p1a: Latias|Psyshock|p2a: Frosmoth\n|-damage|p2a: Frosmoth|59/100\n|\n|upkeep\n|turn|7\n|inactive|Time left: 300 sec this turn | 300 sec total\n|\n|t:|1783541034\n|-terastallize|p1a: Latias|Steel\n|move|p2a: Frosmoth|Hurricane|p1a: Latias\n|-resisted|p1a: Latias\n|-damage|p1a: Latias|222/256\n|move|p1a: Latias|Psyshock|p2a: Frosmoth\n|-damage|p2a: Frosmoth|19/100\n|\n|upkeep\n|turn|8\n|inactive|Time left: 300 sec this turn | 300 sec total\n|\n|t:|1783541035\n|move|p2a: Frosmoth|Hurricane|p1a: Latias\n|-resisted|p1a: Latias\n|-damage|p1a: Latias|186/256\n|-start|p1a: Latias|confusion\n|-activate|p1a: Latias|confusion\n|move|p1a: Latias|Psyshock|p2a: Frosmoth\n|-damage|p2a: Frosmoth|0 fnt\n|faint|p2a: Frosmoth\n|\n|upkeep\n|\n|t:|1783541036\n|switch|p2a: Bellossom|Bellossom, L84, F|100/100\n|turn|9\n|inactive|Time left: 300 sec this turn | 300 sec total\n|\n|t:|1783541037\n|-activate|p1a: Latias|confusion\n|-damage|p1a: Latias|167/256|[from] confusion\n|move|p2a: Bellossom|Quiver Dance|p2a: Bellossom\n|-boost|p2a: Bellossom|spa|1\n|-boost|p2a: Bellossom|spd|1\n|-boost|p2a: Bellossom|spe|1\n|\n|upkeep\n|turn|10\n|inactive|Time left: 300 sec this turn | 300 sec total\n|\n|t:|1783541038\n|-activate|p1a: Latias|confusion\n|move|p1a: Latias|Calm Mind|p1a: Latias\n|-boost|p1a: Latias|spa|1\n|-boost|p1a: Latias|spd|1\n|move|p2a: Bellossom|Quiver Dance|p2a: Bellossom\n|-boost|p2a: Bellossom|spa|1\n|-boost|p2a: Bellossom|spd|1\n|-boost|p2a: Bellossom|spe|1\n|\n|upkeep\n|turn|11\n|inactive|Time left: 300 sec this turn | 300 sec total\n|\n|t:|1783541039\n|move|p2a: Bellossom|Quiver Dance|p2a: Bellossom\n|-boost|p2a: Bellossom|spa|1\n|-boost|p2a: Bellossom|spd|1\n|-boost|p2a: Bellossom|spe|1\n|-activate|p1a: Latias|confusion\n|-damage|p1a: Latias|148/256|[from] confusion\n|\n|upkeep\n|turn|12\n|inactive|Time left: 300 sec this turn | 300 sec total\n|\n|t:|1783541040\n|move|p2a: Bellossom|Quiver Dance|p2a: Bellossom\n|-boost|p2a: Bellossom|spa|1\n|-boost|p2a: Bellossom|spd|1\n|-boost|p2a: Bellossom|spe|1\n|-end|p1a: Latias|confusion\n|move|p1a: Latias|Psyshock|p2a: Bellossom\n|-damage|p2a: Bellossom|29/100\n|\n|-heal|p2a: Bellossom|35/100|[from] item: Leftovers\n|upkeep\n|turn|13\n|inactive|Time left: 300 sec this turn | 300 sec total\n|\n|t:|1783541042\n|move|p2a: Bellossom|Strength Sap|p1a: Latias\n|-unboost|p1a: Latias|atk|1\n|-heal|p2a: Bellossom|85/100\n|move|p1a: Latias|Psyshock|p2a: Bellossom\n|-damage|p2a: Bellossom|11/100\n|\n|-heal|p2a: Bellossom|17/100|[from] item: Leftovers\n|upkeep\n|turn|14\n|inactive|Time left: 300 sec this turn | 300 sec total\n|\n|t:|1783541043\n|move|p2a: Bellossom|Strength Sap|p1a: Latias\n|-unboost|p1a: Latias|atk|1\n|-heal|p2a: Bellossom|50/100\n|move|p1a: Latias|Psyshock|p2a: Bellossom\n|-damage|p2a: Bellossom|0 fnt\n|faint|p2a: Bellossom\n|\n|upkeep\n|\n|t:|1783541044\n|switch|p2a: Porygon-Z|Porygon-Z, L83|100/100\n|turn|15\n|inactive|Time left: 300 sec this turn | 300 sec total\n|\n|t:|1783541045\n|move|p1a: Latias|Draco Meteor|p2a: Porygon-Z\n|-damage|p2a: Porygon-Z|0 fnt\n|-unboost|p1a: Latias|spa|2\n|faint|p2a: Porygon-Z\n|\n|upkeep\n|\n|t:|1783541046\n|switch|p2a: Inteleon|Inteleon, L81, M|100/100\n|turn|16\n|inactive|Time left: 300 sec this turn | 300 sec total\n|\n|t:|1783541047\n|move|p2a: Inteleon|Scald|p1a: Latias\n|-damage|p1a: Latias|112/256\n|move|p1a: Latias|Psyshock|p2a: Inteleon\n|-damage|p2a: Inteleon|45/100\n|\n|upkeep\n|turn|17\n|inactive|Time left: 300 sec this turn | 300 sec total\n|\n|t:|1783541048\n|move|p2a: Inteleon|Scald|p1a: Latias\n|-damage|p1a: Latias|75/256\n|move|p1a: Latias|Psyshock|p2a: Inteleon\n|-damage|p2a: Inteleon|0 fnt\n|faint|p2a: Inteleon\n|\n|upkeep\n|\n|t:|1783541049\n|switch|p2a: Dedenne|Dedenne, L88, M|100/100\n|turn|18\n|inactive|Time left: 300 sec this turn | 300 sec total\n|\n|t:|1783541050\n|move|p2a: Dedenne|Super Fang|p1a: Latias\n|-damage|p1a: Latias|38/256\n|move|p1a: Latias|Psyshock|p2a: Dedenne\n|-damage|p2a: Dedenne|53/100\n|\n|upkeep\n|turn|19\n|inactive|Time left: 300 sec this turn | 300 sec total\n|\n|t:|1783541051\n|switch|p1a: Gholdengo|Gholdengo, L77|261/261\n|-damage|p1a: Gholdengo|245/261|[from] Stealth Rock\n|move|p2a: Dedenne|Thunderbolt|p1a: Gholdengo\n|-damage|p1a: Gholdengo|140/261\n|\n|-heal|p1a: Gholdengo|156/261|[from] item: Leftovers\n|upkeep\n|turn|20\n|inactive|Time left: 300 sec this turn | 300 sec total\n|\n|t:|1783541052\n|move|p2a: Dedenne|Thunderbolt|p1a: Gholdengo\n|-damage|p1a: Gholdengo|62/261\n|move|p1a: Gholdengo|Make It Rain|p2a: Dedenne\n|-damage|p2a: Dedenne|0 fnt\n|-unboost|p1a: Gholdengo|spa|1\n|faint|p2a: Dedenne\n|\n|win|p0x1620f9c", "uploadtime": 1783541052, "views": 0, "rating": 0, "private": 0, "password": null, "_winner": "p0x1620f9c", "_our_name": "p0x1620f9c"}