{"id": "battle-gen9randombattle-2707", "formatid": "gen9randombattle", "format": "[Gen 9] Random Battle", "players": ["p0x2707310b", "p0y27071de7"], "log": "|init|battle\n|title|p0x2707310b vs. p0y27071de7\n|j|\u2606p0x2707310b\n|j|\u2606p0y27071de7\n|t:|1783571197\n|gametype|singles\n|player|p1|p0x2707310b|170|\n|player|p2|p0y27071de7|169|\n|gen|9\n|tier|[Gen 9] Random Battle\n|rule|Species Clause: Limit one of each Pok\u00e9mon\n|rule|HP Percentage Mod: HP is shown in percentages\n|rule|Sleep Clause Mod: Limit one foe put to sleep\n|rule|Illusion Level Mod: Illusion disguises the Pok\u00e9mon's true level\n|\n|t:|1783571197\n|teamsize|p1|6\n|teamsize|p2|6\n|start\n|switch|p1a: Armarouge|Armarouge, L80, M|100/100\n|switch|p2a: Sandy Shocks|Sandy Shocks, L80|267/267\n|turn|1\n|inactive|Battle timer is ON: inactive players will automatically lose when time's up. (requested by p0x2707310b)\n|inactive|Time left: 300 sec this turn | 300 sec total | 60 sec grace\n|inactive|p0y27071de7 also wants the timer to be on.\n|\n|t:|1783571199\n|switch|p1a: Flygon|Flygon, L82, M|100/100\n|move|p2a: Sandy Shocks|Earth Power|p1a: Flygon\n|-immune|p1a: Flygon|[from] ability: Levitate\n|\n|upkeep\n|turn|2\n|inactive|Time left: 300 sec this turn | 300 sec total\n|\n|t:|1783571200\n|-end|p2a: Sandy Shocks|Protosynthesis|[silent]\n|switch|p2a: Wigglytuff|Wigglytuff, L96, F|424/424\n|move|p1a: Flygon|Dragon Dance|p1a: Flygon\n|-boost|p1a: Flygon|atk|1\n|-boost|p1a: Flygon|spe|1\n|\n|upkeep\n|turn|3\n|inactive|Time left: 300 sec this turn | 300 sec total\n|\n|t:|1783571202\n|move|p1a: Flygon|Earthquake|p2a: Wigglytuff\n|-damage|p2a: Wigglytuff|201/424\n|move|p2a: Wigglytuff|Dazzling Gleam|p1a: Flygon\n|-supereffective|p1a: Flygon\n|-damage|p1a: Flygon|17/100\n|\n|-heal|p2a: Wigglytuff|227/424|[from] item: Leftovers\n|upkeep\n|turn|4\n|inactive|Time left: 300 sec this turn | 300 sec total\n|\n|t:|1783571203\n|move|p1a: Flygon|Earthquake|p2a: Wigglytuff\n|-damage|p2a: Wigglytuff|4/424\n|move|p2a: Wigglytuff|Dazzling Gleam|p1a: Flygon\n|-supereffective|p1a: Flygon\n|-damage|p1a: Flygon|0 fnt\n|faint|p1a: Flygon\n|\n|-heal|p2a: Wigglytuff|30/424|[from] item: Leftovers\n|upkeep\n|\n|t:|1783571204\n|switch|p1a: Armarouge|Armarouge, L80, M|100/100\n|turn|5\n|inactive|Time left: 300 sec this turn | 300 sec total\n|\n|t:|1783571205\n|move|p2a: Wigglytuff|Protect|p2a: Wigglytuff\n|-singleturn|p2a: Wigglytuff|Protect\n|move|p1a: Armarouge|Meteor Beam||[still]\n|-prepare|p1a: Armarouge|Meteor Beam\n|-boost|p1a: Armarouge|spa|1\n|-enditem|p1a: Armarouge|Power Herb\n|-anim|p1a: Armarouge|Meteor Beam|p2a: Wigglytuff\n|-activate|p2a: Wigglytuff|move: Protect\n|\n|-heal|p2a: Wigglytuff|56/424|[from] item: Leftovers\n|upkeep\n|turn|6\n|inactive|Time left: 300 sec this turn | 300 sec total\n|\n|t:|1783571206\n|move|p1a: Armarouge|Energy Ball|p2a: Wigglytuff\n|-damage|p2a: Wigglytuff|0 fnt\n|faint|p2a: Wigglytuff\n|\n|upkeep\n|inactive|Time left: 300 sec this turn | 300 sec total | 5 sec grace\n|\n|t:|1783571207\n|switch|p2a: Basculin|Basculin-Blue-Striped, L86, F|261/261\n|turn|7\n|inactive|Time left: 300 sec this turn | 300 sec total\n|\n|t:|1783571208\n|move|p2a: Basculin|Wave Crash|p1a: Armarouge\n|-supereffective|p1a: Armarouge\n|-damage|p1a: Armarouge|0 fnt\n|faint|p1a: Armarouge\n|-damage|p2a: Basculin|173/261|[from] Recoil\n|\n|upkeep\n|\n|t:|1783571209\n|switch|p1a: Golem|Golem, L87, F|100/100\n|turn|8\n|inactive|Time left: 300 sec this turn | 300 sec total\n|\n|t:|1783571210\n|move|p2a: Basculin|Wave Crash|p1a: Golem\n|-supereffective|p1a: Golem\n|-ability|p1a: Golem|Sturdy\n|-damage|p1a: Golem|1/100\n|-damage|p2a: Basculin|81/261|[from] Recoil\n|move|p1a: Golem|Earthquake|p2a: Basculin\n|-damage|p2a: Basculin|0 fnt\n|faint|p2a: Basculin\n|\n|upkeep\n|inactive|Time left: 300 sec this turn | 300 sec total | 5 sec grace\n|\n|t:|1783571211\n|switch|p2a: Gogoat|Gogoat, L88, F|360/360\n|turn|9\n|inactive|Time left: 300 sec this turn | 300 sec total\n|-enditem|p1a: Golem|Custap Berry|[eat]\n|-activate|p1a: Golem|item: Custap Berry|[consumed]\n|\n|t:|1783571212\n|move|p1a: Golem|Explosion|p2a: Gogoat\n|-damage|p2a: Gogoat|86/360\n|faint|p1a: Golem\n|move|p2a: Gogoat|Bulk Up|p2a: Gogoat\n|-boost|p2a: Gogoat|atk|1\n|-boost|p2a: Gogoat|def|1\n|\n|-heal|p2a: Gogoat|108/360|[from] item: Leftovers\n|upkeep\n|\n|t:|1783571213\n|switch|p1a: Darkrai|Darkrai, L77|100/100\n|turn|10\n|inactive|Time left: 300 sec this turn | 300 sec total\n|\n|t:|1783571214\n|-terastallize|p2a: Gogoat|Ground\n|move|p1a: Darkrai|Dark Pulse|p2a: Gogoat\n|-damage|p2a: Gogoat|0 fnt\n|faint|p2a: Gogoat\n|-damage|p1a: Darkrai|91/100|[from] item: Life Orb\n|\n|upkeep\n|inactive|Time left: 300 sec this turn | 300 sec total | 5 sec grace\n|\n|t:|1783571215\n|switch|p2a: Dudunsparce|Dudunsparce-Three-Segment, L83, F|343/343\n|turn|11\n|inactive|Time left: 300 sec this turn | 300 sec total\n|\n|t:|1783571216\n|move|p1a: Darkrai|Nasty Plot|p1a: Darkrai\n|-boost|p1a: Darkrai|spa|2\n|move|p2a: Dudunsparce|Boomburst|p1a: Darkrai\n|-damage|p1a: Darkrai|35/100\n|\n|upkeep\n|turn|12\n|inactive|Time left: 300 sec this turn | 300 sec total\n|\n|t:|1783571217\n|move|p1a: Darkrai|Focus Blast|p2a: Dudunsparce\n|-supereffective|p2a: Dudunsparce\n|-damage|p2a: Dudunsparce|0 fnt\n|faint|p2a: Dudunsparce\n|-damage|p1a: Darkrai|25/100|[from] item: Life Orb\n|\n|upkeep\n|inactive|Time left: 300 sec this turn | 300 sec total | 5 sec grace\n|\n|t:|1783571218\n|switch|p2a: Sandy Shocks|Sandy Shocks, L80|267/267\n|turn|13\n|inactive|Time left: 300 sec this turn | 300 sec total\n|\n|t:|1783571219\n|move|p1a: Darkrai|Dark Pulse|p2a: Sandy Shocks\n|-damage|p2a: Sandy Shocks|20/267\n|-damage|p1a: Darkrai|15/100|[from] item: Life Orb\n|move|p2a: Sandy Shocks|Earth Power|p1a: Darkrai\n|-damage|p1a: Darkrai|0 fnt\n|faint|p1a: Darkrai\n|\n|upkeep\n|\n|t:|1783571220\n|switch|p1a: Cramorant|Cramorant, L86, M|100/100\n|turn|14\n|inactive|Time left: 300 sec this turn | 300 sec total\n|\n|t:|1783571221\n|-terastallize|p1a: Cramorant|Ground\n|move|p2a: Sandy Shocks|Thunderbolt|p1a: Cramorant\n|-immune|p1a: Cramorant\n|move|p1a: Cramorant|Surf|p2a: Sandy Shocks\n|-formechange|p1a: Cramorant|Cramorant-Gulping|\n|-supereffective|p2a: Sandy Shocks\n|-damage|p2a: Sandy Shocks|0 fnt\n|faint|p2a: Sandy Shocks\n|-end|p2a: Sandy Shocks|Protosynthesis|[silent]\n|\n|upkeep\n|inactive|Time left: 300 sec this turn | 300 sec total | 5 sec grace\n|\n|t:|1783571221\n|switch|p2a: Oricorio|Oricorio-Pom-Pom, L82, M|257/257\n|turn|15\n|inactive|Time left: 300 sec this turn | 300 sec total\n|\n|t:|1783571222\n|move|p2a: Oricorio|Quiver Dance|p2a: Oricorio\n|-boost|p2a: Oricorio|spa|1\n|-boost|p2a: Oricorio|spd|1\n|-boost|p2a: Oricorio|spe|1\n|move|p1a: Cramorant|Surf|p2a: Oricorio\n|-damage|p2a: Oricorio|188/257\n|\n|upkeep\n|turn|16\n|inactive|Time left: 300 sec this turn | 300 sec total\n|\n|t:|1783571223\n|move|p2a: Oricorio|Quiver Dance|p2a: Oricorio\n|-boost|p2a: Oricorio|spa|1\n|-boost|p2a: Oricorio|spd|1\n|-boost|p2a: Oricorio|spe|1\n|move|p1a: Cramorant|Surf|p2a: Oricorio\n|-damage|p2a: Oricorio|127/257\n|\n|upkeep\n|turn|17\n|inactive|Time left: 300 sec this turn | 300 sec total\n|\n|t:|1783571224\n|move|p2a: Oricorio|Roost|p2a: Oricorio\n|-heal|p2a: Oricorio|256/257\n|-singleturn|p2a: Oricorio|move: Roost\n|move|p1a: Cramorant|Surf|p2a: Oricorio\n|-damage|p2a: Oricorio|202/257\n|\n|upkeep\n|turn|18\n|inactive|Time left: 300 sec this turn | 300 sec total\n|\n|t:|1783571224\n|move|p2a: Oricorio|Quiver Dance|p2a: Oricorio\n|-boost|p2a: Oricorio|spa|1\n|-boost|p2a: Oricorio|spd|1\n|-boost|p2a: Oricorio|spe|1\n|move|p1a: Cramorant|Surf|p2a: Oricorio\n|-damage|p2a: Oricorio|157/257\n|\n|upkeep\n|turn|19\n|inactive|Time left: 300 sec this turn | 300 sec total\n|\n|t:|1783571225\n|move|p2a: Oricorio|Quiver Dance|p2a: Oricorio\n|-boost|p2a: Oricorio|spa|1\n|-boost|p2a: Oricorio|spd|1\n|-boost|p2a: Oricorio|spe|1\n|move|p1a: Cramorant|Surf|p2a: Oricorio\n|-damage|p2a: Oricorio|118/257\n|\n|upkeep\n|turn|20\n|inactive|Time left: 300 sec this turn | 300 sec total\n|\n|t:|1783571226\n|move|p2a: Oricorio|Roost|p2a: Oricorio\n|-heal|p2a: Oricorio|247/257\n|-singleturn|p2a: Oricorio|move: Roost\n|move|p1a: Cramorant|Surf|p2a: Oricorio\n|-damage|p2a: Oricorio|208/257\n|\n|upkeep\n|turn|21\n|inactive|Time left: 300 sec this turn | 300 sec total\n|\n|t:|1783571227\n|move|p2a: Oricorio|Hurricane|p1a: Cramorant|[miss]\n|-miss|p2a: Oricorio|p1a: Cramorant\n|move|p1a: Cramorant|Brave Bird|p2a: Oricorio\n|-resisted|p2a: Oricorio\n|-damage|p2a: Oricorio|132/257\n|-damage|p1a: Cramorant|91/100|[from] Recoil\n|\n|upkeep\n|turn|22\n|inactive|Time left: 300 sec this turn | 300 sec total\n|\n|t:|1783571228\n|move|p2a: Oricorio|Hurricane|p1a: Cramorant|[miss]\n|-miss|p2a: Oricorio|p1a: Cramorant\n|move|p1a: Cramorant|Brave Bird|p2a: Oricorio\n|-resisted|p2a: Oricorio\n|-damage|p2a: Oricorio|60/257\n|-damage|p1a: Cramorant|82/100|[from] Recoil\n|\n|upkeep\n|turn|23\n|inactive|Time left: 300 sec this turn | 300 sec total\n|\n|t:|1783571228\n|move|p2a: Oricorio|Roost|p2a: Oricorio\n|-heal|p2a: Oricorio|189/257\n|-singleturn|p2a: Oricorio|move: Roost\n|move|p1a: Cramorant|Surf|p2a: Oricorio\n|-damage|p2a: Oricorio|152/257\n|\n|upkeep\n|turn|24\n|inactive|Time left: 300 sec this turn | 300 sec total\n|\n|t:|1783571229\n|move|p2a: Oricorio|Hurricane|p1a: Cramorant|[miss]\n|-miss|p2a: Oricorio|p1a: Cramorant\n|move|p1a: Cramorant|Brave Bird|p2a: Oricorio\n|-resisted|p2a: Oricorio\n|-damage|p2a: Oricorio|80/257\n|-damage|p1a: Cramorant|73/100|[from] Recoil\n|\n|upkeep\n|turn|25\n|inactive|Time left: 300 sec this turn | 300 sec total\n|\n|t:|1783571230\n|move|p2a: Oricorio|Roost|p2a: Oricorio\n|-heal|p2a: Oricorio|209/257\n|-singleturn|p2a: Oricorio|move: Roost\n|move|p1a: Cramorant|Brave Bird|p2a: Oricorio\n|-resisted|p2a: Oricorio\n|-damage|p2a: Oricorio|136/257\n|-damage|p1a: Cramorant|63/100|[from] Recoil\n|\n|upkeep\n|turn|26\n|inactive|Time left: 300 sec this turn | 300 sec total\n|\n|t:|1783571231\n|move|p2a: Oricorio|Hurricane|p1a: Cramorant|[miss]\n|-miss|p2a: Oricorio|p1a: Cramorant\n|move|p1a: Cramorant|Brave Bird|p2a: Oricorio\n|-resisted|p2a: Oricorio\n|-damage|p2a: Oricorio|67/257\n|-damage|p1a: Cramorant|55/100|[from] Recoil\n|\n|upkeep\n|turn|27\n|inactive|Time left: 300 sec this turn | 300 sec total\n|\n|t:|1783571232\n|move|p2a: Oricorio|Roost|p2a: Oricorio\n|-heal|p2a: Oricorio|196/257\n|-singleturn|p2a: Oricorio|move: Roost\n|move|p1a: Cramorant|Brave Bird|p2a: Oricorio\n|-resisted|p2a: Oricorio\n|-damage|p2a: Oricorio|129/257\n|-damage|p1a: Cramorant|46/100|[from] Recoil\n|\n|upkeep\n|turn|28\n|inactive|Time left: 300 sec this turn | 300 sec total\n|\n|t:|1783571233\n|move|p2a: Oricorio|Hurricane|p1a: Cramorant\n|-damage|p1a: Cramorant|0 fnt\n|-damage|p2a: Oricorio|65/257|[from] ability: Gulp Missile|[of] p1a: Cramorant\n|-unboost|p2a: Oricorio|def|1\n|-formechange|p1a: Cramorant|Cramorant|\n|faint|p1a: Cramorant\n|\n|upkeep\n|\n|t:|1783571234\n|switch|p1a: Araquanid|Araquanid, L82, F|100/100\n|turn|29\n|inactive|Time left: 300 sec this turn | 300 sec total\n|\n|t:|1783571234\n|move|p2a: Oricorio|Revelation Dance|p1a: Araquanid\n|-supereffective|p1a: Araquanid\n|-damage|p1a: Araquanid|0 fnt\n|faint|p1a: Araquanid\n|\n|win|p0y27071de7", "uploadtime": 1783571234, "views": 0, "rating": 0, "private": 0, "password": null, "_winner": "p0y27071de7", "_our_name": "p0y27071de7"}