{"id": "battle-gen9randombattle-122", "formatid": "gen9randombattle", "format": "[Gen 9] Random Battle", "players": ["p0x1222079", "p0y1220e0d"], "log": "|init|battle\n|title|p0x1222079 vs. p0y1220e0d\n|j|\u2606p0x1222079\n|j|\u2606p0y1220e0d\n|t:|1783540587\n|gametype|singles\n|player|p1|p0x1222079|266|\n|player|p2|p0y1220e0d|2|\n|gen|9\n|tier|[Gen 9] Random Battle\n|rule|Species Clause: Limit one of each Pok\u00e9mon\n|rule|HP Percentage Mod: HP is shown in percentages\n|rule|Sleep Clause Mod: Limit one foe put to sleep\n|rule|Illusion Level Mod: Illusion disguises the Pok\u00e9mon's true level\n|\n|t:|1783540587\n|teamsize|p1|6\n|teamsize|p2|6\n|start\n|switch|p1a: Phione|Phione, L91|293/293\n|switch|p2a: Pelipper|Pelipper, L86, M|100/100\n|-weather|RainDance|[from] ability: Drizzle|[of] p2a: Pelipper\n|turn|1\n|inactive|Battle timer is ON: inactive players will automatically lose when time's up. (requested by p0x1222079)\n|\n|t:|1783540588\n|move|p1a: Phione|Scald|p2a: Pelipper\n|-resisted|p2a: Pelipper\n|-damage|p2a: Pelipper|71/100\n|move|p2a: Pelipper|Hurricane|p1a: Phione\n|-crit|p1a: Phione\n|-damage|p1a: Phione|25/293\n|\n|-weather|RainDance|[upkeep]\n|-heal|p1a: Phione|43/293|[from] item: Leftovers\n|upkeep\n|turn|2\n|inactive|p0y1220e0d also wants the timer to be on.\n|inactive|Time left: 300 sec this turn | 300 sec total\n|\n|t:|1783540589\n|move|p1a: Phione|Rest|p1a: Phione\n|-status|p1a: Phione|slp|[from] move: Rest\n|-heal|p1a: Phione|293/293 slp|[silent]\n|move|p2a: Pelipper|Hurricane|p1a: Phione\n|-damage|p1a: Phione|122/293 slp\n|\n|-weather|RainDance|[upkeep]\n|-activate|p1a: Phione|ability: Hydration\n|-curestatus|p1a: Phione|slp|[msg]\n|-heal|p1a: Phione|140/293|[from] item: Leftovers\n|upkeep\n|turn|3\n|inactive|Time left: 300 sec this turn | 300 sec total\n|\n|t:|1783540590\n|move|p1a: Phione|Rest|p1a: Phione\n|-status|p1a: Phione|slp|[from] move: Rest\n|-heal|p1a: Phione|293/293 slp|[silent]\n|move|p2a: Pelipper|Hurricane|p1a: Phione\n|-damage|p1a: Phione|104/293 slp\n|-start|p1a: Phione|confusion\n|\n|-weather|RainDance|[upkeep]\n|-activate|p1a: Phione|ability: Hydration\n|-curestatus|p1a: Phione|slp|[msg]\n|-heal|p1a: Phione|122/293|[from] item: Leftovers\n|upkeep\n|turn|4\n|inactive|Time left: 300 sec this turn | 300 sec total\n|\n|t:|1783540591\n|switch|p1a: Electrode|Electrode, L92|260/260\n|move|p2a: Pelipper|Hurricane|p1a: Electrode\n|-resisted|p1a: Electrode\n|-damage|p1a: Electrode|167/260\n|-start|p1a: Electrode|confusion\n|\n|-weather|RainDance|[upkeep]\n|upkeep\n|turn|5\n|inactive|Time left: 300 sec this turn | 300 sec total\n|\n|t:|1783540593\n|switch|p2a: Mudsdale|Mudsdale, L83, M|100/100\n|-activate|p1a: Electrode|confusion\n|move|p1a: Electrode|Volt Switch|p2a: Mudsdale\n|-immune|p2a: Mudsdale\n|\n|-weather|none\n|upkeep\n|turn|6\n|inactive|Time left: 300 sec this turn | 300 sec total\n|\n|t:|1783540594\n|switch|p1a: Crabominable|Crabominable, L90, M|321/321\n|move|p2a: Mudsdale|Earthquake|p1a: Crabominable\n|-damage|p1a: Crabominable|183/321\n|\n|upkeep\n|turn|7\n|inactive|Time left: 300 sec this turn | 300 sec total\n|\n|t:|1783540595\n|move|p1a: Crabominable|Ice Hammer|p2a: Mudsdale\n|-supereffective|p2a: Mudsdale\n|-damage|p2a: Mudsdale|0 fnt\n|-unboost|p1a: Crabominable|spe|1\n|faint|p2a: Mudsdale\n|\n|upkeep\n|\n|t:|1783540596\n|switch|p2a: Pelipper|Pelipper, L86, M|71/100\n|-weather|RainDance|[from] ability: Drizzle|[of] p2a: Pelipper\n|turn|8\n|inactive|Time left: 300 sec this turn | 300 sec total\n|\n|t:|1783540597\n|switch|p1a: Electrode|Electrode, L92|167/260\n|move|p2a: Pelipper|Hurricane|p1a: Electrode\n|-resisted|p1a: Electrode\n|-damage|p1a: Electrode|74/260\n|-start|p1a: Electrode|confusion\n|\n|-weather|RainDance|[upkeep]\n|upkeep\n|turn|9\n|inactive|Time left: 300 sec this turn | 300 sec total\n|\n|t:|1783540598\n|switch|p2a: Golem|Golem-Alola, L93, M|100/100\n|-activate|p1a: Electrode|confusion\n|-damage|p1a: Electrode|58/260|[from] confusion\n|\n|-weather|RainDance|[upkeep]\n|upkeep\n|turn|10\n|inactive|Time left: 300 sec this turn | 300 sec total\n|\n|t:|1783540600\n|-activate|p1a: Electrode|confusion\n|-damage|p1a: Electrode|41/260|[from] confusion\n|move|p2a: Golem|Double-Edge|p1a: Electrode\n|-resisted|p1a: Electrode\n|-damage|p1a: Electrode|0 fnt\n|faint|p1a: Electrode\n|-damage|p2a: Golem|96/100|[from] Recoil\n|\n|-weather|RainDance|[upkeep]\n|upkeep\n|inactive|Time left: 300 sec this turn | 300 sec total | 5 sec grace\n|\n|t:|1783540601\n|switch|p1a: Phione|Phione, L91|122/293\n|turn|11\n|inactive|Time left: 300 sec this turn | 300 sec total\n|\n|t:|1783540602\n|switch|p2a: Golduck|Golduck, L90, M|100/100\n|move|p1a: Phione|Scald|p2a: Golduck\n|-resisted|p2a: Golduck\n|-damage|p2a: Golduck|77/100\n|\n|-weather|RainDance|[upkeep]\n|-heal|p2a: Golduck|83/100|[from] item: Leftovers\n|-heal|p1a: Phione|140/293|[from] item: Leftovers\n|upkeep\n|turn|12\n|inactive|Time left: 300 sec this turn | 300 sec total\n|\n|t:|1783540603\n|move|p2a: Golduck|Nasty Plot|p2a: Golduck\n|-boost|p2a: Golduck|spa|2\n|move|p1a: Phione|Scald|p2a: Golduck\n|-resisted|p2a: Golduck\n|-damage|p2a: Golduck|60/100\n|\n|-weather|none\n|-heal|p2a: Golduck|66/100|[from] item: Leftovers\n|-heal|p1a: Phione|158/293|[from] item: Leftovers\n|upkeep\n|turn|13\n|inactive|Time left: 300 sec this turn | 300 sec total\n|\n|t:|1783540604\n|switch|p1a: Ludicolo|Ludicolo, L90, F|290/290\n|move|p2a: Golduck|Hydro Pump|p1a: Ludicolo\n|-resisted|p1a: Ludicolo\n|-damage|p1a: Ludicolo|236/290\n|\n|-heal|p2a: Golduck|73/100|[from] item: Leftovers\n|upkeep\n|turn|14\n|inactive|Time left: 300 sec this turn | 300 sec total\n|\n|t:|1783540605\n|move|p2a: Golduck|Ice Beam|p1a: Ludicolo\n|-damage|p1a: Ludicolo|110/290\n|move|p1a: Ludicolo|Giga Drain|p2a: Golduck\n|-supereffective|p2a: Golduck\n|-damage|p2a: Golduck|0 fnt\n|-heal|p1a: Ludicolo|215/290|[from] drain|[of] p2a: Golduck\n|faint|p2a: Golduck\n|-damage|p1a: Ludicolo|186/290|[from] item: Life Orb\n|\n|upkeep\n|\n|t:|1783540606\n|switch|p2a: Bombirdier|Bombirdier, L85, F|100/100\n|turn|15\n|inactive|Time left: 300 sec this turn | 300 sec total\n|\n|t:|1783540607\n|switch|p1a: Vigoroth|Vigoroth, L85, M|275/275\n|move|p2a: Bombirdier|Brave Bird|p1a: Vigoroth\n|-damage|p1a: Vigoroth|122/275\n|-damage|p2a: Bombirdier|81/100|[from] Recoil\n|\n|upkeep\n|turn|16\n|inactive|Time left: 300 sec this turn | 300 sec total\n|\n|t:|1783540608\n|move|p1a: Vigoroth|Slack Off|p1a: Vigoroth\n|-heal|p1a: Vigoroth|260/275\n|move|p2a: Bombirdier|Brave Bird|p1a: Vigoroth\n|-damage|p1a: Vigoroth|106/275\n|-damage|p2a: Bombirdier|61/100|[from] Recoil\n|\n|upkeep\n|turn|17\n|inactive|Time left: 300 sec this turn | 300 sec total\n|\n|t:|1783540609\n|move|p1a: Vigoroth|Slack Off|p1a: Vigoroth\n|-heal|p1a: Vigoroth|244/275\n|move|p2a: Bombirdier|Brave Bird|p1a: Vigoroth\n|-damage|p1a: Vigoroth|109/275\n|-damage|p2a: Bombirdier|44/100|[from] Recoil\n|\n|upkeep\n|turn|18\n|inactive|Time left: 300 sec this turn | 300 sec total\n|\n|t:|1783540610\n|move|p1a: Vigoroth|Slack Off|p1a: Vigoroth\n|-heal|p1a: Vigoroth|247/275\n|move|p2a: Bombirdier|Brave Bird|p1a: Vigoroth\n|-damage|p1a: Vigoroth|94/275\n|-damage|p2a: Bombirdier|25/100|[from] Recoil\n|\n|upkeep\n|turn|19\n|inactive|Time left: 300 sec this turn | 300 sec total\n|\n|t:|1783540611\n|move|p1a: Vigoroth|Body Slam|p2a: Bombirdier\n|-damage|p2a: Bombirdier|0 fnt\n|faint|p2a: Bombirdier\n|\n|upkeep\n|\n|t:|1783540612\n|switch|p2a: Pelipper|Pelipper, L86, M|71/100\n|-weather|RainDance|[from] ability: Drizzle|[of] p2a: Pelipper\n|turn|20\n|inactive|Time left: 300 sec this turn | 300 sec total\n|\n|t:|1783540614\n|move|p1a: Vigoroth|Body Slam|p2a: Pelipper\n|-damage|p2a: Pelipper|40/100\n|move|p2a: Pelipper|Hurricane|p1a: Vigoroth\n|-damage|p1a: Vigoroth|0 fnt\n|faint|p1a: Vigoroth\n|\n|-weather|RainDance|[upkeep]\n|upkeep\n|inactive|Time left: 300 sec this turn | 300 sec total | 5 sec grace\n|\n|t:|1783540614\n|switch|p1a: Ludicolo|Ludicolo, L90, F|186/290\n|turn|21\n|inactive|Time left: 300 sec this turn | 300 sec total\n|\n|t:|1783540615\n|move|p1a: Ludicolo|Giga Drain|p2a: Pelipper\n|-damage|p2a: Pelipper|0 fnt\n|-heal|p1a: Ludicolo|234/290|[from] drain|[of] p2a: Pelipper\n|faint|p2a: Pelipper\n|-damage|p1a: Ludicolo|205/290|[from] item: Life Orb\n|\n|-weather|RainDance|[upkeep]\n|upkeep\n|\n|t:|1783540616\n|switch|p2a: Golem|Golem-Alola, L93, M|96/100\n|turn|22\n|inactive|Time left: 300 sec this turn | 300 sec total\n|\n|t:|1783540617\n|-terastallize|p2a: Golem|Grass\n|move|p1a: Ludicolo|Hydro Pump|p2a: Golem\n|-resisted|p2a: Golem\n|-damage|p2a: Golem|52/100\n|-damage|p1a: Ludicolo|176/290|[from] item: Life Orb\n|move|p2a: Golem|Stone Edge|p1a: Ludicolo\n|-damage|p1a: Ludicolo|0 fnt\n|faint|p1a: Ludicolo\n|\n|-weather|RainDance|[upkeep]\n|upkeep\n|inactive|Time left: 300 sec this turn | 300 sec total | 5 sec grace\n|\n|t:|1783540618\n|switch|p1a: Crabominable|Crabominable, L90, M|183/321\n|turn|23\n|inactive|Time left: 300 sec this turn | 300 sec total\n|\n|t:|1783540619\n|-terastallize|p1a: Crabominable|Fighting\n|move|p2a: Golem|Stone Edge|p1a: Crabominable\n|-resisted|p1a: Crabominable\n|-damage|p1a: Crabominable|71/321\n|move|p1a: Crabominable|Drain Punch|p2a: Golem\n|-damage|p2a: Golem|13/100\n|-heal|p1a: Crabominable|130/321|[from] drain|[of] p2a: Golem\n|\n|-weather|RainDance|[upkeep]\n|upkeep\n|turn|24\n|inactive|Time left: 300 sec this turn | 300 sec total\n|\n|t:|1783540620\n|move|p2a: Golem|Stone Edge|p1a: Crabominable\n|-resisted|p1a: Crabominable\n|-damage|p1a: Crabominable|4/321\n|move|p1a: Crabominable|Knock Off|p2a: Golem\n|-damage|p2a: Golem|0 fnt\n|-enditem|p2a: Golem|Choice Band|[from] move: Knock Off|[of] p1a: Crabominable\n|faint|p2a: Golem\n|\n|-weather|none\n|upkeep\n|\n|t:|1783540621\n|switch|p2a: Gouging Fire|Gouging Fire, L74|100/100\n|turn|25\n|inactive|Time left: 300 sec this turn | 300 sec total\n|\n|t:|1783540622\n|move|p2a: Gouging Fire|Heat Crash|p1a: Crabominable\n|-damage|p1a: Crabominable|0 fnt\n|faint|p1a: Crabominable\n|\n|upkeep\n|inactive|Time left: 300 sec this turn | 300 sec total | 5 sec grace\n|\n|t:|1783540623\n|switch|p1a: Phione|Phione, L91|158/293\n|turn|26\n|inactive|Time left: 300 sec this turn | 300 sec total\n|\n|t:|1783540623\n|move|p1a: Phione|Scald|p2a: Gouging Fire\n|-damage|p2a: Gouging Fire|67/100\n|move|p2a: Gouging Fire|Dragon Dance|p2a: Gouging Fire\n|-boost|p2a: Gouging Fire|atk|1\n|-boost|p2a: Gouging Fire|spe|1\n|\n|-heal|p1a: Phione|176/293|[from] item: Leftovers\n|upkeep\n|turn|27\n|inactive|Time left: 300 sec this turn | 300 sec total\n|\n|t:|1783540624\n|move|p2a: Gouging Fire|Dragon Dance|p2a: Gouging Fire\n|-boost|p2a: Gouging Fire|atk|1\n|-boost|p2a: Gouging Fire|spe|1\n|move|p1a: Phione|Scald|p2a: Gouging Fire\n|-damage|p2a: Gouging Fire|32/100\n|\n|-heal|p1a: Phione|194/293|[from] item: Leftovers\n|upkeep\n|turn|28\n|inactive|Time left: 300 sec this turn | 300 sec total\n|\n|t:|1783540625\n|move|p2a: Gouging Fire|Outrage|p1a: Phione\n|-damage|p1a: Phione|0 fnt\n|faint|p1a: Phione\n|\n|upkeep\n|inactive|Time left: 300 sec this turn | 300 sec total | 5 sec grace\n|\n|t:|1783540626\n|switch|p1a: Amoonguss|Amoonguss, L82, M|321/321\n|turn|29\n|inactive|Time left: 300 sec this turn | 300 sec total\n|\n|t:|1783540626\n|move|p2a: Gouging Fire|Outrage|p1a: Amoonguss|[from] lockedmove\n|-damage|p1a: Amoonguss|47/321\n|-damage|p2a: Gouging Fire|15/100|[from] item: Rocky Helmet|[of] p1a: Amoonguss\n|move|p1a: Amoonguss|Sludge Bomb|p2a: Gouging Fire\n|-damage|p2a: Gouging Fire|0 fnt\n|faint|p2a: Gouging Fire\n|-end|p2a: Gouging Fire|Protosynthesis|[silent]\n|\n|win|p0x1222079", "uploadtime": 1783540626, "views": 0, "rating": 0, "private": 0, "password": null, "_winner": "p0x1222079", "_our_name": "p0x1222079"}