{"id": "battle-gen9randombattle-1771", "formatid": "gen9randombattle", "format": "[Gen 9] Random Battle", "players": ["p0x1771ae0c", "p0y17710ad9"], "log": "|init|battle\n|title|p0x1771ae0c vs. p0y17710ad9\n|j|\u2606p0x1771ae0c\n|j|\u2606p0y17710ad9\n|t:|1783560510\n|gametype|singles\n|player|p1|p0x1771ae0c|266|\n|player|p2|p0y17710ad9|265|\n|gen|9\n|tier|[Gen 9] Random Battle\n|rule|Species Clause: Limit one of each Pok\u00e9mon\n|rule|HP Percentage Mod: HP is shown in percentages\n|rule|Sleep Clause Mod: Limit one foe put to sleep\n|rule|Illusion Level Mod: Illusion disguises the Pok\u00e9mon's true level\n|\n|t:|1783560510\n|teamsize|p1|6\n|teamsize|p2|6\n|start\n|switch|p1a: Hoopa|Hoopa, L85|275/275\n|switch|p2a: Basculin|Basculin, L86, F|100/100\n|turn|1\n|inactive|Battle timer is ON: inactive players will automatically lose when time's up. (requested by p0y17710ad9)\n|inactive|Time left: 300 sec this turn | 300 sec total | 60 sec grace\n|inactive|p0x1771ae0c also wants the timer to be on.\n|\n|t:|1783560512\n|switch|p1a: Zarude|Zarude-Dada, L77|288/288\n|move|p2a: Basculin|Wave Crash|p1a: Zarude\n|-resisted|p1a: Zarude\n|-damage|p1a: Zarude|166/288\n|-damage|p2a: Basculin|85/100|[from] Recoil\n|\n|-heal|p1a: Zarude|184/288|[from] item: Leftovers\n|upkeep\n|turn|2\n|inactive|Time left: 300 sec this turn | 300 sec total\n|\n|t:|1783560513\n|switch|p2a: Kyurem|Kyurem-White, L73|100/100\n|-ability|p2a: Kyurem|Turboblaze\n|move|p1a: Zarude|Knock Off|p2a: Kyurem\n|-damage|p2a: Kyurem|66/100\n|-enditem|p2a: Kyurem|Choice Specs|[from] move: Knock Off|[of] p1a: Zarude\n|\n|-heal|p1a: Zarude|202/288|[from] item: Leftovers\n|upkeep\n|turn|3\n|inactive|Time left: 300 sec this turn | 300 sec total\n|\n|t:|1783560514\n|switch|p1a: Scrafty|Scrafty, L83, M|244/244\n|-ability|p1a: Scrafty|Intimidate|boost\n|-unboost|p2a: Kyurem|atk|1\n|move|p2a: Kyurem|Ice Beam|p1a: Scrafty\n|-damage|p1a: Scrafty|157/244\n|\n|-heal|p1a: Scrafty|172/244|[from] item: Leftovers\n|upkeep\n|turn|4\n|inactive|Time left: 300 sec this turn | 300 sec total\n|\n|t:|1783560515\n|move|p2a: Kyurem|Ice Beam|p1a: Scrafty\n|-damage|p1a: Scrafty|73/244\n|move|p1a: Scrafty|Drain Punch|p2a: Kyurem\n|-supereffective|p2a: Kyurem\n|-damage|p2a: Kyurem|9/100\n|-heal|p1a: Scrafty|158/244|[from] drain|[of] p2a: Kyurem\n|\n|-heal|p1a: Scrafty|173/244|[from] item: Leftovers\n|upkeep\n|turn|5\n|inactive|Time left: 300 sec this turn | 300 sec total\n|\n|t:|1783560516\n|move|p2a: Kyurem|Draco Meteor|p1a: Scrafty|[miss]\n|-miss|p2a: Kyurem|p1a: Scrafty\n|move|p1a: Scrafty|Dragon Dance|p1a: Scrafty\n|-boost|p1a: Scrafty|atk|1\n|-boost|p1a: Scrafty|spe|1\n|\n|-heal|p1a: Scrafty|188/244|[from] item: Leftovers\n|upkeep\n|turn|6\n|inactive|Time left: 300 sec this turn | 300 sec total\n|\n|t:|1783560516\n|switch|p2a: Arceus|Arceus-Ground, L70|100/100\n|move|p1a: Scrafty|Drain Punch|p2a: Arceus\n|-crit|p2a: Arceus\n|-damage|p2a: Arceus|46/100\n|-heal|p1a: Scrafty|244/244|[from] drain|[of] p2a: Arceus\n|\n|upkeep\n|turn|7\n|inactive|Time left: 300 sec this turn | 300 sec total\n|\n|t:|1783560517\n|move|p1a: Scrafty|Drain Punch|p2a: Arceus\n|-damage|p2a: Arceus|8/100\n|move|p2a: Arceus|Recover|p2a: Arceus\n|-heal|p2a: Arceus|58/100\n|\n|upkeep\n|turn|8\n|inactive|Time left: 300 sec this turn | 300 sec total\n|\n|t:|1783560518\n|move|p1a: Scrafty|Dragon Dance|p1a: Scrafty\n|-boost|p1a: Scrafty|atk|1\n|-boost|p1a: Scrafty|spe|1\n|move|p2a: Arceus|Recover|p2a: Arceus\n|-heal|p2a: Arceus|100/100\n|\n|upkeep\n|turn|9\n|inactive|Time left: 300 sec this turn | 300 sec total\n|\n|t:|1783560519\n|move|p1a: Scrafty|Dragon Dance|p1a: Scrafty\n|-boost|p1a: Scrafty|atk|1\n|-boost|p1a: Scrafty|spe|1\n|move|p2a: Arceus|Dragon Dance|p2a: Arceus\n|-boost|p2a: Arceus|atk|1\n|-boost|p2a: Arceus|spe|1\n|\n|upkeep\n|turn|10\n|inactive|Time left: 300 sec this turn | 300 sec total\n|\n|t:|1783560520\n|move|p1a: Scrafty|Drain Punch|p2a: Arceus\n|-damage|p2a: Arceus|37/100\n|move|p2a: Arceus|Recover|p2a: Arceus\n|-heal|p2a: Arceus|87/100\n|\n|upkeep\n|turn|11\n|inactive|Time left: 300 sec this turn | 300 sec total\n|\n|t:|1783560521\n|move|p1a: Scrafty|Drain Punch|p2a: Arceus\n|-damage|p2a: Arceus|30/100\n|move|p2a: Arceus|Recover|p2a: Arceus\n|-heal|p2a: Arceus|80/100\n|\n|upkeep\n|turn|12\n|inactive|Time left: 300 sec this turn | 300 sec total\n|\n|t:|1783560522\n|move|p1a: Scrafty|Drain Punch|p2a: Arceus\n|-damage|p2a: Arceus|19/100\n|move|p2a: Arceus|Recover|p2a: Arceus\n|-heal|p2a: Arceus|69/100\n|\n|upkeep\n|turn|13\n|inactive|Time left: 300 sec this turn | 300 sec total\n|\n|t:|1783560523\n|-terastallize|p2a: Arceus|Ground\n|move|p1a: Scrafty|Drain Punch|p2a: Arceus\n|-damage|p2a: Arceus|5/100\n|move|p2a: Arceus|Dragon Dance|p2a: Arceus\n|-boost|p2a: Arceus|atk|1\n|-boost|p2a: Arceus|spe|1\n|\n|upkeep\n|turn|14\n|inactive|Time left: 300 sec this turn | 300 sec total\n|\n|t:|1783560524\n|move|p2a: Arceus|Earthquake|p1a: Scrafty\n|-damage|p1a: Scrafty|14/244\n|move|p1a: Scrafty|Dragon Dance|p1a: Scrafty\n|-boost|p1a: Scrafty|atk|1\n|-boost|p1a: Scrafty|spe|1\n|\n|-heal|p1a: Scrafty|29/244|[from] item: Leftovers\n|upkeep\n|turn|15\n|inactive|Time left: 300 sec this turn | 300 sec total\n|\n|t:|1783560525\n|move|p1a: Scrafty|Knock Off|p2a: Arceus\n|-damage|p2a: Arceus|0 fnt\n|faint|p2a: Arceus\n|\n|-heal|p1a: Scrafty|44/244|[from] item: Leftovers\n|upkeep\n|\n|t:|1783560526\n|switch|p2a: Basculin|Basculin, L86, F|85/100\n|turn|16\n|inactive|Time left: 300 sec this turn | 300 sec total\n|\n|t:|1783560526\n|move|p2a: Basculin|Aqua Jet|p1a: Scrafty\n|-damage|p1a: Scrafty|0 fnt\n|faint|p1a: Scrafty\n|\n|upkeep\n|inactive|Time left: 300 sec this turn | 300 sec total | 5 sec grace\n|\n|t:|1783560527\n|switch|p1a: Zarude|Zarude-Dada, L77|202/288\n|turn|17\n|inactive|Time left: 300 sec this turn | 300 sec total\n|\n|t:|1783560528\n|switch|p2a: Stonjourner|Stonjourner, L91, F|100/100\n|move|p1a: Zarude|Swords Dance|p1a: Zarude\n|-boost|p1a: Zarude|atk|2\n|\n|-heal|p1a: Zarude|220/288|[from] item: Leftovers\n|upkeep\n|turn|18\n|inactive|Time left: 300 sec this turn | 300 sec total\n|\n|t:|1783560529\n|move|p1a: Zarude|Power Whip|p2a: Stonjourner|[miss]\n|-miss|p1a: Zarude|p2a: Stonjourner\n|move|p2a: Stonjourner|Heat Crash|p1a: Zarude\n|-supereffective|p1a: Zarude\n|-damage|p1a: Zarude|0 fnt\n|faint|p1a: Zarude\n|-damage|p2a: Stonjourner|90/100|[from] item: Life Orb\n|\n|upkeep\n|inactive|Time left: 300 sec this turn | 300 sec total | 5 sec grace\n|\n|t:|1783560530\n|switch|p1a: Virizion|Virizion, L82|283/283\n|turn|19\n|inactive|Time left: 300 sec this turn | 300 sec total\n|\n|t:|1783560531\n|move|p1a: Virizion|Swords Dance|p1a: Virizion\n|-boost|p1a: Virizion|atk|2\n|move|p2a: Stonjourner|Heat Crash|p1a: Virizion\n|-supereffective|p1a: Virizion\n|-damage|p1a: Virizion|101/283\n|-damage|p2a: Stonjourner|80/100|[from] item: Life Orb\n|\n|upkeep\n|turn|20\n|inactive|Time left: 300 sec this turn | 300 sec total\n|\n|t:|1783560531\n|switch|p2a: Kyurem|Kyurem-White, L73|9/100\n|-ability|p2a: Kyurem|Turboblaze\n|move|p1a: Virizion|Leaf Blade|p2a: Kyurem\n|-resisted|p2a: Kyurem\n|-damage|p2a: Kyurem|0 fnt\n|faint|p2a: Kyurem\n|-damage|p1a: Virizion|73/283|[from] item: Life Orb\n|\n|upkeep\n|\n|t:|1783560532\n|switch|p2a: Basculin|Basculin, L86, F|85/100\n|turn|21\n|inactive|Time left: 300 sec this turn | 300 sec total\n|\n|t:|1783560533\n|move|p2a: Basculin|Aqua Jet|p1a: Virizion\n|-resisted|p1a: Virizion\n|-damage|p1a: Virizion|18/283\n|move|p1a: Virizion|Leaf Blade|p2a: Basculin\n|-supereffective|p2a: Basculin\n|-damage|p2a: Basculin|0 fnt\n|faint|p2a: Basculin\n|-damage|p1a: Virizion|0 fnt|[from] item: Life Orb\n|faint|p1a: Virizion\n|\n|upkeep\n|inactive|Time left: 300 sec this turn | 300 sec total | 5 sec grace\n|\n|t:|1783560534\n|switch|p1a: Hatterene|Hatterene, L85, F|236/236\n|switch|p2a: Toedscruel|Toedscruel, L87, F|100/100\n|turn|22\n|inactive|Time left: 300 sec this turn | 300 sec total\n|\n|t:|1783560535\n|move|p2a: Toedscruel|Knock Off|p1a: Hatterene\n|-damage|p1a: Hatterene|185/236\n|-enditem|p1a: Hatterene|Leftovers|[from] move: Knock Off|[of] p2a: Toedscruel\n|move|p1a: Hatterene|Calm Mind|p1a: Hatterene\n|-boost|p1a: Hatterene|spa|1\n|-boost|p1a: Hatterene|spd|1\n|\n|upkeep\n|turn|23\n|inactive|Time left: 300 sec this turn | 300 sec total\n|\n|t:|1783560536\n|move|p2a: Toedscruel|Rapid Spin|p1a: Hatterene\n|-damage|p1a: Hatterene|155/236\n|-boost|p2a: Toedscruel|spe|1\n|move|p1a: Hatterene|Draining Kiss|p2a: Toedscruel\n|-damage|p2a: Toedscruel|80/100\n|-heal|p1a: Hatterene|198/236|[from] drain|[of] p2a: Toedscruel\n|\n|upkeep\n|turn|24\n|inactive|Time left: 300 sec this turn | 300 sec total\n|\n|t:|1783560537\n|move|p2a: Toedscruel|Giga Drain|p1a: Hatterene\n|-damage|p1a: Hatterene|158/236\n|-heal|p2a: Toedscruel|87/100|[from] drain|[of] p1a: Hatterene\n|move|p1a: Hatterene|Draining Kiss|p2a: Toedscruel\n|-damage|p2a: Toedscruel|68/100\n|-heal|p1a: Hatterene|199/236|[from] drain|[of] p2a: Toedscruel\n|\n|upkeep\n|turn|25\n|inactive|Time left: 300 sec this turn | 300 sec total\n|\n|t:|1783560538\n|move|p2a: Toedscruel|Earth Power|p1a: Hatterene\n|-damage|p1a: Hatterene|145/236\n|move|p1a: Hatterene|Mystical Fire|p2a: Toedscruel\n|-supereffective|p2a: Toedscruel\n|-damage|p2a: Toedscruel|30/100\n|-unboost|p2a: Toedscruel|spa|1\n|\n|upkeep\n|turn|26\n|inactive|Time left: 300 sec this turn | 300 sec total\n|\n|t:|1783560539\n|move|p2a: Toedscruel|Earth Power|p1a: Hatterene\n|-damage|p1a: Hatterene|112/236\n|move|p1a: Hatterene|Draining Kiss|p2a: Toedscruel\n|-damage|p2a: Toedscruel|9/100\n|-heal|p1a: Hatterene|155/236|[from] drain|[of] p2a: Toedscruel\n|\n|upkeep\n|turn|27\n|inactive|Time left: 300 sec this turn | 300 sec total\n|\n|t:|1783560540\n|move|p2a: Toedscruel|Earth Power|p1a: Hatterene\n|-damage|p1a: Hatterene|122/236\n|move|p1a: Hatterene|Calm Mind|p1a: Hatterene\n|-boost|p1a: Hatterene|spa|1\n|-boost|p1a: Hatterene|spd|1\n|\n|upkeep\n|turn|28\n|inactive|Time left: 300 sec this turn | 300 sec total\n|\n|t:|1783560541\n|move|p2a: Toedscruel|Knock Off|p1a: Hatterene\n|-damage|p1a: Hatterene|83/236\n|move|p1a: Hatterene|Calm Mind|p1a: Hatterene\n|-boost|p1a: Hatterene|spa|1\n|-boost|p1a: Hatterene|spd|1\n|\n|upkeep\n|turn|29\n|inactive|Time left: 300 sec this turn | 300 sec total\n|\n|t:|1783560541\n|move|p2a: Toedscruel|Knock Off|p1a: Hatterene\n|-crit|p1a: Hatterene\n|-damage|p1a: Hatterene|25/236\n|move|p1a: Hatterene|Calm Mind|p1a: Hatterene\n|-boost|p1a: Hatterene|spa|1\n|-boost|p1a: Hatterene|spd|1\n|\n|upkeep\n|turn|30\n|inactive|Time left: 300 sec this turn | 300 sec total\n|\n|t:|1783560542\n|move|p2a: Toedscruel|Knock Off|p1a: Hatterene\n|-damage|p1a: Hatterene|0 fnt\n|faint|p1a: Hatterene\n|\n|upkeep\n|inactive|Time left: 300 sec this turn | 300 sec total | 5 sec grace\n|\n|t:|1783560543\n|switch|p1a: Terapagos|Terapagos, L77, M|265/265\n|-activate|p1a: Terapagos|ability: Tera Shift\n|detailschange|p1a: Terapagos|Terapagos-Terastal, L77, M\n|-heal|p1a: Terapagos|273/273|[silent]\n|turn|31\n|inactive|Time left: 300 sec this turn | 300 sec total\n|\n|t:|1783560544\n|move|p2a: Toedscruel|Knock Off|p1a: Terapagos\n|-activate|p1a: Terapagos|ability: Tera Shell\n|-resisted|p1a: Terapagos\n|-damage|p1a: Terapagos|245/273\n|-enditem|p1a: Terapagos|Heavy-Duty Boots|[from] move: Knock Off|[of] p2a: Toedscruel\n|move|p1a: Terapagos|Calm Mind|p1a: Terapagos\n|-boost|p1a: Terapagos|spa|1\n|-boost|p1a: Terapagos|spd|1\n|\n|upkeep\n|turn|32\n|inactive|Time left: 300 sec this turn | 300 sec total\n|\n|t:|1783560545\n|move|p2a: Toedscruel|Knock Off|p1a: Terapagos\n|-damage|p1a: Terapagos|207/273\n|move|p1a: Terapagos|Calm Mind|p1a: Terapagos\n|-boost|p1a: Terapagos|spa|1\n|-boost|p1a: Terapagos|spd|1\n|\n|upkeep\n|turn|33\n|inactive|Time left: 300 sec this turn | 300 sec total\n|\n|t:|1783560546\n|move|p2a: Toedscruel|Rapid Spin|p1a: Terapagos\n|-damage|p1a: Terapagos|182/273\n|-boost|p2a: Toedscruel|spe|1\n|move|p1a: Terapagos|Rapid Spin|p2a: Toedscruel\n|-damage|p2a: Toedscruel|0 fnt\n|-boost|p1a: Terapagos|spe|1\n|faint|p2a: Toedscruel\n|\n|upkeep\n|\n|t:|1783560547\n|switch|p2a: Glalie|Glalie, L96, F|100/100\n|turn|34\n|inactive|Time left: 300 sec this turn | 300 sec total\n|\n|t:|1783560548\n|move|p1a: Terapagos|Tera Starstorm|p2a: Glalie\n|-damage|p2a: Glalie|31/100\n|move|p2a: Glalie|Earthquake|p1a: Terapagos\n|-damage|p1a: Terapagos|111/273\n|\n|upkeep\n|turn|35\n|inactive|Time left: 300 sec this turn | 300 sec total\n|\n|t:|1783560549\n|switch|p2a: Stonjourner|Stonjourner, L91, F|80/100\n|-terastallize|p1a: Terapagos|Stellar\n|detailschange|p1a: Terapagos|Terapagos-Stellar, L77, M, tera:Stellar\n|-heal|p1a: Terapagos|211/373|[silent]\n|move|p1a: Terapagos|Earth Power|p2a: Stonjourner\n|-supereffective|p2a: Stonjourner\n|-damage|p2a: Stonjourner|0 fnt\n|faint|p2a: Stonjourner\n|\n|upkeep\n|\n|t:|1783560549\n|switch|p2a: Glalie|Glalie, L96, F|31/100\n|turn|36\n|inactive|Time left: 300 sec this turn | 300 sec total\n|\n|t:|1783560550\n|move|p1a: Terapagos|Tera Starstorm|p2a: Glalie\n|-crit|p2a: Glalie\n|-damage|p2a: Glalie|0 fnt\n|faint|p2a: Glalie\n|\n|win|p0x1771ae0c", "uploadtime": 1783560550, "views": 0, "rating": 0, "private": 0, "password": null, "_winner": "p0x1771ae0c", "_our_name": "p0x1771ae0c"}