{"id": "battle-gen9randombattle-2611", "formatid": "gen9randombattle", "format": "[Gen 9] Random Battle", "players": ["p0x2611f35c", "p0y261106d5"], "log": "|init|battle\n|title|p0x2611f35c vs. p0y261106d5\n|j|\u2606p0x2611f35c\n|j|\u2606p0y261106d5\n|t:|1783569177\n|gametype|singles\n|player|p1|p0x2611f35c|265|\n|player|p2|p0y261106d5|266|\n|gen|9\n|tier|[Gen 9] Random Battle\n|rule|Species Clause: Limit one of each Pok\u00e9mon\n|rule|HP Percentage Mod: HP is shown in percentages\n|rule|Sleep Clause Mod: Limit one foe put to sleep\n|rule|Illusion Level Mod: Illusion disguises the Pok\u00e9mon's true level\n|\n|t:|1783569177\n|teamsize|p1|6\n|teamsize|p2|6\n|start\n|switch|p1a: Toxicroak|Toxicroak, L84, F|277/277\n|switch|p2a: Scovillain|Scovillain, L91, M|100/100\n|turn|1\n|inactive|Battle timer is ON: inactive players will automatically lose when time's up. (requested by p0y261106d5)\n|inactive|Time left: 300 sec this turn | 300 sec total | 60 sec grace\n|inactive|p0x2611f35c also wants the timer to be on.\n|\n|t:|1783569179\n|move|p1a: Toxicroak|Gunk Shot|p2a: Scovillain\n|-supereffective|p2a: Scovillain\n|-damage|p2a: Scovillain|0 fnt\n|faint|p2a: Scovillain\n|-damage|p1a: Toxicroak|250/277|[from] item: Life Orb\n|\n|upkeep\n|\n|t:|1783569180\n|switch|p2a: Iron Moth|Iron Moth, L78|100/100\n|turn|2\n|inactive|Time left: 300 sec this turn | 300 sec total\n|\n|t:|1783569181\n|move|p2a: Iron Moth|Fire Blast|p1a: Toxicroak|[miss]\n|-miss|p2a: Iron Moth|p1a: Toxicroak\n|move|p1a: Toxicroak|Earthquake|p2a: Iron Moth\n|-supereffective|p2a: Iron Moth\n|-damage|p2a: Iron Moth|0 fnt\n|faint|p2a: Iron Moth\n|-end|p2a: Iron Moth|Quark Drive|[silent]\n|-damage|p1a: Toxicroak|223/277|[from] item: Life Orb\n|\n|upkeep\n|\n|t:|1783569182\n|switch|p2a: Kricketune|Kricketune, L99, F|100/100\n|turn|3\n|inactive|Time left: 300 sec this turn | 300 sec total\n|\n|t:|1783569183\n|move|p1a: Toxicroak|Swords Dance|p1a: Toxicroak\n|-boost|p1a: Toxicroak|atk|2\n|move|p2a: Kricketune|Sticky Web|p1a: Toxicroak\n|-sidestart|p1: p0x2611f35c|move: Sticky Web\n|\n|upkeep\n|turn|4\n|inactive|Time left: 300 sec this turn | 300 sec total\n|\n|t:|1783569184\n|move|p1a: Toxicroak|Gunk Shot|p2a: Kricketune|[miss]\n|-miss|p1a: Toxicroak|p2a: Kricketune\n|move|p2a: Kricketune|Pounce|p1a: Toxicroak\n|-resisted|p1a: Toxicroak\n|-damage|p1a: Toxicroak|193/277\n|-unboost|p1a: Toxicroak|spe|1\n|\n|upkeep\n|turn|5\n|inactive|Time left: 300 sec this turn | 300 sec total\n|\n|t:|1783569184\n|move|p2a: Kricketune|Pounce|p1a: Toxicroak\n|-resisted|p1a: Toxicroak\n|-damage|p1a: Toxicroak|163/277\n|-unboost|p1a: Toxicroak|spe|1\n|move|p1a: Toxicroak|Gunk Shot|p2a: Kricketune\n|-damage|p2a: Kricketune|0 fnt\n|faint|p2a: Kricketune\n|-damage|p1a: Toxicroak|136/277|[from] item: Life Orb\n|\n|upkeep\n|\n|t:|1783569185\n|switch|p2a: Zekrom|Zekrom, L71|100/100\n|-ability|p2a: Zekrom|Teravolt\n|turn|6\n|inactive|Time left: 300 sec this turn | 300 sec total\n|\n|t:|1783569185\n|switch|p1a: Chesnaught|Chesnaught, L84, M|285/285\n|-activate|p1a: Chesnaught|move: Sticky Web\n|-unboost|p1a: Chesnaught|spe|1\n|move|p2a: Zekrom|Outrage|p1a: Chesnaught\n|-damage|p1a: Chesnaught|182/285\n|\n|-heal|p1a: Chesnaught|199/285|[from] item: Leftovers\n|upkeep\n|turn|7\n|inactive|Time left: 300 sec this turn | 300 sec total\n|\n|t:|1783569186\n|move|p2a: Zekrom|Outrage|p1a: Chesnaught|[from] lockedmove\n|-damage|p1a: Chesnaught|97/285\n|move|p1a: Chesnaught|Iron Defense|p1a: Chesnaught\n|-boost|p1a: Chesnaught|def|2\n|\n|-heal|p1a: Chesnaught|114/285|[from] item: Leftovers\n|upkeep\n|turn|8\n|inactive|Time left: 300 sec this turn | 300 sec total\n|\n|t:|1783569187\n|move|p2a: Zekrom|Outrage|p1a: Chesnaught|[from] lockedmove\n|-damage|p1a: Chesnaught|57/285\n|-start|p2a: Zekrom|confusion|[fatigue]\n|move|p1a: Chesnaught|Synthesis|p1a: Chesnaught\n|-heal|p1a: Chesnaught|199/285\n|\n|-heal|p1a: Chesnaught|216/285|[from] item: Leftovers\n|upkeep\n|turn|9\n|inactive|Time left: 300 sec this turn | 300 sec total\n|\n|t:|1783569188\n|switch|p2a: Lilligant|Lilligant, L86, F|100/100\n|move|p1a: Chesnaught|Body Press|p2a: Lilligant\n|-damage|p2a: Lilligant|22/100\n|\n|-heal|p1a: Chesnaught|233/285|[from] item: Leftovers\n|upkeep\n|turn|10\n|inactive|Time left: 300 sec this turn | 300 sec total\n|\n|t:|1783569188\n|-terastallize|p2a: Lilligant|Fire\n|move|p2a: Lilligant|Tera Blast|p1a: Chesnaught|[anim] Tera Blast Fire\n|-supereffective|p1a: Chesnaught\n|-damage|p1a: Chesnaught|0 fnt\n|faint|p1a: Chesnaught\n|-damage|p2a: Lilligant|12/100|[from] item: Life Orb\n|\n|upkeep\n|inactive|Time left: 300 sec this turn | 300 sec total | 5 sec grace\n|\n|t:|1783569189\n|switch|p1a: Spiritomb|Spiritomb, L89, F|234/234\n|-activate|p1a: Spiritomb|move: Sticky Web\n|-unboost|p1a: Spiritomb|spe|1\n|turn|11\n|inactive|Time left: 300 sec this turn | 300 sec total\n|\n|t:|1783569190\n|move|p2a: Lilligant|Sleep Powder|p1a: Spiritomb\n|-status|p1a: Spiritomb|slp|[from] move: Sleep Powder\n|cant|p1a: Spiritomb|slp\n|\n|upkeep\n|turn|12\n|inactive|Time left: 300 sec this turn | 300 sec total\n|\n|t:|1783569191\n|cant|p1a: Spiritomb|slp\n|move|p2a: Lilligant|Giga Drain|p1a: Spiritomb\n|-damage|p1a: Spiritomb|140/234 slp\n|-heal|p2a: Lilligant|30/100|[from] drain|[of] p1a: Spiritomb\n|-damage|p2a: Lilligant|20/100|[from] item: Life Orb\n|\n|-heal|p1a: Spiritomb|154/234 slp|[from] item: Leftovers\n|upkeep\n|turn|13\n|inactive|Time left: 300 sec this turn | 300 sec total\n|\n|t:|1783569192\n|cant|p1a: Spiritomb|slp\n|move|p2a: Lilligant|Giga Drain|p1a: Spiritomb\n|-damage|p1a: Spiritomb|57/234 slp\n|-heal|p2a: Lilligant|39/100|[from] drain|[of] p1a: Spiritomb\n|-damage|p2a: Lilligant|29/100|[from] item: Life Orb\n|\n|-heal|p1a: Spiritomb|71/234 slp|[from] item: Leftovers\n|upkeep\n|turn|14\n|inactive|Time left: 300 sec this turn | 300 sec total\n|\n|t:|1783569194\n|-curestatus|p1a: Spiritomb|slp|[msg]\n|move|p1a: Spiritomb|Sucker Punch|p2a: Lilligant\n|-damage|p2a: Lilligant|0 fnt\n|faint|p2a: Lilligant\n|\n|-heal|p1a: Spiritomb|85/234|[from] item: Leftovers\n|upkeep\n|\n|t:|1783569194\n|switch|p2a: Zekrom|Zekrom, L71|100/100\n|-ability|p2a: Zekrom|Teravolt\n|turn|15\n|inactive|Time left: 300 sec this turn | 300 sec total\n|\n|t:|1783569195\n|switch|p1a: Orthworm|Orthworm, L88, M|266/266\n|-activate|p1a: Orthworm|move: Sticky Web\n|-unboost|p1a: Orthworm|spe|1\n|move|p2a: Zekrom|Outrage|p1a: Orthworm\n|-resisted|p1a: Orthworm\n|-damage|p1a: Orthworm|224/266\n|\n|-heal|p1a: Orthworm|240/266|[from] item: Leftovers\n|upkeep\n|turn|16\n|inactive|Time left: 300 sec this turn | 300 sec total\n|\n|t:|1783569197\n|move|p2a: Zekrom|Outrage|p1a: Orthworm|[from] lockedmove\n|-resisted|p1a: Orthworm\n|-damage|p1a: Orthworm|200/266\n|-start|p2a: Zekrom|confusion|[fatigue]\n|move|p1a: Orthworm|Body Press|p2a: Zekrom\n|-damage|p2a: Zekrom|71/100\n|\n|-heal|p2a: Zekrom|77/100|[from] item: Leftovers\n|-heal|p1a: Orthworm|216/266|[from] item: Leftovers\n|upkeep\n|turn|17\n|inactive|Time left: 300 sec this turn | 300 sec total\n|\n|t:|1783569198\n|switch|p2a: Swampert|Swampert, L83, F|100/100\n|move|p1a: Orthworm|Body Press|p2a: Swampert\n|-damage|p2a: Swampert|74/100\n|\n|-heal|p2a: Swampert|80/100|[from] item: Leftovers\n|-heal|p1a: Orthworm|232/266|[from] item: Leftovers\n|upkeep\n|turn|18\n|inactive|Time left: 300 sec this turn | 300 sec total\n|\n|t:|1783569199\n|move|p2a: Swampert|Stealth Rock|p1a: Orthworm\n|-sidestart|p1: p0x2611f35c|move: Stealth Rock\n|move|p1a: Orthworm|Body Press|p2a: Swampert\n|-crit|p2a: Swampert\n|-damage|p2a: Swampert|35/100\n|\n|-heal|p2a: Swampert|41/100|[from] item: Leftovers\n|-heal|p1a: Orthworm|248/266|[from] item: Leftovers\n|upkeep\n|turn|19\n|inactive|Time left: 300 sec this turn | 300 sec total\n|\n|t:|1783569200\n|switch|p2a: Zekrom|Zekrom, L71|77/100\n|-ability|p2a: Zekrom|Teravolt\n|move|p1a: Orthworm|Body Press|p2a: Zekrom\n|-damage|p2a: Zekrom|45/100\n|\n|-heal|p2a: Zekrom|51/100|[from] item: Leftovers\n|-heal|p1a: Orthworm|264/266|[from] item: Leftovers\n|upkeep\n|turn|20\n|inactive|Time left: 300 sec this turn | 300 sec total\n|\n|t:|1783569201\n|move|p2a: Zekrom|Dragon Dance|p2a: Zekrom\n|-boost|p2a: Zekrom|atk|1\n|-boost|p2a: Zekrom|spe|1\n|move|p1a: Orthworm|Body Press|p2a: Zekrom\n|-damage|p2a: Zekrom|18/100\n|\n|-heal|p2a: Zekrom|24/100|[from] item: Leftovers\n|-heal|p1a: Orthworm|266/266|[from] item: Leftovers\n|upkeep\n|turn|21\n|inactive|Time left: 300 sec this turn | 300 sec total\n|\n|t:|1783569202\n|move|p2a: Zekrom|Bolt Strike|p1a: Orthworm\n|-damage|p1a: Orthworm|130/266\n|move|p1a: Orthworm|Body Press|p2a: Zekrom\n|-damage|p2a: Zekrom|0 fnt\n|faint|p2a: Zekrom\n|\n|-heal|p1a: Orthworm|146/266|[from] item: Leftovers\n|upkeep\n|\n|t:|1783569203\n|switch|p2a: Swampert|Swampert, L83, F|41/100\n|turn|22\n|inactive|Time left: 300 sec this turn | 300 sec total\n|\n|t:|1783569204\n|move|p2a: Swampert|Ice Beam|p1a: Orthworm\n|-resisted|p1a: Orthworm\n|-damage|p1a: Orthworm|106/266\n|move|p1a: Orthworm|Body Press|p2a: Swampert\n|-damage|p2a: Swampert|13/100\n|\n|-heal|p2a: Swampert|19/100|[from] item: Leftovers\n|-heal|p1a: Orthworm|122/266|[from] item: Leftovers\n|upkeep\n|turn|23\n|inactive|Time left: 300 sec this turn | 300 sec total\n|\n|t:|1783569206\n|move|p2a: Swampert|Ice Beam|p1a: Orthworm\n|-resisted|p1a: Orthworm\n|-damage|p1a: Orthworm|84/266\n|move|p1a: Orthworm|Body Press|p2a: Swampert\n|-damage|p2a: Swampert|0 fnt\n|faint|p2a: Swampert\n|\n|win|p0x2611f35c", "uploadtime": 1783569206, "views": 0, "rating": 0, "private": 0, "password": null, "_winner": "p0x2611f35c", "_our_name": "p0x2611f35c"}