{"id": "battle-gen9randombattle-1729", "formatid": "gen9randombattle", "format": "[Gen 9] Random Battle", "players": ["p0x1729400c", "p0y17290703"], "log": "|init|battle\n|title|p0x1729400c vs. p0y17290703\n|j|\u2606p0x1729400c\n|j|\u2606p0y17290703\n|t:|1783559235\n|gametype|singles\n|player|p1|p0x1729400c|266|\n|player|p2|p0y17290703|265|\n|gen|9\n|tier|[Gen 9] Random Battle\n|rule|Species Clause: Limit one of each Pok\u00e9mon\n|rule|HP Percentage Mod: HP is shown in percentages\n|rule|Sleep Clause Mod: Limit one foe put to sleep\n|rule|Illusion Level Mod: Illusion disguises the Pok\u00e9mon's true level\n|\n|t:|1783559235\n|teamsize|p1|6\n|teamsize|p2|6\n|start\n|switch|p1a: Vileplume|Vileplume, L85, F|100/100\n|switch|p2a: Goodra|Goodra, L85, M|292/292\n|turn|1\n|inactive|Battle timer is ON: inactive players will automatically lose when time's up. (requested by p0y17290703)\n|inactive|p0x1729400c also wants the timer to be on.\n|\n|t:|1783559237\n|move|p2a: Goodra|Sludge Bomb|p1a: Vileplume\n|-damage|p1a: Vileplume|72/100\n|move|p1a: Vileplume|Sludge Bomb|p2a: Goodra\n|-damage|p2a: Goodra|244/292\n|-status|p2a: Goodra|psn\n|\n|-heal|p1a: Vileplume|78/100|[from] item: Leftovers\n|-damage|p2a: Goodra|208/292 psn|[from] psn\n|upkeep\n|turn|2\n|inactive|Time left: 300 sec this turn | 300 sec total\n|\n|t:|1783559239\n|move|p2a: Goodra|Earthquake|p1a: Vileplume\n|-damage|p1a: Vileplume|51/100\n|move|p1a: Vileplume|Sludge Bomb|p2a: Goodra\n|-damage|p2a: Goodra|156/292 psn\n|\n|-heal|p1a: Vileplume|57/100|[from] item: Leftovers\n|-damage|p2a: Goodra|120/292 psn|[from] psn\n|upkeep\n|turn|3\n|inactive|Time left: 300 sec this turn | 300 sec total\n|\n|t:|1783559240\n|switch|p1a: Keldeo|Keldeo-Resolute, L79|100/100\n|move|p2a: Goodra|Draco Meteor|p1a: Keldeo\n|-damage|p1a: Keldeo|44/100\n|-unboost|p2a: Goodra|spa|2\n|\n|-damage|p2a: Goodra|84/292 psn|[from] psn\n|upkeep\n|turn|4\n|inactive|Time left: 300 sec this turn | 300 sec total\n|\n|t:|1783559241\n|switch|p2a: Florges|Florges-Orange, L85, F|271/271\n|move|p1a: Keldeo|Secret Sword|p2a: Florges\n|-resisted|p2a: Florges\n|-damage|p2a: Florges|183/271\n|\n|-heal|p2a: Florges|199/271|[from] item: Leftovers\n|upkeep\n|turn|5\n|inactive|Time left: 300 sec this turn | 300 sec total\n|\n|t:|1783559243\n|move|p1a: Keldeo|Secret Sword|p2a: Florges\n|-resisted|p2a: Florges\n|-damage|p2a: Florges|106/271\n|move|p2a: Florges|Moonblast|p1a: Keldeo\n|-supereffective|p1a: Keldeo\n|-damage|p1a: Keldeo|0 fnt\n|faint|p1a: Keldeo\n|\n|-heal|p2a: Florges|122/271|[from] item: Leftovers\n|upkeep\n|\n|t:|1783559243\n|switch|p1a: Vileplume|Vileplume, L85, F|57/100\n|turn|6\n|inactive|Time left: 300 sec this turn | 300 sec total\n|\n|t:|1783559244\n|move|p2a: Florges|Calm Mind|p2a: Florges\n|-boost|p2a: Florges|spa|1\n|-boost|p2a: Florges|spd|1\n|move|p1a: Vileplume|Strength Sap|p2a: Florges\n|-unboost|p2a: Florges|atk|1\n|-heal|p1a: Vileplume|100/100\n|\n|-heal|p2a: Florges|138/271|[from] item: Leftovers\n|upkeep\n|turn|7\n|inactive|Time left: 300 sec this turn | 300 sec total\n|\n|t:|1783559245\n|move|p2a: Florges|Moonblast|p1a: Vileplume\n|-resisted|p1a: Vileplume\n|-damage|p1a: Vileplume|67/100\n|-unboost|p1a: Vileplume|spa|1\n|move|p1a: Vileplume|Sleep Powder|p2a: Florges\n|-status|p2a: Florges|slp|[from] move: Sleep Powder\n|\n|-heal|p2a: Florges|154/271 slp|[from] item: Leftovers\n|-heal|p1a: Vileplume|73/100|[from] item: Leftovers\n|upkeep\n|turn|8\n|inactive|Time left: 300 sec this turn | 300 sec total\n|\n|t:|1783559246\n|switch|p1a: Toxtricity|Toxtricity, L82, F|100/100\n|cant|p2a: Florges|slp\n|\n|-heal|p2a: Florges|170/271 slp|[from] item: Leftovers\n|upkeep\n|turn|9\n|inactive|Time left: 300 sec this turn | 300 sec total\n|\n|t:|1783559248\n|cant|p2a: Florges|slp\n|move|p1a: Toxtricity|Gunk Shot|p2a: Florges\n|-supereffective|p2a: Florges\n|-damage|p2a: Florges|0 fnt\n|faint|p2a: Florges\n|\n|upkeep\n|inactive|Time left: 300 sec this turn | 300 sec total | 5 sec grace\n|\n|t:|1783559249\n|switch|p2a: Porygon-Z|Porygon-Z, L83|277/277\n|-ability|p2a: Porygon-Z|Download|boost\n|-boost|p2a: Porygon-Z|spa|1\n|turn|10\n|inactive|Time left: 300 sec this turn | 300 sec total\n|\n|t:|1783559250\n|move|p2a: Porygon-Z|Tri Attack|p1a: Toxtricity\n|-damage|p1a: Toxtricity|0 fnt\n|faint|p1a: Toxtricity\n|-damage|p2a: Porygon-Z|250/277|[from] item: Life Orb\n|\n|upkeep\n|\n|t:|1783559251\n|switch|p1a: Regidrago|Regidrago, L77|100/100\n|turn|11\n|inactive|Time left: 300 sec this turn | 300 sec total\n|\n|t:|1783559252\n|-terastallize|p1a: Regidrago|Dragon\n|move|p1a: Regidrago|Outrage|p2a: Porygon-Z\n|-damage|p2a: Porygon-Z|0 fnt\n|faint|p2a: Porygon-Z\n|\n|upkeep\n|inactive|Time left: 300 sec this turn | 300 sec total | 5 sec grace\n|\n|t:|1783559253\n|switch|p2a: Dunsparce|Dunsparce, L86, M|312/312\n|turn|12\n|inactive|Time left: 300 sec this turn | 300 sec total\n|\n|t:|1783559254\n|move|p1a: Regidrago|Outrage|p2a: Dunsparce|[from] lockedmove\n|-damage|p2a: Dunsparce|152/312\n|-start|p1a: Regidrago|confusion|[fatigue]\n|move|p2a: Dunsparce|Coil|p2a: Dunsparce\n|-boost|p2a: Dunsparce|atk|1\n|-boost|p2a: Dunsparce|def|1\n|-boost|p2a: Dunsparce|accuracy|1\n|\n|upkeep\n|turn|13\n|inactive|Time left: 300 sec this turn | 300 sec total\n|\n|t:|1783559255\n|-activate|p1a: Regidrago|confusion\n|move|p1a: Regidrago|Outrage|p2a: Dunsparce\n|-damage|p2a: Dunsparce|44/312\n|move|p2a: Dunsparce|Roost|p2a: Dunsparce\n|-heal|p2a: Dunsparce|200/312\n|-singleturn|p2a: Dunsparce|move: Roost\n|\n|upkeep\n|turn|14\n|inactive|Time left: 300 sec this turn | 300 sec total\n|\n|t:|1783559256\n|-activate|p1a: Regidrago|confusion\n|move|p1a: Regidrago|Outrage|p2a: Dunsparce|[from] lockedmove\n|-damage|p2a: Dunsparce|96/312\n|move|p2a: Dunsparce|Roost|p2a: Dunsparce\n|-heal|p2a: Dunsparce|252/312\n|-singleturn|p2a: Dunsparce|move: Roost\n|\n|upkeep\n|turn|15\n|inactive|Time left: 300 sec this turn | 300 sec total\n|\n|t:|1783559257\n|-activate|p1a: Regidrago|confusion\n|-damage|p1a: Regidrago|92/100|[from] confusion\n|move|p2a: Dunsparce|Body Slam|p1a: Regidrago\n|-damage|p1a: Regidrago|50/100\n|\n|upkeep\n|turn|16\n|inactive|Time left: 300 sec this turn | 300 sec total\n|\n|t:|1783559258\n|-activate|p1a: Regidrago|confusion\n|move|p1a: Regidrago|Outrage|p2a: Dunsparce\n|-damage|p2a: Dunsparce|136/312\n|move|p2a: Dunsparce|Body Slam|p1a: Regidrago\n|-damage|p1a: Regidrago|12/100\n|\n|upkeep\n|turn|17\n|inactive|Time left: 300 sec this turn | 300 sec total\n|\n|t:|1783559259\n|-end|p1a: Regidrago|confusion\n|move|p1a: Regidrago|Outrage|p2a: Dunsparce|[from] lockedmove\n|-damage|p2a: Dunsparce|34/312\n|-start|p1a: Regidrago|confusion|[fatigue]\n|move|p2a: Dunsparce|Roost|p2a: Dunsparce\n|-heal|p2a: Dunsparce|190/312\n|-singleturn|p2a: Dunsparce|move: Roost\n|\n|upkeep\n|turn|18\n|inactive|Time left: 300 sec this turn | 300 sec total\n|\n|t:|1783559260\n|-activate|p1a: Regidrago|confusion\n|move|p1a: Regidrago|Outrage|p2a: Dunsparce\n|-damage|p2a: Dunsparce|80/312\n|move|p2a: Dunsparce|Roost|p2a: Dunsparce\n|-heal|p2a: Dunsparce|236/312\n|-singleturn|p2a: Dunsparce|move: Roost\n|\n|upkeep\n|turn|19\n|inactive|Time left: 300 sec this turn | 300 sec total\n|\n|t:|1783559261\n|-activate|p1a: Regidrago|confusion\n|move|p1a: Regidrago|Outrage|p2a: Dunsparce|[from] lockedmove\n|-damage|p2a: Dunsparce|130/312\n|move|p2a: Dunsparce|Roost|p2a: Dunsparce\n|-heal|p2a: Dunsparce|286/312\n|-singleturn|p2a: Dunsparce|move: Roost\n|\n|upkeep\n|turn|20\n|inactive|Time left: 300 sec this turn | 300 sec total\n|\n|t:|1783559262\n|-activate|p1a: Regidrago|confusion\n|move|p1a: Regidrago|Outrage|p2a: Dunsparce\n|-damage|p2a: Dunsparce|168/312\n|move|p2a: Dunsparce|Coil|p2a: Dunsparce\n|-boost|p2a: Dunsparce|atk|1\n|-boost|p2a: Dunsparce|def|1\n|-boost|p2a: Dunsparce|accuracy|1\n|\n|upkeep\n|turn|21\n|inactive|Time left: 300 sec this turn | 300 sec total\n|\n|t:|1783559263\n|-end|p1a: Regidrago|confusion\n|move|p1a: Regidrago|Outrage|p2a: Dunsparce|[from] lockedmove\n|-damage|p2a: Dunsparce|88/312\n|move|p2a: Dunsparce|Roost|p2a: Dunsparce\n|-heal|p2a: Dunsparce|244/312\n|-singleturn|p2a: Dunsparce|move: Roost\n|\n|upkeep\n|turn|22\n|inactive|Time left: 300 sec this turn | 300 sec total\n|\n|t:|1783559264\n|move|p1a: Regidrago|Outrage|p2a: Dunsparce|[from] lockedmove\n|-damage|p2a: Dunsparce|158/312\n|-start|p1a: Regidrago|confusion|[fatigue]\n|move|p2a: Dunsparce|Roost|p2a: Dunsparce\n|-heal|p2a: Dunsparce|312/312\n|-singleturn|p2a: Dunsparce|move: Roost\n|\n|upkeep\n|turn|23\n|inactive|Time left: 300 sec this turn | 300 sec total\n|\n|t:|1783559266\n|-activate|p1a: Regidrago|confusion\n|-damage|p1a: Regidrago|3/100|[from] confusion\n|move|p2a: Dunsparce|Body Slam|p1a: Regidrago\n|-damage|p1a: Regidrago|0 fnt\n|faint|p1a: Regidrago\n|\n|upkeep\n|\n|t:|1783559266\n|switch|p1a: Vileplume|Vileplume, L85, F|73/100\n|turn|24\n|inactive|Time left: 300 sec this turn | 300 sec total\n|\n|t:|1783559268\n|move|p1a: Vileplume|Strength Sap|p2a: Dunsparce\n|-unboost|p2a: Dunsparce|atk|1\n|-heal|p1a: Vileplume|100/100\n|move|p2a: Dunsparce|Body Slam|p1a: Vileplume\n|-damage|p1a: Vileplume|57/100\n|-status|p2a: Dunsparce|slp|[from] ability: Effect Spore|[of] p1a: Vileplume\n|\n|-heal|p1a: Vileplume|63/100|[from] item: Leftovers\n|upkeep\n|turn|25\n|inactive|Time left: 300 sec this turn | 300 sec total\n|\n|t:|1783559268\n|move|p1a: Vileplume|Strength Sap|p2a: Dunsparce\n|-unboost|p2a: Dunsparce|atk|1\n|-heal|p1a: Vileplume|100/100\n|cant|p2a: Dunsparce|slp\n|\n|upkeep\n|turn|26\n|inactive|Time left: 300 sec this turn | 300 sec total\n|\n|t:|1783559269\n|move|p1a: Vileplume|Strength Sap|p2a: Dunsparce\n|-unboost|p2a: Dunsparce|atk|1\n|-curestatus|p2a: Dunsparce|slp|[msg]\n|move|p2a: Dunsparce|Coil|p2a: Dunsparce\n|-boost|p2a: Dunsparce|atk|1\n|-boost|p2a: Dunsparce|def|1\n|-boost|p2a: Dunsparce|accuracy|1\n|\n|upkeep\n|turn|27\n|inactive|Time left: 300 sec this turn | 300 sec total\n|\n|t:|1783559270\n|move|p1a: Vileplume|Strength Sap|p2a: Dunsparce\n|-unboost|p2a: Dunsparce|atk|1\n|move|p2a: Dunsparce|Coil|p2a: Dunsparce\n|-boost|p2a: Dunsparce|atk|1\n|-boost|p2a: Dunsparce|def|1\n|-boost|p2a: Dunsparce|accuracy|1\n|\n|upkeep\n|turn|28\n|inactive|Time left: 300 sec this turn | 300 sec total\n|\n|t:|1783559271\n|move|p1a: Vileplume|Sleep Powder|p2a: Dunsparce\n|-status|p2a: Dunsparce|slp|[from] move: Sleep Powder\n|cant|p2a: Dunsparce|slp\n|\n|upkeep\n|turn|29\n|inactive|Time left: 300 sec this turn | 300 sec total\n|\n|t:|1783559272\n|move|p1a: Vileplume|Strength Sap|p2a: Dunsparce\n|-unboost|p2a: Dunsparce|atk|1\n|cant|p2a: Dunsparce|slp\n|\n|upkeep\n|turn|30\n|inactive|Time left: 300 sec this turn | 300 sec total\n|\n|t:|1783559273\n|move|p1a: Vileplume|Giga Drain|p2a: Dunsparce\n|-damage|p2a: Dunsparce|239/312 slp\n|cant|p2a: Dunsparce|slp\n|\n|upkeep\n|turn|31\n|inactive|Time left: 300 sec this turn | 300 sec total\n|\n|t:|1783559274\n|move|p1a: Vileplume|Giga Drain|p2a: Dunsparce\n|-damage|p2a: Dunsparce|163/312 slp\n|-curestatus|p2a: Dunsparce|slp|[msg]\n|move|p2a: Dunsparce|Body Slam|p1a: Vileplume\n|-damage|p1a: Vileplume|81/100\n|\n|-heal|p1a: Vileplume|87/100|[from] item: Leftovers\n|upkeep\n|turn|32\n|inactive|Time left: 300 sec this turn | 300 sec total\n|\n|t:|1783559275\n|move|p1a: Vileplume|Sludge Bomb|p2a: Dunsparce\n|-damage|p2a: Dunsparce|72/312\n|-status|p2a: Dunsparce|psn\n|move|p2a: Dunsparce|Roost|p2a: Dunsparce\n|-heal|p2a: Dunsparce|228/312 psn\n|-singleturn|p2a: Dunsparce|move: Roost\n|\n|-heal|p1a: Vileplume|93/100|[from] item: Leftovers\n|-damage|p2a: Dunsparce|189/312 psn|[from] psn\n|upkeep\n|turn|33\n|inactive|Time left: 300 sec this turn | 300 sec total\n|\n|t:|1783559276\n|switch|p2a: Mewtwo|Mewtwo, L72|272/272\n|-ability|p2a: Mewtwo|Pressure\n|move|p1a: Vileplume|Sludge Bomb|p2a: Mewtwo\n|-damage|p2a: Mewtwo|152/272\n|-status|p2a: Mewtwo|psn\n|\n|-heal|p1a: Vileplume|99/100|[from] item: Leftovers\n|-damage|p2a: Mewtwo|118/272 psn|[from] psn\n|upkeep\n|turn|34\n|inactive|Time left: 300 sec this turn | 300 sec total\n|\n|t:|1783559278\n|switch|p1a: Landorus|Landorus, L75, M|100/100\n|move|p2a: Mewtwo|Psystrike|p1a: Landorus\n|-damage|p1a: Landorus|41/100\n|-damage|p2a: Mewtwo|91/272 psn|[from] item: Life Orb\n|\n|-damage|p2a: Mewtwo|57/272 psn|[from] psn\n|upkeep\n|turn|35\n|inactive|Time left: 300 sec this turn | 300 sec total\n|\n|t:|1783559279\n|move|p2a: Mewtwo|Psystrike|p1a: Landorus\n|-damage|p1a: Landorus|0 fnt\n|faint|p1a: Landorus\n|-damage|p2a: Mewtwo|30/272 psn|[from] item: Life Orb\n|\n|-damage|p2a: Mewtwo|0 fnt|[from] psn\n|faint|p2a: Mewtwo\n|upkeep\n|inactive|Time left: 300 sec this turn | 300 sec total | 5 sec grace\n|\n|t:|1783559280\n|switch|p2a: Dunsparce|Dunsparce, L86, M|189/312 psn\n|switch|p1a: Vileplume|Vileplume, L85, F|99/100\n|turn|36\n|inactive|Time left: 300 sec this turn | 300 sec total\n|\n|t:|1783559281\n|move|p1a: Vileplume|Sludge Bomb|p2a: Dunsparce\n|-damage|p2a: Dunsparce|101/312 psn\n|move|p2a: Dunsparce|Body Slam|p1a: Vileplume\n|-damage|p1a: Vileplume|70/100\n|\n|-heal|p1a: Vileplume|76/100|[from] item: Leftovers\n|-damage|p2a: Dunsparce|62/312 psn|[from] psn\n|upkeep\n|turn|37\n|inactive|Time left: 300 sec this turn | 300 sec total\n|\n|t:|1783559283\n|move|p1a: Vileplume|Sludge Bomb|p2a: Dunsparce\n|-damage|p2a: Dunsparce|0 fnt\n|faint|p2a: Dunsparce\n|\n|-heal|p1a: Vileplume|82/100|[from] item: Leftovers\n|upkeep\n|inactive|Time left: 300 sec this turn | 300 sec total | 5 sec grace\n|\n|t:|1783559284\n|switch|p2a: Goodra|Goodra, L85, M|84/292 psn\n|turn|38\n|inactive|Time left: 300 sec this turn | 300 sec total\n|\n|t:|1783559285\n|-terastallize|p2a: Goodra|Steel\n|move|p2a: Goodra|Earthquake|p1a: Vileplume\n|-damage|p1a: Vileplume|55/100\n|move|p1a: Vileplume|Sludge Bomb|p2a: Goodra\n|-immune|p2a: Goodra\n|\n|-heal|p1a: Vileplume|61/100|[from] item: Leftovers\n|-damage|p2a: Goodra|48/292 psn|[from] psn\n|upkeep\n|turn|39\n|inactive|Time left: 300 sec this turn | 300 sec total\n|\n|t:|1783559286\n|switch|p1a: Terapagos|Terapagos, L77, F|100/100\n|-activate|p1a: Terapagos|ability: Tera Shift\n|detailschange|p1a: Terapagos|Terapagos-Terastal, L77, F\n|-heal|p1a: Terapagos|100/100|[silent]\n|move|p2a: Goodra|Dragon Tail|p1a: Terapagos\n|-activate|p1a: Terapagos|ability: Tera Shell\n|-resisted|p1a: Terapagos\n|-damage|p1a: Terapagos|88/100\n|drag|p1a: Vileplume|Vileplume, L85, F|61/100\n|\n|-heal|p1a: Vileplume|67/100|[from] item: Leftovers\n|-damage|p2a: Goodra|12/292 psn|[from] psn\n|upkeep\n|turn|40\n|inactive|Time left: 300 sec this turn | 300 sec total\n|\n|t:|1783559287\n|switch|p1a: Terapagos|Terapagos-Terastal, L77, F|88/100\n|move|p2a: Goodra|Draco Meteor|p1a: Terapagos\n|-damage|p1a: Terapagos|37/100\n|-unboost|p2a: Goodra|spa|2\n|\n|-damage|p2a: Goodra|0 fnt|[from] psn\n|faint|p2a: Goodra\n|upkeep\n|inactive|Time left: 300 sec this turn | 300 sec total | 5 sec grace\n|\n|t:|1783559288\n|switch|p2a: Quaquaval|Quaquaval, L79, F|264/264\n|turn|41\n|inactive|Time left: 300 sec this turn | 300 sec total\n|\n|t:|1783559289\n|switch|p1a: Vileplume|Vileplume, L85, F|67/100\n|move|p2a: Quaquaval|Rapid Spin|p1a: Vileplume\n|-crit|p1a: Vileplume\n|-damage|p1a: Vileplume|46/100\n|-boost|p2a: Quaquaval|spe|1\n|-status|p2a: Quaquaval|psn|[from] ability: Effect Spore|[of] p1a: Vileplume\n|\n|-heal|p1a: Vileplume|52/100|[from] item: Leftovers\n|-damage|p2a: Quaquaval|231/264 psn|[from] psn\n|upkeep\n|turn|42\n|inactive|Time left: 300 sec this turn | 300 sec total\n|\n|t:|1783559289\n|move|p2a: Quaquaval|Roost|p2a: Quaquaval\n|-heal|p2a: Quaquaval|264/264 psn\n|-singleturn|p2a: Quaquaval|move: Roost\n|move|p1a: Vileplume|Giga Drain|p2a: Quaquaval\n|-supereffective|p2a: Quaquaval\n|-crit|p2a: Quaquaval\n|-damage|p2a: Quaquaval|0 fnt\n|-heal|p1a: Vileplume|100/100|[from] drain|[of] p2a: Quaquaval\n|faint|p2a: Quaquaval\n|\n|win|p0x1729400c", "uploadtime": 1783559289, "views": 0, "rating": 0, "private": 0, "password": null, "_winner": "p0x1729400c", "_our_name": "p0y17290703"}