{"id": "battle-gen9randombattle-2324", "formatid": "gen9randombattle", "format": "[Gen 9] Random Battle", "players": ["p0x2324a381", "p0y2324a97e"], "log": "|init|battle\n|title|p0x2324a381 vs. p0y2324a97e\n|j|\u2606p0x2324a381\n|j|\u2606p0y2324a97e\n|t:|1783565983\n|gametype|singles\n|player|p1|p0x2324a381|266|\n|player|p2|p0y2324a97e|170|\n|gen|9\n|tier|[Gen 9] Random Battle\n|rule|Species Clause: Limit one of each Pok\u00e9mon\n|rule|HP Percentage Mod: HP is shown in percentages\n|rule|Sleep Clause Mod: Limit one foe put to sleep\n|rule|Illusion Level Mod: Illusion disguises the Pok\u00e9mon's true level\n|\n|t:|1783565983\n|teamsize|p1|6\n|teamsize|p2|6\n|start\n|switch|p1a: Persian|Persian-Alola, L86, M|100/100\n|switch|p2a: Oricorio|Oricorio-Sensu, L85, F|266/266\n|turn|1\n|inactive|Battle timer is ON: inactive players will automatically lose when time's up. (requested by p0y2324a97e)\n|inactive|p0x2324a381 also wants the timer to be on.\n|\n|t:|1783565984\n|move|p1a: Persian|Dark Pulse|p2a: Oricorio\n|-supereffective|p2a: Oricorio\n|-damage|p2a: Oricorio|45/266\n|-damage|p1a: Persian|91/100|[from] item: Life Orb\n|move|p2a: Oricorio|Quiver Dance|p2a: Oricorio\n|-boost|p2a: Oricorio|spa|1\n|-boost|p2a: Oricorio|spd|1\n|-boost|p2a: Oricorio|spe|1\n|\n|upkeep\n|turn|2\n|inactive|Time left: 300 sec this turn | 300 sec total\n|\n|t:|1783565985\n|switch|p1a: Houndstone|Houndstone, L86, M|100/100\n|move|p2a: Oricorio|Roost|p2a: Oricorio\n|-heal|p2a: Oricorio|178/266\n|-singleturn|p2a: Oricorio|move: Roost\n|\n|upkeep\n|turn|3\n|inactive|Time left: 300 sec this turn | 300 sec total\n|\n|t:|1783565986\n|move|p2a: Oricorio|Revelation Dance|p1a: Houndstone\n|-supereffective|p1a: Houndstone\n|-crit|p1a: Houndstone\n|-damage|p1a: Houndstone|2/100\n|move|p1a: Houndstone|Poltergeist|p2a: Oricorio\n|-activate|p2a: Oricorio|move: Poltergeist|Heavy-Duty Boots\n|-supereffective|p2a: Oricorio\n|-damage|p2a: Oricorio|0 fnt\n|faint|p2a: Oricorio\n|\n|upkeep\n|inactive|Time left: 300 sec this turn | 300 sec total | 5 sec grace\n|\n|t:|1783565987\n|switch|p2a: Chi-Yu|Chi-Yu, L77|211/211\n|-ability|p2a: Chi-Yu|Beads of Ruin\n|turn|4\n|inactive|Time left: 300 sec this turn | 300 sec total\n|\n|t:|1783565988\n|move|p1a: Houndstone|Shadow Sneak|p2a: Chi-Yu\n|-resisted|p2a: Chi-Yu\n|-damage|p2a: Chi-Yu|184/211\n|move|p2a: Chi-Yu|Dark Pulse|p1a: Houndstone\n|-supereffective|p1a: Houndstone\n|-damage|p1a: Houndstone|0 fnt\n|faint|p1a: Houndstone\n|\n|upkeep\n|\n|t:|1783565989\n|switch|p1a: Sawsbuck|Sawsbuck, L88, M|100/100\n|turn|5\n|inactive|Time left: 300 sec this turn | 300 sec total\n|\n|t:|1783565990\n|switch|p2a: Tropius|Tropius, L91, M|328/328\n|move|p1a: Sawsbuck|High Horsepower|p2a: Tropius\n|-immune|p2a: Tropius\n|\n|upkeep\n|turn|6\n|inactive|Time left: 300 sec this turn | 300 sec total\n|\n|t:|1783565991\n|move|p1a: Sawsbuck|Swords Dance|p1a: Sawsbuck\n|-boost|p1a: Sawsbuck|atk|2\n|move|p2a: Tropius|Dual Wingbeat|p1a: Sawsbuck\n|-supereffective|p1a: Sawsbuck\n|-damage|p1a: Sawsbuck|70/100\n|-supereffective|p1a: Sawsbuck\n|-damage|p1a: Sawsbuck|38/100\n|-hitcount|p1a: Sawsbuck|2\n|\n|upkeep\n|turn|7\n|inactive|Time left: 300 sec this turn | 300 sec total\n|\n|t:|1783565992\n|move|p1a: Sawsbuck|Headbutt|p2a: Tropius\n|-damage|p2a: Tropius|106/328\n|-enditem|p2a: Tropius|Sitrus Berry|[eat]\n|-heal|p2a: Tropius|188/328|[from] item: Sitrus Berry\n|-damage|p1a: Sawsbuck|28/100|[from] item: Life Orb\n|move|p2a: Tropius|Dual Wingbeat|p1a: Sawsbuck\n|-supereffective|p1a: Sawsbuck\n|-damage|p1a: Sawsbuck|0 fnt\n|faint|p1a: Sawsbuck\n|-hitcount|p1: Sawsbuck|1\n|\n|-item|p2a: Tropius|Sitrus Berry|[from] ability: Harvest\n|upkeep\n|\n|t:|1783565993\n|switch|p1a: Noctowl|Noctowl, L95, F|100/100\n|turn|8\n|inactive|Time left: 300 sec this turn | 300 sec total\n|\n|t:|1783565994\n|move|p1a: Noctowl|Hurricane|p2a: Tropius\n|-supereffective|p2a: Tropius\n|-damage|p2a: Tropius|0 fnt\n|faint|p2a: Tropius\n|\n|upkeep\n|inactive|Time left: 300 sec this turn | 300 sec total | 5 sec grace\n|\n|t:|1783565995\n|switch|p2a: Lycanroc|Lycanroc-Dusk, L81, M|254/254\n|turn|9\n|inactive|Time left: 300 sec this turn | 300 sec total\n|\n|t:|1783565996\n|switch|p1a: Sylveon|Sylveon, L85, F|100/100\n|-terastallize|p2a: Lycanroc|Fighting\n|move|p2a: Lycanroc|Close Combat|p1a: Sylveon\n|-resisted|p1a: Sylveon\n|-damage|p1a: Sylveon|49/100\n|-unboost|p2a: Lycanroc|def|1\n|-unboost|p2a: Lycanroc|spd|1\n|\n|-heal|p1a: Sylveon|55/100|[from] item: Leftovers\n|upkeep\n|turn|10\n|inactive|Time left: 300 sec this turn | 300 sec total\n|\n|t:|1783565997\n|move|p1a: Sylveon|Protect|p1a: Sylveon\n|-singleturn|p1a: Sylveon|Protect\n|move|p2a: Lycanroc|Close Combat|p1a: Sylveon\n|-activate|p1a: Sylveon|move: Protect\n|\n|-heal|p1a: Sylveon|61/100|[from] item: Leftovers\n|upkeep\n|turn|11\n|inactive|Time left: 300 sec this turn | 300 sec total\n|\n|t:|1783565998\n|switch|p2a: Blissey|Blissey, L85, F|572/572\n|move|p1a: Sylveon|Hyper Voice|p2a: Blissey\n|-damage|p2a: Blissey|476/572\n|\n|-heal|p1a: Sylveon|67/100|[from] item: Leftovers\n|-heal|p2a: Blissey|511/572|[from] item: Leftovers\n|upkeep\n|turn|12\n|inactive|Time left: 300 sec this turn | 300 sec total\n|\n|t:|1783565999\n|move|p1a: Sylveon|Calm Mind|p1a: Sylveon\n|-boost|p1a: Sylveon|spa|1\n|-boost|p1a: Sylveon|spd|1\n|move|p2a: Blissey|Seismic Toss|p1a: Sylveon\n|-damage|p1a: Sylveon|38/100\n|\n|-heal|p1a: Sylveon|44/100|[from] item: Leftovers\n|-heal|p2a: Blissey|546/572|[from] item: Leftovers\n|upkeep\n|turn|13\n|inactive|Time left: 300 sec this turn | 300 sec total\n|\n|t:|1783566000\n|move|p1a: Sylveon|Wish|p1a: Sylveon\n|move|p2a: Blissey|Seismic Toss|p1a: Sylveon\n|-damage|p1a: Sylveon|16/100\n|\n|-heal|p1a: Sylveon|22/100|[from] item: Leftovers\n|-heal|p2a: Blissey|572/572|[from] item: Leftovers\n|upkeep\n|turn|14\n|inactive|Time left: 300 sec this turn | 300 sec total\n|\n|t:|1783566001\n|switch|p1a: Perrserker|Perrserker, L89, F|100/100\n|move|p2a: Blissey|Seismic Toss|p1a: Perrserker\n|-damage|p1a: Perrserker|69/100\n|\n|-heal|p1a: Perrserker|100/100|[from] move: Wish|[wisher] Sylveon\n|upkeep\n|turn|15\n|inactive|Time left: 300 sec this turn | 300 sec total\n|\n|t:|1783566002\n|switch|p2a: Hitmontop|Hitmontop, L88, M|231/231\n|-ability|p2a: Hitmontop|Intimidate|boost\n|-unboost|p1a: Perrserker|atk|1\n|move|p1a: Perrserker|Close Combat|p2a: Hitmontop\n|-damage|p2a: Hitmontop|118/231\n|-unboost|p1a: Perrserker|def|1\n|-unboost|p1a: Perrserker|spd|1\n|-damage|p1a: Perrserker|91/100|[from] item: Life Orb\n|\n|upkeep\n|turn|16\n|inactive|Time left: 300 sec this turn | 300 sec total\n|\n|t:|1783566003\n|switch|p1a: Noctowl|Noctowl, L95, F|100/100\n|move|p2a: Hitmontop|Close Combat|p1a: Noctowl\n|-damage|p1a: Noctowl|51/100\n|-unboost|p2a: Hitmontop|def|1\n|-unboost|p2a: Hitmontop|spd|1\n|\n|upkeep\n|turn|17\n|inactive|Time left: 300 sec this turn | 300 sec total\n|\n|t:|1783566004\n|move|p1a: Noctowl|Hurricane|p2a: Hitmontop\n|-supereffective|p2a: Hitmontop\n|-damage|p2a: Hitmontop|0 fnt\n|faint|p2a: Hitmontop\n|\n|upkeep\n|inactive|Time left: 300 sec this turn | 300 sec total | 5 sec grace\n|\n|t:|1783566005\n|switch|p2a: Lycanroc|Lycanroc-Dusk, L81, M, tera:Fighting|254/254\n|turn|18\n|inactive|Time left: 300 sec this turn | 300 sec total\n|\n|t:|1783566006\n|switch|p1a: Sylveon|Sylveon, L85, F|22/100\n|move|p2a: Lycanroc|Close Combat|p1a: Sylveon\n|-resisted|p1a: Sylveon\n|-damage|p1a: Sylveon|0 fnt\n|-unboost|p2a: Lycanroc|def|1\n|-unboost|p2a: Lycanroc|spd|1\n|faint|p1a: Sylveon\n|\n|upkeep\n|\n|t:|1783566007\n|switch|p1a: Persian|Persian-Alola, L86, M|91/100\n|turn|19\n|inactive|Time left: 300 sec this turn | 300 sec total\n|\n|t:|1783566008\n|-terastallize|p1a: Persian|Poison\n|move|p1a: Persian|Nasty Plot|p1a: Persian\n|-boost|p1a: Persian|spa|2\n|move|p2a: Lycanroc|Close Combat|p1a: Persian\n|-resisted|p1a: Persian\n|-damage|p1a: Persian|56/100\n|-unboost|p2a: Lycanroc|def|1\n|-unboost|p2a: Lycanroc|spd|1\n|\n|upkeep\n|turn|20\n|inactive|Time left: 300 sec this turn | 300 sec total\n|\n|t:|1783566009\n|switch|p2a: Blissey|Blissey, L85, F|572/572\n|move|p1a: Persian|Tera Blast|p2a: Blissey|[anim] Tera Blast Poison\n|-damage|p2a: Blissey|434/572\n|-damage|p1a: Persian|46/100|[from] item: Life Orb\n|\n|-heal|p2a: Blissey|469/572|[from] item: Leftovers\n|upkeep\n|turn|21\n|inactive|Time left: 300 sec this turn | 300 sec total\n|\n|t:|1783566010\n|switch|p1a: Perrserker|Perrserker, L89, F|91/100\n|move|p2a: Blissey|Seismic Toss|p1a: Perrserker\n|-damage|p1a: Perrserker|59/100\n|\n|-heal|p2a: Blissey|504/572|[from] item: Leftovers\n|upkeep\n|turn|22\n|inactive|Time left: 300 sec this turn | 300 sec total\n|\n|t:|1783566011\n|move|p2a: Blissey|Seismic Toss|p1a: Perrserker\n|-damage|p1a: Perrserker|28/100\n|move|p1a: Perrserker|Close Combat|p2a: Blissey\n|-supereffective|p2a: Blissey\n|-crit|p2a: Blissey\n|-damage|p2a: Blissey|0 fnt\n|-unboost|p1a: Perrserker|def|1\n|-unboost|p1a: Perrserker|spd|1\n|faint|p2a: Blissey\n|-damage|p1a: Perrserker|18/100|[from] item: Life Orb\n|\n|upkeep\n|inactive|Time left: 300 sec this turn | 300 sec total | 5 sec grace\n|\n|t:|1783566013\n|switch|p2a: Lycanroc|Lycanroc-Dusk, L81, M, tera:Fighting|254/254\n|turn|23\n|inactive|Time left: 300 sec this turn | 300 sec total\n|\n|t:|1783566014\n|switch|p1a: Persian|Persian-Alola, L86, M, tera:Poison|46/100\n|move|p2a: Lycanroc|Accelerock|p1a: Persian\n|-damage|p1a: Persian|24/100\n|\n|upkeep\n|turn|24\n|inactive|Time left: 300 sec this turn | 300 sec total\n|\n|t:|1783566015\n|move|p2a: Lycanroc|Accelerock|p1a: Persian\n|-damage|p1a: Persian|0 fnt\n|faint|p1a: Persian\n|\n|upkeep\n|\n|t:|1783566016\n|switch|p1a: Perrserker|Perrserker, L89, F|18/100\n|turn|25\n|inactive|Time left: 300 sec this turn | 300 sec total\n|\n|t:|1783566017\n|move|p2a: Lycanroc|Accelerock|p1a: Perrserker\n|-resisted|p1a: Perrserker\n|-damage|p1a: Perrserker|4/100\n|move|p1a: Perrserker|Stealth Rock|p2a: Lycanroc\n|-sidestart|p2: p0y2324a97e|move: Stealth Rock\n|\n|upkeep\n|turn|26\n|inactive|Time left: 300 sec this turn | 300 sec total\n|\n|t:|1783566018\n|move|p2a: Lycanroc|Accelerock|p1a: Perrserker\n|-resisted|p1a: Perrserker\n|-damage|p1a: Perrserker|0 fnt\n|faint|p1a: Perrserker\n|\n|upkeep\n|\n|t:|1783566018\n|switch|p1a: Noctowl|Noctowl, L95, F|51/100\n|turn|27\n|inactive|Time left: 300 sec this turn | 300 sec total\n|\n|t:|1783566019\n|move|p2a: Lycanroc|Accelerock|p1a: Noctowl\n|-supereffective|p1a: Noctowl\n|-damage|p1a: Noctowl|0 fnt\n|faint|p1a: Noctowl\n|\n|win|p0y2324a97e", "uploadtime": 1783566019, "views": 0, "rating": 0, "private": 0, "password": null, "_winner": "p0y2324a97e", "_our_name": "p0y2324a97e"}