{"id": "battle-gen9randombattle-248", "formatid": "gen9randombattle", "format": "[Gen 9] Random Battle", "players": ["p0x24822a5", "p0y248bb40"], "log": "|init|battle\n|title|p0x24822a5 vs. p0y248bb40\n|j|\u2606p0x24822a5\n|j|\u2606p0y248bb40\n|t:|1783541971\n|gametype|singles\n|player|p1|p0x24822a5|102|\n|player|p2|p0y248bb40|170|\n|gen|9\n|tier|[Gen 9] Random Battle\n|rule|Species Clause: Limit one of each Pok\u00e9mon\n|rule|HP Percentage Mod: HP is shown in percentages\n|rule|Sleep Clause Mod: Limit one foe put to sleep\n|rule|Illusion Level Mod: Illusion disguises the Pok\u00e9mon's true level\n|\n|t:|1783541971\n|teamsize|p1|6\n|teamsize|p2|6\n|start\n|switch|p1a: Gallade|Gallade, L80, M|100/100\n|switch|p2a: Iron Thorns|Iron Thorns, L83|302/302\n|-item|p2a: Iron Thorns|Air Balloon\n|turn|1\n|inactive|Battle timer is ON: inactive players will automatically lose when time's up. (requested by p0x24822a5)\n|inactive|Time left: 300 sec this turn | 300 sec total | 60 sec grace\n|inactive|p0y248bb40 also wants the timer to be on.\n|\n|t:|1783541972\n|move|p1a: Gallade|Sacred Sword|p2a: Iron Thorns\n|-supereffective|p2a: Iron Thorns\n|-damage|p2a: Iron Thorns|0 fnt\n|-enditem|p2a: Iron Thorns|Air Balloon\n|faint|p2a: Iron Thorns\n|-end|p2a: Iron Thorns|Quark Drive|[silent]\n|-damage|p1a: Gallade|90/100|[from] item: Life Orb\n|\n|upkeep\n|inactive|Time left: 300 sec this turn | 300 sec total | 65 sec grace\n|\n|t:|1783541973\n|switch|p2a: Dodrio|Dodrio, L85, F|241/241\n|turn|2\n|inactive|Time left: 300 sec this turn | 300 sec total\n|\n|t:|1783541975\n|switch|p1a: Iron Thorns|Iron Thorns, L83|100/100\n|-item|p1a: Iron Thorns|Air Balloon\n|move|p2a: Dodrio|Brave Bird|p1a: Iron Thorns\n|-resisted|p1a: Iron Thorns\n|-damage|p1a: Iron Thorns|84/100\n|-enditem|p1a: Iron Thorns|Air Balloon\n|-damage|p2a: Dodrio|224/241|[from] Recoil\n|\n|upkeep\n|turn|3\n|inactive|Time left: 300 sec this turn | 300 sec total\n|\n|t:|1783541976\n|switch|p2a: Regirock|Regirock, L83|268/268\n|move|p1a: Iron Thorns|Stone Edge|p2a: Regirock|[miss]\n|-miss|p1a: Iron Thorns|p2a: Regirock\n|\n|upkeep\n|turn|4\n|inactive|Time left: 300 sec this turn | 300 sec total\n|\n|t:|1783541977\n|move|p1a: Iron Thorns|Earthquake|p2a: Regirock\n|-supereffective|p2a: Regirock\n|-damage|p2a: Regirock|166/268\n|move|p2a: Regirock|Body Press|p1a: Iron Thorns\n|-supereffective|p1a: Iron Thorns\n|-damage|p1a: Iron Thorns|24/100\n|\n|upkeep\n|turn|5\n|inactive|Time left: 300 sec this turn | 300 sec total\n|\n|t:|1783541978\n|-end|p1a: Iron Thorns|Quark Drive|[silent]\n|switch|p1a: Inteleon|Inteleon, L81, F|100/100\n|move|p2a: Regirock|Stone Edge|p1a: Inteleon|[miss]\n|-miss|p2a: Regirock|p1a: Inteleon\n|\n|upkeep\n|turn|6\n|inactive|Time left: 300 sec this turn | 300 sec total\n|\n|t:|1783541979\n|switch|p2a: Iron Bundle|Iron Bundle, L78|215/215\n|move|p1a: Inteleon|Scald|p2a: Iron Bundle\n|-resisted|p2a: Iron Bundle\n|-damage|p2a: Iron Bundle|122/215\n|\n|upkeep\n|turn|7\n|inactive|Time left: 300 sec this turn | 300 sec total\n|\n|t:|1783541980\n|switch|p1a: Zacian|Zacian-Crowned, L64|100/100\n|-ability|p1a: Zacian|Intrepid Sword|boost\n|-boost|p1a: Zacian|atk|1\n|move|p2a: Iron Bundle|Freeze-Dry|p1a: Zacian\n|-resisted|p1a: Zacian\n|-damage|p1a: Zacian|74/100\n|\n|upkeep\n|turn|8\n|inactive|Time left: 300 sec this turn | 300 sec total\n|\n|t:|1783541981\n|move|p2a: Iron Bundle|Freeze-Dry|p1a: Zacian\n|-resisted|p1a: Zacian\n|-damage|p1a: Zacian|44/100\n|move|p1a: Zacian|Behemoth Blade|p2a: Iron Bundle\n|-damage|p2a: Iron Bundle|4/215\n|\n|upkeep\n|turn|9\n|inactive|Time left: 300 sec this turn | 300 sec total\n|\n|t:|1783541982\n|move|p2a: Iron Bundle|Freeze-Dry|p1a: Zacian\n|-resisted|p1a: Zacian\n|-damage|p1a: Zacian|18/100\n|move|p1a: Zacian|Behemoth Blade|p2a: Iron Bundle\n|-damage|p2a: Iron Bundle|0 fnt\n|faint|p2a: Iron Bundle\n|-end|p2a: Iron Bundle|Quark Drive|[silent]\n|\n|upkeep\n|inactive|Time left: 300 sec this turn | 300 sec total | 5 sec grace\n|\n|t:|1783541983\n|switch|p2a: Dodrio|Dodrio, L85, F|224/241\n|turn|10\n|inactive|Time left: 300 sec this turn | 300 sec total\n|\n|t:|1783541984\n|switch|p1a: Inteleon|Inteleon, L81, F|100/100\n|move|p2a: Dodrio|Brave Bird|p1a: Inteleon\n|-crit|p1a: Inteleon\n|-damage|p1a: Inteleon|0 fnt\n|faint|p1a: Inteleon\n|-damage|p2a: Dodrio|143/241|[from] Recoil\n|\n|upkeep\n|\n|t:|1783541986\n|switch|p1a: Bellibolt|Bellibolt, L84, F|100/100\n|turn|11\n|inactive|Time left: 300 sec this turn | 300 sec total\n|\n|t:|1783541987\n|switch|p2a: Electrode|Electrode-Hisui, L87|246/246\n|move|p1a: Bellibolt|Thunderbolt|p2a: Electrode\n|-resisted|p2a: Electrode\n|-damage|p2a: Electrode|221/246\n|\n|upkeep\n|turn|12\n|inactive|Time left: 300 sec this turn | 300 sec total\n|\n|t:|1783541988\n|move|p2a: Electrode|Giga Drain|p1a: Bellibolt\n|-damage|p1a: Bellibolt|71/100\n|-heal|p2a: Electrode|246/246|[from] drain|[of] p1a: Bellibolt\n|-start|p1a: Bellibolt|Charge|Giga Drain|[from] ability: Electromorphosis\n|-damage|p2a: Electrode|222/246|[from] item: Life Orb\n|move|p1a: Bellibolt|Thunderbolt|p2a: Electrode\n|-resisted|p2a: Electrode\n|-damage|p2a: Electrode|168/246\n|-end|p1a: Bellibolt|Charge|[silent]\n|\n|-heal|p1a: Bellibolt|77/100|[from] item: Leftovers\n|upkeep\n|turn|13\n|inactive|Time left: 300 sec this turn | 300 sec total\n|\n|t:|1783541989\n|move|p2a: Electrode|Giga Drain|p1a: Bellibolt\n|-damage|p1a: Bellibolt|45/100\n|-heal|p2a: Electrode|220/246|[from] drain|[of] p1a: Bellibolt\n|-start|p1a: Bellibolt|Charge|Giga Drain|[from] ability: Electromorphosis\n|-damage|p2a: Electrode|196/246|[from] item: Life Orb\n|move|p1a: Bellibolt|Toxic|p2a: Electrode|[miss]\n|-miss|p1a: Bellibolt|p2a: Electrode\n|\n|-heal|p1a: Bellibolt|51/100|[from] item: Leftovers\n|upkeep\n|turn|14\n|inactive|Time left: 300 sec this turn | 300 sec total\n|\n|t:|1783541990\n|move|p2a: Electrode|Giga Drain|p1a: Bellibolt\n|-damage|p1a: Bellibolt|21/100\n|-heal|p2a: Electrode|244/246|[from] drain|[of] p1a: Bellibolt\n|-start|p1a: Bellibolt|Charge|Giga Drain|[from] ability: Electromorphosis\n|-damage|p2a: Electrode|220/246|[from] item: Life Orb\n|move|p1a: Bellibolt|Slack Off|p1a: Bellibolt\n|-heal|p1a: Bellibolt|71/100\n|\n|-heal|p1a: Bellibolt|78/100|[from] item: Leftovers\n|upkeep\n|turn|15\n|inactive|Time left: 300 sec this turn | 300 sec total\n|\n|t:|1783541991\n|move|p2a: Electrode|Giga Drain|p1a: Bellibolt\n|-damage|p1a: Bellibolt|44/100\n|-heal|p2a: Electrode|246/246|[from] drain|[of] p1a: Bellibolt\n|-start|p1a: Bellibolt|Charge|Giga Drain|[from] ability: Electromorphosis\n|-damage|p2a: Electrode|222/246|[from] item: Life Orb\n|move|p1a: Bellibolt|Toxic|p2a: Electrode|[miss]\n|-miss|p1a: Bellibolt|p2a: Electrode\n|\n|-heal|p1a: Bellibolt|50/100|[from] item: Leftovers\n|upkeep\n|turn|16\n|inactive|Time left: 300 sec this turn | 300 sec total\n|\n|t:|1783541992\n|move|p2a: Electrode|Giga Drain|p1a: Bellibolt\n|-damage|p1a: Bellibolt|17/100\n|-heal|p2a: Electrode|246/246|[from] drain|[of] p1a: Bellibolt\n|-start|p1a: Bellibolt|Charge|Giga Drain|[from] ability: Electromorphosis\n|-damage|p2a: Electrode|222/246|[from] item: Life Orb\n|move|p1a: Bellibolt|Slack Off|p1a: Bellibolt\n|-heal|p1a: Bellibolt|67/100\n|\n|-heal|p1a: Bellibolt|73/100|[from] item: Leftovers\n|upkeep\n|turn|17\n|inactive|Time left: 300 sec this turn | 300 sec total\n|\n|t:|1783541993\n|move|p2a: Electrode|Giga Drain|p1a: Bellibolt\n|-damage|p1a: Bellibolt|45/100\n|-heal|p2a: Electrode|246/246|[from] drain|[of] p1a: Bellibolt\n|-start|p1a: Bellibolt|Charge|Giga Drain|[from] ability: Electromorphosis\n|-damage|p2a: Electrode|222/246|[from] item: Life Orb\n|move|p1a: Bellibolt|Toxic|p2a: Electrode\n|-status|p2a: Electrode|tox\n|\n|-heal|p1a: Bellibolt|51/100|[from] item: Leftovers\n|-damage|p2a: Electrode|207/246 tox|[from] psn\n|upkeep\n|turn|18\n|inactive|Time left: 300 sec this turn | 300 sec total\n|\n|t:|1783541994\n|move|p2a: Electrode|Giga Drain|p1a: Bellibolt\n|-damage|p1a: Bellibolt|19/100\n|-heal|p2a: Electrode|246/246 tox|[from] drain|[of] p1a: Bellibolt\n|-start|p1a: Bellibolt|Charge|Giga Drain|[from] ability: Electromorphosis\n|-damage|p2a: Electrode|222/246 tox|[from] item: Life Orb\n|move|p1a: Bellibolt|Slack Off|p1a: Bellibolt\n|-heal|p1a: Bellibolt|69/100\n|\n|-heal|p1a: Bellibolt|75/100|[from] item: Leftovers\n|-damage|p2a: Electrode|192/246 tox|[from] psn\n|upkeep\n|turn|19\n|inactive|Time left: 300 sec this turn | 300 sec total\n|\n|t:|1783541995\n|move|p2a: Electrode|Giga Drain|p1a: Bellibolt\n|-damage|p1a: Bellibolt|45/100\n|-heal|p2a: Electrode|241/246 tox|[from] drain|[of] p1a: Bellibolt\n|-start|p1a: Bellibolt|Charge|Giga Drain|[from] ability: Electromorphosis\n|-damage|p2a: Electrode|217/246 tox|[from] item: Life Orb\n|move|p1a: Bellibolt|Thunderbolt|p2a: Electrode\n|-resisted|p2a: Electrode\n|-damage|p2a: Electrode|168/246 tox\n|-end|p1a: Bellibolt|Charge|[silent]\n|\n|-heal|p1a: Bellibolt|51/100|[from] item: Leftovers\n|-damage|p2a: Electrode|123/246 tox|[from] psn\n|upkeep\n|turn|20\n|inactive|Time left: 300 sec this turn | 300 sec total\n|\n|t:|1783541996\n|move|p2a: Electrode|Giga Drain|p1a: Bellibolt\n|-damage|p1a: Bellibolt|20/100\n|-heal|p2a: Electrode|174/246 tox|[from] drain|[of] p1a: Bellibolt\n|-start|p1a: Bellibolt|Charge|Giga Drain|[from] ability: Electromorphosis\n|-damage|p2a: Electrode|150/246 tox|[from] item: Life Orb\n|move|p1a: Bellibolt|Slack Off|p1a: Bellibolt\n|-heal|p1a: Bellibolt|70/100\n|\n|-heal|p1a: Bellibolt|76/100|[from] item: Leftovers\n|-damage|p2a: Electrode|90/246 tox|[from] psn\n|upkeep\n|turn|21\n|inactive|Time left: 300 sec this turn | 300 sec total\n|\n|t:|1783541997\n|move|p2a: Electrode|Giga Drain|p1a: Bellibolt\n|-damage|p1a: Bellibolt|42/100\n|-heal|p2a: Electrode|144/246 tox|[from] drain|[of] p1a: Bellibolt\n|-start|p1a: Bellibolt|Charge|Giga Drain|[from] ability: Electromorphosis\n|-damage|p2a: Electrode|120/246 tox|[from] item: Life Orb\n|move|p1a: Bellibolt|Thunderbolt|p2a: Electrode\n|-resisted|p2a: Electrode\n|-damage|p2a: Electrode|68/246 tox\n|-end|p1a: Bellibolt|Charge|[silent]\n|\n|-heal|p1a: Bellibolt|49/100|[from] item: Leftovers\n|-damage|p2a: Electrode|0 fnt|[from] psn\n|faint|p2a: Electrode\n|upkeep\n|inactive|Time left: 300 sec this turn | 300 sec total | 5 sec grace\n|\n|t:|1783541998\n|switch|p2a: Dodrio|Dodrio, L85, F|143/241\n|turn|22\n|inactive|Time left: 300 sec this turn | 300 sec total\n|\n|t:|1783541999\n|move|p2a: Dodrio|Double-Edge|p1a: Bellibolt\n|-crit|p1a: Bellibolt\n|-damage|p1a: Bellibolt|0 fnt\n|faint|p1a: Bellibolt\n|-damage|p2a: Dodrio|92/241|[from] Recoil\n|\n|upkeep\n|\n|t:|1783542000\n|switch|p1a: Landorus|Landorus-Therian, L76, M|100/100\n|-ability|p1a: Landorus|Intimidate|boost\n|-unboost|p2a: Dodrio|atk|1\n|turn|23\n|inactive|Time left: 300 sec this turn | 300 sec total\n|\n|t:|1783542001\n|move|p2a: Dodrio|Double-Edge|p1a: Landorus\n|-damage|p1a: Landorus|37/100\n|-damage|p2a: Dodrio|38/241|[from] Recoil\n|move|p1a: Landorus|U-turn|p2a: Dodrio\n|-resisted|p2a: Dodrio\n|-damage|p2a: Dodrio|6/241\n|\n|t:|1783542002\n|switch|p1a: Iron Thorns|Iron Thorns, L83|24/100|[from] U-turn\n|\n|upkeep\n|turn|24\n|inactive|Time left: 300 sec this turn | 300 sec total\n|\n|t:|1783542003\n|switch|p2a: Regirock|Regirock, L83|166/268\n|-end|p1a: Iron Thorns|Quark Drive|[silent]\n|switch|p1a: Landorus|Landorus-Therian, L76, M|37/100\n|-ability|p1a: Landorus|Intimidate|boost\n|-fail|p2a: Regirock|unboost|[from] ability: Clear Body|[of] p2a: Regirock\n|\n|-heal|p1a: Landorus|43/100|[from] item: Leftovers\n|upkeep\n|turn|25\n|inactive|Time left: 300 sec this turn | 300 sec total\n|\n|t:|1783542004\n|move|p1a: Landorus|Earthquake|p2a: Regirock\n|-supereffective|p2a: Regirock\n|-damage|p2a: Regirock|46/268\n|move|p2a: Regirock|Rest|p2a: Regirock\n|-status|p2a: Regirock|slp|[from] move: Rest\n|-heal|p2a: Regirock|268/268 slp|[silent]\n|-enditem|p2a: Regirock|Chesto Berry|[eat]\n|-curestatus|p2a: Regirock|slp|[msg]\n|\n|-heal|p1a: Landorus|49/100|[from] item: Leftovers\n|upkeep\n|turn|26\n|inactive|Time left: 300 sec this turn | 300 sec total\n|\n|t:|1783542005\n|move|p1a: Landorus|Earthquake|p2a: Regirock\n|-supereffective|p2a: Regirock\n|-damage|p2a: Regirock|134/268\n|move|p2a: Regirock|Stone Edge|p1a: Landorus\n|-damage|p1a: Landorus|3/100\n|\n|-heal|p1a: Landorus|9/100|[from] item: Leftovers\n|upkeep\n|turn|27\n|inactive|Time left: 300 sec this turn | 300 sec total\n|\n|t:|1783542006\n|move|p1a: Landorus|Earthquake|p2a: Regirock\n|-supereffective|p2a: Regirock\n|-damage|p2a: Regirock|6/268\n|move|p2a: Regirock|Body Press|p1a: Landorus\n|-resisted|p1a: Landorus\n|-damage|p1a: Landorus|0 fnt\n|faint|p1a: Landorus\n|\n|upkeep\n|\n|t:|1783542007\n|switch|p1a: Gallade|Gallade, L80, M|90/100\n|turn|28\n|inactive|Time left: 300 sec this turn | 300 sec total\n|\n|t:|1783542008\n|move|p1a: Gallade|Agility|p1a: Gallade\n|-boost|p1a: Gallade|spe|2\n|move|p2a: Regirock|Body Press|p1a: Gallade\n|-resisted|p1a: Gallade\n|-damage|p1a: Gallade|63/100\n|\n|upkeep\n|turn|29\n|inactive|Time left: 300 sec this turn | 300 sec total\n|\n|t:|1783542009\n|move|p1a: Gallade|Night Slash|p2a: Regirock\n|-crit|p2a: Regirock\n|-damage|p2a: Regirock|0 fnt\n|faint|p2a: Regirock\n|-damage|p1a: Gallade|53/100|[from] item: Life Orb\n|\n|upkeep\n|inactive|Time left: 300 sec this turn | 300 sec total | 5 sec grace\n|\n|t:|1783542010\n|switch|p2a: Dodrio|Dodrio, L85, F|6/241\n|turn|30\n|inactive|Time left: 300 sec this turn | 300 sec total\n|\n|t:|1783542011\n|move|p2a: Dodrio|Quick Attack|p1a: Gallade\n|-damage|p1a: Gallade|15/100\n|move|p1a: Gallade|Psycho Cut|p2a: Dodrio\n|-damage|p2a: Dodrio|0 fnt\n|faint|p2a: Dodrio\n|-damage|p1a: Gallade|5/100|[from] item: Life Orb\n|\n|upkeep\n|inactive|Time left: 300 sec this turn | 300 sec total | 5 sec grace\n|\n|t:|1783542012\n|switch|p2a: Sunflora|Sunflora, M|312/312\n|turn|31\n|inactive|Time left: 300 sec this turn | 300 sec total\n|\n|t:|1783542013\n|-terastallize|p1a: Gallade|Dark\n|move|p1a: Gallade|Sacred Sword|p2a: Sunflora\n|-damage|p2a: Sunflora|81/312\n|-damage|p1a: Gallade|0 fnt|[from] item: Life Orb\n|faint|p1a: Gallade\n|move|p2a: Sunflora|Sunny Day|p2a: Sunflora\n|-weather|SunnyDay\n|\n|-weather|SunnyDay|[upkeep]\n|upkeep\n|\n|t:|1783542014\n|switch|p1a: Iron Thorns|Iron Thorns, L83|24/100\n|turn|32\n|inactive|Time left: 300 sec this turn | 300 sec total\n|\n|t:|1783542015\n|-terastallize|p2a: Sunflora|Fire\n|move|p2a: Sunflora|Earth Power|p1a: Iron Thorns\n|-supereffective|p1a: Iron Thorns\n|-damage|p1a: Iron Thorns|0 fnt\n|faint|p1a: Iron Thorns\n|-end|p1a: Iron Thorns|Quark Drive|[silent]\n|-damage|p2a: Sunflora|50/312|[from] item: Life Orb\n|\n|-weather|SunnyDay|[upkeep]\n|upkeep\n|\n|t:|1783542016\n|switch|p1a: Zacian|Zacian-Crowned, L64|18/100\n|turn|33\n|inactive|Time left: 300 sec this turn | 300 sec total\n|\n|t:|1783542016\n|move|p2a: Sunflora|Weather Ball|p1a: Zacian\n|-supereffective|p1a: Zacian\n|-crit|p1a: Zacian\n|-damage|p1a: Zacian|0 fnt\n|faint|p1a: Zacian\n|-damage|p2a: Sunflora|19/312|[from] item: Life Orb\n|\n|win|p0y248bb40", "uploadtime": 1783542016, "views": 0, "rating": 0, "private": 0, "password": null, "_winner": "p0y248bb40", "_our_name": "p0y248bb40"}