{"id": "battle-gen9randombattle-324", "formatid": "gen9randombattle", "format": "[Gen 9] Random Battle", "players": ["p0x3245d9d", "p0y324f669"], "log": "|init|battle\n|title|p0x3245d9d vs. p0y324f669\n|j|\u2606p0x3245d9d\n|j|\u2606p0y324f669\n|t:|1783543374\n|gametype|singles\n|player|p1|p0x3245d9d|170|\n|player|p2|p0y324f669|101|\n|gen|9\n|tier|[Gen 9] Random Battle\n|rule|Species Clause: Limit one of each Pok\u00e9mon\n|rule|HP Percentage Mod: HP is shown in percentages\n|rule|Sleep Clause Mod: Limit one foe put to sleep\n|rule|Illusion Level Mod: Illusion disguises the Pok\u00e9mon's true level\n|\n|t:|1783543374\n|teamsize|p1|6\n|teamsize|p2|6\n|start\n|switch|p1a: Weavile|Weavile, L79, M|100/100\n|switch|p2a: Chesnaught|Chesnaught, L84, F|285/285\n|turn|1\n|inactive|Battle timer is ON: inactive players will automatically lose when time's up. (requested by p0y324f669)\n|inactive|p0x3245d9d also wants the timer to be on.\n|\n|t:|1783543375\n|-terastallize|p1a: Weavile|Ice\n|move|p1a: Weavile|Triple Axel|p2a: Chesnaught\n|-supereffective|p2a: Chesnaught\n|-damage|p2a: Chesnaught|233/285\n|-supereffective|p2a: Chesnaught\n|-damage|p2a: Chesnaught|137/285\n|-hitcount|p2a: Chesnaught|2\n|move|p2a: Chesnaught|Body Press|p1a: Weavile\n|-supereffective|p1a: Weavile\n|-damage|p1a: Weavile|0 fnt\n|faint|p1a: Weavile\n|\n|-heal|p2a: Chesnaught|154/285|[from] item: Leftovers\n|upkeep\n|\n|t:|1783543377\n|switch|p1a: Gouging Fire|Gouging Fire, L74|100/100\n|turn|2\n|inactive|Time left: 300 sec this turn | 300 sec total\n|\n|t:|1783543378\n|switch|p2a: Stantler|Stantler, L92, M|284/284\n|-ability|p2a: Stantler|Intimidate|boost\n|-unboost|p1a: Gouging Fire|atk|1\n|move|p1a: Gouging Fire|Heat Crash|p2a: Stantler\n|-damage|p2a: Stantler|227/284\n|\n|upkeep\n|turn|3\n|inactive|Time left: 300 sec this turn | 300 sec total\n|\n|t:|1783543379\n|move|p2a: Stantler|Body Slam|p1a: Gouging Fire\n|-damage|p1a: Gouging Fire|68/100\n|move|p1a: Gouging Fire|Dragon Dance|p1a: Gouging Fire\n|-boost|p1a: Gouging Fire|atk|1\n|-boost|p1a: Gouging Fire|spe|1\n|\n|upkeep\n|turn|4\n|inactive|Time left: 300 sec this turn | 300 sec total\n|\n|t:|1783543380\n|move|p1a: Gouging Fire|Outrage|p2a: Stantler\n|-damage|p2a: Stantler|145/284\n|move|p2a: Stantler|Earthquake|p1a: Gouging Fire\n|-supereffective|p1a: Gouging Fire\n|-crit|p1a: Gouging Fire\n|-damage|p1a: Gouging Fire|0 fnt\n|faint|p1a: Gouging Fire\n|-end|p1a: Gouging Fire|Protosynthesis|[silent]\n|\n|upkeep\n|\n|t:|1783543381\n|switch|p1a: Inteleon|Inteleon, L81, M|100/100\n|turn|5\n|inactive|Time left: 300 sec this turn | 300 sec total\n|\n|t:|1783543383\n|move|p1a: Inteleon|Scald|p2a: Stantler\n|-damage|p2a: Stantler|33/284\n|move|p2a: Stantler|Body Slam|p1a: Inteleon\n|-damage|p1a: Inteleon|44/100\n|-status|p1a: Inteleon|par\n|\n|upkeep\n|turn|6\n|inactive|Time left: 300 sec this turn | 300 sec total\n|\n|t:|1783543384\n|switch|p1a: Garganacl|Garganacl, L80, F|100/100\n|move|p2a: Stantler|Body Slam|p1a: Garganacl\n|-resisted|p1a: Garganacl\n|-damage|p1a: Garganacl|87/100\n|\n|-heal|p1a: Garganacl|94/100|[from] item: Leftovers\n|upkeep\n|turn|7\n|inactive|Time left: 300 sec this turn | 300 sec total\n|\n|t:|1783543385\n|switch|p2a: Chesnaught|Chesnaught, L84, F|154/285\n|move|p1a: Garganacl|Salt Cure|p2a: Chesnaught\n|-resisted|p2a: Chesnaught\n|-damage|p2a: Chesnaught|138/285\n|-start|p2a: Chesnaught|Salt Cure\n|\n|-heal|p2a: Chesnaught|155/285|[from] item: Leftovers\n|-heal|p1a: Garganacl|99/100|[from] item: Leftovers\n|-damage|p2a: Chesnaught|120/285|[from] Salt Cure\n|upkeep\n|turn|8\n|inactive|Time left: 300 sec this turn | 300 sec total\n|\n|t:|1783543386\n|switch|p1a: Altaria|Altaria, L89, M|100/100\n|move|p2a: Chesnaught|Synthesis|p2a: Chesnaught\n|-heal|p2a: Chesnaught|262/285\n|\n|-heal|p2a: Chesnaught|279/285|[from] item: Leftovers\n|-damage|p2a: Chesnaught|244/285|[from] Salt Cure\n|upkeep\n|turn|9\n|inactive|Time left: 300 sec this turn | 300 sec total\n|\n|t:|1783543387\n|switch|p2a: Articuno|Articuno, L86|295/295\n|-ability|p2a: Articuno|Pressure\n|move|p1a: Altaria|Brave Bird|p2a: Articuno\n|-damage|p2a: Articuno|192/295\n|-damage|p1a: Altaria|88/100|[from] Recoil\n|\n|upkeep\n|turn|10\n|inactive|Time left: 300 sec this turn | 300 sec total\n|\n|t:|1783543388\n|switch|p1a: Magnezone|Magnezone, L85|100/100\n|move|p2a: Articuno|Freeze-Dry|p1a: Magnezone\n|-resisted|p1a: Magnezone\n|-damage|p1a: Magnezone|90/100\n|\n|upkeep\n|turn|11\n|inactive|Time left: 300 sec this turn | 300 sec total\n|\n|t:|1783543389\n|move|p2a: Articuno|Roost|p2a: Articuno\n|-heal|p2a: Articuno|295/295\n|-singleturn|p2a: Articuno|move: Roost\n|move|p1a: Magnezone|Flash Cannon|p2a: Articuno\n|-supereffective|p2a: Articuno\n|-damage|p2a: Articuno|89/295\n|\n|upkeep\n|turn|12\n|inactive|Time left: 300 sec this turn | 300 sec total\n|\n|t:|1783543390\n|move|p2a: Articuno|Roost|p2a: Articuno\n|-heal|p2a: Articuno|237/295\n|-singleturn|p2a: Articuno|move: Roost\n|move|p1a: Magnezone|Flash Cannon|p2a: Articuno\n|-supereffective|p2a: Articuno\n|-damage|p2a: Articuno|31/295\n|\n|upkeep\n|turn|13\n|inactive|Time left: 300 sec this turn | 300 sec total\n|\n|t:|1783543391\n|move|p2a: Articuno|Roost|p2a: Articuno\n|-heal|p2a: Articuno|179/295\n|-singleturn|p2a: Articuno|move: Roost\n|move|p1a: Magnezone|Flash Cannon|p2a: Articuno\n|-supereffective|p2a: Articuno\n|-damage|p2a: Articuno|0 fnt\n|faint|p2a: Articuno\n|\n|upkeep\n|inactive|Time left: 300 sec this turn | 300 sec total | 5 sec grace\n|\n|t:|1783543392\n|switch|p2a: Stantler|Stantler, L92, M|33/284\n|-ability|p2a: Stantler|Intimidate|boost\n|-unboost|p1a: Magnezone|atk|1\n|turn|14\n|inactive|Time left: 300 sec this turn | 300 sec total\n|\n|t:|1783543393\n|switch|p1a: Altaria|Altaria, L89, M|88/100\n|move|p2a: Stantler|Earthquake|p1a: Altaria\n|-immune|p1a: Altaria\n|\n|upkeep\n|turn|15\n|inactive|Time left: 300 sec this turn | 300 sec total\n|\n|t:|1783543394\n|move|p2a: Stantler|Body Slam|p1a: Altaria\n|-damage|p1a: Altaria|54/100\n|move|p1a: Altaria|Brave Bird|p2a: Stantler\n|-damage|p2a: Stantler|0 fnt\n|faint|p2a: Stantler\n|-damage|p1a: Altaria|50/100|[from] Recoil\n|\n|upkeep\n|inactive|Time left: 300 sec this turn | 300 sec total | 5 sec grace\n|\n|t:|1783543395\n|switch|p2a: Toxtricity|Toxtricity, L82, F|257/257\n|turn|16\n|inactive|Time left: 300 sec this turn | 300 sec total\n|\n|t:|1783543396\n|-terastallize|p2a: Toxtricity|Normal\n|move|p2a: Toxtricity|Boomburst|p1a: Altaria\n|-damage|p1a: Altaria|0 fnt\n|faint|p1a: Altaria\n|\n|upkeep\n|\n|t:|1783543397\n|switch|p1a: Magnezone|Magnezone, L85|90/100\n|turn|17\n|inactive|Time left: 300 sec this turn | 300 sec total\n|\n|t:|1783543398\n|switch|p2a: Chesnaught|Chesnaught, L84, F|244/285\n|move|p1a: Magnezone|Flash Cannon|p2a: Chesnaught\n|-damage|p2a: Chesnaught|79/285\n|\n|-heal|p2a: Chesnaught|96/285|[from] item: Leftovers\n|upkeep\n|turn|18\n|inactive|Time left: 300 sec this turn | 300 sec total\n|\n|t:|1783543400\n|move|p2a: Chesnaught|Synthesis|p2a: Chesnaught\n|-heal|p2a: Chesnaught|238/285\n|move|p1a: Magnezone|Flash Cannon|p2a: Chesnaught\n|-damage|p2a: Chesnaught|64/285\n|-unboost|p2a: Chesnaught|spd|1\n|\n|-heal|p2a: Chesnaught|81/285|[from] item: Leftovers\n|upkeep\n|turn|19\n|inactive|Time left: 300 sec this turn | 300 sec total\n|\n|t:|1783543401\n|move|p2a: Chesnaught|Body Press|p1a: Magnezone\n|-supereffective|p1a: Magnezone\n|-damage|p1a: Magnezone|23/100\n|move|p1a: Magnezone|Flash Cannon|p2a: Chesnaught\n|-damage|p2a: Chesnaught|0 fnt\n|faint|p2a: Chesnaught\n|\n|upkeep\n|inactive|Time left: 300 sec this turn | 300 sec total | 5 sec grace\n|\n|t:|1783543402\n|switch|p2a: Toxtricity|Toxtricity, L82, F, tera:Normal|257/257\n|turn|20\n|inactive|Time left: 300 sec this turn | 300 sec total\n|\n|t:|1783543403\n|switch|p1a: Garganacl|Garganacl, L80, F|99/100\n|move|p2a: Toxtricity|Boomburst|p1a: Garganacl\n|-resisted|p1a: Garganacl\n|-damage|p1a: Garganacl|60/100\n|\n|-heal|p1a: Garganacl|66/100|[from] item: Leftovers\n|upkeep\n|turn|21\n|inactive|Time left: 300 sec this turn | 300 sec total\n|\n|t:|1783543404\n|move|p2a: Toxtricity|Boomburst|p1a: Garganacl\n|-resisted|p1a: Garganacl\n|-damage|p1a: Garganacl|31/100\n|move|p1a: Garganacl|Recover|p1a: Garganacl\n|-heal|p1a: Garganacl|81/100\n|\n|-heal|p1a: Garganacl|87/100|[from] item: Leftovers\n|upkeep\n|turn|22\n|inactive|Time left: 300 sec this turn | 300 sec total\n|\n|t:|1783543405\n|move|p2a: Toxtricity|Boomburst|p1a: Garganacl\n|-resisted|p1a: Garganacl\n|-damage|p1a: Garganacl|50/100\n|move|p1a: Garganacl|Salt Cure|p2a: Toxtricity\n|-damage|p2a: Toxtricity|209/257\n|-start|p2a: Toxtricity|Salt Cure\n|\n|-heal|p1a: Garganacl|57/100|[from] item: Leftovers\n|-damage|p2a: Toxtricity|177/257|[from] Salt Cure\n|upkeep\n|turn|23\n|inactive|Time left: 300 sec this turn | 300 sec total\n|\n|t:|1783543406\n|switch|p2a: Shaymin|Shaymin-Sky, L73|266/266\n|move|p1a: Garganacl|Recover|p1a: Garganacl\n|-heal|p1a: Garganacl|100/100\n|\n|upkeep\n|turn|24\n|inactive|Time left: 300 sec this turn | 300 sec total\n|\n|t:|1783543407\n|move|p2a: Shaymin|Seed Flare|p1a: Garganacl|[miss]\n|-miss|p2a: Shaymin|p1a: Garganacl\n|move|p1a: Garganacl|Salt Cure|p2a: Shaymin\n|-supereffective|p2a: Shaymin\n|-damage|p2a: Shaymin|168/266\n|-start|p2a: Shaymin|Salt Cure\n|\n|-heal|p2a: Shaymin|184/266|[from] item: Leftovers\n|-damage|p2a: Shaymin|151/266|[from] Salt Cure\n|upkeep\n|turn|25\n|inactive|Time left: 300 sec this turn | 300 sec total\n|\n|t:|1783543408\n|move|p2a: Shaymin|Seed Flare|p1a: Garganacl\n|-supereffective|p1a: Garganacl\n|-damage|p1a: Garganacl|16/100\n|-unboost|p1a: Garganacl|spd|2\n|move|p1a: Garganacl|Salt Cure|p2a: Shaymin\n|-supereffective|p2a: Shaymin\n|-damage|p2a: Shaymin|53/266\n|\n|-heal|p2a: Shaymin|69/266|[from] item: Leftovers\n|-heal|p1a: Garganacl|22/100|[from] item: Leftovers\n|-damage|p2a: Shaymin|36/266|[from] Salt Cure\n|upkeep\n|turn|26\n|inactive|Time left: 300 sec this turn | 300 sec total\n|\n|t:|1783543409\n|move|p1a: Garganacl|Protect|p1a: Garganacl\n|-singleturn|p1a: Garganacl|Protect\n|move|p2a: Shaymin|Seed Flare|p1a: Garganacl\n|-activate|p1a: Garganacl|move: Protect\n|\n|-heal|p2a: Shaymin|52/266|[from] item: Leftovers\n|-heal|p1a: Garganacl|28/100|[from] item: Leftovers\n|-damage|p2a: Shaymin|19/266|[from] Salt Cure\n|upkeep\n|turn|27\n|inactive|Time left: 300 sec this turn | 300 sec total\n|\n|t:|1783543410\n|switch|p1a: Magnezone|Magnezone, L85|23/100\n|move|p2a: Shaymin|Seed Flare|p1a: Magnezone\n|-resisted|p1a: Magnezone\n|-damage|p1a: Magnezone|9/100\n|-unboost|p1a: Magnezone|spd|2\n|\n|-heal|p2a: Shaymin|35/266|[from] item: Leftovers\n|-damage|p2a: Shaymin|2/266|[from] Salt Cure\n|upkeep\n|turn|28\n|inactive|Time left: 300 sec this turn | 300 sec total\n|\n|t:|1783543410\n|move|p2a: Shaymin|Seed Flare|p1a: Magnezone\n|-resisted|p1a: Magnezone\n|-damage|p1a: Magnezone|0 fnt\n|faint|p1a: Magnezone\n|\n|-heal|p2a: Shaymin|18/266|[from] item: Leftovers\n|-damage|p2a: Shaymin|0 fnt|[from] Salt Cure\n|faint|p2a: Shaymin\n|upkeep\n|inactive|Time left: 300 sec this turn | 300 sec total | 5 sec grace\n|\n|t:|1783543411\n|switch|p2a: Toxtricity|Toxtricity, L82, F, tera:Normal|177/257\n|switch|p1a: Garganacl|Garganacl, L80, F|28/100\n|turn|29\n|inactive|Time left: 300 sec this turn | 300 sec total\n|\n|t:|1783543412\n|move|p1a: Garganacl|Protect|p1a: Garganacl\n|-singleturn|p1a: Garganacl|Protect\n|move|p2a: Toxtricity|Overdrive|p1a: Garganacl\n|-activate|p1a: Garganacl|move: Protect\n|\n|-heal|p1a: Garganacl|35/100|[from] item: Leftovers\n|upkeep\n|turn|30\n|inactive|Time left: 300 sec this turn | 300 sec total\n|\n|t:|1783543413\n|move|p1a: Garganacl|Protect|p1a: Garganacl\n|-singleturn|p1a: Garganacl|Protect\n|move|p2a: Toxtricity|Overdrive|p1a: Garganacl\n|-activate|p1a: Garganacl|move: Protect\n|\n|-heal|p1a: Garganacl|41/100|[from] item: Leftovers\n|upkeep\n|turn|31\n|inactive|Time left: 300 sec this turn | 300 sec total\n|\n|t:|1783543414\n|move|p2a: Toxtricity|Overdrive|p1a: Garganacl\n|-damage|p1a: Garganacl|0 fnt\n|faint|p1a: Garganacl\n|\n|upkeep\n|\n|t:|1783543415\n|switch|p1a: Inteleon|Inteleon, L81, M|44/100 par\n|turn|32\n|inactive|Time left: 300 sec this turn | 300 sec total\n|\n|t:|1783543416\n|move|p2a: Toxtricity|Overdrive|p1a: Inteleon\n|-supereffective|p1a: Inteleon\n|-damage|p1a: Inteleon|0 fnt\n|faint|p1a: Inteleon\n|\n|win|p0y324f669", "uploadtime": 1783543416, "views": 0, "rating": 0, "private": 0, "password": null, "_winner": "p0y324f669", "_our_name": "p0y324f669"}