{"id": "battle-gen9randombattle-1646", "formatid": "gen9randombattle", "format": "[Gen 9] Random Battle", "players": ["p0x16466b8f", "p0y1646dce0"], "log": "|init|battle\n|title|p0x16466b8f vs. p0y1646dce0\n|j|\u2606p0x16466b8f\n|j|\u2606p0y1646dce0\n|t:|1783559035\n|gametype|singles\n|player|p1|p0x16466b8f|102|\n|player|p2|p0y1646dce0|1|\n|gen|9\n|tier|[Gen 9] Random Battle\n|rule|Species Clause: Limit one of each Pok\u00e9mon\n|rule|HP Percentage Mod: HP is shown in percentages\n|rule|Sleep Clause Mod: Limit one foe put to sleep\n|rule|Illusion Level Mod: Illusion disguises the Pok\u00e9mon's true level\n|\n|t:|1783559035\n|teamsize|p1|6\n|teamsize|p2|6\n|start\n|switch|p1a: Eternatus|Eternatus, L69|100/100\n|switch|p2a: Lapras|Lapras, L87, M|368/368\n|-ability|p1a: Eternatus|Pressure\n|turn|1\n|inactive|Battle timer is ON: inactive players will automatically lose when time's up. (requested by p0y1646dce0)\n|inactive|p0x16466b8f also wants the timer to be on.\n|\n|t:|1783559037\n|move|p1a: Eternatus|Meteor Beam||[still]\n|-prepare|p1a: Eternatus|Meteor Beam\n|-boost|p1a: Eternatus|spa|1\n|-enditem|p1a: Eternatus|Power Herb\n|-anim|p1a: Eternatus|Meteor Beam|p2a: Lapras|[miss]\n|-miss|p1a: Eternatus|p2a: Lapras\n|move|p2a: Lapras|Freeze-Dry|p1a: Eternatus\n|-supereffective|p1a: Eternatus\n|-damage|p1a: Eternatus|47/100\n|\n|upkeep\n|turn|2\n|inactive|Time left: 300 sec this turn | 300 sec total\n|\n|t:|1783559038\n|-terastallize|p1a: Eternatus|Fire\n|move|p1a: Eternatus|Meteor Beam||[still]\n|-prepare|p1a: Eternatus|Meteor Beam\n|-boost|p1a: Eternatus|spa|1\n|move|p2a: Lapras|Freeze-Dry|p1a: Eternatus\n|-resisted|p1a: Eternatus\n|-damage|p1a: Eternatus|33/100\n|\n|upkeep\n|turn|3\n|inactive|Time left: 300 sec this turn | 300 sec total\n|\n|t:|1783559039\n|-terastallize|p2a: Lapras|Poison\n|move|p1a: Eternatus|Meteor Beam|p2a: Lapras|[from] lockedmove\n|-damage|p2a: Lapras|224/368\n|move|p2a: Lapras|Sparkling Aria|p1a: Eternatus\n|-supereffective|p1a: Eternatus\n|-damage|p1a: Eternatus|0 fnt\n|faint|p1a: Eternatus\n|\n|upkeep\n|\n|t:|1783559040\n|switch|p1a: Krookodile|Krookodile, L79, M|100/100\n|-ability|p1a: Krookodile|Intimidate|boost\n|-unboost|p2a: Lapras|atk|1\n|turn|4\n|inactive|Time left: 300 sec this turn | 300 sec total\n|\n|t:|1783559041\n|switch|p2a: Virizion|Virizion, L82|283/283\n|move|p1a: Krookodile|Earthquake|p2a: Virizion\n|-resisted|p2a: Virizion\n|-damage|p2a: Virizion|217/283\n|\n|upkeep\n|turn|5\n|inactive|Time left: 300 sec this turn | 300 sec total\n|\n|t:|1783559042\n|switch|p1a: Gengar|Gengar, L81, F|100/100\n|move|p2a: Virizion|Close Combat|p1a: Gengar\n|-immune|p1a: Gengar\n|\n|upkeep\n|turn|6\n|inactive|Time left: 300 sec this turn | 300 sec total\n|\n|t:|1783559043\n|switch|p2a: Copperajah|Copperajah, L86, M|350/350\n|move|p1a: Gengar|Sludge Wave|p2a: Copperajah\n|-immune|p2a: Copperajah\n|\n|upkeep\n|turn|7\n|inactive|Time left: 300 sec this turn | 300 sec total\n|\n|t:|1783559044\n|move|p1a: Gengar|Will-O-Wisp|p2a: Copperajah\n|-status|p2a: Copperajah|brn\n|move|p2a: Copperajah|Play Rough|p1a: Gengar\n|-resisted|p1a: Gengar\n|-damage|p1a: Gengar|81/100\n|\n|-damage|p2a: Copperajah|329/350 brn|[from] brn\n|upkeep\n|turn|8\n|inactive|Time left: 300 sec this turn | 300 sec total\n|\n|t:|1783559045\n|switch|p1a: Krookodile|Krookodile, L79, M|100/100\n|-ability|p1a: Krookodile|Intimidate|boost\n|-unboost|p2a: Copperajah|atk|1\n|move|p2a: Copperajah|Stealth Rock|p1a: Krookodile\n|-sidestart|p1: p0x16466b8f|move: Stealth Rock\n|\n|-damage|p2a: Copperajah|308/350 brn|[from] brn\n|upkeep\n|turn|9\n|inactive|Time left: 300 sec this turn | 300 sec total\n|\n|t:|1783559046\n|switch|p2a: Iron Bundle|Iron Bundle, L78|215/215\n|move|p1a: Krookodile|Bulk Up|p1a: Krookodile\n|-boost|p1a: Krookodile|atk|1\n|-boost|p1a: Krookodile|def|1\n|\n|upkeep\n|turn|10\n|inactive|Time left: 300 sec this turn | 300 sec total\n|\n|t:|1783559047\n|switch|p1a: Oinkologne|Oinkologne, L92, M|100/100\n|-damage|p1a: Oinkologne|88/100|[from] Stealth Rock\n|move|p2a: Iron Bundle|Hydro Pump|p1a: Oinkologne\n|-damage|p1a: Oinkologne|56/100\n|\n|-heal|p1a: Oinkologne|62/100|[from] item: Leftovers\n|upkeep\n|turn|11\n|inactive|Time left: 300 sec this turn | 300 sec total\n|\n|t:|1783559048\n|move|p2a: Iron Bundle|Hydro Pump|p1a: Oinkologne|[miss]\n|-miss|p2a: Iron Bundle|p1a: Oinkologne\n|move|p1a: Oinkologne|High Horsepower|p2a: Iron Bundle\n|-damage|p2a: Iron Bundle|143/215\n|\n|-heal|p1a: Oinkologne|68/100|[from] item: Leftovers\n|upkeep\n|turn|12\n|inactive|Time left: 300 sec this turn | 300 sec total\n|\n|t:|1783559049\n|move|p2a: Iron Bundle|Hydro Pump|p1a: Oinkologne\n|-damage|p1a: Oinkologne|33/100\n|move|p1a: Oinkologne|Double-Edge|p2a: Iron Bundle\n|-damage|p2a: Iron Bundle|14/215\n|-damage|p1a: Oinkologne|21/100|[from] Recoil\n|\n|-heal|p1a: Oinkologne|27/100|[from] item: Leftovers\n|upkeep\n|turn|13\n|inactive|Time left: 300 sec this turn | 300 sec total\n|\n|t:|1783559051\n|move|p2a: Iron Bundle|Hydro Pump|p1a: Oinkologne\n|-damage|p1a: Oinkologne|0 fnt\n|faint|p1a: Oinkologne\n|\n|upkeep\n|\n|t:|1783559052\n|switch|p1a: Brute Bonnet|Brute Bonnet, L80|100/100\n|-damage|p1a: Brute Bonnet|88/100|[from] Stealth Rock\n|turn|14\n|inactive|Time left: 300 sec this turn | 300 sec total\n|\n|t:|1783559053\n|-end|p2a: Iron Bundle|Quark Drive|[silent]\n|switch|p2a: Virizion|Virizion, L82|217/283\n|move|p1a: Brute Bonnet|Sucker Punch||[still]\n|-fail|p1a: Brute Bonnet\n|\n|-heal|p1a: Brute Bonnet|94/100|[from] item: Leftovers\n|upkeep\n|turn|15\n|inactive|Time left: 300 sec this turn | 300 sec total\n|\n|t:|1783559054\n|-end|p1a: Brute Bonnet|Protosynthesis|[silent]\n|switch|p1a: Gengar|Gengar, L81, F|81/100\n|-damage|p1a: Gengar|69/100|[from] Stealth Rock\n|move|p2a: Virizion|Close Combat|p1a: Gengar\n|-immune|p1a: Gengar\n|\n|upkeep\n|turn|16\n|inactive|Time left: 300 sec this turn | 300 sec total\n|\n|t:|1783559055\n|switch|p2a: Lapras|Lapras, L87, M, tera:Poison|224/368\n|move|p1a: Gengar|Sludge Wave|p2a: Lapras\n|-resisted|p2a: Lapras\n|-damage|p2a: Lapras|154/368\n|-damage|p1a: Gengar|59/100|[from] item: Life Orb\n|\n|upkeep\n|turn|17\n|inactive|Time left: 300 sec this turn | 300 sec total\n|\n|t:|1783559056\n|move|p1a: Gengar|Shadow Ball|p2a: Lapras\n|-damage|p2a: Lapras|40/368\n|-damage|p1a: Gengar|49/100|[from] item: Life Orb\n|move|p2a: Lapras|Sparkling Aria|p1a: Gengar\n|-damage|p1a: Gengar|4/100\n|\n|upkeep\n|turn|18\n|inactive|Time left: 300 sec this turn | 300 sec total\n|\n|t:|1783559057\n|move|p1a: Gengar|Sludge Wave|p2a: Lapras\n|-resisted|p2a: Lapras\n|-damage|p2a: Lapras|0 fnt\n|faint|p2a: Lapras\n|-damage|p1a: Gengar|0 fnt|[from] item: Life Orb\n|faint|p1a: Gengar\n|\n|upkeep\n|inactive|Time left: 300 sec this turn | 300 sec total | 5 sec grace\n|\n|t:|1783559058\n|switch|p1a: Tauros|Tauros-Paldea-Aqua, L81, M|100/100\n|switch|p2a: Iron Bundle|Iron Bundle, L78|14/215\n|-damage|p1a: Tauros|95/100|[from] Stealth Rock\n|-ability|p1a: Tauros|Intimidate|boost\n|-unboost|p2a: Iron Bundle|atk|1\n|turn|19\n|inactive|Time left: 300 sec this turn | 300 sec total\n|\n|t:|1783559059\n|move|p1a: Tauros|Aqua Jet|p2a: Iron Bundle\n|-resisted|p2a: Iron Bundle\n|-damage|p2a: Iron Bundle|0 fnt\n|faint|p2a: Iron Bundle\n|-end|p2a: Iron Bundle|Quark Drive|[silent]\n|\n|upkeep\n|inactive|Time left: 300 sec this turn | 300 sec total | 5 sec grace\n|\n|t:|1783559060\n|switch|p2a: Virizion|Virizion, L82|217/283\n|turn|20\n|inactive|Time left: 300 sec this turn | 300 sec total\n|\n|t:|1783559061\n|switch|p1a: Krookodile|Krookodile, L79, M|100/100\n|-damage|p1a: Krookodile|94/100|[from] Stealth Rock\n|-ability|p1a: Krookodile|Intimidate|boost\n|-unboost|p2a: Virizion|atk|1\n|move|p2a: Virizion|Swords Dance|p2a: Virizion\n|-boost|p2a: Virizion|atk|2\n|\n|-heal|p1a: Krookodile|100/100|[from] item: Leftovers\n|upkeep\n|turn|21\n|inactive|Time left: 300 sec this turn | 300 sec total\n|\n|t:|1783559062\n|switch|p1a: Tauros|Tauros-Paldea-Aqua, L81, M|95/100\n|-damage|p1a: Tauros|89/100|[from] Stealth Rock\n|-ability|p1a: Tauros|Intimidate|boost\n|-unboost|p2a: Virizion|atk|1\n|move|p2a: Virizion|Leaf Blade|p1a: Tauros\n|-supereffective|p1a: Tauros\n|-damage|p1a: Tauros|12/100\n|-damage|p2a: Virizion|189/283|[from] item: Life Orb\n|\n|upkeep\n|turn|22\n|inactive|Time left: 300 sec this turn | 300 sec total\n|\n|t:|1783559063\n|move|p2a: Virizion|Leaf Blade|p1a: Tauros\n|-supereffective|p1a: Tauros\n|-damage|p1a: Tauros|0 fnt\n|faint|p1a: Tauros\n|-damage|p2a: Virizion|161/283|[from] item: Life Orb\n|\n|upkeep\n|\n|t:|1783559064\n|switch|p1a: Krookodile|Krookodile, L79, M|100/100\n|-damage|p1a: Krookodile|94/100|[from] Stealth Rock\n|-ability|p1a: Krookodile|Intimidate|boost\n|-unboost|p2a: Virizion|atk|1\n|turn|23\n|inactive|Time left: 300 sec this turn | 300 sec total\n|\n|t:|1783559065\n|move|p2a: Virizion|Leaf Blade|p1a: Krookodile\n|-supereffective|p1a: Krookodile\n|-damage|p1a: Krookodile|35/100\n|-damage|p2a: Virizion|133/283|[from] item: Life Orb\n|move|p1a: Krookodile|Gunk Shot|p2a: Virizion\n|-supereffective|p2a: Virizion\n|-damage|p2a: Virizion|0 fnt\n|faint|p2a: Virizion\n|\n|-heal|p1a: Krookodile|41/100|[from] item: Leftovers\n|upkeep\n|inactive|Time left: 300 sec this turn | 300 sec total | 5 sec grace\n|\n|t:|1783559066\n|switch|p2a: Salazzle|Salazzle, L83, F|249/249\n|turn|24\n|inactive|Time left: 300 sec this turn | 300 sec total\n|\n|t:|1783559067\n|switch|p1a: Brute Bonnet|Brute Bonnet, L80|94/100\n|-damage|p1a: Brute Bonnet|82/100|[from] Stealth Rock\n|move|p2a: Salazzle|Flamethrower|p1a: Brute Bonnet\n|-supereffective|p1a: Brute Bonnet\n|-damage|p1a: Brute Bonnet|21/100\n|\n|-heal|p1a: Brute Bonnet|27/100|[from] item: Leftovers\n|upkeep\n|turn|25\n|inactive|Time left: 300 sec this turn | 300 sec total\n|\n|t:|1783559068\n|move|p2a: Salazzle|Flamethrower|p1a: Brute Bonnet\n|-supereffective|p1a: Brute Bonnet\n|-damage|p1a: Brute Bonnet|0 fnt\n|faint|p1a: Brute Bonnet\n|-end|p1a: Brute Bonnet|Protosynthesis|[silent]\n|\n|upkeep\n|\n|t:|1783559069\n|switch|p1a: Krookodile|Krookodile, L79, M|41/100\n|-damage|p1a: Krookodile|35/100|[from] Stealth Rock\n|-ability|p1a: Krookodile|Intimidate|boost\n|-unboost|p2a: Salazzle|atk|1\n|turn|26\n|inactive|Time left: 300 sec this turn | 300 sec total\n|\n|t:|1783559070\n|move|p2a: Salazzle|Flamethrower|p1a: Krookodile\n|-damage|p1a: Krookodile|0 fnt\n|faint|p1a: Krookodile\n|\n|win|p0y1646dce0", "uploadtime": 1783559070, "views": 0, "rating": 0, "private": 0, "password": null, "_winner": "p0y1646dce0", "_our_name": "p0y1646dce0"}