{"id": "battle-gen9randombattle-2676", "formatid": "gen9randombattle", "format": "[Gen 9] Random Battle", "players": ["p0x26768d6d", "p0y2676dac1"], "log": "|init|battle\n|title|p0x26768d6d vs. p0y2676dac1\n|j|\u2606p0x26768d6d\n|j|\u2606p0y2676dac1\n|t:|1783570877\n|gametype|singles\n|player|p1|p0x26768d6d|102|\n|player|p2|p0y2676dac1|101|\n|gen|9\n|tier|[Gen 9] Random Battle\n|rule|Species Clause: Limit one of each Pok\u00e9mon\n|rule|HP Percentage Mod: HP is shown in percentages\n|rule|Sleep Clause Mod: Limit one foe put to sleep\n|rule|Illusion Level Mod: Illusion disguises the Pok\u00e9mon's true level\n|\n|t:|1783570877\n|teamsize|p1|6\n|teamsize|p2|6\n|start\n|switch|p1a: Blastoise|Blastoise, L80, F|100/100\n|switch|p2a: Venusaur|Venusaur, L84, M|272/272\n|turn|1\n|inactive|Battle timer is ON: inactive players will automatically lose when time's up. (requested by p0y2676dac1)\n|inactive|p0x26768d6d also wants the timer to be on.\n|\n|t:|1783570879\n|move|p2a: Venusaur|Sleep Powder|p1a: Blastoise\n|-status|p1a: Blastoise|slp|[from] move: Sleep Powder\n|cant|p1a: Blastoise|slp\n|\n|upkeep\n|turn|2\n|inactive|Time left: 300 sec this turn | 300 sec total\n|\n|t:|1783570880\n|move|p2a: Venusaur|Sludge Bomb|p1a: Blastoise\n|-damage|p1a: Blastoise|65/100 slp\n|cant|p1a: Blastoise|slp\n|\n|upkeep\n|turn|3\n|inactive|Time left: 300 sec this turn | 300 sec total\n|\n|t:|1783570881\n|move|p2a: Venusaur|Sludge Bomb|p1a: Blastoise\n|-damage|p1a: Blastoise|30/100 slp\n|cant|p1a: Blastoise|slp\n|\n|upkeep\n|turn|4\n|inactive|Time left: 300 sec this turn | 300 sec total\n|\n|t:|1783570882\n|switch|p1a: Ho-Oh|Ho-Oh, L71|100/100\n|move|p2a: Venusaur|Sludge Bomb|p1a: Ho-Oh\n|-damage|p1a: Ho-Oh|74/100\n|-status|p1a: Ho-Oh|psn\n|\n|-damage|p1a: Ho-Oh|61/100 psn|[from] psn\n|upkeep\n|turn|5\n|inactive|Time left: 300 sec this turn | 300 sec total\n|\n|t:|1783570884\n|move|p2a: Venusaur|Sludge Bomb|p1a: Ho-Oh\n|-damage|p1a: Ho-Oh|34/100 psn\n|move|p1a: Ho-Oh|Sacred Fire|p2a: Venusaur\n|-supereffective|p2a: Venusaur\n|-damage|p2a: Venusaur|62/272\n|\n|-heal|p2a: Venusaur|79/272|[from] item: Leftovers\n|-damage|p1a: Ho-Oh|22/100 psn|[from] psn\n|upkeep\n|turn|6\n|inactive|Time left: 300 sec this turn | 300 sec total\n|\n|t:|1783570885\n|switch|p1a: Grafaiai|Grafaiai, L86, M|100/100\n|move|p2a: Venusaur|Sludge Bomb|p1a: Grafaiai\n|-resisted|p1a: Grafaiai\n|-damage|p1a: Grafaiai|80/100\n|\n|-heal|p2a: Venusaur|96/272|[from] item: Leftovers\n|upkeep\n|turn|7\n|inactive|Time left: 300 sec this turn | 300 sec total\n|\n|t:|1783570886\n|move|p1a: Grafaiai|Gunk Shot|p2a: Venusaur\n|-damage|p2a: Venusaur|0 fnt\n|faint|p2a: Venusaur\n|-damage|p1a: Grafaiai|70/100|[from] item: Life Orb\n|\n|upkeep\n|inactive|Time left: 300 sec this turn | 300 sec total | 5 sec grace\n|\n|t:|1783570887\n|switch|p2a: Iron Thorns|Iron Thorns, L83|302/302\n|-item|p2a: Iron Thorns|Air Balloon\n|turn|8\n|inactive|Time left: 300 sec this turn | 300 sec total\n|\n|t:|1783570888\n|move|p1a: Grafaiai|Swords Dance|p1a: Grafaiai\n|-boost|p1a: Grafaiai|atk|2\n|move|p2a: Iron Thorns|Stone Edge|p1a: Grafaiai\n|-crit|p1a: Grafaiai\n|-damage|p1a: Grafaiai|0 fnt\n|faint|p1a: Grafaiai\n|\n|upkeep\n|\n|t:|1783570889\n|switch|p1a: Blastoise|Blastoise, L80, F|30/100 slp\n|turn|9\n|inactive|Time left: 300 sec this turn | 300 sec total\n|\n|t:|1783570891\n|-curestatus|p1a: Blastoise|slp|[msg]\n|move|p1a: Blastoise|Hydro Pump|p2a: Iron Thorns\n|-supereffective|p2a: Iron Thorns\n|-damage|p2a: Iron Thorns|18/302\n|-enditem|p2a: Iron Thorns|Air Balloon\n|move|p2a: Iron Thorns|Earthquake|p1a: Blastoise\n|-crit|p1a: Blastoise\n|-damage|p1a: Blastoise|0 fnt\n|faint|p1a: Blastoise\n|\n|upkeep\n|\n|t:|1783570892\n|switch|p1a: Vigoroth|Vigoroth, L85, M|100/100\n|turn|10\n|inactive|Time left: 300 sec this turn | 300 sec total\n|\n|t:|1783570893\n|-end|p2a: Iron Thorns|Quark Drive|[silent]\n|switch|p2a: Banette|Banette, L93, F|270/270\n|move|p1a: Vigoroth|Bulk Up|p1a: Vigoroth\n|-boost|p1a: Vigoroth|atk|1\n|-boost|p1a: Vigoroth|def|1\n|\n|upkeep\n|turn|11\n|inactive|Time left: 300 sec this turn | 300 sec total\n|\n|t:|1783570894\n|move|p1a: Vigoroth|Knock Off|p2a: Banette\n|-supereffective|p2a: Banette\n|-damage|p2a: Banette|74/270\n|-enditem|p2a: Banette|Life Orb|[from] move: Knock Off|[of] p1a: Vigoroth\n|move|p2a: Banette|Swords Dance|p2a: Banette\n|-boost|p2a: Banette|atk|2\n|\n|upkeep\n|turn|12\n|inactive|Time left: 300 sec this turn | 300 sec total\n|\n|t:|1783570895\n|move|p1a: Vigoroth|Knock Off|p2a: Banette\n|-supereffective|p2a: Banette\n|-damage|p2a: Banette|0 fnt\n|faint|p2a: Banette\n|\n|upkeep\n|inactive|Time left: 300 sec this turn | 300 sec total | 5 sec grace\n|\n|t:|1783570896\n|switch|p2a: Gengar|Gengar, L81, M|230/230\n|turn|13\n|inactive|Time left: 300 sec this turn | 300 sec total\n|\n|t:|1783570897\n|-terastallize|p2a: Gengar|Fighting\n|move|p2a: Gengar|Focus Blast|p1a: Vigoroth|[miss]\n|-miss|p2a: Gengar|p1a: Vigoroth\n|move|p1a: Vigoroth|Knock Off|p2a: Gengar\n|-resisted|p2a: Gengar\n|-damage|p2a: Gengar|165/230\n|-enditem|p2a: Gengar|Life Orb|[from] move: Knock Off|[of] p1a: Vigoroth\n|\n|upkeep\n|turn|14\n|inactive|Time left: 300 sec this turn | 300 sec total\n|\n|t:|1783570898\n|move|p2a: Gengar|Focus Blast|p1a: Vigoroth|[miss]\n|-miss|p2a: Gengar|p1a: Vigoroth\n|move|p1a: Vigoroth|Body Slam|p2a: Gengar\n|-damage|p2a: Gengar|0 fnt\n|faint|p2a: Gengar\n|\n|upkeep\n|inactive|Time left: 300 sec this turn | 300 sec total | 5 sec grace\n|\n|t:|1783570899\n|switch|p2a: Dedenne|Dedenne, L88, F|261/261\n|turn|15\n|inactive|Time left: 300 sec this turn | 300 sec total\n|\n|t:|1783570899\n|move|p2a: Dedenne|Super Fang|p1a: Vigoroth\n|-damage|p1a: Vigoroth|51/100\n|move|p1a: Vigoroth|Bulk Up|p1a: Vigoroth\n|-boost|p1a: Vigoroth|atk|1\n|-boost|p1a: Vigoroth|def|1\n|\n|upkeep\n|turn|16\n|inactive|Time left: 300 sec this turn | 300 sec total\n|\n|t:|1783570900\n|move|p2a: Dedenne|Thunderbolt|p1a: Vigoroth\n|-damage|p1a: Vigoroth|20/100\n|move|p1a: Vigoroth|Slack Off|p1a: Vigoroth\n|-heal|p1a: Vigoroth|70/100\n|\n|upkeep\n|turn|17\n|inactive|Time left: 300 sec this turn | 300 sec total\n|\n|t:|1783570901\n|move|p2a: Dedenne|Thunderbolt|p1a: Vigoroth\n|-damage|p1a: Vigoroth|40/100\n|move|p1a: Vigoroth|Body Slam|p2a: Dedenne\n|-damage|p2a: Dedenne|60/261\n|-enditem|p2a: Dedenne|Sitrus Berry|[eat]\n|-heal|p2a: Dedenne|125/261|[from] item: Sitrus Berry\n|-heal|p2a: Dedenne|212/261|[from] ability: Cheek Pouch\n|\n|upkeep\n|turn|18\n|inactive|Time left: 300 sec this turn | 300 sec total\n|\n|t:|1783570902\n|move|p2a: Dedenne|Thunderbolt|p1a: Vigoroth\n|-damage|p1a: Vigoroth|9/100\n|move|p1a: Vigoroth|Slack Off|p1a: Vigoroth\n|-heal|p1a: Vigoroth|59/100\n|\n|upkeep\n|turn|19\n|inactive|Time left: 300 sec this turn | 300 sec total\n|\n|t:|1783570903\n|move|p2a: Dedenne|Thunderbolt|p1a: Vigoroth\n|-damage|p1a: Vigoroth|30/100\n|-status|p1a: Vigoroth|par\n|move|p1a: Vigoroth|Slack Off|p1a: Vigoroth\n|-heal|p1a: Vigoroth|80/100 par\n|\n|upkeep\n|turn|20\n|inactive|Time left: 300 sec this turn | 300 sec total\n|\n|t:|1783570903\n|move|p2a: Dedenne|Super Fang|p1a: Vigoroth\n|-damage|p1a: Vigoroth|40/100 par\n|move|p1a: Vigoroth|Body Slam|p2a: Dedenne\n|-damage|p2a: Dedenne|0 fnt\n|faint|p2a: Dedenne\n|\n|upkeep\n|inactive|Time left: 300 sec this turn | 300 sec total | 5 sec grace\n|\n|t:|1783570904\n|switch|p2a: Tropius|Tropius, L91, F|328/328\n|turn|21\n|inactive|Time left: 300 sec this turn | 300 sec total\n|\n|t:|1783570905\n|move|p2a: Tropius|Dragon Dance|p2a: Tropius\n|-boost|p2a: Tropius|atk|1\n|-boost|p2a: Tropius|spe|1\n|move|p1a: Vigoroth|Slack Off|p1a: Vigoroth\n|-heal|p1a: Vigoroth|90/100 par\n|\n|upkeep\n|turn|22\n|inactive|Time left: 300 sec this turn | 300 sec total\n|\n|t:|1783570906\n|move|p2a: Tropius|Dragon Dance|p2a: Tropius\n|-boost|p2a: Tropius|atk|1\n|-boost|p2a: Tropius|spe|1\n|cant|p1a: Vigoroth|par\n|\n|upkeep\n|turn|23\n|inactive|Time left: 300 sec this turn | 300 sec total\n|\n|t:|1783570907\n|move|p2a: Tropius|Dragon Dance|p2a: Tropius\n|-boost|p2a: Tropius|atk|1\n|-boost|p2a: Tropius|spe|1\n|move|p1a: Vigoroth|Body Slam|p2a: Tropius\n|-damage|p2a: Tropius|177/328\n|-status|p2a: Tropius|par\n|\n|upkeep\n|turn|24\n|inactive|Time left: 300 sec this turn | 300 sec total\n|\n|t:|1783570908\n|move|p2a: Tropius|Synthesis|p2a: Tropius\n|-heal|p2a: Tropius|328/328 par\n|move|p1a: Vigoroth|Knock Off|p2a: Tropius\n|-damage|p2a: Tropius|218/328 par\n|-enditem|p2a: Tropius|Sitrus Berry|[from] move: Knock Off|[of] p1a: Vigoroth\n|\n|upkeep\n|turn|25\n|inactive|Time left: 300 sec this turn | 300 sec total\n|\n|t:|1783570908\n|move|p2a: Tropius|Synthesis|p2a: Tropius\n|-heal|p2a: Tropius|328/328 par\n|move|p1a: Vigoroth|Body Slam|p2a: Tropius\n|-damage|p2a: Tropius|180/328 par\n|\n|upkeep\n|turn|26\n|inactive|Time left: 300 sec this turn | 300 sec total\n|\n|t:|1783570910\n|move|p2a: Tropius|Synthesis|p2a: Tropius\n|-heal|p2a: Tropius|328/328 par\n|cant|p1a: Vigoroth|par\n|\n|upkeep\n|turn|27\n|inactive|Time left: 300 sec this turn | 300 sec total\n|\n|t:|1783570910\n|cant|p2a: Tropius|par\n|cant|p1a: Vigoroth|par\n|\n|upkeep\n|turn|28\n|inactive|Time left: 300 sec this turn | 300 sec total\n|\n|t:|1783570911\n|move|p2a: Tropius|Dragon Dance|p2a: Tropius\n|-boost|p2a: Tropius|atk|1\n|-boost|p2a: Tropius|spe|1\n|move|p1a: Vigoroth|Body Slam|p2a: Tropius\n|-damage|p2a: Tropius|168/328 par\n|\n|upkeep\n|turn|29\n|inactive|Time left: 300 sec this turn | 300 sec total\n|\n|t:|1783570912\n|move|p2a: Tropius|Synthesis|p2a: Tropius\n|-heal|p2a: Tropius|328/328 par\n|move|p1a: Vigoroth|Body Slam|p2a: Tropius\n|-damage|p2a: Tropius|181/328 par\n|\n|upkeep\n|turn|30\n|inactive|Time left: 300 sec this turn | 300 sec total\n|\n|t:|1783570913\n|move|p2a: Tropius|Synthesis|p2a: Tropius\n|-heal|p2a: Tropius|328/328 par\n|cant|p1a: Vigoroth|par\n|\n|upkeep\n|turn|31\n|inactive|Time left: 300 sec this turn | 300 sec total\n|\n|t:|1783570914\n|move|p2a: Tropius|Dragon Dance|p2a: Tropius\n|-boost|p2a: Tropius|atk|1\n|-boost|p2a: Tropius|spe|1\n|move|p1a: Vigoroth|Body Slam|p2a: Tropius\n|-damage|p2a: Tropius|165/328 par\n|\n|upkeep\n|turn|32\n|inactive|Time left: 300 sec this turn | 300 sec total\n|\n|t:|1783570915\n|move|p2a: Tropius|Synthesis|p2a: Tropius\n|-heal|p2a: Tropius|328/328 par\n|cant|p1a: Vigoroth|par\n|\n|upkeep\n|turn|33\n|inactive|Time left: 300 sec this turn | 300 sec total\n|\n|t:|1783570916\n|cant|p2a: Tropius|par\n|move|p1a: Vigoroth|Bulk Up|p1a: Vigoroth\n|-boost|p1a: Vigoroth|atk|1\n|-boost|p1a: Vigoroth|def|1\n|\n|upkeep\n|turn|34\n|inactive|Time left: 300 sec this turn | 300 sec total\n|\n|t:|1783570917\n|move|p2a: Tropius|Dual Wingbeat|p1a: Vigoroth\n|-damage|p1a: Vigoroth|77/100 par\n|-damage|p1a: Vigoroth|63/100 par\n|-hitcount|p1a: Vigoroth|2\n|move|p1a: Vigoroth|Body Slam|p2a: Tropius\n|-damage|p2a: Tropius|139/328 par\n|\n|upkeep\n|turn|35\n|inactive|Time left: 300 sec this turn | 300 sec total\n|\n|t:|1783570919\n|move|p2a: Tropius|Synthesis|p2a: Tropius\n|-heal|p2a: Tropius|303/328 par\n|cant|p1a: Vigoroth|par\n|\n|upkeep\n|turn|36\n|inactive|Time left: 300 sec this turn | 300 sec total\n|\n|t:|1783570920\n|move|p2a: Tropius|Earthquake|p1a: Vigoroth\n|-damage|p1a: Vigoroth|39/100 par\n|move|p1a: Vigoroth|Body Slam|p2a: Tropius\n|-damage|p2a: Tropius|117/328 par\n|\n|upkeep\n|turn|37\n|inactive|Time left: 300 sec this turn | 300 sec total\n|\n|t:|1783570921\n|move|p2a: Tropius|Synthesis|p2a: Tropius\n|-heal|p2a: Tropius|281/328 par\n|move|p1a: Vigoroth|Body Slam|p2a: Tropius\n|-damage|p2a: Tropius|103/328 par\n|\n|upkeep\n|turn|38\n|inactive|Time left: 300 sec this turn | 300 sec total\n|\n|t:|1783570922\n|cant|p2a: Tropius|par\n|cant|p1a: Vigoroth|par\n|\n|upkeep\n|turn|39\n|inactive|Time left: 300 sec this turn | 300 sec total\n|\n|t:|1783570923\n|cant|p2a: Tropius|par\n|move|p1a: Vigoroth|Body Slam|p2a: Tropius\n|-damage|p2a: Tropius|0 fnt\n|faint|p2a: Tropius\n|\n|upkeep\n|inactive|Time left: 300 sec this turn | 300 sec total | 5 sec grace\n|\n|t:|1783570924\n|switch|p2a: Iron Thorns|Iron Thorns, L83|18/302\n|turn|40\n|inactive|Time left: 300 sec this turn | 300 sec total\n|\n|t:|1783570925\n|switch|p1a: Lokix|Lokix, L82, M|100/100\n|move|p2a: Iron Thorns|Stone Edge|p1a: Lokix|[miss]\n|-miss|p2a: Iron Thorns|p1a: Lokix\n|\n|upkeep\n|turn|41\n|inactive|Time left: 300 sec this turn | 300 sec total\n|\n|t:|1783570926\n|move|p1a: Lokix|First Impression|p2a: Iron Thorns\n|-damage|p2a: Iron Thorns|0 fnt\n|faint|p2a: Iron Thorns\n|-end|p2a: Iron Thorns|Quark Drive|[silent]\n|-damage|p1a: Lokix|91/100|[from] item: Life Orb\n|\n|win|p0x26768d6d", "uploadtime": 1783570926, "views": 0, "rating": 0, "private": 0, "password": null, "_winner": "p0x26768d6d", "_our_name": "p0y2676dac1"}