{"id": "battle-gen9randombattle-2848", "formatid": "gen9randombattle", "format": "[Gen 9] Random Battle", "players": ["p0x2848be2e", "p0y28481326"], "log": "|init|battle\n|title|p0x2848be2e vs. p0y28481326\n|j|\u2606p0x2848be2e\n|j|\u2606p0y28481326\n|t:|1783572802\n|gametype|singles\n|player|p1|p0x2848be2e|1|\n|player|p2|p0y28481326|169|\n|gen|9\n|tier|[Gen 9] Random Battle\n|rule|Species Clause: Limit one of each Pok\u00e9mon\n|rule|HP Percentage Mod: HP is shown in percentages\n|rule|Sleep Clause Mod: Limit one foe put to sleep\n|rule|Illusion Level Mod: Illusion disguises the Pok\u00e9mon's true level\n|\n|t:|1783572802\n|teamsize|p1|6\n|teamsize|p2|6\n|start\n|switch|p1a: Kyogre|Kyogre, L71|100/100\n|switch|p2a: Basculin|Basculin, L86, F|261/261\n|-weather|RainDance|[from] ability: Drizzle|[of] p1a: Kyogre\n|turn|1\n|inactive|Battle timer is ON: inactive players will automatically lose when time's up. (requested by p0x2848be2e)\n|inactive|Time left: 300 sec this turn | 300 sec total | 60 sec grace\n|inactive|p0y28481326 also wants the timer to be on.\n|\n|t:|1783572804\n|move|p2a: Basculin|Wave Crash|p1a: Kyogre\n|-resisted|p1a: Kyogre\n|-damage|p1a: Kyogre|14/100\n|-damage|p2a: Basculin|187/261|[from] Recoil\n|move|p1a: Kyogre|Thunder|p2a: Basculin\n|-supereffective|p2a: Basculin\n|-damage|p2a: Basculin|0 fnt\n|faint|p2a: Basculin\n|\n|-weather|RainDance|[upkeep]\n|-heal|p1a: Kyogre|20/100|[from] item: Leftovers\n|upkeep\n|inactive|Time left: 300 sec this turn | 300 sec total | 65 sec grace\n|\n|t:|1783572804\n|switch|p2a: Gastrodon|Gastrodon, L86, F|331/331\n|turn|2\n|inactive|Time left: 300 sec this turn | 300 sec total\n|\n|t:|1783572806\n|switch|p1a: Dipplin|Dipplin, L88, M|100/100\n|move|p2a: Gastrodon|Surf|p1a: Dipplin\n|-resisted|p1a: Dipplin\n|-damage|p1a: Dipplin|91/100\n|\n|-weather|RainDance|[upkeep]\n|upkeep\n|turn|3\n|inactive|Time left: 300 sec this turn | 300 sec total\n|\n|t:|1783572807\n|switch|p2a: Ursaluna|Ursaluna, L79, M|335/335\n|move|p1a: Dipplin|Giga Drain|p2a: Ursaluna\n|-supereffective|p2a: Ursaluna\n|-damage|p2a: Ursaluna|149/335\n|-heal|p1a: Dipplin|100/100|[from] drain|[of] p2a: Ursaluna\n|\n|-weather|RainDance|[upkeep]\n|-status|p2a: Ursaluna|brn|[from] item: Flame Orb\n|upkeep\n|turn|4\n|inactive|Time left: 300 sec this turn | 300 sec total\n|\n|t:|1783572808\n|switch|p2a: Eelektross|Eelektross, L87, F|290/290\n|move|p1a: Dipplin|Giga Drain|p2a: Eelektross\n|-crit|p2a: Eelektross\n|-damage|p2a: Eelektross|206/290\n|\n|-weather|RainDance|[upkeep]\n|upkeep\n|turn|5\n|inactive|Time left: 300 sec this turn | 300 sec total\n|\n|t:|1783572809\n|move|p2a: Eelektross|Discharge|p1a: Dipplin\n|-resisted|p1a: Dipplin\n|-damage|p1a: Dipplin|95/100\n|-status|p1a: Dipplin|par\n|move|p1a: Dipplin|Giga Drain|p2a: Eelektross\n|-damage|p2a: Eelektross|143/290\n|-heal|p1a: Dipplin|100/100 par|[from] drain|[of] p2a: Eelektross\n|\n|-weather|none\n|upkeep\n|turn|6\n|inactive|Time left: 300 sec this turn | 300 sec total\n|\n|t:|1783572810\n|move|p2a: Eelektross|Discharge|p1a: Dipplin\n|-resisted|p1a: Dipplin\n|-damage|p1a: Dipplin|95/100 par\n|move|p1a: Dipplin|Dragon Pulse|p2a: Eelektross\n|-damage|p2a: Eelektross|68/290\n|\n|upkeep\n|turn|7\n|inactive|Time left: 300 sec this turn | 300 sec total\n|\n|t:|1783572811\n|move|p2a: Eelektross|Knock Off|p1a: Dipplin\n|-damage|p1a: Dipplin|80/100 par\n|-activate|p1a: Dipplin|ability: Sticky Hold\n|move|p1a: Dipplin|Giga Drain|p2a: Eelektross\n|-damage|p2a: Eelektross|11/290\n|-heal|p1a: Dipplin|90/100 par|[from] drain|[of] p2a: Eelektross\n|\n|upkeep\n|turn|8\n|inactive|Time left: 300 sec this turn | 300 sec total\n|\n|t:|1783572812\n|move|p2a: Eelektross|Flamethrower|p1a: Dipplin\n|-damage|p1a: Dipplin|73/100 par\n|move|p1a: Dipplin|Giga Drain|p2a: Eelektross\n|-damage|p2a: Eelektross|0 fnt\n|-heal|p1a: Dipplin|75/100 par|[from] drain|[of] p2a: Eelektross\n|faint|p2a: Eelektross\n|\n|upkeep\n|inactive|Time left: 300 sec this turn | 300 sec total | 5 sec grace\n|\n|t:|1783572813\n|switch|p2a: Cetitan|Cetitan, L82, M|413/413\n|turn|9\n|inactive|Time left: 300 sec this turn | 300 sec total\n|\n|t:|1783572814\n|move|p2a: Cetitan|Icicle Crash|p1a: Dipplin\n|-supereffective|p1a: Dipplin\n|-damage|p1a: Dipplin|0 fnt\n|faint|p1a: Dipplin\n|\n|upkeep\n|\n|t:|1783572815\n|switch|p1a: Spidops|Spidops, L96, F|100/100\n|turn|10\n|inactive|Time left: 300 sec this turn | 300 sec total\n|\n|t:|1783572816\n|move|p2a: Cetitan|Icicle Crash|p1a: Spidops\n|-damage|p1a: Spidops|53/100\n|move|p1a: Spidops|Sticky Web|p2a: Cetitan\n|-sidestart|p2: p0y28481326|move: Sticky Web\n|\n|upkeep\n|turn|11\n|inactive|Time left: 300 sec this turn | 300 sec total\n|\n|t:|1783572817\n|switch|p1a: Basculegion|Basculegion, L80, M|100/100\n|move|p2a: Cetitan|Icicle Crash|p1a: Basculegion\n|-resisted|p1a: Basculegion\n|-damage|p1a: Basculegion|70/100\n|\n|upkeep\n|turn|12\n|inactive|Time left: 300 sec this turn | 300 sec total\n|\n|t:|1783572818\n|switch|p2a: Gastrodon|Gastrodon, L86, F|331/331\n|-activate|p2a: Gastrodon|move: Sticky Web\n|-unboost|p2a: Gastrodon|spe|1\n|move|p1a: Basculegion|Shadow Ball|p2a: Gastrodon\n|-damage|p2a: Gastrodon|237/331\n|\n|-heal|p2a: Gastrodon|257/331|[from] item: Leftovers\n|upkeep\n|turn|13\n|inactive|Time left: 300 sec this turn | 300 sec total\n|\n|t:|1783572819\n|switch|p1a: Spidops|Spidops, L96, F|53/100\n|move|p2a: Gastrodon|Earthquake|p1a: Spidops\n|-resisted|p1a: Spidops\n|-damage|p1a: Spidops|38/100\n|\n|-heal|p2a: Gastrodon|277/331|[from] item: Leftovers\n|upkeep\n|turn|14\n|inactive|Time left: 300 sec this turn | 300 sec total\n|\n|t:|1783572820\n|move|p2a: Gastrodon|Surf|p1a: Spidops\n|-damage|p1a: Spidops|5/100\n|move|p1a: Spidops|Circle Throw|p2a: Gastrodon\n|-damage|p2a: Gastrodon|221/331\n|drag|p2a: Ursaluna|Ursaluna, L79, M|149/335 brn\n|-activate|p2a: Ursaluna|move: Sticky Web\n|-unboost|p2a: Ursaluna|spe|1\n|\n|-damage|p2a: Ursaluna|129/335 brn|[from] brn\n|upkeep\n|turn|15\n|inactive|Time left: 300 sec this turn | 300 sec total\n|\n|t:|1783572821\n|move|p1a: Spidops|Toxic Spikes|p2a: Ursaluna\n|-sidestart|p2: p0y28481326|move: Toxic Spikes\n|move|p2a: Ursaluna|Crunch|p1a: Spidops\n|-damage|p1a: Spidops|0 fnt\n|faint|p1a: Spidops\n|\n|-damage|p2a: Ursaluna|109/335 brn|[from] brn\n|upkeep\n|\n|t:|1783572822\n|switch|p1a: Armarouge|Armarouge, L80, M|100/100\n|turn|16\n|inactive|Time left: 300 sec this turn | 300 sec total\n|\n|t:|1783572823\n|switch|p2a: Gastrodon|Gastrodon, L86, F|221/331\n|-activate|p2a: Gastrodon|move: Sticky Web\n|-unboost|p2a: Gastrodon|spe|1\n|-status|p2a: Gastrodon|psn\n|move|p1a: Armarouge|Armor Cannon|p2a: Gastrodon\n|-resisted|p2a: Gastrodon\n|-damage|p2a: Gastrodon|143/331 psn\n|-unboost|p1a: Armarouge|def|1\n|-unboost|p1a: Armarouge|spd|1\n|\n|-heal|p2a: Gastrodon|163/331 psn|[from] item: Leftovers\n|-damage|p2a: Gastrodon|122/331 psn|[from] psn\n|upkeep\n|turn|17\n|inactive|Time left: 300 sec this turn | 300 sec total\n|\n|t:|1783572824\n|move|p1a: Armarouge|Energy Ball|p2a: Gastrodon\n|-supereffective|p2a: Gastrodon\n|-damage|p2a: Gastrodon|0 fnt\n|faint|p2a: Gastrodon\n|\n|upkeep\n|inactive|Time left: 300 sec this turn | 300 sec total | 5 sec grace\n|\n|t:|1783572825\n|switch|p2a: Cetitan|Cetitan, L82, M|413/413\n|-activate|p2a: Cetitan|move: Sticky Web\n|-unboost|p2a: Cetitan|spe|1\n|-status|p2a: Cetitan|psn\n|turn|18\n|inactive|Time left: 300 sec this turn | 300 sec total\n|\n|t:|1783572826\n|switch|p1a: Basculegion|Basculegion, L80, M|70/100\n|-terastallize|p2a: Cetitan|Water\n|move|p2a: Cetitan|Liquidation|p1a: Basculegion\n|-resisted|p1a: Basculegion\n|-damage|p1a: Basculegion|39/100\n|\n|-damage|p2a: Cetitan|362/413 psn|[from] psn\n|upkeep\n|turn|19\n|inactive|Time left: 300 sec this turn | 300 sec total\n|\n|t:|1783572827\n|move|p1a: Basculegion|Shadow Ball|p2a: Cetitan\n|-damage|p2a: Cetitan|240/413 psn\n|move|p2a: Cetitan|Liquidation|p1a: Basculegion\n|-resisted|p1a: Basculegion\n|-damage|p1a: Basculegion|8/100\n|\n|-damage|p2a: Cetitan|189/413 psn|[from] psn\n|upkeep\n|turn|20\n|inactive|Time left: 300 sec this turn | 300 sec total\n|\n|t:|1783572828\n|move|p2a: Cetitan|Ice Shard|p1a: Basculegion\n|-resisted|p1a: Basculegion\n|-damage|p1a: Basculegion|0 fnt\n|faint|p1a: Basculegion\n|-damage|p2a: Cetitan|148/413 psn|[from] item: Life Orb\n|\n|-damage|p2a: Cetitan|97/413 psn|[from] psn\n|upkeep\n|\n|t:|1783572829\n|switch|p1a: Armarouge|Armarouge, L80, M|100/100\n|turn|21\n|inactive|Time left: 300 sec this turn | 300 sec total\n|\n|t:|1783572830\n|move|p2a: Cetitan|Ice Shard|p1a: Armarouge\n|-resisted|p1a: Armarouge\n|-damage|p1a: Armarouge|90/100\n|-ability|p1a: Armarouge|Weak Armor|boost\n|-unboost|p1a: Armarouge|def|1\n|-boost|p1a: Armarouge|spe|2\n|-damage|p2a: Cetitan|56/413 psn|[from] item: Life Orb\n|move|p1a: Armarouge|Meteor Beam||[still]\n|-prepare|p1a: Armarouge|Meteor Beam\n|-boost|p1a: Armarouge|spa|1\n|-enditem|p1a: Armarouge|Power Herb\n|-anim|p1a: Armarouge|Meteor Beam|p2a: Cetitan\n|-damage|p2a: Cetitan|0 fnt\n|faint|p2a: Cetitan\n|\n|upkeep\n|inactive|Time left: 300 sec this turn | 300 sec total | 5 sec grace\n|\n|t:|1783572831\n|switch|p2a: Pawmot|Pawmot, L80, M|243/243\n|-activate|p2a: Pawmot|move: Sticky Web\n|-unboost|p2a: Pawmot|spe|1\n|-status|p2a: Pawmot|psn\n|turn|22\n|inactive|Time left: 300 sec this turn | 300 sec total\n|\n|t:|1783572832\n|-terastallize|p1a: Armarouge|Fire\n|move|p1a: Armarouge|Psyshock|p2a: Pawmot\n|-supereffective|p2a: Pawmot\n|-damage|p2a: Pawmot|0 fnt\n|faint|p2a: Pawmot\n|\n|upkeep\n|inactive|Time left: 300 sec this turn | 300 sec total | 5 sec grace\n|\n|t:|1783572832\n|switch|p2a: Ursaluna|Ursaluna, L79, M|109/335 brn\n|-activate|p2a: Ursaluna|move: Sticky Web\n|-unboost|p2a: Ursaluna|spe|1\n|turn|23\n|inactive|Time left: 300 sec this turn | 300 sec total\n|\n|t:|1783572833\n|move|p1a: Armarouge|Psyshock|p2a: Ursaluna\n|-damage|p2a: Ursaluna|0 fnt\n|faint|p2a: Ursaluna\n|\n|win|p0x2848be2e", "uploadtime": 1783572833, "views": 0, "rating": 0, "private": 0, "password": null, "_winner": "p0x2848be2e", "_our_name": "p0y28481326"}