{"id": "battle-gen9randombattle-1001", "formatid": "gen9randombattle", "format": "[Gen 9] Random Battle", "players": ["p0x1001418a", "p0y1001cef5"], "log": "|init|battle\n|title|p0x1001418a vs. p0y1001cef5\n|j|\u2606p0x1001418a\n|j|\u2606p0y1001cef5\n|t:|1783550776\n|gametype|singles\n|player|p1|p0x1001418a|169|\n|player|p2|p0y1001cef5|2|\n|gen|9\n|tier|[Gen 9] Random Battle\n|rule|Species Clause: Limit one of each Pok\u00e9mon\n|rule|HP Percentage Mod: HP is shown in percentages\n|rule|Sleep Clause Mod: Limit one foe put to sleep\n|rule|Illusion Level Mod: Illusion disguises the Pok\u00e9mon's true level\n|\n|t:|1783550776\n|teamsize|p1|6\n|teamsize|p2|6\n|start\n|switch|p1a: Wo-Chien|Wo-Chien, L83|100/100\n|switch|p2a: Ditto|Ditto, L87|225/225\n|-transform|p2a: Ditto|p1a: Wo-Chien|[from] ability: Imposter\n|-ability|p2a: Ditto|Tablets of Ruin\n|-ability|p1a: Wo-Chien|Tablets of Ruin\n|turn|1\n|inactive|Battle timer is ON: inactive players will automatically lose when time's up. (requested by p0x1001418a)\n|inactive|Time left: 300 sec this turn | 300 sec total | 60 sec grace\n|\n|t:|1783550778\n|move|p2a: Ditto|Knock Off|p1a: Wo-Chien\n|-resisted|p1a: Wo-Chien\n|-damage|p1a: Wo-Chien|86/100\n|-enditem|p1a: Wo-Chien|Leftovers|[from] move: Knock Off|[of] p2a: Ditto\n|move|p1a: Wo-Chien|Knock Off|p2a: Ditto\n|-resisted|p2a: Ditto\n|-damage|p2a: Ditto|183/225\n|-enditem|p2a: Ditto|Choice Scarf|[from] move: Knock Off|[of] p1a: Wo-Chien\n|\n|upkeep\n|turn|2\n|inactive|Time left: 300 sec this turn | 300 sec total\n|inactive|p0y1001cef5 also wants the timer to be on.\n|\n|t:|1783550779\n|move|p1a: Wo-Chien|Giga Drain|p2a: Ditto\n|-resisted|p2a: Ditto\n|-damage|p2a: Ditto|156/225\n|-heal|p1a: Wo-Chien|91/100|[from] drain|[of] p2a: Ditto\n|move|p2a: Ditto|Knock Off|p1a: Wo-Chien\n|-resisted|p1a: Wo-Chien\n|-damage|p1a: Wo-Chien|81/100\n|\n|upkeep\n|turn|3\n|inactive|Time left: 300 sec this turn | 300 sec total\n|\n|t:|1783550780\n|move|p2a: Ditto|Giga Drain|p1a: Wo-Chien\n|-resisted|p1a: Wo-Chien\n|-damage|p1a: Wo-Chien|71/100\n|-heal|p2a: Ditto|171/225|[from] drain|[of] p1a: Wo-Chien\n|move|p1a: Wo-Chien|Knock Off|p2a: Ditto\n|-resisted|p2a: Ditto\n|-damage|p2a: Ditto|144/225\n|\n|upkeep\n|turn|4\n|inactive|Time left: 300 sec this turn | 300 sec total\n|\n|t:|1783550781\n|move|p2a: Ditto|Knock Off|p1a: Wo-Chien\n|-resisted|p1a: Wo-Chien\n|-damage|p1a: Wo-Chien|61/100\n|move|p1a: Wo-Chien|Knock Off|p2a: Ditto\n|-resisted|p2a: Ditto\n|-damage|p2a: Ditto|117/225\n|\n|upkeep\n|turn|5\n|inactive|Time left: 300 sec this turn | 300 sec total\n|\n|t:|1783550782\n|switch|p2a: Koraidon|Koraidon, L64|235/235\n|-weather|SunnyDay|[from] ability: Orichalcum Pulse|[of] p2a: Koraidon\n|-activate|p2a: Koraidon|Orichalcum Pulse|[source]\n|move|p1a: Wo-Chien|Giga Drain|p2a: Koraidon\n|-resisted|p2a: Koraidon\n|-damage|p2a: Koraidon|191/235\n|-heal|p1a: Wo-Chien|69/100|[from] drain|[of] p2a: Koraidon\n|\n|-weather|SunnyDay|[upkeep]\n|upkeep\n|turn|6\n|inactive|Time left: 300 sec this turn | 300 sec total\n|\n|t:|1783550783\n|move|p1a: Wo-Chien|Protect|p1a: Wo-Chien\n|-singleturn|p1a: Wo-Chien|Protect\n|move|p2a: Koraidon|Swords Dance|p2a: Koraidon\n|-boost|p2a: Koraidon|atk|2\n|\n|-weather|SunnyDay|[upkeep]\n|upkeep\n|turn|7\n|inactive|Time left: 300 sec this turn | 300 sec total\n|\n|t:|1783550784\n|switch|p1a: Golurk|Golurk, L87|100/100\n|move|p2a: Koraidon|Scale Shot|p1a: Golurk\n|-damage|p1a: Golurk|81/100\n|-damage|p1a: Golurk|63/100\n|-damage|p1a: Golurk|45/100\n|-damage|p1a: Golurk|27/100\n|-hitcount|p1a: Golurk|4\n|-unboost|p2a: Koraidon|def|1\n|-boost|p2a: Koraidon|spe|1\n|\n|-weather|SunnyDay|[upkeep]\n|upkeep\n|turn|8\n|inactive|Time left: 300 sec this turn | 300 sec total\n|\n|t:|1783550785\n|move|p2a: Koraidon|Scale Shot|p1a: Golurk\n|-damage|p1a: Golurk|7/100\n|-damage|p1a: Golurk|0 fnt\n|faint|p1a: Golurk\n|-hitcount|p1: Golurk|2\n|-unboost|p2a: Koraidon|def|1\n|-boost|p2a: Koraidon|spe|1\n|\n|-weather|SunnyDay|[upkeep]\n|upkeep\n|\n|t:|1783550786\n|switch|p1a: Gurdurr|Gurdurr, L85, F|100/100\n|turn|9\n|inactive|Time left: 300 sec this turn | 300 sec total\n|\n|t:|1783550787\n|move|p2a: Koraidon|Collision Course|p1a: Gurdurr\n|-damage|p1a: Gurdurr|46/100\n|move|p1a: Gurdurr|Drain Punch|p2a: Koraidon\n|-damage|p2a: Koraidon|8/235\n|-heal|p1a: Gurdurr|79/100|[from] drain|[of] p2a: Koraidon\n|\n|-weather|none\n|upkeep\n|turn|10\n|inactive|Time left: 300 sec this turn | 300 sec total\n|\n|t:|1783550788\n|move|p1a: Gurdurr|Mach Punch|p2a: Koraidon\n|-damage|p2a: Koraidon|0 fnt\n|faint|p2a: Koraidon\n|\n|upkeep\n|inactive|Time left: 300 sec this turn | 300 sec total | 5 sec grace\n|\n|t:|1783550789\n|switch|p2a: Azumarill|Azumarill, L82, M|298/298\n|turn|11\n|inactive|Time left: 300 sec this turn | 300 sec total\n|\n|t:|1783550790\n|switch|p1a: Porygon2|Porygon2, L81|100/100\n|-ability|p1a: Porygon2|Download|boost\n|-boost|p1a: Porygon2|spa|1\n|move|p2a: Azumarill|Play Rough|p1a: Porygon2\n|-damage|p1a: Porygon2|59/100\n|\n|upkeep\n|turn|12\n|inactive|Time left: 300 sec this turn | 300 sec total\n|\n|t:|1783550791\n|move|p1a: Porygon2|Recover|p1a: Porygon2\n|-heal|p1a: Porygon2|100/100\n|move|p2a: Azumarill|Play Rough|p1a: Porygon2\n|-damage|p1a: Porygon2|54/100\n|\n|upkeep\n|turn|13\n|inactive|Time left: 300 sec this turn | 300 sec total\n|\n|t:|1783550792\n|move|p1a: Porygon2|Tera Blast|p2a: Azumarill\n|-crit|p2a: Azumarill\n|-damage|p2a: Azumarill|88/298\n|move|p2a: Azumarill|Play Rough|p1a: Porygon2\n|-crit|p1a: Porygon2\n|-damage|p1a: Porygon2|0 fnt\n|faint|p1a: Porygon2\n|\n|upkeep\n|\n|t:|1783550793\n|switch|p1a: Toxtricity|Toxtricity, L82, M|100/100\n|turn|14\n|inactive|Time left: 300 sec this turn | 300 sec total\n|\n|t:|1783550793\n|switch|p2a: Hypno|Hypno, L95, F|315/315\n|move|p1a: Toxtricity|Boomburst|p2a: Hypno\n|-damage|p2a: Hypno|217/315\n|-enditem|p1a: Toxtricity|Throat Spray\n|-boost|p1a: Toxtricity|spa|1|[from] item: Throat Spray\n|\n|-heal|p2a: Hypno|236/315|[from] item: Leftovers\n|upkeep\n|turn|15\n|inactive|Time left: 300 sec this turn | 300 sec total\n|\n|t:|1783550795\n|move|p2a: Hypno|Psychic Noise|p1a: Toxtricity\n|-supereffective|p1a: Toxtricity\n|-damage|p1a: Toxtricity|62/100\n|-start|p1a: Toxtricity|move: Heal Block\n|move|p1a: Toxtricity|Shift Gear|p1a: Toxtricity\n|-boost|p1a: Toxtricity|spe|2\n|-boost|p1a: Toxtricity|atk|1\n|\n|-heal|p2a: Hypno|255/315|[from] item: Leftovers\n|upkeep\n|turn|16\n|inactive|Time left: 300 sec this turn | 300 sec total\n|\n|t:|1783550796\n|move|p1a: Toxtricity|Boomburst|p2a: Hypno\n|-damage|p2a: Hypno|112/315\n|move|p2a: Hypno|Psychic Noise|p1a: Toxtricity\n|-supereffective|p1a: Toxtricity\n|-damage|p1a: Toxtricity|22/100\n|\n|-heal|p2a: Hypno|131/315|[from] item: Leftovers\n|-end|p1a: Toxtricity|move: Heal Block\n|upkeep\n|turn|17\n|inactive|Time left: 300 sec this turn | 300 sec total\n|\n|t:|1783550797\n|move|p1a: Toxtricity|Boomburst|p2a: Hypno\n|-damage|p2a: Hypno|0 fnt\n|faint|p2a: Hypno\n|\n|upkeep\n|inactive|Time left: 300 sec this turn | 300 sec total | 5 sec grace\n|\n|t:|1783550798\n|switch|p2a: Azumarill|Azumarill, L82, M|88/298\n|turn|18\n|inactive|Time left: 300 sec this turn | 300 sec total\n|\n|t:|1783550799\n|move|p2a: Azumarill|Aqua Jet|p1a: Toxtricity\n|-damage|p1a: Toxtricity|0 fnt\n|faint|p1a: Toxtricity\n|\n|upkeep\n|\n|t:|1783550800\n|switch|p1a: Wo-Chien|Wo-Chien, L83|69/100\n|-ability|p1a: Wo-Chien|Tablets of Ruin\n|turn|19\n|inactive|Time left: 300 sec this turn | 300 sec total\n|\n|t:|1783550801\n|switch|p2a: Skuntank|Skuntank, L84, F|310/310\n|move|p1a: Wo-Chien|Giga Drain|p2a: Skuntank\n|-resisted|p2a: Skuntank\n|-damage|p2a: Skuntank|264/310\n|-heal|p1a: Wo-Chien|77/100|[from] drain|[of] p2a: Skuntank\n|\n|upkeep\n|turn|20\n|inactive|Time left: 300 sec this turn | 300 sec total\n|\n|t:|1783550802\n|move|p2a: Skuntank|Gunk Shot|p1a: Wo-Chien\n|-supereffective|p1a: Wo-Chien\n|-damage|p1a: Wo-Chien|0 fnt\n|faint|p1a: Wo-Chien\n|-damage|p2a: Skuntank|233/310|[from] item: Life Orb\n|\n|upkeep\n|\n|t:|1783550804\n|switch|p1a: Glaceon|Glaceon, L94, M|100/100\n|turn|21\n|inactive|Time left: 300 sec this turn | 300 sec total\n|\n|t:|1783550805\n|switch|p2a: Malamar|Malamar, L82, M|275/275\n|move|p1a: Glaceon|Freeze-Dry|p2a: Malamar\n|-damage|p2a: Malamar|136/275\n|\n|-heal|p2a: Malamar|153/275|[from] item: Leftovers\n|upkeep\n|turn|22\n|inactive|Time left: 300 sec this turn | 300 sec total\n|\n|t:|1783550806\n|move|p1a: Glaceon|Freeze-Dry|p2a: Malamar\n|-damage|p2a: Malamar|18/275\n|move|p2a: Malamar|Superpower|p1a: Glaceon\n|-supereffective|p1a: Glaceon\n|-damage|p1a: Glaceon|60/100\n|-boost|p2a: Malamar|atk|1\n|-boost|p2a: Malamar|def|1\n|\n|-heal|p2a: Malamar|35/275|[from] item: Leftovers\n|upkeep\n|turn|23\n|inactive|Time left: 300 sec this turn | 300 sec total\n|\n|t:|1783550807\n|move|p1a: Glaceon|Freeze-Dry|p2a: Malamar\n|-damage|p2a: Malamar|0 fnt\n|faint|p2a: Malamar\n|\n|upkeep\n|inactive|Time left: 300 sec this turn | 300 sec total | 5 sec grace\n|\n|t:|1783550808\n|switch|p2a: Skuntank|Skuntank, L84, F|233/310\n|turn|24\n|inactive|Time left: 300 sec this turn | 300 sec total\n|\n|t:|1783550809\n|-terastallize|p1a: Glaceon|Ground\n|move|p2a: Skuntank|Gunk Shot|p1a: Glaceon\n|-resisted|p1a: Glaceon\n|-damage|p1a: Glaceon|39/100\n|-status|p1a: Glaceon|psn\n|-damage|p2a: Skuntank|202/310|[from] item: Life Orb\n|move|p1a: Glaceon|Mud Shot|p2a: Skuntank\n|-supereffective|p2a: Skuntank\n|-damage|p2a: Skuntank|0 fnt\n|faint|p2a: Skuntank\n|\n|-damage|p1a: Glaceon|26/100 psn|[from] psn\n|upkeep\n|inactive|Time left: 300 sec this turn | 300 sec total | 5 sec grace\n|\n|t:|1783550810\n|switch|p2a: Azumarill|Azumarill, L82, M|88/298\n|turn|25\n|inactive|Time left: 300 sec this turn | 300 sec total\n|\n|t:|1783550811\n|move|p2a: Azumarill|Aqua Jet|p1a: Glaceon\n|-supereffective|p1a: Glaceon\n|-damage|p1a: Glaceon|0 fnt\n|faint|p1a: Glaceon\n|\n|upkeep\n|\n|t:|1783550812\n|switch|p1a: Gurdurr|Gurdurr, L85, F|79/100\n|turn|26\n|inactive|Time left: 300 sec this turn | 300 sec total\n|\n|t:|1783550813\n|switch|p2a: Ditto|Ditto, L87|117/225\n|-transform|p2a: Ditto|p1a: Gurdurr|[from] ability: Imposter\n|move|p1a: Gurdurr|Defog|p2a: Ditto\n|-unboost|p2a: Ditto|evasion|1\n|\n|upkeep\n|turn|27\n|inactive|Time left: 300 sec this turn | 300 sec total\n|\n|t:|1783550814\n|-terastallize|p2a: Ditto|Ghost\n|move|p2a: Ditto|Knock Off|p1a: Gurdurr\n|-resisted|p1a: Gurdurr\n|-damage|p1a: Gurdurr|70/100\n|-enditem|p1a: Gurdurr|Eviolite|[from] move: Knock Off|[of] p2a: Ditto\n|move|p1a: Gurdurr|Knock Off|p2a: Ditto\n|-supereffective|p2a: Ditto\n|-damage|p2a: Ditto|11/225\n|\n|upkeep\n|turn|28\n|inactive|Time left: 300 sec this turn | 300 sec total\n|\n|t:|1783550815\n|switch|p2a: Azumarill|Azumarill, L82, M|88/298\n|move|p1a: Gurdurr|Drain Punch|p2a: Azumarill\n|-resisted|p2a: Azumarill\n|-damage|p2a: Azumarill|42/298\n|-heal|p1a: Gurdurr|78/100|[from] drain|[of] p2a: Azumarill\n|\n|upkeep\n|turn|29\n|inactive|Time left: 300 sec this turn | 300 sec total\n|\n|t:|1783550816\n|move|p2a: Azumarill|Play Rough|p1a: Gurdurr\n|-supereffective|p1a: Gurdurr\n|-damage|p1a: Gurdurr|0 fnt\n|faint|p1a: Gurdurr\n|\n|win|p0y1001cef5", "uploadtime": 1783550816, "views": 0, "rating": 0, "private": 0, "password": null, "_winner": "p0y1001cef5", "_our_name": "p0y1001cef5"}