{"id": "battle-gen9randombattle-134", "formatid": "gen9randombattle", "format": "[Gen 9] Random Battle", "players": ["p0x13439c0", "p0y13464c5"], "log": "|init|battle\n|title|p0x13439c0 vs. p0y13464c5\n|j|\u2606p0x13439c0\n|j|\u2606p0y13464c5\n|t:|1783534815\n|gametype|singles\n|player|p1|p0x13439c0|265|\n|player|p2|p0y13464c5|2|\n|gen|9\n|tier|[Gen 9] Random Battle\n|rule|Species Clause: Limit one of each Pok\u00e9mon\n|rule|HP Percentage Mod: HP is shown in percentages\n|rule|Sleep Clause Mod: Limit one foe put to sleep\n|rule|Illusion Level Mod: Illusion disguises the Pok\u00e9mon's true level\n|\n|t:|1783534815\n|teamsize|p1|6\n|teamsize|p2|6\n|start\n|switch|p1a: Veluza|Veluza, L85, M|100/100\n|switch|p2a: Electivire|Electivire, L84, M|263/263\n|turn|1\n|inactive|Battle timer is ON: inactive players will automatically lose when time's up. (requested by p0x13439c0)\n|inactive|Time left: 300 sec this turn | 300 sec total | 60 sec grace\n|\n|t:|1783534817\n|switch|p1a: Dragapult|Dragapult, L77, F|100/100\n|move|p2a: Electivire|Supercell Slam|p1a: Dragapult\n|-resisted|p1a: Dragapult\n|-damage|p1a: Dragapult|63/100\n|-damage|p2a: Electivire|237/263|[from] item: Life Orb\n|\n|upkeep\n|turn|2\n|inactive|Time left: 300 sec this turn | 300 sec total\n|inactive|p0y13464c5 also wants the timer to be on.\n|\n|t:|1783534818\n|move|p1a: Dragapult|Shadow Ball|p2a: Electivire\n|-damage|p2a: Electivire|123/263\n|move|p2a: Electivire|Ice Punch|p1a: Dragapult\n|-supereffective|p1a: Dragapult\n|-damage|p1a: Dragapult|0 fnt\n|faint|p1a: Dragapult\n|-damage|p2a: Electivire|97/263|[from] item: Life Orb\n|\n|upkeep\n|\n|t:|1783534819\n|switch|p1a: Swalot|Swalot, L90, M|100/100\n|turn|3\n|inactive|Time left: 300 sec this turn | 300 sec total\n|\n|t:|1783534820\n|move|p2a: Electivire|Earthquake|p1a: Swalot\n|-supereffective|p1a: Swalot\n|-damage|p1a: Swalot|30/100\n|-damage|p2a: Electivire|71/263|[from] item: Life Orb\n|move|p1a: Swalot|Earthquake|p2a: Electivire\n|-supereffective|p2a: Electivire\n|-damage|p2a: Electivire|0 fnt\n|faint|p2a: Electivire\n|\n|-heal|p1a: Swalot|36/100|[from] item: Leftovers\n|upkeep\n|inactive|Time left: 300 sec this turn | 300 sec total | 5 sec grace\n|\n|t:|1783534821\n|switch|p2a: Flygon|Flygon, L82, M|265/265\n|turn|4\n|inactive|Time left: 300 sec this turn | 300 sec total\n|\n|t:|1783534822\n|switch|p1a: Magearna|Magearna-Original, L77|100/100\n|move|p2a: Flygon|Dragon Dance|p2a: Flygon\n|-boost|p2a: Flygon|atk|1\n|-boost|p2a: Flygon|spe|1\n|\n|upkeep\n|turn|5\n|inactive|Time left: 300 sec this turn | 300 sec total\n|\n|t:|1783534823\n|-terastallize|p1a: Magearna|Ground\n|move|p2a: Flygon|Earthquake|p1a: Magearna\n|-damage|p1a: Magearna|48/100\n|move|p1a: Magearna|Fleur Cannon|p2a: Flygon\n|-supereffective|p2a: Flygon\n|-damage|p2a: Flygon|0 fnt\n|-unboost|p1a: Magearna|spa|2\n|faint|p2a: Flygon\n|-ability|p1a: Magearna|Soul-Heart|boost\n|-boost|p1a: Magearna|spa|1\n|\n|upkeep\n|inactive|Time left: 300 sec this turn | 300 sec total | 5 sec grace\n|\n|t:|1783534824\n|switch|p2a: Mesprit|Mesprit, L85|275/275\n|turn|6\n|inactive|Time left: 300 sec this turn | 300 sec total\n|\n|t:|1783534825\n|switch|p1a: Frosmoth|Frosmoth, L82, F|100/100\n|move|p2a: Mesprit|Ice Beam|p1a: Frosmoth\n|-resisted|p1a: Frosmoth\n|-damage|p1a: Frosmoth|94/100\n|\n|upkeep\n|turn|7\n|inactive|Time left: 300 sec this turn | 300 sec total\n|\n|t:|1783534826\n|move|p2a: Mesprit|Knock Off|p1a: Frosmoth\n|-damage|p1a: Frosmoth|55/100\n|-enditem|p1a: Frosmoth|Heavy-Duty Boots|[from] move: Knock Off|[of] p2a: Mesprit\n|move|p1a: Frosmoth|Quiver Dance|p1a: Frosmoth\n|-boost|p1a: Frosmoth|spa|1\n|-boost|p1a: Frosmoth|spd|1\n|-boost|p1a: Frosmoth|spe|1\n|\n|upkeep\n|turn|8\n|inactive|Time left: 300 sec this turn | 300 sec total\n|\n|t:|1783534827\n|move|p1a: Frosmoth|Bug Buzz|p2a: Mesprit\n|-supereffective|p2a: Mesprit\n|-damage|p2a: Mesprit|95/275\n|move|p2a: Mesprit|U-turn|p1a: Frosmoth\n|-damage|p1a: Frosmoth|27/100\n|inactive|Time left: 300 sec this turn | 300 sec total | 5 sec grace\n|\n|t:|1783534827\n|switch|p2a: Jirachi|Jirachi, L80|291/291|[from] U-turn\n|\n|upkeep\n|turn|9\n|inactive|Time left: 300 sec this turn | 300 sec total\n|\n|t:|1783534828\n|move|p1a: Frosmoth|Bug Buzz|p2a: Jirachi\n|-damage|p2a: Jirachi|144/291\n|move|p2a: Jirachi|Iron Head|p1a: Frosmoth\n|-supereffective|p1a: Frosmoth\n|-damage|p1a: Frosmoth|0 fnt\n|faint|p1a: Frosmoth\n|\n|-heal|p2a: Jirachi|162/291|[from] item: Leftovers\n|upkeep\n|\n|t:|1783534829\n|switch|p1a: Veluza|Veluza, L85, M|100/100\n|turn|10\n|inactive|Time left: 300 sec this turn | 300 sec total\n|\n|t:|1783534830\n|move|p2a: Jirachi|Iron Head|p1a: Veluza\n|-resisted|p1a: Veluza\n|-damage|p1a: Veluza|84/100\n|cant|p1a: Veluza|flinch\n|\n|-heal|p2a: Jirachi|180/291|[from] item: Leftovers\n|upkeep\n|turn|11\n|inactive|Time left: 300 sec this turn | 300 sec total\n|\n|t:|1783534831\n|move|p2a: Jirachi|Iron Head|p1a: Veluza\n|-resisted|p1a: Veluza\n|-damage|p1a: Veluza|68/100\n|cant|p1a: Veluza|flinch\n|\n|-heal|p2a: Jirachi|198/291|[from] item: Leftovers\n|upkeep\n|turn|12\n|inactive|Time left: 300 sec this turn | 300 sec total\n|\n|t:|1783534832\n|move|p2a: Jirachi|Body Slam|p1a: Veluza\n|-damage|p1a: Veluza|45/100\n|move|p1a: Veluza|Night Slash|p2a: Jirachi\n|-supereffective|p2a: Jirachi\n|-crit|p2a: Jirachi\n|-damage|p2a: Jirachi|0 fnt\n|faint|p2a: Jirachi\n|\n|upkeep\n|inactive|Time left: 300 sec this turn | 300 sec total | 5 sec grace\n|\n|t:|1783534833\n|switch|p2a: Incineroar|Incineroar, L82, F|290/290\n|-ability|p2a: Incineroar|Intimidate|boost\n|-unboost|p1a: Veluza|atk|1\n|turn|13\n|inactive|Time left: 300 sec this turn | 300 sec total\n|\n|t:|1783534834\n|switch|p1a: Swalot|Swalot, L90, M|36/100\n|move|p2a: Incineroar|Knock Off|p1a: Swalot\n|-damage|p1a: Swalot|0 fnt\n|-enditem|p1a: Swalot|Leftovers|[from] move: Knock Off|[of] p2a: Incineroar\n|faint|p1a: Swalot\n|\n|upkeep\n|\n|t:|1783534835\n|switch|p1a: Veluza|Veluza, L85, M|45/100\n|turn|14\n|inactive|Time left: 300 sec this turn | 300 sec total\n|\n|t:|1783534836\n|move|p2a: Incineroar|Knock Off|p1a: Veluza\n|-supereffective|p1a: Veluza\n|-damage|p1a: Veluza|0 fnt\n|-enditem|p1a: Veluza|Choice Band|[from] move: Knock Off|[of] p2a: Incineroar\n|faint|p1a: Veluza\n|\n|upkeep\n|\n|t:|1783534837\n|switch|p1a: Drifblim|Drifblim, L86, F|100/100\n|turn|15\n|inactive|Time left: 300 sec this turn | 300 sec total\n|\n|t:|1783534838\n|move|p2a: Incineroar|Knock Off|p1a: Drifblim\n|-supereffective|p1a: Drifblim\n|-damage|p1a: Drifblim|18/100\n|-enditem|p1a: Drifblim|Heavy-Duty Boots|[from] move: Knock Off|[of] p2a: Incineroar\n|move|p1a: Drifblim|Strength Sap|p2a: Incineroar\n|-unboost|p2a: Incineroar|atk|1\n|-heal|p1a: Drifblim|77/100\n|\n|upkeep\n|turn|16\n|inactive|Time left: 300 sec this turn | 300 sec total\n|\n|t:|1783534839\n|move|p2a: Incineroar|Knock Off|p1a: Drifblim\n|-supereffective|p1a: Drifblim\n|-damage|p1a: Drifblim|36/100\n|move|p1a: Drifblim|Strength Sap|p2a: Incineroar\n|-unboost|p2a: Incineroar|atk|1\n|-heal|p1a: Drifblim|76/100\n|\n|upkeep\n|turn|17\n|inactive|Time left: 300 sec this turn | 300 sec total\n|\n|t:|1783534841\n|move|p2a: Incineroar|Knock Off|p1a: Drifblim\n|-supereffective|p1a: Drifblim\n|-damage|p1a: Drifblim|48/100\n|move|p1a: Drifblim|Strength Sap|p2a: Incineroar\n|-unboost|p2a: Incineroar|atk|1\n|-heal|p1a: Drifblim|78/100\n|\n|upkeep\n|turn|18\n|inactive|Time left: 300 sec this turn | 300 sec total\n|\n|t:|1783534842\n|move|p2a: Incineroar|Knock Off|p1a: Drifblim\n|-supereffective|p1a: Drifblim\n|-damage|p1a: Drifblim|55/100\n|move|p1a: Drifblim|Shadow Ball|p2a: Incineroar\n|-resisted|p2a: Incineroar\n|-damage|p2a: Incineroar|248/290\n|\n|upkeep\n|turn|19\n|inactive|Time left: 300 sec this turn | 300 sec total\n|\n|t:|1783534843\n|move|p2a: Incineroar|Knock Off|p1a: Drifblim\n|-supereffective|p1a: Drifblim\n|-damage|p1a: Drifblim|31/100\n|move|p1a: Drifblim|Strength Sap|p2a: Incineroar\n|-unboost|p2a: Incineroar|atk|1\n|-heal|p1a: Drifblim|55/100\n|\n|upkeep\n|turn|20\n|inactive|Time left: 300 sec this turn | 300 sec total\n|\n|t:|1783534844\n|move|p2a: Incineroar|Knock Off|p1a: Drifblim\n|-supereffective|p1a: Drifblim\n|-damage|p1a: Drifblim|36/100\n|move|p1a: Drifblim|Strength Sap|p2a: Incineroar\n|-unboost|p2a: Incineroar|atk|1\n|-heal|p1a: Drifblim|56/100\n|\n|upkeep\n|turn|21\n|inactive|Time left: 300 sec this turn | 300 sec total\n|\n|t:|1783534845\n|move|p2a: Incineroar|Knock Off|p1a: Drifblim\n|-supereffective|p1a: Drifblim\n|-damage|p1a: Drifblim|39/100\n|move|p1a: Drifblim|Strength Sap|p2a: Incineroar\n|-unboost|p2a: Incineroar|atk|1\n|-heal|p1a: Drifblim|56/100\n|\n|upkeep\n|turn|22\n|inactive|Time left: 300 sec this turn | 300 sec total\n|\n|t:|1783534846\n|move|p2a: Incineroar|Knock Off|p1a: Drifblim\n|-supereffective|p1a: Drifblim\n|-damage|p1a: Drifblim|42/100\n|move|p1a: Drifblim|Strength Sap||[still]\n|-fail|p1a: Drifblim\n|\n|upkeep\n|turn|23\n|inactive|Time left: 300 sec this turn | 300 sec total\n|\n|t:|1783534848\n|move|p2a: Incineroar|Knock Off|p1a: Drifblim\n|-supereffective|p1a: Drifblim\n|-damage|p1a: Drifblim|26/100\n|move|p1a: Drifblim|Strength Sap||[still]\n|-fail|p1a: Drifblim\n|\n|upkeep\n|turn|24\n|inactive|Time left: 300 sec this turn | 300 sec total\n|\n|t:|1783534849\n|move|p2a: Incineroar|Knock Off|p1a: Drifblim\n|-supereffective|p1a: Drifblim\n|-damage|p1a: Drifblim|11/100\n|move|p1a: Drifblim|Air Slash|p2a: Incineroar\n|-damage|p2a: Incineroar|170/290\n|\n|upkeep\n|turn|25\n|inactive|Time left: 300 sec this turn | 300 sec total\n|\n|t:|1783534850\n|move|p2a: Incineroar|Knock Off|p1a: Drifblim\n|-supereffective|p1a: Drifblim\n|-damage|p1a: Drifblim|0 fnt\n|-damage|p2a: Incineroar|98/290|[from] ability: Aftermath|[of] p1a: Drifblim\n|faint|p1a: Drifblim\n|\n|upkeep\n|\n|t:|1783534851\n|switch|p1a: Magearna|Magearna-Original, L77, tera:Ground|48/100\n|turn|26\n|inactive|Time left: 300 sec this turn | 300 sec total\n|\n|t:|1783534852\n|switch|p2a: Cramorant|Cramorant, L86, M|261/261\n|move|p1a: Magearna|Shift Gear|p1a: Magearna\n|-boost|p1a: Magearna|spe|2\n|-boost|p1a: Magearna|atk|1\n|\n|upkeep\n|turn|27\n|inactive|Time left: 300 sec this turn | 300 sec total\n|\n|t:|1783534853\n|move|p1a: Magearna|Iron Head|p2a: Cramorant\n|-resisted|p2a: Cramorant\n|-damage|p2a: Cramorant|192/261\n|move|p2a: Cramorant|Surf|p1a: Magearna\n|-formechange|p2a: Cramorant|Cramorant-Gulping|\n|-supereffective|p1a: Magearna\n|-damage|p1a: Magearna|0 fnt\n|faint|p1a: Magearna\n|\n|win|p0y13464c5", "uploadtime": 1783534853, "views": 0, "rating": 0, "private": 0, "password": null, "_winner": "p0y13464c5", "_our_name": "p0y13464c5"}