{"id": "battle-gen9randombattle-2924", "formatid": "gen9randombattle", "format": "[Gen 9] Random Battle", "players": ["p0x292424e1", "p0y292495af"], "log": "|init|battle\n|title|p0x292424e1 vs. p0y292495af\n|j|\u2606p0x292424e1\n|j|\u2606p0y292495af\n|t:|1783573673\n|gametype|singles\n|player|p1|p0x292424e1|266|\n|player|p2|p0y292495af|266|\n|gen|9\n|tier|[Gen 9] Random Battle\n|rule|Species Clause: Limit one of each Pok\u00e9mon\n|rule|HP Percentage Mod: HP is shown in percentages\n|rule|Sleep Clause Mod: Limit one foe put to sleep\n|rule|Illusion Level Mod: Illusion disguises the Pok\u00e9mon's true level\n|\n|t:|1783573673\n|teamsize|p1|6\n|teamsize|p2|6\n|start\n|switch|p1a: Muk|Muk, L86, M|100/100\n|switch|p2a: Dachsbun|Dachsbun, L92, M|254/254\n|turn|1\n|inactive|Battle timer is ON: inactive players will automatically lose when time's up. (requested by p0x292424e1)\n|inactive|Time left: 300 sec this turn | 300 sec total | 60 sec grace\n|inactive|p0y292495af also wants the timer to be on.\n|\n|t:|1783573675\n|switch|p2a: Slaking|Slaking, L84, F|389/389\n|move|p1a: Muk|Knock Off|p2a: Slaking\n|-damage|p2a: Slaking|323/389\n|-enditem|p2a: Slaking|Choice Band|[from] move: Knock Off|[of] p1a: Muk\n|\n|upkeep\n|turn|2\n|inactive|Time left: 300 sec this turn | 300 sec total\n|\n|t:|1783573676\n|move|p2a: Slaking|Giga Impact|p1a: Muk\n|-damage|p1a: Muk|15/100\n|-mustrecharge|p2a: Slaking\n|move|p1a: Muk|Ice Punch|p2a: Slaking\n|-damage|p2a: Slaking|273/389\n|\n|upkeep\n|turn|3\n|inactive|Time left: 300 sec this turn | 300 sec total\n|\n|t:|1783573677\n|cant|p2a: Slaking|recharge\n|move|p1a: Muk|Poison Jab|p2a: Slaking\n|-damage|p2a: Slaking|182/389\n|\n|upkeep\n|turn|4\n|inactive|Time left: 300 sec this turn | 300 sec total\n|\n|t:|1783573678\n|move|p1a: Muk|Shadow Sneak|p2a: Slaking\n|-immune|p2a: Slaking\n|move|p2a: Slaking|Giga Impact|p1a: Muk|[miss]\n|-miss|p2a: Slaking|p1a: Muk\n|\n|upkeep\n|turn|5\n|inactive|Time left: 300 sec this turn | 300 sec total\n|\n|t:|1783573679\n|switch|p2a: Magnezone|Magnezone, L85|258/258\n|move|p1a: Muk|Poison Jab|p2a: Magnezone\n|-immune|p2a: Magnezone\n|\n|upkeep\n|turn|6\n|inactive|Time left: 300 sec this turn | 300 sec total\n|\n|t:|1783573680\n|switch|p1a: Volcarona|Volcarona, L77, F|100/100\n|move|p2a: Magnezone|Flash Cannon|p1a: Volcarona\n|-resisted|p1a: Volcarona\n|-damage|p1a: Volcarona|81/100\n|\n|upkeep\n|turn|7\n|inactive|Time left: 300 sec this turn | 300 sec total\n|\n|t:|1783573680\n|move|p1a: Volcarona|Quiver Dance|p1a: Volcarona\n|-boost|p1a: Volcarona|spa|1\n|-boost|p1a: Volcarona|spd|1\n|-boost|p1a: Volcarona|spe|1\n|move|p2a: Magnezone|Discharge|p1a: Volcarona\n|-damage|p1a: Volcarona|55/100\n|\n|upkeep\n|turn|8\n|inactive|Time left: 300 sec this turn | 300 sec total\n|\n|t:|1783573681\n|move|p1a: Volcarona|Fire Blast|p2a: Magnezone\n|-supereffective|p2a: Magnezone\n|-damage|p2a: Magnezone|12/258\n|move|p2a: Magnezone|Volt Switch|p1a: Volcarona\n|-damage|p1a: Volcarona|30/100\n|inactive|Time left: 300 sec this turn | 300 sec total | 5 sec grace\n|\n|t:|1783573682\n|switch|p2a: Kyogre|Kyogre, L71|259/259|[from] Volt Switch\n|-weather|RainDance|[from] ability: Drizzle|[of] p2a: Kyogre\n|\n|-weather|RainDance|[upkeep]\n|upkeep\n|turn|9\n|inactive|Time left: 300 sec this turn | 300 sec total\n|\n|t:|1783573683\n|-terastallize|p1a: Volcarona|Grass\n|move|p1a: Volcarona|Giga Drain|p2a: Kyogre\n|-supereffective|p2a: Kyogre\n|-damage|p2a: Kyogre|41/259\n|-heal|p1a: Volcarona|72/100|[from] drain|[of] p2a: Kyogre\n|move|p2a: Kyogre|Origin Pulse|p1a: Volcarona\n|-resisted|p1a: Volcarona\n|-damage|p1a: Volcarona|48/100\n|\n|-weather|RainDance|[upkeep]\n|-heal|p2a: Kyogre|57/259|[from] item: Leftovers\n|upkeep\n|turn|10\n|inactive|Time left: 300 sec this turn | 300 sec total\n|\n|t:|1783573684\n|switch|p2a: Virizion|Virizion, L82|283/283\n|move|p1a: Volcarona|Giga Drain|p2a: Virizion\n|-resisted|p2a: Virizion\n|-damage|p2a: Virizion|238/283\n|-heal|p1a: Volcarona|57/100|[from] drain|[of] p2a: Virizion\n|\n|-weather|RainDance|[upkeep]\n|upkeep\n|turn|11\n|inactive|Time left: 300 sec this turn | 300 sec total\n|\n|t:|1783573685\n|move|p1a: Volcarona|Morning Sun|p1a: Volcarona\n|-heal|p1a: Volcarona|82/100\n|move|p2a: Virizion|Close Combat|p1a: Volcarona\n|-damage|p1a: Volcarona|9/100\n|-unboost|p2a: Virizion|def|1\n|-unboost|p2a: Virizion|spd|1\n|-damage|p2a: Virizion|210/283|[from] item: Life Orb\n|\n|-weather|RainDance|[upkeep]\n|upkeep\n|turn|12\n|inactive|Time left: 300 sec this turn | 300 sec total\n|\n|t:|1783573686\n|move|p1a: Volcarona|Fire Blast|p2a: Virizion\n|-supereffective|p2a: Virizion\n|-damage|p2a: Virizion|0 fnt\n|faint|p2a: Virizion\n|\n|-weather|none\n|upkeep\n|inactive|Time left: 300 sec this turn | 300 sec total | 5 sec grace\n|\n|t:|1783573687\n|switch|p2a: Pecharunt|Pecharunt, L77|262/262\n|turn|13\n|inactive|Time left: 300 sec this turn | 300 sec total\n|\n|t:|1783573688\n|move|p1a: Volcarona|Morning Sun|p1a: Volcarona\n|-heal|p1a: Volcarona|58/100\n|move|p2a: Pecharunt|Malignant Chain|p1a: Volcarona\n|-supereffective|p1a: Volcarona\n|-damage|p1a: Volcarona|20/100\n|\n|upkeep\n|turn|14\n|inactive|Time left: 300 sec this turn | 300 sec total\n|\n|t:|1783573689\n|move|p1a: Volcarona|Morning Sun|p1a: Volcarona\n|-heal|p1a: Volcarona|70/100\n|move|p2a: Pecharunt|Malignant Chain|p1a: Volcarona\n|-supereffective|p1a: Volcarona\n|-damage|p1a: Volcarona|28/100\n|\n|upkeep\n|turn|15\n|inactive|Time left: 300 sec this turn | 300 sec total\n|\n|t:|1783573690\n|move|p1a: Volcarona|Morning Sun|p1a: Volcarona\n|-heal|p1a: Volcarona|78/100\n|move|p2a: Pecharunt|Malignant Chain|p1a: Volcarona\n|-supereffective|p1a: Volcarona\n|-damage|p1a: Volcarona|37/100\n|\n|upkeep\n|turn|16\n|inactive|Time left: 300 sec this turn | 300 sec total\n|\n|t:|1783573691\n|move|p1a: Volcarona|Morning Sun|p1a: Volcarona\n|-heal|p1a: Volcarona|87/100\n|move|p2a: Pecharunt|Malignant Chain|p1a: Volcarona\n|-supereffective|p1a: Volcarona\n|-damage|p1a: Volcarona|49/100\n|-status|p1a: Volcarona|tox\n|-start|p1a: Volcarona|confusion|[from] ability: Poison Puppeteer|[of] p2a: Pecharunt\n|\n|-damage|p1a: Volcarona|43/100 tox|[from] psn\n|upkeep\n|turn|17\n|inactive|Time left: 300 sec this turn | 300 sec total\n|\n|t:|1783573692\n|-activate|p1a: Volcarona|confusion\n|-damage|p1a: Volcarona|36/100 tox|[from] confusion\n|move|p2a: Pecharunt|Malignant Chain|p1a: Volcarona\n|-supereffective|p1a: Volcarona\n|-damage|p1a: Volcarona|0 fnt\n|faint|p1a: Volcarona\n|\n|upkeep\n|\n|t:|1783573693\n|switch|p1a: Regidrago|Regidrago, L77|100/100\n|turn|18\n|inactive|Time left: 300 sec this turn | 300 sec total\n|\n|t:|1783573695\n|move|p1a: Regidrago|Dragon Energy|p2a: Pecharunt\n|-damage|p2a: Pecharunt|25/262\n|move|p2a: Pecharunt|Parting Shot|p1a: Regidrago\n|-unboost|p1a: Regidrago|atk|1\n|-unboost|p1a: Regidrago|spa|1\n|inactive|Time left: 300 sec this turn | 300 sec total | 5 sec grace\n|\n|t:|1783573696\n|switch|p2a: Slaking|Slaking, L84, F|182/389|[from] Parting Shot\n|\n|upkeep\n|turn|19\n|inactive|Time left: 300 sec this turn | 300 sec total\n|\n|t:|1783573697\n|move|p1a: Regidrago|Dragon Energy|p2a: Slaking\n|-damage|p2a: Slaking|26/389\n|move|p2a: Slaking|Giga Impact|p1a: Regidrago\n|-damage|p1a: Regidrago|13/100\n|-mustrecharge|p2a: Slaking\n|\n|upkeep\n|turn|20\n|inactive|Time left: 300 sec this turn | 300 sec total\n|\n|t:|1783573698\n|switch|p1a: Mandibuzz|Mandibuzz, L85, F|100/100\n|cant|p2a: Slaking|recharge\n|\n|upkeep\n|turn|21\n|inactive|Time left: 300 sec this turn | 300 sec total\n|\n|t:|1783573699\n|move|p2a: Slaking|Giga Impact|p1a: Mandibuzz\n|-damage|p1a: Mandibuzz|39/100\n|-mustrecharge|p2a: Slaking\n|move|p1a: Mandibuzz|Foul Play|p2a: Slaking\n|-damage|p2a: Slaking|0 fnt\n|faint|p2a: Slaking\n|\n|upkeep\n|inactive|Time left: 300 sec this turn | 300 sec total | 5 sec grace\n|\n|t:|1783573699\n|switch|p2a: Dachsbun|Dachsbun, L92, M|254/254\n|turn|22\n|inactive|Time left: 300 sec this turn | 300 sec total\n|\n|t:|1783573700\n|switch|p1a: Magmortar|Magmortar, L88, F|100/100\n|move|p2a: Dachsbun|Play Rough|p1a: Magmortar|[miss]\n|-miss|p2a: Dachsbun|p1a: Magmortar\n|\n|upkeep\n|turn|23\n|inactive|Time left: 300 sec this turn | 300 sec total\n|\n|t:|1783573702\n|move|p2a: Dachsbun|Wish|p2a: Dachsbun\n|move|p1a: Magmortar|Thunderbolt|p2a: Dachsbun\n|-damage|p2a: Dachsbun|176/254\n|\n|-heal|p2a: Dachsbun|191/254|[from] item: Leftovers\n|upkeep\n|turn|24\n|inactive|Time left: 300 sec this turn | 300 sec total\n|\n|t:|1783573703\n|move|p2a: Dachsbun|Play Rough|p1a: Magmortar\n|-resisted|p1a: Magmortar\n|-damage|p1a: Magmortar|79/100\n|move|p1a: Magmortar|Knock Off|p2a: Dachsbun\n|-resisted|p2a: Dachsbun\n|-damage|p2a: Dachsbun|165/254\n|-enditem|p2a: Dachsbun|Leftovers|[from] move: Knock Off|[of] p1a: Magmortar\n|\n|-heal|p2a: Dachsbun|254/254|[from] move: Wish|[wisher] Dachsbun\n|upkeep\n|turn|25\n|inactive|Time left: 300 sec this turn | 300 sec total\n|\n|t:|1783573704\n|move|p2a: Dachsbun|Wish|p2a: Dachsbun\n|move|p1a: Magmortar|Thunderbolt|p2a: Dachsbun\n|-damage|p2a: Dachsbun|168/254\n|\n|upkeep\n|turn|26\n|inactive|Time left: 300 sec this turn | 300 sec total\n|\n|t:|1783573705\n|move|p2a: Dachsbun|Play Rough|p1a: Magmortar\n|-resisted|p1a: Magmortar\n|-damage|p1a: Magmortar|58/100\n|-status|p2a: Dachsbun|brn|[from] ability: Flame Body|[of] p1a: Magmortar\n|move|p1a: Magmortar|Thunderbolt|p2a: Dachsbun\n|-damage|p2a: Dachsbun|81/254 brn\n|\n|-heal|p2a: Dachsbun|208/254 brn|[from] move: Wish|[wisher] Dachsbun\n|-damage|p2a: Dachsbun|193/254 brn|[from] brn\n|upkeep\n|turn|27\n|inactive|Time left: 300 sec this turn | 300 sec total\n|\n|t:|1783573707\n|move|p2a: Dachsbun|Wish|p2a: Dachsbun\n|move|p1a: Magmortar|Thunderbolt|p2a: Dachsbun\n|-damage|p2a: Dachsbun|110/254 brn\n|\n|-damage|p2a: Dachsbun|95/254 brn|[from] brn\n|upkeep\n|turn|28\n|inactive|Time left: 300 sec this turn | 300 sec total\n|\n|t:|1783573708\n|move|p2a: Dachsbun|Body Press|p1a: Magmortar\n|-damage|p1a: Magmortar|42/100\n|move|p1a: Magmortar|Thunderbolt|p2a: Dachsbun\n|-damage|p2a: Dachsbun|10/254 brn\n|\n|-heal|p2a: Dachsbun|137/254 brn|[from] move: Wish|[wisher] Dachsbun\n|-damage|p2a: Dachsbun|122/254 brn|[from] brn\n|upkeep\n|turn|29\n|inactive|Time left: 300 sec this turn | 300 sec total\n|\n|t:|1783573709\n|move|p2a: Dachsbun|Play Rough|p1a: Magmortar\n|-resisted|p1a: Magmortar\n|-damage|p1a: Magmortar|32/100\n|move|p1a: Magmortar|Thunderbolt|p2a: Dachsbun\n|-damage|p2a: Dachsbun|45/254 brn\n|\n|-damage|p2a: Dachsbun|30/254 brn|[from] brn\n|upkeep\n|turn|30\n|inactive|Time left: 300 sec this turn | 300 sec total\n|\n|t:|1783573710\n|move|p2a: Dachsbun|Wish|p2a: Dachsbun\n|move|p1a: Magmortar|Thunderbolt|p2a: Dachsbun\n|-damage|p2a: Dachsbun|0 fnt\n|faint|p2a: Dachsbun\n|\n|upkeep\n|inactive|Time left: 300 sec this turn | 300 sec total | 5 sec grace\n|\n|t:|1783573711\n|switch|p2a: Pecharunt|Pecharunt, L77|25/262\n|turn|31\n|inactive|Time left: 300 sec this turn | 300 sec total\n|\n|t:|1783573712\n|move|p1a: Magmortar|Thunderbolt|p2a: Pecharunt\n|-damage|p2a: Pecharunt|0 fnt\n|faint|p2a: Pecharunt\n|\n|upkeep\n|inactive|Time left: 300 sec this turn | 300 sec total | 5 sec grace\n|\n|t:|1783573713\n|switch|p2a: Magnezone|Magnezone, L85|12/258\n|turn|32\n|inactive|Time left: 300 sec this turn | 300 sec total\n|\n|t:|1783573714\n|move|p1a: Magmortar|Knock Off|p2a: Magnezone\n|-damage|p2a: Magnezone|0 fnt\n|-enditem|p2a: Magnezone|Assault Vest|[from] move: Knock Off|[of] p1a: Magmortar\n|faint|p2a: Magnezone\n|\n|upkeep\n|inactive|Time left: 300 sec this turn | 300 sec total | 5 sec grace\n|\n|t:|1783573715\n|switch|p2a: Kyogre|Kyogre, L71|57/259\n|-weather|RainDance|[from] ability: Drizzle|[of] p2a: Kyogre\n|turn|33\n|inactive|Time left: 300 sec this turn | 300 sec total\n|\n|t:|1783573716\n|move|p1a: Magmortar|Knock Off|p2a: Kyogre\n|-damage|p2a: Kyogre|0 fnt\n|-enditem|p2a: Kyogre|Leftovers|[from] move: Knock Off|[of] p1a: Magmortar\n|faint|p2a: Kyogre\n|\n|win|p0x292424e1", "uploadtime": 1783573716, "views": 0, "rating": 0, "private": 0, "password": null, "_winner": "p0x292424e1", "_our_name": "p0y292495af"}