{"id": "battle-gen9randombattle-164", "formatid": "gen9randombattle", "format": "[Gen 9] Random Battle", "players": ["p0x1644965", "p0y164601e"], "log": "|init|battle\n|title|p0x1644965 vs. p0y164601e\n|j|\u2606p0x1644965\n|j|\u2606p0y164601e\n|t:|1783541469\n|gametype|singles\n|player|p1|p0x1644965|169|\n|player|p2|p0y164601e|1|\n|gen|9\n|tier|[Gen 9] Random Battle\n|rule|Species Clause: Limit one of each Pok\u00e9mon\n|rule|HP Percentage Mod: HP is shown in percentages\n|rule|Sleep Clause Mod: Limit one foe put to sleep\n|rule|Illusion Level Mod: Illusion disguises the Pok\u00e9mon's true level\n|\n|t:|1783541469\n|teamsize|p1|6\n|teamsize|p2|6\n|start\n|switch|p1a: Grafaiai|Grafaiai, L86, F|100/100\n|switch|p2a: Hitmontop|Hitmontop, L88, M|231/231\n|-ability|p2a: Hitmontop|Intimidate|boost\n|-unboost|p1a: Grafaiai|atk|1\n|turn|1\n|inactive|Battle timer is ON: inactive players will automatically lose when time's up. (requested by p0y164601e)\n|inactive|p0x1644965 also wants the timer to be on.\n|\n|t:|1783541471\n|move|p1a: Grafaiai|Parting Shot|p2a: Hitmontop\n|-unboost|p2a: Hitmontop|atk|1\n|-unboost|p2a: Hitmontop|spa|1\n|\n|t:|1783541472\n|switch|p1a: Regirock|Regirock, L83|100/100|[from] Parting Shot\n|move|p2a: Hitmontop|Rapid Spin|p1a: Regirock\n|-resisted|p1a: Regirock\n|-damage|p1a: Regirock|98/100\n|-boost|p2a: Hitmontop|spe|1\n|\n|-heal|p1a: Regirock|100/100|[from] item: Leftovers\n|upkeep\n|turn|2\n|inactive|Time left: 300 sec this turn | 300 sec total\n|\n|t:|1783541473\n|switch|p2a: Politoed|Politoed, L88, F|302/302\n|-weather|RainDance|[from] ability: Drizzle|[of] p2a: Politoed\n|move|p1a: Regirock|Stone Edge|p2a: Politoed\n|-damage|p2a: Politoed|193/302\n|\n|-weather|RainDance|[upkeep]\n|-heal|p2a: Politoed|211/302|[from] item: Leftovers\n|upkeep\n|turn|3\n|inactive|Time left: 300 sec this turn | 300 sec total\n|\n|t:|1783541474\n|switch|p1a: Blissey|Blissey, L85, F|100/100\n|move|p2a: Politoed|Hydro Pump|p1a: Blissey\n|-damage|p1a: Blissey|77/100\n|\n|-weather|RainDance|[upkeep]\n|-heal|p2a: Politoed|229/302|[from] item: Leftovers\n|-heal|p1a: Blissey|84/100|[from] item: Leftovers\n|upkeep\n|turn|4\n|inactive|Time left: 300 sec this turn | 300 sec total\n|\n|t:|1783541475\n|switch|p2a: Hitmontop|Hitmontop, L88, M|231/231\n|-ability|p2a: Hitmontop|Intimidate|boost\n|-unboost|p1a: Blissey|atk|1\n|move|p1a: Blissey|Thunder Wave|p2a: Hitmontop\n|-status|p2a: Hitmontop|par\n|\n|-weather|RainDance|[upkeep]\n|-heal|p1a: Blissey|90/100|[from] item: Leftovers\n|upkeep\n|turn|5\n|inactive|Time left: 300 sec this turn | 300 sec total\n|\n|t:|1783541477\n|switch|p1a: Regirock|Regirock, L83|100/100\n|move|p2a: Hitmontop|Earthquake|p1a: Regirock\n|-supereffective|p1a: Regirock\n|-damage|p1a: Regirock|71/100\n|\n|-weather|RainDance|[upkeep]\n|-heal|p1a: Regirock|77/100|[from] item: Leftovers\n|upkeep\n|turn|6\n|inactive|Time left: 300 sec this turn | 300 sec total\n|\n|t:|1783541477\n|move|p1a: Regirock|Stealth Rock|p2a: Hitmontop\n|-sidestart|p2: p0y164601e|move: Stealth Rock\n|move|p2a: Hitmontop|Close Combat|p1a: Regirock\n|-supereffective|p1a: Regirock\n|-damage|p1a: Regirock|25/100\n|-unboost|p2a: Hitmontop|def|1\n|-unboost|p2a: Hitmontop|spd|1\n|\n|-weather|none\n|-heal|p1a: Regirock|31/100|[from] item: Leftovers\n|upkeep\n|turn|7\n|inactive|Time left: 300 sec this turn | 300 sec total\n|\n|t:|1783541479\n|move|p1a: Regirock|Body Press|p2a: Hitmontop\n|-damage|p2a: Hitmontop|91/231 par\n|cant|p2a: Hitmontop|par\n|\n|-heal|p1a: Regirock|37/100|[from] item: Leftovers\n|upkeep\n|turn|8\n|inactive|Time left: 300 sec this turn | 300 sec total\n|\n|t:|1783541480\n|move|p1a: Regirock|Body Press|p2a: Hitmontop\n|-damage|p2a: Hitmontop|0 fnt\n|faint|p2a: Hitmontop\n|\n|-heal|p1a: Regirock|43/100|[from] item: Leftovers\n|upkeep\n|inactive|Time left: 300 sec this turn | 300 sec total | 5 sec grace\n|\n|t:|1783541480\n|switch|p2a: Malamar|Malamar, L82, M|275/275\n|-damage|p2a: Malamar|241/275|[from] Stealth Rock\n|turn|9\n|inactive|Time left: 300 sec this turn | 300 sec total\n|\n|t:|1783541481\n|move|p2a: Malamar|Superpower|p1a: Regirock\n|-supereffective|p1a: Regirock\n|-damage|p1a: Regirock|15/100\n|-boost|p2a: Malamar|atk|1\n|-boost|p2a: Malamar|def|1\n|move|p1a: Regirock|Body Press|p2a: Malamar\n|-damage|p2a: Malamar|173/275\n|\n|-heal|p1a: Regirock|21/100|[from] item: Leftovers\n|upkeep\n|turn|10\n|inactive|Time left: 300 sec this turn | 300 sec total\n|\n|t:|1783541482\n|switch|p1a: Illumise|Illumise, L91, F|100/100\n|move|p2a: Malamar|Superpower|p1a: Illumise\n|-resisted|p1a: Illumise\n|-damage|p1a: Illumise|78/100\n|-boost|p2a: Malamar|atk|1\n|-boost|p2a: Malamar|def|1\n|\n|upkeep\n|turn|11\n|inactive|Time left: 300 sec this turn | 300 sec total\n|\n|t:|1783541483\n|-terastallize|p2a: Malamar|Poison\n|move|p1a: Illumise|Bug Buzz|p2a: Malamar\n|-resisted|p2a: Malamar\n|-damage|p2a: Malamar|121/275\n|-boost|p2a: Malamar|spd|1\n|move|p2a: Malamar|Knock Off|p1a: Illumise\n|-crit|p1a: Illumise\n|-damage|p1a: Illumise|0 fnt\n|-enditem|p1a: Illumise|Heavy-Duty Boots|[from] move: Knock Off|[of] p2a: Malamar\n|faint|p1a: Illumise\n|\n|upkeep\n|\n|t:|1783541485\n|switch|p1a: Darkrai|Darkrai, L77|100/100\n|turn|12\n|inactive|Time left: 300 sec this turn | 300 sec total\n|\n|t:|1783541486\n|move|p1a: Darkrai|Dark Pulse|p2a: Malamar\n|-damage|p2a: Malamar|20/275\n|-damage|p1a: Darkrai|91/100|[from] item: Life Orb\n|move|p2a: Malamar|Superpower|p1a: Darkrai\n|-supereffective|p1a: Darkrai\n|-damage|p1a: Darkrai|0 fnt\n|-boost|p2a: Malamar|atk|1\n|-boost|p2a: Malamar|def|1\n|faint|p1a: Darkrai\n|\n|upkeep\n|\n|t:|1783541487\n|switch|p1a: Palafin|Palafin, L77, F|100/100\n|turn|13\n|inactive|Time left: 300 sec this turn | 300 sec total\n|\n|t:|1783541488\n|move|p1a: Palafin|Flip Turn|p2a: Malamar\n|-crit|p2a: Malamar\n|-damage|p2a: Malamar|0 fnt\n|faint|p2a: Malamar\n|\n|t:|1783541489\n|detailschange|p1a: Palafin|Palafin-Hero, L77, F\n|switch|p1a: Grafaiai|Grafaiai, L86, F|100/100|[from] Flip Turn\n|\n|upkeep\n|inactive|Time left: 300 sec this turn | 300 sec total | 10 sec grace\n|\n|t:|1783541489\n|switch|p2a: Politoed|Politoed, L88, F|229/302\n|-damage|p2a: Politoed|192/302|[from] Stealth Rock\n|-weather|RainDance|[from] ability: Drizzle|[of] p2a: Politoed\n|turn|14\n|inactive|Time left: 300 sec this turn | 300 sec total\n|\n|t:|1783541490\n|move|p1a: Grafaiai|Parting Shot|p2a: Politoed\n|-unboost|p2a: Politoed|atk|1\n|-unboost|p2a: Politoed|spa|1\n|\n|t:|1783541491\n|switch|p1a: Palafin|Palafin-Hero, L77, F|100/100|[from] Parting Shot\n|-activate|p1a: Palafin|ability: Zero to Hero\n|move|p2a: Politoed|Hydro Pump|p1a: Palafin\n|-resisted|p1a: Palafin\n|-damage|p1a: Palafin|77/100\n|\n|-weather|RainDance|[upkeep]\n|-heal|p2a: Politoed|210/302|[from] item: Leftovers\n|upkeep\n|turn|15\n|inactive|Time left: 300 sec this turn | 300 sec total\n|\n|t:|1783541492\n|move|p1a: Palafin|Wave Crash|p2a: Politoed\n|-resisted|p2a: Politoed\n|-damage|p2a: Politoed|26/302\n|-damage|p1a: Palafin|55/100|[from] Recoil\n|move|p2a: Politoed|Hypnosis|p1a: Palafin\n|-status|p1a: Palafin|slp|[from] move: Hypnosis\n|\n|-weather|RainDance|[upkeep]\n|-heal|p2a: Politoed|44/302|[from] item: Leftovers\n|upkeep\n|turn|16\n|inactive|Time left: 300 sec this turn | 300 sec total\n|\n|t:|1783541493\n|switch|p2a: Grimmsnarl|Grimmsnarl, L83, M|293/293\n|-damage|p2a: Grimmsnarl|257/293|[from] Stealth Rock\n|cant|p1a: Palafin|slp\n|\n|-weather|RainDance|[upkeep]\n|upkeep\n|turn|17\n|inactive|Time left: 300 sec this turn | 300 sec total\n|\n|t:|1783541494\n|move|p2a: Grimmsnarl|Reflect|p2a: Grimmsnarl\n|-sidestart|p2: p0y164601e|Reflect\n|-curestatus|p1a: Palafin|slp|[msg]\n|move|p1a: Palafin|Wave Crash|p2a: Grimmsnarl\n|-damage|p2a: Grimmsnarl|37/293\n|-damage|p1a: Palafin|29/100|[from] Recoil\n|\n|-weather|RainDance|[upkeep]\n|upkeep\n|turn|18\n|inactive|Time left: 300 sec this turn | 300 sec total\n|\n|t:|1783541495\n|move|p2a: Grimmsnarl|Light Screen|p2a: Grimmsnarl\n|-sidestart|p2: p0y164601e|move: Light Screen\n|move|p1a: Palafin|Wave Crash|p2a: Grimmsnarl\n|-damage|p2a: Grimmsnarl|0 fnt\n|faint|p2a: Grimmsnarl\n|-damage|p1a: Palafin|25/100|[from] Recoil\n|\n|-weather|none\n|upkeep\n|inactive|Time left: 300 sec this turn | 300 sec total | 5 sec grace\n|\n|t:|1783541496\n|switch|p2a: Flutter Mane|Flutter Mane, L74|203/203\n|-damage|p2a: Flutter Mane|178/203|[from] Stealth Rock\n|turn|19\n|inactive|Time left: 300 sec this turn | 300 sec total\n|\n|t:|1783541497\n|switch|p1a: Blissey|Blissey, L85, F|90/100\n|move|p2a: Flutter Mane|Psyshock|p1a: Blissey\n|-damage|p1a: Blissey|44/100\n|\n|-heal|p1a: Blissey|50/100|[from] item: Leftovers\n|upkeep\n|turn|20\n|inactive|Time left: 300 sec this turn | 300 sec total\n|\n|t:|1783541498\n|move|p2a: Flutter Mane|Psyshock|p1a: Blissey\n|-damage|p1a: Blissey|2/100\n|move|p1a: Blissey|Thunder Wave|p2a: Flutter Mane\n|-status|p2a: Flutter Mane|par\n|\n|-heal|p1a: Blissey|8/100|[from] item: Leftovers\n|upkeep\n|turn|21\n|inactive|Time left: 300 sec this turn | 300 sec total\n|\n|t:|1783541499\n|move|p1a: Blissey|Soft-Boiled|p1a: Blissey\n|-heal|p1a: Blissey|58/100\n|move|p2a: Flutter Mane|Psyshock|p1a: Blissey\n|-damage|p1a: Blissey|17/100\n|\n|-heal|p1a: Blissey|23/100|[from] item: Leftovers\n|upkeep\n|turn|22\n|inactive|Time left: 300 sec this turn | 300 sec total\n|\n|t:|1783541500\n|move|p1a: Blissey|Soft-Boiled|p1a: Blissey\n|-heal|p1a: Blissey|73/100\n|cant|p2a: Flutter Mane|par\n|\n|-heal|p1a: Blissey|79/100|[from] item: Leftovers\n|upkeep\n|turn|23\n|inactive|Time left: 300 sec this turn | 300 sec total\n|\n|t:|1783541501\n|switch|p1a: Regirock|Regirock, L83|21/100\n|cant|p2a: Flutter Mane|par\n|\n|-heal|p1a: Regirock|27/100|[from] item: Leftovers\n|upkeep\n|turn|24\n|inactive|Time left: 300 sec this turn | 300 sec total\n|\n|t:|1783541502\n|move|p1a: Regirock|Stone Edge|p2a: Flutter Mane\n|-crit|p2a: Flutter Mane\n|-damage|p2a: Flutter Mane|0 fnt\n|faint|p2a: Flutter Mane\n|-end|p2a: Flutter Mane|Protosynthesis|[silent]\n|\n|-heal|p1a: Regirock|33/100|[from] item: Leftovers\n|-sideend|p2: p0y164601e|Reflect\n|upkeep\n|inactive|Time left: 300 sec this turn | 300 sec total | 5 sec grace\n|\n|t:|1783541503\n|switch|p2a: Politoed|Politoed, L88, F|44/302\n|-damage|p2a: Politoed|7/302|[from] Stealth Rock\n|-weather|RainDance|[from] ability: Drizzle|[of] p2a: Politoed\n|turn|25\n|inactive|Time left: 300 sec this turn | 300 sec total\n|\n|t:|1783541504\n|switch|p1a: Blissey|Blissey, L85, F|79/100\n|move|p2a: Politoed|Hypnosis|p1a: Blissey\n|-status|p1a: Blissey|slp|[from] move: Hypnosis\n|\n|-weather|RainDance|[upkeep]\n|-heal|p2a: Politoed|25/302|[from] item: Leftovers\n|-heal|p1a: Blissey|85/100 slp|[from] item: Leftovers\n|-sideend|p2: p0y164601e|move: Light Screen\n|upkeep\n|turn|26\n|inactive|Time left: 300 sec this turn | 300 sec total\n|\n|t:|1783541504\n|-curestatus|p1a: Blissey|slp|[from] ability: Natural Cure|[silent]\n|switch|p1a: Palafin|Palafin-Hero, L77, F|25/100\n|move|p2a: Politoed|Hydro Pump|p1a: Palafin\n|-resisted|p1a: Palafin\n|-damage|p1a: Palafin|0 fnt\n|faint|p1a: Palafin\n|\n|-weather|RainDance|[upkeep]\n|-heal|p2a: Politoed|43/302|[from] item: Leftovers\n|upkeep\n|\n|t:|1783541505\n|switch|p1a: Grafaiai|Grafaiai, L86, F|100/100\n|turn|27\n|inactive|Time left: 300 sec this turn | 300 sec total\n|\n|t:|1783541506\n|move|p1a: Grafaiai|Knock Off|p2a: Politoed\n|-damage|p2a: Politoed|0 fnt\n|-enditem|p2a: Politoed|Leftovers|[from] move: Knock Off|[of] p1a: Grafaiai\n|faint|p2a: Politoed\n|\n|-weather|RainDance|[upkeep]\n|upkeep\n|inactive|Time left: 300 sec this turn | 300 sec total | 5 sec grace\n|\n|t:|1783541506\n|switch|p2a: Oricorio|Oricorio, L84, F|263/263\n|turn|28\n|inactive|Time left: 300 sec this turn | 300 sec total\n|\n|t:|1783541507\n|-terastallize|p1a: Grafaiai|Dark\n|move|p1a: Grafaiai|Parting Shot|p2a: Oricorio\n|-unboost|p2a: Oricorio|atk|1\n|-unboost|p2a: Oricorio|spa|1\n|\n|t:|1783541508\n|switch|p1a: Regirock|Regirock, L83|33/100|[from] Parting Shot\n|move|p2a: Oricorio|Hurricane|p1a: Regirock\n|-resisted|p1a: Regirock\n|-damage|p1a: Regirock|20/100\n|\n|-weather|RainDance|[upkeep]\n|-heal|p1a: Regirock|26/100|[from] item: Leftovers\n|upkeep\n|turn|29\n|inactive|Time left: 300 sec this turn | 300 sec total\n|\n|t:|1783541508\n|move|p2a: Oricorio|Hurricane|p1a: Regirock\n|-resisted|p1a: Regirock\n|-damage|p1a: Regirock|14/100\n|move|p1a: Regirock|Stone Edge|p2a: Oricorio|[miss]\n|-miss|p1a: Regirock|p2a: Oricorio\n|\n|-weather|none\n|-heal|p1a: Regirock|20/100|[from] item: Leftovers\n|upkeep\n|turn|30\n|inactive|Time left: 300 sec this turn | 300 sec total\n|\n|t:|1783541509\n|move|p2a: Oricorio|Hurricane|p1a: Regirock|[miss]\n|-miss|p2a: Oricorio|p1a: Regirock\n|move|p1a: Regirock|Stone Edge|p2a: Oricorio\n|-supereffective|p2a: Oricorio\n|-damage|p2a: Oricorio|0 fnt\n|faint|p2a: Oricorio\n|\n|win|p0x1644965", "uploadtime": 1783541509, "views": 0, "rating": 0, "private": 0, "password": null, "_winner": "p0x1644965", "_our_name": "p0y164601e"}