{"id": "battle-gen9randombattle-2704", "formatid": "gen9randombattle", "format": "[Gen 9] Random Battle", "players": ["p0x2704360d", "p0y2704e09b"], "log": "|init|battle\n|title|p0x2704360d vs. p0y2704e09b\n|j|\u2606p0x2704360d\n|j|\u2606p0y2704e09b\n|t:|1783571167\n|gametype|singles\n|player|p1|p0x2704360d|101|\n|player|p2|p0y2704e09b|1|\n|gen|9\n|tier|[Gen 9] Random Battle\n|rule|Species Clause: Limit one of each Pok\u00e9mon\n|rule|HP Percentage Mod: HP is shown in percentages\n|rule|Sleep Clause Mod: Limit one foe put to sleep\n|rule|Illusion Level Mod: Illusion disguises the Pok\u00e9mon's true level\n|\n|t:|1783571167\n|teamsize|p1|6\n|teamsize|p2|6\n|start\n|switch|p1a: Bronzong|Bronzong, L88|100/100\n|switch|p2a: Gliscor|Gliscor, L76, M|239/239\n|turn|1\n|inactive|Battle timer is ON: inactive players will automatically lose when time's up. (requested by p0y2704e09b)\n|inactive|p0x2704360d also wants the timer to be on.\n|\n|t:|1783571169\n|move|p2a: Gliscor|Knock Off|p1a: Bronzong\n|-supereffective|p1a: Bronzong\n|-damage|p1a: Bronzong|68/100\n|-enditem|p1a: Bronzong|Leftovers|[from] move: Knock Off|[of] p2a: Gliscor\n|move|p1a: Bronzong|Stealth Rock|p2a: Gliscor\n|-sidestart|p2: p0y2704e09b|move: Stealth Rock\n|\n|-status|p2a: Gliscor|tox|[from] item: Toxic Orb\n|upkeep\n|turn|2\n|inactive|Time left: 300 sec this turn | 300 sec total\n|\n|t:|1783571170\n|move|p2a: Gliscor|Knock Off|p1a: Bronzong\n|-supereffective|p1a: Bronzong\n|-damage|p1a: Bronzong|45/100\n|move|p1a: Bronzong|Psychic Noise|p2a: Gliscor\n|-damage|p2a: Gliscor|137/239 tox\n|-start|p2a: Gliscor|move: Heal Block\n|\n|upkeep\n|turn|3\n|inactive|Time left: 300 sec this turn | 300 sec total\n|\n|t:|1783571171\n|move|p2a: Gliscor|Knock Off|p1a: Bronzong\n|-supereffective|p1a: Bronzong\n|-damage|p1a: Bronzong|21/100\n|move|p1a: Bronzong|Psychic Noise|p2a: Gliscor\n|-damage|p2a: Gliscor|37/239 tox\n|\n|-end|p2a: Gliscor|move: Heal Block\n|upkeep\n|turn|4\n|inactive|Time left: 300 sec this turn | 300 sec total\n|\n|t:|1783571172\n|move|p2a: Gliscor|Knock Off|p1a: Bronzong\n|-supereffective|p1a: Bronzong\n|-damage|p1a: Bronzong|0 fnt\n|faint|p1a: Bronzong\n|\n|-heal|p2a: Gliscor|66/239 tox|[from] ability: Poison Heal\n|upkeep\n|\n|t:|1783571173\n|switch|p1a: Arceus|Arceus-Dragon, L71|100/100\n|turn|5\n|inactive|Time left: 300 sec this turn | 300 sec total\n|\n|t:|1783571174\n|move|p2a: Gliscor|Protect|p2a: Gliscor\n|-singleturn|p2a: Gliscor|Protect\n|move|p1a: Arceus|Outrage|p2a: Gliscor\n|-activate|p2a: Gliscor|move: Protect\n|\n|-heal|p2a: Gliscor|95/239 tox|[from] ability: Poison Heal\n|upkeep\n|turn|6\n|inactive|Time left: 300 sec this turn | 300 sec total\n|\n|t:|1783571175\n|move|p2a: Gliscor|Protect||[still]\n|-fail|p2a: Gliscor\n|move|p1a: Arceus|Outrage|p2a: Gliscor\n|-damage|p2a: Gliscor|0 fnt\n|faint|p2a: Gliscor\n|\n|upkeep\n|inactive|Time left: 300 sec this turn | 300 sec total | 5 sec grace\n|\n|t:|1783571176\n|switch|p2a: Mamoswine|Mamoswine, L81, M|311/311\n|-damage|p2a: Mamoswine|273/311|[from] Stealth Rock\n|turn|7\n|inactive|Time left: 300 sec this turn | 300 sec total\n|\n|t:|1783571177\n|move|p1a: Arceus|Outrage|p2a: Mamoswine|[from] lockedmove\n|-damage|p2a: Mamoswine|122/311\n|move|p2a: Mamoswine|Icicle Crash|p1a: Arceus\n|-supereffective|p1a: Arceus\n|-damage|p1a: Arceus|0 fnt\n|faint|p1a: Arceus\n|\n|upkeep\n|\n|t:|1783571178\n|switch|p1a: Ceruledge|Ceruledge, L78, M|100/100\n|turn|8\n|inactive|Time left: 300 sec this turn | 300 sec total\n|\n|t:|1783571179\n|move|p1a: Ceruledge|Swords Dance|p1a: Ceruledge\n|-boost|p1a: Ceruledge|atk|2\n|move|p2a: Mamoswine|Icicle Crash|p1a: Ceruledge\n|-resisted|p1a: Ceruledge\n|-damage|p1a: Ceruledge|66/100\n|-ability|p1a: Ceruledge|Weak Armor|boost\n|-unboost|p1a: Ceruledge|def|1\n|-boost|p1a: Ceruledge|spe|2\n|\n|upkeep\n|turn|9\n|inactive|Time left: 300 sec this turn | 300 sec total\n|\n|t:|1783571180\n|move|p1a: Ceruledge|Bitter Blade|p2a: Mamoswine\n|-supereffective|p2a: Mamoswine\n|-damage|p2a: Mamoswine|0 fnt\n|-heal|p1a: Ceruledge|91/100|[from] drain|[of] p2a: Mamoswine\n|faint|p2a: Mamoswine\n|\n|upkeep\n|inactive|Time left: 300 sec this turn | 300 sec total | 5 sec grace\n|\n|t:|1783571181\n|switch|p2a: Volcanion|Volcanion, L79|255/255\n|-damage|p2a: Volcanion|192/255|[from] Stealth Rock\n|turn|10\n|inactive|Time left: 300 sec this turn | 300 sec total\n|\n|t:|1783571182\n|switch|p2a: Terapagos|Terapagos, L77, F|265/265\n|-activate|p2a: Terapagos|ability: Tera Shift\n|detailschange|p2a: Terapagos|Terapagos-Terastal, L77, F\n|-heal|p2a: Terapagos|273/273|[silent]\n|-damage|p2a: Terapagos|239/273|[from] Stealth Rock\n|move|p1a: Ceruledge|Poltergeist|p2a: Terapagos\n|-immune|p2a: Terapagos\n|\n|upkeep\n|turn|11\n|inactive|Time left: 300 sec this turn | 300 sec total\n|\n|t:|1783571182\n|move|p1a: Ceruledge|Close Combat|p2a: Terapagos\n|-supereffective|p2a: Terapagos\n|-damage|p2a: Terapagos|0 fnt\n|-unboost|p1a: Ceruledge|def|1\n|-unboost|p1a: Ceruledge|spd|1\n|faint|p2a: Terapagos\n|\n|upkeep\n|inactive|Time left: 300 sec this turn | 300 sec total | 5 sec grace\n|\n|t:|1783571183\n|switch|p2a: Baxcalibur|Baxcalibur, L75, F|295/295\n|-damage|p2a: Baxcalibur|222/295|[from] Stealth Rock\n|turn|12\n|inactive|Time left: 300 sec this turn | 300 sec total\n|\n|t:|1783571184\n|move|p1a: Ceruledge|Poltergeist|p2a: Baxcalibur\n|-activate|p2a: Baxcalibur|move: Poltergeist|Choice Band\n|-damage|p2a: Baxcalibur|0 fnt\n|faint|p2a: Baxcalibur\n|\n|upkeep\n|inactive|Time left: 300 sec this turn | 300 sec total | 5 sec grace\n|\n|t:|1783571185\n|switch|p2a: Volcanion|Volcanion, L79|192/255\n|-damage|p2a: Volcanion|129/255|[from] Stealth Rock\n|turn|13\n|inactive|Time left: 300 sec this turn | 300 sec total\n|\n|t:|1783571186\n|switch|p2a: Drifblim|Drifblim, L86, F|396/396\n|-damage|p2a: Drifblim|297/396|[from] Stealth Rock\n|-terastallize|p1a: Ceruledge|Fighting\n|move|p1a: Ceruledge|Close Combat|p2a: Drifblim\n|-immune|p2a: Drifblim\n|\n|upkeep\n|turn|14\n|inactive|Time left: 300 sec this turn | 300 sec total\n|\n|t:|1783571187\n|switch|p2a: Volcanion|Volcanion, L79|129/255\n|-damage|p2a: Volcanion|66/255|[from] Stealth Rock\n|move|p1a: Ceruledge|Poltergeist|p2a: Volcanion\n|-activate|p2a: Volcanion|move: Poltergeist|Assault Vest\n|-damage|p2a: Volcanion|0 fnt\n|faint|p2a: Volcanion\n|\n|upkeep\n|inactive|Time left: 300 sec this turn | 300 sec total | 5 sec grace\n|\n|t:|1783571187\n|switch|p2a: Drifblim|Drifblim, L86, F|297/396\n|-damage|p2a: Drifblim|198/396|[from] Stealth Rock\n|-enditem|p2a: Drifblim|Sitrus Berry|[eat]\n|-heal|p2a: Drifblim|297/396|[from] item: Sitrus Berry\n|turn|15\n|inactive|Time left: 300 sec this turn | 300 sec total\n|\n|t:|1783571189\n|move|p2a: Drifblim|Air Slash|p1a: Ceruledge\n|-supereffective|p1a: Ceruledge\n|-damage|p1a: Ceruledge|2/100\n|move|p1a: Ceruledge|Bitter Blade|p2a: Drifblim\n|-damage|p2a: Drifblim|0 fnt\n|-heal|p1a: Ceruledge|63/100|[from] drain|[of] p2a: Drifblim\n|faint|p2a: Drifblim\n|\n|win|p0x2704360d", "uploadtime": 1783571189, "views": 0, "rating": 0, "private": 0, "password": null, "_winner": "p0x2704360d", "_our_name": "p0y2704e09b"}