{"id": "battle-gen9randombattle-409", "formatid": "gen9randombattle", "format": "[Gen 9] Random Battle", "players": ["p0x4091282", "p0y40962e1"], "log": "|init|battle\n|title|p0x4091282 vs. p0y40962e1\n|j|\u2606p0x4091282\n|j|\u2606p0y40962e1\n|t:|1783544465\n|gametype|singles\n|player|p1|p0x4091282|170|\n|player|p2|p0y40962e1|101|\n|gen|9\n|tier|[Gen 9] Random Battle\n|rule|Species Clause: Limit one of each Pok\u00e9mon\n|rule|HP Percentage Mod: HP is shown in percentages\n|rule|Sleep Clause Mod: Limit one foe put to sleep\n|rule|Illusion Level Mod: Illusion disguises the Pok\u00e9mon's true level\n|\n|t:|1783544465\n|teamsize|p1|6\n|teamsize|p2|6\n|start\n|switch|p1a: Scream Tail|Scream Tail, L84|330/330\n|switch|p2a: Ribombee|Ribombee, L83, F|100/100\n|turn|1\n|inactive|Battle timer is ON: inactive players will automatically lose when time's up. (requested by p0y40962e1)\n|inactive|Time left: 300 sec this turn | 300 sec total | 60 sec grace\n|inactive|p0x4091282 also wants the timer to be on.\n|\n|t:|1783544467\n|move|p2a: Ribombee|Quiver Dance|p2a: Ribombee\n|-boost|p2a: Ribombee|spa|1\n|-boost|p2a: Ribombee|spd|1\n|-boost|p2a: Ribombee|spe|1\n|move|p1a: Scream Tail|Dazzling Gleam|p2a: Ribombee\n|-damage|p2a: Ribombee|81/100\n|\n|upkeep\n|turn|2\n|inactive|Time left: 300 sec this turn | 300 sec total\n|\n|t:|1783544468\n|-end|p1a: Scream Tail|Protosynthesis|[silent]\n|switch|p1a: Dialga|Dialga, L73|266/266\n|-ability|p1a: Dialga|Pressure\n|move|p2a: Ribombee|Quiver Dance|p2a: Ribombee\n|-boost|p2a: Ribombee|spa|1\n|-boost|p2a: Ribombee|spd|1\n|-boost|p2a: Ribombee|spe|1\n|\n|upkeep\n|turn|3\n|inactive|Time left: 300 sec this turn | 300 sec total\n|\n|t:|1783544469\n|-terastallize|p2a: Ribombee|Ground\n|move|p2a: Ribombee|Tera Blast|p1a: Dialga|[anim] Tera Blast Ground\n|-supereffective|p1a: Dialga\n|-damage|p1a: Dialga|48/266\n|move|p1a: Dialga|Heavy Slam|p2a: Ribombee\n|-damage|p2a: Ribombee|18/100\n|\n|upkeep\n|turn|4\n|inactive|Time left: 300 sec this turn | 300 sec total\n|\n|t:|1783544470\n|move|p2a: Ribombee|Moonblast|p1a: Dialga\n|-damage|p1a: Dialga|0 fnt\n|faint|p1a: Dialga\n|\n|upkeep\n|inactive|Time left: 300 sec this turn | 300 sec total | 5 sec grace\n|\n|t:|1783544471\n|switch|p1a: Lokix|Lokix, L82, M|251/251\n|turn|5\n|inactive|Time left: 300 sec this turn | 300 sec total\n|\n|t:|1783544472\n|move|p1a: Lokix|First Impression|p2a: Ribombee\n|-damage|p2a: Ribombee|0 fnt\n|faint|p2a: Ribombee\n|\n|upkeep\n|\n|t:|1783544473\n|switch|p2a: Iron Thorns|Iron Thorns, L83|100/100\n|-enditem|p2a: Iron Thorns|Booster Energy\n|-activate|p2a: Iron Thorns|ability: Quark Drive|[fromitem]\n|-start|p2a: Iron Thorns|quarkdriveatk\n|turn|6\n|inactive|Time left: 300 sec this turn | 300 sec total\n|\n|t:|1783544473\n|move|p1a: Lokix|U-turn|p2a: Iron Thorns\n|-damage|p2a: Iron Thorns|75/100\n|inactive|Time left: 300 sec this turn | 300 sec total | 5 sec grace\n|\n|t:|1783544474\n|switch|p1a: Avalugg|Avalugg, L88, M|310/310|[from] U-turn\n|move|p2a: Iron Thorns|Dragon Dance|p2a: Iron Thorns\n|-boost|p2a: Iron Thorns|atk|1\n|-boost|p2a: Iron Thorns|spe|1\n|\n|upkeep\n|turn|7\n|inactive|Time left: 300 sec this turn | 300 sec total\n|\n|t:|1783544475\n|-terastallize|p1a: Avalugg|Fighting\n|move|p2a: Iron Thorns|Stone Edge|p1a: Avalugg\n|-resisted|p1a: Avalugg\n|-damage|p1a: Avalugg|237/310\n|move|p1a: Avalugg|Body Press|p2a: Iron Thorns\n|-supereffective|p2a: Iron Thorns\n|-damage|p2a: Iron Thorns|0 fnt\n|faint|p2a: Iron Thorns\n|-end|p2a: Iron Thorns|Quark Drive|[silent]\n|\n|upkeep\n|\n|t:|1783544476\n|switch|p2a: Gengar|Gengar, L81, M|100/100\n|turn|8\n|inactive|Time left: 300 sec this turn | 300 sec total\n|\n|t:|1783544477\n|move|p2a: Gengar|Will-O-Wisp|p1a: Avalugg\n|-status|p1a: Avalugg|brn\n|move|p1a: Avalugg|Avalanche|p2a: Gengar\n|-damage|p2a: Gengar|77/100\n|-start|p1a: Avalugg|Disable|Avalanche|[from] ability: Cursed Body|[of] p2a: Gengar\n|\n|-damage|p1a: Avalugg|218/310 brn|[from] brn\n|upkeep\n|turn|9\n|inactive|Time left: 300 sec this turn | 300 sec total\n|\n|t:|1783544479\n|switch|p1a: Indeedee|Indeedee-F, L90, F|272/272\n|-fieldstart|move: Psychic Terrain|[from] ability: Psychic Surge|[of] p1a: Indeedee\n|move|p2a: Gengar|Sludge Wave|p1a: Indeedee\n|-damage|p1a: Indeedee|150/272\n|-status|p1a: Indeedee|psn\n|-damage|p2a: Gengar|67/100|[from] item: Life Orb\n|\n|-damage|p1a: Indeedee|116/272 psn|[from] psn\n|upkeep\n|turn|10\n|inactive|Time left: 300 sec this turn | 300 sec total\n|\n|t:|1783544480\n|switch|p1a: Avalugg|Avalugg, L88, M, tera:Fighting|218/310 brn\n|move|p2a: Gengar|Sludge Wave|p1a: Avalugg\n|-damage|p1a: Avalugg|0 fnt\n|faint|p1a: Avalugg\n|-damage|p2a: Gengar|57/100|[from] item: Life Orb\n|\n|upkeep\n|inactive|Time left: 300 sec this turn | 300 sec total | 5 sec grace\n|\n|t:|1783544481\n|switch|p1a: Lokix|Lokix, L82, M|251/251\n|turn|11\n|inactive|Time left: 300 sec this turn | 300 sec total\n|\n|t:|1783544482\n|move|p2a: Gengar|Sludge Wave|p1a: Lokix\n|-damage|p1a: Lokix|29/251\n|-damage|p2a: Gengar|47/100|[from] item: Life Orb\n|move|p1a: Lokix|Knock Off|p2a: Gengar\n|-supereffective|p2a: Gengar\n|-damage|p2a: Gengar|0 fnt\n|-start|p1a: Lokix|Disable|Knock Off|[from] ability: Cursed Body|[of] p2a: Gengar\n|-enditem|p2a: Gengar|Life Orb|[from] move: Knock Off|[of] p1a: Lokix\n|faint|p2a: Gengar\n|\n|upkeep\n|\n|t:|1783544483\n|switch|p2a: Lilligant|Lilligant-Hisui, L79, F|100/100\n|turn|12\n|inactive|Time left: 300 sec this turn | 300 sec total\n|\n|t:|1783544484\n|move|p2a: Lilligant|Victory Dance|p2a: Lilligant\n|-boost|p2a: Lilligant|atk|1\n|-boost|p2a: Lilligant|def|1\n|-boost|p2a: Lilligant|spe|1\n|move|p1a: Lokix|U-turn|p2a: Lilligant\n|-damage|p2a: Lilligant|69/100\n|inactive|Time left: 300 sec this turn | 300 sec total | 5 sec grace\n|\n|t:|1783544485\n|switch|p1a: Scream Tail|Scream Tail, L84|330/330|[from] U-turn\n|\n|upkeep\n|turn|13\n|inactive|Time left: 300 sec this turn | 300 sec total\n|\n|t:|1783544486\n|move|p2a: Lilligant|Sleep Powder|p1a: Scream Tail\n|-status|p1a: Scream Tail|slp|[from] move: Sleep Powder\n|cant|p1a: Scream Tail|slp\n|\n|-fieldend|move: Psychic Terrain\n|upkeep\n|turn|14\n|inactive|Time left: 300 sec this turn | 300 sec total\n|\n|t:|1783544488\n|move|p2a: Lilligant|Victory Dance|p2a: Lilligant\n|-boost|p2a: Lilligant|atk|1\n|-boost|p2a: Lilligant|def|1\n|-boost|p2a: Lilligant|spe|1\n|cant|p1a: Scream Tail|slp\n|\n|upkeep\n|turn|15\n|inactive|Time left: 300 sec this turn | 300 sec total\n|\n|t:|1783544489\n|move|p2a: Lilligant|Leaf Blade|p1a: Scream Tail|[miss]\n|-miss|p2a: Lilligant|p1a: Scream Tail\n|-curestatus|p1a: Scream Tail|slp|[msg]\n|move|p1a: Scream Tail|Dazzling Gleam|p2a: Lilligant\n|-supereffective|p2a: Lilligant\n|-damage|p2a: Lilligant|7/100\n|\n|upkeep\n|turn|16\n|inactive|Time left: 300 sec this turn | 300 sec total\n|\n|t:|1783544490\n|move|p2a: Lilligant|Sleep Powder|p1a: Scream Tail|[miss]\n|-miss|p2a: Lilligant|p1a: Scream Tail\n|move|p1a: Scream Tail|Dazzling Gleam|p2a: Lilligant\n|-supereffective|p2a: Lilligant\n|-damage|p2a: Lilligant|0 fnt\n|faint|p2a: Lilligant\n|\n|upkeep\n|\n|t:|1783544491\n|switch|p2a: Sandaconda|Sandaconda, L84, F|100/100\n|turn|17\n|inactive|Time left: 300 sec this turn | 300 sec total\n|\n|t:|1783544492\n|-end|p1a: Scream Tail|Protosynthesis|[silent]\n|switch|p1a: Serperior|Serperior, L79, M|248/248\n|move|p2a: Sandaconda|Coil|p2a: Sandaconda\n|-boost|p2a: Sandaconda|atk|1\n|-boost|p2a: Sandaconda|def|1\n|-boost|p2a: Sandaconda|accuracy|1\n|\n|upkeep\n|turn|18\n|inactive|Time left: 300 sec this turn | 300 sec total\n|\n|t:|1783544493\n|move|p1a: Serperior|Leaf Storm|p2a: Sandaconda\n|-supereffective|p2a: Sandaconda\n|-damage|p2a: Sandaconda|0 fnt\n|-boost|p1a: Serperior|spa|2\n|faint|p2a: Sandaconda\n|-damage|p1a: Serperior|224/248|[from] item: Life Orb\n|\n|upkeep\n|\n|t:|1783544494\n|switch|p2a: Lokix|Lokix, L82, F|100/100\n|turn|19\n|inactive|Time left: 300 sec this turn | 300 sec total\n|\n|t:|1783544495\n|move|p1a: Serperior|Dragon Pulse|p2a: Lokix\n|-damage|p2a: Lokix|31/100\n|-damage|p1a: Serperior|200/248|[from] item: Life Orb\n|move|p2a: Lokix|U-turn|p1a: Serperior\n|-supereffective|p1a: Serperior\n|-damage|p1a: Serperior|32/248\n|\n|upkeep\n|turn|20\n|inactive|Time left: 300 sec this turn | 300 sec total\n|\n|t:|1783544496\n|move|p2a: Lokix|Sucker Punch|p1a: Serperior\n|-damage|p1a: Serperior|0 fnt\n|faint|p1a: Serperior\n|\n|upkeep\n|inactive|Time left: 300 sec this turn | 300 sec total | 5 sec grace\n|\n|t:|1783544497\n|switch|p1a: Indeedee|Indeedee-F, L90, F|116/272 psn\n|-fieldstart|move: Psychic Terrain|[from] ability: Psychic Surge|[of] p1a: Indeedee\n|turn|21\n|inactive|Time left: 300 sec this turn | 300 sec total\n|\n|t:|1783544498\n|move|p1a: Indeedee|Dazzling Gleam|p2a: Lokix\n|-supereffective|p2a: Lokix\n|-damage|p2a: Lokix|0 fnt\n|faint|p2a: Lokix\n|\n|win|p0x4091282", "uploadtime": 1783544498, "views": 0, "rating": 0, "private": 0, "password": null, "_winner": "p0x4091282", "_our_name": "p0x4091282"}