{"id": "battle-gen9randombattle-1959", "formatid": "gen9randombattle", "format": "[Gen 9] Random Battle", "players": ["p0x19594cc1", "p0y19599da5"], "log": "|init|battle\n|title|p0x19594cc1 vs. p0y19599da5\n|j|\u2606p0x19594cc1\n|j|\u2606p0y19599da5\n|t:|1783562668\n|gametype|singles\n|player|p1|p0x19594cc1|265|\n|player|p2|p0y19599da5|1|\n|gen|9\n|tier|[Gen 9] Random Battle\n|rule|Species Clause: Limit one of each Pok\u00e9mon\n|rule|HP Percentage Mod: HP is shown in percentages\n|rule|Sleep Clause Mod: Limit one foe put to sleep\n|rule|Illusion Level Mod: Illusion disguises the Pok\u00e9mon's true level\n|\n|t:|1783562668\n|teamsize|p1|6\n|teamsize|p2|6\n|start\n|switch|p1a: Camerupt|Camerupt, L91, F|275/275\n|switch|p2a: Ursaring|Ursaring, L84, F|100/100\n|turn|1\n|inactive|Battle timer is ON: inactive players will automatically lose when time's up. (requested by p0y19599da5)\n|inactive|Time left: 300 sec this turn | 300 sec total | 60 sec grace\n|inactive|p0x19594cc1 also wants the timer to be on.\n|\n|t:|1783562669\n|move|p2a: Ursaring|Body Slam|p1a: Camerupt\n|-damage|p1a: Camerupt|154/275\n|move|p1a: Camerupt|Earthquake|p2a: Ursaring\n|-damage|p2a: Ursaring|69/100\n|\n|-heal|p1a: Camerupt|171/275|[from] item: Leftovers\n|upkeep\n|turn|2\n|inactive|Time left: 300 sec this turn | 300 sec total\n|\n|t:|1783562670\n|move|p2a: Ursaring|Body Slam|p1a: Camerupt\n|-damage|p1a: Camerupt|36/275\n|move|p1a: Camerupt|Stealth Rock|p2a: Ursaring\n|-sidestart|p2: p0y19599da5|move: Stealth Rock\n|\n|-heal|p1a: Camerupt|53/275|[from] item: Leftovers\n|upkeep\n|turn|3\n|inactive|Time left: 300 sec this turn | 300 sec total\n|\n|t:|1783562671\n|switch|p1a: Garchomp|Garchomp, L74, M|282/282\n|move|p2a: Ursaring|Body Slam|p1a: Garchomp\n|-damage|p1a: Garchomp|152/282\n|-damage|p2a: Ursaring|57/100|[from] ability: Rough Skin|[of] p1a: Garchomp\n|\n|upkeep\n|turn|4\n|inactive|Time left: 300 sec this turn | 300 sec total\n|\n|t:|1783562672\n|move|p1a: Garchomp|Swords Dance|p1a: Garchomp\n|-boost|p1a: Garchomp|atk|2\n|move|p2a: Ursaring|Body Slam|p1a: Garchomp\n|-damage|p1a: Garchomp|34/282\n|-damage|p2a: Ursaring|44/100|[from] ability: Rough Skin|[of] p1a: Garchomp\n|\n|upkeep\n|turn|5\n|inactive|Time left: 300 sec this turn | 300 sec total\n|\n|t:|1783562673\n|move|p1a: Garchomp|Scale Shot|p2a: Ursaring\n|-damage|p2a: Ursaring|31/100\n|-damage|p2a: Ursaring|17/100\n|-damage|p2a: Ursaring|2/100\n|-damage|p2a: Ursaring|0 fnt\n|faint|p2a: Ursaring\n|-hitcount|p2: Ursaring|4\n|-unboost|p1a: Garchomp|def|1\n|-boost|p1a: Garchomp|spe|1\n|\n|upkeep\n|\n|t:|1783562674\n|switch|p2a: Exeggutor|Exeggutor, L89, F|100/100\n|-damage|p2a: Exeggutor|88/100|[from] Stealth Rock\n|turn|6\n|inactive|Time left: 300 sec this turn | 300 sec total\n|\n|t:|1783562675\n|move|p1a: Garchomp|Scale Shot|p2a: Exeggutor\n|-damage|p2a: Exeggutor|73/100\n|-damage|p2a: Exeggutor|56/100\n|-damage|p2a: Exeggutor|41/100\n|-enditem|p2a: Exeggutor|Sitrus Berry|[eat]\n|-heal|p2a: Exeggutor|66/100|[from] item: Sitrus Berry\n|-damage|p2a: Exeggutor|50/100\n|-hitcount|p2a: Exeggutor|4\n|-unboost|p1a: Garchomp|def|1\n|-boost|p1a: Garchomp|spe|1\n|move|p2a: Exeggutor|Psychic Noise|p1a: Garchomp\n|-damage|p1a: Garchomp|0 fnt\n|faint|p1a: Garchomp\n|\n|-item|p2a: Exeggutor|Sitrus Berry|[from] ability: Harvest\n|upkeep\n|-enditem|p2a: Exeggutor|Sitrus Berry|[eat]\n|-heal|p2a: Exeggutor|75/100|[from] item: Sitrus Berry\n|inactive|Time left: 300 sec this turn | 300 sec total | 5 sec grace\n|\n|t:|1783562675\n|switch|p1a: Regidrago|Regidrago, L77|435/435\n|turn|7\n|inactive|Time left: 300 sec this turn | 300 sec total\n|\n|t:|1783562676\n|move|p1a: Regidrago|Dragon Energy|p2a: Exeggutor\n|-damage|p2a: Exeggutor|4/100\n|move|p2a: Exeggutor|Leech Seed|p1a: Regidrago\n|-start|p1a: Regidrago|move: Leech Seed\n|\n|-damage|p1a: Regidrago|381/435|[from] Leech Seed|[of] p2a: Exeggutor\n|-heal|p2a: Exeggutor|22/100|[silent]\n|-item|p2a: Exeggutor|Sitrus Berry|[from] ability: Harvest\n|upkeep\n|-enditem|p2a: Exeggutor|Sitrus Berry|[eat]\n|-heal|p2a: Exeggutor|47/100|[from] item: Sitrus Berry\n|turn|8\n|inactive|Time left: 300 sec this turn | 300 sec total\n|\n|t:|1783562677\n|switch|p2a: Alcremie|Alcremie, L90, F|100/100\n|-damage|p2a: Alcremie|88/100|[from] Stealth Rock\n|move|p1a: Regidrago|Dragon Energy|p2a: Alcremie\n|-immune|p2a: Alcremie\n|\n|-heal|p2a: Alcremie|94/100|[from] item: Leftovers\n|-damage|p1a: Regidrago|327/435|[from] Leech Seed|[of] p2a: Alcremie\n|-heal|p2a: Alcremie|100/100|[silent]\n|upkeep\n|turn|9\n|inactive|Time left: 300 sec this turn | 300 sec total\n|\n|t:|1783562678\n|switch|p1a: Emboar|Emboar, L84, M|322/322\n|move|p2a: Alcremie|Calm Mind|p2a: Alcremie\n|-boost|p2a: Alcremie|spa|1\n|-boost|p2a: Alcremie|spd|1\n|\n|upkeep\n|turn|10\n|inactive|Time left: 300 sec this turn | 300 sec total\n|\n|t:|1783562679\n|move|p2a: Alcremie|Alluring Voice|p1a: Emboar\n|-damage|p1a: Emboar|195/322\n|move|p1a: Emboar|Flare Blitz|p2a: Alcremie\n|-damage|p2a: Alcremie|32/100\n|-damage|p1a: Emboar|136/322|[from] Recoil\n|\n|-heal|p2a: Alcremie|38/100|[from] item: Leftovers\n|upkeep\n|turn|11\n|inactive|Time left: 300 sec this turn | 300 sec total\n|\n|t:|1783562680\n|move|p2a: Alcremie|Alluring Voice|p1a: Emboar\n|-damage|p1a: Emboar|6/322\n|move|p1a: Emboar|Flare Blitz|p2a: Alcremie\n|-damage|p2a: Alcremie|0 fnt\n|faint|p2a: Alcremie\n|-damage|p1a: Emboar|0 fnt|[from] Recoil\n|faint|p1a: Emboar\n|\n|upkeep\n|inactive|Time left: 300 sec this turn | 300 sec total | 5 sec grace\n|\n|t:|1783562681\n|switch|p2a: Garchomp|Garchomp, L74, F|100/100\n|switch|p1a: Regidrago|Regidrago, L77|327/435\n|-damage|p2a: Garchomp|94/100|[from] Stealth Rock\n|turn|12\n|inactive|Time left: 300 sec this turn | 300 sec total\n|\n|t:|1783562682\n|-terastallize|p2a: Garchomp|Fire\n|move|p1a: Regidrago|Draco Meteor|p2a: Garchomp\n|-damage|p2a: Garchomp|19/100\n|-unboost|p1a: Regidrago|spa|2\n|move|p2a: Garchomp|Scale Shot|p1a: Regidrago|[miss]\n|-miss|p2a: Garchomp|p1a: Regidrago\n|\n|upkeep\n|turn|13\n|inactive|Time left: 300 sec this turn | 300 sec total\n|\n|t:|1783562683\n|move|p1a: Regidrago|Draco Meteor|p2a: Garchomp\n|-damage|p2a: Garchomp|0 fnt\n|-unboost|p1a: Regidrago|spa|2\n|faint|p2a: Garchomp\n|\n|upkeep\n|\n|t:|1783562684\n|switch|p2a: Lanturn|Lanturn, L89, F|100/100\n|-damage|p2a: Lanturn|88/100|[from] Stealth Rock\n|turn|14\n|inactive|Time left: 300 sec this turn | 300 sec total\n|\n|t:|1783562685\n|switch|p1a: Plusle|Plusle, L95, F|268/268\n|move|p2a: Lanturn|Ice Beam|p1a: Plusle\n|-damage|p1a: Plusle|205/268\n|\n|-heal|p2a: Lanturn|94/100|[from] item: Leftovers\n|upkeep\n|turn|15\n|inactive|Time left: 300 sec this turn | 300 sec total\n|\n|t:|1783562686\n|move|p1a: Plusle|Nasty Plot|p1a: Plusle\n|-boost|p1a: Plusle|spa|2\n|move|p2a: Lanturn|Scald|p1a: Plusle\n|-damage|p1a: Plusle|118/268\n|\n|-heal|p2a: Lanturn|99/100|[from] item: Leftovers\n|upkeep\n|turn|16\n|inactive|Time left: 300 sec this turn | 300 sec total\n|\n|t:|1783562687\n|move|p1a: Plusle|Alluring Voice|p2a: Lanturn\n|-damage|p2a: Lanturn|53/100\n|-damage|p1a: Plusle|92/268|[from] item: Life Orb\n|move|p2a: Lanturn|Scald|p1a: Plusle\n|-damage|p1a: Plusle|5/268\n|\n|-heal|p2a: Lanturn|59/100|[from] item: Leftovers\n|upkeep\n|turn|17\n|inactive|Time left: 300 sec this turn | 300 sec total\n|\n|t:|1783562688\n|move|p1a: Plusle|Alluring Voice|p2a: Lanturn\n|-damage|p2a: Lanturn|14/100\n|-damage|p1a: Plusle|0 fnt|[from] item: Life Orb\n|faint|p1a: Plusle\n|move|p2a: Lanturn|Scald|p1: Plusle|[notarget]\n|-fail|p2a: Lanturn\n|\n|-heal|p2a: Lanturn|20/100|[from] item: Leftovers\n|upkeep\n|inactive|Time left: 300 sec this turn | 300 sec total | 5 sec grace\n|\n|t:|1783562689\n|switch|p1a: Regidrago|Regidrago, L77|327/435\n|turn|18\n|inactive|Time left: 300 sec this turn | 300 sec total\n|\n|t:|1783562690\n|move|p1a: Regidrago|Outrage|p2a: Lanturn\n|-damage|p2a: Lanturn|0 fnt\n|faint|p2a: Lanturn\n|\n|upkeep\n|\n|t:|1783562691\n|switch|p2a: Jolteon|Jolteon, L84, F|100/100\n|-damage|p2a: Jolteon|88/100|[from] Stealth Rock\n|turn|19\n|inactive|Time left: 300 sec this turn | 300 sec total\n|\n|t:|1783562692\n|move|p2a: Jolteon|Thunderbolt|p1a: Regidrago\n|-resisted|p1a: Regidrago\n|-damage|p1a: Regidrago|195/435\n|move|p1a: Regidrago|Outrage|p2a: Jolteon|[from] lockedmove\n|-damage|p2a: Jolteon|2/100\n|-start|p1a: Regidrago|confusion|[fatigue]\n|\n|upkeep\n|turn|20\n|inactive|Time left: 300 sec this turn | 300 sec total\n|\n|t:|1783562693\n|move|p2a: Jolteon|Thunderbolt|p1a: Regidrago\n|-resisted|p1a: Regidrago\n|-damage|p1a: Regidrago|70/435\n|-activate|p1a: Regidrago|confusion\n|move|p1a: Regidrago|Outrage|p2a: Jolteon\n|-crit|p2a: Jolteon\n|-damage|p2a: Jolteon|0 fnt\n|faint|p2a: Jolteon\n|\n|upkeep\n|\n|t:|1783562694\n|switch|p2a: Exeggutor|Exeggutor, L89, F|47/100\n|-damage|p2a: Exeggutor|34/100|[from] Stealth Rock\n|turn|21\n|inactive|Time left: 300 sec this turn | 300 sec total\n|\n|t:|1783562695\n|-activate|p1a: Regidrago|confusion\n|move|p1a: Regidrago|Outrage|p2a: Exeggutor|[from] lockedmove\n|-damage|p2a: Exeggutor|0 fnt\n|faint|p2a: Exeggutor\n|\n|win|p0x19594cc1", "uploadtime": 1783562695, "views": 0, "rating": 0, "private": 0, "password": null, "_winner": "p0x19594cc1", "_our_name": "p0x19594cc1"}