{"id": "battle-gen9randombattle-2469", "formatid": "gen9randombattle", "format": "[Gen 9] Random Battle", "players": ["p0x2469e1c9", "p0y2469d5fb"], "log": "|init|battle\n|title|p0x2469e1c9 vs. p0y2469d5fb\n|j|\u2606p0x2469e1c9\n|j|\u2606p0y2469d5fb\n|t:|1783568627\n|gametype|singles\n|player|p1|p0x2469e1c9|169|\n|player|p2|p0y2469d5fb|2|\n|gen|9\n|tier|[Gen 9] Random Battle\n|rule|Species Clause: Limit one of each Pok\u00e9mon\n|rule|HP Percentage Mod: HP is shown in percentages\n|rule|Sleep Clause Mod: Limit one foe put to sleep\n|rule|Illusion Level Mod: Illusion disguises the Pok\u00e9mon's true level\n|\n|t:|1783568627\n|teamsize|p1|6\n|teamsize|p2|6\n|start\n|switch|p1a: Great Tusk|Great Tusk, L77|304/304\n|switch|p2a: Ceruledge|Ceruledge, L78, M|100/100\n|turn|1\n|inactive|Battle timer is ON: inactive players will automatically lose when time's up. (requested by p0y2469d5fb)\n|inactive|Time left: 300 sec this turn | 300 sec total | 60 sec grace\n|\n|t:|1783568629\n|switch|p2a: Vikavolt|Vikavolt, L83, F|100/100\n|move|p1a: Great Tusk|Headlong Rush|p2a: Vikavolt\n|-immune|p2a: Vikavolt|[from] ability: Levitate\n|\n|upkeep\n|turn|2\n|inactive|Time left: 300 sec this turn | 300 sec total\n|inactive|p0x2469e1c9 also wants the timer to be on.\n|\n|t:|1783568630\n|move|p1a: Great Tusk|Rapid Spin|p2a: Vikavolt\n|-damage|p2a: Vikavolt|86/100\n|-boost|p1a: Great Tusk|spe|1\n|move|p2a: Vikavolt|Sticky Web|p1a: Great Tusk\n|-sidestart|p1: p0x2469e1c9|move: Sticky Web\n|\n|upkeep\n|turn|3\n|inactive|Time left: 300 sec this turn | 300 sec total\n|\n|t:|1783568631\n|switch|p2a: Ceruledge|Ceruledge, L78, M|100/100\n|move|p1a: Great Tusk|Rapid Spin|p2a: Ceruledge\n|-immune|p2a: Ceruledge\n|\n|upkeep\n|turn|4\n|inactive|Time left: 300 sec this turn | 300 sec total\n|\n|t:|1783568632\n|switch|p2a: Meganium|Meganium, L90, M|100/100\n|move|p1a: Great Tusk|Headlong Rush|p2a: Meganium\n|-resisted|p2a: Meganium\n|-damage|p2a: Meganium|80/100\n|-unboost|p1a: Great Tusk|def|1\n|-unboost|p1a: Great Tusk|spd|1\n|\n|-heal|p2a: Meganium|86/100|[from] item: Leftovers\n|upkeep\n|turn|5\n|inactive|Time left: 300 sec this turn | 300 sec total\n|\n|t:|1783568633\n|move|p1a: Great Tusk|Rapid Spin|p2a: Meganium\n|-damage|p2a: Meganium|74/100\n|-boost|p1a: Great Tusk|spe|1\n|-sideend|p1: p0x2469e1c9|Sticky Web|[from] move: Rapid Spin|[of] p1a: Great Tusk\n|move|p2a: Meganium|Petal Blizzard|p1a: Great Tusk\n|-supereffective|p1a: Great Tusk\n|-damage|p1a: Great Tusk|86/304\n|\n|-heal|p2a: Meganium|80/100|[from] item: Leftovers\n|upkeep\n|turn|6\n|inactive|Time left: 300 sec this turn | 300 sec total\n|\n|t:|1783568635\n|move|p1a: Great Tusk|Close Combat|p2a: Meganium\n|-damage|p2a: Meganium|39/100\n|-unboost|p1a: Great Tusk|def|1\n|-unboost|p1a: Great Tusk|spd|1\n|move|p2a: Meganium|Swords Dance|p2a: Meganium\n|-boost|p2a: Meganium|atk|2\n|\n|-heal|p2a: Meganium|45/100|[from] item: Leftovers\n|upkeep\n|turn|7\n|inactive|Time left: 300 sec this turn | 300 sec total\n|\n|t:|1783568636\n|move|p1a: Great Tusk|Close Combat|p2a: Meganium\n|-damage|p2a: Meganium|8/100\n|-unboost|p1a: Great Tusk|def|1\n|-unboost|p1a: Great Tusk|spd|1\n|move|p2a: Meganium|Petal Blizzard|p1a: Great Tusk\n|-supereffective|p1a: Great Tusk\n|-damage|p1a: Great Tusk|0 fnt\n|faint|p1a: Great Tusk\n|-end|p1a: Great Tusk|Protosynthesis|[silent]\n|\n|-heal|p2a: Meganium|14/100|[from] item: Leftovers\n|upkeep\n|inactive|Time left: 300 sec this turn | 300 sec total | 5 sec grace\n|\n|t:|1783568637\n|switch|p1a: Sneasler|Sneasler, L74, M|240/240\n|turn|8\n|inactive|Time left: 300 sec this turn | 300 sec total\n|\n|t:|1783568638\n|switch|p2a: Ceruledge|Ceruledge, L78, M|100/100\n|move|p1a: Sneasler|Throat Chop|p2a: Ceruledge\n|-supereffective|p2a: Ceruledge\n|-damage|p2a: Ceruledge|25/100\n|-start|p2a: Ceruledge|Throat Chop|[silent]\n|-ability|p2a: Ceruledge|Weak Armor|boost\n|-unboost|p2a: Ceruledge|def|1\n|-boost|p2a: Ceruledge|spe|2\n|\n|upkeep\n|turn|9\n|inactive|Time left: 300 sec this turn | 300 sec total\n|\n|t:|1783568639\n|move|p2a: Ceruledge|Bitter Blade|p1a: Sneasler\n|-damage|p1a: Sneasler|84/240\n|-heal|p2a: Ceruledge|57/100|[from] drain|[of] p1a: Sneasler\n|move|p1a: Sneasler|Throat Chop|p2a: Ceruledge\n|-supereffective|p2a: Ceruledge\n|-damage|p2a: Ceruledge|0 fnt\n|faint|p2a: Ceruledge\n|\n|upkeep\n|\n|t:|1783568640\n|switch|p2a: Crabominable|Crabominable, L90, F|100/100\n|turn|10\n|inactive|Time left: 300 sec this turn | 300 sec total\n|\n|t:|1783568641\n|move|p1a: Sneasler|Throat Chop|p2a: Crabominable\n|-resisted|p2a: Crabominable\n|-damage|p2a: Crabominable|87/100\n|-start|p2a: Crabominable|Throat Chop|[silent]\n|move|p2a: Crabominable|Drain Punch|p1a: Sneasler\n|-resisted|p1a: Sneasler\n|-damage|p1a: Sneasler|0 fnt\n|-heal|p2a: Crabominable|100/100|[from] drain|[of] p1a: Sneasler\n|faint|p1a: Sneasler\n|\n|upkeep\n|inactive|Time left: 300 sec this turn | 300 sec total | 5 sec grace\n|\n|t:|1783568642\n|switch|p1a: Froslass|Froslass, L87, F|263/263\n|turn|11\n|inactive|Time left: 300 sec this turn | 300 sec total\n|\n|t:|1783568643\n|move|p1a: Froslass|Will-O-Wisp|p2a: Crabominable\n|-status|p2a: Crabominable|brn\n|move|p2a: Crabominable|Knock Off|p1a: Froslass\n|-supereffective|p1a: Froslass\n|-damage|p1a: Froslass|152/263\n|-enditem|p1a: Froslass|Wide Lens|[from] move: Knock Off|[of] p2a: Crabominable\n|\n|-damage|p2a: Crabominable|94/100 brn|[from] brn\n|-end|p2a: Crabominable|Throat Chop|[silent]\n|upkeep\n|turn|12\n|inactive|Time left: 300 sec this turn | 300 sec total\n|\n|t:|1783568644\n|move|p1a: Froslass|Spikes|p2a: Crabominable\n|-sidestart|p2: p0y2469d5fb|Spikes\n|move|p2a: Crabominable|Knock Off|p1a: Froslass\n|-supereffective|p1a: Froslass\n|-damage|p1a: Froslass|76/263\n|\n|-damage|p2a: Crabominable|88/100 brn|[from] brn\n|upkeep\n|turn|13\n|inactive|Time left: 300 sec this turn | 300 sec total\n|\n|t:|1783568645\n|move|p1a: Froslass|Spikes|p2a: Crabominable\n|-sidestart|p2: p0y2469d5fb|Spikes\n|move|p2a: Crabominable|Knock Off|p1a: Froslass\n|-supereffective|p1a: Froslass\n|-damage|p1a: Froslass|3/263\n|-start|p2a: Crabominable|Disable|Knock Off|[from] ability: Cursed Body|[of] p1a: Froslass\n|\n|-damage|p2a: Crabominable|82/100 brn|[from] brn\n|upkeep\n|turn|14\n|inactive|Time left: 300 sec this turn | 300 sec total\n|\n|t:|1783568646\n|move|p1a: Froslass|Spikes|p2a: Crabominable\n|-sidestart|p2: p0y2469d5fb|Spikes\n|move|p2a: Crabominable|Earthquake|p1a: Froslass\n|-damage|p1a: Froslass|0 fnt\n|faint|p1a: Froslass\n|\n|-damage|p2a: Crabominable|76/100 brn|[from] brn\n|upkeep\n|inactive|Time left: 300 sec this turn | 300 sec total | 5 sec grace\n|\n|t:|1783568647\n|switch|p1a: Palossand|Palossand, L89, F|296/296\n|turn|15\n|inactive|Time left: 300 sec this turn | 300 sec total\n|\n|t:|1783568648\n|move|p2a: Crabominable|Drain Punch|p1a: Palossand\n|-immune|p1a: Palossand\n|move|p1a: Palossand|Stealth Rock|p2a: Crabominable\n|-sidestart|p2: p0y2469d5fb|move: Stealth Rock\n|\n|-damage|p2a: Crabominable|69/100 brn|[from] brn\n|upkeep\n|turn|16\n|inactive|Time left: 300 sec this turn | 300 sec total\n|\n|t:|1783568649\n|move|p2a: Crabominable|Ice Hammer|p1a: Palossand\n|-supereffective|p1a: Palossand\n|-damage|p1a: Palossand|145/296\n|-unboost|p2a: Crabominable|spe|1\n|move|p1a: Palossand|Shore Up|p1a: Palossand\n|-heal|p1a: Palossand|293/296\n|\n|-heal|p1a: Palossand|296/296|[from] item: Leftovers\n|-damage|p2a: Crabominable|63/100 brn|[from] brn\n|-end|p2a: Crabominable|Disable\n|upkeep\n|turn|17\n|inactive|Time left: 300 sec this turn | 300 sec total\n|\n|t:|1783568650\n|move|p1a: Palossand|Shadow Ball|p2a: Crabominable\n|-damage|p2a: Crabominable|42/100 brn\n|move|p2a: Crabominable|Knock Off|p1a: Palossand\n|-supereffective|p1a: Palossand\n|-damage|p1a: Palossand|213/296\n|-enditem|p1a: Palossand|Leftovers|[from] move: Knock Off|[of] p2a: Crabominable\n|\n|-damage|p2a: Crabominable|36/100 brn|[from] brn\n|upkeep\n|turn|18\n|inactive|Time left: 300 sec this turn | 300 sec total\n|\n|t:|1783568651\n|move|p1a: Palossand|Shore Up|p1a: Palossand\n|-heal|p1a: Palossand|296/296\n|move|p2a: Crabominable|Ice Hammer|p1a: Palossand\n|-supereffective|p1a: Palossand\n|-damage|p1a: Palossand|149/296\n|-unboost|p2a: Crabominable|spe|1\n|\n|-damage|p2a: Crabominable|30/100 brn|[from] brn\n|upkeep\n|turn|19\n|inactive|Time left: 300 sec this turn | 300 sec total\n|\n|t:|1783568652\n|move|p1a: Palossand|Shore Up|p1a: Palossand\n|-heal|p1a: Palossand|296/296\n|move|p2a: Crabominable|Ice Hammer|p1a: Palossand\n|-supereffective|p1a: Palossand\n|-damage|p1a: Palossand|151/296\n|-unboost|p2a: Crabominable|spe|1\n|\n|-damage|p2a: Crabominable|24/100 brn|[from] brn\n|upkeep\n|turn|20\n|inactive|Time left: 300 sec this turn | 300 sec total\n|\n|t:|1783568653\n|move|p1a: Palossand|Shore Up|p1a: Palossand\n|-heal|p1a: Palossand|296/296\n|move|p2a: Crabominable|Ice Hammer|p1a: Palossand\n|-supereffective|p1a: Palossand\n|-damage|p1a: Palossand|139/296\n|-unboost|p2a: Crabominable|spe|1\n|\n|-damage|p2a: Crabominable|17/100 brn|[from] brn\n|upkeep\n|turn|21\n|inactive|Time left: 300 sec this turn | 300 sec total\n|\n|t:|1783568654\n|switch|p2a: Vikavolt|Vikavolt, L83, F|86/100\n|move|p1a: Palossand|Shore Up|p1a: Palossand\n|-heal|p1a: Palossand|287/296\n|\n|upkeep\n|turn|22\n|inactive|Time left: 300 sec this turn | 300 sec total\n|\n|t:|1783568655\n|move|p2a: Vikavolt|Sticky Web|p1a: Palossand\n|-sidestart|p1: p0x2469e1c9|move: Sticky Web\n|move|p1a: Palossand|Shadow Ball|p2a: Vikavolt\n|-crit|p2a: Vikavolt\n|-damage|p2a: Vikavolt|20/100\n|\n|upkeep\n|turn|23\n|inactive|Time left: 300 sec this turn | 300 sec total\n|\n|t:|1783568656\n|switch|p2a: Crabominable|Crabominable, L90, F|17/100 brn\n|-damage|p2a: Crabominable|0 fnt|[from] Spikes\n|faint|p2a: Crabominable\n|move|p1a: Palossand|Shadow Ball|p2: Crabominable|[notarget]\n|-fail|p1a: Palossand\n|\n|upkeep\n|\n|t:|1783568657\n|switch|p2a: Luvdisc|Luvdisc, M|100/100\n|turn|24\n|inactive|Time left: 300 sec this turn | 300 sec total\n|\n|t:|1783568658\n|move|p2a: Luvdisc|Surf|p1a: Palossand\n|-supereffective|p1a: Palossand\n|-damage|p1a: Palossand|137/296\n|-ability|p1a: Palossand|Water Compaction|boost\n|-boost|p1a: Palossand|def|2\n|move|p1a: Palossand|Shadow Ball|p2a: Luvdisc\n|-damage|p2a: Luvdisc|58/100\n|\n|upkeep\n|turn|25\n|inactive|Time left: 300 sec this turn | 300 sec total\n|\n|t:|1783568659\n|move|p2a: Luvdisc|Surf|p1a: Palossand\n|-supereffective|p1a: Palossand\n|-damage|p1a: Palossand|0 fnt\n|faint|p1a: Palossand\n|\n|upkeep\n|inactive|Time left: 300 sec this turn | 300 sec total | 5 sec grace\n|\n|t:|1783568660\n|switch|p1a: Drednaw|Drednaw, L81, F|278/278\n|-activate|p1a: Drednaw|move: Sticky Web\n|-unboost|p1a: Drednaw|spe|1\n|-enditem|p1a: Drednaw|White Herb\n|-clearnegativeboost|p1a: Drednaw|[silent]\n|turn|26\n|inactive|Time left: 300 sec this turn | 300 sec total\n|\n|t:|1783568661\n|move|p2a: Luvdisc|Substitute|p2a: Luvdisc\n|-start|p2a: Luvdisc|Substitute\n|-damage|p2a: Luvdisc|33/100\n|move|p1a: Drednaw|Shell Smash|p1a: Drednaw\n|-unboost|p1a: Drednaw|def|1\n|-unboost|p1a: Drednaw|spd|1\n|-boost|p1a: Drednaw|atk|2\n|-boost|p1a: Drednaw|spa|2\n|-boost|p1a: Drednaw|spe|2\n|\n|upkeep\n|turn|27\n|inactive|Time left: 300 sec this turn | 300 sec total\n|\n|t:|1783568662\n|move|p1a: Drednaw|Liquidation|p2a: Luvdisc\n|-resisted|p2a: Luvdisc\n|-end|p2a: Luvdisc|Substitute\n|move|p2a: Luvdisc|Substitute|p2a: Luvdisc\n|-start|p2a: Luvdisc|Substitute\n|-damage|p2a: Luvdisc|8/100\n|\n|upkeep\n|turn|28\n|inactive|Time left: 300 sec this turn | 300 sec total\n|\n|t:|1783568663\n|move|p1a: Drednaw|Liquidation|p2a: Luvdisc\n|-resisted|p2a: Luvdisc\n|-end|p2a: Luvdisc|Substitute\n|move|p2a: Luvdisc|Endeavor|p1a: Drednaw\n|-damage|p1a: Drednaw|19/278\n|\n|upkeep\n|turn|29\n|inactive|Time left: 300 sec this turn | 300 sec total\n|\n|t:|1783568664\n|switch|p2a: Meganium|Meganium, L90, M|14/100\n|-damage|p2a: Meganium|0 fnt|[from] Spikes\n|faint|p2a: Meganium\n|move|p1a: Drednaw|Liquidation|p2: Meganium|[notarget]\n|-fail|p1a: Drednaw\n|\n|upkeep\n|\n|t:|1783568664\n|switch|p2a: Tauros|Tauros-Paldea-Blaze, L81, M|100/100\n|-damage|p2a: Tauros|75/100|[from] Spikes\n|-damage|p2a: Tauros|63/100|[from] Stealth Rock\n|turn|30\n|inactive|Time left: 300 sec this turn | 300 sec total\n|\n|t:|1783568665\n|-terastallize|p2a: Tauros|Water\n|move|p1a: Drednaw|Stone Edge|p2a: Tauros\n|-damage|p2a: Tauros|0 fnt\n|faint|p2a: Tauros\n|\n|upkeep\n|\n|t:|1783568666\n|switch|p2a: Luvdisc|Luvdisc, M|8/100\n|turn|31\n|inactive|Time left: 300 sec this turn | 300 sec total\n|\n|t:|1783568667\n|switch|p2a: Vikavolt|Vikavolt, L83, F|20/100\n|-terastallize|p1a: Drednaw|Dark\n|move|p1a: Drednaw|Crunch|p2a: Vikavolt\n|-damage|p2a: Vikavolt|0 fnt\n|faint|p2a: Vikavolt\n|\n|upkeep\n|\n|t:|1783568668\n|switch|p2a: Luvdisc|Luvdisc, M|8/100\n|turn|32\n|inactive|Time left: 300 sec this turn | 300 sec total\n|\n|t:|1783568669\n|move|p1a: Drednaw|Crunch|p2a: Luvdisc\n|-damage|p2a: Luvdisc|0 fnt\n|faint|p2a: Luvdisc\n|\n|win|p0x2469e1c9", "uploadtime": 1783568669, "views": 0, "rating": 0, "private": 0, "password": null, "_winner": "p0x2469e1c9", "_our_name": "p0x2469e1c9"}