{"id": "battle-gen9randombattle-2948", "formatid": "gen9randombattle", "format": "[Gen 9] Random Battle", "players": ["p0x294890b1", "p0y2948fd14"], "log": "|init|battle\n|title|p0x294890b1 vs. p0y2948fd14\n|j|\u2606p0x294890b1\n|j|\u2606p0y2948fd14\n|t:|1783572972\n|gametype|singles\n|player|p1|p0x294890b1|101|\n|player|p2|p0y2948fd14|265|\n|gen|9\n|tier|[Gen 9] Random Battle\n|rule|Species Clause: Limit one of each Pok\u00e9mon\n|rule|HP Percentage Mod: HP is shown in percentages\n|rule|Sleep Clause Mod: Limit one foe put to sleep\n|rule|Illusion Level Mod: Illusion disguises the Pok\u00e9mon's true level\n|\n|t:|1783572972\n|teamsize|p1|6\n|teamsize|p2|6\n|start\n|switch|p1a: Muk|Muk-Alola, L82, F|100/100\n|switch|p2a: Florges|Florges-Orange, L85, F|271/271\n|turn|1\n|inactive|Battle timer is ON: inactive players will automatically lose when time's up. (requested by p0x294890b1)\n|inactive|Time left: 300 sec this turn | 300 sec total | 60 sec grace\n|inactive|p0y2948fd14 also wants the timer to be on.\n|\n|t:|1783572974\n|switch|p2a: Volcarona|Volcarona, L77, F|257/257\n|move|p1a: Muk|Gunk Shot|p2a: Volcarona|[miss]\n|-miss|p1a: Muk|p2a: Volcarona\n|\n|upkeep\n|turn|2\n|inactive|Time left: 300 sec this turn | 300 sec total\n|\n|t:|1783572975\n|move|p2a: Volcarona|Quiver Dance|p2a: Volcarona\n|-boost|p2a: Volcarona|spa|1\n|-boost|p2a: Volcarona|spd|1\n|-boost|p2a: Volcarona|spe|1\n|move|p1a: Muk|Gunk Shot|p2a: Volcarona\n|-damage|p2a: Volcarona|89/257\n|\n|upkeep\n|turn|3\n|inactive|Time left: 300 sec this turn | 300 sec total\n|\n|t:|1783572976\n|move|p2a: Volcarona|Fiery Dance|p1a: Muk\n|-damage|p1a: Muk|73/100\n|-boost|p2a: Volcarona|spa|1\n|move|p1a: Muk|Knock Off|p2a: Volcarona\n|-damage|p2a: Volcarona|0 fnt\n|-enditem|p2a: Volcarona|Heavy-Duty Boots|[from] move: Knock Off|[of] p1a: Muk\n|faint|p2a: Volcarona\n|\n|upkeep\n|inactive|Time left: 300 sec this turn | 300 sec total | 5 sec grace\n|\n|t:|1783572977\n|switch|p2a: Abomasnow|Abomasnow, L84, M|287/287\n|-weather|Snowscape|[from] ability: Snow Warning|[of] p2a: Abomasnow\n|turn|4\n|inactive|Time left: 300 sec this turn | 300 sec total\n|\n|t:|1783572978\n|move|p2a: Abomasnow|Aurora Veil|p2a: Abomasnow\n|-sidestart|p2: p0y2948fd14|move: Aurora Veil\n|move|p1a: Muk|Knock Off|p2a: Abomasnow\n|-damage|p2a: Abomasnow|247/287\n|-enditem|p2a: Abomasnow|Light Clay|[from] move: Knock Off|[of] p1a: Muk\n|\n|-weather|Snowscape|[upkeep]\n|upkeep\n|turn|5\n|inactive|Time left: 300 sec this turn | 300 sec total\n|\n|t:|1783572979\n|move|p2a: Abomasnow|Earthquake|p1a: Muk\n|-supereffective|p1a: Muk\n|-damage|p1a: Muk|18/100\n|move|p1a: Muk|Gunk Shot|p2a: Abomasnow\n|-supereffective|p2a: Abomasnow\n|-damage|p2a: Abomasnow|147/287\n|\n|-weather|Snowscape|[upkeep]\n|upkeep\n|turn|6\n|inactive|Time left: 300 sec this turn | 300 sec total\n|\n|t:|1783572981\n|switch|p1a: Crabominable|Crabominable, L90, M|100/100\n|move|p2a: Abomasnow|Blizzard|p1a: Crabominable\n|-resisted|p1a: Crabominable\n|-damage|p1a: Crabominable|86/100\n|\n|-weather|Snowscape|[upkeep]\n|upkeep\n|turn|7\n|inactive|Time left: 300 sec this turn | 300 sec total\n|\n|t:|1783572982\n|move|p2a: Abomasnow|Blizzard|p1a: Crabominable\n|-resisted|p1a: Crabominable\n|-damage|p1a: Crabominable|73/100\n|move|p1a: Crabominable|Drain Punch|p2a: Abomasnow\n|-supereffective|p2a: Abomasnow\n|-damage|p2a: Abomasnow|39/287\n|-heal|p1a: Crabominable|90/100|[from] drain|[of] p2a: Abomasnow\n|\n|-weather|Snowscape|[upkeep]\n|upkeep\n|turn|8\n|inactive|Time left: 300 sec this turn | 300 sec total\n|\n|t:|1783572983\n|switch|p2a: Spectrier|Spectrier, L75|274/274\n|move|p1a: Crabominable|Drain Punch|p2a: Spectrier\n|-immune|p2a: Spectrier\n|\n|-weather|none\n|upkeep\n|turn|9\n|inactive|Time left: 300 sec this turn | 300 sec total\n|\n|t:|1783572984\n|move|p2a: Spectrier|Nasty Plot|p2a: Spectrier\n|-boost|p2a: Spectrier|spa|2\n|move|p1a: Crabominable|Knock Off|p2a: Spectrier\n|-supereffective|p2a: Spectrier\n|-damage|p2a: Spectrier|135/274\n|-enditem|p2a: Spectrier|Life Orb|[from] move: Knock Off|[of] p1a: Crabominable\n|\n|upkeep\n|turn|10\n|inactive|Time left: 300 sec this turn | 300 sec total\n|\n|t:|1783572985\n|move|p2a: Spectrier|Will-O-Wisp|p1a: Crabominable\n|-status|p1a: Crabominable|brn\n|move|p1a: Crabominable|Ice Hammer|p2a: Spectrier\n|-damage|p2a: Spectrier|66/274\n|-unboost|p1a: Crabominable|spe|1\n|\n|-damage|p1a: Crabominable|84/100 brn|[from] brn\n|upkeep\n|turn|11\n|inactive|Time left: 300 sec this turn | 300 sec total\n|\n|t:|1783572986\n|move|p2a: Spectrier|Draining Kiss|p1a: Crabominable\n|-supereffective|p1a: Crabominable\n|-damage|p1a: Crabominable|43/100 brn\n|-heal|p2a: Spectrier|164/274|[from] drain|[of] p1a: Crabominable\n|move|p1a: Crabominable|Ice Hammer|p2a: Spectrier\n|-damage|p2a: Spectrier|99/274\n|-unboost|p1a: Crabominable|spe|1\n|\n|-damage|p1a: Crabominable|37/100 brn|[from] brn\n|-sideend|p2: p0y2948fd14|move: Aurora Veil\n|upkeep\n|turn|12\n|inactive|Time left: 300 sec this turn | 300 sec total\n|\n|t:|1783572987\n|move|p2a: Spectrier|Draining Kiss|p1a: Crabominable\n|-supereffective|p1a: Crabominable\n|-damage|p1a: Crabominable|0 fnt\n|-heal|p2a: Spectrier|188/274|[from] drain|[of] p1a: Crabominable\n|faint|p1a: Crabominable\n|-ability|p2a: Spectrier|Grim Neigh|boost\n|-boost|p2a: Spectrier|spa|1\n|\n|upkeep\n|\n|t:|1783572988\n|switch|p1a: Pincurchin|Pincurchin, F|100/100\n|-fieldstart|move: Electric Terrain|[from] ability: Electric Surge|[of] p1a: Pincurchin\n|turn|13\n|inactive|Time left: 300 sec this turn | 300 sec total\n|\n|t:|1783572989\n|move|p2a: Spectrier|Draining Kiss|p1a: Pincurchin\n|-damage|p1a: Pincurchin|66/100\n|-heal|p2a: Spectrier|256/274|[from] drain|[of] p1a: Pincurchin\n|move|p1a: Pincurchin|Zing Zap|p2a: Spectrier\n|-damage|p2a: Spectrier|15/274\n|\n|-heal|p1a: Pincurchin|72/100|[from] item: Leftovers\n|upkeep\n|turn|14\n|inactive|Time left: 300 sec this turn | 300 sec total\n|\n|t:|1783572989\n|switch|p1a: Muk|Muk-Alola, L82, F|18/100\n|move|p2a: Spectrier|Shadow Ball|p1a: Muk\n|-resisted|p1a: Muk\n|-damage|p1a: Muk|0 fnt\n|faint|p1a: Muk\n|-ability|p2a: Spectrier|Grim Neigh|boost\n|-boost|p2a: Spectrier|spa|1\n|\n|upkeep\n|\n|t:|1783572990\n|switch|p1a: Iron Boulder|Iron Boulder, L77|100/100\n|-activate|p1a: Iron Boulder|ability: Quark Drive\n|-start|p1a: Iron Boulder|quarkdrivespe\n|turn|15\n|inactive|Time left: 300 sec this turn | 300 sec total\n|\n|t:|1783572991\n|move|p1a: Iron Boulder|Mighty Cleave|p2a: Spectrier\n|-damage|p2a: Spectrier|0 fnt\n|faint|p2a: Spectrier\n|\n|upkeep\n|inactive|Time left: 300 sec this turn | 300 sec total | 5 sec grace\n|\n|t:|1783572992\n|switch|p2a: Trevenant|Trevenant, L89, M|296/296\n|turn|16\n|inactive|Time left: 300 sec this turn | 300 sec total\n|\n|t:|1783572993\n|-end|p1a: Iron Boulder|Quark Drive|[silent]\n|switch|p1a: Dodrio|Dodrio, L85, F|100/100\n|move|p2a: Trevenant|Poltergeist|p1a: Dodrio\n|-immune|p1a: Dodrio\n|\n|upkeep\n|turn|17\n|inactive|Time left: 300 sec this turn | 300 sec total\n|\n|t:|1783572994\n|move|p2a: Trevenant|Protect|p2a: Trevenant\n|-singleturn|p2a: Trevenant|Protect\n|move|p1a: Dodrio|Swords Dance|p1a: Dodrio\n|-boost|p1a: Dodrio|atk|2\n|\n|-fieldend|move: Electric Terrain\n|upkeep\n|turn|18\n|inactive|Time left: 300 sec this turn | 300 sec total\n|\n|t:|1783572995\n|move|p2a: Trevenant|Protect||[still]\n|-fail|p2a: Trevenant\n|move|p1a: Dodrio|Brave Bird|p2a: Trevenant\n|-supereffective|p2a: Trevenant\n|-damage|p2a: Trevenant|0 fnt\n|faint|p2a: Trevenant\n|-damage|p1a: Dodrio|60/100|[from] Recoil\n|\n|upkeep\n|inactive|Time left: 300 sec this turn | 300 sec total | 5 sec grace\n|\n|t:|1783572996\n|switch|p2a: Abomasnow|Abomasnow, L84, M|39/287\n|-weather|Snowscape|[from] ability: Snow Warning|[of] p2a: Abomasnow\n|turn|19\n|inactive|Time left: 300 sec this turn | 300 sec total\n|\n|t:|1783572997\n|move|p2a: Abomasnow|Ice Shard|p1a: Dodrio\n|-supereffective|p1a: Dodrio\n|-damage|p1a: Dodrio|20/100\n|move|p1a: Dodrio|Knock Off|p2a: Abomasnow\n|-damage|p2a: Abomasnow|0 fnt\n|faint|p2a: Abomasnow\n|\n|-weather|Snowscape|[upkeep]\n|upkeep\n|inactive|Time left: 300 sec this turn | 300 sec total | 5 sec grace\n|\n|t:|1783572998\n|switch|p2a: Florges|Florges-Orange, L85, F|271/271\n|turn|20\n|inactive|Time left: 300 sec this turn | 300 sec total\n|\n|t:|1783572998\n|move|p2a: Florges|Protect|p2a: Florges\n|-singleturn|p2a: Florges|Protect\n|move|p1a: Dodrio|Brave Bird|p2a: Florges\n|-activate|p2a: Florges|move: Protect\n|\n|-weather|Snowscape|[upkeep]\n|upkeep\n|turn|21\n|inactive|Time left: 300 sec this turn | 300 sec total\n|\n|t:|1783572999\n|move|p1a: Dodrio|Brave Bird|p2a: Florges\n|-damage|p2a: Florges|0 fnt\n|faint|p2a: Florges\n|-damage|p1a: Dodrio|0 fnt|[from] Recoil\n|faint|p1a: Dodrio\n|\n|-weather|Snowscape|[upkeep]\n|upkeep\n|inactive|Time left: 300 sec this turn | 300 sec total | 5 sec grace\n|\n|t:|1783573000\n|switch|p1a: Pincurchin|Pincurchin, F|72/100\n|switch|p2a: Furret|Furret, L94, F|312/312\n|-item|p1a: Pincurchin|Leftovers|[from] ability: Frisk|[of] p2a: Furret\n|-fieldstart|move: Electric Terrain|[from] ability: Electric Surge|[of] p1a: Pincurchin\n|turn|22\n|inactive|Time left: 300 sec this turn | 300 sec total\n|\n|t:|1783573001\n|move|p2a: Furret|Tidy Up|p2a: Furret\n|-boost|p2a: Furret|atk|1\n|-boost|p2a: Furret|spe|1\n|move|p1a: Pincurchin|Zing Zap|p2a: Furret\n|-damage|p2a: Furret|138/312\n|\n|-weather|Snowscape|[upkeep]\n|-heal|p1a: Pincurchin|78/100|[from] item: Leftovers\n|upkeep\n|turn|23\n|inactive|Time left: 300 sec this turn | 300 sec total\n|\n|t:|1783573002\n|-terastallize|p2a: Furret|Normal\n|-terastallize|p1a: Pincurchin|Grass\n|move|p2a: Furret|Double-Edge|p1a: Pincurchin\n|-damage|p1a: Pincurchin|0 fnt\n|faint|p1a: Pincurchin\n|-damage|p2a: Furret|72/312|[from] Recoil\n|-damage|p2a: Furret|41/312|[from] item: Life Orb\n|\n|-weather|none\n|upkeep\n|\n|t:|1783573003\n|switch|p1a: Azelf|Azelf, L82|100/100\n|turn|24\n|inactive|Time left: 300 sec this turn | 300 sec total\n|\n|t:|1783573004\n|move|p2a: Furret|Tidy Up|p2a: Furret\n|-boost|p2a: Furret|atk|1\n|-boost|p2a: Furret|spe|1\n|move|p1a: Azelf|U-turn|p2a: Furret\n|-damage|p2a: Furret|0 fnt\n|faint|p2a: Furret\n|\n|win|p0x294890b1", "uploadtime": 1783573004, "views": 0, "rating": 0, "private": 0, "password": null, "_winner": "p0x294890b1", "_our_name": "p0y2948fd14"}