{"id": "battle-gen9randombattle-572", "formatid": "gen9randombattle", "format": "[Gen 9] Random Battle", "players": ["p0x5723e76", "p0y572d3cb"], "log": "|init|battle\n|title|p0x5723e76 vs. p0y572d3cb\n|j|\u2606p0x5723e76\n|j|\u2606p0y572d3cb\n|t:|1783545706\n|gametype|singles\n|player|p1|p0x5723e76|266|\n|player|p2|p0y572d3cb|169|\n|gen|9\n|tier|[Gen 9] Random Battle\n|rule|Species Clause: Limit one of each Pok\u00e9mon\n|rule|HP Percentage Mod: HP is shown in percentages\n|rule|Sleep Clause Mod: Limit one foe put to sleep\n|rule|Illusion Level Mod: Illusion disguises the Pok\u00e9mon's true level\n|\n|t:|1783545706\n|teamsize|p1|6\n|teamsize|p2|6\n|start\n|switch|p1a: Sceptile|Sceptile, L87, F|100/100\n|switch|p2a: Oricorio|Oricorio, L84, F|263/263\n|turn|1\n|inactive|Battle timer is ON: inactive players will automatically lose when time's up. (requested by p0x5723e76)\n|inactive|Time left: 300 sec this turn | 300 sec total | 60 sec grace\n|inactive|p0y572d3cb also wants the timer to be on.\n|\n|t:|1783545707\n|switch|p1a: Ursaluna|Ursaluna, L79, M|100/100\n|move|p2a: Oricorio|Quiver Dance|p2a: Oricorio\n|-boost|p2a: Oricorio|spa|1\n|-boost|p2a: Oricorio|spd|1\n|-boost|p2a: Oricorio|spe|1\n|\n|-status|p1a: Ursaluna|brn|[from] item: Flame Orb\n|upkeep\n|turn|2\n|inactive|Time left: 300 sec this turn | 300 sec total\n|\n|t:|1783545709\n|move|p2a: Oricorio|Hurricane|p1a: Ursaluna\n|-damage|p1a: Ursaluna|46/100 brn\n|move|p1a: Ursaluna|Facade|p2a: Oricorio\n|-damage|p2a: Oricorio|0 fnt\n|faint|p2a: Oricorio\n|\n|-damage|p1a: Ursaluna|40/100 brn|[from] brn\n|upkeep\n|inactive|Time left: 300 sec this turn | 300 sec total | 5 sec grace\n|\n|t:|1783545710\n|switch|p2a: Barraskewda|Barraskewda, L81, F|231/231\n|turn|3\n|inactive|Time left: 300 sec this turn | 300 sec total\n|\n|t:|1783545711\n|switch|p1a: Amoonguss|Amoonguss, L82, F|100/100\n|move|p2a: Barraskewda|Waterfall|p1a: Amoonguss\n|-resisted|p1a: Amoonguss\n|-damage|p1a: Amoonguss|75/100\n|-damage|p2a: Barraskewda|193/231|[from] item: Rocky Helmet|[of] p1a: Amoonguss\n|\n|upkeep\n|turn|4\n|inactive|Time left: 300 sec this turn | 300 sec total\n|\n|t:|1783545712\n|move|p2a: Barraskewda|Waterfall|p1a: Amoonguss\n|-resisted|p1a: Amoonguss\n|-damage|p1a: Amoonguss|47/100\n|-damage|p2a: Barraskewda|155/231|[from] item: Rocky Helmet|[of] p1a: Amoonguss\n|cant|p1a: Amoonguss|flinch\n|\n|upkeep\n|turn|5\n|inactive|Time left: 300 sec this turn | 300 sec total\n|\n|t:|1783545713\n|switch|p2a: Lunala|Lunala, L70|308/308\n|move|p1a: Amoonguss|Giga Drain|p2a: Lunala\n|-damage|p2a: Lunala|272/308\n|-heal|p1a: Amoonguss|52/100|[from] drain|[of] p2a: Lunala\n|\n|-heal|p2a: Lunala|291/308|[from] item: Leftovers\n|upkeep\n|turn|6\n|inactive|Time left: 300 sec this turn | 300 sec total\n|\n|t:|1783545715\n|switch|p1a: Ursaluna|Ursaluna, L79, M|40/100 brn\n|move|p2a: Lunala|Calm Mind|p2a: Lunala\n|-boost|p2a: Lunala|spa|1\n|-boost|p2a: Lunala|spd|1\n|\n|-heal|p2a: Lunala|308/308|[from] item: Leftovers\n|-damage|p1a: Ursaluna|34/100 brn|[from] brn\n|upkeep\n|turn|7\n|inactive|Time left: 300 sec this turn | 300 sec total\n|\n|t:|1783545716\n|switch|p1a: Amoonguss|Amoonguss, L82, F|86/100\n|move|p2a: Lunala|Moonblast|p1a: Amoonguss\n|-resisted|p1a: Amoonguss\n|-damage|p1a: Amoonguss|71/100\n|\n|upkeep\n|turn|8\n|inactive|Time left: 300 sec this turn | 300 sec total\n|\n|t:|1783545717\n|move|p2a: Lunala|Moongeist Beam|p1a: Amoonguss\n|-damage|p1a: Amoonguss|16/100\n|move|p1a: Amoonguss|Spore|p2a: Lunala\n|-status|p2a: Lunala|slp|[from] move: Spore\n|\n|upkeep\n|turn|9\n|inactive|Time left: 300 sec this turn | 300 sec total\n|\n|t:|1783545718\n|switch|p1a: Lycanroc|Lycanroc-Dusk, L81, M|100/100\n|cant|p2a: Lunala|slp\n|\n|upkeep\n|turn|10\n|inactive|Time left: 300 sec this turn | 300 sec total\n|\n|t:|1783545719\n|move|p1a: Lycanroc|Swords Dance|p1a: Lycanroc\n|-boost|p1a: Lycanroc|atk|2\n|-curestatus|p2a: Lunala|slp|[msg]\n|move|p2a: Lunala|Moonblast|p1a: Lycanroc\n|-damage|p1a: Lycanroc|51/100\n|\n|upkeep\n|turn|11\n|inactive|Time left: 300 sec this turn | 300 sec total\n|\n|t:|1783545720\n|move|p1a: Lycanroc|Stone Edge|p2a: Lunala\n|-damage|p2a: Lunala|130/308\n|-damage|p1a: Lycanroc|41/100|[from] item: Life Orb\n|move|p2a: Lunala|Moonblast|p1a: Lycanroc\n|-damage|p1a: Lycanroc|0 fnt\n|faint|p1a: Lycanroc\n|\n|-heal|p2a: Lunala|149/308|[from] item: Leftovers\n|upkeep\n|\n|t:|1783545721\n|switch|p1a: Sceptile|Sceptile, L87, F|100/100\n|turn|12\n|inactive|Time left: 300 sec this turn | 300 sec total\n|\n|t:|1783545722\n|move|p1a: Sceptile|Leaf Blade|p2a: Lunala\n|-damage|p2a: Lunala|1/308\n|-damage|p1a: Sceptile|91/100|[from] item: Life Orb\n|move|p2a: Lunala|Moonlight|p2a: Lunala\n|-heal|p2a: Lunala|155/308\n|\n|-heal|p2a: Lunala|174/308|[from] item: Leftovers\n|upkeep\n|turn|13\n|inactive|Time left: 300 sec this turn | 300 sec total\n|\n|t:|1783545723\n|move|p1a: Sceptile|Swords Dance|p1a: Sceptile\n|-boost|p1a: Sceptile|atk|2\n|move|p2a: Lunala|Moonlight|p2a: Lunala\n|-heal|p2a: Lunala|308/308\n|\n|upkeep\n|turn|14\n|inactive|Time left: 300 sec this turn | 300 sec total\n|\n|t:|1783545724\n|move|p1a: Sceptile|Leaf Blade|p2a: Lunala\n|-damage|p2a: Lunala|169/308\n|-damage|p1a: Sceptile|81/100|[from] item: Life Orb\n|move|p2a: Lunala|Moonlight|p2a: Lunala\n|-heal|p2a: Lunala|308/308\n|\n|upkeep\n|turn|15\n|inactive|Time left: 300 sec this turn | 300 sec total\n|\n|t:|1783545725\n|move|p1a: Sceptile|Leaf Blade|p2a: Lunala\n|-damage|p2a: Lunala|161/308\n|-damage|p1a: Sceptile|71/100|[from] item: Life Orb\n|move|p2a: Lunala|Moonlight|p2a: Lunala\n|-heal|p2a: Lunala|308/308\n|\n|upkeep\n|turn|16\n|inactive|Time left: 300 sec this turn | 300 sec total\n|\n|t:|1783545726\n|move|p1a: Sceptile|Swords Dance|p1a: Sceptile\n|-boost|p1a: Sceptile|atk|2\n|move|p2a: Lunala|Moongeist Beam|p1a: Sceptile\n|-damage|p1a: Sceptile|19/100\n|\n|upkeep\n|turn|17\n|inactive|Time left: 300 sec this turn | 300 sec total\n|\n|t:|1783545727\n|move|p1a: Sceptile|Leaf Blade|p2a: Lunala\n|-damage|p2a: Lunala|0 fnt\n|faint|p2a: Lunala\n|-damage|p1a: Sceptile|9/100|[from] item: Life Orb\n|\n|upkeep\n|inactive|Time left: 300 sec this turn | 300 sec total | 5 sec grace\n|\n|t:|1783545728\n|switch|p2a: Barraskewda|Barraskewda, L81, F|155/231\n|turn|18\n|inactive|Time left: 300 sec this turn | 300 sec total\n|\n|t:|1783545729\n|switch|p1a: Amoonguss|Amoonguss, L82, F|50/100\n|move|p2a: Barraskewda|Waterfall|p1a: Amoonguss\n|-resisted|p1a: Amoonguss\n|-damage|p1a: Amoonguss|22/100\n|-damage|p2a: Barraskewda|117/231|[from] item: Rocky Helmet|[of] p1a: Amoonguss\n|\n|upkeep\n|turn|19\n|inactive|Time left: 300 sec this turn | 300 sec total\n|\n|t:|1783545730\n|switch|p1a: Sceptile|Sceptile, L87, F|9/100\n|move|p2a: Barraskewda|Waterfall|p1a: Sceptile\n|-resisted|p1a: Sceptile\n|-damage|p1a: Sceptile|0 fnt\n|faint|p1a: Sceptile\n|\n|upkeep\n|\n|t:|1783545731\n|switch|p1a: Amoonguss|Amoonguss, L82, F|56/100\n|turn|20\n|inactive|Time left: 300 sec this turn | 300 sec total\n|\n|t:|1783545732\n|move|p2a: Barraskewda|Waterfall|p1a: Amoonguss\n|-resisted|p1a: Amoonguss\n|-damage|p1a: Amoonguss|29/100\n|-damage|p2a: Barraskewda|79/231|[from] item: Rocky Helmet|[of] p1a: Amoonguss\n|move|p1a: Amoonguss|Giga Drain|p2a: Barraskewda\n|-supereffective|p2a: Barraskewda\n|-damage|p2a: Barraskewda|0 fnt\n|-heal|p1a: Amoonguss|41/100|[from] drain|[of] p2a: Barraskewda\n|faint|p2a: Barraskewda\n|\n|upkeep\n|inactive|Time left: 300 sec this turn | 300 sec total | 5 sec grace\n|\n|t:|1783545733\n|switch|p2a: Salazzle|Salazzle, L83, F|249/249\n|turn|21\n|inactive|Time left: 300 sec this turn | 300 sec total\n|\n|t:|1783545734\n|switch|p1a: Meowstic|Meowstic-F, L89, F|100/100\n|move|p2a: Salazzle|Fire Blast|p1a: Meowstic\n|-damage|p1a: Meowstic|56/100\n|\n|upkeep\n|turn|22\n|inactive|Time left: 300 sec this turn | 300 sec total\n|\n|t:|1783545735\n|switch|p2a: Meowscarada|Meowscarada, L78, M|247/247\n|move|p1a: Meowstic|Psychic|p2a: Meowscarada\n|-immune|p2a: Meowscarada\n|\n|upkeep\n|turn|23\n|inactive|Time left: 300 sec this turn | 300 sec total\n|\n|t:|1783545736\n|switch|p1a: Amoonguss|Amoonguss, L82, F|75/100\n|move|p2a: Meowscarada|Knock Off|p1a: Amoonguss\n|-start|p2a: Meowscarada|typechange|Dark|[from] ability: Protean\n|-damage|p1a: Amoonguss|34/100\n|-damage|p2a: Meowscarada|206/247|[from] item: Rocky Helmet|[of] p1a: Amoonguss\n|-enditem|p1a: Amoonguss|Rocky Helmet|[from] move: Knock Off|[of] p2a: Meowscarada\n|\n|upkeep\n|turn|24\n|inactive|Time left: 300 sec this turn | 300 sec total\n|\n|t:|1783545737\n|-terastallize|p2a: Meowscarada|Dark\n|move|p2a: Meowscarada|Knock Off|p1a: Amoonguss\n|-damage|p1a: Amoonguss|0 fnt\n|faint|p1a: Amoonguss\n|\n|upkeep\n|\n|t:|1783545738\n|switch|p1a: Deoxys|Deoxys-Attack, L72|100/100\n|-ability|p1a: Deoxys|Pressure\n|turn|25\n|inactive|Time left: 300 sec this turn | 300 sec total\n|\n|t:|1783545739\n|switch|p2a: Whiscash|Whiscash, L88, M|337/337\n|move|p1a: Deoxys|Superpower|p2a: Whiscash\n|-damage|p2a: Whiscash|197/337\n|-unboost|p1a: Deoxys|atk|1\n|-unboost|p1a: Deoxys|def|1\n|-damage|p1a: Deoxys|91/100|[from] item: Life Orb\n|\n|upkeep\n|turn|26\n|inactive|Time left: 300 sec this turn | 300 sec total\n|\n|t:|1783545740\n|switch|p2a: Meowscarada|Meowscarada, L78, M, tera:Dark|206/247\n|move|p1a: Deoxys|Psycho Boost|p2a: Meowscarada\n|-immune|p2a: Meowscarada\n|\n|upkeep\n|turn|27\n|inactive|Time left: 300 sec this turn | 300 sec total\n|\n|t:|1783545741\n|switch|p2a: Salazzle|Salazzle, L83, F|249/249\n|move|p1a: Deoxys|Superpower|p2a: Salazzle\n|-resisted|p2a: Salazzle\n|-damage|p2a: Salazzle|185/249\n|-unboost|p1a: Deoxys|atk|1\n|-unboost|p1a: Deoxys|def|1\n|-damage|p1a: Deoxys|81/100|[from] item: Life Orb\n|\n|upkeep\n|turn|28\n|inactive|Time left: 300 sec this turn | 300 sec total\n|\n|t:|1783545742\n|switch|p2a: Meowscarada|Meowscarada, L78, M, tera:Dark|206/247\n|move|p1a: Deoxys|Psycho Boost|p2a: Meowscarada\n|-immune|p2a: Meowscarada\n|\n|upkeep\n|turn|29\n|inactive|Time left: 300 sec this turn | 300 sec total\n|\n|t:|1783545743\n|switch|p1a: Meowstic|Meowstic-F, L89, F|56/100\n|move|p2a: Meowscarada|Knock Off|p1a: Meowstic\n|-supereffective|p1a: Meowstic\n|-damage|p1a: Meowstic|0 fnt\n|-enditem|p1a: Meowstic|Life Orb|[from] move: Knock Off|[of] p2a: Meowscarada\n|faint|p1a: Meowstic\n|\n|upkeep\n|\n|t:|1783545744\n|switch|p1a: Deoxys|Deoxys-Attack, L72|81/100\n|-ability|p1a: Deoxys|Pressure\n|turn|30\n|inactive|Time left: 300 sec this turn | 300 sec total\n|\n|t:|1783545745\n|switch|p2a: Salazzle|Salazzle, L83, F|185/249\n|move|p1a: Deoxys|Superpower|p2a: Salazzle\n|-resisted|p2a: Salazzle\n|-damage|p2a: Salazzle|91/249\n|-unboost|p1a: Deoxys|atk|1\n|-unboost|p1a: Deoxys|def|1\n|-damage|p1a: Deoxys|71/100|[from] item: Life Orb\n|\n|upkeep\n|turn|31\n|inactive|Time left: 300 sec this turn | 300 sec total\n|\n|t:|1783545746\n|move|p1a: Deoxys|Knock Off|p2a: Salazzle\n|-damage|p2a: Salazzle|1/249\n|-enditem|p2a: Salazzle|Heavy-Duty Boots|[from] move: Knock Off|[of] p1a: Deoxys\n|-damage|p1a: Deoxys|61/100|[from] item: Life Orb\n|move|p2a: Salazzle|Tera Blast|p1a: Deoxys\n|-damage|p1a: Deoxys|0 fnt\n|faint|p1a: Deoxys\n|\n|upkeep\n|\n|t:|1783545747\n|switch|p1a: Ursaluna|Ursaluna, L79, M|34/100 brn\n|turn|32\n|inactive|Time left: 300 sec this turn | 300 sec total\n|\n|t:|1783545748\n|move|p2a: Salazzle|Sludge Wave|p1a: Ursaluna\n|-resisted|p1a: Ursaluna\n|-damage|p1a: Ursaluna|16/100 brn\n|move|p1a: Ursaluna|Facade|p2a: Salazzle\n|-damage|p2a: Salazzle|0 fnt\n|faint|p2a: Salazzle\n|\n|-damage|p1a: Ursaluna|10/100 brn|[from] brn\n|upkeep\n|inactive|Time left: 300 sec this turn | 300 sec total | 5 sec grace\n|\n|t:|1783545749\n|switch|p2a: Whiscash|Whiscash, L88, M|197/337\n|turn|33\n|inactive|Time left: 300 sec this turn | 300 sec total\n|\n|t:|1783545750\n|-terastallize|p1a: Ursaluna|Normal\n|move|p2a: Whiscash|Earthquake|p1a: Ursaluna\n|-damage|p1a: Ursaluna|0 fnt\n|faint|p1a: Ursaluna\n|-damage|p2a: Whiscash|164/337|[from] item: Life Orb\n|\n|win|p0y572d3cb", "uploadtime": 1783545750, "views": 0, "rating": 0, "private": 0, "password": null, "_winner": "p0y572d3cb", "_our_name": "p0y572d3cb"}