{"id": "battle-gen9randombattle-1843", "formatid": "gen9randombattle", "format": "[Gen 9] Random Battle", "players": ["p0x184387c4", "p0y1843e15b"], "log": "|init|battle\n|title|p0x184387c4 vs. p0y1843e15b\n|j|\u2606p0x184387c4\n|j|\u2606p0y1843e15b\n|t:|1783560596\n|gametype|singles\n|player|p1|p0x184387c4|169|\n|player|p2|p0y1843e15b|102|\n|gen|9\n|tier|[Gen 9] Random Battle\n|rule|Species Clause: Limit one of each Pok\u00e9mon\n|rule|HP Percentage Mod: HP is shown in percentages\n|rule|Sleep Clause Mod: Limit one foe put to sleep\n|rule|Illusion Level Mod: Illusion disguises the Pok\u00e9mon's true level\n|\n|t:|1783560596\n|teamsize|p1|6\n|teamsize|p2|6\n|start\n|switch|p1a: Iron Valiant|Iron Valiant, L78|100/100\n|switch|p2a: Plusle|Plusle, L95, M|268/268\n|turn|1\n|inactive|Battle timer is ON: inactive players will automatically lose when time's up. (requested by p0x184387c4)\n|inactive|Time left: 300 sec this turn | 300 sec total | 60 sec grace\n|inactive|p0y1843e15b also wants the timer to be on.\n|\n|t:|1783560597\n|-end|p1a: Iron Valiant|Quark Drive|[silent]\n|switch|p1a: Piloswine|Piloswine, L85, F|100/100\n|move|p2a: Plusle|Alluring Voice|p1a: Piloswine\n|-damage|p1a: Piloswine|77/100\n|-damage|p2a: Plusle|242/268|[from] item: Life Orb\n|\n|upkeep\n|turn|2\n|inactive|Time left: 300 sec this turn | 300 sec total\n|\n|t:|1783560598\n|switch|p2a: Milotic|Milotic, L83, M|293/293\n|move|p1a: Piloswine|Earthquake|p2a: Milotic\n|-damage|p2a: Milotic|163/293\n|\n|-heal|p2a: Milotic|181/293|[from] item: Leftovers\n|upkeep\n|turn|3\n|inactive|Time left: 300 sec this turn | 300 sec total\n|\n|t:|1783560599\n|move|p2a: Milotic|Scald|p1a: Piloswine\n|-supereffective|p1a: Piloswine\n|-damage|p1a: Piloswine|28/100\n|-status|p1a: Piloswine|brn\n|move|p1a: Piloswine|Earthquake|p2a: Milotic\n|-damage|p2a: Milotic|120/293\n|\n|-heal|p2a: Milotic|138/293|[from] item: Leftovers\n|-damage|p1a: Piloswine|22/100 brn|[from] brn\n|upkeep\n|turn|4\n|inactive|Time left: 300 sec this turn | 300 sec total\n|\n|t:|1783560600\n|switch|p1a: Spidops|Spidops, L96, M|100/100\n|move|p2a: Milotic|Recover|p2a: Milotic\n|-heal|p2a: Milotic|285/293\n|\n|-heal|p2a: Milotic|293/293|[from] item: Leftovers\n|upkeep\n|turn|5\n|inactive|Time left: 300 sec this turn | 300 sec total\n|\n|t:|1783560601\n|move|p2a: Milotic|Scald|p1a: Spidops\n|-damage|p1a: Spidops|74/100\n|move|p1a: Spidops|Sticky Web|p2a: Milotic\n|-sidestart|p2: p0y1843e15b|move: Sticky Web\n|\n|upkeep\n|turn|6\n|inactive|Time left: 300 sec this turn | 300 sec total\n|\n|t:|1783560601\n|move|p2a: Milotic|Scald|p1a: Spidops\n|-damage|p1a: Spidops|45/100\n|move|p1a: Spidops|Spikes|p2a: Milotic\n|-sidestart|p2: p0y1843e15b|Spikes\n|\n|upkeep\n|turn|7\n|inactive|Time left: 300 sec this turn | 300 sec total\n|\n|t:|1783560602\n|move|p2a: Milotic|Scald|p1a: Spidops\n|-damage|p1a: Spidops|15/100\n|move|p1a: Spidops|Toxic Spikes|p2a: Milotic\n|-sidestart|p2: p0y1843e15b|move: Toxic Spikes\n|\n|upkeep\n|turn|8\n|inactive|Time left: 300 sec this turn | 300 sec total\n|\n|t:|1783560603\n|switch|p1a: Piloswine|Piloswine, L85, F|22/100 brn\n|move|p2a: Milotic|Scald|p1a: Piloswine\n|-supereffective|p1a: Piloswine\n|-damage|p1a: Piloswine|0 fnt\n|faint|p1a: Piloswine\n|\n|upkeep\n|\n|t:|1783560604\n|switch|p1a: Perrserker|Perrserker, L89, M|100/100\n|turn|9\n|inactive|Time left: 300 sec this turn | 300 sec total\n|\n|t:|1783560605\n|move|p2a: Milotic|Scald|p1a: Perrserker\n|-damage|p1a: Perrserker|64/100\n|-status|p1a: Perrserker|brn\n|move|p1a: Perrserker|Knock Off|p2a: Milotic\n|-damage|p2a: Milotic|219/293\n|-enditem|p2a: Milotic|Leftovers|[from] move: Knock Off|[of] p1a: Perrserker\n|-damage|p1a: Perrserker|55/100 brn|[from] item: Life Orb\n|\n|-damage|p1a: Perrserker|49/100 brn|[from] brn\n|upkeep\n|turn|10\n|inactive|Time left: 300 sec this turn | 300 sec total\n|\n|t:|1783560606\n|move|p2a: Milotic|Scald|p1a: Perrserker\n|-damage|p1a: Perrserker|9/100 brn\n|move|p1a: Perrserker|Stealth Rock|p2a: Milotic\n|-sidestart|p2: p0y1843e15b|move: Stealth Rock\n|\n|-damage|p1a: Perrserker|3/100 brn|[from] brn\n|upkeep\n|turn|11\n|inactive|Time left: 300 sec this turn | 300 sec total\n|\n|t:|1783560607\n|move|p2a: Milotic|Scald|p1a: Perrserker\n|-damage|p1a: Perrserker|0 fnt\n|faint|p1a: Perrserker\n|\n|upkeep\n|\n|t:|1783560608\n|switch|p1a: Toxapex|Toxapex, L82, M|100/100\n|turn|12\n|inactive|Time left: 300 sec this turn | 300 sec total\n|\n|t:|1783560609\n|move|p2a: Milotic|Scald|p1a: Toxapex\n|-resisted|p1a: Toxapex\n|-damage|p1a: Toxapex|88/100\n|move|p1a: Toxapex|Toxic|p2a: Milotic\n|-status|p2a: Milotic|tox\n|\n|-damage|p2a: Milotic|201/293 tox|[from] psn\n|upkeep\n|turn|13\n|inactive|Time left: 300 sec this turn | 300 sec total\n|\n|t:|1783560610\n|move|p2a: Milotic|Recover|p2a: Milotic\n|-heal|p2a: Milotic|293/293 tox\n|move|p1a: Toxapex|Recover|p1a: Toxapex\n|-heal|p1a: Toxapex|100/100\n|\n|-damage|p2a: Milotic|257/293 tox|[from] psn\n|upkeep\n|turn|14\n|inactive|Time left: 300 sec this turn | 300 sec total\n|\n|t:|1783560611\n|move|p2a: Milotic|Scald|p1a: Toxapex\n|-resisted|p1a: Toxapex\n|-damage|p1a: Toxapex|86/100\n|move|p1a: Toxapex|Toxic|p2a: Milotic\n|-fail|p2a: Milotic|tox\n|\n|-damage|p2a: Milotic|203/293 tox|[from] psn\n|upkeep\n|turn|15\n|inactive|Time left: 300 sec this turn | 300 sec total\n|\n|t:|1783560612\n|move|p2a: Milotic|Scald|p1a: Toxapex\n|-resisted|p1a: Toxapex\n|-damage|p1a: Toxapex|71/100\n|-status|p1a: Toxapex|brn\n|move|p1a: Toxapex|Recover|p1a: Toxapex\n|-heal|p1a: Toxapex|100/100 brn\n|\n|-damage|p2a: Milotic|131/293 tox|[from] psn\n|-damage|p1a: Toxapex|94/100 brn|[from] brn\n|upkeep\n|turn|16\n|inactive|Time left: 300 sec this turn | 300 sec total\n|\n|t:|1783560613\n|move|p2a: Milotic|Scald|p1a: Toxapex\n|-resisted|p1a: Toxapex\n|-damage|p1a: Toxapex|80/100 brn\n|move|p1a: Toxapex|Recover|p1a: Toxapex\n|-heal|p1a: Toxapex|100/100 brn\n|\n|-damage|p2a: Milotic|41/293 tox|[from] psn\n|-damage|p1a: Toxapex|94/100 brn|[from] brn\n|upkeep\n|turn|17\n|inactive|Time left: 300 sec this turn | 300 sec total\n|\n|t:|1783560614\n|move|p2a: Milotic|Ice Beam|p1a: Toxapex\n|-resisted|p1a: Toxapex\n|-damage|p1a: Toxapex|84/100 brn\n|move|p1a: Toxapex|Recover|p1a: Toxapex\n|-heal|p1a: Toxapex|100/100 brn\n|\n|-damage|p2a: Milotic|0 fnt|[from] psn\n|faint|p2a: Milotic\n|-damage|p1a: Toxapex|94/100 brn|[from] brn\n|upkeep\n|inactive|Time left: 300 sec this turn | 300 sec total | 5 sec grace\n|\n|t:|1783560615\n|switch|p2a: Serperior|Serperior, L79, M|248/248\n|-activate|p2a: Serperior|move: Sticky Web\n|-boost|p2a: Serperior|spe|1\n|-damage|p2a: Serperior|217/248|[from] Spikes\n|-status|p2a: Serperior|psn\n|-damage|p2a: Serperior|186/248 psn|[from] Stealth Rock\n|turn|18\n|inactive|Time left: 300 sec this turn | 300 sec total\n|\n|t:|1783560617\n|switch|p1a: Entei|Entei, L78|100/100\n|move|p2a: Serperior|Leaf Storm|p1a: Entei|[miss]\n|-miss|p2a: Serperior|p1a: Entei\n|\n|-damage|p2a: Serperior|155/248 psn|[from] psn\n|upkeep\n|turn|19\n|inactive|Time left: 300 sec this turn | 300 sec total\n|\n|t:|1783560617\n|move|p2a: Serperior|Glare|p1a: Entei\n|-status|p1a: Entei|par\n|cant|p1a: Entei|par\n|\n|-damage|p2a: Serperior|124/248 psn|[from] psn\n|upkeep\n|turn|20\n|inactive|Time left: 300 sec this turn | 300 sec total\n|\n|t:|1783560618\n|move|p2a: Serperior|Leaf Storm|p1a: Entei\n|-resisted|p1a: Entei\n|-damage|p1a: Entei|76/100 par\n|-boost|p2a: Serperior|spa|2\n|-damage|p2a: Serperior|100/248 psn|[from] item: Life Orb\n|move|p1a: Entei|Sacred Fire|p2a: Serperior\n|-supereffective|p2a: Serperior\n|-damage|p2a: Serperior|0 fnt\n|faint|p2a: Serperior\n|\n|upkeep\n|inactive|Time left: 300 sec this turn | 300 sec total | 5 sec grace\n|\n|t:|1783560619\n|switch|p2a: Dachsbun|Dachsbun, L92, F|254/254\n|-activate|p2a: Dachsbun|move: Sticky Web\n|-unboost|p2a: Dachsbun|spe|1\n|-damage|p2a: Dachsbun|223/254|[from] Spikes\n|-status|p2a: Dachsbun|psn\n|-damage|p2a: Dachsbun|192/254 psn|[from] Stealth Rock\n|turn|21\n|inactive|Time left: 300 sec this turn | 300 sec total\n|\n|t:|1783560620\n|switch|p1a: Toxapex|Toxapex, L82, M|100/100 brn\n|move|p2a: Dachsbun|Wish|p2a: Dachsbun\n|\n|-heal|p2a: Dachsbun|207/254 psn|[from] item: Leftovers\n|-damage|p2a: Dachsbun|176/254 psn|[from] psn\n|-damage|p1a: Toxapex|94/100 brn|[from] brn\n|upkeep\n|turn|22\n|inactive|Time left: 300 sec this turn | 300 sec total\n|\n|t:|1783560621\n|move|p2a: Dachsbun|Play Rough|p1a: Toxapex\n|-resisted|p1a: Toxapex\n|-damage|p1a: Toxapex|79/100 brn\n|-unboost|p1a: Toxapex|atk|1\n|-damage|p2a: Dachsbun|134/254 psn|[from] item: Rocky Helmet|[of] p1a: Toxapex\n|move|p1a: Toxapex|Liquidation|p2a: Dachsbun\n|-damage|p2a: Dachsbun|120/254 psn\n|\n|-heal|p2a: Dachsbun|247/254 psn|[from] move: Wish|[wisher] Dachsbun\n|-heal|p2a: Dachsbun|254/254 psn|[from] item: Leftovers\n|-damage|p2a: Dachsbun|223/254 psn|[from] psn\n|-damage|p1a: Toxapex|73/100 brn|[from] brn\n|upkeep\n|turn|23\n|inactive|Time left: 300 sec this turn | 300 sec total\n|\n|t:|1783560622\n|switch|p1a: Entei|Entei, L78|76/100 par\n|move|p2a: Dachsbun|Play Rough|p1a: Entei\n|-resisted|p1a: Entei\n|-damage|p1a: Entei|59/100 par\n|\n|-heal|p2a: Dachsbun|238/254 psn|[from] item: Leftovers\n|-damage|p2a: Dachsbun|207/254 psn|[from] psn\n|upkeep\n|turn|24\n|inactive|Time left: 300 sec this turn | 300 sec total\n|\n|t:|1783560623\n|cant|p1a: Entei|par\n|move|p2a: Dachsbun|Wish|p2a: Dachsbun\n|\n|-heal|p2a: Dachsbun|222/254 psn|[from] item: Leftovers\n|-damage|p2a: Dachsbun|191/254 psn|[from] psn\n|upkeep\n|turn|25\n|inactive|Time left: 300 sec this turn | 300 sec total\n|\n|t:|1783560624\n|move|p2a: Dachsbun|Play Rough|p1a: Entei\n|-resisted|p1a: Entei\n|-damage|p1a: Entei|42/100 par\n|move|p1a: Entei|Stomping Tantrum|p2a: Dachsbun\n|-damage|p2a: Dachsbun|70/254 psn\n|\n|-heal|p2a: Dachsbun|197/254 psn|[from] move: Wish|[wisher] Dachsbun\n|-heal|p2a: Dachsbun|212/254 psn|[from] item: Leftovers\n|-damage|p2a: Dachsbun|181/254 psn|[from] psn\n|upkeep\n|turn|26\n|inactive|Time left: 300 sec this turn | 300 sec total\n|\n|t:|1783560625\n|move|p2a: Dachsbun|Play Rough|p1a: Entei\n|-resisted|p1a: Entei\n|-damage|p1a: Entei|24/100 par\n|move|p1a: Entei|Stomping Tantrum|p2a: Dachsbun\n|-damage|p2a: Dachsbun|124/254 psn\n|\n|-heal|p2a: Dachsbun|139/254 psn|[from] item: Leftovers\n|-damage|p2a: Dachsbun|108/254 psn|[from] psn\n|upkeep\n|turn|27\n|inactive|Time left: 300 sec this turn | 300 sec total\n|\n|t:|1783560626\n|move|p2a: Dachsbun|Wish|p2a: Dachsbun\n|move|p1a: Entei|Stomping Tantrum|p2a: Dachsbun\n|-damage|p2a: Dachsbun|50/254 psn\n|\n|-heal|p2a: Dachsbun|65/254 psn|[from] item: Leftovers\n|-damage|p2a: Dachsbun|34/254 psn|[from] psn\n|upkeep\n|turn|28\n|inactive|Time left: 300 sec this turn | 300 sec total\n|\n|t:|1783560627\n|move|p2a: Dachsbun|Protect|p2a: Dachsbun\n|-singleturn|p2a: Dachsbun|Protect\n|move|p1a: Entei|Stomping Tantrum|p2a: Dachsbun\n|-activate|p2a: Dachsbun|move: Protect\n|\n|-heal|p2a: Dachsbun|161/254 psn|[from] move: Wish|[wisher] Dachsbun\n|-heal|p2a: Dachsbun|176/254 psn|[from] item: Leftovers\n|-damage|p2a: Dachsbun|145/254 psn|[from] psn\n|upkeep\n|turn|29\n|inactive|Time left: 300 sec this turn | 300 sec total\n|\n|t:|1783560628\n|move|p2a: Dachsbun|Wish|p2a: Dachsbun\n|move|p1a: Entei|Stomping Tantrum|p2a: Dachsbun\n|-damage|p2a: Dachsbun|83/254 psn\n|\n|-heal|p2a: Dachsbun|98/254 psn|[from] item: Leftovers\n|-damage|p2a: Dachsbun|67/254 psn|[from] psn\n|upkeep\n|turn|30\n|inactive|Time left: 300 sec this turn | 300 sec total\n|\n|t:|1783560629\n|move|p2a: Dachsbun|Play Rough|p1a: Entei\n|-resisted|p1a: Entei\n|-damage|p1a: Entei|6/100 par\n|move|p1a: Entei|Stomping Tantrum|p2a: Dachsbun\n|-damage|p2a: Dachsbun|12/254 psn\n|\n|-heal|p2a: Dachsbun|139/254 psn|[from] move: Wish|[wisher] Dachsbun\n|-heal|p2a: Dachsbun|154/254 psn|[from] item: Leftovers\n|-damage|p2a: Dachsbun|123/254 psn|[from] psn\n|upkeep\n|turn|31\n|inactive|Time left: 300 sec this turn | 300 sec total\n|\n|t:|1783560630\n|move|p2a: Dachsbun|Play Rough|p1a: Entei|[miss]\n|-miss|p2a: Dachsbun|p1a: Entei\n|move|p1a: Entei|Stomping Tantrum|p2a: Dachsbun\n|-damage|p2a: Dachsbun|62/254 psn\n|\n|-heal|p2a: Dachsbun|77/254 psn|[from] item: Leftovers\n|-damage|p2a: Dachsbun|46/254 psn|[from] psn\n|upkeep\n|turn|32\n|inactive|Time left: 300 sec this turn | 300 sec total\n|\n|t:|1783560631\n|switch|p1a: Toxapex|Toxapex, L82, M|100/100 brn\n|move|p2a: Dachsbun|Play Rough|p1a: Toxapex\n|-resisted|p1a: Toxapex\n|-damage|p1a: Toxapex|85/100 brn\n|-damage|p2a: Dachsbun|4/254 psn|[from] item: Rocky Helmet|[of] p1a: Toxapex\n|\n|-heal|p2a: Dachsbun|19/254 psn|[from] item: Leftovers\n|-damage|p2a: Dachsbun|0 fnt|[from] psn\n|faint|p2a: Dachsbun\n|-damage|p1a: Toxapex|79/100 brn|[from] brn\n|upkeep\n|inactive|Time left: 300 sec this turn | 300 sec total | 5 sec grace\n|\n|t:|1783560632\n|switch|p2a: Plusle|Plusle, L95, M|242/268\n|-activate|p2a: Plusle|move: Sticky Web\n|-unboost|p2a: Plusle|spe|1\n|-damage|p2a: Plusle|209/268|[from] Spikes\n|-status|p2a: Plusle|psn\n|-damage|p2a: Plusle|176/268 psn|[from] Stealth Rock\n|turn|33\n|inactive|Time left: 300 sec this turn | 300 sec total\n|\n|t:|1783560633\n|switch|p1a: Entei|Entei, L78|6/100 par\n|move|p2a: Plusle|Thunderbolt|p1a: Entei\n|-damage|p1a: Entei|0 fnt\n|faint|p1a: Entei\n|-damage|p2a: Plusle|150/268 psn|[from] item: Life Orb\n|\n|-damage|p2a: Plusle|117/268 psn|[from] psn\n|upkeep\n|\n|t:|1783560633\n|switch|p1a: Iron Valiant|Iron Valiant, L78|100/100\n|turn|34\n|inactive|Time left: 300 sec this turn | 300 sec total\n|\n|t:|1783560634\n|move|p1a: Iron Valiant|Spirit Break|p2a: Plusle\n|-damage|p2a: Plusle|0 fnt\n|faint|p2a: Plusle\n|-damage|p1a: Iron Valiant|91/100|[from] item: Life Orb\n|\n|upkeep\n|inactive|Time left: 300 sec this turn | 300 sec total | 5 sec grace\n|\n|t:|1783560635\n|switch|p2a: Lumineon|Lumineon, L93, F|279/279\n|-activate|p2a: Lumineon|move: Sticky Web\n|-unboost|p2a: Lumineon|spe|1\n|-damage|p2a: Lumineon|245/279|[from] Spikes\n|-status|p2a: Lumineon|psn\n|-damage|p2a: Lumineon|211/279 psn|[from] Stealth Rock\n|turn|35\n|inactive|Time left: 300 sec this turn | 300 sec total\n|\n|t:|1783560636\n|-end|p1a: Iron Valiant|Quark Drive|[silent]\n|switch|p1a: Toxapex|Toxapex, L82, M|100/100 brn\n|move|p2a: Lumineon|Hydro Pump|p1a: Toxapex|[miss]\n|-miss|p2a: Lumineon|p1a: Toxapex\n|\n|-damage|p2a: Lumineon|177/279 psn|[from] psn\n|-damage|p1a: Toxapex|94/100 brn|[from] brn\n|upkeep\n|turn|36\n|inactive|Time left: 300 sec this turn | 300 sec total\n|\n|t:|1783560637\n|switch|p1a: Iron Valiant|Iron Valiant, L78|91/100\n|move|p2a: Lumineon|Alluring Voice|p1a: Iron Valiant\n|-supereffective|p1a: Iron Valiant\n|-damage|p1a: Iron Valiant|9/100\n|-damage|p2a: Lumineon|150/279 psn|[from] item: Life Orb\n|\n|-damage|p2a: Lumineon|116/279 psn|[from] psn\n|upkeep\n|turn|37\n|inactive|Time left: 300 sec this turn | 300 sec total\n|\n|t:|1783560638\n|-end|p1a: Iron Valiant|Quark Drive|[silent]\n|switch|p1a: Toxapex|Toxapex, L82, M|100/100 brn\n|move|p2a: Lumineon|Alluring Voice|p1a: Toxapex\n|-resisted|p1a: Toxapex\n|-damage|p1a: Toxapex|88/100 brn\n|-damage|p2a: Lumineon|89/279 psn|[from] item: Life Orb\n|\n|-damage|p2a: Lumineon|55/279 psn|[from] psn\n|-damage|p1a: Toxapex|82/100 brn|[from] brn\n|upkeep\n|turn|38\n|inactive|Time left: 300 sec this turn | 300 sec total\n|\n|t:|1783560639\n|switch|p1a: Spidops|Spidops, L96, M|15/100\n|move|p2a: Lumineon|Encore||[still]\n|-fail|p2a: Lumineon\n|\n|-damage|p2a: Lumineon|21/279 psn|[from] psn\n|upkeep\n|turn|39\n|inactive|Time left: 300 sec this turn | 300 sec total\n|\n|t:|1783560640\n|switch|p1a: Toxapex|Toxapex, L82, M|100/100 brn\n|move|p2a: Lumineon|Ice Beam|p1a: Toxapex\n|-resisted|p1a: Toxapex\n|-damage|p1a: Toxapex|88/100 brn\n|-damage|p2a: Lumineon|0 fnt|[from] item: Life Orb\n|faint|p2a: Lumineon\n|\n|-damage|p1a: Toxapex|82/100 brn|[from] brn\n|upkeep\n|inactive|Time left: 300 sec this turn | 300 sec total | 5 sec grace\n|\n|t:|1783560641\n|switch|p2a: Illumise|Illumise, L91, F|266/266\n|turn|40\n|inactive|Time left: 300 sec this turn | 300 sec total\n|\n|t:|1783560642\n|move|p2a: Illumise|Bug Buzz|p1a: Toxapex\n|-resisted|p1a: Toxapex\n|-damage|p1a: Toxapex|67/100 brn\n|move|p1a: Toxapex|Toxic|p2a: Illumise\n|-status|p2a: Illumise|tox\n|\n|-damage|p2a: Illumise|250/266 tox|[from] psn\n|-damage|p1a: Toxapex|61/100 brn|[from] brn\n|upkeep\n|turn|41\n|inactive|Time left: 300 sec this turn | 300 sec total\n|\n|t:|1783560643\n|move|p2a: Illumise|Bug Buzz|p1a: Toxapex\n|-resisted|p1a: Toxapex\n|-damage|p1a: Toxapex|46/100 brn\n|move|p1a: Toxapex|Recover|p1a: Toxapex\n|-heal|p1a: Toxapex|96/100 brn\n|\n|-damage|p2a: Illumise|218/266 tox|[from] psn\n|-damage|p1a: Toxapex|90/100 brn|[from] brn\n|upkeep\n|turn|42\n|inactive|Time left: 300 sec this turn | 300 sec total\n|\n|t:|1783560644\n|move|p2a: Illumise|Thunder Wave||[still]\n|-fail|p2a: Illumise\n|move|p1a: Toxapex|Liquidation|p2a: Illumise\n|-damage|p2a: Illumise|184/266 tox\n|\n|-damage|p2a: Illumise|136/266 tox|[from] psn\n|-damage|p1a: Toxapex|84/100 brn|[from] brn\n|upkeep\n|turn|43\n|inactive|Time left: 300 sec this turn | 300 sec total\n|\n|t:|1783560645\n|switch|p1a: Iron Valiant|Iron Valiant, L78|9/100\n|move|p2a: Illumise|Roost|p2a: Illumise\n|-heal|p2a: Illumise|266/266 tox\n|-singleturn|p2a: Illumise|move: Roost\n|\n|-damage|p2a: Illumise|202/266 tox|[from] psn\n|upkeep\n|turn|44\n|inactive|Time left: 300 sec this turn | 300 sec total\n|\n|t:|1783560646\n|-terastallize|p1a: Iron Valiant|Fighting\n|move|p2a: Illumise|Thunder Wave|p1a: Iron Valiant\n|-status|p1a: Iron Valiant|par\n|move|p1a: Iron Valiant|Close Combat|p2a: Illumise\n|-resisted|p2a: Illumise\n|-damage|p2a: Illumise|73/266 tox\n|-unboost|p1a: Iron Valiant|def|1\n|-unboost|p1a: Iron Valiant|spd|1\n|-damage|p1a: Iron Valiant|0 fnt|[from] item: Life Orb\n|faint|p1a: Iron Valiant\n|-end|p1a: Iron Valiant|Quark Drive|[silent]\n|\n|-damage|p2a: Illumise|0 fnt|[from] psn\n|faint|p2a: Illumise\n|\n|win|p0x184387c4", "uploadtime": 1783560646, "views": 0, "rating": 0, "private": 0, "password": null, "_winner": "p0x184387c4", "_our_name": "p0y1843e15b"}