{"id": "battle-gen9randombattle-21", "formatid": "gen9randombattle", "format": "[Gen 9] Random Battle", "players": ["p0x021021f", "p0y021006e"], "log": "|init|battle\n|title|p0x021021f vs. p0y021006e\n|j|\u2606p0x021021f\n|j|\u2606p0y021006e\n|t:|1783539402\n|gametype|singles\n|player|p1|p0x021021f|2|\n|player|p2|p0y021006e|1|\n|gen|9\n|tier|[Gen 9] Random Battle\n|rule|Species Clause: Limit one of each Pok\u00e9mon\n|rule|HP Percentage Mod: HP is shown in percentages\n|rule|Sleep Clause Mod: Limit one foe put to sleep\n|rule|Illusion Level Mod: Illusion disguises the Pok\u00e9mon's true level\n|\n|t:|1783539402\n|teamsize|p1|6\n|teamsize|p2|6\n|start\n|switch|p1a: Glaceon|Glaceon, L94, F|275/275\n|switch|p2a: Squawkabilly|Squawkabilly, L85, F|100/100\n|turn|1\n|inactive|Battle timer is ON: inactive players will automatically lose when time's up. (requested by p0x021021f)\n|inactive|p0y021006e also wants the timer to be on.\n|\n|t:|1783539404\n|move|p2a: Squawkabilly|Protect|p2a: Squawkabilly\n|-singleturn|p2a: Squawkabilly|Protect\n|move|p1a: Glaceon|Freeze-Dry|p2a: Squawkabilly\n|-activate|p2a: Squawkabilly|move: Protect\n|\n|-status|p2a: Squawkabilly|brn|[from] item: Flame Orb\n|upkeep\n|turn|2\n|inactive|Time left: 300 sec this turn | 300 sec total\n|\n|t:|1783539405\n|switch|p2a: Diancie|Diancie, L82|100/100\n|move|p1a: Glaceon|Freeze-Dry|p2a: Diancie\n|-damage|p2a: Diancie|65/100\n|\n|-heal|p2a: Diancie|71/100|[from] item: Leftovers\n|upkeep\n|turn|3\n|inactive|Time left: 300 sec this turn | 300 sec total\n|\n|t:|1783539406\n|move|p1a: Glaceon|Freeze-Dry|p2a: Diancie\n|-damage|p2a: Diancie|32/100\n|move|p2a: Diancie|Diamond Storm|p1a: Glaceon\n|-supereffective|p1a: Glaceon\n|-crit|p1a: Glaceon\n|-damage|p1a: Glaceon|53/275\n|\n|-heal|p2a: Diancie|38/100|[from] item: Leftovers\n|upkeep\n|turn|4\n|inactive|Time left: 300 sec this turn | 300 sec total\n|\n|t:|1783539408\n|move|p1a: Glaceon|Freeze-Dry|p2a: Diancie\n|-damage|p2a: Diancie|0 fnt\n|faint|p2a: Diancie\n|\n|upkeep\n|\n|t:|1783539408\n|switch|p2a: Dugtrio|Dugtrio, L84, F|100/100\n|turn|5\n|inactive|Time left: 300 sec this turn | 300 sec total\n|\n|t:|1783539410\n|move|p2a: Dugtrio|Earthquake|p1a: Glaceon\n|-damage|p1a: Glaceon|0 fnt\n|faint|p1a: Glaceon\n|\n|upkeep\n|inactive|Time left: 300 sec this turn | 300 sec total | 5 sec grace\n|\n|t:|1783539411\n|switch|p1a: Passimian|Passimian, L83, F|302/302\n|turn|6\n|inactive|Time left: 300 sec this turn | 300 sec total\n|\n|t:|1783539412\n|switch|p2a: Brambleghast|Brambleghast, L88, M|100/100\n|move|p1a: Passimian|Knock Off|p2a: Brambleghast\n|-supereffective|p2a: Brambleghast\n|-damage|p2a: Brambleghast|25/100\n|-enditem|p2a: Brambleghast|Leftovers|[from] move: Knock Off|[of] p1a: Passimian\n|\n|upkeep\n|turn|7\n|inactive|Time left: 300 sec this turn | 300 sec total\n|\n|t:|1783539413\n|move|p2a: Brambleghast|Poltergeist|p1a: Passimian\n|-activate|p1a: Passimian|move: Poltergeist|Leftovers\n|-damage|p1a: Passimian|164/302\n|move|p1a: Passimian|Bulk Up|p1a: Passimian\n|-boost|p1a: Passimian|atk|1\n|-boost|p1a: Passimian|def|1\n|\n|-heal|p1a: Passimian|182/302|[from] item: Leftovers\n|upkeep\n|turn|8\n|inactive|Time left: 300 sec this turn | 300 sec total\n|\n|t:|1783539414\n|move|p2a: Brambleghast|Poltergeist|p1a: Passimian\n|-activate|p1a: Passimian|move: Poltergeist|Leftovers\n|-damage|p1a: Passimian|92/302\n|move|p1a: Passimian|Knock Off|p2a: Brambleghast\n|-supereffective|p2a: Brambleghast\n|-damage|p2a: Brambleghast|0 fnt\n|faint|p2a: Brambleghast\n|\n|-heal|p1a: Passimian|110/302|[from] item: Leftovers\n|upkeep\n|\n|t:|1783539415\n|switch|p2a: Squawkabilly|Squawkabilly, L85, F|100/100 brn\n|turn|9\n|inactive|Time left: 300 sec this turn | 300 sec total\n|\n|t:|1783539416\n|-terastallize|p1a: Passimian|Steel\n|move|p2a: Squawkabilly|Facade|p1a: Passimian\n|-resisted|p1a: Passimian\n|-damage|p1a: Passimian|35/302\n|move|p1a: Passimian|Drain Punch|p2a: Squawkabilly\n|-damage|p2a: Squawkabilly|27/100 brn\n|-heal|p1a: Passimian|138/302|[from] drain|[of] p2a: Squawkabilly\n|\n|-heal|p1a: Passimian|156/302|[from] item: Leftovers\n|-damage|p2a: Squawkabilly|21/100 brn|[from] brn\n|upkeep\n|turn|10\n|inactive|Time left: 300 sec this turn | 300 sec total\n|\n|t:|1783539417\n|move|p2a: Squawkabilly|Facade|p1a: Passimian\n|-resisted|p1a: Passimian\n|-damage|p1a: Passimian|85/302\n|move|p1a: Passimian|Drain Punch|p2a: Squawkabilly\n|-damage|p2a: Squawkabilly|0 fnt\n|-heal|p1a: Passimian|113/302|[from] drain|[of] p2a: Squawkabilly\n|faint|p2a: Squawkabilly\n|\n|-heal|p1a: Passimian|131/302|[from] item: Leftovers\n|upkeep\n|\n|t:|1783539418\n|switch|p2a: Dugtrio|Dugtrio, L84, F|100/100\n|turn|11\n|inactive|Time left: 300 sec this turn | 300 sec total\n|\n|t:|1783539419\n|move|p2a: Dugtrio|Earthquake|p1a: Passimian\n|-supereffective|p1a: Passimian\n|-damage|p1a: Passimian|0 fnt\n|faint|p1a: Passimian\n|\n|upkeep\n|inactive|Time left: 300 sec this turn | 300 sec total | 5 sec grace\n|\n|t:|1783539420\n|switch|p1a: Dodrio|Dodrio, L85, F|241/241\n|turn|12\n|inactive|Time left: 300 sec this turn | 300 sec total\n|\n|t:|1783539421\n|switch|p2a: Dunsparce|Dunsparce, L86, M|100/100\n|move|p1a: Dodrio|Knock Off|p2a: Dunsparce\n|-damage|p2a: Dunsparce|81/100\n|-enditem|p2a: Dunsparce|Eviolite|[from] move: Knock Off|[of] p1a: Dodrio\n|\n|upkeep\n|turn|13\n|inactive|Time left: 300 sec this turn | 300 sec total\n|\n|t:|1783539422\n|move|p1a: Dodrio|Swords Dance|p1a: Dodrio\n|-boost|p1a: Dodrio|atk|2\n|move|p2a: Dunsparce|Coil|p2a: Dunsparce\n|-boost|p2a: Dunsparce|atk|1\n|-boost|p2a: Dunsparce|def|1\n|-boost|p2a: Dunsparce|accuracy|1\n|\n|upkeep\n|turn|14\n|inactive|Time left: 300 sec this turn | 300 sec total\n|\n|t:|1783539423\n|move|p1a: Dodrio|Brave Bird|p2a: Dunsparce\n|-damage|p2a: Dunsparce|16/100\n|-damage|p1a: Dodrio|174/241|[from] Recoil\n|move|p2a: Dunsparce|Body Slam|p1a: Dodrio\n|-damage|p1a: Dodrio|42/241\n|-status|p1a: Dodrio|par\n|\n|upkeep\n|turn|15\n|inactive|Time left: 300 sec this turn | 300 sec total\n|\n|t:|1783539425\n|move|p2a: Dunsparce|Body Slam|p1a: Dodrio\n|-damage|p1a: Dodrio|0 fnt\n|faint|p1a: Dodrio\n|\n|upkeep\n|inactive|Time left: 300 sec this turn | 300 sec total | 5 sec grace\n|\n|t:|1783539425\n|switch|p1a: Scizor|Scizor, L79, F|240/240\n|turn|16\n|inactive|Time left: 300 sec this turn | 300 sec total\n|\n|t:|1783539426\n|switch|p2a: Phione|Phione, L91|100/100\n|move|p1a: Scizor|Bug Bite|p2a: Phione\n|-damage|p2a: Phione|51/100\n|-damage|p1a: Scizor|216/240|[from] item: Life Orb\n|\n|-heal|p2a: Phione|57/100|[from] item: Leftovers\n|upkeep\n|turn|17\n|inactive|Time left: 300 sec this turn | 300 sec total\n|\n|t:|1783539427\n|move|p2a: Phione|Scald|p1a: Scizor\n|-damage|p1a: Scizor|126/240\n|-status|p1a: Scizor|brn\n|move|p1a: Scizor|Swords Dance|p1a: Scizor\n|-boost|p1a: Scizor|atk|2\n|\n|-heal|p2a: Phione|63/100|[from] item: Leftovers\n|-damage|p1a: Scizor|111/240 brn|[from] brn\n|upkeep\n|turn|18\n|inactive|Time left: 300 sec this turn | 300 sec total\n|\n|t:|1783539429\n|move|p2a: Phione|Scald|p1a: Scizor\n|-damage|p1a: Scizor|15/240 brn\n|move|p1a: Scizor|Bug Bite|p2a: Phione\n|-damage|p2a: Phione|17/100\n|-damage|p1a: Scizor|0 fnt|[from] item: Life Orb\n|faint|p1a: Scizor\n|\n|-heal|p2a: Phione|23/100|[from] item: Leftovers\n|upkeep\n|inactive|Time left: 300 sec this turn | 300 sec total | 5 sec grace\n|\n|t:|1783539430\n|switch|p1a: Zangoose|Zangoose, L85, F|263/263\n|turn|19\n|inactive|Time left: 300 sec this turn | 300 sec total\n|\n|t:|1783539431\n|switch|p2a: Dugtrio|Dugtrio, L84, F|100/100\n|move|p1a: Zangoose|Knock Off|p2a: Dugtrio\n|-damage|p2a: Dugtrio|34/100\n|-enditem|p2a: Dugtrio|Choice Band|[from] move: Knock Off|[of] p1a: Zangoose\n|\n|-status|p1a: Zangoose|tox|[from] item: Toxic Orb\n|upkeep\n|turn|20\n|inactive|Time left: 300 sec this turn | 300 sec total\n|\n|t:|1783539432\n|move|p2a: Dugtrio|Throat Chop|p1a: Zangoose\n|-damage|p1a: Zangoose|185/263 tox\n|-start|p1a: Zangoose|Throat Chop|[silent]\n|move|p1a: Zangoose|Facade|p2a: Dugtrio\n|-damage|p2a: Dugtrio|0 fnt\n|faint|p2a: Dugtrio\n|\n|-damage|p1a: Zangoose|169/263 tox|[from] psn\n|upkeep\n|\n|t:|1783539433\n|switch|p2a: Phione|Phione, L91|23/100\n|turn|21\n|inactive|Time left: 300 sec this turn | 300 sec total\n|\n|t:|1783539434\n|move|p1a: Zangoose|Knock Off|p2a: Phione\n|-damage|p2a: Phione|0 fnt\n|-enditem|p2a: Phione|Leftovers|[from] move: Knock Off|[of] p1a: Zangoose\n|faint|p2a: Phione\n|\n|-damage|p1a: Zangoose|137/263 tox|[from] psn\n|-end|p1a: Zangoose|Throat Chop|[silent]\n|upkeep\n|\n|t:|1783539434\n|switch|p2a: Dunsparce|Dunsparce, L86, M|16/100\n|turn|22\n|inactive|Time left: 300 sec this turn | 300 sec total\n|\n|t:|1783539435\n|-terastallize|p2a: Dunsparce|Ghost\n|move|p1a: Zangoose|Knock Off|p2a: Dunsparce\n|-supereffective|p2a: Dunsparce\n|-damage|p2a: Dunsparce|0 fnt\n|faint|p2a: Dunsparce\n|\n|win|p0x021021f", "uploadtime": 1783539435, "views": 0, "rating": 0, "private": 0, "password": null, "_winner": "p0x021021f", "_our_name": "p0x021021f"}