{"id": "battle-gen9randombattle-229", "formatid": "gen9randombattle", "format": "[Gen 9] Random Battle", "players": ["p0x22985e3", "p0y229549b"], "log": "|init|battle\n|title|p0x22985e3 vs. p0y229549b\n|j|\u2606p0x22985e3\n|j|\u2606p0y229549b\n|t:|1783541759\n|gametype|singles\n|player|p1|p0x22985e3|169|\n|player|p2|p0y229549b|101|\n|gen|9\n|tier|[Gen 9] Random Battle\n|rule|Species Clause: Limit one of each Pok\u00e9mon\n|rule|HP Percentage Mod: HP is shown in percentages\n|rule|Sleep Clause Mod: Limit one foe put to sleep\n|rule|Illusion Level Mod: Illusion disguises the Pok\u00e9mon's true level\n|\n|t:|1783541759\n|teamsize|p1|6\n|teamsize|p2|6\n|start\n|switch|p1a: Muk|Muk-Alola, L82, F|306/306\n|switch|p2a: Pachirisu|Pachirisu, L96, F|100/100\n|turn|1\n|inactive|Battle timer is ON: inactive players will automatically lose when time's up. (requested by p0x22985e3)\n|inactive|p0y229549b also wants the timer to be on.\n|\n|t:|1783541760\n|move|p2a: Pachirisu|Super Fang|p1a: Muk\n|-damage|p1a: Muk|153/306\n|move|p1a: Muk|Knock Off|p2a: Pachirisu\n|-damage|p2a: Pachirisu|59/100\n|-enditem|p2a: Pachirisu|Heavy-Duty Boots|[from] move: Knock Off|[of] p1a: Muk\n|\n|upkeep\n|turn|2\n|inactive|Time left: 300 sec this turn | 300 sec total\n|\n|t:|1783541762\n|move|p2a: Pachirisu|Super Fang|p1a: Muk\n|-damage|p1a: Muk|77/306\n|move|p1a: Muk|Knock Off|p2a: Pachirisu\n|-damage|p2a: Pachirisu|32/100\n|-status|p2a: Pachirisu|psn|[from] ability: Poison Touch|[of] p1a: Muk\n|\n|-damage|p2a: Pachirisu|20/100 psn|[from] psn\n|upkeep\n|turn|3\n|inactive|Time left: 300 sec this turn | 300 sec total\n|\n|t:|1783541763\n|switch|p2a: Forretress|Forretress, L84, F|100/100\n|move|p1a: Muk|Knock Off|p2a: Forretress\n|-damage|p2a: Forretress|72/100\n|-enditem|p2a: Forretress|Leftovers|[from] move: Knock Off|[of] p1a: Muk\n|\n|upkeep\n|turn|4\n|inactive|Time left: 300 sec this turn | 300 sec total\n|\n|t:|1783541764\n|switch|p1a: Dialga|Dialga-Origin, L73|266/266\n|-ability|p1a: Dialga|Pressure\n|move|p2a: Forretress|Stealth Rock|p1a: Dialga\n|-sidestart|p1: p0x22985e3|move: Stealth Rock\n|\n|upkeep\n|turn|5\n|inactive|Time left: 300 sec this turn | 300 sec total\n|\n|t:|1783541765\n|move|p1a: Dialga|Fire Blast|p2a: Forretress\n|-supereffective|p2a: Forretress\n|-damage|p2a: Forretress|0 fnt\n|faint|p2a: Forretress\n|\n|upkeep\n|\n|t:|1783541766\n|switch|p2a: Electivire|Electivire, L84, M|100/100\n|turn|6\n|inactive|Time left: 300 sec this turn | 300 sec total\n|\n|t:|1783541768\n|move|p2a: Electivire|Earthquake|p1a: Dialga\n|-supereffective|p1a: Dialga\n|-damage|p1a: Dialga|76/266\n|-damage|p2a: Electivire|91/100|[from] item: Life Orb\n|move|p1a: Dialga|Draco Meteor|p2a: Electivire|[miss]\n|-miss|p1a: Dialga|p2a: Electivire\n|\n|upkeep\n|turn|7\n|inactive|Time left: 300 sec this turn | 300 sec total\n|\n|t:|1783541769\n|move|p2a: Electivire|Earthquake|p1a: Dialga\n|-supereffective|p1a: Dialga\n|-damage|p1a: Dialga|0 fnt\n|faint|p1a: Dialga\n|-damage|p2a: Electivire|81/100|[from] item: Life Orb\n|\n|upkeep\n|inactive|Time left: 300 sec this turn | 300 sec total | 5 sec grace\n|\n|t:|1783541770\n|switch|p1a: Tyranitar|Tyranitar, L78, M|284/284\n|-damage|p1a: Tyranitar|249/284|[from] Stealth Rock\n|-weather|Sandstorm|[from] ability: Sand Stream|[of] p1a: Tyranitar\n|turn|8\n|inactive|Time left: 300 sec this turn | 300 sec total\n|\n|t:|1783541771\n|move|p2a: Electivire|Earthquake|p1a: Tyranitar\n|-supereffective|p1a: Tyranitar\n|-damage|p1a: Tyranitar|46/284\n|-damage|p2a: Electivire|71/100|[from] item: Life Orb\n|move|p1a: Tyranitar|Stone Edge|p2a: Electivire\n|-damage|p2a: Electivire|19/100\n|\n|-weather|Sandstorm|[upkeep]\n|-damage|p2a: Electivire|13/100|[from] Sandstorm\n|-heal|p1a: Tyranitar|63/284|[from] item: Leftovers\n|upkeep\n|turn|9\n|inactive|Time left: 300 sec this turn | 300 sec total\n|\n|t:|1783541772\n|move|p2a: Electivire|Earthquake|p1a: Tyranitar\n|-supereffective|p1a: Tyranitar\n|-damage|p1a: Tyranitar|0 fnt\n|faint|p1a: Tyranitar\n|-damage|p2a: Electivire|3/100|[from] item: Life Orb\n|\n|-weather|Sandstorm|[upkeep]\n|-damage|p2a: Electivire|0 fnt|[from] Sandstorm\n|faint|p2a: Electivire\n|upkeep\n|inactive|Time left: 300 sec this turn | 300 sec total | 5 sec grace\n|\n|t:|1783541774\n|switch|p2a: Primarina|Primarina, L83, F|100/100\n|switch|p1a: Alcremie|Alcremie-Mint-Cream, L90, F|263/263\n|-damage|p1a: Alcremie|231/263|[from] Stealth Rock\n|turn|10\n|inactive|Time left: 300 sec this turn | 300 sec total\n|\n|t:|1783541775\n|move|p1a: Alcremie|Calm Mind|p1a: Alcremie\n|-boost|p1a: Alcremie|spa|1\n|-boost|p1a: Alcremie|spd|1\n|move|p2a: Primarina|Calm Mind|p2a: Primarina\n|-boost|p2a: Primarina|spa|1\n|-boost|p2a: Primarina|spd|1\n|\n|-weather|Sandstorm|[upkeep]\n|-damage|p1a: Alcremie|215/263|[from] Sandstorm\n|-damage|p2a: Primarina|95/100|[from] Sandstorm\n|-heal|p1a: Alcremie|231/263|[from] item: Leftovers\n|-heal|p2a: Primarina|100/100|[from] item: Leftovers\n|upkeep\n|turn|11\n|inactive|Time left: 300 sec this turn | 300 sec total\n|\n|t:|1783541776\n|move|p1a: Alcremie|Calm Mind|p1a: Alcremie\n|-boost|p1a: Alcremie|spa|1\n|-boost|p1a: Alcremie|spd|1\n|move|p2a: Primarina|Calm Mind|p2a: Primarina\n|-boost|p2a: Primarina|spa|1\n|-boost|p2a: Primarina|spd|1\n|\n|-weather|Sandstorm|[upkeep]\n|-damage|p1a: Alcremie|215/263|[from] Sandstorm\n|-damage|p2a: Primarina|95/100|[from] Sandstorm\n|-heal|p1a: Alcremie|231/263|[from] item: Leftovers\n|-heal|p2a: Primarina|100/100|[from] item: Leftovers\n|upkeep\n|turn|12\n|inactive|Time left: 300 sec this turn | 300 sec total\n|\n|t:|1783541777\n|move|p1a: Alcremie|Psyshock|p2a: Primarina\n|-damage|p2a: Primarina|37/100\n|move|p2a: Primarina|Calm Mind|p2a: Primarina\n|-boost|p2a: Primarina|spa|1\n|-boost|p2a: Primarina|spd|1\n|\n|-weather|none\n|-heal|p1a: Alcremie|247/263|[from] item: Leftovers\n|-heal|p2a: Primarina|43/100|[from] item: Leftovers\n|upkeep\n|turn|13\n|inactive|Time left: 300 sec this turn | 300 sec total\n|\n|t:|1783541778\n|switch|p2a: Mew|Mew, L82|100/100\n|move|p1a: Alcremie|Psyshock|p2a: Mew\n|-resisted|p2a: Mew\n|-damage|p2a: Mew|79/100\n|\n|-heal|p1a: Alcremie|263/263|[from] item: Leftovers\n|upkeep\n|turn|14\n|inactive|Time left: 300 sec this turn | 300 sec total\n|\n|t:|1783541779\n|move|p2a: Mew|Nasty Plot|p2a: Mew\n|-boost|p2a: Mew|spa|2\n|move|p1a: Alcremie|Alluring Voice|p2a: Mew\n|-damage|p2a: Mew|12/100\n|-start|p2a: Mew|confusion\n|\n|upkeep\n|turn|15\n|inactive|Time left: 300 sec this turn | 300 sec total\n|\n|t:|1783541781\n|-activate|p2a: Mew|confusion\n|-damage|p2a: Mew|5/100|[from] confusion\n|move|p1a: Alcremie|Psyshock|p2a: Mew\n|-resisted|p2a: Mew\n|-damage|p2a: Mew|0 fnt\n|faint|p2a: Mew\n|\n|upkeep\n|\n|t:|1783541782\n|switch|p2a: Pachirisu|Pachirisu, L96, F|20/100 psn\n|turn|16\n|inactive|Time left: 300 sec this turn | 300 sec total\n|\n|t:|1783541783\n|move|p2a: Pachirisu|Discharge|p1a: Alcremie\n|-damage|p1a: Alcremie|239/263\n|move|p1a: Alcremie|Calm Mind|p1a: Alcremie\n|-boost|p1a: Alcremie|spa|1\n|-boost|p1a: Alcremie|spd|1\n|\n|-heal|p1a: Alcremie|255/263|[from] item: Leftovers\n|-damage|p2a: Pachirisu|8/100 psn|[from] psn\n|upkeep\n|turn|17\n|inactive|Time left: 300 sec this turn | 300 sec total\n|\n|t:|1783541784\n|move|p2a: Pachirisu|Discharge|p1a: Alcremie\n|-damage|p1a: Alcremie|236/263\n|move|p1a: Alcremie|Alluring Voice|p2a: Pachirisu\n|-damage|p2a: Pachirisu|0 fnt\n|faint|p2a: Pachirisu\n|\n|-heal|p1a: Alcremie|252/263|[from] item: Leftovers\n|upkeep\n|\n|t:|1783541785\n|switch|p2a: Primarina|Primarina, L83, F|43/100\n|turn|18\n|inactive|Time left: 300 sec this turn | 300 sec total\n|\n|t:|1783541786\n|switch|p2a: Calyrex|Calyrex-Shadow, L64|100/100\n|-ability|p2a: Calyrex|As One\n|-ability|p2a: Calyrex|Unnerve\n|move|p1a: Alcremie|Alluring Voice|p2a: Calyrex\n|-crit|p2a: Calyrex\n|-damage|p2a: Calyrex|0 fnt\n|faint|p2a: Calyrex\n|\n|-heal|p1a: Alcremie|263/263|[from] item: Leftovers\n|upkeep\n|\n|t:|1783541787\n|switch|p2a: Primarina|Primarina, L83, F|43/100\n|turn|19\n|inactive|Time left: 300 sec this turn | 300 sec total\n|\n|t:|1783541788\n|-terastallize|p1a: Alcremie|Steel\n|-terastallize|p2a: Primarina|Poison\n|move|p1a: Alcremie|Alluring Voice|p2a: Primarina\n|-resisted|p2a: Primarina\n|-damage|p2a: Primarina|0 fnt\n|faint|p2a: Primarina\n|\n|win|p0x22985e3", "uploadtime": 1783541788, "views": 0, "rating": 0, "private": 0, "password": null, "_winner": "p0x22985e3", "_our_name": "p0x22985e3"}