{"id": "battle-gen9randombattle-2302", "formatid": "gen9randombattle", "format": "[Gen 9] Random Battle", "players": ["p0x23027564", "p0y2302aa55"], "log": "|init|battle\n|title|p0x23027564 vs. p0y2302aa55\n|j|\u2606p0x23027564\n|j|\u2606p0y2302aa55\n|t:|1783565724\n|gametype|singles\n|player|p1|p0x23027564|2|\n|player|p2|p0y2302aa55|101|\n|gen|9\n|tier|[Gen 9] Random Battle\n|rule|Species Clause: Limit one of each Pok\u00e9mon\n|rule|HP Percentage Mod: HP is shown in percentages\n|rule|Sleep Clause Mod: Limit one foe put to sleep\n|rule|Illusion Level Mod: Illusion disguises the Pok\u00e9mon's true level\n|\n|t:|1783565724\n|teamsize|p1|6\n|teamsize|p2|6\n|start\n|switch|p1a: Volcanion|Volcanion, L79|100/100\n|switch|p2a: Quagsire|Quagsire, L84, F|297/297\n|turn|1\n|inactive|Battle timer is ON: inactive players will automatically lose when time's up. (requested by p0x23027564)\n|inactive|Time left: 300 sec this turn | 300 sec total | 60 sec grace\n|inactive|p0y2302aa55 also wants the timer to be on.\n|\n|t:|1783565725\n|move|p1a: Volcanion|Steam Eruption|p2a: Quagsire\n|-damage|p2a: Quagsire|147/297\n|move|p2a: Quagsire|Earthquake|p1a: Volcanion\n|-supereffective|p1a: Volcanion\n|-damage|p1a: Volcanion|36/100\n|\n|-heal|p2a: Quagsire|165/297|[from] item: Leftovers\n|upkeep\n|turn|2\n|inactive|Time left: 300 sec this turn | 300 sec total\n|\n|t:|1783565727\n|move|p1a: Volcanion|Steam Eruption|p2a: Quagsire\n|-damage|p2a: Quagsire|5/297\n|-status|p2a: Quagsire|brn\n|move|p2a: Quagsire|Recover|p2a: Quagsire\n|-heal|p2a: Quagsire|154/297 brn\n|\n|-heal|p2a: Quagsire|172/297 brn|[from] item: Leftovers\n|-damage|p2a: Quagsire|154/297 brn|[from] brn\n|upkeep\n|turn|3\n|inactive|Time left: 300 sec this turn | 300 sec total\n|\n|t:|1783565728\n|move|p1a: Volcanion|Steam Eruption|p2a: Quagsire\n|-damage|p2a: Quagsire|0 fnt\n|faint|p2a: Quagsire\n|\n|upkeep\n|inactive|Time left: 300 sec this turn | 300 sec total | 5 sec grace\n|\n|t:|1783565728\n|switch|p2a: Virizion|Virizion, L82|283/283\n|turn|4\n|inactive|Time left: 300 sec this turn | 300 sec total\n|\n|t:|1783565730\n|switch|p1a: Okidogi|Okidogi, L77, M|100/100\n|move|p2a: Virizion|Swords Dance|p2a: Virizion\n|-boost|p2a: Virizion|atk|2\n|\n|upkeep\n|turn|5\n|inactive|Time left: 300 sec this turn | 300 sec total\n|\n|t:|1783565731\n|move|p2a: Virizion|Leaf Blade|p1a: Okidogi\n|-resisted|p1a: Okidogi\n|-damage|p1a: Okidogi|62/100\n|-damage|p2a: Virizion|255/283|[from] item: Life Orb\n|move|p1a: Okidogi|Gunk Shot|p2a: Virizion\n|-supereffective|p2a: Virizion\n|-damage|p2a: Virizion|0 fnt\n|faint|p2a: Virizion\n|\n|-heal|p1a: Okidogi|68/100|[from] item: Leftovers\n|upkeep\n|inactive|Time left: 300 sec this turn | 300 sec total | 5 sec grace\n|\n|t:|1783565732\n|switch|p2a: Maushold|Maushold-Four, L76|238/238\n|turn|6\n|inactive|Time left: 300 sec this turn | 300 sec total\n|\n|t:|1783565733\n|switch|p1a: Eiscue|Eiscue, L88, F|100/100\n|move|p2a: Maushold|Population Bomb|p1a: Eiscue\n|-activate|p1a: Eiscue|ability: Ice Face\n|-damage|p1a: Eiscue|100/100\n|detailschange|p1a: Eiscue|Eiscue-Noice, L88, F\n|-damage|p1a: Eiscue|91/100\n|-damage|p1a: Eiscue|82/100\n|-damage|p1a: Eiscue|72/100\n|-damage|p1a: Eiscue|63/100\n|-damage|p1a: Eiscue|54/100\n|-damage|p1a: Eiscue|44/100\n|-enditem|p1a: Eiscue|Sitrus Berry|[eat]\n|-heal|p1a: Eiscue|69/100|[from] item: Sitrus Berry\n|-damage|p1a: Eiscue|59/100\n|-damage|p1a: Eiscue|50/100\n|-damage|p1a: Eiscue|41/100\n|-hitcount|p1a: Eiscue|10\n|\n|upkeep\n|turn|7\n|inactive|Time left: 300 sec this turn | 300 sec total\n|\n|t:|1783565734\n|move|p1a: Eiscue|Ice Spinner|p2a: Maushold\n|-damage|p2a: Maushold|124/238\n|move|p2a: Maushold|Population Bomb|p1a: Eiscue\n|-damage|p1a: Eiscue|31/100\n|-damage|p1a: Eiscue|22/100\n|-damage|p1a: Eiscue|12/100\n|-damage|p1a: Eiscue|3/100\n|-damage|p1a: Eiscue|0 fnt\n|faint|p1a: Eiscue\n|-hitcount|p1: Eiscue|5\n|\n|upkeep\n|\n|t:|1783565735\n|switch|p1a: Krookodile|Krookodile, L79, F|100/100\n|-ability|p1a: Krookodile|Intimidate|boost\n|-unboost|p2a: Maushold|atk|1\n|turn|8\n|inactive|Time left: 300 sec this turn | 300 sec total\n|\n|t:|1783565736\n|switch|p2a: Glastrier|Glastrier, L86|312/312\n|move|p1a: Krookodile|Earthquake|p2a: Glastrier\n|-damage|p2a: Glastrier|233/312\n|\n|upkeep\n|turn|9\n|inactive|Time left: 300 sec this turn | 300 sec total\n|\n|t:|1783565737\n|switch|p1a: Volcanion|Volcanion, L79|36/100\n|move|p2a: Glastrier|Icicle Crash|p1a: Volcanion\n|-resisted|p1a: Volcanion\n|-damage|p1a: Volcanion|26/100\n|\n|upkeep\n|turn|10\n|inactive|Time left: 300 sec this turn | 300 sec total\n|\n|t:|1783565738\n|move|p1a: Volcanion|Flamethrower|p2a: Glastrier\n|-supereffective|p2a: Glastrier\n|-damage|p2a: Glastrier|71/312\n|move|p2a: Glastrier|High Horsepower|p1a: Volcanion\n|-supereffective|p1a: Volcanion\n|-damage|p1a: Volcanion|0 fnt\n|faint|p1a: Volcanion\n|-ability|p2a: Glastrier|Chilling Neigh|boost\n|-boost|p2a: Glastrier|atk|1\n|\n|upkeep\n|\n|t:|1783565739\n|switch|p1a: Krookodile|Krookodile, L79, F|100/100\n|-ability|p1a: Krookodile|Intimidate|boost\n|-unboost|p2a: Glastrier|atk|1\n|turn|11\n|inactive|Time left: 300 sec this turn | 300 sec total\n|\n|t:|1783565740\n|move|p1a: Krookodile|Earthquake|p2a: Glastrier\n|-damage|p2a: Glastrier|0 fnt\n|faint|p2a: Glastrier\n|\n|upkeep\n|inactive|Time left: 300 sec this turn | 300 sec total | 5 sec grace\n|\n|t:|1783565741\n|switch|p2a: Frosmoth|Frosmoth, L82, F|249/249\n|turn|12\n|inactive|Time left: 300 sec this turn | 300 sec total\n|\n|t:|1783565742\n|switch|p1a: Okidogi|Okidogi, L77, M|68/100\n|move|p2a: Frosmoth|Ice Beam|p1a: Okidogi\n|-damage|p1a: Okidogi|18/100\n|\n|-heal|p1a: Okidogi|24/100|[from] item: Leftovers\n|upkeep\n|turn|13\n|inactive|Time left: 300 sec this turn | 300 sec total\n|\n|t:|1783565743\n|move|p1a: Okidogi|Drain Punch|p2a: Frosmoth\n|-damage|p2a: Frosmoth|134/249\n|-heal|p1a: Okidogi|46/100|[from] drain|[of] p2a: Frosmoth\n|move|p2a: Frosmoth|Quiver Dance|p2a: Frosmoth\n|-boost|p2a: Frosmoth|spa|1\n|-boost|p2a: Frosmoth|spd|1\n|-boost|p2a: Frosmoth|spe|1\n|\n|-heal|p1a: Okidogi|52/100|[from] item: Leftovers\n|upkeep\n|turn|14\n|inactive|Time left: 300 sec this turn | 300 sec total\n|\n|t:|1783565744\n|move|p2a: Frosmoth|Ice Beam|p1a: Okidogi\n|-damage|p1a: Okidogi|0 fnt\n|faint|p1a: Okidogi\n|\n|upkeep\n|\n|t:|1783565745\n|switch|p1a: Krookodile|Krookodile, L79, F|100/100\n|-ability|p1a: Krookodile|Intimidate|boost\n|-unboost|p2a: Frosmoth|atk|1\n|turn|15\n|inactive|Time left: 300 sec this turn | 300 sec total\n|\n|t:|1783565746\n|move|p1a: Krookodile|Knock Off|p2a: Frosmoth\n|-damage|p2a: Frosmoth|1/249\n|-enditem|p2a: Frosmoth|Heavy-Duty Boots|[from] move: Knock Off|[of] p1a: Krookodile\n|move|p2a: Frosmoth|Ice Beam|p1a: Krookodile\n|-supereffective|p1a: Krookodile\n|-damage|p1a: Krookodile|0 fnt\n|faint|p1a: Krookodile\n|\n|upkeep\n|\n|t:|1783565747\n|switch|p1a: Clefable|Clefable, L83, M|100/100\n|turn|16\n|inactive|Time left: 300 sec this turn | 300 sec total\n|\n|t:|1783565748\n|move|p2a: Frosmoth|Ice Beam|p1a: Clefable\n|-damage|p1a: Clefable|49/100\n|move|p1a: Clefable|Moonblast|p2a: Frosmoth\n|-damage|p2a: Frosmoth|0 fnt\n|faint|p2a: Frosmoth\n|\n|upkeep\n|inactive|Time left: 300 sec this turn | 300 sec total | 5 sec grace\n|\n|t:|1783565749\n|switch|p2a: Maushold|Maushold-Four, L76|124/238\n|turn|17\n|inactive|Time left: 300 sec this turn | 300 sec total\n|\n|t:|1783565750\n|-terastallize|p2a: Maushold|Normal\n|move|p2a: Maushold|Population Bomb|p1a: Clefable\n|-damage|p1a: Clefable|38/100\n|-damage|p1a: Clefable|26/100\n|-damage|p1a: Clefable|15/100\n|-damage|p1a: Clefable|4/100\n|-damage|p1a: Clefable|0 fnt\n|faint|p1a: Clefable\n|-hitcount|p1: Clefable|5\n|\n|upkeep\n|\n|t:|1783565751\n|switch|p1a: Lanturn|Lanturn, L89, F|100/100\n|turn|18\n|inactive|Time left: 300 sec this turn | 300 sec total\n|\n|t:|1783565752\n|move|p2a: Maushold|Population Bomb|p1a: Lanturn\n|-damage|p1a: Lanturn|91/100\n|-damage|p1a: Lanturn|81/100\n|-damage|p1a: Lanturn|70/100\n|-damage|p1a: Lanturn|60/100\n|-damage|p1a: Lanturn|51/100\n|-damage|p1a: Lanturn|40/100\n|-damage|p1a: Lanturn|30/100\n|-damage|p1a: Lanturn|19/100\n|-damage|p1a: Lanturn|8/100\n|-damage|p1a: Lanturn|0 fnt\n|faint|p1a: Lanturn\n|-hitcount|p1: Lanturn|10\n|\n|win|p0y2302aa55", "uploadtime": 1783565752, "views": 0, "rating": 0, "private": 0, "password": null, "_winner": "p0y2302aa55", "_our_name": "p0y2302aa55"}