{"id": "battle-gen9randombattle-452", "formatid": "gen9randombattle", "format": "[Gen 9] Random Battle", "players": ["p0x4523f3d", "p0y4521427"], "log": "|init|battle\n|title|p0x4523f3d vs. p0y4521427\n|j|\u2606p0x4523f3d\n|j|\u2606p0y4521427\n|t:|1783545026\n|gametype|singles\n|player|p1|p0x4523f3d|170|\n|player|p2|p0y4521427|266|\n|gen|9\n|tier|[Gen 9] Random Battle\n|rule|Species Clause: Limit one of each Pok\u00e9mon\n|rule|HP Percentage Mod: HP is shown in percentages\n|rule|Sleep Clause Mod: Limit one foe put to sleep\n|rule|Illusion Level Mod: Illusion disguises the Pok\u00e9mon's true level\n|\n|t:|1783545026\n|teamsize|p1|6\n|teamsize|p2|6\n|start\n|switch|p1a: Klefki|Klefki, L84, M|233/233\n|switch|p2a: Politoed|Politoed, L88, M|100/100\n|-weather|RainDance|[from] ability: Drizzle|[of] p2a: Politoed\n|turn|1\n|inactive|Battle timer is ON: inactive players will automatically lose when time's up. (requested by p0x4523f3d)\n|inactive|p0y4521427 also wants the timer to be on.\n|\n|t:|1783545027\n|move|p1a: Klefki|Play Rough|p2a: Politoed\n|-damage|p2a: Politoed|73/100\n|move|p2a: Politoed|Hydro Pump|p1a: Klefki\n|-damage|p1a: Klefki|61/233\n|\n|-weather|RainDance|[upkeep]\n|-heal|p1a: Klefki|75/233|[from] item: Leftovers\n|-heal|p2a: Politoed|79/100|[from] item: Leftovers\n|upkeep\n|turn|2\n|inactive|Time left: 300 sec this turn | 300 sec total\n|\n|t:|1783545028\n|move|p1a: Klefki|Spikes|p2a: Politoed\n|-sidestart|p2: p0y4521427|Spikes\n|move|p2a: Politoed|Hydro Pump|p1a: Klefki\n|-damage|p1a: Klefki|0 fnt\n|faint|p1a: Klefki\n|\n|-weather|RainDance|[upkeep]\n|-heal|p2a: Politoed|85/100|[from] item: Leftovers\n|upkeep\n|inactive|Time left: 300 sec this turn | 300 sec total | 5 sec grace\n|\n|t:|1783545029\n|switch|p1a: Glaceon|Glaceon, L94, F|275/275\n|turn|3\n|inactive|Time left: 300 sec this turn | 300 sec total\n|\n|t:|1783545031\n|move|p1a: Glaceon|Freeze-Dry|p2a: Politoed\n|-supereffective|p2a: Politoed\n|-damage|p2a: Politoed|13/100\n|move|p2a: Politoed|Hydro Pump|p1a: Glaceon\n|-damage|p1a: Glaceon|119/275\n|\n|-weather|RainDance|[upkeep]\n|-heal|p2a: Politoed|19/100|[from] item: Leftovers\n|upkeep\n|turn|4\n|inactive|Time left: 300 sec this turn | 300 sec total\n|\n|t:|1783545032\n|move|p1a: Glaceon|Freeze-Dry|p2a: Politoed\n|-supereffective|p2a: Politoed\n|-damage|p2a: Politoed|0 fnt\n|faint|p2a: Politoed\n|\n|-weather|RainDance|[upkeep]\n|upkeep\n|\n|t:|1783545033\n|switch|p2a: Flygon|Flygon, L82, M|100/100\n|turn|5\n|inactive|Time left: 300 sec this turn | 300 sec total\n|\n|t:|1783545034\n|move|p2a: Flygon|Outrage|p1a: Glaceon\n|-damage|p1a: Glaceon|0 fnt\n|faint|p1a: Glaceon\n|\n|-weather|none\n|upkeep\n|inactive|Time left: 300 sec this turn | 300 sec total | 5 sec grace\n|\n|t:|1783545035\n|switch|p1a: Gliscor|Gliscor, L76, M|239/239\n|turn|6\n|inactive|Time left: 300 sec this turn | 300 sec total\n|\n|t:|1783545037\n|move|p2a: Flygon|Outrage|p1a: Gliscor|[from] lockedmove\n|-damage|p1a: Gliscor|80/239\n|-start|p2a: Flygon|confusion|[fatigue]\n|move|p1a: Gliscor|Knock Off|p2a: Flygon\n|-damage|p2a: Flygon|76/100\n|-enditem|p2a: Flygon|Choice Band|[from] move: Knock Off|[of] p1a: Gliscor\n|\n|-status|p1a: Gliscor|tox|[from] item: Toxic Orb\n|upkeep\n|turn|7\n|inactive|Time left: 300 sec this turn | 300 sec total\n|\n|t:|1783545038\n|move|p1a: Gliscor|Protect|p1a: Gliscor\n|-singleturn|p1a: Gliscor|Protect\n|-activate|p2a: Flygon|confusion\n|move|p2a: Flygon|Outrage|p1a: Gliscor\n|-activate|p1a: Gliscor|move: Protect\n|\n|-heal|p1a: Gliscor|109/239 tox|[from] ability: Poison Heal\n|upkeep\n|turn|8\n|inactive|Time left: 300 sec this turn | 300 sec total\n|\n|t:|1783545039\n|move|p1a: Gliscor|Protect|p1a: Gliscor\n|-singleturn|p1a: Gliscor|Protect\n|-activate|p2a: Flygon|confusion\n|move|p2a: Flygon|Outrage|p1a: Gliscor\n|-activate|p1a: Gliscor|move: Protect\n|\n|-heal|p1a: Gliscor|138/239 tox|[from] ability: Poison Heal\n|upkeep\n|turn|9\n|inactive|Time left: 300 sec this turn | 300 sec total\n|\n|t:|1783545040\n|-activate|p2a: Flygon|confusion\n|-damage|p2a: Flygon|65/100|[from] confusion\n|move|p1a: Gliscor|Toxic Spikes|p2a: Flygon\n|-sidestart|p2: p0y4521427|move: Toxic Spikes\n|\n|-heal|p1a: Gliscor|167/239 tox|[from] ability: Poison Heal\n|upkeep\n|turn|10\n|inactive|Time left: 300 sec this turn | 300 sec total\n|\n|t:|1783545041\n|-activate|p2a: Flygon|confusion\n|move|p2a: Flygon|Outrage|p1a: Gliscor\n|-damage|p1a: Gliscor|67/239 tox\n|move|p1a: Gliscor|Toxic Spikes|p2a: Flygon\n|-sidestart|p2: p0y4521427|move: Toxic Spikes\n|\n|-heal|p1a: Gliscor|96/239 tox|[from] ability: Poison Heal\n|upkeep\n|turn|11\n|inactive|Time left: 300 sec this turn | 300 sec total\n|\n|t:|1783545042\n|move|p1a: Gliscor|Protect|p1a: Gliscor\n|-singleturn|p1a: Gliscor|Protect\n|-end|p2a: Flygon|confusion\n|move|p2a: Flygon|Outrage|p1a: Gliscor|[from] lockedmove\n|-activate|p1a: Gliscor|move: Protect\n|\n|-heal|p1a: Gliscor|125/239 tox|[from] ability: Poison Heal\n|upkeep\n|turn|12\n|inactive|Time left: 300 sec this turn | 300 sec total\n|\n|t:|1783545043\n|switch|p1a: Entei|Entei, L78|307/307\n|move|p2a: Flygon|Outrage|p1a: Entei\n|-damage|p1a: Entei|171/307\n|\n|upkeep\n|turn|13\n|inactive|Time left: 300 sec this turn | 300 sec total\n|\n|t:|1783545044\n|move|p1a: Entei|Extreme Speed|p2a: Flygon\n|-damage|p2a: Flygon|33/100\n|move|p2a: Flygon|Outrage|p1a: Entei|[from] lockedmove\n|-damage|p1a: Entei|42/307\n|\n|upkeep\n|turn|14\n|inactive|Time left: 300 sec this turn | 300 sec total\n|\n|t:|1783545045\n|move|p1a: Entei|Extreme Speed|p2a: Flygon\n|-crit|p2a: Flygon\n|-damage|p2a: Flygon|0 fnt\n|faint|p2a: Flygon\n|\n|upkeep\n|\n|t:|1783545046\n|switch|p2a: Regice|Regice, L88|100/100\n|turn|15\n|inactive|Time left: 300 sec this turn | 300 sec total\n|\n|t:|1783545047\n|move|p1a: Entei|Extreme Speed|p2a: Regice\n|-damage|p2a: Regice|72/100\n|move|p2a: Regice|Ice Beam|p1a: Entei\n|-resisted|p1a: Entei\n|-damage|p1a: Entei|0 fnt\n|faint|p1a: Entei\n|\n|upkeep\n|inactive|Time left: 300 sec this turn | 300 sec total | 5 sec grace\n|\n|t:|1783545048\n|switch|p1a: Muk|Muk-Alola, L82, M|306/306\n|turn|16\n|inactive|Time left: 300 sec this turn | 300 sec total\n|\n|t:|1783545049\n|move|p2a: Regice|Ice Beam|p1a: Muk\n|-damage|p1a: Muk|236/306\n|move|p1a: Muk|Knock Off|p2a: Regice\n|-damage|p2a: Regice|40/100\n|-status|p2a: Regice|psn|[from] ability: Poison Touch|[of] p1a: Muk\n|-enditem|p2a: Regice|Heavy-Duty Boots|[from] move: Knock Off|[of] p1a: Muk\n|\n|-damage|p2a: Regice|28/100 psn|[from] psn\n|upkeep\n|turn|17\n|inactive|Time left: 300 sec this turn | 300 sec total\n|\n|t:|1783545050\n|move|p2a: Regice|Rest|p2a: Regice\n|-status|p2a: Regice|slp|[from] move: Rest\n|-heal|p2a: Regice|100/100 slp|[silent]\n|move|p1a: Muk|Knock Off|p2a: Regice\n|-damage|p2a: Regice|78/100 slp\n|\n|upkeep\n|turn|18\n|inactive|Time left: 300 sec this turn | 300 sec total\n|\n|t:|1783545051\n|cant|p2a: Regice|slp\n|move|p2a: Regice|Sleep Talk|p2a: Regice\n|move|p2a: Regice|Ice Beam|p1a: Muk|[from] move: Sleep Talk\n|-damage|p1a: Muk|164/306\n|move|p1a: Muk|Drain Punch|p2a: Regice\n|-supereffective|p2a: Regice\n|-damage|p2a: Regice|43/100 slp\n|-heal|p1a: Muk|213/306|[from] drain|[of] p2a: Regice\n|\n|upkeep\n|turn|19\n|inactive|Time left: 300 sec this turn | 300 sec total\n|\n|t:|1783545052\n|cant|p2a: Regice|slp\n|move|p2a: Regice|Sleep Talk|p2a: Regice\n|move|p2a: Regice|Ice Beam|p1a: Muk|[from] move: Sleep Talk\n|-damage|p1a: Muk|146/306\n|move|p1a: Muk|Drain Punch|p2a: Regice\n|-supereffective|p2a: Regice\n|-damage|p2a: Regice|10/100 slp\n|-heal|p1a: Muk|194/306|[from] drain|[of] p2a: Regice\n|\n|upkeep\n|turn|20\n|inactive|Time left: 300 sec this turn | 300 sec total\n|\n|t:|1783545053\n|-curestatus|p2a: Regice|slp|[msg]\n|move|p2a: Regice|Rest|p2a: Regice\n|-status|p2a: Regice|slp|[from] move: Rest\n|-heal|p2a: Regice|100/100 slp|[silent]\n|move|p1a: Muk|Drain Punch|p2a: Regice\n|-supereffective|p2a: Regice\n|-damage|p2a: Regice|69/100 slp\n|-heal|p1a: Muk|239/306|[from] drain|[of] p2a: Regice\n|\n|upkeep\n|turn|21\n|inactive|Time left: 300 sec this turn | 300 sec total\n|\n|t:|1783545054\n|cant|p2a: Regice|slp\n|move|p2a: Regice|Sleep Talk|p2a: Regice\n|move|p2a: Regice|Ice Beam|p1a: Muk|[from] move: Sleep Talk\n|-damage|p1a: Muk|178/306\n|move|p1a: Muk|Drain Punch|p2a: Regice\n|-supereffective|p2a: Regice\n|-damage|p2a: Regice|36/100 slp\n|-heal|p1a: Muk|224/306|[from] drain|[of] p2a: Regice\n|\n|upkeep\n|turn|22\n|inactive|Time left: 300 sec this turn | 300 sec total\n|\n|t:|1783545056\n|cant|p2a: Regice|slp\n|move|p2a: Regice|Sleep Talk|p2a: Regice\n|move|p2a: Regice|Ice Beam|p1a: Muk|[from] move: Sleep Talk\n|-damage|p1a: Muk|157/306\n|move|p1a: Muk|Gunk Shot|p2a: Regice\n|-damage|p2a: Regice|0 fnt\n|faint|p2a: Regice\n|\n|upkeep\n|\n|t:|1783545056\n|switch|p2a: Swampert|Swampert, L83, F|100/100\n|-damage|p2a: Swampert|88/100|[from] Spikes\n|-status|p2a: Swampert|tox\n|turn|23\n|inactive|Time left: 300 sec this turn | 300 sec total\n|\n|t:|1783545057\n|switch|p1a: Sceptile|Sceptile, L87, M|264/264\n|move|p2a: Swampert|Earthquake|p1a: Sceptile\n|-resisted|p1a: Sceptile\n|-damage|p1a: Sceptile|197/264\n|\n|-heal|p2a: Swampert|94/100 tox|[from] item: Leftovers\n|-damage|p2a: Swampert|88/100 tox|[from] psn\n|upkeep\n|turn|24\n|inactive|Time left: 300 sec this turn | 300 sec total\n|\n|t:|1783545059\n|move|p1a: Sceptile|Giga Drain|p2a: Swampert\n|-supereffective|p2a: Swampert\n|-damage|p2a: Swampert|0 fnt\n|-heal|p1a: Sceptile|264/264|[from] drain|[of] p2a: Swampert\n|faint|p2a: Swampert\n|-damage|p1a: Sceptile|238/264|[from] item: Life Orb\n|\n|upkeep\n|\n|t:|1783545060\n|switch|p2a: Klefki|Klefki, L84, F|100/100\n|-damage|p2a: Klefki|88/100|[from] Spikes\n|turn|25\n|inactive|Time left: 300 sec this turn | 300 sec total\n|\n|t:|1783545061\n|-terastallize|p1a: Sceptile|Ground\n|move|p1a: Sceptile|Earthquake|p2a: Klefki\n|-supereffective|p2a: Klefki\n|-damage|p2a: Klefki|0 fnt\n|faint|p2a: Klefki\n|-damage|p1a: Sceptile|212/264|[from] item: Life Orb\n|\n|upkeep\n|\n|t:|1783545062\n|switch|p2a: Wo-Chien|Wo-Chien, L83|100/100\n|-damage|p2a: Wo-Chien|88/100|[from] Spikes\n|-status|p2a: Wo-Chien|tox\n|-ability|p2a: Wo-Chien|Tablets of Ruin\n|turn|26\n|inactive|Time left: 300 sec this turn | 300 sec total\n|\n|t:|1783545063\n|move|p1a: Sceptile|Focus Blast|p2a: Wo-Chien|[miss]\n|-miss|p1a: Sceptile|p2a: Wo-Chien\n|move|p2a: Wo-Chien|Leech Seed|p1a: Sceptile\n|-start|p1a: Sceptile|move: Leech Seed\n|\n|-heal|p2a: Wo-Chien|94/100 tox|[from] item: Leftovers\n|-damage|p1a: Sceptile|179/264|[from] Leech Seed|[of] p2a: Wo-Chien\n|-heal|p2a: Wo-Chien|100/100 tox|[silent]\n|-damage|p2a: Wo-Chien|94/100 tox|[from] psn\n|upkeep\n|turn|27\n|inactive|Time left: 300 sec this turn | 300 sec total\n|\n|t:|1783545064\n|switch|p1a: Gliscor|Gliscor, L76, M|125/239 tox\n|move|p2a: Wo-Chien|Leech Seed|p1a: Gliscor\n|-start|p1a: Gliscor|move: Leech Seed\n|\n|-heal|p2a: Wo-Chien|100/100 tox|[from] item: Leftovers\n|-damage|p1a: Gliscor|96/239 tox|[from] Leech Seed|[of] p2a: Wo-Chien\n|-heal|p1a: Gliscor|125/239 tox|[from] ability: Poison Heal\n|-damage|p2a: Wo-Chien|88/100 tox|[from] psn\n|upkeep\n|turn|28\n|inactive|Time left: 300 sec this turn | 300 sec total\n|\n|t:|1783545065\n|switch|p1a: Muk|Muk-Alola, L82, M|157/306\n|move|p2a: Wo-Chien|Knock Off|p1a: Muk\n|-resisted|p1a: Muk\n|-damage|p1a: Muk|101/306\n|-enditem|p1a: Muk|Assault Vest|[from] move: Knock Off|[of] p2a: Wo-Chien\n|\n|-heal|p2a: Wo-Chien|94/100 tox|[from] item: Leftovers\n|-damage|p2a: Wo-Chien|76/100 tox|[from] psn\n|upkeep\n|turn|29\n|inactive|Time left: 300 sec this turn | 300 sec total\n|\n|t:|1783545066\n|-terastallize|p2a: Wo-Chien|Poison\n|move|p2a: Wo-Chien|Leech Seed|p1a: Muk\n|-start|p1a: Muk|move: Leech Seed\n|move|p1a: Muk|Ice Punch|p2a: Wo-Chien\n|-damage|p2a: Wo-Chien|63/100 tox\n|\n|-heal|p2a: Wo-Chien|69/100 tox|[from] item: Leftovers\n|-damage|p1a: Muk|63/306|[from] Leech Seed|[of] p2a: Wo-Chien\n|-heal|p2a: Wo-Chien|83/100 tox|[silent]\n|-damage|p2a: Wo-Chien|58/100 tox|[from] psn\n|upkeep\n|turn|30\n|inactive|Time left: 300 sec this turn | 300 sec total\n|\n|t:|1783545067\n|switch|p1a: Sceptile|Sceptile, L87, M, tera:Ground|179/264\n|move|p2a: Wo-Chien|Stun Spore|p1a: Sceptile\n|-status|p1a: Sceptile|par\n|\n|-heal|p2a: Wo-Chien|64/100 tox|[from] item: Leftovers\n|-damage|p2a: Wo-Chien|34/100 tox|[from] psn\n|upkeep\n|turn|31\n|inactive|Time left: 300 sec this turn | 300 sec total\n|\n|t:|1783545068\n|move|p2a: Wo-Chien|Stun Spore|p1a: Sceptile\n|-fail|p1a: Sceptile|par\n|move|p1a: Sceptile|Giga Drain|p2a: Wo-Chien\n|-resisted|p2a: Wo-Chien\n|-damage|p2a: Wo-Chien|20/100 tox\n|-heal|p1a: Sceptile|199/264 par|[from] drain|[of] p2a: Wo-Chien\n|-damage|p1a: Sceptile|173/264 par|[from] item: Life Orb\n|\n|-heal|p2a: Wo-Chien|26/100 tox|[from] item: Leftovers\n|-damage|p2a: Wo-Chien|0 fnt|[from] psn\n|faint|p2a: Wo-Chien\n|\n|win|p0x4523f3d", "uploadtime": 1783545068, "views": 0, "rating": 0, "private": 0, "password": null, "_winner": "p0x4523f3d", "_our_name": "p0x4523f3d"}