{"id": "battle-gen9randombattle-80", "formatid": "gen9randombattle", "format": "[Gen 9] Random Battle", "players": ["p0x080bf9f", "p0y080e0e1"], "log": "|init|battle\n|title|p0x080bf9f vs. p0y080e0e1\n|j|\u2606p0x080bf9f\n|j|\u2606p0y080e0e1\n|t:|1783540393\n|gametype|singles\n|player|p1|p0x080bf9f|265|\n|player|p2|p0y080e0e1|102|\n|gen|9\n|tier|[Gen 9] Random Battle\n|rule|Species Clause: Limit one of each Pok\u00e9mon\n|rule|HP Percentage Mod: HP is shown in percentages\n|rule|Sleep Clause Mod: Limit one foe put to sleep\n|rule|Illusion Level Mod: Illusion disguises the Pok\u00e9mon's true level\n|\n|t:|1783540393\n|teamsize|p1|6\n|teamsize|p2|6\n|start\n|switch|p1a: Rotom|Rotom, L88|231/231\n|switch|p2a: Skuntank|Skuntank, L84, M|100/100\n|turn|1\n|inactive|Battle timer is ON: inactive players will automatically lose when time's up. (requested by p0y080e0e1)\n|inactive|Time left: 300 sec this turn | 300 sec total | 60 sec grace\n|inactive|p0x080bf9f also wants the timer to be on.\n|\n|t:|1783540395\n|move|p1a: Rotom|Will-O-Wisp|p2a: Skuntank\n|-status|p2a: Skuntank|brn\n|move|p2a: Skuntank|Knock Off|p1a: Rotom\n|-supereffective|p1a: Rotom\n|-damage|p1a: Rotom|85/231\n|-enditem|p1a: Rotom|Life Orb|[from] move: Knock Off|[of] p2a: Skuntank\n|-damage|p2a: Skuntank|90/100 brn|[from] item: Life Orb\n|\n|-damage|p2a: Skuntank|84/100 brn|[from] brn\n|upkeep\n|turn|2\n|inactive|Time left: 300 sec this turn | 300 sec total\n|\n|t:|1783540396\n|switch|p1a: Sudowoodo|Sudowoodo, L94, F|284/284\n|move|p2a: Skuntank|Knock Off|p1a: Sudowoodo\n|-crit|p1a: Sudowoodo\n|-damage|p1a: Sudowoodo|210/284\n|-enditem|p1a: Sudowoodo|Leftovers|[from] move: Knock Off|[of] p2a: Skuntank\n|-damage|p2a: Skuntank|74/100 brn|[from] item: Life Orb\n|\n|-damage|p2a: Skuntank|68/100 brn|[from] brn\n|upkeep\n|turn|3\n|inactive|Time left: 300 sec this turn | 300 sec total\n|\n|t:|1783540397\n|move|p2a: Skuntank|Gunk Shot|p1a: Sudowoodo\n|-resisted|p1a: Sudowoodo\n|-damage|p1a: Sudowoodo|183/284\n|-damage|p2a: Skuntank|58/100 brn|[from] item: Life Orb\n|move|p1a: Sudowoodo|Stealth Rock|p2a: Skuntank\n|-sidestart|p2: p0y080e0e1|move: Stealth Rock\n|\n|-damage|p2a: Skuntank|52/100 brn|[from] brn\n|upkeep\n|turn|4\n|inactive|Time left: 300 sec this turn | 300 sec total\n|\n|t:|1783540399\n|move|p2a: Skuntank|Knock Off|p1a: Sudowoodo\n|-damage|p1a: Sudowoodo|149/284\n|-damage|p2a: Skuntank|42/100 brn|[from] item: Life Orb\n|move|p1a: Sudowoodo|Earthquake|p2a: Skuntank\n|-supereffective|p2a: Skuntank\n|-damage|p2a: Skuntank|0 fnt\n|faint|p2a: Skuntank\n|\n|upkeep\n|\n|t:|1783540400\n|switch|p2a: Suicune|Suicune, L82|100/100\n|-damage|p2a: Suicune|88/100|[from] Stealth Rock\n|-ability|p2a: Suicune|Pressure\n|turn|5\n|inactive|Time left: 300 sec this turn | 300 sec total\n|\n|t:|1783540401\n|switch|p1a: Trevenant|Trevenant, L89, F|296/296\n|move|p2a: Suicune|Scald|p1a: Trevenant\n|-resisted|p1a: Trevenant\n|-damage|p1a: Trevenant|260/296\n|\n|-heal|p2a: Suicune|94/100|[from] item: Leftovers\n|upkeep\n|turn|6\n|inactive|Time left: 300 sec this turn | 300 sec total\n|\n|t:|1783540402\n|move|p2a: Suicune|Calm Mind|p2a: Suicune\n|-boost|p2a: Suicune|spa|1\n|-boost|p2a: Suicune|spd|1\n|move|p1a: Trevenant|Wood Hammer|p2a: Suicune\n|-supereffective|p2a: Suicune\n|-damage|p2a: Suicune|0 fnt\n|faint|p2a: Suicune\n|-damage|p1a: Trevenant|168/296|[from] Recoil\n|-damage|p1a: Trevenant|139/296|[from] item: Life Orb\n|\n|upkeep\n|\n|t:|1783540403\n|switch|p2a: Indeedee|Indeedee-F, L90, F|100/100\n|-damage|p2a: Indeedee|88/100|[from] Stealth Rock\n|-fieldstart|move: Psychic Terrain|[from] ability: Psychic Surge|[of] p2a: Indeedee\n|turn|7\n|inactive|Time left: 300 sec this turn | 300 sec total\n|\n|t:|1783540404\n|switch|p1a: Mabosstiff|Mabosstiff, L86, F|278/278\n|move|p2a: Indeedee|Psychic|p1a: Mabosstiff\n|-immune|p1a: Mabosstiff\n|\n|upkeep\n|turn|8\n|inactive|Time left: 300 sec this turn | 300 sec total\n|\n|t:|1783540405\n|move|p2a: Indeedee|Psychic|p1a: Mabosstiff\n|-immune|p1a: Mabosstiff\n|move|p1a: Mabosstiff|Crunch|p2a: Indeedee\n|-supereffective|p2a: Indeedee\n|-damage|p2a: Indeedee|0 fnt\n|faint|p2a: Indeedee\n|\n|upkeep\n|\n|t:|1783540406\n|switch|p2a: Sandslash|Sandslash, L89, M|100/100\n|-damage|p2a: Sandslash|94/100|[from] Stealth Rock\n|turn|9\n|inactive|Time left: 300 sec this turn | 300 sec total\n|\n|t:|1783540407\n|move|p1a: Mabosstiff|Crunch|p2a: Sandslash\n|-damage|p2a: Sandslash|65/100\n|move|p2a: Sandslash|Knock Off|p1a: Mabosstiff\n|-resisted|p1a: Mabosstiff\n|-damage|p1a: Mabosstiff|241/278\n|-enditem|p1a: Mabosstiff|Choice Scarf|[from] move: Knock Off|[of] p2a: Sandslash\n|\n|upkeep\n|turn|10\n|inactive|Time left: 300 sec this turn | 300 sec total\n|\n|t:|1783540408\n|move|p1a: Mabosstiff|Crunch|p2a: Sandslash\n|-damage|p2a: Sandslash|37/100\n|move|p2a: Sandslash|Earthquake|p1a: Mabosstiff\n|-damage|p1a: Mabosstiff|117/278\n|\n|upkeep\n|turn|11\n|inactive|Time left: 300 sec this turn | 300 sec total\n|\n|t:|1783540410\n|-terastallize|p1a: Mabosstiff|Dark\n|move|p1a: Mabosstiff|Crunch|p2a: Sandslash\n|-damage|p2a: Sandslash|0 fnt\n|faint|p2a: Sandslash\n|\n|-fieldend|move: Psychic Terrain\n|upkeep\n|\n|t:|1783540411\n|switch|p2a: Vivillon|Vivillon-Archipelago, L83, M|100/100\n|turn|12\n|inactive|Time left: 300 sec this turn | 300 sec total\n|\n|t:|1783540411\n|move|p1a: Mabosstiff|Crunch|p2a: Vivillon\n|-damage|p2a: Vivillon|21/100\n|move|p2a: Vivillon|Hurricane|p1a: Mabosstiff\n|-damage|p1a: Mabosstiff|0 fnt\n|faint|p1a: Mabosstiff\n|\n|upkeep\n|inactive|Time left: 300 sec this turn | 300 sec total | 5 sec grace\n|\n|t:|1783540412\n|switch|p1a: Dodrio|Dodrio, L85, M|241/241\n|turn|13\n|inactive|Time left: 300 sec this turn | 300 sec total\n|\n|t:|1783540413\n|move|p1a: Dodrio|Brave Bird|p2a: Vivillon\n|-supereffective|p2a: Vivillon\n|-damage|p2a: Vivillon|0 fnt\n|faint|p2a: Vivillon\n|-damage|p1a: Dodrio|223/241|[from] Recoil\n|\n|upkeep\n|\n|t:|1783540414\n|switch|p2a: Deoxys|Deoxys, L74|100/100\n|-damage|p2a: Deoxys|88/100|[from] Stealth Rock\n|-ability|p2a: Deoxys|Pressure\n|turn|14\n|inactive|Time left: 300 sec this turn | 300 sec total\n|\n|t:|1783540415\n|move|p2a: Deoxys|Ice Beam|p1a: Dodrio\n|-supereffective|p1a: Dodrio\n|-damage|p1a: Dodrio|0 fnt\n|faint|p1a: Dodrio\n|-damage|p2a: Deoxys|79/100|[from] item: Life Orb\n|\n|upkeep\n|inactive|Time left: 300 sec this turn | 300 sec total | 5 sec grace\n|\n|t:|1783540416\n|switch|p1a: Articuno|Articuno-Galar, L84|288/288\n|turn|15\n|inactive|Time left: 300 sec this turn | 300 sec total\n|\n|t:|1783540417\n|move|p2a: Deoxys|Ice Beam|p1a: Articuno\n|-supereffective|p1a: Articuno\n|-damage|p1a: Articuno|114/288\n|-damage|p2a: Deoxys|69/100|[from] item: Life Orb\n|move|p1a: Articuno|Hurricane|p2a: Deoxys\n|-damage|p2a: Deoxys|0 fnt\n|faint|p2a: Deoxys\n|\n|win|p0x080bf9f", "uploadtime": 1783540417, "views": 0, "rating": 0, "private": 0, "password": null, "_winner": "p0x080bf9f", "_our_name": "p0x080bf9f"}