{"id": "battle-gen9randombattle-606", "formatid": "gen9randombattle", "format": "[Gen 9] Random Battle", "players": ["p0x6067fdc", "p0y606e7f0"], "log": "|init|battle\n|title|p0x6067fdc vs. p0y606e7f0\n|j|\u2606p0x6067fdc\n|j|\u2606p0y606e7f0\n|t:|1783546847\n|gametype|singles\n|player|p1|p0x6067fdc|265|\n|player|p2|p0y606e7f0|1|\n|gen|9\n|tier|[Gen 9] Random Battle\n|rule|Species Clause: Limit one of each Pok\u00e9mon\n|rule|HP Percentage Mod: HP is shown in percentages\n|rule|Sleep Clause Mod: Limit one foe put to sleep\n|rule|Illusion Level Mod: Illusion disguises the Pok\u00e9mon's true level\n|\n|t:|1783546847\n|teamsize|p1|6\n|teamsize|p2|6\n|start\n|switch|p1a: Vikavolt|Vikavolt, L83, F|100/100\n|switch|p2a: Dragalge|Dragalge, L88, M|258/258\n|turn|1\n|inactive|Battle timer is ON: inactive players will automatically lose when time's up. (requested by p0x6067fdc)\n|inactive|Time left: 300 sec this turn | 300 sec total | 60 sec grace\n|\n|t:|1783546848\n|move|p2a: Dragalge|Sludge Wave|p1a: Vikavolt\n|-damage|p1a: Vikavolt|38/100\n|move|p1a: Vikavolt|Sticky Web|p2a: Dragalge\n|-sidestart|p2: p0y606e7f0|move: Sticky Web\n|\n|upkeep\n|turn|2\n|inactive|Time left: 300 sec this turn | 300 sec total\n|inactive|p0y606e7f0 also wants the timer to be on.\n|\n|t:|1783546850\n|switch|p1a: Registeel|Registeel, L81|100/100\n|move|p2a: Dragalge|Sludge Wave|p1a: Registeel\n|-immune|p1a: Registeel\n|\n|upkeep\n|turn|3\n|inactive|Time left: 300 sec this turn | 300 sec total\n|\n|t:|1783546851\n|move|p2a: Dragalge|Toxic Spikes|p1a: Registeel\n|-sidestart|p1: p0x6067fdc|move: Toxic Spikes\n|move|p1a: Registeel|Body Press|p2a: Dragalge\n|-resisted|p2a: Dragalge\n|-damage|p2a: Dragalge|224/258\n|\n|-heal|p2a: Dragalge|240/258|[from] item: Leftovers\n|upkeep\n|turn|4\n|inactive|Time left: 300 sec this turn | 300 sec total\n|\n|t:|1783546852\n|move|p2a: Dragalge|Toxic Spikes|p1a: Registeel\n|-sidestart|p1: p0x6067fdc|move: Toxic Spikes\n|move|p1a: Registeel|Iron Defense|p1a: Registeel\n|-boost|p1a: Registeel|def|2\n|\n|-heal|p2a: Dragalge|256/258|[from] item: Leftovers\n|upkeep\n|turn|5\n|inactive|Time left: 300 sec this turn | 300 sec total\n|\n|t:|1783546853\n|move|p1a: Registeel|Body Press|p2a: Dragalge\n|-resisted|p2a: Dragalge\n|-damage|p2a: Dragalge|187/258\n|move|p2a: Dragalge|Focus Blast|p1a: Registeel\n|-supereffective|p1a: Registeel\n|-damage|p1a: Registeel|52/100\n|\n|-heal|p2a: Dragalge|203/258|[from] item: Leftovers\n|upkeep\n|turn|6\n|inactive|Time left: 300 sec this turn | 300 sec total\n|\n|t:|1783546854\n|move|p1a: Registeel|Body Press|p2a: Dragalge\n|-resisted|p2a: Dragalge\n|-damage|p2a: Dragalge|127/258\n|move|p2a: Dragalge|Focus Blast|p1a: Registeel|[miss]\n|-miss|p2a: Dragalge|p1a: Registeel\n|\n|-heal|p2a: Dragalge|143/258|[from] item: Leftovers\n|upkeep\n|turn|7\n|inactive|Time left: 300 sec this turn | 300 sec total\n|\n|t:|1783546856\n|move|p1a: Registeel|Body Press|p2a: Dragalge\n|-resisted|p2a: Dragalge\n|-damage|p2a: Dragalge|74/258\n|move|p2a: Dragalge|Focus Blast|p1a: Registeel|[miss]\n|-miss|p2a: Dragalge|p1a: Registeel\n|\n|-heal|p2a: Dragalge|90/258|[from] item: Leftovers\n|upkeep\n|turn|8\n|inactive|Time left: 300 sec this turn | 300 sec total\n|\n|t:|1783546857\n|move|p2a: Dragalge|Focus Blast|p1a: Registeel\n|-supereffective|p1a: Registeel\n|-damage|p1a: Registeel|5/100\n|move|p1a: Registeel|Rest|p1a: Registeel\n|-status|p1a: Registeel|slp|[from] move: Rest\n|-heal|p1a: Registeel|100/100 slp|[silent]\n|-enditem|p1a: Registeel|Chesto Berry|[eat]\n|-curestatus|p1a: Registeel|slp|[msg]\n|\n|-heal|p2a: Dragalge|106/258|[from] item: Leftovers\n|upkeep\n|turn|9\n|inactive|Time left: 300 sec this turn | 300 sec total\n|\n|t:|1783546858\n|move|p2a: Dragalge|Focus Blast|p1a: Registeel\n|-supereffective|p1a: Registeel\n|-damage|p1a: Registeel|55/100\n|move|p1a: Registeel|Body Press|p2a: Dragalge\n|-resisted|p2a: Dragalge\n|-damage|p2a: Dragalge|34/258\n|\n|-heal|p2a: Dragalge|50/258|[from] item: Leftovers\n|upkeep\n|turn|10\n|inactive|Time left: 300 sec this turn | 300 sec total\n|\n|t:|1783546859\n|move|p1a: Registeel|Body Press|p2a: Dragalge\n|-resisted|p2a: Dragalge\n|-damage|p2a: Dragalge|0 fnt\n|faint|p2a: Dragalge\n|\n|upkeep\n|inactive|Time left: 300 sec this turn | 300 sec total | 5 sec grace\n|\n|t:|1783546860\n|switch|p2a: Masquerain|Masquerain, L87, F|264/264\n|-ability|p2a: Masquerain|Intimidate|boost\n|-fail|p1a: Registeel|unboost|[from] ability: Clear Body|[of] p1a: Registeel\n|turn|11\n|inactive|Time left: 300 sec this turn | 300 sec total\n|\n|t:|1783546861\n|move|p2a: Masquerain|Sticky Web|p1a: Registeel\n|-sidestart|p1: p0x6067fdc|move: Sticky Web\n|move|p1a: Registeel|Body Press|p2a: Masquerain\n|-resisted|p2a: Masquerain\n|-damage|p2a: Masquerain|218/264\n|\n|upkeep\n|turn|12\n|inactive|Time left: 300 sec this turn | 300 sec total\n|\n|t:|1783546862\n|move|p2a: Masquerain|Stun Spore|p1a: Registeel\n|-status|p1a: Registeel|par\n|move|p1a: Registeel|Iron Head|p2a: Masquerain\n|-damage|p2a: Masquerain|130/264\n|\n|upkeep\n|turn|13\n|inactive|Time left: 300 sec this turn | 300 sec total\n|\n|t:|1783546863\n|move|p2a: Masquerain|Hurricane|p1a: Registeel\n|-resisted|p1a: Registeel\n|-damage|p1a: Registeel|40/100 par\n|move|p1a: Registeel|Iron Head|p2a: Masquerain\n|-damage|p2a: Masquerain|49/264\n|\n|upkeep\n|turn|14\n|inactive|Time left: 300 sec this turn | 300 sec total\n|\n|t:|1783546864\n|move|p2a: Masquerain|Hurricane|p1a: Registeel\n|-resisted|p1a: Registeel\n|-damage|p1a: Registeel|24/100 par\n|move|p1a: Registeel|Iron Head|p2a: Masquerain\n|-damage|p2a: Masquerain|0 fnt\n|faint|p2a: Masquerain\n|\n|upkeep\n|inactive|Time left: 300 sec this turn | 300 sec total | 5 sec grace\n|\n|t:|1783546865\n|switch|p2a: Entei|Entei, L78|307/307\n|-activate|p2a: Entei|move: Sticky Web\n|-unboost|p2a: Entei|spe|1\n|turn|15\n|inactive|Time left: 300 sec this turn | 300 sec total\n|\n|t:|1783546866\n|move|p2a: Entei|Sacred Fire|p1a: Registeel\n|-supereffective|p1a: Registeel\n|-damage|p1a: Registeel|0 fnt\n|faint|p1a: Registeel\n|\n|upkeep\n|\n|t:|1783546867\n|switch|p1a: Gyarados|Gyarados, L79, M|100/100\n|-ability|p1a: Gyarados|Intimidate|boost\n|-fail|p2a: Entei|unboost|Attack|[from] ability: Inner Focus|[of] p2a: Entei\n|turn|16\n|inactive|Time left: 300 sec this turn | 300 sec total\n|\n|t:|1783546868\n|move|p1a: Gyarados|Waterfall|p2a: Entei\n|-supereffective|p2a: Entei\n|-damage|p2a: Entei|95/307\n|move|p2a: Entei|Sacred Fire|p1a: Gyarados\n|-resisted|p1a: Gyarados\n|-damage|p1a: Gyarados|67/100\n|\n|upkeep\n|turn|17\n|inactive|Time left: 300 sec this turn | 300 sec total\n|\n|t:|1783546869\n|switch|p2a: Golduck|Golduck, L90, F|290/290\n|-activate|p2a: Golduck|move: Sticky Web\n|-unboost|p2a: Golduck|spe|1\n|-ability|p2a: Golduck|Cloud Nine\n|move|p1a: Gyarados|Waterfall|p2a: Golduck\n|-resisted|p2a: Golduck\n|-damage|p2a: Golduck|245/290\n|\n|upkeep\n|turn|18\n|inactive|Time left: 300 sec this turn | 300 sec total\n|\n|t:|1783546871\n|move|p1a: Gyarados|Dragon Dance|p1a: Gyarados\n|-boost|p1a: Gyarados|atk|1\n|-boost|p1a: Gyarados|spe|1\n|move|p2a: Golduck|Ice Beam|p1a: Gyarados\n|-damage|p1a: Gyarados|32/100\n|\n|upkeep\n|turn|19\n|inactive|Time left: 300 sec this turn | 300 sec total\n|\n|t:|1783546872\n|move|p1a: Gyarados|Waterfall|p2a: Golduck\n|-resisted|p2a: Golduck\n|-damage|p2a: Golduck|169/290\n|move|p2a: Golduck|Ice Beam|p1a: Gyarados\n|-damage|p1a: Gyarados|0 fnt\n|faint|p1a: Gyarados\n|\n|upkeep\n|\n|t:|1783546873\n|switch|p1a: Regieleki|Regieleki, L79|100/100\n|-status|p1a: Regieleki|tox\n|-activate|p1a: Regieleki|move: Sticky Web\n|-unboost|p1a: Regieleki|spe|1\n|turn|20\n|inactive|Time left: 300 sec this turn | 300 sec total\n|\n|t:|1783546874\n|switch|p2a: Gastrodon|Gastrodon-East, L86, M|331/331\n|-activate|p2a: Gastrodon|move: Sticky Web\n|-unboost|p2a: Gastrodon|spe|1\n|move|p1a: Regieleki|Rapid Spin|p2a: Gastrodon\n|-damage|p2a: Gastrodon|292/331\n|-boost|p1a: Regieleki|spe|1\n|-sideend|p1: p0x6067fdc|Toxic Spikes|[from] move: Rapid Spin|[of] p1a: Regieleki\n|-sideend|p1: p0x6067fdc|Sticky Web|[from] move: Rapid Spin|[of] p1a: Regieleki\n|\n|-heal|p2a: Gastrodon|312/331|[from] item: Leftovers\n|-damage|p1a: Regieleki|94/100 tox|[from] psn\n|upkeep\n|turn|21\n|inactive|Time left: 300 sec this turn | 300 sec total\n|\n|t:|1783546875\n|switch|p1a: Drifblim|Drifblim, L86, F|100/100\n|move|p2a: Gastrodon|Surf|p1a: Drifblim\n|-damage|p1a: Drifblim|65/100\n|\n|-heal|p2a: Gastrodon|331/331|[from] item: Leftovers\n|upkeep\n|turn|22\n|inactive|Time left: 300 sec this turn | 300 sec total\n|\n|t:|1783546876\n|move|p1a: Drifblim|Strength Sap|p2a: Gastrodon\n|-unboost|p2a: Gastrodon|atk|1\n|-heal|p1a: Drifblim|100/100\n|move|p2a: Gastrodon|Surf|p1a: Drifblim\n|-damage|p1a: Drifblim|68/100\n|\n|upkeep\n|turn|23\n|inactive|Time left: 300 sec this turn | 300 sec total\n|\n|t:|1783546877\n|switch|p2a: Golduck|Golduck, L90, F|169/290\n|-activate|p2a: Golduck|move: Sticky Web\n|-unboost|p2a: Golduck|spe|1\n|-ability|p2a: Golduck|Cloud Nine\n|move|p1a: Drifblim|Strength Sap|p2a: Golduck\n|-unboost|p2a: Golduck|atk|1\n|-heal|p1a: Drifblim|100/100\n|\n|upkeep\n|turn|24\n|inactive|Time left: 300 sec this turn | 300 sec total\n|\n|t:|1783546879\n|move|p1a: Drifblim|Air Slash|p2a: Golduck\n|-crit|p2a: Golduck\n|-damage|p2a: Golduck|49/290\n|move|p2a: Golduck|Ice Beam|p1a: Drifblim\n|-supereffective|p1a: Drifblim\n|-damage|p1a: Drifblim|20/100\n|\n|upkeep\n|turn|25\n|inactive|Time left: 300 sec this turn | 300 sec total\n|\n|t:|1783546880\n|move|p1a: Drifblim|Air Slash|p2a: Golduck\n|-damage|p2a: Golduck|0 fnt\n|faint|p2a: Golduck\n|\n|upkeep\n|inactive|Time left: 300 sec this turn | 300 sec total | 5 sec grace\n|\n|t:|1783546881\n|switch|p2a: Entei|Entei, L78|95/307\n|-activate|p2a: Entei|move: Sticky Web\n|-unboost|p2a: Entei|spe|1\n|turn|26\n|inactive|Time left: 300 sec this turn | 300 sec total\n|\n|t:|1783546881\n|move|p1a: Drifblim|Strength Sap|p2a: Entei\n|-unboost|p2a: Entei|atk|1\n|-heal|p1a: Drifblim|76/100\n|move|p2a: Entei|Flare Blitz|p1a: Drifblim\n|-damage|p1a: Drifblim|27/100\n|-damage|p2a: Entei|30/307|[from] Recoil\n|\n|upkeep\n|turn|27\n|inactive|Time left: 300 sec this turn | 300 sec total\n|\n|t:|1783546882\n|move|p1a: Drifblim|Strength Sap|p2a: Entei\n|-unboost|p2a: Entei|atk|1\n|-heal|p1a: Drifblim|64/100\n|move|p2a: Entei|Flare Blitz|p1a: Drifblim\n|-damage|p1a: Drifblim|24/100\n|-damage|p2a: Entei|0 fnt|[from] Recoil\n|faint|p2a: Entei\n|\n|upkeep\n|inactive|Time left: 300 sec this turn | 300 sec total | 5 sec grace\n|\n|t:|1783546883\n|switch|p2a: Orthworm|Orthworm, L88, F|266/266\n|-activate|p2a: Orthworm|move: Sticky Web\n|-unboost|p2a: Orthworm|spe|1\n|turn|28\n|inactive|Time left: 300 sec this turn | 300 sec total\n|\n|t:|1783546884\n|move|p1a: Drifblim|Strength Sap|p2a: Orthworm\n|-unboost|p2a: Orthworm|atk|1\n|-heal|p1a: Drifblim|74/100\n|move|p2a: Orthworm|Coil|p2a: Orthworm\n|-boost|p2a: Orthworm|atk|1\n|-boost|p2a: Orthworm|def|1\n|-boost|p2a: Orthworm|accuracy|1\n|\n|upkeep\n|turn|29\n|inactive|Time left: 300 sec this turn | 300 sec total\n|\n|t:|1783546885\n|move|p1a: Drifblim|Strength Sap|p2a: Orthworm\n|-unboost|p2a: Orthworm|atk|1\n|-heal|p1a: Drifblim|100/100\n|move|p2a: Orthworm|Coil|p2a: Orthworm\n|-boost|p2a: Orthworm|atk|1\n|-boost|p2a: Orthworm|def|1\n|-boost|p2a: Orthworm|accuracy|1\n|\n|upkeep\n|turn|30\n|inactive|Time left: 300 sec this turn | 300 sec total\n|\n|t:|1783546886\n|move|p1a: Drifblim|Shadow Ball|p2a: Orthworm\n|-damage|p2a: Orthworm|160/266\n|move|p2a: Orthworm|Coil|p2a: Orthworm\n|-boost|p2a: Orthworm|atk|1\n|-boost|p2a: Orthworm|def|1\n|-boost|p2a: Orthworm|accuracy|1\n|\n|upkeep\n|turn|31\n|inactive|Time left: 300 sec this turn | 300 sec total\n|\n|t:|1783546887\n|move|p1a: Drifblim|Shadow Ball|p2a: Orthworm\n|-damage|p2a: Orthworm|57/266\n|move|p2a: Orthworm|Rest|p2a: Orthworm\n|-status|p2a: Orthworm|slp|[from] move: Rest\n|-heal|p2a: Orthworm|266/266 slp|[silent]\n|-enditem|p2a: Orthworm|Chesto Berry|[eat]\n|-curestatus|p2a: Orthworm|slp|[msg]\n|\n|upkeep\n|turn|32\n|inactive|Time left: 300 sec this turn | 300 sec total\n|\n|t:|1783546888\n|move|p1a: Drifblim|Shadow Ball|p2a: Orthworm\n|-damage|p2a: Orthworm|151/266\n|move|p2a: Orthworm|Coil|p2a: Orthworm\n|-boost|p2a: Orthworm|atk|1\n|-boost|p2a: Orthworm|def|1\n|-boost|p2a: Orthworm|accuracy|1\n|\n|upkeep\n|turn|33\n|inactive|Time left: 300 sec this turn | 300 sec total\n|\n|t:|1783546889\n|move|p1a: Drifblim|Shadow Ball|p2a: Orthworm\n|-damage|p2a: Orthworm|37/266\n|move|p2a: Orthworm|Iron Tail|p1a: Drifblim\n|-damage|p1a: Drifblim|13/100\n|\n|upkeep\n|turn|34\n|inactive|Time left: 300 sec this turn | 300 sec total\n|\n|t:|1783546890\n|move|p1a: Drifblim|Shadow Ball|p2a: Orthworm\n|-damage|p2a: Orthworm|0 fnt\n|faint|p2a: Orthworm\n|\n|upkeep\n|inactive|Time left: 300 sec this turn | 300 sec total | 5 sec grace\n|\n|t:|1783546891\n|switch|p2a: Gastrodon|Gastrodon-East, L86, M|331/331\n|-activate|p2a: Gastrodon|move: Sticky Web\n|-unboost|p2a: Gastrodon|spe|1\n|turn|35\n|inactive|Time left: 300 sec this turn | 300 sec total\n|\n|t:|1783546892\n|move|p1a: Drifblim|Strength Sap|p2a: Gastrodon\n|-unboost|p2a: Gastrodon|atk|1\n|-heal|p1a: Drifblim|61/100\n|move|p2a: Gastrodon|Surf|p1a: Drifblim\n|-damage|p1a: Drifblim|30/100\n|\n|upkeep\n|turn|36\n|inactive|Time left: 300 sec this turn | 300 sec total\n|\n|t:|1783546893\n|move|p1a: Drifblim|Strength Sap|p2a: Gastrodon\n|-unboost|p2a: Gastrodon|atk|1\n|-heal|p1a: Drifblim|62/100\n|move|p2a: Gastrodon|Surf|p1a: Drifblim\n|-damage|p1a: Drifblim|30/100\n|\n|upkeep\n|turn|37\n|inactive|Time left: 300 sec this turn | 300 sec total\n|\n|t:|1783546894\n|move|p1a: Drifblim|Strength Sap|p2a: Gastrodon\n|-unboost|p2a: Gastrodon|atk|1\n|-heal|p1a: Drifblim|54/100\n|move|p2a: Gastrodon|Surf|p1a: Drifblim\n|-damage|p1a: Drifblim|23/100\n|\n|upkeep\n|turn|38\n|inactive|Time left: 300 sec this turn | 300 sec total\n|\n|t:|1783546895\n|move|p1a: Drifblim|Strength Sap|p2a: Gastrodon\n|-unboost|p2a: Gastrodon|atk|1\n|-heal|p1a: Drifblim|42/100\n|move|p2a: Gastrodon|Surf|p1a: Drifblim\n|-damage|p1a: Drifblim|6/100\n|\n|upkeep\n|turn|39\n|inactive|Time left: 300 sec this turn | 300 sec total\n|\n|t:|1783546896\n|switch|p1a: Terapagos|Terapagos, L77, M|100/100\n|-activate|p1a: Terapagos|ability: Tera Shift\n|detailschange|p1a: Terapagos|Terapagos-Terastal, L77, M\n|-heal|p1a: Terapagos|100/100|[silent]\n|move|p2a: Gastrodon|Surf|p1a: Terapagos\n|-activate|p1a: Terapagos|ability: Tera Shell\n|-resisted|p1a: Terapagos\n|-damage|p1a: Terapagos|84/100\n|\n|upkeep\n|turn|40\n|inactive|Time left: 300 sec this turn | 300 sec total\n|\n|t:|1783546898\n|move|p1a: Terapagos|Calm Mind|p1a: Terapagos\n|-boost|p1a: Terapagos|spa|1\n|-boost|p1a: Terapagos|spd|1\n|move|p2a: Gastrodon|Surf|p1a: Terapagos\n|-damage|p1a: Terapagos|61/100\n|\n|upkeep\n|turn|41\n|inactive|Time left: 300 sec this turn | 300 sec total\n|\n|t:|1783546899\n|move|p1a: Terapagos|Calm Mind|p1a: Terapagos\n|-boost|p1a: Terapagos|spa|1\n|-boost|p1a: Terapagos|spd|1\n|move|p2a: Gastrodon|Recover||[still]\n|-fail|p2a: Gastrodon|heal\n|\n|upkeep\n|turn|42\n|inactive|Time left: 300 sec this turn | 300 sec total\n|\n|t:|1783546900\n|move|p1a: Terapagos|Tera Starstorm|p2a: Gastrodon\n|-damage|p2a: Gastrodon|105/331\n|move|p2a: Gastrodon|Recover|p2a: Gastrodon\n|-heal|p2a: Gastrodon|271/331\n|\n|-heal|p2a: Gastrodon|291/331|[from] item: Leftovers\n|upkeep\n|turn|43\n|inactive|Time left: 300 sec this turn | 300 sec total\n|\n|t:|1783546901\n|move|p1a: Terapagos|Tera Starstorm|p2a: Gastrodon\n|-damage|p2a: Gastrodon|39/331\n|move|p2a: Gastrodon|Recover|p2a: Gastrodon\n|-heal|p2a: Gastrodon|205/331\n|\n|-heal|p2a: Gastrodon|225/331|[from] item: Leftovers\n|upkeep\n|turn|44\n|inactive|Time left: 300 sec this turn | 300 sec total\n|\n|t:|1783546902\n|-terastallize|p1a: Terapagos|Stellar\n|detailschange|p1a: Terapagos|Terapagos-Stellar, L77, M, tera:Stellar\n|-heal|p1a: Terapagos|72/100|[silent]\n|move|p1a: Terapagos|Tera Starstorm|p2a: Gastrodon\n|-damage|p2a: Gastrodon|19/331\n|move|p2a: Gastrodon|Recover|p2a: Gastrodon\n|-heal|p2a: Gastrodon|185/331\n|\n|-heal|p2a: Gastrodon|205/331|[from] item: Leftovers\n|upkeep\n|turn|45\n|inactive|Time left: 300 sec this turn | 300 sec total\n|\n|t:|1783546903\n|move|p1a: Terapagos|Tera Starstorm|p2a: Gastrodon\n|-damage|p2a: Gastrodon|0 fnt\n|faint|p2a: Gastrodon\n|\n|win|p0x6067fdc", "uploadtime": 1783546903, "views": 0, "rating": 0, "private": 0, "password": null, "_winner": "p0x6067fdc", "_our_name": "p0y606e7f0"}