{"id": "battle-gen9randombattle-2589", "formatid": "gen9randombattle", "format": "[Gen 9] Random Battle", "players": ["p0x25896a7a", "p0y25891432"], "log": "|init|battle\n|title|p0x25896a7a vs. p0y25891432\n|j|\u2606p0x25896a7a\n|j|\u2606p0y25891432\n|t:|1783568964\n|gametype|singles\n|player|p1|p0x25896a7a|102|\n|player|p2|p0y25891432|266|\n|gen|9\n|tier|[Gen 9] Random Battle\n|rule|Species Clause: Limit one of each Pok\u00e9mon\n|rule|HP Percentage Mod: HP is shown in percentages\n|rule|Sleep Clause Mod: Limit one foe put to sleep\n|rule|Illusion Level Mod: Illusion disguises the Pok\u00e9mon's true level\n|\n|t:|1783568964\n|teamsize|p1|6\n|teamsize|p2|6\n|start\n|switch|p1a: Spiritomb|Spiritomb, L89, M|100/100\n|switch|p2a: Gurdurr|Gurdurr, L85, F|283/283\n|turn|1\n|inactive|Battle timer is ON: inactive players will automatically lose when time's up. (requested by p0y25891432)\n|inactive|p0x25896a7a also wants the timer to be on.\n|\n|t:|1783568966\n|move|p2a: Gurdurr|Bulk Up|p2a: Gurdurr\n|-boost|p2a: Gurdurr|atk|1\n|-boost|p2a: Gurdurr|def|1\n|move|p1a: Spiritomb|Poltergeist|p2a: Gurdurr\n|-activate|p2a: Gurdurr|move: Poltergeist|Eviolite\n|-damage|p2a: Gurdurr|228/283\n|\n|upkeep\n|turn|2\n|inactive|Time left: 300 sec this turn | 300 sec total\n|\n|t:|1783568967\n|move|p2a: Gurdurr|Knock Off|p1a: Spiritomb\n|-damage|p1a: Spiritomb|59/100\n|-enditem|p1a: Spiritomb|Leftovers|[from] move: Knock Off|[of] p2a: Gurdurr\n|move|p1a: Spiritomb|Poltergeist|p2a: Gurdurr\n|-activate|p2a: Gurdurr|move: Poltergeist|Eviolite\n|-damage|p2a: Gurdurr|170/283\n|\n|upkeep\n|turn|3\n|inactive|Time left: 300 sec this turn | 300 sec total\n|\n|t:|1783568968\n|move|p2a: Gurdurr|Bulk Up|p2a: Gurdurr\n|-boost|p2a: Gurdurr|atk|1\n|-boost|p2a: Gurdurr|def|1\n|move|p1a: Spiritomb|Pain Split|p2a: Gurdurr\n|-sethp|p2a: Gurdurr|153/283|[from] move: Pain Split|[silent]\n|-sethp|p1a: Spiritomb|66/100|[from] move: Pain Split\n|\n|upkeep\n|turn|4\n|inactive|Time left: 300 sec this turn | 300 sec total\n|\n|t:|1783568968\n|switch|p1a: Fezandipiti|Fezandipiti, L82, M|100/100\n|move|p2a: Gurdurr|Knock Off|p1a: Fezandipiti\n|-resisted|p1a: Fezandipiti\n|-damage|p1a: Fezandipiti|74/100\n|-enditem|p1a: Fezandipiti|Leftovers|[from] move: Knock Off|[of] p2a: Gurdurr\n|\n|upkeep\n|turn|5\n|inactive|Time left: 300 sec this turn | 300 sec total\n|\n|t:|1783568969\n|move|p1a: Fezandipiti|Moonblast|p2a: Gurdurr\n|-supereffective|p2a: Gurdurr\n|-damage|p2a: Gurdurr|1/283\n|move|p2a: Gurdurr|Drain Punch|p1a: Fezandipiti\n|-resisted|p1a: Fezandipiti\n|-damage|p1a: Fezandipiti|56/100\n|-heal|p2a: Gurdurr|26/283|[from] drain|[of] p1a: Fezandipiti\n|\n|upkeep\n|turn|6\n|inactive|Time left: 300 sec this turn | 300 sec total\n|\n|t:|1783568970\n|move|p1a: Fezandipiti|Moonblast|p2a: Gurdurr\n|-supereffective|p2a: Gurdurr\n|-damage|p2a: Gurdurr|0 fnt\n|faint|p2a: Gurdurr\n|\n|upkeep\n|inactive|Time left: 300 sec this turn | 300 sec total | 5 sec grace\n|\n|t:|1783568971\n|switch|p2a: Pyroar|Pyroar, L88, M|295/295\n|-ability|p2a: Pyroar|Unnerve\n|turn|7\n|inactive|Time left: 300 sec this turn | 300 sec total\n|\n|t:|1783568972\n|move|p2a: Pyroar|Work Up|p2a: Pyroar\n|-boost|p2a: Pyroar|atk|1\n|-boost|p2a: Pyroar|spa|1\n|move|p1a: Fezandipiti|Gunk Shot|p2a: Pyroar\n|-damage|p2a: Pyroar|175/295\n|\n|upkeep\n|turn|8\n|inactive|Time left: 300 sec this turn | 300 sec total\n|\n|t:|1783568973\n|move|p2a: Pyroar|Fire Blast|p1a: Fezandipiti\n|-damage|p1a: Fezandipiti|0 fnt\n|faint|p1a: Fezandipiti\n|\n|upkeep\n|\n|t:|1783568974\n|switch|p1a: Hoopa|Hoopa, L85|100/100\n|turn|9\n|inactive|Time left: 300 sec this turn | 300 sec total\n|\n|t:|1783568975\n|move|p2a: Pyroar|Dark Pulse|p1a: Hoopa\n|-supereffective|p1a: Hoopa\n|-crit|p1a: Hoopa\n|-damage|p1a: Hoopa|0 fnt\n|faint|p1a: Hoopa\n|\n|upkeep\n|\n|t:|1783568976\n|switch|p1a: Golduck|Golduck, L90, F|100/100\n|-ability|p1a: Golduck|Cloud Nine\n|turn|10\n|inactive|Time left: 300 sec this turn | 300 sec total\n|\n|t:|1783568976\n|move|p2a: Pyroar|Hyper Voice|p1a: Golduck\n|-damage|p1a: Golduck|36/100\n|move|p1a: Golduck|Hydro Pump|p2a: Pyroar|[miss]\n|-miss|p1a: Golduck|p2a: Pyroar\n|\n|-heal|p1a: Golduck|42/100|[from] item: Leftovers\n|upkeep\n|turn|11\n|inactive|Time left: 300 sec this turn | 300 sec total\n|\n|t:|1783568977\n|switch|p1a: Spiritomb|Spiritomb, L89, M|66/100\n|move|p2a: Pyroar|Hyper Voice|p1a: Spiritomb\n|-immune|p1a: Spiritomb\n|\n|upkeep\n|turn|12\n|inactive|Time left: 300 sec this turn | 300 sec total\n|\n|t:|1783568978\n|switch|p1a: Magcargo|Magcargo, L95, M|100/100\n|move|p2a: Pyroar|Fire Blast|p1a: Magcargo\n|-resisted|p1a: Magcargo\n|-damage|p1a: Magcargo|81/100\n|\n|upkeep\n|turn|13\n|inactive|Time left: 300 sec this turn | 300 sec total\n|\n|t:|1783568979\n|move|p2a: Pyroar|Work Up|p2a: Pyroar\n|-boost|p2a: Pyroar|atk|1\n|-boost|p2a: Pyroar|spa|1\n|move|p1a: Magcargo|Yawn|p2a: Pyroar\n|-start|p2a: Pyroar|move: Yawn|[of] p1a: Magcargo\n|\n|upkeep\n|turn|14\n|inactive|Time left: 300 sec this turn | 300 sec total\n|\n|t:|1783568980\n|move|p2a: Pyroar|Dark Pulse|p1a: Magcargo\n|-damage|p1a: Magcargo|33/100\n|move|p1a: Magcargo|Stealth Rock|p2a: Pyroar\n|-sidestart|p2: p0y25891432|move: Stealth Rock\n|\n|-end|p2a: Pyroar|move: Yawn|[silent]\n|-status|p2a: Pyroar|slp\n|upkeep\n|turn|15\n|inactive|Time left: 300 sec this turn | 300 sec total\n|\n|t:|1783568981\n|cant|p2a: Pyroar|slp\n|move|p1a: Magcargo|Recover|p1a: Magcargo\n|-heal|p1a: Magcargo|83/100\n|\n|upkeep\n|turn|16\n|inactive|Time left: 300 sec this turn | 300 sec total\n|\n|t:|1783568982\n|switch|p1a: Spiritomb|Spiritomb, L89, M|66/100\n|cant|p2a: Pyroar|slp\n|\n|upkeep\n|turn|17\n|inactive|Time left: 300 sec this turn | 300 sec total\n|\n|t:|1783568983\n|-curestatus|p2a: Pyroar|slp|[msg]\n|move|p2a: Pyroar|Fire Blast|p1a: Spiritomb\n|-damage|p1a: Spiritomb|0 fnt\n|faint|p1a: Spiritomb\n|\n|upkeep\n|\n|t:|1783568984\n|switch|p1a: Magcargo|Magcargo, L95, M|83/100\n|turn|18\n|inactive|Time left: 300 sec this turn | 300 sec total\n|\n|t:|1783568985\n|move|p2a: Pyroar|Dark Pulse|p1a: Magcargo\n|-damage|p1a: Magcargo|36/100\n|move|p1a: Magcargo|Yawn|p2a: Pyroar\n|-start|p2a: Pyroar|move: Yawn|[of] p1a: Magcargo\n|\n|upkeep\n|turn|19\n|inactive|Time left: 300 sec this turn | 300 sec total\n|\n|t:|1783568986\n|move|p2a: Pyroar|Dark Pulse|p1a: Magcargo\n|-damage|p1a: Magcargo|0 fnt\n|faint|p1a: Magcargo\n|\n|-end|p2a: Pyroar|move: Yawn|[silent]\n|-status|p2a: Pyroar|slp\n|upkeep\n|\n|t:|1783568987\n|switch|p1a: Golduck|Golduck, L90, F|42/100\n|-ability|p1a: Golduck|Cloud Nine\n|turn|20\n|inactive|Time left: 300 sec this turn | 300 sec total\n|\n|t:|1783568988\n|cant|p2a: Pyroar|slp\n|move|p1a: Golduck|Hydro Pump|p2a: Pyroar\n|-supereffective|p2a: Pyroar\n|-crit|p2a: Pyroar\n|-damage|p2a: Pyroar|0 fnt\n|faint|p2a: Pyroar\n|\n|-heal|p1a: Golduck|48/100|[from] item: Leftovers\n|upkeep\n|inactive|Time left: 300 sec this turn | 300 sec total | 5 sec grace\n|\n|t:|1783568989\n|switch|p2a: Tentacruel|Tentacruel, L84, F|272/272\n|-damage|p2a: Tentacruel|238/272|[from] Stealth Rock\n|turn|21\n|inactive|Time left: 300 sec this turn | 300 sec total\n|\n|t:|1783568991\n|move|p2a: Tentacruel|Sludge Bomb|p1a: Golduck\n|-damage|p1a: Golduck|17/100\n|move|p1a: Golduck|Nasty Plot|p1a: Golduck\n|-boost|p1a: Golduck|spa|2\n|\n|-heal|p1a: Golduck|23/100|[from] item: Leftovers\n|upkeep\n|turn|22\n|inactive|Time left: 300 sec this turn | 300 sec total\n|\n|t:|1783568992\n|move|p2a: Tentacruel|Sludge Bomb|p1a: Golduck\n|-damage|p1a: Golduck|0 fnt\n|faint|p1a: Golduck\n|\n|upkeep\n|\n|t:|1783568993\n|switch|p1a: Cinderace|Cinderace, L77, M|100/100\n|turn|23\n|inactive|Time left: 300 sec this turn | 300 sec total\n|\n|t:|1783568994\n|move|p1a: Cinderace|High Jump Kick|p2a: Tentacruel\n|-start|p1a: Cinderace|typechange|Fighting|[from] ability: Libero\n|-resisted|p2a: Tentacruel\n|-damage|p2a: Tentacruel|152/272\n|move|p2a: Tentacruel|Surf|p1a: Cinderace\n|-damage|p1a: Cinderace|63/100\n|\n|upkeep\n|turn|24\n|inactive|Time left: 300 sec this turn | 300 sec total\n|\n|t:|1783568995\n|move|p1a: Cinderace|High Jump Kick|p2a: Tentacruel\n|-resisted|p2a: Tentacruel\n|-damage|p2a: Tentacruel|70/272\n|move|p2a: Tentacruel|Rapid Spin|p1a: Cinderace\n|-damage|p1a: Cinderace|49/100\n|-boost|p2a: Tentacruel|spe|1\n|-sideend|p2: p0y25891432|Stealth Rock|[from] move: Rapid Spin|[of] p2a: Tentacruel\n|\n|upkeep\n|turn|25\n|inactive|Time left: 300 sec this turn | 300 sec total\n|\n|t:|1783568996\n|-terastallize|p1a: Cinderace|Fighting\n|move|p2a: Tentacruel|Surf|p1a: Cinderace\n|-damage|p1a: Cinderace|7/100\n|move|p1a: Cinderace|High Jump Kick|p2a: Tentacruel\n|-resisted|p2a: Tentacruel\n|-damage|p2a: Tentacruel|0 fnt\n|faint|p2a: Tentacruel\n|\n|upkeep\n|inactive|Time left: 300 sec this turn | 300 sec total | 5 sec grace\n|\n|t:|1783568997\n|switch|p2a: Uxie|Uxie, L83|260/260\n|turn|26\n|inactive|Time left: 300 sec this turn | 300 sec total\n|\n|t:|1783568998\n|-terastallize|p2a: Uxie|Electric\n|move|p1a: Cinderace|High Jump Kick|p2a: Uxie\n|-damage|p2a: Uxie|128/260\n|move|p2a: Uxie|Psychic Noise|p1a: Cinderace\n|-supereffective|p1a: Cinderace\n|-damage|p1a: Cinderace|0 fnt\n|faint|p1a: Cinderace\n|\n|win|p0y25891432", "uploadtime": 1783568998, "views": 0, "rating": 0, "private": 0, "password": null, "_winner": "p0y25891432", "_our_name": "p0y25891432"}