{"id": "battle-gen9randombattle-304", "formatid": "gen9randombattle", "format": "[Gen 9] Random Battle", "players": ["p0x304ea8f", "p0y304124e"], "log": "|init|battle\n|title|p0x304ea8f vs. p0y304124e\n|j|\u2606p0x304ea8f\n|j|\u2606p0y304124e\n|t:|1783543111\n|gametype|singles\n|player|p1|p0x304ea8f|2|\n|player|p2|p0y304124e|101|\n|gen|9\n|tier|[Gen 9] Random Battle\n|rule|Species Clause: Limit one of each Pok\u00e9mon\n|rule|HP Percentage Mod: HP is shown in percentages\n|rule|Sleep Clause Mod: Limit one foe put to sleep\n|rule|Illusion Level Mod: Illusion disguises the Pok\u00e9mon's true level\n|\n|t:|1783543111\n|teamsize|p1|6\n|teamsize|p2|6\n|start\n|switch|p1a: Oricorio|Oricorio, L84, M|263/263\n|switch|p2a: Pincurchin|Pincurchin, M|100/100\n|-fieldstart|move: Electric Terrain|[from] ability: Electric Surge|[of] p2a: Pincurchin\n|turn|1\n|inactive|Battle timer is ON: inactive players will automatically lose when time's up. (requested by p0x304ea8f)\n|inactive|p0y304124e also wants the timer to be on.\n|\n|t:|1783543113\n|move|p1a: Oricorio|Quiver Dance|p1a: Oricorio\n|-boost|p1a: Oricorio|spa|1\n|-boost|p1a: Oricorio|spd|1\n|-boost|p1a: Oricorio|spe|1\n|move|p2a: Pincurchin|Zing Zap|p1a: Oricorio\n|-supereffective|p1a: Oricorio\n|-damage|p1a: Oricorio|0 fnt\n|faint|p1a: Oricorio\n|\n|upkeep\n|inactive|Time left: 300 sec this turn | 300 sec total | 65 sec grace\n|\n|t:|1783543114\n|switch|p1a: Indeedee|Indeedee, L84, M|238/238\n|-fieldstart|move: Psychic Terrain|[from] ability: Psychic Surge|[of] p1a: Indeedee\n|turn|2\n|inactive|Time left: 300 sec this turn | 300 sec total\n|\n|t:|1783543115\n|move|p1a: Indeedee|Expanding Force|p2a: Pincurchin\n|-damage|p2a: Pincurchin|37/100\n|move|p2a: Pincurchin|Zing Zap|p1a: Indeedee\n|-damage|p1a: Indeedee|78/238\n|\n|-heal|p2a: Pincurchin|43/100|[from] item: Leftovers\n|upkeep\n|turn|3\n|inactive|Time left: 300 sec this turn | 300 sec total\n|\n|t:|1783543116\n|switch|p2a: Darkrai|Darkrai, L77|100/100\n|move|p1a: Indeedee|Expanding Force|p2a: Darkrai\n|-immune|p2a: Darkrai\n|\n|upkeep\n|turn|4\n|inactive|Time left: 300 sec this turn | 300 sec total\n|\n|t:|1783543117\n|switch|p1a: Clodsire|Clodsire, L81, F|343/343\n|move|p2a: Darkrai|Nasty Plot|p2a: Darkrai\n|-boost|p2a: Darkrai|spa|2\n|\n|upkeep\n|turn|5\n|inactive|Time left: 300 sec this turn | 300 sec total\n|\n|t:|1783543119\n|move|p2a: Darkrai|Dark Pulse|p1a: Clodsire\n|-damage|p1a: Clodsire|221/343\n|-damage|p2a: Darkrai|91/100|[from] item: Life Orb\n|move|p1a: Clodsire|Gunk Shot|p2a: Darkrai\n|-damage|p2a: Darkrai|45/100\n|-status|p2a: Darkrai|psn\n|\n|-heal|p1a: Clodsire|242/343|[from] item: Leftovers\n|-damage|p2a: Darkrai|33/100 psn|[from] psn\n|upkeep\n|turn|6\n|inactive|Time left: 300 sec this turn | 300 sec total\n|\n|t:|1783543120\n|move|p2a: Darkrai|Dark Pulse|p1a: Clodsire\n|-damage|p1a: Clodsire|137/343\n|-damage|p2a: Darkrai|23/100 psn|[from] item: Life Orb\n|cant|p1a: Clodsire|flinch\n|\n|-heal|p1a: Clodsire|158/343|[from] item: Leftovers\n|-damage|p2a: Darkrai|11/100 psn|[from] psn\n|-fieldend|move: Psychic Terrain\n|upkeep\n|turn|7\n|inactive|Time left: 300 sec this turn | 300 sec total\n|\n|t:|1783543121\n|move|p2a: Darkrai|Dark Pulse|p1a: Clodsire\n|-damage|p1a: Clodsire|53/343\n|-damage|p2a: Darkrai|1/100 psn|[from] item: Life Orb\n|move|p1a: Clodsire|Recover|p1a: Clodsire\n|-heal|p1a: Clodsire|225/343\n|\n|-heal|p1a: Clodsire|246/343|[from] item: Leftovers\n|-damage|p2a: Darkrai|0 fnt|[from] psn\n|faint|p2a: Darkrai\n|upkeep\n|\n|t:|1783543122\n|switch|p2a: Ariados|Ariados, L95, F|100/100\n|turn|8\n|inactive|Time left: 300 sec this turn | 300 sec total\n|\n|t:|1783543123\n|move|p2a: Ariados|Sticky Web|p1a: Clodsire\n|-sidestart|p1: p0x304ea8f|move: Sticky Web\n|move|p1a: Clodsire|Earthquake|p2a: Ariados\n|-damage|p2a: Ariados|71/100\n|\n|-heal|p1a: Clodsire|267/343|[from] item: Leftovers\n|upkeep\n|turn|9\n|inactive|Time left: 300 sec this turn | 300 sec total\n|\n|t:|1783543124\n|move|p2a: Ariados|Megahorn|p1a: Clodsire\n|-resisted|p1a: Clodsire\n|-damage|p1a: Clodsire|164/343\n|move|p1a: Clodsire|Earthquake|p2a: Ariados\n|-damage|p2a: Ariados|42/100\n|\n|-heal|p1a: Clodsire|185/343|[from] item: Leftovers\n|upkeep\n|turn|10\n|inactive|Time left: 300 sec this turn | 300 sec total\n|\n|t:|1783543126\n|move|p2a: Ariados|Megahorn|p1a: Clodsire\n|-resisted|p1a: Clodsire\n|-damage|p1a: Clodsire|86/343\n|move|p1a: Clodsire|Recover|p1a: Clodsire\n|-heal|p1a: Clodsire|258/343\n|\n|-heal|p1a: Clodsire|279/343|[from] item: Leftovers\n|upkeep\n|turn|11\n|inactive|Time left: 300 sec this turn | 300 sec total\n|\n|t:|1783543127\n|move|p2a: Ariados|Toxic Spikes|p1a: Clodsire\n|-sidestart|p1: p0x304ea8f|move: Toxic Spikes\n|move|p1a: Clodsire|Earthquake|p2a: Ariados\n|-damage|p2a: Ariados|13/100\n|\n|-heal|p1a: Clodsire|300/343|[from] item: Leftovers\n|upkeep\n|turn|12\n|inactive|Time left: 300 sec this turn | 300 sec total\n|\n|t:|1783543128\n|move|p2a: Ariados|Toxic Spikes|p1a: Clodsire\n|-sidestart|p1: p0x304ea8f|move: Toxic Spikes\n|move|p1a: Clodsire|Earthquake|p2a: Ariados\n|-damage|p2a: Ariados|0 fnt\n|faint|p2a: Ariados\n|\n|-heal|p1a: Clodsire|321/343|[from] item: Leftovers\n|upkeep\n|\n|t:|1783543129\n|switch|p2a: Glalie|Glalie, L96, F|100/100\n|turn|13\n|inactive|Time left: 300 sec this turn | 300 sec total\n|\n|t:|1783543129\n|switch|p1a: Mismagius|Mismagius, L86, F|243/243\n|move|p2a: Glalie|Freeze-Dry|p1a: Mismagius\n|-damage|p1a: Mismagius|177/243\n|\n|upkeep\n|turn|14\n|inactive|Time left: 300 sec this turn | 300 sec total\n|\n|t:|1783543131\n|move|p1a: Mismagius|Nasty Plot|p1a: Mismagius\n|-boost|p1a: Mismagius|spa|2\n|move|p2a: Glalie|Freeze-Dry|p1a: Mismagius\n|-damage|p1a: Mismagius|111/243\n|\n|upkeep\n|turn|15\n|inactive|Time left: 300 sec this turn | 300 sec total\n|\n|t:|1783543132\n|move|p1a: Mismagius|Mystical Fire|p2a: Glalie\n|-supereffective|p2a: Glalie\n|-damage|p2a: Glalie|3/100\n|-unboost|p2a: Glalie|spa|1\n|-damage|p1a: Mismagius|87/243|[from] item: Life Orb\n|move|p2a: Glalie|Freeze-Dry|p1a: Mismagius\n|-damage|p1a: Mismagius|39/243\n|\n|upkeep\n|turn|16\n|inactive|Time left: 300 sec this turn | 300 sec total\n|\n|t:|1783543133\n|move|p1a: Mismagius|Shadow Ball|p2a: Glalie\n|-damage|p2a: Glalie|0 fnt\n|faint|p2a: Glalie\n|-damage|p1a: Mismagius|15/243|[from] item: Life Orb\n|\n|upkeep\n|\n|t:|1783543134\n|switch|p2a: Frosmoth|Frosmoth, L82, F|100/100\n|turn|17\n|inactive|Time left: 300 sec this turn | 300 sec total\n|\n|t:|1783543135\n|-terastallize|p2a: Frosmoth|Water\n|move|p1a: Mismagius|Mystical Fire|p2a: Frosmoth\n|-resisted|p2a: Frosmoth\n|-damage|p2a: Frosmoth|86/100\n|-unboost|p2a: Frosmoth|spa|1\n|-damage|p1a: Mismagius|0 fnt|[from] item: Life Orb\n|faint|p1a: Mismagius\n|move|p2a: Frosmoth|Quiver Dance|p2a: Frosmoth\n|-boost|p2a: Frosmoth|spa|1\n|-boost|p2a: Frosmoth|spd|1\n|-boost|p2a: Frosmoth|spe|1\n|\n|upkeep\n|inactive|Time left: 300 sec this turn | 300 sec total | 5 sec grace\n|\n|t:|1783543136\n|switch|p1a: Clodsire|Clodsire, L81, F|321/343\n|-activate|p1a: Clodsire|move: Sticky Web\n|-unboost|p1a: Clodsire|spe|1\n|-sideend|p1: p0x304ea8f|move: Toxic Spikes|[of] p1a: Clodsire\n|turn|18\n|inactive|Time left: 300 sec this turn | 300 sec total\n|\n|t:|1783543137\n|move|p2a: Frosmoth|Ice Beam|p1a: Clodsire\n|-supereffective|p1a: Clodsire\n|-damage|p1a: Clodsire|133/343\n|move|p1a: Clodsire|Gunk Shot|p2a: Frosmoth\n|-damage|p2a: Frosmoth|36/100\n|-status|p2a: Frosmoth|psn\n|\n|-heal|p1a: Clodsire|154/343|[from] item: Leftovers\n|-damage|p2a: Frosmoth|24/100 psn|[from] psn\n|upkeep\n|turn|19\n|inactive|Time left: 300 sec this turn | 300 sec total\n|\n|t:|1783543139\n|-terastallize|p1a: Clodsire|Steel\n|move|p2a: Frosmoth|Ice Beam|p1a: Clodsire\n|-resisted|p1a: Clodsire\n|-damage|p1a: Clodsire|103/343\n|move|p1a: Clodsire|Recover|p1a: Clodsire\n|-heal|p1a: Clodsire|275/343\n|\n|-heal|p1a: Clodsire|296/343|[from] item: Leftovers\n|-damage|p2a: Frosmoth|11/100 psn|[from] psn\n|upkeep\n|turn|20\n|inactive|Time left: 300 sec this turn | 300 sec total\n|\n|t:|1783543140\n|move|p2a: Frosmoth|Ice Beam|p1a: Clodsire\n|-resisted|p1a: Clodsire\n|-damage|p1a: Clodsire|243/343\n|move|p1a: Clodsire|Earthquake|p2a: Frosmoth\n|-damage|p2a: Frosmoth|0 fnt\n|faint|p2a: Frosmoth\n|\n|-heal|p1a: Clodsire|264/343|[from] item: Leftovers\n|upkeep\n|\n|t:|1783543141\n|switch|p2a: Pincurchin|Pincurchin, M|43/100\n|-fieldstart|move: Electric Terrain|[from] ability: Electric Surge|[of] p2a: Pincurchin\n|turn|21\n|inactive|Time left: 300 sec this turn | 300 sec total\n|\n|t:|1783543142\n|move|p2a: Pincurchin|Zing Zap|p1a: Clodsire\n|-damage|p1a: Clodsire|36/343\n|cant|p1a: Clodsire|flinch\n|\n|-heal|p2a: Pincurchin|49/100|[from] item: Leftovers\n|-heal|p1a: Clodsire|57/343|[from] item: Leftovers\n|upkeep\n|turn|22\n|inactive|Time left: 300 sec this turn | 300 sec total\n|\n|t:|1783543143\n|move|p2a: Pincurchin|Liquidation|p1a: Clodsire\n|-damage|p1a: Clodsire|0 fnt\n|faint|p1a: Clodsire\n|\n|-heal|p2a: Pincurchin|55/100|[from] item: Leftovers\n|upkeep\n|inactive|Time left: 300 sec this turn | 300 sec total | 5 sec grace\n|\n|t:|1783543144\n|switch|p1a: Indeedee|Indeedee, L84, M|78/238\n|-activate|p1a: Indeedee|move: Sticky Web\n|-unboost|p1a: Indeedee|spe|1\n|-fieldstart|move: Psychic Terrain|[from] ability: Psychic Surge|[of] p1a: Indeedee\n|turn|23\n|inactive|Time left: 300 sec this turn | 300 sec total\n|\n|t:|1783543145\n|switch|p2a: Misdreavus|Misdreavus, L90, M|100/100\n|move|p1a: Indeedee|Expanding Force|p2a: Misdreavus\n|-damage|p2a: Misdreavus|53/100\n|\n|upkeep\n|turn|24\n|inactive|Time left: 300 sec this turn | 300 sec total\n|\n|t:|1783543146\n|switch|p2a: Pincurchin|Pincurchin, M|55/100\n|-fieldstart|move: Electric Terrain|[from] ability: Electric Surge|[of] p2a: Pincurchin\n|move|p1a: Indeedee|Expanding Force|p2a: Pincurchin\n|-crit|p2a: Pincurchin\n|-damage|p2a: Pincurchin|13/100\n|\n|-heal|p2a: Pincurchin|19/100|[from] item: Leftovers\n|upkeep\n|turn|25\n|inactive|Time left: 300 sec this turn | 300 sec total\n|\n|t:|1783543148\n|move|p1a: Indeedee|Expanding Force|p2a: Pincurchin\n|-damage|p2a: Pincurchin|0 fnt\n|faint|p2a: Pincurchin\n|\n|upkeep\n|\n|t:|1783543149\n|switch|p2a: Misdreavus|Misdreavus, L90, M|53/100\n|turn|26\n|inactive|Time left: 300 sec this turn | 300 sec total\n|\n|t:|1783543150\n|move|p1a: Indeedee|Expanding Force|p2a: Misdreavus\n|-damage|p2a: Misdreavus|30/100\n|move|p2a: Misdreavus|Calm Mind|p2a: Misdreavus\n|-boost|p2a: Misdreavus|spa|1\n|-boost|p2a: Misdreavus|spd|1\n|\n|upkeep\n|turn|27\n|inactive|Time left: 300 sec this turn | 300 sec total\n|\n|t:|1783543151\n|move|p1a: Indeedee|Expanding Force|p2a: Misdreavus\n|-damage|p2a: Misdreavus|15/100\n|move|p2a: Misdreavus|Calm Mind|p2a: Misdreavus\n|-boost|p2a: Misdreavus|spa|1\n|-boost|p2a: Misdreavus|spd|1\n|\n|upkeep\n|turn|28\n|inactive|Time left: 300 sec this turn | 300 sec total\n|\n|t:|1783543152\n|move|p1a: Indeedee|Expanding Force|p2a: Misdreavus\n|-damage|p2a: Misdreavus|3/100\n|move|p2a: Misdreavus|Draining Kiss|p1a: Indeedee\n|-damage|p1a: Indeedee|5/238\n|-heal|p2a: Misdreavus|25/100|[from] drain|[of] p1a: Indeedee\n|\n|-fieldend|move: Electric Terrain\n|upkeep\n|turn|29\n|inactive|Time left: 300 sec this turn | 300 sec total\n|\n|t:|1783543153\n|move|p1a: Indeedee|Expanding Force|p2a: Misdreavus\n|-damage|p2a: Misdreavus|13/100\n|move|p2a: Misdreavus|Draining Kiss|p1a: Indeedee\n|-damage|p1a: Indeedee|0 fnt\n|-heal|p2a: Misdreavus|14/100|[from] drain|[of] p1a: Indeedee\n|faint|p1a: Indeedee\n|\n|upkeep\n|inactive|Time left: 300 sec this turn | 300 sec total | 5 sec grace\n|\n|t:|1783543154\n|switch|p1a: Vileplume|Vileplume, L85, F|266/266\n|-activate|p1a: Vileplume|move: Sticky Web\n|-unboost|p1a: Vileplume|spe|1\n|turn|30\n|inactive|Time left: 300 sec this turn | 300 sec total\n|\n|t:|1783543155\n|move|p2a: Misdreavus|Draining Kiss|p1a: Vileplume\n|-resisted|p1a: Vileplume\n|-damage|p1a: Vileplume|233/266\n|-heal|p2a: Misdreavus|24/100|[from] drain|[of] p1a: Vileplume\n|move|p1a: Vileplume|Sludge Bomb|p2a: Misdreavus\n|-resisted|p2a: Misdreavus\n|-crit|p2a: Misdreavus\n|-damage|p2a: Misdreavus|4/100\n|\n|-heal|p1a: Vileplume|249/266|[from] item: Leftovers\n|upkeep\n|turn|31\n|inactive|Time left: 300 sec this turn | 300 sec total\n|\n|t:|1783543156\n|move|p2a: Misdreavus|Draining Kiss|p1a: Vileplume\n|-resisted|p1a: Vileplume\n|-damage|p1a: Vileplume|212/266\n|-heal|p2a: Misdreavus|15/100|[from] drain|[of] p1a: Vileplume\n|move|p1a: Vileplume|Giga Drain|p2a: Misdreavus\n|-damage|p2a: Misdreavus|3/100\n|-heal|p1a: Vileplume|228/266|[from] drain|[of] p2a: Misdreavus\n|\n|-heal|p1a: Vileplume|244/266|[from] item: Leftovers\n|upkeep\n|turn|32\n|inactive|Time left: 300 sec this turn | 300 sec total\n|\n|t:|1783543158\n|move|p2a: Misdreavus|Draining Kiss|p1a: Vileplume\n|-resisted|p1a: Vileplume\n|-damage|p1a: Vileplume|208/266\n|-heal|p2a: Misdreavus|13/100|[from] drain|[of] p1a: Vileplume\n|move|p1a: Vileplume|Giga Drain|p2a: Misdreavus\n|-damage|p2a: Misdreavus|2/100\n|-heal|p1a: Vileplume|222/266|[from] drain|[of] p2a: Misdreavus\n|\n|-heal|p1a: Vileplume|238/266|[from] item: Leftovers\n|upkeep\n|turn|33\n|inactive|Time left: 300 sec this turn | 300 sec total\n|\n|t:|1783543159\n|move|p2a: Misdreavus|Draining Kiss|p1a: Vileplume\n|-resisted|p1a: Vileplume\n|-damage|p1a: Vileplume|199/266\n|-heal|p2a: Misdreavus|14/100|[from] drain|[of] p1a: Vileplume\n|move|p1a: Vileplume|Giga Drain|p2a: Misdreavus\n|-damage|p2a: Misdreavus|2/100\n|-heal|p1a: Vileplume|214/266|[from] drain|[of] p2a: Misdreavus\n|\n|-heal|p1a: Vileplume|230/266|[from] item: Leftovers\n|upkeep\n|turn|34\n|inactive|Time left: 300 sec this turn | 300 sec total\n|\n|t:|1783543160\n|move|p2a: Misdreavus|Draining Kiss|p1a: Vileplume\n|-resisted|p1a: Vileplume\n|-damage|p1a: Vileplume|194/266\n|-heal|p2a: Misdreavus|13/100|[from] drain|[of] p1a: Vileplume\n|move|p1a: Vileplume|Giga Drain|p2a: Misdreavus\n|-damage|p2a: Misdreavus|2/100\n|-heal|p1a: Vileplume|208/266|[from] drain|[of] p2a: Misdreavus\n|\n|-heal|p1a: Vileplume|224/266|[from] item: Leftovers\n|upkeep\n|turn|35\n|inactive|Time left: 300 sec this turn | 300 sec total\n|\n|t:|1783543161\n|move|p2a: Misdreavus|Draining Kiss|p1a: Vileplume\n|-resisted|p1a: Vileplume\n|-damage|p1a: Vileplume|187/266\n|-heal|p2a: Misdreavus|13/100|[from] drain|[of] p1a: Vileplume\n|move|p1a: Vileplume|Giga Drain|p2a: Misdreavus\n|-damage|p2a: Misdreavus|0 fnt\n|-heal|p1a: Vileplume|203/266|[from] drain|[of] p2a: Misdreavus\n|faint|p2a: Misdreavus\n|\n|win|p0x304ea8f", "uploadtime": 1783543161, "views": 0, "rating": 0, "private": 0, "password": null, "_winner": "p0x304ea8f", "_our_name": "p0x304ea8f"}