{"id": "battle-gen9randombattle-1633", "formatid": "gen9randombattle", "format": "[Gen 9] Random Battle", "players": ["p0x163377fa", "p0y1633ac07"], "log": "|init|battle\n|title|p0x163377fa vs. p0y1633ac07\n|j|\u2606p0x163377fa\n|j|\u2606p0y1633ac07\n|t:|1783558879\n|gametype|singles\n|player|p1|p0x163377fa|169|\n|player|p2|p0y1633ac07|102|\n|gen|9\n|tier|[Gen 9] Random Battle\n|rule|Species Clause: Limit one of each Pok\u00e9mon\n|rule|HP Percentage Mod: HP is shown in percentages\n|rule|Sleep Clause Mod: Limit one foe put to sleep\n|rule|Illusion Level Mod: Illusion disguises the Pok\u00e9mon's true level\n|\n|t:|1783558879\n|teamsize|p1|6\n|teamsize|p2|6\n|start\n|switch|p1a: Sandy Shocks|Sandy Shocks, L80|100/100\n|switch|p2a: Vigoroth|Vigoroth, L85, F|275/275\n|turn|1\n|inactive|Battle timer is ON: inactive players will automatically lose when time's up. (requested by p0y1633ac07)\n|inactive|p0x163377fa also wants the timer to be on.\n|\n|t:|1783558881\n|move|p1a: Sandy Shocks|Earth Power|p2a: Vigoroth\n|-damage|p2a: Vigoroth|181/275\n|-unboost|p2a: Vigoroth|spd|1\n|move|p2a: Vigoroth|Earthquake|p1a: Sandy Shocks\n|-supereffective|p1a: Sandy Shocks\n|-damage|p1a: Sandy Shocks|50/100\n|\n|upkeep\n|turn|2\n|inactive|Time left: 300 sec this turn | 300 sec total\n|\n|t:|1783558882\n|move|p1a: Sandy Shocks|Earth Power|p2a: Vigoroth\n|-damage|p2a: Vigoroth|27/275\n|move|p2a: Vigoroth|Earthquake|p1a: Sandy Shocks\n|-supereffective|p1a: Sandy Shocks\n|-damage|p1a: Sandy Shocks|0 fnt\n|faint|p1a: Sandy Shocks\n|-end|p1a: Sandy Shocks|Protosynthesis|[silent]\n|\n|upkeep\n|\n|t:|1783558883\n|switch|p1a: Munkidori|Munkidori, L79, M|100/100\n|turn|3\n|inactive|Time left: 300 sec this turn | 300 sec total\n|\n|t:|1783558884\n|switch|p2a: Archaludon|Archaludon, L78, M|268/268\n|move|p1a: Munkidori|Psychic Noise|p2a: Archaludon\n|-resisted|p2a: Archaludon\n|-damage|p2a: Archaludon|226/268\n|-start|p2a: Archaludon|move: Heal Block\n|-ability|p2a: Archaludon|Stamina|boost\n|-boost|p2a: Archaludon|def|1\n|\n|upkeep\n|turn|4\n|inactive|Time left: 300 sec this turn | 300 sec total\n|\n|t:|1783558886\n|switch|p1a: Florges|Florges-Orange, L85, F|100/100\n|move|p2a: Archaludon|Dragon Tail|p1a: Florges\n|-immune|p1a: Florges\n|\n|-end|p2a: Archaludon|move: Heal Block\n|upkeep\n|turn|5\n|inactive|Time left: 300 sec this turn | 300 sec total\n|\n|t:|1783558887\n|move|p2a: Archaludon|Flash Cannon|p1a: Florges\n|-supereffective|p1a: Florges\n|-damage|p1a: Florges|60/100\n|move|p1a: Florges|Calm Mind|p1a: Florges\n|-boost|p1a: Florges|spa|1\n|-boost|p1a: Florges|spd|1\n|\n|-heal|p1a: Florges|66/100|[from] item: Leftovers\n|upkeep\n|turn|6\n|inactive|Time left: 300 sec this turn | 300 sec total\n|\n|t:|1783558888\n|move|p2a: Archaludon|Body Press|p1a: Florges\n|-resisted|p1a: Florges\n|-damage|p1a: Florges|46/100\n|move|p1a: Florges|Moonblast|p2a: Archaludon\n|-damage|p2a: Archaludon|66/268\n|-ability|p2a: Archaludon|Stamina|boost\n|-boost|p2a: Archaludon|def|1\n|\n|-heal|p1a: Florges|51/100|[from] item: Leftovers\n|upkeep\n|turn|7\n|inactive|Time left: 300 sec this turn | 300 sec total\n|\n|t:|1783558889\n|move|p2a: Archaludon|Flash Cannon|p1a: Florges\n|-supereffective|p1a: Florges\n|-damage|p1a: Florges|23/100\n|move|p1a: Florges|Moonblast|p2a: Archaludon\n|-damage|p2a: Archaludon|0 fnt\n|faint|p2a: Archaludon\n|\n|-heal|p1a: Florges|29/100|[from] item: Leftovers\n|upkeep\n|inactive|Time left: 300 sec this turn | 300 sec total | 5 sec grace\n|\n|t:|1783558890\n|switch|p2a: Reshiram|Reshiram, L76|277/277\n|-ability|p2a: Reshiram|Turboblaze\n|turn|8\n|inactive|Time left: 300 sec this turn | 300 sec total\n|\n|t:|1783558891\n|move|p2a: Reshiram|Flare Blitz|p1a: Florges\n|-damage|p1a: Florges|0 fnt\n|faint|p1a: Florges\n|-damage|p2a: Reshiram|252/277|[from] Recoil\n|\n|upkeep\n|\n|t:|1783558892\n|switch|p1a: Landorus|Landorus, L75, M|100/100\n|turn|9\n|inactive|Time left: 300 sec this turn | 300 sec total\n|\n|t:|1783558893\n|-terastallize|p2a: Reshiram|Dragon\n|move|p1a: Landorus|Earth Power|p2a: Reshiram\n|-damage|p2a: Reshiram|131/277\n|move|p2a: Reshiram|Dragon Dance|p2a: Reshiram\n|-boost|p2a: Reshiram|atk|1\n|-boost|p2a: Reshiram|spe|1\n|\n|upkeep\n|turn|10\n|inactive|Time left: 300 sec this turn | 300 sec total\n|\n|t:|1783558894\n|move|p2a: Reshiram|Outrage|p1a: Landorus\n|-damage|p1a: Landorus|0 fnt\n|faint|p1a: Landorus\n|\n|upkeep\n|\n|t:|1783558895\n|switch|p1a: Tsareena|Tsareena, L87, F|100/100\n|turn|11\n|inactive|Time left: 300 sec this turn | 300 sec total\n|\n|t:|1783558896\n|-terastallize|p1a: Tsareena|Steel\n|move|p2a: Reshiram|Outrage|p1a: Tsareena|[from] lockedmove\n|-resisted|p1a: Tsareena\n|-damage|p1a: Tsareena|61/100\n|-start|p2a: Reshiram|confusion|[fatigue]\n|move|p1a: Tsareena|Rapid Spin|p2a: Reshiram\n|-damage|p2a: Reshiram|86/277\n|-boost|p1a: Tsareena|spe|1\n|\n|upkeep\n|turn|12\n|inactive|Time left: 300 sec this turn | 300 sec total\n|\n|t:|1783558897\n|-activate|p2a: Reshiram|confusion\n|move|p2a: Reshiram|Flare Blitz|p1a: Tsareena\n|-supereffective|p1a: Tsareena\n|-crit|p1a: Tsareena\n|-damage|p1a: Tsareena|0 fnt\n|faint|p1a: Tsareena\n|-damage|p2a: Reshiram|33/277|[from] Recoil\n|\n|upkeep\n|\n|t:|1783558898\n|switch|p1a: Arceus|Arceus-Poison, L70|100/100\n|turn|13\n|inactive|Time left: 300 sec this turn | 300 sec total\n|\n|t:|1783558899\n|move|p1a: Arceus|Extreme Speed|p2a: Reshiram\n|-damage|p2a: Reshiram|0 fnt\n|faint|p2a: Reshiram\n|\n|upkeep\n|inactive|Time left: 300 sec this turn | 300 sec total | 5 sec grace\n|\n|t:|1783558900\n|switch|p2a: Diancie|Diancie, L82|216/216\n|turn|14\n|inactive|Time left: 300 sec this turn | 300 sec total\n|\n|t:|1783558901\n|move|p1a: Arceus|Swords Dance|p1a: Arceus\n|-boost|p1a: Arceus|atk|2\n|move|p2a: Diancie|Diamond Storm|p1a: Arceus\n|-damage|p1a: Arceus|68/100\n|-boost|p2a: Diancie|def|2\n|\n|upkeep\n|turn|15\n|inactive|Time left: 300 sec this turn | 300 sec total\n|\n|t:|1783558902\n|move|p1a: Arceus|Gunk Shot|p2a: Diancie\n|-crit|p2a: Diancie\n|-damage|p2a: Diancie|0 fnt\n|faint|p2a: Diancie\n|\n|upkeep\n|inactive|Time left: 300 sec this turn | 300 sec total | 5 sec grace\n|\n|t:|1783558903\n|switch|p2a: Phione|Phione, L91|293/293\n|turn|16\n|inactive|Time left: 300 sec this turn | 300 sec total\n|\n|t:|1783558904\n|move|p1a: Arceus|Gunk Shot|p2a: Phione\n|-damage|p2a: Phione|19/293\n|move|p2a: Phione|Scald|p1a: Arceus\n|-damage|p1a: Arceus|41/100\n|\n|-heal|p2a: Phione|37/293|[from] item: Leftovers\n|upkeep\n|turn|17\n|inactive|Time left: 300 sec this turn | 300 sec total\n|\n|t:|1783558905\n|move|p1a: Arceus|Extreme Speed|p2a: Phione\n|-damage|p2a: Phione|0 fnt\n|faint|p2a: Phione\n|\n|upkeep\n|inactive|Time left: 300 sec this turn | 300 sec total | 5 sec grace\n|\n|t:|1783558906\n|switch|p2a: Dewgong|Dewgong, L94, F|322/322\n|turn|18\n|inactive|Time left: 300 sec this turn | 300 sec total\n|\n|t:|1783558907\n|move|p1a: Arceus|Gunk Shot|p2a: Dewgong\n|-crit|p2a: Dewgong\n|-damage|p2a: Dewgong|0 fnt\n|faint|p2a: Dewgong\n|\n|upkeep\n|inactive|Time left: 300 sec this turn | 300 sec total | 5 sec grace\n|\n|t:|1783558908\n|switch|p2a: Vigoroth|Vigoroth, L85, F|27/275\n|turn|19\n|inactive|Time left: 300 sec this turn | 300 sec total\n|\n|t:|1783558908\n|move|p1a: Arceus|Earthquake|p2a: Vigoroth\n|-damage|p2a: Vigoroth|0 fnt\n|faint|p2a: Vigoroth\n|\n|win|p0x163377fa", "uploadtime": 1783558908, "views": 0, "rating": 0, "private": 0, "password": null, "_winner": "p0x163377fa", "_our_name": "p0y1633ac07"}