{"id": "battle-gen9randombattle-135", "formatid": "gen9randombattle", "format": "[Gen 9] Random Battle", "players": ["p0x13506a1", "p0y135dcaf"], "log": "|init|battle\n|title|p0x13506a1 vs. p0y135dcaf\n|j|\u2606p0x13506a1\n|j|\u2606p0y135dcaf\n|t:|1783534823\n|gametype|singles\n|player|p1|p0x13506a1|101|\n|player|p2|p0y135dcaf|266|\n|gen|9\n|tier|[Gen 9] Random Battle\n|rule|Species Clause: Limit one of each Pok\u00e9mon\n|rule|HP Percentage Mod: HP is shown in percentages\n|rule|Sleep Clause Mod: Limit one foe put to sleep\n|rule|Illusion Level Mod: Illusion disguises the Pok\u00e9mon's true level\n|\n|t:|1783534823\n|teamsize|p1|6\n|teamsize|p2|6\n|start\n|switch|p1a: Great Tusk|Great Tusk, L77|304/304\n|switch|p2a: Cinderace|Cinderace, L77, F|100/100\n|turn|1\n|inactive|Battle timer is ON: inactive players will automatically lose when time's up. (requested by p0x13506a1)\n|\n|t:|1783534824\n|switch|p2a: Lugia|Lugia, L73|100/100\n|move|p1a: Great Tusk|Earthquake|p2a: Lugia\n|-immune|p2a: Lugia\n|\n|upkeep\n|turn|2\n|inactive|Time left: 300 sec this turn | 300 sec total\n|inactive|p0y135dcaf also wants the timer to be on.\n|\n|t:|1783534825\n|-end|p1a: Great Tusk|Protosynthesis|[silent]\n|switch|p1a: Iron Thorns|Iron Thorns, L83|302/302\n|-enditem|p1a: Iron Thorns|Booster Energy\n|-activate|p1a: Iron Thorns|ability: Quark Drive|[fromitem]\n|-start|p1a: Iron Thorns|quarkdriveatk\n|move|p2a: Lugia|Aeroblast|p1a: Iron Thorns\n|-resisted|p1a: Iron Thorns\n|-damage|p1a: Iron Thorns|283/302\n|\n|upkeep\n|turn|3\n|inactive|Time left: 300 sec this turn | 300 sec total\n|\n|t:|1783534826\n|move|p2a: Lugia|Earth Power|p1a: Iron Thorns\n|-supereffective|p1a: Iron Thorns\n|-damage|p1a: Iron Thorns|87/302\n|move|p1a: Iron Thorns|Stone Edge|p2a: Lugia|[miss]\n|-miss|p1a: Iron Thorns|p2a: Lugia\n|\n|upkeep\n|turn|4\n|inactive|Time left: 300 sec this turn | 300 sec total\n|\n|t:|1783534827\n|-end|p1a: Iron Thorns|Quark Drive|[silent]\n|switch|p1a: Manaphy|Manaphy, L78|284/284\n|move|p2a: Lugia|Earth Power|p1a: Manaphy\n|-damage|p1a: Manaphy|238/284\n|\n|-heal|p1a: Manaphy|255/284|[from] item: Leftovers\n|upkeep\n|turn|5\n|inactive|Time left: 300 sec this turn | 300 sec total\n|\n|t:|1783534828\n|move|p2a: Lugia|Calm Mind|p2a: Lugia\n|-boost|p2a: Lugia|spa|1\n|-boost|p2a: Lugia|spd|1\n|move|p1a: Manaphy|Tail Glow|p1a: Manaphy\n|-boost|p1a: Manaphy|spa|3\n|\n|-heal|p1a: Manaphy|272/284|[from] item: Leftovers\n|upkeep\n|turn|6\n|inactive|Time left: 300 sec this turn | 300 sec total\n|\n|t:|1783534829\n|move|p2a: Lugia|Calm Mind|p2a: Lugia\n|-boost|p2a: Lugia|spa|1\n|-boost|p2a: Lugia|spd|1\n|move|p1a: Manaphy|Ice Beam|p2a: Lugia\n|-supereffective|p2a: Lugia\n|-damage|p2a: Lugia|83/100\n|\n|-heal|p1a: Manaphy|284/284|[from] item: Leftovers\n|upkeep\n|turn|7\n|inactive|Time left: 300 sec this turn | 300 sec total\n|\n|t:|1783534830\n|move|p2a: Lugia|Aeroblast|p1a: Manaphy\n|-damage|p1a: Manaphy|125/284\n|move|p1a: Manaphy|Ice Beam|p2a: Lugia\n|-supereffective|p2a: Lugia\n|-damage|p2a: Lugia|48/100\n|\n|-heal|p1a: Manaphy|142/284|[from] item: Leftovers\n|upkeep\n|turn|8\n|inactive|Time left: 300 sec this turn | 300 sec total\n|\n|t:|1783534830\n|move|p2a: Lugia|Aeroblast|p1a: Manaphy\n|-damage|p1a: Manaphy|0 fnt\n|faint|p1a: Manaphy\n|\n|upkeep\n|inactive|Time left: 300 sec this turn | 300 sec total | 5 sec grace\n|\n|t:|1783534831\n|switch|p1a: Gumshoos|Gumshoos, L95, F|321/321\n|turn|9\n|inactive|Time left: 300 sec this turn | 300 sec total\n|\n|t:|1783534832\n|move|p2a: Lugia|Aeroblast|p1a: Gumshoos\n|-damage|p1a: Gumshoos|143/321\n|move|p1a: Gumshoos|Double-Edge|p2a: Lugia\n|-damage|p2a: Lugia|0 fnt\n|faint|p2a: Lugia\n|-damage|p1a: Gumshoos|100/321|[from] Recoil\n|\n|upkeep\n|\n|t:|1783534833\n|switch|p2a: Flutter Mane|Flutter Mane, L74|100/100\n|turn|10\n|inactive|Time left: 300 sec this turn | 300 sec total\n|\n|t:|1783534835\n|move|p2a: Flutter Mane|Moonblast|p1a: Gumshoos\n|-damage|p1a: Gumshoos|0 fnt\n|faint|p1a: Gumshoos\n|-damage|p2a: Flutter Mane|91/100|[from] item: Life Orb\n|\n|upkeep\n|inactive|Time left: 300 sec this turn | 300 sec total | 5 sec grace\n|\n|t:|1783534836\n|switch|p1a: Ogerpon|Ogerpon-Wellspring, L76, F|247/247\n|turn|11\n|inactive|Time left: 300 sec this turn | 300 sec total\n|\n|t:|1783534837\n|-end|p2a: Flutter Mane|Protosynthesis|[silent]\n|switch|p2a: Persian|Persian-Alola, L86, M|100/100\n|move|p1a: Ogerpon|Ivy Cudgel|p2a: Persian|[anim] Ivy Cudgel Water\n|-damage|p2a: Persian|67/100\n|\n|upkeep\n|turn|12\n|inactive|Time left: 300 sec this turn | 300 sec total\n|\n|t:|1783534838\n|move|p2a: Persian|Nasty Plot|p2a: Persian\n|-boost|p2a: Persian|spa|2\n|move|p1a: Ogerpon|Swords Dance|p1a: Ogerpon\n|-boost|p1a: Ogerpon|atk|2\n|\n|upkeep\n|turn|13\n|inactive|Time left: 300 sec this turn | 300 sec total\n|\n|t:|1783534839\n|move|p2a: Persian|Dark Pulse|p1a: Ogerpon\n|-damage|p1a: Ogerpon|52/247\n|-damage|p2a: Persian|57/100|[from] item: Life Orb\n|cant|p1a: Ogerpon|flinch\n|\n|upkeep\n|turn|14\n|inactive|Time left: 300 sec this turn | 300 sec total\n|\n|t:|1783534840\n|switch|p1a: Iron Thorns|Iron Thorns, L83|87/302\n|move|p2a: Persian|Burning Jealousy|p1a: Iron Thorns\n|-resisted|p1a: Iron Thorns\n|-damage|p1a: Iron Thorns|29/302\n|-damage|p2a: Persian|47/100|[from] item: Life Orb\n|\n|upkeep\n|turn|15\n|inactive|Time left: 300 sec this turn | 300 sec total\n|\n|t:|1783534841\n|move|p2a: Persian|Dark Pulse|p1a: Iron Thorns\n|-damage|p1a: Iron Thorns|0 fnt\n|faint|p1a: Iron Thorns\n|-end|p1a: Iron Thorns|Quark Drive|[silent]\n|-damage|p2a: Persian|37/100|[from] item: Life Orb\n|\n|upkeep\n|inactive|Time left: 300 sec this turn | 300 sec total | 5 sec grace\n|\n|t:|1783534842\n|switch|p1a: Great Tusk|Great Tusk, L77|304/304\n|turn|16\n|inactive|Time left: 300 sec this turn | 300 sec total\n|\n|t:|1783534843\n|move|p2a: Persian|Burning Jealousy|p1a: Great Tusk\n|-crit|p1a: Great Tusk\n|-damage|p1a: Great Tusk|27/304\n|-damage|p2a: Persian|27/100|[from] item: Life Orb\n|move|p1a: Great Tusk|Earthquake|p2a: Persian\n|-damage|p2a: Persian|0 fnt\n|faint|p2a: Persian\n|\n|-heal|p1a: Great Tusk|46/304|[from] item: Leftovers\n|upkeep\n|\n|t:|1783534845\n|switch|p2a: Flutter Mane|Flutter Mane, L74|91/100\n|turn|17\n|inactive|Time left: 300 sec this turn | 300 sec total\n|\n|t:|1783534846\n|move|p2a: Flutter Mane|Moonblast|p1a: Great Tusk\n|-supereffective|p1a: Great Tusk\n|-damage|p1a: Great Tusk|0 fnt\n|faint|p1a: Great Tusk\n|-end|p1a: Great Tusk|Protosynthesis|[silent]\n|-damage|p2a: Flutter Mane|81/100|[from] item: Life Orb\n|\n|upkeep\n|inactive|Time left: 300 sec this turn | 300 sec total | 5 sec grace\n|\n|t:|1783534847\n|switch|p1a: Illumise|Illumise, L91, F|266/266\n|turn|18\n|inactive|Time left: 300 sec this turn | 300 sec total\n|\n|t:|1783534848\n|move|p1a: Illumise|Thunder Wave|p2a: Flutter Mane\n|-status|p2a: Flutter Mane|par\n|move|p2a: Flutter Mane|Calm Mind|p2a: Flutter Mane\n|-boost|p2a: Flutter Mane|spa|1\n|-boost|p2a: Flutter Mane|spd|1\n|\n|upkeep\n|turn|19\n|inactive|Time left: 300 sec this turn | 300 sec total\n|\n|t:|1783534849\n|move|p1a: Illumise|Encore|p2a: Flutter Mane\n|-start|p2a: Flutter Mane|Encore\n|move|p2a: Flutter Mane|Calm Mind|p2a: Flutter Mane\n|-boost|p2a: Flutter Mane|spa|1\n|-boost|p2a: Flutter Mane|spd|1\n|\n|upkeep\n|turn|20\n|inactive|Time left: 300 sec this turn | 300 sec total\n|\n|t:|1783534850\n|switch|p1a: Ogerpon|Ogerpon-Wellspring, L76, F|52/247\n|-end|p2a: Flutter Mane|Protosynthesis|[silent]\n|switch|p2a: Regirock|Regirock, L83|100/100\n|\n|upkeep\n|turn|21\n|inactive|Time left: 300 sec this turn | 300 sec total\n|\n|t:|1783534851\n|move|p1a: Ogerpon|Power Whip|p2a: Regirock|[miss]\n|-miss|p1a: Ogerpon|p2a: Regirock\n|move|p2a: Regirock|Body Press|p1a: Ogerpon\n|-damage|p1a: Ogerpon|0 fnt\n|faint|p1a: Ogerpon\n|\n|upkeep\n|inactive|Time left: 300 sec this turn | 300 sec total | 5 sec grace\n|\n|t:|1783534852\n|switch|p1a: Illumise|Illumise, L91, F|266/266\n|turn|22\n|inactive|Time left: 300 sec this turn | 300 sec total\n|\n|t:|1783534853\n|move|p1a: Illumise|Encore|p2a: Regirock\n|-start|p2a: Regirock|Encore\n|move|p2a: Regirock|Body Press|p1a: Illumise\n|-resisted|p1a: Illumise\n|-damage|p1a: Illumise|213/266\n|\n|upkeep\n|turn|23\n|inactive|Time left: 300 sec this turn | 300 sec total\n|\n|t:|1783534854\n|switch|p2a: Flutter Mane|Flutter Mane, L74|81/100 par\n|move|p1a: Illumise|Bug Buzz|p2a: Flutter Mane\n|-resisted|p2a: Flutter Mane\n|-crit|p2a: Flutter Mane\n|-damage|p2a: Flutter Mane|67/100 par\n|\n|upkeep\n|turn|24\n|inactive|Time left: 300 sec this turn | 300 sec total\n|\n|t:|1783534856\n|move|p1a: Illumise|Roost|p1a: Illumise\n|-heal|p1a: Illumise|266/266\n|-singleturn|p1a: Illumise|move: Roost\n|move|p2a: Flutter Mane|Moonblast|p1a: Illumise\n|-damage|p1a: Illumise|136/266\n|-damage|p2a: Flutter Mane|57/100 par|[from] item: Life Orb\n|\n|upkeep\n|turn|25\n|inactive|Time left: 300 sec this turn | 300 sec total\n|\n|t:|1783534857\n|move|p1a: Illumise|Roost|p1a: Illumise\n|-heal|p1a: Illumise|266/266\n|-singleturn|p1a: Illumise|move: Roost\n|cant|p2a: Flutter Mane|par\n|\n|upkeep\n|turn|26\n|inactive|Time left: 300 sec this turn | 300 sec total\n|\n|t:|1783534858\n|move|p1a: Illumise|Bug Buzz|p2a: Flutter Mane\n|-resisted|p2a: Flutter Mane\n|-damage|p2a: Flutter Mane|48/100 par\n|move|p2a: Flutter Mane|Calm Mind|p2a: Flutter Mane\n|-boost|p2a: Flutter Mane|spa|1\n|-boost|p2a: Flutter Mane|spd|1\n|\n|upkeep\n|turn|27\n|inactive|Time left: 300 sec this turn | 300 sec total\n|\n|t:|1783534858\n|move|p1a: Illumise|Encore|p2a: Flutter Mane\n|-start|p2a: Flutter Mane|Encore\n|cant|p2a: Flutter Mane|par\n|\n|upkeep\n|turn|28\n|inactive|Time left: 300 sec this turn | 300 sec total\n|\n|t:|1783534859\n|move|p1a: Illumise|Bug Buzz|p2a: Flutter Mane\n|-resisted|p2a: Flutter Mane\n|-damage|p2a: Flutter Mane|42/100 par\n|-unboost|p2a: Flutter Mane|spd|1\n|cant|p2a: Flutter Mane|par\n|\n|upkeep\n|turn|29\n|inactive|Time left: 300 sec this turn | 300 sec total\n|\n|t:|1783534860\n|-end|p2a: Flutter Mane|Protosynthesis|[silent]\n|switch|p2a: Regirock|Regirock, L83|100/100\n|move|p1a: Illumise|Bug Buzz|p2a: Regirock\n|-damage|p2a: Regirock|67/100\n|\n|-heal|p2a: Regirock|73/100|[from] item: Leftovers\n|upkeep\n|turn|30\n|inactive|Time left: 300 sec this turn | 300 sec total\n|\n|t:|1783534861\n|move|p1a: Illumise|Thunder Wave|p2a: Regirock\n|-status|p2a: Regirock|par\n|move|p2a: Regirock|Stone Edge|p1a: Illumise\n|-supereffective|p1a: Illumise\n|-damage|p1a: Illumise|48/266\n|\n|-heal|p2a: Regirock|79/100 par|[from] item: Leftovers\n|upkeep\n|turn|31\n|inactive|Time left: 300 sec this turn | 300 sec total\n|\n|t:|1783534862\n|-terastallize|p1a: Illumise|Water\n|move|p1a: Illumise|Roost|p1a: Illumise\n|-heal|p1a: Illumise|181/266\n|move|p2a: Regirock|Stone Edge|p1a: Illumise\n|-damage|p1a: Illumise|60/266\n|\n|-heal|p2a: Regirock|85/100 par|[from] item: Leftovers\n|upkeep\n|turn|32\n|inactive|Time left: 300 sec this turn | 300 sec total\n|\n|t:|1783534863\n|-terastallize|p2a: Regirock|Fighting\n|move|p1a: Illumise|Roost|p1a: Illumise\n|-heal|p1a: Illumise|193/266\n|move|p2a: Regirock|Body Press|p1a: Illumise\n|-damage|p1a: Illumise|27/266\n|\n|-heal|p2a: Regirock|91/100 par|[from] item: Leftovers\n|upkeep\n|turn|33\n|inactive|Time left: 300 sec this turn | 300 sec total\n|\n|t:|1783534864\n|move|p1a: Illumise|Roost|p1a: Illumise\n|-heal|p1a: Illumise|160/266\n|move|p2a: Regirock|Body Press|p1a: Illumise\n|-damage|p1a: Illumise|0 fnt\n|faint|p1a: Illumise\n|\n|win|p0y135dcaf", "uploadtime": 1783534864, "views": 0, "rating": 0, "private": 0, "password": null, "_winner": "p0y135dcaf", "_our_name": "p0x13506a1"}