{"id": "battle-gen9randombattle-2971", "formatid": "gen9randombattle", "format": "[Gen 9] Random Battle", "players": ["p0x29717f1a", "p0y29714cdf"], "log": "|init|battle\n|title|p0x29717f1a vs. p0y29714cdf\n|j|\u2606p0x29717f1a\n|j|\u2606p0y29714cdf\n|t:|1783573233\n|gametype|singles\n|player|p1|p0x29717f1a|2|\n|player|p2|p0y29714cdf|169|\n|gen|9\n|tier|[Gen 9] Random Battle\n|rule|Species Clause: Limit one of each Pok\u00e9mon\n|rule|HP Percentage Mod: HP is shown in percentages\n|rule|Sleep Clause Mod: Limit one foe put to sleep\n|rule|Illusion Level Mod: Illusion disguises the Pok\u00e9mon's true level\n|\n|t:|1783573233\n|teamsize|p1|6\n|teamsize|p2|6\n|start\n|switch|p1a: Blissey|Blissey, L85, F|572/572\n|switch|p2a: Skeledirge|Skeledirge, L79, M|100/100\n|turn|1\n|inactive|Battle timer is ON: inactive players will automatically lose when time's up. (requested by p0y29714cdf)\n|inactive|Time left: 300 sec this turn | 300 sec total | 60 sec grace\n|inactive|p0x29717f1a also wants the timer to be on.\n|\n|t:|1783573234\n|move|p2a: Skeledirge|Torch Song|p1a: Blissey\n|-damage|p1a: Blissey|518/572\n|-boost|p2a: Skeledirge|spa|1\n|move|p1a: Blissey|Stealth Rock|p2a: Skeledirge\n|-sidestart|p2: p0y29714cdf|move: Stealth Rock\n|\n|-heal|p1a: Blissey|553/572|[from] item: Leftovers\n|upkeep\n|turn|2\n|inactive|Time left: 300 sec this turn | 300 sec total\n|\n|t:|1783573235\n|move|p2a: Skeledirge|Torch Song|p1a: Blissey\n|-damage|p1a: Blissey|469/572\n|-boost|p2a: Skeledirge|spa|1\n|move|p1a: Blissey|Thunder Wave|p2a: Skeledirge\n|-status|p2a: Skeledirge|par\n|\n|-heal|p1a: Blissey|504/572|[from] item: Leftovers\n|upkeep\n|turn|3\n|inactive|Time left: 300 sec this turn | 300 sec total\n|\n|t:|1783573236\n|switch|p1a: Zangoose|Zangoose, L85, M|263/263\n|move|p2a: Skeledirge|Torch Song|p1a: Zangoose\n|-damage|p1a: Zangoose|67/263\n|-boost|p2a: Skeledirge|spa|1\n|\n|-status|p1a: Zangoose|tox|[from] item: Toxic Orb\n|upkeep\n|turn|4\n|inactive|Time left: 300 sec this turn | 300 sec total\n|\n|t:|1783573237\n|move|p1a: Zangoose|Knock Off|p2a: Skeledirge\n|-supereffective|p2a: Skeledirge\n|-damage|p2a: Skeledirge|20/100 par\n|-enditem|p2a: Skeledirge|Heavy-Duty Boots|[from] move: Knock Off|[of] p1a: Zangoose\n|move|p2a: Skeledirge|Torch Song|p1a: Zangoose\n|-damage|p1a: Zangoose|0 fnt\n|-boost|p2a: Skeledirge|spa|1\n|faint|p1a: Zangoose\n|\n|upkeep\n|inactive|Time left: 300 sec this turn | 300 sec total | 5 sec grace\n|\n|t:|1783573238\n|switch|p1a: Salazzle|Salazzle, L83, F|249/249\n|turn|5\n|inactive|Time left: 300 sec this turn | 300 sec total\n|\n|t:|1783573239\n|move|p1a: Salazzle|Sludge Wave|p2a: Skeledirge\n|-resisted|p2a: Skeledirge\n|-damage|p2a: Skeledirge|0 fnt\n|faint|p2a: Skeledirge\n|\n|upkeep\n|\n|t:|1783573240\n|switch|p2a: Koraidon|Koraidon, L64|100/100\n|-damage|p2a: Koraidon|95/100|[from] Stealth Rock\n|-weather|SunnyDay|[from] ability: Orichalcum Pulse|[of] p2a: Koraidon\n|-activate|p2a: Koraidon|Orichalcum Pulse|[source]\n|turn|6\n|inactive|Time left: 300 sec this turn | 300 sec total\n|\n|t:|1783573241\n|move|p1a: Salazzle|Sludge Wave|p2a: Koraidon\n|-damage|p2a: Koraidon|42/100\n|-status|p2a: Koraidon|psn\n|move|p2a: Koraidon|Outrage|p1a: Salazzle\n|-damage|p1a: Salazzle|0 fnt\n|faint|p1a: Salazzle\n|\n|-weather|SunnyDay|[upkeep]\n|-damage|p2a: Koraidon|29/100 psn|[from] psn\n|upkeep\n|inactive|Time left: 300 sec this turn | 300 sec total | 5 sec grace\n|\n|t:|1783573242\n|switch|p1a: Hawlucha|Hawlucha, L80, M|256/256\n|turn|7\n|inactive|Time left: 300 sec this turn | 300 sec total\n|\n|t:|1783573243\n|move|p1a: Hawlucha|Close Combat|p2a: Koraidon\n|-damage|p2a: Koraidon|0 fnt\n|-unboost|p1a: Hawlucha|def|1\n|-unboost|p1a: Hawlucha|spd|1\n|faint|p2a: Koraidon\n|-enditem|p1a: Hawlucha|White Herb\n|-clearnegativeboost|p1a: Hawlucha|[silent]\n|\n|-weather|SunnyDay|[upkeep]\n|upkeep\n|\n|t:|1783573243\n|switch|p2a: Bellibolt|Bellibolt, L84, F|100/100\n|-damage|p2a: Bellibolt|88/100|[from] Stealth Rock\n|turn|8\n|inactive|Time left: 300 sec this turn | 300 sec total\n|\n|t:|1783573244\n|switch|p1a: Electivire|Electivire, L84, F|263/263\n|move|p2a: Bellibolt|Thunderbolt|p1a: Electivire\n|-ability|p1a: Electivire|Motor Drive|boost\n|-boost|p1a: Electivire|spe|1\n|\n|-weather|SunnyDay|[upkeep]\n|-heal|p2a: Bellibolt|94/100|[from] item: Leftovers\n|upkeep\n|turn|9\n|inactive|Time left: 300 sec this turn | 300 sec total\n|\n|t:|1783573245\n|move|p1a: Electivire|Bulk Up|p1a: Electivire\n|-boost|p1a: Electivire|atk|1\n|-boost|p1a: Electivire|def|1\n|move|p2a: Bellibolt|Toxic|p1a: Electivire\n|-status|p1a: Electivire|tox\n|\n|-weather|SunnyDay|[upkeep]\n|-heal|p2a: Bellibolt|100/100|[from] item: Leftovers\n|-damage|p1a: Electivire|247/263 tox|[from] psn\n|upkeep\n|turn|10\n|inactive|Time left: 300 sec this turn | 300 sec total\n|\n|t:|1783573246\n|move|p1a: Electivire|Earthquake|p2a: Bellibolt\n|-supereffective|p2a: Bellibolt\n|-damage|p2a: Bellibolt|0 fnt\n|faint|p2a: Bellibolt\n|-damage|p1a: Electivire|221/263 tox|[from] item: Life Orb\n|\n|-weather|none\n|-damage|p1a: Electivire|189/263 tox|[from] psn\n|upkeep\n|\n|t:|1783573247\n|switch|p2a: Vaporeon|Vaporeon, L86, F|100/100\n|-damage|p2a: Vaporeon|88/100|[from] Stealth Rock\n|turn|11\n|inactive|Time left: 300 sec this turn | 300 sec total\n|\n|t:|1783573248\n|move|p2a: Vaporeon|Protect|p2a: Vaporeon\n|-singleturn|p2a: Vaporeon|Protect\n|move|p1a: Electivire|Bulk Up|p1a: Electivire\n|-boost|p1a: Electivire|atk|1\n|-boost|p1a: Electivire|def|1\n|\n|-heal|p2a: Vaporeon|94/100|[from] item: Leftovers\n|-damage|p1a: Electivire|141/263 tox|[from] psn\n|upkeep\n|turn|12\n|inactive|Time left: 300 sec this turn | 300 sec total\n|\n|t:|1783573249\n|move|p2a: Vaporeon|Protect||[still]\n|-fail|p2a: Vaporeon\n|move|p1a: Electivire|Supercell Slam|p2a: Vaporeon\n|-supereffective|p2a: Vaporeon\n|-damage|p2a: Vaporeon|0 fnt\n|faint|p2a: Vaporeon\n|-damage|p1a: Electivire|115/263 tox|[from] item: Life Orb\n|\n|-damage|p1a: Electivire|51/263 tox|[from] psn\n|upkeep\n|\n|t:|1783573250\n|switch|p2a: Vivillon|Vivillon-Savanna, L83, M|100/100\n|turn|13\n|inactive|Time left: 300 sec this turn | 300 sec total\n|\n|t:|1783573251\n|switch|p2a: Regidrago|Regidrago, L77|100/100\n|-damage|p2a: Regidrago|88/100|[from] Stealth Rock\n|move|p1a: Electivire|Supercell Slam|p2a: Regidrago\n|-resisted|p2a: Regidrago\n|-damage|p2a: Regidrago|22/100\n|-damage|p1a: Electivire|25/263 tox|[from] item: Life Orb\n|\n|-damage|p1a: Electivire|0 fnt|[from] psn\n|faint|p1a: Electivire\n|upkeep\n|inactive|Time left: 300 sec this turn | 300 sec total | 5 sec grace\n|\n|t:|1783573252\n|switch|p1a: Hawlucha|Hawlucha, L80, M|256/256\n|turn|14\n|inactive|Time left: 300 sec this turn | 300 sec total\n|\n|t:|1783573253\n|move|p1a: Hawlucha|Acrobatics|p2a: Regidrago\n|-damage|p2a: Regidrago|0 fnt\n|faint|p2a: Regidrago\n|\n|upkeep\n|\n|t:|1783573254\n|switch|p2a: Vivillon|Vivillon-Savanna, L83, M|100/100\n|turn|15\n|inactive|Time left: 300 sec this turn | 300 sec total\n|\n|t:|1783573255\n|-terastallize|p1a: Hawlucha|Flying\n|-terastallize|p2a: Vivillon|Steel\n|move|p1a: Hawlucha|Acrobatics|p2a: Vivillon\n|-resisted|p2a: Vivillon\n|-damage|p2a: Vivillon|60/100\n|move|p2a: Vivillon|Quiver Dance|p2a: Vivillon\n|-boost|p2a: Vivillon|spa|1\n|-boost|p2a: Vivillon|spd|1\n|-boost|p2a: Vivillon|spe|1\n|\n|upkeep\n|turn|16\n|inactive|Time left: 300 sec this turn | 300 sec total\n|\n|t:|1783573256\n|move|p2a: Vivillon|Sleep Powder|p1a: Hawlucha\n|-status|p1a: Hawlucha|slp|[from] move: Sleep Powder\n|cant|p1a: Hawlucha|slp\n|\n|upkeep\n|turn|17\n|inactive|Time left: 300 sec this turn | 300 sec total\n|\n|t:|1783573257\n|move|p2a: Vivillon|Hurricane|p1a: Hawlucha\n|-damage|p1a: Hawlucha|33/256 slp\n|cant|p1a: Hawlucha|slp\n|\n|upkeep\n|turn|18\n|inactive|Time left: 300 sec this turn | 300 sec total\n|\n|t:|1783573258\n|switch|p1a: Blissey|Blissey, L85, F|504/572\n|move|p2a: Vivillon|Hurricane|p1a: Blissey\n|-damage|p1a: Blissey|390/572\n|\n|-heal|p1a: Blissey|425/572|[from] item: Leftovers\n|upkeep\n|turn|19\n|inactive|Time left: 300 sec this turn | 300 sec total\n|\n|t:|1783573259\n|move|p2a: Vivillon|Hurricane|p1a: Blissey\n|-damage|p1a: Blissey|314/572\n|move|p1a: Blissey|Seismic Toss|p2a: Vivillon\n|-damage|p2a: Vivillon|28/100\n|\n|-heal|p1a: Blissey|349/572|[from] item: Leftovers\n|upkeep\n|turn|20\n|inactive|Time left: 300 sec this turn | 300 sec total\n|\n|t:|1783573260\n|move|p2a: Vivillon|Hurricane|p1a: Blissey\n|-damage|p1a: Blissey|234/572\n|move|p1a: Blissey|Seismic Toss|p2a: Vivillon\n|-damage|p2a: Vivillon|0 fnt\n|faint|p2a: Vivillon\n|\n|win|p0x29717f1a", "uploadtime": 1783573260, "views": 0, "rating": 0, "private": 0, "password": null, "_winner": "p0x29717f1a", "_our_name": "p0x29717f1a"}