{"id": "battle-gen9randombattle-1512", "formatid": "gen9randombattle", "format": "[Gen 9] Random Battle", "players": ["p0x15120fca", "p0y151201c1"], "log": "|init|battle\n|title|p0x15120fca vs. p0y151201c1\n|j|\u2606p0x15120fca\n|j|\u2606p0y151201c1\n|t:|1783556673\n|gametype|singles\n|player|p1|p0x15120fca|102|\n|player|p2|p0y151201c1|265|\n|gen|9\n|tier|[Gen 9] Random Battle\n|rule|Species Clause: Limit one of each Pok\u00e9mon\n|rule|HP Percentage Mod: HP is shown in percentages\n|rule|Sleep Clause Mod: Limit one foe put to sleep\n|rule|Illusion Level Mod: Illusion disguises the Pok\u00e9mon's true level\n|\n|t:|1783556673\n|teamsize|p1|6\n|teamsize|p2|6\n|start\n|switch|p1a: Dialga|Dialga-Origin, L73|266/266\n|switch|p2a: Kleavor|Kleavor, L78, M|100/100\n|-ability|p1a: Dialga|Pressure\n|turn|1\n|inactive|Battle timer is ON: inactive players will automatically lose when time's up. (requested by p0y151201c1)\n|inactive|Time left: 300 sec this turn | 300 sec total | 60 sec grace\n|inactive|p0x15120fca also wants the timer to be on.\n|\n|t:|1783556674\n|move|p2a: Kleavor|Stone Axe|p1a: Dialga\n|-resisted|p1a: Dialga\n|-damage|p1a: Dialga|209/266\n|-sidestart|p1: p0x15120fca|move: Stealth Rock\n|move|p1a: Dialga|Heavy Slam|p2a: Kleavor\n|-supereffective|p2a: Kleavor\n|-damage|p2a: Kleavor|0 fnt\n|faint|p2a: Kleavor\n|\n|upkeep\n|\n|t:|1783556675\n|switch|p2a: Grimmsnarl|Grimmsnarl, L83, M|100/100\n|turn|2\n|inactive|Time left: 300 sec this turn | 300 sec total\n|\n|t:|1783556676\n|move|p2a: Grimmsnarl|Reflect|p2a: Grimmsnarl\n|-sidestart|p2: p0y151201c1|Reflect\n|move|p1a: Dialga|Heavy Slam|p2a: Grimmsnarl\n|-supereffective|p2a: Grimmsnarl\n|-damage|p2a: Grimmsnarl|49/100\n|\n|upkeep\n|turn|3\n|inactive|Time left: 300 sec this turn | 300 sec total\n|\n|t:|1783556677\n|move|p2a: Grimmsnarl|Parting Shot|p1a: Dialga\n|-unboost|p1a: Dialga|atk|1\n|-unboost|p1a: Dialga|spa|1\n|\n|t:|1783556678\n|switch|p2a: Oinkologne|Oinkologne, L92, M|100/100|[from] Parting Shot\n|move|p1a: Dialga|Heavy Slam|p2a: Oinkologne\n|-damage|p2a: Oinkologne|89/100\n|\n|-heal|p2a: Oinkologne|95/100|[from] item: Leftovers\n|upkeep\n|turn|4\n|inactive|Time left: 300 sec this turn | 300 sec total\n|\n|t:|1783556679\n|switch|p1a: Noctowl|Noctowl, L95, F|344/344\n|move|p2a: Oinkologne|High Horsepower|p1a: Noctowl\n|-immune|p1a: Noctowl\n|\n|-heal|p2a: Oinkologne|100/100|[from] item: Leftovers\n|upkeep\n|turn|5\n|inactive|Time left: 300 sec this turn | 300 sec total\n|\n|t:|1783556680\n|move|p1a: Noctowl|Nasty Plot|p1a: Noctowl\n|-boost|p1a: Noctowl|spa|2\n|move|p2a: Oinkologne|Body Slam|p1a: Noctowl\n|-damage|p1a: Noctowl|205/344\n|\n|upkeep\n|turn|6\n|inactive|Time left: 300 sec this turn | 300 sec total\n|\n|t:|1783556681\n|move|p1a: Noctowl|Hyper Voice|p2a: Oinkologne\n|-damage|p2a: Oinkologne|35/100\n|move|p2a: Oinkologne|Body Slam|p1a: Noctowl\n|-damage|p1a: Noctowl|63/344\n|\n|-heal|p2a: Oinkologne|42/100|[from] item: Leftovers\n|upkeep\n|turn|7\n|inactive|Time left: 300 sec this turn | 300 sec total\n|\n|t:|1783556682\n|switch|p2a: Goodra|Goodra-Hisui, L82, M|100/100\n|move|p1a: Noctowl|Hyper Voice|p2a: Goodra\n|-resisted|p2a: Goodra\n|-damage|p2a: Goodra|63/100\n|\n|upkeep\n|turn|8\n|inactive|Time left: 300 sec this turn | 300 sec total\n|\n|t:|1783556683\n|move|p1a: Noctowl|Roost|p1a: Noctowl\n|-heal|p1a: Noctowl|235/344\n|-singleturn|p1a: Noctowl|move: Roost\n|move|p2a: Goodra|Heavy Slam|p1a: Noctowl\n|-damage|p1a: Noctowl|78/344\n|\n|upkeep\n|turn|9\n|inactive|Time left: 300 sec this turn | 300 sec total\n|\n|t:|1783556684\n|move|p1a: Noctowl|Roost|p1a: Noctowl\n|-heal|p1a: Noctowl|250/344\n|-singleturn|p1a: Noctowl|move: Roost\n|move|p2a: Goodra|Heavy Slam|p1a: Noctowl\n|-damage|p1a: Noctowl|79/344\n|\n|-sideend|p2: p0y151201c1|Reflect\n|upkeep\n|turn|10\n|inactive|Time left: 300 sec this turn | 300 sec total\n|\n|t:|1783556685\n|move|p1a: Noctowl|Roost|p1a: Noctowl\n|-heal|p1a: Noctowl|251/344\n|-singleturn|p1a: Noctowl|move: Roost\n|move|p2a: Goodra|Heavy Slam|p1a: Noctowl\n|-damage|p1a: Noctowl|83/344\n|\n|upkeep\n|turn|11\n|inactive|Time left: 300 sec this turn | 300 sec total\n|\n|t:|1783556686\n|move|p1a: Noctowl|Roost|p1a: Noctowl\n|-heal|p1a: Noctowl|255/344\n|-singleturn|p1a: Noctowl|move: Roost\n|move|p2a: Goodra|Heavy Slam|p1a: Noctowl\n|-damage|p1a: Noctowl|84/344\n|\n|upkeep\n|turn|12\n|inactive|Time left: 300 sec this turn | 300 sec total\n|\n|t:|1783556688\n|move|p1a: Noctowl|Roost|p1a: Noctowl\n|-heal|p1a: Noctowl|256/344\n|-singleturn|p1a: Noctowl|move: Roost\n|move|p2a: Goodra|Heavy Slam|p1a: Noctowl\n|-damage|p1a: Noctowl|87/344\n|\n|upkeep\n|turn|13\n|inactive|Time left: 300 sec this turn | 300 sec total\n|\n|t:|1783556689\n|move|p1a: Noctowl|Roost|p1a: Noctowl\n|-heal|p1a: Noctowl|259/344\n|-singleturn|p1a: Noctowl|move: Roost\n|move|p2a: Goodra|Heavy Slam|p1a: Noctowl\n|-damage|p1a: Noctowl|99/344\n|\n|upkeep\n|turn|14\n|inactive|Time left: 300 sec this turn | 300 sec total\n|\n|t:|1783556690\n|move|p1a: Noctowl|Roost|p1a: Noctowl\n|-heal|p1a: Noctowl|271/344\n|-singleturn|p1a: Noctowl|move: Roost\n|move|p2a: Goodra|Heavy Slam|p1a: Noctowl\n|-damage|p1a: Noctowl|96/344\n|\n|upkeep\n|turn|15\n|inactive|Time left: 300 sec this turn | 300 sec total\n|\n|t:|1783556691\n|move|p1a: Noctowl|Roost|p1a: Noctowl\n|-heal|p1a: Noctowl|268/344\n|-singleturn|p1a: Noctowl|move: Roost\n|move|p2a: Goodra|Heavy Slam|p1a: Noctowl\n|-damage|p1a: Noctowl|99/344\n|\n|upkeep\n|turn|16\n|inactive|Time left: 300 sec this turn | 300 sec total\n|\n|t:|1783556692\n|move|p1a: Noctowl|Hyper Voice|p2a: Goodra\n|-resisted|p2a: Goodra\n|-damage|p2a: Goodra|22/100\n|move|p2a: Goodra|Heavy Slam|p1a: Noctowl\n|-damage|p1a: Noctowl|0 fnt\n|faint|p1a: Noctowl\n|\n|upkeep\n|inactive|Time left: 300 sec this turn | 300 sec total | 5 sec grace\n|\n|t:|1783556694\n|switch|p1a: Morpeko|Morpeko, L88, M|245/245\n|-damage|p1a: Morpeko|215/245|[from] Stealth Rock\n|turn|17\n|inactive|Time left: 300 sec this turn | 300 sec total\n|\n|t:|1783556695\n|move|p1a: Morpeko|Aura Wheel|p2a: Goodra\n|-resisted|p2a: Goodra\n|-damage|p2a: Goodra|0 fnt\n|-boost|p1a: Morpeko|spe|1\n|faint|p2a: Goodra\n|\n|-heal|p1a: Morpeko|230/245|[from] item: Leftovers\n|-formechange|p1a: Morpeko|Morpeko-Hangry||[from] ability: Hunger Switch\n|upkeep\n|\n|t:|1783556696\n|switch|p2a: Oinkologne|Oinkologne, L92, M|42/100\n|turn|18\n|inactive|Time left: 300 sec this turn | 300 sec total\n|\n|t:|1783556697\n|-terastallize|p2a: Oinkologne|Ground\n|move|p1a: Morpeko|Knock Off|p2a: Oinkologne\n|-damage|p2a: Oinkologne|9/100\n|-enditem|p2a: Oinkologne|Leftovers|[from] move: Knock Off|[of] p1a: Morpeko\n|move|p2a: Oinkologne|High Horsepower|p1a: Morpeko\n|-supereffective|p1a: Morpeko\n|-damage|p1a: Morpeko|0 fnt\n|faint|p1a: Morpeko\n|\n|upkeep\n|inactive|Time left: 300 sec this turn | 300 sec total | 5 sec grace\n|\n|t:|1783556698\n|switch|p1a: Breloom|Breloom, L83, F|235/235\n|-damage|p1a: Breloom|221/235|[from] Stealth Rock\n|turn|19\n|inactive|Time left: 300 sec this turn | 300 sec total\n|\n|t:|1783556699\n|move|p1a: Breloom|Mach Punch|p2a: Oinkologne\n|-damage|p2a: Oinkologne|0 fnt\n|faint|p2a: Oinkologne\n|-damage|p1a: Breloom|198/235|[from] item: Life Orb\n|\n|upkeep\n|\n|t:|1783556700\n|switch|p2a: Farigiraf|Farigiraf, L90, F|100/100\n|turn|20\n|inactive|Time left: 300 sec this turn | 300 sec total\n|\n|t:|1783556701\n|switch|p1a: Dialga|Dialga-Origin, L73|209/266\n|-damage|p1a: Dialga|193/266|[from] Stealth Rock\n|-ability|p1a: Dialga|Pressure\n|move|p2a: Farigiraf|Psychic Noise|p1a: Dialga\n|-resisted|p1a: Dialga\n|-damage|p1a: Dialga|148/266\n|-start|p1a: Dialga|move: Heal Block\n|\n|upkeep\n|turn|21\n|inactive|Time left: 300 sec this turn | 300 sec total\n|\n|t:|1783556702\n|move|p1a: Dialga|Heavy Slam|p2a: Farigiraf\n|-damage|p2a: Farigiraf|62/100\n|move|p2a: Farigiraf|Body Slam|p1a: Dialga\n|-resisted|p1a: Dialga\n|-damage|p1a: Dialga|103/266\n|\n|-heal|p2a: Farigiraf|68/100|[from] item: Leftovers\n|-end|p1a: Dialga|move: Heal Block\n|upkeep\n|turn|22\n|inactive|Time left: 300 sec this turn | 300 sec total\n|\n|t:|1783556703\n|move|p1a: Dialga|Heavy Slam|p2a: Farigiraf\n|-damage|p2a: Farigiraf|34/100\n|move|p2a: Farigiraf|Wish|p2a: Farigiraf\n|\n|-heal|p2a: Farigiraf|41/100|[from] item: Leftovers\n|upkeep\n|turn|23\n|inactive|Time left: 300 sec this turn | 300 sec total\n|\n|t:|1783556704\n|move|p2a: Farigiraf|Protect|p2a: Farigiraf\n|-singleturn|p2a: Farigiraf|Protect\n|move|p1a: Dialga|Draco Meteor|p2a: Farigiraf\n|-activate|p2a: Farigiraf|move: Protect\n|\n|-heal|p2a: Farigiraf|91/100|[from] move: Wish|[wisher] Farigiraf\n|-heal|p2a: Farigiraf|97/100|[from] item: Leftovers\n|upkeep\n|turn|24\n|inactive|Time left: 300 sec this turn | 300 sec total\n|\n|t:|1783556705\n|move|p1a: Dialga|Heavy Slam|p2a: Farigiraf\n|-damage|p2a: Farigiraf|63/100\n|move|p2a: Farigiraf|Wish|p2a: Farigiraf\n|\n|-heal|p2a: Farigiraf|69/100|[from] item: Leftovers\n|upkeep\n|turn|25\n|inactive|Time left: 300 sec this turn | 300 sec total\n|\n|t:|1783556706\n|move|p1a: Dialga|Stealth Rock|p2a: Farigiraf\n|-sidestart|p2: p0y151201c1|move: Stealth Rock\n|move|p2a: Farigiraf|Psychic Noise|p1a: Dialga\n|-resisted|p1a: Dialga\n|-damage|p1a: Dialga|58/266\n|-start|p1a: Dialga|move: Heal Block\n|\n|-heal|p2a: Farigiraf|100/100|[from] move: Wish|[wisher] Farigiraf\n|upkeep\n|turn|26\n|inactive|Time left: 300 sec this turn | 300 sec total\n|\n|t:|1783556707\n|move|p1a: Dialga|Heavy Slam|p2a: Farigiraf\n|-damage|p2a: Farigiraf|62/100\n|move|p2a: Farigiraf|Psychic Noise|p1a: Dialga\n|-resisted|p1a: Dialga\n|-damage|p1a: Dialga|9/266\n|\n|-heal|p2a: Farigiraf|68/100|[from] item: Leftovers\n|-end|p1a: Dialga|move: Heal Block\n|upkeep\n|turn|27\n|inactive|Time left: 300 sec this turn | 300 sec total\n|\n|t:|1783556708\n|move|p2a: Farigiraf|Protect|p2a: Farigiraf\n|-singleturn|p2a: Farigiraf|Protect\n|move|p1a: Dialga|Heavy Slam|p2a: Farigiraf\n|-activate|p2a: Farigiraf|move: Protect\n|\n|-heal|p2a: Farigiraf|74/100|[from] item: Leftovers\n|upkeep\n|turn|28\n|inactive|Time left: 300 sec this turn | 300 sec total\n|\n|t:|1783556709\n|move|p1a: Dialga|Draco Meteor|p2a: Farigiraf\n|-damage|p2a: Farigiraf|24/100\n|-unboost|p1a: Dialga|spa|2\n|move|p2a: Farigiraf|Wish|p2a: Farigiraf\n|\n|-heal|p2a: Farigiraf|30/100|[from] item: Leftovers\n|upkeep\n|turn|29\n|inactive|Time left: 300 sec this turn | 300 sec total\n|\n|t:|1783556710\n|move|p2a: Farigiraf|Protect|p2a: Farigiraf\n|-singleturn|p2a: Farigiraf|Protect\n|move|p1a: Dialga|Heavy Slam|p2a: Farigiraf\n|-activate|p2a: Farigiraf|move: Protect\n|\n|-heal|p2a: Farigiraf|80/100|[from] move: Wish|[wisher] Farigiraf\n|-heal|p2a: Farigiraf|86/100|[from] item: Leftovers\n|upkeep\n|turn|30\n|inactive|Time left: 300 sec this turn | 300 sec total\n|\n|t:|1783556711\n|move|p1a: Dialga|Heavy Slam|p2a: Farigiraf\n|-damage|p2a: Farigiraf|47/100\n|move|p2a: Farigiraf|Wish|p2a: Farigiraf\n|\n|-heal|p2a: Farigiraf|54/100|[from] item: Leftovers\n|upkeep\n|turn|31\n|inactive|Time left: 300 sec this turn | 300 sec total\n|\n|t:|1783556712\n|move|p1a: Dialga|Heavy Slam|p2a: Farigiraf\n|-damage|p2a: Farigiraf|15/100\n|move|p2a: Farigiraf|Body Slam|p1a: Dialga\n|-resisted|p1a: Dialga\n|-damage|p1a: Dialga|0 fnt\n|faint|p1a: Dialga\n|\n|-heal|p2a: Farigiraf|65/100|[from] move: Wish|[wisher] Farigiraf\n|-heal|p2a: Farigiraf|71/100|[from] item: Leftovers\n|upkeep\n|inactive|Time left: 300 sec this turn | 300 sec total | 5 sec grace\n|\n|t:|1783556713\n|switch|p1a: Clefable|Clefable, L83, F|293/293\n|turn|32\n|inactive|Time left: 300 sec this turn | 300 sec total\n|\n|t:|1783556714\n|move|p2a: Farigiraf|Psychic Noise|p1a: Clefable\n|-damage|p1a: Clefable|199/293\n|-start|p1a: Clefable|move: Heal Block\n|move|p1a: Clefable|Calm Mind|p1a: Clefable\n|-boost|p1a: Clefable|spa|1\n|-boost|p1a: Clefable|spd|1\n|\n|-heal|p2a: Farigiraf|77/100|[from] item: Leftovers\n|upkeep\n|turn|33\n|inactive|Time left: 300 sec this turn | 300 sec total\n|\n|t:|1783556715\n|move|p2a: Farigiraf|Body Slam|p1a: Clefable\n|-damage|p1a: Clefable|94/293\n|move|p1a: Clefable|Moonblast|p2a: Farigiraf\n|-damage|p2a: Farigiraf|24/100\n|\n|-heal|p2a: Farigiraf|30/100|[from] item: Leftovers\n|-end|p1a: Clefable|move: Heal Block\n|upkeep\n|turn|34\n|inactive|Time left: 300 sec this turn | 300 sec total\n|\n|t:|1783556716\n|-terastallize|p1a: Clefable|Steel\n|move|p2a: Farigiraf|Body Slam|p1a: Clefable\n|-resisted|p1a: Clefable\n|-damage|p1a: Clefable|40/293\n|move|p1a: Clefable|Moonlight|p1a: Clefable\n|-heal|p1a: Clefable|186/293\n|\n|-heal|p2a: Farigiraf|36/100|[from] item: Leftovers\n|upkeep\n|turn|35\n|inactive|Time left: 300 sec this turn | 300 sec total\n|\n|t:|1783556717\n|move|p2a: Farigiraf|Protect|p2a: Farigiraf\n|-singleturn|p2a: Farigiraf|Protect\n|move|p1a: Clefable|Calm Mind|p1a: Clefable\n|-boost|p1a: Clefable|spa|1\n|-boost|p1a: Clefable|spd|1\n|\n|-heal|p2a: Farigiraf|42/100|[from] item: Leftovers\n|upkeep\n|turn|36\n|inactive|Time left: 300 sec this turn | 300 sec total\n|\n|t:|1783556718\n|move|p2a: Farigiraf|Body Slam|p1a: Clefable\n|-resisted|p1a: Clefable\n|-crit|p1a: Clefable\n|-damage|p1a: Clefable|103/293\n|-status|p1a: Clefable|par\n|move|p1a: Clefable|Moonblast|p2a: Farigiraf\n|-damage|p2a: Farigiraf|0 fnt\n|faint|p2a: Farigiraf\n|\n|upkeep\n|\n|t:|1783556720\n|switch|p2a: Grimmsnarl|Grimmsnarl, L83, M|49/100\n|-damage|p2a: Grimmsnarl|37/100|[from] Stealth Rock\n|turn|37\n|inactive|Time left: 300 sec this turn | 300 sec total\n|\n|t:|1783556721\n|move|p2a: Grimmsnarl|Spirit Break|p1a: Clefable\n|-resisted|p1a: Clefable\n|-damage|p1a: Clefable|49/293 par\n|-unboost|p1a: Clefable|spa|1\n|move|p1a: Clefable|Moonblast|p2a: Grimmsnarl\n|-supereffective|p2a: Grimmsnarl\n|-damage|p2a: Grimmsnarl|0 fnt\n|faint|p2a: Grimmsnarl\n|\n|upkeep\n|\n|t:|1783556722\n|switch|p2a: Lapras|Lapras, L87, F|100/100\n|turn|38\n|inactive|Time left: 300 sec this turn | 300 sec total\n|\n|t:|1783556723\n|move|p2a: Lapras|Freeze-Dry|p1a: Clefable\n|-resisted|p1a: Clefable\n|-damage|p1a: Clefable|31/293 par\n|move|p1a: Clefable|Moonlight|p1a: Clefable\n|-heal|p1a: Clefable|177/293 par\n|\n|upkeep\n|turn|39\n|inactive|Time left: 300 sec this turn | 300 sec total\n|\n|t:|1783556724\n|move|p2a: Lapras|Freeze-Dry|p1a: Clefable\n|-resisted|p1a: Clefable\n|-damage|p1a: Clefable|159/293 par\n|move|p1a: Clefable|Moonblast|p2a: Lapras\n|-damage|p2a: Lapras|55/100\n|\n|upkeep\n|turn|40\n|inactive|Time left: 300 sec this turn | 300 sec total\n|\n|t:|1783556726\n|move|p2a: Lapras|Freeze-Dry|p1a: Clefable\n|-resisted|p1a: Clefable\n|-damage|p1a: Clefable|141/293 par\n|move|p1a: Clefable|Calm Mind|p1a: Clefable\n|-boost|p1a: Clefable|spa|1\n|-boost|p1a: Clefable|spd|1\n|\n|upkeep\n|turn|41\n|inactive|Time left: 300 sec this turn | 300 sec total\n|\n|t:|1783556727\n|move|p2a: Lapras|Rest|p2a: Lapras\n|-status|p2a: Lapras|slp|[from] move: Rest\n|-heal|p2a: Lapras|100/100 slp|[silent]\n|move|p1a: Clefable|Moonblast|p2a: Lapras\n|-damage|p2a: Lapras|43/100 slp\n|\n|upkeep\n|turn|42\n|inactive|Time left: 300 sec this turn | 300 sec total\n|\n|t:|1783556728\n|cant|p2a: Lapras|slp\n|move|p2a: Lapras|Sleep Talk|p2a: Lapras\n|move|p2a: Lapras|Freeze-Dry|p1a: Clefable|[from] move: Sleep Talk\n|-resisted|p1a: Clefable\n|-damage|p1a: Clefable|126/293 par\n|cant|p1a: Clefable|par\n|\n|upkeep\n|turn|43\n|inactive|Time left: 300 sec this turn | 300 sec total\n|\n|t:|1783556729\n|cant|p2a: Lapras|slp\n|move|p2a: Lapras|Sleep Talk|p2a: Lapras\n|move|p2a: Lapras|Freeze-Dry|p1a: Clefable|[from] move: Sleep Talk\n|-resisted|p1a: Clefable\n|-damage|p1a: Clefable|112/293 par\n|move|p1a: Clefable|Moonblast|p2a: Lapras\n|-damage|p2a: Lapras|0 fnt\n|faint|p2a: Lapras\n|\n|win|p0x15120fca", "uploadtime": 1783556729, "views": 0, "rating": 0, "private": 0, "password": null, "_winner": "p0x15120fca", "_our_name": "p0x15120fca"}