{"id": "battle-gen9randombattle-1353", "formatid": "gen9randombattle", "format": "[Gen 9] Random Battle", "players": ["p0x135303b5", "p0y1353f359"], "log": "|init|battle\n|title|p0x135303b5 vs. p0y1353f359\n|j|\u2606p0x135303b5\n|j|\u2606p0y1353f359\n|t:|1783555711\n|gametype|singles\n|player|p1|p0x135303b5|1|\n|player|p2|p0y1353f359|266|\n|gen|9\n|tier|[Gen 9] Random Battle\n|rule|Species Clause: Limit one of each Pok\u00e9mon\n|rule|HP Percentage Mod: HP is shown in percentages\n|rule|Sleep Clause Mod: Limit one foe put to sleep\n|rule|Illusion Level Mod: Illusion disguises the Pok\u00e9mon's true level\n|\n|t:|1783555711\n|teamsize|p1|6\n|teamsize|p2|6\n|start\n|switch|p1a: Rampardos|Rampardos, L90, M|100/100\n|switch|p2a: Sandslash|Sandslash, L89, F|278/278\n|turn|1\n|inactive|Battle timer is ON: inactive players will automatically lose when time's up. (requested by p0y1353f359)\n|inactive|p0x135303b5 also wants the timer to be on.\n|\n|t:|1783555713\n|switch|p1a: Palkia|Palkia, L75|100/100\n|-ability|p1a: Palkia|Pressure\n|move|p2a: Sandslash|Earthquake|p1a: Palkia\n|-damage|p1a: Palkia|57/100\n|\n|upkeep\n|turn|2\n|inactive|Time left: 300 sec this turn | 300 sec total\n|\n|t:|1783555715\n|move|p1a: Palkia|Draco Meteor|p2a: Sandslash\n|-damage|p2a: Sandslash|0 fnt\n|-unboost|p1a: Palkia|spa|2\n|faint|p2a: Sandslash\n|\n|upkeep\n|inactive|Time left: 300 sec this turn | 300 sec total | 5 sec grace\n|\n|t:|1783555716\n|switch|p2a: Hitmonlee|Hitmonlee, L85, M|223/223\n|turn|3\n|inactive|Time left: 300 sec this turn | 300 sec total\n|\n|t:|1783555717\n|move|p2a: Hitmonlee|High Jump Kick|p1a: Palkia\n|-damage|p1a: Palkia|0 fnt\n|faint|p1a: Palkia\n|\n|upkeep\n|\n|t:|1783555718\n|switch|p1a: Ambipom|Ambipom, L84, F|100/100\n|turn|4\n|inactive|Time left: 300 sec this turn | 300 sec total\n|\n|t:|1783555719\n|move|p1a: Ambipom|Double-Edge|p2a: Hitmonlee\n|-damage|p2a: Hitmonlee|0 fnt\n|faint|p2a: Hitmonlee\n|-damage|p1a: Ambipom|72/100|[from] Recoil\n|\n|upkeep\n|inactive|Time left: 300 sec this turn | 300 sec total | 5 sec grace\n|\n|t:|1783555720\n|switch|p2a: Wugtrio|Wugtrio, L91, F|212/212\n|turn|5\n|inactive|Time left: 300 sec this turn | 300 sec total\n|\n|t:|1783555722\n|move|p2a: Wugtrio|Liquidation|p1a: Ambipom\n|-damage|p1a: Ambipom|0 fnt\n|faint|p1a: Ambipom\n|\n|upkeep\n|\n|t:|1783555723\n|switch|p1a: Camerupt|Camerupt, L91, F|100/100\n|turn|6\n|inactive|Time left: 300 sec this turn | 300 sec total\n|\n|t:|1783555724\n|-terastallize|p1a: Camerupt|Water\n|move|p2a: Wugtrio|Liquidation|p1a: Camerupt\n|-resisted|p1a: Camerupt\n|-damage|p1a: Camerupt|71/100\n|move|p1a: Camerupt|Earthquake|p2a: Wugtrio\n|-damage|p2a: Wugtrio|29/212\n|\n|-heal|p1a: Camerupt|77/100|[from] item: Leftovers\n|upkeep\n|turn|7\n|inactive|Time left: 300 sec this turn | 300 sec total\n|\n|t:|1783555725\n|move|p2a: Wugtrio|Liquidation|p1a: Camerupt\n|-resisted|p1a: Camerupt\n|-damage|p1a: Camerupt|44/100\n|-unboost|p1a: Camerupt|def|1\n|move|p1a: Camerupt|Earthquake|p2a: Wugtrio\n|-damage|p2a: Wugtrio|0 fnt\n|faint|p2a: Wugtrio\n|\n|-heal|p1a: Camerupt|50/100|[from] item: Leftovers\n|upkeep\n|inactive|Time left: 300 sec this turn | 300 sec total | 5 sec grace\n|\n|t:|1783555726\n|switch|p2a: Beartic|Beartic, L91, M|321/321\n|turn|8\n|inactive|Time left: 300 sec this turn | 300 sec total\n|\n|t:|1783555727\n|move|p2a: Beartic|Icicle Crash|p1a: Camerupt\n|-resisted|p1a: Camerupt\n|-damage|p1a: Camerupt|0 fnt\n|faint|p1a: Camerupt\n|\n|upkeep\n|\n|t:|1783555728\n|switch|p1a: Smeargle|Smeargle, L95, F|100/100\n|turn|9\n|inactive|Time left: 300 sec this turn | 300 sec total\n|\n|t:|1783555729\n|move|p1a: Smeargle|Spore|p2a: Beartic\n|-status|p2a: Beartic|slp|[from] move: Spore\n|cant|p2a: Beartic|slp\n|\n|upkeep\n|turn|10\n|inactive|Time left: 300 sec this turn | 300 sec total\n|\n|t:|1783555730\n|move|p1a: Smeargle|Sticky Web|p2a: Beartic\n|-sidestart|p2: p0y1353f359|move: Sticky Web\n|cant|p2a: Beartic|slp\n|\n|upkeep\n|turn|11\n|inactive|Time left: 300 sec this turn | 300 sec total\n|\n|t:|1783555731\n|switch|p1a: Jirachi|Jirachi, L80|100/100\n|cant|p2a: Beartic|slp\n|\n|upkeep\n|turn|12\n|inactive|Time left: 300 sec this turn | 300 sec total\n|\n|t:|1783555732\n|move|p1a: Jirachi|Iron Head|p2a: Beartic\n|-supereffective|p2a: Beartic\n|-damage|p2a: Beartic|147/321 slp\n|-curestatus|p2a: Beartic|slp|[msg]\n|move|p2a: Beartic|Icicle Crash|p1a: Jirachi\n|-resisted|p1a: Jirachi\n|-damage|p1a: Jirachi|69/100\n|\n|upkeep\n|turn|13\n|inactive|Time left: 300 sec this turn | 300 sec total\n|\n|t:|1783555733\n|switch|p2a: Typhlosion|Typhlosion-Hisui, L83, F|257/257\n|move|p1a: Jirachi|Iron Head|p2a: Typhlosion\n|-resisted|p2a: Typhlosion\n|-damage|p2a: Typhlosion|212/257\n|\n|upkeep\n|turn|14\n|inactive|Time left: 300 sec this turn | 300 sec total\n|\n|t:|1783555735\n|switch|p1a: Rampardos|Rampardos, L90, M|100/100\n|move|p2a: Typhlosion|Will-O-Wisp|p1a: Rampardos\n|-status|p1a: Rampardos|brn\n|\n|-damage|p1a: Rampardos|94/100 brn|[from] brn\n|upkeep\n|turn|15\n|inactive|Time left: 300 sec this turn | 300 sec total\n|\n|t:|1783555736\n|switch|p2a: Breloom|Breloom, L83, M|235/235\n|-activate|p2a: Breloom|move: Sticky Web\n|-unboost|p2a: Breloom|spe|1\n|move|p1a: Rampardos|Head Smash|p2a: Breloom\n|-resisted|p2a: Breloom\n|-damage|p2a: Breloom|154/235\n|-damage|p1a: Rampardos|81/100 brn|[from] Recoil\n|\n|-damage|p1a: Rampardos|75/100 brn|[from] brn\n|upkeep\n|turn|16\n|inactive|Time left: 300 sec this turn | 300 sec total\n|\n|t:|1783555737\n|move|p2a: Breloom|Mach Punch|p1a: Rampardos\n|-supereffective|p1a: Rampardos\n|-damage|p1a: Rampardos|0 fnt\n|faint|p1a: Rampardos\n|-damage|p2a: Breloom|131/235|[from] item: Life Orb\n|\n|upkeep\n|\n|t:|1783555738\n|switch|p1a: Jirachi|Jirachi, L80|69/100\n|turn|17\n|inactive|Time left: 300 sec this turn | 300 sec total\n|\n|t:|1783555739\n|switch|p2a: Typhlosion|Typhlosion-Hisui, L83, F|212/257\n|move|p1a: Jirachi|Psychic|p2a: Typhlosion\n|-damage|p2a: Typhlosion|122/257\n|\n|upkeep\n|turn|18\n|inactive|Time left: 300 sec this turn | 300 sec total\n|\n|t:|1783555739\n|move|p1a: Jirachi|Psychic|p2a: Typhlosion\n|-damage|p2a: Typhlosion|31/257\n|move|p2a: Typhlosion|Fire Blast|p1a: Jirachi\n|-supereffective|p1a: Jirachi\n|-damage|p1a: Jirachi|0 fnt\n|faint|p1a: Jirachi\n|\n|upkeep\n|\n|t:|1783555740\n|switch|p1a: Smeargle|Smeargle, L95, F|100/100\n|turn|19\n|inactive|Time left: 300 sec this turn | 300 sec total\n|\n|t:|1783555741\n|switch|p2a: Breloom|Breloom, L83, M|131/235\n|-activate|p2a: Breloom|move: Sticky Web\n|-unboost|p2a: Breloom|spe|1\n|move|p1a: Smeargle|Spore|p2a: Breloom\n|-immune|p2a: Breloom\n|\n|upkeep\n|turn|20\n|inactive|Time left: 300 sec this turn | 300 sec total\n|\n|t:|1783555742\n|move|p1a: Smeargle|Spore|p2a: Breloom\n|-immune|p2a: Breloom\n|move|p2a: Breloom|Bullet Seed|p1a: Smeargle\n|-damage|p1a: Smeargle|64/100\n|-damage|p1a: Smeargle|21/100\n|-damage|p1a: Smeargle|0 fnt\n|faint|p1a: Smeargle\n|-hitcount|p1: Smeargle|3\n|-damage|p2a: Breloom|108/235|[from] item: Life Orb\n|\n|win|p0y1353f359", "uploadtime": 1783555742, "views": 0, "rating": 0, "private": 0, "password": null, "_winner": "p0y1353f359", "_our_name": "p0y1353f359"}