{"id": "battle-gen9randombattle-947", "formatid": "gen9randombattle", "format": "[Gen 9] Random Battle", "players": ["p0x9472c73", "p0y9472bd9"], "log": "|init|battle\n|title|p0x9472c73 vs. p0y9472bd9\n|j|\u2606p0x9472c73\n|j|\u2606p0y9472bd9\n|t:|1783550127\n|gametype|singles\n|player|p1|p0x9472c73|102|\n|player|p2|p0y9472bd9|2|\n|gen|9\n|tier|[Gen 9] Random Battle\n|rule|Species Clause: Limit one of each Pok\u00e9mon\n|rule|HP Percentage Mod: HP is shown in percentages\n|rule|Sleep Clause Mod: Limit one foe put to sleep\n|rule|Illusion Level Mod: Illusion disguises the Pok\u00e9mon's true level\n|\n|t:|1783550127\n|teamsize|p1|6\n|teamsize|p2|6\n|start\n|switch|p1a: Dialga|Dialga, L73|100/100\n|switch|p2a: Gliscor|Gliscor, L76, F|239/239\n|-ability|p1a: Dialga|Pressure\n|turn|1\n|inactive|Battle timer is ON: inactive players will automatically lose when time's up. (requested by p0x9472c73)\n|inactive|Time left: 300 sec this turn | 300 sec total | 60 sec grace\n|inactive|p0y9472bd9 also wants the timer to be on.\n|\n|t:|1783550129\n|move|p2a: Gliscor|Earthquake|p1a: Dialga\n|-supereffective|p1a: Dialga\n|-crit|p1a: Dialga\n|-damage|p1a: Dialga|16/100\n|move|p1a: Dialga|Heavy Slam|p2a: Gliscor\n|-damage|p2a: Gliscor|142/239\n|\n|-status|p2a: Gliscor|tox|[from] item: Toxic Orb\n|upkeep\n|turn|2\n|inactive|Time left: 300 sec this turn | 300 sec total\n|\n|t:|1783550130\n|switch|p1a: Thundurus|Thundurus-Therian, L80, M|100/100\n|move|p2a: Gliscor|Knock Off|p1a: Thundurus\n|-damage|p1a: Thundurus|72/100\n|-enditem|p1a: Thundurus|Choice Specs|[from] move: Knock Off|[of] p2a: Gliscor\n|\n|-heal|p2a: Gliscor|171/239 tox|[from] ability: Poison Heal\n|upkeep\n|turn|3\n|inactive|Time left: 300 sec this turn | 300 sec total\n|\n|t:|1783550131\n|move|p1a: Thundurus|Focus Blast|p2a: Gliscor\n|-resisted|p2a: Gliscor\n|-damage|p2a: Gliscor|102/239 tox\n|move|p2a: Gliscor|Toxic Spikes|p1a: Thundurus\n|-sidestart|p1: p0x9472c73|move: Toxic Spikes\n|\n|-heal|p2a: Gliscor|131/239 tox|[from] ability: Poison Heal\n|upkeep\n|turn|4\n|inactive|Time left: 300 sec this turn | 300 sec total\n|\n|t:|1783550133\n|move|p1a: Thundurus|Focus Blast|p2a: Gliscor\n|-resisted|p2a: Gliscor\n|-damage|p2a: Gliscor|66/239 tox\n|-unboost|p2a: Gliscor|spd|1\n|move|p2a: Gliscor|Knock Off|p1a: Thundurus\n|-damage|p1a: Thundurus|54/100\n|\n|-heal|p2a: Gliscor|95/239 tox|[from] ability: Poison Heal\n|upkeep\n|turn|5\n|inactive|Time left: 300 sec this turn | 300 sec total\n|\n|t:|1783550134\n|move|p2a: Gliscor|Protect|p2a: Gliscor\n|-singleturn|p2a: Gliscor|Protect\n|move|p1a: Thundurus|Focus Blast|p2a: Gliscor\n|-activate|p2a: Gliscor|move: Protect\n|\n|-heal|p2a: Gliscor|124/239 tox|[from] ability: Poison Heal\n|upkeep\n|turn|6\n|inactive|Time left: 300 sec this turn | 300 sec total\n|\n|t:|1783550135\n|move|p1a: Thundurus|Focus Blast|p2a: Gliscor\n|-resisted|p2a: Gliscor\n|-damage|p2a: Gliscor|17/239 tox\n|-unboost|p2a: Gliscor|spd|1\n|move|p2a: Gliscor|Knock Off|p1a: Thundurus\n|-damage|p1a: Thundurus|35/100\n|\n|-heal|p2a: Gliscor|46/239 tox|[from] ability: Poison Heal\n|upkeep\n|turn|7\n|inactive|Time left: 300 sec this turn | 300 sec total\n|\n|t:|1783550137\n|switch|p2a: Fezandipiti|Fezandipiti, L82, M|278/278\n|move|p1a: Thundurus|Sludge Wave|p2a: Fezandipiti\n|-damage|p2a: Fezandipiti|214/278\n|\n|-heal|p2a: Fezandipiti|231/278|[from] item: Leftovers\n|upkeep\n|turn|8\n|inactive|Time left: 300 sec this turn | 300 sec total\n|\n|t:|1783550138\n|move|p2a: Fezandipiti|Play Rough|p1a: Thundurus\n|-damage|p1a: Thundurus|0 fnt\n|faint|p1a: Thundurus\n|\n|-heal|p2a: Fezandipiti|248/278|[from] item: Leftovers\n|upkeep\n|\n|t:|1783550139\n|switch|p1a: Dialga|Dialga, L73|16/100\n|-ability|p1a: Dialga|Pressure\n|turn|9\n|inactive|Time left: 300 sec this turn | 300 sec total\n|\n|t:|1783550140\n|-terastallize|p1a: Dialga|Steel\n|move|p2a: Fezandipiti|Play Rough|p1a: Dialga\n|-resisted|p1a: Dialga\n|-damage|p1a: Dialga|2/100\n|move|p1a: Dialga|Heavy Slam|p2a: Fezandipiti\n|-supereffective|p2a: Fezandipiti\n|-damage|p2a: Fezandipiti|0 fnt\n|faint|p2a: Fezandipiti\n|\n|upkeep\n|inactive|Time left: 300 sec this turn | 300 sec total | 5 sec grace\n|\n|t:|1783550141\n|switch|p2a: Indeedee|Indeedee, L84, M|238/238\n|-fieldstart|move: Psychic Terrain|[from] ability: Psychic Surge|[of] p2a: Indeedee\n|turn|10\n|inactive|Time left: 300 sec this turn | 300 sec total\n|\n|t:|1783550142\n|move|p2a: Indeedee|Expanding Force|p1a: Dialga\n|-resisted|p1a: Dialga\n|-damage|p1a: Dialga|0 fnt\n|faint|p1a: Dialga\n|\n|upkeep\n|\n|t:|1783550143\n|switch|p1a: Flygon|Flygon, L82, F|100/100\n|turn|11\n|inactive|Time left: 300 sec this turn | 300 sec total\n|\n|t:|1783550145\n|move|p1a: Flygon|Outrage|p2a: Indeedee\n|-damage|p2a: Indeedee|58/238\n|move|p2a: Indeedee|Expanding Force|p1a: Flygon\n|-damage|p1a: Flygon|0 fnt\n|faint|p1a: Flygon\n|\n|upkeep\n|\n|t:|1783550146\n|switch|p1a: Alcremie|Alcremie-Caramel-Swirl, L90, F|100/100\n|-status|p1a: Alcremie|psn\n|turn|12\n|inactive|Time left: 300 sec this turn | 300 sec total\n|\n|t:|1783550147\n|-terastallize|p2a: Indeedee|Psychic\n|move|p2a: Indeedee|Expanding Force|p1a: Alcremie\n|-damage|p1a: Alcremie|11/100 psn\n|move|p1a: Alcremie|Alluring Voice|p2a: Indeedee\n|-damage|p2a: Indeedee|0 fnt\n|faint|p2a: Indeedee\n|\n|-heal|p1a: Alcremie|17/100 psn|[from] item: Leftovers\n|-damage|p1a: Alcremie|5/100 psn|[from] psn\n|upkeep\n|inactive|Time left: 300 sec this turn | 300 sec total | 5 sec grace\n|\n|t:|1783550148\n|switch|p2a: Iron Jugulis|Iron Jugulis, L77|271/271\n|turn|13\n|inactive|Time left: 300 sec this turn | 300 sec total\n|\n|t:|1783550149\n|move|p2a: Iron Jugulis|Meteor Beam||[still]\n|-prepare|p2a: Iron Jugulis|Meteor Beam\n|-boost|p2a: Iron Jugulis|spa|1\n|-enditem|p2a: Iron Jugulis|Power Herb\n|-anim|p2a: Iron Jugulis|Meteor Beam|p1a: Alcremie\n|-damage|p1a: Alcremie|0 fnt\n|faint|p1a: Alcremie\n|\n|upkeep\n|\n|t:|1783550149\n|switch|p1a: Dachsbun|Dachsbun, L92, M|100/100\n|-status|p1a: Dachsbun|psn\n|turn|14\n|inactive|Time left: 300 sec this turn | 300 sec total\n|\n|t:|1783550150\n|move|p1a: Dachsbun|Play Rough|p2a: Iron Jugulis\n|-supereffective|p2a: Iron Jugulis\n|-damage|p2a: Iron Jugulis|67/271\n|move|p2a: Iron Jugulis|Hurricane|p1a: Dachsbun\n|-damage|p1a: Dachsbun|30/100 psn\n|\n|-heal|p1a: Dachsbun|36/100 psn|[from] item: Leftovers\n|-damage|p1a: Dachsbun|23/100 psn|[from] psn\n|-fieldend|move: Psychic Terrain\n|upkeep\n|turn|15\n|inactive|Time left: 300 sec this turn | 300 sec total\n|\n|t:|1783550151\n|move|p1a: Dachsbun|Body Press|p2a: Iron Jugulis\n|-damage|p2a: Iron Jugulis|0 fnt\n|faint|p2a: Iron Jugulis\n|-end|p2a: Iron Jugulis|Quark Drive|[silent]\n|\n|-heal|p1a: Dachsbun|29/100 psn|[from] item: Leftovers\n|-damage|p1a: Dachsbun|17/100 psn|[from] psn\n|upkeep\n|inactive|Time left: 300 sec this turn | 300 sec total | 5 sec grace\n|\n|t:|1783550152\n|switch|p2a: Rabsca|Rabsca, L91, M|284/284\n|turn|16\n|inactive|Time left: 300 sec this turn | 300 sec total\n|\n|t:|1783550153\n|move|p1a: Dachsbun|Protect|p1a: Dachsbun\n|-singleturn|p1a: Dachsbun|Protect\n|move|p2a: Rabsca|Bug Buzz|p1a: Dachsbun\n|-activate|p1a: Dachsbun|move: Protect\n|\n|-heal|p1a: Dachsbun|23/100 psn|[from] item: Leftovers\n|-damage|p1a: Dachsbun|11/100 psn|[from] psn\n|upkeep\n|turn|17\n|inactive|Time left: 300 sec this turn | 300 sec total\n|\n|t:|1783550154\n|move|p1a: Dachsbun|Play Rough|p2a: Rabsca\n|-damage|p2a: Rabsca|196/284\n|move|p2a: Rabsca|Trick Room|p2a: Rabsca\n|-fieldstart|move: Trick Room|[of] p2a: Rabsca\n|\n|-heal|p1a: Dachsbun|17/100 psn|[from] item: Leftovers\n|-damage|p1a: Dachsbun|4/100 psn|[from] psn\n|upkeep\n|turn|18\n|inactive|Time left: 300 sec this turn | 300 sec total\n|\n|t:|1783550155\n|move|p2a: Rabsca|Psychic|p1a: Dachsbun\n|-damage|p1a: Dachsbun|0 fnt\n|faint|p1a: Dachsbun\n|\n|upkeep\n|\n|t:|1783550156\n|switch|p1a: Passimian|Passimian, L83, F|100/100\n|-status|p1a: Passimian|psn\n|turn|19\n|inactive|Time left: 300 sec this turn | 300 sec total\n|\n|t:|1783550156\n|move|p2a: Rabsca|Psychic|p1a: Passimian\n|-supereffective|p1a: Passimian\n|-damage|p1a: Passimian|0 fnt\n|faint|p1a: Passimian\n|\n|win|p0y9472bd9", "uploadtime": 1783550156, "views": 0, "rating": 0, "private": 0, "password": null, "_winner": "p0y9472bd9", "_our_name": "p0y9472bd9"}