{"id": "battle-gen9randombattle-2360", "formatid": "gen9randombattle", "format": "[Gen 9] Random Battle", "players": ["p0x23603a58", "p0y2360dc8d"], "log": "|init|battle\n|title|p0x23603a58 vs. p0y2360dc8d\n|j|\u2606p0x23603a58\n|j|\u2606p0y2360dc8d\n|t:|1783567428\n|gametype|singles\n|player|p1|p0x23603a58|266|\n|player|p2|p0y2360dc8d|102|\n|gen|9\n|tier|[Gen 9] Random Battle\n|rule|Species Clause: Limit one of each Pok\u00e9mon\n|rule|HP Percentage Mod: HP is shown in percentages\n|rule|Sleep Clause Mod: Limit one foe put to sleep\n|rule|Illusion Level Mod: Illusion disguises the Pok\u00e9mon's true level\n|\n|t:|1783567428\n|teamsize|p1|6\n|teamsize|p2|6\n|start\n|switch|p1a: Sunflora|Sunflora, F|312/312\n|switch|p2a: Regigigas|Regigigas, L84|100/100\n|-start|p2a: Regigigas|ability: Slow Start\n|turn|1\n|inactive|Battle timer is ON: inactive players will automatically lose when time's up. (requested by p0y2360dc8d)\n|inactive|Time left: 300 sec this turn | 300 sec total | 60 sec grace\n|inactive|p0x23603a58 also wants the timer to be on.\n|\n|t:|1783567430\n|move|p1a: Sunflora|Dazzling Gleam|p2a: Regigigas\n|-damage|p2a: Regigigas|64/100\n|move|p2a: Regigigas|Body Slam|p1a: Sunflora\n|-damage|p1a: Sunflora|225/312\n|\n|-heal|p2a: Regigigas|70/100|[from] item: Leftovers\n|upkeep\n|turn|2\n|inactive|Time left: 300 sec this turn | 300 sec total\n|\n|t:|1783567431\n|move|p1a: Sunflora|Dazzling Gleam|p2a: Regigigas\n|-damage|p2a: Regigigas|34/100\n|move|p2a: Regigigas|Body Slam|p1a: Sunflora\n|-damage|p1a: Sunflora|138/312\n|\n|-heal|p2a: Regigigas|40/100|[from] item: Leftovers\n|upkeep\n|turn|3\n|inactive|Time left: 300 sec this turn | 300 sec total\n|\n|t:|1783567432\n|move|p1a: Sunflora|Dazzling Gleam|p2a: Regigigas\n|-damage|p2a: Regigigas|9/100\n|move|p2a: Regigigas|Rest|p2a: Regigigas\n|-status|p2a: Regigigas|slp|[from] move: Rest\n|-heal|p2a: Regigigas|100/100 slp|[silent]\n|\n|upkeep\n|turn|4\n|inactive|Time left: 300 sec this turn | 300 sec total\n|\n|t:|1783567433\n|move|p1a: Sunflora|Dazzling Gleam|p2a: Regigigas\n|-damage|p2a: Regigigas|69/100 slp\n|cant|p2a: Regigigas|slp\n|move|p2a: Regigigas|Sleep Talk|p2a: Regigigas\n|move|p2a: Regigigas|Body Slam|p1a: Sunflora|[from] move: Sleep Talk\n|-damage|p1a: Sunflora|54/312\n|\n|-heal|p2a: Regigigas|76/100 slp|[from] item: Leftovers\n|upkeep\n|turn|5\n|inactive|Time left: 300 sec this turn | 300 sec total\n|\n|t:|1783567434\n|move|p1a: Sunflora|Dazzling Gleam|p2a: Regigigas\n|-damage|p2a: Regigigas|43/100 slp\n|cant|p2a: Regigigas|slp\n|move|p2a: Regigigas|Sleep Talk|p2a: Regigigas\n|move|p2a: Regigigas|Rest||[from] move: Sleep Talk|[still]\n|-fail|p2a: Regigigas\n|\n|-heal|p2a: Regigigas|50/100 slp|[from] item: Leftovers\n|-end|p2a: Regigigas|Slow Start\n|upkeep\n|turn|6\n|inactive|Time left: 300 sec this turn | 300 sec total\n|\n|t:|1783567435\n|switch|p1a: Coalossal|Coalossal, L89, F|341/341\n|-curestatus|p2a: Regigigas|slp|[msg]\n|move|p2a: Regigigas|Knock Off|p1a: Coalossal\n|-damage|p1a: Coalossal|259/341\n|-status|p2a: Regigigas|brn|[from] ability: Flame Body|[of] p1a: Coalossal\n|-enditem|p1a: Coalossal|Heavy-Duty Boots|[from] move: Knock Off|[of] p2a: Regigigas\n|\n|-heal|p2a: Regigigas|56/100 brn|[from] item: Leftovers\n|-damage|p2a: Regigigas|50/100 brn|[from] brn\n|upkeep\n|turn|7\n|inactive|Time left: 300 sec this turn | 300 sec total\n|\n|t:|1783567437\n|move|p2a: Regigigas|Rest|p2a: Regigigas\n|-status|p2a: Regigigas|slp|[from] move: Rest\n|-heal|p2a: Regigigas|100/100 slp|[silent]\n|move|p1a: Coalossal|Spikes|p2a: Regigigas\n|-sidestart|p2: p0y2360dc8d|Spikes\n|\n|upkeep\n|turn|8\n|inactive|Time left: 300 sec this turn | 300 sec total\n|\n|t:|1783567438\n|cant|p2a: Regigigas|slp\n|move|p2a: Regigigas|Sleep Talk|p2a: Regigigas\n|move|p2a: Regigigas|Knock Off|p1a: Coalossal|[from] move: Sleep Talk\n|-damage|p1a: Coalossal|207/341\n|move|p1a: Coalossal|Spikes|p2a: Regigigas\n|-sidestart|p2: p0y2360dc8d|Spikes\n|\n|upkeep\n|turn|9\n|inactive|Time left: 300 sec this turn | 300 sec total\n|\n|t:|1783567439\n|cant|p2a: Regigigas|slp\n|move|p2a: Regigigas|Sleep Talk|p2a: Regigigas\n|move|p2a: Regigigas|Rest||[from] move: Sleep Talk|[still]\n|-fail|p2a: Regigigas\n|move|p1a: Coalossal|Spikes|p2a: Regigigas\n|-sidestart|p2: p0y2360dc8d|Spikes\n|\n|upkeep\n|turn|10\n|inactive|Time left: 300 sec this turn | 300 sec total\n|\n|t:|1783567440\n|-curestatus|p2a: Regigigas|slp|[msg]\n|move|p2a: Regigigas|Body Slam|p1a: Coalossal\n|-resisted|p1a: Coalossal\n|-damage|p1a: Coalossal|153/341\n|-status|p1a: Coalossal|par\n|-status|p2a: Regigigas|brn|[from] ability: Flame Body|[of] p1a: Coalossal\n|move|p1a: Coalossal|Rapid Spin|p2a: Regigigas\n|-damage|p2a: Regigigas|92/100 brn\n|-boost|p1a: Coalossal|spe|1\n|\n|-heal|p2a: Regigigas|98/100 brn|[from] item: Leftovers\n|-damage|p2a: Regigigas|92/100 brn|[from] brn\n|upkeep\n|turn|11\n|inactive|Time left: 300 sec this turn | 300 sec total\n|\n|t:|1783567441\n|move|p2a: Regigigas|Rest|p2a: Regigigas\n|-status|p2a: Regigigas|slp|[from] move: Rest\n|-heal|p2a: Regigigas|100/100 slp|[silent]\n|cant|p1a: Coalossal|par\n|\n|upkeep\n|turn|12\n|inactive|Time left: 300 sec this turn | 300 sec total\n|\n|t:|1783567442\n|cant|p2a: Regigigas|slp\n|move|p2a: Regigigas|Sleep Talk|p2a: Regigigas\n|move|p2a: Regigigas|Knock Off|p1a: Coalossal|[from] move: Sleep Talk\n|-damage|p1a: Coalossal|97/341 par\n|move|p1a: Coalossal|Flamethrower|p2a: Regigigas\n|-damage|p2a: Regigigas|76/100 slp\n|\n|-heal|p2a: Regigigas|82/100 slp|[from] item: Leftovers\n|upkeep\n|turn|13\n|inactive|Time left: 300 sec this turn | 300 sec total\n|\n|t:|1783567443\n|cant|p2a: Regigigas|slp\n|move|p2a: Regigigas|Sleep Talk|p2a: Regigigas\n|move|p2a: Regigigas|Body Slam|p1a: Coalossal|[from] move: Sleep Talk\n|-resisted|p1a: Coalossal\n|-damage|p1a: Coalossal|45/341 par\n|cant|p1a: Coalossal|par\n|\n|-heal|p2a: Regigigas|89/100 slp|[from] item: Leftovers\n|upkeep\n|turn|14\n|inactive|Time left: 300 sec this turn | 300 sec total\n|\n|t:|1783567444\n|-curestatus|p2a: Regigigas|slp|[msg]\n|move|p2a: Regigigas|Knock Off|p1a: Coalossal\n|-damage|p1a: Coalossal|0 fnt\n|-status|p2a: Regigigas|brn|[from] ability: Flame Body|[of] p1a: Coalossal\n|faint|p1a: Coalossal\n|\n|-heal|p2a: Regigigas|95/100 brn|[from] item: Leftovers\n|-damage|p2a: Regigigas|89/100 brn|[from] brn\n|upkeep\n|inactive|Time left: 300 sec this turn | 300 sec total | 5 sec grace\n|\n|t:|1783567445\n|switch|p1a: Kingdra|Kingdra, L84, M|263/263\n|turn|15\n|inactive|Time left: 300 sec this turn | 300 sec total\n|\n|t:|1783567446\n|move|p2a: Regigigas|Body Slam|p1a: Kingdra\n|-damage|p1a: Kingdra|195/263\n|-status|p1a: Kingdra|par\n|-enditem|p1a: Kingdra|Lum Berry|[eat]\n|-curestatus|p1a: Kingdra|par|[msg]\n|move|p1a: Kingdra|Dragon Dance|p1a: Kingdra\n|-boost|p1a: Kingdra|atk|1\n|-boost|p1a: Kingdra|spe|1\n|\n|-heal|p2a: Regigigas|95/100 brn|[from] item: Leftovers\n|-damage|p2a: Regigigas|89/100 brn|[from] brn\n|upkeep\n|turn|16\n|inactive|Time left: 300 sec this turn | 300 sec total\n|\n|t:|1783567447\n|move|p1a: Kingdra|Outrage|p2a: Regigigas\n|-damage|p2a: Regigigas|38/100 brn\n|move|p2a: Regigigas|Rest|p2a: Regigigas\n|-status|p2a: Regigigas|slp|[from] move: Rest\n|-heal|p2a: Regigigas|100/100 slp|[silent]\n|\n|upkeep\n|turn|17\n|inactive|Time left: 300 sec this turn | 300 sec total\n|\n|t:|1783567448\n|move|p1a: Kingdra|Outrage|p2a: Regigigas|[from] lockedmove\n|-damage|p2a: Regigigas|50/100 slp\n|cant|p2a: Regigigas|slp\n|move|p2a: Regigigas|Sleep Talk|p2a: Regigigas\n|move|p2a: Regigigas|Body Slam|p1a: Kingdra|[from] move: Sleep Talk\n|-damage|p1a: Kingdra|66/263\n|\n|-heal|p2a: Regigigas|56/100 slp|[from] item: Leftovers\n|upkeep\n|turn|18\n|inactive|Time left: 300 sec this turn | 300 sec total\n|\n|t:|1783567449\n|move|p1a: Kingdra|Outrage|p2a: Regigigas|[from] lockedmove\n|-damage|p2a: Regigigas|9/100 slp\n|-start|p1a: Kingdra|confusion|[fatigue]\n|cant|p2a: Regigigas|slp\n|move|p2a: Regigigas|Sleep Talk|p2a: Regigigas\n|move|p2a: Regigigas|Knock Off|p1a: Kingdra|[from] move: Sleep Talk\n|-damage|p1a: Kingdra|5/263\n|\n|-heal|p2a: Regigigas|15/100 slp|[from] item: Leftovers\n|upkeep\n|turn|19\n|inactive|Time left: 300 sec this turn | 300 sec total\n|\n|t:|1783567450\n|-activate|p1a: Kingdra|confusion\n|-damage|p1a: Kingdra|0 fnt|[from] confusion\n|faint|p1a: Kingdra\n|-curestatus|p2a: Regigigas|slp|[msg]\n|move|p2a: Regigigas|Rest|p2a: Regigigas\n|-status|p2a: Regigigas|slp|[from] move: Rest\n|-heal|p2a: Regigigas|100/100 slp|[silent]\n|\n|upkeep\n|inactive|Time left: 300 sec this turn | 300 sec total | 5 sec grace\n|\n|t:|1783567451\n|switch|p1a: Metagross|Metagross, L79|256/256\n|turn|20\n|inactive|Time left: 300 sec this turn | 300 sec total\n|\n|t:|1783567452\n|cant|p2a: Regigigas|slp\n|move|p2a: Regigigas|Sleep Talk|p2a: Regigigas\n|move|p2a: Regigigas|Rest||[from] move: Sleep Talk|[still]\n|-fail|p2a: Regigigas\n|move|p1a: Metagross|Stealth Rock|p2a: Regigigas\n|-sidestart|p2: p0y2360dc8d|move: Stealth Rock\n|\n|upkeep\n|turn|21\n|inactive|Time left: 300 sec this turn | 300 sec total\n|\n|t:|1783567452\n|cant|p2a: Regigigas|slp\n|move|p2a: Regigigas|Sleep Talk|p2a: Regigigas\n|move|p2a: Regigigas|Knock Off|p1a: Metagross|[from] move: Sleep Talk\n|-supereffective|p1a: Metagross\n|-damage|p1a: Metagross|92/256\n|-enditem|p1a: Metagross|Leftovers|[from] move: Knock Off|[of] p2a: Regigigas\n|move|p1a: Metagross|Knock Off|p2a: Regigigas\n|-damage|p2a: Regigigas|79/100 slp\n|-enditem|p2a: Regigigas|Leftovers|[from] move: Knock Off|[of] p1a: Metagross\n|\n|upkeep\n|turn|22\n|inactive|Time left: 300 sec this turn | 300 sec total\n|\n|t:|1783567453\n|-curestatus|p2a: Regigigas|slp|[msg]\n|move|p2a: Regigigas|Knock Off|p1a: Metagross\n|-supereffective|p1a: Metagross\n|-damage|p1a: Metagross|0 fnt\n|faint|p1a: Metagross\n|\n|upkeep\n|inactive|Time left: 300 sec this turn | 300 sec total | 5 sec grace\n|\n|t:|1783567454\n|switch|p1a: Rabsca|Rabsca, L91, M|284/284\n|turn|23\n|inactive|Time left: 300 sec this turn | 300 sec total\n|\n|t:|1783567455\n|move|p2a: Regigigas|Knock Off|p1a: Rabsca\n|-supereffective|p1a: Rabsca\n|-damage|p1a: Rabsca|80/284\n|-enditem|p1a: Rabsca|Heavy-Duty Boots|[from] move: Knock Off|[of] p2a: Regigigas\n|move|p1a: Rabsca|Recover|p1a: Rabsca\n|-heal|p1a: Rabsca|222/284\n|\n|upkeep\n|turn|24\n|inactive|Time left: 300 sec this turn | 300 sec total\n|\n|t:|1783567456\n|move|p2a: Regigigas|Body Slam|p1a: Rabsca\n|-damage|p1a: Rabsca|95/284\n|move|p1a: Rabsca|Recover|p1a: Rabsca\n|-heal|p1a: Rabsca|237/284\n|\n|upkeep\n|turn|25\n|inactive|Time left: 300 sec this turn | 300 sec total\n|\n|t:|1783567457\n|move|p2a: Regigigas|Body Slam|p1a: Rabsca\n|-damage|p1a: Rabsca|98/284\n|-status|p1a: Rabsca|par\n|-activate|p1a: Rabsca|ability: Synchronize\n|-status|p2a: Regigigas|par\n|move|p1a: Rabsca|Recover|p1a: Rabsca\n|-heal|p1a: Rabsca|240/284 par\n|\n|upkeep\n|turn|26\n|inactive|Time left: 300 sec this turn | 300 sec total\n|\n|t:|1783567458\n|move|p2a: Regigigas|Body Slam|p1a: Rabsca\n|-damage|p1a: Rabsca|107/284 par\n|cant|p1a: Rabsca|par\n|\n|upkeep\n|turn|27\n|inactive|Time left: 300 sec this turn | 300 sec total\n|\n|t:|1783567459\n|move|p2a: Regigigas|Body Slam|p1a: Rabsca\n|-damage|p1a: Rabsca|0 fnt\n|faint|p1a: Rabsca\n|\n|upkeep\n|inactive|Time left: 300 sec this turn | 300 sec total | 5 sec grace\n|\n|t:|1783567460\n|switch|p1a: Sunflora|Sunflora, F|54/312\n|turn|28\n|inactive|Time left: 300 sec this turn | 300 sec total\n|\n|t:|1783567461\n|move|p1a: Sunflora|Leaf Storm|p2a: Regigigas\n|-damage|p2a: Regigigas|0 fnt\n|-unboost|p1a: Sunflora|spa|2\n|faint|p2a: Regigigas\n|-end|p2a: Regigigas|Slow Start|[silent]\n|\n|upkeep\n|\n|t:|1783567462\n|switch|p2a: Latias|Latias, L79, F|100/100\n|-damage|p2a: Latias|88/100|[from] Stealth Rock\n|turn|29\n|inactive|Time left: 300 sec this turn | 300 sec total\n|\n|t:|1783567463\n|move|p2a: Latias|Calm Mind|p2a: Latias\n|-boost|p2a: Latias|spa|1\n|-boost|p2a: Latias|spd|1\n|move|p1a: Sunflora|Leaf Storm|p2a: Latias\n|-resisted|p2a: Latias\n|-damage|p2a: Latias|73/100\n|-unboost|p1a: Sunflora|spa|2\n|\n|upkeep\n|turn|30\n|inactive|Time left: 300 sec this turn | 300 sec total\n|\n|t:|1783567464\n|switch|p1a: Maushold|Maushold-Four, L76|238/238\n|move|p2a: Latias|Psyshock|p1a: Maushold\n|-damage|p1a: Maushold|58/238\n|\n|upkeep\n|turn|31\n|inactive|Time left: 300 sec this turn | 300 sec total\n|\n|t:|1783567465\n|move|p2a: Latias|Psyshock|p1a: Maushold\n|-damage|p1a: Maushold|0 fnt\n|faint|p1a: Maushold\n|\n|upkeep\n|inactive|Time left: 300 sec this turn | 300 sec total | 5 sec grace\n|\n|t:|1783567466\n|switch|p1a: Sunflora|Sunflora, F|54/312\n|turn|32\n|inactive|Time left: 300 sec this turn | 300 sec total\n|\n|t:|1783567467\n|-terastallize|p2a: Latias|Steel\n|move|p2a: Latias|Psyshock|p1a: Sunflora\n|-damage|p1a: Sunflora|0 fnt\n|faint|p1a: Sunflora\n|\n|win|p0y2360dc8d", "uploadtime": 1783567467, "views": 0, "rating": 0, "private": 0, "password": null, "_winner": "p0y2360dc8d", "_our_name": "p0x23603a58"}