{"id": "battle-gen9randombattle-2538", "formatid": "gen9randombattle", "format": "[Gen 9] Random Battle", "players": ["p0x2538f0c3", "p0y2538ce0e"], "log": "|init|battle\n|title|p0x2538f0c3 vs. p0y2538ce0e\n|j|\u2606p0x2538f0c3\n|j|\u2606p0y2538ce0e\n|t:|1783568420\n|gametype|singles\n|player|p1|p0x2538f0c3|102|\n|player|p2|p0y2538ce0e|2|\n|gen|9\n|tier|[Gen 9] Random Battle\n|rule|Species Clause: Limit one of each Pok\u00e9mon\n|rule|HP Percentage Mod: HP is shown in percentages\n|rule|Sleep Clause Mod: Limit one foe put to sleep\n|rule|Illusion Level Mod: Illusion disguises the Pok\u00e9mon's true level\n|\n|t:|1783568420\n|teamsize|p1|6\n|teamsize|p2|6\n|start\n|switch|p1a: Blastoise|Blastoise, L80, F|100/100\n|switch|p2a: Illumise|Illumise, L91, F|266/266\n|turn|1\n|inactive|Battle timer is ON: inactive players will automatically lose when time's up. (requested by p0y2538ce0e)\n|inactive|p0x2538f0c3 also wants the timer to be on.\n|\n|t:|1783568421\n|move|p2a: Illumise|Thunder Wave|p1a: Blastoise\n|-status|p1a: Blastoise|par\n|cant|p1a: Blastoise|par\n|\n|upkeep\n|turn|2\n|inactive|Time left: 300 sec this turn | 300 sec total\n|\n|t:|1783568423\n|move|p2a: Illumise|Bug Buzz|p1a: Blastoise\n|-damage|p1a: Blastoise|66/100 par\n|move|p1a: Blastoise|Shell Smash|p1a: Blastoise\n|-unboost|p1a: Blastoise|def|1\n|-unboost|p1a: Blastoise|spd|1\n|-boost|p1a: Blastoise|atk|2\n|-boost|p1a: Blastoise|spa|2\n|-boost|p1a: Blastoise|spe|2\n|-enditem|p1a: Blastoise|White Herb\n|-clearnegativeboost|p1a: Blastoise|[silent]\n|\n|upkeep\n|turn|3\n|inactive|Time left: 300 sec this turn | 300 sec total\n|\n|t:|1783568424\n|move|p2a: Illumise|Encore|p1a: Blastoise\n|-start|p1a: Blastoise|Encore\n|move|p1a: Blastoise|Shell Smash|p1a: Blastoise\n|-unboost|p1a: Blastoise|def|1\n|-unboost|p1a: Blastoise|spd|1\n|-boost|p1a: Blastoise|atk|2\n|-boost|p1a: Blastoise|spa|2\n|-boost|p1a: Blastoise|spe|2\n|\n|upkeep\n|turn|4\n|inactive|Time left: 300 sec this turn | 300 sec total\n|\n|t:|1783568424\n|cant|p1a: Blastoise|par\n|move|p2a: Illumise|Bug Buzz|p1a: Blastoise\n|-damage|p1a: Blastoise|21/100 par\n|\n|upkeep\n|turn|5\n|inactive|Time left: 300 sec this turn | 300 sec total\n|\n|t:|1783568425\n|cant|p1a: Blastoise|par\n|move|p2a: Illumise|Bug Buzz|p1a: Blastoise\n|-damage|p1a: Blastoise|0 fnt\n|faint|p1a: Blastoise\n|\n|upkeep\n|\n|t:|1783568426\n|switch|p1a: Drednaw|Drednaw, L81, M|100/100\n|turn|6\n|inactive|Time left: 300 sec this turn | 300 sec total\n|\n|t:|1783568427\n|switch|p2a: Ludicolo|Ludicolo, L90, M|290/290\n|move|p1a: Drednaw|Shell Smash|p1a: Drednaw\n|-unboost|p1a: Drednaw|def|1\n|-unboost|p1a: Drednaw|spd|1\n|-boost|p1a: Drednaw|atk|2\n|-boost|p1a: Drednaw|spa|2\n|-boost|p1a: Drednaw|spe|2\n|-enditem|p1a: Drednaw|White Herb\n|-clearnegativeboost|p1a: Drednaw|[silent]\n|\n|upkeep\n|turn|7\n|inactive|Time left: 300 sec this turn | 300 sec total\n|\n|t:|1783568428\n|move|p1a: Drednaw|Stone Edge|p2a: Ludicolo\n|-damage|p2a: Ludicolo|58/290\n|move|p2a: Ludicolo|Giga Drain|p1a: Drednaw\n|-supereffective|p1a: Drednaw\n|-damage|p1a: Drednaw|0 fnt\n|-heal|p2a: Ludicolo|197/290|[from] drain|[of] p1a: Drednaw\n|faint|p1a: Drednaw\n|-damage|p2a: Ludicolo|168/290|[from] item: Life Orb\n|\n|upkeep\n|\n|t:|1783568428\n|switch|p1a: Hoopa|Hoopa, L85|100/100\n|turn|8\n|inactive|Time left: 300 sec this turn | 300 sec total\n|\n|t:|1783568429\n|switch|p2a: Grimmsnarl|Grimmsnarl, L83, M|293/293\n|move|p1a: Hoopa|Shadow Ball|p2a: Grimmsnarl\n|-resisted|p2a: Grimmsnarl\n|-crit|p2a: Grimmsnarl\n|-damage|p2a: Grimmsnarl|188/293\n|\n|-heal|p2a: Grimmsnarl|206/293|[from] item: Leftovers\n|upkeep\n|turn|9\n|inactive|Time left: 300 sec this turn | 300 sec total\n|\n|t:|1783568430\n|switch|p1a: Zacian|Zacian-Crowned, L64|100/100\n|-ability|p1a: Zacian|Intrepid Sword|boost\n|-boost|p1a: Zacian|atk|1\n|move|p2a: Grimmsnarl|Spirit Break|p1a: Zacian\n|-resisted|p1a: Zacian\n|-damage|p1a: Zacian|80/100\n|-unboost|p1a: Zacian|spa|1\n|\n|-heal|p2a: Grimmsnarl|224/293|[from] item: Leftovers\n|upkeep\n|turn|10\n|inactive|Time left: 300 sec this turn | 300 sec total\n|\n|t:|1783568431\n|switch|p2a: Eternatus|Eternatus, L69|308/308\n|-ability|p2a: Eternatus|Pressure\n|move|p1a: Zacian|Swords Dance|p1a: Zacian\n|-boost|p1a: Zacian|atk|2\n|\n|upkeep\n|turn|11\n|inactive|Time left: 300 sec this turn | 300 sec total\n|\n|t:|1783568431\n|move|p1a: Zacian|Behemoth Blade|p2a: Eternatus\n|-damage|p2a: Eternatus|73/308\n|-damage|p1a: Zacian|64/100|[from] item: Rocky Helmet|[of] p2a: Eternatus\n|move|p2a: Eternatus|Fire Blast|p1a: Zacian\n|-supereffective|p1a: Zacian\n|-damage|p1a: Zacian|0 fnt\n|faint|p1a: Zacian\n|\n|upkeep\n|\n|t:|1783568432\n|switch|p1a: Iron Hands|Iron Hands, L79|100/100\n|turn|12\n|inactive|Time left: 300 sec this turn | 300 sec total\n|\n|t:|1783568433\n|move|p2a: Eternatus|Recover|p2a: Eternatus\n|-heal|p2a: Eternatus|227/308\n|move|p1a: Iron Hands|Swords Dance|p1a: Iron Hands\n|-boost|p1a: Iron Hands|atk|2\n|\n|upkeep\n|turn|13\n|inactive|Time left: 300 sec this turn | 300 sec total\n|\n|t:|1783568434\n|switch|p2a: Necrozma|Necrozma-Dawn-Wings, L76|272/272\n|move|p1a: Iron Hands|Ice Punch|p2a: Necrozma\n|-crit|p2a: Necrozma\n|-damage|p2a: Necrozma|84/272\n|\n|upkeep\n|turn|14\n|inactive|Time left: 300 sec this turn | 300 sec total\n|\n|t:|1783568435\n|-end|p1a: Iron Hands|Quark Drive|[silent]\n|switch|p1a: Hoopa|Hoopa, L85|100/100\n|move|p2a: Necrozma|Photon Geyser|p1a: Hoopa\n|-resisted|p1a: Hoopa\n|-damage|p1a: Hoopa|78/100\n|-damage|p2a: Necrozma|57/272|[from] item: Life Orb\n|\n|upkeep\n|turn|15\n|inactive|Time left: 300 sec this turn | 300 sec total\n|\n|t:|1783568436\n|switch|p2a: Grimmsnarl|Grimmsnarl, L83, M|224/293\n|move|p1a: Hoopa|Shadow Ball|p2a: Grimmsnarl\n|-resisted|p2a: Grimmsnarl\n|-damage|p2a: Grimmsnarl|152/293\n|\n|-heal|p2a: Grimmsnarl|170/293|[from] item: Leftovers\n|upkeep\n|turn|16\n|inactive|Time left: 300 sec this turn | 300 sec total\n|\n|t:|1783568437\n|switch|p1a: Iron Hands|Iron Hands, L79|100/100\n|move|p2a: Grimmsnarl|Spirit Break|p1a: Iron Hands\n|-supereffective|p1a: Iron Hands\n|-damage|p1a: Iron Hands|54/100\n|-unboost|p1a: Iron Hands|spa|1\n|\n|-heal|p2a: Grimmsnarl|188/293|[from] item: Leftovers\n|-heal|p1a: Iron Hands|60/100|[from] item: Leftovers\n|upkeep\n|turn|17\n|inactive|Time left: 300 sec this turn | 300 sec total\n|\n|t:|1783568437\n|move|p2a: Grimmsnarl|Spirit Break|p1a: Iron Hands\n|-supereffective|p1a: Iron Hands\n|-damage|p1a: Iron Hands|16/100\n|-unboost|p1a: Iron Hands|spa|1\n|move|p1a: Iron Hands|Drain Punch|p2a: Grimmsnarl\n|-damage|p2a: Grimmsnarl|79/293\n|-heal|p1a: Iron Hands|31/100|[from] drain|[of] p2a: Grimmsnarl\n|\n|-heal|p2a: Grimmsnarl|97/293|[from] item: Leftovers\n|-heal|p1a: Iron Hands|37/100|[from] item: Leftovers\n|upkeep\n|turn|18\n|inactive|Time left: 300 sec this turn | 300 sec total\n|\n|t:|1783568438\n|move|p2a: Grimmsnarl|Spirit Break|p1a: Iron Hands\n|-supereffective|p1a: Iron Hands\n|-damage|p1a: Iron Hands|0 fnt\n|faint|p1a: Iron Hands\n|-end|p1a: Iron Hands|Quark Drive|[silent]\n|\n|-heal|p2a: Grimmsnarl|115/293|[from] item: Leftovers\n|upkeep\n|\n|t:|1783568439\n|switch|p1a: Flapple|Flapple, L88, F|100/100\n|turn|19\n|inactive|Time left: 300 sec this turn | 300 sec total\n|\n|t:|1783568440\n|move|p1a: Flapple|Grav Apple|p2a: Grimmsnarl\n|-damage|p2a: Grimmsnarl|0 fnt\n|faint|p2a: Grimmsnarl\n|\n|upkeep\n|inactive|Time left: 300 sec this turn | 300 sec total | 5 sec grace\n|\n|t:|1783568441\n|switch|p2a: Eternatus|Eternatus, L69|227/308\n|-ability|p2a: Eternatus|Pressure\n|turn|20\n|inactive|Time left: 300 sec this turn | 300 sec total\n|\n|t:|1783568442\n|-terastallize|p1a: Flapple|Fire\n|move|p2a: Eternatus|Dynamax Cannon|p1a: Flapple\n|-damage|p1a: Flapple|56/100\n|move|p1a: Flapple|Outrage|p2a: Eternatus|[miss]\n|-miss|p1a: Flapple|p2a: Eternatus\n|\n|upkeep\n|turn|21\n|inactive|Time left: 300 sec this turn | 300 sec total\n|\n|t:|1783568443\n|move|p2a: Eternatus|Dynamax Cannon|p1a: Flapple\n|-damage|p1a: Flapple|8/100\n|move|p1a: Flapple|Outrage|p2a: Eternatus\n|-supereffective|p2a: Eternatus\n|-damage|p2a: Eternatus|0 fnt\n|-damage|p1a: Flapple|0 fnt|[from] item: Rocky Helmet|[of] p2a: Eternatus\n|faint|p2a: Eternatus\n|faint|p1a: Flapple\n|\n|upkeep\n|inactive|Time left: 300 sec this turn | 300 sec total | 5 sec grace\n|\n|t:|1783568444\n|switch|p2a: Spidops|Spidops, L96, M|271/271\n|switch|p1a: Hoopa|Hoopa, L85|78/100\n|turn|22\n|inactive|Time left: 300 sec this turn | 300 sec total\n|\n|t:|1783568445\n|move|p1a: Hoopa|Shadow Ball|p2a: Spidops\n|-damage|p2a: Spidops|169/271\n|move|p2a: Spidops|Knock Off|p1a: Hoopa\n|-supereffective|p1a: Hoopa\n|-damage|p1a: Hoopa|0 fnt\n|-enditem|p1a: Hoopa|Choice Scarf|[from] move: Knock Off|[of] p2a: Spidops\n|faint|p1a: Hoopa\n|\n|win|p0y2538ce0e", "uploadtime": 1783568445, "views": 0, "rating": 0, "private": 0, "password": null, "_winner": "p0y2538ce0e", "_our_name": "p0y2538ce0e"}