{"id": "battle-gen9randombattle-1293", "formatid": "gen9randombattle", "format": "[Gen 9] Random Battle", "players": ["p0x1293141d", "p0y1293d2a3"], "log": "|init|battle\n|title|p0x1293141d vs. p0y1293d2a3\n|j|\u2606p0x1293141d\n|j|\u2606p0y1293d2a3\n|t:|1783555008\n|gametype|singles\n|player|p1|p0x1293141d|266|\n|player|p2|p0y1293d2a3|2|\n|gen|9\n|tier|[Gen 9] Random Battle\n|rule|Species Clause: Limit one of each Pok\u00e9mon\n|rule|HP Percentage Mod: HP is shown in percentages\n|rule|Sleep Clause Mod: Limit one foe put to sleep\n|rule|Illusion Level Mod: Illusion disguises the Pok\u00e9mon's true level\n|\n|t:|1783555008\n|teamsize|p1|6\n|teamsize|p2|6\n|start\n|switch|p1a: Magmortar|Magmortar, L88, M|275/275\n|switch|p2a: Slowking|Slowking-Galar, L85, M|100/100\n|turn|1\n|inactive|Battle timer is ON: inactive players will automatically lose when time's up. (requested by p0x1293141d)\n|inactive|p0y1293d2a3 also wants the timer to be on.\n|\n|t:|1783555009\n|switch|p1a: Heatran|Heatran, L79, M|273/273\n|-item|p1a: Heatran|Air Balloon\n|move|p2a: Slowking|Sludge Bomb|p1a: Heatran\n|-immune|p1a: Heatran\n|\n|upkeep\n|turn|2\n|inactive|Time left: 300 sec this turn | 300 sec total\n|\n|t:|1783555011\n|move|p1a: Heatran|Stealth Rock|p2a: Slowking\n|-sidestart|p2: p0y1293d2a3|move: Stealth Rock\n|move|p2a: Slowking|Psychic Noise|p1a: Heatran\n|-resisted|p1a: Heatran\n|-damage|p1a: Heatran|229/273\n|-start|p1a: Heatran|move: Heal Block\n|-enditem|p1a: Heatran|Air Balloon\n|\n|upkeep\n|turn|3\n|inactive|Time left: 300 sec this turn | 300 sec total\n|\n|t:|1783555011\n|move|p1a: Heatran|Earth Power|p2a: Slowking\n|-supereffective|p2a: Slowking\n|-damage|p2a: Slowking|64/100\n|move|p2a: Slowking|Sludge Bomb|p1a: Heatran\n|-immune|p1a: Heatran\n|\n|-heal|p2a: Slowking|70/100|[from] item: Leftovers\n|-end|p1a: Heatran|move: Heal Block\n|upkeep\n|turn|4\n|inactive|Time left: 300 sec this turn | 300 sec total\n|\n|t:|1783555012\n|switch|p2a: Rhyperior|Rhyperior, L82, M|100/100\n|-damage|p2a: Rhyperior|94/100|[from] Stealth Rock\n|move|p1a: Heatran|Earth Power|p2a: Rhyperior\n|-supereffective|p2a: Rhyperior\n|-damage|p2a: Rhyperior|64/100\n|-unboost|p2a: Rhyperior|spd|1\n|\n|upkeep\n|turn|5\n|inactive|Time left: 300 sec this turn | 300 sec total\n|\n|t:|1783555013\n|move|p1a: Heatran|Earth Power|p2a: Rhyperior\n|-supereffective|p2a: Rhyperior\n|-damage|p2a: Rhyperior|15/100\n|move|p2a: Rhyperior|Earthquake|p1a: Heatran\n|-supereffective|p1a: Heatran\n|-damage|p1a: Heatran|0 fnt\n|faint|p1a: Heatran\n|\n|upkeep\n|inactive|Time left: 300 sec this turn | 300 sec total | 5 sec grace\n|\n|t:|1783555014\n|switch|p1a: Chimecho|Chimecho, L93, F|290/290\n|turn|6\n|inactive|Time left: 300 sec this turn | 300 sec total\n|\n|t:|1783555015\n|switch|p2a: Regice|Regice, L88|100/100\n|move|p1a: Chimecho|Calm Mind|p1a: Chimecho\n|-boost|p1a: Chimecho|spa|1\n|-boost|p1a: Chimecho|spd|1\n|\n|upkeep\n|turn|7\n|inactive|Time left: 300 sec this turn | 300 sec total\n|\n|t:|1783555017\n|move|p1a: Chimecho|Calm Mind|p1a: Chimecho\n|-boost|p1a: Chimecho|spa|1\n|-boost|p1a: Chimecho|spd|1\n|move|p2a: Regice|Thunder Wave|p1a: Chimecho\n|-status|p1a: Chimecho|par\n|\n|upkeep\n|turn|8\n|inactive|Time left: 300 sec this turn | 300 sec total\n|\n|t:|1783555018\n|move|p2a: Regice|Body Press|p1a: Chimecho\n|-resisted|p1a: Chimecho\n|-damage|p1a: Chimecho|259/290 par\n|cant|p1a: Chimecho|par\n|\n|-heal|p1a: Chimecho|277/290 par|[from] item: Leftovers\n|upkeep\n|turn|9\n|inactive|Time left: 300 sec this turn | 300 sec total\n|\n|t:|1783555019\n|move|p2a: Regice|Body Press|p1a: Chimecho\n|-resisted|p1a: Chimecho\n|-damage|p1a: Chimecho|247/290 par\n|cant|p1a: Chimecho|par\n|\n|-heal|p1a: Chimecho|265/290 par|[from] item: Leftovers\n|upkeep\n|turn|10\n|inactive|Time left: 300 sec this turn | 300 sec total\n|\n|t:|1783555020\n|move|p2a: Regice|Thunderbolt|p1a: Chimecho\n|-damage|p1a: Chimecho|229/290 par\n|move|p1a: Chimecho|Psychic Noise|p2a: Regice\n|-damage|p2a: Regice|68/100\n|-start|p2a: Regice|move: Heal Block\n|\n|-heal|p1a: Chimecho|247/290 par|[from] item: Leftovers\n|upkeep\n|turn|11\n|inactive|Time left: 300 sec this turn | 300 sec total\n|\n|t:|1783555021\n|move|p2a: Regice|Thunderbolt|p1a: Chimecho\n|-damage|p1a: Chimecho|213/290 par\n|move|p1a: Chimecho|Psychic Noise|p2a: Regice\n|-damage|p2a: Regice|38/100\n|\n|-heal|p1a: Chimecho|231/290 par|[from] item: Leftovers\n|-end|p2a: Regice|move: Heal Block\n|upkeep\n|turn|12\n|inactive|Time left: 300 sec this turn | 300 sec total\n|\n|t:|1783555023\n|move|p2a: Regice|Thunderbolt|p1a: Chimecho\n|-damage|p1a: Chimecho|197/290 par\n|move|p1a: Chimecho|Psychic Noise|p2a: Regice\n|-damage|p2a: Regice|7/100\n|-start|p2a: Regice|move: Heal Block\n|\n|-heal|p1a: Chimecho|215/290 par|[from] item: Leftovers\n|upkeep\n|turn|13\n|inactive|Time left: 300 sec this turn | 300 sec total\n|\n|t:|1783555025\n|move|p2a: Regice|Ice Beam|p1a: Chimecho\n|-damage|p1a: Chimecho|164/290 par\n|cant|p1a: Chimecho|par\n|\n|-heal|p1a: Chimecho|182/290 par|[from] item: Leftovers\n|-end|p2a: Regice|move: Heal Block\n|upkeep\n|turn|14\n|inactive|Time left: 300 sec this turn | 300 sec total\n|\n|t:|1783555026\n|move|p2a: Regice|Ice Beam|p1a: Chimecho\n|-damage|p1a: Chimecho|133/290 par\n|move|p1a: Chimecho|Psychic Noise|p2a: Regice\n|-damage|p2a: Regice|0 fnt\n|faint|p2a: Regice\n|\n|-heal|p1a: Chimecho|151/290 par|[from] item: Leftovers\n|upkeep\n|\n|t:|1783555027\n|switch|p2a: Rhyperior|Rhyperior, L82, M|15/100\n|-damage|p2a: Rhyperior|9/100|[from] Stealth Rock\n|turn|15\n|inactive|Time left: 300 sec this turn | 300 sec total\n|\n|t:|1783555028\n|move|p2a: Rhyperior|Megahorn|p1a: Chimecho\n|-supereffective|p1a: Chimecho\n|-damage|p1a: Chimecho|0 fnt\n|faint|p1a: Chimecho\n|\n|upkeep\n|inactive|Time left: 300 sec this turn | 300 sec total | 5 sec grace\n|\n|t:|1783555030\n|switch|p1a: Vigoroth|Vigoroth, L85, F|275/275\n|turn|16\n|inactive|Time left: 300 sec this turn | 300 sec total\n|\n|t:|1783555031\n|move|p1a: Vigoroth|Bulk Up|p1a: Vigoroth\n|-boost|p1a: Vigoroth|atk|1\n|-boost|p1a: Vigoroth|def|1\n|move|p2a: Rhyperior|Earthquake|p1a: Vigoroth\n|-damage|p1a: Vigoroth|215/275\n|\n|upkeep\n|turn|17\n|inactive|Time left: 300 sec this turn | 300 sec total\n|\n|t:|1783555032\n|move|p1a: Vigoroth|Knock Off|p2a: Rhyperior\n|-damage|p2a: Rhyperior|0 fnt\n|-enditem|p2a: Rhyperior|Assault Vest|[from] move: Knock Off|[of] p1a: Vigoroth\n|faint|p2a: Rhyperior\n|\n|upkeep\n|\n|t:|1783555033\n|switch|p2a: Greninja|Greninja, L80, M|100/100\n|-damage|p2a: Greninja|88/100|[from] Stealth Rock\n|turn|18\n|inactive|Time left: 300 sec this turn | 300 sec total\n|\n|t:|1783555034\n|move|p2a: Greninja|Dark Pulse|p1a: Vigoroth\n|-damage|p1a: Vigoroth|118/275\n|-damage|p2a: Greninja|79/100|[from] item: Life Orb\n|move|p1a: Vigoroth|Body Slam|p2a: Greninja\n|-damage|p2a: Greninja|19/100\n|\n|upkeep\n|turn|19\n|inactive|Time left: 300 sec this turn | 300 sec total\n|\n|t:|1783555036\n|move|p2a: Greninja|Hydro Pump|p1a: Vigoroth\n|-damage|p1a: Vigoroth|0 fnt\n|faint|p1a: Vigoroth\n|-ability|p2a: Greninja|Battle Bond|boost\n|-boost|p2a: Greninja|atk|1\n|-boost|p2a: Greninja|spa|1\n|-boost|p2a: Greninja|spe|1\n|-activate|p2a: Greninja|ability: Battle Bond\n|-damage|p2a: Greninja|9/100|[from] item: Life Orb\n|\n|upkeep\n|inactive|Time left: 300 sec this turn | 300 sec total | 5 sec grace\n|\n|t:|1783555037\n|switch|p1a: Samurott|Samurott, L88, F|310/310\n|turn|20\n|inactive|Time left: 300 sec this turn | 300 sec total\n|\n|t:|1783555038\n|move|p1a: Samurott|Aqua Jet|p2a: Greninja\n|-resisted|p2a: Greninja\n|-damage|p2a: Greninja|0 fnt\n|faint|p2a: Greninja\n|\n|upkeep\n|\n|t:|1783555039\n|switch|p2a: Vivillon|Vivillon-High Plains, L83, F|100/100\n|turn|21\n|inactive|Time left: 300 sec this turn | 300 sec total\n|\n|t:|1783555040\n|move|p2a: Vivillon|Sleep Powder|p1a: Samurott\n|-status|p1a: Samurott|slp|[from] move: Sleep Powder\n|cant|p1a: Samurott|slp\n|\n|upkeep\n|turn|22\n|inactive|Time left: 300 sec this turn | 300 sec total\n|\n|t:|1783555041\n|move|p2a: Vivillon|Quiver Dance|p2a: Vivillon\n|-boost|p2a: Vivillon|spa|1\n|-boost|p2a: Vivillon|spd|1\n|-boost|p2a: Vivillon|spe|1\n|cant|p1a: Samurott|slp\n|\n|upkeep\n|turn|23\n|inactive|Time left: 300 sec this turn | 300 sec total\n|\n|t:|1783555042\n|cant|p1a: Samurott|slp\n|move|p2a: Vivillon|Quiver Dance|p2a: Vivillon\n|-boost|p2a: Vivillon|spa|1\n|-boost|p2a: Vivillon|spd|1\n|-boost|p2a: Vivillon|spe|1\n|\n|upkeep\n|turn|24\n|inactive|Time left: 300 sec this turn | 300 sec total\n|\n|t:|1783555043\n|move|p2a: Vivillon|Hurricane|p1a: Samurott\n|-damage|p1a: Samurott|159/310 slp\n|-curestatus|p1a: Samurott|slp|[msg]\n|move|p1a: Samurott|Hydro Pump|p2a: Vivillon\n|-damage|p2a: Vivillon|65/100\n|\n|upkeep\n|turn|25\n|inactive|Time left: 300 sec this turn | 300 sec total\n|\n|t:|1783555045\n|move|p1a: Samurott|Aqua Jet|p2a: Vivillon\n|-damage|p2a: Vivillon|36/100\n|move|p2a: Vivillon|Sleep Powder|p1a: Samurott\n|-status|p1a: Samurott|slp|[from] move: Sleep Powder\n|\n|upkeep\n|turn|26\n|inactive|Time left: 300 sec this turn | 300 sec total\n|\n|t:|1783555046\n|move|p2a: Vivillon|Quiver Dance|p2a: Vivillon\n|-boost|p2a: Vivillon|spa|1\n|-boost|p2a: Vivillon|spd|1\n|-boost|p2a: Vivillon|spe|1\n|cant|p1a: Samurott|slp\n|\n|upkeep\n|turn|27\n|inactive|Time left: 300 sec this turn | 300 sec total\n|\n|t:|1783555047\n|cant|p1a: Samurott|slp\n|move|p2a: Vivillon|Hurricane|p1a: Samurott\n|-damage|p1a: Samurott|0 fnt\n|faint|p1a: Samurott\n|\n|upkeep\n|inactive|Time left: 300 sec this turn | 300 sec total | 5 sec grace\n|\n|t:|1783555048\n|switch|p1a: Avalugg|Avalugg, L88, M|310/310\n|turn|28\n|inactive|Time left: 300 sec this turn | 300 sec total\n|\n|t:|1783555049\n|move|p2a: Vivillon|Sleep Powder|p1a: Avalugg\n|-status|p1a: Avalugg|slp|[from] move: Sleep Powder\n|cant|p1a: Avalugg|slp\n|\n|upkeep\n|turn|29\n|inactive|Time left: 300 sec this turn | 300 sec total\n|\n|t:|1783555050\n|move|p2a: Vivillon|Hurricane|p1a: Avalugg\n|-ability|p1a: Avalugg|Sturdy\n|-damage|p1a: Avalugg|1/310 slp\n|-start|p1a: Avalugg|confusion\n|-curestatus|p1a: Avalugg|slp|[msg]\n|-activate|p1a: Avalugg|confusion\n|-damage|p1a: Avalugg|0 fnt|[from] confusion\n|faint|p1a: Avalugg\n|\n|upkeep\n|inactive|Time left: 300 sec this turn | 300 sec total | 5 sec grace\n|\n|t:|1783555051\n|switch|p1a: Magmortar|Magmortar, L88, M|275/275\n|turn|30\n|inactive|Time left: 300 sec this turn | 300 sec total\n|\n|t:|1783555051\n|-terastallize|p2a: Vivillon|Flying\n|move|p2a: Vivillon|Hurricane|p1a: Magmortar\n|-damage|p1a: Magmortar|0 fnt\n|faint|p1a: Magmortar\n|\n|win|p0y1293d2a3", "uploadtime": 1783555051, "views": 0, "rating": 0, "private": 0, "password": null, "_winner": "p0y1293d2a3", "_our_name": "p0x1293141d"}