{"id": "battle-gen9randombattle-693", "formatid": "gen9randombattle", "format": "[Gen 9] Random Battle", "players": ["p0x69355f0", "p0y69313b5"], "log": "|init|battle\n|title|p0x69355f0 vs. p0y69313b5\n|j|\u2606p0x69355f0\n|j|\u2606p0y69313b5\n|t:|1783547182\n|gametype|singles\n|player|p1|p0x69355f0|2|\n|player|p2|p0y69313b5|169|\n|gen|9\n|tier|[Gen 9] Random Battle\n|rule|Species Clause: Limit one of each Pok\u00e9mon\n|rule|HP Percentage Mod: HP is shown in percentages\n|rule|Sleep Clause Mod: Limit one foe put to sleep\n|rule|Illusion Level Mod: Illusion disguises the Pok\u00e9mon's true level\n|\n|t:|1783547182\n|teamsize|p1|6\n|teamsize|p2|6\n|start\n|switch|p1a: Terrakion|Terrakion, L79|273/273\n|switch|p2a: Abomasnow|Abomasnow, L84, F|100/100\n|-weather|Snowscape|[from] ability: Snow Warning|[of] p2a: Abomasnow\n|turn|1\n|inactive|Battle timer is ON: inactive players will automatically lose when time's up. (requested by p0x69355f0)\n|inactive|p0y69313b5 also wants the timer to be on.\n|\n|t:|1783547183\n|move|p1a: Terrakion|Close Combat|p2a: Abomasnow\n|-supereffective|p2a: Abomasnow\n|-damage|p2a: Abomasnow|0 fnt\n|-unboost|p1a: Terrakion|def|1\n|-unboost|p1a: Terrakion|spd|1\n|faint|p2a: Abomasnow\n|\n|-weather|Snowscape|[upkeep]\n|upkeep\n|\n|t:|1783547184\n|switch|p2a: Oricorio|Oricorio, L84, M|100/100\n|turn|2\n|inactive|Time left: 300 sec this turn | 300 sec total\n|\n|t:|1783547185\n|move|p1a: Terrakion|Close Combat|p2a: Oricorio\n|-resisted|p2a: Oricorio\n|-damage|p2a: Oricorio|55/100\n|-unboost|p1a: Terrakion|def|1\n|-unboost|p1a: Terrakion|spd|1\n|move|p2a: Oricorio|Quiver Dance|p2a: Oricorio\n|-boost|p2a: Oricorio|spa|1\n|-boost|p2a: Oricorio|spd|1\n|-boost|p2a: Oricorio|spe|1\n|\n|-weather|Snowscape|[upkeep]\n|upkeep\n|turn|3\n|inactive|Time left: 300 sec this turn | 300 sec total\n|\n|t:|1783547186\n|switch|p1a: Milotic|Milotic, L83, M|293/293\n|move|p2a: Oricorio|Hurricane|p1a: Milotic\n|-damage|p1a: Milotic|148/293\n|-start|p1a: Milotic|confusion\n|\n|-weather|Snowscape|[upkeep]\n|-heal|p1a: Milotic|166/293|[from] item: Leftovers\n|upkeep\n|turn|4\n|inactive|Time left: 300 sec this turn | 300 sec total\n|\n|t:|1783547187\n|move|p2a: Oricorio|Roost|p2a: Oricorio\n|-heal|p2a: Oricorio|100/100\n|-singleturn|p2a: Oricorio|move: Roost\n|-activate|p1a: Milotic|confusion\n|move|p1a: Milotic|Dragon Tail|p2a: Oricorio|[miss]\n|-miss|p1a: Milotic|p2a: Oricorio\n|\n|-weather|Snowscape|[upkeep]\n|-heal|p1a: Milotic|184/293|[from] item: Leftovers\n|upkeep\n|turn|5\n|inactive|Time left: 300 sec this turn | 300 sec total\n|\n|t:|1783547188\n|move|p2a: Oricorio|Quiver Dance|p2a: Oricorio\n|-boost|p2a: Oricorio|spa|1\n|-boost|p2a: Oricorio|spd|1\n|-boost|p2a: Oricorio|spe|1\n|-end|p1a: Milotic|confusion\n|move|p1a: Milotic|Dragon Tail|p2a: Oricorio\n|-damage|p2a: Oricorio|86/100\n|drag|p2a: Infernape|Infernape, L82, M|100/100\n|\n|-weather|none\n|-heal|p1a: Milotic|202/293|[from] item: Leftovers\n|upkeep\n|turn|6\n|inactive|Time left: 300 sec this turn | 300 sec total\n|\n|t:|1783547189\n|switch|p2a: Sylveon|Sylveon, L85, F|100/100\n|move|p1a: Milotic|Scald|p2a: Sylveon\n|-damage|p2a: Sylveon|80/100\n|-status|p2a: Sylveon|brn\n|\n|-heal|p1a: Milotic|220/293|[from] item: Leftovers\n|-heal|p2a: Sylveon|86/100 brn|[from] item: Leftovers\n|-damage|p2a: Sylveon|80/100 brn|[from] brn\n|upkeep\n|turn|7\n|inactive|Time left: 300 sec this turn | 300 sec total\n|\n|t:|1783547189\n|move|p1a: Milotic|Scald|p2a: Sylveon\n|-damage|p2a: Sylveon|59/100 brn\n|move|p2a: Sylveon|Calm Mind|p2a: Sylveon\n|-boost|p2a: Sylveon|spa|1\n|-boost|p2a: Sylveon|spd|1\n|\n|-heal|p1a: Milotic|238/293|[from] item: Leftovers\n|-heal|p2a: Sylveon|65/100 brn|[from] item: Leftovers\n|-damage|p2a: Sylveon|59/100 brn|[from] brn\n|upkeep\n|turn|8\n|inactive|Time left: 300 sec this turn | 300 sec total\n|\n|t:|1783547190\n|switch|p1a: Sceptile|Sceptile, L87, F|264/264\n|move|p2a: Sylveon|Hyper Voice|p1a: Sceptile\n|-damage|p1a: Sceptile|83/264\n|\n|-heal|p2a: Sylveon|65/100 brn|[from] item: Leftovers\n|-damage|p2a: Sylveon|59/100 brn|[from] brn\n|upkeep\n|turn|9\n|inactive|Time left: 300 sec this turn | 300 sec total\n|\n|t:|1783547191\n|move|p1a: Sceptile|Leaf Blade|p2a: Sylveon\n|-damage|p2a: Sylveon|0 fnt\n|faint|p2a: Sylveon\n|-damage|p1a: Sceptile|57/264|[from] item: Life Orb\n|\n|upkeep\n|\n|t:|1783547192\n|switch|p2a: Infernape|Infernape, L82, M|100/100\n|turn|10\n|inactive|Time left: 300 sec this turn | 300 sec total\n|\n|t:|1783547193\n|move|p2a: Infernape|Close Combat|p1a: Sceptile\n|-damage|p1a: Sceptile|0 fnt\n|-unboost|p2a: Infernape|def|1\n|-unboost|p2a: Infernape|spd|1\n|faint|p1a: Sceptile\n|\n|upkeep\n|inactive|Time left: 300 sec this turn | 300 sec total | 5 sec grace\n|\n|t:|1783547193\n|switch|p1a: Spectrier|Spectrier, L75|274/274\n|turn|11\n|inactive|Time left: 300 sec this turn | 300 sec total\n|\n|t:|1783547194\n|switch|p2a: Hippowdon|Hippowdon, L82, F|100/100\n|-weather|Sandstorm|[from] ability: Sand Stream|[of] p2a: Hippowdon\n|move|p1a: Spectrier|Nasty Plot|p1a: Spectrier\n|-boost|p1a: Spectrier|spa|2\n|\n|-weather|Sandstorm|[upkeep]\n|-damage|p1a: Spectrier|257/274|[from] Sandstorm\n|upkeep\n|turn|12\n|inactive|Time left: 300 sec this turn | 300 sec total\n|\n|t:|1783547195\n|move|p1a: Spectrier|Shadow Ball|p2a: Hippowdon\n|-damage|p2a: Hippowdon|6/100\n|-damage|p1a: Spectrier|230/274|[from] item: Life Orb\n|move|p2a: Hippowdon|Earthquake|p1a: Spectrier\n|-damage|p1a: Spectrier|68/274\n|\n|-weather|Sandstorm|[upkeep]\n|-damage|p1a: Spectrier|51/274|[from] Sandstorm\n|upkeep\n|turn|13\n|inactive|Time left: 300 sec this turn | 300 sec total\n|\n|t:|1783547196\n|move|p1a: Spectrier|Shadow Ball|p2a: Hippowdon\n|-damage|p2a: Hippowdon|0 fnt\n|faint|p2a: Hippowdon\n|-ability|p1a: Spectrier|Grim Neigh|boost\n|-boost|p1a: Spectrier|spa|1\n|-damage|p1a: Spectrier|24/274|[from] item: Life Orb\n|\n|-weather|Sandstorm|[upkeep]\n|-damage|p1a: Spectrier|7/274|[from] Sandstorm\n|upkeep\n|\n|t:|1783547197\n|switch|p2a: Infernape|Infernape, L82, M|100/100\n|turn|14\n|inactive|Time left: 300 sec this turn | 300 sec total\n|\n|t:|1783547198\n|move|p2a: Infernape|Flare Blitz|p1a: Spectrier\n|-damage|p1a: Spectrier|0 fnt\n|faint|p1a: Spectrier\n|-damage|p2a: Infernape|99/100|[from] Recoil\n|\n|-weather|Sandstorm|[upkeep]\n|-damage|p2a: Infernape|94/100|[from] Sandstorm\n|upkeep\n|inactive|Time left: 300 sec this turn | 300 sec total | 5 sec grace\n|\n|t:|1783547199\n|switch|p1a: Terrakion|Terrakion, L79|273/273\n|turn|15\n|inactive|Time left: 300 sec this turn | 300 sec total\n|\n|t:|1783547201\n|switch|p2a: Granbull|Granbull, L88, F|100/100\n|-ability|p2a: Granbull|Intimidate|boost\n|-unboost|p1a: Terrakion|atk|1\n|move|p1a: Terrakion|Stone Edge|p2a: Granbull|[miss]\n|-miss|p1a: Terrakion|p2a: Granbull\n|\n|-weather|none\n|upkeep\n|turn|16\n|inactive|Time left: 300 sec this turn | 300 sec total\n|\n|t:|1783547202\n|switch|p1a: Milotic|Milotic, L83, M|238/293\n|move|p2a: Granbull|Play Rough|p1a: Milotic\n|-damage|p1a: Milotic|100/293\n|\n|-heal|p1a: Milotic|118/293|[from] item: Leftovers\n|upkeep\n|turn|17\n|inactive|Time left: 300 sec this turn | 300 sec total\n|\n|t:|1783547203\n|move|p1a: Milotic|Recover|p1a: Milotic\n|-heal|p1a: Milotic|265/293\n|move|p2a: Granbull|Play Rough|p1a: Milotic|[miss]\n|-miss|p2a: Granbull|p1a: Milotic\n|\n|-heal|p1a: Milotic|283/293|[from] item: Leftovers\n|upkeep\n|turn|18\n|inactive|Time left: 300 sec this turn | 300 sec total\n|\n|t:|1783547204\n|move|p1a: Milotic|Scald|p2a: Granbull\n|-damage|p2a: Granbull|64/100\n|move|p2a: Granbull|Thunder Wave|p1a: Milotic\n|-status|p1a: Milotic|par\n|\n|-heal|p2a: Granbull|70/100|[from] item: Leftovers\n|-heal|p1a: Milotic|293/293 par|[from] item: Leftovers\n|upkeep\n|turn|19\n|inactive|Time left: 300 sec this turn | 300 sec total\n|\n|t:|1783547205\n|move|p2a: Granbull|Play Rough|p1a: Milotic\n|-damage|p1a: Milotic|148/293 par\n|move|p1a: Milotic|Scald|p2a: Granbull\n|-damage|p2a: Granbull|36/100\n|\n|-heal|p2a: Granbull|42/100|[from] item: Leftovers\n|-heal|p1a: Milotic|166/293 par|[from] item: Leftovers\n|upkeep\n|turn|20\n|inactive|Time left: 300 sec this turn | 300 sec total\n|\n|t:|1783547206\n|move|p2a: Granbull|Play Rough|p1a: Milotic\n|-damage|p1a: Milotic|36/293 par\n|move|p1a: Milotic|Scald|p2a: Granbull\n|-damage|p2a: Granbull|5/100\n|-status|p2a: Granbull|brn\n|\n|-heal|p2a: Granbull|11/100 brn|[from] item: Leftovers\n|-heal|p1a: Milotic|54/293 par|[from] item: Leftovers\n|-damage|p2a: Granbull|5/100 brn|[from] brn\n|upkeep\n|turn|21\n|inactive|Time left: 300 sec this turn | 300 sec total\n|\n|t:|1783547207\n|move|p2a: Granbull|Play Rough|p1a: Milotic\n|-damage|p1a: Milotic|0 fnt\n|faint|p1a: Milotic\n|\n|-heal|p2a: Granbull|11/100 brn|[from] item: Leftovers\n|-damage|p2a: Granbull|5/100 brn|[from] brn\n|upkeep\n|inactive|Time left: 300 sec this turn | 300 sec total | 5 sec grace\n|\n|t:|1783547208\n|switch|p1a: Terrakion|Terrakion, L79|273/273\n|turn|22\n|inactive|Time left: 300 sec this turn | 300 sec total\n|\n|t:|1783547209\n|move|p1a: Terrakion|Stone Edge|p2a: Granbull|[miss]\n|-miss|p1a: Terrakion|p2a: Granbull\n|move|p2a: Granbull|Earthquake|p1a: Terrakion\n|-supereffective|p1a: Terrakion\n|-damage|p1a: Terrakion|178/273\n|\n|-heal|p2a: Granbull|11/100 brn|[from] item: Leftovers\n|-damage|p2a: Granbull|5/100 brn|[from] brn\n|upkeep\n|turn|23\n|inactive|Time left: 300 sec this turn | 300 sec total\n|\n|t:|1783547210\n|move|p1a: Terrakion|Stone Edge|p2a: Granbull\n|-damage|p2a: Granbull|0 fnt\n|faint|p2a: Granbull\n|\n|upkeep\n|\n|t:|1783547211\n|switch|p2a: Oricorio|Oricorio, L84, M|86/100\n|turn|24\n|inactive|Time left: 300 sec this turn | 300 sec total\n|\n|t:|1783547213\n|-terastallize|p2a: Oricorio|Ground\n|move|p1a: Terrakion|Stone Edge|p2a: Oricorio\n|-resisted|p2a: Oricorio\n|-damage|p2a: Oricorio|48/100\n|move|p2a: Oricorio|Quiver Dance|p2a: Oricorio\n|-boost|p2a: Oricorio|spa|1\n|-boost|p2a: Oricorio|spd|1\n|-boost|p2a: Oricorio|spe|1\n|\n|upkeep\n|turn|25\n|inactive|Time left: 300 sec this turn | 300 sec total\n|\n|t:|1783547214\n|move|p2a: Oricorio|Roost|p2a: Oricorio\n|-heal|p2a: Oricorio|99/100\n|move|p1a: Terrakion|Stone Edge|p2a: Oricorio\n|-resisted|p2a: Oricorio\n|-damage|p2a: Oricorio|59/100\n|\n|upkeep\n|turn|26\n|inactive|Time left: 300 sec this turn | 300 sec total\n|\n|t:|1783547215\n|switch|p1a: Leavanny|Leavanny, L86, F|269/269\n|move|p2a: Oricorio|Revelation Dance|p1a: Leavanny\n|-resisted|p1a: Leavanny\n|-damage|p1a: Leavanny|229/269\n|\n|upkeep\n|turn|27\n|inactive|Time left: 300 sec this turn | 300 sec total\n|\n|t:|1783547216\n|move|p2a: Oricorio|Hurricane|p1a: Leavanny\n|-supereffective|p1a: Leavanny\n|-damage|p1a: Leavanny|0 fnt\n|faint|p1a: Leavanny\n|\n|upkeep\n|inactive|Time left: 300 sec this turn | 300 sec total | 5 sec grace\n|\n|t:|1783547217\n|switch|p1a: Cyclizar|Cyclizar, L84, M|255/255\n|turn|28\n|inactive|Time left: 300 sec this turn | 300 sec total\n|\n|t:|1783547218\n|move|p2a: Oricorio|Revelation Dance|p1a: Cyclizar\n|-damage|p1a: Cyclizar|86/255\n|move|p1a: Cyclizar|Rapid Spin|p2a: Oricorio\n|-damage|p2a: Oricorio|36/100\n|-boost|p1a: Cyclizar|spe|1\n|\n|upkeep\n|turn|29\n|inactive|Time left: 300 sec this turn | 300 sec total\n|\n|t:|1783547219\n|-terastallize|p1a: Cyclizar|Fairy\n|move|p1a: Cyclizar|Draco Meteor|p2a: Oricorio\n|-damage|p2a: Oricorio|0 fnt\n|-unboost|p1a: Cyclizar|spa|2\n|faint|p2a: Oricorio\n|\n|upkeep\n|\n|t:|1783547220\n|switch|p2a: Infernape|Infernape, L82, M|94/100\n|turn|30\n|inactive|Time left: 300 sec this turn | 300 sec total\n|\n|t:|1783547221\n|switch|p1a: Terrakion|Terrakion, L79|178/273\n|move|p2a: Infernape|Close Combat|p1a: Terrakion\n|-supereffective|p1a: Terrakion\n|-damage|p1a: Terrakion|0 fnt\n|-unboost|p2a: Infernape|def|1\n|-unboost|p2a: Infernape|spd|1\n|faint|p1a: Terrakion\n|\n|upkeep\n|inactive|Time left: 300 sec this turn | 300 sec total | 5 sec grace\n|\n|t:|1783547222\n|switch|p1a: Cyclizar|Cyclizar, L84, M, tera:Fairy|171/255\n|turn|31\n|inactive|Time left: 300 sec this turn | 300 sec total\n|\n|t:|1783547223\n|move|p2a: Infernape|Close Combat|p1a: Cyclizar\n|-resisted|p1a: Cyclizar\n|-damage|p1a: Cyclizar|85/255\n|-unboost|p2a: Infernape|def|1\n|-unboost|p2a: Infernape|spd|1\n|move|p1a: Cyclizar|Draco Meteor|p2a: Infernape\n|-damage|p2a: Infernape|0 fnt\n|-unboost|p1a: Cyclizar|spa|2\n|faint|p2a: Infernape\n|\n|win|p0x69355f0", "uploadtime": 1783547223, "views": 0, "rating": 0, "private": 0, "password": null, "_winner": "p0x69355f0", "_our_name": "p0x69355f0"}