{"id": "battle-gen9randombattle-2603", "formatid": "gen9randombattle", "format": "[Gen 9] Random Battle", "players": ["p0x26037258", "p0y2603b10a"], "log": "|init|battle\n|title|p0x26037258 vs. p0y2603b10a\n|j|\u2606p0x26037258\n|j|\u2606p0y2603b10a\n|t:|1783569089\n|gametype|singles\n|player|p1|p0x26037258|2|\n|player|p2|p0y2603b10a|265|\n|gen|9\n|tier|[Gen 9] Random Battle\n|rule|Species Clause: Limit one of each Pok\u00e9mon\n|rule|HP Percentage Mod: HP is shown in percentages\n|rule|Sleep Clause Mod: Limit one foe put to sleep\n|rule|Illusion Level Mod: Illusion disguises the Pok\u00e9mon's true level\n|\n|t:|1783569089\n|teamsize|p1|6\n|teamsize|p2|6\n|start\n|switch|p1a: Hydrapple|Hydrapple, L83, F|312/312\n|switch|p2a: Qwilfish|Qwilfish-Hisui, L83, F|100/100\n|-ability|p2a: Qwilfish|Intimidate|boost\n|-unboost|p1a: Hydrapple|atk|1\n|turn|1\n|inactive|Battle timer is ON: inactive players will automatically lose when time's up. (requested by p0x26037258)\n|\n|t:|1783569090\n|move|p2a: Qwilfish|Toxic Spikes|p1a: Hydrapple\n|-sidestart|p1: p0x26037258|move: Toxic Spikes\n|move|p1a: Hydrapple|Fickle Beam|p2a: Qwilfish|[anim] Fickle Beam All Out\n|-activate|p1a: Hydrapple|move: Fickle Beam\n|-damage|p2a: Qwilfish|29/100\n|\n|upkeep\n|turn|2\n|inactive|Time left: 300 sec this turn | 300 sec total\n|inactive|p0y2603b10a also wants the timer to be on.\n|\n|t:|1783569092\n|move|p2a: Qwilfish|Gunk Shot|p1a: Hydrapple\n|-supereffective|p1a: Hydrapple\n|-damage|p1a: Hydrapple|96/312\n|move|p1a: Hydrapple|Fickle Beam|p2a: Qwilfish\n|-damage|p2a: Qwilfish|0 fnt\n|faint|p2a: Qwilfish\n|\n|upkeep\n|\n|t:|1783569093\n|switch|p2a: Exeggutor|Exeggutor-Alola, L89, M|100/100\n|-item|p1a: Hydrapple|Assault Vest|[from] ability: Frisk|[of] p2a: Exeggutor\n|turn|3\n|inactive|Time left: 300 sec this turn | 300 sec total\n|\n|t:|1783569094\n|move|p2a: Exeggutor|Flamethrower|p1a: Hydrapple\n|-damage|p1a: Hydrapple|0 fnt\n|faint|p1a: Hydrapple\n|\n|upkeep\n|inactive|Time left: 300 sec this turn | 300 sec total | 5 sec grace\n|\n|t:|1783569095\n|switch|p1a: Spidops|Spidops, L96, M|271/271\n|turn|4\n|inactive|Time left: 300 sec this turn | 300 sec total\n|\n|t:|1783569095\n|move|p2a: Exeggutor|Flamethrower|p1a: Spidops\n|-supereffective|p1a: Spidops\n|-damage|p1a: Spidops|45/271\n|move|p1a: Spidops|Sticky Web|p2a: Exeggutor\n|-sidestart|p2: p0y2603b10a|move: Sticky Web\n|\n|upkeep\n|turn|5\n|inactive|Time left: 300 sec this turn | 300 sec total\n|\n|t:|1783569096\n|move|p2a: Exeggutor|Flamethrower|p1a: Spidops\n|-supereffective|p1a: Spidops\n|-damage|p1a: Spidops|0 fnt\n|faint|p1a: Spidops\n|\n|upkeep\n|inactive|Time left: 300 sec this turn | 300 sec total | 5 sec grace\n|\n|t:|1783569097\n|switch|p1a: Camerupt|Camerupt, L91, M|275/275\n|-status|p1a: Camerupt|psn\n|turn|6\n|inactive|Time left: 300 sec this turn | 300 sec total\n|\n|t:|1783569099\n|move|p2a: Exeggutor|Flamethrower|p1a: Camerupt\n|-resisted|p1a: Camerupt\n|-damage|p1a: Camerupt|208/275 psn\n|move|p1a: Camerupt|Stealth Rock|p2a: Exeggutor\n|-sidestart|p2: p0y2603b10a|move: Stealth Rock\n|\n|-heal|p1a: Camerupt|225/275 psn|[from] item: Leftovers\n|-damage|p1a: Camerupt|191/275 psn|[from] psn\n|upkeep\n|turn|7\n|inactive|Time left: 300 sec this turn | 300 sec total\n|\n|t:|1783569099\n|move|p2a: Exeggutor|Flamethrower|p1a: Camerupt\n|-resisted|p1a: Camerupt\n|-damage|p1a: Camerupt|118/275 psn\n|move|p1a: Camerupt|Roar|p2a: Exeggutor\n|drag|p2a: Houndoom|Houndoom, L87, M|100/100\n|\n|-heal|p1a: Camerupt|135/275 psn|[from] item: Leftovers\n|-damage|p1a: Camerupt|101/275 psn|[from] psn\n|upkeep\n|turn|8\n|inactive|Time left: 300 sec this turn | 300 sec total\n|\n|t:|1783569101\n|move|p2a: Houndoom|Dark Pulse|p1a: Camerupt\n|-damage|p1a: Camerupt|0 fnt\n|faint|p1a: Camerupt\n|\n|upkeep\n|inactive|Time left: 300 sec this turn | 300 sec total | 5 sec grace\n|\n|t:|1783569102\n|switch|p1a: Magnezone|Magnezone, L85|258/258\n|turn|9\n|inactive|Time left: 300 sec this turn | 300 sec total\n|\n|t:|1783569103\n|-terastallize|p1a: Magnezone|Fighting\n|move|p2a: Houndoom|Fire Blast|p1a: Magnezone\n|-damage|p1a: Magnezone|132/258\n|move|p1a: Magnezone|Body Press|p2a: Houndoom\n|-supereffective|p2a: Houndoom\n|-damage|p2a: Houndoom|0 fnt\n|faint|p2a: Houndoom\n|\n|-heal|p1a: Magnezone|148/258|[from] item: Leftovers\n|upkeep\n|\n|t:|1783569104\n|switch|p2a: Exeggutor|Exeggutor-Alola, L89, M|100/100\n|-activate|p2a: Exeggutor|move: Sticky Web\n|-unboost|p2a: Exeggutor|spe|1\n|-damage|p2a: Exeggutor|88/100|[from] Stealth Rock\n|-item|p1a: Magnezone|Leftovers|[from] ability: Frisk|[of] p2a: Exeggutor\n|turn|10\n|inactive|Time left: 300 sec this turn | 300 sec total\n|\n|t:|1783569105\n|move|p1a: Magnezone|Thunderbolt|p2a: Exeggutor\n|-resisted|p2a: Exeggutor\n|-damage|p2a: Exeggutor|78/100\n|-status|p2a: Exeggutor|par\n|cant|p2a: Exeggutor|par\n|\n|-heal|p1a: Magnezone|164/258|[from] item: Leftovers\n|upkeep\n|turn|11\n|inactive|Time left: 300 sec this turn | 300 sec total\n|\n|t:|1783569106\n|move|p1a: Magnezone|Flash Cannon|p2a: Exeggutor\n|-damage|p2a: Exeggutor|43/100 par\n|move|p2a: Exeggutor|Giga Drain|p1a: Magnezone\n|-crit|p1a: Magnezone\n|-damage|p1a: Magnezone|0 fnt\n|-heal|p2a: Exeggutor|70/100 par|[from] drain|[of] p1a: Magnezone\n|faint|p1a: Magnezone\n|\n|upkeep\n|inactive|Time left: 300 sec this turn | 300 sec total | 5 sec grace\n|\n|t:|1783569107\n|switch|p1a: Eiscue|Eiscue, L88, M|274/274\n|-status|p1a: Eiscue|psn\n|turn|12\n|inactive|Time left: 300 sec this turn | 300 sec total\n|\n|t:|1783569107\n|move|p1a: Eiscue|Ice Spinner|p2a: Exeggutor\n|-supereffective|p2a: Exeggutor\n|-damage|p2a: Exeggutor|0 fnt\n|faint|p2a: Exeggutor\n|\n|-damage|p1a: Eiscue|240/274 psn|[from] psn\n|upkeep\n|\n|t:|1783569108\n|switch|p2a: Phione|Phione, L91|100/100\n|-activate|p2a: Phione|move: Sticky Web\n|-unboost|p2a: Phione|spe|1\n|-damage|p2a: Phione|88/100|[from] Stealth Rock\n|turn|13\n|inactive|Time left: 300 sec this turn | 300 sec total\n|\n|t:|1783569109\n|move|p1a: Eiscue|Tera Blast|p2a: Phione\n|-damage|p2a: Phione|71/100\n|move|p2a: Phione|Scald|p1a: Eiscue\n|-damage|p1a: Eiscue|161/274 psn\n|\n|-heal|p2a: Phione|77/100|[from] item: Leftovers\n|-damage|p1a: Eiscue|127/274 psn|[from] psn\n|upkeep\n|-enditem|p1a: Eiscue|Sitrus Berry|[eat]\n|-heal|p1a: Eiscue|195/274 psn|[from] item: Sitrus Berry\n|turn|14\n|inactive|Time left: 300 sec this turn | 300 sec total\n|\n|t:|1783569110\n|move|p1a: Eiscue|Ice Spinner|p2a: Phione\n|-resisted|p2a: Phione\n|-damage|p2a: Phione|63/100\n|move|p2a: Phione|Scald|p1a: Eiscue\n|-damage|p1a: Eiscue|114/274 psn\n|\n|-heal|p2a: Phione|69/100|[from] item: Leftovers\n|-damage|p1a: Eiscue|80/274 psn|[from] psn\n|upkeep\n|turn|15\n|inactive|Time left: 300 sec this turn | 300 sec total\n|\n|t:|1783569111\n|move|p1a: Eiscue|Tera Blast|p2a: Phione\n|-damage|p2a: Phione|52/100\n|move|p2a: Phione|Scald|p1a: Eiscue\n|-damage|p1a: Eiscue|0 fnt\n|faint|p1a: Eiscue\n|\n|-heal|p2a: Phione|58/100|[from] item: Leftovers\n|upkeep\n|inactive|Time left: 300 sec this turn | 300 sec total | 5 sec grace\n|\n|t:|1783569112\n|switch|p1a: Kingdra|Kingdra, L84, F|263/263\n|-status|p1a: Kingdra|psn\n|turn|16\n|inactive|Time left: 300 sec this turn | 300 sec total\n|\n|t:|1783569113\n|move|p1a: Kingdra|Hurricane|p2a: Phione|[miss]\n|-miss|p1a: Kingdra|p2a: Phione\n|move|p2a: Phione|Grass Knot|p1a: Kingdra\n|-damage|p1a: Kingdra|193/263 psn\n|\n|-heal|p2a: Phione|64/100|[from] item: Leftovers\n|-damage|p1a: Kingdra|161/263 psn|[from] psn\n|upkeep\n|turn|17\n|inactive|Time left: 300 sec this turn | 300 sec total\n|\n|t:|1783569114\n|-terastallize|p2a: Phione|Grass\n|move|p1a: Kingdra|Hurricane|p2a: Phione\n|-supereffective|p2a: Phione\n|-damage|p2a: Phione|0 fnt\n|faint|p2a: Phione\n|-damage|p1a: Kingdra|135/263 psn|[from] item: Life Orb\n|\n|-damage|p1a: Kingdra|103/263 psn|[from] psn\n|upkeep\n|\n|t:|1783569115\n|switch|p2a: Virizion|Virizion, L82|100/100\n|-activate|p2a: Virizion|move: Sticky Web\n|-unboost|p2a: Virizion|spe|1\n|-damage|p2a: Virizion|94/100|[from] Stealth Rock\n|turn|18\n|inactive|Time left: 300 sec this turn | 300 sec total\n|\n|t:|1783569115\n|move|p1a: Kingdra|Hurricane|p2a: Virizion\n|-supereffective|p2a: Virizion\n|-damage|p2a: Virizion|0 fnt\n|faint|p2a: Virizion\n|-damage|p1a: Kingdra|77/263 psn|[from] item: Life Orb\n|\n|-damage|p1a: Kingdra|45/263 psn|[from] psn\n|upkeep\n|\n|t:|1783569116\n|switch|p2a: Gastrodon|Gastrodon-East, L86, M|100/100\n|-activate|p2a: Gastrodon|move: Sticky Web\n|-unboost|p2a: Gastrodon|spe|1\n|-damage|p2a: Gastrodon|94/100|[from] Stealth Rock\n|turn|19\n|inactive|Time left: 300 sec this turn | 300 sec total\n|\n|t:|1783569117\n|move|p1a: Kingdra|Rain Dance|p1a: Kingdra\n|-weather|RainDance\n|move|p2a: Gastrodon|Sludge Bomb|p1a: Kingdra\n|-damage|p1a: Kingdra|0 fnt\n|faint|p1a: Kingdra\n|\n|win|p0y2603b10a", "uploadtime": 1783569117, "views": 0, "rating": 0, "private": 0, "password": null, "_winner": "p0y2603b10a", "_our_name": "p0x26037258"}