{"id": "battle-gen9randombattle-554", "formatid": "gen9randombattle", "format": "[Gen 9] Random Battle", "players": ["p0x5547da3", "p0y554b219"], "log": "|init|battle\n|title|p0x5547da3 vs. p0y554b219\n|j|\u2606p0x5547da3\n|j|\u2606p0y554b219\n|t:|1783545509\n|gametype|singles\n|player|p1|p0x5547da3|265|\n|player|p2|p0y554b219|170|\n|gen|9\n|tier|[Gen 9] Random Battle\n|rule|Species Clause: Limit one of each Pok\u00e9mon\n|rule|HP Percentage Mod: HP is shown in percentages\n|rule|Sleep Clause Mod: Limit one foe put to sleep\n|rule|Illusion Level Mod: Illusion disguises the Pok\u00e9mon's true level\n|\n|t:|1783545509\n|teamsize|p1|6\n|teamsize|p2|6\n|start\n|switch|p1a: Gholdengo|Gholdengo, L77|100/100\n|switch|p2a: Ting-Lu|Ting-Lu, L78|370/370\n|-ability|p2a: Ting-Lu|Vessel of Ruin\n|turn|1\n|inactive|Battle timer is ON: inactive players will automatically lose when time's up. (requested by p0x5547da3)\n|inactive|Time left: 300 sec this turn | 300 sec total | 60 sec grace\n|inactive|p0y554b219 also wants the timer to be on.\n|\n|t:|1783545510\n|switch|p1a: Ninetales|Ninetales-Alola, L78, F|100/100\n|-weather|Snowscape|[from] ability: Snow Warning|[of] p1a: Ninetales\n|move|p2a: Ting-Lu|Earthquake|p1a: Ninetales\n|-damage|p1a: Ninetales|66/100\n|\n|-weather|Snowscape|[upkeep]\n|upkeep\n|turn|2\n|inactive|Time left: 300 sec this turn | 300 sec total\n|\n|t:|1783545512\n|move|p1a: Ninetales|Aurora Veil|p1a: Ninetales\n|-sidestart|p1: p0x5547da3|move: Aurora Veil\n|move|p2a: Ting-Lu|Spikes|p1a: Ninetales\n|-sidestart|p1: p0x5547da3|Spikes\n|\n|-weather|Snowscape|[upkeep]\n|upkeep\n|turn|3\n|inactive|Time left: 300 sec this turn | 300 sec total\n|\n|t:|1783545513\n|move|p1a: Ninetales|Moonblast|p2a: Ting-Lu\n|-supereffective|p2a: Ting-Lu\n|-damage|p2a: Ting-Lu|232/370\n|move|p2a: Ting-Lu|Spikes|p1a: Ninetales\n|-sidestart|p1: p0x5547da3|Spikes\n|\n|-weather|Snowscape|[upkeep]\n|-heal|p2a: Ting-Lu|255/370|[from] item: Leftovers\n|upkeep\n|turn|4\n|inactive|Time left: 300 sec this turn | 300 sec total\n|\n|t:|1783545514\n|move|p1a: Ninetales|Moonblast|p2a: Ting-Lu\n|-supereffective|p2a: Ting-Lu\n|-damage|p2a: Ting-Lu|115/370\n|-unboost|p2a: Ting-Lu|spa|1\n|move|p2a: Ting-Lu|Ruination|p1a: Ninetales\n|-damage|p1a: Ninetales|33/100\n|\n|-weather|Snowscape|[upkeep]\n|-heal|p2a: Ting-Lu|138/370|[from] item: Leftovers\n|upkeep\n|turn|5\n|inactive|Time left: 300 sec this turn | 300 sec total\n|\n|t:|1783545515\n|switch|p2a: Florges|Florges, L85, F|271/271\n|move|p1a: Ninetales|Blizzard|p2a: Florges\n|-damage|p2a: Florges|211/271\n|\n|-weather|none\n|-heal|p2a: Florges|227/271|[from] item: Leftovers\n|upkeep\n|turn|6\n|inactive|Time left: 300 sec this turn | 300 sec total\n|\n|t:|1783545516\n|move|p1a: Ninetales|Freeze-Dry|p2a: Florges\n|-damage|p2a: Florges|191/271\n|move|p2a: Florges|Calm Mind|p2a: Florges\n|-boost|p2a: Florges|spa|1\n|-boost|p2a: Florges|spd|1\n|\n|-heal|p2a: Florges|207/271|[from] item: Leftovers\n|upkeep\n|turn|7\n|inactive|Time left: 300 sec this turn | 300 sec total\n|\n|t:|1783545517\n|switch|p1a: Veluza|Veluza, L85, F|100/100\n|-damage|p1a: Veluza|84/100|[from] Spikes\n|move|p2a: Florges|Moonblast|p1a: Veluza\n|-damage|p1a: Veluza|48/100\n|-unboost|p1a: Veluza|spa|1\n|\n|-heal|p2a: Florges|223/271|[from] item: Leftovers\n|upkeep\n|turn|8\n|inactive|Time left: 300 sec this turn | 300 sec total\n|\n|t:|1783545518\n|move|p2a: Florges|Moonblast|p1a: Veluza\n|-damage|p1a: Veluza|10/100\n|-unboost|p1a: Veluza|spa|1\n|move|p1a: Veluza|Aqua Cutter|p2a: Florges\n|-crit|p2a: Florges\n|-damage|p2a: Florges|0 fnt\n|faint|p2a: Florges\n|\n|upkeep\n|inactive|Time left: 300 sec this turn | 300 sec total | 5 sec grace\n|\n|t:|1783545519\n|switch|p2a: Salamence|Salamence, L77, M|273/273\n|turn|9\n|inactive|Time left: 300 sec this turn | 300 sec total\n|\n|t:|1783545520\n|move|p2a: Salamence|Dragon Dance|p2a: Salamence\n|-boost|p2a: Salamence|atk|1\n|-boost|p2a: Salamence|spe|1\n|move|p1a: Veluza|Aqua Cutter|p2a: Salamence\n|-resisted|p2a: Salamence\n|-damage|p2a: Salamence|163/273\n|\n|-sideend|p1: p0x5547da3|move: Aurora Veil\n|upkeep\n|turn|10\n|inactive|Time left: 300 sec this turn | 300 sec total\n|\n|t:|1783545521\n|move|p2a: Salamence|Earthquake|p1a: Veluza\n|-damage|p1a: Veluza|0 fnt\n|faint|p1a: Veluza\n|-ability|p2a: Salamence|Moxie|boost\n|-boost|p2a: Salamence|atk|1\n|\n|upkeep\n|\n|t:|1783545521\n|switch|p1a: Clawitzer|Clawitzer, L87, M|100/100\n|-damage|p1a: Clawitzer|84/100|[from] Spikes\n|turn|11\n|inactive|Time left: 300 sec this turn | 300 sec total\n|\n|t:|1783545522\n|-terastallize|p2a: Salamence|Ground\n|move|p2a: Salamence|Earthquake|p1a: Clawitzer\n|-damage|p1a: Clawitzer|0 fnt\n|faint|p1a: Clawitzer\n|-ability|p2a: Salamence|Moxie|boost\n|-boost|p2a: Salamence|atk|1\n|\n|upkeep\n|\n|t:|1783545523\n|switch|p1a: Gholdengo|Gholdengo, L77|100/100\n|-damage|p1a: Gholdengo|84/100|[from] Spikes\n|turn|12\n|inactive|Time left: 300 sec this turn | 300 sec total\n|\n|t:|1783545524\n|move|p2a: Salamence|Earthquake|p1a: Gholdengo\n|-supereffective|p1a: Gholdengo\n|-damage|p1a: Gholdengo|0 fnt\n|faint|p1a: Gholdengo\n|-ability|p2a: Salamence|Moxie|boost\n|-boost|p2a: Salamence|atk|1\n|\n|upkeep\n|\n|t:|1783545525\n|switch|p1a: Amoonguss|Amoonguss, L82, F|100/100\n|-damage|p1a: Amoonguss|84/100|[from] Spikes\n|turn|13\n|inactive|Time left: 300 sec this turn | 300 sec total\n|\n|t:|1783545526\n|-terastallize|p1a: Amoonguss|Steel\n|move|p2a: Salamence|Earthquake|p1a: Amoonguss\n|-supereffective|p1a: Amoonguss\n|-damage|p1a: Amoonguss|0 fnt\n|faint|p1a: Amoonguss\n|-ability|p2a: Salamence|Moxie|boost\n|-boost|p2a: Salamence|atk|1\n|\n|upkeep\n|\n|t:|1783545527\n|switch|p1a: Blaziken|Blaziken, L76, M|100/100\n|-damage|p1a: Blaziken|84/100|[from] Spikes\n|turn|14\n|inactive|Time left: 300 sec this turn | 300 sec total\n|\n|t:|1783545528\n|move|p2a: Salamence|Earthquake|p1a: Blaziken\n|-supereffective|p1a: Blaziken\n|-damage|p1a: Blaziken|0 fnt\n|faint|p1a: Blaziken\n|-ability|p2a: Salamence|Moxie|boost\n|-boost|p2a: Salamence|atk|1\n|\n|upkeep\n|\n|t:|1783545529\n|switch|p1a: Ninetales|Ninetales-Alola, L78, F|33/100\n|-damage|p1a: Ninetales|17/100|[from] Spikes\n|-weather|Snowscape|[from] ability: Snow Warning|[of] p1a: Ninetales\n|turn|15\n|inactive|Time left: 300 sec this turn | 300 sec total\n|\n|t:|1783545530\n|move|p2a: Salamence|Earthquake|p1a: Ninetales\n|-damage|p1a: Ninetales|0 fnt\n|faint|p1a: Ninetales\n|\n|win|p0y554b219", "uploadtime": 1783545530, "views": 0, "rating": 0, "private": 0, "password": null, "_winner": "p0y554b219", "_our_name": "p0y554b219"}