{"id": "battle-gen9randombattle-2756", "formatid": "gen9randombattle", "format": "[Gen 9] Random Battle", "players": ["p0x27567d3f", "p0y2756df3a"], "log": "|init|battle\n|title|p0x27567d3f vs. p0y2756df3a\n|j|\u2606p0x27567d3f\n|j|\u2606p0y2756df3a\n|t:|1783571773\n|gametype|singles\n|player|p1|p0x27567d3f|170|\n|player|p2|p0y2756df3a|169|\n|gen|9\n|tier|[Gen 9] Random Battle\n|rule|Species Clause: Limit one of each Pok\u00e9mon\n|rule|HP Percentage Mod: HP is shown in percentages\n|rule|Sleep Clause Mod: Limit one foe put to sleep\n|rule|Illusion Level Mod: Illusion disguises the Pok\u00e9mon's true level\n|\n|t:|1783571773\n|teamsize|p1|6\n|teamsize|p2|6\n|start\n|switch|p1a: Typhlosion|Typhlosion, L84, M|100/100\n|switch|p2a: Tyranitar|Tyranitar, L78, M|284/284\n|-weather|Sandstorm|[from] ability: Sand Stream|[of] p2a: Tyranitar\n|turn|1\n|inactive|Battle timer is ON: inactive players will automatically lose when time's up. (requested by p0x27567d3f)\n|inactive|Time left: 300 sec this turn | 300 sec total | 60 sec grace\n|\n|t:|1783571774\n|move|p1a: Typhlosion|Scorching Sands|p2a: Tyranitar\n|-supereffective|p2a: Tyranitar\n|-damage|p2a: Tyranitar|206/284\n|move|p2a: Tyranitar|Stone Edge|p1a: Typhlosion\n|-supereffective|p1a: Typhlosion\n|-damage|p1a: Typhlosion|8/100\n|\n|-weather|Sandstorm|[upkeep]\n|-damage|p1a: Typhlosion|2/100|[from] Sandstorm\n|-heal|p2a: Tyranitar|223/284|[from] item: Leftovers\n|upkeep\n|turn|2\n|inactive|p0y2756df3a also wants the timer to be on.\n|inactive|Time left: 300 sec this turn | 300 sec total\n|\n|t:|1783571775\n|move|p1a: Typhlosion|Scorching Sands|p2a: Tyranitar\n|-supereffective|p2a: Tyranitar\n|-damage|p2a: Tyranitar|149/284\n|move|p2a: Tyranitar|Stealth Rock|p1a: Typhlosion\n|-sidestart|p1: p0x27567d3f|move: Stealth Rock\n|\n|-weather|Sandstorm|[upkeep]\n|-damage|p1a: Typhlosion|0 fnt|[from] Sandstorm\n|faint|p1a: Typhlosion\n|-heal|p2a: Tyranitar|166/284|[from] item: Leftovers\n|upkeep\n|\n|t:|1783571776\n|switch|p1a: Shiftry|Shiftry, L89, M|100/100\n|-damage|p1a: Shiftry|88/100|[from] Stealth Rock\n|turn|3\n|inactive|Time left: 300 sec this turn | 300 sec total\n|\n|t:|1783571777\n|move|p1a: Shiftry|Leaf Blade|p2a: Tyranitar\n|-supereffective|p2a: Tyranitar\n|-damage|p2a: Tyranitar|0 fnt\n|faint|p2a: Tyranitar\n|-damage|p1a: Shiftry|78/100|[from] item: Life Orb\n|\n|-weather|Sandstorm|[upkeep]\n|-damage|p1a: Shiftry|72/100|[from] Sandstorm\n|upkeep\n|inactive|Time left: 300 sec this turn | 300 sec total | 5 sec grace\n|\n|t:|1783571778\n|switch|p2a: Houndoom|Houndoom, L87, M|272/272\n|turn|4\n|inactive|Time left: 300 sec this turn | 300 sec total\n|\n|t:|1783571779\n|move|p2a: Houndoom|Fire Blast|p1a: Shiftry\n|-supereffective|p1a: Shiftry\n|-damage|p1a: Shiftry|0 fnt\n|faint|p1a: Shiftry\n|\n|-weather|Sandstorm|[upkeep]\n|-damage|p2a: Houndoom|255/272|[from] Sandstorm\n|upkeep\n|\n|t:|1783571780\n|switch|p1a: Alcremie|Alcremie, L90, F|100/100\n|-damage|p1a: Alcremie|88/100|[from] Stealth Rock\n|turn|5\n|inactive|Time left: 300 sec this turn | 300 sec total\n|\n|t:|1783571781\n|move|p2a: Houndoom|Sludge Bomb|p1a: Alcremie\n|-supereffective|p1a: Alcremie\n|-damage|p1a: Alcremie|46/100\n|-status|p1a: Alcremie|psn\n|move|p1a: Alcremie|Calm Mind|p1a: Alcremie\n|-boost|p1a: Alcremie|spa|1\n|-boost|p1a: Alcremie|spd|1\n|\n|-weather|none\n|-heal|p1a: Alcremie|52/100 psn|[from] item: Leftovers\n|-damage|p1a: Alcremie|40/100 psn|[from] psn\n|upkeep\n|turn|6\n|inactive|Time left: 300 sec this turn | 300 sec total\n|\n|t:|1783571782\n|move|p2a: Houndoom|Fire Blast|p1a: Alcremie\n|-damage|p1a: Alcremie|13/100 psn\n|move|p1a: Alcremie|Recover|p1a: Alcremie\n|-heal|p1a: Alcremie|63/100 psn\n|\n|-heal|p1a: Alcremie|69/100 psn|[from] item: Leftovers\n|-damage|p1a: Alcremie|57/100 psn|[from] psn\n|upkeep\n|turn|7\n|inactive|Time left: 300 sec this turn | 300 sec total\n|\n|t:|1783571783\n|switch|p2a: Scizor|Scizor, L79, F|240/240\n|move|p1a: Alcremie|Recover|p1a: Alcremie\n|-heal|p1a: Alcremie|100/100 psn\n|\n|-damage|p1a: Alcremie|88/100 psn|[from] psn\n|upkeep\n|turn|8\n|inactive|Time left: 300 sec this turn | 300 sec total\n|\n|t:|1783571784\n|-terastallize|p1a: Alcremie|Ground\n|move|p1a: Alcremie|Tera Blast|p2a: Scizor|[anim] Tera Blast Ground\n|-damage|p2a: Scizor|45/240\n|move|p2a: Scizor|Swords Dance|p2a: Scizor\n|-boost|p2a: Scizor|atk|2\n|\n|-heal|p1a: Alcremie|94/100 psn|[from] item: Leftovers\n|-damage|p1a: Alcremie|82/100 psn|[from] psn\n|upkeep\n|turn|9\n|inactive|Time left: 300 sec this turn | 300 sec total\n|\n|t:|1783571785\n|-terastallize|p2a: Scizor|Steel\n|move|p2a: Scizor|Bullet Punch|p1a: Alcremie\n|-damage|p1a: Alcremie|0 fnt\n|faint|p1a: Alcremie\n|-damage|p2a: Scizor|21/240|[from] item: Life Orb\n|\n|upkeep\n|\n|t:|1783571786\n|switch|p1a: Magmortar|Magmortar, L88, M|100/100\n|turn|10\n|inactive|Time left: 300 sec this turn | 300 sec total\n|\n|t:|1783571787\n|move|p2a: Scizor|Bullet Punch|p1a: Magmortar\n|-resisted|p1a: Magmortar\n|-damage|p1a: Magmortar|47/100\n|-damage|p2a: Scizor|0 fnt|[from] item: Life Orb\n|faint|p2a: Scizor\n|move|p1a: Magmortar|Fire Blast|p2: Scizor|[notarget]\n|-fail|p1a: Magmortar\n|\n|upkeep\n|inactive|Time left: 300 sec this turn | 300 sec total | 5 sec grace\n|\n|t:|1783571788\n|switch|p2a: Manaphy|Manaphy, L78|284/284\n|turn|11\n|inactive|Time left: 300 sec this turn | 300 sec total\n|\n|t:|1783571789\n|switch|p1a: Giratina|Giratina-Origin, L72|100/100\n|-damage|p1a: Giratina|88/100|[from] Stealth Rock\n|move|p2a: Manaphy|Surf|p1a: Giratina\n|-resisted|p1a: Giratina\n|-damage|p1a: Giratina|74/100\n|\n|upkeep\n|turn|12\n|inactive|Time left: 300 sec this turn | 300 sec total\n|\n|t:|1783571790\n|move|p2a: Manaphy|Ice Beam|p1a: Giratina\n|-supereffective|p1a: Giratina\n|-damage|p1a: Giratina|35/100\n|move|p1a: Giratina|Dragon Tail|p2a: Manaphy\n|-damage|p2a: Manaphy|224/284\n|drag|p2a: Houndoom|Houndoom, L87, M|255/272\n|\n|upkeep\n|turn|13\n|inactive|Time left: 300 sec this turn | 300 sec total\n|\n|t:|1783571791\n|move|p2a: Houndoom|Dark Pulse|p1a: Giratina\n|-supereffective|p1a: Giratina\n|-damage|p1a: Giratina|0 fnt\n|faint|p1a: Giratina\n|\n|upkeep\n|\n|t:|1783571793\n|switch|p1a: Staraptor|Staraptor, L79, F|100/100\n|-damage|p1a: Staraptor|76/100|[from] Stealth Rock\n|turn|14\n|inactive|Time left: 300 sec this turn | 300 sec total\n|\n|t:|1783571794\n|move|p1a: Staraptor|Quick Attack|p2a: Houndoom\n|-damage|p2a: Houndoom|168/272\n|move|p2a: Houndoom|Dark Pulse|p1a: Staraptor\n|-damage|p1a: Staraptor|24/100\n|\n|upkeep\n|turn|15\n|inactive|Time left: 300 sec this turn | 300 sec total\n|\n|t:|1783571795\n|move|p1a: Staraptor|Quick Attack|p2a: Houndoom\n|-damage|p2a: Houndoom|80/272\n|move|p2a: Houndoom|Dark Pulse|p1a: Staraptor\n|-damage|p1a: Staraptor|0 fnt\n|faint|p1a: Staraptor\n|\n|upkeep\n|\n|t:|1783571796\n|switch|p1a: Magmortar|Magmortar, L88, M|47/100\n|turn|16\n|inactive|Time left: 300 sec this turn | 300 sec total\n|\n|t:|1783571797\n|move|p2a: Houndoom|Dark Pulse|p1a: Magmortar\n|-damage|p1a: Magmortar|18/100\n|move|p1a: Magmortar|Thunderbolt|p2a: Houndoom\n|-damage|p2a: Houndoom|0 fnt\n|faint|p2a: Houndoom\n|\n|upkeep\n|inactive|Time left: 300 sec this turn | 300 sec total | 5 sec grace\n|\n|t:|1783571798\n|switch|p2a: Manaphy|Manaphy, L78|224/284\n|turn|17\n|inactive|Time left: 300 sec this turn | 300 sec total\n|\n|t:|1783571799\n|move|p2a: Manaphy|Surf|p1a: Magmortar\n|-supereffective|p1a: Magmortar\n|-damage|p1a: Magmortar|0 fnt\n|faint|p1a: Magmortar\n|\n|win|p0y2756df3a", "uploadtime": 1783571799, "views": 0, "rating": 0, "private": 0, "password": null, "_winner": "p0y2756df3a", "_our_name": "p0y2756df3a"}