{"id": "battle-gen9randombattle-2008", "formatid": "gen9randombattle", "format": "[Gen 9] Random Battle", "players": ["p0x2008f838", "p0y2008f353"], "log": "|init|battle\n|title|p0x2008f838 vs. p0y2008f353\n|j|\u2606p0x2008f838\n|j|\u2606p0y2008f353\n|t:|1783562512\n|gametype|singles\n|player|p1|p0x2008f838|265|\n|player|p2|p0y2008f353|170|\n|gen|9\n|tier|[Gen 9] Random Battle\n|rule|Species Clause: Limit one of each Pok\u00e9mon\n|rule|HP Percentage Mod: HP is shown in percentages\n|rule|Sleep Clause Mod: Limit one foe put to sleep\n|rule|Illusion Level Mod: Illusion disguises the Pok\u00e9mon's true level\n|\n|t:|1783562512\n|teamsize|p1|6\n|teamsize|p2|6\n|start\n|switch|p1a: Breloom|Breloom, L83, M|100/100\n|switch|p2a: Reuniclus|Reuniclus, L88, M|337/337\n|turn|1\n|inactive|Battle timer is ON: inactive players will automatically lose when time's up. (requested by p0y2008f353)\n|\n|t:|1783562514\n|move|p1a: Breloom|Spore|p2a: Reuniclus\n|-status|p2a: Reuniclus|slp|[from] move: Spore\n|cant|p2a: Reuniclus|slp\n|\n|upkeep\n|turn|2\n|inactive|Time left: 300 sec this turn | 300 sec total\n|inactive|p0x2008f838 also wants the timer to be on.\n|\n|t:|1783562515\n|move|p1a: Breloom|Bullet Seed|p2a: Reuniclus\n|-damage|p2a: Reuniclus|273/337 slp\n|-damage|p2a: Reuniclus|205/337 slp\n|-damage|p2a: Reuniclus|137/337 slp\n|-hitcount|p2a: Reuniclus|3\n|-damage|p1a: Breloom|91/100|[from] item: Life Orb\n|cant|p2a: Reuniclus|slp\n|\n|upkeep\n|turn|3\n|inactive|Time left: 300 sec this turn | 300 sec total\n|\n|t:|1783562516\n|move|p1a: Breloom|Bullet Seed|p2a: Reuniclus\n|-damage|p2a: Reuniclus|73/337 slp\n|-damage|p2a: Reuniclus|2/337 slp\n|-damage|p2a: Reuniclus|0 fnt\n|faint|p2a: Reuniclus\n|-hitcount|p2: Reuniclus|3\n|-damage|p1a: Breloom|81/100|[from] item: Life Orb\n|\n|upkeep\n|inactive|Time left: 300 sec this turn | 300 sec total | 5 sec grace\n|\n|t:|1783562517\n|switch|p2a: Enamorus|Enamorus, L79, F|247/247\n|turn|4\n|inactive|Time left: 300 sec this turn | 300 sec total\n|\n|t:|1783562518\n|switch|p1a: Weezing|Weezing-Galar, L86, M|100/100\n|move|p2a: Enamorus|Superpower|p1a: Weezing\n|-resisted|p1a: Weezing\n|-damage|p1a: Weezing|94/100\n|-boost|p2a: Enamorus|atk|1\n|-boost|p2a: Enamorus|def|1\n|\n|-heal|p1a: Weezing|99/100|[from] item: Leftovers\n|upkeep\n|turn|5\n|inactive|Time left: 300 sec this turn | 300 sec total\n|\n|t:|1783562519\n|move|p2a: Enamorus|Superpower|p1a: Weezing\n|-resisted|p1a: Weezing\n|-damage|p1a: Weezing|90/100\n|-boost|p2a: Enamorus|atk|1\n|-boost|p2a: Enamorus|def|1\n|move|p1a: Weezing|Strange Steam|p2a: Enamorus\n|-damage|p2a: Enamorus|148/247\n|\n|-heal|p2a: Enamorus|163/247|[from] item: Leftovers\n|-heal|p1a: Weezing|96/100|[from] item: Leftovers\n|upkeep\n|turn|6\n|inactive|Time left: 300 sec this turn | 300 sec total\n|\n|t:|1783562520\n|move|p2a: Enamorus|Superpower|p1a: Weezing\n|-resisted|p1a: Weezing\n|-damage|p1a: Weezing|84/100\n|-boost|p2a: Enamorus|atk|1\n|-boost|p2a: Enamorus|def|1\n|move|p1a: Weezing|Gunk Shot|p2a: Enamorus\n|-supereffective|p2a: Enamorus\n|-damage|p2a: Enamorus|43/247\n|\n|-heal|p2a: Enamorus|58/247|[from] item: Leftovers\n|-heal|p1a: Weezing|90/100|[from] item: Leftovers\n|upkeep\n|turn|7\n|inactive|Time left: 300 sec this turn | 300 sec total\n|\n|t:|1783562521\n|move|p2a: Enamorus|Superpower|p1a: Weezing\n|-resisted|p1a: Weezing\n|-damage|p1a: Weezing|75/100\n|-boost|p2a: Enamorus|atk|1\n|-boost|p2a: Enamorus|def|1\n|move|p1a: Weezing|Strange Steam|p2a: Enamorus\n|-damage|p2a: Enamorus|0 fnt\n|faint|p2a: Enamorus\n|\n|-heal|p1a: Weezing|81/100|[from] item: Leftovers\n|upkeep\n|inactive|Time left: 300 sec this turn | 300 sec total | 5 sec grace\n|\n|t:|1783562522\n|switch|p2a: Torkoal|Torkoal, L88, F|266/266\n|-weather|SunnyDay|[from] ability: Drought|[of] p2a: Torkoal\n|turn|8\n|inactive|Time left: 300 sec this turn | 300 sec total\n|\n|t:|1783562523\n|switch|p1a: Chi-Yu|Chi-Yu, L77|100/100\n|-ability|p1a: Chi-Yu|Beads of Ruin\n|move|p2a: Torkoal|Lava Plume|p1a: Chi-Yu\n|-resisted|p1a: Chi-Yu\n|-damage|p1a: Chi-Yu|75/100\n|\n|-weather|SunnyDay|[upkeep]\n|upkeep\n|turn|9\n|inactive|Time left: 300 sec this turn | 300 sec total\n|\n|t:|1783562524\n|switch|p2a: Probopass|Probopass, L91, M|257/257\n|move|p1a: Chi-Yu|Dark Pulse|p2a: Probopass\n|-damage|p2a: Probopass|148/257\n|\n|-weather|SunnyDay|[upkeep]\n|upkeep\n|turn|10\n|inactive|Time left: 300 sec this turn | 300 sec total\n|\n|t:|1783562525\n|move|p1a: Chi-Yu|Dark Pulse|p2a: Probopass\n|-damage|p2a: Probopass|27/257\n|move|p2a: Probopass|Body Press|p1a: Chi-Yu\n|-supereffective|p1a: Chi-Yu\n|-damage|p1a: Chi-Yu|0 fnt\n|faint|p1a: Chi-Yu\n|\n|-weather|SunnyDay|[upkeep]\n|upkeep\n|\n|t:|1783562526\n|switch|p1a: Rayquaza|Rayquaza, L72|100/100\n|-ability|p1a: Rayquaza|Air Lock\n|turn|11\n|inactive|Time left: 300 sec this turn | 300 sec total\n|\n|t:|1783562527\n|move|p1a: Rayquaza|Earthquake|p2a: Probopass\n|-supereffective|p2a: Probopass\n|-damage|p2a: Probopass|0 fnt\n|faint|p2a: Probopass\n|\n|-weather|SunnyDay|[upkeep]\n|upkeep\n|inactive|Time left: 300 sec this turn | 300 sec total | 5 sec grace\n|\n|t:|1783562528\n|switch|p2a: Noctowl|Noctowl, L95, M|344/344\n|turn|12\n|inactive|Time left: 300 sec this turn | 300 sec total\n|\n|t:|1783562530\n|move|p2a: Noctowl|Hurricane|p1a: Rayquaza\n|-damage|p1a: Rayquaza|47/100\n|move|p1a: Rayquaza|Outrage|p2a: Noctowl\n|-damage|p2a: Noctowl|175/344\n|\n|-weather|none\n|upkeep\n|turn|13\n|inactive|Time left: 300 sec this turn | 300 sec total\n|\n|t:|1783562531\n|move|p2a: Noctowl|Hurricane|p1a: Rayquaza\n|-damage|p1a: Rayquaza|0 fnt\n|faint|p1a: Rayquaza\n|\n|upkeep\n|\n|t:|1783562532\n|switch|p1a: Electivire|Electivire, L84, F|100/100\n|turn|14\n|inactive|Time left: 300 sec this turn | 300 sec total\n|\n|t:|1783562533\n|switch|p2a: Torkoal|Torkoal, L88, F|266/266\n|-weather|SunnyDay|[from] ability: Drought|[of] p2a: Torkoal\n|move|p1a: Electivire|Supercell Slam|p2a: Torkoal\n|-damage|p2a: Torkoal|165/266\n|-damage|p1a: Electivire|91/100|[from] item: Life Orb\n|\n|-weather|SunnyDay|[upkeep]\n|upkeep\n|turn|15\n|inactive|Time left: 300 sec this turn | 300 sec total\n|\n|t:|1783562534\n|move|p1a: Electivire|Earthquake|p2a: Torkoal\n|-supereffective|p2a: Torkoal\n|-damage|p2a: Torkoal|22/266\n|-damage|p1a: Electivire|81/100|[from] item: Life Orb\n|move|p2a: Torkoal|Lava Plume|p1a: Electivire\n|-damage|p1a: Electivire|32/100\n|\n|-weather|SunnyDay|[upkeep]\n|upkeep\n|turn|16\n|inactive|Time left: 300 sec this turn | 300 sec total\n|\n|t:|1783562535\n|move|p1a: Electivire|Earthquake|p2a: Torkoal\n|-supereffective|p2a: Torkoal\n|-damage|p2a: Torkoal|0 fnt\n|faint|p2a: Torkoal\n|-damage|p1a: Electivire|23/100|[from] item: Life Orb\n|\n|-weather|SunnyDay|[upkeep]\n|upkeep\n|inactive|Time left: 300 sec this turn | 300 sec total | 5 sec grace\n|\n|t:|1783562536\n|switch|p2a: Palkia|Palkia-Origin, L72|249/249\n|-ability|p2a: Palkia|Pressure\n|turn|17\n|inactive|Time left: 300 sec this turn | 300 sec total\n|\n|t:|1783562537\n|switch|p1a: Weezing|Weezing-Galar, L86, M|81/100\n|move|p2a: Palkia|Fire Blast|p1a: Weezing\n|-damage|p1a: Weezing|27/100\n|\n|-weather|SunnyDay|[upkeep]\n|-heal|p1a: Weezing|33/100|[from] item: Leftovers\n|upkeep\n|turn|18\n|inactive|Time left: 300 sec this turn | 300 sec total\n|\n|t:|1783562538\n|move|p2a: Palkia|Fire Blast|p1a: Weezing\n|-damage|p1a: Weezing|0 fnt\n|faint|p1a: Weezing\n|\n|-weather|none\n|upkeep\n|\n|t:|1783562539\n|switch|p1a: Ursaluna|Ursaluna-Bloodmoon, L79, M|100/100\n|turn|19\n|inactive|Time left: 300 sec this turn | 300 sec total\n|\n|t:|1783562540\n|-terastallize|p1a: Ursaluna|Ghost\n|move|p2a: Palkia|Hydro Pump|p1a: Ursaluna\n|-damage|p1a: Ursaluna|35/100\n|move|p1a: Ursaluna|Blood Moon|p2a: Palkia\n|-damage|p2a: Palkia|89/249\n|\n|-heal|p1a: Ursaluna|41/100|[from] item: Leftovers\n|upkeep\n|turn|20\n|inactive|Time left: 300 sec this turn | 300 sec total\n|\n|t:|1783562541\n|move|p2a: Palkia|Hydro Pump|p1a: Ursaluna\n|-damage|p1a: Ursaluna|0 fnt\n|faint|p1a: Ursaluna\n|\n|upkeep\n|\n|t:|1783562542\n|switch|p1a: Breloom|Breloom, L83, M|81/100\n|turn|21\n|inactive|Time left: 300 sec this turn | 300 sec total\n|\n|t:|1783562542\n|switch|p2a: Noctowl|Noctowl, L95, M|175/344\n|move|p1a: Breloom|Mach Punch|p2a: Noctowl\n|-damage|p2a: Noctowl|27/344\n|-damage|p1a: Breloom|71/100|[from] item: Life Orb\n|\n|upkeep\n|turn|22\n|inactive|Time left: 300 sec this turn | 300 sec total\n|\n|t:|1783562543\n|move|p1a: Breloom|Mach Punch|p2a: Noctowl\n|-crit|p2a: Noctowl\n|-damage|p2a: Noctowl|0 fnt\n|faint|p2a: Noctowl\n|-damage|p1a: Breloom|61/100|[from] item: Life Orb\n|\n|upkeep\n|inactive|Time left: 300 sec this turn | 300 sec total | 5 sec grace\n|\n|t:|1783562544\n|switch|p2a: Palkia|Palkia-Origin, L72|89/249\n|-ability|p2a: Palkia|Pressure\n|turn|23\n|inactive|Time left: 300 sec this turn | 300 sec total\n|\n|t:|1783562545\n|move|p1a: Breloom|Mach Punch|p2a: Palkia\n|-damage|p2a: Palkia|0 fnt\n|faint|p2a: Palkia\n|-damage|p1a: Breloom|52/100|[from] item: Life Orb\n|\n|win|p0x2008f838", "uploadtime": 1783562545, "views": 0, "rating": 0, "private": 0, "password": null, "_winner": "p0x2008f838", "_our_name": "p0y2008f353"}