{"id": "battle-gen9randombattle-1591", "formatid": "gen9randombattle", "format": "[Gen 9] Random Battle", "players": ["p0x15917e2c", "p0y15918e70"], "log": "|init|battle\n|title|p0x15917e2c vs. p0y15918e70\n|j|\u2606p0x15917e2c\n|j|\u2606p0y15918e70\n|t:|1783557622\n|gametype|singles\n|player|p1|p0x15917e2c|101|\n|player|p2|p0y15918e70|101|\n|gen|9\n|tier|[Gen 9] Random Battle\n|rule|Species Clause: Limit one of each Pok\u00e9mon\n|rule|HP Percentage Mod: HP is shown in percentages\n|rule|Sleep Clause Mod: Limit one foe put to sleep\n|rule|Illusion Level Mod: Illusion disguises the Pok\u00e9mon's true level\n|\n|t:|1783557622\n|teamsize|p1|6\n|teamsize|p2|6\n|start\n|switch|p1a: Sandy Shocks|Sandy Shocks, L80|100/100\n|switch|p2a: Rhydon|Rhydon, L85, M|317/317\n|turn|1\n|inactive|Battle timer is ON: inactive players will automatically lose when time's up. (requested by p0y15918e70)\n|inactive|p0x15917e2c also wants the timer to be on.\n|\n|t:|1783557624\n|move|p1a: Sandy Shocks|Earth Power|p2a: Rhydon\n|-supereffective|p2a: Rhydon\n|-damage|p2a: Rhydon|93/317\n|move|p2a: Rhydon|Earthquake|p1a: Sandy Shocks\n|-supereffective|p1a: Sandy Shocks\n|-crit|p1a: Sandy Shocks\n|-damage|p1a: Sandy Shocks|0 fnt\n|faint|p1a: Sandy Shocks\n|-end|p1a: Sandy Shocks|Protosynthesis|[silent]\n|\n|upkeep\n|\n|t:|1783557625\n|switch|p1a: Glastrier|Glastrier, L86|100/100\n|turn|2\n|inactive|Time left: 300 sec this turn | 300 sec total\n|\n|t:|1783557626\n|switch|p2a: Milotic|Milotic, L83, F|293/293\n|move|p1a: Glastrier|Icicle Crash|p2a: Milotic\n|-resisted|p2a: Milotic\n|-damage|p2a: Milotic|220/293\n|\n|-heal|p2a: Milotic|238/293|[from] item: Leftovers\n|upkeep\n|turn|3\n|inactive|Time left: 300 sec this turn | 300 sec total\n|\n|t:|1783557628\n|move|p2a: Milotic|Scald|p1a: Glastrier\n|-damage|p1a: Glastrier|77/100\n|move|p1a: Glastrier|Swords Dance|p1a: Glastrier\n|-boost|p1a: Glastrier|atk|2\n|\n|-heal|p2a: Milotic|256/293|[from] item: Leftovers\n|upkeep\n|turn|4\n|inactive|Time left: 300 sec this turn | 300 sec total\n|\n|t:|1783557629\n|move|p2a: Milotic|Haze|p2a: Milotic\n|-clearallboost\n|move|p1a: Glastrier|High Horsepower|p2a: Milotic\n|-damage|p2a: Milotic|142/293\n|\n|-heal|p2a: Milotic|160/293|[from] item: Leftovers\n|upkeep\n|turn|5\n|inactive|Time left: 300 sec this turn | 300 sec total\n|\n|t:|1783557630\n|move|p2a: Milotic|Scald|p1a: Glastrier\n|-damage|p1a: Glastrier|55/100\n|move|p1a: Glastrier|Swords Dance|p1a: Glastrier\n|-boost|p1a: Glastrier|atk|2\n|\n|-heal|p2a: Milotic|178/293|[from] item: Leftovers\n|upkeep\n|turn|6\n|inactive|Time left: 300 sec this turn | 300 sec total\n|\n|t:|1783557631\n|move|p2a: Milotic|Scald|p1a: Glastrier\n|-damage|p1a: Glastrier|32/100\n|-status|p1a: Glastrier|brn\n|move|p1a: Glastrier|High Horsepower|p2a: Milotic\n|-damage|p2a: Milotic|75/293\n|\n|-heal|p2a: Milotic|93/293|[from] item: Leftovers\n|-damage|p1a: Glastrier|25/100 brn|[from] brn\n|upkeep\n|turn|7\n|inactive|Time left: 300 sec this turn | 300 sec total\n|\n|t:|1783557632\n|move|p2a: Milotic|Recover|p2a: Milotic\n|-heal|p2a: Milotic|240/293\n|move|p1a: Glastrier|High Horsepower|p2a: Milotic\n|-damage|p2a: Milotic|137/293\n|\n|-heal|p2a: Milotic|155/293|[from] item: Leftovers\n|-damage|p1a: Glastrier|19/100 brn|[from] brn\n|upkeep\n|turn|8\n|inactive|Time left: 300 sec this turn | 300 sec total\n|\n|t:|1783557633\n|move|p2a: Milotic|Scald|p1a: Glastrier\n|-damage|p1a: Glastrier|0 fnt\n|faint|p1a: Glastrier\n|\n|-heal|p2a: Milotic|173/293|[from] item: Leftovers\n|upkeep\n|\n|t:|1783557634\n|switch|p1a: Toxtricity|Toxtricity, L82, M|100/100\n|turn|9\n|inactive|Time left: 300 sec this turn | 300 sec total\n|\n|t:|1783557635\n|move|p2a: Milotic|Recover|p2a: Milotic\n|-heal|p2a: Milotic|293/293\n|move|p1a: Toxtricity|Boomburst|p2a: Milotic\n|-damage|p2a: Milotic|135/293\n|\n|-heal|p2a: Milotic|153/293|[from] item: Leftovers\n|upkeep\n|turn|10\n|inactive|Time left: 300 sec this turn | 300 sec total\n|\n|t:|1783557636\n|move|p2a: Milotic|Recover|p2a: Milotic\n|-heal|p2a: Milotic|293/293\n|move|p1a: Toxtricity|Boomburst|p2a: Milotic\n|-damage|p2a: Milotic|139/293\n|\n|-heal|p2a: Milotic|157/293|[from] item: Leftovers\n|upkeep\n|turn|11\n|inactive|Time left: 300 sec this turn | 300 sec total\n|\n|t:|1783557637\n|move|p2a: Milotic|Recover|p2a: Milotic\n|-heal|p2a: Milotic|293/293\n|move|p1a: Toxtricity|Boomburst|p2a: Milotic\n|-damage|p2a: Milotic|147/293\n|\n|-heal|p2a: Milotic|165/293|[from] item: Leftovers\n|upkeep\n|turn|12\n|inactive|Time left: 300 sec this turn | 300 sec total\n|\n|t:|1783557638\n|move|p2a: Milotic|Recover|p2a: Milotic\n|-heal|p2a: Milotic|293/293\n|move|p1a: Toxtricity|Boomburst|p2a: Milotic\n|-damage|p2a: Milotic|125/293\n|\n|-heal|p2a: Milotic|143/293|[from] item: Leftovers\n|upkeep\n|turn|13\n|inactive|Time left: 300 sec this turn | 300 sec total\n|\n|t:|1783557639\n|move|p2a: Milotic|Scald|p1a: Toxtricity\n|-damage|p1a: Toxtricity|60/100\n|move|p1a: Toxtricity|Boomburst|p2a: Milotic\n|-damage|p2a: Milotic|0 fnt\n|faint|p2a: Milotic\n|\n|upkeep\n|inactive|Time left: 300 sec this turn | 300 sec total | 5 sec grace\n|\n|t:|1783557640\n|switch|p2a: Gumshoos|Gumshoos, L95, F|321/321\n|turn|14\n|inactive|Time left: 300 sec this turn | 300 sec total\n|\n|t:|1783557641\n|-terastallize|p1a: Toxtricity|Normal\n|move|p1a: Toxtricity|Boomburst|p2a: Gumshoos\n|-damage|p2a: Gumshoos|0 fnt\n|faint|p2a: Gumshoos\n|\n|upkeep\n|inactive|Time left: 300 sec this turn | 300 sec total | 5 sec grace\n|\n|t:|1783557642\n|switch|p2a: Salazzle|Salazzle, L83, F|249/249\n|turn|15\n|inactive|Time left: 300 sec this turn | 300 sec total\n|\n|t:|1783557643\n|move|p2a: Salazzle|Fire Blast|p1a: Toxtricity\n|-damage|p1a: Toxtricity|4/100\n|move|p1a: Toxtricity|Boomburst|p2a: Salazzle\n|-damage|p2a: Salazzle|0 fnt\n|faint|p2a: Salazzle\n|\n|upkeep\n|inactive|Time left: 300 sec this turn | 300 sec total | 5 sec grace\n|\n|t:|1783557644\n|switch|p2a: Pachirisu|Pachirisu, L96, M|271/271\n|turn|16\n|inactive|Time left: 300 sec this turn | 300 sec total\n|\n|t:|1783557645\n|switch|p1a: Cryogonal|Cryogonal, L89|100/100\n|move|p2a: Pachirisu|Nuzzle|p1a: Cryogonal\n|-damage|p1a: Cryogonal|92/100\n|-status|p1a: Cryogonal|par\n|\n|upkeep\n|turn|17\n|inactive|Time left: 300 sec this turn | 300 sec total\n|\n|t:|1783557646\n|move|p2a: Pachirisu|Super Fang|p1a: Cryogonal|[miss]\n|-miss|p2a: Pachirisu|p1a: Cryogonal\n|move|p1a: Cryogonal|Ice Beam|p2a: Pachirisu\n|-damage|p2a: Pachirisu|213/271\n|\n|upkeep\n|turn|18\n|inactive|Time left: 300 sec this turn | 300 sec total\n|\n|t:|1783557648\n|move|p2a: Pachirisu|Super Fang|p1a: Cryogonal\n|-damage|p1a: Cryogonal|46/100 par\n|cant|p1a: Cryogonal|par\n|\n|upkeep\n|turn|19\n|inactive|Time left: 300 sec this turn | 300 sec total\n|\n|t:|1783557649\n|move|p2a: Pachirisu|Super Fang|p1a: Cryogonal\n|-damage|p1a: Cryogonal|23/100 par\n|move|p1a: Cryogonal|Ice Beam|p2a: Pachirisu\n|-damage|p2a: Pachirisu|150/271\n|\n|upkeep\n|turn|20\n|inactive|Time left: 300 sec this turn | 300 sec total\n|\n|t:|1783557650\n|move|p2a: Pachirisu|U-turn|p1a: Cryogonal\n|-damage|p1a: Cryogonal|5/100 par\n|inactive|Time left: 300 sec this turn | 300 sec total | 5 sec grace\n|\n|t:|1783557651\n|switch|p2a: Arceus|Arceus-Ground, L70|284/284|[from] U-turn\n|move|p1a: Cryogonal|Recover|p1a: Cryogonal\n|-heal|p1a: Cryogonal|56/100 par\n|\n|upkeep\n|turn|21\n|inactive|Time left: 300 sec this turn | 300 sec total\n|\n|t:|1783557651\n|move|p2a: Arceus|Dragon Dance|p2a: Arceus\n|-boost|p2a: Arceus|atk|1\n|-boost|p2a: Arceus|spe|1\n|move|p1a: Cryogonal|Ice Beam|p2a: Arceus\n|-supereffective|p2a: Arceus\n|-damage|p2a: Arceus|78/284\n|\n|upkeep\n|turn|22\n|inactive|Time left: 300 sec this turn | 300 sec total\n|\n|t:|1783557652\n|move|p2a: Arceus|Stone Edge|p1a: Cryogonal\n|-supereffective|p1a: Cryogonal\n|-damage|p1a: Cryogonal|0 fnt\n|faint|p1a: Cryogonal\n|\n|upkeep\n|\n|t:|1783557653\n|switch|p1a: Ogerpon|Ogerpon-Wellspring, L76, F|100/100\n|turn|23\n|inactive|Time left: 300 sec this turn | 300 sec total\n|\n|t:|1783557655\n|-terastallize|p2a: Arceus|Steel\n|move|p2a: Arceus|Recover|p2a: Arceus\n|-heal|p2a: Arceus|220/284\n|move|p1a: Ogerpon|Ivy Cudgel|p2a: Arceus|[anim] Ivy Cudgel Water\n|-damage|p2a: Arceus|106/284\n|\n|upkeep\n|turn|24\n|inactive|Time left: 300 sec this turn | 300 sec total\n|\n|t:|1783557656\n|move|p2a: Arceus|Recover|p2a: Arceus\n|-heal|p2a: Arceus|248/284\n|move|p1a: Ogerpon|Ivy Cudgel|p2a: Arceus|[anim] Ivy Cudgel Water\n|-crit|p2a: Arceus\n|-damage|p2a: Arceus|74/284\n|\n|upkeep\n|turn|25\n|inactive|Time left: 300 sec this turn | 300 sec total\n|\n|t:|1783557657\n|move|p2a: Arceus|Recover|p2a: Arceus\n|-heal|p2a: Arceus|216/284\n|move|p1a: Ogerpon|Ivy Cudgel|p2a: Arceus|[anim] Ivy Cudgel Water\n|-damage|p2a: Arceus|95/284\n|\n|upkeep\n|turn|26\n|inactive|Time left: 300 sec this turn | 300 sec total\n|\n|t:|1783557658\n|move|p2a: Arceus|Recover|p2a: Arceus\n|-heal|p2a: Arceus|237/284\n|move|p1a: Ogerpon|Ivy Cudgel|p2a: Arceus|[anim] Ivy Cudgel Water\n|-damage|p2a: Arceus|110/284\n|\n|upkeep\n|turn|27\n|inactive|Time left: 300 sec this turn | 300 sec total\n|\n|t:|1783557659\n|move|p2a: Arceus|Recover|p2a: Arceus\n|-heal|p2a: Arceus|252/284\n|move|p1a: Ogerpon|Ivy Cudgel|p2a: Arceus|[anim] Ivy Cudgel Water\n|-damage|p2a: Arceus|125/284\n|\n|upkeep\n|turn|28\n|inactive|Time left: 300 sec this turn | 300 sec total\n|\n|t:|1783557661\n|move|p2a: Arceus|Recover|p2a: Arceus\n|-heal|p2a: Arceus|267/284\n|move|p1a: Ogerpon|Ivy Cudgel|p2a: Arceus|[anim] Ivy Cudgel Water\n|-damage|p2a: Arceus|152/284\n|\n|upkeep\n|turn|29\n|inactive|Time left: 300 sec this turn | 300 sec total\n|\n|t:|1783557662\n|move|p2a: Arceus|Recover|p2a: Arceus\n|-heal|p2a: Arceus|284/284\n|move|p1a: Ogerpon|Ivy Cudgel|p2a: Arceus|[anim] Ivy Cudgel Water\n|-damage|p2a: Arceus|163/284\n|\n|upkeep\n|turn|30\n|inactive|Time left: 300 sec this turn | 300 sec total\n|\n|t:|1783557663\n|move|p2a: Arceus|Stone Edge|p1a: Ogerpon|[miss]\n|-miss|p2a: Arceus|p1a: Ogerpon\n|move|p1a: Ogerpon|Ivy Cudgel|p2a: Arceus|[anim] Ivy Cudgel Water\n|-damage|p2a: Arceus|51/284\n|\n|upkeep\n|turn|31\n|inactive|Time left: 300 sec this turn | 300 sec total\n|\n|t:|1783557663\n|move|p2a: Arceus|Recover|p2a: Arceus\n|-heal|p2a: Arceus|193/284\n|move|p1a: Ogerpon|Ivy Cudgel|p2a: Arceus|[anim] Ivy Cudgel Water\n|-damage|p2a: Arceus|75/284\n|\n|upkeep\n|turn|32\n|inactive|Time left: 300 sec this turn | 300 sec total\n|\n|t:|1783557664\n|move|p2a: Arceus|Stone Edge|p1a: Ogerpon\n|-damage|p1a: Ogerpon|59/100\n|move|p1a: Ogerpon|Ivy Cudgel|p2a: Arceus|[anim] Ivy Cudgel Water\n|-damage|p2a: Arceus|0 fnt\n|faint|p2a: Arceus\n|\n|upkeep\n|inactive|Time left: 300 sec this turn | 300 sec total | 5 sec grace\n|\n|t:|1783557665\n|switch|p2a: Pachirisu|Pachirisu, L96, M|150/271\n|turn|33\n|inactive|Time left: 300 sec this turn | 300 sec total\n|\n|t:|1783557666\n|move|p2a: Pachirisu|Nuzzle|p1a: Ogerpon\n|-damage|p1a: Ogerpon|52/100\n|-status|p1a: Ogerpon|par\n|move|p1a: Ogerpon|Synthesis|p1a: Ogerpon\n|-heal|p1a: Ogerpon|100/100 par\n|\n|upkeep\n|turn|34\n|inactive|Time left: 300 sec this turn | 300 sec total\n|\n|t:|1783557667\n|move|p2a: Pachirisu|Super Fang|p1a: Ogerpon\n|-damage|p1a: Ogerpon|51/100 par\n|move|p1a: Ogerpon|Wood Hammer|p2a: Pachirisu\n|-damage|p2a: Pachirisu|5/271\n|-damage|p1a: Ogerpon|31/100 par|[from] Recoil\n|\n|upkeep\n|turn|35\n|inactive|Time left: 300 sec this turn | 300 sec total\n|\n|t:|1783557668\n|move|p2a: Pachirisu|Thunderbolt|p1a: Ogerpon\n|-damage|p1a: Ogerpon|0 fnt\n|faint|p1a: Ogerpon\n|\n|upkeep\n|\n|t:|1783557669\n|switch|p1a: Magmortar|Magmortar, L88, F|100/100\n|turn|36\n|inactive|Time left: 300 sec this turn | 300 sec total\n|\n|t:|1783557670\n|move|p2a: Pachirisu|Nuzzle|p1a: Magmortar\n|-crit|p1a: Magmortar\n|-damage|p1a: Magmortar|90/100\n|-status|p1a: Magmortar|par\n|move|p1a: Magmortar|Knock Off|p2a: Pachirisu\n|-damage|p2a: Pachirisu|0 fnt\n|-enditem|p2a: Pachirisu|Assault Vest|[from] move: Knock Off|[of] p1a: Magmortar\n|faint|p2a: Pachirisu\n|\n|upkeep\n|inactive|Time left: 300 sec this turn | 300 sec total | 5 sec grace\n|\n|t:|1783557670\n|switch|p2a: Rhydon|Rhydon, L85, M|93/317\n|turn|37\n|inactive|Time left: 300 sec this turn | 300 sec total\n|\n|t:|1783557671\n|move|p2a: Rhydon|Megahorn|p1a: Magmortar\n|-resisted|p1a: Magmortar\n|-damage|p1a: Magmortar|67/100 par\n|move|p1a: Magmortar|Focus Blast|p2a: Rhydon|[miss]\n|-miss|p1a: Magmortar|p2a: Rhydon\n|\n|upkeep\n|turn|38\n|inactive|Time left: 300 sec this turn | 300 sec total\n|\n|t:|1783557672\n|move|p2a: Rhydon|Megahorn|p1a: Magmortar\n|-resisted|p1a: Magmortar\n|-damage|p1a: Magmortar|44/100 par\n|-status|p2a: Rhydon|brn|[from] ability: Flame Body|[of] p1a: Magmortar\n|move|p1a: Magmortar|Focus Blast|p2a: Rhydon\n|-supereffective|p2a: Rhydon\n|-damage|p2a: Rhydon|0 fnt\n|faint|p2a: Rhydon\n|\n|win|p0x15917e2c", "uploadtime": 1783557672, "views": 0, "rating": 0, "private": 0, "password": null, "_winner": "p0x15917e2c", "_our_name": "p0y15918e70"}