{"id": "battle-gen9randombattle-78", "formatid": "gen9randombattle", "format": "[Gen 9] Random Battle", "players": ["p0x07831c0", "p0y07865b1"], "log": "|init|battle\n|title|p0x07831c0 vs. p0y07865b1\n|j|\u2606p0x07831c0\n|j|\u2606p0y07865b1\n|t:|1783540371\n|gametype|singles\n|player|p1|p0x07831c0|2|\n|player|p2|p0y07865b1|265|\n|gen|9\n|tier|[Gen 9] Random Battle\n|rule|Species Clause: Limit one of each Pok\u00e9mon\n|rule|HP Percentage Mod: HP is shown in percentages\n|rule|Sleep Clause Mod: Limit one foe put to sleep\n|rule|Illusion Level Mod: Illusion disguises the Pok\u00e9mon's true level\n|\n|t:|1783540371\n|teamsize|p1|6\n|teamsize|p2|6\n|start\n|switch|p1a: Kyurem|Kyurem, L77|319/319\n|switch|p2a: Palossand|Palossand, L89, F|100/100\n|-ability|p1a: Kyurem|Pressure\n|turn|1\n|inactive|Battle timer is ON: inactive players will automatically lose when time's up. (requested by p0y07865b1)\n|inactive|Time left: 300 sec this turn | 300 sec total | 60 sec grace\n|inactive|p0x07831c0 also wants the timer to be on.\n|\n|t:|1783540373\n|move|p1a: Kyurem|Ice Beam|p2a: Palossand\n|-supereffective|p2a: Palossand\n|-damage|p2a: Palossand|0 fnt\n|faint|p2a: Palossand\n|\n|upkeep\n|\n|t:|1783540374\n|switch|p2a: Mabosstiff|Mabosstiff, L86, M|100/100\n|turn|2\n|inactive|Time left: 300 sec this turn | 300 sec total\n|\n|t:|1783540375\n|move|p2a: Mabosstiff|Crunch|p1a: Kyurem\n|-damage|p1a: Kyurem|147/319\n|move|p1a: Kyurem|Ice Beam|p2a: Mabosstiff\n|-damage|p2a: Mabosstiff|35/100\n|\n|upkeep\n|turn|3\n|inactive|Time left: 300 sec this turn | 300 sec total\n|\n|t:|1783540376\n|move|p2a: Mabosstiff|Crunch|p1a: Kyurem\n|-damage|p1a: Kyurem|0 fnt\n|faint|p1a: Kyurem\n|\n|upkeep\n|inactive|Time left: 300 sec this turn | 300 sec total | 5 sec grace\n|\n|t:|1783540377\n|switch|p1a: Charizard|Charizard, L85, M|271/271\n|turn|4\n|inactive|Time left: 300 sec this turn | 300 sec total\n|\n|t:|1783540378\n|move|p1a: Charizard|Flamethrower|p2a: Mabosstiff\n|-damage|p2a: Mabosstiff|0 fnt\n|faint|p2a: Mabosstiff\n|\n|upkeep\n|\n|t:|1783540380\n|switch|p2a: Jolteon|Jolteon, L84, F|100/100\n|turn|5\n|inactive|Time left: 300 sec this turn | 300 sec total\n|\n|t:|1783540381\n|switch|p1a: Greedent|Greedent, L86, F|347/347\n|move|p2a: Jolteon|Thunderbolt|p1a: Greedent\n|-damage|p1a: Greedent|191/347\n|-damage|p2a: Jolteon|91/100|[from] item: Life Orb\n|\n|upkeep\n|turn|6\n|inactive|Time left: 300 sec this turn | 300 sec total\n|\n|t:|1783540383\n|move|p2a: Jolteon|Thunderbolt|p1a: Greedent\n|-damage|p1a: Greedent|45/347\n|-enditem|p1a: Greedent|Sitrus Berry|[eat]\n|-heal|p1a: Greedent|131/347|[from] item: Sitrus Berry\n|-heal|p1a: Greedent|246/347|[from] ability: Cheek Pouch\n|-damage|p2a: Jolteon|81/100|[from] item: Life Orb\n|move|p1a: Greedent|Swords Dance|p1a: Greedent\n|-boost|p1a: Greedent|atk|2\n|\n|upkeep\n|turn|7\n|inactive|Time left: 300 sec this turn | 300 sec total\n|\n|t:|1783540384\n|switch|p2a: Clefable|Clefable, L83, F|100/100\n|move|p1a: Greedent|Body Slam|p2a: Clefable\n|-damage|p2a: Clefable|66/100\n|\n|-heal|p2a: Clefable|72/100|[from] item: Leftovers\n|upkeep\n|turn|8\n|inactive|Time left: 300 sec this turn | 300 sec total\n|\n|t:|1783540385\n|move|p2a: Clefable|Moonblast|p1a: Greedent\n|-damage|p1a: Greedent|138/347\n|move|p1a: Greedent|Body Slam|p2a: Clefable\n|-damage|p2a: Clefable|38/100\n|\n|-heal|p2a: Clefable|44/100|[from] item: Leftovers\n|upkeep\n|turn|9\n|inactive|Time left: 300 sec this turn | 300 sec total\n|\n|t:|1783540386\n|move|p2a: Clefable|Moonblast|p1a: Greedent\n|-damage|p1a: Greedent|33/347\n|move|p1a: Greedent|Body Slam|p2a: Clefable\n|-damage|p2a: Clefable|5/100\n|\n|-heal|p2a: Clefable|11/100|[from] item: Leftovers\n|upkeep\n|turn|10\n|inactive|Time left: 300 sec this turn | 300 sec total\n|\n|t:|1783540388\n|switch|p1a: Emboar|Emboar, L84, F|322/322\n|move|p2a: Clefable|Moonblast|p1a: Emboar\n|-damage|p1a: Emboar|243/322\n|\n|-heal|p2a: Clefable|17/100|[from] item: Leftovers\n|upkeep\n|turn|11\n|inactive|Time left: 300 sec this turn | 300 sec total\n|\n|t:|1783540389\n|switch|p2a: Donphan|Donphan, L84, F|100/100\n|move|p1a: Emboar|Flare Blitz|p2a: Donphan\n|-damage|p2a: Donphan|53/100\n|-damage|p1a: Emboar|198/322|[from] Recoil\n|\n|-heal|p2a: Donphan|60/100|[from] item: Leftovers\n|upkeep\n|turn|12\n|inactive|Time left: 300 sec this turn | 300 sec total\n|\n|t:|1783540390\n|switch|p1a: Charizard|Charizard, L85, M|271/271\n|move|p2a: Donphan|Earthquake|p1a: Charizard\n|-immune|p1a: Charizard\n|\n|-heal|p2a: Donphan|66/100|[from] item: Leftovers\n|upkeep\n|turn|13\n|inactive|Time left: 300 sec this turn | 300 sec total\n|\n|t:|1783540391\n|move|p1a: Charizard|Flamethrower|p2a: Donphan\n|-damage|p2a: Donphan|15/100\n|move|p2a: Donphan|Knock Off|p1a: Charizard\n|-damage|p1a: Charizard|182/271\n|-enditem|p1a: Charizard|Heavy-Duty Boots|[from] move: Knock Off|[of] p2a: Donphan\n|\n|-heal|p2a: Donphan|22/100|[from] item: Leftovers\n|upkeep\n|turn|14\n|inactive|Time left: 300 sec this turn | 300 sec total\n|\n|t:|1783540392\n|switch|p2a: Jolteon|Jolteon, L84, F|81/100\n|move|p1a: Charizard|Flamethrower|p2a: Jolteon\n|-damage|p2a: Jolteon|42/100\n|\n|upkeep\n|turn|15\n|inactive|Time left: 300 sec this turn | 300 sec total\n|\n|t:|1783540393\n|switch|p1a: Kommo-o|Kommo-o, L77, M|242/242\n|move|p2a: Jolteon|Thunderbolt|p1a: Kommo-o\n|-resisted|p1a: Kommo-o\n|-damage|p1a: Kommo-o|178/242\n|-damage|p2a: Jolteon|32/100|[from] item: Life Orb\n|\n|upkeep\n|turn|16\n|inactive|Time left: 300 sec this turn | 300 sec total\n|\n|t:|1783540395\n|move|p2a: Jolteon|Thunderbolt|p1a: Kommo-o\n|-resisted|p1a: Kommo-o\n|-damage|p1a: Kommo-o|117/242\n|-damage|p2a: Jolteon|22/100|[from] item: Life Orb\n|move|p1a: Kommo-o|Scale Shot|p2a: Jolteon\n|-damage|p2a: Jolteon|9/100\n|-damage|p2a: Jolteon|0 fnt\n|faint|p2a: Jolteon\n|-hitcount|p2: Jolteon|2\n|-unboost|p1a: Kommo-o|def|1\n|-boost|p1a: Kommo-o|spe|1\n|\n|upkeep\n|\n|t:|1783540396\n|switch|p2a: Iron Crown|Iron Crown, L78|100/100\n|turn|17\n|inactive|Time left: 300 sec this turn | 300 sec total\n|\n|t:|1783540397\n|switch|p1a: Charizard|Charizard, L85, M|182/271\n|move|p2a: Iron Crown|Psyshock|p1a: Charizard\n|-damage|p1a: Charizard|94/271\n|\n|upkeep\n|turn|18\n|inactive|Time left: 300 sec this turn | 300 sec total\n|\n|t:|1783540398\n|-terastallize|p1a: Charizard|Fire\n|move|p1a: Charizard|Flamethrower|p2a: Iron Crown\n|-supereffective|p2a: Iron Crown\n|-damage|p2a: Iron Crown|0 fnt\n|faint|p2a: Iron Crown\n|-end|p2a: Iron Crown|Quark Drive|[silent]\n|\n|upkeep\n|\n|t:|1783540399\n|switch|p2a: Donphan|Donphan, L84, F|22/100\n|turn|19\n|inactive|Time left: 300 sec this turn | 300 sec total\n|\n|t:|1783540400\n|move|p1a: Charizard|Flamethrower|p2a: Donphan\n|-damage|p2a: Donphan|0 fnt\n|faint|p2a: Donphan\n|\n|upkeep\n|\n|t:|1783540401\n|switch|p2a: Clefable|Clefable, L83, F|17/100\n|turn|20\n|inactive|Time left: 300 sec this turn | 300 sec total\n|\n|t:|1783540402\n|move|p1a: Charizard|Earthquake|p2a: Clefable\n|-damage|p2a: Clefable|0 fnt\n|faint|p2a: Clefable\n|\n|win|p0x07831c0", "uploadtime": 1783540402, "views": 0, "rating": 0, "private": 0, "password": null, "_winner": "p0x07831c0", "_our_name": "p0x07831c0"}