{"id": "battle-gen9randombattle-1754", "formatid": "gen9randombattle", "format": "[Gen 9] Random Battle", "players": ["p0x17542325", "p0y1754ebd5"], "log": "|init|battle\n|title|p0x17542325 vs. p0y1754ebd5\n|j|\u2606p0x17542325\n|j|\u2606p0y1754ebd5\n|t:|1783560261\n|gametype|singles\n|player|p1|p0x17542325|101|\n|player|p2|p0y1754ebd5|170|\n|gen|9\n|tier|[Gen 9] Random Battle\n|rule|Species Clause: Limit one of each Pok\u00e9mon\n|rule|HP Percentage Mod: HP is shown in percentages\n|rule|Sleep Clause Mod: Limit one foe put to sleep\n|rule|Illusion Level Mod: Illusion disguises the Pok\u00e9mon's true level\n|\n|t:|1783560261\n|teamsize|p1|6\n|teamsize|p2|6\n|start\n|switch|p1a: Garganacl|Garganacl, L80, M|291/291\n|switch|p2a: Leafeon|Leafeon, L88, F|100/100\n|turn|1\n|inactive|Battle timer is ON: inactive players will automatically lose when time's up. (requested by p0y1754ebd5)\n|inactive|Time left: 300 sec this turn | 300 sec total | 60 sec grace\n|inactive|p0x17542325 also wants the timer to be on.\n|\n|t:|1783560263\n|switch|p1a: Mightyena|Mightyena, L96, F|290/290\n|-ability|p1a: Mightyena|Intimidate|boost\n|-unboost|p2a: Leafeon|atk|1\n|move|p2a: Leafeon|Swords Dance|p2a: Leafeon\n|-boost|p2a: Leafeon|atk|2\n|\n|upkeep\n|turn|2\n|inactive|Time left: 300 sec this turn | 300 sec total\n|\n|t:|1783560264\n|move|p2a: Leafeon|Leaf Blade|p1a: Mightyena\n|-damage|p1a: Mightyena|44/290\n|-damage|p2a: Leafeon|91/100|[from] item: Life Orb\n|move|p1a: Mightyena|Crunch|p2a: Leafeon\n|-damage|p2a: Leafeon|61/100\n|-unboost|p2a: Leafeon|def|1\n|\n|-heal|p1a: Mightyena|62/290|[from] item: Leftovers\n|upkeep\n|turn|3\n|inactive|Time left: 300 sec this turn | 300 sec total\n|\n|t:|1783560265\n|move|p1a: Mightyena|Sucker Punch|p2a: Leafeon\n|-damage|p2a: Leafeon|20/100\n|move|p2a: Leafeon|Leaf Blade|p1a: Mightyena\n|-damage|p1a: Mightyena|0 fnt\n|faint|p1a: Mightyena\n|-damage|p2a: Leafeon|10/100|[from] item: Life Orb\n|\n|upkeep\n|inactive|Time left: 300 sec this turn | 300 sec total | 5 sec grace\n|\n|t:|1783560266\n|switch|p1a: Raichu|Raichu-Alola, L87, F|246/246\n|turn|4\n|inactive|Time left: 300 sec this turn | 300 sec total\n|\n|t:|1783560267\n|switch|p2a: Lunala|Lunala, L70|100/100\n|move|p1a: Raichu|Thunderbolt|p2a: Lunala\n|-damage|p2a: Lunala|75/100\n|\n|-heal|p2a: Lunala|82/100|[from] item: Leftovers\n|upkeep\n|turn|5\n|inactive|Time left: 300 sec this turn | 300 sec total\n|\n|t:|1783560268\n|move|p1a: Raichu|Thunderbolt|p2a: Lunala\n|-damage|p2a: Lunala|34/100\n|move|p2a: Lunala|Moongeist Beam|p1a: Raichu\n|-supereffective|p1a: Raichu\n|-damage|p1a: Raichu|52/246\n|\n|-heal|p2a: Lunala|40/100|[from] item: Leftovers\n|upkeep\n|turn|6\n|inactive|Time left: 300 sec this turn | 300 sec total\n|\n|t:|1783560269\n|switch|p2a: Ogerpon|Ogerpon-Hearthflame, L74, F|100/100\n|-ability|p2a: Ogerpon|Mold Breaker\n|move|p1a: Raichu|Thunderbolt|p2a: Ogerpon\n|-resisted|p2a: Ogerpon\n|-damage|p2a: Ogerpon|67/100\n|\n|upkeep\n|turn|7\n|inactive|Time left: 300 sec this turn | 300 sec total\n|\n|t:|1783560270\n|move|p1a: Raichu|Thunderbolt|p2a: Ogerpon\n|-resisted|p2a: Ogerpon\n|-damage|p2a: Ogerpon|37/100\n|move|p2a: Ogerpon|Horn Leech|p1a: Raichu\n|-damage|p1a: Raichu|0 fnt\n|-heal|p2a: Ogerpon|48/100|[from] drain|[of] p1a: Raichu\n|faint|p1a: Raichu\n|\n|upkeep\n|inactive|Time left: 300 sec this turn | 300 sec total | 5 sec grace\n|\n|t:|1783560271\n|switch|p1a: Drednaw|Drednaw, L81, M|278/278\n|turn|8\n|inactive|Time left: 300 sec this turn | 300 sec total\n|\n|t:|1783560272\n|-terastallize|p1a: Drednaw|Dark\n|move|p2a: Ogerpon|Horn Leech|p1a: Drednaw\n|-damage|p1a: Drednaw|184/278\n|-heal|p2a: Ogerpon|67/100|[from] drain|[of] p1a: Drednaw\n|move|p1a: Drednaw|Shell Smash|p1a: Drednaw\n|-unboost|p1a: Drednaw|def|1\n|-unboost|p1a: Drednaw|spd|1\n|-boost|p1a: Drednaw|atk|2\n|-boost|p1a: Drednaw|spa|2\n|-boost|p1a: Drednaw|spe|2\n|-enditem|p1a: Drednaw|White Herb\n|-clearnegativeboost|p1a: Drednaw|[silent]\n|\n|upkeep\n|turn|9\n|inactive|Time left: 300 sec this turn | 300 sec total\n|\n|t:|1783560273\n|switch|p2a: Leafeon|Leafeon, L88, F|10/100\n|move|p1a: Drednaw|Liquidation|p2a: Leafeon\n|-resisted|p2a: Leafeon\n|-damage|p2a: Leafeon|0 fnt\n|faint|p2a: Leafeon\n|\n|upkeep\n|\n|t:|1783560274\n|switch|p2a: Diancie|Diancie, L82|100/100\n|turn|10\n|inactive|Time left: 300 sec this turn | 300 sec total\n|\n|t:|1783560275\n|-terastallize|p2a: Diancie|Fighting\n|move|p1a: Drednaw|Liquidation|p2a: Diancie\n|-damage|p2a: Diancie|42/100\n|move|p2a: Diancie|Body Press|p1a: Drednaw\n|-supereffective|p1a: Drednaw\n|-damage|p1a: Drednaw|0 fnt\n|faint|p1a: Drednaw\n|\n|-heal|p2a: Diancie|48/100|[from] item: Leftovers\n|upkeep\n|inactive|Time left: 300 sec this turn | 300 sec total | 5 sec grace\n|\n|t:|1783560277\n|switch|p1a: Basculegion|Basculegion-F, L83, F|335/335\n|turn|11\n|inactive|Time left: 300 sec this turn | 300 sec total\n|\n|t:|1783560278\n|switch|p2a: Lunala|Lunala, L70|40/100\n|move|p1a: Basculegion|Shadow Ball|p2a: Lunala\n|-supereffective|p2a: Lunala\n|-damage|p2a: Lunala|0 fnt\n|faint|p2a: Lunala\n|\n|upkeep\n|\n|t:|1783560278\n|switch|p2a: Ogerpon|Ogerpon-Hearthflame, L74, F|67/100\n|-ability|p2a: Ogerpon|Mold Breaker\n|turn|12\n|inactive|Time left: 300 sec this turn | 300 sec total\n|\n|t:|1783560279\n|move|p2a: Ogerpon|Horn Leech|p1a: Basculegion\n|-supereffective|p1a: Basculegion\n|-damage|p1a: Basculegion|107/335\n|-heal|p2a: Ogerpon|100/100|[from] drain|[of] p1a: Basculegion\n|move|p1a: Basculegion|Shadow Ball|p2a: Ogerpon\n|-damage|p2a: Ogerpon|26/100\n|\n|upkeep\n|turn|13\n|inactive|Time left: 300 sec this turn | 300 sec total\n|\n|t:|1783560280\n|switch|p1a: Volbeat|Volbeat, L90, M|263/263\n|move|p2a: Ogerpon|Horn Leech|p1a: Volbeat\n|-resisted|p1a: Volbeat\n|-damage|p1a: Volbeat|219/263\n|-heal|p2a: Ogerpon|35/100|[from] drain|[of] p1a: Volbeat\n|\n|upkeep\n|turn|14\n|inactive|Time left: 300 sec this turn | 300 sec total\n|\n|t:|1783560281\n|move|p1a: Volbeat|Thunder Wave|p2a: Ogerpon\n|-status|p2a: Ogerpon|par\n|move|p2a: Ogerpon|Ivy Cudgel|p1a: Volbeat|[anim] Ivy Cudgel Fire\n|-supereffective|p1a: Volbeat\n|-damage|p1a: Volbeat|0 fnt\n|faint|p1a: Volbeat\n|\n|upkeep\n|inactive|Time left: 300 sec this turn | 300 sec total | 5 sec grace\n|\n|t:|1783560282\n|switch|p1a: Basculegion|Basculegion-F, L83, F|107/335\n|turn|15\n|inactive|Time left: 300 sec this turn | 300 sec total\n|\n|t:|1783560283\n|move|p1a: Basculegion|Shadow Ball|p2a: Ogerpon\n|-damage|p2a: Ogerpon|0 fnt\n|faint|p2a: Ogerpon\n|\n|upkeep\n|\n|t:|1783560284\n|switch|p2a: Mismagius|Mismagius, L86, F|100/100\n|turn|16\n|inactive|Time left: 300 sec this turn | 300 sec total\n|\n|t:|1783560285\n|switch|p1a: Garganacl|Garganacl, L80, M|291/291\n|move|p2a: Mismagius|Thunderbolt|p1a: Garganacl\n|-damage|p1a: Garganacl|181/291\n|\n|-heal|p1a: Garganacl|199/291|[from] item: Leftovers\n|upkeep\n|turn|17\n|inactive|Time left: 300 sec this turn | 300 sec total\n|\n|t:|1783560286\n|move|p2a: Mismagius|Thunderbolt|p1a: Garganacl\n|-crit|p1a: Garganacl\n|-damage|p1a: Garganacl|21/291\n|move|p1a: Garganacl|Recover|p1a: Garganacl\n|-heal|p1a: Garganacl|167/291\n|\n|-heal|p1a: Garganacl|185/291|[from] item: Leftovers\n|upkeep\n|turn|18\n|inactive|Time left: 300 sec this turn | 300 sec total\n|\n|t:|1783560287\n|switch|p2a: Diancie|Diancie, L82, tera:Fighting|48/100\n|move|p1a: Garganacl|Salt Cure|p2a: Diancie\n|-resisted|p2a: Diancie\n|-damage|p2a: Diancie|42/100\n|-start|p2a: Diancie|Salt Cure\n|\n|-heal|p2a: Diancie|48/100|[from] item: Leftovers\n|-heal|p1a: Garganacl|203/291|[from] item: Leftovers\n|-damage|p2a: Diancie|36/100|[from] Salt Cure\n|upkeep\n|turn|19\n|inactive|Time left: 300 sec this turn | 300 sec total\n|\n|t:|1783560288\n|move|p2a: Diancie|Diamond Storm|p1a: Garganacl\n|-damage|p1a: Garganacl|119/291\n|-boost|p2a: Diancie|def|2\n|move|p1a: Garganacl|Recover|p1a: Garganacl\n|-heal|p1a: Garganacl|265/291\n|\n|-heal|p2a: Diancie|42/100|[from] item: Leftovers\n|-heal|p1a: Garganacl|283/291|[from] item: Leftovers\n|-damage|p2a: Diancie|29/100|[from] Salt Cure\n|upkeep\n|turn|20\n|inactive|Time left: 300 sec this turn | 300 sec total\n|\n|t:|1783560289\n|move|p1a: Garganacl|Protect|p1a: Garganacl\n|-singleturn|p1a: Garganacl|Protect\n|move|p2a: Diancie|Diamond Storm|p1a: Garganacl\n|-activate|p1a: Garganacl|move: Protect\n|\n|-heal|p2a: Diancie|35/100|[from] item: Leftovers\n|-heal|p1a: Garganacl|291/291|[from] item: Leftovers\n|-damage|p2a: Diancie|23/100|[from] Salt Cure\n|upkeep\n|turn|21\n|inactive|Time left: 300 sec this turn | 300 sec total\n|\n|t:|1783560290\n|switch|p1a: Basculegion|Basculegion-F, L83, F|107/335\n|move|p2a: Diancie|Diamond Storm|p1a: Basculegion\n|-damage|p1a: Basculegion|0 fnt\n|-boost|p2a: Diancie|def|2\n|faint|p1a: Basculegion\n|\n|-heal|p2a: Diancie|29/100|[from] item: Leftovers\n|-damage|p2a: Diancie|16/100|[from] Salt Cure\n|upkeep\n|inactive|Time left: 300 sec this turn | 300 sec total | 5 sec grace\n|\n|t:|1783560291\n|switch|p1a: Garganacl|Garganacl, L80, M|291/291\n|turn|22\n|inactive|Time left: 300 sec this turn | 300 sec total\n|\n|t:|1783560292\n|move|p1a: Garganacl|Protect|p1a: Garganacl\n|-singleturn|p1a: Garganacl|Protect\n|move|p2a: Diancie|Body Press|p1a: Garganacl\n|-activate|p1a: Garganacl|move: Protect\n|\n|-heal|p2a: Diancie|22/100|[from] item: Leftovers\n|-damage|p2a: Diancie|10/100|[from] Salt Cure\n|upkeep\n|turn|23\n|inactive|Time left: 300 sec this turn | 300 sec total\n|\n|t:|1783560293\n|move|p1a: Garganacl|Protect||[still]\n|-fail|p1a: Garganacl\n|move|p2a: Diancie|Body Press|p1a: Garganacl\n|-supereffective|p1a: Garganacl\n|-damage|p1a: Garganacl|0 fnt\n|faint|p1a: Garganacl\n|\n|win|p0y1754ebd5", "uploadtime": 1783560293, "views": 0, "rating": 0, "private": 0, "password": null, "_winner": "p0y1754ebd5", "_our_name": "p0x17542325"}