{"id": "battle-gen9randombattle-1151", "formatid": "gen9randombattle", "format": "[Gen 9] Random Battle", "players": ["p0x1151d0a0", "p0y1151f748"], "log": "|init|battle\n|title|p0x1151d0a0 vs. p0y1151f748\n|j|\u2606p0x1151d0a0\n|j|\u2606p0y1151f748\n|t:|1783552479\n|gametype|singles\n|player|p1|p0x1151d0a0|265|\n|player|p2|p0y1151f748|170|\n|gen|9\n|tier|[Gen 9] Random Battle\n|rule|Species Clause: Limit one of each Pok\u00e9mon\n|rule|HP Percentage Mod: HP is shown in percentages\n|rule|Sleep Clause Mod: Limit one foe put to sleep\n|rule|Illusion Level Mod: Illusion disguises the Pok\u00e9mon's true level\n|\n|t:|1783552479\n|teamsize|p1|6\n|teamsize|p2|6\n|start\n|switch|p1a: Crawdaunt|Crawdaunt, L84, M|243/243\n|switch|p2a: Scream Tail|Scream Tail, L84|100/100\n|turn|1\n|inactive|Battle timer is ON: inactive players will automatically lose when time's up. (requested by p0y1151f748)\n|inactive|Time left: 300 sec this turn | 300 sec total | 60 sec grace\n|inactive|p0x1151d0a0 also wants the timer to be on.\n|\n|t:|1783552481\n|move|p2a: Scream Tail|Dazzling Gleam|p1a: Crawdaunt\n|-supereffective|p1a: Crawdaunt\n|-damage|p1a: Crawdaunt|75/243\n|move|p1a: Crawdaunt|Dragon Dance|p1a: Crawdaunt\n|-boost|p1a: Crawdaunt|atk|1\n|-boost|p1a: Crawdaunt|spe|1\n|\n|upkeep\n|turn|2\n|inactive|Time left: 300 sec this turn | 300 sec total\n|\n|t:|1783552483\n|switch|p1a: Seviper|Seviper, L93, F|287/287\n|move|p2a: Scream Tail|Dazzling Gleam|p1a: Seviper\n|-resisted|p1a: Seviper\n|-damage|p1a: Seviper|249/287\n|\n|-heal|p1a: Seviper|266/287|[from] item: Leftovers\n|upkeep\n|turn|3\n|inactive|Time left: 300 sec this turn | 300 sec total\n|\n|t:|1783552484\n|move|p2a: Scream Tail|Protect|p2a: Scream Tail\n|-singleturn|p2a: Scream Tail|Protect\n|move|p1a: Seviper|Swords Dance|p1a: Seviper\n|-boost|p1a: Seviper|atk|2\n|\n|-heal|p1a: Seviper|283/287|[from] item: Leftovers\n|upkeep\n|turn|4\n|inactive|Time left: 300 sec this turn | 300 sec total\n|\n|t:|1783552485\n|move|p2a: Scream Tail|Thunder Wave|p1a: Seviper\n|-status|p1a: Seviper|par\n|move|p1a: Seviper|Gunk Shot|p2a: Scream Tail\n|-supereffective|p2a: Scream Tail\n|-damage|p2a: Scream Tail|0 fnt\n|faint|p2a: Scream Tail\n|-end|p2a: Scream Tail|Protosynthesis|[silent]\n|\n|-heal|p1a: Seviper|287/287 par|[from] item: Leftovers\n|upkeep\n|\n|t:|1783552486\n|switch|p2a: Squawkabilly|Squawkabilly-White, L89, M|100/100\n|turn|5\n|inactive|Time left: 300 sec this turn | 300 sec total\n|\n|t:|1783552487\n|-terastallize|p2a: Squawkabilly|Normal\n|move|p2a: Squawkabilly|Double-Edge|p1a: Seviper\n|-damage|p1a: Seviper|0 fnt\n|faint|p1a: Seviper\n|-damage|p2a: Squawkabilly|68/100|[from] Recoil\n|\n|upkeep\n|inactive|Time left: 300 sec this turn | 300 sec total | 5 sec grace\n|\n|t:|1783552488\n|switch|p1a: Wugtrio|Wugtrio, L91, F|212/212\n|turn|6\n|inactive|Time left: 300 sec this turn | 300 sec total\n|\n|t:|1783552489\n|move|p2a: Squawkabilly|Quick Attack|p1a: Wugtrio\n|-damage|p1a: Wugtrio|86/212\n|-ability|p1a: Wugtrio|Gooey\n|-unboost|p2a: Squawkabilly|spe|1\n|move|p1a: Wugtrio|Liquidation|p2a: Squawkabilly\n|-damage|p2a: Squawkabilly|0 fnt\n|faint|p2a: Squawkabilly\n|\n|upkeep\n|\n|t:|1783552490\n|switch|p2a: Barraskewda|Barraskewda, L81, F|100/100\n|turn|7\n|inactive|Time left: 300 sec this turn | 300 sec total\n|\n|t:|1783552492\n|move|p1a: Wugtrio|Liquidation|p2a: Barraskewda\n|-resisted|p2a: Barraskewda\n|-damage|p2a: Barraskewda|50/100\n|move|p2a: Barraskewda|Waterfall|p1a: Wugtrio\n|-resisted|p1a: Wugtrio\n|-damage|p1a: Wugtrio|0 fnt\n|-ability|p1a: Wugtrio|Gooey\n|-unboost|p2a: Barraskewda|spe|1\n|faint|p1a: Wugtrio\n|\n|upkeep\n|inactive|Time left: 300 sec this turn | 300 sec total | 5 sec grace\n|\n|t:|1783552493\n|switch|p1a: Dragonite|Dragonite, L74, F|257/257\n|turn|8\n|inactive|Time left: 300 sec this turn | 300 sec total\n|\n|t:|1783552494\n|move|p2a: Barraskewda|Waterfall|p1a: Dragonite\n|-resisted|p1a: Dragonite\n|-damage|p1a: Dragonite|218/257\n|move|p1a: Dragonite|Dragon Dance|p1a: Dragonite\n|-boost|p1a: Dragonite|atk|1\n|-boost|p1a: Dragonite|spe|1\n|\n|upkeep\n|turn|9\n|inactive|Time left: 300 sec this turn | 300 sec total\n|\n|t:|1783552495\n|switch|p2a: Gholdengo|Gholdengo, L77|100/100\n|move|p1a: Dragonite|Dragon Dance|p1a: Dragonite\n|-boost|p1a: Dragonite|atk|1\n|-boost|p1a: Dragonite|spe|1\n|\n|upkeep\n|turn|10\n|inactive|Time left: 300 sec this turn | 300 sec total\n|\n|t:|1783552496\n|switch|p2a: Phione|Phione, L91|100/100\n|move|p1a: Dragonite|Earthquake|p2a: Phione\n|-damage|p2a: Phione|51/100\n|\n|-heal|p2a: Phione|57/100|[from] item: Leftovers\n|upkeep\n|turn|11\n|inactive|Time left: 300 sec this turn | 300 sec total\n|\n|t:|1783552497\n|move|p1a: Dragonite|Outrage|p2a: Phione\n|-damage|p2a: Phione|0 fnt\n|faint|p2a: Phione\n|\n|upkeep\n|\n|t:|1783552498\n|switch|p2a: Gholdengo|Gholdengo, L77|100/100\n|turn|12\n|inactive|Time left: 300 sec this turn | 300 sec total\n|\n|t:|1783552499\n|move|p1a: Dragonite|Outrage|p2a: Gholdengo|[from] lockedmove\n|-resisted|p2a: Gholdengo\n|-damage|p2a: Gholdengo|54/100\n|move|p2a: Gholdengo|Recover|p2a: Gholdengo\n|-heal|p2a: Gholdengo|100/100\n|\n|upkeep\n|turn|13\n|inactive|Time left: 300 sec this turn | 300 sec total\n|\n|t:|1783552500\n|move|p1a: Dragonite|Outrage|p2a: Gholdengo|[from] lockedmove\n|-resisted|p2a: Gholdengo\n|-damage|p2a: Gholdengo|53/100\n|-start|p1a: Dragonite|confusion|[fatigue]\n|move|p2a: Gholdengo|Shadow Ball|p1a: Dragonite\n|-damage|p1a: Dragonite|128/257\n|-unboost|p1a: Dragonite|spd|1\n|\n|-heal|p2a: Gholdengo|59/100|[from] item: Leftovers\n|upkeep\n|turn|14\n|inactive|Time left: 300 sec this turn | 300 sec total\n|\n|t:|1783552501\n|-activate|p1a: Dragonite|confusion\n|move|p1a: Dragonite|Earthquake|p2a: Gholdengo\n|-supereffective|p2a: Gholdengo\n|-damage|p2a: Gholdengo|0 fnt\n|faint|p2a: Gholdengo\n|\n|upkeep\n|\n|t:|1783552502\n|switch|p2a: Smeargle|Smeargle, L95, F|100/100\n|turn|15\n|inactive|Time left: 300 sec this turn | 300 sec total\n|\n|t:|1783552503\n|-activate|p1a: Dragonite|confusion\n|move|p1a: Dragonite|Outrage|p2a: Smeargle\n|-enditem|p2a: Smeargle|Focus Sash\n|-damage|p2a: Smeargle|1/100\n|move|p2a: Smeargle|Spore|p1a: Dragonite\n|-status|p1a: Dragonite|slp|[from] move: Spore\n|\n|upkeep\n|turn|16\n|inactive|Time left: 300 sec this turn | 300 sec total\n|\n|t:|1783552504\n|cant|p1a: Dragonite|slp\n|move|p2a: Smeargle|Sticky Web|p1a: Dragonite\n|-sidestart|p1: p0x1151d0a0|move: Sticky Web\n|\n|upkeep\n|turn|17\n|inactive|Time left: 300 sec this turn | 300 sec total\n|\n|t:|1783552505\n|-curestatus|p1a: Dragonite|slp|[msg]\n|-end|p1a: Dragonite|confusion\n|move|p1a: Dragonite|Earthquake|p2a: Smeargle\n|-damage|p2a: Smeargle|0 fnt\n|faint|p2a: Smeargle\n|\n|upkeep\n|\n|t:|1783552506\n|switch|p2a: Barraskewda|Barraskewda, L81, F|50/100\n|turn|18\n|inactive|Time left: 300 sec this turn | 300 sec total\n|\n|t:|1783552506\n|move|p1a: Dragonite|Earthquake|p2a: Barraskewda\n|-damage|p2a: Barraskewda|0 fnt\n|faint|p2a: Barraskewda\n|\n|win|p0x1151d0a0", "uploadtime": 1783552506, "views": 0, "rating": 0, "private": 0, "password": null, "_winner": "p0x1151d0a0", "_our_name": "p0x1151d0a0"}