{"id": "battle-gen9randombattle-726", "formatid": "gen9randombattle", "format": "[Gen 9] Random Battle", "players": ["p0x7269582", "p0y7263905"], "log": "|init|battle\n|title|p0x7269582 vs. p0y7263905\n|j|\u2606p0x7269582\n|j|\u2606p0y7263905\n|t:|1783548243\n|gametype|singles\n|player|p1|p0x7269582|1|\n|player|p2|p0y7263905|2|\n|gen|9\n|tier|[Gen 9] Random Battle\n|rule|Species Clause: Limit one of each Pok\u00e9mon\n|rule|HP Percentage Mod: HP is shown in percentages\n|rule|Sleep Clause Mod: Limit one foe put to sleep\n|rule|Illusion Level Mod: Illusion disguises the Pok\u00e9mon's true level\n|\n|t:|1783548243\n|teamsize|p1|6\n|teamsize|p2|6\n|start\n|switch|p1a: Lapras|Lapras, L87, M|368/368\n|switch|p2a: Salazzle|Salazzle, L83, F|100/100\n|turn|1\n|inactive|Battle timer is ON: inactive players will automatically lose when time's up. (requested by p0x7269582)\n|\n|t:|1783548244\n|switch|p2a: Florges|Florges-Yellow, L85, F|100/100\n|move|p1a: Lapras|Sparkling Aria|p2a: Florges\n|-damage|p2a: Florges|80/100\n|\n|-heal|p2a: Florges|86/100|[from] item: Leftovers\n|upkeep\n|turn|2\n|inactive|Time left: 300 sec this turn | 300 sec total\n|inactive|p0y7263905 also wants the timer to be on.\n|\n|t:|1783548245\n|switch|p1a: Fezandipiti|Fezandipiti, L82, M|278/278\n|move|p2a: Florges|Calm Mind|p2a: Florges\n|-boost|p2a: Florges|spa|1\n|-boost|p2a: Florges|spd|1\n|\n|-heal|p2a: Florges|92/100|[from] item: Leftovers\n|upkeep\n|turn|3\n|inactive|Time left: 300 sec this turn | 300 sec total\n|\n|t:|1783548247\n|move|p2a: Florges|Protect|p2a: Florges\n|-singleturn|p2a: Florges|Protect\n|move|p1a: Fezandipiti|Swords Dance|p1a: Fezandipiti\n|-boost|p1a: Fezandipiti|atk|2\n|\n|-heal|p2a: Florges|98/100|[from] item: Leftovers\n|upkeep\n|turn|4\n|inactive|Time left: 300 sec this turn | 300 sec total\n|\n|t:|1783548248\n|switch|p2a: Perrserker|Perrserker, L89, F|100/100\n|move|p1a: Fezandipiti|Gunk Shot|p2a: Perrserker\n|-immune|p2a: Perrserker\n|\n|upkeep\n|turn|5\n|inactive|Time left: 300 sec this turn | 300 sec total\n|\n|t:|1783548249\n|-terastallize|p1a: Fezandipiti|Ground\n|move|p1a: Fezandipiti|Tera Blast|p2a: Perrserker|[anim] Tera Blast Ground\n|-supereffective|p2a: Perrserker\n|-damage|p2a: Perrserker|0 fnt\n|faint|p2a: Perrserker\n|\n|upkeep\n|\n|t:|1783548249\n|switch|p2a: Golurk|Golurk, L87|100/100\n|turn|6\n|inactive|Time left: 300 sec this turn | 300 sec total\n|\n|t:|1783548250\n|move|p1a: Fezandipiti|Play Rough|p2a: Golurk\n|-damage|p2a: Golurk|44/100\n|-status|p2a: Golurk|tox|[from] ability: Toxic Chain|[of] p1a: Fezandipiti\n|move|p2a: Golurk|Dynamic Punch|p1a: Fezandipiti\n|-damage|p1a: Fezandipiti|134/278\n|-start|p1a: Fezandipiti|confusion\n|\n|-heal|p1a: Fezandipiti|151/278|[from] item: Leftovers\n|-damage|p2a: Golurk|38/100 tox|[from] psn\n|upkeep\n|turn|7\n|inactive|Time left: 300 sec this turn | 300 sec total\n|\n|t:|1783548251\n|-activate|p1a: Fezandipiti|confusion\n|move|p1a: Fezandipiti|Tera Blast|p2a: Golurk|[anim] Tera Blast Ground\n|-damage|p2a: Golurk|0 fnt\n|faint|p2a: Golurk\n|\n|-heal|p1a: Fezandipiti|168/278|[from] item: Leftovers\n|upkeep\n|\n|t:|1783548252\n|switch|p2a: Carbink|Carbink, L90|100/100\n|turn|8\n|inactive|Time left: 300 sec this turn | 300 sec total\n|\n|t:|1783548253\n|-activate|p1a: Fezandipiti|confusion\n|move|p1a: Fezandipiti|Tera Blast|p2a: Carbink|[anim] Tera Blast Ground\n|-supereffective|p2a: Carbink\n|-damage|p2a: Carbink|21/100\n|move|p2a: Carbink|Iron Defense|p2a: Carbink\n|-boost|p2a: Carbink|def|2\n|\n|-heal|p1a: Fezandipiti|185/278|[from] item: Leftovers\n|-heal|p2a: Carbink|27/100|[from] item: Leftovers\n|upkeep\n|turn|9\n|inactive|Time left: 300 sec this turn | 300 sec total\n|\n|t:|1783548254\n|-activate|p1a: Fezandipiti|confusion\n|move|p1a: Fezandipiti|Gunk Shot|p2a: Carbink|[miss]\n|-miss|p1a: Fezandipiti|p2a: Carbink\n|move|p2a: Carbink|Body Press|p1a: Fezandipiti\n|-damage|p1a: Fezandipiti|0 fnt\n|faint|p1a: Fezandipiti\n|\n|-heal|p2a: Carbink|33/100|[from] item: Leftovers\n|upkeep\n|inactive|Time left: 300 sec this turn | 300 sec total | 5 sec grace\n|\n|t:|1783548255\n|switch|p1a: Masquerain|Masquerain, L87, F|264/264\n|-ability|p1a: Masquerain|Intimidate|boost\n|-unboost|p2a: Carbink|atk|1\n|turn|10\n|inactive|Time left: 300 sec this turn | 300 sec total\n|\n|t:|1783548256\n|move|p1a: Masquerain|Sticky Web|p2a: Carbink\n|-sidestart|p2: p0y7263905|move: Sticky Web\n|move|p2a: Carbink|Moonblast|p1a: Masquerain\n|-damage|p1a: Masquerain|195/264\n|\n|-heal|p2a: Carbink|39/100|[from] item: Leftovers\n|upkeep\n|turn|11\n|inactive|Time left: 300 sec this turn | 300 sec total\n|\n|t:|1783548257\n|move|p1a: Masquerain|Stun Spore|p2a: Carbink\n|-status|p2a: Carbink|par\n|move|p2a: Carbink|Rock Polish|p2a: Carbink\n|-boost|p2a: Carbink|spe|2\n|\n|-heal|p2a: Carbink|45/100 par|[from] item: Leftovers\n|upkeep\n|turn|12\n|inactive|Time left: 300 sec this turn | 300 sec total\n|\n|t:|1783548259\n|move|p1a: Masquerain|Hurricane|p2a: Carbink\n|-resisted|p2a: Carbink\n|-damage|p2a: Carbink|29/100 par\n|-start|p2a: Carbink|confusion\n|-activate|p2a: Carbink|confusion\n|move|p2a: Carbink|Body Press|p1a: Masquerain\n|-resisted|p1a: Masquerain\n|-damage|p1a: Masquerain|135/264\n|\n|-heal|p2a: Carbink|35/100 par|[from] item: Leftovers\n|upkeep\n|turn|13\n|inactive|Time left: 300 sec this turn | 300 sec total\n|\n|t:|1783548260\n|switch|p1a: Tentacruel|Tentacruel, L84, F|272/272\n|-activate|p2a: Carbink|confusion\n|-damage|p2a: Carbink|34/100 par|[from] confusion\n|\n|-heal|p2a: Carbink|40/100 par|[from] item: Leftovers\n|upkeep\n|turn|14\n|inactive|Time left: 300 sec this turn | 300 sec total\n|\n|t:|1783548261\n|move|p1a: Tentacruel|Surf|p2a: Carbink\n|-supereffective|p2a: Carbink\n|-damage|p2a: Carbink|0 fnt\n|faint|p2a: Carbink\n|\n|upkeep\n|\n|t:|1783548262\n|switch|p2a: Florges|Florges-Yellow, L85, F|98/100\n|-activate|p2a: Florges|move: Sticky Web\n|-unboost|p2a: Florges|spe|1\n|turn|15\n|inactive|Time left: 300 sec this turn | 300 sec total\n|\n|t:|1783548263\n|move|p1a: Tentacruel|Knock Off|p2a: Florges\n|-resisted|p2a: Florges\n|-damage|p2a: Florges|86/100\n|-enditem|p2a: Florges|Leftovers|[from] move: Knock Off|[of] p1a: Tentacruel\n|move|p2a: Florges|Calm Mind|p2a: Florges\n|-boost|p2a: Florges|spa|1\n|-boost|p2a: Florges|spd|1\n|\n|upkeep\n|turn|16\n|inactive|Time left: 300 sec this turn | 300 sec total\n|\n|t:|1783548264\n|move|p1a: Tentacruel|Rapid Spin|p2a: Florges\n|-damage|p2a: Florges|73/100\n|-boost|p1a: Tentacruel|spe|1\n|move|p2a: Florges|Calm Mind|p2a: Florges\n|-boost|p2a: Florges|spa|1\n|-boost|p2a: Florges|spd|1\n|\n|upkeep\n|turn|17\n|inactive|Time left: 300 sec this turn | 300 sec total\n|\n|t:|1783548265\n|move|p1a: Tentacruel|Rapid Spin|p2a: Florges\n|-damage|p2a: Florges|60/100\n|-boost|p1a: Tentacruel|spe|1\n|move|p2a: Florges|Wish|p2a: Florges\n|\n|upkeep\n|turn|18\n|inactive|Time left: 300 sec this turn | 300 sec total\n|\n|t:|1783548266\n|move|p1a: Tentacruel|Sludge Bomb|p2a: Florges\n|-supereffective|p2a: Florges\n|-damage|p2a: Florges|41/100\n|move|p2a: Florges|Moonblast|p1a: Tentacruel\n|-resisted|p1a: Tentacruel\n|-damage|p1a: Tentacruel|209/272\n|-unboost|p1a: Tentacruel|spa|1\n|\n|-heal|p2a: Florges|91/100|[from] move: Wish|[wisher] Florges\n|upkeep\n|turn|19\n|inactive|Time left: 300 sec this turn | 300 sec total\n|\n|t:|1783548267\n|move|p1a: Tentacruel|Sludge Bomb|p2a: Florges\n|-supereffective|p2a: Florges\n|-damage|p2a: Florges|78/100\n|-status|p2a: Florges|psn\n|move|p2a: Florges|Moonblast|p1a: Tentacruel\n|-resisted|p1a: Tentacruel\n|-damage|p1a: Tentacruel|152/272\n|-unboost|p1a: Tentacruel|spa|1\n|\n|-damage|p2a: Florges|65/100 psn|[from] psn\n|upkeep\n|turn|20\n|inactive|Time left: 300 sec this turn | 300 sec total\n|\n|t:|1783548268\n|move|p1a: Tentacruel|Rapid Spin|p2a: Florges\n|-damage|p2a: Florges|53/100 psn\n|-boost|p1a: Tentacruel|spe|1\n|move|p2a: Florges|Wish|p2a: Florges\n|\n|-damage|p2a: Florges|41/100 psn|[from] psn\n|upkeep\n|turn|21\n|inactive|Time left: 300 sec this turn | 300 sec total\n|\n|t:|1783548269\n|move|p1a: Tentacruel|Rapid Spin|p2a: Florges\n|-damage|p2a: Florges|29/100 psn\n|-boost|p1a: Tentacruel|spe|1\n|move|p2a: Florges|Moonblast|p1a: Tentacruel\n|-resisted|p1a: Tentacruel\n|-damage|p1a: Tentacruel|95/272\n|\n|-heal|p2a: Florges|79/100 psn|[from] move: Wish|[wisher] Florges\n|-damage|p2a: Florges|67/100 psn|[from] psn\n|upkeep\n|turn|22\n|inactive|Time left: 300 sec this turn | 300 sec total\n|\n|t:|1783548271\n|move|p1a: Tentacruel|Rapid Spin|p2a: Florges\n|-damage|p2a: Florges|54/100 psn\n|-boost|p1a: Tentacruel|spe|1\n|move|p2a: Florges|Moonblast|p1a: Tentacruel\n|-resisted|p1a: Tentacruel\n|-damage|p1a: Tentacruel|34/272\n|\n|-damage|p2a: Florges|41/100 psn|[from] psn\n|upkeep\n|turn|23\n|inactive|Time left: 300 sec this turn | 300 sec total\n|\n|t:|1783548272\n|move|p1a: Tentacruel|Sludge Bomb|p2a: Florges\n|-supereffective|p2a: Florges\n|-damage|p2a: Florges|30/100 psn\n|move|p2a: Florges|Wish|p2a: Florges\n|\n|-damage|p2a: Florges|18/100 psn|[from] psn\n|upkeep\n|turn|24\n|inactive|Time left: 300 sec this turn | 300 sec total\n|\n|t:|1783548273\n|move|p1a: Tentacruel|Rapid Spin|p2a: Florges\n|-damage|p2a: Florges|5/100 psn\n|-boost|p1a: Tentacruel|spe|1\n|move|p2a: Florges|Moonblast|p1a: Tentacruel\n|-resisted|p1a: Tentacruel\n|-damage|p1a: Tentacruel|0 fnt\n|faint|p1a: Tentacruel\n|\n|-heal|p2a: Florges|55/100 psn|[from] move: Wish|[wisher] Florges\n|-damage|p2a: Florges|43/100 psn|[from] psn\n|upkeep\n|inactive|Time left: 300 sec this turn | 300 sec total | 5 sec grace\n|\n|t:|1783548274\n|switch|p1a: Stonjourner|Stonjourner, L91, M|330/330\n|turn|25\n|inactive|Time left: 300 sec this turn | 300 sec total\n|\n|t:|1783548275\n|move|p1a: Stonjourner|Heat Crash|p2a: Florges\n|-damage|p2a: Florges|0 fnt\n|faint|p2a: Florges\n|-damage|p1a: Stonjourner|297/330|[from] item: Life Orb\n|\n|upkeep\n|\n|t:|1783548276\n|switch|p2a: Salazzle|Salazzle, L83, F|100/100\n|turn|26\n|inactive|Time left: 300 sec this turn | 300 sec total\n|\n|t:|1783548277\n|switch|p1a: Goodra|Goodra, L85, M|292/292\n|-terastallize|p2a: Salazzle|Grass\n|move|p2a: Salazzle|Tera Blast|p1a: Goodra|[anim] Tera Blast Grass\n|-ability|p1a: Goodra|Sap Sipper|boost\n|-boost|p1a: Goodra|atk|1\n|\n|upkeep\n|turn|27\n|inactive|Time left: 300 sec this turn | 300 sec total\n|\n|t:|1783548279\n|switch|p2a: Breloom|Breloom, L83, F|100/100\n|-activate|p2a: Breloom|move: Sticky Web\n|-unboost|p2a: Breloom|spe|1\n|move|p1a: Goodra|Knock Off|p2a: Breloom\n|-resisted|p2a: Breloom\n|-damage|p2a: Breloom|75/100\n|-enditem|p2a: Breloom|Life Orb|[from] move: Knock Off|[of] p1a: Goodra\n|\n|upkeep\n|turn|28\n|inactive|Time left: 300 sec this turn | 300 sec total\n|\n|t:|1783548280\n|move|p2a: Breloom|Mach Punch|p1a: Goodra\n|-damage|p1a: Goodra|205/292\n|move|p1a: Goodra|Draco Meteor|p2a: Breloom\n|-damage|p2a: Breloom|0 fnt\n|-unboost|p1a: Goodra|spa|2\n|faint|p2a: Breloom\n|\n|upkeep\n|\n|t:|1783548282\n|switch|p2a: Salazzle|Salazzle, L83, F, tera:Grass|100/100\n|turn|29\n|inactive|Time left: 300 sec this turn | 300 sec total\n|\n|t:|1783548283\n|move|p2a: Salazzle|Nasty Plot|p2a: Salazzle\n|-boost|p2a: Salazzle|spa|2\n|move|p1a: Goodra|Knock Off|p2a: Salazzle\n|-damage|p2a: Salazzle|46/100\n|-enditem|p2a: Salazzle|Heavy-Duty Boots|[from] move: Knock Off|[of] p1a: Goodra\n|\n|upkeep\n|turn|30\n|inactive|Time left: 300 sec this turn | 300 sec total\n|\n|t:|1783548285\n|move|p2a: Salazzle|Sludge Wave|p1a: Goodra\n|-damage|p1a: Goodra|114/292\n|move|p1a: Goodra|Dragon Tail|p2a: Salazzle|[miss]\n|-miss|p1a: Goodra|p2a: Salazzle\n|\n|upkeep\n|turn|31\n|inactive|Time left: 300 sec this turn | 300 sec total\n|\n|t:|1783548286\n|move|p2a: Salazzle|Nasty Plot|p2a: Salazzle\n|-boost|p2a: Salazzle|spa|2\n|move|p1a: Goodra|Dragon Tail|p2a: Salazzle\n|-damage|p2a: Salazzle|0 fnt\n|faint|p2a: Salazzle\n|\n|win|p0x7269582", "uploadtime": 1783548286, "views": 0, "rating": 0, "private": 0, "password": null, "_winner": "p0x7269582", "_our_name": "p0x7269582"}