{"id": "battle-gen9randombattle-1081", "formatid": "gen9randombattle", "format": "[Gen 9] Random Battle", "players": ["p0x108104bc", "p0y1081dfa1"], "log": "|init|battle\n|title|p0x108104bc vs. p0y1081dfa1\n|j|\u2606p0x108104bc\n|j|\u2606p0y1081dfa1\n|t:|1783551733\n|gametype|singles\n|player|p1|p0x108104bc|265|\n|player|p2|p0y1081dfa1|1|\n|gen|9\n|tier|[Gen 9] Random Battle\n|rule|Species Clause: Limit one of each Pok\u00e9mon\n|rule|HP Percentage Mod: HP is shown in percentages\n|rule|Sleep Clause Mod: Limit one foe put to sleep\n|rule|Illusion Level Mod: Illusion disguises the Pok\u00e9mon's true level\n|\n|t:|1783551733\n|teamsize|p1|6\n|teamsize|p2|6\n|start\n|switch|p1a: Coalossal|Coalossal, L89, M|341/341\n|switch|p2a: Chansey|Chansey, L85, F|100/100\n|turn|1\n|inactive|Battle timer is ON: inactive players will automatically lose when time's up. (requested by p0x108104bc)\n|inactive|p0y1081dfa1 also wants the timer to be on.\n|\n|t:|1783551734\n|move|p2a: Chansey|Thunder Wave|p1a: Coalossal\n|-status|p1a: Coalossal|par\n|cant|p1a: Coalossal|par\n|\n|upkeep\n|turn|2\n|inactive|Time left: 300 sec this turn | 300 sec total\n|\n|t:|1783551735\n|switch|p2a: Tyranitar|Tyranitar, L78, M|100/100\n|-weather|Sandstorm|[from] ability: Sand Stream|[of] p2a: Tyranitar\n|move|p1a: Coalossal|Stealth Rock|p2a: Tyranitar\n|-sidestart|p2: p0y1081dfa1|move: Stealth Rock\n|\n|-weather|Sandstorm|[upkeep]\n|upkeep\n|turn|3\n|inactive|Time left: 300 sec this turn | 300 sec total\n|\n|t:|1783551736\n|move|p2a: Tyranitar|Stone Edge|p1a: Coalossal\n|-supereffective|p1a: Coalossal\n|-damage|p1a: Coalossal|173/341 par\n|move|p1a: Coalossal|Rapid Spin|p2a: Tyranitar\n|-resisted|p2a: Tyranitar\n|-damage|p2a: Tyranitar|95/100\n|-boost|p1a: Coalossal|spe|1\n|\n|-weather|Sandstorm|[upkeep]\n|-heal|p2a: Tyranitar|100/100|[from] item: Leftovers\n|upkeep\n|turn|4\n|inactive|Time left: 300 sec this turn | 300 sec total\n|\n|t:|1783551738\n|move|p2a: Tyranitar|Earthquake|p1a: Coalossal\n|-supereffective|p1a: Coalossal\n|-damage|p1a: Coalossal|0 fnt\n|faint|p1a: Coalossal\n|\n|-weather|Sandstorm|[upkeep]\n|upkeep\n|inactive|Time left: 300 sec this turn | 300 sec total | 5 sec grace\n|\n|t:|1783551739\n|switch|p1a: Toedscruel|Toedscruel, L87, M|281/281\n|turn|5\n|inactive|Time left: 300 sec this turn | 300 sec total\n|\n|t:|1783551740\n|move|p2a: Tyranitar|Knock Off|p1a: Toedscruel\n|-damage|p1a: Toedscruel|151/281\n|-enditem|p1a: Toedscruel|Leftovers|[from] move: Knock Off|[of] p2a: Tyranitar\n|move|p1a: Toedscruel|Spore|p2a: Tyranitar\n|-status|p2a: Tyranitar|slp|[from] move: Spore\n|\n|-weather|Sandstorm|[upkeep]\n|upkeep\n|turn|6\n|inactive|Time left: 300 sec this turn | 300 sec total\n|\n|t:|1783551741\n|switch|p2a: Altaria|Altaria, L89, M|100/100\n|move|p1a: Toedscruel|Earth Power|p2a: Altaria\n|-immune|p2a: Altaria\n|\n|-weather|none\n|upkeep\n|turn|7\n|inactive|Time left: 300 sec this turn | 300 sec total\n|\n|t:|1783551742\n|switch|p1a: Oranguru|Oranguru, L92, F|315/315\n|move|p2a: Altaria|Dragon Dance|p2a: Altaria\n|-boost|p2a: Altaria|atk|1\n|-boost|p2a: Altaria|spe|1\n|\n|upkeep\n|turn|8\n|inactive|Time left: 300 sec this turn | 300 sec total\n|\n|t:|1783551743\n|move|p2a: Altaria|Dragon Dance|p2a: Altaria\n|-boost|p2a: Altaria|atk|1\n|-boost|p2a: Altaria|spe|1\n|move|p1a: Oranguru|Nasty Plot|p1a: Oranguru\n|-boost|p1a: Oranguru|spa|2\n|\n|upkeep\n|turn|9\n|inactive|Time left: 300 sec this turn | 300 sec total\n|\n|t:|1783551744\n|-terastallize|p2a: Altaria|Ground\n|move|p2a: Altaria|Earthquake|p1a: Oranguru\n|-damage|p1a: Oranguru|143/315\n|move|p1a: Oranguru|Psychic|p2a: Altaria\n|-damage|p2a: Altaria|41/100\n|\n|-heal|p1a: Oranguru|162/315|[from] item: Leftovers\n|upkeep\n|turn|10\n|inactive|Time left: 300 sec this turn | 300 sec total\n|\n|t:|1783551746\n|move|p2a: Altaria|Earthquake|p1a: Oranguru\n|-damage|p1a: Oranguru|0 fnt\n|faint|p1a: Oranguru\n|\n|upkeep\n|inactive|Time left: 300 sec this turn | 300 sec total | 5 sec grace\n|\n|t:|1783551747\n|switch|p1a: Skeledirge|Skeledirge, L79, M|294/294\n|turn|11\n|inactive|Time left: 300 sec this turn | 300 sec total\n|\n|t:|1783551748\n|-terastallize|p1a: Skeledirge|Fairy\n|move|p2a: Altaria|Roost|p2a: Altaria\n|-heal|p2a: Altaria|91/100\n|move|p1a: Skeledirge|Torch Song|p2a: Altaria\n|-damage|p2a: Altaria|68/100\n|-boost|p1a: Skeledirge|spa|1\n|\n|upkeep\n|turn|12\n|inactive|Time left: 300 sec this turn | 300 sec total\n|\n|t:|1783551749\n|move|p2a: Altaria|Roost|p2a: Altaria\n|-heal|p2a: Altaria|100/100\n|move|p1a: Skeledirge|Torch Song|p2a: Altaria\n|-damage|p2a: Altaria|64/100\n|-boost|p1a: Skeledirge|spa|1\n|\n|upkeep\n|turn|13\n|inactive|Time left: 300 sec this turn | 300 sec total\n|\n|t:|1783551750\n|move|p2a: Altaria|Earthquake|p1a: Skeledirge\n|-damage|p1a: Skeledirge|209/294\n|move|p1a: Skeledirge|Torch Song|p2a: Altaria\n|-damage|p2a: Altaria|12/100\n|-boost|p1a: Skeledirge|spa|1\n|\n|upkeep\n|turn|14\n|inactive|Time left: 300 sec this turn | 300 sec total\n|\n|t:|1783551751\n|move|p2a: Altaria|Earthquake|p1a: Skeledirge\n|-damage|p1a: Skeledirge|112/294\n|move|p1a: Skeledirge|Shadow Ball|p2a: Altaria\n|-damage|p2a: Altaria|0 fnt\n|faint|p2a: Altaria\n|\n|upkeep\n|\n|t:|1783551752\n|switch|p2a: Entei|Entei, L78|100/100\n|-damage|p2a: Entei|76/100|[from] Stealth Rock\n|turn|15\n|inactive|Time left: 300 sec this turn | 300 sec total\n|\n|t:|1783551753\n|move|p2a: Entei|Sacred Fire|p1a: Skeledirge\n|-damage|p1a: Skeledirge|0 fnt\n|faint|p1a: Skeledirge\n|\n|upkeep\n|inactive|Time left: 300 sec this turn | 300 sec total | 5 sec grace\n|\n|t:|1783551753\n|switch|p1a: Bellibolt|Bellibolt, L84, F|320/320\n|turn|16\n|inactive|Time left: 300 sec this turn | 300 sec total\n|\n|t:|1783551754\n|move|p2a: Entei|Sacred Fire|p1a: Bellibolt\n|-damage|p1a: Bellibolt|176/320\n|-status|p1a: Bellibolt|brn\n|-start|p1a: Bellibolt|Charge|Sacred Fire|[from] ability: Electromorphosis\n|move|p1a: Bellibolt|Muddy Water|p2a: Entei|[miss]\n|-miss|p1a: Bellibolt|p2a: Entei\n|\n|-heal|p1a: Bellibolt|196/320 brn|[from] item: Leftovers\n|-damage|p1a: Bellibolt|176/320 brn|[from] brn\n|upkeep\n|turn|17\n|inactive|Time left: 300 sec this turn | 300 sec total\n|\n|t:|1783551756\n|move|p2a: Entei|Sacred Fire|p1a: Bellibolt\n|-damage|p1a: Bellibolt|32/320 brn\n|-start|p1a: Bellibolt|Charge|Sacred Fire|[from] ability: Electromorphosis\n|move|p1a: Bellibolt|Thunderbolt|p2a: Entei\n|-damage|p2a: Entei|0 fnt\n|faint|p2a: Entei\n|-end|p1a: Bellibolt|Charge|[silent]\n|\n|-heal|p1a: Bellibolt|52/320 brn|[from] item: Leftovers\n|-damage|p1a: Bellibolt|32/320 brn|[from] brn\n|upkeep\n|\n|t:|1783551757\n|switch|p2a: Banette|Banette, L93, M|100/100\n|-damage|p2a: Banette|88/100|[from] Stealth Rock\n|turn|18\n|inactive|Time left: 300 sec this turn | 300 sec total\n|\n|t:|1783551758\n|switch|p1a: Cinccino|Cinccino, L83, F|260/260\n|move|p2a: Banette|Shadow Sneak|p1a: Cinccino\n|-immune|p1a: Cinccino\n|\n|upkeep\n|turn|19\n|inactive|Time left: 300 sec this turn | 300 sec total\n|\n|t:|1783551759\n|move|p1a: Cinccino|Triple Axel|p2a: Banette\n|-damage|p2a: Banette|80/100\n|-start|p1a: Cinccino|Disable|Triple Axel|[from] ability: Cursed Body|[of] p2a: Banette\n|-damage|p2a: Banette|61/100\n|-damage|p2a: Banette|35/100\n|-hitcount|p2a: Banette|3\n|move|p2a: Banette|Gunk Shot|p1a: Cinccino\n|-damage|p1a: Cinccino|42/260\n|-status|p1a: Cinccino|psn\n|-damage|p2a: Banette|25/100|[from] item: Life Orb\n|\n|-damage|p1a: Cinccino|10/260 psn|[from] psn\n|upkeep\n|turn|20\n|inactive|Time left: 300 sec this turn | 300 sec total\n|\n|t:|1783551760\n|move|p1a: Cinccino|Bullet Seed|p2a: Banette\n|-damage|p2a: Banette|14/100\n|-damage|p2a: Banette|2/100\n|-damage|p2a: Banette|0 fnt\n|faint|p2a: Banette\n|-hitcount|p2: Banette|3\n|\n|-damage|p1a: Cinccino|0 fnt|[from] psn\n|faint|p1a: Cinccino\n|upkeep\n|inactive|Time left: 300 sec this turn | 300 sec total | 5 sec grace\n|\n|t:|1783551761\n|switch|p1a: Toedscruel|Toedscruel, L87, M|151/281\n|switch|p2a: Chansey|Chansey, L85, F|100/100\n|-damage|p2a: Chansey|88/100|[from] Stealth Rock\n|turn|21\n|inactive|Time left: 300 sec this turn | 300 sec total\n|\n|t:|1783551762\n|move|p2a: Chansey|Seismic Toss|p1a: Toedscruel\n|-damage|p1a: Toedscruel|66/281\n|move|p1a: Toedscruel|Toxic|p2a: Chansey\n|-status|p2a: Chansey|tox\n|\n|-damage|p2a: Chansey|82/100 tox|[from] psn\n|upkeep\n|turn|22\n|inactive|Time left: 300 sec this turn | 300 sec total\n|\n|t:|1783551763\n|move|p1a: Toedscruel|Earth Power|p2a: Chansey\n|-damage|p2a: Chansey|73/100 tox\n|move|p2a: Chansey|Seismic Toss|p1a: Toedscruel\n|-damage|p1a: Toedscruel|0 fnt\n|faint|p1a: Toedscruel\n|\n|-damage|p2a: Chansey|61/100 tox|[from] psn\n|upkeep\n|inactive|Time left: 300 sec this turn | 300 sec total | 5 sec grace\n|\n|t:|1783551764\n|switch|p1a: Bellibolt|Bellibolt, L84, F|32/320 brn\n|turn|23\n|inactive|Time left: 300 sec this turn | 300 sec total\n|\n|t:|1783551765\n|move|p2a: Chansey|Seismic Toss|p1a: Bellibolt\n|-damage|p1a: Bellibolt|0 fnt\n|faint|p1a: Bellibolt\n|\n|win|p0y1081dfa1", "uploadtime": 1783551765, "views": 0, "rating": 0, "private": 0, "password": null, "_winner": "p0y1081dfa1", "_our_name": "p0x108104bc"}