{"id": "battle-gen9randombattle-2718", "formatid": "gen9randombattle", "format": "[Gen 9] Random Battle", "players": ["p0x2718441e", "p0y2718a8c4"], "log": "|init|battle\n|title|p0x2718441e vs. p0y2718a8c4\n|j|\u2606p0x2718441e\n|j|\u2606p0y2718a8c4\n|t:|1783570319\n|gametype|singles\n|player|p1|p0x2718441e|265|\n|player|p2|p0y2718a8c4|1|\n|gen|9\n|tier|[Gen 9] Random Battle\n|rule|Species Clause: Limit one of each Pok\u00e9mon\n|rule|HP Percentage Mod: HP is shown in percentages\n|rule|Sleep Clause Mod: Limit one foe put to sleep\n|rule|Illusion Level Mod: Illusion disguises the Pok\u00e9mon's true level\n|\n|t:|1783570319\n|teamsize|p1|6\n|teamsize|p2|6\n|start\n|switch|p1a: Keldeo|Keldeo-Resolute, L79|273/273\n|switch|p2a: Noctowl|Noctowl, L95, M|100/100\n|turn|1\n|inactive|Battle timer is ON: inactive players will automatically lose when time's up. (requested by p0x2718441e)\n|inactive|p0y2718a8c4 also wants the timer to be on.\n|\n|t:|1783570321\n|move|p1a: Keldeo|Calm Mind|p1a: Keldeo\n|-boost|p1a: Keldeo|spa|1\n|-boost|p1a: Keldeo|spd|1\n|move|p2a: Noctowl|Hurricane|p1a: Keldeo\n|-supereffective|p1a: Keldeo\n|-damage|p1a: Keldeo|97/273\n|-start|p1a: Keldeo|confusion\n|\n|upkeep\n|turn|2\n|inactive|Time left: 300 sec this turn | 300 sec total\n|\n|t:|1783570322\n|-activate|p1a: Keldeo|confusion\n|move|p1a: Keldeo|Secret Sword|p2a: Noctowl\n|-damage|p2a: Noctowl|23/100\n|-damage|p1a: Keldeo|70/273|[from] item: Life Orb\n|move|p2a: Noctowl|Hurricane|p1a: Keldeo\n|-supereffective|p1a: Keldeo\n|-damage|p1a: Keldeo|0 fnt\n|faint|p1a: Keldeo\n|\n|upkeep\n|inactive|Time left: 300 sec this turn | 300 sec total | 5 sec grace\n|\n|t:|1783570322\n|switch|p1a: Garganacl|Garganacl, L80, M|291/291\n|turn|3\n|inactive|Time left: 300 sec this turn | 300 sec total\n|\n|t:|1783570324\n|move|p2a: Noctowl|Roost|p2a: Noctowl\n|-heal|p2a: Noctowl|73/100\n|-singleturn|p2a: Noctowl|move: Roost\n|move|p1a: Garganacl|Body Press|p2a: Noctowl\n|-supereffective|p2a: Noctowl\n|-crit|p2a: Noctowl\n|-damage|p2a: Noctowl|0 fnt\n|faint|p2a: Noctowl\n|\n|upkeep\n|\n|t:|1783570324\n|switch|p2a: Great Tusk|Great Tusk, L77|100/100\n|-enditem|p2a: Great Tusk|Booster Energy\n|-activate|p2a: Great Tusk|ability: Protosynthesis|[fromitem]\n|-start|p2a: Great Tusk|protosynthesisatk\n|turn|4\n|inactive|Time left: 300 sec this turn | 300 sec total\n|\n|t:|1783570326\n|switch|p1a: Hydrapple|Hydrapple, L83, F|312/312\n|move|p2a: Great Tusk|Bulk Up|p2a: Great Tusk\n|-boost|p2a: Great Tusk|atk|1\n|-boost|p2a: Great Tusk|def|1\n|\n|upkeep\n|turn|5\n|inactive|Time left: 300 sec this turn | 300 sec total\n|\n|t:|1783570327\n|move|p2a: Great Tusk|Close Combat|p1a: Hydrapple\n|-damage|p1a: Hydrapple|69/312\n|-unboost|p2a: Great Tusk|def|1\n|-unboost|p2a: Great Tusk|spd|1\n|move|p1a: Hydrapple|Leaf Storm|p2a: Great Tusk\n|-supereffective|p2a: Great Tusk\n|-damage|p2a: Great Tusk|0 fnt\n|-unboost|p1a: Hydrapple|spa|2\n|faint|p2a: Great Tusk\n|-end|p2a: Great Tusk|Protosynthesis|[silent]\n|\n|upkeep\n|\n|t:|1783570328\n|switch|p2a: Ampharos|Ampharos, L88, F|100/100\n|turn|6\n|inactive|Time left: 300 sec this turn | 300 sec total\n|\n|t:|1783570328\n|switch|p1a: Mew|Mew, L82|298/298\n|move|p2a: Ampharos|Focus Blast|p1a: Mew\n|-resisted|p1a: Mew\n|-crit|p1a: Mew\n|-damage|p1a: Mew|222/298\n|\n|-heal|p1a: Mew|240/298|[from] item: Leftovers\n|upkeep\n|turn|7\n|inactive|Time left: 300 sec this turn | 300 sec total\n|\n|t:|1783570330\n|move|p1a: Mew|Stealth Rock|p2a: Ampharos\n|-sidestart|p2: p0y2718a8c4|move: Stealth Rock\n|move|p2a: Ampharos|Thunderbolt|p1a: Mew\n|-damage|p1a: Mew|119/298\n|\n|-heal|p1a: Mew|137/298|[from] item: Leftovers\n|upkeep\n|turn|8\n|inactive|Time left: 300 sec this turn | 300 sec total\n|\n|t:|1783570331\n|move|p1a: Mew|Psychic Noise|p2a: Ampharos\n|-damage|p2a: Ampharos|85/100\n|-start|p2a: Ampharos|move: Heal Block\n|move|p2a: Ampharos|Thunderbolt|p1a: Mew\n|-damage|p1a: Mew|19/298\n|\n|-heal|p1a: Mew|37/298|[from] item: Leftovers\n|upkeep\n|turn|9\n|inactive|Time left: 300 sec this turn | 300 sec total\n|\n|t:|1783570333\n|switch|p1a: Hydrapple|Hydrapple, L83, F|173/312\n|move|p2a: Ampharos|Thunderbolt|p1a: Hydrapple\n|-resisted|p1a: Hydrapple\n|-damage|p1a: Hydrapple|141/312\n|\n|-end|p2a: Ampharos|move: Heal Block\n|upkeep\n|turn|10\n|inactive|Time left: 300 sec this turn | 300 sec total\n|\n|t:|1783570335\n|switch|p1a: Froslass|Froslass, L87, F|263/263\n|move|p2a: Ampharos|Dazzling Gleam|p1a: Froslass\n|-damage|p1a: Froslass|185/263\n|-start|p2a: Ampharos|Disable|Dazzling Gleam|[from] ability: Cursed Body|[of] p1a: Froslass\n|\n|upkeep\n|turn|11\n|inactive|Time left: 300 sec this turn | 300 sec total\n|\n|t:|1783570336\n|move|p1a: Froslass|Triple Axel|p2a: Ampharos\n|-damage|p2a: Ampharos|79/100\n|-damage|p2a: Ampharos|66/100\n|-damage|p2a: Ampharos|46/100\n|-hitcount|p2a: Ampharos|3\n|move|p2a: Ampharos|Thunderbolt|p1a: Froslass\n|-damage|p1a: Froslass|50/263\n|\n|upkeep\n|turn|12\n|inactive|Time left: 300 sec this turn | 300 sec total\n|\n|t:|1783570337\n|move|p1a: Froslass|Destiny Bond|p1a: Froslass\n|-singlemove|p1a: Froslass|Destiny Bond\n|move|p2a: Ampharos|Thunderbolt|p1a: Froslass\n|-damage|p1a: Froslass|0 fnt\n|faint|p1a: Froslass\n|-activate|p1a: Froslass|move: Destiny Bond\n|faint|p2a: Ampharos\n|\n|upkeep\n|inactive|Time left: 300 sec this turn | 300 sec total | 5 sec grace\n|\n|t:|1783570338\n|switch|p1a: Hydrapple|Hydrapple, L83, F|245/312\n|switch|p2a: Dedenne|Dedenne, L88, F|100/100\n|-damage|p2a: Dedenne|88/100|[from] Stealth Rock\n|turn|13\n|inactive|Time left: 300 sec this turn | 300 sec total\n|\n|t:|1783570339\n|move|p2a: Dedenne|Dazzling Gleam|p1a: Hydrapple\n|-supereffective|p1a: Hydrapple\n|-damage|p1a: Hydrapple|59/312\n|move|p1a: Hydrapple|Leaf Storm|p2a: Dedenne|[miss]\n|-miss|p1a: Hydrapple|p2a: Dedenne\n|\n|upkeep\n|turn|14\n|inactive|Time left: 300 sec this turn | 300 sec total\n|\n|t:|1783570340\n|switch|p1a: Garganacl|Garganacl, L80, M|291/291\n|move|p2a: Dedenne|Dazzling Gleam|p1a: Garganacl\n|-damage|p1a: Garganacl|206/291\n|\n|-heal|p1a: Garganacl|224/291|[from] item: Leftovers\n|upkeep\n|turn|15\n|inactive|Time left: 300 sec this turn | 300 sec total\n|\n|t:|1783570341\n|move|p2a: Dedenne|Thunderbolt|p1a: Garganacl\n|-damage|p1a: Garganacl|134/291\n|move|p1a: Garganacl|Salt Cure|p2a: Dedenne\n|-damage|p2a: Dedenne|68/100\n|-start|p2a: Dedenne|Salt Cure\n|\n|-heal|p1a: Garganacl|152/291|[from] item: Leftovers\n|-damage|p2a: Dedenne|56/100|[from] Salt Cure\n|upkeep\n|turn|16\n|inactive|Time left: 300 sec this turn | 300 sec total\n|\n|t:|1783570342\n|move|p2a: Dedenne|Thunderbolt|p1a: Garganacl\n|-damage|p1a: Garganacl|59/291\n|move|p1a: Garganacl|Recover|p1a: Garganacl\n|-heal|p1a: Garganacl|205/291\n|\n|-heal|p1a: Garganacl|223/291|[from] item: Leftovers\n|-damage|p2a: Dedenne|44/100|[from] Salt Cure\n|upkeep\n|-enditem|p2a: Dedenne|Sitrus Berry|[eat]\n|-heal|p2a: Dedenne|69/100|[from] item: Sitrus Berry\n|-heal|p2a: Dedenne|100/100|[from] ability: Cheek Pouch\n|turn|17\n|inactive|Time left: 300 sec this turn | 300 sec total\n|\n|t:|1783570343\n|move|p2a: Dedenne|Dazzling Gleam|p1a: Garganacl\n|-damage|p1a: Garganacl|133/291\n|move|p1a: Garganacl|Salt Cure|p2a: Dedenne\n|-damage|p2a: Dedenne|81/100\n|\n|-heal|p1a: Garganacl|151/291|[from] item: Leftovers\n|-damage|p2a: Dedenne|69/100|[from] Salt Cure\n|upkeep\n|turn|18\n|inactive|Time left: 300 sec this turn | 300 sec total\n|\n|t:|1783570344\n|move|p2a: Dedenne|Dazzling Gleam|p1a: Garganacl\n|-damage|p1a: Garganacl|72/291\n|move|p1a: Garganacl|Recover|p1a: Garganacl\n|-heal|p1a: Garganacl|218/291\n|\n|-heal|p1a: Garganacl|236/291|[from] item: Leftovers\n|-damage|p2a: Dedenne|56/100|[from] Salt Cure\n|upkeep\n|turn|19\n|inactive|Time left: 300 sec this turn | 300 sec total\n|\n|t:|1783570345\n|move|p2a: Dedenne|Dazzling Gleam|p1a: Garganacl\n|-damage|p1a: Garganacl|155/291\n|move|p1a: Garganacl|Salt Cure|p2a: Dedenne\n|-damage|p2a: Dedenne|38/100\n|\n|-heal|p1a: Garganacl|173/291|[from] item: Leftovers\n|-damage|p2a: Dedenne|25/100|[from] Salt Cure\n|upkeep\n|turn|20\n|inactive|Time left: 300 sec this turn | 300 sec total\n|\n|t:|1783570346\n|move|p2a: Dedenne|Thunderbolt|p1a: Garganacl\n|-damage|p1a: Garganacl|77/291\n|move|p1a: Garganacl|Recover|p1a: Garganacl\n|-heal|p1a: Garganacl|223/291\n|\n|-heal|p1a: Garganacl|241/291|[from] item: Leftovers\n|-damage|p2a: Dedenne|13/100|[from] Salt Cure\n|upkeep\n|turn|21\n|inactive|Time left: 300 sec this turn | 300 sec total\n|\n|t:|1783570347\n|move|p2a: Dedenne|Super Fang|p1a: Garganacl\n|-damage|p1a: Garganacl|121/291\n|move|p1a: Garganacl|Recover|p1a: Garganacl\n|-heal|p1a: Garganacl|267/291\n|\n|-heal|p1a: Garganacl|285/291|[from] item: Leftovers\n|-damage|p2a: Dedenne|1/100|[from] Salt Cure\n|upkeep\n|turn|22\n|inactive|Time left: 300 sec this turn | 300 sec total\n|\n|t:|1783570348\n|move|p2a: Dedenne|Dazzling Gleam|p1a: Garganacl\n|-damage|p1a: Garganacl|194/291\n|move|p1a: Garganacl|Iron Defense|p1a: Garganacl\n|-boost|p1a: Garganacl|def|2\n|\n|-heal|p1a: Garganacl|212/291|[from] item: Leftovers\n|-damage|p2a: Dedenne|0 fnt|[from] Salt Cure\n|faint|p2a: Dedenne\n|upkeep\n|\n|t:|1783570349\n|switch|p2a: Qwilfish|Qwilfish-Hisui, L83, F|100/100\n|-damage|p2a: Qwilfish|88/100|[from] Stealth Rock\n|-ability|p2a: Qwilfish|Intimidate|boost\n|-unboost|p1a: Garganacl|atk|1\n|turn|23\n|inactive|Time left: 300 sec this turn | 300 sec total\n|\n|t:|1783570350\n|move|p2a: Qwilfish|Toxic Spikes|p1a: Garganacl\n|-sidestart|p1: p0x2718441e|move: Toxic Spikes\n|move|p1a: Garganacl|Salt Cure|p2a: Qwilfish\n|-damage|p2a: Qwilfish|80/100\n|-start|p2a: Qwilfish|Salt Cure\n|\n|-heal|p1a: Garganacl|230/291|[from] item: Leftovers\n|-damage|p2a: Qwilfish|68/100|[from] Salt Cure\n|upkeep\n|turn|24\n|inactive|Time left: 300 sec this turn | 300 sec total\n|\n|t:|1783570351\n|move|p2a: Qwilfish|Toxic Spikes|p1a: Garganacl\n|-sidestart|p1: p0x2718441e|move: Toxic Spikes\n|move|p1a: Garganacl|Body Press|p2a: Qwilfish\n|-crit|p2a: Qwilfish\n|-damage|p2a: Qwilfish|10/100\n|\n|-heal|p1a: Garganacl|248/291|[from] item: Leftovers\n|-damage|p2a: Qwilfish|0 fnt|[from] Salt Cure\n|faint|p2a: Qwilfish\n|upkeep\n|\n|t:|1783570351\n|switch|p2a: Regigigas|Regigigas, L84|100/100\n|-damage|p2a: Regigigas|88/100|[from] Stealth Rock\n|-start|p2a: Regigigas|ability: Slow Start\n|turn|25\n|inactive|Time left: 300 sec this turn | 300 sec total\n|\n|t:|1783570352\n|move|p2a: Regigigas|Substitute|p2a: Regigigas\n|-start|p2a: Regigigas|Substitute\n|-damage|p2a: Regigigas|63/100\n|move|p1a: Garganacl|Salt Cure|p2a: Regigigas\n|-activate|p2a: Regigigas|move: Substitute|[damage]\n|\n|-heal|p2a: Regigigas|69/100|[from] item: Leftovers\n|-heal|p1a: Garganacl|266/291|[from] item: Leftovers\n|upkeep\n|turn|26\n|inactive|Time left: 300 sec this turn | 300 sec total\n|\n|t:|1783570353\n|move|p2a: Regigigas|Protect|p2a: Regigigas\n|-singleturn|p2a: Regigigas|Protect\n|move|p1a: Garganacl|Salt Cure|p2a: Regigigas\n|-activate|p2a: Regigigas|move: Protect\n|\n|-heal|p2a: Regigigas|76/100|[from] item: Leftovers\n|-heal|p1a: Garganacl|284/291|[from] item: Leftovers\n|upkeep\n|turn|27\n|inactive|Time left: 300 sec this turn | 300 sec total\n|\n|t:|1783570354\n|move|p2a: Regigigas|Knock Off|p1a: Garganacl\n|-crit|p1a: Garganacl\n|-damage|p1a: Garganacl|226/291\n|-enditem|p1a: Garganacl|Leftovers|[from] move: Knock Off|[of] p2a: Regigigas\n|move|p1a: Garganacl|Body Press|p2a: Regigigas\n|-supereffective|p2a: Regigigas\n|-end|p2a: Regigigas|Substitute\n|\n|-heal|p2a: Regigigas|82/100|[from] item: Leftovers\n|upkeep\n|turn|28\n|inactive|Time left: 300 sec this turn | 300 sec total\n|\n|t:|1783570355\n|move|p2a: Regigigas|Protect|p2a: Regigigas\n|-singleturn|p2a: Regigigas|Protect\n|move|p1a: Garganacl|Body Press|p2a: Regigigas\n|-activate|p2a: Regigigas|move: Protect\n|\n|-heal|p2a: Regigigas|88/100|[from] item: Leftovers\n|upkeep\n|turn|29\n|inactive|Time left: 300 sec this turn | 300 sec total\n|\n|t:|1783570356\n|move|p2a: Regigigas|Substitute|p2a: Regigigas\n|-start|p2a: Regigigas|Substitute\n|-damage|p2a: Regigigas|63/100\n|move|p1a: Garganacl|Salt Cure|p2a: Regigigas\n|-crit|p2a: Regigigas\n|-activate|p2a: Regigigas|move: Substitute|[damage]\n|\n|-heal|p2a: Regigigas|69/100|[from] item: Leftovers\n|-end|p2a: Regigigas|Slow Start\n|upkeep\n|turn|30\n|inactive|Time left: 300 sec this turn | 300 sec total\n|\n|t:|1783570357\n|move|p2a: Regigigas|Protect|p2a: Regigigas\n|-singleturn|p2a: Regigigas|Protect\n|move|p1a: Garganacl|Body Press|p2a: Regigigas\n|-activate|p2a: Regigigas|move: Protect\n|\n|-heal|p2a: Regigigas|76/100|[from] item: Leftovers\n|upkeep\n|turn|31\n|inactive|Time left: 300 sec this turn | 300 sec total\n|\n|t:|1783570357\n|move|p2a: Regigigas|Body Slam|p1a: Garganacl\n|-resisted|p1a: Garganacl\n|-damage|p1a: Garganacl|199/291\n|move|p1a: Garganacl|Salt Cure|p2a: Regigigas\n|-activate|p2a: Regigigas|move: Substitute|[damage]\n|\n|-heal|p2a: Regigigas|82/100|[from] item: Leftovers\n|upkeep\n|turn|32\n|inactive|Time left: 300 sec this turn | 300 sec total\n|\n|t:|1783570358\n|move|p2a: Regigigas|Protect|p2a: Regigigas\n|-singleturn|p2a: Regigigas|Protect\n|move|p1a: Garganacl|Body Press|p2a: Regigigas\n|-activate|p2a: Regigigas|move: Protect\n|\n|-heal|p2a: Regigigas|88/100|[from] item: Leftovers\n|upkeep\n|turn|33\n|inactive|Time left: 300 sec this turn | 300 sec total\n|\n|t:|1783570359\n|move|p2a: Regigigas|Knock Off|p1a: Garganacl\n|-damage|p1a: Garganacl|173/291\n|move|p1a: Garganacl|Recover|p1a: Garganacl\n|-heal|p1a: Garganacl|291/291\n|\n|-heal|p2a: Regigigas|94/100|[from] item: Leftovers\n|upkeep\n|turn|34\n|inactive|Time left: 300 sec this turn | 300 sec total\n|\n|t:|1783570360\n|move|p2a: Regigigas|Body Slam|p1a: Garganacl\n|-resisted|p1a: Garganacl\n|-damage|p1a: Garganacl|264/291\n|move|p1a: Garganacl|Salt Cure|p2a: Regigigas\n|-end|p2a: Regigigas|Substitute\n|\n|-heal|p2a: Regigigas|100/100|[from] item: Leftovers\n|upkeep\n|turn|35\n|inactive|Time left: 300 sec this turn | 300 sec total\n|\n|t:|1783570361\n|move|p2a: Regigigas|Substitute|p2a: Regigigas\n|-start|p2a: Regigigas|Substitute\n|-damage|p2a: Regigigas|76/100\n|move|p1a: Garganacl|Body Press|p2a: Regigigas\n|-supereffective|p2a: Regigigas\n|-end|p2a: Regigigas|Substitute\n|\n|-heal|p2a: Regigigas|82/100|[from] item: Leftovers\n|upkeep\n|turn|36\n|inactive|Time left: 300 sec this turn | 300 sec total\n|\n|t:|1783570362\n|move|p2a: Regigigas|Protect|p2a: Regigigas\n|-singleturn|p2a: Regigigas|Protect\n|move|p1a: Garganacl|Salt Cure|p2a: Regigigas\n|-activate|p2a: Regigigas|move: Protect\n|\n|-heal|p2a: Regigigas|88/100|[from] item: Leftovers\n|upkeep\n|turn|37\n|inactive|Time left: 300 sec this turn | 300 sec total\n|\n|t:|1783570363\n|move|p2a: Regigigas|Substitute|p2a: Regigigas\n|-start|p2a: Regigigas|Substitute\n|-damage|p2a: Regigigas|63/100\n|move|p1a: Garganacl|Salt Cure|p2a: Regigigas\n|-activate|p2a: Regigigas|move: Substitute|[damage]\n|\n|-heal|p2a: Regigigas|69/100|[from] item: Leftovers\n|upkeep\n|turn|38\n|inactive|Time left: 300 sec this turn | 300 sec total\n|\n|t:|1783570364\n|move|p2a: Regigigas|Protect|p2a: Regigigas\n|-singleturn|p2a: Regigigas|Protect\n|move|p1a: Garganacl|Body Press|p2a: Regigigas\n|-activate|p2a: Regigigas|move: Protect\n|\n|-heal|p2a: Regigigas|76/100|[from] item: Leftovers\n|upkeep\n|turn|39\n|inactive|Time left: 300 sec this turn | 300 sec total\n|\n|t:|1783570365\n|move|p2a: Regigigas|Body Slam|p1a: Garganacl\n|-resisted|p1a: Garganacl\n|-damage|p1a: Garganacl|239/291\n|move|p1a: Garganacl|Body Press|p2a: Regigigas\n|-supereffective|p2a: Regigigas\n|-end|p2a: Regigigas|Substitute\n|\n|-heal|p2a: Regigigas|82/100|[from] item: Leftovers\n|upkeep\n|turn|40\n|inactive|Time left: 300 sec this turn | 300 sec total\n|\n|t:|1783570366\n|move|p2a: Regigigas|Protect|p2a: Regigigas\n|-singleturn|p2a: Regigigas|Protect\n|move|p1a: Garganacl|Salt Cure|p2a: Regigigas\n|-activate|p2a: Regigigas|move: Protect\n|\n|-heal|p2a: Regigigas|88/100|[from] item: Leftovers\n|upkeep\n|turn|41\n|inactive|Time left: 300 sec this turn | 300 sec total\n|\n|t:|1783570366\n|move|p2a: Regigigas|Substitute|p2a: Regigigas\n|-start|p2a: Regigigas|Substitute\n|-damage|p2a: Regigigas|63/100\n|move|p1a: Garganacl|Salt Cure|p2a: Regigigas\n|-activate|p2a: Regigigas|move: Substitute|[damage]\n|\n|-heal|p2a: Regigigas|69/100|[from] item: Leftovers\n|upkeep\n|turn|42\n|inactive|Time left: 300 sec this turn | 300 sec total\n|\n|t:|1783570367\n|move|p2a: Regigigas|Protect|p2a: Regigigas\n|-singleturn|p2a: Regigigas|Protect\n|move|p1a: Garganacl|Salt Cure|p2a: Regigigas\n|-activate|p2a: Regigigas|move: Protect\n|\n|-heal|p2a: Regigigas|76/100|[from] item: Leftovers\n|upkeep\n|turn|43\n|inactive|Time left: 300 sec this turn | 300 sec total\n|\n|t:|1783570368\n|move|p2a: Regigigas|Protect|p2a: Regigigas\n|-singleturn|p2a: Regigigas|Protect\n|move|p1a: Garganacl|Salt Cure|p2a: Regigigas\n|-activate|p2a: Regigigas|move: Protect\n|\n|-heal|p2a: Regigigas|82/100|[from] item: Leftovers\n|upkeep\n|turn|44\n|inactive|Time left: 300 sec this turn | 300 sec total\n|\n|t:|1783570369\n|move|p2a: Regigigas|Body Slam|p1a: Garganacl\n|-resisted|p1a: Garganacl\n|-damage|p1a: Garganacl|212/291\n|move|p1a: Garganacl|Salt Cure|p2a: Regigigas\n|-activate|p2a: Regigigas|move: Substitute|[damage]\n|\n|-heal|p2a: Regigigas|88/100|[from] item: Leftovers\n|upkeep\n|turn|45\n|inactive|Time left: 300 sec this turn | 300 sec total\n|\n|t:|1783570370\n|move|p2a: Regigigas|Knock Off|p1a: Garganacl\n|-damage|p1a: Garganacl|183/291\n|move|p1a: Garganacl|Body Press|p2a: Regigigas\n|-supereffective|p2a: Regigigas\n|-end|p2a: Regigigas|Substitute\n|\n|-heal|p2a: Regigigas|94/100|[from] item: Leftovers\n|upkeep\n|turn|46\n|inactive|Time left: 300 sec this turn | 300 sec total\n|\n|t:|1783570371\n|move|p2a: Regigigas|Substitute|p2a: Regigigas\n|-start|p2a: Regigigas|Substitute\n|-damage|p2a: Regigigas|69/100\n|move|p1a: Garganacl|Body Press|p2a: Regigigas\n|-supereffective|p2a: Regigigas\n|-end|p2a: Regigigas|Substitute\n|\n|-heal|p2a: Regigigas|76/100|[from] item: Leftovers\n|upkeep\n|turn|47\n|inactive|Time left: 300 sec this turn | 300 sec total\n|\n|t:|1783570372\n|move|p2a: Regigigas|Substitute|p2a: Regigigas\n|-start|p2a: Regigigas|Substitute\n|-damage|p2a: Regigigas|51/100\n|move|p1a: Garganacl|Body Press|p2a: Regigigas\n|-supereffective|p2a: Regigigas\n|-end|p2a: Regigigas|Substitute\n|\n|-heal|p2a: Regigigas|57/100|[from] item: Leftovers\n|upkeep\n|turn|48\n|inactive|Time left: 300 sec this turn | 300 sec total\n|\n|t:|1783570373\n|move|p2a: Regigigas|Substitute|p2a: Regigigas\n|-start|p2a: Regigigas|Substitute\n|-damage|p2a: Regigigas|32/100\n|move|p1a: Garganacl|Body Press|p2a: Regigigas\n|-supereffective|p2a: Regigigas\n|-end|p2a: Regigigas|Substitute\n|\n|-heal|p2a: Regigigas|38/100|[from] item: Leftovers\n|upkeep\n|turn|49\n|inactive|Time left: 300 sec this turn | 300 sec total\n|\n|t:|1783570373\n|move|p2a: Regigigas|Protect|p2a: Regigigas\n|-singleturn|p2a: Regigigas|Protect\n|move|p1a: Garganacl|Recover|p1a: Garganacl\n|-heal|p1a: Garganacl|291/291\n|\n|-heal|p2a: Regigigas|45/100|[from] item: Leftovers\n|upkeep\n|turn|50\n|inactive|Time left: 300 sec this turn | 300 sec total\n|\n|t:|1783570374\n|move|p2a: Regigigas|Substitute|p2a: Regigigas\n|-start|p2a: Regigigas|Substitute\n|-damage|p2a: Regigigas|20/100\n|move|p1a: Garganacl|Salt Cure|p2a: Regigigas\n|-crit|p2a: Regigigas\n|-activate|p2a: Regigigas|move: Substitute|[damage]\n|\n|-heal|p2a: Regigigas|26/100|[from] item: Leftovers\n|upkeep\n|turn|51\n|inactive|Time left: 300 sec this turn | 300 sec total\n|\n|t:|1783570376\n|switch|p1a: Spiritomb|Spiritomb, L89, F|234/234\n|-status|p1a: Spiritomb|tox\n|move|p2a: Regigigas|Protect||[still]\n|-fail|p2a: Regigigas\n|\n|-heal|p2a: Regigigas|32/100|[from] item: Leftovers\n|-damage|p1a: Spiritomb|220/234 tox|[from] psn\n|upkeep\n|turn|52\n|inactive|Time left: 300 sec this turn | 300 sec total\n|\n|t:|1783570377\n|-terastallize|p2a: Regigigas|Poison\n|move|p2a: Regigigas|Protect|p2a: Regigigas\n|-singleturn|p2a: Regigigas|Protect\n|move|p1a: Spiritomb|Foul Play|p2a: Regigigas\n|-activate|p2a: Regigigas|move: Protect\n|\n|-heal|p2a: Regigigas|38/100|[from] item: Leftovers\n|-heal|p1a: Spiritomb|234/234 tox|[from] item: Leftovers\n|-damage|p1a: Spiritomb|206/234 tox|[from] psn\n|upkeep\n|turn|53\n|inactive|Time left: 300 sec this turn | 300 sec total\n|\n|t:|1783570378\n|move|p2a: Regigigas|Protect|p2a: Regigigas\n|-singleturn|p2a: Regigigas|Protect\n|move|p1a: Spiritomb|Foul Play|p2a: Regigigas\n|-activate|p2a: Regigigas|move: Protect\n|\n|-heal|p2a: Regigigas|45/100|[from] item: Leftovers\n|-heal|p1a: Spiritomb|220/234 tox|[from] item: Leftovers\n|-damage|p1a: Spiritomb|178/234 tox|[from] psn\n|upkeep\n|turn|54\n|inactive|Time left: 300 sec this turn | 300 sec total\n|\n|t:|1783570379\n|move|p2a: Regigigas|Knock Off|p1a: Spiritomb\n|-damage|p1a: Spiritomb|94/234 tox\n|-enditem|p1a: Spiritomb|Leftovers|[from] move: Knock Off|[of] p2a: Regigigas\n|move|p1a: Spiritomb|Foul Play|p2a: Regigigas\n|-damage|p2a: Regigigas|3/100\n|\n|-heal|p2a: Regigigas|10/100|[from] item: Leftovers\n|-damage|p1a: Spiritomb|38/234 tox|[from] psn\n|upkeep\n|turn|55\n|inactive|Time left: 300 sec this turn | 300 sec total\n|\n|t:|1783570380\n|switch|p1a: Garganacl|Garganacl, L80, M|291/291\n|move|p2a: Regigigas|Knock Off|p1a: Garganacl\n|-damage|p1a: Garganacl|241/291\n|\n|-heal|p2a: Regigigas|16/100|[from] item: Leftovers\n|upkeep\n|turn|56\n|inactive|Time left: 300 sec this turn | 300 sec total\n|\n|t:|1783570381\n|move|p2a: Regigigas|Protect|p2a: Regigigas\n|-singleturn|p2a: Regigigas|Protect\n|move|p1a: Garganacl|Iron Defense|p1a: Garganacl\n|-boost|p1a: Garganacl|def|2\n|\n|-heal|p2a: Regigigas|22/100|[from] item: Leftovers\n|upkeep\n|turn|57\n|inactive|Time left: 300 sec this turn | 300 sec total\n|\n|t:|1783570382\n|move|p2a: Regigigas|Body Slam|p1a: Garganacl\n|-resisted|p1a: Garganacl\n|-damage|p1a: Garganacl|214/291\n|move|p1a: Garganacl|Salt Cure|p2a: Regigigas\n|-end|p2a: Regigigas|Substitute\n|\n|-heal|p2a: Regigigas|28/100|[from] item: Leftovers\n|upkeep\n|turn|58\n|inactive|Time left: 300 sec this turn | 300 sec total\n|\n|t:|1783570382\n|move|p2a: Regigigas|Protect|p2a: Regigigas\n|-singleturn|p2a: Regigigas|Protect\n|move|p1a: Garganacl|Salt Cure|p2a: Regigigas\n|-activate|p2a: Regigigas|move: Protect\n|\n|-heal|p2a: Regigigas|34/100|[from] item: Leftovers\n|upkeep\n|turn|59\n|inactive|Time left: 300 sec this turn | 300 sec total\n|\n|t:|1783570383\n|move|p2a: Regigigas|Protect||[still]\n|-fail|p2a: Regigigas\n|move|p1a: Garganacl|Salt Cure|p2a: Regigigas\n|-damage|p2a: Regigigas|23/100\n|-start|p2a: Regigigas|Salt Cure\n|\n|-heal|p2a: Regigigas|29/100|[from] item: Leftovers\n|-damage|p2a: Regigigas|17/100|[from] Salt Cure\n|upkeep\n|turn|60\n|inactive|Time left: 300 sec this turn | 300 sec total\n|\n|t:|1783570384\n|move|p2a: Regigigas|Knock Off|p1a: Garganacl\n|-damage|p1a: Garganacl|187/291\n|move|p1a: Garganacl|Salt Cure|p2a: Regigigas\n|-damage|p2a: Regigigas|6/100\n|\n|-heal|p2a: Regigigas|12/100|[from] item: Leftovers\n|-damage|p2a: Regigigas|0 fnt|[from] Salt Cure\n|faint|p2a: Regigigas\n|-end|p2a: Regigigas|Slow Start|[silent]\n|\n|win|p0x2718441e", "uploadtime": 1783570384, "views": 0, "rating": 0, "private": 0, "password": null, "_winner": "p0x2718441e", "_our_name": "p0x2718441e"}