{"id": "battle-gen9randombattle-2457", "formatid": "gen9randombattle", "format": "[Gen 9] Random Battle", "players": ["p0x24572699", "p0y2457f52a"], "log": "|init|battle\n|title|p0x24572699 vs. p0y2457f52a\n|j|\u2606p0x24572699\n|j|\u2606p0y2457f52a\n|t:|1783567516\n|gametype|singles\n|player|p1|p0x24572699|102|\n|player|p2|p0y2457f52a|102|\n|gen|9\n|tier|[Gen 9] Random Battle\n|rule|Species Clause: Limit one of each Pok\u00e9mon\n|rule|HP Percentage Mod: HP is shown in percentages\n|rule|Sleep Clause Mod: Limit one foe put to sleep\n|rule|Illusion Level Mod: Illusion disguises the Pok\u00e9mon's true level\n|\n|t:|1783567516\n|teamsize|p1|6\n|teamsize|p2|6\n|start\n|switch|p1a: Dugtrio|Dugtrio-Alola, L84, M|100/100\n|switch|p2a: Gallade|Gallade, L80, M|240/240\n|turn|1\n|inactive|Battle timer is ON: inactive players will automatically lose when time's up. (requested by p0y2457f52a)\n|\n|t:|1783567517\n|move|p1a: Dugtrio|Iron Head|p2a: Gallade\n|-damage|p2a: Gallade|91/240\n|-damage|p1a: Dugtrio|91/100|[from] item: Life Orb\n|move|p2a: Gallade|Sacred Sword|p1a: Dugtrio\n|-supereffective|p1a: Dugtrio\n|-damage|p1a: Dugtrio|0 fnt\n|-ability|p1a: Dugtrio|Tangling Hair\n|-unboost|p2a: Gallade|spe|1\n|faint|p1a: Dugtrio\n|-damage|p2a: Gallade|67/240|[from] item: Life Orb\n|\n|upkeep\n|inactive|p0x24572699 also wants the timer to be on.\n|\n|t:|1783567518\n|switch|p1a: Miraidon|Miraidon, L65|100/100\n|-fieldstart|move: Electric Terrain|[from] ability: Hadron Engine|[of] p1a: Miraidon\n|turn|2\n|inactive|Time left: 300 sec this turn | 300 sec total\n|\n|t:|1783567519\n|move|p1a: Miraidon|Electro Drift|p2a: Gallade\n|-damage|p2a: Gallade|0 fnt\n|faint|p2a: Gallade\n|\n|upkeep\n|inactive|Time left: 300 sec this turn | 300 sec total | 5 sec grace\n|\n|t:|1783567520\n|switch|p2a: Vikavolt|Vikavolt, L83, F|263/263\n|turn|3\n|inactive|Time left: 300 sec this turn | 300 sec total\n|\n|t:|1783567521\n|move|p1a: Miraidon|Electro Drift|p2a: Vikavolt\n|-resisted|p2a: Vikavolt\n|-crit|p2a: Vikavolt\n|-damage|p2a: Vikavolt|62/263\n|move|p2a: Vikavolt|Sticky Web|p1a: Miraidon\n|-sidestart|p1: p0x24572699|move: Sticky Web\n|\n|upkeep\n|turn|4\n|inactive|Time left: 300 sec this turn | 300 sec total\n|\n|t:|1783567522\n|move|p1a: Miraidon|Electro Drift|p2a: Vikavolt\n|-resisted|p2a: Vikavolt\n|-damage|p2a: Vikavolt|0 fnt\n|faint|p2a: Vikavolt\n|\n|upkeep\n|inactive|Time left: 300 sec this turn | 300 sec total | 5 sec grace\n|\n|t:|1783567523\n|switch|p2a: Cryogonal|Cryogonal, L89|287/287\n|turn|5\n|inactive|Time left: 300 sec this turn | 300 sec total\n|\n|t:|1783567524\n|move|p2a: Cryogonal|Freeze-Dry|p1a: Miraidon\n|-supereffective|p1a: Miraidon\n|-damage|p1a: Miraidon|25/100\n|move|p1a: Miraidon|Electro Drift|p2a: Cryogonal\n|-damage|p2a: Cryogonal|139/287\n|\n|upkeep\n|turn|6\n|inactive|Time left: 300 sec this turn | 300 sec total\n|\n|t:|1783567525\n|move|p2a: Cryogonal|Freeze-Dry|p1a: Miraidon\n|-supereffective|p1a: Miraidon\n|-damage|p1a: Miraidon|0 fnt\n|faint|p1a: Miraidon\n|\n|-fieldend|move: Electric Terrain\n|upkeep\n|\n|t:|1783567526\n|switch|p1a: Mabosstiff|Mabosstiff, L86, M|100/100\n|-activate|p1a: Mabosstiff|move: Sticky Web\n|-unboost|p1a: Mabosstiff|spe|1\n|turn|7\n|inactive|Time left: 300 sec this turn | 300 sec total\n|\n|t:|1783567528\n|move|p2a: Cryogonal|Recover|p2a: Cryogonal\n|-heal|p2a: Cryogonal|283/287\n|move|p1a: Mabosstiff|Crunch|p2a: Cryogonal\n|-damage|p2a: Cryogonal|127/287\n|-unboost|p2a: Cryogonal|def|1\n|\n|upkeep\n|turn|8\n|inactive|Time left: 300 sec this turn | 300 sec total\n|\n|t:|1783567529\n|switch|p2a: Grimmsnarl|Grimmsnarl, L83, M|293/293\n|move|p1a: Mabosstiff|Crunch|p2a: Grimmsnarl\n|-resisted|p2a: Grimmsnarl\n|-damage|p2a: Grimmsnarl|229/293\n|\n|-heal|p2a: Grimmsnarl|247/293|[from] item: Leftovers\n|upkeep\n|turn|9\n|inactive|Time left: 300 sec this turn | 300 sec total\n|\n|t:|1783567530\n|move|p1a: Mabosstiff|Crunch|p2a: Grimmsnarl\n|-resisted|p2a: Grimmsnarl\n|-damage|p2a: Grimmsnarl|211/293\n|move|p2a: Grimmsnarl|Spirit Break|p1a: Mabosstiff\n|-supereffective|p1a: Mabosstiff\n|-damage|p1a: Mabosstiff|38/100\n|-unboost|p1a: Mabosstiff|spa|1\n|\n|-heal|p2a: Grimmsnarl|229/293|[from] item: Leftovers\n|upkeep\n|turn|10\n|inactive|Time left: 300 sec this turn | 300 sec total\n|\n|t:|1783567531\n|move|p1a: Mabosstiff|Crunch|p2a: Grimmsnarl\n|-resisted|p2a: Grimmsnarl\n|-damage|p2a: Grimmsnarl|198/293\n|move|p2a: Grimmsnarl|Spirit Break|p1a: Mabosstiff\n|-supereffective|p1a: Mabosstiff\n|-damage|p1a: Mabosstiff|0 fnt\n|faint|p1a: Mabosstiff\n|\n|-heal|p2a: Grimmsnarl|216/293|[from] item: Leftovers\n|upkeep\n|\n|t:|1783567532\n|switch|p1a: Kyogre|Kyogre, L71|100/100\n|-activate|p1a: Kyogre|move: Sticky Web\n|-unboost|p1a: Kyogre|spe|1\n|-weather|RainDance|[from] ability: Drizzle|[of] p1a: Kyogre\n|turn|11\n|inactive|Time left: 300 sec this turn | 300 sec total\n|\n|t:|1783567533\n|move|p2a: Grimmsnarl|Parting Shot|p1a: Kyogre\n|-unboost|p1a: Kyogre|atk|1\n|-unboost|p1a: Kyogre|spa|1\n|inactive|Time left: 300 sec this turn | 300 sec total | 5 sec grace\n|\n|t:|1783567533\n|switch|p2a: Basculegion|Basculegion, L80, M|323/323|[from] Parting Shot\n|move|p1a: Kyogre|Origin Pulse|p2a: Basculegion\n|-resisted|p2a: Basculegion\n|-damage|p2a: Basculegion|277/323\n|\n|-weather|RainDance|[upkeep]\n|upkeep\n|turn|12\n|inactive|Time left: 300 sec this turn | 300 sec total\n|\n|t:|1783567534\n|move|p2a: Basculegion|Flip Turn|p1a: Kyogre\n|-resisted|p1a: Kyogre\n|-damage|p1a: Kyogre|68/100\n|inactive|Time left: 300 sec this turn | 300 sec total | 5 sec grace\n|\n|t:|1783567535\n|switch|p2a: Grimmsnarl|Grimmsnarl, L83, M|216/293|[from] Flip Turn\n|move|p1a: Kyogre|Calm Mind|p1a: Kyogre\n|-boost|p1a: Kyogre|spa|1\n|-boost|p1a: Kyogre|spd|1\n|\n|-weather|RainDance|[upkeep]\n|-heal|p2a: Grimmsnarl|234/293|[from] item: Leftovers\n|-heal|p1a: Kyogre|75/100|[from] item: Leftovers\n|upkeep\n|turn|13\n|inactive|Time left: 300 sec this turn | 300 sec total\n|\n|t:|1783567536\n|move|p2a: Grimmsnarl|Spirit Break|p1a: Kyogre\n|-damage|p1a: Kyogre|33/100\n|-unboost|p1a: Kyogre|spa|1\n|move|p1a: Kyogre|Origin Pulse|p2a: Grimmsnarl\n|-damage|p2a: Grimmsnarl|107/293\n|\n|-weather|RainDance|[upkeep]\n|-heal|p2a: Grimmsnarl|125/293|[from] item: Leftovers\n|-heal|p1a: Kyogre|39/100|[from] item: Leftovers\n|upkeep\n|turn|14\n|inactive|Time left: 300 sec this turn | 300 sec total\n|\n|t:|1783567537\n|switch|p1a: Chimecho|Chimecho, L93, M|100/100\n|move|p2a: Grimmsnarl|Spirit Break|p1a: Chimecho\n|-damage|p1a: Chimecho|72/100\n|-unboost|p1a: Chimecho|spa|1\n|\n|-weather|RainDance|[upkeep]\n|-heal|p1a: Chimecho|78/100|[from] item: Leftovers\n|-heal|p2a: Grimmsnarl|143/293|[from] item: Leftovers\n|upkeep\n|turn|15\n|inactive|Time left: 300 sec this turn | 300 sec total\n|\n|t:|1783567538\n|move|p1a: Chimecho|Recover|p1a: Chimecho\n|-heal|p1a: Chimecho|100/100\n|move|p2a: Grimmsnarl|Spirit Break|p1a: Chimecho\n|-damage|p1a: Chimecho|69/100\n|-unboost|p1a: Chimecho|spa|1\n|\n|-weather|none\n|-heal|p1a: Chimecho|75/100|[from] item: Leftovers\n|-heal|p2a: Grimmsnarl|161/293|[from] item: Leftovers\n|upkeep\n|turn|16\n|inactive|Time left: 300 sec this turn | 300 sec total\n|\n|t:|1783567539\n|switch|p1a: Kyogre|Kyogre, L71|39/100\n|-activate|p1a: Kyogre|move: Sticky Web\n|-unboost|p1a: Kyogre|spe|1\n|-weather|RainDance|[from] ability: Drizzle|[of] p1a: Kyogre\n|move|p2a: Grimmsnarl|Spirit Break|p1a: Kyogre\n|-damage|p1a: Kyogre|0 fnt\n|faint|p1a: Kyogre\n|\n|-weather|RainDance|[upkeep]\n|-heal|p2a: Grimmsnarl|179/293|[from] item: Leftovers\n|upkeep\n|\n|t:|1783567540\n|switch|p1a: Chimecho|Chimecho, L93, M|75/100\n|turn|17\n|inactive|Time left: 300 sec this turn | 300 sec total\n|\n|t:|1783567541\n|move|p1a: Chimecho|Recover|p1a: Chimecho\n|-heal|p1a: Chimecho|100/100\n|move|p2a: Grimmsnarl|Spirit Break|p1a: Chimecho\n|-damage|p1a: Chimecho|68/100\n|-unboost|p1a: Chimecho|spa|1\n|\n|-weather|RainDance|[upkeep]\n|-heal|p1a: Chimecho|75/100|[from] item: Leftovers\n|-heal|p2a: Grimmsnarl|197/293|[from] item: Leftovers\n|upkeep\n|turn|18\n|inactive|Time left: 300 sec this turn | 300 sec total\n|\n|t:|1783567542\n|move|p1a: Chimecho|Recover|p1a: Chimecho\n|-heal|p1a: Chimecho|100/100\n|move|p2a: Grimmsnarl|Spirit Break|p1a: Chimecho\n|-damage|p1a: Chimecho|70/100\n|-unboost|p1a: Chimecho|spa|1\n|\n|-weather|RainDance|[upkeep]\n|-heal|p1a: Chimecho|76/100|[from] item: Leftovers\n|-heal|p2a: Grimmsnarl|215/293|[from] item: Leftovers\n|upkeep\n|turn|19\n|inactive|Time left: 300 sec this turn | 300 sec total\n|\n|t:|1783567543\n|switch|p1a: Illumise|Illumise, L91, F|100/100\n|move|p2a: Grimmsnarl|Spirit Break|p1a: Illumise\n|-damage|p1a: Illumise|63/100\n|-unboost|p1a: Illumise|spa|1\n|\n|-weather|RainDance|[upkeep]\n|-heal|p2a: Grimmsnarl|233/293|[from] item: Leftovers\n|upkeep\n|turn|20\n|inactive|Time left: 300 sec this turn | 300 sec total\n|\n|t:|1783567544\n|switch|p1a: Chimecho|Chimecho, L93, M|76/100\n|move|p2a: Grimmsnarl|Spirit Break|p1a: Chimecho\n|-damage|p1a: Chimecho|43/100\n|-unboost|p1a: Chimecho|spa|1\n|\n|-weather|none\n|-heal|p1a: Chimecho|49/100|[from] item: Leftovers\n|-heal|p2a: Grimmsnarl|251/293|[from] item: Leftovers\n|upkeep\n|turn|21\n|inactive|Time left: 300 sec this turn | 300 sec total\n|\n|t:|1783567545\n|move|p1a: Chimecho|Recover|p1a: Chimecho\n|-heal|p1a: Chimecho|99/100\n|move|p2a: Grimmsnarl|Spirit Break|p1a: Chimecho\n|-damage|p1a: Chimecho|66/100\n|-unboost|p1a: Chimecho|spa|1\n|\n|-heal|p1a: Chimecho|72/100|[from] item: Leftovers\n|-heal|p2a: Grimmsnarl|269/293|[from] item: Leftovers\n|upkeep\n|turn|22\n|inactive|Time left: 300 sec this turn | 300 sec total\n|\n|t:|1783567546\n|move|p1a: Chimecho|Recover|p1a: Chimecho\n|-heal|p1a: Chimecho|100/100\n|move|p2a: Grimmsnarl|Spirit Break|p1a: Chimecho\n|-damage|p1a: Chimecho|72/100\n|-unboost|p1a: Chimecho|spa|1\n|\n|-heal|p1a: Chimecho|78/100|[from] item: Leftovers\n|-heal|p2a: Grimmsnarl|287/293|[from] item: Leftovers\n|upkeep\n|turn|23\n|inactive|Time left: 300 sec this turn | 300 sec total\n|\n|t:|1783567547\n|switch|p1a: Illumise|Illumise, L91, F|63/100\n|move|p2a: Grimmsnarl|Parting Shot|p1a: Illumise\n|-unboost|p1a: Illumise|atk|1\n|-unboost|p1a: Illumise|spa|1\n|inactive|Time left: 300 sec this turn | 300 sec total | 5 sec grace\n|\n|t:|1783567548\n|switch|p2a: Clefable|Clefable, L83, F|293/293|[from] Parting Shot\n|\n|upkeep\n|turn|24\n|inactive|Time left: 300 sec this turn | 300 sec total\n|\n|t:|1783567549\n|switch|p1a: Chimecho|Chimecho, L93, M|78/100\n|move|p2a: Clefable|Calm Mind|p2a: Clefable\n|-boost|p2a: Clefable|spa|1\n|-boost|p2a: Clefable|spd|1\n|\n|-heal|p1a: Chimecho|84/100|[from] item: Leftovers\n|upkeep\n|turn|25\n|inactive|Time left: 300 sec this turn | 300 sec total\n|\n|t:|1783567550\n|move|p1a: Chimecho|Encore|p2a: Clefable\n|-start|p2a: Clefable|Encore\n|move|p2a: Clefable|Calm Mind|p2a: Clefable\n|-boost|p2a: Clefable|spa|1\n|-boost|p2a: Clefable|spd|1\n|\n|-heal|p1a: Chimecho|90/100|[from] item: Leftovers\n|upkeep\n|turn|26\n|inactive|Time left: 300 sec this turn | 300 sec total\n|\n|t:|1783567552\n|move|p1a: Chimecho|Recover|p1a: Chimecho\n|-heal|p1a: Chimecho|100/100\n|move|p2a: Clefable|Calm Mind|p2a: Clefable\n|-boost|p2a: Clefable|spa|1\n|-boost|p2a: Clefable|spd|1\n|\n|upkeep\n|turn|27\n|inactive|Time left: 300 sec this turn | 300 sec total\n|\n|t:|1783567553\n|switch|p1a: Illumise|Illumise, L91, F|63/100\n|move|p2a: Clefable|Calm Mind|p2a: Clefable\n|-boost|p2a: Clefable|spa|1\n|-boost|p2a: Clefable|spd|1\n|\n|-end|p2a: Clefable|Encore\n|upkeep\n|turn|28\n|inactive|Time left: 300 sec this turn | 300 sec total\n|\n|t:|1783567554\n|move|p1a: Illumise|Encore|p2a: Clefable\n|-start|p2a: Clefable|Encore\n|move|p2a: Clefable|Calm Mind|p2a: Clefable\n|-boost|p2a: Clefable|spa|1\n|-boost|p2a: Clefable|spd|1\n|\n|upkeep\n|turn|29\n|inactive|Time left: 300 sec this turn | 300 sec total\n|\n|t:|1783567555\n|move|p1a: Illumise|Thunder Wave|p2a: Clefable|[miss]\n|-miss|p1a: Illumise|p2a: Clefable\n|move|p2a: Clefable|Calm Mind|p2a: Clefable\n|-boost|p2a: Clefable|spa|1\n|-boost|p2a: Clefable|spd|1\n|\n|upkeep\n|turn|30\n|inactive|Time left: 300 sec this turn | 300 sec total\n|\n|t:|1783567556\n|-terastallize|p1a: Illumise|Water\n|move|p1a: Illumise|Roost|p1a: Illumise\n|-heal|p1a: Illumise|100/100\n|move|p2a: Clefable|Calm Mind|p2a: Clefable\n|-boost|p2a: Clefable|spa|0\n|-boost|p2a: Clefable|spd|0\n|\n|-end|p2a: Clefable|Encore\n|upkeep\n|turn|31\n|inactive|Time left: 300 sec this turn | 300 sec total\n|\n|t:|1783567557\n|move|p1a: Illumise|Encore|p2a: Clefable\n|-start|p2a: Clefable|Encore\n|move|p2a: Clefable|Calm Mind|p2a: Clefable\n|-boost|p2a: Clefable|spa|0\n|-boost|p2a: Clefable|spd|0\n|\n|upkeep\n|turn|32\n|inactive|Time left: 300 sec this turn | 300 sec total\n|\n|t:|1783567558\n|move|p1a: Illumise|Thunder Wave|p2a: Clefable\n|-status|p2a: Clefable|par\n|cant|p2a: Clefable|par\n|\n|upkeep\n|turn|33\n|inactive|Time left: 300 sec this turn | 300 sec total\n|\n|t:|1783567559\n|move|p1a: Illumise|Encore||[still]\n|-fail|p1a: Illumise\n|move|p2a: Clefable|Calm Mind|p2a: Clefable\n|-boost|p2a: Clefable|spa|0\n|-boost|p2a: Clefable|spd|0\n|\n|-end|p2a: Clefable|Encore\n|upkeep\n|turn|34\n|inactive|Time left: 300 sec this turn | 300 sec total\n|\n|t:|1783567560\n|move|p1a: Illumise|Encore|p2a: Clefable\n|-start|p2a: Clefable|Encore\n|move|p2a: Clefable|Calm Mind|p2a: Clefable\n|-boost|p2a: Clefable|spa|0\n|-boost|p2a: Clefable|spd|0\n|\n|upkeep\n|turn|35\n|inactive|Time left: 300 sec this turn | 300 sec total\n|\n|t:|1783567561\n|move|p1a: Illumise|Bug Buzz|p2a: Clefable\n|-resisted|p2a: Clefable\n|-damage|p2a: Clefable|281/293 par\n|move|p2a: Clefable|Calm Mind|p2a: Clefable\n|-boost|p2a: Clefable|spa|0\n|-boost|p2a: Clefable|spd|0\n|\n|upkeep\n|turn|36\n|inactive|Time left: 300 sec this turn | 300 sec total\n|\n|t:|1783567562\n|switch|p1a: Chimecho|Chimecho, L93, M|100/100\n|move|p2a: Clefable|Calm Mind|p2a: Clefable\n|-boost|p2a: Clefable|spa|0\n|-boost|p2a: Clefable|spd|0\n|\n|-end|p2a: Clefable|Encore\n|upkeep\n|turn|37\n|inactive|Time left: 300 sec this turn | 300 sec total\n|\n|t:|1783567563\n|move|p1a: Chimecho|Encore|p2a: Clefable\n|-start|p2a: Clefable|Encore\n|move|p2a: Clefable|Calm Mind|p2a: Clefable\n|-boost|p2a: Clefable|spa|0\n|-boost|p2a: Clefable|spd|0\n|\n|upkeep\n|turn|38\n|inactive|Time left: 300 sec this turn | 300 sec total\n|\n|t:|1783567564\n|move|p1a: Chimecho|Psychic Noise|p2a: Clefable\n|-damage|p2a: Clefable|257/293 par\n|-start|p2a: Clefable|move: Heal Block\n|move|p2a: Clefable|Calm Mind|p2a: Clefable\n|-boost|p2a: Clefable|spa|0\n|-boost|p2a: Clefable|spd|0\n|\n|upkeep\n|turn|39\n|inactive|Time left: 300 sec this turn | 300 sec total\n|\n|t:|1783567565\n|move|p1a: Chimecho|Psychic Noise|p2a: Clefable\n|-damage|p2a: Clefable|233/293 par\n|move|p2a: Clefable|Calm Mind|p2a: Clefable\n|-boost|p2a: Clefable|spa|0\n|-boost|p2a: Clefable|spd|0\n|\n|-end|p2a: Clefable|Encore\n|-end|p2a: Clefable|move: Heal Block\n|upkeep\n|turn|40\n|inactive|Time left: 300 sec this turn | 300 sec total\n|\n|t:|1783567566\n|move|p1a: Chimecho|Encore|p2a: Clefable\n|-start|p2a: Clefable|Encore\n|cant|p2a: Clefable|par\n|\n|upkeep\n|turn|41\n|inactive|Time left: 300 sec this turn | 300 sec total\n|\n|t:|1783567567\n|move|p1a: Chimecho|Psychic Noise|p2a: Clefable\n|-damage|p2a: Clefable|209/293 par\n|-start|p2a: Clefable|move: Heal Block\n|cant|p2a: Clefable|par\n|\n|upkeep\n|turn|42\n|inactive|Time left: 300 sec this turn | 300 sec total\n|\n|t:|1783567568\n|move|p1a: Chimecho|Psychic Noise|p2a: Clefable\n|-damage|p2a: Clefable|185/293 par\n|move|p2a: Clefable|Calm Mind|p2a: Clefable\n|-boost|p2a: Clefable|spa|0\n|-boost|p2a: Clefable|spd|0\n|\n|-end|p2a: Clefable|Encore\n|-end|p2a: Clefable|move: Heal Block\n|upkeep\n|turn|43\n|inactive|Time left: 300 sec this turn | 300 sec total\n|\n|t:|1783567569\n|move|p1a: Chimecho|Encore|p2a: Clefable\n|-start|p2a: Clefable|Encore\n|move|p2a: Clefable|Calm Mind|p2a: Clefable\n|-boost|p2a: Clefable|spa|0\n|-boost|p2a: Clefable|spd|0\n|\n|upkeep\n|turn|44\n|inactive|Time left: 300 sec this turn | 300 sec total\n|\n|t:|1783567570\n|move|p1a: Chimecho|Psychic Noise|p2a: Clefable\n|-damage|p2a: Clefable|158/293 par\n|-start|p2a: Clefable|move: Heal Block\n|move|p2a: Clefable|Calm Mind|p2a: Clefable\n|-boost|p2a: Clefable|spa|0\n|-boost|p2a: Clefable|spd|0\n|\n|upkeep\n|turn|45\n|inactive|Time left: 300 sec this turn | 300 sec total\n|\n|t:|1783567570\n|move|p1a: Chimecho|Psychic Noise|p2a: Clefable\n|-damage|p2a: Clefable|130/293 par\n|move|p2a: Clefable|Calm Mind|p2a: Clefable\n|-boost|p2a: Clefable|spa|0\n|-boost|p2a: Clefable|spd|0\n|\n|-end|p2a: Clefable|Encore\n|-end|p2a: Clefable|move: Heal Block\n|upkeep\n|turn|46\n|inactive|Time left: 300 sec this turn | 300 sec total\n|\n|t:|1783567571\n|move|p1a: Chimecho|Encore|p2a: Clefable\n|-start|p2a: Clefable|Encore\n|move|p2a: Clefable|Calm Mind|p2a: Clefable\n|-boost|p2a: Clefable|spa|0\n|-boost|p2a: Clefable|spd|0\n|\n|upkeep\n|turn|47\n|inactive|Time left: 300 sec this turn | 300 sec total\n|\n|t:|1783567572\n|move|p1a: Chimecho|Psychic Noise|p2a: Clefable\n|-damage|p2a: Clefable|103/293 par\n|-start|p2a: Clefable|move: Heal Block\n|move|p2a: Clefable|Calm Mind|p2a: Clefable\n|-boost|p2a: Clefable|spa|0\n|-boost|p2a: Clefable|spd|0\n|\n|upkeep\n|turn|48\n|inactive|Time left: 300 sec this turn | 300 sec total\n|\n|t:|1783567573\n|move|p1a: Chimecho|Psychic Noise|p2a: Clefable\n|-damage|p2a: Clefable|79/293 par\n|cant|p2a: Clefable|par\n|\n|-end|p2a: Clefable|Encore\n|-end|p2a: Clefable|move: Heal Block\n|upkeep\n|turn|49\n|inactive|Time left: 300 sec this turn | 300 sec total\n|\n|t:|1783567574\n|move|p1a: Chimecho|Encore|p2a: Clefable\n|-start|p2a: Clefable|Encore\n|move|p2a: Clefable|Calm Mind|p2a: Clefable\n|-boost|p2a: Clefable|spa|0\n|-boost|p2a: Clefable|spd|0\n|\n|upkeep\n|turn|50\n|inactive|Time left: 300 sec this turn | 300 sec total\n|\n|t:|1783567575\n|move|p1a: Chimecho|Psychic Noise|p2a: Clefable\n|-damage|p2a: Clefable|52/293 par\n|-start|p2a: Clefable|move: Heal Block\n|move|p2a: Clefable|Calm Mind|p2a: Clefable\n|-boost|p2a: Clefable|spa|0\n|-boost|p2a: Clefable|spd|0\n|\n|upkeep\n|turn|51\n|inactive|Time left: 300 sec this turn | 300 sec total\n|\n|t:|1783567576\n|move|p1a: Chimecho|Psychic Noise|p2a: Clefable\n|-damage|p2a: Clefable|27/293 par\n|move|p2a: Clefable|Calm Mind|p2a: Clefable\n|-boost|p2a: Clefable|spa|0\n|-boost|p2a: Clefable|spd|0\n|\n|-end|p2a: Clefable|Encore\n|-end|p2a: Clefable|move: Heal Block\n|upkeep\n|turn|52\n|inactive|Time left: 300 sec this turn | 300 sec total\n|\n|t:|1783567577\n|move|p1a: Chimecho|Encore|p2a: Clefable\n|-start|p2a: Clefable|Encore\n|move|p2a: Clefable|Calm Mind|p2a: Clefable\n|-boost|p2a: Clefable|spa|0\n|-boost|p2a: Clefable|spd|0\n|\n|upkeep\n|turn|53\n|inactive|Time left: 300 sec this turn | 300 sec total\n|\n|t:|1783567578\n|move|p1a: Chimecho|Psychic Noise|p2a: Clefable\n|-damage|p2a: Clefable|2/293 par\n|-start|p2a: Clefable|move: Heal Block\n|cant|p2a: Clefable|par\n|\n|upkeep\n|turn|54\n|inactive|Time left: 300 sec this turn | 300 sec total\n|\n|t:|1783567580\n|switch|p2a: Grimmsnarl|Grimmsnarl, L83, M|287/293\n|move|p1a: Chimecho|Psychic Noise|p2a: Grimmsnarl\n|-immune|p2a: Grimmsnarl\n|\n|-heal|p2a: Grimmsnarl|293/293|[from] item: Leftovers\n|upkeep\n|turn|55\n|inactive|Time left: 300 sec this turn | 300 sec total\n|\n|t:|1783567581\n|move|p1a: Chimecho|Encore||[still]\n|-fail|p1a: Chimecho\n|move|p2a: Grimmsnarl|Spirit Break|p1a: Chimecho\n|-damage|p1a: Chimecho|68/100\n|-unboost|p1a: Chimecho|spa|1\n|\n|-heal|p1a: Chimecho|74/100|[from] item: Leftovers\n|upkeep\n|turn|56\n|inactive|Time left: 300 sec this turn | 300 sec total\n|\n|t:|1783567582\n|move|p1a: Chimecho|Recover|p1a: Chimecho\n|-heal|p1a: Chimecho|100/100\n|move|p2a: Grimmsnarl|Spirit Break|p1a: Chimecho\n|-damage|p1a: Chimecho|68/100\n|-unboost|p1a: Chimecho|spa|1\n|\n|-heal|p1a: Chimecho|74/100|[from] item: Leftovers\n|upkeep\n|turn|57\n|inactive|Time left: 300 sec this turn | 300 sec total\n|\n|t:|1783567583\n|move|p1a: Chimecho|Recover|p1a: Chimecho\n|-heal|p1a: Chimecho|100/100\n|move|p2a: Grimmsnarl|Spirit Break|p1a: Chimecho\n|-damage|p1a: Chimecho|69/100\n|-unboost|p1a: Chimecho|spa|1\n|\n|-heal|p1a: Chimecho|76/100|[from] item: Leftovers\n|upkeep\n|turn|58\n|inactive|Time left: 300 sec this turn | 300 sec total\n|\n|t:|1783567584\n|switch|p1a: Illumise|Illumise, L91, F, tera:Water|100/100\n|move|p2a: Grimmsnarl|Spirit Break|p1a: Illumise\n|-damage|p1a: Illumise|65/100\n|-unboost|p1a: Illumise|spa|1\n|\n|upkeep\n|turn|59\n|inactive|Time left: 300 sec this turn | 300 sec total\n|\n|t:|1783567585\n|switch|p1a: Chimecho|Chimecho, L93, M|76/100\n|move|p2a: Grimmsnarl|Spirit Break|p1a: Chimecho\n|-damage|p1a: Chimecho|46/100\n|-unboost|p1a: Chimecho|spa|1\n|\n|-heal|p1a: Chimecho|53/100|[from] item: Leftovers\n|upkeep\n|turn|60\n|inactive|Time left: 300 sec this turn | 300 sec total\n|\n|t:|1783567586\n|switch|p1a: Illumise|Illumise, L91, F, tera:Water|65/100\n|move|p2a: Grimmsnarl|Spirit Break|p1a: Illumise\n|-damage|p1a: Illumise|30/100\n|-unboost|p1a: Illumise|spa|1\n|\n|upkeep\n|turn|61\n|inactive|Time left: 300 sec this turn | 300 sec total\n|\n|t:|1783567587\n|switch|p1a: Chimecho|Chimecho, L93, M|53/100\n|move|p2a: Grimmsnarl|Spirit Break|p1a: Chimecho\n|-damage|p1a: Chimecho|19/100\n|-unboost|p1a: Chimecho|spa|1\n|\n|-heal|p1a: Chimecho|26/100|[from] item: Leftovers\n|upkeep\n|turn|62\n|inactive|Time left: 300 sec this turn | 300 sec total\n|\n|t:|1783567588\n|switch|p1a: Illumise|Illumise, L91, F, tera:Water|30/100\n|move|p2a: Grimmsnarl|Spirit Break|p1a: Illumise\n|-damage|p1a: Illumise|0 fnt\n|faint|p1a: Illumise\n|\n|upkeep\n|\n|t:|1783567589\n|switch|p1a: Chimecho|Chimecho, L93, M|26/100\n|turn|63\n|inactive|Time left: 300 sec this turn | 300 sec total\n|\n|t:|1783567590\n|move|p1a: Chimecho|Heal Bell||[still]\n|-activate|p1a: Chimecho|move: Heal Bell\n|-fail|p1a: Chimecho\n|move|p2a: Grimmsnarl|Spirit Break|p1a: Chimecho\n|-damage|p1a: Chimecho|0 fnt\n|faint|p1a: Chimecho\n|\n|win|p0y2457f52a", "uploadtime": 1783567590, "views": 0, "rating": 0, "private": 0, "password": null, "_winner": "p0y2457f52a", "_our_name": "p0y2457f52a"}