{"id": "battle-gen9randombattle-291", "formatid": "gen9randombattle", "format": "[Gen 9] Random Battle", "players": ["p0x291d4d0", "p0y2918633"], "log": "|init|battle\n|title|p0x291d4d0 vs. p0y2918633\n|j|\u2606p0x291d4d0\n|j|\u2606p0y2918633\n|t:|1783542437\n|gametype|singles\n|player|p1|p0x291d4d0|101|\n|player|p2|p0y2918633|2|\n|gen|9\n|tier|[Gen 9] Random Battle\n|rule|Species Clause: Limit one of each Pok\u00e9mon\n|rule|HP Percentage Mod: HP is shown in percentages\n|rule|Sleep Clause Mod: Limit one foe put to sleep\n|rule|Illusion Level Mod: Illusion disguises the Pok\u00e9mon's true level\n|\n|t:|1783542437\n|teamsize|p1|6\n|teamsize|p2|6\n|start\n|switch|p1a: Basculin|Basculin-Blue-Striped, L86, M|261/261\n|switch|p2a: Persian|Persian-Alola, L86, M|100/100\n|turn|1\n|inactive|Battle timer is ON: inactive players will automatically lose when time's up. (requested by p0x291d4d0)\n|inactive|p0y2918633 also wants the timer to be on.\n|\n|t:|1783542439\n|move|p2a: Persian|Knock Off|p1a: Basculin\n|-damage|p1a: Basculin|165/261\n|-enditem|p1a: Basculin|Choice Band|[from] move: Knock Off|[of] p2a: Persian\n|move|p1a: Basculin|Wave Crash|p2a: Persian\n|-damage|p2a: Persian|54/100\n|-damage|p1a: Basculin|127/261|[from] Recoil\n|\n|upkeep\n|turn|2\n|inactive|Time left: 300 sec this turn | 300 sec total\n|\n|t:|1783542440\n|move|p2a: Persian|Knock Off|p1a: Basculin\n|-damage|p1a: Basculin|60/261\n|move|p1a: Basculin|Flip Turn|p2a: Persian\n|-crit|p2a: Persian\n|-damage|p2a: Persian|18/100\n|inactive|Time left: 300 sec this turn | 300 sec total | 5 sec grace\n|\n|t:|1783542441\n|switch|p1a: Blaziken|Blaziken, L76, F|247/247|[from] Flip Turn\n|\n|upkeep\n|turn|3\n|inactive|Time left: 300 sec this turn | 300 sec total\n|\n|t:|1783542442\n|move|p2a: Persian|Parting Shot|p1a: Blaziken\n|-unboost|p1a: Blaziken|atk|1\n|-unboost|p1a: Blaziken|spa|1\n|\n|t:|1783542442\n|switch|p2a: Carbink|Carbink, L90|100/100|[from] Parting Shot\n|move|p1a: Blaziken|Swords Dance|p1a: Blaziken\n|-boost|p1a: Blaziken|atk|2\n|\n|-ability|p1a: Blaziken|Speed Boost|boost\n|-boost|p1a: Blaziken|spe|1\n|upkeep\n|turn|4\n|inactive|Time left: 300 sec this turn | 300 sec total\n|\n|t:|1783542443\n|move|p1a: Blaziken|Swords Dance|p1a: Blaziken\n|-boost|p1a: Blaziken|atk|2\n|move|p2a: Carbink|Iron Defense|p2a: Carbink\n|-boost|p2a: Carbink|def|2\n|\n|-ability|p1a: Blaziken|Speed Boost|boost\n|-boost|p1a: Blaziken|spe|1\n|upkeep\n|turn|5\n|inactive|Time left: 300 sec this turn | 300 sec total\n|\n|t:|1783542444\n|move|p1a: Blaziken|Close Combat|p2a: Carbink\n|-damage|p2a: Carbink|49/100\n|-unboost|p1a: Blaziken|def|1\n|-unboost|p1a: Blaziken|spd|1\n|-damage|p1a: Blaziken|223/247|[from] item: Life Orb\n|move|p2a: Carbink|Body Press|p1a: Blaziken\n|-damage|p1a: Blaziken|0 fnt\n|faint|p1a: Blaziken\n|\n|upkeep\n|inactive|Time left: 300 sec this turn | 300 sec total | 5 sec grace\n|\n|t:|1783542445\n|switch|p1a: Deoxys|Deoxys-Speed, L82|216/216\n|-ability|p1a: Deoxys|Pressure\n|turn|6\n|inactive|Time left: 300 sec this turn | 300 sec total\n|\n|t:|1783542446\n|move|p1a: Deoxys|Nasty Plot|p1a: Deoxys\n|-boost|p1a: Deoxys|spa|2\n|move|p2a: Carbink|Body Press|p1a: Deoxys\n|-resisted|p1a: Deoxys\n|-damage|p1a: Deoxys|123/216\n|\n|upkeep\n|turn|7\n|inactive|Time left: 300 sec this turn | 300 sec total\n|\n|t:|1783542447\n|switch|p2a: Sylveon|Sylveon, L85, F|100/100\n|move|p1a: Deoxys|Focus Blast|p2a: Sylveon\n|-resisted|p2a: Sylveon\n|-damage|p2a: Sylveon|78/100\n|-damage|p1a: Deoxys|102/216|[from] item: Life Orb\n|\n|-heal|p2a: Sylveon|84/100|[from] item: Leftovers\n|upkeep\n|turn|8\n|inactive|Time left: 300 sec this turn | 300 sec total\n|\n|t:|1783542448\n|move|p1a: Deoxys|Psycho Boost|p2a: Sylveon\n|-damage|p2a: Sylveon|0 fnt\n|-unboost|p1a: Deoxys|spa|2\n|faint|p2a: Sylveon\n|-damage|p1a: Deoxys|81/216|[from] item: Life Orb\n|\n|upkeep\n|\n|t:|1783542448\n|switch|p2a: Groudon|Groudon, L72|100/100\n|-weather|SunnyDay|[from] ability: Drought|[of] p2a: Groudon\n|turn|9\n|inactive|Time left: 300 sec this turn | 300 sec total\n|\n|t:|1783542449\n|move|p1a: Deoxys|Psycho Boost|p2a: Groudon\n|-damage|p2a: Groudon|24/100\n|-unboost|p1a: Deoxys|spa|2\n|-damage|p1a: Deoxys|60/216|[from] item: Life Orb\n|move|p2a: Groudon|Precipice Blades|p1a: Deoxys\n|-damage|p1a: Deoxys|0 fnt\n|faint|p1a: Deoxys\n|\n|-weather|SunnyDay|[upkeep]\n|-heal|p2a: Groudon|31/100|[from] item: Leftovers\n|upkeep\n|inactive|Time left: 300 sec this turn | 300 sec total | 5 sec grace\n|\n|t:|1783542450\n|switch|p1a: Falinks|Falinks, L84|246/246\n|turn|10\n|inactive|Time left: 300 sec this turn | 300 sec total\n|\n|t:|1783542451\n|move|p1a: Falinks|No Retreat|p1a: Falinks\n|-boost|p1a: Falinks|atk|1\n|-boost|p1a: Falinks|def|1\n|-boost|p1a: Falinks|spa|1\n|-boost|p1a: Falinks|spd|1\n|-boost|p1a: Falinks|spe|1\n|-start|p1a: Falinks|move: No Retreat\n|move|p2a: Groudon|Thunder Wave|p1a: Falinks\n|-status|p1a: Falinks|par\n|\n|-weather|SunnyDay|[upkeep]\n|-heal|p2a: Groudon|37/100|[from] item: Leftovers\n|upkeep\n|turn|11\n|inactive|Time left: 300 sec this turn | 300 sec total\n|\n|t:|1783542452\n|-terastallize|p2a: Groudon|Fire\n|move|p2a: Groudon|Heat Crash|p1a: Falinks\n|-damage|p1a: Falinks|114/246 par\n|move|p1a: Falinks|Knock Off|p2a: Groudon\n|-damage|p2a: Groudon|0 fnt\n|-enditem|p2a: Groudon|Leftovers|[from] move: Knock Off|[of] p1a: Falinks\n|faint|p2a: Groudon\n|-damage|p1a: Falinks|90/246 par|[from] item: Life Orb\n|\n|-weather|SunnyDay|[upkeep]\n|upkeep\n|\n|t:|1783542453\n|switch|p2a: Oricorio|Oricorio, L84, M|100/100\n|turn|12\n|inactive|Time left: 300 sec this turn | 300 sec total\n|\n|t:|1783542454\n|move|p2a: Oricorio|Revelation Dance|p1a: Falinks\n|-damage|p1a: Falinks|0 fnt\n|faint|p1a: Falinks\n|\n|-weather|SunnyDay|[upkeep]\n|upkeep\n|inactive|Time left: 300 sec this turn | 300 sec total | 5 sec grace\n|\n|t:|1783542455\n|switch|p1a: Krookodile|Krookodile, L79, F|280/280\n|-ability|p1a: Krookodile|Intimidate|boost\n|-unboost|p2a: Oricorio|atk|1\n|turn|13\n|inactive|Time left: 300 sec this turn | 300 sec total\n|\n|t:|1783542456\n|move|p2a: Oricorio|Revelation Dance|p1a: Krookodile\n|-damage|p1a: Krookodile|106/280\n|move|p1a: Krookodile|Knock Off|p2a: Oricorio\n|-crit|p2a: Oricorio\n|-damage|p2a: Oricorio|34/100\n|-enditem|p2a: Oricorio|Heavy-Duty Boots|[from] move: Knock Off|[of] p1a: Krookodile\n|\n|-weather|none\n|-heal|p1a: Krookodile|123/280|[from] item: Leftovers\n|upkeep\n|turn|14\n|inactive|Time left: 300 sec this turn | 300 sec total\n|\n|t:|1783542457\n|move|p2a: Oricorio|Revelation Dance|p1a: Krookodile\n|-damage|p1a: Krookodile|0 fnt\n|faint|p1a: Krookodile\n|\n|upkeep\n|inactive|Time left: 300 sec this turn | 300 sec total | 5 sec grace\n|\n|t:|1783542458\n|switch|p1a: Basculin|Basculin-Blue-Striped, L86, M|60/261\n|turn|15\n|inactive|Time left: 300 sec this turn | 300 sec total\n|\n|t:|1783542459\n|switch|p2a: Jumpluff|Jumpluff, L87, M|100/100\n|move|p1a: Basculin|Wave Crash|p2a: Jumpluff\n|-resisted|p2a: Jumpluff\n|-damage|p2a: Jumpluff|64/100\n|-damage|p1a: Basculin|27/261|[from] Recoil\n|\n|upkeep\n|turn|16\n|inactive|Time left: 300 sec this turn | 300 sec total\n|\n|t:|1783542460\n|move|p2a: Jumpluff|Strength Sap|p1a: Basculin\n|-unboost|p1a: Basculin|atk|1\n|-heal|p2a: Jumpluff|100/100\n|move|p1a: Basculin|Flip Turn|p2a: Jumpluff\n|-resisted|p2a: Jumpluff\n|-damage|p2a: Jumpluff|89/100\n|inactive|Time left: 300 sec this turn | 300 sec total | 5 sec grace\n|\n|t:|1783542461\n|switch|p1a: Salazzle|Salazzle, L83, F|249/249|[from] Flip Turn\n|\n|upkeep\n|turn|17\n|inactive|Time left: 300 sec this turn | 300 sec total\n|\n|t:|1783542462\n|move|p1a: Salazzle|Flamethrower|p2a: Jumpluff\n|-supereffective|p2a: Jumpluff\n|-damage|p2a: Jumpluff|18/100\n|move|p2a: Jumpluff|Leech Seed|p1a: Salazzle\n|-start|p1a: Salazzle|move: Leech Seed\n|\n|-damage|p1a: Salazzle|218/249|[from] Leech Seed|[of] p2a: Jumpluff\n|-heal|p2a: Jumpluff|29/100|[silent]\n|upkeep\n|turn|18\n|inactive|Time left: 300 sec this turn | 300 sec total\n|\n|t:|1783542463\n|move|p1a: Salazzle|Flamethrower|p2a: Jumpluff\n|-supereffective|p2a: Jumpluff\n|-damage|p2a: Jumpluff|0 fnt\n|faint|p2a: Jumpluff\n|\n|-heal|p1a: Salazzle|233/249|[from] item: Leftovers\n|upkeep\n|\n|t:|1783542464\n|switch|p2a: Oricorio|Oricorio, L84, M|34/100\n|turn|19\n|inactive|Time left: 300 sec this turn | 300 sec total\n|\n|t:|1783542465\n|switch|p1a: Basculin|Basculin-Blue-Striped, L86, M|27/261\n|move|p2a: Oricorio|Revelation Dance|p1a: Basculin\n|-resisted|p1a: Basculin\n|-damage|p1a: Basculin|0 fnt\n|faint|p1a: Basculin\n|\n|upkeep\n|inactive|Time left: 300 sec this turn | 300 sec total | 5 sec grace\n|\n|t:|1783542466\n|switch|p1a: Salazzle|Salazzle, L83, F|233/249\n|turn|20\n|inactive|Time left: 300 sec this turn | 300 sec total\n|\n|t:|1783542467\n|move|p1a: Salazzle|Flamethrower|p2a: Oricorio\n|-resisted|p2a: Oricorio\n|-damage|p2a: Oricorio|10/100\n|move|p2a: Oricorio|Roost|p2a: Oricorio\n|-heal|p2a: Oricorio|60/100\n|-singleturn|p2a: Oricorio|move: Roost\n|\n|-heal|p1a: Salazzle|248/249|[from] item: Leftovers\n|upkeep\n|turn|21\n|inactive|Time left: 300 sec this turn | 300 sec total\n|\n|t:|1783542468\n|move|p1a: Salazzle|Substitute|p1a: Salazzle\n|-start|p1a: Salazzle|Substitute\n|-damage|p1a: Salazzle|186/249\n|move|p2a: Oricorio|Quiver Dance|p2a: Oricorio\n|-boost|p2a: Oricorio|spa|1\n|-boost|p2a: Oricorio|spd|1\n|-boost|p2a: Oricorio|spe|1\n|\n|-heal|p1a: Salazzle|201/249|[from] item: Leftovers\n|upkeep\n|turn|22\n|inactive|Time left: 300 sec this turn | 300 sec total\n|\n|t:|1783542470\n|move|p2a: Oricorio|Revelation Dance|p1a: Salazzle\n|-resisted|p1a: Salazzle\n|-end|p1a: Salazzle|Substitute\n|move|p1a: Salazzle|Toxic|p2a: Oricorio\n|-status|p2a: Oricorio|tox\n|\n|-heal|p1a: Salazzle|216/249|[from] item: Leftovers\n|-damage|p2a: Oricorio|54/100 tox|[from] psn\n|upkeep\n|turn|23\n|inactive|Time left: 300 sec this turn | 300 sec total\n|\n|t:|1783542471\n|move|p1a: Salazzle|Protect|p1a: Salazzle\n|-singleturn|p1a: Salazzle|Protect\n|move|p2a: Oricorio|Hurricane|p1a: Salazzle\n|-activate|p1a: Salazzle|move: Protect\n|\n|-heal|p1a: Salazzle|231/249|[from] item: Leftovers\n|-damage|p2a: Oricorio|42/100 tox|[from] psn\n|upkeep\n|turn|24\n|inactive|Time left: 300 sec this turn | 300 sec total\n|\n|t:|1783542472\n|move|p1a: Salazzle|Protect||[still]\n|-fail|p1a: Salazzle\n|move|p2a: Oricorio|Hurricane|p1a: Salazzle|[miss]\n|-miss|p2a: Oricorio|p1a: Salazzle\n|\n|-heal|p1a: Salazzle|246/249|[from] item: Leftovers\n|-damage|p2a: Oricorio|23/100 tox|[from] psn\n|upkeep\n|turn|25\n|inactive|Time left: 300 sec this turn | 300 sec total\n|\n|t:|1783542473\n|move|p1a: Salazzle|Protect|p1a: Salazzle\n|-singleturn|p1a: Salazzle|Protect\n|move|p2a: Oricorio|Hurricane|p1a: Salazzle\n|-activate|p1a: Salazzle|move: Protect\n|\n|-heal|p1a: Salazzle|249/249|[from] item: Leftovers\n|-damage|p2a: Oricorio|0 fnt|[from] psn\n|faint|p2a: Oricorio\n|upkeep\n|\n|t:|1783542474\n|switch|p2a: Persian|Persian-Alola, L86, M|18/100\n|turn|26\n|inactive|Time left: 300 sec this turn | 300 sec total\n|\n|t:|1783542475\n|move|p1a: Salazzle|Protect||[still]\n|-fail|p1a: Salazzle\n|move|p2a: Persian|Parting Shot|p1a: Salazzle\n|-unboost|p1a: Salazzle|atk|1\n|-unboost|p1a: Salazzle|spa|1\n|\n|t:|1783542476\n|switch|p2a: Carbink|Carbink, L90|49/100|[from] Parting Shot\n|\n|upkeep\n|turn|27\n|inactive|Time left: 300 sec this turn | 300 sec total\n|\n|t:|1783542477\n|move|p1a: Salazzle|Substitute|p1a: Salazzle\n|-start|p1a: Salazzle|Substitute\n|-damage|p1a: Salazzle|187/249\n|move|p2a: Carbink|Iron Defense|p2a: Carbink\n|-boost|p2a: Carbink|def|2\n|\n|-heal|p1a: Salazzle|202/249|[from] item: Leftovers\n|upkeep\n|turn|28\n|inactive|Time left: 300 sec this turn | 300 sec total\n|\n|t:|1783542478\n|move|p1a: Salazzle|Protect|p1a: Salazzle\n|-singleturn|p1a: Salazzle|Protect\n|move|p2a: Carbink|Body Press|p1a: Salazzle\n|-activate|p1a: Salazzle|move: Protect\n|\n|-heal|p1a: Salazzle|217/249|[from] item: Leftovers\n|upkeep\n|turn|29\n|inactive|Time left: 300 sec this turn | 300 sec total\n|\n|t:|1783542479\n|move|p1a: Salazzle|Protect||[still]\n|-fail|p1a: Salazzle\n|move|p2a: Carbink|Body Press|p1a: Salazzle\n|-resisted|p1a: Salazzle\n|-end|p1a: Salazzle|Substitute\n|\n|-heal|p1a: Salazzle|232/249|[from] item: Leftovers\n|upkeep\n|turn|30\n|inactive|Time left: 300 sec this turn | 300 sec total\n|\n|t:|1783542479\n|move|p1a: Salazzle|Protect|p1a: Salazzle\n|-singleturn|p1a: Salazzle|Protect\n|move|p2a: Carbink|Body Press|p1a: Salazzle\n|-activate|p1a: Salazzle|move: Protect\n|\n|-heal|p1a: Salazzle|247/249|[from] item: Leftovers\n|upkeep\n|turn|31\n|inactive|Time left: 300 sec this turn | 300 sec total\n|\n|t:|1783542480\n|move|p1a: Salazzle|Substitute|p1a: Salazzle\n|-start|p1a: Salazzle|Substitute\n|-damage|p1a: Salazzle|185/249\n|move|p2a: Carbink|Body Press|p1a: Salazzle\n|-resisted|p1a: Salazzle\n|-end|p1a: Salazzle|Substitute\n|\n|-heal|p1a: Salazzle|200/249|[from] item: Leftovers\n|upkeep\n|turn|32\n|inactive|Time left: 300 sec this turn | 300 sec total\n|\n|t:|1783542481\n|move|p1a: Salazzle|Protect|p1a: Salazzle\n|-singleturn|p1a: Salazzle|Protect\n|move|p2a: Carbink|Body Press|p1a: Salazzle\n|-activate|p1a: Salazzle|move: Protect\n|\n|-heal|p1a: Salazzle|215/249|[from] item: Leftovers\n|upkeep\n|turn|33\n|inactive|Time left: 300 sec this turn | 300 sec total\n|\n|t:|1783542482\n|move|p1a: Salazzle|Substitute|p1a: Salazzle\n|-start|p1a: Salazzle|Substitute\n|-damage|p1a: Salazzle|153/249\n|move|p2a: Carbink|Body Press|p1a: Salazzle\n|-resisted|p1a: Salazzle\n|-end|p1a: Salazzle|Substitute\n|\n|-heal|p1a: Salazzle|168/249|[from] item: Leftovers\n|upkeep\n|turn|34\n|inactive|Time left: 300 sec this turn | 300 sec total\n|\n|t:|1783542483\n|move|p1a: Salazzle|Protect|p1a: Salazzle\n|-singleturn|p1a: Salazzle|Protect\n|move|p2a: Carbink|Body Press|p1a: Salazzle\n|-activate|p1a: Salazzle|move: Protect\n|\n|-heal|p1a: Salazzle|183/249|[from] item: Leftovers\n|upkeep\n|turn|35\n|inactive|Time left: 300 sec this turn | 300 sec total\n|\n|t:|1783542484\n|move|p1a: Salazzle|Substitute|p1a: Salazzle\n|-start|p1a: Salazzle|Substitute\n|-damage|p1a: Salazzle|121/249\n|move|p2a: Carbink|Body Press|p1a: Salazzle\n|-resisted|p1a: Salazzle\n|-crit|p1a: Salazzle\n|-end|p1a: Salazzle|Substitute\n|\n|-heal|p1a: Salazzle|136/249|[from] item: Leftovers\n|upkeep\n|turn|36\n|inactive|Time left: 300 sec this turn | 300 sec total\n|\n|t:|1783542485\n|move|p1a: Salazzle|Protect|p1a: Salazzle\n|-singleturn|p1a: Salazzle|Protect\n|move|p2a: Carbink|Body Press|p1a: Salazzle\n|-activate|p1a: Salazzle|move: Protect\n|\n|-heal|p1a: Salazzle|151/249|[from] item: Leftovers\n|upkeep\n|turn|37\n|inactive|Time left: 300 sec this turn | 300 sec total\n|\n|t:|1783542486\n|move|p1a: Salazzle|Substitute|p1a: Salazzle\n|-start|p1a: Salazzle|Substitute\n|-damage|p1a: Salazzle|89/249\n|move|p2a: Carbink|Body Press|p1a: Salazzle\n|-resisted|p1a: Salazzle\n|-end|p1a: Salazzle|Substitute\n|\n|-heal|p1a: Salazzle|104/249|[from] item: Leftovers\n|upkeep\n|turn|38\n|inactive|Time left: 300 sec this turn | 300 sec total\n|\n|t:|1783542487\n|move|p1a: Salazzle|Protect|p1a: Salazzle\n|-singleturn|p1a: Salazzle|Protect\n|move|p2a: Carbink|Body Press|p1a: Salazzle\n|-activate|p1a: Salazzle|move: Protect\n|\n|-heal|p1a: Salazzle|119/249|[from] item: Leftovers\n|upkeep\n|turn|39\n|inactive|Time left: 300 sec this turn | 300 sec total\n|\n|t:|1783542488\n|move|p1a: Salazzle|Substitute|p1a: Salazzle\n|-start|p1a: Salazzle|Substitute\n|-damage|p1a: Salazzle|57/249\n|move|p2a: Carbink|Body Press|p1a: Salazzle\n|-resisted|p1a: Salazzle\n|-end|p1a: Salazzle|Substitute\n|\n|-heal|p1a: Salazzle|72/249|[from] item: Leftovers\n|upkeep\n|turn|40\n|inactive|Time left: 300 sec this turn | 300 sec total\n|\n|t:|1783542489\n|move|p1a: Salazzle|Protect|p1a: Salazzle\n|-singleturn|p1a: Salazzle|Protect\n|move|p2a: Carbink|Body Press|p1a: Salazzle\n|-activate|p1a: Salazzle|move: Protect\n|\n|-heal|p1a: Salazzle|87/249|[from] item: Leftovers\n|upkeep\n|turn|41\n|inactive|Time left: 300 sec this turn | 300 sec total\n|\n|t:|1783542490\n|move|p1a: Salazzle|Substitute|p1a: Salazzle\n|-start|p1a: Salazzle|Substitute\n|-damage|p1a: Salazzle|25/249\n|move|p2a: Carbink|Moonblast|p1a: Salazzle\n|-resisted|p1a: Salazzle\n|-activate|p1a: Salazzle|move: Substitute|[damage]\n|\n|-heal|p1a: Salazzle|40/249|[from] item: Leftovers\n|upkeep\n|turn|42\n|inactive|Time left: 300 sec this turn | 300 sec total\n|\n|t:|1783542491\n|move|p1a: Salazzle|Toxic|p2a: Carbink\n|-status|p2a: Carbink|tox\n|move|p2a: Carbink|Rest|p2a: Carbink\n|-status|p2a: Carbink|slp|[from] move: Rest\n|-heal|p2a: Carbink|100/100 slp|[silent]\n|-enditem|p2a: Carbink|Chesto Berry|[eat]\n|-curestatus|p2a: Carbink|slp|[msg]\n|\n|-heal|p1a: Salazzle|55/249|[from] item: Leftovers\n|upkeep\n|turn|43\n|inactive|Time left: 300 sec this turn | 300 sec total\n|\n|t:|1783542492\n|move|p1a: Salazzle|Toxic|p2a: Carbink\n|-status|p2a: Carbink|tox\n|move|p2a: Carbink|Moonblast|p1a: Salazzle\n|-resisted|p1a: Salazzle\n|-activate|p1a: Salazzle|move: Substitute|[damage]\n|\n|-heal|p1a: Salazzle|70/249|[from] item: Leftovers\n|-damage|p2a: Carbink|95/100 tox|[from] psn\n|upkeep\n|turn|44\n|inactive|Time left: 300 sec this turn | 300 sec total\n|\n|t:|1783542493\n|move|p1a: Salazzle|Flamethrower|p2a: Carbink\n|-resisted|p2a: Carbink\n|-damage|p2a: Carbink|86/100 tox\n|move|p2a: Carbink|Rest|p2a: Carbink\n|-status|p2a: Carbink|slp|[from] move: Rest\n|-heal|p2a: Carbink|100/100 slp|[silent]\n|\n|-heal|p1a: Salazzle|85/249|[from] item: Leftovers\n|upkeep\n|turn|45\n|inactive|Time left: 300 sec this turn | 300 sec total\n|\n|t:|1783542494\n|move|p1a: Salazzle|Flamethrower|p2a: Carbink\n|-resisted|p2a: Carbink\n|-damage|p2a: Carbink|91/100 slp\n|cant|p2a: Carbink|slp\n|\n|-heal|p1a: Salazzle|100/249|[from] item: Leftovers\n|upkeep\n|turn|46\n|inactive|Time left: 300 sec this turn | 300 sec total\n|\n|t:|1783542495\n|move|p1a: Salazzle|Protect|p1a: Salazzle\n|-singleturn|p1a: Salazzle|Protect\n|cant|p2a: Carbink|slp\n|\n|-heal|p1a: Salazzle|115/249|[from] item: Leftovers\n|upkeep\n|turn|47\n|inactive|Time left: 300 sec this turn | 300 sec total\n|\n|t:|1783542496\n|move|p1a: Salazzle|Substitute|p1a: Salazzle\n|-fail|p1a: Salazzle|move: Substitute\n|-curestatus|p2a: Carbink|slp|[msg]\n|move|p2a: Carbink|Moonblast|p1a: Salazzle\n|-resisted|p1a: Salazzle\n|-end|p1a: Salazzle|Substitute\n|\n|-heal|p1a: Salazzle|130/249|[from] item: Leftovers\n|upkeep\n|turn|48\n|inactive|Time left: 300 sec this turn | 300 sec total\n|\n|t:|1783542497\n|move|p1a: Salazzle|Toxic|p2a: Carbink\n|-status|p2a: Carbink|tox\n|move|p2a: Carbink|Moonblast|p1a: Salazzle\n|-resisted|p1a: Salazzle\n|-damage|p1a: Salazzle|108/249\n|\n|-heal|p1a: Salazzle|123/249|[from] item: Leftovers\n|-damage|p2a: Carbink|85/100 tox|[from] psn\n|upkeep\n|turn|49\n|inactive|Time left: 300 sec this turn | 300 sec total\n|\n|t:|1783542498\n|move|p1a: Salazzle|Substitute|p1a: Salazzle\n|-start|p1a: Salazzle|Substitute\n|-damage|p1a: Salazzle|61/249\n|move|p2a: Carbink|Rest|p2a: Carbink\n|-status|p2a: Carbink|slp|[from] move: Rest\n|-heal|p2a: Carbink|100/100 slp|[silent]\n|\n|-heal|p1a: Salazzle|76/249|[from] item: Leftovers\n|upkeep\n|turn|50\n|inactive|Time left: 300 sec this turn | 300 sec total\n|\n|t:|1783542499\n|move|p1a: Salazzle|Flamethrower|p2a: Carbink\n|-resisted|p2a: Carbink\n|-crit|p2a: Carbink\n|-damage|p2a: Carbink|81/100 slp\n|cant|p2a: Carbink|slp\n|\n|-heal|p1a: Salazzle|91/249|[from] item: Leftovers\n|upkeep\n|turn|51\n|inactive|Time left: 300 sec this turn | 300 sec total\n|\n|t:|1783542500\n|move|p1a: Salazzle|Toxic||[still]\n|-fail|p1a: Salazzle\n|cant|p2a: Carbink|slp\n|\n|-heal|p1a: Salazzle|106/249|[from] item: Leftovers\n|upkeep\n|turn|52\n|inactive|Time left: 300 sec this turn | 300 sec total\n|\n|t:|1783542501\n|move|p1a: Salazzle|Flamethrower|p2a: Carbink\n|-resisted|p2a: Carbink\n|-damage|p2a: Carbink|72/100 slp\n|-curestatus|p2a: Carbink|slp|[msg]\n|move|p2a: Carbink|Iron Defense|p2a: Carbink\n|-boost|p2a: Carbink|def|2\n|\n|-heal|p1a: Salazzle|121/249|[from] item: Leftovers\n|upkeep\n|turn|53\n|inactive|Time left: 300 sec this turn | 300 sec total\n|\n|t:|1783542502\n|move|p1a: Salazzle|Flamethrower|p2a: Carbink\n|-resisted|p2a: Carbink\n|-damage|p2a: Carbink|63/100\n|move|p2a: Carbink|Rest|p2a: Carbink\n|-status|p2a: Carbink|slp|[from] move: Rest\n|-heal|p2a: Carbink|100/100 slp|[silent]\n|\n|-heal|p1a: Salazzle|136/249|[from] item: Leftovers\n|upkeep\n|turn|54\n|inactive|Time left: 300 sec this turn | 300 sec total\n|\n|t:|1783542503\n|move|p1a: Salazzle|Flamethrower|p2a: Carbink\n|-resisted|p2a: Carbink\n|-damage|p2a: Carbink|92/100 slp\n|cant|p2a: Carbink|slp\n|\n|-heal|p1a: Salazzle|151/249|[from] item: Leftovers\n|upkeep\n|turn|55\n|inactive|Time left: 300 sec this turn | 300 sec total\n|\n|t:|1783542504\n|move|p1a: Salazzle|Flamethrower|p2a: Carbink\n|-resisted|p2a: Carbink\n|-damage|p2a: Carbink|82/100 slp\n|cant|p2a: Carbink|slp\n|\n|-heal|p1a: Salazzle|166/249|[from] item: Leftovers\n|upkeep\n|turn|56\n|inactive|Time left: 300 sec this turn | 300 sec total\n|\n|t:|1783542505\n|move|p1a: Salazzle|Protect|p1a: Salazzle\n|-singleturn|p1a: Salazzle|Protect\n|-curestatus|p2a: Carbink|slp|[msg]\n|move|p2a: Carbink|Rest|p2a: Carbink\n|-status|p2a: Carbink|slp|[from] move: Rest\n|-heal|p2a: Carbink|100/100 slp|[silent]\n|\n|-heal|p1a: Salazzle|181/249|[from] item: Leftovers\n|upkeep\n|turn|57\n|inactive|Time left: 300 sec this turn | 300 sec total\n|\n|t:|1783542506\n|move|p1a: Salazzle|Flamethrower|p2a: Carbink\n|-resisted|p2a: Carbink\n|-damage|p2a: Carbink|91/100 slp\n|cant|p2a: Carbink|slp\n|\n|-heal|p1a: Salazzle|196/249|[from] item: Leftovers\n|upkeep\n|turn|58\n|inactive|Time left: 300 sec this turn | 300 sec total\n|\n|t:|1783542507\n|move|p1a: Salazzle|Toxic||[still]\n|-fail|p1a: Salazzle\n|cant|p2a: Carbink|slp\n|\n|-heal|p1a: Salazzle|211/249|[from] item: Leftovers\n|upkeep\n|turn|59\n|inactive|Time left: 300 sec this turn | 300 sec total\n|\n|t:|1783542508\n|move|p1a: Salazzle|Protect|p1a: Salazzle\n|-singleturn|p1a: Salazzle|Protect\n|-curestatus|p2a: Carbink|slp|[msg]\n|move|p2a: Carbink|Moonblast|p1a: Salazzle\n|-activate|p1a: Salazzle|move: Protect\n|\n|-heal|p1a: Salazzle|226/249|[from] item: Leftovers\n|upkeep\n|turn|60\n|inactive|Time left: 300 sec this turn | 300 sec total\n|\n|t:|1783542509\n|move|p1a: Salazzle|Protect||[still]\n|-fail|p1a: Salazzle\n|move|p2a: Carbink|Rest|p2a: Carbink\n|-status|p2a: Carbink|slp|[from] move: Rest\n|-heal|p2a: Carbink|100/100 slp|[silent]\n|\n|-heal|p1a: Salazzle|241/249|[from] item: Leftovers\n|upkeep\n|turn|61\n|inactive|Time left: 300 sec this turn | 300 sec total\n|\n|t:|1783542510\n|move|p1a: Salazzle|Flamethrower|p2a: Carbink\n|-resisted|p2a: Carbink\n|-damage|p2a: Carbink|91/100 slp\n|cant|p2a: Carbink|slp\n|\n|-heal|p1a: Salazzle|249/249|[from] item: Leftovers\n|upkeep\n|turn|62\n|inactive|Time left: 300 sec this turn | 300 sec total\n|\n|t:|1783542511\n|move|p1a: Salazzle|Flamethrower|p2a: Carbink\n|-resisted|p2a: Carbink\n|-damage|p2a: Carbink|81/100 slp\n|cant|p2a: Carbink|slp\n|\n|upkeep\n|turn|63\n|inactive|Time left: 300 sec this turn | 300 sec total\n|\n|t:|1783542513\n|move|p1a: Salazzle|Flamethrower|p2a: Carbink\n|-resisted|p2a: Carbink\n|-damage|p2a: Carbink|73/100 slp\n|-curestatus|p2a: Carbink|slp|[msg]\n|move|p2a: Carbink|Rest|p2a: Carbink\n|-status|p2a: Carbink|slp|[from] move: Rest\n|-heal|p2a: Carbink|100/100 slp|[silent]\n|\n|upkeep\n|turn|64\n|inactive|Time left: 300 sec this turn | 300 sec total\n|\n|t:|1783542514\n|move|p1a: Salazzle|Flamethrower|p2a: Carbink\n|-resisted|p2a: Carbink\n|-damage|p2a: Carbink|92/100 slp\n|cant|p2a: Carbink|slp\n|\n|upkeep\n|turn|65\n|inactive|Time left: 300 sec this turn | 300 sec total\n|\n|t:|1783542515\n|move|p1a: Salazzle|Flamethrower|p2a: Carbink\n|-resisted|p2a: Carbink\n|-damage|p2a: Carbink|84/100 slp\n|cant|p2a: Carbink|slp\n|\n|upkeep\n|turn|66\n|inactive|Time left: 300 sec this turn | 300 sec total\n|\n|t:|1783542516\n|move|p1a: Salazzle|Flamethrower|p2a: Carbink\n|-resisted|p2a: Carbink\n|-damage|p2a: Carbink|75/100 slp\n|-curestatus|p2a: Carbink|slp|[msg]\n|move|p2a: Carbink|Rest|p2a: Carbink\n|-status|p2a: Carbink|slp|[from] move: Rest\n|-heal|p2a: Carbink|100/100 slp|[silent]\n|\n|upkeep\n|turn|67\n|inactive|Time left: 300 sec this turn | 300 sec total\n|\n|t:|1783542517\n|move|p1a: Salazzle|Flamethrower|p2a: Carbink\n|-resisted|p2a: Carbink\n|-damage|p2a: Carbink|91/100 slp\n|cant|p2a: Carbink|slp\n|\n|upkeep\n|turn|68\n|inactive|Time left: 300 sec this turn | 300 sec total\n|\n|t:|1783542518\n|move|p1a: Salazzle|Flamethrower|p2a: Carbink\n|-resisted|p2a: Carbink\n|-damage|p2a: Carbink|82/100 slp\n|cant|p2a: Carbink|slp\n|\n|upkeep\n|turn|69\n|inactive|Time left: 300 sec this turn | 300 sec total\n|\n|t:|1783542519\n|move|p1a: Salazzle|Flamethrower|p2a: Carbink\n|-resisted|p2a: Carbink\n|-damage|p2a: Carbink|73/100 slp\n|-curestatus|p2a: Carbink|slp|[msg]\n|move|p2a: Carbink|Moonblast|p1a: Salazzle\n|-resisted|p1a: Salazzle\n|-activate|p1a: Salazzle|move: Substitute|[damage]\n|\n|upkeep\n|turn|70\n|inactive|Time left: 300 sec this turn | 300 sec total\n|\n|t:|1783542521\n|switch|p2a: Persian|Persian-Alola, L86, M|18/100\n|move|p1a: Salazzle|Toxic|p2a: Persian\n|-status|p2a: Persian|tox\n|\n|-damage|p2a: Persian|12/100 tox|[from] psn\n|upkeep\n|turn|71\n|inactive|Time left: 300 sec this turn | 300 sec total\n|\n|t:|1783542522\n|move|p2a: Persian|Knock Off|p1a: Salazzle\n|-end|p1a: Salazzle|Substitute\n|move|p1a: Salazzle|Toxic|p2a: Persian\n|-fail|p2a: Persian|tox\n|\n|-damage|p2a: Persian|0 fnt|[from] psn\n|faint|p2a: Persian\n|upkeep\n|\n|t:|1783542522\n|switch|p2a: Carbink|Carbink, L90|73/100\n|turn|72\n|inactive|Time left: 300 sec this turn | 300 sec total\n|\n|t:|1783542523\n|move|p1a: Salazzle|Toxic|p2a: Carbink\n|-status|p2a: Carbink|tox\n|move|p2a: Carbink|Moonblast|p1a: Salazzle\n|-resisted|p1a: Salazzle\n|-damage|p1a: Salazzle|225/249\n|\n|-heal|p1a: Salazzle|240/249|[from] item: Leftovers\n|-damage|p2a: Carbink|67/100 tox|[from] psn\n|upkeep\n|turn|73\n|inactive|Time left: 300 sec this turn | 300 sec total\n|\n|t:|1783542524\n|move|p1a: Salazzle|Flamethrower|p2a: Carbink\n|-resisted|p2a: Carbink\n|-damage|p2a: Carbink|59/100 tox\n|move|p2a: Carbink|Moonblast|p1a: Salazzle\n|-resisted|p1a: Salazzle\n|-damage|p1a: Salazzle|217/249\n|\n|-heal|p1a: Salazzle|232/249|[from] item: Leftovers\n|-damage|p2a: Carbink|47/100 tox|[from] psn\n|upkeep\n|turn|74\n|inactive|Time left: 300 sec this turn | 300 sec total\n|\n|t:|1783542526\n|move|p1a: Salazzle|Flamethrower|p2a: Carbink\n|-resisted|p2a: Carbink\n|-damage|p2a: Carbink|38/100 tox\n|move|p2a: Carbink|Moonblast|p1a: Salazzle\n|-resisted|p1a: Salazzle\n|-damage|p1a: Salazzle|210/249\n|\n|-heal|p1a: Salazzle|225/249|[from] item: Leftovers\n|-damage|p2a: Carbink|20/100 tox|[from] psn\n|upkeep\n|turn|75\n|inactive|Time left: 300 sec this turn | 300 sec total\n|\n|t:|1783542527\n|move|p1a: Salazzle|Substitute|p1a: Salazzle\n|-start|p1a: Salazzle|Substitute\n|-damage|p1a: Salazzle|163/249\n|move|p2a: Carbink|Moonblast|p1a: Salazzle\n|-resisted|p1a: Salazzle\n|-activate|p1a: Salazzle|move: Substitute|[damage]\n|\n|-heal|p1a: Salazzle|178/249|[from] item: Leftovers\n|-damage|p2a: Carbink|0 fnt|[from] psn\n|faint|p2a: Carbink\n|\n|win|p0x291d4d0", "uploadtime": 1783542527, "views": 0, "rating": 0, "private": 0, "password": null, "_winner": "p0x291d4d0", "_our_name": "p0x291d4d0"}