{"id": "battle-gen9randombattle-724", "formatid": "gen9randombattle", "format": "[Gen 9] Random Battle", "players": ["p0x7241955", "p0y724b4ce"], "log": "|init|battle\n|title|p0x7241955 vs. p0y724b4ce\n|j|\u2606p0x7241955\n|j|\u2606p0y724b4ce\n|t:|1783548214\n|gametype|singles\n|player|p1|p0x7241955|2|\n|player|p2|p0y724b4ce|265|\n|gen|9\n|tier|[Gen 9] Random Battle\n|rule|Species Clause: Limit one of each Pok\u00e9mon\n|rule|HP Percentage Mod: HP is shown in percentages\n|rule|Sleep Clause Mod: Limit one foe put to sleep\n|rule|Illusion Level Mod: Illusion disguises the Pok\u00e9mon's true level\n|\n|t:|1783548214\n|teamsize|p1|6\n|teamsize|p2|6\n|start\n|switch|p1a: Salamence|Salamence, L77, F|273/273\n|switch|p2a: Reshiram|Reshiram, L76|100/100\n|-ability|p1a: Salamence|Intimidate|boost\n|-unboost|p2a: Reshiram|atk|1\n|-ability|p2a: Reshiram|Turboblaze\n|turn|1\n|inactive|Battle timer is ON: inactive players will automatically lose when time's up. (requested by p0x7241955)\n|inactive|p0y724b4ce also wants the timer to be on.\n|\n|t:|1783548216\n|switch|p2a: Rhydon|Rhydon, L85, M|100/100\n|-terastallize|p1a: Salamence|Dragon\n|move|p1a: Salamence|Outrage|p2a: Rhydon\n|-damage|p2a: Rhydon|69/100\n|\n|upkeep\n|turn|2\n|inactive|Time left: 300 sec this turn | 300 sec total\n|\n|t:|1783548217\n|-terastallize|p2a: Rhydon|Fairy\n|move|p1a: Salamence|Outrage|p2a: Rhydon|[from] lockedmove\n|-immune|p2a: Rhydon\n|-start|p1a: Salamence|confusion|[fatigue]\n|move|p2a: Rhydon|Swords Dance|p2a: Rhydon\n|-boost|p2a: Rhydon|atk|2\n|\n|upkeep\n|turn|3\n|inactive|Time left: 300 sec this turn | 300 sec total\n|\n|t:|1783548219\n|switch|p1a: Zapdos|Zapdos, L78|268/268\n|move|p2a: Rhydon|Stone Edge|p1a: Zapdos\n|-supereffective|p1a: Zapdos\n|-damage|p1a: Zapdos|0 fnt\n|faint|p1a: Zapdos\n|\n|upkeep\n|inactive|Time left: 300 sec this turn | 300 sec total | 5 sec grace\n|\n|t:|1783548220\n|switch|p1a: Milotic|Milotic, L83, M|293/293\n|turn|4\n|inactive|Time left: 300 sec this turn | 300 sec total\n|\n|t:|1783548221\n|move|p1a: Milotic|Haze|p1a: Milotic\n|-clearallboost\n|move|p2a: Rhydon|Earthquake|p1a: Milotic\n|-crit|p1a: Milotic\n|-damage|p1a: Milotic|68/293\n|\n|-heal|p1a: Milotic|86/293|[from] item: Leftovers\n|upkeep\n|turn|5\n|inactive|Time left: 300 sec this turn | 300 sec total\n|\n|t:|1783548222\n|move|p1a: Milotic|Scald|p2a: Rhydon\n|-damage|p2a: Rhydon|42/100\n|-status|p2a: Rhydon|brn\n|move|p2a: Rhydon|Earthquake|p1a: Milotic\n|-damage|p1a: Milotic|14/293\n|\n|-heal|p1a: Milotic|32/293|[from] item: Leftovers\n|-damage|p2a: Rhydon|36/100 brn|[from] brn\n|upkeep\n|turn|6\n|inactive|Time left: 300 sec this turn | 300 sec total\n|\n|t:|1783548223\n|move|p1a: Milotic|Recover|p1a: Milotic\n|-heal|p1a: Milotic|179/293\n|move|p2a: Rhydon|Megahorn|p1a: Milotic\n|-damage|p1a: Milotic|121/293\n|\n|-heal|p1a: Milotic|139/293|[from] item: Leftovers\n|-damage|p2a: Rhydon|30/100 brn|[from] brn\n|upkeep\n|turn|7\n|inactive|Time left: 300 sec this turn | 300 sec total\n|\n|t:|1783548224\n|move|p1a: Milotic|Recover|p1a: Milotic\n|-heal|p1a: Milotic|286/293\n|move|p2a: Rhydon|Megahorn|p1a: Milotic|[miss]\n|-miss|p2a: Rhydon|p1a: Milotic\n|\n|-heal|p1a: Milotic|293/293|[from] item: Leftovers\n|-damage|p2a: Rhydon|24/100 brn|[from] brn\n|upkeep\n|turn|8\n|inactive|Time left: 300 sec this turn | 300 sec total\n|\n|t:|1783548225\n|move|p1a: Milotic|Scald|p2a: Rhydon\n|-damage|p2a: Rhydon|0 fnt\n|faint|p2a: Rhydon\n|\n|upkeep\n|\n|t:|1783548226\n|switch|p2a: Leavanny|Leavanny, L86, M|100/100\n|turn|9\n|inactive|Time left: 300 sec this turn | 300 sec total\n|\n|t:|1783548227\n|switch|p1a: Salamence|Salamence, L77, F, tera:Dragon|273/273\n|-ability|p1a: Salamence|Intimidate|boost\n|-unboost|p2a: Leavanny|atk|1\n|move|p2a: Leavanny|Sticky Web|p1a: Salamence\n|-sidestart|p1: p0x7241955|move: Sticky Web\n|\n|upkeep\n|turn|10\n|inactive|Time left: 300 sec this turn | 300 sec total\n|\n|t:|1783548228\n|move|p2a: Leavanny|Lunge|p1a: Salamence\n|-damage|p1a: Salamence|201/273\n|-unboost|p1a: Salamence|atk|1\n|move|p1a: Salamence|Dragon Dance|p1a: Salamence\n|-boost|p1a: Salamence|atk|1\n|-boost|p1a: Salamence|spe|1\n|\n|upkeep\n|turn|11\n|inactive|Time left: 300 sec this turn | 300 sec total\n|\n|t:|1783548229\n|move|p1a: Salamence|Outrage|p2a: Leavanny\n|-damage|p2a: Leavanny|24/100\n|move|p2a: Leavanny|Lunge|p1a: Salamence\n|-damage|p1a: Salamence|99/273\n|-unboost|p1a: Salamence|atk|1\n|\n|upkeep\n|turn|12\n|inactive|Time left: 300 sec this turn | 300 sec total\n|\n|t:|1783548230\n|switch|p2a: Amoonguss|Amoonguss, L82, F|100/100\n|move|p1a: Salamence|Outrage|p2a: Amoonguss|[from] lockedmove\n|-damage|p2a: Amoonguss|51/100\n|-start|p1a: Salamence|confusion|[fatigue]\n|\n|-heal|p2a: Amoonguss|58/100|[from] item: Leftovers\n|upkeep\n|turn|13\n|inactive|Time left: 300 sec this turn | 300 sec total\n|\n|t:|1783548232\n|-activate|p1a: Salamence|confusion\n|move|p1a: Salamence|Outrage|p2a: Amoonguss\n|-damage|p2a: Amoonguss|8/100\n|move|p2a: Amoonguss|Sludge Bomb|p1a: Salamence\n|-damage|p1a: Salamence|2/273\n|-status|p1a: Salamence|psn\n|\n|-heal|p2a: Amoonguss|14/100|[from] item: Leftovers\n|-damage|p1a: Salamence|0 fnt|[from] psn\n|faint|p1a: Salamence\n|upkeep\n|inactive|Time left: 300 sec this turn | 300 sec total | 5 sec grace\n|\n|t:|1783548233\n|switch|p1a: Okidogi|Okidogi, L77, M|262/262\n|-activate|p1a: Okidogi|move: Sticky Web\n|-unboost|p1a: Okidogi|spe|1\n|turn|14\n|inactive|Time left: 300 sec this turn | 300 sec total\n|\n|t:|1783548234\n|switch|p2a: Reshiram|Reshiram, L76|100/100\n|-ability|p2a: Reshiram|Turboblaze\n|move|p1a: Okidogi|Knock Off|p2a: Reshiram\n|-damage|p2a: Reshiram|76/100\n|-status|p2a: Reshiram|tox|[from] ability: Toxic Chain|[of] p1a: Okidogi\n|-enditem|p2a: Reshiram|Heavy-Duty Boots|[from] move: Knock Off|[of] p1a: Okidogi\n|\n|-damage|p2a: Reshiram|70/100 tox|[from] psn\n|upkeep\n|turn|15\n|inactive|Time left: 300 sec this turn | 300 sec total\n|\n|t:|1783548235\n|move|p2a: Reshiram|Blue Flare|p1a: Okidogi\n|-damage|p1a: Okidogi|75/262\n|move|p1a: Okidogi|Bulk Up|p1a: Okidogi\n|-boost|p1a: Okidogi|atk|1\n|-boost|p1a: Okidogi|def|1\n|\n|-heal|p1a: Okidogi|91/262|[from] item: Leftovers\n|-damage|p2a: Reshiram|58/100 tox|[from] psn\n|upkeep\n|turn|16\n|inactive|Time left: 300 sec this turn | 300 sec total\n|\n|t:|1783548236\n|move|p2a: Reshiram|Earth Power|p1a: Okidogi\n|-supereffective|p1a: Okidogi\n|-damage|p1a: Okidogi|0 fnt\n|faint|p1a: Okidogi\n|\n|-damage|p2a: Reshiram|39/100 tox|[from] psn\n|upkeep\n|inactive|Time left: 300 sec this turn | 300 sec total | 5 sec grace\n|\n|t:|1783548237\n|switch|p1a: Delphox|Delphox, L84, M|263/263\n|turn|17\n|inactive|Time left: 300 sec this turn | 300 sec total\n|\n|t:|1783548238\n|move|p1a: Delphox|Nasty Plot|p1a: Delphox\n|-boost|p1a: Delphox|spa|2\n|move|p2a: Reshiram|Dragon Tail|p1a: Delphox\n|-damage|p1a: Delphox|191/263\n|drag|p1a: Shaymin|Shaymin, L82|298/298\n|-activate|p1a: Shaymin|move: Sticky Web\n|-unboost|p1a: Shaymin|spe|1\n|\n|-damage|p2a: Reshiram|15/100 tox|[from] psn\n|upkeep\n|turn|18\n|inactive|Time left: 300 sec this turn | 300 sec total\n|\n|t:|1783548239\n|switch|p1a: Delphox|Delphox, L84, M|191/263\n|move|p2a: Reshiram|Blue Flare|p1a: Delphox\n|-resisted|p1a: Delphox\n|-damage|p1a: Delphox|115/263\n|\n|-damage|p2a: Reshiram|0 fnt|[from] psn\n|faint|p2a: Reshiram\n|upkeep\n|\n|t:|1783548240\n|switch|p2a: Greninja|Greninja, L80, M|100/100\n|turn|19\n|inactive|Time left: 300 sec this turn | 300 sec total\n|\n|t:|1783548241\n|switch|p1a: Milotic|Milotic, L83, M|293/293\n|-activate|p1a: Milotic|move: Sticky Web\n|-unboost|p1a: Milotic|spe|1\n|-ability|p1a: Milotic|Competitive|boost\n|-boost|p1a: Milotic|spa|2\n|move|p2a: Greninja|Gunk Shot|p1a: Milotic\n|-damage|p1a: Milotic|183/293\n|-status|p1a: Milotic|psn\n|-damage|p2a: Greninja|91/100|[from] item: Life Orb\n|\n|-heal|p1a: Milotic|201/293 psn|[from] item: Leftovers\n|-damage|p1a: Milotic|165/293 psn|[from] psn\n|upkeep\n|turn|20\n|inactive|Time left: 300 sec this turn | 300 sec total\n|\n|t:|1783548242\n|move|p2a: Greninja|Dark Pulse|p1a: Milotic\n|-damage|p1a: Milotic|75/293 psn\n|-damage|p2a: Greninja|81/100|[from] item: Life Orb\n|move|p1a: Milotic|Scald|p2a: Greninja\n|-resisted|p2a: Greninja\n|-damage|p2a: Greninja|40/100\n|\n|-heal|p1a: Milotic|93/293 psn|[from] item: Leftovers\n|-damage|p1a: Milotic|57/293 psn|[from] psn\n|upkeep\n|turn|21\n|inactive|Time left: 300 sec this turn | 300 sec total\n|\n|t:|1783548243\n|move|p2a: Greninja|Dark Pulse|p1a: Milotic\n|-damage|p1a: Milotic|0 fnt\n|faint|p1a: Milotic\n|-ability|p2a: Greninja|Battle Bond|boost\n|-boost|p2a: Greninja|atk|1\n|-boost|p2a: Greninja|spa|1\n|-boost|p2a: Greninja|spe|1\n|-activate|p2a: Greninja|ability: Battle Bond\n|-damage|p2a: Greninja|30/100|[from] item: Life Orb\n|\n|upkeep\n|inactive|Time left: 300 sec this turn | 300 sec total | 5 sec grace\n|\n|t:|1783548243\n|switch|p1a: Shaymin|Shaymin, L82|298/298\n|-activate|p1a: Shaymin|move: Sticky Web\n|-unboost|p1a: Shaymin|spe|1\n|turn|22\n|inactive|Time left: 300 sec this turn | 300 sec total\n|\n|t:|1783548244\n|move|p2a: Greninja|Ice Beam|p1a: Shaymin\n|-supereffective|p1a: Shaymin\n|-damage|p1a: Shaymin|72/298\n|-damage|p2a: Greninja|20/100|[from] item: Life Orb\n|move|p1a: Shaymin|Seed Flare|p2a: Greninja\n|-supereffective|p2a: Greninja\n|-damage|p2a: Greninja|0 fnt\n|faint|p2a: Greninja\n|\n|-heal|p1a: Shaymin|90/298|[from] item: Leftovers\n|upkeep\n|\n|t:|1783548245\n|switch|p2a: Blaziken|Blaziken, L76, F|100/100\n|turn|23\n|inactive|Time left: 300 sec this turn | 300 sec total\n|\n|t:|1783548246\n|switch|p1a: Delphox|Delphox, L84, M|115/263\n|move|p2a: Blaziken|Flare Blitz|p1a: Delphox\n|-resisted|p1a: Delphox\n|-damage|p1a: Delphox|20/263\n|-damage|p2a: Blaziken|88/100|[from] Recoil\n|-damage|p2a: Blaziken|78/100|[from] item: Life Orb\n|\n|-ability|p2a: Blaziken|Speed Boost|boost\n|-boost|p2a: Blaziken|spe|1\n|upkeep\n|turn|24\n|inactive|Time left: 300 sec this turn | 300 sec total\n|\n|t:|1783548247\n|move|p2a: Blaziken|Flare Blitz|p1a: Delphox\n|-resisted|p1a: Delphox\n|-damage|p1a: Delphox|0 fnt\n|faint|p1a: Delphox\n|-damage|p2a: Blaziken|75/100|[from] Recoil\n|-damage|p2a: Blaziken|66/100|[from] item: Life Orb\n|\n|-ability|p2a: Blaziken|Speed Boost|boost\n|-boost|p2a: Blaziken|spe|1\n|upkeep\n|inactive|Time left: 300 sec this turn | 300 sec total | 5 sec grace\n|\n|t:|1783548248\n|switch|p1a: Shaymin|Shaymin, L82|90/298\n|-activate|p1a: Shaymin|move: Sticky Web\n|-unboost|p1a: Shaymin|spe|1\n|turn|25\n|inactive|Time left: 300 sec this turn | 300 sec total\n|\n|t:|1783548249\n|move|p2a: Blaziken|Flare Blitz|p1a: Shaymin\n|-supereffective|p1a: Shaymin\n|-damage|p1a: Shaymin|0 fnt\n|faint|p1a: Shaymin\n|-damage|p2a: Blaziken|54/100|[from] Recoil\n|-damage|p2a: Blaziken|44/100|[from] item: Life Orb\n|\n|win|p0y724b4ce", "uploadtime": 1783548249, "views": 0, "rating": 0, "private": 0, "password": null, "_winner": "p0y724b4ce", "_our_name": "p0x7241955"}