{"id": "battle-gen9randombattle-154", "formatid": "gen9randombattle", "format": "[Gen 9] Random Battle", "players": ["p0x154c3ab", "p0y154a10e"], "log": "|init|battle\n|title|p0x154c3ab vs. p0y154a10e\n|j|\u2606p0x154c3ab\n|j|\u2606p0y154a10e\n|t:|1783535516\n|gametype|singles\n|player|p1|p0x154c3ab|102|\n|player|p2|p0y154a10e|169|\n|gen|9\n|tier|[Gen 9] Random Battle\n|rule|Species Clause: Limit one of each Pok\u00e9mon\n|rule|HP Percentage Mod: HP is shown in percentages\n|rule|Sleep Clause Mod: Limit one foe put to sleep\n|rule|Illusion Level Mod: Illusion disguises the Pok\u00e9mon's true level\n|\n|t:|1783535516\n|teamsize|p1|6\n|teamsize|p2|6\n|start\n|switch|p1a: Crawdaunt|Crawdaunt, L84, M|243/243\n|switch|p2a: Blaziken|Blaziken, L76, M|100/100\n|turn|1\n|inactive|Battle timer is ON: inactive players will automatically lose when time's up. (requested by p0y154a10e)\n|inactive|Time left: 300 sec this turn | 300 sec total | 60 sec grace\n|inactive|p0x154c3ab also wants the timer to be on.\n|\n|t:|1783535518\n|switch|p1a: Veluza|Veluza, L85, M|292/292\n|move|p2a: Blaziken|Close Combat|p1a: Veluza\n|-resisted|p1a: Veluza\n|-damage|p1a: Veluza|195/292\n|-unboost|p2a: Blaziken|def|1\n|-unboost|p2a: Blaziken|spd|1\n|-damage|p2a: Blaziken|91/100|[from] item: Life Orb\n|\n|-ability|p2a: Blaziken|Speed Boost|boost\n|-boost|p2a: Blaziken|spe|1\n|upkeep\n|turn|2\n|inactive|Time left: 300 sec this turn | 300 sec total\n|\n|t:|1783535519\n|move|p1a: Veluza|Aqua Jet|p2a: Blaziken\n|-supereffective|p2a: Blaziken\n|-damage|p2a: Blaziken|0 fnt\n|faint|p2a: Blaziken\n|\n|upkeep\n|\n|t:|1783535520\n|switch|p2a: Baxcalibur|Baxcalibur, L75, M|100/100\n|turn|3\n|inactive|Time left: 300 sec this turn | 300 sec total\n|\n|t:|1783535521\n|switch|p1a: Registeel|Registeel, L81|262/262\n|move|p2a: Baxcalibur|Glaive Rush|p1a: Registeel\n|-resisted|p1a: Registeel\n|-damage|p1a: Registeel|184/262\n|-singlemove|p2a: Baxcalibur|Glaive Rush|[silent]\n|\n|upkeep\n|turn|4\n|inactive|Time left: 300 sec this turn | 300 sec total\n|\n|t:|1783535522\n|switch|p2a: Venusaur|Venusaur, L84, M|100/100\n|move|p1a: Registeel|Body Press|p2a: Venusaur\n|-resisted|p2a: Venusaur\n|-damage|p2a: Venusaur|86/100\n|\n|-heal|p2a: Venusaur|92/100|[from] item: Leftovers\n|upkeep\n|turn|5\n|inactive|Time left: 300 sec this turn | 300 sec total\n|\n|t:|1783535523\n|move|p2a: Venusaur|Energy Ball|p1a: Registeel\n|-resisted|p1a: Registeel\n|-damage|p1a: Registeel|149/262\n|move|p1a: Registeel|Iron Defense|p1a: Registeel\n|-boost|p1a: Registeel|def|2\n|\n|-heal|p2a: Venusaur|98/100|[from] item: Leftovers\n|upkeep\n|turn|6\n|inactive|Time left: 300 sec this turn | 300 sec total\n|\n|t:|1783535524\n|move|p2a: Venusaur|Sleep Powder|p1a: Registeel\n|-status|p1a: Registeel|slp|[from] move: Sleep Powder\n|-enditem|p1a: Registeel|Chesto Berry|[eat]\n|-curestatus|p1a: Registeel|slp|[msg]\n|move|p1a: Registeel|Rest|p1a: Registeel\n|-status|p1a: Registeel|slp|[from] move: Rest\n|-heal|p1a: Registeel|262/262 slp|[silent]\n|\n|-heal|p2a: Venusaur|100/100|[from] item: Leftovers\n|upkeep\n|turn|7\n|inactive|Time left: 300 sec this turn | 300 sec total\n|\n|t:|1783535525\n|switch|p2a: Darkrai|Darkrai, L77|100/100\n|cant|p1a: Registeel|slp\n|\n|-damage|p1a: Registeel|230/262 slp|[from] ability: Bad Dreams|[of] p2a: Darkrai\n|upkeep\n|turn|8\n|inactive|Time left: 300 sec this turn | 300 sec total\n|\n|t:|1783535526\n|move|p2a: Darkrai|Nasty Plot|p2a: Darkrai\n|-boost|p2a: Darkrai|spa|2\n|cant|p1a: Registeel|slp\n|\n|-damage|p1a: Registeel|198/262 slp|[from] ability: Bad Dreams|[of] p2a: Darkrai\n|upkeep\n|turn|9\n|inactive|Time left: 300 sec this turn | 300 sec total\n|\n|t:|1783535527\n|-terastallize|p2a: Darkrai|Poison\n|move|p2a: Darkrai|Dark Pulse|p1a: Registeel\n|-damage|p1a: Registeel|71/262 slp\n|-curestatus|p1a: Registeel|slp|[msg]\n|move|p1a: Registeel|Body Press|p2a: Darkrai\n|-resisted|p2a: Darkrai\n|-crit|p2a: Darkrai\n|-damage|p2a: Darkrai|49/100\n|\n|-heal|p2a: Darkrai|55/100|[from] item: Leftovers\n|upkeep\n|turn|10\n|inactive|Time left: 300 sec this turn | 300 sec total\n|\n|t:|1783535528\n|move|p2a: Darkrai|Dark Pulse|p1a: Registeel\n|-damage|p1a: Registeel|0 fnt\n|faint|p1a: Registeel\n|\n|-heal|p2a: Darkrai|61/100|[from] item: Leftovers\n|upkeep\n|inactive|Time left: 300 sec this turn | 300 sec total | 5 sec grace\n|\n|t:|1783535529\n|switch|p1a: Clodsire|Clodsire, L81, M|343/343\n|turn|11\n|inactive|Time left: 300 sec this turn | 300 sec total\n|\n|t:|1783535530\n|move|p2a: Darkrai|Substitute|p2a: Darkrai\n|-start|p2a: Darkrai|Substitute\n|-damage|p2a: Darkrai|36/100\n|move|p1a: Clodsire|Earthquake|p2a: Darkrai\n|-supereffective|p2a: Darkrai\n|-end|p2a: Darkrai|Substitute\n|\n|-heal|p2a: Darkrai|42/100|[from] item: Leftovers\n|upkeep\n|turn|12\n|inactive|Time left: 300 sec this turn | 300 sec total\n|\n|t:|1783535531\n|move|p2a: Darkrai|Substitute|p2a: Darkrai\n|-start|p2a: Darkrai|Substitute\n|-damage|p2a: Darkrai|17/100\n|move|p1a: Clodsire|Earthquake|p2a: Darkrai\n|-supereffective|p2a: Darkrai\n|-end|p2a: Darkrai|Substitute\n|\n|-heal|p2a: Darkrai|23/100|[from] item: Leftovers\n|upkeep\n|turn|13\n|inactive|Time left: 300 sec this turn | 300 sec total\n|\n|t:|1783535532\n|move|p2a: Darkrai|Dark Pulse|p1a: Clodsire\n|-damage|p1a: Clodsire|181/343\n|move|p1a: Clodsire|Earthquake|p2a: Darkrai\n|-supereffective|p2a: Darkrai\n|-damage|p2a: Darkrai|0 fnt\n|faint|p2a: Darkrai\n|\n|-heal|p1a: Clodsire|202/343|[from] item: Leftovers\n|upkeep\n|\n|t:|1783535533\n|switch|p2a: Baxcalibur|Baxcalibur, L75, M|100/100\n|turn|14\n|inactive|Time left: 300 sec this turn | 300 sec total\n|\n|t:|1783535534\n|switch|p1a: Crawdaunt|Crawdaunt, L84, M|243/243\n|move|p2a: Baxcalibur|Glaive Rush|p1a: Crawdaunt\n|-damage|p1a: Crawdaunt|15/243\n|-singlemove|p2a: Baxcalibur|Glaive Rush|[silent]\n|\n|upkeep\n|turn|15\n|inactive|Time left: 300 sec this turn | 300 sec total\n|\n|t:|1783535535\n|move|p2a: Baxcalibur|Glaive Rush|p1a: Crawdaunt\n|-damage|p1a: Crawdaunt|0 fnt\n|-singlemove|p2a: Baxcalibur|Glaive Rush|[silent]\n|faint|p1a: Crawdaunt\n|\n|upkeep\n|inactive|Time left: 300 sec this turn | 300 sec total | 5 sec grace\n|\n|t:|1783535536\n|switch|p1a: Veluza|Veluza, L85, M|195/292\n|turn|16\n|inactive|Time left: 300 sec this turn | 300 sec total\n|\n|t:|1783535537\n|switch|p1a: Magnezone|Magnezone, L85|258/258\n|move|p2a: Baxcalibur|Glaive Rush|p1a: Magnezone\n|-resisted|p1a: Magnezone\n|-damage|p1a: Magnezone|174/258\n|-singlemove|p2a: Baxcalibur|Glaive Rush|[silent]\n|\n|-heal|p1a: Magnezone|190/258|[from] item: Leftovers\n|upkeep\n|turn|17\n|inactive|Time left: 300 sec this turn | 300 sec total\n|\n|t:|1783535538\n|switch|p2a: Goodra|Goodra, L85, F|100/100\n|move|p1a: Magnezone|Flash Cannon|p2a: Goodra\n|-damage|p2a: Goodra|84/100\n|\n|-heal|p1a: Magnezone|206/258|[from] item: Leftovers\n|upkeep\n|turn|18\n|inactive|Time left: 300 sec this turn | 300 sec total\n|\n|t:|1783535539\n|move|p2a: Goodra|Earthquake|p1a: Magnezone\n|-supereffective|p1a: Magnezone\n|-damage|p1a: Magnezone|0 fnt\n|faint|p1a: Magnezone\n|\n|upkeep\n|inactive|Time left: 300 sec this turn | 300 sec total | 5 sec grace\n|\n|t:|1783535540\n|switch|p1a: Veluza|Veluza, L85, M|195/292\n|turn|19\n|inactive|Time left: 300 sec this turn | 300 sec total\n|\n|t:|1783535541\n|move|p2a: Goodra|Knock Off|p1a: Veluza\n|-supereffective|p1a: Veluza\n|-damage|p1a: Veluza|15/292\n|-enditem|p1a: Veluza|Choice Band|[from] move: Knock Off|[of] p2a: Goodra\n|move|p1a: Veluza|Psycho Cut|p2a: Goodra\n|-damage|p2a: Goodra|36/100\n|\n|upkeep\n|turn|20\n|inactive|Time left: 300 sec this turn | 300 sec total\n|\n|t:|1783535543\n|move|p1a: Veluza|Aqua Jet|p2a: Goodra\n|-resisted|p2a: Goodra\n|-damage|p2a: Goodra|27/100\n|move|p2a: Goodra|Knock Off|p1a: Veluza\n|-supereffective|p1a: Veluza\n|-damage|p1a: Veluza|0 fnt\n|faint|p1a: Veluza\n|\n|upkeep\n|inactive|Time left: 300 sec this turn | 300 sec total | 5 sec grace\n|\n|t:|1783535544\n|switch|p1a: Clodsire|Clodsire, L81, M|202/343\n|turn|21\n|inactive|Time left: 300 sec this turn | 300 sec total\n|\n|t:|1783535545\n|move|p2a: Goodra|Earthquake|p1a: Clodsire\n|-supereffective|p1a: Clodsire\n|-damage|p1a: Clodsire|8/343\n|move|p1a: Clodsire|Poison Jab|p2a: Goodra\n|-damage|p2a: Goodra|0 fnt\n|faint|p2a: Goodra\n|\n|-heal|p1a: Clodsire|29/343|[from] item: Leftovers\n|upkeep\n|\n|t:|1783535546\n|switch|p2a: Staraptor|Staraptor, L79, M|100/100\n|turn|22\n|inactive|Time left: 300 sec this turn | 300 sec total\n|\n|t:|1783535547\n|switch|p1a: Gothitelle|Gothitelle, L90, F|272/272\n|move|p2a: Staraptor|Brave Bird|p1a: Gothitelle\n|-damage|p1a: Gothitelle|59/272\n|-damage|p2a: Staraptor|74/100|[from] Recoil\n|\n|-heal|p1a: Gothitelle|76/272|[from] item: Leftovers\n|upkeep\n|turn|23\n|inactive|Time left: 300 sec this turn | 300 sec total\n|\n|t:|1783535548\n|move|p2a: Staraptor|Brave Bird|p1a: Gothitelle\n|-damage|p1a: Gothitelle|0 fnt\n|faint|p1a: Gothitelle\n|-damage|p2a: Staraptor|64/100|[from] Recoil\n|\n|upkeep\n|inactive|Time left: 300 sec this turn | 300 sec total | 5 sec grace\n|\n|t:|1783535549\n|switch|p1a: Clodsire|Clodsire, L81, M|29/343\n|turn|24\n|inactive|Time left: 300 sec this turn | 300 sec total\n|\n|t:|1783535550\n|-terastallize|p1a: Clodsire|Steel\n|move|p2a: Staraptor|Brave Bird|p1a: Clodsire\n|-resisted|p1a: Clodsire\n|-damage|p1a: Clodsire|0 fnt\n|faint|p1a: Clodsire\n|-damage|p2a: Staraptor|61/100|[from] Recoil\n|\n|win|p0y154a10e", "uploadtime": 1783535550, "views": 0, "rating": 0, "private": 0, "password": null, "_winner": "p0y154a10e", "_our_name": "p0x154c3ab"}