{"id": "battle-gen9randombattle-481", "formatid": "gen9randombattle", "format": "[Gen 9] Random Battle", "players": ["p0x4810889", "p0y4818601"], "log": "|init|battle\n|title|p0x4810889 vs. p0y4818601\n|j|\u2606p0x4810889\n|j|\u2606p0y4818601\n|t:|1783544623\n|gametype|singles\n|player|p1|p0x4810889|101|\n|player|p2|p0y4818601|266|\n|gen|9\n|tier|[Gen 9] Random Battle\n|rule|Species Clause: Limit one of each Pok\u00e9mon\n|rule|HP Percentage Mod: HP is shown in percentages\n|rule|Sleep Clause Mod: Limit one foe put to sleep\n|rule|Illusion Level Mod: Illusion disguises the Pok\u00e9mon's true level\n|\n|t:|1783544623\n|teamsize|p1|6\n|teamsize|p2|6\n|start\n|switch|p1a: Registeel|Registeel, L81|100/100\n|switch|p2a: Mew|Mew, L82|298/298\n|turn|1\n|inactive|Battle timer is ON: inactive players will automatically lose when time's up. (requested by p0x4810889)\n|inactive|Time left: 300 sec this turn | 300 sec total | 60 sec grace\n|inactive|p0y4818601 also wants the timer to be on.\n|\n|t:|1783544625\n|move|p2a: Mew|Toxic Spikes|p1a: Registeel\n|-sidestart|p1: p0x4810889|move: Toxic Spikes\n|move|p1a: Registeel|Iron Defense|p1a: Registeel\n|-boost|p1a: Registeel|def|2\n|\n|upkeep\n|turn|2\n|inactive|Time left: 300 sec this turn | 300 sec total\n|\n|t:|1783544626\n|move|p2a: Mew|Encore|p1a: Registeel\n|-start|p1a: Registeel|Encore\n|move|p1a: Registeel|Iron Defense|p1a: Registeel\n|-boost|p1a: Registeel|def|2\n|\n|upkeep\n|turn|3\n|inactive|Time left: 300 sec this turn | 300 sec total\n|\n|t:|1783544627\n|switch|p1a: Vikavolt|Vikavolt, L83, F|100/100\n|move|p2a: Mew|Toxic Spikes|p1a: Vikavolt\n|-sidestart|p1: p0x4810889|move: Toxic Spikes\n|\n|upkeep\n|turn|4\n|inactive|Time left: 300 sec this turn | 300 sec total\n|\n|t:|1783544628\n|move|p2a: Mew|U-turn|p1a: Vikavolt\n|-damage|p1a: Vikavolt|83/100\n|inactive|Time left: 300 sec this turn | 300 sec total | 5 sec grace\n|\n|t:|1783544630\n|switch|p2a: Virizion|Virizion, L82|283/283|[from] U-turn\n|move|p1a: Vikavolt|Sticky Web|p2a: Virizion\n|-sidestart|p2: p0y4818601|move: Sticky Web\n|\n|upkeep\n|turn|5\n|inactive|Time left: 300 sec this turn | 300 sec total\n|\n|t:|1783544631\n|move|p2a: Virizion|Swords Dance|p2a: Virizion\n|-boost|p2a: Virizion|atk|2\n|move|p1a: Vikavolt|Bug Buzz|p2a: Virizion\n|-damage|p2a: Virizion|183/283\n|\n|upkeep\n|turn|6\n|inactive|Time left: 300 sec this turn | 300 sec total\n|\n|t:|1783544632\n|switch|p1a: Zapdos|Zapdos-Galar, L77|100/100\n|move|p2a: Virizion|Stone Edge|p1a: Zapdos\n|-damage|p1a: Zapdos|40/100\n|-damage|p2a: Virizion|155/283|[from] item: Life Orb\n|\n|upkeep\n|turn|7\n|inactive|Time left: 300 sec this turn | 300 sec total\n|\n|t:|1783544633\n|move|p1a: Zapdos|Close Combat|p2a: Virizion\n|-damage|p2a: Virizion|7/283\n|-unboost|p1a: Zapdos|def|1\n|-unboost|p1a: Zapdos|spd|1\n|move|p2a: Virizion|Close Combat|p1a: Zapdos\n|-resisted|p1a: Zapdos\n|-damage|p1a: Zapdos|0 fnt\n|-unboost|p2a: Virizion|def|1\n|-unboost|p2a: Virizion|spd|1\n|faint|p1a: Zapdos\n|-damage|p2a: Virizion|0 fnt|[from] item: Life Orb\n|faint|p2a: Virizion\n|\n|upkeep\n|inactive|Time left: 300 sec this turn | 300 sec total | 5 sec grace\n|\n|t:|1783544634\n|switch|p2a: Lugia|Lugia, L73|275/275\n|switch|p1a: Thundurus|Thundurus-Therian, L80, M|100/100\n|turn|8\n|inactive|Time left: 300 sec this turn | 300 sec total\n|\n|t:|1783544636\n|move|p1a: Thundurus|Thunderbolt|p2a: Lugia\n|-supereffective|p2a: Lugia\n|-damage|p2a: Lugia|148/275\n|-status|p2a: Lugia|par\n|move|p2a: Lugia|Calm Mind|p2a: Lugia\n|-boost|p2a: Lugia|spa|1\n|-boost|p2a: Lugia|spd|1\n|\n|upkeep\n|turn|9\n|inactive|Time left: 300 sec this turn | 300 sec total\n|\n|t:|1783544637\n|move|p1a: Thundurus|Thunderbolt|p2a: Lugia\n|-supereffective|p2a: Lugia\n|-damage|p2a: Lugia|0 fnt\n|faint|p2a: Lugia\n|\n|upkeep\n|inactive|Time left: 300 sec this turn | 300 sec total | 5 sec grace\n|\n|t:|1783544638\n|switch|p2a: Drednaw|Drednaw, L81, F|278/278\n|-activate|p2a: Drednaw|move: Sticky Web\n|-unboost|p2a: Drednaw|spe|1\n|-enditem|p2a: Drednaw|White Herb\n|-clearnegativeboost|p2a: Drednaw|[silent]\n|turn|10\n|inactive|Time left: 300 sec this turn | 300 sec total\n|\n|t:|1783544639\n|-terastallize|p2a: Drednaw|Ground\n|move|p1a: Thundurus|Thunderbolt|p2a: Drednaw\n|-immune|p2a: Drednaw\n|move|p2a: Drednaw|Shell Smash|p2a: Drednaw\n|-unboost|p2a: Drednaw|def|1\n|-unboost|p2a: Drednaw|spd|1\n|-boost|p2a: Drednaw|atk|2\n|-boost|p2a: Drednaw|spa|2\n|-boost|p2a: Drednaw|spe|2\n|\n|upkeep\n|turn|11\n|inactive|Time left: 300 sec this turn | 300 sec total\n|\n|t:|1783544640\n|switch|p1a: Bruxish|Bruxish, L85, F|100/100\n|-status|p1a: Bruxish|tox\n|move|p2a: Drednaw|Stone Edge|p1a: Bruxish|[miss]\n|-miss|p2a: Drednaw|p1a: Bruxish\n|\n|-damage|p1a: Bruxish|95/100 tox|[from] psn\n|upkeep\n|turn|12\n|inactive|Time left: 300 sec this turn | 300 sec total\n|\n|t:|1783544641\n|move|p1a: Bruxish|Aqua Jet|p2a: Drednaw\n|-supereffective|p2a: Drednaw\n|-damage|p2a: Drednaw|68/278\n|move|p2a: Drednaw|Earthquake|p1a: Bruxish\n|-damage|p1a: Bruxish|0 fnt\n|faint|p1a: Bruxish\n|\n|upkeep\n|\n|t:|1783544642\n|switch|p1a: Registeel|Registeel, L81|100/100\n|turn|13\n|inactive|Time left: 300 sec this turn | 300 sec total\n|\n|t:|1783544643\n|-terastallize|p1a: Registeel|Fighting\n|move|p2a: Drednaw|Earthquake|p1a: Registeel\n|-damage|p1a: Registeel|44/100\n|move|p1a: Registeel|Body Press|p2a: Drednaw\n|-damage|p2a: Drednaw|0 fnt\n|faint|p2a: Drednaw\n|\n|upkeep\n|inactive|Time left: 300 sec this turn | 300 sec total | 5 sec grace\n|\n|t:|1783544644\n|switch|p2a: Mew|Mew, L82|298/298\n|-activate|p2a: Mew|move: Sticky Web\n|-unboost|p2a: Mew|spe|1\n|turn|14\n|inactive|Time left: 300 sec this turn | 300 sec total\n|\n|t:|1783544645\n|switch|p1a: Thundurus|Thundurus-Therian, L80, M|100/100\n|move|p2a: Mew|Psychic Noise|p1a: Thundurus\n|-damage|p1a: Thundurus|64/100\n|-start|p1a: Thundurus|move: Heal Block\n|\n|upkeep\n|turn|15\n|inactive|Time left: 300 sec this turn | 300 sec total\n|\n|t:|1783544646\n|move|p1a: Thundurus|Thunderbolt|p2a: Mew\n|-damage|p2a: Mew|144/298\n|move|p2a: Mew|Psychic Noise|p1a: Thundurus\n|-damage|p1a: Thundurus|32/100\n|\n|-heal|p2a: Mew|162/298|[from] item: Leftovers\n|-end|p1a: Thundurus|move: Heal Block\n|upkeep\n|turn|16\n|inactive|Time left: 300 sec this turn | 300 sec total\n|\n|t:|1783544648\n|move|p1a: Thundurus|Thunderbolt|p2a: Mew\n|-damage|p2a: Mew|3/298\n|move|p2a: Mew|Psychic Noise|p1a: Thundurus\n|-damage|p1a: Thundurus|1/100\n|-start|p1a: Thundurus|move: Heal Block\n|\n|-heal|p2a: Mew|21/298|[from] item: Leftovers\n|upkeep\n|turn|17\n|inactive|Time left: 300 sec this turn | 300 sec total\n|\n|t:|1783544650\n|move|p1a: Thundurus|Thunderbolt|p2a: Mew\n|-damage|p2a: Mew|0 fnt\n|faint|p2a: Mew\n|\n|-end|p1a: Thundurus|move: Heal Block\n|upkeep\n|inactive|Time left: 300 sec this turn | 300 sec total | 5 sec grace\n|\n|t:|1783544651\n|switch|p2a: Honchkrow|Honchkrow, L86, F|312/312\n|turn|18\n|inactive|Time left: 300 sec this turn | 300 sec total\n|\n|t:|1783544652\n|switch|p1a: Vikavolt|Vikavolt, L83, F|83/100\n|move|p2a: Honchkrow|Sucker Punch||[still]\n|-fail|p2a: Honchkrow\n|\n|upkeep\n|turn|19\n|inactive|Time left: 300 sec this turn | 300 sec total\n|\n|t:|1783544653\n|switch|p2a: Bastiodon|Bastiodon, L89, M|252/252\n|-activate|p2a: Bastiodon|move: Sticky Web\n|-unboost|p2a: Bastiodon|spe|1\n|move|p1a: Vikavolt|Thunderbolt|p2a: Bastiodon\n|-damage|p2a: Bastiodon|162/252\n|\n|upkeep\n|turn|20\n|inactive|Time left: 300 sec this turn | 300 sec total\n|\n|t:|1783544654\n|move|p1a: Vikavolt|Thunderbolt|p2a: Bastiodon\n|-damage|p2a: Bastiodon|72/252\n|move|p2a: Bastiodon|Rest|p2a: Bastiodon\n|-status|p2a: Bastiodon|slp|[from] move: Rest\n|-heal|p2a: Bastiodon|252/252 slp|[silent]\n|-enditem|p2a: Bastiodon|Chesto Berry|[eat]\n|-curestatus|p2a: Bastiodon|slp|[msg]\n|\n|upkeep\n|turn|21\n|inactive|Time left: 300 sec this turn | 300 sec total\n|\n|t:|1783544654\n|move|p1a: Vikavolt|Thunderbolt|p2a: Bastiodon\n|-damage|p2a: Bastiodon|164/252\n|move|p2a: Bastiodon|Iron Defense|p2a: Bastiodon\n|-boost|p2a: Bastiodon|def|2\n|\n|upkeep\n|turn|22\n|inactive|Time left: 300 sec this turn | 300 sec total\n|\n|t:|1783544655\n|move|p1a: Vikavolt|Thunderbolt|p2a: Bastiodon\n|-damage|p2a: Bastiodon|77/252\n|-status|p2a: Bastiodon|par\n|move|p2a: Bastiodon|Body Press|p1a: Vikavolt\n|-resisted|p1a: Vikavolt\n|-damage|p1a: Vikavolt|47/100\n|\n|upkeep\n|turn|23\n|inactive|Time left: 300 sec this turn | 300 sec total\n|\n|t:|1783544656\n|move|p1a: Vikavolt|Bug Buzz|p2a: Bastiodon\n|-immune|p2a: Bastiodon|[from] ability: Soundproof\n|cant|p2a: Bastiodon|par\n|\n|upkeep\n|turn|24\n|inactive|Time left: 300 sec this turn | 300 sec total\n|\n|t:|1783544657\n|switch|p1a: Thundurus|Thundurus-Therian, L80, M|1/100\n|cant|p2a: Bastiodon|par\n|\n|upkeep\n|turn|25\n|inactive|Time left: 300 sec this turn | 300 sec total\n|\n|t:|1783544658\n|move|p1a: Thundurus|Thunderbolt|p2a: Bastiodon\n|-damage|p2a: Bastiodon|0 fnt\n|faint|p2a: Bastiodon\n|\n|upkeep\n|inactive|Time left: 300 sec this turn | 300 sec total | 5 sec grace\n|\n|t:|1783544659\n|switch|p2a: Honchkrow|Honchkrow, L86, F|312/312\n|turn|26\n|inactive|Time left: 300 sec this turn | 300 sec total\n|\n|t:|1783544660\n|switch|p1a: Ogerpon|Ogerpon, L80, F|100/100\n|move|p2a: Honchkrow|Sucker Punch||[still]\n|-fail|p2a: Honchkrow\n|\n|upkeep\n|turn|27\n|inactive|Time left: 300 sec this turn | 300 sec total\n|\n|t:|1783544661\n|move|p1a: Ogerpon|Encore|p2a: Honchkrow\n|-start|p2a: Honchkrow|Encore\n|move|p2a: Honchkrow|Sucker Punch||[still]\n|-fail|p2a: Honchkrow\n|\n|upkeep\n|turn|28\n|inactive|Time left: 300 sec this turn | 300 sec total\n|\n|t:|1783544662\n|switch|p1a: Vikavolt|Vikavolt, L83, F|47/100\n|move|p2a: Honchkrow|Sucker Punch||[still]\n|-fail|p2a: Honchkrow\n|\n|upkeep\n|turn|29\n|inactive|Time left: 300 sec this turn | 300 sec total\n|\n|t:|1783544663\n|move|p2a: Honchkrow|Sucker Punch|p1a: Vikavolt\n|-crit|p1a: Vikavolt\n|-damage|p1a: Vikavolt|0 fnt\n|faint|p1a: Vikavolt\n|-ability|p2a: Honchkrow|Moxie|boost\n|-boost|p2a: Honchkrow|atk|1\n|\n|-end|p2a: Honchkrow|Encore\n|upkeep\n|\n|t:|1783544664\n|switch|p1a: Thundurus|Thundurus-Therian, L80, M|1/100\n|turn|30\n|inactive|Time left: 300 sec this turn | 300 sec total\n|\n|t:|1783544665\n|switch|p1a: Ogerpon|Ogerpon, L80, F|100/100\n|move|p2a: Honchkrow|Sucker Punch||[still]\n|-fail|p2a: Honchkrow\n|\n|upkeep\n|turn|31\n|inactive|Time left: 300 sec this turn | 300 sec total\n|\n|t:|1783544666\n|move|p1a: Ogerpon|Encore|p2a: Honchkrow\n|-start|p2a: Honchkrow|Encore\n|move|p2a: Honchkrow|Sucker Punch||[still]\n|-fail|p2a: Honchkrow\n|\n|upkeep\n|turn|32\n|inactive|Time left: 300 sec this turn | 300 sec total\n|\n|t:|1783544667\n|switch|p1a: Thundurus|Thundurus-Therian, L80, M|1/100\n|move|p2a: Honchkrow|Sucker Punch||[still]\n|-fail|p2a: Honchkrow\n|\n|-end|p2a: Honchkrow|Encore\n|upkeep\n|turn|33\n|inactive|Time left: 300 sec this turn | 300 sec total\n|\n|t:|1783544667\n|move|p1a: Thundurus|Thunderbolt|p2a: Honchkrow\n|-supereffective|p2a: Honchkrow\n|-damage|p2a: Honchkrow|0 fnt\n|faint|p2a: Honchkrow\n|\n|win|p0x4810889", "uploadtime": 1783544667, "views": 0, "rating": 0, "private": 0, "password": null, "_winner": "p0x4810889", "_our_name": "p0y4818601"}