{"id": "battle-gen9randombattle-553", "formatid": "gen9randombattle", "format": "[Gen 9] Random Battle", "players": ["p0x553735a", "p0y553784d"], "log": "|init|battle\n|title|p0x553735a vs. p0y553784d\n|j|\u2606p0x553735a\n|j|\u2606p0y553784d\n|t:|1783546203\n|gametype|singles\n|player|p1|p0x553735a|265|\n|player|p2|p0y553784d|1|\n|gen|9\n|tier|[Gen 9] Random Battle\n|rule|Species Clause: Limit one of each Pok\u00e9mon\n|rule|HP Percentage Mod: HP is shown in percentages\n|rule|Sleep Clause Mod: Limit one foe put to sleep\n|rule|Illusion Level Mod: Illusion disguises the Pok\u00e9mon's true level\n|\n|t:|1783546203\n|teamsize|p1|6\n|teamsize|p2|6\n|start\n|switch|p1a: Ampharos|Ampharos, L88, F|100/100\n|switch|p2a: Swanna|Swanna, L89, M|278/278\n|turn|1\n|inactive|Battle timer is ON: inactive players will automatically lose when time's up. (requested by p0x553735a)\n|inactive|Time left: 300 sec this turn | 300 sec total | 60 sec grace\n|inactive|p0y553784d also wants the timer to be on.\n|\n|t:|1783546205\n|switch|p2a: Polteageist|Polteageist-Antique, L78|222/222\n|move|p1a: Ampharos|Volt Switch|p2a: Polteageist\n|-damage|p2a: Polteageist|134/222\n|\n|t:|1783546206\n|switch|p1a: Zacian|Zacian, L69|100/100|[from] Volt Switch\n|-ability|p1a: Zacian|Intrepid Sword|boost\n|-boost|p1a: Zacian|atk|1\n|\n|upkeep\n|turn|2\n|inactive|Time left: 300 sec this turn | 300 sec total\n|\n|t:|1783546207\n|switch|p2a: Incineroar|Incineroar, L82, M|290/290\n|-ability|p2a: Incineroar|Intimidate|boost\n|-unboost|p1a: Zacian|atk|1\n|move|p1a: Zacian|Play Rough|p2a: Incineroar\n|-damage|p2a: Incineroar|182/290\n|\n|upkeep\n|turn|3\n|inactive|Time left: 300 sec this turn | 300 sec total\n|\n|t:|1783546208\n|move|p1a: Zacian|Play Rough|p2a: Incineroar\n|-damage|p2a: Incineroar|67/290\n|move|p2a: Incineroar|Will-O-Wisp|p1a: Zacian|[miss]\n|-miss|p2a: Incineroar|p1a: Zacian\n|\n|upkeep\n|turn|4\n|inactive|Time left: 300 sec this turn | 300 sec total\n|\n|t:|1783546209\n|switch|p2a: Slowbro|Slowbro, L85, M|300/300\n|move|p1a: Zacian|Play Rough|p2a: Slowbro|[miss]\n|-miss|p1a: Zacian|p2a: Slowbro\n|\n|upkeep\n|turn|5\n|inactive|Time left: 300 sec this turn | 300 sec total\n|\n|t:|1783546210\n|switch|p1a: Ampharos|Ampharos, L88, F|100/100\n|move|p2a: Slowbro|Calm Mind|p2a: Slowbro\n|-boost|p2a: Slowbro|spa|1\n|-boost|p2a: Slowbro|spd|1\n|\n|upkeep\n|turn|6\n|inactive|Time left: 300 sec this turn | 300 sec total\n|\n|t:|1783546211\n|move|p1a: Ampharos|Discharge|p2a: Slowbro\n|-supereffective|p2a: Slowbro\n|-damage|p2a: Slowbro|144/300\n|move|p2a: Slowbro|Scald|p1a: Ampharos\n|-crit|p1a: Ampharos\n|-damage|p1a: Ampharos|61/100\n|\n|-heal|p2a: Slowbro|162/300|[from] item: Leftovers\n|upkeep\n|turn|7\n|inactive|Time left: 300 sec this turn | 300 sec total\n|\n|t:|1783546212\n|move|p1a: Ampharos|Discharge|p2a: Slowbro\n|-supereffective|p2a: Slowbro\n|-crit|p2a: Slowbro\n|-damage|p2a: Slowbro|0 fnt\n|faint|p2a: Slowbro\n|\n|upkeep\n|inactive|Time left: 300 sec this turn | 300 sec total | 5 sec grace\n|\n|t:|1783546213\n|switch|p2a: Polteageist|Polteageist-Antique, L78|134/222\n|turn|8\n|inactive|Time left: 300 sec this turn | 300 sec total\n|\n|t:|1783546214\n|move|p2a: Polteageist|Shell Smash|p2a: Polteageist\n|-unboost|p2a: Polteageist|def|1\n|-unboost|p2a: Polteageist|spd|1\n|-boost|p2a: Polteageist|atk|2\n|-boost|p2a: Polteageist|spa|2\n|-boost|p2a: Polteageist|spe|2\n|-enditem|p2a: Polteageist|White Herb\n|-clearnegativeboost|p2a: Polteageist|[silent]\n|move|p1a: Ampharos|Discharge|p2a: Polteageist\n|-damage|p2a: Polteageist|40/222\n|-status|p2a: Polteageist|par\n|\n|upkeep\n|turn|9\n|inactive|Time left: 300 sec this turn | 300 sec total\n|\n|t:|1783546215\n|move|p2a: Polteageist|Strength Sap|p1a: Ampharos\n|-unboost|p1a: Ampharos|atk|1\n|-heal|p2a: Polteageist|177/222 par\n|move|p1a: Ampharos|Volt Switch|p2a: Polteageist\n|-damage|p2a: Polteageist|92/222 par\n|\n|t:|1783546216\n|switch|p1a: Zacian|Zacian, L69|100/100|[from] Volt Switch\n|\n|upkeep\n|turn|10\n|inactive|Time left: 300 sec this turn | 300 sec total\n|\n|t:|1783546217\n|switch|p2a: Sandslash|Sandslash-Alola, L88, F|275/275\n|move|p1a: Zacian|Play Rough|p2a: Sandslash|[miss]\n|-miss|p1a: Zacian|p2a: Sandslash\n|\n|upkeep\n|turn|11\n|inactive|Time left: 300 sec this turn | 300 sec total\n|\n|t:|1783546218\n|switch|p1a: Rotom|Rotom-Wash, L82|100/100\n|move|p2a: Sandslash|Triple Axel|p1a: Rotom\n|-resisted|p1a: Rotom\n|-damage|p1a: Rotom|96/100\n|-resisted|p1a: Rotom\n|-crit|p1a: Rotom\n|-damage|p1a: Rotom|81/100\n|-resisted|p1a: Rotom\n|-damage|p1a: Rotom|67/100\n|-hitcount|p1a: Rotom|3\n|\n|upkeep\n|turn|12\n|inactive|Time left: 300 sec this turn | 300 sec total\n|\n|t:|1783546219\n|move|p1a: Rotom|Thunderbolt|p2a: Sandslash\n|-damage|p2a: Sandslash|166/275\n|move|p2a: Sandslash|Triple Axel|p1a: Rotom\n|-resisted|p1a: Rotom\n|-damage|p1a: Rotom|63/100\n|-hitcount|p1a: Rotom|1\n|\n|-heal|p2a: Sandslash|183/275|[from] item: Leftovers\n|upkeep\n|turn|13\n|inactive|Time left: 300 sec this turn | 300 sec total\n|\n|t:|1783546220\n|move|p1a: Rotom|Thunderbolt|p2a: Sandslash\n|-damage|p2a: Sandslash|60/275\n|move|p2a: Sandslash|Triple Axel|p1a: Rotom\n|-resisted|p1a: Rotom\n|-damage|p1a: Rotom|58/100\n|-resisted|p1a: Rotom\n|-damage|p1a: Rotom|49/100\n|-hitcount|p1a: Rotom|2\n|\n|-heal|p2a: Sandslash|77/275|[from] item: Leftovers\n|upkeep\n|turn|14\n|inactive|Time left: 300 sec this turn | 300 sec total\n|\n|t:|1783546221\n|switch|p2a: Espeon|Espeon, L84, M|246/246\n|move|p1a: Rotom|Thunderbolt|p2a: Espeon\n|-damage|p2a: Espeon|155/246\n|\n|upkeep\n|turn|15\n|inactive|Time left: 300 sec this turn | 300 sec total\n|\n|t:|1783546222\n|move|p1a: Rotom|Thunderbolt|p2a: Espeon\n|-damage|p2a: Espeon|65/246\n|-status|p2a: Espeon|par\n|move|p2a: Espeon|Psychic|p1a: Rotom\n|-damage|p1a: Rotom|0 fnt\n|faint|p1a: Rotom\n|-damage|p2a: Espeon|41/246 par|[from] item: Life Orb\n|\n|upkeep\n|\n|t:|1783546223\n|switch|p1a: Ampharos|Ampharos, L88, F|61/100\n|turn|16\n|inactive|Time left: 300 sec this turn | 300 sec total\n|\n|t:|1783546224\n|move|p1a: Ampharos|Discharge|p2a: Espeon\n|-damage|p2a: Espeon|0 fnt\n|faint|p2a: Espeon\n|\n|upkeep\n|inactive|Time left: 300 sec this turn | 300 sec total | 5 sec grace\n|\n|t:|1783546225\n|switch|p2a: Sandslash|Sandslash-Alola, L88, F|77/275\n|turn|17\n|inactive|Time left: 300 sec this turn | 300 sec total\n|\n|t:|1783546226\n|move|p2a: Sandslash|Earthquake|p1a: Ampharos\n|-supereffective|p1a: Ampharos\n|-crit|p1a: Ampharos\n|-damage|p1a: Ampharos|0 fnt\n|faint|p1a: Ampharos\n|\n|-heal|p2a: Sandslash|94/275|[from] item: Leftovers\n|upkeep\n|\n|t:|1783546227\n|switch|p1a: Latios|Latios, L78, M|100/100\n|turn|18\n|inactive|Time left: 300 sec this turn | 300 sec total\n|\n|t:|1783546228\n|switch|p2a: Incineroar|Incineroar, L82, M|67/290\n|-ability|p2a: Incineroar|Intimidate|boost\n|-unboost|p1a: Latios|atk|1\n|move|p1a: Latios|Luster Purge|p2a: Incineroar\n|-immune|p2a: Incineroar\n|\n|upkeep\n|turn|19\n|inactive|Time left: 300 sec this turn | 300 sec total\n|\n|t:|1783546229\n|switch|p1a: Zacian|Zacian, L69|100/100\n|move|p2a: Incineroar|Knock Off|p1a: Zacian\n|-resisted|p1a: Zacian\n|-damage|p1a: Zacian|77/100\n|-enditem|p1a: Zacian|Choice Band|[from] move: Knock Off|[of] p2a: Incineroar\n|\n|upkeep\n|turn|20\n|inactive|Time left: 300 sec this turn | 300 sec total\n|\n|t:|1783546230\n|switch|p2a: Sandslash|Sandslash-Alola, L88, F|94/275\n|move|p1a: Zacian|Play Rough|p2a: Sandslash\n|-resisted|p2a: Sandslash\n|-damage|p2a: Sandslash|67/275\n|\n|-heal|p2a: Sandslash|84/275|[from] item: Leftovers\n|upkeep\n|turn|21\n|inactive|Time left: 300 sec this turn | 300 sec total\n|\n|t:|1783546231\n|move|p1a: Zacian|Close Combat|p2a: Sandslash\n|-supereffective|p2a: Sandslash\n|-damage|p2a: Sandslash|0 fnt\n|-unboost|p1a: Zacian|def|1\n|-unboost|p1a: Zacian|spd|1\n|faint|p2a: Sandslash\n|\n|upkeep\n|inactive|Time left: 300 sec this turn | 300 sec total | 5 sec grace\n|\n|t:|1783546232\n|switch|p2a: Incineroar|Incineroar, L82, M|67/290\n|-ability|p2a: Incineroar|Intimidate|boost\n|-unboost|p1a: Zacian|atk|1\n|turn|22\n|inactive|Time left: 300 sec this turn | 300 sec total\n|\n|t:|1783546233\n|switch|p1a: Sceptile|Sceptile, L87, M|100/100\n|move|p2a: Incineroar|Will-O-Wisp|p1a: Sceptile\n|-status|p1a: Sceptile|brn\n|\n|-damage|p1a: Sceptile|94/100 brn|[from] brn\n|upkeep\n|turn|23\n|inactive|Time left: 300 sec this turn | 300 sec total\n|\n|t:|1783546234\n|switch|p2a: Polteageist|Polteageist-Antique, L78|92/222 par\n|move|p1a: Sceptile|Focus Blast|p2a: Polteageist\n|-immune|p2a: Polteageist\n|\n|-heal|p1a: Sceptile|100/100 brn|[from] item: Leftovers\n|-damage|p1a: Sceptile|94/100 brn|[from] brn\n|upkeep\n|turn|24\n|inactive|Time left: 300 sec this turn | 300 sec total\n|\n|t:|1783546236\n|switch|p1a: Zacian|Zacian, L69|77/100\n|move|p2a: Polteageist|Strength Sap|p1a: Zacian\n|-unboost|p1a: Zacian|atk|1\n|-heal|p2a: Polteageist|222/222 par\n|\n|upkeep\n|turn|25\n|inactive|Time left: 300 sec this turn | 300 sec total\n|\n|t:|1783546237\n|switch|p1a: Latios|Latios, L78, M|100/100\n|cant|p2a: Polteageist|par\n|\n|upkeep\n|turn|26\n|inactive|Time left: 300 sec this turn | 300 sec total\n|\n|t:|1783546238\n|move|p1a: Latios|Luster Purge|p2a: Polteageist\n|-damage|p2a: Polteageist|83/222 par\n|-unboost|p2a: Polteageist|spd|1\n|cant|p2a: Polteageist|par\n|\n|upkeep\n|turn|27\n|inactive|Time left: 300 sec this turn | 300 sec total\n|\n|t:|1783546239\n|switch|p2a: Incineroar|Incineroar, L82, M|67/290\n|-ability|p2a: Incineroar|Intimidate|boost\n|-unboost|p1a: Latios|atk|1\n|move|p1a: Latios|Luster Purge|p2a: Incineroar\n|-immune|p2a: Incineroar\n|\n|upkeep\n|turn|28\n|inactive|Time left: 300 sec this turn | 300 sec total\n|\n|t:|1783546240\n|switch|p1a: Zacian|Zacian, L69|77/100\n|move|p2a: Incineroar|Will-O-Wisp|p1a: Zacian\n|-status|p1a: Zacian|brn\n|\n|-damage|p1a: Zacian|71/100 brn|[from] brn\n|upkeep\n|turn|29\n|inactive|Time left: 300 sec this turn | 300 sec total\n|\n|t:|1783546241\n|switch|p2a: Polteageist|Polteageist-Antique, L78|83/222 par\n|move|p1a: Zacian|Play Rough|p2a: Polteageist\n|-damage|p2a: Polteageist|35/222 par\n|\n|-damage|p1a: Zacian|64/100 brn|[from] brn\n|upkeep\n|turn|30\n|inactive|Time left: 300 sec this turn | 300 sec total\n|\n|t:|1783546242\n|move|p1a: Zacian|Play Rough|p2a: Polteageist\n|-damage|p2a: Polteageist|0 fnt\n|-start|p1a: Zacian|Disable|Play Rough|[from] ability: Cursed Body|[of] p2a: Polteageist\n|faint|p2a: Polteageist\n|\n|-damage|p1a: Zacian|58/100 brn|[from] brn\n|upkeep\n|inactive|Time left: 300 sec this turn | 300 sec total | 5 sec grace\n|\n|t:|1783546243\n|switch|p2a: Incineroar|Incineroar, L82, M|67/290\n|-ability|p2a: Incineroar|Intimidate|boost\n|-unboost|p1a: Zacian|atk|1\n|turn|31\n|inactive|Time left: 300 sec this turn | 300 sec total\n|\n|t:|1783546244\n|move|p1a: Zacian|Close Combat|p2a: Incineroar\n|-supereffective|p2a: Incineroar\n|-damage|p2a: Incineroar|17/290\n|-unboost|p1a: Zacian|def|1\n|-unboost|p1a: Zacian|spd|1\n|move|p2a: Incineroar|Knock Off|p1a: Zacian\n|-resisted|p1a: Zacian\n|-damage|p1a: Zacian|34/100 brn\n|\n|-damage|p1a: Zacian|28/100 brn|[from] brn\n|upkeep\n|turn|32\n|inactive|Time left: 300 sec this turn | 300 sec total\n|\n|t:|1783546245\n|move|p1a: Zacian|Close Combat|p2a: Incineroar\n|-supereffective|p2a: Incineroar\n|-damage|p2a: Incineroar|0 fnt\n|-unboost|p1a: Zacian|def|1\n|-unboost|p1a: Zacian|spd|1\n|faint|p2a: Incineroar\n|\n|-damage|p1a: Zacian|22/100 brn|[from] brn\n|upkeep\n|inactive|Time left: 300 sec this turn | 300 sec total | 5 sec grace\n|\n|t:|1783546246\n|switch|p2a: Swanna|Swanna, L89, M|278/278\n|turn|33\n|inactive|Time left: 300 sec this turn | 300 sec total\n|\n|t:|1783546246\n|switch|p1a: Sceptile|Sceptile, L87, M|94/100 brn\n|move|p2a: Swanna|Brave Bird|p1a: Sceptile\n|-supereffective|p1a: Sceptile\n|-damage|p1a: Sceptile|0 fnt\n|faint|p1a: Sceptile\n|-damage|p2a: Swanna|196/278|[from] Recoil\n|\n|upkeep\n|\n|t:|1783546247\n|switch|p1a: Latios|Latios, L78, M|100/100\n|turn|34\n|inactive|Time left: 300 sec this turn | 300 sec total\n|\n|t:|1783546248\n|move|p2a: Swanna|Roost|p2a: Swanna\n|-heal|p2a: Swanna|278/278\n|-singleturn|p2a: Swanna|move: Roost\n|move|p1a: Latios|Luster Purge|p2a: Swanna\n|-damage|p2a: Swanna|88/278\n|-unboost|p2a: Swanna|spd|1\n|\n|upkeep\n|turn|35\n|inactive|Time left: 300 sec this turn | 300 sec total\n|\n|t:|1783546249\n|-terastallize|p1a: Latios|Dragon\n|move|p2a: Swanna|Brave Bird|p1a: Latios\n|-damage|p1a: Latios|40/100\n|-damage|p2a: Swanna|38/278|[from] Recoil\n|move|p1a: Latios|Luster Purge|p2a: Swanna\n|-damage|p2a: Swanna|0 fnt\n|faint|p2a: Swanna\n|\n|win|p0x553735a", "uploadtime": 1783546249, "views": 0, "rating": 0, "private": 0, "password": null, "_winner": "p0x553735a", "_our_name": "p0y553784d"}