{"id": "battle-gen9randombattle-2633", "formatid": "gen9randombattle", "format": "[Gen 9] Random Battle", "players": ["p0x26330c7a", "p0y26337f30"], "log": "|init|battle\n|title|p0x26330c7a vs. p0y26337f30\n|j|\u2606p0x26330c7a\n|j|\u2606p0y26337f30\n|t:|1783570401\n|gametype|singles\n|player|p1|p0x26330c7a|2|\n|player|p2|p0y26337f30|1|\n|gen|9\n|tier|[Gen 9] Random Battle\n|rule|Species Clause: Limit one of each Pok\u00e9mon\n|rule|HP Percentage Mod: HP is shown in percentages\n|rule|Sleep Clause Mod: Limit one foe put to sleep\n|rule|Illusion Level Mod: Illusion disguises the Pok\u00e9mon's true level\n|\n|t:|1783570401\n|teamsize|p1|6\n|teamsize|p2|6\n|start\n|switch|p1a: Passimian|Passimian, L83, F|100/100\n|switch|p2a: Hawlucha|Hawlucha, L80, F, shiny|256/256\n|turn|1\n|inactive|Battle timer is ON: inactive players will automatically lose when time's up. (requested by p0y26337f30)\n|inactive|p0x26330c7a also wants the timer to be on.\n|\n|t:|1783570402\n|move|p2a: Hawlucha|Brave Bird|p1a: Passimian\n|-supereffective|p1a: Passimian\n|-damage|p1a: Passimian|23/100\n|-damage|p2a: Hawlucha|179/256|[from] Recoil\n|move|p1a: Passimian|Bulk Up|p1a: Passimian\n|-boost|p1a: Passimian|atk|1\n|-boost|p1a: Passimian|def|1\n|\n|-heal|p1a: Passimian|29/100|[from] item: Leftovers\n|upkeep\n|turn|2\n|inactive|Time left: 300 sec this turn | 300 sec total\n|\n|t:|1783570403\n|move|p2a: Hawlucha|Brave Bird|p1a: Passimian\n|-supereffective|p1a: Passimian\n|-damage|p1a: Passimian|0 fnt\n|faint|p1a: Passimian\n|-damage|p2a: Hawlucha|151/256|[from] Recoil\n|\n|upkeep\n|\n|t:|1783570404\n|switch|p1a: Lanturn|Lanturn, L89, F|100/100\n|turn|3\n|inactive|Time left: 300 sec this turn | 300 sec total\n|\n|t:|1783570405\n|switch|p2a: Grimmsnarl|Grimmsnarl, L83, M|293/293\n|move|p1a: Lanturn|Scald|p2a: Grimmsnarl\n|-damage|p2a: Grimmsnarl|205/293\n|\n|upkeep\n|turn|4\n|inactive|Time left: 300 sec this turn | 300 sec total\n|\n|t:|1783570406\n|move|p2a: Grimmsnarl|Light Screen|p2a: Grimmsnarl\n|-sidestart|p2: p0y26337f30|move: Light Screen\n|move|p1a: Lanturn|Scald|p2a: Grimmsnarl\n|-damage|p2a: Grimmsnarl|157/293\n|\n|upkeep\n|turn|5\n|inactive|Time left: 300 sec this turn | 300 sec total\n|\n|t:|1783570407\n|move|p2a: Grimmsnarl|Reflect|p2a: Grimmsnarl\n|-sidestart|p2: p0y26337f30|Reflect\n|move|p1a: Lanturn|Scald|p2a: Grimmsnarl\n|-damage|p2a: Grimmsnarl|115/293\n|-status|p2a: Grimmsnarl|brn\n|\n|-damage|p2a: Grimmsnarl|97/293 brn|[from] brn\n|upkeep\n|turn|6\n|inactive|Time left: 300 sec this turn | 300 sec total\n|\n|t:|1783570408\n|move|p2a: Grimmsnarl|Parting Shot|p1a: Lanturn\n|-unboost|p1a: Lanturn|atk|1\n|-unboost|p1a: Lanturn|spa|1\n|inactive|Time left: 300 sec this turn | 300 sec total | 5 sec grace\n|\n|t:|1783570409\n|switch|p2a: Brute Bonnet|Brute Bonnet, L80|309/309|[from] Parting Shot\n|move|p1a: Lanturn|Ice Beam|p2a: Brute Bonnet\n|-supereffective|p2a: Brute Bonnet\n|-damage|p2a: Brute Bonnet|270/309\n|-status|p2a: Brute Bonnet|frz\n|\n|-heal|p2a: Brute Bonnet|289/309 frz|[from] item: Leftovers\n|upkeep\n|turn|7\n|inactive|Time left: 300 sec this turn | 300 sec total\n|\n|t:|1783570410\n|switch|p1a: Eiscue|Eiscue, L88, M|100/100\n|-end|p2a: Brute Bonnet|Protosynthesis|[silent]\n|switch|p2a: Zangoose|Zangoose, L85, F|263/263\n|\n|-status|p2a: Zangoose|tox|[from] item: Toxic Orb\n|upkeep\n|turn|8\n|inactive|Time left: 300 sec this turn | 300 sec total\n|\n|t:|1783570411\n|move|p2a: Zangoose|Facade|p1a: Eiscue\n|-activate|p1a: Eiscue|ability: Ice Face\n|-damage|p1a: Eiscue|100/100\n|detailschange|p1a: Eiscue|Eiscue-Noice, L88, M\n|move|p1a: Eiscue|Belly Drum|p1a: Eiscue\n|-damage|p1a: Eiscue|50/100\n|-setboost|p1a: Eiscue|atk|6|[from] move: Belly Drum\n|-enditem|p1a: Eiscue|Sitrus Berry|[eat]\n|-heal|p1a: Eiscue|75/100|[from] item: Sitrus Berry\n|\n|-damage|p2a: Zangoose|247/263 tox|[from] psn\n|upkeep\n|turn|9\n|inactive|Time left: 300 sec this turn | 300 sec total\n|\n|t:|1783570412\n|move|p1a: Eiscue|Iron Head|p2a: Zangoose\n|-damage|p2a: Zangoose|120/263 tox\n|move|p2a: Zangoose|Facade|p1a: Eiscue\n|-damage|p1a: Eiscue|0 fnt\n|faint|p1a: Eiscue\n|\n|-damage|p2a: Zangoose|88/263 tox|[from] psn\n|upkeep\n|\n|t:|1783570412\n|switch|p1a: Jolteon|Jolteon, L84, F|100/100\n|turn|10\n|inactive|Time left: 300 sec this turn | 300 sec total\n|\n|t:|1783570414\n|move|p1a: Jolteon|Substitute|p1a: Jolteon\n|-start|p1a: Jolteon|Substitute\n|-damage|p1a: Jolteon|76/100\n|move|p2a: Zangoose|Facade|p1a: Jolteon\n|-end|p1a: Jolteon|Substitute\n|\n|-heal|p1a: Jolteon|82/100|[from] item: Leftovers\n|-damage|p2a: Zangoose|40/263 tox|[from] psn\n|upkeep\n|turn|11\n|inactive|Time left: 300 sec this turn | 300 sec total\n|\n|t:|1783570414\n|switch|p2a: Reshiram|Reshiram, L76|277/277\n|-ability|p2a: Reshiram|Turboblaze\n|move|p1a: Jolteon|Thunderbolt|p2a: Reshiram\n|-resisted|p2a: Reshiram\n|-crit|p2a: Reshiram\n|-damage|p2a: Reshiram|210/277\n|\n|-heal|p1a: Jolteon|88/100|[from] item: Leftovers\n|-sideend|p2: p0y26337f30|move: Light Screen\n|upkeep\n|turn|12\n|inactive|Time left: 300 sec this turn | 300 sec total\n|\n|t:|1783570415\n|move|p1a: Jolteon|Calm Mind|p1a: Jolteon\n|-boost|p1a: Jolteon|spa|1\n|-boost|p1a: Jolteon|spd|1\n|move|p2a: Reshiram|Dragon Dance|p2a: Reshiram\n|-boost|p2a: Reshiram|atk|1\n|-boost|p2a: Reshiram|spe|1\n|\n|-heal|p1a: Jolteon|94/100|[from] item: Leftovers\n|-sideend|p2: p0y26337f30|Reflect\n|upkeep\n|turn|13\n|inactive|Time left: 300 sec this turn | 300 sec total\n|\n|t:|1783570416\n|move|p2a: Reshiram|Outrage|p1a: Jolteon\n|-damage|p1a: Jolteon|0 fnt\n|faint|p1a: Jolteon\n|\n|upkeep\n|\n|t:|1783570417\n|switch|p1a: Gastrodon|Gastrodon-East, L86, F|100/100\n|turn|14\n|inactive|Time left: 300 sec this turn | 300 sec total\n|\n|t:|1783570418\n|move|p2a: Reshiram|Outrage|p1a: Gastrodon|[from] lockedmove\n|-damage|p1a: Gastrodon|35/100\n|move|p1a: Gastrodon|Recover|p1a: Gastrodon\n|-heal|p1a: Gastrodon|85/100\n|\n|-heal|p1a: Gastrodon|91/100|[from] item: Leftovers\n|upkeep\n|turn|15\n|inactive|Time left: 300 sec this turn | 300 sec total\n|\n|t:|1783570419\n|move|p2a: Reshiram|Outrage|p1a: Gastrodon|[from] lockedmove\n|-damage|p1a: Gastrodon|27/100\n|-start|p2a: Reshiram|confusion|[fatigue]\n|move|p1a: Gastrodon|Earthquake|p2a: Reshiram\n|-supereffective|p2a: Reshiram\n|-damage|p2a: Reshiram|10/277\n|\n|-heal|p1a: Gastrodon|33/100|[from] item: Leftovers\n|upkeep\n|turn|16\n|inactive|Time left: 300 sec this turn | 300 sec total\n|\n|t:|1783570420\n|-activate|p2a: Reshiram|confusion\n|-damage|p2a: Reshiram|0 fnt|[from] confusion\n|faint|p2a: Reshiram\n|move|p1a: Gastrodon|Stealth Rock|p2: Reshiram\n|-sidestart|p2: p0y26337f30|move: Stealth Rock\n|\n|-heal|p1a: Gastrodon|39/100|[from] item: Leftovers\n|upkeep\n|inactive|Time left: 300 sec this turn | 300 sec total | 5 sec grace\n|\n|t:|1783570420\n|switch|p2a: Dodrio|Dodrio, L85, M|241/241\n|turn|17\n|inactive|Time left: 300 sec this turn | 300 sec total\n|\n|t:|1783570421\n|switch|p1a: Lanturn|Lanturn, L89, F|100/100\n|move|p2a: Dodrio|Swords Dance|p2a: Dodrio\n|-boost|p2a: Dodrio|atk|2\n|\n|upkeep\n|turn|18\n|inactive|Time left: 300 sec this turn | 300 sec total\n|\n|t:|1783570422\n|move|p2a: Dodrio|Drill Run|p1a: Lanturn\n|-supereffective|p1a: Lanturn\n|-damage|p1a: Lanturn|17/100\n|move|p1a: Lanturn|Thunderbolt|p2a: Dodrio\n|-supereffective|p2a: Dodrio\n|-damage|p2a: Dodrio|7/241\n|\n|-heal|p1a: Lanturn|23/100|[from] item: Leftovers\n|upkeep\n|turn|19\n|inactive|Time left: 300 sec this turn | 300 sec total\n|\n|t:|1783570423\n|move|p2a: Dodrio|Knock Off|p1a: Lanturn\n|-damage|p1a: Lanturn|0 fnt\n|-enditem|p1a: Lanturn|Leftovers|[from] move: Knock Off|[of] p2a: Dodrio\n|faint|p1a: Lanturn\n|\n|upkeep\n|\n|t:|1783570424\n|switch|p1a: Gastrodon|Gastrodon-East, L86, F|39/100\n|turn|20\n|inactive|Time left: 300 sec this turn | 300 sec total\n|\n|t:|1783570425\n|switch|p1a: Volcarona|Volcarona, L77, M|100/100\n|move|p2a: Dodrio|Knock Off|p1a: Volcarona\n|-damage|p1a: Volcarona|13/100\n|-enditem|p1a: Volcarona|Heavy-Duty Boots|[from] move: Knock Off|[of] p2a: Dodrio\n|\n|upkeep\n|turn|21\n|inactive|Time left: 300 sec this turn | 300 sec total\n|\n|t:|1783570426\n|move|p2a: Dodrio|Knock Off|p1a: Volcarona\n|-damage|p1a: Volcarona|0 fnt\n|-status|p2a: Dodrio|brn|[from] ability: Flame Body|[of] p1a: Volcarona\n|faint|p1a: Volcarona\n|\n|-damage|p2a: Dodrio|0 fnt|[from] brn\n|faint|p2a: Dodrio\n|upkeep\n|inactive|Time left: 300 sec this turn | 300 sec total | 5 sec grace\n|\n|t:|1783570427\n|switch|p2a: Zangoose|Zangoose, L85, F|40/263 tox\n|switch|p1a: Gastrodon|Gastrodon-East, L86, F|39/100\n|-damage|p2a: Zangoose|8/263 tox|[from] Stealth Rock\n|turn|22\n|inactive|Time left: 300 sec this turn | 300 sec total\n|\n|t:|1783570428\n|-terastallize|p2a: Zangoose|Normal\n|move|p2a: Zangoose|Knock Off|p1a: Gastrodon\n|-damage|p1a: Gastrodon|0 fnt\n|-enditem|p1a: Gastrodon|Leftovers|[from] move: Knock Off|[of] p2a: Zangoose\n|faint|p1a: Gastrodon\n|\n|win|p0y26337f30", "uploadtime": 1783570428, "views": 0, "rating": 0, "private": 0, "password": null, "_winner": "p0y26337f30", "_our_name": "p0y26337f30"}