{"id": "battle-gen9randombattle-1006", "formatid": "gen9randombattle", "format": "[Gen 9] Random Battle", "players": ["p0x1006c51b", "p0y100601cd"], "log": "|init|battle\n|title|p0x1006c51b vs. p0y100601cd\n|j|\u2606p0x1006c51b\n|j|\u2606p0y100601cd\n|t:|1783550827\n|gametype|singles\n|player|p1|p0x1006c51b|102|\n|player|p2|p0y100601cd|169|\n|gen|9\n|tier|[Gen 9] Random Battle\n|rule|Species Clause: Limit one of each Pok\u00e9mon\n|rule|HP Percentage Mod: HP is shown in percentages\n|rule|Sleep Clause Mod: Limit one foe put to sleep\n|rule|Illusion Level Mod: Illusion disguises the Pok\u00e9mon's true level\n|\n|t:|1783550827\n|teamsize|p1|6\n|teamsize|p2|6\n|start\n|switch|p1a: Hydrapple|Hydrapple, L83, M|100/100\n|switch|p2a: Greninja|Greninja, L80, M|246/246\n|turn|1\n|inactive|Battle timer is ON: inactive players will automatically lose when time's up. (requested by p0y100601cd)\n|\n|t:|1783550829\n|move|p2a: Greninja|U-turn|p1a: Hydrapple\n|-start|p2a: Greninja|typechange|Bug|[from] ability: Protean\n|-supereffective|p1a: Hydrapple\n|-damage|p1a: Hydrapple|56/100\n|-damage|p2a: Greninja|222/246|[from] item: Life Orb\n|inactive|Time left: 300 sec this turn | 300 sec total | 65 sec grace\n|inactive|p0x1006c51b also wants the timer to be on.\n|\n|t:|1783550830\n|switch|p2a: Porygon2|Porygon2, L81|270/270|[from] U-turn\n|-ability|p2a: Porygon2|Download|boost\n|-boost|p2a: Porygon2|spa|1\n|move|p1a: Hydrapple|Earth Power|p2a: Porygon2\n|-damage|p2a: Porygon2|218/270\n|\n|upkeep\n|turn|2\n|inactive|Time left: 300 sec this turn | 300 sec total\n|\n|t:|1783550832\n|switch|p1a: Dewgong|Dewgong, L94, F|100/100\n|move|p2a: Porygon2|Tera Blast|p1a: Dewgong\n|-damage|p1a: Dewgong|77/100\n|\n|upkeep\n|turn|3\n|inactive|Time left: 300 sec this turn | 300 sec total\n|\n|t:|1783550833\n|move|p1a: Dewgong|Knock Off|p2a: Porygon2\n|-damage|p2a: Porygon2|170/270\n|-enditem|p2a: Porygon2|Eviolite|[from] move: Knock Off|[of] p1a: Dewgong\n|move|p2a: Porygon2|Recover|p2a: Porygon2\n|-heal|p2a: Porygon2|270/270\n|\n|upkeep\n|turn|4\n|inactive|Time left: 300 sec this turn | 300 sec total\n|\n|t:|1783550834\n|move|p1a: Dewgong|Ice Beam|p2a: Porygon2\n|-damage|p2a: Porygon2|180/270\n|-status|p2a: Porygon2|frz\n|-curestatus|p2a: Porygon2|frz|[msg]\n|move|p2a: Porygon2|Tera Blast|p1a: Dewgong\n|-damage|p1a: Dewgong|56/100\n|\n|upkeep\n|turn|5\n|inactive|Time left: 300 sec this turn | 300 sec total\n|\n|t:|1783550836\n|move|p1a: Dewgong|Ice Beam|p2a: Porygon2\n|-damage|p2a: Porygon2|90/270\n|move|p2a: Porygon2|Recover|p2a: Porygon2\n|-heal|p2a: Porygon2|225/270\n|\n|upkeep\n|turn|6\n|inactive|Time left: 300 sec this turn | 300 sec total\n|\n|t:|1783550837\n|move|p1a: Dewgong|Ice Beam|p2a: Porygon2\n|-damage|p2a: Porygon2|135/270\n|move|p2a: Porygon2|Tera Blast|p1a: Dewgong\n|-damage|p1a: Dewgong|34/100\n|\n|upkeep\n|turn|7\n|inactive|Time left: 300 sec this turn | 300 sec total\n|\n|t:|1783550838\n|move|p1a: Dewgong|Ice Beam|p2a: Porygon2\n|-damage|p2a: Porygon2|48/270\n|move|p2a: Porygon2|Recover|p2a: Porygon2\n|-heal|p2a: Porygon2|183/270\n|\n|upkeep\n|turn|8\n|inactive|Time left: 300 sec this turn | 300 sec total\n|\n|t:|1783550840\n|move|p1a: Dewgong|Ice Beam|p2a: Porygon2\n|-damage|p2a: Porygon2|86/270\n|move|p2a: Porygon2|Recover|p2a: Porygon2\n|-heal|p2a: Porygon2|221/270\n|\n|upkeep\n|turn|9\n|inactive|Time left: 300 sec this turn | 300 sec total\n|\n|t:|1783550841\n|move|p1a: Dewgong|Ice Beam|p2a: Porygon2\n|-damage|p2a: Porygon2|134/270\n|move|p2a: Porygon2|Tera Blast|p1a: Dewgong\n|-damage|p1a: Dewgong|11/100\n|\n|upkeep\n|turn|10\n|inactive|Time left: 300 sec this turn | 300 sec total\n|\n|t:|1783550842\n|move|p1a: Dewgong|Flip Turn|p2a: Porygon2\n|-damage|p2a: Porygon2|71/270\n|\n|t:|1783550843\n|switch|p1a: Rampardos|Rampardos, L90, M|100/100|[from] Flip Turn\n|move|p2a: Porygon2|Recover|p2a: Porygon2\n|-heal|p2a: Porygon2|206/270\n|\n|upkeep\n|turn|11\n|inactive|Time left: 300 sec this turn | 300 sec total\n|\n|t:|1783550844\n|move|p1a: Rampardos|Rock Slide|p2a: Porygon2\n|-damage|p2a: Porygon2|0 fnt\n|faint|p2a: Porygon2\n|\n|upkeep\n|inactive|Time left: 300 sec this turn | 300 sec total | 5 sec grace\n|\n|t:|1783550846\n|switch|p2a: Zacian|Zacian-Crowned, L64|225/225\n|-ability|p2a: Zacian|Intrepid Sword|boost\n|-boost|p2a: Zacian|atk|1\n|turn|12\n|inactive|Time left: 300 sec this turn | 300 sec total\n|\n|t:|1783550847\n|-terastallize|p1a: Rampardos|Fire\n|move|p2a: Zacian|Behemoth Blade|p1a: Rampardos\n|-resisted|p1a: Rampardos\n|-damage|p1a: Rampardos|76/100\n|move|p1a: Rampardos|Fire Punch|p2a: Zacian\n|-supereffective|p2a: Zacian\n|-damage|p2a: Zacian|0 fnt\n|faint|p2a: Zacian\n|\n|upkeep\n|inactive|Time left: 300 sec this turn | 300 sec total | 5 sec grace\n|\n|t:|1783550848\n|switch|p2a: Oranguru|Oranguru, L92, F|315/315\n|turn|13\n|inactive|Time left: 300 sec this turn | 300 sec total\n|\n|t:|1783550849\n|move|p2a: Oranguru|Nasty Plot|p2a: Oranguru\n|-boost|p2a: Oranguru|spa|2\n|move|p1a: Rampardos|Fire Punch|p2a: Oranguru\n|-damage|p2a: Oranguru|99/315\n|\n|-heal|p2a: Oranguru|118/315|[from] item: Leftovers\n|upkeep\n|turn|14\n|inactive|Time left: 300 sec this turn | 300 sec total\n|\n|t:|1783550850\n|move|p2a: Oranguru|Focus Blast|p1a: Rampardos\n|-damage|p1a: Rampardos|0 fnt\n|faint|p1a: Rampardos\n|\n|-heal|p2a: Oranguru|137/315|[from] item: Leftovers\n|upkeep\n|\n|t:|1783550851\n|switch|p1a: Dewgong|Dewgong, L94, F|11/100\n|turn|15\n|inactive|Time left: 300 sec this turn | 300 sec total\n|\n|t:|1783550852\n|move|p1a: Dewgong|Knock Off|p2a: Oranguru\n|-supereffective|p2a: Oranguru\n|-damage|p2a: Oranguru|0 fnt\n|-enditem|p2a: Oranguru|Leftovers|[from] move: Knock Off|[of] p1a: Dewgong\n|faint|p2a: Oranguru\n|\n|upkeep\n|inactive|Time left: 300 sec this turn | 300 sec total | 5 sec grace\n|\n|t:|1783550854\n|switch|p2a: Raichu|Raichu, L88, M|249/249\n|turn|16\n|inactive|Time left: 300 sec this turn | 300 sec total\n|\n|t:|1783550855\n|switch|p1a: Hydrapple|Hydrapple, L83, M|89/100\n|move|p2a: Raichu|Alluring Voice|p1a: Hydrapple\n|-supereffective|p1a: Hydrapple\n|-damage|p1a: Hydrapple|47/100\n|\n|upkeep\n|turn|17\n|inactive|Time left: 300 sec this turn | 300 sec total\n|\n|t:|1783550856\n|switch|p1a: Ho-Oh|Ho-Oh, L71|100/100\n|move|p2a: Raichu|Alluring Voice|p1a: Ho-Oh\n|-resisted|p1a: Ho-Oh\n|-damage|p1a: Ho-Oh|89/100\n|\n|upkeep\n|turn|18\n|inactive|Time left: 300 sec this turn | 300 sec total\n|\n|t:|1783550858\n|switch|p2a: Slowking|Slowking-Galar, L85, M|300/300\n|move|p1a: Ho-Oh|Sacred Fire|p2a: Slowking\n|-damage|p2a: Slowking|206/300\n|\n|-heal|p2a: Slowking|224/300|[from] item: Leftovers\n|upkeep\n|turn|19\n|inactive|Time left: 300 sec this turn | 300 sec total\n|\n|t:|1783550859\n|move|p1a: Ho-Oh|Earthquake|p2a: Slowking\n|-supereffective|p2a: Slowking\n|-damage|p2a: Slowking|96/300\n|move|p2a: Slowking|Slack Off|p2a: Slowking\n|-heal|p2a: Slowking|246/300\n|\n|-heal|p2a: Slowking|264/300|[from] item: Leftovers\n|upkeep\n|turn|20\n|inactive|Time left: 300 sec this turn | 300 sec total\n|\n|t:|1783550860\n|move|p1a: Ho-Oh|Earthquake|p2a: Slowking\n|-supereffective|p2a: Slowking\n|-damage|p2a: Slowking|126/300\n|move|p2a: Slowking|Sludge Bomb|p1a: Ho-Oh\n|-damage|p1a: Ho-Oh|56/100\n|\n|-heal|p2a: Slowking|144/300|[from] item: Leftovers\n|upkeep\n|turn|21\n|inactive|Time left: 300 sec this turn | 300 sec total\n|\n|t:|1783550861\n|move|p1a: Ho-Oh|Earthquake|p2a: Slowking\n|-supereffective|p2a: Slowking\n|-damage|p2a: Slowking|12/300\n|move|p2a: Slowking|Sludge Bomb|p1a: Ho-Oh\n|-damage|p1a: Ho-Oh|24/100\n|\n|-heal|p2a: Slowking|30/300|[from] item: Leftovers\n|upkeep\n|turn|22\n|inactive|Time left: 300 sec this turn | 300 sec total\n|\n|t:|1783550862\n|switch|p2a: Greninja|Greninja, L80, M|222/246\n|move|p1a: Ho-Oh|Earthquake|p2a: Greninja\n|-damage|p2a: Greninja|133/246\n|\n|upkeep\n|turn|23\n|inactive|Time left: 300 sec this turn | 300 sec total\n|\n|t:|1783550863\n|switch|p1a: Hydrapple|Hydrapple, L83, M|81/100\n|move|p2a: Greninja|Dark Pulse|p1a: Hydrapple\n|-start|p2a: Greninja|typechange|Dark|[from] ability: Protean\n|-damage|p1a: Hydrapple|53/100\n|-damage|p2a: Greninja|109/246|[from] item: Life Orb\n|\n|upkeep\n|turn|24\n|inactive|Time left: 300 sec this turn | 300 sec total\n|\n|t:|1783550864\n|move|p2a: Greninja|U-turn|p1a: Hydrapple\n|-supereffective|p1a: Hydrapple\n|-damage|p1a: Hydrapple|20/100\n|-damage|p2a: Greninja|85/246|[from] item: Life Orb\n|inactive|Time left: 300 sec this turn | 300 sec total | 5 sec grace\n|\n|t:|1783550865\n|switch|p2a: Slowking|Slowking-Galar, L85, M|130/300|[from] U-turn\n|move|p1a: Hydrapple|Earth Power|p2a: Slowking\n|-supereffective|p2a: Slowking\n|-damage|p2a: Slowking|12/300\n|\n|-heal|p2a: Slowking|30/300|[from] item: Leftovers\n|upkeep\n|turn|25\n|inactive|Time left: 300 sec this turn | 300 sec total\n|\n|t:|1783550867\n|switch|p2a: Greninja|Greninja, L80, M|85/246\n|move|p1a: Hydrapple|Earth Power|p2a: Greninja\n|-damage|p2a: Greninja|0 fnt\n|faint|p2a: Greninja\n|\n|upkeep\n|inactive|Time left: 300 sec this turn | 300 sec total | 5 sec grace\n|\n|t:|1783550867\n|switch|p2a: Slowking|Slowking-Galar, L85, M|130/300\n|turn|26\n|inactive|Time left: 300 sec this turn | 300 sec total\n|\n|t:|1783550869\n|move|p1a: Hydrapple|Earth Power|p2a: Slowking\n|-supereffective|p2a: Slowking\n|-damage|p2a: Slowking|12/300\n|move|p2a: Slowking|Slack Off|p2a: Slowking\n|-heal|p2a: Slowking|162/300\n|\n|-heal|p2a: Slowking|180/300|[from] item: Leftovers\n|upkeep\n|turn|27\n|inactive|Time left: 300 sec this turn | 300 sec total\n|\n|t:|1783550870\n|switch|p1a: Polteageist|Polteageist-Antique, L78|100/100\n|move|p2a: Slowking|Sludge Bomb|p1a: Polteageist\n|-resisted|p1a: Polteageist\n|-damage|p1a: Polteageist|80/100\n|\n|-heal|p2a: Slowking|198/300|[from] item: Leftovers\n|upkeep\n|turn|28\n|inactive|Time left: 300 sec this turn | 300 sec total\n|\n|t:|1783550871\n|move|p1a: Polteageist|Shell Smash|p1a: Polteageist\n|-unboost|p1a: Polteageist|def|1\n|-unboost|p1a: Polteageist|spd|1\n|-boost|p1a: Polteageist|atk|2\n|-boost|p1a: Polteageist|spa|2\n|-boost|p1a: Polteageist|spe|2\n|-enditem|p1a: Polteageist|White Herb\n|-clearnegativeboost|p1a: Polteageist|[silent]\n|move|p2a: Slowking|Psychic Noise|p1a: Polteageist\n|-damage|p1a: Polteageist|42/100\n|-start|p1a: Polteageist|move: Heal Block\n|\n|-heal|p2a: Slowking|216/300|[from] item: Leftovers\n|upkeep\n|turn|29\n|inactive|Time left: 300 sec this turn | 300 sec total\n|\n|t:|1783550872\n|-terastallize|p2a: Slowking|Dark\n|move|p1a: Polteageist|Shadow Ball|p2a: Slowking\n|-resisted|p2a: Slowking\n|-damage|p2a: Slowking|133/300\n|move|p2a: Slowking|Psychic Noise|p1a: Polteageist\n|-damage|p1a: Polteageist|4/100\n|\n|-heal|p2a: Slowking|151/300|[from] item: Leftovers\n|-end|p1a: Polteageist|move: Heal Block\n|upkeep\n|turn|30\n|inactive|Time left: 300 sec this turn | 300 sec total\n|\n|t:|1783550873\n|move|p1a: Polteageist|Strength Sap|p2a: Slowking\n|-unboost|p2a: Slowking|atk|1\n|-heal|p1a: Polteageist|56/100\n|move|p2a: Slowking|Psychic Noise|p1a: Polteageist\n|-damage|p1a: Polteageist|22/100\n|-start|p1a: Polteageist|move: Heal Block\n|-start|p2a: Slowking|Disable|Psychic Noise|[from] ability: Cursed Body|[of] p1a: Polteageist\n|\n|-heal|p2a: Slowking|169/300|[from] item: Leftovers\n|upkeep\n|turn|31\n|inactive|Time left: 300 sec this turn | 300 sec total\n|\n|t:|1783550874\n|move|p1a: Polteageist|Shadow Ball|p2a: Slowking\n|-resisted|p2a: Slowking\n|-damage|p2a: Slowking|85/300\n|-unboost|p2a: Slowking|spd|1\n|move|p2a: Slowking|Sludge Bomb|p1a: Polteageist\n|-resisted|p1a: Polteageist\n|-damage|p1a: Polteageist|0 fnt\n|faint|p1a: Polteageist\n|\n|-heal|p2a: Slowking|103/300|[from] item: Leftovers\n|upkeep\n|\n|t:|1783550875\n|switch|p1a: Hydrapple|Hydrapple, L83, M|53/100\n|turn|32\n|inactive|Time left: 300 sec this turn | 300 sec total\n|\n|t:|1783550876\n|switch|p2a: Raichu|Raichu, L88, M|249/249\n|move|p1a: Hydrapple|Fickle Beam|p2a: Raichu|[anim] Fickle Beam All Out\n|-activate|p1a: Hydrapple|move: Fickle Beam\n|-damage|p2a: Raichu|62/249\n|\n|upkeep\n|turn|33\n|inactive|Time left: 300 sec this turn | 300 sec total\n|\n|t:|1783550877\n|move|p2a: Raichu|Alluring Voice|p1a: Hydrapple\n|-supereffective|p1a: Hydrapple\n|-damage|p1a: Hydrapple|13/100\n|move|p1a: Hydrapple|Fickle Beam|p2a: Raichu\n|-damage|p2a: Raichu|0 fnt\n|faint|p2a: Raichu\n|\n|upkeep\n|inactive|Time left: 300 sec this turn | 300 sec total | 5 sec grace\n|\n|t:|1783550878\n|switch|p2a: Slowking|Slowking-Galar, L85, M, tera:Dark|203/300\n|turn|34\n|inactive|Time left: 300 sec this turn | 300 sec total\n|\n|t:|1783550879\n|switch|p1a: Ho-Oh|Ho-Oh, L71|57/100\n|move|p2a: Slowking|Slack Off|p2a: Slowking\n|-heal|p2a: Slowking|300/300\n|\n|upkeep\n|turn|35\n|inactive|Time left: 300 sec this turn | 300 sec total\n|\n|t:|1783550880\n|move|p1a: Ho-Oh|Recover|p1a: Ho-Oh\n|-heal|p1a: Ho-Oh|100/100\n|move|p2a: Slowking|Sludge Bomb|p1a: Ho-Oh\n|-damage|p1a: Ho-Oh|71/100\n|\n|upkeep\n|turn|36\n|inactive|Time left: 300 sec this turn | 300 sec total\n|\n|t:|1783550881\n|move|p1a: Ho-Oh|Sacred Fire|p2a: Slowking\n|-damage|p2a: Slowking|192/300\n|move|p2a: Slowking|Sludge Bomb|p1a: Ho-Oh\n|-crit|p1a: Ho-Oh\n|-damage|p1a: Ho-Oh|24/100\n|-status|p1a: Ho-Oh|psn\n|\n|-heal|p2a: Slowking|210/300|[from] item: Leftovers\n|-damage|p1a: Ho-Oh|12/100 psn|[from] psn\n|upkeep\n|turn|37\n|inactive|Time left: 300 sec this turn | 300 sec total\n|\n|t:|1783550882\n|move|p1a: Ho-Oh|Recover|p1a: Ho-Oh\n|-heal|p1a: Ho-Oh|62/100 psn\n|move|p2a: Slowking|Slack Off|p2a: Slowking\n|-heal|p2a: Slowking|300/300\n|\n|-damage|p1a: Ho-Oh|49/100 psn|[from] psn\n|upkeep\n|turn|38\n|inactive|Time left: 300 sec this turn | 300 sec total\n|\n|t:|1783550883\n|move|p1a: Ho-Oh|Recover|p1a: Ho-Oh\n|-heal|p1a: Ho-Oh|99/100 psn\n|move|p2a: Slowking|Sludge Bomb|p1a: Ho-Oh\n|-damage|p1a: Ho-Oh|67/100 psn\n|\n|-damage|p1a: Ho-Oh|55/100 psn|[from] psn\n|upkeep\n|turn|39\n|inactive|Time left: 300 sec this turn | 300 sec total\n|\n|t:|1783550885\n|move|p1a: Ho-Oh|Recover|p1a: Ho-Oh\n|-heal|p1a: Ho-Oh|100/100 psn\n|move|p2a: Slowking|Psychic Noise|p1a: Ho-Oh\n|-damage|p1a: Ho-Oh|73/100 psn\n|-start|p1a: Ho-Oh|move: Heal Block\n|\n|-damage|p1a: Ho-Oh|61/100 psn|[from] psn\n|upkeep\n|turn|40\n|inactive|Time left: 300 sec this turn | 300 sec total\n|\n|t:|1783550886\n|move|p1a: Ho-Oh|Sacred Fire|p2a: Slowking\n|-damage|p2a: Slowking|200/300\n|-status|p2a: Slowking|brn\n|move|p2a: Slowking|Sludge Bomb|p1a: Ho-Oh\n|-damage|p1a: Ho-Oh|28/100 psn\n|\n|-heal|p2a: Slowking|218/300 brn|[from] item: Leftovers\n|-damage|p1a: Ho-Oh|16/100 psn|[from] psn\n|-damage|p2a: Slowking|200/300 brn|[from] brn\n|-end|p1a: Ho-Oh|move: Heal Block\n|upkeep\n|turn|41\n|inactive|Time left: 300 sec this turn | 300 sec total\n|\n|t:|1783550887\n|move|p1a: Ho-Oh|Recover|p1a: Ho-Oh\n|-heal|p1a: Ho-Oh|66/100 psn\n|move|p2a: Slowking|Slack Off|p2a: Slowking\n|-heal|p2a: Slowking|300/300 brn\n|\n|-damage|p1a: Ho-Oh|53/100 psn|[from] psn\n|-damage|p2a: Slowking|282/300 brn|[from] brn\n|upkeep\n|turn|42\n|inactive|Time left: 300 sec this turn | 300 sec total\n|\n|t:|1783550888\n|move|p1a: Ho-Oh|Recover|p1a: Ho-Oh\n|-heal|p1a: Ho-Oh|100/100 psn\n|move|p2a: Slowking|Sludge Bomb|p1a: Ho-Oh\n|-damage|p1a: Ho-Oh|72/100 psn\n|\n|-heal|p2a: Slowking|300/300 brn|[from] item: Leftovers\n|-damage|p1a: Ho-Oh|60/100 psn|[from] psn\n|-damage|p2a: Slowking|282/300 brn|[from] brn\n|upkeep\n|turn|43\n|inactive|Time left: 300 sec this turn | 300 sec total\n|\n|t:|1783550889\n|move|p1a: Ho-Oh|Recover|p1a: Ho-Oh\n|-heal|p1a: Ho-Oh|100/100 psn\n|move|p2a: Slowking|Sludge Bomb|p1a: Ho-Oh\n|-damage|p1a: Ho-Oh|70/100 psn\n|\n|-heal|p2a: Slowking|300/300 brn|[from] item: Leftovers\n|-damage|p1a: Ho-Oh|58/100 psn|[from] psn\n|-damage|p2a: Slowking|282/300 brn|[from] brn\n|upkeep\n|turn|44\n|inactive|Time left: 300 sec this turn | 300 sec total\n|\n|t:|1783550890\n|move|p1a: Ho-Oh|Recover|p1a: Ho-Oh\n|-heal|p1a: Ho-Oh|100/100 psn\n|move|p2a: Slowking|Sludge Bomb|p1a: Ho-Oh\n|-damage|p1a: Ho-Oh|69/100 psn\n|\n|-heal|p2a: Slowking|300/300 brn|[from] item: Leftovers\n|-damage|p1a: Ho-Oh|56/100 psn|[from] psn\n|-damage|p2a: Slowking|282/300 brn|[from] brn\n|upkeep\n|turn|45\n|inactive|Time left: 300 sec this turn | 300 sec total\n|\n|t:|1783550892\n|move|p1a: Ho-Oh|Sacred Fire|p2a: Slowking\n|-damage|p2a: Slowking|186/300 brn\n|move|p2a: Slowking|Sludge Bomb|p1a: Ho-Oh\n|-damage|p1a: Ho-Oh|26/100 psn\n|\n|-heal|p2a: Slowking|204/300 brn|[from] item: Leftovers\n|-damage|p1a: Ho-Oh|14/100 psn|[from] psn\n|-damage|p2a: Slowking|186/300 brn|[from] brn\n|upkeep\n|turn|46\n|inactive|Time left: 300 sec this turn | 300 sec total\n|\n|t:|1783550893\n|move|p1a: Ho-Oh|Sacred Fire|p2a: Slowking\n|-damage|p2a: Slowking|89/300 brn\n|move|p2a: Slowking|Slack Off|p2a: Slowking\n|-heal|p2a: Slowking|239/300 brn\n|\n|-heal|p2a: Slowking|257/300 brn|[from] item: Leftovers\n|-damage|p1a: Ho-Oh|2/100 psn|[from] psn\n|-damage|p2a: Slowking|239/300 brn|[from] brn\n|upkeep\n|turn|47\n|inactive|Time left: 300 sec this turn | 300 sec total\n|\n|t:|1783550894\n|switch|p1a: Zapdos|Zapdos, L78|100/100\n|move|p2a: Slowking|Slack Off|p2a: Slowking\n|-heal|p2a: Slowking|300/300 brn\n|\n|-damage|p2a: Slowking|282/300 brn|[from] brn\n|upkeep\n|turn|48\n|inactive|Time left: 300 sec this turn | 300 sec total\n|\n|t:|1783550895\n|move|p1a: Zapdos|Hurricane|p2a: Slowking\n|-damage|p2a: Slowking|176/300 brn\n|move|p2a: Slowking|Sludge Bomb|p1a: Zapdos\n|-damage|p1a: Zapdos|55/100\n|-status|p1a: Zapdos|psn\n|\n|-heal|p2a: Slowking|194/300 brn|[from] item: Leftovers\n|-damage|p1a: Zapdos|43/100 psn|[from] psn\n|-damage|p2a: Slowking|176/300 brn|[from] brn\n|upkeep\n|turn|49\n|inactive|Time left: 300 sec this turn | 300 sec total\n|\n|t:|1783550896\n|move|p1a: Zapdos|Hurricane|p2a: Slowking|[miss]\n|-miss|p1a: Zapdos|p2a: Slowking\n|move|p2a: Slowking|Slack Off|p2a: Slowking\n|-heal|p2a: Slowking|300/300 brn\n|\n|-damage|p1a: Zapdos|31/100 psn|[from] psn\n|-damage|p2a: Slowking|282/300 brn|[from] brn\n|upkeep\n|turn|50\n|inactive|Time left: 300 sec this turn | 300 sec total\n|\n|t:|1783550897\n|move|p1a: Zapdos|U-turn|p2a: Slowking\n|-supereffective|p2a: Slowking\n|-damage|p2a: Slowking|196/300 brn\n|\n|t:|1783550898\n|switch|p1a: Dewgong|Dewgong, L94, F|11/100|[from] U-turn\n|move|p2a: Slowking|Sludge Bomb|p1a: Dewgong\n|-damage|p1a: Dewgong|0 fnt\n|faint|p1a: Dewgong\n|\n|-heal|p2a: Slowking|214/300 brn|[from] item: Leftovers\n|-damage|p2a: Slowking|196/300 brn|[from] brn\n|upkeep\n|\n|t:|1783550899\n|switch|p1a: Ho-Oh|Ho-Oh, L71|35/100 psn\n|turn|51\n|inactive|Time left: 300 sec this turn | 300 sec total\n|\n|t:|1783550900\n|move|p1a: Ho-Oh|Brave Bird|p2a: Slowking\n|-damage|p2a: Slowking|63/300 brn\n|-damage|p1a: Ho-Oh|18/100 psn|[from] Recoil\n|move|p2a: Slowking|Fire Blast|p1a: Ho-Oh\n|-resisted|p1a: Ho-Oh\n|-damage|p1a: Ho-Oh|5/100 psn\n|\n|-heal|p2a: Slowking|81/300 brn|[from] item: Leftovers\n|-damage|p1a: Ho-Oh|0 fnt|[from] psn\n|faint|p1a: Ho-Oh\n|-damage|p2a: Slowking|63/300 brn|[from] brn\n|upkeep\n|\n|t:|1783550901\n|switch|p1a: Hydrapple|Hydrapple, L83, M|46/100\n|turn|52\n|inactive|Time left: 300 sec this turn | 300 sec total\n|\n|t:|1783550901\n|move|p1a: Hydrapple|Fickle Beam|p2a: Slowking\n|-damage|p2a: Slowking|0 fnt\n|faint|p2a: Slowking\n|\n|win|p0x1006c51b", "uploadtime": 1783550901, "views": 0, "rating": 0, "private": 0, "password": null, "_winner": "p0x1006c51b", "_our_name": "p0y100601cd"}