{"id": "battle-gen9randombattle-1820", "formatid": "gen9randombattle", "format": "[Gen 9] Random Battle", "players": ["p0x1820db1d", "p0y1820d5f8"], "log": "|init|battle\n|title|p0x1820db1d vs. p0y1820d5f8\n|j|\u2606p0x1820db1d\n|j|\u2606p0y1820d5f8\n|t:|1783560317\n|gametype|singles\n|player|p1|p0x1820db1d|265|\n|player|p2|p0y1820d5f8|170|\n|gen|9\n|tier|[Gen 9] Random Battle\n|rule|Species Clause: Limit one of each Pok\u00e9mon\n|rule|HP Percentage Mod: HP is shown in percentages\n|rule|Sleep Clause Mod: Limit one foe put to sleep\n|rule|Illusion Level Mod: Illusion disguises the Pok\u00e9mon's true level\n|\n|t:|1783560317\n|teamsize|p1|6\n|teamsize|p2|6\n|start\n|switch|p1a: Yanmega|Yanmega, L82, M|100/100\n|switch|p2a: Ribombee|Ribombee, L83, F|235/235\n|turn|1\n|inactive|Battle timer is ON: inactive players will automatically lose when time's up. (requested by p0y1820d5f8)\n|inactive|p0x1820db1d also wants the timer to be on.\n|\n|t:|1783560319\n|move|p2a: Ribombee|Quiver Dance|p2a: Ribombee\n|-boost|p2a: Ribombee|spa|1\n|-boost|p2a: Ribombee|spd|1\n|-boost|p2a: Ribombee|spe|1\n|move|p1a: Yanmega|Air Slash|p2a: Ribombee\n|-supereffective|p2a: Ribombee\n|-damage|p2a: Ribombee|101/235\n|\n|-ability|p1a: Yanmega|Speed Boost|boost\n|-boost|p1a: Yanmega|spe|1\n|upkeep\n|turn|2\n|inactive|Time left: 300 sec this turn | 300 sec total\n|\n|t:|1783560321\n|move|p2a: Ribombee|Moonblast|p1a: Yanmega\n|-crit|p1a: Yanmega\n|-damage|p1a: Yanmega|0 fnt\n|faint|p1a: Yanmega\n|\n|upkeep\n|\n|t:|1783560322\n|switch|p1a: Lokix|Lokix, L82, F|100/100\n|turn|3\n|inactive|Time left: 300 sec this turn | 300 sec total\n|\n|t:|1783560323\n|move|p1a: Lokix|First Impression|p2a: Ribombee\n|-resisted|p2a: Ribombee\n|-damage|p2a: Ribombee|0 fnt\n|faint|p2a: Ribombee\n|-damage|p1a: Lokix|91/100|[from] item: Life Orb\n|\n|upkeep\n|inactive|Time left: 300 sec this turn | 300 sec total | 5 sec grace\n|\n|t:|1783560324\n|switch|p2a: Vivillon|Vivillon-Marine, L83, F|268/268\n|turn|4\n|inactive|Time left: 300 sec this turn | 300 sec total\n|\n|t:|1783560325\n|move|p1a: Lokix|Knock Off|p2a: Vivillon\n|-damage|p2a: Vivillon|69/268\n|-enditem|p2a: Vivillon|Heavy-Duty Boots|[from] move: Knock Off|[of] p1a: Lokix\n|-damage|p1a: Lokix|81/100|[from] item: Life Orb\n|move|p2a: Vivillon|Hurricane|p1a: Lokix\n|-supereffective|p1a: Lokix\n|-damage|p1a: Lokix|0 fnt\n|faint|p1a: Lokix\n|\n|upkeep\n|\n|t:|1783560326\n|switch|p1a: Dragapult|Dragapult, L77, M|100/100\n|turn|5\n|inactive|Time left: 300 sec this turn | 300 sec total\n|\n|t:|1783560327\n|switch|p2a: Meganium|Meganium, L90, M|290/290\n|move|p1a: Dragapult|Dragon Darts|p2a: Meganium\n|-damage|p2a: Meganium|247/290\n|-anim|p1a: Dragapult|Dragon Darts|p2a: Meganium\n|-damage|p2a: Meganium|204/290\n|\n|-heal|p2a: Meganium|222/290|[from] item: Leftovers\n|upkeep\n|turn|6\n|inactive|Time left: 300 sec this turn | 300 sec total\n|\n|t:|1783560328\n|move|p1a: Dragapult|Will-O-Wisp|p2a: Meganium\n|-status|p2a: Meganium|brn\n|move|p2a: Meganium|Knock Off|p1a: Dragapult\n|-supereffective|p1a: Dragapult\n|-damage|p1a: Dragapult|68/100\n|-enditem|p1a: Dragapult|Heavy-Duty Boots|[from] move: Knock Off|[of] p2a: Meganium\n|\n|-heal|p2a: Meganium|240/290 brn|[from] item: Leftovers\n|-damage|p2a: Meganium|222/290 brn|[from] brn\n|upkeep\n|turn|7\n|inactive|Time left: 300 sec this turn | 300 sec total\n|\n|t:|1783560329\n|move|p1a: Dragapult|Dragon Darts|p2a: Meganium\n|-damage|p2a: Meganium|177/290 brn\n|-anim|p1a: Dragapult|Dragon Darts|p2a: Meganium\n|-damage|p2a: Meganium|134/290 brn\n|move|p2a: Meganium|Energy Ball|p1a: Dragapult\n|-resisted|p1a: Dragapult\n|-damage|p1a: Dragapult|47/100\n|\n|-heal|p2a: Meganium|152/290 brn|[from] item: Leftovers\n|-damage|p2a: Meganium|134/290 brn|[from] brn\n|upkeep\n|turn|8\n|inactive|Time left: 300 sec this turn | 300 sec total\n|\n|t:|1783560330\n|move|p1a: Dragapult|Dragon Darts|p2a: Meganium\n|-damage|p2a: Meganium|85/290 brn\n|-anim|p1a: Dragapult|Dragon Darts|p2a: Meganium\n|-damage|p2a: Meganium|39/290 brn\n|move|p2a: Meganium|Synthesis|p2a: Meganium\n|-heal|p2a: Meganium|184/290 brn\n|\n|-heal|p2a: Meganium|202/290 brn|[from] item: Leftovers\n|-damage|p2a: Meganium|184/290 brn|[from] brn\n|upkeep\n|turn|9\n|inactive|Time left: 300 sec this turn | 300 sec total\n|\n|t:|1783560332\n|move|p1a: Dragapult|Dragon Darts|p2a: Meganium\n|-damage|p2a: Meganium|141/290 brn\n|-anim|p1a: Dragapult|Dragon Darts|p2a: Meganium\n|-damage|p2a: Meganium|99/290 brn\n|move|p2a: Meganium|Synthesis|p2a: Meganium\n|-heal|p2a: Meganium|244/290 brn\n|\n|-heal|p2a: Meganium|262/290 brn|[from] item: Leftovers\n|-damage|p2a: Meganium|244/290 brn|[from] brn\n|upkeep\n|turn|10\n|inactive|Time left: 300 sec this turn | 300 sec total\n|\n|t:|1783560333\n|move|p1a: Dragapult|Hex|p2a: Meganium\n|-damage|p2a: Meganium|144/290 brn\n|move|p2a: Meganium|Synthesis|p2a: Meganium\n|-heal|p2a: Meganium|289/290 brn\n|\n|-heal|p2a: Meganium|290/290 brn|[from] item: Leftovers\n|-damage|p2a: Meganium|272/290 brn|[from] brn\n|upkeep\n|turn|11\n|inactive|Time left: 300 sec this turn | 300 sec total\n|\n|t:|1783560334\n|move|p1a: Dragapult|Hex|p2a: Meganium\n|-damage|p2a: Meganium|170/290 brn\n|move|p2a: Meganium|Knock Off|p1a: Dragapult\n|-supereffective|p1a: Dragapult\n|-damage|p1a: Dragapult|25/100\n|\n|-heal|p2a: Meganium|188/290 brn|[from] item: Leftovers\n|-damage|p2a: Meganium|170/290 brn|[from] brn\n|upkeep\n|turn|12\n|inactive|Time left: 300 sec this turn | 300 sec total\n|\n|t:|1783560335\n|move|p1a: Dragapult|Hex|p2a: Meganium\n|-damage|p2a: Meganium|76/290 brn\n|move|p2a: Meganium|Synthesis|p2a: Meganium\n|-heal|p2a: Meganium|221/290 brn\n|\n|-heal|p2a: Meganium|239/290 brn|[from] item: Leftovers\n|-damage|p2a: Meganium|221/290 brn|[from] brn\n|upkeep\n|turn|13\n|inactive|Time left: 300 sec this turn | 300 sec total\n|\n|t:|1783560336\n|move|p1a: Dragapult|Hex|p2a: Meganium\n|-damage|p2a: Meganium|113/290 brn\n|move|p2a: Meganium|Synthesis|p2a: Meganium\n|-heal|p2a: Meganium|258/290 brn\n|\n|-heal|p2a: Meganium|276/290 brn|[from] item: Leftovers\n|-damage|p2a: Meganium|258/290 brn|[from] brn\n|upkeep\n|turn|14\n|inactive|Time left: 300 sec this turn | 300 sec total\n|\n|t:|1783560337\n|move|p1a: Dragapult|Dragon Darts|p2a: Meganium\n|-damage|p2a: Meganium|216/290 brn\n|-anim|p1a: Dragapult|Dragon Darts|p2a: Meganium\n|-damage|p2a: Meganium|174/290 brn\n|move|p2a: Meganium|Synthesis|p2a: Meganium\n|-heal|p2a: Meganium|290/290 brn\n|\n|-damage|p2a: Meganium|272/290 brn|[from] brn\n|upkeep\n|turn|15\n|inactive|Time left: 300 sec this turn | 300 sec total\n|\n|t:|1783560338\n|move|p1a: Dragapult|Hex|p2a: Meganium\n|-damage|p2a: Meganium|176/290 brn\n|move|p2a: Meganium|Synthesis|p2a: Meganium\n|-heal|p2a: Meganium|290/290 brn\n|\n|-damage|p2a: Meganium|272/290 brn|[from] brn\n|upkeep\n|turn|16\n|inactive|Time left: 300 sec this turn | 300 sec total\n|\n|t:|1783560339\n|move|p1a: Dragapult|Dragon Darts|p2a: Meganium\n|-damage|p2a: Meganium|230/290 brn\n|-anim|p1a: Dragapult|Dragon Darts|p2a: Meganium\n|-damage|p2a: Meganium|182/290 brn\n|move|p2a: Meganium|Knock Off|p1a: Dragapult\n|-supereffective|p1a: Dragapult\n|-damage|p1a: Dragapult|3/100\n|\n|-heal|p2a: Meganium|200/290 brn|[from] item: Leftovers\n|-damage|p2a: Meganium|182/290 brn|[from] brn\n|upkeep\n|turn|17\n|inactive|Time left: 300 sec this turn | 300 sec total\n|\n|t:|1783560340\n|move|p1a: Dragapult|Dragon Darts|p2a: Meganium\n|-damage|p2a: Meganium|137/290 brn\n|-anim|p1a: Dragapult|Dragon Darts|p2a: Meganium\n|-damage|p2a: Meganium|94/290 brn\n|move|p2a: Meganium|Synthesis|p2a: Meganium\n|-heal|p2a: Meganium|239/290 brn\n|\n|-heal|p2a: Meganium|257/290 brn|[from] item: Leftovers\n|-damage|p2a: Meganium|239/290 brn|[from] brn\n|upkeep\n|turn|18\n|inactive|Time left: 300 sec this turn | 300 sec total\n|\n|t:|1783560341\n|move|p1a: Dragapult|Dragon Darts|p2a: Meganium\n|-damage|p2a: Meganium|190/290 brn\n|-anim|p1a: Dragapult|Dragon Darts|p2a: Meganium\n|-damage|p2a: Meganium|144/290 brn\n|move|p2a: Meganium|Energy Ball|p1a: Dragapult\n|-resisted|p1a: Dragapult\n|-damage|p1a: Dragapult|0 fnt\n|faint|p1a: Dragapult\n|\n|-heal|p2a: Meganium|162/290 brn|[from] item: Leftovers\n|-damage|p2a: Meganium|144/290 brn|[from] brn\n|upkeep\n|\n|t:|1783560342\n|switch|p1a: Rayquaza|Rayquaza, L72|100/100\n|-ability|p1a: Rayquaza|Air Lock\n|turn|19\n|inactive|Time left: 300 sec this turn | 300 sec total\n|\n|t:|1783560342\n|switch|p2a: Zangoose|Zangoose, L85, F|263/263\n|move|p1a: Rayquaza|U-turn|p2a: Zangoose\n|-damage|p2a: Zangoose|158/263\n|\n|t:|1783560343\n|switch|p1a: Mewtwo|Mewtwo, L72|100/100|[from] U-turn\n|-ability|p1a: Mewtwo|Pressure\n|\n|-status|p2a: Zangoose|tox|[from] item: Toxic Orb\n|upkeep\n|turn|20\n|inactive|Time left: 300 sec this turn | 300 sec total\n|\n|t:|1783560345\n|switch|p2a: Houndoom|Houndoom, L87, F|272/272\n|move|p1a: Mewtwo|Psystrike|p2a: Houndoom\n|-immune|p2a: Houndoom\n|\n|upkeep\n|turn|21\n|inactive|Time left: 300 sec this turn | 300 sec total\n|\n|t:|1783560346\n|-terastallize|p1a: Mewtwo|Fighting\n|move|p1a: Mewtwo|Aura Sphere|p2a: Houndoom\n|-supereffective|p2a: Houndoom\n|-damage|p2a: Houndoom|35/272\n|-damage|p1a: Mewtwo|91/100|[from] item: Life Orb\n|move|p2a: Houndoom|Dark Pulse|p1a: Mewtwo\n|-resisted|p1a: Mewtwo\n|-damage|p1a: Mewtwo|69/100\n|\n|upkeep\n|turn|22\n|inactive|Time left: 300 sec this turn | 300 sec total\n|\n|t:|1783560347\n|move|p1a: Mewtwo|Aura Sphere|p2a: Houndoom\n|-supereffective|p2a: Houndoom\n|-damage|p2a: Houndoom|0 fnt\n|faint|p2a: Houndoom\n|-damage|p1a: Mewtwo|59/100|[from] item: Life Orb\n|\n|upkeep\n|inactive|Time left: 300 sec this turn | 300 sec total | 5 sec grace\n|\n|t:|1783560349\n|switch|p2a: Lumineon|Lumineon, L93, F|279/279\n|turn|23\n|inactive|Time left: 300 sec this turn | 300 sec total\n|\n|t:|1783560350\n|move|p1a: Mewtwo|Recover|p1a: Mewtwo\n|-heal|p1a: Mewtwo|100/100\n|move|p2a: Lumineon|Hydro Pump|p1a: Mewtwo|[miss]\n|-miss|p2a: Lumineon|p1a: Mewtwo\n|\n|upkeep\n|turn|24\n|inactive|Time left: 300 sec this turn | 300 sec total\n|\n|t:|1783560351\n|move|p1a: Mewtwo|Psystrike|p2a: Lumineon\n|-damage|p2a: Lumineon|130/279\n|-damage|p1a: Mewtwo|91/100|[from] item: Life Orb\n|move|p2a: Lumineon|Ice Beam|p1a: Mewtwo\n|-damage|p1a: Mewtwo|66/100\n|\n|upkeep\n|turn|25\n|inactive|Time left: 300 sec this turn | 300 sec total\n|\n|t:|1783560353\n|move|p1a: Mewtwo|Psystrike|p2a: Lumineon\n|-damage|p2a: Lumineon|0 fnt\n|faint|p2a: Lumineon\n|-damage|p1a: Mewtwo|56/100|[from] item: Life Orb\n|\n|upkeep\n|inactive|Time left: 300 sec this turn | 300 sec total | 5 sec grace\n|\n|t:|1783560354\n|switch|p2a: Meganium|Meganium, L90, M|144/290 brn\n|turn|26\n|inactive|Time left: 300 sec this turn | 300 sec total\n|\n|t:|1783560355\n|move|p1a: Mewtwo|Recover|p1a: Mewtwo\n|-heal|p1a: Mewtwo|100/100\n|move|p2a: Meganium|Energy Ball|p1a: Mewtwo\n|-damage|p1a: Mewtwo|56/100\n|\n|-heal|p2a: Meganium|162/290 brn|[from] item: Leftovers\n|-damage|p2a: Meganium|144/290 brn|[from] brn\n|upkeep\n|turn|27\n|inactive|Time left: 300 sec this turn | 300 sec total\n|\n|t:|1783560356\n|move|p1a: Mewtwo|Nasty Plot|p1a: Mewtwo\n|-boost|p1a: Mewtwo|spa|2\n|move|p2a: Meganium|Energy Ball|p1a: Mewtwo\n|-damage|p1a: Mewtwo|14/100\n|\n|-heal|p2a: Meganium|162/290 brn|[from] item: Leftovers\n|-damage|p2a: Meganium|144/290 brn|[from] brn\n|upkeep\n|turn|28\n|inactive|Time left: 300 sec this turn | 300 sec total\n|\n|t:|1783560358\n|move|p1a: Mewtwo|Recover|p1a: Mewtwo\n|-heal|p1a: Mewtwo|64/100\n|move|p2a: Meganium|Encore|p1a: Mewtwo\n|-start|p1a: Mewtwo|Encore\n|\n|-heal|p2a: Meganium|162/290 brn|[from] item: Leftovers\n|-damage|p2a: Meganium|144/290 brn|[from] brn\n|upkeep\n|turn|29\n|inactive|Time left: 300 sec this turn | 300 sec total\n|\n|t:|1783560359\n|move|p1a: Mewtwo|Recover|p1a: Mewtwo\n|-heal|p1a: Mewtwo|100/100\n|move|p2a: Meganium|Knock Off|p1a: Mewtwo\n|-resisted|p1a: Mewtwo\n|-damage|p1a: Mewtwo|94/100\n|-enditem|p1a: Mewtwo|Life Orb|[from] move: Knock Off|[of] p2a: Meganium\n|\n|-heal|p2a: Meganium|162/290 brn|[from] item: Leftovers\n|-damage|p2a: Meganium|144/290 brn|[from] brn\n|upkeep\n|turn|30\n|inactive|Time left: 300 sec this turn | 300 sec total\n|\n|t:|1783560360\n|switch|p1a: Rayquaza|Rayquaza, L72|100/100\n|-ability|p1a: Rayquaza|Air Lock\n|switch|p2a: Vivillon|Vivillon-Marine, L83, F|69/268\n|\n|upkeep\n|turn|31\n|inactive|Time left: 300 sec this turn | 300 sec total\n|\n|t:|1783560361\n|move|p1a: Rayquaza|Extreme Speed|p2a: Vivillon\n|-damage|p2a: Vivillon|0 fnt\n|faint|p2a: Vivillon\n|\n|upkeep\n|inactive|Time left: 300 sec this turn | 300 sec total | 5 sec grace\n|\n|t:|1783560362\n|switch|p2a: Zangoose|Zangoose, L85, F|158/263 tox\n|turn|32\n|inactive|Time left: 300 sec this turn | 300 sec total\n|\n|t:|1783560363\n|move|p1a: Rayquaza|Extreme Speed|p2a: Zangoose\n|-damage|p2a: Zangoose|36/263 tox\n|move|p2a: Zangoose|Facade|p1a: Rayquaza\n|-damage|p1a: Rayquaza|0 fnt\n|faint|p1a: Rayquaza\n|\n|-damage|p2a: Zangoose|20/263 tox|[from] psn\n|upkeep\n|\n|t:|1783560364\n|switch|p1a: Mewtwo|Mewtwo, L72, tera:Fighting|94/100\n|-ability|p1a: Mewtwo|Pressure\n|turn|33\n|inactive|Time left: 300 sec this turn | 300 sec total\n|\n|t:|1783560365\n|switch|p2a: Meganium|Meganium, L90, M|144/290 brn\n|move|p1a: Mewtwo|Psystrike|p2a: Meganium\n|-damage|p2a: Meganium|56/290 brn\n|\n|-heal|p2a: Meganium|74/290 brn|[from] item: Leftovers\n|-damage|p2a: Meganium|56/290 brn|[from] brn\n|upkeep\n|turn|34\n|inactive|Time left: 300 sec this turn | 300 sec total\n|\n|t:|1783560367\n|switch|p2a: Zangoose|Zangoose, L85, F|20/263 tox\n|move|p1a: Mewtwo|Aura Sphere|p2a: Zangoose\n|-supereffective|p2a: Zangoose\n|-damage|p2a: Zangoose|0 fnt\n|faint|p2a: Zangoose\n|\n|upkeep\n|inactive|Time left: 300 sec this turn | 300 sec total | 5 sec grace\n|\n|t:|1783560368\n|switch|p2a: Meganium|Meganium, L90, M|56/290 brn\n|turn|35\n|inactive|Time left: 300 sec this turn | 300 sec total\n|\n|t:|1783560369\n|-terastallize|p2a: Meganium|Poison\n|move|p1a: Mewtwo|Psystrike|p2a: Meganium\n|-supereffective|p2a: Meganium\n|-damage|p2a: Meganium|0 fnt\n|faint|p2a: Meganium\n|\n|win|p0x1820db1d", "uploadtime": 1783560369, "views": 0, "rating": 0, "private": 0, "password": null, "_winner": "p0x1820db1d", "_our_name": "p0y1820d5f8"}