{"id": "battle-gen9randombattle-1500", "formatid": "gen9randombattle", "format": "[Gen 9] Random Battle", "players": ["p0x15006e60", "p0y15007d83"], "log": "|init|battle\n|title|p0x15006e60 vs. p0y15007d83\n|j|\u2606p0x15006e60\n|j|\u2606p0y15007d83\n|t:|1783556540\n|gametype|singles\n|player|p1|p0x15006e60|170|\n|player|p2|p0y15007d83|2|\n|gen|9\n|tier|[Gen 9] Random Battle\n|rule|Species Clause: Limit one of each Pok\u00e9mon\n|rule|HP Percentage Mod: HP is shown in percentages\n|rule|Sleep Clause Mod: Limit one foe put to sleep\n|rule|Illusion Level Mod: Illusion disguises the Pok\u00e9mon's true level\n|\n|t:|1783556540\n|teamsize|p1|6\n|teamsize|p2|6\n|start\n|switch|p1a: Carbink|Carbink, L90|100/100\n|switch|p2a: Dugtrio|Dugtrio-Alola, L84, M|196/196\n|turn|1\n|inactive|Battle timer is ON: inactive players will automatically lose when time's up. (requested by p0y15007d83)\n|inactive|p0x15006e60 also wants the timer to be on.\n|\n|t:|1783556541\n|-terastallize|p1a: Carbink|Fighting\n|move|p2a: Dugtrio|Iron Head|p1a: Carbink\n|-damage|p1a: Carbink|67/100\n|move|p1a: Carbink|Body Press|p2a: Dugtrio\n|-supereffective|p2a: Dugtrio\n|-damage|p2a: Dugtrio|0 fnt\n|-ability|p2a: Dugtrio|Tangling Hair\n|-fail|p1a: Carbink|unboost|[from] ability: Clear Body|[of] p1a: Carbink\n|faint|p2a: Dugtrio\n|\n|upkeep\n|inactive|Time left: 300 sec this turn | 300 sec total | 65 sec grace\n|\n|t:|1783556542\n|switch|p2a: Dragonite|Dragonite, L74, M|257/257\n|turn|2\n|inactive|Time left: 300 sec this turn | 300 sec total\n|\n|t:|1783556543\n|move|p2a: Dragonite|Dragon Dance|p2a: Dragonite\n|-boost|p2a: Dragonite|atk|1\n|-boost|p2a: Dragonite|spe|1\n|move|p1a: Carbink|Body Press|p2a: Dragonite\n|-resisted|p2a: Dragonite\n|-damage|p2a: Dragonite|223/257\n|\n|upkeep\n|turn|3\n|inactive|Time left: 300 sec this turn | 300 sec total\n|\n|t:|1783556544\n|move|p2a: Dragonite|Outrage|p1a: Carbink\n|-damage|p1a: Carbink|18/100\n|move|p1a: Carbink|Rest|p1a: Carbink\n|-status|p1a: Carbink|slp|[from] move: Rest\n|-heal|p1a: Carbink|100/100 slp|[silent]\n|-enditem|p1a: Carbink|Chesto Berry|[eat]\n|-curestatus|p1a: Carbink|slp|[msg]\n|\n|upkeep\n|turn|4\n|inactive|Time left: 300 sec this turn | 300 sec total\n|\n|t:|1783556545\n|move|p2a: Dragonite|Outrage|p1a: Carbink|[from] lockedmove\n|-damage|p1a: Carbink|54/100\n|-start|p2a: Dragonite|confusion|[fatigue]\n|move|p1a: Carbink|Iron Defense|p1a: Carbink\n|-boost|p1a: Carbink|def|2\n|\n|upkeep\n|turn|5\n|inactive|Time left: 300 sec this turn | 300 sec total\n|\n|t:|1783556546\n|-activate|p2a: Dragonite|confusion\n|move|p2a: Dragonite|Outrage|p1a: Carbink\n|-damage|p1a: Carbink|29/100\n|move|p1a: Carbink|Body Press|p2a: Dragonite\n|-resisted|p2a: Dragonite\n|-damage|p2a: Dragonite|76/257\n|\n|upkeep\n|turn|6\n|inactive|Time left: 300 sec this turn | 300 sec total\n|\n|t:|1783556547\n|-activate|p2a: Dragonite|confusion\n|move|p2a: Dragonite|Outrage|p1a: Carbink|[from] lockedmove\n|-damage|p1a: Carbink|3/100\n|move|p1a: Carbink|Body Press|p2a: Dragonite\n|-resisted|p2a: Dragonite\n|-damage|p2a: Dragonite|0 fnt\n|faint|p2a: Dragonite\n|\n|upkeep\n|inactive|Time left: 300 sec this turn | 300 sec total | 5 sec grace\n|\n|t:|1783556547\n|switch|p2a: Frosmoth|Frosmoth, L82, M|249/249\n|turn|7\n|inactive|Time left: 300 sec this turn | 300 sec total\n|\n|t:|1783556549\n|move|p2a: Frosmoth|Ice Beam|p1a: Carbink\n|-damage|p1a: Carbink|0 fnt\n|faint|p1a: Carbink\n|\n|upkeep\n|\n|t:|1783556549\n|switch|p1a: Pikachu|Pikachu-World, L93, F|100/100\n|turn|8\n|inactive|Time left: 300 sec this turn | 300 sec total\n|\n|t:|1783556550\n|switch|p2a: Bastiodon|Bastiodon, L89, F|252/252\n|move|p1a: Pikachu|Volt Tackle|p2a: Bastiodon\n|-damage|p2a: Bastiodon|137/252\n|-damage|p1a: Pikachu|83/100|[from] Recoil\n|\n|upkeep\n|turn|9\n|inactive|Time left: 300 sec this turn | 300 sec total\n|\n|t:|1783556551\n|move|p1a: Pikachu|Surf|p2a: Bastiodon\n|-supereffective|p2a: Bastiodon\n|-damage|p2a: Bastiodon|7/252\n|move|p2a: Bastiodon|Body Press|p1a: Pikachu\n|-damage|p1a: Pikachu|11/100\n|\n|upkeep\n|turn|10\n|inactive|Time left: 300 sec this turn | 300 sec total\n|\n|t:|1783556553\n|move|p1a: Pikachu|Volt Tackle|p2a: Bastiodon\n|-damage|p2a: Bastiodon|0 fnt\n|faint|p2a: Bastiodon\n|-damage|p1a: Pikachu|10/100|[from] Recoil\n|\n|upkeep\n|inactive|Time left: 300 sec this turn | 300 sec total | 5 sec grace\n|\n|t:|1783556554\n|switch|p2a: Lokix|Lokix, L82, F|251/251\n|turn|11\n|inactive|Time left: 300 sec this turn | 300 sec total\n|\n|t:|1783556555\n|switch|p1a: Groudon|Groudon, L72|100/100\n|-weather|SunnyDay|[from] ability: Drought|[of] p1a: Groudon\n|move|p2a: Lokix|First Impression|p1a: Groudon\n|-damage|p1a: Groudon|64/100\n|\n|-weather|SunnyDay|[upkeep]\n|-heal|p1a: Groudon|70/100|[from] item: Leftovers\n|upkeep\n|turn|12\n|inactive|Time left: 300 sec this turn | 300 sec total\n|\n|t:|1783556556\n|move|p2a: Lokix|U-turn|p1a: Groudon\n|-damage|p1a: Groudon|45/100\n|inactive|Time left: 300 sec this turn | 300 sec total | 5 sec grace\n|\n|t:|1783556557\n|switch|p2a: Skuntank|Skuntank, L84, F|310/310|[from] U-turn\n|move|p1a: Groudon|Heat Crash|p2a: Skuntank\n|-damage|p2a: Skuntank|156/310\n|\n|-weather|SunnyDay|[upkeep]\n|-heal|p1a: Groudon|51/100|[from] item: Leftovers\n|upkeep\n|turn|13\n|inactive|Time left: 300 sec this turn | 300 sec total\n|\n|t:|1783556558\n|move|p2a: Skuntank|Fire Blast|p1a: Groudon\n|-damage|p1a: Groudon|13/100\n|move|p1a: Groudon|Precipice Blades|p2a: Skuntank\n|-supereffective|p2a: Skuntank\n|-damage|p2a: Skuntank|0 fnt\n|faint|p2a: Skuntank\n|\n|-weather|SunnyDay|[upkeep]\n|-heal|p1a: Groudon|19/100|[from] item: Leftovers\n|upkeep\n|inactive|Time left: 300 sec this turn | 300 sec total | 5 sec grace\n|\n|t:|1783556559\n|switch|p2a: Lokix|Lokix, L82, F|251/251\n|turn|14\n|inactive|Time left: 300 sec this turn | 300 sec total\n|\n|t:|1783556560\n|move|p2a: Lokix|U-turn|p1a: Groudon\n|-damage|p1a: Groudon|0 fnt\n|faint|p1a: Groudon\n|inactive|Time left: 300 sec this turn | 300 sec total | 5 sec grace\n|\n|t:|1783556562\n|switch|p2a: Frosmoth|Frosmoth, L82, M|249/249|[from] U-turn\n|\n|-weather|SunnyDay|[upkeep]\n|upkeep\n|\n|t:|1783556562\n|switch|p1a: Pikachu|Pikachu-World, L93, F|10/100\n|turn|15\n|inactive|Time left: 300 sec this turn | 300 sec total\n|\n|t:|1783556564\n|switch|p2a: Lokix|Lokix, L82, F|251/251\n|move|p1a: Pikachu|Volt Tackle|p2a: Lokix\n|-damage|p2a: Lokix|40/251\n|-damage|p1a: Pikachu|0 fnt|[from] Recoil\n|faint|p1a: Pikachu\n|\n|-weather|none\n|upkeep\n|\n|t:|1783556565\n|switch|p1a: Iron Jugulis|Iron Jugulis, L77|100/100\n|turn|16\n|inactive|Time left: 300 sec this turn | 300 sec total\n|\n|t:|1783556566\n|move|p2a: Lokix|First Impression|p1a: Iron Jugulis\n|-damage|p1a: Iron Jugulis|55/100\n|move|p1a: Iron Jugulis|U-turn|p2a: Lokix\n|-supereffective|p2a: Lokix\n|-damage|p2a: Lokix|0 fnt\n|faint|p2a: Lokix\n|\n|t:|1783556566\n|-end|p1a: Iron Jugulis|Quark Drive|[silent]\n|switch|p1a: Wyrdeer|Wyrdeer, L87, M|100/100|[from] U-turn\n|\n|upkeep\n|inactive|Time left: 300 sec this turn | 300 sec total | 10 sec grace\n|\n|t:|1783556567\n|switch|p2a: Frosmoth|Frosmoth, L82, M|249/249\n|turn|17\n|inactive|Time left: 300 sec this turn | 300 sec total\n|\n|t:|1783556568\n|move|p1a: Wyrdeer|Body Slam|p2a: Frosmoth\n|-damage|p2a: Frosmoth|116/249\n|move|p2a: Frosmoth|Quiver Dance|p2a: Frosmoth\n|-boost|p2a: Frosmoth|spa|1\n|-boost|p2a: Frosmoth|spd|1\n|-boost|p2a: Frosmoth|spe|1\n|\n|upkeep\n|turn|18\n|inactive|Time left: 300 sec this turn | 300 sec total\n|\n|t:|1783556569\n|-terastallize|p2a: Frosmoth|Water\n|move|p2a: Frosmoth|Bug Buzz|p1a: Wyrdeer\n|-supereffective|p1a: Wyrdeer\n|-damage|p1a: Wyrdeer|0 fnt\n|faint|p1a: Wyrdeer\n|\n|upkeep\n|\n|t:|1783556570\n|switch|p1a: Pachirisu|Pachirisu, L96, F|100/100\n|turn|19\n|inactive|Time left: 300 sec this turn | 300 sec total\n|\n|t:|1783556571\n|move|p1a: Pachirisu|Discharge|p2a: Frosmoth\n|-supereffective|p2a: Frosmoth\n|-damage|p2a: Frosmoth|71/249\n|move|p2a: Frosmoth|Bug Buzz|p1a: Pachirisu\n|-damage|p1a: Pachirisu|47/100\n|\n|upkeep\n|turn|20\n|inactive|Time left: 300 sec this turn | 300 sec total\n|\n|t:|1783556572\n|move|p1a: Pachirisu|Discharge|p2a: Frosmoth\n|-supereffective|p2a: Frosmoth\n|-damage|p2a: Frosmoth|26/249\n|-status|p2a: Frosmoth|par\n|move|p2a: Frosmoth|Quiver Dance|p2a: Frosmoth\n|-boost|p2a: Frosmoth|spa|1\n|-boost|p2a: Frosmoth|spd|1\n|-boost|p2a: Frosmoth|spe|1\n|\n|upkeep\n|turn|21\n|inactive|Time left: 300 sec this turn | 300 sec total\n|\n|t:|1783556573\n|move|p1a: Pachirisu|U-turn|p2a: Frosmoth\n|-damage|p2a: Frosmoth|0 fnt\n|faint|p2a: Frosmoth\n|\n|win|p0x15006e60", "uploadtime": 1783556573, "views": 0, "rating": 0, "private": 0, "password": null, "_winner": "p0x15006e60", "_our_name": "p0y15007d83"}