{"id": "battle-gen9randombattle-542", "formatid": "gen9randombattle", "format": "[Gen 9] Random Battle", "players": ["p0x54231d9", "p0y542f9d7"], "log": "|init|battle\n|title|p0x54231d9 vs. p0y542f9d7\n|j|\u2606p0x54231d9\n|j|\u2606p0y542f9d7\n|t:|1783545365\n|gametype|singles\n|player|p1|p0x54231d9|102|\n|player|p2|p0y542f9d7|265|\n|gen|9\n|tier|[Gen 9] Random Battle\n|rule|Species Clause: Limit one of each Pok\u00e9mon\n|rule|HP Percentage Mod: HP is shown in percentages\n|rule|Sleep Clause Mod: Limit one foe put to sleep\n|rule|Illusion Level Mod: Illusion disguises the Pok\u00e9mon's true level\n|\n|t:|1783545365\n|teamsize|p1|6\n|teamsize|p2|6\n|start\n|switch|p1a: Weezing|Weezing, L88, M|100/100\n|switch|p2a: Typhlosion|Typhlosion, L84, M|267/267\n|turn|1\n|inactive|Battle timer is ON: inactive players will automatically lose when time's up. (requested by p0y542f9d7)\n|inactive|p0x54231d9 also wants the timer to be on.\n|\n|t:|1783545366\n|switch|p1a: Coalossal|Coalossal, L89, M|100/100\n|move|p2a: Typhlosion|Eruption|p1a: Coalossal\n|-resisted|p1a: Coalossal\n|-damage|p1a: Coalossal|82/100\n|\n|upkeep\n|turn|2\n|inactive|Time left: 300 sec this turn | 300 sec total\n|\n|t:|1783545367\n|move|p2a: Typhlosion|Eruption|p1a: Coalossal\n|-resisted|p1a: Coalossal\n|-damage|p1a: Coalossal|65/100\n|move|p1a: Coalossal|Stone Edge|p2a: Typhlosion\n|-supereffective|p2a: Typhlosion\n|-damage|p2a: Typhlosion|31/267\n|\n|upkeep\n|turn|3\n|inactive|Time left: 300 sec this turn | 300 sec total\n|\n|t:|1783545368\n|switch|p2a: Basculegion|Basculegion-F, L83, F|335/335\n|move|p1a: Coalossal|Will-O-Wisp|p2a: Basculegion\n|-status|p2a: Basculegion|brn\n|\n|-damage|p2a: Basculegion|315/335 brn|[from] brn\n|upkeep\n|turn|4\n|inactive|Time left: 300 sec this turn | 300 sec total\n|\n|t:|1783545370\n|switch|p1a: Moltres|Moltres-Galar, L79|100/100\n|move|p2a: Basculegion|Hydro Pump|p1a: Moltres\n|-damage|p1a: Moltres|33/100\n|-ability|p1a: Moltres|Berserk|boost\n|-boost|p1a: Moltres|spa|1\n|\n|-damage|p2a: Basculegion|295/335 brn|[from] brn\n|upkeep\n|turn|5\n|inactive|Time left: 300 sec this turn | 300 sec total\n|\n|t:|1783545371\n|move|p1a: Moltres|Fiery Wrath|p2a: Basculegion\n|-supereffective|p2a: Basculegion\n|-damage|p2a: Basculegion|11/335 brn\n|move|p2a: Basculegion|Hydro Pump|p1a: Moltres\n|-damage|p1a: Moltres|0 fnt\n|faint|p1a: Moltres\n|\n|-damage|p2a: Basculegion|0 fnt|[from] brn\n|faint|p2a: Basculegion\n|upkeep\n|inactive|Time left: 300 sec this turn | 300 sec total | 5 sec grace\n|\n|t:|1783545372\n|switch|p1a: Wigglytuff|Wigglytuff, L96, F|100/100\n|switch|p2a: Ursaring|Ursaring, L84, F|288/288\n|turn|6\n|inactive|Time left: 300 sec this turn | 300 sec total\n|\n|t:|1783545373\n|move|p1a: Wigglytuff|Dazzling Gleam|p2a: Ursaring\n|-damage|p2a: Ursaring|177/288\n|move|p2a: Ursaring|Swords Dance|p2a: Ursaring\n|-boost|p2a: Ursaring|atk|2\n|\n|-status|p2a: Ursaring|tox|[from] item: Toxic Orb\n|upkeep\n|turn|7\n|inactive|Time left: 300 sec this turn | 300 sec total\n|\n|t:|1783545374\n|move|p1a: Wigglytuff|Protect|p1a: Wigglytuff\n|-singleturn|p1a: Wigglytuff|Protect\n|move|p2a: Ursaring|Facade|p1a: Wigglytuff\n|-activate|p1a: Wigglytuff|move: Protect\n|\n|-damage|p2a: Ursaring|159/288 tox|[from] psn\n|upkeep\n|turn|8\n|inactive|Time left: 300 sec this turn | 300 sec total\n|\n|t:|1783545375\n|switch|p1a: Coalossal|Coalossal, L89, M|65/100\n|move|p2a: Ursaring|Facade|p1a: Coalossal\n|-resisted|p1a: Coalossal\n|-damage|p1a: Coalossal|23/100\n|\n|-damage|p2a: Ursaring|123/288 tox|[from] psn\n|upkeep\n|turn|9\n|inactive|Time left: 300 sec this turn | 300 sec total\n|\n|t:|1783545376\n|move|p2a: Ursaring|Facade|p1a: Coalossal\n|-resisted|p1a: Coalossal\n|-damage|p1a: Coalossal|0 fnt\n|faint|p1a: Coalossal\n|\n|-damage|p2a: Ursaring|69/288 tox|[from] psn\n|upkeep\n|\n|t:|1783545378\n|switch|p1a: Roaring Moon|Roaring Moon, L72|100/100\n|turn|10\n|inactive|Time left: 300 sec this turn | 300 sec total\n|\n|t:|1783545379\n|switch|p2a: Gurdurr|Gurdurr, L85, F|283/283\n|move|p1a: Roaring Moon|Knock Off|p2a: Gurdurr\n|-resisted|p2a: Gurdurr\n|-damage|p2a: Gurdurr|252/283\n|-enditem|p2a: Gurdurr|Eviolite|[from] move: Knock Off|[of] p1a: Roaring Moon\n|\n|upkeep\n|turn|11\n|inactive|Time left: 300 sec this turn | 300 sec total\n|\n|t:|1783545380\n|-end|p1a: Roaring Moon|Protosynthesis|[silent]\n|switch|p1a: Tropius|Tropius, L91, F|100/100\n|move|p2a: Gurdurr|Drain Punch|p1a: Tropius\n|-resisted|p1a: Tropius\n|-damage|p1a: Tropius|87/100\n|-heal|p2a: Gurdurr|275/283|[from] drain|[of] p1a: Tropius\n|\n|upkeep\n|turn|12\n|inactive|Time left: 300 sec this turn | 300 sec total\n|\n|t:|1783545381\n|switch|p2a: Giratina|Giratina-Origin, L72|335/335\n|move|p1a: Tropius|Dragon Dance|p1a: Tropius\n|-boost|p1a: Tropius|atk|1\n|-boost|p1a: Tropius|spe|1\n|\n|upkeep\n|turn|13\n|inactive|Time left: 300 sec this turn | 300 sec total\n|\n|t:|1783545382\n|move|p1a: Tropius|Dual Wingbeat|p2a: Giratina\n|-damage|p2a: Giratina|271/335\n|-damage|p2a: Giratina|207/335\n|-hitcount|p2a: Giratina|2\n|move|p2a: Giratina|Dragon Tail|p1a: Tropius\n|-damage|p1a: Tropius|68/100\n|drag|p1a: Wigglytuff|Wigglytuff, L96, F|100/100\n|\n|upkeep\n|turn|14\n|inactive|Time left: 300 sec this turn | 300 sec total\n|\n|t:|1783545383\n|switch|p2a: Typhlosion|Typhlosion, L84, M|31/267\n|move|p1a: Wigglytuff|Dazzling Gleam|p2a: Typhlosion\n|-resisted|p2a: Typhlosion\n|-damage|p2a: Typhlosion|0 fnt\n|faint|p2a: Typhlosion\n|\n|upkeep\n|inactive|Time left: 300 sec this turn | 300 sec total | 5 sec grace\n|\n|t:|1783545384\n|switch|p2a: Ursaring|Ursaring, L84, F|69/288 tox\n|turn|15\n|inactive|Time left: 300 sec this turn | 300 sec total\n|\n|t:|1783545385\n|move|p2a: Ursaring|Facade|p1a: Wigglytuff\n|-damage|p1a: Wigglytuff|41/100\n|move|p1a: Wigglytuff|Dazzling Gleam|p2a: Ursaring\n|-damage|p2a: Ursaring|0 fnt\n|faint|p2a: Ursaring\n|\n|-heal|p1a: Wigglytuff|47/100|[from] item: Leftovers\n|upkeep\n|inactive|Time left: 300 sec this turn | 300 sec total | 5 sec grace\n|\n|t:|1783545386\n|switch|p2a: Slither Wing|Slither Wing, L81|270/270\n|turn|16\n|inactive|Time left: 300 sec this turn | 300 sec total\n|\n|t:|1783545387\n|move|p1a: Wigglytuff|Protect|p1a: Wigglytuff\n|-singleturn|p1a: Wigglytuff|Protect\n|move|p2a: Slither Wing|Close Combat|p1a: Wigglytuff\n|-activate|p1a: Wigglytuff|move: Protect\n|\n|-heal|p1a: Wigglytuff|53/100|[from] item: Leftovers\n|upkeep\n|turn|17\n|inactive|Time left: 300 sec this turn | 300 sec total\n|\n|t:|1783545388\n|move|p2a: Slither Wing|Close Combat|p1a: Wigglytuff\n|-damage|p1a: Wigglytuff|3/100\n|-unboost|p2a: Slither Wing|def|1\n|-unboost|p2a: Slither Wing|spd|1\n|move|p1a: Wigglytuff|Dazzling Gleam|p2a: Slither Wing\n|-supereffective|p2a: Slither Wing\n|-damage|p2a: Slither Wing|0 fnt\n|faint|p2a: Slither Wing\n|-end|p2a: Slither Wing|Protosynthesis|[silent]\n|\n|-heal|p1a: Wigglytuff|9/100|[from] item: Leftovers\n|upkeep\n|inactive|Time left: 300 sec this turn | 300 sec total | 5 sec grace\n|\n|t:|1783545389\n|switch|p2a: Gurdurr|Gurdurr, L85, F|275/283\n|turn|18\n|inactive|Time left: 300 sec this turn | 300 sec total\n|\n|t:|1783545390\n|move|p2a: Gurdurr|Mach Punch|p1a: Wigglytuff\n|-damage|p1a: Wigglytuff|0 fnt\n|faint|p1a: Wigglytuff\n|\n|upkeep\n|\n|t:|1783545391\n|switch|p1a: Tropius|Tropius, L91, F|68/100\n|turn|19\n|inactive|Time left: 300 sec this turn | 300 sec total\n|\n|t:|1783545392\n|switch|p2a: Giratina|Giratina-Origin, L72|207/335\n|move|p1a: Tropius|Dragon Dance|p1a: Tropius\n|-boost|p1a: Tropius|atk|1\n|-boost|p1a: Tropius|spe|1\n|\n|upkeep\n|turn|20\n|inactive|Time left: 300 sec this turn | 300 sec total\n|\n|t:|1783545393\n|move|p1a: Tropius|Synthesis|p1a: Tropius\n|-heal|p1a: Tropius|100/100\n|move|p2a: Giratina|Dragon Tail|p1a: Tropius\n|-damage|p1a: Tropius|81/100\n|drag|p1a: Weezing|Weezing, L88, M|100/100\n|\n|upkeep\n|turn|21\n|inactive|Time left: 300 sec this turn | 300 sec total\n|\n|t:|1783545394\n|move|p2a: Giratina|Poltergeist|p1a: Weezing\n|-activate|p1a: Weezing|move: Poltergeist|Leftovers\n|-damage|p1a: Weezing|67/100\n|move|p1a: Weezing|Fire Blast|p2a: Giratina|[miss]\n|-miss|p1a: Weezing|p2a: Giratina\n|\n|-heal|p1a: Weezing|73/100|[from] item: Leftovers\n|upkeep\n|turn|22\n|inactive|Time left: 300 sec this turn | 300 sec total\n|\n|t:|1783545395\n|move|p2a: Giratina|Poltergeist|p1a: Weezing\n|-activate|p1a: Weezing|move: Poltergeist|Leftovers\n|-damage|p1a: Weezing|40/100\n|move|p1a: Weezing|Pain Split|p2a: Giratina\n|-sethp|p2a: Giratina|154/335|[from] move: Pain Split|[silent]\n|-sethp|p1a: Weezing|60/100|[from] move: Pain Split\n|\n|-heal|p1a: Weezing|66/100|[from] item: Leftovers\n|upkeep\n|turn|23\n|inactive|Time left: 300 sec this turn | 300 sec total\n|\n|t:|1783545396\n|switch|p1a: Tropius|Tropius, L91, F|81/100\n|move|p2a: Giratina|Poltergeist|p1a: Tropius\n|-activate|p1a: Tropius|move: Poltergeist|Sitrus Berry\n|-damage|p1a: Tropius|44/100\n|-enditem|p1a: Tropius|Sitrus Berry|[eat]\n|-heal|p1a: Tropius|69/100|[from] item: Sitrus Berry\n|\n|-item|p1a: Tropius|Sitrus Berry|[from] ability: Harvest\n|upkeep\n|turn|24\n|inactive|Time left: 300 sec this turn | 300 sec total\n|\n|t:|1783545397\n|move|p2a: Giratina|Will-O-Wisp|p1a: Tropius\n|-status|p1a: Tropius|brn\n|move|p1a: Tropius|Synthesis|p1a: Tropius\n|-heal|p1a: Tropius|100/100 brn\n|\n|-damage|p1a: Tropius|94/100 brn|[from] brn\n|upkeep\n|turn|25\n|inactive|Time left: 300 sec this turn | 300 sec total\n|\n|t:|1783545398\n|move|p1a: Tropius|Dragon Dance|p1a: Tropius\n|-boost|p1a: Tropius|atk|1\n|-boost|p1a: Tropius|spe|1\n|move|p2a: Giratina|Dragon Tail|p1a: Tropius\n|-damage|p1a: Tropius|76/100 brn\n|drag|p1a: Weezing|Weezing, L88, M|66/100\n|\n|-heal|p1a: Weezing|73/100|[from] item: Leftovers\n|upkeep\n|turn|26\n|inactive|Time left: 300 sec this turn | 300 sec total\n|\n|t:|1783545400\n|move|p2a: Giratina|Poltergeist|p1a: Weezing\n|-activate|p1a: Weezing|move: Poltergeist|Leftovers\n|-damage|p1a: Weezing|37/100\n|move|p1a: Weezing|Gunk Shot|p2a: Giratina\n|-resisted|p2a: Giratina\n|-damage|p2a: Giratina|84/335\n|-status|p2a: Giratina|psn\n|\n|-heal|p1a: Weezing|43/100|[from] item: Leftovers\n|-damage|p2a: Giratina|43/335 psn|[from] psn\n|upkeep\n|turn|27\n|inactive|Time left: 300 sec this turn | 300 sec total\n|\n|t:|1783545401\n|switch|p1a: Tropius|Tropius, L91, F|76/100 brn\n|move|p2a: Giratina|Draco Meteor|p1a: Tropius\n|-damage|p1a: Tropius|35/100 brn\n|-unboost|p2a: Giratina|spa|2\n|-enditem|p1a: Tropius|Sitrus Berry|[eat]\n|-heal|p1a: Tropius|60/100 brn|[from] item: Sitrus Berry\n|\n|-damage|p2a: Giratina|2/335 psn|[from] psn\n|-damage|p1a: Tropius|54/100 brn|[from] brn\n|upkeep\n|turn|28\n|inactive|Time left: 300 sec this turn | 300 sec total\n|\n|t:|1783545402\n|move|p1a: Tropius|Synthesis|p1a: Tropius\n|-heal|p1a: Tropius|100/100 brn\n|move|p2a: Giratina|Dragon Tail|p1a: Tropius\n|-damage|p1a: Tropius|81/100 brn\n|drag|p1a: Roaring Moon|Roaring Moon, L72|100/100\n|\n|-damage|p2a: Giratina|0 fnt|[from] psn\n|faint|p2a: Giratina\n|upkeep\n|inactive|Time left: 300 sec this turn | 300 sec total | 5 sec grace\n|\n|t:|1783545403\n|switch|p2a: Gurdurr|Gurdurr, L85, F|275/283\n|turn|29\n|inactive|Time left: 300 sec this turn | 300 sec total\n|\n|t:|1783545404\n|-end|p1a: Roaring Moon|Protosynthesis|[silent]\n|switch|p1a: Tropius|Tropius, L91, F|81/100 brn\n|move|p2a: Gurdurr|Drain Punch|p1a: Tropius\n|-resisted|p1a: Tropius\n|-damage|p1a: Tropius|67/100 brn\n|-heal|p2a: Gurdurr|283/283|[from] drain|[of] p1a: Tropius\n|\n|-damage|p1a: Tropius|61/100 brn|[from] brn\n|-item|p1a: Tropius|Sitrus Berry|[from] ability: Harvest\n|upkeep\n|turn|30\n|inactive|Time left: 300 sec this turn | 300 sec total\n|\n|t:|1783545405\n|move|p1a: Tropius|Dragon Dance|p1a: Tropius\n|-boost|p1a: Tropius|atk|1\n|-boost|p1a: Tropius|spe|1\n|move|p2a: Gurdurr|Knock Off|p1a: Tropius\n|-damage|p1a: Tropius|40/100 brn\n|-enditem|p1a: Tropius|Sitrus Berry|[from] move: Knock Off|[of] p2a: Gurdurr\n|\n|-damage|p1a: Tropius|34/100 brn|[from] brn\n|upkeep\n|turn|31\n|inactive|Time left: 300 sec this turn | 300 sec total\n|\n|t:|1783545405\n|move|p1a: Tropius|Synthesis|p1a: Tropius\n|-heal|p1a: Tropius|84/100 brn\n|move|p2a: Gurdurr|Drain Punch|p1a: Tropius\n|-resisted|p1a: Tropius\n|-damage|p1a: Tropius|72/100 brn\n|\n|-damage|p1a: Tropius|65/100 brn|[from] brn\n|upkeep\n|turn|32\n|inactive|Time left: 300 sec this turn | 300 sec total\n|\n|t:|1783545406\n|move|p1a: Tropius|Dragon Dance|p1a: Tropius\n|-boost|p1a: Tropius|atk|1\n|-boost|p1a: Tropius|spe|1\n|move|p2a: Gurdurr|Drain Punch|p1a: Tropius\n|-resisted|p1a: Tropius\n|-damage|p1a: Tropius|54/100 brn\n|\n|-damage|p1a: Tropius|47/100 brn|[from] brn\n|upkeep\n|turn|33\n|inactive|Time left: 300 sec this turn | 300 sec total\n|\n|t:|1783545407\n|move|p1a: Tropius|Synthesis|p1a: Tropius\n|-heal|p1a: Tropius|97/100 brn\n|move|p2a: Gurdurr|Drain Punch|p1a: Tropius\n|-resisted|p1a: Tropius\n|-damage|p1a: Tropius|84/100 brn\n|\n|-damage|p1a: Tropius|78/100 brn|[from] brn\n|upkeep\n|turn|34\n|inactive|Time left: 300 sec this turn | 300 sec total\n|\n|t:|1783545408\n|move|p1a: Tropius|Dual Wingbeat|p2a: Gurdurr\n|-supereffective|p2a: Gurdurr\n|-damage|p2a: Gurdurr|202/283\n|-supereffective|p2a: Gurdurr\n|-damage|p2a: Gurdurr|123/283\n|-hitcount|p2a: Gurdurr|2\n|move|p2a: Gurdurr|Drain Punch|p1a: Tropius\n|-resisted|p1a: Tropius\n|-damage|p1a: Tropius|66/100 brn\n|-heal|p2a: Gurdurr|144/283|[from] drain|[of] p1a: Tropius\n|\n|-damage|p1a: Tropius|60/100 brn|[from] brn\n|upkeep\n|turn|35\n|inactive|Time left: 300 sec this turn | 300 sec total\n|\n|t:|1783545409\n|-terastallize|p1a: Tropius|Ground\n|move|p1a: Tropius|Earthquake|p2a: Gurdurr\n|-damage|p2a: Gurdurr|47/283\n|move|p2a: Gurdurr|Drain Punch|p1a: Tropius\n|-damage|p1a: Tropius|34/100 brn\n|-heal|p2a: Gurdurr|90/283|[from] drain|[of] p1a: Tropius\n|\n|-damage|p1a: Tropius|28/100 brn|[from] brn\n|upkeep\n|turn|36\n|inactive|Time left: 300 sec this turn | 300 sec total\n|\n|t:|1783545410\n|move|p1a: Tropius|Earthquake|p2a: Gurdurr\n|-damage|p2a: Gurdurr|0 fnt\n|faint|p2a: Gurdurr\n|\n|win|p0x54231d9", "uploadtime": 1783545410, "views": 0, "rating": 0, "private": 0, "password": null, "_winner": "p0x54231d9", "_our_name": "p0y542f9d7"}