{"id": "battle-gen9randombattle-47", "formatid": "gen9randombattle", "format": "[Gen 9] Random Battle", "players": ["p0x04790b6", "p0y047ce4c"], "log": "|init|battle\n|title|p0x04790b6 vs. p0y047ce4c\n|j|\u2606p0x04790b6\n|j|\u2606p0y047ce4c\n|t:|1783534340\n|gametype|singles\n|player|p1|p0x04790b6|101|\n|player|p2|p0y047ce4c|2|\n|gen|9\n|tier|[Gen 9] Random Battle\n|rule|Species Clause: Limit one of each Pok\u00e9mon\n|rule|HP Percentage Mod: HP is shown in percentages\n|rule|Sleep Clause Mod: Limit one foe put to sleep\n|rule|Illusion Level Mod: Illusion disguises the Pok\u00e9mon's true level\n|\n|t:|1783534340\n|teamsize|p1|6\n|teamsize|p2|6\n|start\n|switch|p1a: Trevenant|Trevenant, L89, F|100/100\n|switch|p2a: Rhyperior|Rhyperior, L82, M|323/323\n|turn|1\n|inactive|Battle timer is ON: inactive players will automatically lose when time's up. (requested by p0y047ce4c)\n|\n|t:|1783534342\n|switch|p2a: Noctowl|Noctowl, L95, M|344/344\n|move|p1a: Trevenant|Poltergeist|p2a: Noctowl\n|-immune|p2a: Noctowl\n|\n|upkeep\n|turn|2\n|inactive|Time left: 300 sec this turn | 300 sec total\n|inactive|p0x04790b6 also wants the timer to be on.\n|\n|t:|1783534343\n|move|p2a: Noctowl|Hurricane|p1a: Trevenant\n|-supereffective|p1a: Trevenant\n|-crit|p1a: Trevenant\n|-damage|p1a: Trevenant|0 fnt\n|faint|p1a: Trevenant\n|\n|upkeep\n|\n|t:|1783534344\n|switch|p1a: Plusle|Plusle, L95, F|100/100\n|turn|3\n|inactive|Time left: 300 sec this turn | 300 sec total\n|\n|t:|1783534344\n|move|p1a: Plusle|Nasty Plot|p1a: Plusle\n|-boost|p1a: Plusle|spa|2\n|move|p2a: Noctowl|Calm Mind|p2a: Noctowl\n|-boost|p2a: Noctowl|spa|1\n|-boost|p2a: Noctowl|spd|1\n|\n|upkeep\n|turn|4\n|inactive|Time left: 300 sec this turn | 300 sec total\n|\n|t:|1783534345\n|-terastallize|p2a: Noctowl|Normal\n|move|p1a: Plusle|Thunderbolt|p2a: Noctowl\n|-damage|p2a: Noctowl|192/344\n|-damage|p1a: Plusle|91/100|[from] item: Life Orb\n|move|p2a: Noctowl|Hyper Voice|p1a: Plusle\n|-damage|p1a: Plusle|12/100\n|\n|upkeep\n|turn|5\n|inactive|Time left: 300 sec this turn | 300 sec total\n|\n|t:|1783534346\n|-terastallize|p1a: Plusle|Electric\n|move|p1a: Plusle|Thunderbolt|p2a: Noctowl\n|-damage|p2a: Noctowl|0 fnt\n|faint|p2a: Noctowl\n|-damage|p1a: Plusle|2/100|[from] item: Life Orb\n|\n|upkeep\n|inactive|Time left: 300 sec this turn | 300 sec total | 5 sec grace\n|\n|t:|1783534347\n|switch|p2a: Cyclizar|Cyclizar, L84, F|255/255\n|turn|6\n|inactive|Time left: 300 sec this turn | 300 sec total\n|\n|t:|1783534348\n|move|p2a: Cyclizar|Knock Off|p1a: Plusle\n|-damage|p1a: Plusle|0 fnt\n|-enditem|p1a: Plusle|Life Orb|[from] move: Knock Off|[of] p2a: Cyclizar\n|faint|p1a: Plusle\n|\n|upkeep\n|\n|t:|1783534349\n|switch|p1a: Malamar|Malamar, L82, F|100/100\n|turn|7\n|inactive|Time left: 300 sec this turn | 300 sec total\n|\n|t:|1783534349\n|switch|p2a: Ninetales|Ninetales-Alola, L78, F|242/242\n|-weather|Snowscape|[from] ability: Snow Warning|[of] p2a: Ninetales\n|move|p1a: Malamar|Superpower|p2a: Ninetales\n|-damage|p2a: Ninetales|178/242\n|-boost|p1a: Malamar|atk|1\n|-boost|p1a: Malamar|def|1\n|\n|-weather|Snowscape|[upkeep]\n|upkeep\n|turn|8\n|inactive|Time left: 300 sec this turn | 300 sec total\n|\n|t:|1783534350\n|move|p2a: Ninetales|Nasty Plot|p2a: Ninetales\n|-boost|p2a: Ninetales|spa|2\n|move|p1a: Malamar|Superpower|p2a: Ninetales\n|-damage|p2a: Ninetales|85/242\n|-boost|p1a: Malamar|atk|1\n|-boost|p1a: Malamar|def|1\n|\n|-weather|Snowscape|[upkeep]\n|upkeep\n|turn|9\n|inactive|Time left: 300 sec this turn | 300 sec total\n|\n|t:|1783534351\n|switch|p1a: Tsareena|Tsareena, L87, F|100/100\n|move|p2a: Ninetales|Moonblast|p1a: Tsareena\n|-damage|p1a: Tsareena|48/100\n|\n|-weather|Snowscape|[upkeep]\n|upkeep\n|turn|10\n|inactive|Time left: 300 sec this turn | 300 sec total\n|\n|t:|1783534352\n|move|p2a: Ninetales|Aurora Veil|p2a: Ninetales\n|-sidestart|p2: p0y047ce4c|move: Aurora Veil\n|move|p1a: Tsareena|High Jump Kick|p2a: Ninetales|[miss]\n|-miss|p1a: Tsareena|p2a: Ninetales\n|-damage|p1a: Tsareena|0 fnt|[from] highjumpkick\n|faint|p1a: Tsareena\n|\n|-weather|Snowscape|[upkeep]\n|upkeep\n|\n|t:|1783534353\n|switch|p1a: Luvdisc|Luvdisc, F|100/100\n|turn|11\n|inactive|Time left: 300 sec this turn | 300 sec total\n|\n|t:|1783534354\n|move|p1a: Luvdisc|Substitute|p1a: Luvdisc\n|-start|p1a: Luvdisc|Substitute\n|-damage|p1a: Luvdisc|76/100\n|move|p2a: Ninetales|Moonblast|p1a: Luvdisc\n|-end|p1a: Luvdisc|Substitute\n|\n|-weather|none\n|upkeep\n|turn|12\n|inactive|Time left: 300 sec this turn | 300 sec total\n|\n|t:|1783534355\n|move|p1a: Luvdisc|Substitute|p1a: Luvdisc\n|-start|p1a: Luvdisc|Substitute\n|-damage|p1a: Luvdisc|51/100\n|move|p2a: Ninetales|Moonblast|p1a: Luvdisc\n|-crit|p1a: Luvdisc\n|-end|p1a: Luvdisc|Substitute\n|\n|upkeep\n|turn|13\n|inactive|Time left: 300 sec this turn | 300 sec total\n|\n|t:|1783534356\n|move|p1a: Luvdisc|Substitute|p1a: Luvdisc\n|-start|p1a: Luvdisc|Substitute\n|-damage|p1a: Luvdisc|26/100\n|move|p2a: Ninetales|Moonblast|p1a: Luvdisc\n|-end|p1a: Luvdisc|Substitute\n|\n|upkeep\n|turn|14\n|inactive|Time left: 300 sec this turn | 300 sec total\n|\n|t:|1783534357\n|move|p1a: Luvdisc|Substitute|p1a: Luvdisc\n|-start|p1a: Luvdisc|Substitute\n|-damage|p1a: Luvdisc|2/100\n|move|p2a: Ninetales|Moonblast|p1a: Luvdisc\n|-end|p1a: Luvdisc|Substitute\n|\n|upkeep\n|turn|15\n|inactive|Time left: 300 sec this turn | 300 sec total\n|\n|t:|1783534358\n|move|p1a: Luvdisc|Endeavor|p2a: Ninetales\n|-damage|p2a: Ninetales|3/242\n|move|p2a: Ninetales|Blizzard|p1a: Luvdisc\n|-resisted|p1a: Luvdisc\n|-damage|p1a: Luvdisc|0 fnt\n|faint|p1a: Luvdisc\n|\n|upkeep\n|\n|t:|1783534358\n|switch|p1a: Great Tusk|Great Tusk, L77|100/100\n|turn|16\n|inactive|Time left: 300 sec this turn | 300 sec total\n|\n|t:|1783534359\n|move|p2a: Ninetales|Moonblast|p1a: Great Tusk\n|-supereffective|p1a: Great Tusk\n|-damage|p1a: Great Tusk|0 fnt\n|faint|p1a: Great Tusk\n|-end|p1a: Great Tusk|Protosynthesis|[silent]\n|\n|upkeep\n|\n|t:|1783534360\n|switch|p1a: Malamar|Malamar, L82, F|100/100\n|turn|17\n|inactive|Time left: 300 sec this turn | 300 sec total\n|\n|t:|1783534361\n|move|p2a: Ninetales|Moonblast|p1a: Malamar\n|-supereffective|p1a: Malamar\n|-damage|p1a: Malamar|0 fnt\n|faint|p1a: Malamar\n|\n|win|p0y047ce4c", "uploadtime": 1783534361, "views": 0, "rating": 0, "private": 0, "password": null, "_winner": "p0y047ce4c", "_our_name": "p0y047ce4c"}