{"id": "battle-gen9randombattle-147", "formatid": "gen9randombattle", "format": "[Gen 9] Random Battle", "players": ["p0x147655a", "p0y147ba7f"], "log": "|init|battle\n|title|p0x147655a vs. p0y147ba7f\n|j|\u2606p0x147655a\n|j|\u2606p0y147ba7f\n|t:|1783541229\n|gametype|singles\n|player|p1|p0x147655a|102|\n|player|p2|p0y147ba7f|266|\n|gen|9\n|tier|[Gen 9] Random Battle\n|rule|Species Clause: Limit one of each Pok\u00e9mon\n|rule|HP Percentage Mod: HP is shown in percentages\n|rule|Sleep Clause Mod: Limit one foe put to sleep\n|rule|Illusion Level Mod: Illusion disguises the Pok\u00e9mon's true level\n|\n|t:|1783541229\n|teamsize|p1|6\n|teamsize|p2|6\n|start\n|switch|p1a: Tinkaton|Tinkaton, L82, F|100/100\n|switch|p2a: Tentacruel|Tentacruel, L84, M|272/272\n|-ability|p1a: Tinkaton|Mold Breaker\n|turn|1\n|inactive|Battle timer is ON: inactive players will automatically lose when time's up. (requested by p0x147655a)\n|inactive|p0y147ba7f also wants the timer to be on.\n|\n|t:|1783541230\n|move|p2a: Tentacruel|Toxic Spikes|p1a: Tinkaton\n|-sidestart|p1: p0x147655a|move: Toxic Spikes\n|move|p1a: Tinkaton|Gigaton Hammer|p2a: Tentacruel\n|-resisted|p2a: Tentacruel\n|-damage|p2a: Tentacruel|190/272\n|\n|-heal|p2a: Tentacruel|207/272|[from] item: Leftovers\n|upkeep\n|turn|2\n|inactive|Time left: 300 sec this turn | 300 sec total | 60 sec grace\n|\n|t:|1783541231\n|switch|p1a: Toxtricity|Toxtricity, L82, M|100/100\n|-sideend|p1: p0x147655a|move: Toxic Spikes|[of] p1a: Toxtricity\n|move|p2a: Tentacruel|Toxic Spikes|p1a: Toxtricity\n|-sidestart|p1: p0x147655a|move: Toxic Spikes\n|\n|-heal|p2a: Tentacruel|224/272|[from] item: Leftovers\n|upkeep\n|turn|3\n|inactive|Time left: 300 sec this turn | 300 sec total\n|\n|t:|1783541232\n|move|p2a: Tentacruel|Surf|p1a: Toxtricity\n|-crit|p1a: Toxtricity\n|-damage|p1a: Toxtricity|37/100\n|move|p1a: Toxtricity|Overdrive|p2a: Tentacruel\n|-supereffective|p2a: Tentacruel\n|-damage|p2a: Tentacruel|0 fnt\n|faint|p2a: Tentacruel\n|\n|upkeep\n|inactive|Time left: 300 sec this turn | 300 sec total | 5 sec grace\n|\n|t:|1783541233\n|switch|p2a: Reshiram|Reshiram, L76|277/277\n|-ability|p2a: Reshiram|Turboblaze\n|turn|4\n|inactive|Time left: 300 sec this turn | 300 sec total\n|\n|t:|1783541235\n|move|p2a: Reshiram|Flare Blitz|p1a: Toxtricity\n|-damage|p1a: Toxtricity|0 fnt\n|faint|p1a: Toxtricity\n|-damage|p2a: Reshiram|246/277|[from] Recoil\n|\n|upkeep\n|\n|t:|1783541235\n|switch|p1a: Dewgong|Dewgong, L94, M|100/100\n|turn|5\n|inactive|Time left: 300 sec this turn | 300 sec total\n|\n|t:|1783541237\n|move|p1a: Dewgong|Ice Beam|p2a: Reshiram\n|-damage|p2a: Reshiram|171/277\n|move|p2a: Reshiram|Dragon Dance|p2a: Reshiram\n|-boost|p2a: Reshiram|atk|1\n|-boost|p2a: Reshiram|spe|1\n|\n|upkeep\n|turn|6\n|inactive|Time left: 300 sec this turn | 300 sec total\n|\n|t:|1783541238\n|switch|p1a: Tinkaton|Tinkaton, L82, F|100/100\n|-ability|p1a: Tinkaton|Mold Breaker\n|move|p2a: Reshiram|Outrage|p1a: Tinkaton\n|-immune|p1a: Tinkaton\n|\n|upkeep\n|turn|7\n|inactive|Time left: 300 sec this turn | 300 sec total\n|\n|t:|1783541239\n|move|p2a: Reshiram|Flare Blitz|p1a: Tinkaton\n|-supereffective|p1a: Tinkaton\n|-damage|p1a: Tinkaton|0 fnt\n|faint|p1a: Tinkaton\n|-damage|p2a: Reshiram|81/277|[from] Recoil\n|\n|upkeep\n|\n|t:|1783541240\n|switch|p1a: Charizard|Charizard, L85, M|100/100\n|turn|8\n|inactive|Time left: 300 sec this turn | 300 sec total\n|\n|t:|1783541241\n|move|p2a: Reshiram|Outrage|p1a: Charizard\n|-damage|p1a: Charizard|26/100\n|move|p1a: Charizard|Earthquake|p2a: Reshiram\n|-supereffective|p2a: Reshiram\n|-damage|p2a: Reshiram|0 fnt\n|faint|p2a: Reshiram\n|\n|upkeep\n|inactive|Time left: 300 sec this turn | 300 sec total | 5 sec grace\n|\n|t:|1783541242\n|switch|p2a: Raikou|Raikou, L81|278/278\n|-ability|p2a: Raikou|Pressure\n|turn|9\n|inactive|Time left: 300 sec this turn | 300 sec total\n|\n|t:|1783541243\n|switch|p1a: Dewgong|Dewgong, L94, M|100/100\n|move|p2a: Raikou|Thunderbolt|p1a: Dewgong\n|-supereffective|p1a: Dewgong\n|-damage|p1a: Dewgong|26/100\n|\n|upkeep\n|turn|10\n|inactive|Time left: 300 sec this turn | 300 sec total\n|\n|t:|1783541243\n|move|p2a: Raikou|Thunderbolt|p1a: Dewgong\n|-supereffective|p1a: Dewgong\n|-damage|p1a: Dewgong|0 fnt\n|faint|p1a: Dewgong\n|\n|upkeep\n|\n|t:|1783541244\n|switch|p1a: Annihilape|Annihilape, L76, F|100/100\n|-status|p1a: Annihilape|psn\n|turn|11\n|inactive|Time left: 300 sec this turn | 300 sec total\n|\n|t:|1783541245\n|move|p2a: Raikou|Thunderbolt|p1a: Annihilape\n|-damage|p1a: Annihilape|39/100 psn\n|move|p1a: Annihilape|Bulk Up|p1a: Annihilape\n|-boost|p1a: Annihilape|atk|1\n|-boost|p1a: Annihilape|def|1\n|\n|-heal|p1a: Annihilape|45/100 psn|[from] item: Leftovers\n|-damage|p1a: Annihilape|33/100 psn|[from] psn\n|upkeep\n|turn|12\n|inactive|Time left: 300 sec this turn | 300 sec total\n|\n|t:|1783541246\n|move|p2a: Raikou|Thunderbolt|p1a: Annihilape\n|-damage|p1a: Annihilape|0 fnt\n|faint|p1a: Annihilape\n|\n|upkeep\n|\n|t:|1783541247\n|switch|p1a: Flutter Mane|Flutter Mane, L74|100/100\n|-status|p1a: Flutter Mane|psn\n|turn|13\n|inactive|Time left: 300 sec this turn | 300 sec total\n|\n|t:|1783541248\n|move|p1a: Flutter Mane|Calm Mind|p1a: Flutter Mane\n|-boost|p1a: Flutter Mane|spa|1\n|-boost|p1a: Flutter Mane|spd|1\n|move|p2a: Raikou|Thunderbolt|p1a: Flutter Mane\n|-damage|p1a: Flutter Mane|63/100 psn\n|\n|-damage|p1a: Flutter Mane|51/100 psn|[from] psn\n|upkeep\n|turn|14\n|inactive|Time left: 300 sec this turn | 300 sec total\n|\n|t:|1783541249\n|-terastallize|p1a: Flutter Mane|Electric\n|move|p1a: Flutter Mane|Moonblast|p2a: Raikou\n|-damage|p2a: Raikou|82/278\n|-damage|p1a: Flutter Mane|41/100 psn|[from] item: Life Orb\n|move|p2a: Raikou|Thunderbolt|p1a: Flutter Mane\n|-resisted|p1a: Flutter Mane\n|-damage|p1a: Flutter Mane|22/100 psn\n|\n|-damage|p1a: Flutter Mane|9/100 psn|[from] psn\n|upkeep\n|turn|15\n|inactive|Time left: 300 sec this turn | 300 sec total\n|\n|t:|1783541250\n|move|p1a: Flutter Mane|Shadow Ball|p2a: Raikou\n|-damage|p2a: Raikou|0 fnt\n|faint|p2a: Raikou\n|-damage|p1a: Flutter Mane|0 fnt|[from] item: Life Orb\n|faint|p1a: Flutter Mane\n|-end|p1a: Flutter Mane|Protosynthesis|[silent]\n|\n|upkeep\n|inactive|Time left: 300 sec this turn | 300 sec total | 5 sec grace\n|\n|t:|1783541251\n|switch|p1a: Charizard|Charizard, L85, M|26/100\n|switch|p2a: Noctowl|Noctowl, L95, M|344/344\n|turn|16\n|inactive|Time left: 300 sec this turn | 300 sec total\n|\n|t:|1783541251\n|move|p1a: Charizard|Hurricane|p2a: Noctowl\n|-damage|p2a: Noctowl|239/344\n|move|p2a: Noctowl|Hyper Voice|p1a: Charizard\n|-damage|p1a: Charizard|0 fnt\n|faint|p1a: Charizard\n|\n|win|p0y147ba7f", "uploadtime": 1783541251, "views": 0, "rating": 0, "private": 0, "password": null, "_winner": "p0y147ba7f", "_our_name": "p0y147ba7f"}