{"id": "battle-gen9randombattle-2030", "formatid": "gen9randombattle", "format": "[Gen 9] Random Battle", "players": ["p0x20303cbe", "p0y20307301"], "log": "|init|battle\n|title|p0x20303cbe vs. p0y20307301\n|j|\u2606p0x20303cbe\n|j|\u2606p0y20307301\n|t:|1783563512\n|gametype|singles\n|player|p1|p0x20303cbe|169|\n|player|p2|p0y20307301|102|\n|gen|9\n|tier|[Gen 9] Random Battle\n|rule|Species Clause: Limit one of each Pok\u00e9mon\n|rule|HP Percentage Mod: HP is shown in percentages\n|rule|Sleep Clause Mod: Limit one foe put to sleep\n|rule|Illusion Level Mod: Illusion disguises the Pok\u00e9mon's true level\n|\n|t:|1783563512\n|teamsize|p1|6\n|teamsize|p2|6\n|start\n|switch|p1a: Moltres|Moltres-Galar, L79|271/271\n|switch|p2a: Ursaluna|Ursaluna, L79, M|100/100\n|turn|1\n|inactive|Battle timer is ON: inactive players will automatically lose when time's up. (requested by p0y20307301)\n|inactive|Time left: 300 sec this turn | 300 sec total | 60 sec grace\n|inactive|p0x20303cbe also wants the timer to be on.\n|\n|t:|1783563514\n|move|p1a: Moltres|Nasty Plot|p1a: Moltres\n|-boost|p1a: Moltres|spa|2\n|move|p2a: Ursaluna|Swords Dance|p2a: Ursaluna\n|-boost|p2a: Ursaluna|atk|2\n|\n|-status|p2a: Ursaluna|brn|[from] item: Flame Orb\n|upkeep\n|turn|2\n|inactive|Time left: 300 sec this turn | 300 sec total\n|\n|t:|1783563515\n|move|p1a: Moltres|Fiery Wrath|p2a: Ursaluna\n|-damage|p2a: Ursaluna|46/100 brn\n|move|p2a: Ursaluna|Facade|p1a: Moltres\n|-damage|p1a: Moltres|0 fnt\n|faint|p1a: Moltres\n|\n|-damage|p2a: Ursaluna|40/100 brn|[from] brn\n|upkeep\n|inactive|Time left: 300 sec this turn | 300 sec total | 5 sec grace\n|\n|t:|1783563517\n|switch|p1a: Pelipper|Pelipper, L86, F|243/243\n|-weather|RainDance|[from] ability: Drizzle|[of] p1a: Pelipper\n|turn|3\n|inactive|Time left: 300 sec this turn | 300 sec total\n|\n|t:|1783563518\n|switch|p2a: Basculegion|Basculegion-F, L83, F|100/100\n|move|p1a: Pelipper|Weather Ball|p2a: Basculegion\n|-resisted|p2a: Basculegion\n|-damage|p2a: Basculegion|62/100\n|\n|-weather|RainDance|[upkeep]\n|upkeep\n|turn|4\n|inactive|Time left: 300 sec this turn | 300 sec total\n|\n|t:|1783563519\n|move|p2a: Basculegion|Hydro Pump|p1a: Pelipper\n|-resisted|p1a: Pelipper\n|-damage|p1a: Pelipper|37/243\n|move|p1a: Pelipper|Weather Ball|p2a: Basculegion\n|-resisted|p2a: Basculegion\n|-damage|p2a: Basculegion|20/100\n|\n|-weather|RainDance|[upkeep]\n|upkeep\n|turn|5\n|inactive|Time left: 300 sec this turn | 300 sec total\n|\n|t:|1783563520\n|move|p2a: Basculegion|Hydro Pump|p1a: Pelipper\n|-resisted|p1a: Pelipper\n|-damage|p1a: Pelipper|0 fnt\n|faint|p1a: Pelipper\n|\n|-weather|RainDance|[upkeep]\n|upkeep\n|inactive|Time left: 300 sec this turn | 300 sec total | 5 sec grace\n|\n|t:|1783563521\n|switch|p1a: Smeargle|Smeargle, L95, F|258/258\n|turn|6\n|inactive|Time left: 300 sec this turn | 300 sec total\n|\n|t:|1783563522\n|move|p1a: Smeargle|Sticky Web|p2a: Basculegion\n|-sidestart|p2: p0y20307301|move: Sticky Web\n|move|p2a: Basculegion|Hydro Pump|p1a: Smeargle\n|-enditem|p1a: Smeargle|Focus Sash\n|-damage|p1a: Smeargle|1/258\n|\n|-weather|RainDance|[upkeep]\n|upkeep\n|turn|7\n|inactive|Time left: 300 sec this turn | 300 sec total\n|\n|t:|1783563523\n|move|p1a: Smeargle|Stealth Rock|p2a: Basculegion\n|-sidestart|p2: p0y20307301|move: Stealth Rock\n|move|p2a: Basculegion|Hydro Pump|p1a: Smeargle\n|-damage|p1a: Smeargle|0 fnt\n|faint|p1a: Smeargle\n|\n|-weather|none\n|upkeep\n|inactive|Time left: 300 sec this turn | 300 sec total | 5 sec grace\n|\n|t:|1783563524\n|switch|p1a: Snorlax|Snorlax, L82, M|397/397\n|turn|8\n|inactive|Time left: 300 sec this turn | 300 sec total\n|\n|t:|1783563525\n|move|p2a: Basculegion|Hydro Pump|p1a: Snorlax\n|-damage|p1a: Snorlax|199/397\n|move|p1a: Snorlax|Earthquake|p2a: Basculegion\n|-damage|p2a: Basculegion|0 fnt\n|faint|p2a: Basculegion\n|\n|-heal|p1a: Snorlax|223/397|[from] item: Leftovers\n|upkeep\n|\n|t:|1783563526\n|switch|p2a: Rillaboom|Rillaboom, L79, F|100/100\n|-activate|p2a: Rillaboom|move: Sticky Web\n|-unboost|p2a: Rillaboom|spe|1\n|-damage|p2a: Rillaboom|88/100|[from] Stealth Rock\n|-fieldstart|move: Grassy Terrain|[from] ability: Grassy Surge|[of] p2a: Rillaboom\n|turn|9\n|inactive|Time left: 300 sec this turn | 300 sec total\n|\n|t:|1783563527\n|switch|p1a: Skeledirge|Skeledirge, L79, F|294/294\n|move|p2a: Rillaboom|Wood Hammer|p1a: Skeledirge\n|-resisted|p1a: Skeledirge\n|-damage|p1a: Skeledirge|170/294\n|-damage|p2a: Rillaboom|74/100|[from] Recoil\n|\n|-heal|p1a: Skeledirge|188/294|[from] Grassy Terrain\n|-heal|p2a: Rillaboom|80/100|[from] Grassy Terrain\n|upkeep\n|turn|10\n|inactive|Time left: 300 sec this turn | 300 sec total\n|\n|t:|1783563528\n|switch|p2a: Garganacl|Garganacl, L80, M|100/100\n|-activate|p2a: Garganacl|move: Sticky Web\n|-unboost|p2a: Garganacl|spe|1\n|-damage|p2a: Garganacl|88/100|[from] Stealth Rock\n|move|p1a: Skeledirge|Torch Song|p2a: Garganacl\n|-resisted|p2a: Garganacl\n|-damage|p2a: Garganacl|72/100\n|-boost|p1a: Skeledirge|spa|1\n|\n|-heal|p1a: Skeledirge|206/294|[from] Grassy Terrain\n|-heal|p2a: Garganacl|79/100|[from] Grassy Terrain\n|-heal|p2a: Garganacl|85/100|[from] item: Leftovers\n|upkeep\n|turn|11\n|inactive|Time left: 300 sec this turn | 300 sec total\n|\n|t:|1783563528\n|move|p1a: Skeledirge|Torch Song|p2a: Garganacl\n|-resisted|p2a: Garganacl\n|-damage|p2a: Garganacl|64/100\n|-boost|p1a: Skeledirge|spa|1\n|move|p2a: Garganacl|Salt Cure|p1a: Skeledirge\n|-supereffective|p1a: Skeledirge\n|-damage|p1a: Skeledirge|132/294\n|-start|p1a: Skeledirge|Salt Cure\n|\n|-heal|p1a: Skeledirge|150/294|[from] Grassy Terrain\n|-heal|p2a: Garganacl|70/100|[from] Grassy Terrain\n|-heal|p2a: Garganacl|76/100|[from] item: Leftovers\n|-damage|p1a: Skeledirge|114/294|[from] Salt Cure\n|upkeep\n|turn|12\n|inactive|Time left: 300 sec this turn | 300 sec total\n|\n|t:|1783563529\n|move|p1a: Skeledirge|Slack Off|p1a: Skeledirge\n|-heal|p1a: Skeledirge|261/294\n|move|p2a: Garganacl|Salt Cure|p1a: Skeledirge\n|-supereffective|p1a: Skeledirge\n|-damage|p1a: Skeledirge|181/294\n|\n|-heal|p1a: Skeledirge|199/294|[from] Grassy Terrain\n|-heal|p2a: Garganacl|82/100|[from] Grassy Terrain\n|-heal|p2a: Garganacl|88/100|[from] item: Leftovers\n|-damage|p1a: Skeledirge|163/294|[from] Salt Cure\n|upkeep\n|turn|13\n|inactive|Time left: 300 sec this turn | 300 sec total\n|\n|t:|1783563530\n|move|p1a: Skeledirge|Slack Off|p1a: Skeledirge\n|-heal|p1a: Skeledirge|294/294\n|move|p2a: Garganacl|Salt Cure|p1a: Skeledirge\n|-supereffective|p1a: Skeledirge\n|-damage|p1a: Skeledirge|216/294\n|\n|-heal|p1a: Skeledirge|234/294|[from] Grassy Terrain\n|-heal|p2a: Garganacl|95/100|[from] Grassy Terrain\n|-heal|p2a: Garganacl|100/100|[from] item: Leftovers\n|-damage|p1a: Skeledirge|198/294|[from] Salt Cure\n|-fieldend|move: Grassy Terrain\n|upkeep\n|turn|14\n|inactive|Time left: 300 sec this turn | 300 sec total\n|\n|t:|1783563531\n|move|p1a: Skeledirge|Torch Song|p2a: Garganacl\n|-resisted|p2a: Garganacl\n|-damage|p2a: Garganacl|72/100\n|-boost|p1a: Skeledirge|spa|1\n|move|p2a: Garganacl|Salt Cure|p1a: Skeledirge\n|-supereffective|p1a: Skeledirge\n|-damage|p1a: Skeledirge|118/294\n|\n|-heal|p2a: Garganacl|78/100|[from] item: Leftovers\n|-damage|p1a: Skeledirge|82/294|[from] Salt Cure\n|upkeep\n|turn|15\n|inactive|Time left: 300 sec this turn | 300 sec total\n|\n|t:|1783563532\n|move|p1a: Skeledirge|Slack Off|p1a: Skeledirge\n|-heal|p1a: Skeledirge|229/294\n|move|p2a: Garganacl|Salt Cure|p1a: Skeledirge\n|-supereffective|p1a: Skeledirge\n|-damage|p1a: Skeledirge|149/294\n|\n|-heal|p2a: Garganacl|84/100|[from] item: Leftovers\n|-damage|p1a: Skeledirge|113/294|[from] Salt Cure\n|upkeep\n|turn|16\n|inactive|Time left: 300 sec this turn | 300 sec total\n|\n|t:|1783563533\n|move|p1a: Skeledirge|Slack Off|p1a: Skeledirge\n|-heal|p1a: Skeledirge|260/294\n|move|p2a: Garganacl|Salt Cure|p1a: Skeledirge\n|-supereffective|p1a: Skeledirge\n|-damage|p1a: Skeledirge|174/294\n|\n|-heal|p2a: Garganacl|90/100|[from] item: Leftovers\n|-damage|p1a: Skeledirge|138/294|[from] Salt Cure\n|upkeep\n|turn|17\n|inactive|Time left: 300 sec this turn | 300 sec total\n|\n|t:|1783563534\n|move|p1a: Skeledirge|Slack Off|p1a: Skeledirge\n|-heal|p1a: Skeledirge|285/294\n|move|p2a: Garganacl|Salt Cure|p1a: Skeledirge\n|-supereffective|p1a: Skeledirge\n|-damage|p1a: Skeledirge|201/294\n|\n|-heal|p2a: Garganacl|96/100|[from] item: Leftovers\n|-damage|p1a: Skeledirge|165/294|[from] Salt Cure\n|upkeep\n|turn|18\n|inactive|Time left: 300 sec this turn | 300 sec total\n|\n|t:|1783563534\n|move|p1a: Skeledirge|Slack Off|p1a: Skeledirge\n|-heal|p1a: Skeledirge|294/294\n|move|p2a: Garganacl|Salt Cure|p1a: Skeledirge\n|-supereffective|p1a: Skeledirge\n|-damage|p1a: Skeledirge|214/294\n|\n|-heal|p2a: Garganacl|100/100|[from] item: Leftovers\n|-damage|p1a: Skeledirge|178/294|[from] Salt Cure\n|upkeep\n|turn|19\n|inactive|Time left: 300 sec this turn | 300 sec total\n|\n|t:|1783563535\n|move|p1a: Skeledirge|Slack Off|p1a: Skeledirge\n|-heal|p1a: Skeledirge|294/294\n|move|p2a: Garganacl|Salt Cure|p1a: Skeledirge\n|-supereffective|p1a: Skeledirge\n|-damage|p1a: Skeledirge|220/294\n|\n|-damage|p1a: Skeledirge|184/294|[from] Salt Cure\n|upkeep\n|turn|20\n|inactive|Time left: 300 sec this turn | 300 sec total\n|\n|t:|1783563536\n|move|p1a: Skeledirge|Slack Off|p1a: Skeledirge\n|-heal|p1a: Skeledirge|294/294\n|move|p2a: Garganacl|Salt Cure|p1a: Skeledirge\n|-supereffective|p1a: Skeledirge\n|-damage|p1a: Skeledirge|222/294\n|\n|-damage|p1a: Skeledirge|186/294|[from] Salt Cure\n|upkeep\n|turn|21\n|inactive|Time left: 300 sec this turn | 300 sec total\n|\n|t:|1783563537\n|move|p1a: Skeledirge|Torch Song|p2a: Garganacl\n|-resisted|p2a: Garganacl\n|-damage|p2a: Garganacl|61/100\n|-boost|p1a: Skeledirge|spa|1\n|move|p2a: Garganacl|Salt Cure|p1a: Skeledirge\n|-supereffective|p1a: Skeledirge\n|-damage|p1a: Skeledirge|106/294\n|\n|-heal|p2a: Garganacl|68/100|[from] item: Leftovers\n|-damage|p1a: Skeledirge|70/294|[from] Salt Cure\n|upkeep\n|turn|22\n|inactive|Time left: 300 sec this turn | 300 sec total\n|\n|t:|1783563538\n|move|p1a: Skeledirge|Torch Song|p2a: Garganacl\n|-resisted|p2a: Garganacl\n|-damage|p2a: Garganacl|22/100\n|-boost|p1a: Skeledirge|spa|1\n|move|p2a: Garganacl|Salt Cure|p1a: Skeledirge\n|-supereffective|p1a: Skeledirge\n|-damage|p1a: Skeledirge|0 fnt\n|faint|p1a: Skeledirge\n|\n|-heal|p2a: Garganacl|28/100|[from] item: Leftovers\n|upkeep\n|inactive|Time left: 300 sec this turn | 300 sec total | 5 sec grace\n|\n|t:|1783563539\n|switch|p1a: Snorlax|Snorlax, L82, M|223/397\n|turn|23\n|inactive|Time left: 300 sec this turn | 300 sec total\n|\n|t:|1783563540\n|move|p1a: Snorlax|Earthquake|p2a: Garganacl\n|-supereffective|p2a: Garganacl\n|-damage|p2a: Garganacl|0 fnt\n|faint|p2a: Garganacl\n|\n|-heal|p1a: Snorlax|247/397|[from] item: Leftovers\n|upkeep\n|\n|t:|1783563541\n|switch|p2a: Rillaboom|Rillaboom, L79, F|80/100\n|-activate|p2a: Rillaboom|move: Sticky Web\n|-unboost|p2a: Rillaboom|spe|1\n|-damage|p2a: Rillaboom|68/100|[from] Stealth Rock\n|-fieldstart|move: Grassy Terrain|[from] ability: Grassy Surge|[of] p2a: Rillaboom\n|turn|24\n|inactive|Time left: 300 sec this turn | 300 sec total\n|\n|t:|1783563542\n|-terastallize|p1a: Snorlax|Poison\n|move|p2a: Rillaboom|Wood Hammer|p1a: Snorlax\n|-resisted|p1a: Snorlax\n|-damage|p1a: Snorlax|77/397\n|-damage|p2a: Rillaboom|48/100|[from] Recoil\n|move|p1a: Snorlax|Body Slam|p2a: Rillaboom\n|-damage|p2a: Rillaboom|12/100\n|-status|p2a: Rillaboom|par\n|\n|-heal|p1a: Snorlax|101/397|[from] Grassy Terrain\n|-heal|p1a: Snorlax|125/397|[from] item: Leftovers\n|-heal|p2a: Rillaboom|19/100 par|[from] Grassy Terrain\n|upkeep\n|turn|25\n|inactive|Time left: 300 sec this turn | 300 sec total\n|\n|t:|1783563543\n|move|p1a: Snorlax|Crunch|p2a: Rillaboom\n|-damage|p2a: Rillaboom|0 fnt\n|faint|p2a: Rillaboom\n|\n|-heal|p1a: Snorlax|149/397|[from] Grassy Terrain\n|-heal|p1a: Snorlax|173/397|[from] item: Leftovers\n|upkeep\n|\n|t:|1783563544\n|switch|p2a: Iron Crown|Iron Crown, L78|100/100\n|-activate|p2a: Iron Crown|move: Sticky Web\n|-unboost|p2a: Iron Crown|spe|1\n|-damage|p2a: Iron Crown|95/100|[from] Stealth Rock\n|turn|26\n|inactive|Time left: 300 sec this turn | 300 sec total\n|\n|t:|1783563545\n|switch|p1a: Sableye|Sableye, L88, M|231/231\n|move|p2a: Iron Crown|Psyshock|p1a: Sableye\n|-immune|p1a: Sableye\n|\n|-heal|p2a: Iron Crown|100/100|[from] Grassy Terrain\n|upkeep\n|turn|27\n|inactive|Time left: 300 sec this turn | 300 sec total\n|\n|t:|1783563545\n|-end|p2a: Iron Crown|Quark Drive|[silent]\n|switch|p2a: Perrserker|Perrserker, L89, F|100/100\n|-activate|p2a: Perrserker|move: Sticky Web\n|-unboost|p2a: Perrserker|spe|1\n|-damage|p2a: Perrserker|95/100|[from] Stealth Rock\n|move|p1a: Sableye|Knock Off|p2a: Perrserker\n|-damage|p2a: Perrserker|64/100\n|-enditem|p2a: Perrserker|Life Orb|[from] move: Knock Off|[of] p1a: Sableye\n|\n|-heal|p2a: Perrserker|70/100|[from] Grassy Terrain\n|upkeep\n|turn|28\n|inactive|Time left: 300 sec this turn | 300 sec total\n|\n|t:|1783563546\n|switch|p2a: Ursaluna|Ursaluna, L79, M|40/100 brn\n|-activate|p2a: Ursaluna|move: Sticky Web\n|-unboost|p2a: Ursaluna|spe|1\n|-damage|p2a: Ursaluna|34/100 brn|[from] Stealth Rock\n|move|p1a: Sableye|Thunder Wave|p2a: Ursaluna\n|-immune|p2a: Ursaluna\n|\n|-heal|p2a: Ursaluna|40/100 brn|[from] Grassy Terrain\n|-damage|p2a: Ursaluna|34/100 brn|[from] brn\n|-fieldend|move: Grassy Terrain\n|upkeep\n|turn|29\n|inactive|Time left: 300 sec this turn | 300 sec total\n|\n|t:|1783563548\n|move|p1a: Sableye|Knock Off|p2a: Ursaluna\n|-damage|p2a: Ursaluna|6/100 brn\n|-enditem|p2a: Ursaluna|Flame Orb|[from] move: Knock Off|[of] p1a: Sableye\n|move|p2a: Ursaluna|Headlong Rush|p1a: Sableye\n|-damage|p1a: Sableye|5/231\n|-unboost|p2a: Ursaluna|def|1\n|-unboost|p2a: Ursaluna|spd|1\n|\n|-heal|p1a: Sableye|19/231|[from] item: Leftovers\n|-damage|p2a: Ursaluna|0 fnt|[from] brn\n|faint|p2a: Ursaluna\n|upkeep\n|\n|t:|1783563549\n|switch|p2a: Iron Crown|Iron Crown, L78|100/100\n|-activate|p2a: Iron Crown|move: Sticky Web\n|-unboost|p2a: Iron Crown|spe|1\n|-damage|p2a: Iron Crown|95/100|[from] Stealth Rock\n|turn|30\n|inactive|Time left: 300 sec this turn | 300 sec total\n|\n|t:|1783563550\n|move|p1a: Sableye|Thunder Wave|p2a: Iron Crown\n|-status|p2a: Iron Crown|par\n|move|p2a: Iron Crown|Tachyon Cutter|p1a: Sableye\n|-damage|p1a: Sableye|0 fnt\n|faint|p1a: Sableye\n|-hitcount|p1: Sableye|1\n|\n|upkeep\n|inactive|Time left: 300 sec this turn | 300 sec total | 5 sec grace\n|\n|t:|1783563550\n|switch|p1a: Snorlax|Snorlax, L82, M, tera:Poison|173/397\n|turn|31\n|inactive|Time left: 300 sec this turn | 300 sec total\n|\n|t:|1783563551\n|-terastallize|p2a: Iron Crown|Fighting\n|move|p1a: Snorlax|Earthquake|p2a: Iron Crown\n|-damage|p2a: Iron Crown|70/100 par\n|cant|p2a: Iron Crown|par\n|\n|-heal|p1a: Snorlax|197/397|[from] item: Leftovers\n|upkeep\n|turn|32\n|inactive|Time left: 300 sec this turn | 300 sec total\n|\n|t:|1783563552\n|move|p1a: Snorlax|Body Slam|p2a: Iron Crown\n|-damage|p2a: Iron Crown|32/100 par\n|move|p2a: Iron Crown|Tachyon Cutter|p1a: Snorlax\n|-damage|p1a: Snorlax|121/397\n|-damage|p1a: Snorlax|52/397\n|-hitcount|p1a: Snorlax|2\n|\n|-heal|p1a: Snorlax|76/397|[from] item: Leftovers\n|upkeep\n|turn|33\n|inactive|Time left: 300 sec this turn | 300 sec total\n|\n|t:|1783563553\n|move|p1a: Snorlax|Curse|p1a: Snorlax\n|-unboost|p1a: Snorlax|spe|1\n|-boost|p1a: Snorlax|atk|1\n|-boost|p1a: Snorlax|def|1\n|move|p2a: Iron Crown|Tachyon Cutter|p1a: Snorlax\n|-damage|p1a: Snorlax|6/397\n|-damage|p1a: Snorlax|0 fnt\n|faint|p1a: Snorlax\n|-hitcount|p1: Snorlax|2\n|\n|win|p0y20307301", "uploadtime": 1783563553, "views": 0, "rating": 0, "private": 0, "password": null, "_winner": "p0y20307301", "_our_name": "p0x20303cbe"}