{"id": "battle-gen9randombattle-1828", "formatid": "gen9randombattle", "format": "[Gen 9] Random Battle", "players": ["p0x182820ec", "p0y18280de8"], "log": "|init|battle\n|title|p0x182820ec vs. p0y18280de8\n|j|\u2606p0x182820ec\n|j|\u2606p0y18280de8\n|t:|1783560416\n|gametype|singles\n|player|p1|p0x182820ec|1|\n|player|p2|p0y18280de8|169|\n|gen|9\n|tier|[Gen 9] Random Battle\n|rule|Species Clause: Limit one of each Pok\u00e9mon\n|rule|HP Percentage Mod: HP is shown in percentages\n|rule|Sleep Clause Mod: Limit one foe put to sleep\n|rule|Illusion Level Mod: Illusion disguises the Pok\u00e9mon's true level\n|\n|t:|1783560416\n|teamsize|p1|6\n|teamsize|p2|6\n|start\n|switch|p1a: Appletun|Appletun, L92, F|100/100\n|switch|p2a: Quagsire|Quagsire, L84, F|297/297\n|turn|1\n|inactive|Battle timer is ON: inactive players will automatically lose when time's up. (requested by p0x182820ec)\n|inactive|Time left: 300 sec this turn | 300 sec total | 60 sec grace\n|inactive|p0y18280de8 also wants the timer to be on.\n|\n|t:|1783560418\n|switch|p2a: Granbull|Granbull, L88, F|302/302\n|-ability|p2a: Granbull|Intimidate|boost\n|-unboost|p1a: Appletun|atk|1\n|move|p1a: Appletun|Apple Acid|p2a: Granbull\n|-crit|p2a: Granbull\n|-damage|p2a: Granbull|98/302\n|-unboost|p2a: Granbull|spd|1\n|\n|-heal|p2a: Granbull|116/302|[from] item: Leftovers\n|upkeep\n|turn|2\n|inactive|Time left: 300 sec this turn | 300 sec total\n|\n|t:|1783560419\n|move|p2a: Granbull|Play Rough|p1a: Appletun\n|-supereffective|p1a: Appletun\n|-damage|p1a: Appletun|27/100\n|-unboost|p1a: Appletun|atk|1\n|move|p1a: Appletun|Apple Acid|p2a: Granbull\n|-damage|p2a: Granbull|0 fnt\n|faint|p2a: Granbull\n|\n|-heal|p1a: Appletun|33/100|[from] item: Leftovers\n|upkeep\n|inactive|Time left: 300 sec this turn | 300 sec total | 5 sec grace\n|\n|t:|1783560420\n|switch|p2a: Staraptor|Staraptor, L79, M|263/263\n|turn|3\n|inactive|Time left: 300 sec this turn | 300 sec total\n|\n|t:|1783560421\n|switch|p1a: Golurk|Golurk, L87|100/100\n|move|p2a: Staraptor|Double-Edge|p1a: Golurk\n|-immune|p1a: Golurk\n|\n|upkeep\n|turn|4\n|inactive|Time left: 300 sec this turn | 300 sec total\n|\n|t:|1783560422\n|move|p2a: Staraptor|Double-Edge|p1a: Golurk\n|-immune|p1a: Golurk\n|move|p1a: Golurk|Dynamic Punch|p2a: Staraptor\n|-damage|p2a: Staraptor|107/263\n|-start|p2a: Staraptor|confusion\n|-damage|p1a: Golurk|91/100|[from] item: Life Orb\n|\n|upkeep\n|turn|5\n|inactive|Time left: 300 sec this turn | 300 sec total\n|\n|t:|1783560423\n|-activate|p2a: Staraptor|confusion\n|move|p2a: Staraptor|Double-Edge|p1a: Golurk\n|-immune|p1a: Golurk\n|move|p1a: Golurk|Dynamic Punch|p2a: Staraptor\n|-damage|p2a: Staraptor|0 fnt\n|faint|p2a: Staraptor\n|-damage|p1a: Golurk|81/100|[from] item: Life Orb\n|\n|upkeep\n|inactive|Time left: 300 sec this turn | 300 sec total | 5 sec grace\n|\n|t:|1783560424\n|switch|p2a: Giratina|Giratina-Origin, L72|335/335\n|turn|6\n|inactive|Time left: 300 sec this turn | 300 sec total\n|\n|t:|1783560425\n|switch|p1a: Porygon-Z|Porygon-Z, L83|100/100\n|move|p2a: Giratina|Poltergeist|p1a: Porygon-Z\n|-immune|p1a: Porygon-Z\n|\n|upkeep\n|turn|7\n|inactive|Time left: 300 sec this turn | 300 sec total\n|\n|t:|1783560427\n|move|p1a: Porygon-Z|Shadow Ball|p2a: Giratina\n|-supereffective|p2a: Giratina\n|-damage|p2a: Giratina|145/335\n|-damage|p1a: Porygon-Z|91/100|[from] item: Life Orb\n|move|p2a: Giratina|Dragon Tail|p1a: Porygon-Z\n|-damage|p1a: Porygon-Z|62/100\n|drag|p1a: Camerupt|Camerupt, L91, F|100/100\n|\n|upkeep\n|turn|8\n|inactive|Time left: 300 sec this turn | 300 sec total\n|\n|t:|1783560428\n|move|p2a: Giratina|Poltergeist|p1a: Camerupt\n|-activate|p1a: Camerupt|move: Poltergeist|Leftovers\n|-damage|p1a: Camerupt|52/100\n|move|p1a: Camerupt|Will-O-Wisp|p2a: Giratina\n|-status|p2a: Giratina|brn\n|\n|-heal|p1a: Camerupt|58/100|[from] item: Leftovers\n|-damage|p2a: Giratina|125/335 brn|[from] brn\n|upkeep\n|turn|9\n|inactive|Time left: 300 sec this turn | 300 sec total\n|\n|t:|1783560429\n|switch|p1a: Porygon-Z|Porygon-Z, L83|62/100\n|move|p2a: Giratina|Draco Meteor|p1a: Porygon-Z\n|-crit|p1a: Porygon-Z\n|-damage|p1a: Porygon-Z|0 fnt\n|-unboost|p2a: Giratina|spa|2\n|faint|p1a: Porygon-Z\n|\n|-damage|p2a: Giratina|105/335 brn|[from] brn\n|upkeep\n|\n|t:|1783560430\n|switch|p1a: Ludicolo|Ludicolo, L90, M|100/100\n|turn|10\n|inactive|Time left: 300 sec this turn | 300 sec total\n|\n|t:|1783560431\n|move|p1a: Ludicolo|Ice Beam|p2a: Giratina\n|-supereffective|p2a: Giratina\n|-damage|p2a: Giratina|0 fnt\n|faint|p2a: Giratina\n|\n|upkeep\n|inactive|Time left: 300 sec this turn | 300 sec total | 5 sec grace\n|\n|t:|1783560432\n|switch|p2a: Drifblim|Drifblim, L86, M|398/398\n|turn|11\n|inactive|Time left: 300 sec this turn | 300 sec total\n|\n|t:|1783560433\n|move|p2a: Drifblim|Air Slash|p1a: Ludicolo\n|-supereffective|p1a: Ludicolo\n|-damage|p1a: Ludicolo|53/100\n|cant|p1a: Ludicolo|flinch\n|\n|upkeep\n|turn|12\n|inactive|Time left: 300 sec this turn | 300 sec total\n|\n|t:|1783560434\n|move|p2a: Drifblim|Air Slash|p1a: Ludicolo\n|-supereffective|p1a: Ludicolo\n|-crit|p1a: Ludicolo\n|-damage|p1a: Ludicolo|0 fnt\n|faint|p1a: Ludicolo\n|\n|upkeep\n|\n|t:|1783560435\n|switch|p1a: Golurk|Golurk, L87|81/100\n|turn|13\n|inactive|Time left: 300 sec this turn | 300 sec total\n|\n|t:|1783560436\n|move|p2a: Drifblim|Shadow Ball|p1a: Golurk\n|-supereffective|p1a: Golurk\n|-damage|p1a: Golurk|24/100\n|move|p1a: Golurk|Poltergeist|p2a: Drifblim\n|-activate|p2a: Drifblim|move: Poltergeist|Heavy-Duty Boots\n|-supereffective|p2a: Drifblim\n|-damage|p2a: Drifblim|0 fnt\n|faint|p2a: Drifblim\n|-damage|p1a: Golurk|15/100|[from] item: Life Orb\n|\n|upkeep\n|inactive|Time left: 300 sec this turn | 300 sec total | 5 sec grace\n|\n|t:|1783560437\n|switch|p2a: Gothitelle|Gothitelle, L90, F|272/272\n|turn|14\n|inactive|Time left: 300 sec this turn | 300 sec total\n|\n|t:|1783560438\n|move|p2a: Gothitelle|Psychic|p1a: Golurk\n|-damage|p1a: Golurk|0 fnt\n|faint|p1a: Golurk\n|\n|upkeep\n|\n|t:|1783560439\n|switch|p1a: Appletun|Appletun, L92, F|33/100\n|turn|15\n|inactive|Time left: 300 sec this turn | 300 sec total\n|\n|t:|1783560440\n|-terastallize|p1a: Appletun|Steel\n|move|p2a: Gothitelle|Psychic|p1a: Appletun\n|-resisted|p1a: Appletun\n|-damage|p1a: Appletun|19/100\n|-unboost|p1a: Appletun|spd|1\n|move|p1a: Appletun|Recover|p1a: Appletun\n|-heal|p1a: Appletun|69/100\n|\n|-heal|p1a: Appletun|75/100|[from] item: Leftovers\n|upkeep\n|turn|16\n|inactive|Time left: 300 sec this turn | 300 sec total\n|\n|t:|1783560441\n|move|p2a: Gothitelle|Psychic|p1a: Appletun\n|-resisted|p1a: Appletun\n|-damage|p1a: Appletun|51/100\n|move|p1a: Appletun|Apple Acid|p2a: Gothitelle\n|-damage|p2a: Gothitelle|190/272\n|-unboost|p2a: Gothitelle|spd|1\n|\n|-heal|p1a: Appletun|58/100|[from] item: Leftovers\n|upkeep\n|turn|17\n|inactive|Time left: 300 sec this turn | 300 sec total\n|\n|t:|1783560443\n|move|p2a: Gothitelle|Psychic|p1a: Appletun\n|-resisted|p1a: Appletun\n|-damage|p1a: Appletun|35/100\n|move|p1a: Appletun|Apple Acid|p2a: Gothitelle\n|-damage|p2a: Gothitelle|60/272\n|-unboost|p2a: Gothitelle|spd|1\n|\n|-heal|p1a: Appletun|42/100|[from] item: Leftovers\n|upkeep\n|turn|18\n|inactive|Time left: 300 sec this turn | 300 sec total\n|\n|t:|1783560444\n|move|p2a: Gothitelle|Psychic|p1a: Appletun\n|-resisted|p1a: Appletun\n|-damage|p1a: Appletun|17/100\n|-unboost|p1a: Appletun|spd|1\n|move|p1a: Appletun|Apple Acid|p2a: Gothitelle\n|-damage|p2a: Gothitelle|0 fnt\n|faint|p2a: Gothitelle\n|\n|-heal|p1a: Appletun|23/100|[from] item: Leftovers\n|upkeep\n|inactive|Time left: 300 sec this turn | 300 sec total | 5 sec grace\n|\n|t:|1783560445\n|switch|p2a: Quagsire|Quagsire, L84, F|297/297\n|turn|19\n|inactive|Time left: 300 sec this turn | 300 sec total\n|\n|t:|1783560446\n|-terastallize|p2a: Quagsire|Steel\n|move|p1a: Appletun|Apple Acid|p2a: Quagsire\n|-resisted|p2a: Quagsire\n|-damage|p2a: Quagsire|235/297\n|-unboost|p2a: Quagsire|spd|1\n|move|p2a: Quagsire|Ice Beam|p1a: Appletun\n|-resisted|p1a: Appletun\n|-damage|p1a: Appletun|20/100\n|\n|-heal|p1a: Appletun|26/100|[from] item: Leftovers\n|-heal|p2a: Quagsire|253/297|[from] item: Leftovers\n|upkeep\n|turn|20\n|inactive|Time left: 300 sec this turn | 300 sec total\n|\n|t:|1783560447\n|switch|p1a: Camerupt|Camerupt, L91, F|58/100\n|move|p2a: Quagsire|Recover|p2a: Quagsire\n|-heal|p2a: Quagsire|297/297\n|\n|-heal|p1a: Camerupt|64/100|[from] item: Leftovers\n|upkeep\n|turn|21\n|inactive|Time left: 300 sec this turn | 300 sec total\n|\n|t:|1783560448\n|move|p1a: Camerupt|Overheat|p2a: Quagsire|[miss]\n|-miss|p1a: Camerupt|p2a: Quagsire\n|move|p2a: Quagsire|Earthquake|p1a: Camerupt\n|-supereffective|p1a: Camerupt\n|-damage|p1a: Camerupt|8/100\n|\n|-heal|p1a: Camerupt|15/100|[from] item: Leftovers\n|upkeep\n|turn|22\n|inactive|Time left: 300 sec this turn | 300 sec total\n|\n|t:|1783560449\n|move|p1a: Camerupt|Overheat|p2a: Quagsire\n|-supereffective|p2a: Quagsire\n|-damage|p2a: Quagsire|0 fnt\n|-unboost|p1a: Camerupt|spa|2\n|faint|p2a: Quagsire\n|\n|win|p0x182820ec", "uploadtime": 1783560449, "views": 0, "rating": 0, "private": 0, "password": null, "_winner": "p0x182820ec", "_our_name": "p0y18280de8"}