{"id": "battle-gen9randombattle-218", "formatid": "gen9randombattle", "format": "[Gen 9] Random Battle", "players": ["p0x218c31a", "p0y2184cd2"], "log": "|init|battle\n|title|p0x218c31a vs. p0y2184cd2\n|j|\u2606p0x218c31a\n|j|\u2606p0y2184cd2\n|t:|1783542098\n|gametype|singles\n|player|p1|p0x218c31a|266|\n|player|p2|p0y2184cd2|102|\n|gen|9\n|tier|[Gen 9] Random Battle\n|rule|Species Clause: Limit one of each Pok\u00e9mon\n|rule|HP Percentage Mod: HP is shown in percentages\n|rule|Sleep Clause Mod: Limit one foe put to sleep\n|rule|Illusion Level Mod: Illusion disguises the Pok\u00e9mon's true level\n|\n|t:|1783542098\n|teamsize|p1|6\n|teamsize|p2|6\n|start\n|switch|p1a: Heracross|Heracross, L80, F|259/259\n|switch|p2a: Lugia|Lugia, L73|100/100\n|turn|1\n|inactive|Battle timer is ON: inactive players will automatically lose when time's up. (requested by p0y2184cd2)\n|inactive|Time left: 300 sec this turn | 300 sec total | 60 sec grace\n|inactive|p0x218c31a also wants the timer to be on.\n|\n|t:|1783542100\n|switch|p1a: Zekrom|Zekrom, L71|259/259\n|-ability|p1a: Zekrom|Teravolt\n|move|p2a: Lugia|Aeroblast|p1a: Zekrom\n|-resisted|p1a: Zekrom\n|-crit|p1a: Zekrom\n|-damage|p1a: Zekrom|197/259\n|\n|-heal|p1a: Zekrom|213/259|[from] item: Leftovers\n|upkeep\n|turn|2\n|inactive|Time left: 300 sec this turn | 300 sec total\n|\n|t:|1783542101\n|move|p2a: Lugia|Calm Mind|p2a: Lugia\n|-boost|p2a: Lugia|spa|1\n|-boost|p2a: Lugia|spd|1\n|move|p1a: Zekrom|Bolt Strike|p2a: Lugia\n|-supereffective|p2a: Lugia\n|-damage|p2a: Lugia|21/100\n|\n|-heal|p1a: Zekrom|229/259|[from] item: Leftovers\n|upkeep\n|turn|3\n|inactive|Time left: 300 sec this turn | 300 sec total\n|\n|t:|1783542102\n|move|p2a: Lugia|Recover|p2a: Lugia\n|-heal|p2a: Lugia|71/100\n|move|p1a: Zekrom|Bolt Strike|p2a: Lugia\n|-supereffective|p2a: Lugia\n|-damage|p2a: Lugia|0 fnt\n|faint|p2a: Lugia\n|\n|-heal|p1a: Zekrom|245/259|[from] item: Leftovers\n|upkeep\n|\n|t:|1783542103\n|switch|p2a: Regidrago|Regidrago, L77|100/100\n|turn|4\n|inactive|Time left: 300 sec this turn | 300 sec total\n|\n|t:|1783542105\n|move|p2a: Regidrago|Dragon Energy|p1a: Zekrom\n|-supereffective|p1a: Zekrom\n|-damage|p1a: Zekrom|0 fnt\n|faint|p1a: Zekrom\n|\n|upkeep\n|inactive|Time left: 300 sec this turn | 300 sec total | 5 sec grace\n|\n|t:|1783542106\n|switch|p1a: Farigiraf|Farigiraf, L90, F|362/362\n|turn|5\n|inactive|Time left: 300 sec this turn | 300 sec total\n|\n|t:|1783542107\n|move|p2a: Regidrago|Dragon Energy|p1a: Farigiraf\n|-damage|p1a: Farigiraf|155/362\n|move|p1a: Farigiraf|Psychic Noise|p2a: Regidrago\n|-damage|p2a: Regidrago|61/100\n|-start|p2a: Regidrago|move: Heal Block\n|\n|-heal|p1a: Farigiraf|177/362|[from] item: Leftovers\n|upkeep\n|turn|6\n|inactive|Time left: 300 sec this turn | 300 sec total\n|\n|t:|1783542108\n|move|p2a: Regidrago|Dragon Energy|p1a: Farigiraf\n|-damage|p1a: Farigiraf|51/362\n|move|p1a: Farigiraf|Psychic Noise|p2a: Regidrago\n|-damage|p2a: Regidrago|26/100\n|\n|-heal|p1a: Farigiraf|73/362|[from] item: Leftovers\n|-end|p2a: Regidrago|move: Heal Block\n|upkeep\n|turn|7\n|inactive|Time left: 300 sec this turn | 300 sec total\n|\n|t:|1783542109\n|switch|p2a: Kommo-o|Kommo-o, L77, F|100/100\n|switch|p1a: Heracross|Heracross, L80, F|259/259\n|\n|-status|p1a: Heracross|brn|[from] item: Flame Orb\n|upkeep\n|turn|8\n|inactive|Time left: 300 sec this turn | 300 sec total\n|\n|t:|1783542110\n|move|p1a: Heracross|Close Combat|p2a: Kommo-o\n|-damage|p2a: Kommo-o|29/100\n|-unboost|p1a: Heracross|def|1\n|-unboost|p1a: Heracross|spd|1\n|move|p2a: Kommo-o|Drain Punch|p1a: Heracross\n|-resisted|p1a: Heracross\n|-crit|p1a: Heracross\n|-damage|p1a: Heracross|155/259 brn\n|-heal|p2a: Kommo-o|50/100|[from] drain|[of] p1a: Heracross\n|\n|-damage|p1a: Heracross|139/259 brn|[from] brn\n|upkeep\n|turn|9\n|inactive|Time left: 300 sec this turn | 300 sec total\n|\n|t:|1783542111\n|move|p1a: Heracross|Close Combat|p2a: Kommo-o\n|-damage|p2a: Kommo-o|0 fnt\n|-unboost|p1a: Heracross|def|1\n|-unboost|p1a: Heracross|spd|1\n|faint|p2a: Kommo-o\n|\n|-damage|p1a: Heracross|123/259 brn|[from] brn\n|upkeep\n|\n|t:|1783542112\n|switch|p2a: Regidrago|Regidrago, L77|26/100\n|turn|10\n|inactive|Time left: 300 sec this turn | 300 sec total\n|\n|t:|1783542113\n|switch|p1a: Slowking|Slowking, L88, F|310/310\n|move|p2a: Regidrago|Outrage|p1a: Slowking\n|-damage|p1a: Slowking|151/310\n|\n|upkeep\n|turn|11\n|inactive|Time left: 300 sec this turn | 300 sec total\n|\n|t:|1783542114\n|-terastallize|p1a: Slowking|Fairy\n|move|p2a: Regidrago|Outrage|p1a: Slowking|[from] lockedmove\n|-immune|p1a: Slowking\n|move|p1a: Slowking|Future Sight|p2a: Regidrago\n|-start|p1a: Slowking|move: Future Sight\n|\n|upkeep\n|turn|12\n|inactive|Time left: 300 sec this turn | 300 sec total\n|\n|t:|1783542115\n|move|p2a: Regidrago|Outrage|p1a: Slowking\n|-immune|p1a: Slowking\n|move|p1a: Slowking|Slack Off|p1a: Slowking\n|-heal|p1a: Slowking|306/310\n|\n|upkeep\n|turn|13\n|inactive|Time left: 300 sec this turn | 300 sec total\n|\n|t:|1783542116\n|move|p2a: Regidrago|Outrage|p1a: Slowking\n|-immune|p1a: Slowking\n|-prepare|p1a: Slowking|Chilly Reception|[premajor]\n|move|p1a: Slowking|Chilly Reception|p1a: Slowking\n|-weather|Snowscape\n|inactive|Time left: 300 sec this turn | 300 sec total | 5 sec grace\n|\n|t:|1783542117\n|switch|p1a: Spiritomb|Spiritomb, L89, M|234/234|[from] Chilly Reception\n|\n|-weather|Snowscape|[upkeep]\n|-end|p2a: Regidrago|move: Future Sight\n|-damage|p2a: Regidrago|0 fnt\n|faint|p2a: Regidrago\n|upkeep\n|\n|t:|1783542118\n|switch|p2a: Florges|Florges-Blue, L85, F|100/100\n|turn|14\n|inactive|Time left: 300 sec this turn | 300 sec total\n|\n|t:|1783542119\n|switch|p1a: Venusaur|Venusaur, L84, F|272/272\n|move|p2a: Florges|Moonblast|p1a: Venusaur\n|-resisted|p1a: Venusaur\n|-damage|p1a: Venusaur|224/272\n|\n|-weather|Snowscape|[upkeep]\n|-heal|p1a: Venusaur|241/272|[from] item: Leftovers\n|upkeep\n|turn|15\n|inactive|Time left: 300 sec this turn | 300 sec total\n|\n|t:|1783542120\n|move|p1a: Venusaur|Leech Seed|p2a: Florges\n|-start|p2a: Florges|move: Leech Seed\n|move|p2a: Florges|Calm Mind|p2a: Florges\n|-boost|p2a: Florges|spa|1\n|-boost|p2a: Florges|spd|1\n|\n|-weather|Snowscape|[upkeep]\n|-heal|p1a: Venusaur|258/272|[from] item: Leftovers\n|-damage|p2a: Florges|88/100|[from] Leech Seed|[of] p1a: Venusaur\n|-heal|p1a: Venusaur|272/272|[silent]\n|upkeep\n|turn|16\n|inactive|Time left: 300 sec this turn | 300 sec total\n|\n|t:|1783542121\n|move|p1a: Venusaur|Sleep Powder|p2a: Florges\n|-status|p2a: Florges|slp|[from] move: Sleep Powder\n|cant|p2a: Florges|slp\n|\n|-weather|Snowscape|[upkeep]\n|-heal|p2a: Florges|94/100 slp|[from] item: Leftovers\n|-damage|p2a: Florges|82/100 slp|[from] Leech Seed|[of] p1a: Venusaur\n|upkeep\n|turn|17\n|inactive|Time left: 300 sec this turn | 300 sec total\n|\n|t:|1783542122\n|switch|p2a: Heracross|Heracross, L80, M|100/100\n|move|p1a: Venusaur|Sludge Bomb|p2a: Heracross\n|-damage|p2a: Heracross|65/100\n|\n|-weather|none\n|-status|p2a: Heracross|brn|[from] item: Flame Orb\n|upkeep\n|turn|18\n|inactive|Time left: 300 sec this turn | 300 sec total\n|\n|t:|1783542123\n|move|p1a: Venusaur|Sludge Bomb|p2a: Heracross\n|-damage|p2a: Heracross|26/100 brn\n|move|p2a: Heracross|Knock Off|p1a: Venusaur\n|-crit|p1a: Venusaur\n|-damage|p1a: Venusaur|98/272\n|-enditem|p1a: Venusaur|Leftovers|[from] move: Knock Off|[of] p2a: Heracross\n|\n|-damage|p2a: Heracross|20/100 brn|[from] brn\n|upkeep\n|turn|19\n|inactive|Time left: 300 sec this turn | 300 sec total\n|\n|t:|1783542124\n|switch|p2a: Florges|Florges-Blue, L85, F|82/100 slp\n|move|p1a: Venusaur|Sludge Bomb|p2a: Florges\n|-supereffective|p2a: Florges\n|-damage|p2a: Florges|33/100 slp\n|\n|-heal|p2a: Florges|39/100 slp|[from] item: Leftovers\n|upkeep\n|turn|20\n|inactive|Time left: 300 sec this turn | 300 sec total\n|\n|t:|1783542125\n|-terastallize|p2a: Florges|Ground\n|move|p1a: Venusaur|Leech Seed|p2a: Florges\n|-start|p2a: Florges|move: Leech Seed\n|-curestatus|p2a: Florges|slp|[msg]\n|move|p2a: Florges|Moonblast|p1a: Venusaur\n|-resisted|p1a: Venusaur\n|-damage|p1a: Venusaur|45/272\n|\n|-heal|p2a: Florges|44/100|[from] item: Leftovers\n|-damage|p2a: Florges|32/100|[from] Leech Seed|[of] p1a: Venusaur\n|-heal|p1a: Venusaur|78/272|[silent]\n|upkeep\n|turn|21\n|inactive|Time left: 300 sec this turn | 300 sec total\n|\n|t:|1783542126\n|move|p1a: Venusaur|Sleep Powder|p2a: Florges\n|-status|p2a: Florges|slp|[from] move: Sleep Powder\n|cant|p2a: Florges|slp\n|\n|-heal|p2a: Florges|38/100 slp|[from] item: Leftovers\n|-damage|p2a: Florges|26/100 slp|[from] Leech Seed|[of] p1a: Venusaur\n|-heal|p1a: Venusaur|111/272|[silent]\n|upkeep\n|turn|22\n|inactive|Time left: 300 sec this turn | 300 sec total\n|\n|t:|1783542127\n|move|p1a: Venusaur|Sludge Bomb|p2a: Florges\n|-resisted|p2a: Florges\n|-damage|p2a: Florges|15/100 slp\n|cant|p2a: Florges|slp\n|\n|-heal|p2a: Florges|21/100 slp|[from] item: Leftovers\n|-damage|p2a: Florges|9/100 slp|[from] Leech Seed|[of] p1a: Venusaur\n|-heal|p1a: Venusaur|144/272|[silent]\n|upkeep\n|turn|23\n|inactive|Time left: 300 sec this turn | 300 sec total\n|\n|t:|1783542128\n|move|p1a: Venusaur|Sludge Bomb|p2a: Florges\n|-resisted|p2a: Florges\n|-damage|p2a: Florges|0 fnt\n|faint|p2a: Florges\n|\n|upkeep\n|\n|t:|1783542129\n|switch|p2a: Volbeat|Volbeat, L90, M|100/100\n|turn|24\n|inactive|Time left: 300 sec this turn | 300 sec total\n|\n|t:|1783542130\n|move|p2a: Volbeat|Thunder Wave|p1a: Venusaur\n|-status|p1a: Venusaur|par\n|move|p1a: Venusaur|Leech Seed|p2a: Volbeat|[miss]\n|-miss|p1a: Venusaur|p2a: Volbeat\n|\n|upkeep\n|turn|25\n|inactive|Time left: 300 sec this turn | 300 sec total\n|\n|t:|1783542131\n|move|p2a: Volbeat|U-turn|p1a: Venusaur\n|-damage|p1a: Venusaur|72/272 par\n|\n|t:|1783542132\n|switch|p2a: Heracross|Heracross, L80, M|20/100 brn|[from] U-turn\n|move|p1a: Venusaur|Leech Seed|p2a: Heracross\n|-start|p2a: Heracross|move: Leech Seed\n|\n|-damage|p2a: Heracross|8/100 brn|[from] Leech Seed|[of] p1a: Venusaur\n|-heal|p1a: Venusaur|104/272 par|[silent]\n|-damage|p2a: Heracross|2/100 brn|[from] brn\n|upkeep\n|turn|26\n|inactive|Time left: 300 sec this turn | 300 sec total\n|\n|t:|1783542134\n|switch|p2a: Volbeat|Volbeat, L90, M|100/100\n|move|p1a: Venusaur|Leech Seed|p2a: Volbeat\n|-start|p2a: Volbeat|move: Leech Seed\n|\n|-damage|p2a: Volbeat|88/100|[from] Leech Seed|[of] p1a: Venusaur\n|-heal|p1a: Venusaur|136/272 par|[silent]\n|upkeep\n|turn|27\n|inactive|Time left: 300 sec this turn | 300 sec total\n|\n|t:|1783542135\n|move|p2a: Volbeat|U-turn|p1a: Venusaur\n|-damage|p1a: Venusaur|57/272 par\n|\n|t:|1783542136\n|switch|p2a: Heracross|Heracross, L80, M|2/100 brn|[from] U-turn\n|move|p1a: Venusaur|Sleep Powder||[still]\n|-fail|p1a: Venusaur\n|\n|-damage|p2a: Heracross|0 fnt|[from] brn\n|faint|p2a: Heracross\n|upkeep\n|\n|t:|1783542137\n|switch|p2a: Volbeat|Volbeat, L90, M|88/100\n|turn|28\n|inactive|Time left: 300 sec this turn | 300 sec total\n|\n|t:|1783542138\n|switch|p1a: Spiritomb|Spiritomb, L89, M|234/234\n|move|p2a: Volbeat|U-turn|p1a: Spiritomb\n|-damage|p1a: Spiritomb|179/234\n|\n|-heal|p1a: Spiritomb|193/234|[from] item: Leftovers\n|upkeep\n|turn|29\n|inactive|Time left: 300 sec this turn | 300 sec total\n|\n|t:|1783542139\n|move|p2a: Volbeat|U-turn|p1a: Spiritomb\n|-damage|p1a: Spiritomb|135/234\n|move|p1a: Spiritomb|Poltergeist|p2a: Volbeat\n|-activate|p2a: Volbeat|move: Poltergeist|Heavy-Duty Boots\n|-damage|p2a: Volbeat|42/100\n|\n|-heal|p1a: Spiritomb|149/234|[from] item: Leftovers\n|upkeep\n|turn|30\n|inactive|Time left: 300 sec this turn | 300 sec total\n|\n|t:|1783542140\n|move|p2a: Volbeat|Roost|p2a: Volbeat\n|-heal|p2a: Volbeat|93/100\n|-singleturn|p2a: Volbeat|move: Roost\n|move|p1a: Spiritomb|Poltergeist|p2a: Volbeat|[miss]\n|-miss|p1a: Spiritomb|p2a: Volbeat\n|\n|-heal|p1a: Spiritomb|163/234|[from] item: Leftovers\n|upkeep\n|turn|31\n|inactive|Time left: 300 sec this turn | 300 sec total\n|\n|t:|1783542141\n|move|p2a: Volbeat|U-turn|p1a: Spiritomb\n|-damage|p1a: Spiritomb|105/234\n|move|p1a: Spiritomb|Poltergeist|p2a: Volbeat\n|-activate|p2a: Volbeat|move: Poltergeist|Heavy-Duty Boots\n|-damage|p2a: Volbeat|40/100\n|\n|-heal|p1a: Spiritomb|119/234|[from] item: Leftovers\n|upkeep\n|turn|32\n|inactive|Time left: 300 sec this turn | 300 sec total\n|\n|t:|1783542142\n|move|p2a: Volbeat|Encore|p1a: Spiritomb\n|-hint|Since gen 7, Dark is immune to Prankster moves.\n|-immune|p1a: Spiritomb\n|move|p1a: Spiritomb|Poltergeist|p2a: Volbeat\n|-activate|p2a: Volbeat|move: Poltergeist|Heavy-Duty Boots\n|-damage|p2a: Volbeat|0 fnt\n|faint|p2a: Volbeat\n|\n|win|p0x218c31a", "uploadtime": 1783542142, "views": 0, "rating": 0, "private": 0, "password": null, "_winner": "p0x218c31a", "_our_name": "p0x218c31a"}