{"id": "battle-gen9randombattle-402", "formatid": "gen9randombattle", "format": "[Gen 9] Random Battle", "players": ["p0x402519e", "p0y402bedb"], "log": "|init|battle\n|title|p0x402519e vs. p0y402bedb\n|j|\u2606p0x402519e\n|j|\u2606p0y402bedb\n|t:|1783543738\n|gametype|singles\n|player|p1|p0x402519e|2|\n|player|p2|p0y402bedb|102|\n|gen|9\n|tier|[Gen 9] Random Battle\n|rule|Species Clause: Limit one of each Pok\u00e9mon\n|rule|HP Percentage Mod: HP is shown in percentages\n|rule|Sleep Clause Mod: Limit one foe put to sleep\n|rule|Illusion Level Mod: Illusion disguises the Pok\u00e9mon's true level\n|\n|t:|1783543738\n|teamsize|p1|6\n|teamsize|p2|6\n|start\n|switch|p1a: Haxorus|Haxorus, L77, M|100/100\n|switch|p2a: Ursaluna|Ursaluna, L79, F|335/335\n|-ability|p1a: Haxorus|Mold Breaker\n|turn|1\n|inactive|Battle timer is ON: inactive players will automatically lose when time's up. (requested by p0x402519e)\n|inactive|Time left: 300 sec this turn | 300 sec total | 60 sec grace\n|\n|t:|1783543740\n|move|p1a: Haxorus|Outrage|p2a: Ursaluna\n|-damage|p2a: Ursaluna|206/335\n|move|p2a: Ursaluna|Facade|p1a: Haxorus\n|-damage|p1a: Haxorus|61/100\n|\n|-status|p2a: Ursaluna|brn|[from] item: Flame Orb\n|upkeep\n|turn|2\n|inactive|Time left: 300 sec this turn | 300 sec total\n|inactive|p0y402bedb also wants the timer to be on.\n|\n|t:|1783543741\n|move|p1a: Haxorus|Outrage|p2a: Ursaluna|[from] lockedmove\n|-damage|p2a: Ursaluna|71/335 brn\n|move|p2a: Ursaluna|Headlong Rush|p1a: Haxorus\n|-damage|p1a: Haxorus|0 fnt\n|-unboost|p2a: Ursaluna|def|1\n|-unboost|p2a: Ursaluna|spd|1\n|faint|p1a: Haxorus\n|\n|-damage|p2a: Ursaluna|51/335 brn|[from] brn\n|upkeep\n|\n|t:|1783543742\n|switch|p1a: Dialga|Dialga-Origin, L73|100/100\n|-ability|p1a: Dialga|Pressure\n|turn|3\n|inactive|Time left: 300 sec this turn | 300 sec total\n|\n|t:|1783543743\n|switch|p2a: Swalot|Swalot, L90, F|326/326\n|move|p1a: Dialga|Heavy Slam|p2a: Swalot\n|-damage|p2a: Swalot|203/326\n|\n|-heal|p2a: Swalot|223/326|[from] item: Leftovers\n|upkeep\n|turn|4\n|inactive|Time left: 300 sec this turn | 300 sec total\n|\n|t:|1783543744\n|switch|p2a: Skarmory|Skarmory, L80, M|235/235\n|move|p1a: Dialga|Heavy Slam|p2a: Skarmory\n|-resisted|p2a: Skarmory\n|-damage|p2a: Skarmory|193/235\n|\n|-heal|p2a: Skarmory|207/235|[from] item: Leftovers\n|upkeep\n|turn|5\n|inactive|Time left: 300 sec this turn | 300 sec total\n|\n|t:|1783543745\n|move|p1a: Dialga|Stealth Rock|p2a: Skarmory\n|-sidestart|p2: p0y402bedb|move: Stealth Rock\n|move|p2a: Skarmory|Body Press|p1a: Dialga\n|-supereffective|p1a: Dialga\n|-damage|p1a: Dialga|51/100\n|\n|-heal|p2a: Skarmory|221/235|[from] item: Leftovers\n|upkeep\n|turn|6\n|inactive|Time left: 300 sec this turn | 300 sec total\n|\n|t:|1783543746\n|switch|p1a: Drifblim|Drifblim, L86, M|100/100\n|move|p2a: Skarmory|Body Press|p1a: Drifblim\n|-immune|p1a: Drifblim\n|\n|-heal|p2a: Skarmory|235/235|[from] item: Leftovers\n|upkeep\n|turn|7\n|inactive|Time left: 300 sec this turn | 300 sec total\n|\n|t:|1783543748\n|move|p1a: Drifblim|Calm Mind|p1a: Drifblim\n|-boost|p1a: Drifblim|spa|1\n|-boost|p1a: Drifblim|spd|1\n|move|p2a: Skarmory|Body Press|p1a: Drifblim\n|-immune|p1a: Drifblim\n|\n|upkeep\n|turn|8\n|inactive|Time left: 300 sec this turn | 300 sec total\n|\n|t:|1783543749\n|switch|p2a: Swalot|Swalot, L90, F|223/326\n|-damage|p2a: Swalot|183/326|[from] Stealth Rock\n|move|p1a: Drifblim|Shadow Ball|p2a: Swalot\n|-damage|p2a: Swalot|59/326\n|-unboost|p2a: Swalot|spd|1\n|\n|-heal|p2a: Swalot|79/326|[from] item: Leftovers\n|upkeep\n|turn|9\n|inactive|Time left: 300 sec this turn | 300 sec total\n|\n|t:|1783543750\n|switch|p2a: Roaring Moon|Roaring Moon, L72|270/270\n|-damage|p2a: Roaring Moon|237/270|[from] Stealth Rock\n|move|p1a: Drifblim|Shadow Ball|p2a: Roaring Moon\n|-resisted|p2a: Roaring Moon\n|-damage|p2a: Roaring Moon|166/270\n|\n|upkeep\n|turn|10\n|inactive|Time left: 300 sec this turn | 300 sec total\n|\n|t:|1783543751\n|-terastallize|p1a: Drifblim|Steel\n|move|p2a: Roaring Moon|Knock Off|p1a: Drifblim\n|-damage|p1a: Drifblim|63/100\n|-enditem|p1a: Drifblim|Sitrus Berry|[from] move: Knock Off|[of] p2a: Roaring Moon\n|move|p1a: Drifblim|Strength Sap|p2a: Roaring Moon\n|-unboost|p2a: Roaring Moon|atk|1\n|-heal|p1a: Drifblim|100/100\n|\n|upkeep\n|turn|11\n|inactive|Time left: 300 sec this turn | 300 sec total\n|\n|t:|1783543752\n|move|p1a: Drifblim|Air Slash|p2a: Roaring Moon\n|-damage|p2a: Roaring Moon|45/270\n|cant|p2a: Roaring Moon|flinch\n|\n|upkeep\n|turn|12\n|inactive|Time left: 300 sec this turn | 300 sec total\n|\n|t:|1783543753\n|move|p1a: Drifblim|Shadow Ball|p2a: Roaring Moon\n|-resisted|p2a: Roaring Moon\n|-damage|p2a: Roaring Moon|0 fnt\n|faint|p2a: Roaring Moon\n|-end|p2a: Roaring Moon|Protosynthesis|[silent]\n|\n|upkeep\n|inactive|Time left: 300 sec this turn | 300 sec total | 5 sec grace\n|\n|t:|1783543754\n|switch|p2a: Barraskewda|Barraskewda, L81, M|231/231\n|-damage|p2a: Barraskewda|203/231|[from] Stealth Rock\n|turn|13\n|inactive|Time left: 300 sec this turn | 300 sec total\n|\n|t:|1783543755\n|move|p1a: Drifblim|Air Slash|p2a: Barraskewda\n|-damage|p2a: Barraskewda|35/231\n|cant|p2a: Barraskewda|flinch\n|\n|upkeep\n|turn|14\n|inactive|Time left: 300 sec this turn | 300 sec total\n|\n|t:|1783543756\n|move|p1a: Drifblim|Air Slash|p2a: Barraskewda\n|-damage|p2a: Barraskewda|0 fnt\n|faint|p2a: Barraskewda\n|\n|upkeep\n|inactive|Time left: 300 sec this turn | 300 sec total | 5 sec grace\n|\n|t:|1783543757\n|switch|p2a: Skarmory|Skarmory, L80, M|235/235\n|-damage|p2a: Skarmory|206/235|[from] Stealth Rock\n|turn|15\n|inactive|Time left: 300 sec this turn | 300 sec total\n|\n|t:|1783543758\n|move|p1a: Drifblim|Shadow Ball|p2a: Skarmory\n|-damage|p2a: Skarmory|58/235\n|-unboost|p2a: Skarmory|spd|1\n|move|p2a: Skarmory|Body Press|p1a: Drifblim\n|-supereffective|p1a: Drifblim\n|-damage|p1a: Drifblim|42/100\n|\n|-heal|p2a: Skarmory|72/235|[from] item: Leftovers\n|upkeep\n|turn|16\n|inactive|Time left: 300 sec this turn | 300 sec total\n|\n|t:|1783543760\n|move|p1a: Drifblim|Air Slash|p2a: Skarmory\n|-resisted|p2a: Skarmory\n|-damage|p2a: Skarmory|0 fnt\n|faint|p2a: Skarmory\n|\n|upkeep\n|inactive|Time left: 300 sec this turn | 300 sec total | 5 sec grace\n|\n|t:|1783543761\n|switch|p2a: Wugtrio|Wugtrio, L91, F|212/212\n|-damage|p2a: Wugtrio|186/212|[from] Stealth Rock\n|turn|17\n|inactive|Time left: 300 sec this turn | 300 sec total\n|\n|t:|1783543762\n|switch|p2a: Swalot|Swalot, L90, F|79/326\n|-damage|p2a: Swalot|39/326|[from] Stealth Rock\n|move|p1a: Drifblim|Air Slash|p2a: Swalot\n|-damage|p2a: Swalot|0 fnt\n|faint|p2a: Swalot\n|\n|upkeep\n|inactive|Time left: 300 sec this turn | 300 sec total | 5 sec grace\n|\n|t:|1783543763\n|switch|p2a: Wugtrio|Wugtrio, L91, F|186/212\n|-damage|p2a: Wugtrio|160/212|[from] Stealth Rock\n|turn|18\n|inactive|Time left: 300 sec this turn | 300 sec total\n|\n|t:|1783543764\n|move|p1a: Drifblim|Strength Sap|p2a: Wugtrio\n|-unboost|p2a: Wugtrio|atk|1\n|-heal|p1a: Drifblim|100/100\n|move|p2a: Wugtrio|Stomping Tantrum|p1a: Drifblim\n|-supereffective|p1a: Drifblim\n|-damage|p1a: Drifblim|46/100\n|\n|upkeep\n|turn|19\n|inactive|Time left: 300 sec this turn | 300 sec total\n|\n|t:|1783543765\n|move|p1a: Drifblim|Air Slash|p2a: Wugtrio|[miss]\n|-miss|p1a: Drifblim|p2a: Wugtrio\n|move|p2a: Wugtrio|Stomping Tantrum|p1a: Drifblim\n|-supereffective|p1a: Drifblim\n|-damage|p1a: Drifblim|0 fnt\n|faint|p1a: Drifblim\n|\n|upkeep\n|\n|t:|1783543766\n|switch|p1a: Iron Valiant|Iron Valiant, L78|100/100\n|turn|20\n|inactive|Time left: 300 sec this turn | 300 sec total\n|\n|t:|1783543767\n|move|p2a: Wugtrio|Stomping Tantrum|p1a: Iron Valiant\n|-damage|p1a: Iron Valiant|75/100\n|move|p1a: Iron Valiant|Moonblast|p2a: Wugtrio\n|-damage|p2a: Wugtrio|0 fnt\n|faint|p2a: Wugtrio\n|-damage|p1a: Iron Valiant|65/100|[from] item: Life Orb\n|\n|upkeep\n|inactive|Time left: 300 sec this turn | 300 sec total | 5 sec grace\n|\n|t:|1783543768\n|switch|p2a: Ursaluna|Ursaluna, L79, F|51/335 brn\n|-damage|p2a: Ursaluna|31/335 brn|[from] Stealth Rock\n|turn|21\n|inactive|Time left: 300 sec this turn | 300 sec total\n|\n|t:|1783543768\n|-terastallize|p2a: Ursaluna|Normal\n|move|p1a: Iron Valiant|Calm Mind|p1a: Iron Valiant\n|-boost|p1a: Iron Valiant|spa|1\n|-boost|p1a: Iron Valiant|spd|1\n|move|p2a: Ursaluna|Facade|p1a: Iron Valiant\n|-damage|p1a: Iron Valiant|0 fnt\n|faint|p1a: Iron Valiant\n|-end|p1a: Iron Valiant|Quark Drive|[silent]\n|\n|-damage|p2a: Ursaluna|11/335 brn|[from] brn\n|upkeep\n|\n|t:|1783543769\n|switch|p1a: Granbull|Granbull, L88, M|100/100\n|-ability|p1a: Granbull|Intimidate|boost\n|-unboost|p2a: Ursaluna|atk|1\n|turn|22\n|inactive|Time left: 300 sec this turn | 300 sec total\n|\n|t:|1783543770\n|switch|p1a: Greedent|Greedent, L86, F|100/100\n|move|p2a: Ursaluna|Throat Chop|p1a: Greedent\n|-damage|p1a: Greedent|83/100\n|-start|p1a: Greedent|Throat Chop|[silent]\n|\n|-damage|p2a: Ursaluna|0 fnt|[from] brn\n|faint|p2a: Ursaluna\n|\n|win|p0x402519e", "uploadtime": 1783543770, "views": 0, "rating": 0, "private": 0, "password": null, "_winner": "p0x402519e", "_our_name": "p0y402bedb"}