{"id": "battle-gen9randombattle-16", "formatid": "gen9randombattle", "format": "[Gen 9] Random Battle", "players": ["p0x0169c65", "p0y016318a"], "log": "|init|battle\n|title|p0x0169c65 vs. p0y016318a\n|j|\u2606p0x0169c65\n|j|\u2606p0y016318a\n|t:|1783539609\n|gametype|singles\n|player|p1|p0x0169c65|102|\n|player|p2|p0y016318a|265|\n|gen|9\n|tier|[Gen 9] Random Battle\n|rule|Species Clause: Limit one of each Pok\u00e9mon\n|rule|HP Percentage Mod: HP is shown in percentages\n|rule|Sleep Clause Mod: Limit one foe put to sleep\n|rule|Illusion Level Mod: Illusion disguises the Pok\u00e9mon's true level\n|\n|t:|1783539609\n|teamsize|p1|6\n|teamsize|p2|6\n|start\n|switch|p1a: Cresselia|Cresselia, L80, F|323/323\n|switch|p2a: Terapagos|Terapagos, L77, M|100/100\n|-activate|p2a: Terapagos|ability: Tera Shift\n|detailschange|p2a: Terapagos|Terapagos-Terastal, L77, M\n|-heal|p2a: Terapagos|100/100|[silent]\n|turn|1\n|inactive|Battle timer is ON: inactive players will automatically lose when time's up. (requested by p0x0169c65)\n|inactive|p0y016318a also wants the timer to be on.\n|\n|t:|1783539611\n|switch|p1a: Luxray|Luxray, L88, F|283/283\n|move|p2a: Terapagos|Calm Mind|p2a: Terapagos\n|-boost|p2a: Terapagos|spa|1\n|-boost|p2a: Terapagos|spd|1\n|\n|-status|p1a: Luxray|brn|[from] item: Flame Orb\n|upkeep\n|turn|2\n|inactive|Time left: 300 sec this turn | 300 sec total\n|\n|t:|1783539612\n|move|p2a: Terapagos|Tera Starstorm|p1a: Luxray\n|-damage|p1a: Luxray|93/283 brn\n|move|p1a: Luxray|Facade|p2a: Terapagos\n|-activate|p2a: Terapagos|ability: Tera Shell\n|-resisted|p2a: Terapagos\n|-damage|p2a: Terapagos|66/100\n|\n|-damage|p1a: Luxray|76/283 brn|[from] brn\n|upkeep\n|turn|3\n|inactive|Time left: 300 sec this turn | 300 sec total\n|\n|t:|1783539613\n|switch|p1a: Cresselia|Cresselia, L80, F|323/323\n|move|p2a: Terapagos|Tera Starstorm|p1a: Cresselia\n|-damage|p1a: Cresselia|179/323\n|\n|-heal|p1a: Cresselia|199/323|[from] item: Leftovers\n|upkeep\n|turn|4\n|inactive|Time left: 300 sec this turn | 300 sec total\n|\n|t:|1783539614\n|move|p1a: Cresselia|Calm Mind|p1a: Cresselia\n|-boost|p1a: Cresselia|spa|1\n|-boost|p1a: Cresselia|spd|1\n|move|p2a: Terapagos|Tera Starstorm|p1a: Cresselia\n|-damage|p1a: Cresselia|103/323\n|\n|-heal|p1a: Cresselia|123/323|[from] item: Leftovers\n|upkeep\n|turn|5\n|inactive|Time left: 300 sec this turn | 300 sec total\n|\n|t:|1783539615\n|move|p1a: Cresselia|Moonlight|p1a: Cresselia\n|-heal|p1a: Cresselia|284/323\n|move|p2a: Terapagos|Tera Starstorm|p1a: Cresselia\n|-damage|p1a: Cresselia|193/323\n|\n|-heal|p1a: Cresselia|213/323|[from] item: Leftovers\n|upkeep\n|turn|6\n|inactive|Time left: 300 sec this turn | 300 sec total\n|\n|t:|1783539616\n|move|p1a: Cresselia|Calm Mind|p1a: Cresselia\n|-boost|p1a: Cresselia|spa|1\n|-boost|p1a: Cresselia|spd|1\n|move|p2a: Terapagos|Calm Mind|p2a: Terapagos\n|-boost|p2a: Terapagos|spa|1\n|-boost|p2a: Terapagos|spd|1\n|\n|-heal|p1a: Cresselia|233/323|[from] item: Leftovers\n|upkeep\n|turn|7\n|inactive|Time left: 300 sec this turn | 300 sec total\n|\n|t:|1783539617\n|move|p1a: Cresselia|Psyshock|p2a: Terapagos\n|-damage|p2a: Terapagos|23/100\n|move|p2a: Terapagos|Rapid Spin|p1a: Cresselia\n|-damage|p1a: Cresselia|196/323\n|-boost|p2a: Terapagos|spe|1\n|\n|-heal|p1a: Cresselia|216/323|[from] item: Leftovers\n|upkeep\n|turn|8\n|inactive|Time left: 300 sec this turn | 300 sec total\n|\n|t:|1783539618\n|move|p2a: Terapagos|Dark Pulse|p1a: Cresselia\n|-supereffective|p1a: Cresselia\n|-damage|p1a: Cresselia|128/323\n|move|p1a: Cresselia|Psyshock|p2a: Terapagos\n|-crit|p2a: Terapagos\n|-damage|p2a: Terapagos|0 fnt\n|faint|p2a: Terapagos\n|\n|-heal|p1a: Cresselia|148/323|[from] item: Leftovers\n|upkeep\n|\n|t:|1783539619\n|switch|p2a: Trevenant|Trevenant, L89, M|100/100\n|turn|9\n|inactive|Time left: 300 sec this turn | 300 sec total\n|\n|t:|1783539620\n|-terastallize|p1a: Cresselia|Poison\n|move|p1a: Cresselia|Moonlight|p1a: Cresselia\n|-heal|p1a: Cresselia|309/323\n|move|p2a: Trevenant|Poltergeist|p1a: Cresselia\n|-activate|p1a: Cresselia|move: Poltergeist|Leftovers\n|-damage|p1a: Cresselia|171/323\n|\n|-heal|p1a: Cresselia|191/323|[from] item: Leftovers\n|upkeep\n|turn|10\n|inactive|Time left: 300 sec this turn | 300 sec total\n|\n|t:|1783539621\n|move|p1a: Cresselia|Moonlight|p1a: Cresselia\n|-heal|p1a: Cresselia|323/323\n|move|p2a: Trevenant|Poltergeist|p1a: Cresselia\n|-activate|p1a: Cresselia|move: Poltergeist|Leftovers\n|-damage|p1a: Cresselia|197/323\n|\n|-heal|p1a: Cresselia|217/323|[from] item: Leftovers\n|upkeep\n|turn|11\n|inactive|Time left: 300 sec this turn | 300 sec total\n|\n|t:|1783539622\n|move|p1a: Cresselia|Psyshock|p2a: Trevenant\n|-damage|p2a: Trevenant|54/100\n|move|p2a: Trevenant|Poltergeist|p1a: Cresselia\n|-activate|p1a: Cresselia|move: Poltergeist|Leftovers\n|-damage|p1a: Cresselia|90/323\n|\n|-heal|p1a: Cresselia|110/323|[from] item: Leftovers\n|upkeep\n|turn|12\n|inactive|Time left: 300 sec this turn | 300 sec total\n|\n|t:|1783539623\n|move|p1a: Cresselia|Moonlight|p1a: Cresselia\n|-heal|p1a: Cresselia|271/323\n|move|p2a: Trevenant|Poltergeist|p1a: Cresselia\n|-activate|p1a: Cresselia|move: Poltergeist|Leftovers\n|-damage|p1a: Cresselia|144/323\n|\n|-heal|p1a: Cresselia|164/323|[from] item: Leftovers\n|upkeep\n|turn|13\n|inactive|Time left: 300 sec this turn | 300 sec total\n|\n|t:|1783539624\n|move|p1a: Cresselia|Moonlight|p1a: Cresselia\n|-heal|p1a: Cresselia|323/323\n|move|p2a: Trevenant|Poltergeist|p1a: Cresselia\n|-activate|p1a: Cresselia|move: Poltergeist|Leftovers\n|-damage|p1a: Cresselia|190/323\n|\n|-heal|p1a: Cresselia|210/323|[from] item: Leftovers\n|upkeep\n|turn|14\n|inactive|Time left: 300 sec this turn | 300 sec total\n|\n|t:|1783539625\n|move|p1a: Cresselia|Psyshock|p2a: Trevenant\n|-damage|p2a: Trevenant|5/100\n|-enditem|p2a: Trevenant|Sitrus Berry|[eat]\n|-heal|p2a: Trevenant|30/100|[from] item: Sitrus Berry\n|move|p2a: Trevenant|Poltergeist|p1a: Cresselia\n|-activate|p1a: Cresselia|move: Poltergeist|Leftovers\n|-damage|p1a: Cresselia|80/323\n|\n|-heal|p1a: Cresselia|100/323|[from] item: Leftovers\n|upkeep\n|turn|15\n|inactive|Time left: 300 sec this turn | 300 sec total\n|\n|t:|1783539626\n|move|p1a: Cresselia|Moonlight|p1a: Cresselia\n|-heal|p1a: Cresselia|261/323\n|move|p2a: Trevenant|Poltergeist|p1a: Cresselia\n|-activate|p1a: Cresselia|move: Poltergeist|Leftovers\n|-damage|p1a: Cresselia|123/323\n|\n|-heal|p1a: Cresselia|143/323|[from] item: Leftovers\n|upkeep\n|turn|16\n|inactive|Time left: 300 sec this turn | 300 sec total\n|\n|t:|1783539627\n|switch|p2a: Meganium|Meganium, L90, M|100/100\n|move|p1a: Cresselia|Moonlight|p1a: Cresselia\n|-heal|p1a: Cresselia|304/323\n|\n|-heal|p1a: Cresselia|323/323|[from] item: Leftovers\n|upkeep\n|turn|17\n|inactive|Time left: 300 sec this turn | 300 sec total\n|\n|t:|1783539628\n|move|p1a: Cresselia|Moonblast|p2a: Meganium\n|-damage|p2a: Meganium|71/100\n|-unboost|p2a: Meganium|spa|1\n|move|p2a: Meganium|Dragon Tail|p1a: Cresselia\n|-damage|p1a: Cresselia|287/323\n|drag|p1a: Bastiodon|Bastiodon, L89, M|252/252\n|\n|-heal|p2a: Meganium|77/100|[from] item: Leftovers\n|upkeep\n|turn|18\n|inactive|Time left: 300 sec this turn | 300 sec total\n|\n|t:|1783539629\n|switch|p2a: Suicune|Suicune, L82|100/100\n|-ability|p2a: Suicune|Pressure\n|move|p1a: Bastiodon|Body Press|p2a: Suicune\n|-damage|p2a: Suicune|75/100\n|\n|-heal|p2a: Suicune|81/100|[from] item: Leftovers\n|upkeep\n|turn|19\n|inactive|Time left: 300 sec this turn | 300 sec total\n|\n|t:|1783539630\n|switch|p1a: Cresselia|Cresselia, L80, F, tera:Poison|287/323\n|move|p2a: Suicune|Scald|p1a: Cresselia\n|-damage|p1a: Cresselia|223/323\n|-status|p1a: Cresselia|brn\n|\n|-heal|p2a: Suicune|87/100|[from] item: Leftovers\n|-heal|p1a: Cresselia|243/323 brn|[from] item: Leftovers\n|-damage|p1a: Cresselia|223/323 brn|[from] brn\n|upkeep\n|turn|20\n|inactive|Time left: 300 sec this turn | 300 sec total\n|\n|t:|1783539631\n|move|p2a: Suicune|Calm Mind|p2a: Suicune\n|-boost|p2a: Suicune|spa|1\n|-boost|p2a: Suicune|spd|1\n|move|p1a: Cresselia|Calm Mind|p1a: Cresselia\n|-boost|p1a: Cresselia|spa|1\n|-boost|p1a: Cresselia|spd|1\n|\n|-heal|p2a: Suicune|93/100|[from] item: Leftovers\n|-heal|p1a: Cresselia|243/323 brn|[from] item: Leftovers\n|-damage|p1a: Cresselia|223/323 brn|[from] brn\n|upkeep\n|turn|21\n|inactive|Time left: 300 sec this turn | 300 sec total\n|\n|t:|1783539632\n|move|p2a: Suicune|Calm Mind|p2a: Suicune\n|-boost|p2a: Suicune|spa|1\n|-boost|p2a: Suicune|spd|1\n|move|p1a: Cresselia|Calm Mind|p1a: Cresselia\n|-boost|p1a: Cresselia|spa|1\n|-boost|p1a: Cresselia|spd|1\n|\n|-heal|p2a: Suicune|99/100|[from] item: Leftovers\n|-heal|p1a: Cresselia|243/323 brn|[from] item: Leftovers\n|-damage|p1a: Cresselia|223/323 brn|[from] brn\n|upkeep\n|turn|22\n|inactive|Time left: 300 sec this turn | 300 sec total\n|\n|t:|1783539633\n|move|p2a: Suicune|Calm Mind|p2a: Suicune\n|-boost|p2a: Suicune|spa|1\n|-boost|p2a: Suicune|spd|1\n|move|p1a: Cresselia|Psyshock|p2a: Suicune\n|-damage|p2a: Suicune|66/100\n|\n|-heal|p2a: Suicune|72/100|[from] item: Leftovers\n|-heal|p1a: Cresselia|243/323 brn|[from] item: Leftovers\n|-damage|p1a: Cresselia|223/323 brn|[from] brn\n|upkeep\n|turn|23\n|inactive|Time left: 300 sec this turn | 300 sec total\n|\n|t:|1783539634\n|move|p2a: Suicune|Scald|p1a: Cresselia\n|-crit|p1a: Cresselia\n|-damage|p1a: Cresselia|1/323 brn\n|move|p1a: Cresselia|Psyshock|p2a: Suicune\n|-damage|p2a: Suicune|34/100\n|\n|-heal|p2a: Suicune|40/100|[from] item: Leftovers\n|-heal|p1a: Cresselia|21/323 brn|[from] item: Leftovers\n|-damage|p1a: Cresselia|1/323 brn|[from] brn\n|upkeep\n|turn|24\n|inactive|Time left: 300 sec this turn | 300 sec total\n|\n|t:|1783539635\n|move|p2a: Suicune|Scald|p1a: Cresselia\n|-crit|p1a: Cresselia\n|-damage|p1a: Cresselia|0 fnt\n|faint|p1a: Cresselia\n|\n|-heal|p2a: Suicune|46/100|[from] item: Leftovers\n|upkeep\n|inactive|Time left: 300 sec this turn | 300 sec total | 5 sec grace\n|\n|t:|1783539636\n|switch|p1a: Quaquaval|Quaquaval, L79, M|264/264\n|turn|25\n|inactive|Time left: 300 sec this turn | 300 sec total\n|\n|t:|1783539637\n|move|p2a: Suicune|Scald|p1a: Quaquaval\n|-resisted|p1a: Quaquaval\n|-damage|p1a: Quaquaval|146/264\n|move|p1a: Quaquaval|Close Combat|p2a: Suicune\n|-crit|p2a: Suicune\n|-damage|p2a: Suicune|0 fnt\n|-unboost|p1a: Quaquaval|def|1\n|-unboost|p1a: Quaquaval|spd|1\n|faint|p2a: Suicune\n|-ability|p1a: Quaquaval|Moxie|boost\n|-boost|p1a: Quaquaval|atk|1\n|-damage|p1a: Quaquaval|120/264|[from] item: Life Orb\n|\n|upkeep\n|\n|t:|1783539638\n|switch|p2a: Meganium|Meganium, L90, M|77/100\n|turn|26\n|inactive|Time left: 300 sec this turn | 300 sec total\n|\n|t:|1783539640\n|switch|p1a: Bastiodon|Bastiodon, L89, M|252/252\n|move|p2a: Meganium|Energy Ball|p1a: Bastiodon\n|-damage|p1a: Bastiodon|188/252\n|\n|-heal|p2a: Meganium|83/100|[from] item: Leftovers\n|upkeep\n|turn|27\n|inactive|Time left: 300 sec this turn | 300 sec total\n|\n|t:|1783539641\n|move|p2a: Meganium|Knock Off|p1a: Bastiodon\n|-damage|p1a: Bastiodon|151/252\n|-enditem|p1a: Bastiodon|Chesto Berry|[from] move: Knock Off|[of] p2a: Meganium\n|move|p1a: Bastiodon|Iron Defense|p1a: Bastiodon\n|-boost|p1a: Bastiodon|def|2\n|\n|-heal|p2a: Meganium|89/100|[from] item: Leftovers\n|upkeep\n|turn|28\n|inactive|Time left: 300 sec this turn | 300 sec total\n|\n|t:|1783539642\n|move|p1a: Bastiodon|Body Press|p2a: Meganium\n|-damage|p2a: Meganium|34/100\n|move|p2a: Meganium|Dragon Tail|p1a: Bastiodon|[miss]\n|-miss|p2a: Meganium|p1a: Bastiodon\n|\n|-heal|p2a: Meganium|40/100|[from] item: Leftovers\n|upkeep\n|turn|29\n|inactive|Time left: 300 sec this turn | 300 sec total\n|\n|t:|1783539643\n|move|p2a: Meganium|Synthesis|p2a: Meganium\n|-heal|p2a: Meganium|90/100\n|move|p1a: Bastiodon|Body Press|p2a: Meganium\n|-damage|p2a: Meganium|31/100\n|\n|-heal|p2a: Meganium|37/100|[from] item: Leftovers\n|upkeep\n|turn|30\n|inactive|Time left: 300 sec this turn | 300 sec total\n|\n|t:|1783539644\n|move|p2a: Meganium|Synthesis|p2a: Meganium\n|-heal|p2a: Meganium|87/100\n|move|p1a: Bastiodon|Body Press|p2a: Meganium\n|-damage|p2a: Meganium|27/100\n|\n|-heal|p2a: Meganium|33/100|[from] item: Leftovers\n|upkeep\n|turn|31\n|inactive|Time left: 300 sec this turn | 300 sec total\n|\n|t:|1783539646\n|move|p2a: Meganium|Synthesis|p2a: Meganium\n|-heal|p2a: Meganium|83/100\n|move|p1a: Bastiodon|Body Press|p2a: Meganium\n|-crit|p2a: Meganium\n|-damage|p2a: Meganium|0 fnt\n|faint|p2a: Meganium\n|\n|upkeep\n|\n|t:|1783539647\n|switch|p2a: Clawitzer|Clawitzer, L87, F|100/100\n|turn|32\n|inactive|Time left: 300 sec this turn | 300 sec total\n|\n|t:|1783539648\n|switch|p1a: Cramorant|Cramorant, L86, M|261/261\n|move|p2a: Clawitzer|Aura Sphere|p1a: Cramorant\n|-resisted|p1a: Cramorant\n|-damage|p1a: Cramorant|214/261\n|\n|upkeep\n|turn|33\n|inactive|Time left: 300 sec this turn | 300 sec total\n|\n|t:|1783539649\n|move|p1a: Cramorant|Surf|p2a: Clawitzer\n|-formechange|p1a: Cramorant|Cramorant-Gulping|\n|-resisted|p2a: Clawitzer\n|-damage|p2a: Clawitzer|89/100\n|move|p2a: Clawitzer|Dragon Pulse|p1a: Cramorant\n|-damage|p1a: Cramorant|108/261\n|-damage|p2a: Clawitzer|64/100|[from] ability: Gulp Missile|[of] p1a: Cramorant\n|-unboost|p2a: Clawitzer|def|1\n|-formechange|p1a: Cramorant|Cramorant|\n|\n|upkeep\n|turn|34\n|inactive|Time left: 300 sec this turn | 300 sec total\n|\n|t:|1783539650\n|move|p1a: Cramorant|Brave Bird|p2a: Clawitzer\n|-damage|p2a: Clawitzer|0 fnt\n|faint|p2a: Clawitzer\n|-damage|p1a: Cramorant|52/261|[from] Recoil\n|\n|upkeep\n|\n|t:|1783539651\n|switch|p2a: Houndoom|Houndoom, L87, F|100/100\n|turn|35\n|inactive|Time left: 300 sec this turn | 300 sec total\n|\n|t:|1783539652\n|move|p2a: Houndoom|Fire Blast|p1a: Cramorant|[miss]\n|-miss|p2a: Houndoom|p1a: Cramorant\n|move|p1a: Cramorant|Surf|p2a: Houndoom\n|-formechange|p1a: Cramorant|Cramorant-Gorging|\n|-supereffective|p2a: Houndoom\n|-damage|p2a: Houndoom|31/100\n|\n|upkeep\n|turn|36\n|inactive|Time left: 300 sec this turn | 300 sec total\n|\n|t:|1783539653\n|move|p2a: Houndoom|Sludge Bomb|p1a: Cramorant\n|-damage|p1a: Cramorant|0 fnt\n|-damage|p2a: Houndoom|6/100|[from] ability: Gulp Missile|[of] p1a: Cramorant\n|-status|p2a: Houndoom|par\n|-formechange|p1a: Cramorant|Cramorant|\n|faint|p1a: Cramorant\n|\n|upkeep\n|inactive|Time left: 300 sec this turn | 300 sec total | 5 sec grace\n|\n|t:|1783539654\n|switch|p1a: Quaquaval|Quaquaval, L79, M|120/264\n|turn|37\n|inactive|Time left: 300 sec this turn | 300 sec total\n|\n|t:|1783539655\n|switch|p2a: Trevenant|Trevenant, L89, M|30/100\n|move|p1a: Quaquaval|Knock Off|p2a: Trevenant\n|-supereffective|p2a: Trevenant\n|-damage|p2a: Trevenant|0 fnt\n|faint|p2a: Trevenant\n|-ability|p1a: Quaquaval|Moxie|boost\n|-boost|p1a: Quaquaval|atk|1\n|-damage|p1a: Quaquaval|94/264|[from] item: Life Orb\n|\n|upkeep\n|\n|t:|1783539656\n|switch|p2a: Houndoom|Houndoom, L87, F|6/100 par\n|turn|38\n|inactive|Time left: 300 sec this turn | 300 sec total\n|\n|t:|1783539657\n|-terastallize|p2a: Houndoom|Fire\n|move|p1a: Quaquaval|Aqua Step|p2a: Houndoom\n|-supereffective|p2a: Houndoom\n|-damage|p2a: Houndoom|0 fnt\n|-boost|p1a: Quaquaval|spe|1\n|faint|p2a: Houndoom\n|-damage|p1a: Quaquaval|68/264|[from] item: Life Orb\n|\n|win|p0x0169c65", "uploadtime": 1783539657, "views": 0, "rating": 0, "private": 0, "password": null, "_winner": "p0x0169c65", "_our_name": "p0x0169c65"}