{"id": "battle-gen9randombattle-2517", "formatid": "gen9randombattle", "format": "[Gen 9] Random Battle", "players": ["p0x25170018", "p0y25172710"], "log": "|init|battle\n|title|p0x25170018 vs. p0y25172710\n|j|\u2606p0x25170018\n|j|\u2606p0y25172710\n|t:|1783569149\n|gametype|singles\n|player|p1|p0x25170018|265|\n|player|p2|p0y25172710|170|\n|gen|9\n|tier|[Gen 9] Random Battle\n|rule|Species Clause: Limit one of each Pok\u00e9mon\n|rule|HP Percentage Mod: HP is shown in percentages\n|rule|Sleep Clause Mod: Limit one foe put to sleep\n|rule|Illusion Level Mod: Illusion disguises the Pok\u00e9mon's true level\n|\n|t:|1783569149\n|teamsize|p1|6\n|teamsize|p2|6\n|start\n|switch|p1a: Mightyena|Mightyena, L96, F|290/290\n|switch|p2a: Mudsdale|Mudsdale, L83, M|100/100\n|-ability|p1a: Mightyena|Intimidate|boost\n|-unboost|p2a: Mudsdale|atk|1\n|turn|1\n|inactive|Battle timer is ON: inactive players will automatically lose when time's up. (requested by p0x25170018)\n|inactive|p0y25172710 also wants the timer to be on.\n|\n|t:|1783569151\n|move|p1a: Mightyena|Throat Chop|p2a: Mudsdale\n|-damage|p2a: Mudsdale|51/100\n|-start|p2a: Mudsdale|Throat Chop|[silent]\n|-ability|p2a: Mudsdale|Stamina|boost\n|-boost|p2a: Mudsdale|def|1\n|move|p2a: Mudsdale|Heavy Slam|p1a: Mightyena\n|-damage|p1a: Mightyena|223/290\n|\n|-heal|p2a: Mudsdale|57/100|[from] item: Leftovers\n|upkeep\n|turn|2\n|inactive|Time left: 300 sec this turn | 300 sec total\n|\n|t:|1783569152\n|move|p1a: Mightyena|Throat Chop|p2a: Mudsdale\n|-damage|p2a: Mudsdale|24/100\n|-ability|p2a: Mudsdale|Stamina|boost\n|-boost|p2a: Mudsdale|def|1\n|move|p2a: Mudsdale|Earthquake|p1a: Mightyena\n|-damage|p1a: Mightyena|133/290\n|\n|-heal|p2a: Mudsdale|30/100|[from] item: Leftovers\n|-end|p2a: Mudsdale|Throat Chop|[silent]\n|upkeep\n|turn|3\n|inactive|Time left: 300 sec this turn | 300 sec total\n|\n|t:|1783569153\n|move|p1a: Mightyena|Throat Chop|p2a: Mudsdale\n|-damage|p2a: Mudsdale|5/100\n|-start|p2a: Mudsdale|Throat Chop|[silent]\n|-ability|p2a: Mudsdale|Stamina|boost\n|-boost|p2a: Mudsdale|def|1\n|move|p2a: Mudsdale|Earthquake|p1a: Mightyena\n|-damage|p1a: Mightyena|51/290\n|\n|-heal|p2a: Mudsdale|11/100|[from] item: Leftovers\n|upkeep\n|turn|4\n|inactive|Time left: 300 sec this turn | 300 sec total\n|\n|t:|1783569154\n|move|p1a: Mightyena|Throat Chop|p2a: Mudsdale\n|-damage|p2a: Mudsdale|0 fnt\n|faint|p2a: Mudsdale\n|\n|upkeep\n|\n|t:|1783569155\n|switch|p2a: Inteleon|Inteleon, L81, F|100/100\n|turn|5\n|inactive|Time left: 300 sec this turn | 300 sec total\n|\n|t:|1783569156\n|move|p2a: Inteleon|Scald|p1a: Mightyena\n|-damage|p1a: Mightyena|0 fnt\n|faint|p1a: Mightyena\n|\n|upkeep\n|inactive|Time left: 300 sec this turn | 300 sec total | 5 sec grace\n|\n|t:|1783569157\n|switch|p1a: Ursaluna|Ursaluna-Bloodmoon, L79, M|308/308\n|turn|6\n|inactive|Time left: 300 sec this turn | 300 sec total\n|\n|t:|1783569158\n|-terastallize|p1a: Ursaluna|Normal\n|move|p2a: Inteleon|Scald|p1a: Ursaluna\n|-damage|p1a: Ursaluna|131/308\n|move|p1a: Ursaluna|Blood Moon|p2a: Inteleon\n|-damage|p2a: Inteleon|0 fnt\n|faint|p2a: Inteleon\n|\n|-heal|p1a: Ursaluna|150/308|[from] item: Leftovers\n|upkeep\n|\n|t:|1783569159\n|switch|p2a: Gengar|Gengar, L81, F|100/100\n|turn|7\n|inactive|Time left: 300 sec this turn | 300 sec total\n|\n|t:|1783569160\n|move|p2a: Gengar|Sludge Wave|p1a: Ursaluna\n|-damage|p1a: Ursaluna|0 fnt\n|faint|p1a: Ursaluna\n|-damage|p2a: Gengar|90/100|[from] item: Life Orb\n|\n|upkeep\n|inactive|Time left: 300 sec this turn | 300 sec total | 5 sec grace\n|\n|t:|1783569161\n|switch|p1a: Chandelure|Chandelure, L83, M|235/235\n|turn|8\n|inactive|Time left: 300 sec this turn | 300 sec total\n|\n|t:|1783569161\n|move|p1a: Chandelure|Shadow Ball|p2a: Gengar\n|-supereffective|p2a: Gengar\n|-damage|p2a: Gengar|0 fnt\n|faint|p2a: Gengar\n|\n|upkeep\n|\n|t:|1783569162\n|switch|p2a: Cramorant|Cramorant, L86, M|100/100\n|turn|9\n|inactive|Time left: 300 sec this turn | 300 sec total\n|\n|t:|1783569163\n|switch|p1a: Persian|Persian-Alola, L86, M|252/252\n|move|p2a: Cramorant|Surf|p1a: Persian\n|-formechange|p2a: Cramorant|Cramorant-Gulping|\n|-damage|p1a: Persian|132/252\n|\n|upkeep\n|turn|10\n|inactive|Time left: 300 sec this turn | 300 sec total\n|\n|t:|1783569164\n|-terastallize|p2a: Cramorant|Ground\n|move|p1a: Persian|Parting Shot|p2a: Cramorant\n|-unboost|p2a: Cramorant|atk|1\n|-unboost|p2a: Cramorant|spa|1\n|inactive|Time left: 300 sec this turn | 300 sec total | 5 sec grace\n|\n|t:|1783569165\n|switch|p1a: Skarmory|Skarmory, L80, F|235/235|[from] Parting Shot\n|move|p2a: Cramorant|Surf|p1a: Skarmory\n|-damage|p1a: Skarmory|153/235\n|\n|-heal|p1a: Skarmory|167/235|[from] item: Leftovers\n|upkeep\n|turn|11\n|inactive|Time left: 300 sec this turn | 300 sec total\n|\n|t:|1783569166\n|move|p2a: Cramorant|Surf|p1a: Skarmory\n|-damage|p1a: Skarmory|88/235\n|move|p1a: Skarmory|Roost|p1a: Skarmory\n|-heal|p1a: Skarmory|206/235\n|-singleturn|p1a: Skarmory|move: Roost\n|\n|-heal|p1a: Skarmory|220/235|[from] item: Leftovers\n|upkeep\n|turn|12\n|inactive|Time left: 300 sec this turn | 300 sec total\n|\n|t:|1783569167\n|move|p2a: Cramorant|Surf|p1a: Skarmory\n|-damage|p1a: Skarmory|138/235\n|move|p1a: Skarmory|Brave Bird|p2a: Cramorant\n|-crit|p2a: Cramorant\n|-damage|p2a: Cramorant|18/100\n|-damage|p1a: Skarmory|80/235|[from] ability: Gulp Missile|[of] p2a: Cramorant\n|-unboost|p1a: Skarmory|def|1\n|-formechange|p2a: Cramorant|Cramorant|\n|-damage|p1a: Skarmory|9/235|[from] Recoil\n|\n|-heal|p1a: Skarmory|23/235|[from] item: Leftovers\n|upkeep\n|turn|13\n|inactive|Time left: 300 sec this turn | 300 sec total\n|\n|t:|1783569168\n|switch|p1a: Persian|Persian-Alola, L86, M|132/252\n|move|p2a: Cramorant|Surf|p1a: Persian\n|-formechange|p2a: Cramorant|Cramorant-Gorging|\n|-damage|p1a: Persian|57/252\n|\n|upkeep\n|turn|14\n|inactive|Time left: 300 sec this turn | 300 sec total\n|\n|t:|1783569169\n|move|p1a: Persian|Knock Off|p2a: Cramorant\n|-damage|p2a: Cramorant|0 fnt\n|-damage|p1a: Persian|0 fnt|[from] ability: Gulp Missile|[of] p2a: Cramorant\n|-formechange|p2a: Cramorant|Cramorant|\n|faint|p2a: Cramorant\n|faint|p1a: Persian\n|\n|upkeep\n|inactive|Time left: 300 sec this turn | 300 sec total | 5 sec grace\n|\n|t:|1783569170\n|switch|p1a: Chandelure|Chandelure, L83, M|235/235\n|switch|p2a: Exeggutor|Exeggutor, L89, F|100/100\n|turn|15\n|inactive|Time left: 300 sec this turn | 300 sec total\n|\n|t:|1783569171\n|move|p1a: Chandelure|Fire Blast|p2a: Exeggutor|[miss]\n|-miss|p1a: Chandelure|p2a: Exeggutor\n|move|p2a: Exeggutor|Sleep Powder|p1a: Chandelure\n|-status|p1a: Chandelure|slp|[from] move: Sleep Powder\n|\n|upkeep\n|turn|16\n|inactive|Time left: 300 sec this turn | 300 sec total\n|\n|t:|1783569172\n|switch|p1a: Moltres|Moltres, L81|278/278\n|move|p2a: Exeggutor|Substitute|p2a: Exeggutor\n|-start|p2a: Exeggutor|Substitute\n|-damage|p2a: Exeggutor|75/100\n|\n|upkeep\n|turn|17\n|inactive|Time left: 300 sec this turn | 300 sec total\n|\n|t:|1783569173\n|move|p1a: Moltres|Fire Blast|p2a: Exeggutor\n|-supereffective|p2a: Exeggutor\n|-end|p2a: Exeggutor|Substitute\n|move|p2a: Exeggutor|Substitute|p2a: Exeggutor\n|-start|p2a: Exeggutor|Substitute\n|-damage|p2a: Exeggutor|50/100\n|-enditem|p2a: Exeggutor|Sitrus Berry|[eat]\n|-heal|p2a: Exeggutor|75/100|[from] item: Sitrus Berry\n|\n|upkeep\n|turn|18\n|inactive|Time left: 300 sec this turn | 300 sec total\n|\n|t:|1783569174\n|move|p1a: Moltres|Brave Bird|p2a: Exeggutor\n|-supereffective|p2a: Exeggutor\n|-end|p2a: Exeggutor|Substitute\n|-damage|p1a: Moltres|252/278|[from] Recoil|[of] p2a: Exeggutor\n|move|p2a: Exeggutor|Substitute|p2a: Exeggutor\n|-start|p2a: Exeggutor|Substitute\n|-damage|p2a: Exeggutor|50/100\n|\n|upkeep\n|turn|19\n|inactive|Time left: 300 sec this turn | 300 sec total\n|\n|t:|1783569175\n|move|p1a: Moltres|Brave Bird|p2a: Exeggutor\n|-supereffective|p2a: Exeggutor\n|-end|p2a: Exeggutor|Substitute\n|-damage|p1a: Moltres|226/278|[from] Recoil|[of] p2a: Exeggutor\n|move|p2a: Exeggutor|Psychic Noise|p1a: Moltres\n|-damage|p1a: Moltres|112/278\n|-start|p1a: Moltres|move: Heal Block\n|\n|-item|p2a: Exeggutor|Sitrus Berry|[from] ability: Harvest\n|upkeep\n|-enditem|p2a: Exeggutor|Sitrus Berry|[eat]\n|-heal|p2a: Exeggutor|75/100|[from] item: Sitrus Berry\n|turn|20\n|inactive|Time left: 300 sec this turn | 300 sec total\n|\n|t:|1783569176\n|move|p1a: Moltres|Fire Blast|p2a: Exeggutor\n|-supereffective|p2a: Exeggutor\n|-damage|p2a: Exeggutor|0 fnt\n|faint|p2a: Exeggutor\n|\n|-end|p1a: Moltres|move: Heal Block\n|upkeep\n|\n|t:|1783569176\n|switch|p2a: Delibird|Delibird, F|100/100\n|turn|21\n|inactive|Time left: 300 sec this turn | 300 sec total\n|\n|t:|1783569177\n|move|p2a: Delibird|Brave Bird|p1a: Moltres\n|-damage|p1a: Moltres|0 fnt\n|faint|p1a: Moltres\n|-damage|p2a: Delibird|86/100|[from] Recoil\n|\n|upkeep\n|inactive|Time left: 300 sec this turn | 300 sec total | 5 sec grace\n|\n|t:|1783569178\n|switch|p1a: Chandelure|Chandelure, L83, M|235/235 slp\n|turn|22\n|inactive|Time left: 300 sec this turn | 300 sec total\n|\n|t:|1783569179\n|cant|p1a: Chandelure|slp\n|move|p2a: Delibird|Brave Bird|p1a: Chandelure|[miss]\n|-miss|p2a: Delibird|p1a: Chandelure\n|\n|upkeep\n|turn|23\n|inactive|Time left: 300 sec this turn | 300 sec total\n|\n|t:|1783569180\n|-curestatus|p1a: Chandelure|slp|[msg]\n|move|p1a: Chandelure|Fire Blast|p2a: Delibird\n|-supereffective|p2a: Delibird\n|-damage|p2a: Delibird|0 fnt\n|faint|p2a: Delibird\n|\n|win|p0x25170018", "uploadtime": 1783569180, "views": 0, "rating": 0, "private": 0, "password": null, "_winner": "p0x25170018", "_our_name": "p0x25170018"}