{"id": "battle-gen9randombattle-2431", "formatid": "gen9randombattle", "format": "[Gen 9] Random Battle", "players": ["p0x2431e8e7", "p0y2431dc2a"], "log": "|init|battle\n|title|p0x2431e8e7 vs. p0y2431dc2a\n|j|\u2606p0x2431e8e7\n|j|\u2606p0y2431dc2a\n|t:|1783567186\n|gametype|singles\n|player|p1|p0x2431e8e7|266|\n|player|p2|p0y2431dc2a|102|\n|gen|9\n|tier|[Gen 9] Random Battle\n|rule|Species Clause: Limit one of each Pok\u00e9mon\n|rule|HP Percentage Mod: HP is shown in percentages\n|rule|Sleep Clause Mod: Limit one foe put to sleep\n|rule|Illusion Level Mod: Illusion disguises the Pok\u00e9mon's true level\n|\n|t:|1783567186\n|teamsize|p1|6\n|teamsize|p2|6\n|start\n|switch|p1a: Lurantis|Lurantis, L87, F|264/264\n|switch|p2a: Bisharp|Bisharp, L79, M|100/100\n|turn|1\n|inactive|Battle timer is ON: inactive players will automatically lose when time's up. (requested by p0x2431e8e7)\n|inactive|p0y2431dc2a also wants the timer to be on.\n|\n|t:|1783567188\n|move|p2a: Bisharp|Iron Head|p1a: Lurantis\n|-damage|p1a: Lurantis|170/264\n|cant|p1a: Lurantis|flinch\n|\n|upkeep\n|turn|2\n|inactive|Time left: 300 sec this turn | 300 sec total\n|\n|t:|1783567189\n|move|p2a: Bisharp|Iron Head|p1a: Lurantis\n|-damage|p1a: Lurantis|85/264\n|move|p1a: Lurantis|Superpower|p2a: Bisharp\n|-supereffective|p2a: Bisharp\n|-damage|p2a: Bisharp|0 fnt\n|-boost|p1a: Lurantis|atk|1\n|-boost|p1a: Lurantis|def|1\n|faint|p2a: Bisharp\n|\n|upkeep\n|\n|t:|1783567190\n|switch|p2a: Palkia|Palkia, L75|100/100\n|-ability|p2a: Palkia|Pressure\n|turn|3\n|inactive|Time left: 300 sec this turn | 300 sec total\n|\n|t:|1783567192\n|move|p2a: Palkia|Spacial Rend|p1a: Lurantis\n|-damage|p1a: Lurantis|0 fnt\n|faint|p1a: Lurantis\n|\n|upkeep\n|inactive|Time left: 300 sec this turn | 300 sec total | 5 sec grace\n|\n|t:|1783567193\n|switch|p1a: Rotom|Rotom-Wash, L82|216/216\n|turn|4\n|inactive|Time left: 300 sec this turn | 300 sec total\n|\n|t:|1783567194\n|move|p2a: Palkia|Spacial Rend|p1a: Rotom\n|-crit|p1a: Rotom\n|-damage|p1a: Rotom|14/216\n|move|p1a: Rotom|Pain Split|p2a: Palkia\n|-sethp|p2a: Palkia|53/100|[from] move: Pain Split|[silent]\n|-sethp|p1a: Rotom|136/216|[from] move: Pain Split\n|\n|-heal|p1a: Rotom|149/216|[from] item: Leftovers\n|upkeep\n|turn|5\n|inactive|Time left: 300 sec this turn | 300 sec total\n|\n|t:|1783567195\n|move|p2a: Palkia|Spacial Rend|p1a: Rotom|[miss]\n|-miss|p2a: Palkia|p1a: Rotom\n|move|p1a: Rotom|Discharge|p2a: Palkia\n|-damage|p2a: Palkia|23/100\n|\n|-heal|p1a: Rotom|162/216|[from] item: Leftovers\n|upkeep\n|turn|6\n|inactive|Time left: 300 sec this turn | 300 sec total\n|\n|t:|1783567196\n|-terastallize|p2a: Palkia|Dragon\n|move|p2a: Palkia|Spacial Rend|p1a: Rotom\n|-damage|p1a: Rotom|0 fnt\n|faint|p1a: Rotom\n|\n|upkeep\n|inactive|Time left: 300 sec this turn | 300 sec total | 5 sec grace\n|\n|t:|1783567197\n|switch|p1a: Flamigo|Flamigo, L82, M|269/269\n|turn|7\n|inactive|Time left: 300 sec this turn | 300 sec total\n|\n|t:|1783567198\n|move|p1a: Flamigo|Brave Bird|p2a: Palkia\n|-damage|p2a: Palkia|0 fnt\n|faint|p2a: Palkia\n|-damage|p1a: Flamigo|250/269|[from] Recoil\n|\n|upkeep\n|\n|t:|1783567199\n|switch|p2a: Delphox|Delphox, L84, F|100/100\n|turn|8\n|inactive|Time left: 300 sec this turn | 300 sec total\n|\n|t:|1783567201\n|switch|p1a: Basculin|Basculin-Blue-Striped, L86, M|261/261\n|move|p2a: Delphox|Psyshock|p1a: Basculin\n|-damage|p1a: Basculin|140/261\n|\n|upkeep\n|turn|9\n|inactive|Time left: 300 sec this turn | 300 sec total\n|\n|t:|1783567202\n|switch|p2a: Arceus|Arceus-Steel, L70|100/100\n|move|p1a: Basculin|Flip Turn|p2a: Arceus\n|-damage|p2a: Arceus|61/100\n|inactive|Time left: 300 sec this turn | 300 sec total | 5 sec grace\n|\n|t:|1783567203\n|switch|p1a: Ursaring|Ursaring, L84, F|288/288|[from] Flip Turn\n|\n|-status|p1a: Ursaring|tox|[from] item: Toxic Orb\n|upkeep\n|turn|10\n|inactive|Time left: 300 sec this turn | 300 sec total\n|\n|t:|1783567204\n|move|p1a: Ursaring|Swords Dance|p1a: Ursaring\n|-boost|p1a: Ursaring|atk|2\n|move|p2a: Arceus|Judgment|p1a: Ursaring\n|-damage|p1a: Ursaring|156/288 tox\n|\n|-damage|p1a: Ursaring|138/288 tox|[from] psn\n|upkeep\n|turn|11\n|inactive|Time left: 300 sec this turn | 300 sec total\n|\n|t:|1783567205\n|move|p1a: Ursaring|Facade|p2a: Arceus\n|-resisted|p2a: Arceus\n|-damage|p2a: Arceus|0 fnt\n|faint|p2a: Arceus\n|\n|-damage|p1a: Ursaring|102/288 tox|[from] psn\n|upkeep\n|\n|t:|1783567206\n|switch|p2a: Delphox|Delphox, L84, F|100/100\n|turn|12\n|inactive|Time left: 300 sec this turn | 300 sec total\n|\n|t:|1783567207\n|move|p2a: Delphox|Fire Blast|p1a: Ursaring\n|-damage|p1a: Ursaring|0 fnt\n|faint|p1a: Ursaring\n|\n|upkeep\n|inactive|Time left: 300 sec this turn | 300 sec total | 5 sec grace\n|\n|t:|1783567208\n|switch|p1a: Basculin|Basculin-Blue-Striped, L86, M|140/261\n|turn|13\n|inactive|Time left: 300 sec this turn | 300 sec total\n|\n|t:|1783567209\n|move|p2a: Delphox|Psyshock|p1a: Basculin\n|-damage|p1a: Basculin|16/261\n|move|p1a: Basculin|Flip Turn|p2a: Delphox\n|-supereffective|p2a: Delphox\n|-damage|p2a: Delphox|0 fnt\n|faint|p2a: Delphox\n|inactive|Time left: 300 sec this turn | 300 sec total | 5 sec grace\n|\n|t:|1783567210\n|switch|p1a: Houndstone|Houndstone, L86, M|264/264|[from] Flip Turn\n|\n|upkeep\n|\n|t:|1783567211\n|switch|p2a: Scovillain|Scovillain, L91, F|100/100\n|turn|14\n|inactive|Time left: 300 sec this turn | 300 sec total\n|\n|t:|1783567212\n|switch|p1a: Basculin|Basculin-Blue-Striped, L86, M|16/261\n|move|p2a: Scovillain|Fire Blast|p1a: Basculin\n|-resisted|p1a: Basculin\n|-damage|p1a: Basculin|0 fnt\n|faint|p1a: Basculin\n|\n|upkeep\n|inactive|Time left: 300 sec this turn | 300 sec total | 5 sec grace\n|\n|t:|1783567213\n|switch|p1a: Flamigo|Flamigo, L82, M|250/269\n|turn|15\n|inactive|Time left: 300 sec this turn | 300 sec total\n|\n|t:|1783567214\n|switch|p2a: Ogerpon|Ogerpon-Cornerstone, L76, F|100/100\n|move|p1a: Flamigo|Brave Bird|p2a: Ogerpon\n|-damage|p2a: Ogerpon|37/100\n|-damage|p1a: Flamigo|198/269|[from] Recoil\n|\n|upkeep\n|turn|16\n|inactive|Time left: 300 sec this turn | 300 sec total\n|\n|t:|1783567215\n|move|p1a: Flamigo|Brave Bird|p2a: Ogerpon\n|-damage|p2a: Ogerpon|0 fnt\n|faint|p2a: Ogerpon\n|-damage|p1a: Flamigo|168/269|[from] Recoil\n|\n|upkeep\n|\n|t:|1783567215\n|switch|p2a: Scovillain|Scovillain, L91, F|100/100\n|turn|17\n|inactive|Time left: 300 sec this turn | 300 sec total\n|\n|t:|1783567216\n|move|p1a: Flamigo|Brave Bird|p2a: Scovillain\n|-supereffective|p2a: Scovillain\n|-damage|p2a: Scovillain|0 fnt\n|faint|p2a: Scovillain\n|-damage|p1a: Flamigo|80/269|[from] Recoil\n|\n|win|p0x2431e8e7", "uploadtime": 1783567216, "views": 0, "rating": 0, "private": 0, "password": null, "_winner": "p0x2431e8e7", "_our_name": "p0x2431e8e7"}