{"id": "battle-gen9randombattle-2128", "formatid": "gen9randombattle", "format": "[Gen 9] Random Battle", "players": ["p0x2128d4c1", "p0y2128fcab"], "log": "|init|battle\n|title|p0x2128d4c1 vs. p0y2128fcab\n|j|\u2606p0x2128d4c1\n|j|\u2606p0y2128fcab\n|t:|1783564627\n|gametype|singles\n|player|p1|p0x2128d4c1|170|\n|player|p2|p0y2128fcab|169|\n|gen|9\n|tier|[Gen 9] Random Battle\n|rule|Species Clause: Limit one of each Pok\u00e9mon\n|rule|HP Percentage Mod: HP is shown in percentages\n|rule|Sleep Clause Mod: Limit one foe put to sleep\n|rule|Illusion Level Mod: Illusion disguises the Pok\u00e9mon's true level\n|\n|t:|1783564627\n|teamsize|p1|6\n|teamsize|p2|6\n|start\n|switch|p1a: Serperior|Serperior, L79, F|100/100\n|switch|p2a: Tatsugiri|Tatsugiri, L87, M|260/260\n|turn|1\n|inactive|Battle timer is ON: inactive players will automatically lose when time's up. (requested by p0x2128d4c1)\n|inactive|Time left: 300 sec this turn | 300 sec total | 60 sec grace\n|inactive|p0y2128fcab also wants the timer to be on.\n|\n|t:|1783564628\n|move|p1a: Serperior|Leaf Storm|p2a: Tatsugiri|[miss]\n|-miss|p1a: Serperior|p2a: Tatsugiri\n|move|p2a: Tatsugiri|Nasty Plot|p2a: Tatsugiri\n|-boost|p2a: Tatsugiri|spa|2\n|\n|upkeep\n|turn|2\n|inactive|Time left: 300 sec this turn | 300 sec total\n|\n|t:|1783564630\n|move|p1a: Serperior|Substitute|p1a: Serperior\n|-start|p1a: Serperior|Substitute\n|-damage|p1a: Serperior|75/100\n|move|p2a: Tatsugiri|Draco Meteor|p1a: Serperior\n|-crit|p1a: Serperior\n|-end|p1a: Serperior|Substitute\n|-unboost|p2a: Tatsugiri|spa|2\n|\n|-heal|p1a: Serperior|82/100|[from] item: Leftovers\n|upkeep\n|turn|3\n|inactive|Time left: 300 sec this turn | 300 sec total\n|\n|t:|1783564631\n|move|p1a: Serperior|Leaf Storm|p2a: Tatsugiri\n|-damage|p2a: Tatsugiri|160/260\n|-boost|p1a: Serperior|spa|2\n|move|p2a: Tatsugiri|Nasty Plot|p2a: Tatsugiri\n|-boost|p2a: Tatsugiri|spa|2\n|\n|-heal|p1a: Serperior|88/100|[from] item: Leftovers\n|upkeep\n|turn|4\n|inactive|Time left: 300 sec this turn | 300 sec total\n|\n|t:|1783564632\n|-terastallize|p2a: Tatsugiri|Steel\n|move|p1a: Serperior|Leaf Storm|p2a: Tatsugiri\n|-resisted|p2a: Tatsugiri\n|-damage|p2a: Tatsugiri|61/260\n|-boost|p1a: Serperior|spa|2\n|move|p2a: Tatsugiri|Draco Meteor|p1a: Serperior\n|-damage|p1a: Serperior|0 fnt\n|-unboost|p2a: Tatsugiri|spa|2\n|faint|p1a: Serperior\n|\n|upkeep\n|\n|t:|1783564633\n|switch|p1a: Dugtrio|Dugtrio-Alola, L84, F|100/100\n|turn|5\n|inactive|Time left: 300 sec this turn | 300 sec total\n|\n|t:|1783564634\n|switch|p2a: Oricorio|Oricorio-Pom-Pom, L82, M|257/257\n|move|p1a: Dugtrio|Earthquake|p2a: Oricorio\n|-immune|p2a: Oricorio\n|\n|upkeep\n|turn|6\n|inactive|Time left: 300 sec this turn | 300 sec total\n|\n|t:|1783564635\n|move|p1a: Dugtrio|Iron Head|p2a: Oricorio\n|-resisted|p2a: Oricorio\n|-damage|p2a: Oricorio|193/257\n|-damage|p1a: Dugtrio|91/100|[from] item: Life Orb\n|move|p2a: Oricorio|Quiver Dance|p2a: Oricorio\n|-boost|p2a: Oricorio|spa|1\n|-boost|p2a: Oricorio|spd|1\n|-boost|p2a: Oricorio|spe|1\n|\n|upkeep\n|turn|7\n|inactive|Time left: 300 sec this turn | 300 sec total\n|\n|t:|1783564636\n|move|p2a: Oricorio|Quiver Dance|p2a: Oricorio\n|-boost|p2a: Oricorio|spa|1\n|-boost|p2a: Oricorio|spd|1\n|-boost|p2a: Oricorio|spe|1\n|move|p1a: Dugtrio|Iron Head|p2a: Oricorio\n|-resisted|p2a: Oricorio\n|-damage|p2a: Oricorio|131/257\n|-damage|p1a: Dugtrio|81/100|[from] item: Life Orb\n|\n|upkeep\n|turn|8\n|inactive|Time left: 300 sec this turn | 300 sec total\n|\n|t:|1783564637\n|move|p2a: Oricorio|Hurricane|p1a: Dugtrio\n|-resisted|p1a: Dugtrio\n|-damage|p1a: Dugtrio|16/100\n|-start|p1a: Dugtrio|confusion\n|-activate|p1a: Dugtrio|confusion\n|-damage|p1a: Dugtrio|0 fnt|[from] confusion\n|faint|p1a: Dugtrio\n|\n|upkeep\n|\n|t:|1783564638\n|switch|p1a: Slither Wing|Slither Wing, L81|100/100\n|-enditem|p1a: Slither Wing|Booster Energy\n|-activate|p1a: Slither Wing|ability: Protosynthesis|[fromitem]\n|-start|p1a: Slither Wing|protosynthesisatk\n|turn|9\n|inactive|Time left: 300 sec this turn | 300 sec total\n|\n|t:|1783564639\n|-terastallize|p1a: Slither Wing|Electric\n|move|p2a: Oricorio|Revelation Dance|p1a: Slither Wing\n|-resisted|p1a: Slither Wing\n|-damage|p1a: Slither Wing|69/100\n|move|p1a: Slither Wing|Wild Charge|p2a: Oricorio\n|-damage|p2a: Oricorio|0 fnt\n|faint|p2a: Oricorio\n|-damage|p1a: Slither Wing|57/100|[from] Recoil\n|\n|upkeep\n|inactive|Time left: 300 sec this turn | 300 sec total | 5 sec grace\n|\n|t:|1783564640\n|switch|p2a: Tatsugiri|Tatsugiri, L87, M, tera:Steel|61/260\n|turn|10\n|inactive|Time left: 300 sec this turn | 300 sec total\n|\n|t:|1783564641\n|move|p2a: Tatsugiri|Draco Meteor|p1a: Slither Wing\n|-damage|p1a: Slither Wing|0 fnt\n|-unboost|p2a: Tatsugiri|spa|2\n|faint|p1a: Slither Wing\n|-end|p1a: Slither Wing|Protosynthesis|[silent]\n|\n|upkeep\n|\n|t:|1783564642\n|switch|p1a: Minun|Minun, L95, F|100/100\n|turn|11\n|inactive|Time left: 300 sec this turn | 300 sec total\n|\n|t:|1783564643\n|switch|p2a: Scream Tail|Scream Tail, L84|330/330\n|move|p1a: Minun|Nasty Plot|p1a: Minun\n|-boost|p1a: Minun|spa|2\n|\n|upkeep\n|turn|12\n|inactive|Time left: 300 sec this turn | 300 sec total\n|\n|t:|1783564644\n|move|p2a: Scream Tail|Encore|p1a: Minun\n|-start|p1a: Minun|Encore\n|move|p1a: Minun|Nasty Plot|p1a: Minun\n|-boost|p1a: Minun|spa|2\n|\n|upkeep\n|turn|13\n|inactive|Time left: 300 sec this turn | 300 sec total\n|\n|t:|1783564645\n|-end|p2a: Scream Tail|Protosynthesis|[silent]\n|switch|p2a: Poliwrath|Poliwrath, L88, F|302/302\n|switch|p1a: Meowstic|Meowstic, L89, M|100/100\n|\n|upkeep\n|turn|14\n|inactive|Time left: 300 sec this turn | 300 sec total\n|\n|t:|1783564646\n|move|p1a: Meowstic|Reflect|p1a: Meowstic\n|-sidestart|p1: p0x2128d4c1|Reflect\n|move|p2a: Poliwrath|Knock Off|p1a: Meowstic\n|-supereffective|p1a: Meowstic\n|-damage|p1a: Meowstic|75/100\n|-enditem|p1a: Meowstic|Light Clay|[from] move: Knock Off|[of] p2a: Poliwrath\n|\n|upkeep\n|turn|15\n|inactive|Time left: 300 sec this turn | 300 sec total\n|\n|t:|1783564647\n|switch|p2a: Scream Tail|Scream Tail, L84|330/330\n|move|p1a: Meowstic|Psychic Noise|p2a: Scream Tail\n|-resisted|p2a: Scream Tail\n|-damage|p2a: Scream Tail|300/330\n|-start|p2a: Scream Tail|move: Heal Block\n|\n|upkeep\n|turn|16\n|inactive|Time left: 300 sec this turn | 300 sec total\n|\n|t:|1783564648\n|move|p1a: Meowstic|Light Screen|p1a: Meowstic\n|-sidestart|p1: p0x2128d4c1|move: Light Screen\n|move|p2a: Scream Tail|Dazzling Gleam|p1a: Meowstic\n|-damage|p1a: Meowstic|64/100\n|\n|-end|p2a: Scream Tail|move: Heal Block\n|upkeep\n|turn|17\n|inactive|Time left: 300 sec this turn | 300 sec total\n|\n|t:|1783564649\n|switch|p1a: Minun|Minun, L95, F|100/100\n|move|p2a: Scream Tail|Wish|p2a: Scream Tail\n|\n|-heal|p2a: Scream Tail|320/330|[from] item: Leftovers\n|upkeep\n|turn|18\n|inactive|Time left: 300 sec this turn | 300 sec total\n|\n|t:|1783564649\n|move|p2a: Scream Tail|Dazzling Gleam|p1a: Minun\n|-damage|p1a: Minun|89/100\n|move|p1a: Minun|Nasty Plot|p1a: Minun\n|-boost|p1a: Minun|spa|2\n|\n|-heal|p2a: Scream Tail|330/330|[from] move: Wish|[wisher] Scream Tail\n|upkeep\n|turn|19\n|inactive|Time left: 300 sec this turn | 300 sec total\n|\n|t:|1783564650\n|move|p2a: Scream Tail|Encore|p1a: Minun\n|-start|p1a: Minun|Encore\n|move|p1a: Minun|Nasty Plot|p1a: Minun\n|-boost|p1a: Minun|spa|2\n|\n|upkeep\n|turn|20\n|inactive|Time left: 300 sec this turn | 300 sec total\n|\n|t:|1783564651\n|-end|p2a: Scream Tail|Protosynthesis|[silent]\n|switch|p2a: Poliwrath|Poliwrath, L88, F|302/302\n|switch|p1a: Meowstic|Meowstic, L89, M|64/100\n|\n|-sideend|p1: p0x2128d4c1|move: Light Screen\n|upkeep\n|turn|21\n|inactive|Time left: 300 sec this turn | 300 sec total\n|\n|t:|1783564652\n|move|p1a: Meowstic|Light Screen|p1a: Meowstic\n|-sidestart|p1: p0x2128d4c1|move: Light Screen\n|move|p2a: Poliwrath|Circle Throw|p1a: Meowstic\n|-resisted|p1a: Meowstic\n|-damage|p1a: Meowstic|57/100\n|drag|p1a: Minun|Minun, L95, F|89/100\n|\n|-sideend|p1: p0x2128d4c1|Reflect\n|upkeep\n|turn|22\n|inactive|Time left: 300 sec this turn | 300 sec total\n|\n|t:|1783564653\n|move|p1a: Minun|Thunderbolt|p2a: Poliwrath\n|-supereffective|p2a: Poliwrath\n|-damage|p2a: Poliwrath|138/302\n|-damage|p1a: Minun|80/100|[from] item: Life Orb\n|move|p2a: Poliwrath|Knock Off|p1a: Minun\n|-damage|p1a: Minun|43/100\n|-enditem|p1a: Minun|Life Orb|[from] move: Knock Off|[of] p2a: Poliwrath\n|\n|upkeep\n|turn|23\n|inactive|Time left: 300 sec this turn | 300 sec total\n|\n|t:|1783564654\n|move|p1a: Minun|Thunderbolt|p2a: Poliwrath\n|-supereffective|p2a: Poliwrath\n|-damage|p2a: Poliwrath|18/302\n|move|p2a: Poliwrath|Liquidation|p1a: Minun\n|-damage|p1a: Minun|0 fnt\n|faint|p1a: Minun\n|\n|upkeep\n|\n|t:|1783564655\n|switch|p1a: Meowstic|Meowstic, L89, M|57/100\n|turn|24\n|inactive|Time left: 300 sec this turn | 300 sec total\n|\n|t:|1783564656\n|switch|p2a: Scream Tail|Scream Tail, L84|330/330\n|move|p1a: Meowstic|Reflect|p1a: Meowstic\n|-sidestart|p1: p0x2128d4c1|Reflect\n|\n|upkeep\n|turn|25\n|inactive|Time left: 300 sec this turn | 300 sec total\n|\n|t:|1783564657\n|move|p1a: Meowstic|Psychic Noise|p2a: Scream Tail\n|-resisted|p2a: Scream Tail\n|-crit|p2a: Scream Tail\n|-damage|p2a: Scream Tail|280/330\n|-start|p2a: Scream Tail|move: Heal Block\n|move|p2a: Scream Tail|Dazzling Gleam|p1a: Meowstic\n|-crit|p1a: Meowstic\n|-damage|p1a: Meowstic|23/100\n|\n|-sideend|p1: p0x2128d4c1|move: Light Screen\n|upkeep\n|turn|26\n|inactive|Time left: 300 sec this turn | 300 sec total\n|\n|t:|1783564658\n|move|p1a: Meowstic|Light Screen|p1a: Meowstic\n|-sidestart|p1: p0x2128d4c1|move: Light Screen\n|move|p2a: Scream Tail|Dazzling Gleam|p1a: Meowstic\n|-damage|p1a: Meowstic|12/100\n|\n|-end|p2a: Scream Tail|move: Heal Block\n|upkeep\n|turn|27\n|inactive|Time left: 300 sec this turn | 300 sec total\n|\n|t:|1783564659\n|move|p1a: Meowstic|Psychic Noise|p2a: Scream Tail\n|-resisted|p2a: Scream Tail\n|-damage|p2a: Scream Tail|250/330\n|-start|p2a: Scream Tail|move: Heal Block\n|cant|p2a: Scream Tail|move: Heal Block|Wish\n|\n|upkeep\n|turn|28\n|inactive|Time left: 300 sec this turn | 300 sec total\n|\n|t:|1783564660\n|move|p1a: Meowstic|Psychic Noise|p2a: Scream Tail\n|-resisted|p2a: Scream Tail\n|-damage|p2a: Scream Tail|216/330\n|move|p2a: Scream Tail|Dazzling Gleam|p1a: Meowstic\n|-damage|p1a: Meowstic|0 fnt\n|faint|p1a: Meowstic\n|\n|-end|p2a: Scream Tail|move: Heal Block\n|-sideend|p1: p0x2128d4c1|Reflect\n|upkeep\n|\n|t:|1783564661\n|switch|p1a: Umbreon|Umbreon, L84, M|100/100\n|turn|29\n|inactive|Time left: 300 sec this turn | 300 sec total\n|\n|t:|1783564662\n|move|p2a: Scream Tail|Protect|p2a: Scream Tail\n|-singleturn|p2a: Scream Tail|Protect\n|move|p1a: Umbreon|Toxic|p2a: Scream Tail\n|-activate|p2a: Scream Tail|move: Protect\n|\n|-heal|p2a: Scream Tail|236/330|[from] item: Leftovers\n|upkeep\n|turn|30\n|inactive|Time left: 300 sec this turn | 300 sec total\n|\n|t:|1783564663\n|move|p2a: Scream Tail|Wish|p2a: Scream Tail\n|move|p1a: Umbreon|Toxic|p2a: Scream Tail\n|-status|p2a: Scream Tail|tox\n|\n|-heal|p2a: Scream Tail|256/330 tox|[from] item: Leftovers\n|-damage|p2a: Scream Tail|236/330 tox|[from] psn\n|-sideend|p1: p0x2128d4c1|move: Light Screen\n|upkeep\n|turn|31\n|inactive|Time left: 300 sec this turn | 300 sec total\n|\n|t:|1783564664\n|move|p2a: Scream Tail|Dazzling Gleam|p1a: Umbreon\n|-supereffective|p1a: Umbreon\n|-damage|p1a: Umbreon|68/100\n|move|p1a: Umbreon|Foul Play|p2a: Scream Tail\n|-damage|p2a: Scream Tail|187/330 tox\n|\n|-heal|p2a: Scream Tail|330/330 tox|[from] move: Wish|[wisher] Scream Tail\n|-heal|p1a: Umbreon|74/100|[from] item: Leftovers\n|-damage|p2a: Scream Tail|290/330 tox|[from] psn\n|upkeep\n|turn|32\n|inactive|Time left: 300 sec this turn | 300 sec total\n|\n|t:|1783564665\n|move|p2a: Scream Tail|Dazzling Gleam|p1a: Umbreon\n|-supereffective|p1a: Umbreon\n|-damage|p1a: Umbreon|39/100\n|move|p1a: Umbreon|Foul Play|p2a: Scream Tail\n|-damage|p2a: Scream Tail|244/330 tox\n|\n|-heal|p2a: Scream Tail|264/330 tox|[from] item: Leftovers\n|-heal|p1a: Umbreon|45/100|[from] item: Leftovers\n|-damage|p2a: Scream Tail|204/330 tox|[from] psn\n|upkeep\n|turn|33\n|inactive|Time left: 300 sec this turn | 300 sec total\n|\n|t:|1783564666\n|move|p2a: Scream Tail|Dazzling Gleam|p1a: Umbreon\n|-supereffective|p1a: Umbreon\n|-damage|p1a: Umbreon|11/100\n|move|p1a: Umbreon|Wish|p1a: Umbreon\n|\n|-heal|p2a: Scream Tail|224/330 tox|[from] item: Leftovers\n|-heal|p1a: Umbreon|17/100|[from] item: Leftovers\n|-damage|p2a: Scream Tail|144/330 tox|[from] psn\n|upkeep\n|turn|34\n|inactive|Time left: 300 sec this turn | 300 sec total\n|\n|t:|1783564667\n|move|p1a: Umbreon|Protect|p1a: Umbreon\n|-singleturn|p1a: Umbreon|Protect\n|move|p2a: Scream Tail|Dazzling Gleam|p1a: Umbreon\n|-activate|p1a: Umbreon|move: Protect\n|\n|-heal|p1a: Umbreon|67/100|[from] move: Wish|[wisher] Umbreon\n|-heal|p2a: Scream Tail|164/330 tox|[from] item: Leftovers\n|-heal|p1a: Umbreon|73/100|[from] item: Leftovers\n|-damage|p2a: Scream Tail|64/330 tox|[from] psn\n|upkeep\n|turn|35\n|inactive|Time left: 300 sec this turn | 300 sec total\n|\n|t:|1783564668\n|move|p2a: Scream Tail|Dazzling Gleam|p1a: Umbreon\n|-supereffective|p1a: Umbreon\n|-crit|p1a: Umbreon\n|-damage|p1a: Umbreon|28/100\n|move|p1a: Umbreon|Wish|p1a: Umbreon\n|\n|-heal|p2a: Scream Tail|84/330 tox|[from] item: Leftovers\n|-heal|p1a: Umbreon|35/100|[from] item: Leftovers\n|-damage|p2a: Scream Tail|0 fnt|[from] psn\n|faint|p2a: Scream Tail\n|-end|p2a: Scream Tail|Protosynthesis|[silent]\n|upkeep\n|inactive|Time left: 300 sec this turn | 300 sec total | 5 sec grace\n|\n|t:|1783564669\n|switch|p2a: Poliwrath|Poliwrath, L88, F|18/302\n|turn|36\n|inactive|Time left: 300 sec this turn | 300 sec total\n|\n|t:|1783564670\n|move|p1a: Umbreon|Protect|p1a: Umbreon\n|-singleturn|p1a: Umbreon|Protect\n|move|p2a: Poliwrath|Close Combat|p1a: Umbreon\n|-activate|p1a: Umbreon|move: Protect\n|\n|-heal|p1a: Umbreon|84/100|[from] move: Wish|[wisher] Umbreon\n|-heal|p1a: Umbreon|90/100|[from] item: Leftovers\n|upkeep\n|turn|37\n|inactive|Time left: 300 sec this turn | 300 sec total\n|\n|t:|1783564671\n|move|p1a: Umbreon|Protect|p1a: Umbreon\n|-singleturn|p1a: Umbreon|Protect\n|move|p2a: Poliwrath|Close Combat|p1a: Umbreon\n|-activate|p1a: Umbreon|move: Protect\n|\n|-heal|p1a: Umbreon|96/100|[from] item: Leftovers\n|upkeep\n|turn|38\n|inactive|Time left: 300 sec this turn | 300 sec total\n|\n|t:|1783564672\n|move|p2a: Poliwrath|Close Combat|p1a: Umbreon\n|-supereffective|p1a: Umbreon\n|-damage|p1a: Umbreon|12/100\n|-unboost|p2a: Poliwrath|def|1\n|-unboost|p2a: Poliwrath|spd|1\n|move|p1a: Umbreon|Wish|p1a: Umbreon\n|\n|-heal|p1a: Umbreon|18/100|[from] item: Leftovers\n|upkeep\n|turn|39\n|inactive|Time left: 300 sec this turn | 300 sec total\n|\n|t:|1783564673\n|move|p1a: Umbreon|Protect|p1a: Umbreon\n|-singleturn|p1a: Umbreon|Protect\n|move|p2a: Poliwrath|Liquidation|p1a: Umbreon\n|-activate|p1a: Umbreon|move: Protect\n|\n|-heal|p1a: Umbreon|68/100|[from] move: Wish|[wisher] Umbreon\n|-heal|p1a: Umbreon|74/100|[from] item: Leftovers\n|upkeep\n|turn|40\n|inactive|Time left: 300 sec this turn | 300 sec total\n|\n|t:|1783564674\n|move|p1a: Umbreon|Protect||[still]\n|-fail|p1a: Umbreon\n|move|p2a: Poliwrath|Close Combat|p1a: Umbreon\n|-supereffective|p1a: Umbreon\n|-damage|p1a: Umbreon|0 fnt\n|-unboost|p2a: Poliwrath|def|1\n|-unboost|p2a: Poliwrath|spd|1\n|faint|p1a: Umbreon\n|\n|win|p0y2128fcab", "uploadtime": 1783564674, "views": 0, "rating": 0, "private": 0, "password": null, "_winner": "p0y2128fcab", "_our_name": "p0y2128fcab"}