{"id": "battle-gen9randombattle-199", "formatid": "gen9randombattle", "format": "[Gen 9] Random Battle", "players": ["p0x199cd12", "p0y199d520"], "log": "|init|battle\n|title|p0x199cd12 vs. p0y199d520\n|j|\u2606p0x199cd12\n|j|\u2606p0y199d520\n|t:|1783541870\n|gametype|singles\n|player|p1|p0x199cd12|266|\n|player|p2|p0y199d520|2|\n|gen|9\n|tier|[Gen 9] Random Battle\n|rule|Species Clause: Limit one of each Pok\u00e9mon\n|rule|HP Percentage Mod: HP is shown in percentages\n|rule|Sleep Clause Mod: Limit one foe put to sleep\n|rule|Illusion Level Mod: Illusion disguises the Pok\u00e9mon's true level\n|\n|t:|1783541870\n|teamsize|p1|6\n|teamsize|p2|6\n|start\n|switch|p1a: Eternatus|Eternatus, L69|100/100\n|switch|p2a: Leafeon|Leafeon, L88, M|258/258\n|-ability|p1a: Eternatus|Pressure\n|turn|1\n|inactive|Battle timer is ON: inactive players will automatically lose when time's up. (requested by p0y199d520)\n|inactive|p0x199cd12 also wants the timer to be on.\n|\n|t:|1783541872\n|switch|p2a: Cresselia|Cresselia, L80, F|323/323\n|move|p1a: Eternatus|Sludge Bomb|p2a: Cresselia\n|-damage|p2a: Cresselia|251/323\n|-status|p2a: Cresselia|psn\n|\n|-heal|p2a: Cresselia|271/323 psn|[from] item: Leftovers\n|-damage|p2a: Cresselia|231/323 psn|[from] psn\n|upkeep\n|turn|2\n|inactive|Time left: 300 sec this turn | 300 sec total\n|\n|t:|1783541873\n|move|p1a: Eternatus|Sludge Bomb|p2a: Cresselia\n|-damage|p2a: Cresselia|155/323 psn\n|move|p2a: Cresselia|Calm Mind|p2a: Cresselia\n|-boost|p2a: Cresselia|spa|1\n|-boost|p2a: Cresselia|spd|1\n|\n|-heal|p2a: Cresselia|175/323 psn|[from] item: Leftovers\n|-damage|p2a: Cresselia|135/323 psn|[from] psn\n|upkeep\n|turn|3\n|inactive|Time left: 300 sec this turn | 300 sec total\n|\n|t:|1783541874\n|move|p1a: Eternatus|Dynamax Cannon|p2a: Cresselia\n|-damage|p2a: Cresselia|80/323 psn\n|move|p2a: Cresselia|Moonlight|p2a: Cresselia\n|-heal|p2a: Cresselia|241/323 psn\n|\n|-heal|p2a: Cresselia|261/323 psn|[from] item: Leftovers\n|-damage|p2a: Cresselia|221/323 psn|[from] psn\n|upkeep\n|turn|4\n|inactive|Time left: 300 sec this turn | 300 sec total\n|\n|t:|1783541875\n|switch|p1a: Greedent|Greedent, L86, F|100/100\n|move|p2a: Cresselia|Moonlight|p2a: Cresselia\n|-heal|p2a: Cresselia|323/323 psn\n|\n|-damage|p2a: Cresselia|283/323 psn|[from] psn\n|upkeep\n|turn|5\n|inactive|Time left: 300 sec this turn | 300 sec total\n|\n|t:|1783541876\n|move|p2a: Cresselia|Psyshock|p1a: Greedent\n|-damage|p1a: Greedent|74/100\n|move|p1a: Greedent|Swords Dance|p1a: Greedent\n|-boost|p1a: Greedent|atk|2\n|\n|-heal|p2a: Cresselia|303/323 psn|[from] item: Leftovers\n|-damage|p2a: Cresselia|263/323 psn|[from] psn\n|upkeep\n|turn|6\n|inactive|Time left: 300 sec this turn | 300 sec total\n|\n|t:|1783541877\n|switch|p2a: Dondozo|Dondozo, L78, F|362/362\n|move|p1a: Greedent|Knock Off|p2a: Dondozo\n|-damage|p2a: Dondozo|299/362\n|-enditem|p2a: Dondozo|Leftovers|[from] move: Knock Off|[of] p1a: Greedent\n|\n|upkeep\n|turn|7\n|inactive|Time left: 300 sec this turn | 300 sec total\n|\n|t:|1783541878\n|move|p2a: Dondozo|Curse|p2a: Dondozo\n|-unboost|p2a: Dondozo|spe|1\n|-boost|p2a: Dondozo|atk|1\n|-boost|p2a: Dondozo|def|1\n|move|p1a: Greedent|Body Slam|p2a: Dondozo\n|-damage|p2a: Dondozo|244/362\n|\n|upkeep\n|turn|8\n|inactive|Time left: 300 sec this turn | 300 sec total\n|\n|t:|1783541879\n|move|p1a: Greedent|Swords Dance|p1a: Greedent\n|-boost|p1a: Greedent|atk|2\n|move|p2a: Dondozo|Wave Crash|p1a: Greedent\n|-damage|p1a: Greedent|28/100\n|-enditem|p1a: Greedent|Sitrus Berry|[eat]\n|-heal|p1a: Greedent|52/100|[from] item: Sitrus Berry\n|-heal|p1a: Greedent|86/100|[from] ability: Cheek Pouch\n|-damage|p2a: Dondozo|191/362|[from] Recoil\n|\n|upkeep\n|turn|9\n|inactive|Time left: 300 sec this turn | 300 sec total\n|\n|t:|1783541880\n|move|p1a: Greedent|Body Slam|p2a: Dondozo\n|-damage|p2a: Dondozo|134/362\n|move|p2a: Dondozo|Wave Crash|p1a: Greedent\n|-damage|p1a: Greedent|41/100\n|-damage|p2a: Dondozo|83/362|[from] Recoil\n|\n|upkeep\n|turn|10\n|inactive|Time left: 300 sec this turn | 300 sec total\n|\n|t:|1783541881\n|move|p1a: Greedent|Body Slam|p2a: Dondozo\n|-damage|p2a: Dondozo|32/362\n|move|p2a: Dondozo|Wave Crash|p1a: Greedent\n|-damage|p1a: Greedent|0 fnt\n|faint|p1a: Greedent\n|-damage|p2a: Dondozo|0 fnt|[from] Recoil\n|faint|p2a: Dondozo\n|\n|upkeep\n|inactive|Time left: 300 sec this turn | 300 sec total | 5 sec grace\n|\n|t:|1783541882\n|switch|p2a: Cresselia|Cresselia, L80, F|263/323 psn\n|switch|p1a: Mienshao|Mienshao, L83, M|100/100\n|turn|11\n|inactive|Time left: 300 sec this turn | 300 sec total\n|\n|t:|1783541883\n|move|p1a: Mienshao|Knock Off|p2a: Cresselia\n|-supereffective|p2a: Cresselia\n|-damage|p2a: Cresselia|35/323 psn\n|-enditem|p2a: Cresselia|Leftovers|[from] move: Knock Off|[of] p1a: Mienshao\n|move|p2a: Cresselia|Psyshock|p1a: Mienshao\n|-supereffective|p1a: Mienshao\n|-damage|p1a: Mienshao|31/100\n|\n|-damage|p2a: Cresselia|0 fnt|[from] psn\n|faint|p2a: Cresselia\n|upkeep\n|inactive|Time left: 300 sec this turn | 300 sec total | 5 sec grace\n|\n|t:|1783541884\n|switch|p2a: Mamoswine|Mamoswine, L81, M|311/311\n|turn|12\n|inactive|Time left: 300 sec this turn | 300 sec total\n|\n|t:|1783541885\n|move|p2a: Mamoswine|Ice Shard|p1a: Mienshao\n|-damage|p1a: Mienshao|0 fnt\n|faint|p1a: Mienshao\n|-damage|p2a: Mamoswine|280/311|[from] item: Life Orb\n|\n|upkeep\n|\n|t:|1783541886\n|switch|p1a: Meowstic|Meowstic-F, L89, F|100/100\n|turn|13\n|inactive|Time left: 300 sec this turn | 300 sec total\n|\n|t:|1783541887\n|-terastallize|p2a: Mamoswine|Ground\n|move|p1a: Meowstic|Nasty Plot|p1a: Meowstic\n|-boost|p1a: Meowstic|spa|2\n|move|p2a: Mamoswine|Earthquake|p1a: Meowstic\n|-damage|p1a: Meowstic|16/100\n|-damage|p2a: Mamoswine|249/311|[from] item: Life Orb\n|\n|upkeep\n|turn|14\n|inactive|Time left: 300 sec this turn | 300 sec total\n|\n|t:|1783541888\n|move|p2a: Mamoswine|Ice Shard|p1a: Meowstic\n|-crit|p1a: Meowstic\n|-damage|p1a: Meowstic|0 fnt\n|faint|p1a: Meowstic\n|-damage|p2a: Mamoswine|218/311|[from] item: Life Orb\n|\n|upkeep\n|\n|t:|1783541889\n|switch|p1a: Dondozo|Dondozo, L78, M|100/100\n|turn|15\n|inactive|Time left: 300 sec this turn | 300 sec total\n|\n|t:|1783541890\n|switch|p2a: Leafeon|Leafeon, L88, M|258/258\n|move|p1a: Dondozo|Wave Crash|p2a: Leafeon\n|-resisted|p2a: Leafeon\n|-damage|p2a: Leafeon|214/258\n|-damage|p1a: Dondozo|96/100|[from] Recoil\n|\n|-heal|p2a: Leafeon|230/258|[from] item: Leftovers\n|-heal|p1a: Dondozo|100/100|[from] item: Leftovers\n|upkeep\n|turn|16\n|inactive|Time left: 300 sec this turn | 300 sec total\n|\n|t:|1783541891\n|switch|p1a: Eternatus|Eternatus, L69|100/100\n|-ability|p1a: Eternatus|Pressure\n|move|p2a: Leafeon|Knock Off|p1a: Eternatus\n|-damage|p1a: Eternatus|69/100\n|-damage|p2a: Leafeon|187/258|[from] item: Rocky Helmet|[of] p1a: Eternatus\n|-enditem|p1a: Eternatus|Rocky Helmet|[from] move: Knock Off|[of] p2a: Leafeon\n|\n|-heal|p2a: Leafeon|203/258|[from] item: Leftovers\n|upkeep\n|turn|17\n|inactive|Time left: 300 sec this turn | 300 sec total\n|\n|t:|1783541893\n|switch|p2a: Iron Boulder|Iron Boulder, L77|265/265\n|-enditem|p2a: Iron Boulder|Booster Energy\n|-activate|p2a: Iron Boulder|ability: Quark Drive|[fromitem]\n|-start|p2a: Iron Boulder|quarkdrivespe\n|move|p1a: Eternatus|Sludge Bomb|p2a: Iron Boulder\n|-resisted|p2a: Iron Boulder\n|-damage|p2a: Iron Boulder|225/265\n|\n|upkeep\n|turn|18\n|inactive|Time left: 300 sec this turn | 300 sec total\n|\n|t:|1783541893\n|switch|p1a: Dondozo|Dondozo, L78, M|100/100\n|move|p2a: Iron Boulder|Swords Dance|p2a: Iron Boulder\n|-boost|p2a: Iron Boulder|atk|2\n|\n|upkeep\n|turn|19\n|inactive|Time left: 300 sec this turn | 300 sec total\n|\n|t:|1783541894\n|-end|p2a: Iron Boulder|Quark Drive|[silent]\n|switch|p2a: Leafeon|Leafeon, L88, M|203/258\n|move|p1a: Dondozo|Wave Crash|p2a: Leafeon\n|-resisted|p2a: Leafeon\n|-damage|p2a: Leafeon|166/258\n|-damage|p1a: Dondozo|97/100|[from] Recoil\n|\n|-heal|p2a: Leafeon|182/258|[from] item: Leftovers\n|-heal|p1a: Dondozo|100/100|[from] item: Leftovers\n|upkeep\n|turn|20\n|inactive|Time left: 300 sec this turn | 300 sec total\n|\n|t:|1783541895\n|switch|p1a: Eternatus|Eternatus, L69|69/100\n|-ability|p1a: Eternatus|Pressure\n|move|p2a: Leafeon|Swords Dance|p2a: Leafeon\n|-boost|p2a: Leafeon|atk|2\n|\n|-heal|p2a: Leafeon|198/258|[from] item: Leftovers\n|upkeep\n|turn|21\n|inactive|Time left: 300 sec this turn | 300 sec total\n|\n|t:|1783541897\n|switch|p2a: Iron Boulder|Iron Boulder, L77|225/265\n|move|p1a: Eternatus|Sludge Bomb|p2a: Iron Boulder\n|-resisted|p2a: Iron Boulder\n|-damage|p2a: Iron Boulder|183/265\n|-status|p2a: Iron Boulder|psn\n|\n|-damage|p2a: Iron Boulder|150/265 psn|[from] psn\n|upkeep\n|turn|22\n|inactive|Time left: 300 sec this turn | 300 sec total\n|\n|t:|1783541897\n|move|p2a: Iron Boulder|Zen Headbutt|p1a: Eternatus\n|-supereffective|p1a: Eternatus\n|-damage|p1a: Eternatus|8/100\n|move|p1a: Eternatus|Dynamax Cannon|p2a: Iron Boulder\n|-damage|p2a: Iron Boulder|63/265 psn\n|\n|-damage|p2a: Iron Boulder|30/265 psn|[from] psn\n|upkeep\n|turn|23\n|inactive|Time left: 300 sec this turn | 300 sec total\n|\n|t:|1783541899\n|move|p2a: Iron Boulder|Mighty Cleave|p1a: Eternatus\n|-damage|p1a: Eternatus|0 fnt\n|faint|p1a: Eternatus\n|\n|-damage|p2a: Iron Boulder|0 fnt|[from] psn\n|faint|p2a: Iron Boulder\n|-end|p2a: Iron Boulder|Quark Drive|[silent]\n|upkeep\n|inactive|Time left: 300 sec this turn | 300 sec total | 5 sec grace\n|\n|t:|1783541900\n|switch|p2a: Leafeon|Leafeon, L88, M|198/258\n|switch|p1a: Trevenant|Trevenant, L89, F|100/100\n|turn|24\n|inactive|Time left: 300 sec this turn | 300 sec total\n|\n|t:|1783541901\n|move|p2a: Leafeon|Swords Dance|p2a: Leafeon\n|-boost|p2a: Leafeon|atk|2\n|move|p1a: Trevenant|Poltergeist|p2a: Leafeon\n|-activate|p2a: Leafeon|move: Poltergeist|Leftovers\n|-damage|p2a: Leafeon|101/258\n|\n|-heal|p2a: Leafeon|117/258|[from] item: Leftovers\n|upkeep\n|turn|25\n|inactive|Time left: 300 sec this turn | 300 sec total\n|\n|t:|1783541901\n|-terastallize|p1a: Trevenant|Fairy\n|move|p2a: Leafeon|Knock Off|p1a: Trevenant\n|-resisted|p1a: Trevenant\n|-damage|p1a: Trevenant|70/100\n|-enditem|p1a: Trevenant|Sitrus Berry|[from] move: Knock Off|[of] p2a: Leafeon\n|move|p1a: Trevenant|Toxic|p2a: Leafeon\n|-status|p2a: Leafeon|tox\n|\n|-heal|p2a: Leafeon|133/258 tox|[from] item: Leftovers\n|-damage|p2a: Leafeon|117/258 tox|[from] psn\n|upkeep\n|turn|26\n|inactive|Time left: 300 sec this turn | 300 sec total\n|\n|t:|1783541903\n|move|p1a: Trevenant|Protect|p1a: Trevenant\n|-singleturn|p1a: Trevenant|Protect\n|move|p2a: Leafeon|Leaf Blade|p1a: Trevenant\n|-activate|p1a: Trevenant|move: Protect\n|\n|-heal|p2a: Leafeon|133/258 tox|[from] item: Leftovers\n|-damage|p2a: Leafeon|101/258 tox|[from] psn\n|upkeep\n|turn|27\n|inactive|Time left: 300 sec this turn | 300 sec total\n|\n|t:|1783541904\n|move|p1a: Trevenant|Protect||[still]\n|-fail|p1a: Trevenant\n|move|p2a: Leafeon|Leaf Blade|p1a: Trevenant\n|-damage|p1a: Trevenant|0 fnt\n|faint|p1a: Trevenant\n|\n|-heal|p2a: Leafeon|117/258 tox|[from] item: Leftovers\n|-damage|p2a: Leafeon|69/258 tox|[from] psn\n|upkeep\n|\n|t:|1783541905\n|switch|p1a: Dondozo|Dondozo, L78, M|100/100\n|turn|28\n|inactive|Time left: 300 sec this turn | 300 sec total\n|\n|t:|1783541905\n|move|p2a: Leafeon|Leaf Blade|p1a: Dondozo\n|-supereffective|p1a: Dondozo\n|-damage|p1a: Dondozo|42/100\n|move|p1a: Dondozo|Curse|p1a: Dondozo\n|-unboost|p1a: Dondozo|spe|1\n|-boost|p1a: Dondozo|atk|1\n|-boost|p1a: Dondozo|def|1\n|\n|-heal|p2a: Leafeon|85/258 tox|[from] item: Leftovers\n|-heal|p1a: Dondozo|49/100|[from] item: Leftovers\n|-damage|p2a: Leafeon|21/258 tox|[from] psn\n|upkeep\n|turn|29\n|inactive|Time left: 300 sec this turn | 300 sec total\n|\n|t:|1783541906\n|move|p2a: Leafeon|Leaf Blade|p1a: Dondozo\n|-supereffective|p1a: Dondozo\n|-crit|p1a: Dondozo\n|-damage|p1a: Dondozo|0 fnt\n|faint|p1a: Dondozo\n|\n|win|p0y199d520", "uploadtime": 1783541906, "views": 0, "rating": 0, "private": 0, "password": null, "_winner": "p0y199d520", "_our_name": "p0y199d520"}