{"id": "battle-gen9randombattle-2160", "formatid": "gen9randombattle", "format": "[Gen 9] Random Battle", "players": ["p0x21606264", "p0y21603490"], "log": "|init|battle\n|title|p0x21606264 vs. p0y21603490\n|j|\u2606p0x21606264\n|j|\u2606p0y21603490\n|t:|1783565006\n|gametype|singles\n|player|p1|p0x21606264|170|\n|player|p2|p0y21603490|102|\n|gen|9\n|tier|[Gen 9] Random Battle\n|rule|Species Clause: Limit one of each Pok\u00e9mon\n|rule|HP Percentage Mod: HP is shown in percentages\n|rule|Sleep Clause Mod: Limit one foe put to sleep\n|rule|Illusion Level Mod: Illusion disguises the Pok\u00e9mon's true level\n|\n|t:|1783565006\n|teamsize|p1|6\n|teamsize|p2|6\n|start\n|switch|p1a: Araquanid|Araquanid, L82, F|100/100\n|switch|p2a: Azumarill|Azumarill, L82, F|298/298\n|turn|1\n|inactive|Battle timer is ON: inactive players will automatically lose when time's up. (requested by p0x21606264)\n|inactive|Time left: 300 sec this turn | 300 sec total | 60 sec grace\n|inactive|p0y21603490 also wants the timer to be on.\n|\n|t:|1783565007\n|move|p2a: Azumarill|Belly Drum|p2a: Azumarill\n|-damage|p2a: Azumarill|149/298\n|-setboost|p2a: Azumarill|atk|6|[from] move: Belly Drum\n|-enditem|p2a: Azumarill|Sitrus Berry|[eat]\n|-heal|p2a: Azumarill|223/298|[from] item: Sitrus Berry\n|move|p1a: Araquanid|Sticky Web|p2a: Azumarill\n|-sidestart|p2: p0y21603490|move: Sticky Web\n|\n|upkeep\n|turn|2\n|inactive|Time left: 300 sec this turn | 300 sec total\n|\n|t:|1783565008\n|switch|p1a: Lapras|Lapras, L87, M|100/100\n|move|p2a: Azumarill|Play Rough|p1a: Lapras\n|-damage|p1a: Lapras|0 fnt\n|faint|p1a: Lapras\n|\n|upkeep\n|\n|t:|1783565009\n|switch|p1a: Serperior|Serperior, L79, F|100/100\n|turn|3\n|inactive|Time left: 300 sec this turn | 300 sec total\n|\n|t:|1783565010\n|move|p1a: Serperior|Leaf Storm|p2a: Azumarill\n|-supereffective|p2a: Azumarill\n|-damage|p2a: Azumarill|0 fnt\n|-boost|p1a: Serperior|spa|2\n|faint|p2a: Azumarill\n|-damage|p1a: Serperior|91/100|[from] item: Life Orb\n|\n|upkeep\n|inactive|Time left: 300 sec this turn | 300 sec total | 5 sec grace\n|\n|t:|1783565011\n|switch|p2a: Yanmega|Yanmega, L82, F|275/275\n|turn|4\n|inactive|Time left: 300 sec this turn | 300 sec total\n|\n|t:|1783565012\n|-terastallize|p1a: Serperior|Dragon\n|move|p1a: Serperior|Dragon Pulse|p2a: Yanmega\n|-damage|p2a: Yanmega|41/275\n|-damage|p1a: Serperior|81/100|[from] item: Life Orb\n|move|p2a: Yanmega|Bug Buzz|p1a: Serperior\n|-damage|p1a: Serperior|38/100\n|\n|-ability|p2a: Yanmega|Speed Boost|boost\n|-boost|p2a: Yanmega|spe|1\n|upkeep\n|turn|5\n|inactive|Time left: 300 sec this turn | 300 sec total\n|\n|t:|1783565014\n|switch|p1a: Golurk|Golurk, L87|100/100\n|move|p2a: Yanmega|Bug Buzz|p1a: Golurk\n|-resisted|p1a: Golurk\n|-damage|p1a: Golurk|83/100\n|\n|-ability|p2a: Yanmega|Speed Boost|boost\n|-boost|p2a: Yanmega|spe|1\n|upkeep\n|turn|6\n|inactive|Time left: 300 sec this turn | 300 sec total\n|\n|t:|1783565015\n|move|p2a: Yanmega|Protect|p2a: Yanmega\n|-singleturn|p2a: Yanmega|Protect\n|move|p1a: Golurk|Poltergeist|p2a: Yanmega\n|-activate|p2a: Yanmega|move: Protect\n|\n|-ability|p2a: Yanmega|Speed Boost|boost\n|-boost|p2a: Yanmega|spe|1\n|upkeep\n|turn|7\n|inactive|Time left: 300 sec this turn | 300 sec total\n|\n|t:|1783565016\n|move|p2a: Yanmega|Air Slash|p1a: Golurk\n|-damage|p1a: Golurk|51/100\n|cant|p1a: Golurk|flinch\n|\n|-ability|p2a: Yanmega|Speed Boost|boost\n|-boost|p2a: Yanmega|spe|1\n|upkeep\n|turn|8\n|inactive|Time left: 300 sec this turn | 300 sec total\n|\n|t:|1783565017\n|move|p2a: Yanmega|Air Slash|p1a: Golurk\n|-damage|p1a: Golurk|18/100\n|cant|p1a: Golurk|flinch\n|\n|-ability|p2a: Yanmega|Speed Boost|boost\n|-boost|p2a: Yanmega|spe|1\n|upkeep\n|turn|9\n|inactive|Time left: 300 sec this turn | 300 sec total\n|\n|t:|1783565018\n|move|p2a: Yanmega|Air Slash|p1a: Golurk\n|-damage|p1a: Golurk|0 fnt\n|faint|p1a: Golurk\n|\n|-ability|p2a: Yanmega|Speed Boost|boost\n|-boost|p2a: Yanmega|spe|1\n|upkeep\n|\n|t:|1783565019\n|switch|p1a: Calyrex|Calyrex-Shadow, L64|100/100\n|-ability|p1a: Calyrex|As One\n|-ability|p1a: Calyrex|Unnerve\n|turn|10\n|inactive|Time left: 300 sec this turn | 300 sec total\n|\n|t:|1783565020\n|move|p2a: Yanmega|Protect|p2a: Yanmega\n|-singleturn|p2a: Yanmega|Protect\n|move|p1a: Calyrex|Pollen Puff|p2a: Yanmega\n|-activate|p2a: Yanmega|move: Protect\n|\n|upkeep\n|turn|11\n|inactive|Time left: 300 sec this turn | 300 sec total\n|\n|t:|1783565021\n|move|p2a: Yanmega|Air Slash|p1a: Calyrex\n|-damage|p1a: Calyrex|55/100\n|cant|p1a: Calyrex|flinch\n|\n|upkeep\n|turn|12\n|inactive|Time left: 300 sec this turn | 300 sec total\n|\n|t:|1783565022\n|move|p2a: Yanmega|Air Slash|p1a: Calyrex\n|-damage|p1a: Calyrex|12/100\n|move|p1a: Calyrex|Pollen Puff|p2a: Yanmega\n|-resisted|p2a: Yanmega\n|-damage|p2a: Yanmega|0 fnt\n|faint|p2a: Yanmega\n|-ability|p1a: Calyrex|Grim Neigh|boost\n|-boost|p1a: Calyrex|spa|1\n|-damage|p1a: Calyrex|2/100|[from] item: Life Orb\n|\n|upkeep\n|inactive|Time left: 300 sec this turn | 300 sec total | 5 sec grace\n|\n|t:|1783565023\n|switch|p2a: Donphan|Donphan, L84, F|288/288\n|-activate|p2a: Donphan|move: Sticky Web\n|-unboost|p2a: Donphan|spe|1\n|turn|13\n|inactive|Time left: 300 sec this turn | 300 sec total\n|\n|t:|1783565024\n|move|p2a: Donphan|Ice Shard|p1a: Calyrex\n|-damage|p1a: Calyrex|0 fnt\n|faint|p1a: Calyrex\n|\n|upkeep\n|\n|t:|1783565025\n|switch|p1a: Araquanid|Araquanid, L82, F|100/100\n|turn|14\n|inactive|Time left: 300 sec this turn | 300 sec total\n|\n|t:|1783565026\n|move|p1a: Araquanid|Liquidation|p2a: Donphan\n|-supereffective|p2a: Donphan\n|-damage|p2a: Donphan|72/288\n|move|p2a: Donphan|Rapid Spin|p1a: Araquanid\n|-damage|p1a: Araquanid|83/100\n|-boost|p2a: Donphan|spe|1\n|-sideend|p2: p0y21603490|Sticky Web|[from] move: Rapid Spin|[of] p2a: Donphan\n|\n|upkeep\n|turn|15\n|inactive|Time left: 300 sec this turn | 300 sec total\n|\n|t:|1783565027\n|move|p2a: Donphan|Rapid Spin|p1a: Araquanid\n|-damage|p1a: Araquanid|66/100\n|-boost|p2a: Donphan|spe|1\n|move|p1a: Araquanid|Liquidation|p2a: Donphan\n|-supereffective|p2a: Donphan\n|-damage|p2a: Donphan|0 fnt\n|faint|p2a: Donphan\n|\n|upkeep\n|inactive|Time left: 300 sec this turn | 300 sec total | 5 sec grace\n|\n|t:|1783565028\n|switch|p2a: Hippowdon|Hippowdon, L82, F|311/311\n|-weather|Sandstorm|[from] ability: Sand Stream|[of] p2a: Hippowdon\n|turn|16\n|inactive|Time left: 300 sec this turn | 300 sec total\n|\n|t:|1783565029\n|-terastallize|p2a: Hippowdon|Rock\n|move|p2a: Hippowdon|Stone Edge|p1a: Araquanid\n|-supereffective|p1a: Araquanid\n|-damage|p1a: Araquanid|0 fnt\n|faint|p1a: Araquanid\n|\n|-weather|Sandstorm|[upkeep]\n|upkeep\n|\n|t:|1783565030\n|switch|p1a: Jumpluff|Jumpluff, L87, M|100/100\n|turn|17\n|inactive|Time left: 300 sec this turn | 300 sec total\n|\n|t:|1783565031\n|move|p1a: Jumpluff|Strength Sap|p2a: Hippowdon\n|-unboost|p2a: Hippowdon|atk|1\n|move|p2a: Hippowdon|Stone Edge|p1a: Jumpluff\n|-supereffective|p1a: Jumpluff\n|-damage|p1a: Jumpluff|36/100\n|\n|-weather|Sandstorm|[upkeep]\n|-damage|p1a: Jumpluff|30/100|[from] Sandstorm\n|upkeep\n|turn|18\n|inactive|Time left: 300 sec this turn | 300 sec total\n|\n|t:|1783565032\n|switch|p2a: Pecharunt|Pecharunt, L77|262/262\n|move|p1a: Jumpluff|Strength Sap|p2a: Pecharunt\n|-unboost|p2a: Pecharunt|atk|1\n|-heal|p1a: Jumpluff|82/100\n|\n|-weather|Sandstorm|[upkeep]\n|-damage|p1a: Jumpluff|76/100|[from] Sandstorm\n|-damage|p2a: Pecharunt|246/262|[from] Sandstorm\n|upkeep\n|turn|19\n|inactive|Time left: 300 sec this turn | 300 sec total\n|\n|t:|1783565033\n|move|p1a: Jumpluff|Sleep Powder|p2a: Pecharunt\n|-status|p2a: Pecharunt|slp|[from] move: Sleep Powder\n|cant|p2a: Pecharunt|slp\n|\n|-weather|Sandstorm|[upkeep]\n|-damage|p1a: Jumpluff|70/100|[from] Sandstorm\n|-damage|p2a: Pecharunt|230/262 slp|[from] Sandstorm\n|upkeep\n|turn|20\n|inactive|Time left: 300 sec this turn | 300 sec total\n|\n|t:|1783565034\n|switch|p1a: Serperior|Serperior, L79, F, tera:Dragon|38/100\n|cant|p2a: Pecharunt|slp\n|\n|-weather|none\n|upkeep\n|turn|21\n|inactive|Time left: 300 sec this turn | 300 sec total\n|\n|t:|1783565035\n|move|p1a: Serperior|Synthesis|p1a: Serperior\n|-heal|p1a: Serperior|88/100\n|cant|p2a: Pecharunt|slp\n|\n|upkeep\n|turn|22\n|inactive|Time left: 300 sec this turn | 300 sec total\n|\n|t:|1783565036\n|move|p1a: Serperior|Leaf Storm|p2a: Pecharunt\n|-resisted|p2a: Pecharunt\n|-damage|p2a: Pecharunt|160/262 slp\n|-boost|p1a: Serperior|spa|2\n|-damage|p1a: Serperior|79/100|[from] item: Life Orb\n|-curestatus|p2a: Pecharunt|slp|[msg]\n|move|p2a: Pecharunt|Malignant Chain|p1a: Serperior\n|-damage|p1a: Serperior|47/100\n|\n|upkeep\n|turn|23\n|inactive|Time left: 300 sec this turn | 300 sec total\n|\n|t:|1783565037\n|move|p1a: Serperior|Synthesis|p1a: Serperior\n|-heal|p1a: Serperior|97/100\n|move|p2a: Pecharunt|Malignant Chain|p1a: Serperior\n|-damage|p1a: Serperior|63/100\n|\n|upkeep\n|turn|24\n|inactive|Time left: 300 sec this turn | 300 sec total\n|\n|t:|1783565038\n|move|p1a: Serperior|Dragon Pulse|p2a: Pecharunt\n|-damage|p2a: Pecharunt|0 fnt\n|faint|p2a: Pecharunt\n|-damage|p1a: Serperior|53/100|[from] item: Life Orb\n|\n|upkeep\n|inactive|Time left: 300 sec this turn | 300 sec total | 5 sec grace\n|\n|t:|1783565039\n|switch|p2a: Cobalion|Cobalion, L80|277/277\n|turn|25\n|inactive|Time left: 300 sec this turn | 300 sec total\n|\n|t:|1783565040\n|move|p1a: Serperior|Synthesis|p1a: Serperior\n|-heal|p1a: Serperior|100/100\n|move|p2a: Cobalion|Close Combat|p1a: Serperior\n|-damage|p1a: Serperior|46/100\n|-unboost|p2a: Cobalion|def|1\n|-unboost|p2a: Cobalion|spd|1\n|-damage|p2a: Cobalion|250/277|[from] item: Life Orb\n|\n|upkeep\n|turn|26\n|inactive|Time left: 300 sec this turn | 300 sec total\n|\n|t:|1783565041\n|move|p1a: Serperior|Synthesis|p1a: Serperior\n|-heal|p1a: Serperior|96/100\n|move|p2a: Cobalion|Swords Dance|p2a: Cobalion\n|-boost|p2a: Cobalion|atk|2\n|\n|upkeep\n|turn|27\n|inactive|Time left: 300 sec this turn | 300 sec total\n|\n|t:|1783565042\n|move|p1a: Serperior|Leaf Storm|p2a: Cobalion\n|-resisted|p2a: Cobalion\n|-damage|p2a: Cobalion|11/277\n|-boost|p1a: Serperior|spa|2\n|-damage|p1a: Serperior|87/100|[from] item: Life Orb\n|move|p2a: Cobalion|Close Combat|p1a: Serperior\n|-damage|p1a: Serperior|0 fnt\n|-unboost|p2a: Cobalion|def|1\n|-unboost|p2a: Cobalion|spd|1\n|faint|p1a: Serperior\n|-damage|p2a: Cobalion|0 fnt|[from] item: Life Orb\n|faint|p2a: Cobalion\n|\n|upkeep\n|inactive|Time left: 300 sec this turn | 300 sec total | 5 sec grace\n|\n|t:|1783565043\n|switch|p1a: Jumpluff|Jumpluff, L87, M|70/100\n|switch|p2a: Hippowdon|Hippowdon, L82, F, tera:Rock|311/311\n|-weather|Sandstorm|[from] ability: Sand Stream|[of] p2a: Hippowdon\n|turn|28\n|inactive|Time left: 300 sec this turn | 300 sec total\n|\n|t:|1783565044\n|move|p1a: Jumpluff|Strength Sap|p2a: Hippowdon\n|-unboost|p2a: Hippowdon|atk|1\n|-heal|p1a: Jumpluff|100/100\n|move|p2a: Hippowdon|Stone Edge|p1a: Jumpluff\n|-supereffective|p1a: Jumpluff\n|-damage|p1a: Jumpluff|38/100\n|\n|-weather|Sandstorm|[upkeep]\n|-damage|p1a: Jumpluff|32/100|[from] Sandstorm\n|upkeep\n|turn|29\n|inactive|Time left: 300 sec this turn | 300 sec total\n|\n|t:|1783565045\n|move|p1a: Jumpluff|Strength Sap|p2a: Hippowdon\n|-unboost|p2a: Hippowdon|atk|1\n|-heal|p1a: Jumpluff|89/100\n|move|p2a: Hippowdon|Stone Edge|p1a: Jumpluff\n|-supereffective|p1a: Jumpluff\n|-damage|p1a: Jumpluff|39/100\n|\n|-weather|Sandstorm|[upkeep]\n|-damage|p1a: Jumpluff|33/100|[from] Sandstorm\n|upkeep\n|turn|30\n|inactive|Time left: 300 sec this turn | 300 sec total\n|\n|t:|1783565046\n|move|p1a: Jumpluff|Strength Sap|p2a: Hippowdon\n|-unboost|p2a: Hippowdon|atk|1\n|-heal|p1a: Jumpluff|76/100\n|move|p2a: Hippowdon|Stone Edge|p1a: Jumpluff\n|-supereffective|p1a: Jumpluff\n|-damage|p1a: Jumpluff|40/100\n|\n|-weather|Sandstorm|[upkeep]\n|-damage|p1a: Jumpluff|34/100|[from] Sandstorm\n|upkeep\n|turn|31\n|inactive|Time left: 300 sec this turn | 300 sec total\n|\n|t:|1783565047\n|move|p1a: Jumpluff|Strength Sap|p2a: Hippowdon\n|-unboost|p2a: Hippowdon|atk|1\n|-heal|p1a: Jumpluff|68/100\n|move|p2a: Hippowdon|Stone Edge|p1a: Jumpluff\n|-supereffective|p1a: Jumpluff\n|-damage|p1a: Jumpluff|34/100\n|\n|-weather|Sandstorm|[upkeep]\n|-damage|p1a: Jumpluff|29/100|[from] Sandstorm\n|upkeep\n|turn|32\n|inactive|Time left: 300 sec this turn | 300 sec total\n|\n|t:|1783565048\n|move|p1a: Jumpluff|Strength Sap|p2a: Hippowdon\n|-unboost|p2a: Hippowdon|atk|1\n|-heal|p1a: Jumpluff|57/100\n|move|p2a: Hippowdon|Stone Edge|p1a: Jumpluff|[miss]\n|-miss|p2a: Hippowdon|p1a: Jumpluff\n|\n|-weather|none\n|upkeep\n|turn|33\n|inactive|Time left: 300 sec this turn | 300 sec total\n|\n|t:|1783565049\n|move|p1a: Jumpluff|Strength Sap|p2a: Hippowdon\n|-unboost|p2a: Hippowdon|atk|1\n|-heal|p1a: Jumpluff|81/100\n|move|p2a: Hippowdon|Stone Edge|p1a: Jumpluff\n|-supereffective|p1a: Jumpluff\n|-damage|p1a: Jumpluff|57/100\n|\n|upkeep\n|turn|34\n|inactive|Time left: 300 sec this turn | 300 sec total\n|\n|t:|1783565050\n|move|p1a: Jumpluff|Strength Sap||[still]\n|-fail|p1a: Jumpluff\n|move|p2a: Hippowdon|Stealth Rock|p1a: Jumpluff\n|-sidestart|p1: p0x21606264|move: Stealth Rock\n|\n|upkeep\n|turn|35\n|inactive|Time left: 300 sec this turn | 300 sec total\n|\n|t:|1783565051\n|move|p1a: Jumpluff|Sleep Powder|p2a: Hippowdon\n|-status|p2a: Hippowdon|slp|[from] move: Sleep Powder\n|cant|p2a: Hippowdon|slp\n|\n|upkeep\n|turn|36\n|inactive|Time left: 300 sec this turn | 300 sec total\n|\n|t:|1783565052\n|move|p1a: Jumpluff|U-turn|p2a: Hippowdon\n|-damage|p2a: Hippowdon|279/311 slp\n|-damage|p1a: Jumpluff|40/100|[from] item: Rocky Helmet|[of] p2a: Hippowdon\n|cant|p2a: Hippowdon|slp\n|\n|upkeep\n|turn|37\n|inactive|Time left: 300 sec this turn | 300 sec total\n|\n|t:|1783565053\n|move|p1a: Jumpluff|Sleep Powder|p2a: Hippowdon\n|-fail|p2a: Hippowdon|slp\n|-curestatus|p2a: Hippowdon|slp|[msg]\n|move|p2a: Hippowdon|Slack Off|p2a: Hippowdon\n|-heal|p2a: Hippowdon|311/311\n|\n|upkeep\n|turn|38\n|inactive|Time left: 300 sec this turn | 300 sec total\n|\n|t:|1783565054\n|move|p1a: Jumpluff|Strength Sap||[still]\n|-fail|p1a: Jumpluff\n|move|p2a: Hippowdon|Stealth Rock||[still]\n|-fail|p2a: Hippowdon\n|\n|upkeep\n|turn|39\n|inactive|Time left: 300 sec this turn | 300 sec total\n|\n|t:|1783565055\n|move|p1a: Jumpluff|Strength Sap||[still]\n|-fail|p1a: Jumpluff\n|move|p2a: Hippowdon|Stealth Rock||[still]\n|-fail|p2a: Hippowdon\n|\n|upkeep\n|turn|40\n|inactive|Time left: 300 sec this turn | 300 sec total\n|\n|t:|1783565055\n|move|p1a: Jumpluff|Sleep Powder|p2a: Hippowdon\n|-status|p2a: Hippowdon|slp|[from] move: Sleep Powder\n|cant|p2a: Hippowdon|slp\n|\n|upkeep\n|turn|41\n|inactive|Time left: 300 sec this turn | 300 sec total\n|\n|t:|1783565056\n|move|p1a: Jumpluff|Sleep Powder|p2a: Hippowdon\n|-fail|p2a: Hippowdon|slp\n|cant|p2a: Hippowdon|slp\n|\n|upkeep\n|turn|42\n|inactive|Time left: 300 sec this turn | 300 sec total\n|\n|t:|1783565057\n|move|p1a: Jumpluff|Strength Sap||[still]\n|-fail|p1a: Jumpluff\n|cant|p2a: Hippowdon|slp\n|\n|upkeep\n|turn|43\n|inactive|Time left: 300 sec this turn | 300 sec total\n|\n|t:|1783565058\n|move|p1a: Jumpluff|Sleep Powder|p2a: Hippowdon\n|-fail|p2a: Hippowdon|slp\n|-curestatus|p2a: Hippowdon|slp|[msg]\n|move|p2a: Hippowdon|Earthquake|p1a: Jumpluff\n|-immune|p1a: Jumpluff\n|\n|upkeep\n|turn|44\n|inactive|Time left: 300 sec this turn | 300 sec total\n|\n|t:|1783565059\n|move|p1a: Jumpluff|Strength Sap||[still]\n|-fail|p1a: Jumpluff\n|move|p2a: Hippowdon|Earthquake|p1a: Jumpluff\n|-immune|p1a: Jumpluff\n|\n|upkeep\n|turn|45\n|inactive|Time left: 300 sec this turn | 300 sec total\n|\n|t:|1783565060\n|move|p1a: Jumpluff|Strength Sap||[still]\n|-fail|p1a: Jumpluff\n|move|p2a: Hippowdon|Stealth Rock||[still]\n|-fail|p2a: Hippowdon\n|\n|upkeep\n|turn|46\n|inactive|Time left: 300 sec this turn | 300 sec total\n|\n|t:|1783565061\n|move|p1a: Jumpluff|Strength Sap||[still]\n|-fail|p1a: Jumpluff\n|move|p2a: Hippowdon|Slack Off||[still]\n|-fail|p2a: Hippowdon|heal\n|\n|upkeep\n|turn|47\n|inactive|Time left: 300 sec this turn | 300 sec total\n|\n|t:|1783565062\n|move|p1a: Jumpluff|Sleep Powder|p2a: Hippowdon\n|-status|p2a: Hippowdon|slp|[from] move: Sleep Powder\n|cant|p2a: Hippowdon|slp\n|\n|upkeep\n|turn|48\n|inactive|Time left: 300 sec this turn | 300 sec total\n|\n|t:|1783565063\n|move|p1a: Jumpluff|Sleep Powder|p2a: Hippowdon\n|-fail|p2a: Hippowdon|slp\n|cant|p2a: Hippowdon|slp\n|\n|upkeep\n|turn|49\n|inactive|Time left: 300 sec this turn | 300 sec total\n|\n|t:|1783565064\n|move|p1a: Jumpluff|Sleep Powder|p2a: Hippowdon\n|-fail|p2a: Hippowdon|slp\n|-curestatus|p2a: Hippowdon|slp|[msg]\n|move|p2a: Hippowdon|Slack Off||[still]\n|-fail|p2a: Hippowdon|heal\n|\n|upkeep\n|turn|50\n|inactive|Time left: 300 sec this turn | 300 sec total\n|\n|t:|1783565065\n|move|p1a: Jumpluff|Sleep Powder|p2a: Hippowdon\n|-status|p2a: Hippowdon|slp|[from] move: Sleep Powder\n|cant|p2a: Hippowdon|slp\n|\n|upkeep\n|turn|51\n|inactive|Time left: 300 sec this turn | 300 sec total\n|\n|t:|1783565066\n|move|p1a: Jumpluff|Sleep Powder|p2a: Hippowdon\n|-fail|p2a: Hippowdon|slp\n|cant|p2a: Hippowdon|slp\n|\n|upkeep\n|turn|52\n|inactive|Time left: 300 sec this turn | 300 sec total\n|\n|t:|1783565067\n|move|p1a: Jumpluff|Sleep Powder|p2a: Hippowdon\n|-fail|p2a: Hippowdon|slp\n|-curestatus|p2a: Hippowdon|slp|[msg]\n|move|p2a: Hippowdon|Earthquake|p1a: Jumpluff\n|-immune|p1a: Jumpluff\n|\n|upkeep\n|turn|53\n|inactive|Time left: 300 sec this turn | 300 sec total\n|\n|t:|1783565068\n|move|p1a: Jumpluff|Sleep Powder|p2a: Hippowdon\n|-status|p2a: Hippowdon|slp|[from] move: Sleep Powder\n|cant|p2a: Hippowdon|slp\n|\n|upkeep\n|turn|54\n|inactive|Time left: 300 sec this turn | 300 sec total\n|\n|t:|1783565069\n|move|p1a: Jumpluff|Sleep Powder|p2a: Hippowdon\n|-fail|p2a: Hippowdon|slp\n|cant|p2a: Hippowdon|slp\n|\n|upkeep\n|turn|55\n|inactive|Time left: 300 sec this turn | 300 sec total\n|\n|t:|1783565070\n|move|p1a: Jumpluff|Sleep Powder|p2a: Hippowdon|[miss]\n|-miss|p1a: Jumpluff|p2a: Hippowdon\n|-curestatus|p2a: Hippowdon|slp|[msg]\n|move|p2a: Hippowdon|Earthquake|p1a: Jumpluff\n|-immune|p1a: Jumpluff\n|\n|upkeep\n|turn|56\n|inactive|Time left: 300 sec this turn | 300 sec total\n|\n|t:|1783565071\n|move|p1a: Jumpluff|Sleep Powder|p2a: Hippowdon\n|-status|p2a: Hippowdon|slp|[from] move: Sleep Powder\n|cant|p2a: Hippowdon|slp\n|\n|upkeep\n|turn|57\n|inactive|Time left: 300 sec this turn | 300 sec total\n|\n|t:|1783565072\n|move|p1a: Jumpluff|Sleep Powder|p2a: Hippowdon\n|-fail|p2a: Hippowdon|slp\n|cant|p2a: Hippowdon|slp\n|\n|upkeep\n|turn|58\n|inactive|Time left: 300 sec this turn | 300 sec total\n|\n|t:|1783565073\n|move|p1a: Jumpluff|Sleep Powder|p2a: Hippowdon\n|-fail|p2a: Hippowdon|slp\n|cant|p2a: Hippowdon|slp\n|\n|upkeep\n|turn|59\n|inactive|Time left: 300 sec this turn | 300 sec total\n|\n|t:|1783565074\n|move|p1a: Jumpluff|Sleep Powder|p2a: Hippowdon\n|-fail|p2a: Hippowdon|slp\n|-curestatus|p2a: Hippowdon|slp|[msg]\n|move|p2a: Hippowdon|Slack Off||[still]\n|-fail|p2a: Hippowdon|heal\n|\n|upkeep\n|turn|60\n|inactive|Time left: 300 sec this turn | 300 sec total\n|\n|t:|1783565075\n|move|p1a: Jumpluff|Sleep Powder|p2a: Hippowdon\n|-status|p2a: Hippowdon|slp|[from] move: Sleep Powder\n|cant|p2a: Hippowdon|slp\n|\n|upkeep\n|turn|61\n|inactive|Time left: 300 sec this turn | 300 sec total\n|\n|t:|1783565076\n|move|p1a: Jumpluff|Sleep Powder|p2a: Hippowdon\n|-fail|p2a: Hippowdon|slp\n|-curestatus|p2a: Hippowdon|slp|[msg]\n|move|p2a: Hippowdon|Slack Off||[still]\n|-fail|p2a: Hippowdon|heal\n|\n|upkeep\n|turn|62\n|inactive|Time left: 300 sec this turn | 300 sec total\n|\n|t:|1783565077\n|move|p1a: Jumpluff|Sleep Powder|p2a: Hippowdon|[miss]\n|-miss|p1a: Jumpluff|p2a: Hippowdon\n|move|p2a: Hippowdon|Earthquake|p1a: Jumpluff\n|-immune|p1a: Jumpluff\n|\n|upkeep\n|turn|63\n|inactive|Time left: 300 sec this turn | 300 sec total\n|\n|t:|1783565078\n|move|p1a: Jumpluff|Sleep Powder|p2a: Hippowdon\n|-status|p2a: Hippowdon|slp|[from] move: Sleep Powder\n|cant|p2a: Hippowdon|slp\n|\n|upkeep\n|turn|64\n|inactive|Time left: 300 sec this turn | 300 sec total\n|\n|t:|1783565079\n|move|p1a: Jumpluff|Strength Sap||[still]\n|-fail|p1a: Jumpluff\n|-curestatus|p2a: Hippowdon|slp|[msg]\n|move|p2a: Hippowdon|Slack Off||[still]\n|-fail|p2a: Hippowdon|heal\n|\n|upkeep\n|turn|65\n|inactive|Time left: 300 sec this turn | 300 sec total\n|\n|t:|1783565080\n|move|p1a: Jumpluff|Sleep Powder|p2a: Hippowdon\n|-status|p2a: Hippowdon|slp|[from] move: Sleep Powder\n|cant|p2a: Hippowdon|slp\n|\n|upkeep\n|turn|66\n|inactive|Time left: 300 sec this turn | 300 sec total\n|\n|t:|1783565081\n|move|p1a: Jumpluff|Acrobatics|p2a: Hippowdon\n|-resisted|p2a: Hippowdon\n|-damage|p2a: Hippowdon|276/311 slp\n|-damage|p1a: Jumpluff|24/100|[from] item: Rocky Helmet|[of] p2a: Hippowdon\n|cant|p2a: Hippowdon|slp\n|\n|upkeep\n|turn|67\n|inactive|Time left: 300 sec this turn | 300 sec total\n|\n|t:|1783565082\n|move|p1a: Jumpluff|Acrobatics|p2a: Hippowdon\n|-resisted|p2a: Hippowdon\n|-damage|p2a: Hippowdon|241/311 slp\n|-damage|p1a: Jumpluff|7/100|[from] item: Rocky Helmet|[of] p2a: Hippowdon\n|cant|p2a: Hippowdon|slp\n|\n|upkeep\n|turn|68\n|inactive|Time left: 300 sec this turn | 300 sec total\n|\n|t:|1783565082\n|move|p1a: Jumpluff|U-turn|p2a: Hippowdon\n|-damage|p2a: Hippowdon|214/311 slp\n|-damage|p1a: Jumpluff|0 fnt|[from] item: Rocky Helmet|[of] p2a: Hippowdon\n|faint|p1a: Jumpluff\n|\n|win|p0y21603490", "uploadtime": 1783565082, "views": 0, "rating": 0, "private": 0, "password": null, "_winner": "p0y21603490", "_our_name": "p0y21603490"}