{"id": "battle-gen9randombattle-1120", "formatid": "gen9randombattle", "format": "[Gen 9] Random Battle", "players": ["p0x1120df5b", "p0y11200d09"], "log": "|init|battle\n|title|p0x1120df5b vs. p0y11200d09\n|j|\u2606p0x1120df5b\n|j|\u2606p0y11200d09\n|t:|1783552135\n|gametype|singles\n|player|p1|p0x1120df5b|1|\n|player|p2|p0y11200d09|266|\n|gen|9\n|tier|[Gen 9] Random Battle\n|rule|Species Clause: Limit one of each Pok\u00e9mon\n|rule|HP Percentage Mod: HP is shown in percentages\n|rule|Sleep Clause Mod: Limit one foe put to sleep\n|rule|Illusion Level Mod: Illusion disguises the Pok\u00e9mon's true level\n|\n|t:|1783552135\n|teamsize|p1|6\n|teamsize|p2|6\n|start\n|switch|p1a: Spiritomb|Spiritomb, L89, F|234/234\n|switch|p2a: Raichu|Raichu, L88, F|100/100\n|turn|1\n|inactive|Battle timer is ON: inactive players will automatically lose when time's up. (requested by p0x1120df5b)\n|\n|t:|1783552137\n|switch|p2a: Ariados|Ariados, L95, F|100/100\n|move|p1a: Spiritomb|Poltergeist|p2a: Ariados\n|-activate|p2a: Ariados|move: Poltergeist|Heavy-Duty Boots\n|-damage|p2a: Ariados|52/100\n|\n|upkeep\n|turn|2\n|inactive|Time left: 300 sec this turn | 300 sec total\n|inactive|p0y11200d09 also wants the timer to be on.\n|\n|t:|1783552138\n|move|p2a: Ariados|Sticky Web|p1a: Spiritomb\n|-sidestart|p1: p0x1120df5b|move: Sticky Web\n|move|p1a: Spiritomb|Foul Play|p2a: Ariados\n|-damage|p2a: Ariados|13/100\n|\n|upkeep\n|turn|3\n|inactive|Time left: 300 sec this turn | 300 sec total\n|\n|t:|1783552139\n|move|p2a: Ariados|Megahorn|p1a: Spiritomb\n|-damage|p1a: Spiritomb|60/234\n|move|p1a: Spiritomb|Foul Play|p2a: Ariados\n|-damage|p2a: Ariados|0 fnt\n|faint|p2a: Ariados\n|\n|-heal|p1a: Spiritomb|74/234|[from] item: Leftovers\n|upkeep\n|\n|t:|1783552141\n|switch|p2a: Hippowdon|Hippowdon, L82, M|100/100\n|-weather|Sandstorm|[from] ability: Sand Stream|[of] p2a: Hippowdon\n|turn|4\n|inactive|Time left: 300 sec this turn | 300 sec total\n|\n|t:|1783552142\n|move|p2a: Hippowdon|Earthquake|p1a: Spiritomb\n|-damage|p1a: Spiritomb|0 fnt\n|faint|p1a: Spiritomb\n|\n|-weather|Sandstorm|[upkeep]\n|upkeep\n|inactive|Time left: 300 sec this turn | 300 sec total | 5 sec grace\n|\n|t:|1783552143\n|switch|p1a: Rhyperior|Rhyperior, L82, F|323/323\n|-activate|p1a: Rhyperior|move: Sticky Web\n|-unboost|p1a: Rhyperior|spe|1\n|turn|5\n|inactive|Time left: 300 sec this turn | 300 sec total\n|\n|t:|1783552144\n|move|p2a: Hippowdon|Stealth Rock|p1a: Rhyperior\n|-sidestart|p1: p0x1120df5b|move: Stealth Rock\n|move|p1a: Rhyperior|Earthquake|p2a: Hippowdon\n|-damage|p2a: Hippowdon|51/100\n|\n|-weather|Sandstorm|[upkeep]\n|-heal|p2a: Hippowdon|57/100|[from] item: Leftovers\n|upkeep\n|turn|6\n|inactive|Time left: 300 sec this turn | 300 sec total\n|\n|t:|1783552145\n|move|p2a: Hippowdon|Slack Off|p2a: Hippowdon\n|-heal|p2a: Hippowdon|100/100\n|move|p1a: Rhyperior|Earthquake|p2a: Hippowdon\n|-damage|p2a: Hippowdon|49/100\n|\n|-weather|Sandstorm|[upkeep]\n|-heal|p2a: Hippowdon|55/100|[from] item: Leftovers\n|upkeep\n|turn|7\n|inactive|Time left: 300 sec this turn | 300 sec total\n|\n|t:|1783552146\n|move|p2a: Hippowdon|Slack Off|p2a: Hippowdon\n|-heal|p2a: Hippowdon|100/100\n|move|p1a: Rhyperior|Earthquake|p2a: Hippowdon\n|-damage|p2a: Hippowdon|49/100\n|\n|-weather|Sandstorm|[upkeep]\n|-heal|p2a: Hippowdon|55/100|[from] item: Leftovers\n|upkeep\n|turn|8\n|inactive|Time left: 300 sec this turn | 300 sec total\n|\n|t:|1783552147\n|move|p2a: Hippowdon|Slack Off|p2a: Hippowdon\n|-heal|p2a: Hippowdon|100/100\n|move|p1a: Rhyperior|Earthquake|p2a: Hippowdon\n|-damage|p2a: Hippowdon|44/100\n|\n|-weather|none\n|-heal|p2a: Hippowdon|50/100|[from] item: Leftovers\n|upkeep\n|turn|9\n|inactive|Time left: 300 sec this turn | 300 sec total\n|\n|t:|1783552148\n|move|p2a: Hippowdon|Slack Off|p2a: Hippowdon\n|-heal|p2a: Hippowdon|100/100\n|move|p1a: Rhyperior|Earthquake|p2a: Hippowdon\n|-damage|p2a: Hippowdon|46/100\n|\n|-heal|p2a: Hippowdon|52/100|[from] item: Leftovers\n|upkeep\n|turn|10\n|inactive|Time left: 300 sec this turn | 300 sec total\n|\n|t:|1783552149\n|move|p2a: Hippowdon|Slack Off|p2a: Hippowdon\n|-heal|p2a: Hippowdon|100/100\n|move|p1a: Rhyperior|Earthquake|p2a: Hippowdon\n|-damage|p2a: Hippowdon|51/100\n|\n|-heal|p2a: Hippowdon|57/100|[from] item: Leftovers\n|upkeep\n|turn|11\n|inactive|Time left: 300 sec this turn | 300 sec total\n|\n|t:|1783552150\n|move|p2a: Hippowdon|Slack Off|p2a: Hippowdon\n|-heal|p2a: Hippowdon|100/100\n|move|p1a: Rhyperior|Earthquake|p2a: Hippowdon\n|-damage|p2a: Hippowdon|51/100\n|\n|-heal|p2a: Hippowdon|57/100|[from] item: Leftovers\n|upkeep\n|turn|12\n|inactive|Time left: 300 sec this turn | 300 sec total\n|\n|t:|1783552151\n|move|p2a: Hippowdon|Slack Off|p2a: Hippowdon\n|-heal|p2a: Hippowdon|100/100\n|move|p1a: Rhyperior|Earthquake|p2a: Hippowdon\n|-damage|p2a: Hippowdon|46/100\n|\n|-heal|p2a: Hippowdon|52/100|[from] item: Leftovers\n|upkeep\n|turn|13\n|inactive|Time left: 300 sec this turn | 300 sec total\n|\n|t:|1783552152\n|move|p2a: Hippowdon|Slack Off|p2a: Hippowdon\n|-heal|p2a: Hippowdon|100/100\n|move|p1a: Rhyperior|Earthquake|p2a: Hippowdon\n|-damage|p2a: Hippowdon|50/100\n|\n|-heal|p2a: Hippowdon|56/100|[from] item: Leftovers\n|upkeep\n|turn|14\n|inactive|Time left: 300 sec this turn | 300 sec total\n|\n|t:|1783552154\n|move|p1a: Rhyperior|Earthquake|p2a: Hippowdon\n|-damage|p2a: Hippowdon|0 fnt\n|faint|p2a: Hippowdon\n|\n|upkeep\n|\n|t:|1783552154\n|switch|p2a: Talonflame|Talonflame, L83, F|100/100\n|turn|15\n|inactive|Time left: 300 sec this turn | 300 sec total\n|\n|t:|1783552155\n|move|p2a: Talonflame|Swords Dance|p2a: Talonflame\n|-boost|p2a: Talonflame|atk|2\n|move|p1a: Rhyperior|Earthquake|p2a: Talonflame\n|-immune|p2a: Talonflame\n|\n|upkeep\n|turn|16\n|inactive|Time left: 300 sec this turn | 300 sec total\n|\n|t:|1783552156\n|move|p2a: Talonflame|Flare Blitz|p1a: Rhyperior\n|-resisted|p1a: Rhyperior\n|-damage|p1a: Rhyperior|237/323\n|-damage|p2a: Talonflame|90/100|[from] Recoil\n|move|p1a: Rhyperior|Earthquake|p2a: Talonflame\n|-immune|p2a: Talonflame\n|\n|upkeep\n|turn|17\n|inactive|Time left: 300 sec this turn | 300 sec total\n|\n|t:|1783552158\n|switch|p1a: Bellibolt|Bellibolt, L84, F|320/320\n|-activate|p1a: Bellibolt|move: Sticky Web\n|-unboost|p1a: Bellibolt|spe|1\n|-damage|p1a: Bellibolt|280/320|[from] Stealth Rock\n|move|p2a: Talonflame|Flare Blitz|p1a: Bellibolt\n|-damage|p1a: Bellibolt|81/320\n|-start|p1a: Bellibolt|Charge|Flare Blitz|[from] ability: Electromorphosis\n|-damage|p2a: Talonflame|65/100|[from] Recoil\n|\n|-heal|p1a: Bellibolt|101/320|[from] item: Leftovers\n|upkeep\n|turn|18\n|inactive|Time left: 300 sec this turn | 300 sec total\n|\n|t:|1783552159\n|move|p2a: Talonflame|Flare Blitz|p1a: Bellibolt\n|-damage|p1a: Bellibolt|0 fnt\n|faint|p1a: Bellibolt\n|-damage|p2a: Talonflame|53/100|[from] Recoil\n|\n|upkeep\n|inactive|Time left: 300 sec this turn | 300 sec total | 5 sec grace\n|\n|t:|1783552159\n|switch|p1a: Rhyperior|Rhyperior, L82, F|237/323\n|-activate|p1a: Rhyperior|move: Sticky Web\n|-unboost|p1a: Rhyperior|spe|1\n|-damage|p1a: Rhyperior|217/323|[from] Stealth Rock\n|turn|19\n|inactive|Time left: 300 sec this turn | 300 sec total\n|\n|t:|1783552160\n|move|p2a: Talonflame|Brave Bird|p1a: Rhyperior\n|-resisted|p1a: Rhyperior\n|-damage|p1a: Rhyperior|130/323\n|-damage|p2a: Talonflame|42/100|[from] Recoil\n|move|p1a: Rhyperior|Stone Edge|p2a: Talonflame\n|-supereffective|p2a: Talonflame\n|-damage|p2a: Talonflame|0 fnt\n|faint|p2a: Talonflame\n|\n|upkeep\n|\n|t:|1783552161\n|switch|p2a: Raichu|Raichu, L88, F|100/100\n|turn|20\n|inactive|Time left: 300 sec this turn | 300 sec total\n|\n|t:|1783552162\n|move|p2a: Raichu|Surf|p1a: Rhyperior\n|-supereffective|p1a: Rhyperior\n|-damage|p1a: Rhyperior|0 fnt\n|faint|p1a: Rhyperior\n|\n|upkeep\n|inactive|Time left: 300 sec this turn | 300 sec total | 5 sec grace\n|\n|t:|1783552164\n|switch|p1a: Dudunsparce|Dudunsparce, L83, M|343/343\n|-activate|p1a: Dudunsparce|move: Sticky Web\n|-unboost|p1a: Dudunsparce|spe|1\n|-damage|p1a: Dudunsparce|301/343|[from] Stealth Rock\n|turn|21\n|inactive|Time left: 300 sec this turn | 300 sec total\n|\n|t:|1783552165\n|move|p2a: Raichu|Nuzzle|p1a: Dudunsparce\n|-damage|p1a: Dudunsparce|277/343\n|-status|p1a: Dudunsparce|par\n|move|p1a: Dudunsparce|Calm Mind|p1a: Dudunsparce\n|-boost|p1a: Dudunsparce|spa|1\n|-boost|p1a: Dudunsparce|spd|1\n|\n|-heal|p1a: Dudunsparce|298/343 par|[from] item: Leftovers\n|upkeep\n|turn|22\n|inactive|Time left: 300 sec this turn | 300 sec total\n|\n|t:|1783552166\n|move|p2a: Raichu|Focus Blast|p1a: Dudunsparce|[miss]\n|-miss|p2a: Raichu|p1a: Dudunsparce\n|cant|p1a: Dudunsparce|par\n|\n|-heal|p1a: Dudunsparce|319/343 par|[from] item: Leftovers\n|upkeep\n|turn|23\n|inactive|Time left: 300 sec this turn | 300 sec total\n|\n|t:|1783552167\n|move|p2a: Raichu|Thunderbolt|p1a: Dudunsparce\n|-damage|p1a: Dudunsparce|244/343 par\n|move|p1a: Dudunsparce|Boomburst|p2a: Raichu\n|-damage|p2a: Raichu|44/100\n|\n|-heal|p1a: Dudunsparce|265/343 par|[from] item: Leftovers\n|upkeep\n|turn|24\n|inactive|Time left: 300 sec this turn | 300 sec total\n|\n|t:|1783552169\n|move|p2a: Raichu|Focus Blast|p1a: Dudunsparce\n|-supereffective|p1a: Dudunsparce\n|-damage|p1a: Dudunsparce|139/343 par\n|cant|p1a: Dudunsparce|par\n|\n|-heal|p1a: Dudunsparce|160/343 par|[from] item: Leftovers\n|upkeep\n|turn|25\n|inactive|Time left: 300 sec this turn | 300 sec total\n|\n|t:|1783552170\n|move|p2a: Raichu|Focus Blast|p1a: Dudunsparce|[miss]\n|-miss|p2a: Raichu|p1a: Dudunsparce\n|move|p1a: Dudunsparce|Boomburst|p2a: Raichu\n|-damage|p2a: Raichu|0 fnt\n|faint|p2a: Raichu\n|\n|-heal|p1a: Dudunsparce|181/343 par|[from] item: Leftovers\n|upkeep\n|\n|t:|1783552171\n|switch|p2a: Mewtwo|Mewtwo, L72|100/100\n|-ability|p2a: Mewtwo|Unnerve\n|turn|26\n|inactive|Time left: 300 sec this turn | 300 sec total\n|\n|t:|1783552172\n|move|p2a: Mewtwo|Nasty Plot|p2a: Mewtwo\n|-boost|p2a: Mewtwo|spa|2\n|move|p1a: Dudunsparce|Boomburst|p2a: Mewtwo\n|-damage|p2a: Mewtwo|11/100\n|\n|-heal|p1a: Dudunsparce|202/343 par|[from] item: Leftovers\n|upkeep\n|turn|27\n|inactive|Time left: 300 sec this turn | 300 sec total\n|\n|t:|1783552173\n|move|p2a: Mewtwo|Psystrike|p1a: Dudunsparce\n|-damage|p1a: Dudunsparce|0 fnt\n|faint|p1a: Dudunsparce\n|-damage|p2a: Mewtwo|1/100|[from] item: Life Orb\n|\n|upkeep\n|inactive|Time left: 300 sec this turn | 300 sec total | 5 sec grace\n|\n|t:|1783552174\n|switch|p1a: Tornadus|Tornadus-Therian, L79, M|254/254\n|-damage|p1a: Tornadus|191/254|[from] Stealth Rock\n|turn|28\n|inactive|Time left: 300 sec this turn | 300 sec total\n|\n|t:|1783552175\n|move|p1a: Tornadus|Bleakwind Storm|p2a: Mewtwo\n|-damage|p2a: Mewtwo|0 fnt\n|faint|p2a: Mewtwo\n|\n|upkeep\n|\n|t:|1783552176\n|switch|p2a: Maushold|Maushold, L76|100/100\n|turn|29\n|inactive|Time left: 300 sec this turn | 300 sec total\n|\n|t:|1783552177\n|-terastallize|p1a: Tornadus|Flying\n|-terastallize|p2a: Maushold|Normal\n|move|p1a: Tornadus|Bleakwind Storm|p2a: Maushold\n|-damage|p2a: Maushold|0 fnt\n|faint|p2a: Maushold\n|\n|win|p0x1120df5b", "uploadtime": 1783552177, "views": 0, "rating": 0, "private": 0, "password": null, "_winner": "p0x1120df5b", "_our_name": "p0x1120df5b"}