{"id": "battle-gen9randombattle-2055", "formatid": "gen9randombattle", "format": "[Gen 9] Random Battle", "players": ["p0x2055fac3", "p0y20550b48"], "log": "|init|battle\n|title|p0x2055fac3 vs. p0y20550b48\n|j|\u2606p0x2055fac3\n|j|\u2606p0y20550b48\n|t:|1783563025\n|gametype|singles\n|player|p1|p0x2055fac3|170|\n|player|p2|p0y20550b48|2|\n|gen|9\n|tier|[Gen 9] Random Battle\n|rule|Species Clause: Limit one of each Pok\u00e9mon\n|rule|HP Percentage Mod: HP is shown in percentages\n|rule|Sleep Clause Mod: Limit one foe put to sleep\n|rule|Illusion Level Mod: Illusion disguises the Pok\u00e9mon's true level\n|\n|t:|1783563025\n|teamsize|p1|6\n|teamsize|p2|6\n|start\n|switch|p1a: Pincurchin|Pincurchin, M|258/258\n|switch|p2a: Dudunsparce|Dudunsparce, L83, F|100/100\n|-fieldstart|move: Electric Terrain|[from] ability: Electric Surge|[of] p1a: Pincurchin\n|turn|1\n|inactive|Battle timer is ON: inactive players will automatically lose when time's up. (requested by p0x2055fac3)\n|inactive|p0y20550b48 also wants the timer to be on.\n|\n|t:|1783563027\n|move|p2a: Dudunsparce|Headbutt|p1a: Pincurchin\n|-damage|p1a: Pincurchin|198/258\n|move|p1a: Pincurchin|Zing Zap|p2a: Dudunsparce\n|-damage|p2a: Dudunsparce|53/100\n|\n|-heal|p2a: Dudunsparce|59/100|[from] item: Leftovers\n|-heal|p1a: Pincurchin|214/258|[from] item: Leftovers\n|upkeep\n|turn|2\n|inactive|Time left: 300 sec this turn | 300 sec total\n|\n|t:|1783563028\n|move|p2a: Dudunsparce|Earthquake|p1a: Pincurchin\n|-supereffective|p1a: Pincurchin\n|-damage|p1a: Pincurchin|90/258\n|move|p1a: Pincurchin|Zing Zap|p2a: Dudunsparce\n|-damage|p2a: Dudunsparce|7/100\n|\n|-heal|p2a: Dudunsparce|14/100|[from] item: Leftovers\n|-heal|p1a: Pincurchin|106/258|[from] item: Leftovers\n|upkeep\n|turn|3\n|inactive|Time left: 300 sec this turn | 300 sec total\n|\n|t:|1783563029\n|move|p2a: Dudunsparce|Earthquake|p1a: Pincurchin\n|-supereffective|p1a: Pincurchin\n|-damage|p1a: Pincurchin|2/258\n|move|p1a: Pincurchin|Zing Zap|p2a: Dudunsparce\n|-damage|p2a: Dudunsparce|0 fnt\n|faint|p2a: Dudunsparce\n|\n|-heal|p1a: Pincurchin|18/258|[from] item: Leftovers\n|upkeep\n|\n|t:|1783563030\n|switch|p2a: Kyogre|Kyogre, L71|100/100\n|-weather|RainDance|[from] ability: Drizzle|[of] p2a: Kyogre\n|turn|4\n|inactive|Time left: 300 sec this turn | 300 sec total\n|\n|t:|1783563032\n|switch|p1a: Ninetales|Ninetales-Alola, L78, F|242/242\n|-weather|Snowscape|[from] ability: Snow Warning|[of] p1a: Ninetales\n|move|p2a: Kyogre|Water Spout|p1a: Ninetales\n|-damage|p1a: Ninetales|85/242\n|\n|-weather|Snowscape|[upkeep]\n|upkeep\n|turn|5\n|inactive|Time left: 300 sec this turn | 300 sec total\n|\n|t:|1783563033\n|switch|p1a: Appletun|Appletun, L92, F|352/352\n|move|p2a: Kyogre|Water Spout|p1a: Appletun\n|-resisted|p1a: Appletun\n|-damage|p1a: Appletun|312/352\n|\n|-weather|Snowscape|[upkeep]\n|-heal|p1a: Appletun|334/352|[from] item: Leftovers\n|-fieldend|move: Electric Terrain\n|upkeep\n|turn|6\n|inactive|Time left: 300 sec this turn | 300 sec total\n|\n|t:|1783563034\n|move|p2a: Kyogre|Water Spout|p1a: Appletun\n|-resisted|p1a: Appletun\n|-damage|p1a: Appletun|293/352\n|move|p1a: Appletun|Apple Acid|p2a: Kyogre\n|-supereffective|p2a: Kyogre\n|-damage|p2a: Kyogre|38/100\n|-unboost|p2a: Kyogre|spd|1\n|\n|-weather|Snowscape|[upkeep]\n|-heal|p1a: Appletun|315/352|[from] item: Leftovers\n|upkeep\n|turn|7\n|inactive|Time left: 300 sec this turn | 300 sec total\n|\n|t:|1783563035\n|switch|p2a: Fezandipiti|Fezandipiti, L82, M|100/100\n|move|p1a: Appletun|Apple Acid|p2a: Fezandipiti\n|-resisted|p2a: Fezandipiti\n|-damage|p2a: Fezandipiti|85/100\n|-unboost|p2a: Fezandipiti|spd|1\n|\n|-weather|Snowscape|[upkeep]\n|-heal|p2a: Fezandipiti|92/100|[from] item: Leftovers\n|-heal|p1a: Appletun|337/352|[from] item: Leftovers\n|upkeep\n|turn|8\n|inactive|Time left: 300 sec this turn | 300 sec total\n|\n|t:|1783563036\n|move|p2a: Fezandipiti|Gunk Shot|p1a: Appletun|[miss]\n|-miss|p2a: Fezandipiti|p1a: Appletun\n|move|p1a: Appletun|Apple Acid|p2a: Fezandipiti\n|-resisted|p2a: Fezandipiti\n|-damage|p2a: Fezandipiti|71/100\n|-unboost|p2a: Fezandipiti|spd|1\n|\n|-weather|none\n|-heal|p2a: Fezandipiti|77/100|[from] item: Leftovers\n|-heal|p1a: Appletun|352/352|[from] item: Leftovers\n|upkeep\n|turn|9\n|inactive|Time left: 300 sec this turn | 300 sec total\n|\n|t:|1783563037\n|move|p2a: Fezandipiti|Swords Dance|p2a: Fezandipiti\n|-boost|p2a: Fezandipiti|atk|2\n|move|p1a: Appletun|Apple Acid|p2a: Fezandipiti\n|-resisted|p2a: Fezandipiti\n|-crit|p2a: Fezandipiti\n|-damage|p2a: Fezandipiti|35/100\n|-unboost|p2a: Fezandipiti|spd|1\n|\n|-heal|p2a: Fezandipiti|41/100|[from] item: Leftovers\n|upkeep\n|turn|10\n|inactive|Time left: 300 sec this turn | 300 sec total\n|\n|t:|1783563038\n|switch|p1a: Pecharunt|Pecharunt, L77|262/262\n|move|p2a: Fezandipiti|Play Rough|p1a: Pecharunt|[miss]\n|-miss|p2a: Fezandipiti|p1a: Pecharunt\n|\n|-heal|p2a: Fezandipiti|47/100|[from] item: Leftovers\n|upkeep\n|turn|11\n|inactive|Time left: 300 sec this turn | 300 sec total\n|\n|t:|1783563039\n|switch|p2a: Moltres|Moltres-Galar, L79|100/100\n|move|p1a: Pecharunt|Shadow Ball|p2a: Moltres\n|-resisted|p2a: Moltres\n|-damage|p2a: Moltres|90/100\n|-unboost|p2a: Moltres|spd|1\n|\n|upkeep\n|turn|12\n|inactive|Time left: 300 sec this turn | 300 sec total\n|\n|t:|1783563040\n|move|p2a: Moltres|Fiery Wrath|p1a: Pecharunt\n|-supereffective|p1a: Pecharunt\n|-damage|p1a: Pecharunt|58/262\n|move|p1a: Pecharunt|Malignant Chain|p2a: Moltres\n|-damage|p2a: Moltres|51/100\n|-status|p2a: Moltres|tox\n|-start|p2a: Moltres|confusion|[from] ability: Poison Puppeteer|[of] p1a: Pecharunt\n|\n|-damage|p2a: Moltres|45/100 tox|[from] psn\n|upkeep\n|turn|13\n|inactive|Time left: 300 sec this turn | 300 sec total\n|\n|t:|1783563041\n|switch|p2a: Seviper|Seviper, L93, F|100/100\n|move|p1a: Pecharunt|Recover|p1a: Pecharunt\n|-heal|p1a: Pecharunt|189/262\n|\n|upkeep\n|turn|14\n|inactive|Time left: 300 sec this turn | 300 sec total\n|\n|t:|1783563042\n|move|p2a: Seviper|Earthquake|p1a: Pecharunt\n|-supereffective|p1a: Pecharunt\n|-damage|p1a: Pecharunt|61/262\n|move|p1a: Pecharunt|Parting Shot|p2a: Seviper\n|-unboost|p2a: Seviper|atk|1\n|-unboost|p2a: Seviper|spa|1\n|inactive|Time left: 300 sec this turn | 300 sec total | 5 sec grace\n|\n|t:|1783563043\n|switch|p1a: Ninetales|Ninetales-Alola, L78, F|85/242|[from] Parting Shot\n|-weather|Snowscape|[from] ability: Snow Warning|[of] p1a: Ninetales\n|\n|-weather|Snowscape|[upkeep]\n|upkeep\n|turn|15\n|inactive|Time left: 300 sec this turn | 300 sec total\n|\n|t:|1783563043\n|switch|p2a: Kyogre|Kyogre, L71|38/100\n|-weather|RainDance|[from] ability: Drizzle|[of] p2a: Kyogre\n|move|p1a: Ninetales|Freeze-Dry|p2a: Kyogre\n|-supereffective|p2a: Kyogre\n|-damage|p2a: Kyogre|0 fnt\n|faint|p2a: Kyogre\n|\n|-weather|RainDance|[upkeep]\n|upkeep\n|\n|t:|1783563044\n|switch|p2a: Fezandipiti|Fezandipiti, L82, M|47/100\n|turn|16\n|inactive|Time left: 300 sec this turn | 300 sec total\n|\n|t:|1783563045\n|switch|p1a: Pecharunt|Pecharunt, L77|61/262\n|move|p2a: Fezandipiti|Swords Dance|p2a: Fezandipiti\n|-boost|p2a: Fezandipiti|atk|2\n|\n|-weather|RainDance|[upkeep]\n|-heal|p2a: Fezandipiti|53/100|[from] item: Leftovers\n|upkeep\n|turn|17\n|inactive|Time left: 300 sec this turn | 300 sec total\n|\n|t:|1783563045\n|move|p2a: Fezandipiti|Swords Dance|p2a: Fezandipiti\n|-boost|p2a: Fezandipiti|atk|2\n|move|p1a: Pecharunt|Recover|p1a: Pecharunt\n|-heal|p1a: Pecharunt|192/262\n|\n|-weather|RainDance|[upkeep]\n|-heal|p2a: Fezandipiti|59/100|[from] item: Leftovers\n|upkeep\n|turn|18\n|inactive|Time left: 300 sec this turn | 300 sec total\n|\n|t:|1783563046\n|-terastallize|p2a: Fezandipiti|Ground\n|move|p2a: Fezandipiti|Tera Blast|p1a: Pecharunt|[anim] Tera Blast Ground\n|-supereffective|p1a: Pecharunt\n|-damage|p1a: Pecharunt|0 fnt\n|faint|p1a: Pecharunt\n|\n|-weather|RainDance|[upkeep]\n|-heal|p2a: Fezandipiti|66/100|[from] item: Leftovers\n|upkeep\n|inactive|Time left: 300 sec this turn | 300 sec total | 5 sec grace\n|\n|t:|1783563047\n|switch|p1a: Ninetales|Ninetales-Alola, L78, F|85/242\n|-weather|Snowscape|[from] ability: Snow Warning|[of] p1a: Ninetales\n|turn|19\n|inactive|Time left: 300 sec this turn | 300 sec total\n|\n|t:|1783563048\n|move|p1a: Ninetales|Aurora Veil|p1a: Ninetales\n|-sidestart|p1: p0x2055fac3|move: Aurora Veil\n|move|p2a: Fezandipiti|Tera Blast|p1a: Ninetales|[anim] Tera Blast Ground\n|-damage|p1a: Ninetales|0 fnt\n|faint|p1a: Ninetales\n|\n|-weather|Snowscape|[upkeep]\n|-heal|p2a: Fezandipiti|72/100|[from] item: Leftovers\n|upkeep\n|inactive|Time left: 300 sec this turn | 300 sec total | 5 sec grace\n|\n|t:|1783563048\n|switch|p1a: Appletun|Appletun, L92, F|352/352\n|turn|20\n|inactive|Time left: 300 sec this turn | 300 sec total\n|\n|t:|1783563049\n|-terastallize|p1a: Appletun|Steel\n|move|p2a: Fezandipiti|Gunk Shot|p1a: Appletun\n|-immune|p1a: Appletun\n|move|p1a: Appletun|Apple Acid|p2a: Fezandipiti\n|-supereffective|p2a: Fezandipiti\n|-damage|p2a: Fezandipiti|13/100\n|-unboost|p2a: Fezandipiti|spd|1\n|\n|-weather|Snowscape|[upkeep]\n|-heal|p2a: Fezandipiti|20/100|[from] item: Leftovers\n|upkeep\n|turn|21\n|inactive|Time left: 300 sec this turn | 300 sec total\n|\n|t:|1783563050\n|move|p2a: Fezandipiti|Tera Blast|p1a: Appletun|[anim] Tera Blast Ground\n|-supereffective|p1a: Appletun\n|-damage|p1a: Appletun|114/352\n|move|p1a: Appletun|Apple Acid|p2a: Fezandipiti\n|-supereffective|p2a: Fezandipiti\n|-damage|p2a: Fezandipiti|0 fnt\n|faint|p2a: Fezandipiti\n|\n|-weather|Snowscape|[upkeep]\n|-heal|p1a: Appletun|136/352|[from] item: Leftovers\n|upkeep\n|\n|t:|1783563051\n|switch|p2a: Seviper|Seviper, L93, F|100/100\n|turn|22\n|inactive|Time left: 300 sec this turn | 300 sec total\n|\n|t:|1783563052\n|switch|p1a: Zarude|Zarude, L77|288/288\n|move|p2a: Seviper|Earthquake|p1a: Zarude\n|-resisted|p1a: Zarude\n|-damage|p1a: Zarude|248/288\n|\n|-weather|Snowscape|[upkeep]\n|upkeep\n|turn|23\n|inactive|Time left: 300 sec this turn | 300 sec total\n|\n|t:|1783563053\n|switch|p2a: Kommo-o|Kommo-o, L77, M|100/100\n|move|p1a: Zarude|Swords Dance|p1a: Zarude\n|-boost|p1a: Zarude|atk|2\n|\n|-weather|none\n|upkeep\n|turn|24\n|inactive|Time left: 300 sec this turn | 300 sec total\n|\n|t:|1783563054\n|move|p1a: Zarude|Knock Off|p2a: Kommo-o\n|-resisted|p2a: Kommo-o\n|-damage|p2a: Kommo-o|56/100\n|-enditem|p2a: Kommo-o|Loaded Dice|[from] move: Knock Off|[of] p1a: Zarude\n|-damage|p1a: Zarude|220/288|[from] item: Life Orb\n|move|p2a: Kommo-o|Close Combat|p1a: Zarude\n|-supereffective|p1a: Zarude\n|-damage|p1a: Zarude|118/288\n|-unboost|p2a: Kommo-o|def|1\n|-unboost|p2a: Kommo-o|spd|1\n|\n|upkeep\n|turn|25\n|inactive|Time left: 300 sec this turn | 300 sec total\n|\n|t:|1783563055\n|move|p1a: Zarude|Power Whip|p2a: Kommo-o\n|-resisted|p2a: Kommo-o\n|-damage|p2a: Kommo-o|0 fnt\n|faint|p2a: Kommo-o\n|-damage|p1a: Zarude|90/288|[from] item: Life Orb\n|\n|upkeep\n|\n|t:|1783563056\n|switch|p2a: Seviper|Seviper, L93, F|100/100\n|turn|26\n|inactive|Time left: 300 sec this turn | 300 sec total\n|\n|t:|1783563057\n|move|p2a: Seviper|Gunk Shot|p1a: Zarude|[miss]\n|-miss|p2a: Seviper|p1a: Zarude\n|move|p1a: Zarude|Knock Off|p2a: Seviper\n|-damage|p2a: Seviper|0 fnt\n|-enditem|p2a: Seviper|Choice Scarf|[from] move: Knock Off|[of] p1a: Zarude\n|faint|p2a: Seviper\n|-damage|p1a: Zarude|62/288|[from] item: Life Orb\n|\n|-sideend|p1: p0x2055fac3|move: Aurora Veil\n|upkeep\n|\n|t:|1783563058\n|switch|p2a: Moltres|Moltres-Galar, L79|45/100 tox\n|turn|27\n|inactive|Time left: 300 sec this turn | 300 sec total\n|\n|t:|1783563059\n|move|p1a: Zarude|Knock Off|p2a: Moltres\n|-resisted|p2a: Moltres\n|-damage|p2a: Moltres|0 fnt\n|-enditem|p2a: Moltres|Weakness Policy|[from] move: Knock Off|[of] p1a: Zarude\n|faint|p2a: Moltres\n|-damage|p1a: Zarude|34/288|[from] item: Life Orb\n|\n|win|p0x2055fac3", "uploadtime": 1783563059, "views": 0, "rating": 0, "private": 0, "password": null, "_winner": "p0x2055fac3", "_our_name": "p0x2055fac3"}