{"id": "battle-gen9randombattle-2106", "formatid": "gen9randombattle", "format": "[Gen 9] Random Battle", "players": ["p0x210656f4", "p0y21067dbf"], "log": "|init|battle\n|title|p0x210656f4 vs. p0y21067dbf\n|j|\u2606p0x210656f4\n|j|\u2606p0y21067dbf\n|t:|1783563581\n|gametype|singles\n|player|p1|p0x210656f4|2|\n|player|p2|p0y21067dbf|2|\n|gen|9\n|tier|[Gen 9] Random Battle\n|rule|Species Clause: Limit one of each Pok\u00e9mon\n|rule|HP Percentage Mod: HP is shown in percentages\n|rule|Sleep Clause Mod: Limit one foe put to sleep\n|rule|Illusion Level Mod: Illusion disguises the Pok\u00e9mon's true level\n|\n|t:|1783563581\n|teamsize|p1|6\n|teamsize|p2|6\n|start\n|switch|p1a: Dewgong|Dewgong, L94, M|322/322\n|switch|p2a: Pecharunt|Pecharunt, L77|100/100\n|turn|1\n|inactive|Battle timer is ON: inactive players will automatically lose when time's up. (requested by p0y21067dbf)\n|inactive|Time left: 300 sec this turn | 300 sec total | 60 sec grace\n|inactive|p0x210656f4 also wants the timer to be on.\n|\n|t:|1783563583\n|move|p1a: Dewgong|Knock Off|p2a: Pecharunt\n|-supereffective|p2a: Pecharunt\n|-damage|p2a: Pecharunt|66/100\n|-enditem|p2a: Pecharunt|Leftovers|[from] move: Knock Off|[of] p1a: Dewgong\n|move|p2a: Pecharunt|Parting Shot|p1a: Dewgong\n|-unboost|p1a: Dewgong|atk|1\n|-unboost|p1a: Dewgong|spa|1\n|\n|t:|1783563583\n|switch|p2a: Grimmsnarl|Grimmsnarl, L83, M|100/100|[from] Parting Shot\n|\n|upkeep\n|turn|2\n|inactive|Time left: 300 sec this turn | 300 sec total\n|\n|t:|1783563585\n|switch|p1a: Zacian|Zacian-Crowned, L64|225/225\n|-ability|p1a: Zacian|Intrepid Sword|boost\n|-boost|p1a: Zacian|atk|1\n|move|p2a: Grimmsnarl|Spirit Break|p1a: Zacian\n|-resisted|p1a: Zacian\n|-damage|p1a: Zacian|174/225\n|-unboost|p1a: Zacian|spa|1\n|\n|upkeep\n|turn|3\n|inactive|Time left: 300 sec this turn | 300 sec total\n|\n|t:|1783563586\n|move|p2a: Grimmsnarl|Parting Shot|p1a: Zacian\n|-unboost|p1a: Zacian|atk|1\n|-unboost|p1a: Zacian|spa|1\n|\n|t:|1783563587\n|switch|p2a: Pecharunt|Pecharunt, L77|66/100|[from] Parting Shot\n|move|p1a: Zacian|Behemoth Blade|p2a: Pecharunt\n|-damage|p2a: Pecharunt|44/100\n|\n|upkeep\n|turn|4\n|inactive|Time left: 300 sec this turn | 300 sec total\n|\n|t:|1783563588\n|move|p1a: Zacian|Swords Dance|p1a: Zacian\n|-boost|p1a: Zacian|atk|2\n|move|p2a: Pecharunt|Recover|p2a: Pecharunt\n|-heal|p2a: Pecharunt|94/100\n|\n|upkeep\n|turn|5\n|inactive|Time left: 300 sec this turn | 300 sec total\n|\n|t:|1783563589\n|move|p1a: Zacian|Behemoth Blade|p2a: Pecharunt\n|-damage|p2a: Pecharunt|45/100\n|move|p2a: Pecharunt|Parting Shot|p1a: Zacian\n|-unboost|p1a: Zacian|atk|1\n|-unboost|p1a: Zacian|spa|1\n|\n|t:|1783563590\n|switch|p2a: Groudon|Groudon, L72|100/100|[from] Parting Shot\n|-weather|SunnyDay|[from] ability: Drought|[of] p2a: Groudon\n|\n|-weather|SunnyDay|[upkeep]\n|upkeep\n|turn|6\n|inactive|Time left: 300 sec this turn | 300 sec total\n|\n|t:|1783563591\n|switch|p1a: Luxray|Luxray, L88, M|284/284\n|-ability|p1a: Luxray|Intimidate|boost\n|-unboost|p2a: Groudon|atk|1\n|move|p2a: Groudon|Heat Crash|p1a: Luxray\n|-damage|p1a: Luxray|195/284\n|\n|-weather|SunnyDay|[upkeep]\n|upkeep\n|turn|7\n|inactive|Time left: 300 sec this turn | 300 sec total\n|\n|t:|1783563592\n|move|p1a: Luxray|Play Rough|p2a: Groudon\n|-damage|p2a: Groudon|74/100\n|move|p2a: Groudon|Stealth Rock|p1a: Luxray\n|-sidestart|p1: p0x210656f4|move: Stealth Rock\n|\n|-weather|SunnyDay|[upkeep]\n|-heal|p2a: Groudon|80/100|[from] item: Leftovers\n|upkeep\n|turn|8\n|inactive|Time left: 300 sec this turn | 300 sec total\n|\n|t:|1783563593\n|move|p1a: Luxray|Play Rough|p2a: Groudon\n|-damage|p2a: Groudon|54/100\n|move|p2a: Groudon|Precipice Blades|p1a: Luxray\n|-supereffective|p1a: Luxray\n|-damage|p1a: Luxray|21/284\n|\n|-weather|SunnyDay|[upkeep]\n|-heal|p2a: Groudon|60/100|[from] item: Leftovers\n|upkeep\n|turn|9\n|inactive|Time left: 300 sec this turn | 300 sec total\n|\n|t:|1783563594\n|move|p1a: Luxray|Throat Chop|p2a: Groudon\n|-damage|p2a: Groudon|37/100\n|-start|p2a: Groudon|Throat Chop|[silent]\n|move|p2a: Groudon|Heat Crash|p1a: Luxray\n|-damage|p1a: Luxray|0 fnt\n|faint|p1a: Luxray\n|\n|-weather|none\n|-heal|p2a: Groudon|43/100|[from] item: Leftovers\n|upkeep\n|inactive|Time left: 300 sec this turn | 300 sec total | 5 sec grace\n|\n|t:|1783563595\n|switch|p1a: Dewgong|Dewgong, L94, M|322/322\n|turn|10\n|inactive|Time left: 300 sec this turn | 300 sec total\n|\n|t:|1783563596\n|switch|p2a: Inteleon|Inteleon, L81, F|100/100\n|move|p1a: Dewgong|Triple Axel|p2a: Inteleon\n|-resisted|p2a: Inteleon\n|-damage|p2a: Inteleon|96/100\n|-resisted|p2a: Inteleon\n|-damage|p2a: Inteleon|84/100\n|-resisted|p2a: Inteleon\n|-damage|p2a: Inteleon|66/100\n|-hitcount|p2a: Inteleon|3\n|\n|upkeep\n|turn|11\n|inactive|Time left: 300 sec this turn | 300 sec total\n|\n|t:|1783563597\n|move|p2a: Inteleon|Scald|p1a: Dewgong\n|-resisted|p1a: Dewgong\n|-damage|p1a: Dewgong|265/322\n|move|p1a: Dewgong|Triple Axel|p2a: Inteleon\n|-resisted|p2a: Inteleon\n|-damage|p2a: Inteleon|61/100\n|-hitcount|p2a: Inteleon|1\n|\n|upkeep\n|turn|12\n|inactive|Time left: 300 sec this turn | 300 sec total\n|\n|t:|1783563598\n|move|p2a: Inteleon|Scald|p1a: Dewgong\n|-resisted|p1a: Dewgong\n|-damage|p1a: Dewgong|205/322\n|move|p1a: Dewgong|Knock Off|p2a: Inteleon\n|-damage|p2a: Inteleon|24/100\n|-enditem|p2a: Inteleon|Choice Specs|[from] move: Knock Off|[of] p1a: Dewgong\n|\n|upkeep\n|turn|13\n|inactive|Time left: 300 sec this turn | 300 sec total\n|\n|t:|1783563600\n|move|p2a: Inteleon|Scald|p1a: Dewgong\n|-resisted|p1a: Dewgong\n|-damage|p1a: Dewgong|143/322\n|move|p1a: Dewgong|Surf|p2a: Inteleon\n|-resisted|p2a: Inteleon\n|-damage|p2a: Inteleon|0 fnt\n|faint|p2a: Inteleon\n|\n|upkeep\n|\n|t:|1783563601\n|switch|p2a: Pecharunt|Pecharunt, L77|45/100\n|turn|14\n|inactive|Time left: 300 sec this turn | 300 sec total\n|\n|t:|1783563601\n|move|p1a: Dewgong|Surf|p2a: Pecharunt\n|-damage|p2a: Pecharunt|9/100\n|move|p2a: Pecharunt|Recover|p2a: Pecharunt\n|-heal|p2a: Pecharunt|59/100\n|\n|upkeep\n|turn|15\n|inactive|Time left: 300 sec this turn | 300 sec total\n|\n|t:|1783563602\n|move|p1a: Dewgong|Triple Axel|p2a: Pecharunt\n|-damage|p2a: Pecharunt|54/100\n|-damage|p2a: Pecharunt|43/100\n|-damage|p2a: Pecharunt|28/100\n|-hitcount|p2a: Pecharunt|3\n|move|p2a: Pecharunt|Recover|p2a: Pecharunt\n|-heal|p2a: Pecharunt|78/100\n|\n|upkeep\n|turn|16\n|inactive|Time left: 300 sec this turn | 300 sec total\n|\n|t:|1783563603\n|move|p1a: Dewgong|Surf|p2a: Pecharunt\n|-damage|p2a: Pecharunt|43/100\n|move|p2a: Pecharunt|Malignant Chain|p1a: Dewgong\n|-damage|p1a: Dewgong|76/322\n|\n|upkeep\n|turn|17\n|inactive|Time left: 300 sec this turn | 300 sec total\n|\n|t:|1783563604\n|move|p1a: Dewgong|Surf|p2a: Pecharunt\n|-damage|p2a: Pecharunt|6/100\n|move|p2a: Pecharunt|Recover|p2a: Pecharunt\n|-heal|p2a: Pecharunt|56/100\n|\n|upkeep\n|turn|18\n|inactive|Time left: 300 sec this turn | 300 sec total\n|\n|t:|1783563606\n|move|p1a: Dewgong|Surf|p2a: Pecharunt\n|-damage|p2a: Pecharunt|16/100\n|move|p2a: Pecharunt|Recover|p2a: Pecharunt\n|-heal|p2a: Pecharunt|66/100\n|\n|upkeep\n|turn|19\n|inactive|Time left: 300 sec this turn | 300 sec total\n|\n|t:|1783563607\n|move|p1a: Dewgong|Surf|p2a: Pecharunt\n|-damage|p2a: Pecharunt|29/100\n|move|p2a: Pecharunt|Recover|p2a: Pecharunt\n|-heal|p2a: Pecharunt|79/100\n|\n|upkeep\n|turn|20\n|inactive|Time left: 300 sec this turn | 300 sec total\n|\n|t:|1783563608\n|move|p1a: Dewgong|Surf|p2a: Pecharunt\n|-damage|p2a: Pecharunt|42/100\n|move|p2a: Pecharunt|Recover|p2a: Pecharunt\n|-heal|p2a: Pecharunt|92/100\n|\n|upkeep\n|turn|21\n|inactive|Time left: 300 sec this turn | 300 sec total\n|\n|t:|1783563608\n|move|p1a: Dewgong|Surf|p2a: Pecharunt\n|-damage|p2a: Pecharunt|51/100\n|move|p2a: Pecharunt|Shadow Ball|p1a: Dewgong\n|-damage|p1a: Dewgong|24/322\n|\n|upkeep\n|turn|22\n|inactive|Time left: 300 sec this turn | 300 sec total\n|\n|t:|1783563610\n|move|p1a: Dewgong|Surf|p2a: Pecharunt\n|-damage|p2a: Pecharunt|13/100\n|move|p2a: Pecharunt|Recover|p2a: Pecharunt\n|-heal|p2a: Pecharunt|63/100\n|\n|upkeep\n|turn|23\n|inactive|Time left: 300 sec this turn | 300 sec total\n|\n|t:|1783563611\n|move|p1a: Dewgong|Surf|p2a: Pecharunt\n|-damage|p2a: Pecharunt|26/100\n|move|p2a: Pecharunt|Malignant Chain|p1a: Dewgong\n|-damage|p1a: Dewgong|0 fnt\n|faint|p1a: Dewgong\n|\n|upkeep\n|inactive|Time left: 300 sec this turn | 300 sec total | 5 sec grace\n|\n|t:|1783563611\n|switch|p1a: Zacian|Zacian-Crowned, L64|174/225\n|-damage|p1a: Zacian|160/225|[from] Stealth Rock\n|turn|24\n|inactive|Time left: 300 sec this turn | 300 sec total\n|\n|t:|1783563612\n|move|p1a: Zacian|Swords Dance|p1a: Zacian\n|-boost|p1a: Zacian|atk|2\n|move|p2a: Pecharunt|Parting Shot|p1a: Zacian\n|-unboost|p1a: Zacian|atk|1\n|-unboost|p1a: Zacian|spa|1\n|\n|t:|1783563613\n|switch|p2a: Groudon|Groudon, L72|43/100|[from] Parting Shot\n|-weather|SunnyDay|[from] ability: Drought|[of] p2a: Groudon\n|\n|-weather|SunnyDay|[upkeep]\n|-heal|p2a: Groudon|49/100|[from] item: Leftovers\n|upkeep\n|turn|25\n|inactive|Time left: 300 sec this turn | 300 sec total\n|\n|t:|1783563614\n|-terastallize|p1a: Zacian|Fighting\n|move|p1a: Zacian|Close Combat|p2a: Groudon\n|-damage|p2a: Groudon|4/100\n|-unboost|p1a: Zacian|def|1\n|-unboost|p1a: Zacian|spd|1\n|move|p2a: Groudon|Precipice Blades|p1a: Zacian\n|-damage|p1a: Zacian|0 fnt\n|faint|p1a: Zacian\n|\n|-weather|SunnyDay|[upkeep]\n|-heal|p2a: Groudon|10/100|[from] item: Leftovers\n|upkeep\n|inactive|Time left: 300 sec this turn | 300 sec total | 5 sec grace\n|\n|t:|1783563614\n|switch|p1a: Decidueye|Decidueye, L88, F|281/281\n|-damage|p1a: Decidueye|246/281|[from] Stealth Rock\n|turn|26\n|inactive|Time left: 300 sec this turn | 300 sec total\n|\n|t:|1783563615\n|switch|p2a: Brute Bonnet|Brute Bonnet, L80|100/100\n|-activate|p2a: Brute Bonnet|ability: Protosynthesis\n|-start|p2a: Brute Bonnet|protosynthesisatk\n|move|p1a: Decidueye|Leaf Blade|p2a: Brute Bonnet\n|-resisted|p2a: Brute Bonnet\n|-damage|p2a: Brute Bonnet|77/100\n|-damage|p1a: Decidueye|218/281|[from] item: Life Orb\n|\n|-weather|SunnyDay|[upkeep]\n|-heal|p2a: Brute Bonnet|83/100|[from] item: Leftovers\n|upkeep\n|turn|27\n|inactive|Time left: 300 sec this turn | 300 sec total\n|\n|t:|1783563616\n|switch|p1a: Scream Tail|Scream Tail, L84|330/330\n|-damage|p1a: Scream Tail|289/330|[from] Stealth Rock\n|-activate|p1a: Scream Tail|ability: Protosynthesis\n|-start|p1a: Scream Tail|protosynthesisspd\n|move|p2a: Brute Bonnet|Crunch|p1a: Scream Tail\n|-damage|p1a: Scream Tail|172/330\n|\n|-weather|SunnyDay|[upkeep]\n|-heal|p1a: Scream Tail|192/330|[from] item: Leftovers\n|-heal|p2a: Brute Bonnet|89/100|[from] item: Leftovers\n|upkeep\n|turn|28\n|inactive|Time left: 300 sec this turn | 300 sec total\n|\n|t:|1783563617\n|move|p1a: Scream Tail|Wish|p1a: Scream Tail\n|move|p2a: Brute Bonnet|Crunch|p1a: Scream Tail\n|-damage|p1a: Scream Tail|72/330\n|\n|-weather|none\n|-end|p1a: Scream Tail|Protosynthesis\n|-end|p2a: Brute Bonnet|Protosynthesis\n|-heal|p1a: Scream Tail|92/330|[from] item: Leftovers\n|-heal|p2a: Brute Bonnet|95/100|[from] item: Leftovers\n|upkeep\n|turn|29\n|inactive|Time left: 300 sec this turn | 300 sec total\n|\n|t:|1783563617\n|move|p1a: Scream Tail|Protect|p1a: Scream Tail\n|-singleturn|p1a: Scream Tail|Protect\n|move|p2a: Brute Bonnet|Crunch|p1a: Scream Tail\n|-activate|p1a: Scream Tail|move: Protect\n|\n|-heal|p1a: Scream Tail|257/330|[from] move: Wish|[wisher] Scream Tail\n|-heal|p1a: Scream Tail|277/330|[from] item: Leftovers\n|-heal|p2a: Brute Bonnet|100/100|[from] item: Leftovers\n|upkeep\n|turn|30\n|inactive|Time left: 300 sec this turn | 300 sec total\n|\n|t:|1783563618\n|move|p1a: Scream Tail|Play Rough|p2a: Brute Bonnet\n|-supereffective|p2a: Brute Bonnet\n|-damage|p2a: Brute Bonnet|56/100\n|move|p2a: Brute Bonnet|Spore|p1a: Scream Tail\n|-status|p1a: Scream Tail|slp|[from] move: Spore\n|\n|-heal|p1a: Scream Tail|297/330 slp|[from] item: Leftovers\n|-heal|p2a: Brute Bonnet|62/100|[from] item: Leftovers\n|upkeep\n|turn|31\n|inactive|Time left: 300 sec this turn | 300 sec total\n|\n|t:|1783563619\n|-end|p2a: Brute Bonnet|Protosynthesis|[silent]\n|switch|p2a: Pecharunt|Pecharunt, L77|26/100\n|cant|p1a: Scream Tail|slp\n|\n|-heal|p1a: Scream Tail|317/330 slp|[from] item: Leftovers\n|upkeep\n|turn|32\n|inactive|Time left: 300 sec this turn | 300 sec total\n|\n|t:|1783563620\n|cant|p1a: Scream Tail|slp\n|move|p2a: Pecharunt|Malignant Chain|p1a: Scream Tail\n|-supereffective|p1a: Scream Tail\n|-damage|p1a: Scream Tail|191/330 slp\n|\n|-heal|p1a: Scream Tail|211/330 slp|[from] item: Leftovers\n|upkeep\n|turn|33\n|inactive|Time left: 300 sec this turn | 300 sec total\n|\n|t:|1783563621\n|cant|p1a: Scream Tail|slp\n|move|p2a: Pecharunt|Malignant Chain|p1a: Scream Tail\n|-supereffective|p1a: Scream Tail\n|-damage|p1a: Scream Tail|85/330 slp\n|\n|-heal|p1a: Scream Tail|105/330 slp|[from] item: Leftovers\n|upkeep\n|turn|34\n|inactive|Time left: 300 sec this turn | 300 sec total\n|\n|t:|1783563622\n|-curestatus|p1a: Scream Tail|slp|[msg]\n|move|p1a: Scream Tail|Protect|p1a: Scream Tail\n|-singleturn|p1a: Scream Tail|Protect\n|move|p2a: Pecharunt|Shadow Ball|p1a: Scream Tail\n|-activate|p1a: Scream Tail|move: Protect\n|\n|-heal|p1a: Scream Tail|125/330|[from] item: Leftovers\n|upkeep\n|turn|35\n|inactive|Time left: 300 sec this turn | 300 sec total\n|\n|t:|1783563623\n|move|p1a: Scream Tail|Wish|p1a: Scream Tail\n|move|p2a: Pecharunt|Malignant Chain|p1a: Scream Tail\n|-supereffective|p1a: Scream Tail\n|-damage|p1a: Scream Tail|0 fnt\n|faint|p1a: Scream Tail\n|-end|p1a: Scream Tail|Protosynthesis|[silent]\n|\n|upkeep\n|inactive|Time left: 300 sec this turn | 300 sec total | 5 sec grace\n|\n|t:|1783563624\n|switch|p1a: Decidueye|Decidueye, L88, F|218/281\n|-damage|p1a: Decidueye|183/281|[from] Stealth Rock\n|turn|36\n|inactive|Time left: 300 sec this turn | 300 sec total\n|\n|t:|1783563625\n|move|p2a: Pecharunt|Parting Shot|p1a: Decidueye\n|-unboost|p1a: Decidueye|atk|1\n|-unboost|p1a: Decidueye|spa|1\n|\n|t:|1783563626\n|switch|p2a: Brute Bonnet|Brute Bonnet, L80|62/100|[from] Parting Shot\n|move|p1a: Decidueye|Swords Dance|p1a: Decidueye\n|-boost|p1a: Decidueye|atk|2\n|\n|-heal|p1a: Decidueye|281/281|[from] move: Wish|[wisher] Scream Tail\n|-heal|p2a: Brute Bonnet|68/100|[from] item: Leftovers\n|upkeep\n|turn|37\n|inactive|Time left: 300 sec this turn | 300 sec total\n|\n|t:|1783563627\n|move|p1a: Decidueye|Swords Dance|p1a: Decidueye\n|-boost|p1a: Decidueye|atk|2\n|move|p2a: Brute Bonnet|Crunch|p1a: Decidueye\n|-supereffective|p1a: Decidueye\n|-damage|p1a: Decidueye|59/281\n|\n|-heal|p2a: Brute Bonnet|74/100|[from] item: Leftovers\n|upkeep\n|turn|38\n|inactive|Time left: 300 sec this turn | 300 sec total\n|\n|t:|1783563628\n|move|p1a: Decidueye|Shadow Sneak|p2a: Brute Bonnet\n|-resisted|p2a: Brute Bonnet\n|-damage|p2a: Brute Bonnet|49/100\n|-damage|p1a: Decidueye|31/281|[from] item: Life Orb\n|move|p2a: Brute Bonnet|Sucker Punch||[still]\n|-fail|p2a: Brute Bonnet\n|\n|-heal|p2a: Brute Bonnet|55/100|[from] item: Leftovers\n|upkeep\n|turn|39\n|inactive|Time left: 300 sec this turn | 300 sec total\n|\n|t:|1783563629\n|move|p2a: Brute Bonnet|Sucker Punch|p1a: Decidueye\n|-supereffective|p1a: Decidueye\n|-damage|p1a: Decidueye|0 fnt\n|faint|p1a: Decidueye\n|\n|-heal|p2a: Brute Bonnet|61/100|[from] item: Leftovers\n|upkeep\n|inactive|Time left: 300 sec this turn | 300 sec total | 5 sec grace\n|\n|t:|1783563630\n|switch|p1a: Scizor|Scizor, L79, F|240/240\n|-damage|p1a: Scizor|210/240|[from] Stealth Rock\n|turn|40\n|inactive|Time left: 300 sec this turn | 300 sec total\n|\n|t:|1783563631\n|-terastallize|p2a: Brute Bonnet|Fighting\n|move|p1a: Scizor|Swords Dance|p1a: Scizor\n|-boost|p1a: Scizor|atk|2\n|move|p2a: Brute Bonnet|Close Combat|p1a: Scizor\n|-damage|p1a: Scizor|66/240\n|-unboost|p2a: Brute Bonnet|def|1\n|-unboost|p2a: Brute Bonnet|spd|1\n|\n|-heal|p2a: Brute Bonnet|67/100|[from] item: Leftovers\n|upkeep\n|turn|41\n|inactive|Time left: 300 sec this turn | 300 sec total\n|\n|t:|1783563632\n|move|p1a: Scizor|Bullet Punch|p2a: Brute Bonnet\n|-damage|p2a: Brute Bonnet|0 fnt\n|faint|p2a: Brute Bonnet\n|-end|p2a: Brute Bonnet|Protosynthesis|[silent]\n|-damage|p1a: Scizor|42/240|[from] item: Life Orb\n|\n|upkeep\n|\n|t:|1783563633\n|switch|p2a: Cramorant|Cramorant, L86, M|100/100\n|turn|42\n|inactive|Time left: 300 sec this turn | 300 sec total\n|\n|t:|1783563634\n|move|p2a: Cramorant|Brave Bird|p1a: Scizor\n|-damage|p1a: Scizor|0 fnt\n|faint|p1a: Scizor\n|-damage|p2a: Cramorant|95/100|[from] Recoil\n|\n|win|p0y21067dbf", "uploadtime": 1783563634, "views": 0, "rating": 0, "private": 0, "password": null, "_winner": "p0y21067dbf", "_our_name": "p0x210656f4"}