{"id": "battle-gen9randombattle-1494", "formatid": "gen9randombattle", "format": "[Gen 9] Random Battle", "players": ["p0x14941f86", "p0y1494df90"], "log": "|init|battle\n|title|p0x14941f86 vs. p0y1494df90\n|j|\u2606p0x14941f86\n|j|\u2606p0y1494df90\n|t:|1783556468\n|gametype|singles\n|player|p1|p0x14941f86|170|\n|player|p2|p0y1494df90|266|\n|gen|9\n|tier|[Gen 9] Random Battle\n|rule|Species Clause: Limit one of each Pok\u00e9mon\n|rule|HP Percentage Mod: HP is shown in percentages\n|rule|Sleep Clause Mod: Limit one foe put to sleep\n|rule|Illusion Level Mod: Illusion disguises the Pok\u00e9mon's true level\n|\n|t:|1783556468\n|teamsize|p1|6\n|teamsize|p2|6\n|start\n|switch|p1a: Polteageist|Polteageist-Antique, L78|222/222\n|switch|p2a: Raging Bolt|Raging Bolt, L78|100/100\n|turn|1\n|inactive|Battle timer is ON: inactive players will automatically lose when time's up. (requested by p0x14941f86)\n|inactive|p0y1494df90 also wants the timer to be on.\n|\n|t:|1783556470\n|move|p2a: Raging Bolt|Thunderbolt|p1a: Polteageist\n|-crit|p1a: Polteageist\n|-damage|p1a: Polteageist|65/222\n|move|p1a: Polteageist|Shell Smash|p1a: Polteageist\n|-unboost|p1a: Polteageist|def|1\n|-unboost|p1a: Polteageist|spd|1\n|-boost|p1a: Polteageist|atk|2\n|-boost|p1a: Polteageist|spa|2\n|-boost|p1a: Polteageist|spe|2\n|-enditem|p1a: Polteageist|White Herb\n|-clearnegativeboost|p1a: Polteageist|[silent]\n|\n|upkeep\n|turn|2\n|inactive|Time left: 300 sec this turn | 300 sec total\n|\n|t:|1783556471\n|move|p1a: Polteageist|Stored Power|p2a: Raging Bolt\n|-damage|p2a: Raging Bolt|55/100\n|move|p2a: Raging Bolt|Thunderbolt|p1a: Polteageist\n|-damage|p1a: Polteageist|0 fnt\n|faint|p1a: Polteageist\n|\n|upkeep\n|inactive|Time left: 300 sec this turn | 300 sec total | 5 sec grace\n|\n|t:|1783556472\n|switch|p1a: Magcargo|Magcargo, L95, M|268/268\n|turn|3\n|inactive|Time left: 300 sec this turn | 300 sec total\n|\n|t:|1783556473\n|move|p2a: Raging Bolt|Thunderbolt|p1a: Magcargo\n|-damage|p1a: Magcargo|157/268\n|move|p1a: Magcargo|Shell Smash|p1a: Magcargo\n|-unboost|p1a: Magcargo|def|1\n|-unboost|p1a: Magcargo|spd|1\n|-boost|p1a: Magcargo|atk|2\n|-boost|p1a: Magcargo|spa|2\n|-boost|p1a: Magcargo|spe|2\n|\n|upkeep\n|turn|4\n|inactive|Time left: 300 sec this turn | 300 sec total\n|\n|t:|1783556474\n|-terastallize|p2a: Raging Bolt|Electric\n|move|p2a: Raging Bolt|Thunderclap|p1a: Magcargo\n|-damage|p1a: Magcargo|0 fnt\n|faint|p1a: Magcargo\n|\n|upkeep\n|inactive|Time left: 300 sec this turn | 300 sec total | 5 sec grace\n|\n|t:|1783556475\n|switch|p1a: Ariados|Ariados, L95, F|287/287\n|turn|5\n|inactive|Time left: 300 sec this turn | 300 sec total\n|\n|t:|1783556477\n|move|p2a: Raging Bolt|Thunderbolt|p1a: Ariados\n|-damage|p1a: Ariados|139/287\n|move|p1a: Ariados|Sticky Web|p2a: Raging Bolt\n|-sidestart|p2: p0y1494df90|move: Sticky Web\n|\n|upkeep\n|turn|6\n|inactive|Time left: 300 sec this turn | 300 sec total\n|\n|t:|1783556478\n|switch|p1a: Raikou|Raikou, L81|278/278\n|-ability|p1a: Raikou|Pressure\n|move|p2a: Raging Bolt|Thunderbolt|p1a: Raikou\n|-resisted|p1a: Raikou\n|-damage|p1a: Raikou|203/278\n|\n|-heal|p1a: Raikou|220/278|[from] item: Leftovers\n|upkeep\n|turn|7\n|inactive|Time left: 300 sec this turn | 300 sec total\n|\n|t:|1783556479\n|move|p1a: Raikou|Calm Mind|p1a: Raikou\n|-boost|p1a: Raikou|spa|1\n|-boost|p1a: Raikou|spd|1\n|move|p2a: Raging Bolt|Thunderbolt|p1a: Raikou\n|-resisted|p1a: Raikou\n|-damage|p1a: Raikou|170/278\n|\n|-heal|p1a: Raikou|187/278|[from] item: Leftovers\n|upkeep\n|turn|8\n|inactive|Time left: 300 sec this turn | 300 sec total\n|\n|t:|1783556480\n|move|p1a: Raikou|Calm Mind|p1a: Raikou\n|-boost|p1a: Raikou|spa|1\n|-boost|p1a: Raikou|spd|1\n|move|p2a: Raging Bolt|Thunderbolt|p1a: Raikou\n|-resisted|p1a: Raikou\n|-damage|p1a: Raikou|150/278\n|\n|-heal|p1a: Raikou|167/278|[from] item: Leftovers\n|upkeep\n|turn|9\n|inactive|Time left: 300 sec this turn | 300 sec total\n|\n|t:|1783556481\n|move|p1a: Raikou|Scald|p2a: Raging Bolt\n|-damage|p2a: Raging Bolt|29/100\n|-status|p2a: Raging Bolt|brn\n|move|p2a: Raging Bolt|Volt Switch|p1a: Raikou\n|-resisted|p1a: Raikou\n|-damage|p1a: Raikou|139/278\n|\n|t:|1783556482\n|-end|p2a: Raging Bolt|Protosynthesis|[silent]\n|switch|p2a: Oinkologne|Oinkologne-F, L92, F|100/100|[from] Volt Switch\n|-activate|p2a: Oinkologne|move: Sticky Web\n|-unboost|p2a: Oinkologne|spe|1\n|\n|-heal|p1a: Raikou|156/278|[from] item: Leftovers\n|upkeep\n|turn|10\n|inactive|Time left: 300 sec this turn | 300 sec total\n|\n|t:|1783556483\n|move|p1a: Raikou|Scald|p2a: Oinkologne\n|-damage|p2a: Oinkologne|73/100\n|move|p2a: Oinkologne|High Horsepower|p1a: Raikou\n|-supereffective|p1a: Raikou\n|-damage|p1a: Raikou|0 fnt\n|faint|p1a: Raikou\n|\n|-heal|p2a: Oinkologne|79/100|[from] item: Leftovers\n|upkeep\n|inactive|Time left: 300 sec this turn | 300 sec total | 5 sec grace\n|\n|t:|1783556484\n|switch|p1a: Espathra|Espathra, L80, F|283/283\n|turn|11\n|inactive|Time left: 300 sec this turn | 300 sec total\n|\n|t:|1783556485\n|move|p1a: Espathra|Lumina Crash|p2a: Oinkologne\n|-damage|p2a: Oinkologne|48/100\n|-unboost|p2a: Oinkologne|spd|2\n|move|p2a: Oinkologne|Body Slam|p1a: Espathra\n|-crit|p1a: Espathra\n|-damage|p1a: Espathra|85/283\n|\n|-heal|p2a: Oinkologne|54/100|[from] item: Leftovers\n|-ability|p1a: Espathra|Speed Boost|boost\n|-boost|p1a: Espathra|spe|1\n|upkeep\n|turn|12\n|inactive|Time left: 300 sec this turn | 300 sec total\n|\n|t:|1783556486\n|switch|p2a: Solgaleo|Solgaleo, L74|100/100\n|-activate|p2a: Solgaleo|move: Sticky Web\n|-fail|p2a: Solgaleo|unboost|[from] ability: Full Metal Body|[of] p2a: Solgaleo\n|move|p1a: Espathra|Lumina Crash|p2a: Solgaleo\n|-resisted|p2a: Solgaleo\n|-damage|p2a: Solgaleo|90/100\n|\n|-ability|p1a: Espathra|Speed Boost|boost\n|-boost|p1a: Espathra|spe|1\n|upkeep\n|turn|13\n|inactive|Time left: 300 sec this turn | 300 sec total\n|\n|t:|1783556487\n|move|p1a: Espathra|Lumina Crash|p2a: Solgaleo\n|-resisted|p2a: Solgaleo\n|-damage|p2a: Solgaleo|79/100\n|move|p2a: Solgaleo|Knock Off|p1a: Espathra\n|-supereffective|p1a: Espathra\n|-damage|p1a: Espathra|0 fnt\n|-enditem|p1a: Espathra|Choice Specs|[from] move: Knock Off|[of] p2a: Solgaleo\n|faint|p1a: Espathra\n|\n|upkeep\n|inactive|Time left: 300 sec this turn | 300 sec total | 5 sec grace\n|\n|t:|1783556489\n|switch|p1a: Ariados|Ariados, L95, F|139/287\n|turn|14\n|inactive|Time left: 300 sec this turn | 300 sec total\n|\n|t:|1783556490\n|move|p2a: Solgaleo|Flame Charge|p1a: Ariados\n|-supereffective|p1a: Ariados\n|-damage|p1a: Ariados|67/287\n|-boost|p2a: Solgaleo|spe|1\n|move|p1a: Ariados|Knock Off|p2a: Solgaleo\n|-supereffective|p2a: Solgaleo\n|-damage|p2a: Solgaleo|34/100\n|-enditem|p2a: Solgaleo|Weakness Policy\n|-boost|p2a: Solgaleo|atk|2|[from] item: Weakness Policy\n|-boost|p2a: Solgaleo|spa|2|[from] item: Weakness Policy\n|\n|upkeep\n|turn|15\n|inactive|Time left: 300 sec this turn | 300 sec total\n|\n|t:|1783556491\n|-terastallize|p1a: Ariados|Ghost\n|move|p2a: Solgaleo|Earthquake|p1a: Ariados\n|-damage|p1a: Ariados|0 fnt\n|faint|p1a: Ariados\n|\n|upkeep\n|inactive|Time left: 300 sec this turn | 300 sec total | 5 sec grace\n|\n|t:|1783556492\n|switch|p1a: Kleavor|Kleavor, L78, M|237/237\n|turn|16\n|inactive|Time left: 300 sec this turn | 300 sec total\n|\n|t:|1783556493\n|move|p2a: Solgaleo|Sunsteel Strike|p1a: Kleavor\n|-supereffective|p1a: Kleavor\n|-damage|p1a: Kleavor|0 fnt\n|faint|p1a: Kleavor\n|\n|win|p0y1494df90", "uploadtime": 1783556493, "views": 0, "rating": 0, "private": 0, "password": null, "_winner": "p0y1494df90", "_our_name": "p0x14941f86"}