{"id": "battle-gen9randombattle-2356", "formatid": "gen9randombattle", "format": "[Gen 9] Random Battle", "players": ["p0x23560c18", "p0y23568e14"], "log": "|init|battle\n|title|p0x23560c18 vs. p0y23568e14\n|j|\u2606p0x23560c18\n|j|\u2606p0y23568e14\n|t:|1783566320\n|gametype|singles\n|player|p1|p0x23560c18|265|\n|player|p2|p0y23568e14|169|\n|gen|9\n|tier|[Gen 9] Random Battle\n|rule|Species Clause: Limit one of each Pok\u00e9mon\n|rule|HP Percentage Mod: HP is shown in percentages\n|rule|Sleep Clause Mod: Limit one foe put to sleep\n|rule|Illusion Level Mod: Illusion disguises the Pok\u00e9mon's true level\n|\n|t:|1783566320\n|teamsize|p1|6\n|teamsize|p2|6\n|start\n|switch|p1a: Wugtrio|Wugtrio, L91, M|100/100\n|switch|p2a: Weezing|Weezing, L88, F|258/258\n|turn|1\n|inactive|Battle timer is ON: inactive players will automatically lose when time's up. (requested by p0y23568e14)\n|\n|t:|1783566322\n|move|p1a: Wugtrio|Liquidation|p2a: Weezing\n|-damage|p2a: Weezing|137/258\n|move|p2a: Weezing|Sludge Bomb|p1a: Wugtrio\n|-damage|p1a: Wugtrio|51/100\n|-status|p1a: Wugtrio|psn\n|\n|-heal|p2a: Weezing|153/258|[from] item: Leftovers\n|-damage|p1a: Wugtrio|39/100 psn|[from] psn\n|upkeep\n|turn|2\n|inactive|Time left: 300 sec this turn | 300 sec total\n|inactive|p0x23560c18 also wants the timer to be on.\n|\n|t:|1783566323\n|move|p1a: Wugtrio|Liquidation|p2a: Weezing\n|-damage|p2a: Weezing|41/258\n|-unboost|p2a: Weezing|def|1\n|move|p2a: Weezing|Sludge Bomb|p1a: Wugtrio\n|-damage|p1a: Wugtrio|0 fnt\n|faint|p1a: Wugtrio\n|\n|-heal|p2a: Weezing|57/258|[from] item: Leftovers\n|upkeep\n|\n|t:|1783566324\n|switch|p1a: Noctowl|Noctowl, L95, M|100/100\n|turn|3\n|inactive|Time left: 300 sec this turn | 300 sec total\n|\n|t:|1783566325\n|move|p1a: Noctowl|Nasty Plot|p1a: Noctowl\n|-boost|p1a: Noctowl|spa|2\n|move|p2a: Weezing|Pain Split|p1a: Noctowl\n|-sethp|p1a: Noctowl|59/100|[from] move: Pain Split|[silent]\n|-sethp|p2a: Weezing|200/258|[from] move: Pain Split\n|\n|-heal|p2a: Weezing|216/258|[from] item: Leftovers\n|upkeep\n|turn|4\n|inactive|Time left: 300 sec this turn | 300 sec total\n|\n|t:|1783566326\n|switch|p2a: Slowking|Slowking-Galar, L85, F|300/300\n|move|p1a: Noctowl|Hyper Voice|p2a: Slowking\n|-damage|p2a: Slowking|170/300\n|\n|upkeep\n|turn|5\n|inactive|Time left: 300 sec this turn | 300 sec total\n|\n|t:|1783566327\n|move|p1a: Noctowl|Hyper Voice|p2a: Slowking\n|-crit|p2a: Slowking\n|-damage|p2a: Slowking|0 fnt\n|faint|p2a: Slowking\n|\n|upkeep\n|inactive|Time left: 300 sec this turn | 300 sec total | 5 sec grace\n|\n|t:|1783566328\n|switch|p2a: Araquanid|Araquanid, L82, F|246/246\n|turn|6\n|inactive|Time left: 300 sec this turn | 300 sec total\n|\n|t:|1783566330\n|-terastallize|p2a: Araquanid|Water\n|move|p1a: Noctowl|Hurricane|p2a: Araquanid|[miss]\n|-miss|p1a: Noctowl|p2a: Araquanid\n|move|p2a: Araquanid|Liquidation|p1a: Noctowl\n|-damage|p1a: Noctowl|0 fnt\n|faint|p1a: Noctowl\n|\n|upkeep\n|\n|t:|1783566330\n|switch|p1a: Vileplume|Vileplume, L85, F|100/100\n|turn|7\n|inactive|Time left: 300 sec this turn | 300 sec total\n|\n|t:|1783566332\n|move|p1a: Vileplume|Sludge Bomb|p2a: Araquanid\n|-damage|p2a: Araquanid|159/246\n|move|p2a: Araquanid|Sticky Web|p1a: Vileplume\n|-sidestart|p1: p0x23560c18|move: Sticky Web\n|\n|upkeep\n|turn|8\n|inactive|Time left: 300 sec this turn | 300 sec total\n|\n|t:|1783566333\n|switch|p2a: Weezing|Weezing, L88, F|216/258\n|move|p1a: Vileplume|Sludge Bomb|p2a: Weezing\n|-resisted|p2a: Weezing\n|-damage|p2a: Weezing|159/258\n|\n|-heal|p2a: Weezing|175/258|[from] item: Leftovers\n|upkeep\n|turn|9\n|inactive|Time left: 300 sec this turn | 300 sec total\n|\n|t:|1783566334\n|move|p2a: Weezing|Toxic Spikes|p1a: Vileplume\n|-sidestart|p1: p0x23560c18|move: Toxic Spikes\n|move|p1a: Vileplume|Strength Sap|p2a: Weezing\n|-unboost|p2a: Weezing|atk|1\n|\n|-heal|p2a: Weezing|191/258|[from] item: Leftovers\n|upkeep\n|turn|10\n|inactive|Time left: 300 sec this turn | 300 sec total\n|\n|t:|1783566334\n|move|p2a: Weezing|Toxic Spikes|p1a: Vileplume\n|-sidestart|p1: p0x23560c18|move: Toxic Spikes\n|move|p1a: Vileplume|Giga Drain|p2a: Weezing\n|-resisted|p2a: Weezing\n|-damage|p2a: Weezing|143/258\n|\n|-heal|p2a: Weezing|159/258|[from] item: Leftovers\n|upkeep\n|turn|11\n|inactive|Time left: 300 sec this turn | 300 sec total\n|\n|t:|1783566335\n|move|p2a: Weezing|Pain Split|p1a: Vileplume\n|-sethp|p1a: Vileplume|80/100|[from] move: Pain Split|[silent]\n|-sethp|p2a: Weezing|212/258|[from] move: Pain Split\n|move|p1a: Vileplume|Sludge Bomb|p2a: Weezing\n|-resisted|p2a: Weezing\n|-damage|p2a: Weezing|145/258\n|\n|-heal|p2a: Weezing|161/258|[from] item: Leftovers\n|-heal|p1a: Vileplume|86/100|[from] item: Leftovers\n|upkeep\n|turn|12\n|inactive|Time left: 300 sec this turn | 300 sec total\n|\n|t:|1783566336\n|move|p2a: Weezing|Fire Blast|p1a: Vileplume\n|-supereffective|p1a: Vileplume\n|-damage|p1a: Vileplume|30/100\n|move|p1a: Vileplume|Sludge Bomb|p2a: Weezing\n|-resisted|p2a: Weezing\n|-damage|p2a: Weezing|102/258\n|\n|-heal|p2a: Weezing|118/258|[from] item: Leftovers\n|-heal|p1a: Vileplume|36/100|[from] item: Leftovers\n|upkeep\n|turn|13\n|inactive|Time left: 300 sec this turn | 300 sec total\n|\n|t:|1783566337\n|move|p2a: Weezing|Fire Blast|p1a: Vileplume\n|-supereffective|p1a: Vileplume\n|-damage|p1a: Vileplume|0 fnt\n|faint|p1a: Vileplume\n|\n|-heal|p2a: Weezing|134/258|[from] item: Leftovers\n|upkeep\n|\n|t:|1783566338\n|switch|p1a: Oricorio|Oricorio-Pa'u, L87, F|100/100\n|turn|14\n|inactive|Time left: 300 sec this turn | 300 sec total\n|\n|t:|1783566339\n|switch|p2a: Araquanid|Araquanid, L82, F, tera:Water|159/246\n|move|p1a: Oricorio|Quiver Dance|p1a: Oricorio\n|-boost|p1a: Oricorio|spa|1\n|-boost|p1a: Oricorio|spd|1\n|-boost|p1a: Oricorio|spe|1\n|\n|upkeep\n|turn|15\n|inactive|Time left: 300 sec this turn | 300 sec total\n|\n|t:|1783566340\n|move|p1a: Oricorio|Revelation Dance|p2a: Araquanid\n|-damage|p2a: Araquanid|45/246\n|move|p2a: Araquanid|Liquidation|p1a: Oricorio\n|-damage|p1a: Oricorio|27/100\n|\n|upkeep\n|turn|16\n|inactive|Time left: 300 sec this turn | 300 sec total\n|\n|t:|1783566341\n|move|p1a: Oricorio|Revelation Dance|p2a: Araquanid\n|-damage|p2a: Araquanid|0 fnt\n|faint|p2a: Araquanid\n|\n|upkeep\n|inactive|Time left: 300 sec this turn | 300 sec total | 5 sec grace\n|\n|t:|1783566342\n|switch|p2a: Garchomp|Garchomp, L74, F|282/282\n|turn|17\n|inactive|Time left: 300 sec this turn | 300 sec total\n|\n|t:|1783566343\n|move|p1a: Oricorio|Roost|p1a: Oricorio\n|-heal|p1a: Oricorio|77/100\n|-singleturn|p1a: Oricorio|move: Roost\n|move|p2a: Garchomp|Scale Shot|p1a: Oricorio\n|-damage|p1a: Oricorio|65/100\n|-damage|p1a: Oricorio|53/100\n|-damage|p1a: Oricorio|43/100\n|-damage|p1a: Oricorio|32/100\n|-damage|p1a: Oricorio|20/100\n|-hitcount|p1a: Oricorio|5\n|-unboost|p2a: Garchomp|def|1\n|-boost|p2a: Garchomp|spe|1\n|\n|upkeep\n|turn|18\n|inactive|Time left: 300 sec this turn | 300 sec total\n|\n|t:|1783566344\n|move|p1a: Oricorio|Roost|p1a: Oricorio\n|-heal|p1a: Oricorio|70/100\n|-singleturn|p1a: Oricorio|move: Roost\n|move|p2a: Garchomp|Scale Shot|p1a: Oricorio\n|-crit|p1a: Oricorio\n|-damage|p1a: Oricorio|51/100\n|-damage|p1a: Oricorio|39/100\n|-damage|p1a: Oricorio|29/100\n|-damage|p1a: Oricorio|18/100\n|-damage|p1a: Oricorio|6/100\n|-hitcount|p1a: Oricorio|5\n|-unboost|p2a: Garchomp|def|1\n|-boost|p2a: Garchomp|spe|1\n|\n|upkeep\n|turn|19\n|inactive|Time left: 300 sec this turn | 300 sec total\n|\n|t:|1783566345\n|move|p2a: Garchomp|Iron Head|p1a: Oricorio\n|-damage|p1a: Oricorio|0 fnt\n|faint|p1a: Oricorio\n|\n|upkeep\n|\n|t:|1783566346\n|switch|p1a: Cobalion|Cobalion, L80|100/100\n|-activate|p1a: Cobalion|move: Sticky Web\n|-unboost|p1a: Cobalion|spe|1\n|turn|20\n|inactive|Time left: 300 sec this turn | 300 sec total\n|\n|t:|1783566347\n|-terastallize|p1a: Cobalion|Fighting\n|move|p2a: Garchomp|Earthquake|p1a: Cobalion\n|-damage|p1a: Cobalion|71/100\n|move|p1a: Cobalion|Swords Dance|p1a: Cobalion\n|-boost|p1a: Cobalion|atk|2\n|\n|upkeep\n|turn|21\n|inactive|Time left: 300 sec this turn | 300 sec total\n|\n|t:|1783566348\n|move|p2a: Garchomp|Earthquake|p1a: Cobalion\n|-damage|p1a: Cobalion|40/100\n|move|p1a: Cobalion|Iron Head|p2a: Garchomp\n|-damage|p2a: Garchomp|0 fnt\n|-damage|p1a: Cobalion|28/100|[from] ability: Rough Skin|[of] p2a: Garchomp\n|faint|p2a: Garchomp\n|-damage|p1a: Cobalion|18/100|[from] item: Life Orb\n|\n|upkeep\n|inactive|Time left: 300 sec this turn | 300 sec total | 5 sec grace\n|\n|t:|1783566348\n|switch|p2a: Sandaconda|Sandaconda, L84, F|258/258\n|turn|22\n|inactive|Time left: 300 sec this turn | 300 sec total\n|\n|t:|1783566349\n|move|p2a: Sandaconda|Earthquake|p1a: Cobalion\n|-damage|p1a: Cobalion|0 fnt\n|faint|p1a: Cobalion\n|\n|upkeep\n|\n|t:|1783566350\n|switch|p1a: Dedenne|Dedenne, L88, F|100/100\n|-activate|p1a: Dedenne|move: Sticky Web\n|-unboost|p1a: Dedenne|spe|1\n|-status|p1a: Dedenne|tox\n|turn|23\n|inactive|Time left: 300 sec this turn | 300 sec total\n|\n|t:|1783566351\n|move|p2a: Sandaconda|Earthquake|p1a: Dedenne\n|-supereffective|p1a: Dedenne\n|-crit|p1a: Dedenne\n|-damage|p1a: Dedenne|0 fnt\n|faint|p1a: Dedenne\n|\n|win|p0y23568e14", "uploadtime": 1783566351, "views": 0, "rating": 0, "private": 0, "password": null, "_winner": "p0y23568e14", "_our_name": "p0y23568e14"}