{"id": "battle-gen9randombattle-2626", "formatid": "gen9randombattle", "format": "[Gen 9] Random Battle", "players": ["p0x262634a2", "p0y2626f851"], "log": "|init|battle\n|title|p0x262634a2 vs. p0y2626f851\n|j|\u2606p0x262634a2\n|j|\u2606p0y2626f851\n|t:|1783570333\n|gametype|singles\n|player|p1|p0x262634a2|102|\n|player|p2|p0y2626f851|169|\n|gen|9\n|tier|[Gen 9] Random Battle\n|rule|Species Clause: Limit one of each Pok\u00e9mon\n|rule|HP Percentage Mod: HP is shown in percentages\n|rule|Sleep Clause Mod: Limit one foe put to sleep\n|rule|Illusion Level Mod: Illusion disguises the Pok\u00e9mon's true level\n|\n|t:|1783570333\n|teamsize|p1|6\n|teamsize|p2|6\n|start\n|switch|p1a: Braviary|Braviary, L85, M|309/309\n|switch|p2a: Komala|Komala, L87, F|100/100\n|-ability|p2a: Komala|Comatose\n|turn|1\n|inactive|Battle timer is ON: inactive players will automatically lose when time's up. (requested by p0x262634a2)\n|inactive|p0y2626f851 also wants the timer to be on.\n|\n|t:|1783570334\n|switch|p2a: Forretress|Forretress, L84, M|100/100\n|move|p1a: Braviary|Bulk Up|p1a: Braviary\n|-boost|p1a: Braviary|atk|1\n|-boost|p1a: Braviary|def|1\n|\n|upkeep\n|turn|2\n|inactive|Time left: 300 sec this turn | 300 sec total\n|\n|t:|1783570335\n|move|p1a: Braviary|Brave Bird|p2a: Forretress\n|-damage|p2a: Forretress|41/100\n|-damage|p1a: Braviary|257/309|[from] Recoil\n|move|p2a: Forretress|Volt Switch|p1a: Braviary\n|-supereffective|p1a: Braviary\n|-damage|p1a: Braviary|179/309\n|\n|t:|1783570336\n|switch|p2a: Plusle|Plusle, L95, M|100/100|[from] Volt Switch\n|\n|upkeep\n|turn|3\n|inactive|Time left: 300 sec this turn | 300 sec total\n|\n|t:|1783570337\n|move|p2a: Plusle|Thunderbolt|p1a: Braviary\n|-supereffective|p1a: Braviary\n|-damage|p1a: Braviary|0 fnt\n|faint|p1a: Braviary\n|-damage|p2a: Plusle|91/100|[from] item: Life Orb\n|\n|upkeep\n|inactive|Time left: 300 sec this turn | 300 sec total | 5 sec grace\n|\n|t:|1783570338\n|switch|p1a: Calyrex|Calyrex, L93|337/337\n|-ability|p1a: Calyrex|Unnerve\n|turn|4\n|inactive|Time left: 300 sec this turn | 300 sec total\n|\n|t:|1783570339\n|move|p2a: Plusle|Nasty Plot|p2a: Plusle\n|-boost|p2a: Plusle|spa|2\n|move|p1a: Calyrex|Psychic|p2a: Plusle\n|-damage|p2a: Plusle|55/100\n|-unboost|p2a: Plusle|spd|1\n|\n|upkeep\n|turn|5\n|inactive|Time left: 300 sec this turn | 300 sec total\n|\n|t:|1783570340\n|switch|p2a: Bellossom|Bellossom, L84, M|100/100\n|move|p1a: Calyrex|Psychic|p2a: Bellossom\n|-damage|p2a: Bellossom|64/100\n|\n|-heal|p2a: Bellossom|70/100|[from] item: Leftovers\n|upkeep\n|turn|6\n|inactive|Time left: 300 sec this turn | 300 sec total\n|\n|t:|1783570341\n|move|p1a: Calyrex|Calm Mind|p1a: Calyrex\n|-boost|p1a: Calyrex|spa|1\n|-boost|p1a: Calyrex|spd|1\n|move|p2a: Bellossom|Quiver Dance|p2a: Bellossom\n|-boost|p2a: Bellossom|spa|1\n|-boost|p2a: Bellossom|spd|1\n|-boost|p2a: Bellossom|spe|1\n|\n|-heal|p2a: Bellossom|76/100|[from] item: Leftovers\n|upkeep\n|turn|7\n|inactive|Time left: 300 sec this turn | 300 sec total\n|\n|t:|1783570342\n|move|p1a: Calyrex|Calm Mind|p1a: Calyrex\n|-boost|p1a: Calyrex|spa|1\n|-boost|p1a: Calyrex|spd|1\n|move|p2a: Bellossom|Quiver Dance|p2a: Bellossom\n|-boost|p2a: Bellossom|spa|1\n|-boost|p2a: Bellossom|spd|1\n|-boost|p2a: Bellossom|spe|1\n|\n|-heal|p2a: Bellossom|82/100|[from] item: Leftovers\n|upkeep\n|turn|8\n|inactive|Time left: 300 sec this turn | 300 sec total\n|\n|t:|1783570343\n|move|p2a: Bellossom|Quiver Dance|p2a: Bellossom\n|-boost|p2a: Bellossom|spa|1\n|-boost|p2a: Bellossom|spd|1\n|-boost|p2a: Bellossom|spe|1\n|move|p1a: Calyrex|Calm Mind|p1a: Calyrex\n|-boost|p1a: Calyrex|spa|1\n|-boost|p1a: Calyrex|spd|1\n|\n|-heal|p2a: Bellossom|88/100|[from] item: Leftovers\n|upkeep\n|turn|9\n|inactive|Time left: 300 sec this turn | 300 sec total\n|\n|t:|1783570343\n|move|p2a: Bellossom|Strength Sap|p1a: Calyrex\n|-unboost|p1a: Calyrex|atk|1\n|-heal|p2a: Bellossom|100/100\n|move|p1a: Calyrex|Psychic|p2a: Bellossom\n|-damage|p2a: Bellossom|64/100\n|\n|-heal|p2a: Bellossom|70/100|[from] item: Leftovers\n|upkeep\n|turn|10\n|inactive|Time left: 300 sec this turn | 300 sec total\n|\n|t:|1783570344\n|move|p2a: Bellossom|Strength Sap|p1a: Calyrex\n|-unboost|p1a: Calyrex|atk|1\n|-heal|p2a: Bellossom|100/100\n|move|p1a: Calyrex|Psychic|p2a: Bellossom\n|-damage|p2a: Bellossom|64/100\n|\n|-heal|p2a: Bellossom|70/100|[from] item: Leftovers\n|upkeep\n|turn|11\n|inactive|Time left: 300 sec this turn | 300 sec total\n|\n|t:|1783570346\n|move|p2a: Bellossom|Strength Sap|p1a: Calyrex\n|-unboost|p1a: Calyrex|atk|1\n|-heal|p2a: Bellossom|99/100\n|move|p1a: Calyrex|Psychic|p2a: Bellossom\n|-crit|p2a: Bellossom\n|-damage|p2a: Bellossom|0 fnt\n|faint|p2a: Bellossom\n|\n|upkeep\n|\n|t:|1783570346\n|switch|p2a: Komala|Komala, L87, F|100/100\n|-ability|p2a: Komala|Comatose\n|turn|12\n|inactive|Time left: 300 sec this turn | 300 sec total\n|\n|t:|1783570348\n|move|p1a: Calyrex|Psychic|p2a: Komala\n|-damage|p2a: Komala|44/100\n|move|p2a: Komala|U-turn|p1a: Calyrex\n|-supereffective|p1a: Calyrex\n|-damage|p1a: Calyrex|121/337\n|\n|t:|1783570349\n|switch|p2a: Forretress|Forretress, L84, M|41/100|[from] U-turn\n|\n|-heal|p1a: Calyrex|142/337|[from] item: Leftovers\n|-heal|p2a: Forretress|47/100|[from] item: Leftovers\n|upkeep\n|turn|13\n|inactive|Time left: 300 sec this turn | 300 sec total\n|\n|t:|1783570349\n|move|p1a: Calyrex|Psychic|p2a: Forretress\n|-resisted|p2a: Forretress\n|-damage|p2a: Forretress|0 fnt\n|faint|p2a: Forretress\n|\n|-heal|p1a: Calyrex|163/337|[from] item: Leftovers\n|upkeep\n|\n|t:|1783570350\n|switch|p2a: Plusle|Plusle, L95, M|55/100\n|turn|14\n|inactive|Time left: 300 sec this turn | 300 sec total\n|\n|t:|1783570351\n|move|p2a: Plusle|Thunderbolt|p1a: Calyrex\n|-resisted|p1a: Calyrex\n|-damage|p1a: Calyrex|133/337\n|-damage|p2a: Plusle|45/100|[from] item: Life Orb\n|move|p1a: Calyrex|Giga Drain|p2a: Plusle\n|-damage|p2a: Plusle|0 fnt\n|-heal|p1a: Calyrex|193/337|[from] drain|[of] p2a: Plusle\n|faint|p2a: Plusle\n|\n|-heal|p1a: Calyrex|214/337|[from] item: Leftovers\n|upkeep\n|\n|t:|1783570352\n|switch|p2a: Komala|Komala, L87, F|44/100\n|-ability|p2a: Komala|Comatose\n|turn|15\n|inactive|Time left: 300 sec this turn | 300 sec total\n|\n|t:|1783570354\n|move|p1a: Calyrex|Giga Drain|p2a: Komala\n|-damage|p2a: Komala|0 fnt\n|-heal|p1a: Calyrex|270/337|[from] drain|[of] p2a: Komala\n|faint|p2a: Komala\n|\n|-heal|p1a: Calyrex|291/337|[from] item: Leftovers\n|upkeep\n|\n|t:|1783570355\n|switch|p2a: Lapras|Lapras, L87, F|100/100\n|turn|16\n|inactive|Time left: 300 sec this turn | 300 sec total\n|\n|t:|1783570355\n|-terastallize|p2a: Lapras|Steel\n|move|p1a: Calyrex|Giga Drain|p2a: Lapras\n|-resisted|p2a: Lapras\n|-damage|p2a: Lapras|76/100\n|-heal|p1a: Calyrex|336/337|[from] drain|[of] p2a: Lapras\n|move|p2a: Lapras|Freeze-Dry|p1a: Calyrex\n|-supereffective|p1a: Calyrex\n|-damage|p1a: Calyrex|274/337\n|\n|-heal|p1a: Calyrex|295/337|[from] item: Leftovers\n|upkeep\n|turn|17\n|inactive|Time left: 300 sec this turn | 300 sec total\n|\n|t:|1783570357\n|move|p1a: Calyrex|Leech Seed|p2a: Lapras\n|-start|p2a: Lapras|move: Leech Seed\n|move|p2a: Lapras|Freeze-Dry|p1a: Calyrex\n|-supereffective|p1a: Calyrex\n|-crit|p1a: Calyrex\n|-damage|p1a: Calyrex|73/337\n|\n|-heal|p1a: Calyrex|94/337|[from] item: Leftovers\n|-damage|p2a: Lapras|64/100|[from] Leech Seed|[of] p1a: Calyrex\n|-heal|p1a: Calyrex|140/337|[silent]\n|upkeep\n|turn|18\n|inactive|Time left: 300 sec this turn | 300 sec total\n|\n|t:|1783570358\n|move|p1a: Calyrex|Giga Drain|p2a: Lapras\n|-resisted|p2a: Lapras\n|-damage|p2a: Lapras|39/100\n|-heal|p1a: Calyrex|186/337|[from] drain|[of] p2a: Lapras\n|move|p2a: Lapras|Freeze-Dry|p1a: Calyrex\n|-supereffective|p1a: Calyrex\n|-damage|p1a: Calyrex|126/337\n|-status|p1a: Calyrex|frz\n|\n|-heal|p1a: Calyrex|147/337 frz|[from] item: Leftovers\n|-damage|p2a: Lapras|26/100|[from] Leech Seed|[of] p1a: Calyrex\n|-heal|p1a: Calyrex|193/337 frz|[silent]\n|upkeep\n|turn|19\n|inactive|Time left: 300 sec this turn | 300 sec total\n|\n|t:|1783570359\n|switch|p2a: Crawdaunt|Crawdaunt, L84, M|100/100\n|cant|p1a: Calyrex|frz\n|\n|-heal|p1a: Calyrex|214/337 frz|[from] item: Leftovers\n|upkeep\n|turn|20\n|inactive|Time left: 300 sec this turn | 300 sec total\n|\n|t:|1783570360\n|cant|p1a: Calyrex|frz\n|move|p2a: Crawdaunt|Dragon Dance|p2a: Crawdaunt\n|-boost|p2a: Crawdaunt|atk|1\n|-boost|p2a: Crawdaunt|spe|1\n|\n|-heal|p1a: Calyrex|235/337 frz|[from] item: Leftovers\n|upkeep\n|turn|21\n|inactive|Time left: 300 sec this turn | 300 sec total\n|\n|t:|1783570361\n|move|p2a: Crawdaunt|Knock Off|p1a: Calyrex\n|-supereffective|p1a: Calyrex\n|-damage|p1a: Calyrex|0 fnt\n|-enditem|p1a: Calyrex|Leftovers|[from] move: Knock Off|[of] p2a: Crawdaunt\n|faint|p1a: Calyrex\n|-damage|p2a: Crawdaunt|91/100|[from] item: Life Orb\n|\n|upkeep\n|inactive|Time left: 300 sec this turn | 300 sec total | 5 sec grace\n|\n|t:|1783570362\n|switch|p1a: Porygon-Z|Porygon-Z, L83|277/277\n|-ability|p1a: Porygon-Z|Download|boost\n|-boost|p1a: Porygon-Z|spa|1\n|turn|22\n|inactive|Time left: 300 sec this turn | 300 sec total\n|\n|t:|1783570363\n|move|p1a: Porygon-Z|Thunderbolt|p2a: Crawdaunt\n|-supereffective|p2a: Crawdaunt\n|-damage|p2a: Crawdaunt|0 fnt\n|faint|p2a: Crawdaunt\n|\n|upkeep\n|\n|t:|1783570364\n|switch|p2a: Lapras|Lapras, L87, F, tera:Steel|26/100\n|turn|23\n|inactive|Time left: 300 sec this turn | 300 sec total\n|\n|t:|1783570364\n|move|p1a: Porygon-Z|Thunderbolt|p2a: Lapras\n|-damage|p2a: Lapras|0 fnt\n|faint|p2a: Lapras\n|\n|win|p0x262634a2", "uploadtime": 1783570364, "views": 0, "rating": 0, "private": 0, "password": null, "_winner": "p0x262634a2", "_our_name": "p0x262634a2"}