{"id": "battle-gen9randombattle-927", "formatid": "gen9randombattle", "format": "[Gen 9] Random Battle", "players": ["p0x9276b6f", "p0y927deca"], "log": "|init|battle\n|title|p0x9276b6f vs. p0y927deca\n|j|\u2606p0x9276b6f\n|j|\u2606p0y927deca\n|t:|1783550649\n|gametype|singles\n|player|p1|p0x9276b6f|265|\n|player|p2|p0y927deca|1|\n|gen|9\n|tier|[Gen 9] Random Battle\n|rule|Species Clause: Limit one of each Pok\u00e9mon\n|rule|HP Percentage Mod: HP is shown in percentages\n|rule|Sleep Clause Mod: Limit one foe put to sleep\n|rule|Illusion Level Mod: Illusion disguises the Pok\u00e9mon's true level\n|\n|t:|1783550649\n|teamsize|p1|6\n|teamsize|p2|6\n|start\n|switch|p1a: Cinderace|Cinderace, L77, F|249/249\n|switch|p2a: Farigiraf|Farigiraf, L90, M|100/100\n|turn|1\n|inactive|Battle timer is ON: inactive players will automatically lose when time's up. (requested by p0x9276b6f)\n|inactive|p0y927deca also wants the timer to be on.\n|\n|t:|1783550650\n|move|p1a: Cinderace|U-turn|p2a: Farigiraf\n|-start|p1a: Cinderace|typechange|Bug|[from] ability: Libero\n|-supereffective|p2a: Farigiraf\n|-damage|p2a: Farigiraf|37/100\n|inactive|Time left: 300 sec this turn | 300 sec total | 65 sec grace\n|\n|t:|1783550652\n|switch|p1a: Copperajah|Copperajah, L86, M|349/349|[from] U-turn\n|move|p2a: Farigiraf|Body Slam|p1a: Copperajah\n|-resisted|p1a: Copperajah\n|-damage|p1a: Copperajah|291/349\n|\n|-heal|p2a: Farigiraf|43/100|[from] item: Leftovers\n|upkeep\n|turn|2\n|inactive|Time left: 300 sec this turn | 300 sec total\n|\n|t:|1783550653\n|move|p2a: Farigiraf|Protect|p2a: Farigiraf\n|-singleturn|p2a: Farigiraf|Protect\n|move|p1a: Copperajah|Heavy Slam|p2a: Farigiraf\n|-activate|p2a: Farigiraf|move: Protect\n|\n|-heal|p2a: Farigiraf|49/100|[from] item: Leftovers\n|upkeep\n|turn|3\n|inactive|Time left: 300 sec this turn | 300 sec total\n|\n|t:|1783550654\n|switch|p2a: Iron Crown|Iron Crown, L78|100/100\n|move|p1a: Copperajah|Heavy Slam|p2a: Iron Crown\n|-resisted|p2a: Iron Crown\n|-damage|p2a: Iron Crown|54/100\n|\n|upkeep\n|turn|4\n|inactive|Time left: 300 sec this turn | 300 sec total\n|\n|t:|1783550655\n|move|p2a: Iron Crown|Focus Blast|p1a: Copperajah\n|-supereffective|p1a: Copperajah\n|-damage|p1a: Copperajah|0 fnt\n|faint|p1a: Copperajah\n|\n|upkeep\n|inactive|Time left: 300 sec this turn | 300 sec total | 5 sec grace\n|\n|t:|1783550656\n|switch|p1a: Cinderace|Cinderace, L77, F|249/249\n|turn|5\n|inactive|Time left: 300 sec this turn | 300 sec total\n|\n|t:|1783550657\n|-end|p2a: Iron Crown|Quark Drive|[silent]\n|switch|p2a: Porygon2|Porygon2, L81|100/100\n|-ability|p2a: Porygon2|Download|boost\n|-boost|p2a: Porygon2|spa|1\n|move|p1a: Cinderace|Pyro Ball|p2a: Porygon2\n|-damage|p2a: Porygon2|50/100\n|\n|upkeep\n|turn|6\n|inactive|Time left: 300 sec this turn | 300 sec total\n|\n|t:|1783550658\n|move|p1a: Cinderace|Pyro Ball|p2a: Porygon2\n|-damage|p2a: Porygon2|5/100\n|move|p2a: Porygon2|Tri Attack|p1a: Cinderace\n|-damage|p1a: Cinderace|107/249\n|\n|upkeep\n|turn|7\n|inactive|Time left: 300 sec this turn | 300 sec total\n|\n|t:|1783550659\n|move|p1a: Cinderace|Pyro Ball|p2a: Porygon2|[miss]\n|-miss|p1a: Cinderace|p2a: Porygon2\n|move|p2a: Porygon2|Tri Attack|p1a: Cinderace\n|-damage|p1a: Cinderace|0 fnt\n|faint|p1a: Cinderace\n|\n|upkeep\n|inactive|Time left: 300 sec this turn | 300 sec total | 5 sec grace\n|\n|t:|1783550660\n|switch|p1a: Inteleon|Inteleon, L81, F|246/246\n|turn|8\n|inactive|Time left: 300 sec this turn | 300 sec total\n|\n|t:|1783550661\n|switch|p2a: Trevenant|Trevenant, L89, M|100/100\n|move|p1a: Inteleon|Scald|p2a: Trevenant\n|-resisted|p2a: Trevenant\n|-damage|p2a: Trevenant|77/100\n|\n|upkeep\n|turn|9\n|inactive|Time left: 300 sec this turn | 300 sec total\n|\n|t:|1783550663\n|move|p1a: Inteleon|Scald|p2a: Trevenant\n|-resisted|p2a: Trevenant\n|-crit|p2a: Trevenant\n|-damage|p2a: Trevenant|41/100\n|-status|p2a: Trevenant|brn\n|move|p2a: Trevenant|Poltergeist|p1a: Inteleon\n|-activate|p1a: Inteleon|move: Poltergeist|Choice Specs\n|-damage|p1a: Inteleon|102/246\n|\n|-damage|p2a: Trevenant|35/100 brn|[from] brn\n|upkeep\n|turn|10\n|inactive|Time left: 300 sec this turn | 300 sec total\n|\n|t:|1783550664\n|move|p1a: Inteleon|Scald|p2a: Trevenant\n|-resisted|p2a: Trevenant\n|-damage|p2a: Trevenant|13/100 brn\n|move|p2a: Trevenant|Poltergeist|p1a: Inteleon\n|-activate|p1a: Inteleon|move: Poltergeist|Choice Specs\n|-damage|p1a: Inteleon|0 fnt\n|faint|p1a: Inteleon\n|\n|-damage|p2a: Trevenant|7/100 brn|[from] brn\n|upkeep\n|inactive|Time left: 300 sec this turn | 300 sec total | 5 sec grace\n|\n|t:|1783550665\n|switch|p1a: Reshiram|Reshiram, L76|277/277\n|-ability|p1a: Reshiram|Turboblaze\n|turn|11\n|inactive|Time left: 300 sec this turn | 300 sec total\n|\n|t:|1783550666\n|move|p1a: Reshiram|Blue Flare|p2a: Trevenant\n|-supereffective|p2a: Trevenant\n|-damage|p2a: Trevenant|0 fnt\n|faint|p2a: Trevenant\n|\n|upkeep\n|\n|t:|1783550667\n|switch|p2a: Cramorant|Cramorant, L86, F|100/100\n|turn|12\n|inactive|Time left: 300 sec this turn | 300 sec total\n|\n|t:|1783550668\n|move|p2a: Cramorant|Surf|p1a: Reshiram\n|-formechange|p2a: Cramorant|Cramorant-Gulping|\n|-damage|p1a: Reshiram|192/277\n|move|p1a: Reshiram|Blue Flare|p2a: Cramorant\n|-resisted|p2a: Cramorant\n|-damage|p2a: Cramorant|72/100\n|-status|p2a: Cramorant|brn\n|-damage|p1a: Reshiram|123/277|[from] ability: Gulp Missile|[of] p2a: Cramorant\n|-unboost|p1a: Reshiram|def|1\n|-formechange|p2a: Cramorant|Cramorant|\n|\n|-damage|p2a: Cramorant|66/100 brn|[from] brn\n|upkeep\n|turn|13\n|inactive|Time left: 300 sec this turn | 300 sec total\n|\n|t:|1783550669\n|switch|p1a: Dusknoir|Dusknoir, L89, F|225/225\n|-item|p2a: Cramorant|Heavy-Duty Boots|[from] ability: Frisk|[of] p1a: Dusknoir\n|move|p2a: Cramorant|Surf|p1a: Dusknoir\n|-formechange|p2a: Cramorant|Cramorant-Gulping|\n|-damage|p1a: Dusknoir|168/225\n|\n|-heal|p1a: Dusknoir|182/225|[from] item: Leftovers\n|-damage|p2a: Cramorant|60/100 brn|[from] brn\n|upkeep\n|turn|14\n|inactive|Time left: 300 sec this turn | 300 sec total\n|\n|t:|1783550670\n|move|p2a: Cramorant|Roost|p2a: Cramorant\n|-heal|p2a: Cramorant|100/100 brn\n|-singleturn|p2a: Cramorant|move: Roost\n|move|p1a: Dusknoir|Earthquake|p2a: Cramorant\n|-damage|p2a: Cramorant|60/100 brn\n|-damage|p1a: Dusknoir|126/225|[from] ability: Gulp Missile|[of] p2a: Cramorant\n|-unboost|p1a: Dusknoir|def|1\n|-formechange|p2a: Cramorant|Cramorant|\n|\n|-heal|p1a: Dusknoir|140/225|[from] item: Leftovers\n|-damage|p2a: Cramorant|54/100 brn|[from] brn\n|upkeep\n|turn|15\n|inactive|Time left: 300 sec this turn | 300 sec total\n|\n|t:|1783550671\n|move|p2a: Cramorant|Surf|p1a: Dusknoir\n|-formechange|p2a: Cramorant|Cramorant-Gulping|\n|-damage|p1a: Dusknoir|76/225\n|move|p1a: Dusknoir|Poltergeist|p2a: Cramorant\n|-activate|p2a: Cramorant|move: Poltergeist|Heavy-Duty Boots\n|-damage|p2a: Cramorant|0 fnt\n|-damage|p1a: Dusknoir|20/225|[from] ability: Gulp Missile|[of] p2a: Cramorant\n|-unboost|p1a: Dusknoir|def|1\n|-formechange|p2a: Cramorant|Cramorant|\n|faint|p2a: Cramorant\n|\n|-heal|p1a: Dusknoir|34/225|[from] item: Leftovers\n|upkeep\n|\n|t:|1783550672\n|switch|p2a: Porygon2|Porygon2, L81|5/100\n|-ability|p2a: Porygon2|Download|boost\n|-boost|p2a: Porygon2|atk|1\n|turn|16\n|inactive|Time left: 300 sec this turn | 300 sec total\n|\n|t:|1783550673\n|move|p2a: Porygon2|Recover|p2a: Porygon2\n|-heal|p2a: Porygon2|55/100\n|move|p1a: Dusknoir|Earthquake|p2a: Porygon2\n|-damage|p2a: Porygon2|33/100\n|\n|-heal|p1a: Dusknoir|48/225|[from] item: Leftovers\n|upkeep\n|turn|17\n|inactive|Time left: 300 sec this turn | 300 sec total\n|\n|t:|1783550674\n|move|p2a: Porygon2|Recover|p2a: Porygon2\n|-heal|p2a: Porygon2|83/100\n|move|p1a: Dusknoir|Pain Split|p2a: Porygon2\n|-sethp|p2a: Porygon2|50/100|[from] move: Pain Split|[silent]\n|-sethp|p1a: Dusknoir|135/225|[from] move: Pain Split\n|\n|-heal|p1a: Dusknoir|149/225|[from] item: Leftovers\n|upkeep\n|turn|18\n|inactive|Time left: 300 sec this turn | 300 sec total\n|\n|t:|1783550675\n|move|p2a: Porygon2|Recover|p2a: Porygon2\n|-heal|p2a: Porygon2|100/100\n|move|p1a: Dusknoir|Pain Split|p2a: Porygon2\n|-sethp|p2a: Porygon2|78/100|[from] move: Pain Split|[silent]\n|-sethp|p1a: Dusknoir|209/225|[from] move: Pain Split\n|\n|-heal|p1a: Dusknoir|223/225|[from] item: Leftovers\n|upkeep\n|turn|19\n|inactive|Time left: 300 sec this turn | 300 sec total\n|\n|t:|1783550676\n|switch|p1a: Reshiram|Reshiram, L76|123/277\n|-ability|p1a: Reshiram|Turboblaze\n|move|p2a: Porygon2|Recover|p2a: Porygon2\n|-heal|p2a: Porygon2|100/100\n|\n|upkeep\n|turn|20\n|inactive|Time left: 300 sec this turn | 300 sec total\n|\n|t:|1783550677\n|move|p1a: Reshiram|Blue Flare|p2a: Porygon2\n|-damage|p2a: Porygon2|61/100\n|move|p2a: Porygon2|Ice Beam|p1a: Reshiram\n|-crit|p1a: Reshiram\n|-damage|p1a: Reshiram|33/277\n|\n|upkeep\n|turn|21\n|inactive|Time left: 300 sec this turn | 300 sec total\n|\n|t:|1783550678\n|move|p1a: Reshiram|Blue Flare|p2a: Porygon2\n|-damage|p2a: Porygon2|19/100\n|move|p2a: Porygon2|Recover|p2a: Porygon2\n|-heal|p2a: Porygon2|69/100\n|\n|upkeep\n|turn|22\n|inactive|Time left: 300 sec this turn | 300 sec total\n|\n|t:|1783550679\n|move|p1a: Reshiram|Blue Flare|p2a: Porygon2\n|-damage|p2a: Porygon2|28/100\n|-status|p2a: Porygon2|brn\n|move|p2a: Porygon2|Recover|p2a: Porygon2\n|-heal|p2a: Porygon2|78/100 brn\n|\n|-damage|p2a: Porygon2|72/100 brn|[from] brn\n|upkeep\n|turn|23\n|inactive|Time left: 300 sec this turn | 300 sec total\n|\n|t:|1783550681\n|move|p1a: Reshiram|Blue Flare|p2a: Porygon2\n|-damage|p2a: Porygon2|32/100 brn\n|move|p2a: Porygon2|Recover|p2a: Porygon2\n|-heal|p2a: Porygon2|82/100 brn\n|\n|-damage|p2a: Porygon2|76/100 brn|[from] brn\n|upkeep\n|turn|24\n|inactive|Time left: 300 sec this turn | 300 sec total\n|\n|t:|1783550682\n|move|p1a: Reshiram|Blue Flare|p2a: Porygon2\n|-damage|p2a: Porygon2|39/100 brn\n|move|p2a: Porygon2|Tri Attack|p1a: Reshiram\n|-damage|p1a: Reshiram|0 fnt\n|faint|p1a: Reshiram\n|\n|-damage|p2a: Porygon2|33/100 brn|[from] brn\n|upkeep\n|inactive|Time left: 300 sec this turn | 300 sec total | 5 sec grace\n|\n|t:|1783550682\n|switch|p1a: Electrode|Electrode-Hisui, L87|246/246\n|turn|25\n|inactive|Time left: 300 sec this turn | 300 sec total\n|\n|t:|1783550684\n|move|p1a: Electrode|Thunderbolt|p2a: Porygon2\n|-damage|p2a: Porygon2|6/100 brn\n|-damage|p1a: Electrode|222/246|[from] item: Life Orb\n|move|p2a: Porygon2|Recover|p2a: Porygon2\n|-heal|p2a: Porygon2|56/100 brn\n|\n|-damage|p2a: Porygon2|50/100 brn|[from] brn\n|upkeep\n|turn|26\n|inactive|Time left: 300 sec this turn | 300 sec total\n|\n|t:|1783550685\n|switch|p2a: Cacturne|Cacturne, L92, F|100/100\n|move|p1a: Electrode|Volt Switch|p2a: Cacturne\n|-resisted|p2a: Cacturne\n|-damage|p2a: Cacturne|80/100\n|-damage|p1a: Electrode|198/246|[from] item: Life Orb\n|inactive|Time left: 300 sec this turn | 300 sec total | 5 sec grace\n|\n|t:|1783550686\n|switch|p1a: Dusknoir|Dusknoir, L89, F|223/225|[from] Volt Switch\n|-item|p2a: Cacturne|Life Orb|[from] ability: Frisk|[of] p1a: Dusknoir\n|\n|-heal|p1a: Dusknoir|225/225|[from] item: Leftovers\n|upkeep\n|turn|27\n|inactive|Time left: 300 sec this turn | 300 sec total\n|\n|t:|1783550687\n|-terastallize|p1a: Dusknoir|Fairy\n|move|p2a: Cacturne|Knock Off|p1a: Dusknoir\n|-resisted|p1a: Dusknoir\n|-damage|p1a: Dusknoir|164/225\n|-enditem|p1a: Dusknoir|Leftovers|[from] move: Knock Off|[of] p2a: Cacturne\n|-damage|p2a: Cacturne|71/100|[from] item: Life Orb\n|move|p1a: Dusknoir|Earthquake|p2a: Cacturne\n|-resisted|p2a: Cacturne\n|-damage|p2a: Cacturne|53/100\n|\n|upkeep\n|turn|28\n|inactive|Time left: 300 sec this turn | 300 sec total\n|\n|t:|1783550688\n|move|p2a: Cacturne|Swords Dance|p2a: Cacturne\n|-boost|p2a: Cacturne|atk|2\n|move|p1a: Dusknoir|Earthquake|p2a: Cacturne\n|-resisted|p2a: Cacturne\n|-damage|p2a: Cacturne|35/100\n|\n|upkeep\n|turn|29\n|inactive|Time left: 300 sec this turn | 300 sec total\n|\n|t:|1783550689\n|switch|p1a: Electrode|Electrode-Hisui, L87|198/246\n|move|p2a: Cacturne|Seed Bomb|p1a: Electrode\n|-resisted|p1a: Electrode\n|-damage|p1a: Electrode|36/246\n|-damage|p2a: Cacturne|26/100|[from] item: Life Orb\n|\n|upkeep\n|turn|30\n|inactive|Time left: 300 sec this turn | 300 sec total\n|\n|t:|1783550690\n|move|p1a: Electrode|Thunderbolt|p2a: Cacturne\n|-resisted|p2a: Cacturne\n|-damage|p2a: Cacturne|0 fnt\n|faint|p2a: Cacturne\n|-damage|p1a: Electrode|12/246|[from] item: Life Orb\n|\n|upkeep\n|\n|t:|1783550691\n|switch|p2a: Iron Crown|Iron Crown, L78|54/100\n|turn|31\n|inactive|Time left: 300 sec this turn | 300 sec total\n|\n|t:|1783550692\n|-terastallize|p2a: Iron Crown|Steel\n|move|p1a: Electrode|Thunderbolt|p2a: Iron Crown\n|-damage|p2a: Iron Crown|17/100\n|-damage|p1a: Electrode|0 fnt|[from] item: Life Orb\n|faint|p1a: Electrode\n|move|p2a: Iron Crown|Tachyon Cutter|p1: Electrode|[notarget]\n|-fail|p2a: Iron Crown\n|\n|upkeep\n|inactive|Time left: 300 sec this turn | 300 sec total | 5 sec grace\n|\n|t:|1783550693\n|switch|p1a: Dusknoir|Dusknoir, L89, F, tera:Fairy|164/225\n|-item|p2a: Iron Crown|Choice Specs|[from] ability: Frisk|[of] p1a: Dusknoir\n|turn|32\n|inactive|Time left: 300 sec this turn | 300 sec total\n|\n|t:|1783550694\n|move|p1a: Dusknoir|Shadow Sneak|p2a: Iron Crown\n|-damage|p2a: Iron Crown|0 fnt\n|faint|p2a: Iron Crown\n|-end|p2a: Iron Crown|Quark Drive|[silent]\n|\n|upkeep\n|\n|t:|1783550694\n|switch|p2a: Porygon2|Porygon2, L81|50/100 brn\n|-ability|p2a: Porygon2|Download|boost\n|-boost|p2a: Porygon2|spa|1\n|turn|33\n|inactive|Time left: 300 sec this turn | 300 sec total\n|\n|t:|1783550695\n|move|p2a: Porygon2|Tri Attack|p1a: Dusknoir\n|-damage|p1a: Dusknoir|79/225\n|-status|p1a: Dusknoir|par\n|cant|p1a: Dusknoir|par\n|\n|-damage|p2a: Porygon2|45/100 brn|[from] brn\n|upkeep\n|turn|34\n|inactive|Time left: 300 sec this turn | 300 sec total\n|\n|t:|1783550696\n|move|p2a: Porygon2|Tri Attack|p1a: Dusknoir\n|-damage|p1a: Dusknoir|0 fnt\n|faint|p1a: Dusknoir\n|\n|win|p0y927deca", "uploadtime": 1783550696, "views": 0, "rating": 0, "private": 0, "password": null, "_winner": "p0y927deca", "_our_name": "p0x9276b6f"}