{"id": "battle-gen9randombattle-24", "formatid": "gen9randombattle", "format": "[Gen 9] Random Battle", "players": ["p0x02459a9", "p0y024d6f4"], "log": "|init|battle\n|title|p0x02459a9 vs. p0y024d6f4\n|j|\u2606p0x02459a9\n|j|\u2606p0y024d6f4\n|t:|1783539713\n|gametype|singles\n|player|p1|p0x02459a9|102|\n|player|p2|p0y024d6f4|265|\n|gen|9\n|tier|[Gen 9] Random Battle\n|rule|Species Clause: Limit one of each Pok\u00e9mon\n|rule|HP Percentage Mod: HP is shown in percentages\n|rule|Sleep Clause Mod: Limit one foe put to sleep\n|rule|Illusion Level Mod: Illusion disguises the Pok\u00e9mon's true level\n|\n|t:|1783539713\n|teamsize|p1|6\n|teamsize|p2|6\n|start\n|switch|p1a: Granbull|Granbull, L88, F|302/302\n|switch|p2a: Smeargle|Smeargle, L95, M|100/100\n|-ability|p1a: Granbull|Intimidate|boost\n|-fail|p2a: Smeargle|unboost|Attack|[from] ability: Own Tempo|[of] p2a: Smeargle\n|turn|1\n|inactive|Battle timer is ON: inactive players will automatically lose when time's up. (requested by p0x02459a9)\n|inactive|p0y024d6f4 also wants the timer to be on.\n|\n|t:|1783539714\n|move|p2a: Smeargle|Sticky Web|p1a: Granbull\n|-sidestart|p1: p0x02459a9|move: Sticky Web\n|move|p1a: Granbull|Earthquake|p2a: Smeargle\n|-damage|p2a: Smeargle|42/100\n|\n|upkeep\n|turn|2\n|inactive|Time left: 300 sec this turn | 300 sec total\n|\n|t:|1783539715\n|move|p2a: Smeargle|Spore|p1a: Granbull\n|-status|p1a: Granbull|slp|[from] move: Spore\n|cant|p1a: Granbull|slp\n|\n|upkeep\n|turn|3\n|inactive|Time left: 300 sec this turn | 300 sec total\n|\n|t:|1783539716\n|move|p2a: Smeargle|Ceaseless Edge|p1a: Granbull\n|-resisted|p1a: Granbull\n|-damage|p1a: Granbull|289/302 slp\n|-sidestart|p1: p0x02459a9|Spikes\n|cant|p1a: Granbull|slp\n|\n|-heal|p1a: Granbull|302/302 slp|[from] item: Leftovers\n|upkeep\n|turn|4\n|inactive|Time left: 300 sec this turn | 300 sec total\n|\n|t:|1783539718\n|switch|p2a: Inteleon|Inteleon, L81, F|100/100\n|cant|p1a: Granbull|slp\n|\n|upkeep\n|turn|5\n|inactive|Time left: 300 sec this turn | 300 sec total\n|\n|t:|1783539719\n|move|p2a: Inteleon|Scald|p1a: Granbull\n|-damage|p1a: Granbull|113/302 slp\n|-curestatus|p1a: Granbull|slp|[msg]\n|move|p1a: Granbull|Play Rough|p2a: Inteleon\n|-damage|p2a: Inteleon|38/100\n|\n|-heal|p1a: Granbull|131/302|[from] item: Leftovers\n|upkeep\n|turn|6\n|inactive|Time left: 300 sec this turn | 300 sec total\n|\n|t:|1783539720\n|switch|p1a: Regidrago|Regidrago, L77|435/435\n|-activate|p1a: Regidrago|move: Sticky Web\n|-unboost|p1a: Regidrago|spe|1\n|-damage|p1a: Regidrago|381/435|[from] Spikes\n|move|p2a: Inteleon|Scald|p1a: Regidrago\n|-resisted|p1a: Regidrago\n|-damage|p1a: Regidrago|255/435\n|\n|upkeep\n|turn|7\n|inactive|Time left: 300 sec this turn | 300 sec total\n|\n|t:|1783539721\n|move|p2a: Inteleon|Scald|p1a: Regidrago\n|-resisted|p1a: Regidrago\n|-damage|p1a: Regidrago|140/435\n|move|p1a: Regidrago|Outrage|p2a: Inteleon\n|-damage|p2a: Inteleon|0 fnt\n|faint|p2a: Inteleon\n|\n|upkeep\n|\n|t:|1783539722\n|switch|p2a: Dedenne|Dedenne, L88, F|100/100\n|turn|8\n|inactive|Time left: 300 sec this turn | 300 sec total\n|\n|t:|1783539723\n|move|p2a: Dedenne|Dazzling Gleam|p1a: Regidrago\n|-supereffective|p1a: Regidrago\n|-damage|p1a: Regidrago|0 fnt\n|faint|p1a: Regidrago\n|\n|upkeep\n|inactive|Time left: 300 sec this turn | 300 sec total | 5 sec grace\n|\n|t:|1783539724\n|switch|p1a: Donphan|Donphan, L84, F|288/288\n|-activate|p1a: Donphan|move: Sticky Web\n|-unboost|p1a: Donphan|spe|1\n|-damage|p1a: Donphan|252/288|[from] Spikes\n|turn|9\n|inactive|Time left: 300 sec this turn | 300 sec total\n|\n|t:|1783539725\n|switch|p2a: Annihilape|Annihilape, L76, M|100/100\n|move|p1a: Donphan|Rapid Spin|p2a: Annihilape\n|-immune|p2a: Annihilape\n|\n|upkeep\n|turn|10\n|inactive|Time left: 300 sec this turn | 300 sec total\n|\n|t:|1783539726\n|move|p2a: Annihilape|Bulk Up|p2a: Annihilape\n|-boost|p2a: Annihilape|atk|1\n|-boost|p2a: Annihilape|def|1\n|move|p1a: Donphan|Knock Off|p2a: Annihilape\n|-damage|p2a: Annihilape|78/100\n|-enditem|p2a: Annihilape|Chesto Berry|[from] move: Knock Off|[of] p1a: Donphan\n|\n|upkeep\n|turn|11\n|inactive|Time left: 300 sec this turn | 300 sec total\n|\n|t:|1783539728\n|move|p2a: Annihilape|Bulk Up|p2a: Annihilape\n|-boost|p2a: Annihilape|atk|1\n|-boost|p2a: Annihilape|def|1\n|move|p1a: Donphan|Earthquake|p2a: Annihilape\n|-damage|p2a: Annihilape|51/100\n|\n|upkeep\n|turn|12\n|inactive|Time left: 300 sec this turn | 300 sec total\n|\n|t:|1783539729\n|move|p2a: Annihilape|Drain Punch|p1a: Donphan\n|-damage|p1a: Donphan|134/288\n|-heal|p2a: Annihilape|71/100|[from] drain|[of] p1a: Donphan\n|move|p1a: Donphan|Earthquake|p2a: Annihilape\n|-damage|p2a: Annihilape|45/100\n|\n|upkeep\n|turn|13\n|inactive|Time left: 300 sec this turn | 300 sec total\n|\n|t:|1783539730\n|move|p2a: Annihilape|Drain Punch|p1a: Donphan\n|-damage|p1a: Donphan|25/288\n|-heal|p2a: Annihilape|64/100|[from] drain|[of] p1a: Donphan\n|move|p1a: Donphan|Earthquake|p2a: Annihilape\n|-damage|p2a: Annihilape|40/100\n|\n|upkeep\n|turn|14\n|inactive|Time left: 300 sec this turn | 300 sec total\n|\n|t:|1783539731\n|move|p1a: Donphan|Ice Shard|p2a: Annihilape\n|-damage|p2a: Annihilape|33/100\n|move|p2a: Annihilape|Drain Punch|p1a: Donphan\n|-damage|p1a: Donphan|0 fnt\n|-heal|p2a: Annihilape|37/100|[from] drain|[of] p1a: Donphan\n|faint|p1a: Donphan\n|\n|upkeep\n|inactive|Time left: 300 sec this turn | 300 sec total | 5 sec grace\n|\n|t:|1783539732\n|switch|p1a: Landorus|Landorus-Therian, L76, M|260/260\n|-ability|p1a: Landorus|Intimidate|boost\n|-unboost|p2a: Annihilape|atk|1\n|-ability|p2a: Annihilape|Defiant|boost\n|-boost|p2a: Annihilape|atk|2\n|turn|15\n|inactive|Time left: 300 sec this turn | 300 sec total\n|\n|t:|1783539733\n|move|p1a: Landorus|Earthquake|p2a: Annihilape\n|-damage|p2a: Annihilape|15/100\n|move|p2a: Annihilape|Drain Punch|p1a: Landorus\n|-resisted|p1a: Landorus\n|-damage|p1a: Landorus|152/260\n|-heal|p2a: Annihilape|33/100|[from] drain|[of] p1a: Landorus\n|\n|-heal|p1a: Landorus|168/260|[from] item: Leftovers\n|upkeep\n|turn|16\n|inactive|Time left: 300 sec this turn | 300 sec total\n|\n|t:|1783539734\n|move|p1a: Landorus|Earthquake|p2a: Annihilape\n|-damage|p2a: Annihilape|10/100\n|move|p2a: Annihilape|Drain Punch|p1a: Landorus\n|-resisted|p1a: Landorus\n|-damage|p1a: Landorus|60/260\n|-heal|p2a: Annihilape|28/100|[from] drain|[of] p1a: Landorus\n|\n|-heal|p1a: Landorus|76/260|[from] item: Leftovers\n|upkeep\n|turn|17\n|inactive|Time left: 300 sec this turn | 300 sec total\n|\n|t:|1783539735\n|-terastallize|p1a: Landorus|Ground\n|move|p1a: Landorus|Earthquake|p2a: Annihilape\n|-damage|p2a: Annihilape|0 fnt\n|faint|p2a: Annihilape\n|\n|-heal|p1a: Landorus|92/260|[from] item: Leftovers\n|upkeep\n|\n|t:|1783539736\n|switch|p2a: Piloswine|Piloswine, L85, F|100/100\n|turn|18\n|inactive|Time left: 300 sec this turn | 300 sec total\n|\n|t:|1783539737\n|move|p1a: Landorus|Earthquake|p2a: Piloswine\n|-damage|p2a: Piloswine|62/100\n|move|p2a: Piloswine|Earthquake|p1a: Landorus\n|-damage|p1a: Landorus|0 fnt\n|faint|p1a: Landorus\n|\n|upkeep\n|inactive|Time left: 300 sec this turn | 300 sec total | 5 sec grace\n|\n|t:|1783539739\n|switch|p1a: Granbull|Granbull, L88, F|131/302\n|-activate|p1a: Granbull|move: Sticky Web\n|-unboost|p1a: Granbull|spe|1\n|-damage|p1a: Granbull|94/302|[from] Spikes\n|-ability|p1a: Granbull|Intimidate|boost\n|-unboost|p2a: Piloswine|atk|1\n|turn|19\n|inactive|Time left: 300 sec this turn | 300 sec total\n|\n|t:|1783539740\n|move|p2a: Piloswine|Icicle Crash|p1a: Granbull\n|-damage|p1a: Granbull|18/302\n|move|p1a: Granbull|Play Rough|p2a: Piloswine\n|-damage|p2a: Piloswine|34/100\n|\n|-heal|p1a: Granbull|36/302|[from] item: Leftovers\n|upkeep\n|turn|20\n|inactive|Time left: 300 sec this turn | 300 sec total\n|\n|t:|1783539741\n|move|p2a: Piloswine|Earthquake|p1a: Granbull\n|-damage|p1a: Granbull|0 fnt\n|faint|p1a: Granbull\n|\n|upkeep\n|inactive|Time left: 300 sec this turn | 300 sec total | 5 sec grace\n|\n|t:|1783539742\n|switch|p1a: Minun|Minun, L95, F|268/268\n|-activate|p1a: Minun|move: Sticky Web\n|-unboost|p1a: Minun|spe|1\n|-damage|p1a: Minun|235/268|[from] Spikes\n|turn|21\n|inactive|Time left: 300 sec this turn | 300 sec total\n|\n|t:|1783539743\n|move|p1a: Minun|Grass Knot|p2a: Piloswine\n|-supereffective|p2a: Piloswine\n|-damage|p2a: Piloswine|0 fnt\n|faint|p2a: Piloswine\n|-damage|p1a: Minun|209/268|[from] item: Life Orb\n|\n|upkeep\n|\n|t:|1783539744\n|switch|p2a: Gothitelle|Gothitelle, L90, F|100/100\n|turn|22\n|inactive|Time left: 300 sec this turn | 300 sec total\n|\n|t:|1783539745\n|move|p2a: Gothitelle|Psychic|p1a: Minun\n|-damage|p1a: Minun|110/268\n|move|p1a: Minun|Nasty Plot|p1a: Minun\n|-boost|p1a: Minun|spa|2\n|\n|upkeep\n|turn|23\n|inactive|Time left: 300 sec this turn | 300 sec total\n|\n|t:|1783539746\n|move|p2a: Gothitelle|Psychic|p1a: Minun\n|-damage|p1a: Minun|7/268\n|move|p1a: Minun|Thunderbolt|p2a: Gothitelle\n|-damage|p2a: Gothitelle|18/100\n|-damage|p1a: Minun|0 fnt|[from] item: Life Orb\n|faint|p1a: Minun\n|\n|upkeep\n|inactive|Time left: 300 sec this turn | 300 sec total | 5 sec grace\n|\n|t:|1783539747\n|switch|p1a: Pachirisu|Pachirisu, L96, F|271/271\n|turn|24\n|inactive|Time left: 300 sec this turn | 300 sec total\n|\n|t:|1783539748\n|switch|p2a: Dedenne|Dedenne, L88, F|100/100\n|move|p1a: Pachirisu|Discharge|p2a: Dedenne\n|-resisted|p2a: Dedenne\n|-damage|p2a: Dedenne|87/100\n|\n|upkeep\n|turn|25\n|inactive|Time left: 300 sec this turn | 300 sec total\n|\n|t:|1783539749\n|move|p1a: Pachirisu|Super Fang|p2a: Dedenne|[miss]\n|-miss|p1a: Pachirisu|p2a: Dedenne\n|move|p2a: Dedenne|Super Fang|p1a: Pachirisu\n|-damage|p1a: Pachirisu|136/271\n|\n|upkeep\n|turn|26\n|inactive|Time left: 300 sec this turn | 300 sec total\n|\n|t:|1783539750\n|move|p1a: Pachirisu|Encore|p2a: Dedenne\n|-start|p2a: Dedenne|Encore\n|move|p2a: Dedenne|Super Fang|p1a: Pachirisu\n|-damage|p1a: Pachirisu|68/271\n|\n|upkeep\n|turn|27\n|inactive|Time left: 300 sec this turn | 300 sec total\n|\n|t:|1783539751\n|switch|p2a: Gothitelle|Gothitelle, L90, F|18/100\n|move|p1a: Pachirisu|Discharge|p2a: Gothitelle\n|-damage|p2a: Gothitelle|0 fnt\n|faint|p2a: Gothitelle\n|\n|upkeep\n|\n|t:|1783539751\n|switch|p2a: Dedenne|Dedenne, L88, F|87/100\n|turn|28\n|inactive|Time left: 300 sec this turn | 300 sec total\n|\n|t:|1783539752\n|move|p1a: Pachirisu|Discharge|p2a: Dedenne\n|-resisted|p2a: Dedenne\n|-damage|p2a: Dedenne|72/100\n|move|p2a: Dedenne|Dazzling Gleam|p1a: Pachirisu\n|-damage|p1a: Pachirisu|0 fnt\n|faint|p1a: Pachirisu\n|\n|win|p0y024d6f4", "uploadtime": 1783539753, "views": 0, "rating": 0, "private": 0, "password": null, "_winner": "p0y024d6f4", "_our_name": "p0x02459a9"}