{"id": "battle-gen9randombattle-1570", "formatid": "gen9randombattle", "format": "[Gen 9] Random Battle", "players": ["p0x1570eb45", "p0y1570c876"], "log": "|init|battle\n|title|p0x1570eb45 vs. p0y1570c876\n|j|\u2606p0x1570eb45\n|j|\u2606p0y1570c876\n|t:|1783557381\n|gametype|singles\n|player|p1|p0x1570eb45|266|\n|player|p2|p0y1570c876|170|\n|gen|9\n|tier|[Gen 9] Random Battle\n|rule|Species Clause: Limit one of each Pok\u00e9mon\n|rule|HP Percentage Mod: HP is shown in percentages\n|rule|Sleep Clause Mod: Limit one foe put to sleep\n|rule|Illusion Level Mod: Illusion disguises the Pok\u00e9mon's true level\n|\n|t:|1783557381\n|teamsize|p1|6\n|teamsize|p2|6\n|start\n|switch|p1a: Venomoth|Venomoth, L84, M|100/100\n|switch|p2a: Scizor|Scizor, L79, F|240/240\n|turn|1\n|inactive|Battle timer is ON: inactive players will automatically lose when time's up. (requested by p0y1570c876)\n|\n|t:|1783557383\n|move|p1a: Venomoth|Quiver Dance|p1a: Venomoth\n|-boost|p1a: Venomoth|spa|1\n|-boost|p1a: Venomoth|spd|1\n|-boost|p1a: Venomoth|spe|1\n|move|p2a: Scizor|Swords Dance|p2a: Scizor\n|-boost|p2a: Scizor|atk|2\n|\n|upkeep\n|turn|2\n|inactive|Time left: 300 sec this turn | 300 sec total\n|inactive|p0x1570eb45 also wants the timer to be on.\n|\n|t:|1783557384\n|-terastallize|p1a: Venomoth|Steel\n|move|p1a: Venomoth|Sleep Powder|p2a: Scizor\n|-status|p2a: Scizor|slp|[from] move: Sleep Powder\n|cant|p2a: Scizor|slp\n|\n|upkeep\n|turn|3\n|inactive|Time left: 300 sec this turn | 300 sec total\n|\n|t:|1783557385\n|move|p1a: Venomoth|Bug Buzz|p2a: Scizor\n|-resisted|p2a: Scizor\n|-damage|p2a: Scizor|88/240 slp\n|cant|p2a: Scizor|slp\n|\n|upkeep\n|turn|4\n|inactive|Time left: 300 sec this turn | 300 sec total\n|\n|t:|1783557386\n|switch|p2a: Iron Hands|Iron Hands, L79|373/373\n|move|p1a: Venomoth|Bug Buzz|p2a: Iron Hands\n|-resisted|p2a: Iron Hands\n|-damage|p2a: Iron Hands|199/373\n|\n|-heal|p2a: Iron Hands|222/373|[from] item: Leftovers\n|upkeep\n|turn|5\n|inactive|Time left: 300 sec this turn | 300 sec total\n|\n|t:|1783557387\n|move|p1a: Venomoth|Sludge Wave|p2a: Iron Hands\n|-damage|p2a: Iron Hands|35/373\n|move|p2a: Iron Hands|Drain Punch|p1a: Venomoth\n|-supereffective|p1a: Venomoth\n|-damage|p1a: Venomoth|0 fnt\n|-heal|p2a: Iron Hands|163/373|[from] drain|[of] p1a: Venomoth\n|faint|p1a: Venomoth\n|\n|-heal|p2a: Iron Hands|186/373|[from] item: Leftovers\n|upkeep\n|\n|t:|1783557388\n|switch|p1a: Indeedee|Indeedee-F, L90, F|100/100\n|-fieldstart|move: Psychic Terrain|[from] ability: Psychic Surge|[of] p1a: Indeedee\n|turn|6\n|inactive|Time left: 300 sec this turn | 300 sec total\n|\n|t:|1783557390\n|-end|p2a: Iron Hands|Quark Drive|[silent]\n|switch|p2a: Meowstic|Meowstic, L89, M|277/277\n|move|p1a: Indeedee|Psychic|p2a: Meowstic\n|-resisted|p2a: Meowstic\n|-damage|p2a: Meowstic|210/277\n|\n|upkeep\n|turn|7\n|inactive|Time left: 300 sec this turn | 300 sec total\n|\n|t:|1783557391\n|move|p2a: Meowstic|Light Screen|p2a: Meowstic\n|-sidestart|p2: p0y1570c876|move: Light Screen\n|move|p1a: Indeedee|Psychic|p2a: Meowstic\n|-resisted|p2a: Meowstic\n|-damage|p2a: Meowstic|177/277\n|\n|upkeep\n|turn|8\n|inactive|Time left: 300 sec this turn | 300 sec total\n|\n|t:|1783557392\n|move|p2a: Meowstic|Reflect|p2a: Meowstic\n|-sidestart|p2: p0y1570c876|Reflect\n|move|p1a: Indeedee|Psychic|p2a: Meowstic\n|-resisted|p2a: Meowstic\n|-damage|p2a: Meowstic|139/277\n|-unboost|p2a: Meowstic|spd|1\n|\n|upkeep\n|turn|9\n|inactive|Time left: 300 sec this turn | 300 sec total\n|\n|t:|1783557392\n|switch|p2a: Komala|Komala, L87, M|255/255\n|-ability|p2a: Komala|Comatose\n|move|p1a: Indeedee|Psychic|p2a: Komala\n|-damage|p2a: Komala|213/255\n|\n|upkeep\n|turn|10\n|inactive|Time left: 300 sec this turn | 300 sec total\n|\n|t:|1783557394\n|switch|p1a: Drednaw|Drednaw, L81, F|100/100\n|move|p2a: Komala|Knock Off|p1a: Drednaw\n|-damage|p1a: Drednaw|68/100\n|-enditem|p1a: Drednaw|White Herb|[from] move: Knock Off|[of] p2a: Komala\n|\n|-fieldend|move: Psychic Terrain\n|upkeep\n|turn|11\n|inactive|Time left: 300 sec this turn | 300 sec total\n|\n|t:|1783557395\n|move|p1a: Drednaw|Liquidation|p2a: Komala\n|-damage|p2a: Komala|156/255\n|move|p2a: Komala|Earthquake|p1a: Drednaw\n|-supereffective|p1a: Drednaw\n|-damage|p1a: Drednaw|1/100\n|\n|upkeep\n|turn|12\n|inactive|Time left: 300 sec this turn | 300 sec total\n|\n|t:|1783557396\n|move|p1a: Drednaw|Liquidation|p2a: Komala\n|-damage|p2a: Komala|93/255\n|move|p2a: Komala|Rapid Spin|p1a: Drednaw\n|-resisted|p1a: Drednaw\n|-damage|p1a: Drednaw|0 fnt\n|-boost|p2a: Komala|spe|1\n|faint|p1a: Drednaw\n|\n|upkeep\n|\n|t:|1783557397\n|switch|p1a: Floatzel|Floatzel, L86, F|100/100\n|turn|13\n|inactive|Time left: 300 sec this turn | 300 sec total\n|\n|t:|1783557398\n|move|p1a: Floatzel|Wave Crash|p2a: Komala\n|-damage|p2a: Komala|0 fnt\n|faint|p2a: Komala\n|-damage|p1a: Floatzel|90/100|[from] Recoil\n|\n|upkeep\n|inactive|Time left: 300 sec this turn | 300 sec total | 5 sec grace\n|\n|t:|1783557399\n|switch|p2a: Iron Hands|Iron Hands, L79|186/373\n|turn|14\n|inactive|Time left: 300 sec this turn | 300 sec total\n|\n|t:|1783557400\n|switch|p1a: Indeedee|Indeedee-F, L90, F|100/100\n|-fieldstart|move: Psychic Terrain|[from] ability: Psychic Surge|[of] p1a: Indeedee\n|move|p2a: Iron Hands|Drain Punch|p1a: Indeedee\n|-damage|p1a: Indeedee|61/100\n|-heal|p2a: Iron Hands|240/373|[from] drain|[of] p1a: Indeedee\n|\n|-heal|p2a: Iron Hands|263/373|[from] item: Leftovers\n|-sideend|p2: p0y1570c876|move: Light Screen\n|upkeep\n|turn|15\n|inactive|Time left: 300 sec this turn | 300 sec total\n|\n|t:|1783557401\n|-end|p2a: Iron Hands|Quark Drive|[silent]\n|switch|p2a: Exeggutor|Exeggutor, L89, F|312/312\n|move|p1a: Indeedee|Psychic|p2a: Exeggutor\n|-resisted|p2a: Exeggutor\n|-damage|p2a: Exeggutor|243/312\n|\n|-sideend|p2: p0y1570c876|Reflect\n|upkeep\n|turn|16\n|inactive|Time left: 300 sec this turn | 300 sec total\n|\n|t:|1783557402\n|move|p1a: Indeedee|Psychic|p2a: Exeggutor\n|-resisted|p2a: Exeggutor\n|-damage|p2a: Exeggutor|168/312\n|move|p2a: Exeggutor|Leech Seed|p1a: Indeedee\n|-start|p1a: Indeedee|move: Leech Seed\n|\n|-damage|p1a: Indeedee|48/100|[from] Leech Seed|[of] p2a: Exeggutor\n|-heal|p2a: Exeggutor|202/312|[silent]\n|upkeep\n|turn|17\n|inactive|Time left: 300 sec this turn | 300 sec total\n|\n|t:|1783557403\n|move|p1a: Indeedee|Psychic|p2a: Exeggutor\n|-resisted|p2a: Exeggutor\n|-damage|p2a: Exeggutor|123/312\n|-enditem|p2a: Exeggutor|Sitrus Berry|[eat]\n|-heal|p2a: Exeggutor|201/312|[from] item: Sitrus Berry\n|move|p2a: Exeggutor|Psychic Noise|p1a: Indeedee\n|-resisted|p1a: Indeedee\n|-damage|p1a: Indeedee|26/100\n|-start|p1a: Indeedee|move: Heal Block\n|\n|-damage|p1a: Indeedee|14/100|[from] Leech Seed|[of] p2a: Exeggutor\n|-heal|p2a: Exeggutor|235/312|[silent]\n|upkeep\n|turn|18\n|inactive|Time left: 300 sec this turn | 300 sec total\n|\n|t:|1783557404\n|move|p1a: Indeedee|Psychic|p2a: Exeggutor\n|-resisted|p2a: Exeggutor\n|-damage|p2a: Exeggutor|161/312\n|-unboost|p2a: Exeggutor|spd|1\n|move|p2a: Exeggutor|Psychic Noise|p1a: Indeedee\n|-resisted|p1a: Indeedee\n|-damage|p1a: Indeedee|0 fnt\n|faint|p1a: Indeedee\n|\n|-fieldend|move: Psychic Terrain\n|-item|p2a: Exeggutor|Sitrus Berry|[from] ability: Harvest\n|upkeep\n|\n|t:|1783557405\n|switch|p1a: Ursaring|Ursaring, L84, F|100/100\n|turn|19\n|inactive|Time left: 300 sec this turn | 300 sec total\n|\n|t:|1783557406\n|move|p2a: Exeggutor|Leech Seed|p1a: Ursaring|[miss]\n|-miss|p2a: Exeggutor|p1a: Ursaring\n|move|p1a: Ursaring|Swords Dance|p1a: Ursaring\n|-boost|p1a: Ursaring|atk|2\n|\n|-status|p1a: Ursaring|tox|[from] item: Toxic Orb\n|upkeep\n|turn|20\n|inactive|Time left: 300 sec this turn | 300 sec total\n|\n|t:|1783557407\n|move|p2a: Exeggutor|Protect|p2a: Exeggutor\n|-singleturn|p2a: Exeggutor|Protect\n|move|p1a: Ursaring|Facade|p2a: Exeggutor\n|-activate|p2a: Exeggutor|move: Protect\n|\n|-damage|p1a: Ursaring|94/100 tox|[from] psn\n|upkeep\n|turn|21\n|inactive|Time left: 300 sec this turn | 300 sec total\n|\n|t:|1783557408\n|switch|p2a: Scizor|Scizor, L79, F|88/240 slp\n|move|p1a: Ursaring|Facade|p2a: Scizor\n|-resisted|p2a: Scizor\n|-damage|p2a: Scizor|0 fnt\n|faint|p2a: Scizor\n|\n|-damage|p1a: Ursaring|82/100 tox|[from] psn\n|upkeep\n|inactive|Time left: 300 sec this turn | 300 sec total | 5 sec grace\n|\n|t:|1783557409\n|switch|p2a: Meowstic|Meowstic, L89, M|139/277\n|turn|22\n|inactive|Time left: 300 sec this turn | 300 sec total\n|\n|t:|1783557410\n|move|p2a: Meowstic|Reflect|p2a: Meowstic\n|-sidestart|p2: p0y1570c876|Reflect\n|move|p1a: Ursaring|Facade|p2a: Meowstic\n|-damage|p2a: Meowstic|0 fnt\n|faint|p2a: Meowstic\n|\n|-damage|p1a: Ursaring|63/100 tox|[from] psn\n|upkeep\n|inactive|Time left: 300 sec this turn | 300 sec total | 5 sec grace\n|\n|t:|1783557411\n|switch|p2a: Iron Hands|Iron Hands, L79|263/373\n|turn|23\n|inactive|Time left: 300 sec this turn | 300 sec total\n|\n|t:|1783557412\n|move|p1a: Ursaring|Facade|p2a: Iron Hands\n|-damage|p2a: Iron Hands|107/373\n|move|p2a: Iron Hands|Drain Punch|p1a: Ursaring\n|-supereffective|p1a: Ursaring\n|-damage|p1a: Ursaring|0 fnt\n|-heal|p2a: Iron Hands|197/373|[from] drain|[of] p1a: Ursaring\n|faint|p1a: Ursaring\n|\n|-heal|p2a: Iron Hands|220/373|[from] item: Leftovers\n|upkeep\n|\n|t:|1783557414\n|switch|p1a: Dialga|Dialga-Origin, L73|100/100\n|-ability|p1a: Dialga|Pressure\n|turn|24\n|inactive|Time left: 300 sec this turn | 300 sec total\n|\n|t:|1783557415\n|move|p1a: Dialga|Draco Meteor|p2a: Iron Hands\n|-damage|p2a: Iron Hands|4/373\n|-unboost|p1a: Dialga|spa|2\n|move|p2a: Iron Hands|Drain Punch|p1a: Dialga\n|-supereffective|p1a: Dialga\n|-damage|p1a: Dialga|41/100\n|-heal|p2a: Iron Hands|83/373|[from] drain|[of] p1a: Dialga\n|\n|-heal|p2a: Iron Hands|106/373|[from] item: Leftovers\n|upkeep\n|turn|25\n|inactive|Time left: 300 sec this turn | 300 sec total\n|\n|t:|1783557416\n|move|p1a: Dialga|Draco Meteor|p2a: Iron Hands\n|-damage|p2a: Iron Hands|0 fnt\n|-unboost|p1a: Dialga|spa|2\n|faint|p2a: Iron Hands\n|-end|p2a: Iron Hands|Quark Drive|[silent]\n|\n|upkeep\n|inactive|Time left: 300 sec this turn | 300 sec total | 5 sec grace\n|\n|t:|1783557417\n|switch|p2a: Dudunsparce|Dudunsparce, L83, M|343/343\n|turn|26\n|inactive|Time left: 300 sec this turn | 300 sec total\n|\n|t:|1783557418\n|switch|p1a: Floatzel|Floatzel, L86, F|90/100\n|move|p2a: Dudunsparce|Earthquake|p1a: Floatzel\n|-damage|p1a: Floatzel|57/100\n|\n|upkeep\n|turn|27\n|inactive|Time left: 300 sec this turn | 300 sec total\n|\n|t:|1783557419\n|move|p1a: Floatzel|Wave Crash|p2a: Dudunsparce\n|-damage|p2a: Dudunsparce|232/343\n|-damage|p1a: Floatzel|45/100|[from] Recoil\n|move|p2a: Dudunsparce|Earthquake|p1a: Floatzel\n|-damage|p1a: Floatzel|11/100\n|\n|-heal|p2a: Dudunsparce|253/343|[from] item: Leftovers\n|upkeep\n|turn|28\n|inactive|Time left: 300 sec this turn | 300 sec total\n|\n|t:|1783557420\n|switch|p1a: Dialga|Dialga-Origin, L73|41/100\n|-ability|p1a: Dialga|Pressure\n|-terastallize|p2a: Dudunsparce|Poison\n|move|p2a: Dudunsparce|Roost|p2a: Dudunsparce\n|-heal|p2a: Dudunsparce|343/343\n|\n|upkeep\n|turn|29\n|inactive|Time left: 300 sec this turn | 300 sec total\n|\n|t:|1783557421\n|move|p1a: Dialga|Thunder Wave|p2a: Dudunsparce\n|-status|p2a: Dudunsparce|par\n|move|p2a: Dudunsparce|Earthquake|p1a: Dialga\n|-supereffective|p1a: Dialga\n|-damage|p1a: Dialga|0 fnt\n|faint|p1a: Dialga\n|\n|-sideend|p2: p0y1570c876|Reflect\n|upkeep\n|\n|t:|1783557422\n|switch|p1a: Floatzel|Floatzel, L86, F|11/100\n|turn|30\n|inactive|Time left: 300 sec this turn | 300 sec total\n|\n|t:|1783557423\n|move|p1a: Floatzel|Crunch|p2a: Dudunsparce\n|-damage|p2a: Dudunsparce|245/343 par\n|-ability|p2a: Dudunsparce|Rattled|boost\n|-boost|p2a: Dudunsparce|spe|1\n|move|p2a: Dudunsparce|Earthquake|p1a: Floatzel\n|-damage|p1a: Floatzel|0 fnt\n|faint|p1a: Floatzel\n|\n|win|p0y1570c876", "uploadtime": 1783557423, "views": 0, "rating": 0, "private": 0, "password": null, "_winner": "p0y1570c876", "_our_name": "p0y1570c876"}