{"id": "battle-gen9randombattle-1122", "formatid": "gen9randombattle", "format": "[Gen 9] Random Battle", "players": ["p0x11229490", "p0y11220f23"], "log": "|init|battle\n|title|p0x11229490 vs. p0y11220f23\n|j|\u2606p0x11229490\n|j|\u2606p0y11220f23\n|t:|1783552958\n|gametype|singles\n|player|p1|p0x11229490|170|\n|player|p2|p0y11220f23|265|\n|gen|9\n|tier|[Gen 9] Random Battle\n|rule|Species Clause: Limit one of each Pok\u00e9mon\n|rule|HP Percentage Mod: HP is shown in percentages\n|rule|Sleep Clause Mod: Limit one foe put to sleep\n|rule|Illusion Level Mod: Illusion disguises the Pok\u00e9mon's true level\n|\n|t:|1783552958\n|teamsize|p1|6\n|teamsize|p2|6\n|start\n|switch|p1a: Espeon|Espeon, L84, M|246/246\n|switch|p2a: Gogoat|Gogoat, L88, F|100/100\n|turn|1\n|inactive|Battle timer is ON: inactive players will automatically lose when time's up. (requested by p0x11229490)\n|inactive|p0y11220f23 also wants the timer to be on.\n|\n|t:|1783552960\n|switch|p1a: Meganium|Meganium, L90, M|290/290\n|move|p2a: Gogoat|Horn Leech|p1a: Meganium\n|-resisted|p1a: Meganium\n|-damage|p1a: Meganium|249/290\n|\n|-heal|p1a: Meganium|267/290|[from] item: Leftovers\n|upkeep\n|turn|2\n|inactive|Time left: 300 sec this turn | 300 sec total\n|\n|t:|1783552962\n|move|p1a: Meganium|Swords Dance|p1a: Meganium\n|-boost|p1a: Meganium|atk|2\n|move|p2a: Gogoat|Bulk Up|p2a: Gogoat\n|-boost|p2a: Gogoat|atk|1\n|-boost|p2a: Gogoat|def|1\n|\n|-heal|p1a: Meganium|285/290|[from] item: Leftovers\n|upkeep\n|turn|3\n|inactive|Time left: 300 sec this turn | 300 sec total\n|\n|t:|1783552963\n|move|p1a: Meganium|Knock Off|p2a: Gogoat\n|-damage|p2a: Gogoat|71/100\n|-enditem|p2a: Gogoat|Leftovers|[from] move: Knock Off|[of] p1a: Meganium\n|move|p2a: Gogoat|Bulk Up|p2a: Gogoat\n|-boost|p2a: Gogoat|atk|1\n|-boost|p2a: Gogoat|def|1\n|\n|-heal|p1a: Meganium|290/290|[from] item: Leftovers\n|upkeep\n|turn|4\n|inactive|Time left: 300 sec this turn | 300 sec total\n|\n|t:|1783552964\n|move|p1a: Meganium|Swords Dance|p1a: Meganium\n|-boost|p1a: Meganium|atk|2\n|move|p2a: Gogoat|Horn Leech|p1a: Meganium\n|-resisted|p1a: Meganium\n|-damage|p1a: Meganium|215/290\n|-heal|p2a: Gogoat|82/100|[from] drain|[of] p1a: Meganium\n|\n|-heal|p1a: Meganium|233/290|[from] item: Leftovers\n|upkeep\n|turn|5\n|inactive|Time left: 300 sec this turn | 300 sec total\n|\n|t:|1783552965\n|move|p1a: Meganium|Knock Off|p2a: Gogoat\n|-damage|p2a: Gogoat|59/100\n|move|p2a: Gogoat|Horn Leech|p1a: Meganium\n|-resisted|p1a: Meganium\n|-damage|p1a: Meganium|164/290\n|-heal|p2a: Gogoat|69/100|[from] drain|[of] p1a: Meganium\n|\n|-heal|p1a: Meganium|182/290|[from] item: Leftovers\n|upkeep\n|turn|6\n|inactive|Time left: 300 sec this turn | 300 sec total\n|\n|t:|1783552966\n|move|p1a: Meganium|Knock Off|p2a: Gogoat\n|-damage|p2a: Gogoat|46/100\n|move|p2a: Gogoat|Horn Leech|p1a: Meganium\n|-resisted|p1a: Meganium\n|-damage|p1a: Meganium|102/290\n|-heal|p2a: Gogoat|57/100|[from] drain|[of] p1a: Meganium\n|\n|-heal|p1a: Meganium|120/290|[from] item: Leftovers\n|upkeep\n|turn|7\n|inactive|Time left: 300 sec this turn | 300 sec total\n|\n|t:|1783552967\n|move|p1a: Meganium|Knock Off|p2a: Gogoat\n|-damage|p2a: Gogoat|32/100\n|move|p2a: Gogoat|Horn Leech|p1a: Meganium\n|-resisted|p1a: Meganium\n|-damage|p1a: Meganium|48/290\n|-heal|p2a: Gogoat|42/100|[from] drain|[of] p1a: Meganium\n|\n|-heal|p1a: Meganium|66/290|[from] item: Leftovers\n|upkeep\n|turn|8\n|inactive|Time left: 300 sec this turn | 300 sec total\n|\n|t:|1783552968\n|move|p1a: Meganium|Earthquake|p2a: Gogoat\n|-resisted|p2a: Gogoat\n|-damage|p2a: Gogoat|25/100\n|move|p2a: Gogoat|Horn Leech|p1a: Meganium\n|-resisted|p1a: Meganium\n|-damage|p1a: Meganium|0 fnt\n|-heal|p2a: Gogoat|34/100|[from] drain|[of] p1a: Meganium\n|faint|p1a: Meganium\n|\n|upkeep\n|inactive|Time left: 300 sec this turn | 300 sec total | 5 sec grace\n|\n|t:|1783552969\n|switch|p1a: Espeon|Espeon, L84, M|246/246\n|turn|9\n|inactive|Time left: 300 sec this turn | 300 sec total\n|\n|t:|1783552971\n|-terastallize|p1a: Espeon|Fairy\n|move|p1a: Espeon|Alluring Voice|p2a: Gogoat\n|-damage|p2a: Gogoat|0 fnt\n|faint|p2a: Gogoat\n|-damage|p1a: Espeon|222/246|[from] item: Life Orb\n|\n|upkeep\n|\n|t:|1783552972\n|switch|p2a: Bronzong|Bronzong, L88|100/100\n|turn|10\n|inactive|Time left: 300 sec this turn | 300 sec total\n|\n|t:|1783552973\n|switch|p1a: Dunsparce|Dunsparce, L86, F|312/312\n|move|p2a: Bronzong|Iron Head|p1a: Dunsparce\n|-damage|p1a: Dunsparce|249/312\n|\n|upkeep\n|turn|11\n|inactive|Time left: 300 sec this turn | 300 sec total\n|\n|t:|1783552974\n|move|p1a: Dunsparce|Coil|p1a: Dunsparce\n|-boost|p1a: Dunsparce|atk|1\n|-boost|p1a: Dunsparce|def|1\n|-boost|p1a: Dunsparce|accuracy|1\n|move|p2a: Bronzong|Psychic Noise|p1a: Dunsparce\n|-damage|p1a: Dunsparce|192/312\n|-start|p1a: Dunsparce|move: Heal Block\n|\n|upkeep\n|turn|12\n|inactive|Time left: 300 sec this turn | 300 sec total\n|\n|t:|1783552975\n|move|p1a: Dunsparce|Body Slam|p2a: Bronzong\n|-resisted|p2a: Bronzong\n|-damage|p2a: Bronzong|84/100\n|-status|p2a: Bronzong|par\n|move|p2a: Bronzong|Iron Defense|p2a: Bronzong\n|-boost|p2a: Bronzong|def|2\n|\n|-heal|p2a: Bronzong|91/100 par|[from] item: Leftovers\n|-end|p1a: Dunsparce|move: Heal Block\n|upkeep\n|turn|13\n|inactive|Time left: 300 sec this turn | 300 sec total\n|\n|t:|1783552976\n|move|p1a: Dunsparce|Roost|p1a: Dunsparce\n|-heal|p1a: Dunsparce|312/312\n|-singleturn|p1a: Dunsparce|move: Roost\n|move|p2a: Bronzong|Body Press|p1a: Dunsparce\n|-supereffective|p1a: Dunsparce\n|-damage|p1a: Dunsparce|160/312\n|\n|-heal|p2a: Bronzong|97/100 par|[from] item: Leftovers\n|upkeep\n|turn|14\n|inactive|Time left: 300 sec this turn | 300 sec total\n|\n|t:|1783552977\n|move|p1a: Dunsparce|Roost|p1a: Dunsparce\n|-heal|p1a: Dunsparce|312/312\n|-singleturn|p1a: Dunsparce|move: Roost\n|cant|p2a: Bronzong|par\n|\n|-heal|p2a: Bronzong|100/100 par|[from] item: Leftovers\n|upkeep\n|turn|15\n|inactive|Time left: 300 sec this turn | 300 sec total\n|\n|t:|1783552978\n|move|p1a: Dunsparce|Coil|p1a: Dunsparce\n|-boost|p1a: Dunsparce|atk|1\n|-boost|p1a: Dunsparce|def|1\n|-boost|p1a: Dunsparce|accuracy|1\n|move|p2a: Bronzong|Body Press|p1a: Dunsparce\n|-supereffective|p1a: Dunsparce\n|-damage|p1a: Dunsparce|194/312\n|\n|upkeep\n|turn|16\n|inactive|Time left: 300 sec this turn | 300 sec total\n|\n|t:|1783552979\n|move|p1a: Dunsparce|Roost|p1a: Dunsparce\n|-heal|p1a: Dunsparce|312/312\n|-singleturn|p1a: Dunsparce|move: Roost\n|move|p2a: Bronzong|Psychic Noise|p1a: Dunsparce\n|-damage|p1a: Dunsparce|251/312\n|-start|p1a: Dunsparce|move: Heal Block\n|\n|upkeep\n|turn|17\n|inactive|Time left: 300 sec this turn | 300 sec total\n|\n|t:|1783552980\n|move|p1a: Dunsparce|Coil|p1a: Dunsparce\n|-boost|p1a: Dunsparce|atk|1\n|-boost|p1a: Dunsparce|def|1\n|-boost|p1a: Dunsparce|accuracy|1\n|move|p2a: Bronzong|Body Press|p1a: Dunsparce\n|-supereffective|p1a: Dunsparce\n|-damage|p1a: Dunsparce|155/312\n|\n|-end|p1a: Dunsparce|move: Heal Block\n|upkeep\n|turn|18\n|inactive|Time left: 300 sec this turn | 300 sec total\n|\n|t:|1783552981\n|move|p1a: Dunsparce|Roost|p1a: Dunsparce\n|-heal|p1a: Dunsparce|311/312\n|-singleturn|p1a: Dunsparce|move: Roost\n|cant|p2a: Bronzong|par\n|\n|upkeep\n|turn|19\n|inactive|Time left: 300 sec this turn | 300 sec total\n|\n|t:|1783552982\n|move|p1a: Dunsparce|Coil|p1a: Dunsparce\n|-boost|p1a: Dunsparce|atk|1\n|-boost|p1a: Dunsparce|def|1\n|-boost|p1a: Dunsparce|accuracy|1\n|move|p2a: Bronzong|Psychic Noise|p1a: Dunsparce\n|-damage|p1a: Dunsparce|254/312\n|-start|p1a: Dunsparce|move: Heal Block\n|\n|upkeep\n|turn|20\n|inactive|Time left: 300 sec this turn | 300 sec total\n|\n|t:|1783552983\n|move|p1a: Dunsparce|Coil|p1a: Dunsparce\n|-boost|p1a: Dunsparce|atk|1\n|-boost|p1a: Dunsparce|def|1\n|-boost|p1a: Dunsparce|accuracy|1\n|move|p2a: Bronzong|Body Press|p1a: Dunsparce\n|-supereffective|p1a: Dunsparce\n|-damage|p1a: Dunsparce|186/312\n|\n|-end|p1a: Dunsparce|move: Heal Block\n|upkeep\n|turn|21\n|inactive|Time left: 300 sec this turn | 300 sec total\n|\n|t:|1783552984\n|move|p1a: Dunsparce|Roost|p1a: Dunsparce\n|-heal|p1a: Dunsparce|312/312\n|-singleturn|p1a: Dunsparce|move: Roost\n|move|p2a: Bronzong|Psychic Noise|p1a: Dunsparce\n|-damage|p1a: Dunsparce|251/312\n|-start|p1a: Dunsparce|move: Heal Block\n|\n|upkeep\n|turn|22\n|inactive|Time left: 300 sec this turn | 300 sec total\n|\n|t:|1783552985\n|move|p1a: Dunsparce|Body Slam|p2a: Bronzong\n|-resisted|p2a: Bronzong\n|-damage|p2a: Bronzong|82/100 par\n|cant|p2a: Bronzong|par\n|\n|-heal|p2a: Bronzong|89/100 par|[from] item: Leftovers\n|-end|p1a: Dunsparce|move: Heal Block\n|upkeep\n|turn|23\n|inactive|Time left: 300 sec this turn | 300 sec total\n|\n|t:|1783552986\n|move|p1a: Dunsparce|Body Slam|p2a: Bronzong\n|-resisted|p2a: Bronzong\n|-damage|p2a: Bronzong|68/100 par\n|move|p2a: Bronzong|Iron Defense|p2a: Bronzong\n|-boost|p2a: Bronzong|def|2\n|\n|-heal|p2a: Bronzong|74/100 par|[from] item: Leftovers\n|upkeep\n|turn|24\n|inactive|Time left: 300 sec this turn | 300 sec total\n|\n|t:|1783552987\n|move|p1a: Dunsparce|Body Slam|p2a: Bronzong\n|-resisted|p2a: Bronzong\n|-damage|p2a: Bronzong|61/100 par\n|move|p2a: Bronzong|Body Press|p1a: Dunsparce\n|-supereffective|p1a: Dunsparce\n|-damage|p1a: Dunsparce|155/312\n|\n|-heal|p2a: Bronzong|67/100 par|[from] item: Leftovers\n|upkeep\n|turn|25\n|inactive|Time left: 300 sec this turn | 300 sec total\n|\n|t:|1783552988\n|move|p1a: Dunsparce|Roost|p1a: Dunsparce\n|-heal|p1a: Dunsparce|311/312\n|-singleturn|p1a: Dunsparce|move: Roost\n|cant|p2a: Bronzong|par\n|\n|-heal|p2a: Bronzong|73/100 par|[from] item: Leftovers\n|upkeep\n|turn|26\n|inactive|Time left: 300 sec this turn | 300 sec total\n|\n|t:|1783552989\n|move|p1a: Dunsparce|Body Slam|p2a: Bronzong\n|-resisted|p2a: Bronzong\n|-crit|p2a: Bronzong\n|-damage|p2a: Bronzong|18/100 par\n|move|p2a: Bronzong|Body Press|p1a: Dunsparce\n|-supereffective|p1a: Dunsparce\n|-damage|p1a: Dunsparce|219/312\n|\n|-heal|p2a: Bronzong|24/100 par|[from] item: Leftovers\n|upkeep\n|turn|27\n|inactive|Time left: 300 sec this turn | 300 sec total\n|\n|t:|1783552990\n|move|p1a: Dunsparce|Body Slam|p2a: Bronzong\n|-resisted|p2a: Bronzong\n|-damage|p2a: Bronzong|12/100 par\n|move|p2a: Bronzong|Psychic Noise|p1a: Dunsparce\n|-damage|p1a: Dunsparce|158/312\n|-start|p1a: Dunsparce|move: Heal Block\n|\n|-heal|p2a: Bronzong|18/100 par|[from] item: Leftovers\n|upkeep\n|turn|28\n|inactive|Time left: 300 sec this turn | 300 sec total\n|\n|t:|1783552992\n|move|p1a: Dunsparce|Body Slam|p2a: Bronzong\n|-resisted|p2a: Bronzong\n|-damage|p2a: Bronzong|4/100 par\n|move|p2a: Bronzong|Body Press|p1a: Dunsparce\n|-supereffective|p1a: Dunsparce\n|-damage|p1a: Dunsparce|66/312\n|\n|-heal|p2a: Bronzong|10/100 par|[from] item: Leftovers\n|-end|p1a: Dunsparce|move: Heal Block\n|upkeep\n|turn|29\n|inactive|Time left: 300 sec this turn | 300 sec total\n|\n|t:|1783552993\n|move|p1a: Dunsparce|Roost|p1a: Dunsparce\n|-heal|p1a: Dunsparce|222/312\n|-singleturn|p1a: Dunsparce|move: Roost\n|move|p2a: Bronzong|Psychic Noise|p1a: Dunsparce\n|-damage|p1a: Dunsparce|161/312\n|-start|p1a: Dunsparce|move: Heal Block\n|\n|-heal|p2a: Bronzong|17/100 par|[from] item: Leftovers\n|upkeep\n|turn|30\n|inactive|Time left: 300 sec this turn | 300 sec total\n|\n|t:|1783552994\n|move|p1a: Dunsparce|Body Slam|p2a: Bronzong\n|-resisted|p2a: Bronzong\n|-damage|p2a: Bronzong|5/100 par\n|cant|p2a: Bronzong|par\n|\n|-heal|p2a: Bronzong|11/100 par|[from] item: Leftovers\n|-end|p1a: Dunsparce|move: Heal Block\n|upkeep\n|turn|31\n|inactive|Time left: 300 sec this turn | 300 sec total\n|\n|t:|1783552995\n|switch|p2a: Pecharunt|Pecharunt, L77|100/100\n|move|p1a: Dunsparce|Body Slam|p2a: Pecharunt\n|-immune|p2a: Pecharunt\n|\n|upkeep\n|turn|32\n|inactive|Time left: 300 sec this turn | 300 sec total\n|\n|t:|1783552996\n|move|p2a: Pecharunt|Malignant Chain|p1a: Dunsparce\n|-damage|p1a: Dunsparce|91/312\n|move|p1a: Dunsparce|Earthquake|p2a: Pecharunt\n|-supereffective|p2a: Pecharunt\n|-damage|p2a: Pecharunt|0 fnt\n|faint|p2a: Pecharunt\n|\n|upkeep\n|\n|t:|1783552997\n|switch|p2a: Masquerain|Masquerain, L87, F|100/100\n|-ability|p2a: Masquerain|Intimidate|boost\n|-unboost|p1a: Dunsparce|atk|1\n|turn|33\n|inactive|Time left: 300 sec this turn | 300 sec total\n|\n|t:|1783552998\n|move|p2a: Masquerain|Hurricane|p1a: Dunsparce\n|-damage|p1a: Dunsparce|0 fnt\n|faint|p1a: Dunsparce\n|\n|upkeep\n|inactive|Time left: 300 sec this turn | 300 sec total | 5 sec grace\n|\n|t:|1783552999\n|switch|p1a: Espeon|Espeon, L84, M, tera:Fairy|222/246\n|turn|34\n|inactive|Time left: 300 sec this turn | 300 sec total\n|\n|t:|1783553000\n|switch|p2a: Bronzong|Bronzong, L88|11/100 par\n|move|p1a: Espeon|Calm Mind|p1a: Espeon\n|-boost|p1a: Espeon|spa|1\n|-boost|p1a: Espeon|spd|1\n|\n|-heal|p2a: Bronzong|17/100 par|[from] item: Leftovers\n|upkeep\n|turn|35\n|inactive|Time left: 300 sec this turn | 300 sec total\n|\n|t:|1783553001\n|move|p1a: Espeon|Alluring Voice|p2a: Bronzong\n|-resisted|p2a: Bronzong\n|-damage|p2a: Bronzong|0 fnt\n|faint|p2a: Bronzong\n|-damage|p1a: Espeon|198/246|[from] item: Life Orb\n|\n|upkeep\n|\n|t:|1783553001\n|switch|p2a: Pachirisu|Pachirisu, L96, F|100/100\n|turn|36\n|inactive|Time left: 300 sec this turn | 300 sec total\n|\n|t:|1783553002\n|move|p2a: Pachirisu|Nuzzle|p1a: Espeon\n|-damage|p1a: Espeon|174/246\n|-status|p1a: Espeon|par\n|move|p1a: Espeon|Psyshock|p2a: Pachirisu\n|-damage|p2a: Pachirisu|27/100\n|-damage|p1a: Espeon|150/246 par|[from] item: Life Orb\n|\n|upkeep\n|turn|37\n|inactive|Time left: 300 sec this turn | 300 sec total\n|\n|t:|1783553004\n|move|p2a: Pachirisu|Super Fang|p1a: Espeon\n|-damage|p1a: Espeon|75/246 par\n|move|p1a: Espeon|Psyshock|p2a: Pachirisu\n|-damage|p2a: Pachirisu|0 fnt\n|faint|p2a: Pachirisu\n|-damage|p1a: Espeon|51/246 par|[from] item: Life Orb\n|\n|upkeep\n|\n|t:|1783553005\n|switch|p2a: Palafin|Palafin, L77, M|100/100\n|turn|38\n|inactive|Time left: 300 sec this turn | 300 sec total\n|\n|t:|1783553006\n|move|p2a: Palafin|Flip Turn|p1a: Espeon\n|-damage|p1a: Espeon|0 fnt\n|faint|p1a: Espeon\n|\n|t:|1783553007\n|detailschange|p2a: Palafin|Palafin-Hero, L77, M\n|switch|p2a: Masquerain|Masquerain, L87, F|100/100|[from] Flip Turn\n|\n|upkeep\n|inactive|Time left: 300 sec this turn | 300 sec total | 10 sec grace\n|\n|t:|1783553008\n|switch|p1a: Malamar|Malamar, L82, M|275/275\n|turn|39\n|inactive|Time left: 300 sec this turn | 300 sec total\n|\n|t:|1783553009\n|switch|p1a: Tauros|Tauros-Paldea-Aqua, L81, M|252/252\n|move|p2a: Masquerain|U-turn|p1a: Tauros\n|-resisted|p1a: Tauros\n|-damage|p1a: Tauros|226/252\n|\n|t:|1783553010\n|switch|p2a: Palafin|Palafin-Hero, L77, M|100/100|[from] U-turn\n|-activate|p2a: Palafin|ability: Zero to Hero\n|\n|upkeep\n|turn|40\n|inactive|Time left: 300 sec this turn | 300 sec total\n|\n|t:|1783553011\n|move|p1a: Tauros|Bulk Up|p1a: Tauros\n|-boost|p1a: Tauros|atk|1\n|-boost|p1a: Tauros|def|1\n|move|p2a: Palafin|Flip Turn|p1a: Tauros\n|-resisted|p1a: Tauros\n|-damage|p1a: Tauros|192/252\n|\n|t:|1783553012\n|switch|p2a: Masquerain|Masquerain, L87, F|100/100|[from] Flip Turn\n|-ability|p2a: Masquerain|Intimidate|boost\n|-unboost|p1a: Tauros|atk|1\n|\n|upkeep\n|turn|41\n|inactive|Time left: 300 sec this turn | 300 sec total\n|\n|t:|1783553013\n|move|p1a: Tauros|Substitute|p1a: Tauros\n|-start|p1a: Tauros|Substitute\n|-damage|p1a: Tauros|129/252\n|move|p2a: Masquerain|Hurricane|p1a: Tauros\n|-supereffective|p1a: Tauros\n|-end|p1a: Tauros|Substitute\n|\n|upkeep\n|turn|42\n|inactive|Time left: 300 sec this turn | 300 sec total\n|\n|t:|1783553014\n|move|p1a: Tauros|Substitute|p1a: Tauros\n|-start|p1a: Tauros|Substitute\n|-damage|p1a: Tauros|66/252\n|-enditem|p1a: Tauros|Sitrus Berry|[eat]\n|-heal|p1a: Tauros|129/252|[from] item: Sitrus Berry\n|move|p2a: Masquerain|Hurricane|p1a: Tauros\n|-supereffective|p1a: Tauros\n|-end|p1a: Tauros|Substitute\n|\n|upkeep\n|turn|43\n|inactive|Time left: 300 sec this turn | 300 sec total\n|\n|t:|1783553015\n|move|p1a: Tauros|Liquidation|p2a: Masquerain\n|-damage|p2a: Masquerain|54/100\n|move|p2a: Masquerain|Hurricane|p1a: Tauros|[miss]\n|-miss|p2a: Masquerain|p1a: Tauros\n|\n|-activate|p1a: Tauros|ability: Cud Chew\n|-enditem|p1a: Tauros|Sitrus Berry|[eat]\n|-heal|p1a: Tauros|192/252|[from] item: Sitrus Berry\n|upkeep\n|turn|44\n|inactive|Time left: 300 sec this turn | 300 sec total\n|\n|t:|1783553015\n|move|p1a: Tauros|Substitute|p1a: Tauros\n|-start|p1a: Tauros|Substitute\n|-damage|p1a: Tauros|129/252\n|move|p2a: Masquerain|Hurricane|p1a: Tauros|[miss]\n|-miss|p2a: Masquerain|p1a: Tauros\n|\n|upkeep\n|turn|45\n|inactive|Time left: 300 sec this turn | 300 sec total\n|\n|t:|1783553016\n|move|p1a: Tauros|Bulk Up|p1a: Tauros\n|-boost|p1a: Tauros|atk|1\n|-boost|p1a: Tauros|def|1\n|move|p2a: Masquerain|Sticky Web|p1a: Tauros\n|-sidestart|p1: p0x11229490|move: Sticky Web\n|\n|upkeep\n|turn|46\n|inactive|Time left: 300 sec this turn | 300 sec total\n|\n|t:|1783553018\n|switch|p2a: Palafin|Palafin-Hero, L77, M|100/100\n|move|p1a: Tauros|Liquidation|p2a: Palafin\n|-resisted|p2a: Palafin\n|-damage|p2a: Palafin|74/100\n|-unboost|p2a: Palafin|def|1\n|\n|upkeep\n|turn|47\n|inactive|Time left: 300 sec this turn | 300 sec total\n|\n|t:|1783553019\n|switch|p2a: Masquerain|Masquerain, L87, F|54/100\n|-ability|p2a: Masquerain|Intimidate|boost\n|-immune|p1a: Tauros\n|move|p1a: Tauros|Close Combat|p2a: Masquerain\n|-resisted|p2a: Masquerain\n|-damage|p2a: Masquerain|32/100\n|-unboost|p1a: Tauros|def|1\n|-unboost|p1a: Tauros|spd|1\n|\n|upkeep\n|turn|48\n|inactive|Time left: 300 sec this turn | 300 sec total\n|\n|t:|1783553020\n|switch|p2a: Palafin|Palafin-Hero, L77, M|74/100\n|move|p1a: Tauros|Liquidation|p2a: Palafin\n|-resisted|p2a: Palafin\n|-damage|p2a: Palafin|49/100\n|\n|upkeep\n|turn|49\n|inactive|Time left: 300 sec this turn | 300 sec total\n|\n|t:|1783553021\n|switch|p2a: Masquerain|Masquerain, L87, F|32/100\n|-ability|p2a: Masquerain|Intimidate|boost\n|-immune|p1a: Tauros\n|move|p1a: Tauros|Close Combat|p2a: Masquerain\n|-resisted|p2a: Masquerain\n|-damage|p2a: Masquerain|11/100\n|-unboost|p1a: Tauros|def|1\n|-unboost|p1a: Tauros|spd|1\n|\n|upkeep\n|turn|50\n|inactive|Time left: 300 sec this turn | 300 sec total\n|\n|t:|1783553022\n|move|p1a: Tauros|Close Combat|p2a: Masquerain\n|-resisted|p2a: Masquerain\n|-damage|p2a: Masquerain|0 fnt\n|-unboost|p1a: Tauros|def|1\n|-unboost|p1a: Tauros|spd|1\n|faint|p2a: Masquerain\n|\n|upkeep\n|\n|t:|1783553023\n|switch|p2a: Palafin|Palafin-Hero, L77, M|49/100\n|turn|51\n|inactive|Time left: 300 sec this turn | 300 sec total\n|\n|t:|1783553024\n|-terastallize|p2a: Palafin|Fighting\n|move|p2a: Palafin|Jet Punch|p1a: Tauros\n|-resisted|p1a: Tauros\n|-crit|p1a: Tauros\n|-end|p1a: Tauros|Substitute\n|move|p1a: Tauros|Close Combat|p2a: Palafin\n|-damage|p2a: Palafin|0 fnt\n|-unboost|p1a: Tauros|def|1\n|-unboost|p1a: Tauros|spd|1\n|faint|p2a: Palafin\n|\n|win|p0x11229490", "uploadtime": 1783553024, "views": 0, "rating": 0, "private": 0, "password": null, "_winner": "p0x11229490", "_our_name": "p0x11229490"}