{"id": "battle-gen9randombattle-1053", "formatid": "gen9randombattle", "format": "[Gen 9] Random Battle", "players": ["p0x10532c09", "p0y1053cef2"], "log": "|init|battle\n|title|p0x10532c09 vs. p0y1053cef2\n|j|\u2606p0x10532c09\n|j|\u2606p0y1053cef2\n|t:|1783552098\n|gametype|singles\n|player|p1|p0x10532c09|266|\n|player|p2|p0y1053cef2|1|\n|gen|9\n|tier|[Gen 9] Random Battle\n|rule|Species Clause: Limit one of each Pok\u00e9mon\n|rule|HP Percentage Mod: HP is shown in percentages\n|rule|Sleep Clause Mod: Limit one foe put to sleep\n|rule|Illusion Level Mod: Illusion disguises the Pok\u00e9mon's true level\n|\n|t:|1783552098\n|teamsize|p1|6\n|teamsize|p2|6\n|start\n|switch|p1a: Houndoom|Houndoom, L87, M|100/100\n|switch|p2a: Quagsire|Quagsire, L84, M|297/297\n|turn|1\n|inactive|Battle timer is ON: inactive players will automatically lose when time's up. (requested by p0x10532c09)\n|inactive|Time left: 300 sec this turn | 300 sec total | 60 sec grace\n|inactive|p0y1053cef2 also wants the timer to be on.\n|\n|t:|1783552099\n|switch|p1a: Toucannon|Toucannon, L88, F|100/100\n|move|p2a: Quagsire|Earthquake|p1a: Toucannon\n|-immune|p1a: Toucannon\n|\n|upkeep\n|turn|2\n|inactive|Time left: 300 sec this turn | 300 sec total\n|\n|t:|1783552101\n|switch|p2a: Glastrier|Glastrier, L86|311/311\n|move|p1a: Toucannon|Bullet Seed|p2a: Glastrier\n|-damage|p2a: Glastrier|293/311\n|-damage|p2a: Glastrier|277/311\n|-damage|p2a: Glastrier|260/311\n|-damage|p2a: Glastrier|243/311\n|-damage|p2a: Glastrier|227/311\n|-hitcount|p2a: Glastrier|5\n|\n|upkeep\n|turn|3\n|inactive|Time left: 300 sec this turn | 300 sec total\n|\n|t:|1783552103\n|-singleturn|p1a: Toucannon|move: Beak Blast\n|move|p2a: Glastrier|Icicle Crash|p1a: Toucannon\n|-supereffective|p1a: Toucannon\n|-damage|p1a: Toucannon|0 fnt\n|faint|p1a: Toucannon\n|-ability|p2a: Glastrier|Chilling Neigh|boost\n|-boost|p2a: Glastrier|atk|1\n|\n|upkeep\n|\n|t:|1783552104\n|switch|p1a: Typhlosion|Typhlosion-Hisui, L83, M|100/100\n|turn|4\n|inactive|Time left: 300 sec this turn | 300 sec total\n|\n|t:|1783552105\n|move|p1a: Typhlosion|Fire Blast|p2a: Glastrier\n|-supereffective|p2a: Glastrier\n|-damage|p2a: Glastrier|0 fnt\n|faint|p2a: Glastrier\n|\n|upkeep\n|inactive|Time left: 300 sec this turn | 300 sec total | 5 sec grace\n|\n|t:|1783552106\n|switch|p2a: Heatran|Heatran, L79, M|273/273\n|-item|p2a: Heatran|Air Balloon\n|turn|5\n|inactive|Time left: 300 sec this turn | 300 sec total\n|\n|t:|1783552107\n|move|p1a: Typhlosion|Focus Blast|p2a: Heatran\n|-supereffective|p2a: Heatran\n|-damage|p2a: Heatran|87/273\n|-enditem|p2a: Heatran|Air Balloon\n|move|p2a: Heatran|Earth Power|p1a: Typhlosion\n|-supereffective|p1a: Typhlosion\n|-damage|p1a: Typhlosion|44/100\n|\n|upkeep\n|turn|6\n|inactive|Time left: 300 sec this turn | 300 sec total\n|\n|t:|1783552108\n|switch|p2a: Enamorus|Enamorus, L79, F|247/247\n|move|p1a: Typhlosion|Shadow Ball|p2a: Enamorus\n|-damage|p2a: Enamorus|127/247\n|\n|-heal|p2a: Enamorus|142/247|[from] item: Leftovers\n|upkeep\n|turn|7\n|inactive|Time left: 300 sec this turn | 300 sec total\n|\n|t:|1783552110\n|move|p2a: Enamorus|Earth Power|p1a: Typhlosion\n|-supereffective|p1a: Typhlosion\n|-damage|p1a: Typhlosion|0 fnt\n|faint|p1a: Typhlosion\n|\n|-heal|p2a: Enamorus|157/247|[from] item: Leftovers\n|upkeep\n|\n|t:|1783552110\n|switch|p1a: Houndoom|Houndoom, L87, M|100/100\n|turn|8\n|inactive|Time left: 300 sec this turn | 300 sec total\n|\n|t:|1783552111\n|switch|p2a: Quagsire|Quagsire, L84, M|297/297\n|move|p1a: Houndoom|Fire Blast|p2a: Quagsire\n|-resisted|p2a: Quagsire\n|-damage|p2a: Quagsire|213/297\n|-status|p2a: Quagsire|brn\n|\n|-heal|p2a: Quagsire|231/297 brn|[from] item: Leftovers\n|-damage|p2a: Quagsire|213/297 brn|[from] brn\n|upkeep\n|turn|9\n|inactive|Time left: 300 sec this turn | 300 sec total\n|\n|t:|1783552112\n|move|p1a: Houndoom|Dark Pulse|p2a: Quagsire\n|-damage|p2a: Quagsire|98/297 brn\n|move|p2a: Quagsire|Earthquake|p1a: Houndoom\n|-supereffective|p1a: Houndoom\n|-damage|p1a: Houndoom|50/100\n|\n|-heal|p2a: Quagsire|116/297 brn|[from] item: Leftovers\n|-damage|p2a: Quagsire|98/297 brn|[from] brn\n|upkeep\n|turn|10\n|inactive|Time left: 300 sec this turn | 300 sec total\n|\n|t:|1783552114\n|move|p1a: Houndoom|Dark Pulse|p2a: Quagsire\n|-damage|p2a: Quagsire|0 fnt\n|faint|p2a: Quagsire\n|\n|upkeep\n|inactive|Time left: 300 sec this turn | 300 sec total | 5 sec grace\n|\n|t:|1783552115\n|switch|p2a: Hawlucha|Hawlucha, L80, F|256/256\n|turn|11\n|inactive|Time left: 300 sec this turn | 300 sec total\n|\n|t:|1783552116\n|switch|p1a: Gengar|Gengar, L81, M|100/100\n|move|p2a: Hawlucha|Brave Bird|p1a: Gengar\n|-damage|p1a: Gengar|31/100\n|-damage|p2a: Hawlucha|203/256|[from] Recoil\n|\n|upkeep\n|turn|12\n|inactive|Time left: 300 sec this turn | 300 sec total\n|\n|t:|1783552117\n|move|p2a: Hawlucha|Brave Bird|p1a: Gengar\n|-damage|p1a: Gengar|0 fnt\n|faint|p1a: Gengar\n|-damage|p2a: Hawlucha|180/256|[from] Recoil\n|\n|upkeep\n|\n|t:|1783552117\n|switch|p1a: Cyclizar|Cyclizar, L84, M|100/100\n|turn|13\n|inactive|Time left: 300 sec this turn | 300 sec total\n|\n|t:|1783552118\n|move|p1a: Cyclizar|Shed Tail|p1a: Cyclizar\n|-start|p1a: Cyclizar|Substitute|[from] move: Shed Tail\n|-damage|p1a: Cyclizar|50/100\n|\n|t:|1783552119\n|switch|p1a: Koraidon|Koraidon, L64|100/100|[from] Shed Tail\n|-weather|SunnyDay|[from] ability: Orichalcum Pulse|[of] p1a: Koraidon\n|-activate|p1a: Koraidon|Orichalcum Pulse|[source]\n|move|p2a: Hawlucha|Close Combat|p1a: Koraidon\n|-end|p1a: Koraidon|Substitute\n|-unboost|p2a: Hawlucha|def|1\n|-unboost|p2a: Hawlucha|spd|1\n|-enditem|p2a: Hawlucha|White Herb\n|-clearnegativeboost|p2a: Hawlucha|[silent]\n|\n|-weather|SunnyDay|[upkeep]\n|upkeep\n|turn|14\n|inactive|Time left: 300 sec this turn | 300 sec total\n|\n|t:|1783552120\n|-terastallize|p1a: Koraidon|Fire\n|move|p2a: Hawlucha|Brave Bird|p1a: Koraidon\n|-damage|p1a: Koraidon|50/100\n|-damage|p2a: Hawlucha|141/256|[from] Recoil\n|move|p1a: Koraidon|Flare Blitz|p2a: Hawlucha\n|-damage|p2a: Hawlucha|0 fnt\n|faint|p2a: Hawlucha\n|-damage|p1a: Koraidon|30/100|[from] Recoil\n|\n|-weather|SunnyDay|[upkeep]\n|upkeep\n|inactive|Time left: 300 sec this turn | 300 sec total | 5 sec grace\n|\n|t:|1783552121\n|switch|p2a: Enamorus|Enamorus, L79, F|157/247\n|turn|15\n|inactive|Time left: 300 sec this turn | 300 sec total\n|\n|t:|1783552122\n|move|p2a: Enamorus|Substitute|p2a: Enamorus\n|-start|p2a: Enamorus|Substitute\n|-damage|p2a: Enamorus|96/247\n|move|p1a: Koraidon|Flare Blitz|p2a: Enamorus\n|-end|p2a: Enamorus|Substitute\n|-damage|p1a: Koraidon|22/100|[from] Recoil|[of] p2a: Enamorus\n|\n|-weather|SunnyDay|[upkeep]\n|-heal|p2a: Enamorus|111/247|[from] item: Leftovers\n|upkeep\n|turn|16\n|inactive|Time left: 300 sec this turn | 300 sec total\n|\n|t:|1783552123\n|move|p2a: Enamorus|Moonblast|p1a: Koraidon\n|-resisted|p1a: Koraidon\n|-damage|p1a: Koraidon|0 fnt\n|faint|p1a: Koraidon\n|\n|-weather|SunnyDay|[upkeep]\n|-heal|p2a: Enamorus|126/247|[from] item: Leftovers\n|upkeep\n|\n|t:|1783552124\n|switch|p1a: Houndoom|Houndoom, L87, M|50/100\n|turn|17\n|inactive|Time left: 300 sec this turn | 300 sec total\n|\n|t:|1783552125\n|switch|p2a: Heatran|Heatran, L79, M|87/273\n|move|p1a: Houndoom|Fire Blast|p2a: Heatran\n|-start|p2a: Heatran|ability: Flash Fire\n|\n|-weather|none\n|upkeep\n|turn|18\n|inactive|Time left: 300 sec this turn | 300 sec total\n|\n|t:|1783552126\n|move|p1a: Houndoom|Dark Pulse|p2a: Heatran\n|-damage|p2a: Heatran|0 fnt\n|faint|p2a: Heatran\n|\n|upkeep\n|inactive|Time left: 300 sec this turn | 300 sec total | 5 sec grace\n|\n|t:|1783552127\n|switch|p2a: Umbreon|Umbreon, L84, F|297/297\n|turn|19\n|inactive|Time left: 300 sec this turn | 300 sec total\n|\n|t:|1783552128\n|move|p1a: Houndoom|Nasty Plot|p1a: Houndoom\n|-boost|p1a: Houndoom|spa|2\n|move|p2a: Umbreon|Foul Play|p1a: Houndoom\n|-resisted|p1a: Houndoom\n|-damage|p1a: Houndoom|32/100\n|\n|upkeep\n|turn|20\n|inactive|Time left: 300 sec this turn | 300 sec total\n|\n|t:|1783552129\n|move|p1a: Houndoom|Fire Blast|p2a: Umbreon\n|-damage|p2a: Umbreon|114/297\n|move|p2a: Umbreon|Toxic|p1a: Houndoom\n|-status|p1a: Houndoom|tox\n|\n|-heal|p2a: Umbreon|132/297|[from] item: Leftovers\n|-damage|p1a: Houndoom|25/100 tox|[from] psn\n|upkeep\n|turn|21\n|inactive|Time left: 300 sec this turn | 300 sec total\n|\n|t:|1783552130\n|move|p2a: Umbreon|Protect|p2a: Umbreon\n|-singleturn|p2a: Umbreon|Protect\n|move|p1a: Houndoom|Fire Blast|p2a: Umbreon\n|-activate|p2a: Umbreon|move: Protect\n|\n|-heal|p2a: Umbreon|150/297|[from] item: Leftovers\n|-damage|p1a: Houndoom|13/100 tox|[from] psn\n|upkeep\n|turn|22\n|inactive|Time left: 300 sec this turn | 300 sec total\n|\n|t:|1783552132\n|move|p1a: Houndoom|Sludge Bomb||[still]\n|-damage|p2a: Umbreon|43/297\n|-status|p2a: Umbreon|psn\n|-activate|p2a: Umbreon|ability: Synchronize\n|-fail|p2a: Umbreon\n|move|p2a: Umbreon|Wish|p2a: Umbreon\n|\n|-heal|p2a: Umbreon|61/297 psn|[from] item: Leftovers\n|-damage|p1a: Houndoom|0 fnt|[from] psn\n|faint|p1a: Houndoom\n|-damage|p2a: Umbreon|24/297 psn|[from] psn\n|upkeep\n|\n|t:|1783552132\n|switch|p1a: Cyclizar|Cyclizar, L84, M|84/100\n|turn|23\n|inactive|Time left: 300 sec this turn | 300 sec total\n|\n|t:|1783552134\n|-terastallize|p2a: Umbreon|Poison\n|move|p1a: Cyclizar|Draco Meteor|p2a: Umbreon\n|-damage|p2a: Umbreon|0 fnt\n|-unboost|p1a: Cyclizar|spa|2\n|faint|p2a: Umbreon\n|\n|upkeep\n|inactive|Time left: 300 sec this turn | 300 sec total | 5 sec grace\n|\n|t:|1783552134\n|switch|p2a: Enamorus|Enamorus, L79, F|126/247\n|turn|24\n|inactive|Time left: 300 sec this turn | 300 sec total\n|\n|t:|1783552135\n|move|p1a: Cyclizar|Shed Tail|p1a: Cyclizar\n|-fail|p1a: Cyclizar\n|move|p2a: Enamorus|Moonblast|p1a: Cyclizar\n|-supereffective|p1a: Cyclizar\n|-damage|p1a: Cyclizar|0 fnt\n|faint|p1a: Cyclizar\n|\n|win|p0y1053cef2", "uploadtime": 1783552136, "views": 0, "rating": 0, "private": 0, "password": null, "_winner": "p0y1053cef2", "_our_name": "p0y1053cef2"}