{"id": "battle-gen9randombattle-2563", "formatid": "gen9randombattle", "format": "[Gen 9] Random Battle", "players": ["p0x2563ea4a", "p0y25634c67"], "log": "|init|battle\n|title|p0x2563ea4a vs. p0y25634c67\n|j|\u2606p0x2563ea4a\n|j|\u2606p0y25634c67\n|t:|1783569633\n|gametype|singles\n|player|p1|p0x2563ea4a|169|\n|player|p2|p0y25634c67|265|\n|gen|9\n|tier|[Gen 9] Random Battle\n|rule|Species Clause: Limit one of each Pok\u00e9mon\n|rule|HP Percentage Mod: HP is shown in percentages\n|rule|Sleep Clause Mod: Limit one foe put to sleep\n|rule|Illusion Level Mod: Illusion disguises the Pok\u00e9mon's true level\n|\n|t:|1783569633\n|teamsize|p1|6\n|teamsize|p2|6\n|start\n|switch|p1a: Tyranitar|Tyranitar, L78, M|284/284\n|switch|p2a: Appletun|Appletun, L92, M|100/100\n|-weather|Sandstorm|[from] ability: Sand Stream|[of] p1a: Tyranitar\n|turn|1\n|inactive|Battle timer is ON: inactive players will automatically lose when time's up. (requested by p0y25634c67)\n|inactive|Time left: 300 sec this turn | 300 sec total | 60 sec grace\n|\n|t:|1783569634\n|move|p1a: Tyranitar|Stealth Rock|p2a: Appletun\n|-sidestart|p2: p0y25634c67|move: Stealth Rock\n|move|p2a: Appletun|Apple Acid|p1a: Tyranitar\n|-supereffective|p1a: Tyranitar\n|-damage|p1a: Tyranitar|152/284\n|-unboost|p1a: Tyranitar|spd|1\n|\n|-weather|Sandstorm|[upkeep]\n|-damage|p2a: Appletun|94/100|[from] Sandstorm\n|-heal|p1a: Tyranitar|169/284|[from] item: Leftovers\n|-heal|p2a: Appletun|100/100|[from] item: Leftovers\n|upkeep\n|turn|2\n|inactive|Time left: 300 sec this turn | 300 sec total\n|inactive|p0x2563ea4a also wants the timer to be on.\n|\n|t:|1783569636\n|move|p1a: Tyranitar|Knock Off|p2a: Appletun\n|-damage|p2a: Appletun|68/100\n|-enditem|p2a: Appletun|Leftovers|[from] move: Knock Off|[of] p1a: Tyranitar\n|move|p2a: Appletun|Apple Acid|p1a: Tyranitar\n|-supereffective|p1a: Tyranitar\n|-damage|p1a: Tyranitar|0 fnt\n|faint|p1a: Tyranitar\n|\n|-weather|Sandstorm|[upkeep]\n|-damage|p2a: Appletun|62/100|[from] Sandstorm\n|upkeep\n|inactive|Time left: 300 sec this turn | 300 sec total | 5 sec grace\n|\n|t:|1783569637\n|switch|p1a: Toxtricity|Toxtricity, L82, F|257/257\n|turn|3\n|inactive|Time left: 300 sec this turn | 300 sec total\n|\n|t:|1783569638\n|move|p1a: Toxtricity|Gunk Shot|p2a: Appletun\n|-supereffective|p2a: Appletun\n|-damage|p2a: Appletun|0 fnt\n|faint|p2a: Appletun\n|\n|-weather|Sandstorm|[upkeep]\n|-damage|p1a: Toxtricity|241/257|[from] Sandstorm\n|upkeep\n|\n|t:|1783569639\n|switch|p2a: Sandy Shocks|Sandy Shocks, L80|100/100\n|turn|4\n|inactive|Time left: 300 sec this turn | 300 sec total\n|\n|t:|1783569640\n|switch|p1a: Gastrodon|Gastrodon-East, L86, M|331/331\n|move|p2a: Sandy Shocks|Earth Power|p1a: Gastrodon\n|-crit|p1a: Gastrodon\n|-damage|p1a: Gastrodon|181/331\n|\n|-weather|Sandstorm|[upkeep]\n|-heal|p1a: Gastrodon|201/331|[from] item: Leftovers\n|upkeep\n|turn|5\n|inactive|Time left: 300 sec this turn | 300 sec total\n|\n|t:|1783569641\n|-end|p2a: Sandy Shocks|Protosynthesis|[silent]\n|switch|p2a: Whiscash|Whiscash, L88, F|100/100\n|-damage|p2a: Whiscash|94/100|[from] Stealth Rock\n|move|p1a: Gastrodon|Surf|p2a: Whiscash\n|-damage|p2a: Whiscash|60/100\n|\n|-weather|none\n|-heal|p2a: Whiscash|67/100|[from] item: Leftovers\n|-heal|p1a: Gastrodon|221/331|[from] item: Leftovers\n|upkeep\n|turn|6\n|inactive|Time left: 300 sec this turn | 300 sec total\n|\n|t:|1783569643\n|move|p2a: Whiscash|Earthquake|p1a: Gastrodon\n|-damage|p1a: Gastrodon|104/331\n|move|p1a: Gastrodon|Recover|p1a: Gastrodon\n|-heal|p1a: Gastrodon|270/331\n|\n|-heal|p2a: Whiscash|73/100|[from] item: Leftovers\n|-heal|p1a: Gastrodon|290/331|[from] item: Leftovers\n|upkeep\n|turn|7\n|inactive|Time left: 300 sec this turn | 300 sec total\n|\n|t:|1783569644\n|move|p2a: Whiscash|Earthquake|p1a: Gastrodon\n|-damage|p1a: Gastrodon|172/331\n|move|p1a: Gastrodon|Earthquake|p2a: Whiscash\n|-damage|p2a: Whiscash|43/100\n|\n|-heal|p2a: Whiscash|49/100|[from] item: Leftovers\n|-heal|p1a: Gastrodon|192/331|[from] item: Leftovers\n|upkeep\n|turn|8\n|inactive|Time left: 300 sec this turn | 300 sec total\n|\n|t:|1783569645\n|move|p2a: Whiscash|Earthquake|p1a: Gastrodon\n|-damage|p1a: Gastrodon|75/331\n|move|p1a: Gastrodon|Recover|p1a: Gastrodon\n|-heal|p1a: Gastrodon|241/331\n|\n|-heal|p2a: Whiscash|55/100|[from] item: Leftovers\n|-heal|p1a: Gastrodon|261/331|[from] item: Leftovers\n|upkeep\n|turn|9\n|inactive|Time left: 300 sec this turn | 300 sec total\n|\n|t:|1783569646\n|move|p2a: Whiscash|Earthquake|p1a: Gastrodon\n|-damage|p1a: Gastrodon|143/331\n|move|p1a: Gastrodon|Earthquake|p2a: Whiscash\n|-damage|p2a: Whiscash|25/100\n|\n|-heal|p2a: Whiscash|32/100|[from] item: Leftovers\n|-heal|p1a: Gastrodon|163/331|[from] item: Leftovers\n|upkeep\n|turn|10\n|inactive|Time left: 300 sec this turn | 300 sec total\n|\n|t:|1783569647\n|move|p2a: Whiscash|Earthquake|p1a: Gastrodon\n|-damage|p1a: Gastrodon|55/331\n|move|p1a: Gastrodon|Recover|p1a: Gastrodon\n|-heal|p1a: Gastrodon|221/331\n|\n|-heal|p2a: Whiscash|38/100|[from] item: Leftovers\n|-heal|p1a: Gastrodon|241/331|[from] item: Leftovers\n|upkeep\n|turn|11\n|inactive|Time left: 300 sec this turn | 300 sec total\n|\n|t:|1783569648\n|move|p2a: Whiscash|Stealth Rock|p1a: Gastrodon\n|-sidestart|p1: p0x2563ea4a|move: Stealth Rock\n|move|p1a: Gastrodon|Earthquake|p2a: Whiscash\n|-damage|p2a: Whiscash|5/100\n|\n|-heal|p2a: Whiscash|11/100|[from] item: Leftovers\n|-heal|p1a: Gastrodon|261/331|[from] item: Leftovers\n|upkeep\n|turn|12\n|inactive|Time left: 300 sec this turn | 300 sec total\n|\n|t:|1783569649\n|move|p2a: Whiscash|Earthquake|p1a: Gastrodon\n|-crit|p1a: Gastrodon\n|-damage|p1a: Gastrodon|90/331\n|move|p1a: Gastrodon|Ice Beam|p2a: Whiscash\n|-damage|p2a: Whiscash|0 fnt\n|faint|p2a: Whiscash\n|\n|-heal|p1a: Gastrodon|110/331|[from] item: Leftovers\n|upkeep\n|\n|t:|1783569650\n|switch|p2a: Inteleon|Inteleon, L81, F|100/100\n|-damage|p2a: Inteleon|88/100|[from] Stealth Rock\n|turn|13\n|inactive|Time left: 300 sec this turn | 300 sec total\n|\n|t:|1783569650\n|move|p2a: Inteleon|Ice Beam|p1a: Gastrodon\n|-damage|p1a: Gastrodon|0 fnt\n|faint|p1a: Gastrodon\n|\n|upkeep\n|inactive|Time left: 300 sec this turn | 300 sec total | 5 sec grace\n|\n|t:|1783569651\n|switch|p1a: Toxtricity|Toxtricity, L82, F|241/257\n|-damage|p1a: Toxtricity|209/257|[from] Stealth Rock\n|turn|14\n|inactive|Time left: 300 sec this turn | 300 sec total\n|\n|t:|1783569652\n|move|p2a: Inteleon|Ice Beam|p1a: Toxtricity\n|-damage|p1a: Toxtricity|69/257\n|move|p1a: Toxtricity|Overdrive|p2a: Inteleon\n|-supereffective|p2a: Inteleon\n|-damage|p2a: Inteleon|0 fnt\n|faint|p2a: Inteleon\n|-enditem|p1a: Toxtricity|Throat Spray\n|-boost|p1a: Toxtricity|spa|1|[from] item: Throat Spray\n|\n|upkeep\n|\n|t:|1783569653\n|switch|p2a: Sandy Shocks|Sandy Shocks, L80|100/100\n|turn|15\n|inactive|Time left: 300 sec this turn | 300 sec total\n|\n|t:|1783569654\n|move|p2a: Sandy Shocks|Earth Power|p1a: Toxtricity\n|-supereffective|p1a: Toxtricity\n|-damage|p1a: Toxtricity|0 fnt\n|faint|p1a: Toxtricity\n|\n|upkeep\n|inactive|Time left: 300 sec this turn | 300 sec total | 5 sec grace\n|\n|t:|1783569655\n|switch|p1a: Greninja|Greninja, L80, M|246/246\n|-damage|p1a: Greninja|216/246|[from] Stealth Rock\n|turn|16\n|inactive|Time left: 300 sec this turn | 300 sec total\n|\n|t:|1783569656\n|-end|p2a: Sandy Shocks|Protosynthesis|[silent]\n|switch|p2a: Umbreon|Umbreon, L84, F|100/100\n|-damage|p2a: Umbreon|88/100|[from] Stealth Rock\n|move|p1a: Greninja|Ice Beam|p2a: Umbreon\n|-start|p1a: Greninja|typechange|Ice|[from] ability: Protean\n|-damage|p2a: Umbreon|60/100\n|-damage|p1a: Greninja|192/246|[from] item: Life Orb\n|\n|-heal|p2a: Umbreon|66/100|[from] item: Leftovers\n|upkeep\n|turn|17\n|inactive|Time left: 300 sec this turn | 300 sec total\n|\n|t:|1783569657\n|move|p1a: Greninja|Ice Beam|p2a: Umbreon\n|-damage|p2a: Umbreon|38/100\n|-damage|p1a: Greninja|168/246|[from] item: Life Orb\n|move|p2a: Umbreon|Wish|p2a: Umbreon\n|\n|-heal|p2a: Umbreon|44/100|[from] item: Leftovers\n|upkeep\n|turn|18\n|inactive|Time left: 300 sec this turn | 300 sec total\n|\n|t:|1783569659\n|move|p1a: Greninja|Ice Beam|p2a: Umbreon\n|-damage|p2a: Umbreon|15/100\n|-damage|p1a: Greninja|144/246|[from] item: Life Orb\n|move|p2a: Umbreon|Foul Play|p1a: Greninja\n|-damage|p1a: Greninja|29/246\n|\n|-heal|p2a: Umbreon|65/100|[from] move: Wish|[wisher] Umbreon\n|-heal|p2a: Umbreon|71/100|[from] item: Leftovers\n|upkeep\n|turn|19\n|inactive|Time left: 300 sec this turn | 300 sec total\n|\n|t:|1783569660\n|move|p1a: Greninja|Ice Beam|p2a: Umbreon\n|-damage|p2a: Umbreon|41/100\n|-damage|p1a: Greninja|5/246|[from] item: Life Orb\n|move|p2a: Umbreon|Wish|p2a: Umbreon\n|\n|-heal|p2a: Umbreon|47/100|[from] item: Leftovers\n|upkeep\n|turn|20\n|inactive|Time left: 300 sec this turn | 300 sec total\n|\n|t:|1783569661\n|move|p1a: Greninja|U-turn|p2a: Umbreon\n|-supereffective|p2a: Umbreon\n|-damage|p2a: Umbreon|15/100\n|-damage|p1a: Greninja|0 fnt|[from] item: Life Orb\n|faint|p1a: Greninja\n|move|p2a: Umbreon|Foul Play|p1: Greninja|[notarget]\n|-fail|p2a: Umbreon\n|\n|-heal|p2a: Umbreon|65/100|[from] move: Wish|[wisher] Umbreon\n|-heal|p2a: Umbreon|71/100|[from] item: Leftovers\n|upkeep\n|inactive|Time left: 300 sec this turn | 300 sec total | 5 sec grace\n|\n|t:|1783569662\n|switch|p1a: Haxorus|Haxorus, L77, M|244/244\n|-damage|p1a: Haxorus|214/244|[from] Stealth Rock\n|-ability|p1a: Haxorus|Mold Breaker\n|turn|21\n|inactive|Time left: 300 sec this turn | 300 sec total\n|\n|t:|1783569663\n|move|p1a: Haxorus|Outrage|p2a: Umbreon\n|-damage|p2a: Umbreon|26/100\n|move|p2a: Umbreon|Foul Play|p1a: Haxorus\n|-damage|p1a: Haxorus|69/244\n|\n|-heal|p2a: Umbreon|32/100|[from] item: Leftovers\n|upkeep\n|turn|22\n|inactive|Time left: 300 sec this turn | 300 sec total\n|\n|t:|1783569664\n|move|p1a: Haxorus|Outrage|p2a: Umbreon|[from] lockedmove\n|-damage|p2a: Umbreon|0 fnt\n|faint|p2a: Umbreon\n|-start|p1a: Haxorus|confusion|[fatigue]\n|-enditem|p1a: Haxorus|Lum Berry|[eat]\n|-end|p1a: Haxorus|confusion\n|\n|upkeep\n|\n|t:|1783569665\n|switch|p2a: Sandy Shocks|Sandy Shocks, L80|100/100\n|turn|23\n|inactive|Time left: 300 sec this turn | 300 sec total\n|\n|t:|1783569666\n|move|p2a: Sandy Shocks|Earth Power|p1a: Haxorus\n|-damage|p1a: Haxorus|0 fnt\n|faint|p1a: Haxorus\n|\n|upkeep\n|inactive|Time left: 300 sec this turn | 300 sec total | 5 sec grace\n|\n|t:|1783569667\n|switch|p1a: Arcanine|Arcanine, L84, M|288/288\n|-ability|p1a: Arcanine|Intimidate|boost\n|-unboost|p2a: Sandy Shocks|atk|1\n|turn|24\n|inactive|Time left: 300 sec this turn | 300 sec total\n|\n|t:|1783569667\n|-terastallize|p2a: Sandy Shocks|Ground\n|-terastallize|p1a: Arcanine|Fighting\n|move|p1a: Arcanine|Flare Blitz|p2a: Sandy Shocks\n|-damage|p2a: Sandy Shocks|49/100\n|-damage|p1a: Arcanine|242/288|[from] Recoil\n|move|p2a: Sandy Shocks|Earth Power|p1a: Arcanine\n|-damage|p1a: Arcanine|78/288\n|\n|upkeep\n|turn|25\n|inactive|Time left: 300 sec this turn | 300 sec total\n|\n|t:|1783569668\n|move|p1a: Arcanine|Morning Sun|p1a: Arcanine\n|-heal|p1a: Arcanine|222/288\n|move|p2a: Sandy Shocks|Volt Switch|p1a: Arcanine\n|-damage|p1a: Arcanine|129/288\n|\n|t:|1783569669\n|-end|p2a: Sandy Shocks|Protosynthesis|[silent]\n|switch|p2a: Ampharos|Ampharos, L88, F|100/100|[from] Volt Switch\n|-damage|p2a: Ampharos|88/100|[from] Stealth Rock\n|\n|upkeep\n|turn|26\n|inactive|Time left: 300 sec this turn | 300 sec total\n|\n|t:|1783569670\n|move|p1a: Arcanine|Morning Sun|p1a: Arcanine\n|-heal|p1a: Arcanine|273/288\n|move|p2a: Ampharos|Dazzling Gleam|p1a: Arcanine\n|-supereffective|p1a: Arcanine\n|-damage|p1a: Arcanine|41/288\n|\n|upkeep\n|turn|27\n|inactive|Time left: 300 sec this turn | 300 sec total\n|\n|t:|1783569671\n|move|p1a: Arcanine|Morning Sun|p1a: Arcanine\n|-heal|p1a: Arcanine|185/288\n|move|p2a: Ampharos|Dazzling Gleam|p1a: Arcanine\n|-supereffective|p1a: Arcanine\n|-damage|p1a: Arcanine|0 fnt\n|faint|p1a: Arcanine\n|\n|win|p0y25634c67", "uploadtime": 1783569671, "views": 0, "rating": 0, "private": 0, "password": null, "_winner": "p0y25634c67", "_our_name": "p0x2563ea4a"}