{"id": "battle-gen9randombattle-269", "formatid": "gen9randombattle", "format": "[Gen 9] Random Battle", "players": ["p0x2697a84", "p0y269a7e5"], "log": "|init|battle\n|title|p0x2697a84 vs. p0y269a7e5\n|j|\u2606p0x2697a84\n|j|\u2606p0y269a7e5\n|t:|1783542705\n|gametype|singles\n|player|p1|p0x2697a84|2|\n|player|p2|p0y269a7e5|1|\n|gen|9\n|tier|[Gen 9] Random Battle\n|rule|Species Clause: Limit one of each Pok\u00e9mon\n|rule|HP Percentage Mod: HP is shown in percentages\n|rule|Sleep Clause Mod: Limit one foe put to sleep\n|rule|Illusion Level Mod: Illusion disguises the Pok\u00e9mon's true level\n|\n|t:|1783542705\n|teamsize|p1|6\n|teamsize|p2|6\n|start\n|switch|p1a: Forretress|Forretress, L84, M|100/100\n|switch|p2a: Golurk|Golurk, L87|297/297\n|turn|1\n|inactive|Battle timer is ON: inactive players will automatically lose when time's up. (requested by p0x2697a84)\n|inactive|Time left: 300 sec this turn | 300 sec total | 60 sec grace\n|inactive|p0y269a7e5 also wants the timer to be on.\n|\n|t:|1783542707\n|move|p2a: Golurk|Poltergeist|p1a: Forretress\n|-activate|p1a: Forretress|move: Poltergeist|Leftovers\n|-damage|p1a: Forretress|40/100\n|move|p1a: Forretress|Spikes|p2a: Golurk\n|-sidestart|p2: p0y269a7e5|Spikes\n|\n|-heal|p1a: Forretress|46/100|[from] item: Leftovers\n|upkeep\n|turn|2\n|inactive|Time left: 300 sec this turn | 300 sec total\n|\n|t:|1783542708\n|switch|p1a: Wigglytuff|Wigglytuff, L96, F|100/100\n|move|p2a: Golurk|Poltergeist|p1a: Wigglytuff\n|-immune|p1a: Wigglytuff\n|\n|upkeep\n|turn|3\n|inactive|Time left: 300 sec this turn | 300 sec total\n|\n|t:|1783542709\n|move|p2a: Golurk|Poltergeist|p1a: Wigglytuff\n|-immune|p1a: Wigglytuff\n|move|p1a: Wigglytuff|Alluring Voice|p2a: Golurk\n|-damage|p2a: Golurk|189/297\n|\n|upkeep\n|turn|4\n|inactive|Time left: 300 sec this turn | 300 sec total\n|\n|t:|1783542710\n|switch|p2a: Mudsdale|Mudsdale, L83, F|302/302\n|-damage|p2a: Mudsdale|265/302|[from] Spikes\n|move|p1a: Wigglytuff|Alluring Voice|p2a: Mudsdale\n|-damage|p2a: Mudsdale|157/302\n|-ability|p2a: Mudsdale|Stamina|boost\n|-boost|p2a: Mudsdale|def|1\n|\n|-heal|p2a: Mudsdale|175/302|[from] item: Leftovers\n|upkeep\n|turn|5\n|inactive|Time left: 300 sec this turn | 300 sec total\n|\n|t:|1783542711\n|switch|p1a: Spidops|Spidops, L96, M|100/100\n|move|p2a: Mudsdale|Heavy Slam|p1a: Spidops\n|-damage|p1a: Spidops|71/100\n|\n|-heal|p2a: Mudsdale|193/302|[from] item: Leftovers\n|upkeep\n|turn|6\n|inactive|Time left: 300 sec this turn | 300 sec total\n|\n|t:|1783542713\n|move|p1a: Spidops|Sticky Web|p2a: Mudsdale\n|-sidestart|p2: p0y269a7e5|move: Sticky Web\n|move|p2a: Mudsdale|Stone Edge|p1a: Spidops\n|-supereffective|p1a: Spidops\n|-damage|p1a: Spidops|19/100\n|\n|-heal|p2a: Mudsdale|211/302|[from] item: Leftovers\n|upkeep\n|turn|7\n|inactive|Time left: 300 sec this turn | 300 sec total\n|\n|t:|1783542714\n|move|p1a: Spidops|Knock Off|p2a: Mudsdale\n|-damage|p2a: Mudsdale|167/302\n|-ability|p2a: Mudsdale|Stamina|boost\n|-boost|p2a: Mudsdale|def|1\n|-enditem|p2a: Mudsdale|Leftovers|[from] move: Knock Off|[of] p1a: Spidops\n|move|p2a: Mudsdale|Heavy Slam|p1a: Spidops\n|-damage|p1a: Spidops|0 fnt\n|faint|p1a: Spidops\n|\n|upkeep\n|\n|t:|1783542715\n|switch|p1a: Quaquaval|Quaquaval, L79, F|100/100\n|turn|8\n|inactive|Time left: 300 sec this turn | 300 sec total\n|\n|t:|1783542716\n|move|p1a: Quaquaval|Aqua Step|p2a: Mudsdale\n|-supereffective|p2a: Mudsdale\n|-damage|p2a: Mudsdale|45/302\n|-boost|p1a: Quaquaval|spe|1\n|-ability|p2a: Mudsdale|Stamina|boost\n|-boost|p2a: Mudsdale|def|1\n|move|p2a: Mudsdale|Earthquake|p1a: Quaquaval\n|-crit|p1a: Quaquaval\n|-damage|p1a: Quaquaval|24/100\n|\n|upkeep\n|turn|9\n|inactive|Time left: 300 sec this turn | 300 sec total\n|\n|t:|1783542717\n|switch|p2a: Lurantis|Lurantis, L87, M|264/264\n|-damage|p2a: Lurantis|231/264|[from] Spikes\n|-activate|p2a: Lurantis|move: Sticky Web\n|-boost|p2a: Lurantis|spe|1\n|move|p1a: Quaquaval|Aqua Step|p2a: Lurantis\n|-resisted|p2a: Lurantis\n|-damage|p2a: Lurantis|165/264\n|-boost|p1a: Quaquaval|spe|1\n|\n|-heal|p2a: Lurantis|181/264|[from] item: Leftovers\n|upkeep\n|turn|10\n|inactive|Time left: 300 sec this turn | 300 sec total\n|\n|t:|1783542718\n|move|p1a: Quaquaval|Aqua Step|p2a: Lurantis\n|-resisted|p2a: Lurantis\n|-damage|p2a: Lurantis|121/264\n|-boost|p1a: Quaquaval|spe|1\n|move|p2a: Lurantis|Superpower|p1a: Quaquaval\n|-damage|p1a: Quaquaval|0 fnt\n|-boost|p2a: Lurantis|atk|1\n|-boost|p2a: Lurantis|def|1\n|faint|p1a: Quaquaval\n|\n|-heal|p2a: Lurantis|137/264|[from] item: Leftovers\n|upkeep\n|\n|t:|1783542719\n|switch|p1a: Toxapex|Toxapex, L82, F|100/100\n|turn|11\n|inactive|Time left: 300 sec this turn | 300 sec total\n|\n|t:|1783542720\n|move|p2a: Lurantis|Leaf Storm|p1a: Toxapex\n|-damage|p1a: Toxapex|63/100\n|-boost|p2a: Lurantis|spa|2\n|move|p1a: Toxapex|Haze|p1a: Toxapex\n|-clearallboost\n|\n|-heal|p2a: Lurantis|153/264|[from] item: Leftovers\n|upkeep\n|turn|12\n|inactive|Time left: 300 sec this turn | 300 sec total\n|\n|t:|1783542721\n|switch|p1a: Forretress|Forretress, L84, M|46/100\n|move|p2a: Lurantis|Leaf Storm|p1a: Forretress\n|-resisted|p1a: Forretress\n|-damage|p1a: Forretress|29/100\n|-boost|p2a: Lurantis|spa|2\n|\n|-heal|p2a: Lurantis|169/264|[from] item: Leftovers\n|-heal|p1a: Forretress|35/100|[from] item: Leftovers\n|upkeep\n|turn|13\n|inactive|Time left: 300 sec this turn | 300 sec total\n|\n|t:|1783542722\n|move|p2a: Lurantis|Superpower|p1a: Forretress\n|-damage|p1a: Forretress|10/100\n|-boost|p2a: Lurantis|atk|1\n|-boost|p2a: Lurantis|def|1\n|move|p1a: Forretress|Thunder Wave|p2a: Lurantis\n|-status|p2a: Lurantis|par\n|\n|-heal|p1a: Forretress|16/100|[from] item: Leftovers\n|-heal|p2a: Lurantis|185/264 par|[from] item: Leftovers\n|upkeep\n|turn|14\n|inactive|Time left: 300 sec this turn | 300 sec total\n|\n|t:|1783542723\n|move|p1a: Forretress|Iron Head|p2a: Lurantis\n|-damage|p2a: Lurantis|131/264 par\n|cant|p2a: Lurantis|par\n|\n|-heal|p1a: Forretress|22/100|[from] item: Leftovers\n|-heal|p2a: Lurantis|147/264 par|[from] item: Leftovers\n|upkeep\n|turn|15\n|inactive|Time left: 300 sec this turn | 300 sec total\n|\n|t:|1783542724\n|move|p1a: Forretress|Iron Head|p2a: Lurantis\n|-damage|p2a: Lurantis|93/264 par\n|cant|p2a: Lurantis|par\n|\n|-heal|p1a: Forretress|28/100|[from] item: Leftovers\n|-heal|p2a: Lurantis|109/264 par|[from] item: Leftovers\n|upkeep\n|turn|16\n|inactive|Time left: 300 sec this turn | 300 sec total\n|\n|t:|1783542725\n|move|p1a: Forretress|Iron Head|p2a: Lurantis\n|-crit|p2a: Lurantis\n|-damage|p2a: Lurantis|0 fnt\n|faint|p2a: Lurantis\n|\n|-heal|p1a: Forretress|34/100|[from] item: Leftovers\n|upkeep\n|inactive|Time left: 300 sec this turn | 300 sec total | 5 sec grace\n|\n|t:|1783542726\n|switch|p2a: Blastoise|Blastoise, L80, F|258/258\n|-damage|p2a: Blastoise|226/258|[from] Spikes\n|-activate|p2a: Blastoise|move: Sticky Web\n|-unboost|p2a: Blastoise|spe|1\n|-enditem|p2a: Blastoise|White Herb\n|-clearnegativeboost|p2a: Blastoise|[silent]\n|turn|17\n|inactive|Time left: 300 sec this turn | 300 sec total\n|\n|t:|1783542727\n|switch|p1a: Pikachu|Pikachu-Unova, L93, F|100/100\n|move|p2a: Blastoise|Shell Smash|p2a: Blastoise\n|-unboost|p2a: Blastoise|def|1\n|-unboost|p2a: Blastoise|spd|1\n|-boost|p2a: Blastoise|atk|2\n|-boost|p2a: Blastoise|spa|2\n|-boost|p2a: Blastoise|spe|2\n|\n|upkeep\n|turn|18\n|inactive|Time left: 300 sec this turn | 300 sec total\n|\n|t:|1783542727\n|-terastallize|p2a: Blastoise|Grass\n|-terastallize|p1a: Pikachu|Water\n|move|p2a: Blastoise|Tera Blast|p1a: Pikachu|[anim] Tera Blast Grass\n|-supereffective|p1a: Pikachu\n|-damage|p1a: Pikachu|0 fnt\n|faint|p1a: Pikachu\n|\n|upkeep\n|\n|t:|1783542728\n|switch|p1a: Toxapex|Toxapex, L82, F|96/100\n|turn|19\n|inactive|Time left: 300 sec this turn | 300 sec total\n|\n|t:|1783542729\n|move|p2a: Blastoise|Tera Blast|p1a: Toxapex|[anim] Tera Blast Grass\n|-damage|p1a: Toxapex|53/100\n|move|p1a: Toxapex|Haze|p1a: Toxapex\n|-clearallboost\n|\n|upkeep\n|turn|20\n|inactive|Time left: 300 sec this turn | 300 sec total\n|\n|t:|1783542730\n|move|p2a: Blastoise|Shell Smash|p2a: Blastoise\n|-unboost|p2a: Blastoise|def|1\n|-unboost|p2a: Blastoise|spd|1\n|-boost|p2a: Blastoise|atk|2\n|-boost|p2a: Blastoise|spa|2\n|-boost|p2a: Blastoise|spe|2\n|move|p1a: Toxapex|Recover|p1a: Toxapex\n|-heal|p1a: Toxapex|100/100\n|\n|upkeep\n|turn|21\n|inactive|Time left: 300 sec this turn | 300 sec total\n|\n|t:|1783542731\n|move|p2a: Blastoise|Tera Blast|p1a: Toxapex|[anim] Tera Blast Grass\n|-damage|p1a: Toxapex|56/100\n|move|p1a: Toxapex|Haze|p1a: Toxapex\n|-clearallboost\n|\n|upkeep\n|turn|22\n|inactive|Time left: 300 sec this turn | 300 sec total\n|\n|t:|1783542732\n|move|p2a: Blastoise|Shell Smash|p2a: Blastoise\n|-unboost|p2a: Blastoise|def|1\n|-unboost|p2a: Blastoise|spd|1\n|-boost|p2a: Blastoise|atk|2\n|-boost|p2a: Blastoise|spa|2\n|-boost|p2a: Blastoise|spe|2\n|move|p1a: Toxapex|Toxic Spikes|p2a: Blastoise\n|-sidestart|p2: p0y269a7e5|move: Toxic Spikes\n|\n|upkeep\n|turn|23\n|inactive|Time left: 300 sec this turn | 300 sec total\n|\n|t:|1783542733\n|move|p2a: Blastoise|Tera Blast|p1a: Toxapex|[anim] Tera Blast Grass\n|-damage|p1a: Toxapex|14/100\n|move|p1a: Toxapex|Haze|p1a: Toxapex\n|-clearallboost\n|\n|upkeep\n|turn|24\n|inactive|Time left: 300 sec this turn | 300 sec total\n|\n|t:|1783542734\n|switch|p1a: Wigglytuff|Wigglytuff, L96, F|100/100\n|move|p2a: Blastoise|Shell Smash|p2a: Blastoise\n|-unboost|p2a: Blastoise|def|1\n|-unboost|p2a: Blastoise|spd|1\n|-boost|p2a: Blastoise|atk|2\n|-boost|p2a: Blastoise|spa|2\n|-boost|p2a: Blastoise|spe|2\n|\n|upkeep\n|turn|25\n|inactive|Time left: 300 sec this turn | 300 sec total\n|\n|t:|1783542735\n|move|p2a: Blastoise|Hydro Pump|p1a: Wigglytuff|[miss]\n|-miss|p2a: Blastoise|p1a: Wigglytuff\n|move|p1a: Wigglytuff|Alluring Voice|p2a: Blastoise\n|-damage|p2a: Blastoise|94/258\n|\n|upkeep\n|turn|26\n|inactive|Time left: 300 sec this turn | 300 sec total\n|\n|t:|1783542736\n|move|p2a: Blastoise|Ice Beam|p1a: Wigglytuff\n|-damage|p1a: Wigglytuff|70/100\n|-status|p1a: Wigglytuff|frz\n|cant|p1a: Wigglytuff|frz\n|\n|-heal|p1a: Wigglytuff|76/100 frz|[from] item: Leftovers\n|upkeep\n|turn|27\n|inactive|Time left: 300 sec this turn | 300 sec total\n|\n|t:|1783542737\n|move|p2a: Blastoise|Shell Smash|p2a: Blastoise\n|-unboost|p2a: Blastoise|def|1\n|-unboost|p2a: Blastoise|spd|1\n|-boost|p2a: Blastoise|atk|2\n|-boost|p2a: Blastoise|spa|2\n|-boost|p2a: Blastoise|spe|2\n|cant|p1a: Wigglytuff|frz\n|\n|-heal|p1a: Wigglytuff|82/100 frz|[from] item: Leftovers\n|upkeep\n|turn|28\n|inactive|Time left: 300 sec this turn | 300 sec total\n|\n|t:|1783542738\n|move|p2a: Blastoise|Hydro Pump|p1a: Wigglytuff|[miss]\n|-miss|p2a: Blastoise|p1a: Wigglytuff\n|-curestatus|p1a: Wigglytuff|frz|[msg]\n|move|p1a: Wigglytuff|Alluring Voice|p2a: Blastoise\n|-damage|p2a: Blastoise|0 fnt\n|faint|p2a: Blastoise\n|\n|-heal|p1a: Wigglytuff|88/100|[from] item: Leftovers\n|upkeep\n|inactive|Time left: 300 sec this turn | 300 sec total | 5 sec grace\n|\n|t:|1783542739\n|switch|p2a: Arbok|Arbok, L87, M|246/246\n|-damage|p2a: Arbok|216/246|[from] Spikes\n|-activate|p2a: Arbok|move: Sticky Web\n|-unboost|p2a: Arbok|spe|1\n|-sideend|p2: p0y269a7e5|move: Toxic Spikes|[of] p2a: Arbok\n|-ability|p2a: Arbok|Intimidate|boost\n|-unboost|p1a: Wigglytuff|atk|1\n|-ability|p1a: Wigglytuff|Competitive|boost\n|-boost|p1a: Wigglytuff|spa|2\n|turn|29\n|inactive|Time left: 300 sec this turn | 300 sec total\n|\n|t:|1783542740\n|move|p1a: Wigglytuff|Protect|p1a: Wigglytuff\n|-singleturn|p1a: Wigglytuff|Protect\n|move|p2a: Arbok|Gunk Shot|p1a: Wigglytuff\n|-activate|p1a: Wigglytuff|move: Protect\n|\n|-heal|p1a: Wigglytuff|95/100|[from] item: Leftovers\n|-heal|p2a: Arbok|231/246|[from] item: Leftovers\n|upkeep\n|turn|30\n|inactive|Time left: 300 sec this turn | 300 sec total\n|\n|t:|1783542741\n|move|p1a: Wigglytuff|Alluring Voice|p2a: Arbok\n|-resisted|p2a: Arbok\n|-damage|p2a: Arbok|121/246\n|move|p2a: Arbok|Gunk Shot|p1a: Wigglytuff|[miss]\n|-miss|p2a: Arbok|p1a: Wigglytuff\n|\n|-heal|p1a: Wigglytuff|100/100|[from] item: Leftovers\n|-heal|p2a: Arbok|136/246|[from] item: Leftovers\n|upkeep\n|turn|31\n|inactive|Time left: 300 sec this turn | 300 sec total\n|\n|t:|1783542742\n|move|p1a: Wigglytuff|Alluring Voice|p2a: Arbok\n|-resisted|p2a: Arbok\n|-damage|p2a: Arbok|40/246\n|move|p2a: Arbok|Gunk Shot|p1a: Wigglytuff|[miss]\n|-miss|p2a: Arbok|p1a: Wigglytuff\n|\n|-heal|p2a: Arbok|55/246|[from] item: Leftovers\n|upkeep\n|turn|32\n|inactive|Time left: 300 sec this turn | 300 sec total\n|\n|t:|1783542744\n|move|p1a: Wigglytuff|Alluring Voice|p2a: Arbok\n|-resisted|p2a: Arbok\n|-damage|p2a: Arbok|0 fnt\n|faint|p2a: Arbok\n|\n|upkeep\n|inactive|Time left: 300 sec this turn | 300 sec total | 5 sec grace\n|\n|t:|1783542745\n|switch|p2a: Mudsdale|Mudsdale, L83, F|45/302\n|-damage|p2a: Mudsdale|8/302|[from] Spikes\n|-activate|p2a: Mudsdale|move: Sticky Web\n|-unboost|p2a: Mudsdale|spe|1\n|turn|33\n|inactive|Time left: 300 sec this turn | 300 sec total\n|\n|t:|1783542746\n|move|p1a: Wigglytuff|Alluring Voice|p2a: Mudsdale\n|-damage|p2a: Mudsdale|0 fnt\n|faint|p2a: Mudsdale\n|\n|upkeep\n|inactive|Time left: 300 sec this turn | 300 sec total | 5 sec grace\n|\n|t:|1783542747\n|switch|p2a: Mimikyu|Mimikyu, L79, M|216/216\n|-damage|p2a: Mimikyu|189/216|[from] Spikes\n|-activate|p2a: Mimikyu|move: Sticky Web\n|-unboost|p2a: Mimikyu|spe|1\n|turn|34\n|inactive|Time left: 300 sec this turn | 300 sec total\n|\n|t:|1783542748\n|move|p1a: Wigglytuff|Alluring Voice|p2a: Mimikyu\n|-activate|p2a: Mimikyu|ability: Disguise\n|-damage|p2a: Mimikyu|189/216\n|detailschange|p2a: Mimikyu|Mimikyu-Busted, L79, M\n|-damage|p2a: Mimikyu|162/216|[from] pokemon: Mimikyu-Busted\n|move|p2a: Mimikyu|Play Rough|p1a: Wigglytuff\n|-damage|p1a: Wigglytuff|66/100\n|-damage|p2a: Mimikyu|141/216|[from] item: Life Orb\n|\n|-heal|p1a: Wigglytuff|72/100|[from] item: Leftovers\n|upkeep\n|turn|35\n|inactive|Time left: 300 sec this turn | 300 sec total\n|\n|t:|1783542749\n|move|p2a: Mimikyu|Shadow Sneak|p1a: Wigglytuff\n|-immune|p1a: Wigglytuff\n|move|p1a: Wigglytuff|Alluring Voice|p2a: Mimikyu\n|-damage|p2a: Mimikyu|0 fnt\n|faint|p2a: Mimikyu\n|\n|-heal|p1a: Wigglytuff|78/100|[from] item: Leftovers\n|upkeep\n|inactive|Time left: 300 sec this turn | 300 sec total | 5 sec grace\n|\n|t:|1783542750\n|switch|p2a: Golurk|Golurk, L87|189/297\n|-damage|p2a: Golurk|152/297|[from] Spikes\n|-activate|p2a: Golurk|move: Sticky Web\n|-unboost|p2a: Golurk|spe|1\n|turn|36\n|inactive|Time left: 300 sec this turn | 300 sec total\n|\n|t:|1783542751\n|move|p1a: Wigglytuff|Alluring Voice|p2a: Golurk\n|-damage|p2a: Golurk|0 fnt\n|faint|p2a: Golurk\n|\n|win|p0x2697a84", "uploadtime": 1783542751, "views": 0, "rating": 0, "private": 0, "password": null, "_winner": "p0x2697a84", "_our_name": "p0y269a7e5"}