{"id": "battle-gen9randombattle-1882", "formatid": "gen9randombattle", "format": "[Gen 9] Random Battle", "players": ["p0x188267a1", "p0y18825ead"], "log": "|init|battle\n|title|p0x188267a1 vs. p0y18825ead\n|j|\u2606p0x188267a1\n|j|\u2606p0y18825ead\n|t:|1783561022\n|gametype|singles\n|player|p1|p0x188267a1|169|\n|player|p2|p0y18825ead|170|\n|gen|9\n|tier|[Gen 9] Random Battle\n|rule|Species Clause: Limit one of each Pok\u00e9mon\n|rule|HP Percentage Mod: HP is shown in percentages\n|rule|Sleep Clause Mod: Limit one foe put to sleep\n|rule|Illusion Level Mod: Illusion disguises the Pok\u00e9mon's true level\n|\n|t:|1783561022\n|teamsize|p1|6\n|teamsize|p2|6\n|start\n|switch|p1a: Barraskewda|Barraskewda, L81, M|100/100\n|switch|p2a: Revavroom|Revavroom, L79, M|256/256\n|turn|1\n|inactive|Battle timer is ON: inactive players will automatically lose when time's up. (requested by p0y18825ead)\n|inactive|p0x188267a1 also wants the timer to be on.\n|\n|t:|1783561023\n|move|p1a: Barraskewda|Waterfall|p2a: Revavroom\n|-damage|p2a: Revavroom|118/256\n|cant|p2a: Revavroom|flinch\n|\n|upkeep\n|turn|2\n|inactive|Time left: 300 sec this turn | 300 sec total\n|\n|t:|1783561024\n|switch|p2a: Mightyena|Mightyena, L96, M|290/290\n|-ability|p2a: Mightyena|Intimidate|boost\n|-unboost|p1a: Barraskewda|atk|1\n|move|p1a: Barraskewda|Waterfall|p2a: Mightyena\n|-damage|p2a: Mightyena|193/290\n|\n|upkeep\n|turn|3\n|inactive|Time left: 300 sec this turn | 300 sec total\n|\n|t:|1783561025\n|move|p1a: Barraskewda|Waterfall|p2a: Mightyena\n|-damage|p2a: Mightyena|94/290\n|cant|p2a: Mightyena|flinch\n|\n|upkeep\n|turn|4\n|inactive|Time left: 300 sec this turn | 300 sec total\n|\n|t:|1783561026\n|move|p2a: Mightyena|Sucker Punch|p1a: Barraskewda\n|-damage|p1a: Barraskewda|21/100\n|move|p1a: Barraskewda|Waterfall|p2a: Mightyena\n|-damage|p2a: Mightyena|3/290\n|\n|upkeep\n|turn|5\n|inactive|Time left: 300 sec this turn | 300 sec total\n|\n|t:|1783561027\n|move|p2a: Mightyena|Sucker Punch|p1a: Barraskewda\n|-damage|p1a: Barraskewda|0 fnt\n|faint|p1a: Barraskewda\n|\n|upkeep\n|\n|t:|1783561028\n|switch|p1a: Iron Hands|Iron Hands, L79|100/100\n|turn|6\n|inactive|Time left: 300 sec this turn | 300 sec total\n|\n|t:|1783561029\n|switch|p2a: Magmortar|Magmortar, L88, F|275/275\n|move|p1a: Iron Hands|Swords Dance|p1a: Iron Hands\n|-boost|p1a: Iron Hands|atk|2\n|\n|upkeep\n|turn|7\n|inactive|Time left: 300 sec this turn | 300 sec total\n|\n|t:|1783561030\n|move|p2a: Magmortar|Will-O-Wisp|p1a: Iron Hands\n|-status|p1a: Iron Hands|brn\n|move|p1a: Iron Hands|Drain Punch|p2a: Magmortar\n|-damage|p2a: Magmortar|161/275\n|\n|-damage|p1a: Iron Hands|94/100 brn|[from] brn\n|upkeep\n|turn|8\n|inactive|Time left: 300 sec this turn | 300 sec total\n|\n|t:|1783561031\n|move|p2a: Magmortar|Fire Blast|p1a: Iron Hands\n|-damage|p1a: Iron Hands|43/100 brn\n|move|p1a: Iron Hands|Thunder Punch|p2a: Magmortar\n|-damage|p2a: Magmortar|42/275\n|\n|-heal|p1a: Iron Hands|49/100 brn|[from] item: Leftovers\n|-damage|p1a: Iron Hands|43/100 brn|[from] brn\n|upkeep\n|turn|9\n|inactive|Time left: 300 sec this turn | 300 sec total\n|\n|t:|1783561032\n|move|p2a: Magmortar|Fire Blast|p1a: Iron Hands\n|-damage|p1a: Iron Hands|0 fnt\n|faint|p1a: Iron Hands\n|-end|p1a: Iron Hands|Quark Drive|[silent]\n|\n|upkeep\n|\n|t:|1783561033\n|switch|p1a: Floatzel|Floatzel, L86, F|100/100\n|turn|10\n|inactive|Time left: 300 sec this turn | 300 sec total\n|\n|t:|1783561034\n|switch|p2a: Mightyena|Mightyena, L96, M|3/290\n|-ability|p2a: Mightyena|Intimidate|boost\n|-unboost|p1a: Floatzel|atk|1\n|move|p1a: Floatzel|Wave Crash|p2a: Mightyena\n|-damage|p2a: Mightyena|0 fnt\n|faint|p2a: Mightyena\n|-damage|p1a: Floatzel|99/100|[from] Recoil\n|\n|upkeep\n|inactive|Time left: 300 sec this turn | 300 sec total | 5 sec grace\n|\n|t:|1783561035\n|switch|p2a: Mandibuzz|Mandibuzz, L85, F|326/326\n|turn|11\n|inactive|Time left: 300 sec this turn | 300 sec total\n|\n|t:|1783561036\n|move|p1a: Floatzel|Wave Crash|p2a: Mandibuzz\n|-damage|p2a: Mandibuzz|193/326\n|-damage|p1a: Floatzel|85/100|[from] Recoil\n|move|p2a: Mandibuzz|Knock Off|p1a: Floatzel\n|-damage|p1a: Floatzel|50/100\n|-enditem|p1a: Floatzel|Choice Band|[from] move: Knock Off|[of] p2a: Mandibuzz\n|\n|upkeep\n|turn|12\n|inactive|Time left: 300 sec this turn | 300 sec total\n|\n|t:|1783561037\n|move|p1a: Floatzel|Flip Turn|p2a: Mandibuzz\n|-damage|p2a: Mandibuzz|151/326\n|\n|t:|1783561038\n|switch|p1a: Arboliva|Arboliva, L91, F|100/100|[from] Flip Turn\n|move|p2a: Mandibuzz|Roost|p2a: Mandibuzz\n|-heal|p2a: Mandibuzz|314/326\n|-singleturn|p2a: Mandibuzz|move: Roost\n|\n|upkeep\n|turn|13\n|inactive|Time left: 300 sec this turn | 300 sec total\n|\n|t:|1783561039\n|move|p2a: Mandibuzz|Toxic|p1a: Arboliva\n|-status|p1a: Arboliva|tox\n|move|p1a: Arboliva|Hyper Voice|p2a: Mandibuzz\n|-damage|p2a: Mandibuzz|184/326\n|\n|-damage|p1a: Arboliva|94/100 tox|[from] psn\n|upkeep\n|turn|14\n|inactive|Time left: 300 sec this turn | 300 sec total\n|\n|t:|1783561040\n|switch|p1a: Floatzel|Floatzel, L86, F|50/100\n|move|p2a: Mandibuzz|Roost|p2a: Mandibuzz\n|-heal|p2a: Mandibuzz|326/326\n|-singleturn|p2a: Mandibuzz|move: Roost\n|\n|upkeep\n|turn|15\n|inactive|Time left: 300 sec this turn | 300 sec total\n|\n|t:|1783561041\n|move|p1a: Floatzel|Ice Spinner|p2a: Mandibuzz\n|-supereffective|p2a: Mandibuzz\n|-damage|p2a: Mandibuzz|220/326\n|move|p2a: Mandibuzz|Brave Bird|p1a: Floatzel\n|-damage|p1a: Floatzel|0 fnt\n|faint|p1a: Floatzel\n|-damage|p2a: Mandibuzz|173/326|[from] Recoil\n|\n|upkeep\n|\n|t:|1783561042\n|switch|p1a: Oricorio|Oricorio-Pa'u, L87, M|100/100\n|turn|16\n|inactive|Time left: 300 sec this turn | 300 sec total\n|\n|t:|1783561043\n|move|p1a: Oricorio|Quiver Dance|p1a: Oricorio\n|-boost|p1a: Oricorio|spa|1\n|-boost|p1a: Oricorio|spd|1\n|-boost|p1a: Oricorio|spe|1\n|move|p2a: Mandibuzz|Knock Off|p1a: Oricorio\n|-supereffective|p1a: Oricorio\n|-damage|p1a: Oricorio|28/100\n|-enditem|p1a: Oricorio|Heavy-Duty Boots|[from] move: Knock Off|[of] p2a: Mandibuzz\n|\n|upkeep\n|turn|17\n|inactive|Time left: 300 sec this turn | 300 sec total\n|\n|t:|1783561044\n|move|p1a: Oricorio|Roost|p1a: Oricorio\n|-heal|p1a: Oricorio|78/100\n|-singleturn|p1a: Oricorio|move: Roost\n|move|p2a: Mandibuzz|Brave Bird|p1a: Oricorio\n|-damage|p1a: Oricorio|38/100\n|-damage|p2a: Mandibuzz|137/326|[from] Recoil\n|\n|upkeep\n|turn|18\n|inactive|Time left: 300 sec this turn | 300 sec total\n|\n|t:|1783561045\n|move|p1a: Oricorio|Roost|p1a: Oricorio\n|-heal|p1a: Oricorio|88/100\n|-singleturn|p1a: Oricorio|move: Roost\n|move|p2a: Mandibuzz|Brave Bird|p1a: Oricorio\n|-damage|p1a: Oricorio|46/100\n|-damage|p2a: Mandibuzz|99/326|[from] Recoil\n|\n|upkeep\n|turn|19\n|inactive|Time left: 300 sec this turn | 300 sec total\n|\n|t:|1783561045\n|move|p1a: Oricorio|Roost|p1a: Oricorio\n|-heal|p1a: Oricorio|96/100\n|-singleturn|p1a: Oricorio|move: Roost\n|move|p2a: Mandibuzz|Knock Off|p1a: Oricorio\n|-supereffective|p1a: Oricorio\n|-damage|p1a: Oricorio|49/100\n|\n|upkeep\n|turn|20\n|inactive|Time left: 300 sec this turn | 300 sec total\n|\n|t:|1783561046\n|move|p1a: Oricorio|Hurricane|p2a: Mandibuzz|[miss]\n|-miss|p1a: Oricorio|p2a: Mandibuzz\n|move|p2a: Mandibuzz|Knock Off|p1a: Oricorio\n|-supereffective|p1a: Oricorio\n|-damage|p1a: Oricorio|4/100\n|\n|upkeep\n|turn|21\n|inactive|Time left: 300 sec this turn | 300 sec total\n|\n|t:|1783561047\n|move|p1a: Oricorio|Roost|p1a: Oricorio\n|-heal|p1a: Oricorio|54/100\n|-singleturn|p1a: Oricorio|move: Roost\n|move|p2a: Mandibuzz|Brave Bird|p1a: Oricorio\n|-damage|p1a: Oricorio|14/100\n|-damage|p2a: Mandibuzz|63/326|[from] Recoil\n|\n|upkeep\n|turn|22\n|inactive|Time left: 300 sec this turn | 300 sec total\n|\n|t:|1783561048\n|move|p1a: Oricorio|Roost|p1a: Oricorio\n|-heal|p1a: Oricorio|64/100\n|-singleturn|p1a: Oricorio|move: Roost\n|move|p2a: Mandibuzz|Brave Bird|p1a: Oricorio\n|-damage|p1a: Oricorio|27/100\n|-damage|p2a: Mandibuzz|29/326|[from] Recoil\n|\n|upkeep\n|turn|23\n|inactive|Time left: 300 sec this turn | 300 sec total\n|\n|t:|1783561049\n|move|p1a: Oricorio|Roost|p1a: Oricorio\n|-heal|p1a: Oricorio|77/100\n|-singleturn|p1a: Oricorio|move: Roost\n|move|p2a: Mandibuzz|Knock Off|p1a: Oricorio\n|-supereffective|p1a: Oricorio\n|-damage|p1a: Oricorio|28/100\n|\n|upkeep\n|turn|24\n|inactive|Time left: 300 sec this turn | 300 sec total\n|\n|t:|1783561050\n|move|p1a: Oricorio|Roost|p1a: Oricorio\n|-heal|p1a: Oricorio|78/100\n|-singleturn|p1a: Oricorio|move: Roost\n|move|p2a: Mandibuzz|Knock Off|p1a: Oricorio\n|-supereffective|p1a: Oricorio\n|-damage|p1a: Oricorio|32/100\n|\n|upkeep\n|turn|25\n|inactive|Time left: 300 sec this turn | 300 sec total\n|\n|t:|1783561051\n|move|p1a: Oricorio|Roost|p1a: Oricorio\n|-heal|p1a: Oricorio|82/100\n|-singleturn|p1a: Oricorio|move: Roost\n|move|p2a: Mandibuzz|Knock Off|p1a: Oricorio\n|-supereffective|p1a: Oricorio\n|-damage|p1a: Oricorio|38/100\n|\n|upkeep\n|turn|26\n|inactive|Time left: 300 sec this turn | 300 sec total\n|\n|t:|1783561052\n|move|p1a: Oricorio|Hurricane|p2a: Mandibuzz|[miss]\n|-miss|p1a: Oricorio|p2a: Mandibuzz\n|move|p2a: Mandibuzz|Knock Off|p1a: Oricorio\n|-supereffective|p1a: Oricorio\n|-damage|p1a: Oricorio|0 fnt\n|faint|p1a: Oricorio\n|\n|upkeep\n|\n|t:|1783561053\n|switch|p1a: Meloetta|Meloetta, L82|100/100\n|turn|27\n|inactive|Time left: 300 sec this turn | 300 sec total\n|\n|t:|1783561054\n|move|p1a: Meloetta|Hyper Voice|p2a: Mandibuzz\n|-damage|p2a: Mandibuzz|0 fnt\n|faint|p2a: Mandibuzz\n|\n|upkeep\n|inactive|Time left: 300 sec this turn | 300 sec total | 5 sec grace\n|\n|t:|1783561055\n|switch|p2a: Cinccino|Cinccino, L83, M|260/260\n|turn|28\n|inactive|Time left: 300 sec this turn | 300 sec total\n|\n|t:|1783561056\n|-terastallize|p2a: Cinccino|Ice\n|move|p2a: Cinccino|Triple Axel|p1a: Meloetta\n|-damage|p1a: Meloetta|89/100\n|-damage|p1a: Meloetta|65/100\n|-damage|p1a: Meloetta|30/100\n|-hitcount|p1a: Meloetta|3\n|move|p1a: Meloetta|Focus Blast|p2a: Cinccino|[miss]\n|-miss|p1a: Meloetta|p2a: Cinccino\n|\n|-heal|p1a: Meloetta|36/100|[from] item: Leftovers\n|upkeep\n|turn|29\n|inactive|Time left: 300 sec this turn | 300 sec total\n|\n|t:|1783561057\n|move|p2a: Cinccino|Triple Axel|p1a: Meloetta\n|-damage|p1a: Meloetta|23/100\n|-damage|p1a: Meloetta|0 fnt\n|faint|p1a: Meloetta\n|-hitcount|p1: Meloetta|2\n|\n|upkeep\n|\n|t:|1783561057\n|switch|p1a: Arboliva|Arboliva, L91, F|94/100 tox\n|turn|30\n|inactive|Time left: 300 sec this turn | 300 sec total\n|\n|t:|1783561058\n|-terastallize|p1a: Arboliva|Water\n|move|p2a: Cinccino|Triple Axel|p1a: Arboliva\n|-resisted|p1a: Arboliva\n|-damage|p1a: Arboliva|89/100 tox\n|-resisted|p1a: Arboliva\n|-damage|p1a: Arboliva|80/100 tox\n|-resisted|p1a: Arboliva\n|-damage|p1a: Arboliva|64/100 tox\n|-hitcount|p1a: Arboliva|3\n|move|p1a: Arboliva|Hyper Voice|p2a: Cinccino\n|-damage|p2a: Cinccino|86/260\n|\n|-damage|p1a: Arboliva|58/100 tox|[from] psn\n|upkeep\n|turn|31\n|inactive|Time left: 300 sec this turn | 300 sec total\n|\n|t:|1783561059\n|move|p1a: Arboliva|Protect|p1a: Arboliva\n|-singleturn|p1a: Arboliva|Protect\n|move|p2a: Cinccino|Bullet Seed|p1a: Arboliva\n|-activate|p1a: Arboliva|move: Protect\n|\n|-damage|p1a: Arboliva|46/100 tox|[from] psn\n|upkeep\n|-enditem|p1a: Arboliva|Sitrus Berry|[eat]\n|-heal|p1a: Arboliva|71/100 tox|[from] item: Sitrus Berry\n|turn|32\n|inactive|Time left: 300 sec this turn | 300 sec total\n|\n|t:|1783561060\n|move|p2a: Cinccino|Bullet Seed|p1a: Arboliva\n|-supereffective|p1a: Arboliva\n|-damage|p1a: Arboliva|55/100 tox\n|-supereffective|p1a: Arboliva\n|-damage|p1a: Arboliva|38/100 tox\n|-supereffective|p1a: Arboliva\n|-damage|p1a: Arboliva|21/100 tox\n|-supereffective|p1a: Arboliva\n|-damage|p1a: Arboliva|3/100 tox\n|-supereffective|p1a: Arboliva\n|-damage|p1a: Arboliva|0 fnt\n|faint|p1a: Arboliva\n|-hitcount|p1: Arboliva|5\n|\n|win|p0y18825ead", "uploadtime": 1783561060, "views": 0, "rating": 0, "private": 0, "password": null, "_winner": "p0y18825ead", "_our_name": "p0y18825ead"}