{"id": "battle-gen9randombattle-45", "formatid": "gen9randombattle", "format": "[Gen 9] Random Battle", "players": ["p0x045e2fd", "p0y04583db"], "log": "|init|battle\n|title|p0x045e2fd vs. p0y04583db\n|j|\u2606p0x045e2fd\n|j|\u2606p0y04583db\n|t:|1783533735\n|gametype|singles\n|player|p1|p0x045e2fd|266|\n|player|p2|p0y04583db|169|\n|gen|9\n|tier|[Gen 9] Random Battle\n|rule|Species Clause: Limit one of each Pok\u00e9mon\n|rule|HP Percentage Mod: HP is shown in percentages\n|rule|Sleep Clause Mod: Limit one foe put to sleep\n|rule|Illusion Level Mod: Illusion disguises the Pok\u00e9mon's true level\n|\n|t:|1783533735\n|teamsize|p1|6\n|teamsize|p2|6\n|start\n|switch|p1a: Mightyena|Mightyena, L96, F|290/290\n|switch|p2a: Decidueye|Decidueye, L88, F|100/100\n|-ability|p1a: Mightyena|Intimidate|boost\n|-unboost|p2a: Decidueye|atk|1\n|turn|1\n|inactive|Battle timer is ON: inactive players will automatically lose when time's up. (requested by p0y04583db)\n|inactive|Time left: 300 sec this turn | 300 sec total | 60 sec grace\n|inactive|p0x045e2fd also wants the timer to be on.\n|\n|t:|1783533737\n|switch|p2a: Iron Thorns|Iron Thorns, L83|100/100\n|move|p1a: Mightyena|Crunch|p2a: Iron Thorns\n|-damage|p2a: Iron Thorns|71/100\n|\n|upkeep\n|turn|2\n|inactive|Time left: 300 sec this turn | 300 sec total\n|\n|t:|1783533738\n|move|p1a: Mightyena|Crunch|p2a: Iron Thorns\n|-damage|p2a: Iron Thorns|44/100\n|move|p2a: Iron Thorns|Stone Edge|p1a: Mightyena\n|-damage|p1a: Mightyena|149/290\n|\n|upkeep\n|turn|3\n|inactive|Time left: 300 sec this turn | 300 sec total\n|\n|t:|1783533739\n|move|p1a: Mightyena|Crunch|p2a: Iron Thorns\n|-damage|p2a: Iron Thorns|16/100\n|move|p2a: Iron Thorns|Stone Edge|p1a: Mightyena|[miss]\n|-miss|p2a: Iron Thorns|p1a: Mightyena\n|\n|upkeep\n|turn|4\n|inactive|Time left: 300 sec this turn | 300 sec total\n|\n|t:|1783533740\n|-end|p2a: Iron Thorns|Quark Drive|[silent]\n|switch|p2a: Entei|Entei, L78|100/100\n|move|p1a: Mightyena|Crunch|p2a: Entei\n|-damage|p2a: Entei|65/100\n|\n|upkeep\n|turn|5\n|inactive|Time left: 300 sec this turn | 300 sec total\n|\n|t:|1783533742\n|switch|p1a: Braviary|Braviary-Hisui, L85, M|326/326\n|move|p2a: Entei|Sacred Fire|p1a: Braviary\n|-damage|p1a: Braviary|142/326\n|\n|upkeep\n|turn|6\n|inactive|Time left: 300 sec this turn | 300 sec total\n|\n|t:|1783533743\n|switch|p1a: Kingdra|Kingdra, L84, F|263/263\n|move|p2a: Entei|Sacred Fire|p1a: Kingdra\n|-resisted|p1a: Kingdra\n|-damage|p1a: Kingdra|229/263\n|-status|p1a: Kingdra|brn\n|\n|-damage|p1a: Kingdra|213/263 brn|[from] brn\n|upkeep\n|turn|7\n|inactive|Time left: 300 sec this turn | 300 sec total\n|\n|t:|1783533744\n|move|p2a: Entei|Sacred Fire|p1a: Kingdra\n|-resisted|p1a: Kingdra\n|-damage|p1a: Kingdra|174/263 brn\n|move|p1a: Kingdra|Draco Meteor|p2a: Entei\n|-damage|p2a: Entei|0 fnt\n|-unboost|p1a: Kingdra|spa|2\n|faint|p2a: Entei\n|-damage|p1a: Kingdra|148/263 brn|[from] item: Life Orb\n|\n|-damage|p1a: Kingdra|132/263 brn|[from] brn\n|upkeep\n|\n|t:|1783533745\n|switch|p2a: Azumarill|Azumarill, L82, M|100/100\n|turn|8\n|inactive|Time left: 300 sec this turn | 300 sec total\n|\n|t:|1783533746\n|switch|p1a: Mightyena|Mightyena, L96, F|149/290\n|-ability|p1a: Mightyena|Intimidate|boost\n|-unboost|p2a: Azumarill|atk|1\n|move|p2a: Azumarill|Play Rough|p1a: Mightyena\n|-supereffective|p1a: Mightyena\n|-damage|p1a: Mightyena|0 fnt\n|faint|p1a: Mightyena\n|\n|upkeep\n|inactive|Time left: 300 sec this turn | 300 sec total | 5 sec grace\n|\n|t:|1783533747\n|switch|p1a: Revavroom|Revavroom, L79, M|256/256\n|turn|9\n|inactive|Time left: 300 sec this turn | 300 sec total\n|\n|t:|1783533748\n|switch|p2a: Decidueye|Decidueye, L88, F|100/100\n|move|p1a: Revavroom|Shift Gear|p1a: Revavroom\n|-boost|p1a: Revavroom|spe|2\n|-boost|p1a: Revavroom|atk|1\n|\n|upkeep\n|turn|10\n|inactive|Time left: 300 sec this turn | 300 sec total\n|\n|t:|1783533749\n|-terastallize|p2a: Decidueye|Ghost\n|move|p1a: Revavroom|Iron Head|p2a: Decidueye\n|-crit|p2a: Decidueye\n|-damage|p2a: Decidueye|2/100\n|-damage|p1a: Revavroom|231/256|[from] item: Life Orb\n|move|p2a: Decidueye|Poltergeist|p1a: Revavroom\n|-activate|p1a: Revavroom|move: Poltergeist|Life Orb\n|-crit|p1a: Revavroom\n|-damage|p1a: Revavroom|0 fnt\n|faint|p1a: Revavroom\n|-damage|p2a: Decidueye|0 fnt|[from] item: Life Orb\n|faint|p2a: Decidueye\n|\n|upkeep\n|inactive|Time left: 300 sec this turn | 300 sec total | 5 sec grace\n|\n|t:|1783533750\n|switch|p1a: Brambleghast|Brambleghast, L88, M|240/240\n|switch|p2a: Azumarill|Azumarill, L82, M|100/100\n|turn|11\n|inactive|Time left: 300 sec this turn | 300 sec total\n|\n|t:|1783533751\n|switch|p2a: Arceus|Arceus-Grass, L73|100/100\n|move|p1a: Brambleghast|Power Whip|p2a: Arceus|[miss]\n|-miss|p1a: Brambleghast|p2a: Arceus\n|\n|upkeep\n|turn|12\n|inactive|Time left: 300 sec this turn | 300 sec total\n|\n|t:|1783533752\n|move|p2a: Arceus|Fire Blast|p1a: Brambleghast\n|-supereffective|p1a: Brambleghast\n|-damage|p1a: Brambleghast|88/240\n|move|p1a: Brambleghast|Poltergeist|p2a: Arceus\n|-activate|p2a: Arceus|move: Poltergeist|Meadow Plate\n|-damage|p2a: Arceus|56/100\n|\n|upkeep\n|turn|13\n|inactive|Time left: 300 sec this turn | 300 sec total\n|\n|t:|1783533753\n|switch|p1a: Dragapult|Dragapult, L77, F|262/262\n|move|p2a: Arceus|Fire Blast|p1a: Dragapult\n|-resisted|p1a: Dragapult\n|-damage|p1a: Dragapult|216/262\n|\n|upkeep\n|turn|14\n|inactive|Time left: 300 sec this turn | 300 sec total\n|\n|t:|1783533754\n|move|p1a: Dragapult|Fire Blast|p2a: Arceus\n|-supereffective|p2a: Arceus\n|-damage|p2a: Arceus|0 fnt\n|faint|p2a: Arceus\n|\n|upkeep\n|\n|t:|1783533755\n|switch|p2a: Azumarill|Azumarill, L82, M|100/100\n|turn|15\n|inactive|Time left: 300 sec this turn | 300 sec total\n|\n|t:|1783533756\n|move|p1a: Dragapult|Fire Blast|p2a: Azumarill|[miss]\n|-miss|p1a: Dragapult|p2a: Azumarill\n|move|p2a: Azumarill|Play Rough|p1a: Dragapult\n|-supereffective|p1a: Dragapult\n|-damage|p1a: Dragapult|0 fnt\n|faint|p1a: Dragapult\n|\n|upkeep\n|inactive|Time left: 300 sec this turn | 300 sec total | 5 sec grace\n|\n|t:|1783533757\n|switch|p1a: Brambleghast|Brambleghast, L88, M|88/240\n|turn|16\n|inactive|Time left: 300 sec this turn | 300 sec total\n|\n|t:|1783533758\n|move|p1a: Brambleghast|Power Whip|p2a: Azumarill|[miss]\n|-miss|p1a: Brambleghast|p2a: Azumarill\n|move|p2a: Azumarill|Play Rough|p1a: Brambleghast\n|-damage|p1a: Brambleghast|0 fnt\n|faint|p1a: Brambleghast\n|\n|upkeep\n|inactive|Time left: 300 sec this turn | 300 sec total | 5 sec grace\n|\n|t:|1783533759\n|switch|p1a: Kingdra|Kingdra, L84, F|132/263 brn\n|turn|17\n|inactive|Time left: 300 sec this turn | 300 sec total\n|\n|t:|1783533760\n|move|p1a: Kingdra|Hurricane|p2a: Azumarill\n|-damage|p2a: Azumarill|67/100\n|-damage|p1a: Kingdra|106/263 brn|[from] item: Life Orb\n|move|p2a: Azumarill|Play Rough|p1a: Kingdra|[miss]\n|-miss|p2a: Azumarill|p1a: Kingdra\n|\n|-damage|p1a: Kingdra|90/263 brn|[from] brn\n|upkeep\n|turn|18\n|inactive|Time left: 300 sec this turn | 300 sec total\n|\n|t:|1783533761\n|move|p1a: Kingdra|Hurricane|p2a: Azumarill\n|-damage|p2a: Azumarill|32/100\n|-damage|p1a: Kingdra|64/263 brn|[from] item: Life Orb\n|move|p2a: Azumarill|Play Rough|p1a: Kingdra\n|-supereffective|p1a: Kingdra\n|-damage|p1a: Kingdra|0 fnt\n|faint|p1a: Kingdra\n|\n|upkeep\n|inactive|Time left: 300 sec this turn | 300 sec total | 5 sec grace\n|\n|t:|1783533762\n|switch|p1a: Braviary|Braviary-Hisui, L85, M|142/326\n|turn|19\n|inactive|Time left: 300 sec this turn | 300 sec total\n|\n|t:|1783533763\n|move|p1a: Braviary|Hurricane|p2a: Azumarill\n|-damage|p2a: Azumarill|0 fnt\n|faint|p2a: Azumarill\n|\n|upkeep\n|\n|t:|1783533764\n|switch|p2a: Pawmot|Pawmot, L80, F|100/100\n|turn|20\n|inactive|Time left: 300 sec this turn | 300 sec total\n|\n|t:|1783533765\n|move|p2a: Pawmot|Double Shock|p1a: Braviary\n|-supereffective|p1a: Braviary\n|-damage|p1a: Braviary|0 fnt\n|-start|p2a: Pawmot|typechange|???/Fighting|[from] move: Double Shock\n|faint|p1a: Braviary\n|-damage|p2a: Pawmot|91/100|[from] item: Life Orb\n|\n|win|p0y04583db", "uploadtime": 1783533765, "views": 0, "rating": 0, "private": 0, "password": null, "_winner": "p0y04583db", "_our_name": "p0x045e2fd"}