{"id": "battle-gen9randombattle-640", "formatid": "gen9randombattle", "format": "[Gen 9] Random Battle", "players": ["p0x639b902", "p0y63963d5"], "log": "|init|battle\n|title|p0x639b902 vs. p0y63963d5\n|j|\u2606p0x639b902\n|j|\u2606p0y63963d5\n|t:|1783546536\n|gametype|singles\n|player|p1|p0x639b902|266|\n|player|p2|p0y63963d5|266|\n|gen|9\n|tier|[Gen 9] Random Battle\n|rule|Species Clause: Limit one of each Pok\u00e9mon\n|rule|HP Percentage Mod: HP is shown in percentages\n|rule|Sleep Clause Mod: Limit one foe put to sleep\n|rule|Illusion Level Mod: Illusion disguises the Pok\u00e9mon's true level\n|\n|t:|1783546536\n|teamsize|p1|6\n|teamsize|p2|6\n|start\n|switch|p1a: Glimmora|Glimmora, L75, F|248/248\n|switch|p2a: Mesprit|Mesprit, L85|100/100\n|turn|1\n|inactive|Battle timer is ON: inactive players will automatically lose when time's up. (requested by p0y63963d5)\n|inactive|Time left: 300 sec this turn | 300 sec total | 60 sec grace\n|inactive|p0x639b902 also wants the timer to be on.\n|\n|t:|1783546538\n|move|p2a: Mesprit|Psychic Noise|p1a: Glimmora\n|-supereffective|p1a: Glimmora\n|-damage|p1a: Glimmora|50/248\n|-start|p1a: Glimmora|move: Heal Block\n|move|p1a: Glimmora|Meteor Beam||[still]\n|-prepare|p1a: Glimmora|Meteor Beam\n|-boost|p1a: Glimmora|spa|1\n|-enditem|p1a: Glimmora|Power Herb\n|-anim|p1a: Glimmora|Meteor Beam|p2a: Mesprit\n|-damage|p2a: Mesprit|43/100\n|\n|-heal|p2a: Mesprit|50/100|[from] item: Leftovers\n|upkeep\n|turn|2\n|inactive|Time left: 300 sec this turn | 300 sec total\n|\n|t:|1783546539\n|move|p2a: Mesprit|Psychic Noise|p1a: Glimmora\n|-supereffective|p1a: Glimmora\n|-damage|p1a: Glimmora|0 fnt\n|faint|p1a: Glimmora\n|\n|-heal|p2a: Mesprit|56/100|[from] item: Leftovers\n|upkeep\n|inactive|Time left: 300 sec this turn | 300 sec total | 5 sec grace\n|\n|t:|1783546540\n|switch|p1a: Rillaboom|Rillaboom, L79, F|288/288\n|-fieldstart|move: Grassy Terrain|[from] ability: Grassy Surge|[of] p1a: Rillaboom\n|turn|3\n|inactive|Time left: 300 sec this turn | 300 sec total\n|\n|t:|1783546540\n|move|p2a: Mesprit|Knock Off|p1a: Rillaboom\n|-damage|p1a: Rillaboom|202/288\n|-enditem|p1a: Rillaboom|Choice Band|[from] move: Knock Off|[of] p2a: Mesprit\n|move|p1a: Rillaboom|Wood Hammer|p2a: Mesprit\n|-damage|p2a: Mesprit|1/100\n|-damage|p1a: Rillaboom|152/288|[from] Recoil\n|\n|-heal|p2a: Mesprit|7/100|[from] item: Leftovers\n|-heal|p1a: Rillaboom|170/288|[from] Grassy Terrain\n|upkeep\n|turn|4\n|inactive|Time left: 300 sec this turn | 300 sec total\n|\n|t:|1783546542\n|switch|p2a: Iron Moth|Iron Moth, L78|100/100\n|move|p1a: Rillaboom|Grassy Glide|p2a: Iron Moth\n|-resisted|p2a: Iron Moth\n|-damage|p2a: Iron Moth|89/100\n|\n|-heal|p2a: Iron Moth|95/100|[from] Grassy Terrain\n|-heal|p1a: Rillaboom|188/288|[from] Grassy Terrain\n|upkeep\n|turn|5\n|inactive|Time left: 300 sec this turn | 300 sec total\n|\n|t:|1783546543\n|switch|p1a: Drifblim|Drifblim, L86, M|396/396\n|move|p2a: Iron Moth|Sludge Wave|p1a: Drifblim\n|-resisted|p1a: Drifblim\n|-damage|p1a: Drifblim|320/396\n|-status|p1a: Drifblim|psn\n|\n|-heal|p2a: Iron Moth|100/100|[from] Grassy Terrain\n|-damage|p1a: Drifblim|271/396 psn|[from] psn\n|upkeep\n|turn|6\n|inactive|Time left: 300 sec this turn | 300 sec total\n|\n|t:|1783546545\n|move|p2a: Iron Moth|Fiery Dance|p1a: Drifblim\n|-damage|p1a: Drifblim|135/396 psn\n|-boost|p2a: Iron Moth|spa|1\n|-enditem|p1a: Drifblim|Sitrus Berry|[eat]\n|-heal|p1a: Drifblim|234/396 psn|[from] item: Sitrus Berry\n|move|p1a: Drifblim|Strength Sap|p2a: Iron Moth\n|-unboost|p2a: Iron Moth|atk|1\n|-heal|p1a: Drifblim|388/396 psn\n|\n|-damage|p1a: Drifblim|339/396 psn|[from] psn\n|upkeep\n|turn|7\n|inactive|Time left: 300 sec this turn | 300 sec total\n|\n|t:|1783546546\n|move|p1a: Drifblim|Calm Mind|p1a: Drifblim\n|-boost|p1a: Drifblim|spa|1\n|-boost|p1a: Drifblim|spd|1\n|move|p2a: Iron Moth|Fiery Dance|p1a: Drifblim\n|-damage|p1a: Drifblim|197/396 psn\n|-boost|p2a: Iron Moth|spa|1\n|\n|-damage|p1a: Drifblim|148/396 psn|[from] psn\n|-fieldend|move: Grassy Terrain\n|upkeep\n|turn|8\n|inactive|Time left: 300 sec this turn | 300 sec total\n|\n|t:|1783546547\n|move|p1a: Drifblim|Air Slash|p2a: Iron Moth\n|-damage|p2a: Iron Moth|61/100\n|cant|p2a: Iron Moth|flinch\n|\n|-damage|p1a: Drifblim|99/396 psn|[from] psn\n|upkeep\n|turn|9\n|inactive|Time left: 300 sec this turn | 300 sec total\n|\n|t:|1783546548\n|move|p1a: Drifblim|Air Slash|p2a: Iron Moth\n|-crit|p2a: Iron Moth\n|-damage|p2a: Iron Moth|0 fnt\n|faint|p2a: Iron Moth\n|-end|p2a: Iron Moth|Quark Drive|[silent]\n|\n|-damage|p1a: Drifblim|50/396 psn|[from] psn\n|upkeep\n|\n|t:|1783546549\n|switch|p2a: Phione|Phione, L91|100/100\n|turn|10\n|inactive|Time left: 300 sec this turn | 300 sec total\n|\n|t:|1783546550\n|move|p1a: Drifblim|Strength Sap|p2a: Phione\n|-unboost|p2a: Phione|atk|1\n|-heal|p1a: Drifblim|200/396 psn\n|move|p2a: Phione|Ice Beam|p1a: Drifblim\n|-supereffective|p1a: Drifblim\n|-damage|p1a: Drifblim|74/396 psn\n|\n|-damage|p1a: Drifblim|25/396 psn|[from] psn\n|upkeep\n|turn|11\n|inactive|Time left: 300 sec this turn | 300 sec total\n|\n|t:|1783546551\n|move|p1a: Drifblim|Strength Sap|p2a: Phione\n|-unboost|p2a: Phione|atk|1\n|-heal|p1a: Drifblim|125/396 psn\n|move|p2a: Phione|Ice Beam|p1a: Drifblim\n|-supereffective|p1a: Drifblim\n|-damage|p1a: Drifblim|3/396 psn\n|\n|-damage|p1a: Drifblim|0 fnt|[from] psn\n|faint|p1a: Drifblim\n|upkeep\n|inactive|Time left: 300 sec this turn | 300 sec total | 5 sec grace\n|\n|t:|1783546552\n|switch|p1a: Meowstic|Meowstic-F, L89, F|277/277\n|turn|12\n|inactive|Time left: 300 sec this turn | 300 sec total\n|\n|t:|1783546553\n|switch|p2a: Hitmontop|Hitmontop, L88, M|100/100\n|-ability|p2a: Hitmontop|Intimidate|boost\n|-unboost|p1a: Meowstic|atk|1\n|-ability|p1a: Meowstic|Competitive|boost\n|-boost|p1a: Meowstic|spa|2\n|move|p1a: Meowstic|Nasty Plot|p1a: Meowstic\n|-boost|p1a: Meowstic|spa|2\n|\n|upkeep\n|turn|13\n|inactive|Time left: 300 sec this turn | 300 sec total\n|\n|t:|1783546555\n|switch|p2a: Mesprit|Mesprit, L85|7/100\n|move|p1a: Meowstic|Psychic|p2a: Mesprit\n|-resisted|p2a: Mesprit\n|-damage|p2a: Mesprit|0 fnt\n|faint|p2a: Mesprit\n|-damage|p1a: Meowstic|250/277|[from] item: Life Orb\n|\n|upkeep\n|\n|t:|1783546556\n|switch|p2a: Amoonguss|Amoonguss, L82, F|100/100\n|turn|14\n|inactive|Time left: 300 sec this turn | 300 sec total\n|\n|t:|1783546557\n|-terastallize|p1a: Meowstic|Dark\n|-terastallize|p2a: Amoonguss|Steel\n|move|p1a: Meowstic|Dark Pulse|p2a: Amoonguss\n|-damage|p2a: Amoonguss|0 fnt\n|faint|p2a: Amoonguss\n|-damage|p1a: Meowstic|223/277|[from] item: Life Orb\n|\n|upkeep\n|\n|t:|1783546558\n|switch|p2a: Ludicolo|Ludicolo, L90, M|100/100\n|turn|15\n|inactive|Time left: 300 sec this turn | 300 sec total\n|\n|t:|1783546559\n|move|p1a: Meowstic|Psychic|p2a: Ludicolo\n|-damage|p2a: Ludicolo|0 fnt\n|faint|p2a: Ludicolo\n|-damage|p1a: Meowstic|196/277|[from] item: Life Orb\n|\n|upkeep\n|\n|t:|1783546560\n|switch|p2a: Phione|Phione, L91|100/100\n|turn|16\n|inactive|Time left: 300 sec this turn | 300 sec total\n|\n|t:|1783546561\n|switch|p2a: Hitmontop|Hitmontop, L88, M|100/100\n|-ability|p2a: Hitmontop|Intimidate|boost\n|-unboost|p1a: Meowstic|atk|1\n|-ability|p1a: Meowstic|Competitive|boost\n|-boost|p1a: Meowstic|spa|2\n|move|p1a: Meowstic|Psychic|p2a: Hitmontop\n|-supereffective|p2a: Hitmontop\n|-damage|p2a: Hitmontop|0 fnt\n|faint|p2a: Hitmontop\n|-damage|p1a: Meowstic|169/277|[from] item: Life Orb\n|\n|upkeep\n|\n|t:|1783546562\n|switch|p2a: Phione|Phione, L91|100/100\n|turn|17\n|inactive|Time left: 300 sec this turn | 300 sec total\n|\n|t:|1783546563\n|move|p1a: Meowstic|Dark Pulse|p2a: Phione\n|-damage|p2a: Phione|0 fnt\n|faint|p2a: Phione\n|-damage|p1a: Meowstic|142/277|[from] item: Life Orb\n|\n|win|p0x639b902", "uploadtime": 1783546563, "views": 0, "rating": 0, "private": 0, "password": null, "_winner": "p0x639b902", "_our_name": "p0x639b902"}