{"id": "battle-gen9randombattle-1183", "formatid": "gen9randombattle", "format": "[Gen 9] Random Battle", "players": ["p0x1183434b", "p0y11830b5d"], "log": "|init|battle\n|title|p0x1183434b vs. p0y11830b5d\n|j|\u2606p0x1183434b\n|j|\u2606p0y11830b5d\n|t:|1783552826\n|gametype|singles\n|player|p1|p0x1183434b|2|\n|player|p2|p0y11830b5d|102|\n|gen|9\n|tier|[Gen 9] Random Battle\n|rule|Species Clause: Limit one of each Pok\u00e9mon\n|rule|HP Percentage Mod: HP is shown in percentages\n|rule|Sleep Clause Mod: Limit one foe put to sleep\n|rule|Illusion Level Mod: Illusion disguises the Pok\u00e9mon's true level\n|\n|t:|1783552826\n|teamsize|p1|6\n|teamsize|p2|6\n|start\n|switch|p1a: Comfey|Comfey, L85, F|225/225\n|switch|p2a: Klawf|Klawf, L90, M|100/100\n|turn|1\n|inactive|Battle timer is ON: inactive players will automatically lose when time's up. (requested by p0x1183434b)\n|inactive|p0y11830b5d also wants the timer to be on.\n|\n|t:|1783552827\n|move|p1a: Comfey|Giga Drain|p2a: Klawf\n|-supereffective|p2a: Klawf\n|-damage|p2a: Klawf|52/100\n|move|p2a: Klawf|Stealth Rock|p1a: Comfey\n|-sidestart|p1: p0x1183434b|move: Stealth Rock\n|\n|upkeep\n|turn|2\n|inactive|Time left: 300 sec this turn | 300 sec total\n|\n|t:|1783552829\n|switch|p2a: Grimmsnarl|Grimmsnarl, L83, M|100/100\n|move|p1a: Comfey|Calm Mind|p1a: Comfey\n|-boost|p1a: Comfey|spa|1\n|-boost|p1a: Comfey|spd|1\n|\n|upkeep\n|turn|3\n|inactive|Time left: 300 sec this turn | 300 sec total\n|\n|t:|1783552830\n|move|p1a: Comfey|Draining Kiss|p2a: Grimmsnarl\n|-supereffective|p2a: Grimmsnarl\n|-damage|p2a: Grimmsnarl|43/100\n|move|p2a: Grimmsnarl|Spirit Break|p1a: Comfey\n|-damage|p1a: Comfey|126/225\n|-unboost|p1a: Comfey|spa|1\n|\n|-heal|p1a: Comfey|140/225|[from] item: Leftovers\n|upkeep\n|turn|4\n|inactive|Time left: 300 sec this turn | 300 sec total\n|\n|t:|1783552831\n|move|p1a: Comfey|Draining Kiss|p2a: Grimmsnarl\n|-supereffective|p2a: Grimmsnarl\n|-damage|p2a: Grimmsnarl|4/100\n|-heal|p1a: Comfey|225/225|[from] drain|[of] p2a: Grimmsnarl\n|move|p2a: Grimmsnarl|Spirit Break|p1a: Comfey\n|-damage|p1a: Comfey|128/225\n|-unboost|p1a: Comfey|spa|1\n|\n|-heal|p1a: Comfey|142/225|[from] item: Leftovers\n|upkeep\n|turn|5\n|inactive|Time left: 300 sec this turn | 300 sec total\n|\n|t:|1783552832\n|switch|p2a: Bronzong|Bronzong, L88|100/100\n|move|p1a: Comfey|Draining Kiss|p2a: Bronzong\n|-resisted|p2a: Bronzong\n|-damage|p2a: Bronzong|96/100\n|-heal|p1a: Comfey|151/225|[from] drain|[of] p2a: Bronzong\n|\n|-heal|p1a: Comfey|165/225|[from] item: Leftovers\n|-heal|p2a: Bronzong|100/100|[from] item: Leftovers\n|upkeep\n|turn|6\n|inactive|Time left: 300 sec this turn | 300 sec total\n|\n|t:|1783552833\n|switch|p1a: Manaphy|Manaphy, L78|284/284\n|-damage|p1a: Manaphy|249/284|[from] Stealth Rock\n|move|p2a: Bronzong|Iron Head|p1a: Manaphy\n|-resisted|p1a: Manaphy\n|-damage|p1a: Manaphy|205/284\n|\n|-heal|p1a: Manaphy|222/284|[from] item: Leftovers\n|upkeep\n|turn|7\n|inactive|Time left: 300 sec this turn | 300 sec total\n|\n|t:|1783552834\n|move|p1a: Manaphy|Tail Glow|p1a: Manaphy\n|-boost|p1a: Manaphy|spa|3\n|move|p2a: Bronzong|Psychic Noise|p1a: Manaphy\n|-damage|p1a: Manaphy|153/284\n|-start|p1a: Manaphy|move: Heal Block\n|\n|upkeep\n|turn|8\n|inactive|Time left: 300 sec this turn | 300 sec total\n|\n|t:|1783552835\n|switch|p2a: Grimmsnarl|Grimmsnarl, L83, M|4/100\n|move|p1a: Manaphy|Surf|p2a: Grimmsnarl\n|-damage|p2a: Grimmsnarl|0 fnt\n|faint|p2a: Grimmsnarl\n|\n|-end|p1a: Manaphy|move: Heal Block\n|upkeep\n|\n|t:|1783552836\n|switch|p2a: Meowscarada|Meowscarada, L78, F|100/100\n|turn|9\n|inactive|Time left: 300 sec this turn | 300 sec total\n|\n|t:|1783552836\n|switch|p1a: Ribombee|Ribombee, L83, F|235/235\n|move|p2a: Meowscarada|Flower Trick|p1a: Ribombee\n|-start|p2a: Meowscarada|typechange|Grass|[from] ability: Protean\n|-resisted|p1a: Ribombee\n|-crit|p1a: Ribombee\n|-damage|p1a: Ribombee|135/235\n|-damage|p2a: Meowscarada|91/100|[from] item: Life Orb\n|\n|upkeep\n|turn|10\n|inactive|Time left: 300 sec this turn | 300 sec total\n|\n|t:|1783552837\n|switch|p2a: Bronzong|Bronzong, L88|100/100\n|move|p1a: Ribombee|Bug Buzz|p2a: Bronzong\n|-damage|p2a: Bronzong|72/100\n|\n|-heal|p2a: Bronzong|78/100|[from] item: Leftovers\n|upkeep\n|turn|11\n|inactive|Time left: 300 sec this turn | 300 sec total\n|\n|t:|1783552839\n|move|p1a: Ribombee|Sticky Web|p2a: Bronzong\n|-sidestart|p2: p0y11830b5d|move: Sticky Web\n|move|p2a: Bronzong|Iron Head|p1a: Ribombee\n|-supereffective|p1a: Ribombee\n|-damage|p1a: Ribombee|0 fnt\n|faint|p1a: Ribombee\n|\n|-heal|p2a: Bronzong|84/100|[from] item: Leftovers\n|upkeep\n|inactive|Time left: 300 sec this turn | 300 sec total | 5 sec grace\n|\n|t:|1783552840\n|switch|p1a: Manaphy|Manaphy, L78|153/284\n|-damage|p1a: Manaphy|118/284|[from] Stealth Rock\n|turn|12\n|inactive|Time left: 300 sec this turn | 300 sec total\n|\n|t:|1783552840\n|move|p1a: Manaphy|Tail Glow|p1a: Manaphy\n|-boost|p1a: Manaphy|spa|3\n|move|p2a: Bronzong|Psychic Noise|p1a: Manaphy\n|-damage|p1a: Manaphy|40/284\n|-start|p1a: Manaphy|move: Heal Block\n|\n|-heal|p2a: Bronzong|90/100|[from] item: Leftovers\n|upkeep\n|turn|13\n|inactive|Time left: 300 sec this turn | 300 sec total\n|\n|t:|1783552842\n|move|p1a: Manaphy|Surf|p2a: Bronzong\n|-damage|p2a: Bronzong|24/100\n|move|p2a: Bronzong|Psychic Noise|p1a: Manaphy\n|-damage|p1a: Manaphy|0 fnt\n|faint|p1a: Manaphy\n|\n|-heal|p2a: Bronzong|30/100|[from] item: Leftovers\n|upkeep\n|inactive|Time left: 300 sec this turn | 300 sec total | 5 sec grace\n|\n|t:|1783552843\n|switch|p1a: Stonjourner|Stonjourner, L91, F|330/330\n|-damage|p1a: Stonjourner|289/330|[from] Stealth Rock\n|turn|14\n|inactive|Time left: 300 sec this turn | 300 sec total\n|\n|t:|1783552844\n|move|p1a: Stonjourner|Heat Crash|p2a: Bronzong\n|-supereffective|p2a: Bronzong\n|-damage|p2a: Bronzong|0 fnt\n|faint|p2a: Bronzong\n|-damage|p1a: Stonjourner|256/330|[from] item: Life Orb\n|\n|upkeep\n|\n|t:|1783552845\n|switch|p2a: Mewtwo|Mewtwo, L72|100/100\n|-ability|p2a: Mewtwo|Unnerve\n|-activate|p2a: Mewtwo|move: Sticky Web\n|-unboost|p2a: Mewtwo|spe|1\n|turn|15\n|inactive|Time left: 300 sec this turn | 300 sec total\n|\n|t:|1783552846\n|move|p1a: Stonjourner|Stone Edge|p2a: Mewtwo\n|-damage|p2a: Mewtwo|14/100\n|-damage|p1a: Stonjourner|223/330|[from] item: Life Orb\n|move|p2a: Mewtwo|Aura Sphere|p1a: Stonjourner\n|-supereffective|p1a: Stonjourner\n|-damage|p1a: Stonjourner|0 fnt\n|faint|p1a: Stonjourner\n|-damage|p2a: Mewtwo|4/100|[from] item: Life Orb\n|\n|upkeep\n|inactive|Time left: 300 sec this turn | 300 sec total | 5 sec grace\n|\n|t:|1783552847\n|switch|p1a: Dugtrio|Dugtrio-Alola, L84, M|196/196\n|-damage|p1a: Dugtrio|190/196|[from] Stealth Rock\n|turn|16\n|inactive|Time left: 300 sec this turn | 300 sec total\n|\n|t:|1783552848\n|move|p1a: Dugtrio|Earthquake|p2a: Mewtwo\n|-damage|p2a: Mewtwo|0 fnt\n|faint|p2a: Mewtwo\n|-damage|p1a: Dugtrio|171/196|[from] item: Life Orb\n|\n|upkeep\n|\n|t:|1783552849\n|switch|p2a: Lilligant|Lilligant-Hisui, L79, F|100/100\n|-activate|p2a: Lilligant|move: Sticky Web\n|-unboost|p2a: Lilligant|spe|1\n|turn|17\n|inactive|Time left: 300 sec this turn | 300 sec total\n|\n|t:|1783552850\n|move|p1a: Dugtrio|Iron Head|p2a: Lilligant\n|-damage|p2a: Lilligant|46/100\n|-damage|p1a: Dugtrio|152/196|[from] item: Life Orb\n|move|p2a: Lilligant|Leaf Blade|p1a: Dugtrio\n|-damage|p1a: Dugtrio|0 fnt\n|-ability|p1a: Dugtrio|Tangling Hair\n|-unboost|p2a: Lilligant|spe|1\n|faint|p1a: Dugtrio\n|-damage|p2a: Lilligant|36/100|[from] item: Life Orb\n|\n|upkeep\n|inactive|Time left: 300 sec this turn | 300 sec total | 5 sec grace\n|\n|t:|1783552851\n|switch|p1a: Comfey|Comfey, L85, F|165/225\n|-damage|p1a: Comfey|137/225|[from] Stealth Rock\n|turn|18\n|inactive|Time left: 300 sec this turn | 300 sec total\n|\n|t:|1783552852\n|-terastallize|p2a: Lilligant|Steel\n|move|p1a: Comfey|Draining Kiss|p2a: Lilligant\n|-resisted|p2a: Lilligant\n|-damage|p2a: Lilligant|25/100\n|-heal|p1a: Comfey|158/225|[from] drain|[of] p2a: Lilligant\n|move|p2a: Lilligant|Leaf Blade|p1a: Comfey\n|-damage|p1a: Comfey|0 fnt\n|faint|p1a: Comfey\n|-damage|p2a: Lilligant|15/100|[from] item: Life Orb\n|\n|upkeep\n|inactive|Time left: 300 sec this turn | 300 sec total | 5 sec grace\n|\n|t:|1783552853\n|switch|p1a: Copperajah|Copperajah, L86, F|350/350\n|-damage|p1a: Copperajah|329/350|[from] Stealth Rock\n|turn|19\n|inactive|Time left: 300 sec this turn | 300 sec total\n|\n|t:|1783552854\n|-terastallize|p1a: Copperajah|Flying\n|move|p2a: Lilligant|Close Combat|p1a: Copperajah\n|-resisted|p1a: Copperajah\n|-damage|p1a: Copperajah|206/350\n|-unboost|p2a: Lilligant|def|1\n|-unboost|p2a: Lilligant|spd|1\n|-damage|p2a: Lilligant|5/100|[from] item: Life Orb\n|move|p1a: Copperajah|Stone Edge|p2a: Lilligant\n|-resisted|p2a: Lilligant\n|-damage|p2a: Lilligant|0 fnt\n|faint|p2a: Lilligant\n|\n|upkeep\n|\n|t:|1783552855\n|switch|p2a: Meowscarada|Meowscarada, L78, F|91/100\n|-activate|p2a: Meowscarada|move: Sticky Web\n|-unboost|p2a: Meowscarada|spe|1\n|turn|20\n|inactive|Time left: 300 sec this turn | 300 sec total\n|\n|t:|1783552856\n|move|p2a: Meowscarada|Knock Off|p1a: Copperajah\n|-start|p2a: Meowscarada|typechange|Dark|[from] ability: Protean\n|-damage|p1a: Copperajah|64/350\n|-enditem|p1a: Copperajah|Choice Band|[from] move: Knock Off|[of] p2a: Meowscarada\n|-damage|p2a: Meowscarada|81/100|[from] item: Life Orb\n|move|p1a: Copperajah|Stone Edge|p2a: Meowscarada\n|-damage|p2a: Meowscarada|32/100\n|\n|upkeep\n|turn|21\n|inactive|Time left: 300 sec this turn | 300 sec total\n|\n|t:|1783552857\n|move|p2a: Meowscarada|Knock Off|p1a: Copperajah\n|-damage|p1a: Copperajah|0 fnt\n|faint|p1a: Copperajah\n|-damage|p2a: Meowscarada|22/100|[from] item: Life Orb\n|\n|win|p0y11830b5d", "uploadtime": 1783552857, "views": 0, "rating": 0, "private": 0, "password": null, "_winner": "p0y11830b5d", "_our_name": "p0x1183434b"}