{"id": "battle-gen9randombattle-2798", "formatid": "gen9randombattle", "format": "[Gen 9] Random Battle", "players": ["p0x2798ffcc", "p0y279821ee"], "log": "|init|battle\n|title|p0x2798ffcc vs. p0y279821ee\n|j|\u2606p0x2798ffcc\n|j|\u2606p0y279821ee\n|t:|1783572231\n|gametype|singles\n|player|p1|p0x2798ffcc|2|\n|player|p2|p0y279821ee|265|\n|gen|9\n|tier|[Gen 9] Random Battle\n|rule|Species Clause: Limit one of each Pok\u00e9mon\n|rule|HP Percentage Mod: HP is shown in percentages\n|rule|Sleep Clause Mod: Limit one foe put to sleep\n|rule|Illusion Level Mod: Illusion disguises the Pok\u00e9mon's true level\n|\n|t:|1783572231\n|teamsize|p1|6\n|teamsize|p2|6\n|start\n|switch|p1a: Bellossom|Bellossom, L84, M|263/263\n|switch|p2a: Virizion|Virizion, L82|100/100\n|turn|1\n|inactive|Battle timer is ON: inactive players will automatically lose when time's up. (requested by p0y279821ee)\n|inactive|Time left: 300 sec this turn | 300 sec total | 60 sec grace\n|inactive|p0x2798ffcc also wants the timer to be on.\n|\n|t:|1783572232\n|move|p2a: Virizion|Swords Dance|p2a: Virizion\n|-boost|p2a: Virizion|atk|2\n|move|p1a: Bellossom|Strength Sap|p2a: Virizion\n|-unboost|p2a: Virizion|atk|1\n|\n|upkeep\n|turn|2\n|inactive|Time left: 300 sec this turn | 300 sec total\n|\n|t:|1783572233\n|move|p2a: Virizion|Swords Dance|p2a: Virizion\n|-boost|p2a: Virizion|atk|2\n|move|p1a: Bellossom|Strength Sap|p2a: Virizion\n|-unboost|p2a: Virizion|atk|1\n|\n|upkeep\n|turn|3\n|inactive|Time left: 300 sec this turn | 300 sec total\n|\n|t:|1783572234\n|switch|p1a: Articuno|Articuno-Galar, L84|288/288\n|move|p2a: Virizion|Close Combat|p1a: Articuno\n|-resisted|p1a: Articuno\n|-damage|p1a: Articuno|210/288\n|-unboost|p2a: Virizion|def|1\n|-unboost|p2a: Virizion|spd|1\n|-damage|p2a: Virizion|91/100|[from] item: Life Orb\n|\n|upkeep\n|turn|4\n|inactive|Time left: 300 sec this turn | 300 sec total\n|\n|t:|1783572236\n|-terastallize|p1a: Articuno|Steel\n|move|p2a: Virizion|Stone Edge|p1a: Articuno\n|-resisted|p1a: Articuno\n|-damage|p1a: Articuno|128/288\n|-damage|p2a: Virizion|81/100|[from] item: Life Orb\n|move|p1a: Articuno|Freezing Glare|p2a: Virizion\n|-supereffective|p2a: Virizion\n|-damage|p2a: Virizion|0 fnt\n|faint|p2a: Virizion\n|\n|upkeep\n|\n|t:|1783572237\n|switch|p2a: Scizor|Scizor, L79, F|100/100\n|turn|5\n|inactive|Time left: 300 sec this turn | 300 sec total\n|\n|t:|1783572238\n|move|p1a: Articuno|Hurricane|p2a: Scizor\n|-damage|p2a: Scizor|31/100\n|move|p2a: Scizor|Swords Dance|p2a: Scizor\n|-boost|p2a: Scizor|atk|2\n|\n|upkeep\n|turn|6\n|inactive|Time left: 300 sec this turn | 300 sec total\n|\n|t:|1783572239\n|move|p1a: Articuno|Hurricane|p2a: Scizor\n|-damage|p2a: Scizor|0 fnt\n|faint|p2a: Scizor\n|\n|upkeep\n|\n|t:|1783572240\n|switch|p2a: Froslass|Froslass, L87, F|100/100\n|turn|7\n|inactive|Time left: 300 sec this turn | 300 sec total\n|\n|t:|1783572241\n|-terastallize|p2a: Froslass|Ghost\n|move|p2a: Froslass|Poltergeist|p1a: Articuno\n|-activate|p1a: Articuno|move: Poltergeist|Heavy-Duty Boots\n|-damage|p1a: Articuno|0 fnt\n|faint|p1a: Articuno\n|\n|upkeep\n|inactive|Time left: 300 sec this turn | 300 sec total | 5 sec grace\n|\n|t:|1783572242\n|switch|p1a: Cloyster|Cloyster, L80, M|211/211\n|turn|8\n|inactive|Time left: 300 sec this turn | 300 sec total\n|\n|t:|1783572243\n|move|p2a: Froslass|Will-O-Wisp|p1a: Cloyster\n|-status|p1a: Cloyster|brn\n|move|p1a: Cloyster|Shell Smash|p1a: Cloyster\n|-unboost|p1a: Cloyster|def|1\n|-unboost|p1a: Cloyster|spd|1\n|-boost|p1a: Cloyster|atk|2\n|-boost|p1a: Cloyster|spa|2\n|-boost|p1a: Cloyster|spe|2\n|-enditem|p1a: Cloyster|White Herb\n|-clearnegativeboost|p1a: Cloyster|[silent]\n|\n|-damage|p1a: Cloyster|198/211 brn|[from] brn\n|upkeep\n|turn|9\n|inactive|Time left: 300 sec this turn | 300 sec total\n|\n|t:|1783572244\n|switch|p2a: Qwilfish|Qwilfish, L86, F|100/100\n|-ability|p2a: Qwilfish|Intimidate|boost\n|-unboost|p1a: Cloyster|atk|1\n|move|p1a: Cloyster|Hydro Pump|p2a: Qwilfish\n|-resisted|p2a: Qwilfish\n|-damage|p2a: Qwilfish|50/100\n|\n|-heal|p2a: Qwilfish|56/100|[from] item: Leftovers\n|-damage|p1a: Cloyster|185/211 brn|[from] brn\n|upkeep\n|turn|10\n|inactive|Time left: 300 sec this turn | 300 sec total\n|\n|t:|1783572245\n|move|p1a: Cloyster|Hydro Pump|p2a: Qwilfish\n|-resisted|p2a: Qwilfish\n|-damage|p2a: Qwilfish|0 fnt\n|faint|p2a: Qwilfish\n|\n|-damage|p1a: Cloyster|172/211 brn|[from] brn\n|upkeep\n|\n|t:|1783572246\n|switch|p2a: Espeon|Espeon, L84, F|100/100\n|turn|11\n|inactive|Time left: 300 sec this turn | 300 sec total\n|\n|t:|1783572247\n|move|p1a: Cloyster|Hydro Pump|p2a: Espeon\n|-damage|p2a: Espeon|20/100\n|move|p2a: Espeon|Shadow Ball|p1a: Cloyster\n|-damage|p1a: Cloyster|8/211 brn\n|-unboost|p1a: Cloyster|spd|1\n|-damage|p2a: Espeon|10/100|[from] item: Life Orb\n|\n|-damage|p1a: Cloyster|0 fnt|[from] brn\n|faint|p1a: Cloyster\n|upkeep\n|inactive|Time left: 300 sec this turn | 300 sec total | 5 sec grace\n|\n|t:|1783572248\n|switch|p1a: Magearna|Magearna, L77|250/250\n|turn|12\n|inactive|Time left: 300 sec this turn | 300 sec total\n|\n|t:|1783572248\n|switch|p2a: Froslass|Froslass, L87, F, tera:Ghost|100/100\n|move|p1a: Magearna|Shift Gear|p1a: Magearna\n|-boost|p1a: Magearna|spe|2\n|-boost|p1a: Magearna|atk|1\n|\n|upkeep\n|turn|13\n|inactive|Time left: 300 sec this turn | 300 sec total\n|\n|t:|1783572249\n|move|p1a: Magearna|Calm Mind|p1a: Magearna\n|-boost|p1a: Magearna|spa|1\n|-boost|p1a: Magearna|spd|1\n|move|p2a: Froslass|Poltergeist|p1a: Magearna\n|-activate|p1a: Magearna|move: Poltergeist|Leftovers\n|-damage|p1a: Magearna|132/250\n|\n|-heal|p1a: Magearna|147/250|[from] item: Leftovers\n|upkeep\n|turn|14\n|inactive|Time left: 300 sec this turn | 300 sec total\n|\n|t:|1783572250\n|move|p1a: Magearna|Flash Cannon|p2a: Froslass\n|-damage|p2a: Froslass|39/100\n|move|p2a: Froslass|Poltergeist|p1a: Magearna\n|-activate|p1a: Magearna|move: Poltergeist|Leftovers\n|-damage|p1a: Magearna|29/250\n|\n|-heal|p1a: Magearna|44/250|[from] item: Leftovers\n|upkeep\n|turn|15\n|inactive|Time left: 300 sec this turn | 300 sec total\n|\n|t:|1783572251\n|switch|p2a: Latias|Latias, L79, F|100/100\n|move|p1a: Magearna|Flash Cannon|p2a: Latias\n|-damage|p2a: Latias|58/100\n|\n|-heal|p1a: Magearna|59/250|[from] item: Leftovers\n|upkeep\n|turn|16\n|inactive|Time left: 300 sec this turn | 300 sec total\n|\n|t:|1783572252\n|move|p1a: Magearna|Flash Cannon|p2a: Latias\n|-damage|p2a: Latias|18/100\n|move|p2a: Latias|Psyshock|p1a: Magearna\n|-resisted|p1a: Magearna\n|-damage|p1a: Magearna|12/250\n|\n|-heal|p1a: Magearna|27/250|[from] item: Leftovers\n|upkeep\n|turn|17\n|inactive|Time left: 300 sec this turn | 300 sec total\n|\n|t:|1783572253\n|move|p1a: Magearna|Flash Cannon|p2a: Latias\n|-damage|p2a: Latias|0 fnt\n|faint|p2a: Latias\n|-ability|p1a: Magearna|Soul-Heart|boost\n|-boost|p1a: Magearna|spa|1\n|\n|-heal|p1a: Magearna|42/250|[from] item: Leftovers\n|upkeep\n|\n|t:|1783572254\n|switch|p2a: Espeon|Espeon, L84, F|10/100\n|turn|18\n|inactive|Time left: 300 sec this turn | 300 sec total\n|\n|t:|1783572255\n|move|p1a: Magearna|Flash Cannon|p2a: Espeon\n|-damage|p2a: Espeon|0 fnt\n|faint|p2a: Espeon\n|-ability|p1a: Magearna|Soul-Heart|boost\n|-boost|p1a: Magearna|spa|1\n|\n|-heal|p1a: Magearna|57/250|[from] item: Leftovers\n|upkeep\n|\n|t:|1783572256\n|switch|p2a: Froslass|Froslass, L87, F, tera:Ghost|39/100\n|turn|19\n|inactive|Time left: 300 sec this turn | 300 sec total\n|\n|t:|1783572256\n|move|p1a: Magearna|Flash Cannon|p2a: Froslass\n|-damage|p2a: Froslass|0 fnt\n|-start|p1a: Magearna|Disable|Flash Cannon|[from] ability: Cursed Body|[of] p2a: Froslass\n|faint|p2a: Froslass\n|\n|win|p0x2798ffcc", "uploadtime": 1783572256, "views": 0, "rating": 0, "private": 0, "password": null, "_winner": "p0x2798ffcc", "_our_name": "p0x2798ffcc"}