{"id": "battle-gen9randombattle-1600", "formatid": "gen9randombattle", "format": "[Gen 9] Random Battle", "players": ["p0x16005cf9", "p0y1600e6f6"], "log": "|init|battle\n|title|p0x16005cf9 vs. p0y1600e6f6\n|j|\u2606p0x16005cf9\n|j|\u2606p0y1600e6f6\n|t:|1783557735\n|gametype|singles\n|player|p1|p0x16005cf9|170|\n|player|p2|p0y1600e6f6|102|\n|gen|9\n|tier|[Gen 9] Random Battle\n|rule|Species Clause: Limit one of each Pok\u00e9mon\n|rule|HP Percentage Mod: HP is shown in percentages\n|rule|Sleep Clause Mod: Limit one foe put to sleep\n|rule|Illusion Level Mod: Illusion disguises the Pok\u00e9mon's true level\n|\n|t:|1783557735\n|teamsize|p1|6\n|teamsize|p2|6\n|start\n|switch|p1a: Ogerpon|Ogerpon-Cornerstone, L76, F|247/247\n|switch|p2a: Jumpluff|Jumpluff, L87, M|100/100\n|turn|1\n|inactive|Battle timer is ON: inactive players will automatically lose when time's up. (requested by p0x16005cf9)\n|inactive|p0y1600e6f6 also wants the timer to be on.\n|\n|t:|1783557736\n|switch|p2a: Lurantis|Lurantis, L87, F|100/100\n|move|p1a: Ogerpon|Ivy Cudgel|p2a: Lurantis|[anim] Ivy Cudgel Rock\n|-damage|p2a: Lurantis|58/100\n|\n|upkeep\n|turn|2\n|inactive|Time left: 300 sec this turn | 300 sec total\n|\n|t:|1783557738\n|-terastallize|p1a: Ogerpon|Rock\n|detailschange|p1a: Ogerpon|Ogerpon-Cornerstone-Tera, L76, F, tera:Rock\n|-ability|p1a: Ogerpon|Embody Aspect (Cornerstone)|boost\n|-boost|p1a: Ogerpon|def|1\n|move|p1a: Ogerpon|Ivy Cudgel|p2a: Lurantis|[anim] Ivy Cudgel Rock\n|-damage|p2a: Lurantis|0 fnt\n|faint|p2a: Lurantis\n|\n|upkeep\n|\n|t:|1783557739\n|switch|p2a: Mewtwo|Mewtwo, L72|100/100\n|-ability|p2a: Mewtwo|Unnerve\n|turn|3\n|inactive|Time left: 300 sec this turn | 300 sec total\n|\n|t:|1783557740\n|move|p2a: Mewtwo|Nasty Plot|p2a: Mewtwo\n|-boost|p2a: Mewtwo|spa|2\n|move|p1a: Ogerpon|Ivy Cudgel|p2a: Mewtwo|[anim] Ivy Cudgel Rock\n|-damage|p2a: Mewtwo|35/100\n|\n|upkeep\n|turn|4\n|inactive|Time left: 300 sec this turn | 300 sec total\n|\n|t:|1783557742\n|move|p2a: Mewtwo|Aura Sphere|p1a: Ogerpon\n|-supereffective|p1a: Ogerpon\n|-damage|p1a: Ogerpon|0 fnt\n|faint|p1a: Ogerpon\n|detailschange|p1: Ogerpon|Ogerpon-Cornerstone, L76, F|[silent]\n|-damage|p2a: Mewtwo|25/100|[from] item: Life Orb\n|\n|upkeep\n|inactive|Time left: 300 sec this turn | 300 sec total | 5 sec grace\n|\n|t:|1783557743\n|switch|p1a: Zacian|Zacian, L69|241/241\n|-ability|p1a: Zacian|Intrepid Sword|boost\n|-boost|p1a: Zacian|atk|1\n|turn|5\n|inactive|Time left: 300 sec this turn | 300 sec total\n|\n|t:|1783557744\n|switch|p2a: Charizard|Charizard, L85, M|100/100\n|move|p1a: Zacian|Play Rough|p2a: Charizard\n|-resisted|p2a: Charizard\n|-crit|p2a: Charizard\n|-damage|p2a: Charizard|47/100\n|\n|upkeep\n|turn|6\n|inactive|Time left: 300 sec this turn | 300 sec total\n|\n|t:|1783557745\n|move|p1a: Zacian|Play Rough|p2a: Charizard\n|-resisted|p2a: Charizard\n|-damage|p2a: Charizard|11/100\n|move|p2a: Charizard|Flamethrower|p1a: Zacian\n|-damage|p1a: Zacian|91/241\n|\n|upkeep\n|turn|7\n|inactive|Time left: 300 sec this turn | 300 sec total\n|\n|t:|1783557746\n|move|p1a: Zacian|Play Rough|p2a: Charizard\n|-resisted|p2a: Charizard\n|-damage|p2a: Charizard|0 fnt\n|faint|p2a: Charizard\n|\n|upkeep\n|\n|t:|1783557747\n|switch|p2a: Jumpluff|Jumpluff, L87, M|100/100\n|turn|8\n|inactive|Time left: 300 sec this turn | 300 sec total\n|\n|t:|1783557748\n|move|p2a: Jumpluff|Sleep Powder|p1a: Zacian\n|-status|p1a: Zacian|slp|[from] move: Sleep Powder\n|cant|p1a: Zacian|slp\n|\n|upkeep\n|turn|9\n|inactive|Time left: 300 sec this turn | 300 sec total\n|\n|t:|1783557749\n|move|p2a: Jumpluff|Acrobatics|p1a: Zacian\n|-damage|p1a: Zacian|16/241 slp\n|cant|p1a: Zacian|slp\n|\n|upkeep\n|turn|10\n|inactive|Time left: 300 sec this turn | 300 sec total\n|\n|t:|1783557751\n|switch|p1a: Tinkaton|Tinkaton, L82, F|274/274\n|-ability|p1a: Tinkaton|Mold Breaker\n|move|p2a: Jumpluff|Acrobatics|p1a: Tinkaton\n|-resisted|p1a: Tinkaton\n|-damage|p1a: Tinkaton|224/274\n|\n|-heal|p1a: Tinkaton|241/274|[from] item: Leftovers\n|upkeep\n|turn|11\n|inactive|Time left: 300 sec this turn | 300 sec total\n|\n|t:|1783557752\n|move|p2a: Jumpluff|Strength Sap|p1a: Tinkaton\n|-unboost|p1a: Tinkaton|atk|1\n|move|p1a: Tinkaton|Swords Dance|p1a: Tinkaton\n|-boost|p1a: Tinkaton|atk|2\n|\n|-heal|p1a: Tinkaton|258/274|[from] item: Leftovers\n|upkeep\n|turn|12\n|inactive|Time left: 300 sec this turn | 300 sec total\n|\n|t:|1783557753\n|move|p2a: Jumpluff|Encore|p1a: Tinkaton\n|-start|p1a: Tinkaton|Encore\n|move|p1a: Tinkaton|Swords Dance|p1a: Tinkaton\n|-boost|p1a: Tinkaton|atk|2\n|\n|-heal|p1a: Tinkaton|274/274|[from] item: Leftovers\n|upkeep\n|turn|13\n|inactive|Time left: 300 sec this turn | 300 sec total\n|\n|t:|1783557754\n|switch|p2a: Glalie|Glalie, L96, M|100/100\n|switch|p1a: Giratina|Giratina, L75|349/349\n|-ability|p1a: Giratina|Pressure\n|\n|upkeep\n|turn|14\n|inactive|Time left: 300 sec this turn | 300 sec total\n|\n|t:|1783557755\n|move|p2a: Glalie|Spikes|p1a: Giratina\n|-sidestart|p1: p0x16005cf9|Spikes\n|move|p1a: Giratina|Calm Mind|p1a: Giratina\n|-boost|p1a: Giratina|spa|1\n|-boost|p1a: Giratina|spd|1\n|\n|upkeep\n|turn|15\n|inactive|Time left: 300 sec this turn | 300 sec total\n|\n|t:|1783557756\n|move|p2a: Glalie|Spikes|p1a: Giratina\n|-sidestart|p1: p0x16005cf9|Spikes\n|move|p1a: Giratina|Dragon Pulse|p2a: Glalie\n|-damage|p2a: Glalie|64/100\n|\n|upkeep\n|turn|16\n|inactive|Time left: 300 sec this turn | 300 sec total\n|\n|t:|1783557757\n|move|p2a: Glalie|Taunt|p1a: Giratina\n|-start|p1a: Giratina|move: Taunt\n|move|p1a: Giratina|Dragon Pulse|p2a: Glalie\n|-damage|p2a: Glalie|28/100\n|\n|upkeep\n|turn|17\n|inactive|Time left: 300 sec this turn | 300 sec total\n|\n|t:|1783557758\n|move|p2a: Glalie|Spikes|p1a: Giratina\n|-sidestart|p1: p0x16005cf9|Spikes\n|move|p1a: Giratina|Dragon Pulse|p2a: Glalie\n|-damage|p2a: Glalie|0 fnt\n|faint|p2a: Glalie\n|\n|upkeep\n|\n|t:|1783557759\n|switch|p2a: Meloetta|Meloetta, L82|100/100\n|turn|18\n|inactive|Time left: 300 sec this turn | 300 sec total\n|\n|t:|1783557759\n|move|p2a: Meloetta|Knock Off|p1a: Giratina\n|-supereffective|p1a: Giratina\n|-damage|p1a: Giratina|224/349\n|-enditem|p1a: Giratina|Leftovers|[from] move: Knock Off|[of] p2a: Meloetta\n|-damage|p2a: Meloetta|91/100|[from] item: Life Orb\n|move|p1a: Giratina|Dragon Pulse|p2a: Meloetta\n|-damage|p2a: Meloetta|61/100\n|\n|-end|p1a: Giratina|move: Taunt\n|upkeep\n|turn|19\n|inactive|Time left: 300 sec this turn | 300 sec total\n|\n|t:|1783557760\n|move|p2a: Meloetta|Triple Axel|p1a: Giratina\n|-supereffective|p1a: Giratina\n|-damage|p1a: Giratina|198/349\n|-supereffective|p1a: Giratina\n|-damage|p1a: Giratina|141/349\n|-supereffective|p1a: Giratina\n|-damage|p1a: Giratina|58/349\n|-hitcount|p1a: Giratina|3\n|-damage|p2a: Meloetta|51/100|[from] item: Life Orb\n|move|p1a: Giratina|Rest|p1a: Giratina\n|-status|p1a: Giratina|slp|[from] move: Rest\n|-heal|p1a: Giratina|349/349 slp|[silent]\n|\n|upkeep\n|turn|20\n|inactive|Time left: 300 sec this turn | 300 sec total\n|\n|t:|1783557761\n|move|p2a: Meloetta|Triple Axel|p1a: Giratina\n|-supereffective|p1a: Giratina\n|-damage|p1a: Giratina|320/349 slp\n|-hitcount|p1a: Giratina|1\n|-damage|p2a: Meloetta|41/100|[from] item: Life Orb\n|cant|p1a: Giratina|slp\n|move|p1a: Giratina|Sleep Talk|p1a: Giratina\n|move|p1a: Giratina|Calm Mind|p1a: Giratina|[from] move: Sleep Talk\n|-boost|p1a: Giratina|spa|1\n|-boost|p1a: Giratina|spd|1\n|\n|upkeep\n|turn|21\n|inactive|Time left: 300 sec this turn | 300 sec total\n|\n|t:|1783557762\n|move|p2a: Meloetta|Triple Axel|p1a: Giratina\n|-supereffective|p1a: Giratina\n|-damage|p1a: Giratina|294/349 slp\n|-hitcount|p1a: Giratina|1\n|-damage|p2a: Meloetta|31/100|[from] item: Life Orb\n|cant|p1a: Giratina|slp\n|move|p1a: Giratina|Sleep Talk|p1a: Giratina\n|move|p1a: Giratina|Dragon Pulse|p2a: Meloetta|[from] move: Sleep Talk\n|-damage|p2a: Meloetta|0 fnt\n|faint|p2a: Meloetta\n|\n|upkeep\n|\n|t:|1783557763\n|switch|p2a: Jumpluff|Jumpluff, L87, M|100/100\n|turn|22\n|inactive|Time left: 300 sec this turn | 300 sec total\n|\n|t:|1783557763\n|move|p2a: Jumpluff|Encore||[still]\n|-fail|p2a: Jumpluff\n|-curestatus|p1a: Giratina|slp|[msg]\n|move|p1a: Giratina|Dragon Pulse|p2a: Jumpluff\n|-damage|p2a: Jumpluff|46/100\n|\n|upkeep\n|turn|23\n|inactive|Time left: 300 sec this turn | 300 sec total\n|\n|t:|1783557764\n|-terastallize|p2a: Jumpluff|Steel\n|move|p2a: Jumpluff|Strength Sap|p1a: Giratina\n|-unboost|p1a: Giratina|atk|1\n|-heal|p2a: Jumpluff|100/100\n|move|p1a: Giratina|Dragon Pulse|p2a: Jumpluff\n|-resisted|p2a: Jumpluff\n|-damage|p2a: Jumpluff|75/100\n|\n|upkeep\n|turn|24\n|inactive|Time left: 300 sec this turn | 300 sec total\n|\n|t:|1783557765\n|move|p2a: Jumpluff|Strength Sap|p1a: Giratina\n|-unboost|p1a: Giratina|atk|1\n|-heal|p2a: Jumpluff|100/100\n|move|p1a: Giratina|Dragon Pulse|p2a: Jumpluff\n|-resisted|p2a: Jumpluff\n|-damage|p2a: Jumpluff|77/100\n|\n|upkeep\n|turn|25\n|inactive|Time left: 300 sec this turn | 300 sec total\n|\n|t:|1783557766\n|move|p2a: Jumpluff|Strength Sap|p1a: Giratina\n|-unboost|p1a: Giratina|atk|1\n|-heal|p2a: Jumpluff|100/100\n|move|p1a: Giratina|Dragon Pulse|p2a: Jumpluff\n|-resisted|p2a: Jumpluff\n|-damage|p2a: Jumpluff|74/100\n|\n|upkeep\n|turn|26\n|inactive|Time left: 300 sec this turn | 300 sec total\n|\n|t:|1783557767\n|move|p2a: Jumpluff|Strength Sap|p1a: Giratina\n|-unboost|p1a: Giratina|atk|1\n|-heal|p2a: Jumpluff|96/100\n|move|p1a: Giratina|Dragon Pulse|p2a: Jumpluff\n|-resisted|p2a: Jumpluff\n|-damage|p2a: Jumpluff|70/100\n|\n|upkeep\n|turn|27\n|inactive|Time left: 300 sec this turn | 300 sec total\n|\n|t:|1783557768\n|move|p2a: Jumpluff|Strength Sap|p1a: Giratina\n|-unboost|p1a: Giratina|atk|1\n|-heal|p2a: Jumpluff|89/100\n|move|p1a: Giratina|Dragon Pulse|p2a: Jumpluff\n|-resisted|p2a: Jumpluff\n|-damage|p2a: Jumpluff|62/100\n|\n|upkeep\n|turn|28\n|inactive|Time left: 300 sec this turn | 300 sec total\n|\n|t:|1783557769\n|move|p2a: Jumpluff|Acrobatics|p1a: Giratina\n|-damage|p1a: Giratina|216/349\n|move|p1a: Giratina|Dragon Pulse|p2a: Jumpluff\n|-resisted|p2a: Jumpluff\n|-crit|p2a: Jumpluff\n|-damage|p2a: Jumpluff|21/100\n|\n|upkeep\n|turn|29\n|inactive|Time left: 300 sec this turn | 300 sec total\n|\n|t:|1783557770\n|move|p2a: Jumpluff|Strength Sap|p1a: Giratina\n|-unboost|p1a: Giratina|atk|1\n|-heal|p2a: Jumpluff|37/100\n|move|p1a: Giratina|Dragon Pulse|p2a: Jumpluff\n|-resisted|p2a: Jumpluff\n|-damage|p2a: Jumpluff|13/100\n|\n|upkeep\n|turn|30\n|inactive|Time left: 300 sec this turn | 300 sec total\n|\n|t:|1783557771\n|move|p2a: Jumpluff|Acrobatics|p1a: Giratina\n|-damage|p1a: Giratina|140/349\n|move|p1a: Giratina|Dragon Pulse|p2a: Jumpluff\n|-resisted|p2a: Jumpluff\n|-damage|p2a: Jumpluff|0 fnt\n|faint|p2a: Jumpluff\n|\n|upkeep\n|\n|t:|1783557772\n|switch|p2a: Mewtwo|Mewtwo, L72|25/100\n|-ability|p2a: Mewtwo|Unnerve\n|turn|31\n|inactive|Time left: 300 sec this turn | 300 sec total\n|\n|t:|1783557773\n|move|p2a: Mewtwo|Dark Pulse|p1a: Giratina\n|-supereffective|p1a: Giratina\n|-damage|p1a: Giratina|62/349\n|-damage|p2a: Mewtwo|15/100|[from] item: Life Orb\n|cant|p1a: Giratina|flinch\n|\n|upkeep\n|turn|32\n|inactive|Time left: 300 sec this turn | 300 sec total\n|\n|t:|1783557774\n|move|p2a: Mewtwo|Psystrike|p1a: Giratina\n|-damage|p1a: Giratina|0 fnt\n|faint|p1a: Giratina\n|-damage|p2a: Mewtwo|5/100|[from] item: Life Orb\n|\n|upkeep\n|inactive|Time left: 300 sec this turn | 300 sec total | 5 sec grace\n|\n|t:|1783557776\n|switch|p1a: Tinkaton|Tinkaton, L82, F|274/274\n|-damage|p1a: Tinkaton|206/274|[from] Spikes\n|-ability|p1a: Tinkaton|Mold Breaker\n|turn|33\n|inactive|Time left: 300 sec this turn | 300 sec total\n|\n|t:|1783557777\n|move|p2a: Mewtwo|Nasty Plot|p2a: Mewtwo\n|-boost|p2a: Mewtwo|spa|2\n|move|p1a: Tinkaton|Knock Off|p2a: Mewtwo\n|-supereffective|p2a: Mewtwo\n|-damage|p2a: Mewtwo|0 fnt\n|-enditem|p2a: Mewtwo|Life Orb|[from] move: Knock Off|[of] p1a: Tinkaton\n|faint|p2a: Mewtwo\n|\n|win|p0x16005cf9", "uploadtime": 1783557777, "views": 0, "rating": 0, "private": 0, "password": null, "_winner": "p0x16005cf9", "_our_name": "p0x16005cf9"}