{"id": "battle-gen9randombattle-442", "formatid": "gen9randombattle", "format": "[Gen 9] Random Battle", "players": ["p0x4422374", "p0y4426398"], "log": "|init|battle\n|title|p0x4422374 vs. p0y4426398\n|j|\u2606p0x4422374\n|j|\u2606p0y4426398\n|t:|1783544188\n|gametype|singles\n|player|p1|p0x4422374|169|\n|player|p2|p0y4426398|265|\n|gen|9\n|tier|[Gen 9] Random Battle\n|rule|Species Clause: Limit one of each Pok\u00e9mon\n|rule|HP Percentage Mod: HP is shown in percentages\n|rule|Sleep Clause Mod: Limit one foe put to sleep\n|rule|Illusion Level Mod: Illusion disguises the Pok\u00e9mon's true level\n|\n|t:|1783544188\n|teamsize|p1|6\n|teamsize|p2|6\n|start\n|switch|p1a: Sawsbuck|Sawsbuck-Summer, L88, F|284/284\n|switch|p2a: Kyurem|Kyurem-Black, L71|100/100\n|-ability|p2a: Kyurem|Teravolt\n|turn|1\n|inactive|Battle timer is ON: inactive players will automatically lose when time's up. (requested by p0x4422374)\n|inactive|p0y4426398 also wants the timer to be on.\n|\n|t:|1783544190\n|switch|p1a: Grimmsnarl|Grimmsnarl, L83, M|293/293\n|move|p2a: Kyurem|Icicle Spear|p1a: Grimmsnarl\n|-damage|p1a: Grimmsnarl|256/293\n|-damage|p1a: Grimmsnarl|219/293\n|-damage|p1a: Grimmsnarl|176/293\n|-damage|p1a: Grimmsnarl|139/293\n|-hitcount|p1a: Grimmsnarl|4\n|\n|upkeep\n|turn|2\n|inactive|Time left: 300 sec this turn | 300 sec total\n|\n|t:|1783544191\n|move|p1a: Grimmsnarl|Reflect|p1a: Grimmsnarl\n|-sidestart|p1: p0x4422374|Reflect\n|move|p2a: Kyurem|Icicle Spear|p1a: Grimmsnarl\n|-damage|p1a: Grimmsnarl|118/293\n|-damage|p1a: Grimmsnarl|97/293\n|-damage|p1a: Grimmsnarl|76/293\n|-damage|p1a: Grimmsnarl|56/293\n|-hitcount|p1a: Grimmsnarl|4\n|\n|upkeep\n|turn|3\n|inactive|Time left: 300 sec this turn | 300 sec total\n|\n|t:|1783544192\n|move|p1a: Grimmsnarl|Light Screen|p1a: Grimmsnarl\n|-sidestart|p1: p0x4422374|move: Light Screen\n|move|p2a: Kyurem|Icicle Spear|p1a: Grimmsnarl\n|-crit|p1a: Grimmsnarl\n|-damage|p1a: Grimmsnarl|0 fnt\n|faint|p1a: Grimmsnarl\n|-hitcount|p1: Grimmsnarl|1\n|\n|upkeep\n|inactive|Time left: 300 sec this turn | 300 sec total | 5 sec grace\n|\n|t:|1783544193\n|switch|p1a: Rampardos|Rampardos, L90, M|321/321\n|turn|4\n|inactive|Time left: 300 sec this turn | 300 sec total\n|\n|t:|1783544195\n|switch|p2a: Iron Thorns|Iron Thorns, L83|100/100\n|-item|p2a: Iron Thorns|Air Balloon\n|move|p1a: Rampardos|Rock Slide|p2a: Iron Thorns\n|-damage|p2a: Iron Thorns|46/100\n|-enditem|p2a: Iron Thorns|Air Balloon\n|\n|upkeep\n|turn|5\n|inactive|Time left: 300 sec this turn | 300 sec total\n|\n|t:|1783544196\n|move|p1a: Rampardos|Rock Slide|p2a: Iron Thorns\n|-damage|p2a: Iron Thorns|0 fnt\n|faint|p2a: Iron Thorns\n|-end|p2a: Iron Thorns|Quark Drive|[silent]\n|\n|upkeep\n|\n|t:|1783544197\n|switch|p2a: Zekrom|Zekrom, L71|100/100\n|-ability|p2a: Zekrom|Teravolt\n|turn|6\n|inactive|Time left: 300 sec this turn | 300 sec total\n|\n|t:|1783544198\n|move|p1a: Rampardos|Rock Slide|p2a: Zekrom\n|-crit|p2a: Zekrom\n|-damage|p2a: Zekrom|0 fnt\n|faint|p2a: Zekrom\n|\n|upkeep\n|\n|t:|1783544199\n|switch|p2a: Kyurem|Kyurem-Black, L71|100/100\n|-ability|p2a: Kyurem|Teravolt\n|turn|7\n|inactive|Time left: 300 sec this turn | 300 sec total\n|\n|t:|1783544200\n|-terastallize|p2a: Kyurem|Ground\n|move|p1a: Rampardos|Rock Slide|p2a: Kyurem\n|-resisted|p2a: Kyurem\n|-damage|p2a: Kyurem|66/100\n|move|p2a: Kyurem|Dragon Dance|p2a: Kyurem\n|-boost|p2a: Kyurem|atk|1\n|-boost|p2a: Kyurem|spe|1\n|\n|upkeep\n|turn|8\n|inactive|Time left: 300 sec this turn | 300 sec total\n|\n|t:|1783544200\n|switch|p1a: Chesnaught|Chesnaught, L84, M|285/285\n|move|p2a: Kyurem|Tera Blast|p1a: Chesnaught|[anim] Tera Blast Ground\n|-resisted|p1a: Chesnaught\n|-damage|p1a: Chesnaught|260/285\n|\n|-heal|p1a: Chesnaught|277/285|[from] item: Leftovers\n|upkeep\n|turn|9\n|inactive|Time left: 300 sec this turn | 300 sec total\n|\n|t:|1783544201\n|move|p2a: Kyurem|Icicle Spear|p1a: Chesnaught\n|-supereffective|p1a: Chesnaught\n|-damage|p1a: Chesnaught|240/285\n|-supereffective|p1a: Chesnaught\n|-damage|p1a: Chesnaught|204/285\n|-supereffective|p1a: Chesnaught\n|-damage|p1a: Chesnaught|168/285\n|-supereffective|p1a: Chesnaught\n|-damage|p1a: Chesnaught|135/285\n|-hitcount|p1a: Chesnaught|4\n|move|p1a: Chesnaught|Wood Hammer|p2a: Kyurem\n|-supereffective|p2a: Kyurem\n|-damage|p2a: Kyurem|0 fnt\n|faint|p2a: Kyurem\n|-damage|p1a: Chesnaught|71/285|[from] Recoil\n|\n|-heal|p1a: Chesnaught|88/285|[from] item: Leftovers\n|-sideend|p1: p0x4422374|Reflect\n|upkeep\n|\n|t:|1783544202\n|switch|p2a: Espeon|Espeon, L84, M|100/100\n|turn|10\n|inactive|Time left: 300 sec this turn | 300 sec total\n|\n|t:|1783544203\n|-terastallize|p1a: Chesnaught|Steel\n|move|p2a: Espeon|Psyshock|p1a: Chesnaught\n|-resisted|p1a: Chesnaught\n|-damage|p1a: Chesnaught|55/285\n|move|p1a: Chesnaught|Knock Off|p2a: Espeon\n|-supereffective|p2a: Espeon\n|-damage|p2a: Espeon|23/100\n|-enditem|p2a: Espeon|Choice Specs|[from] move: Knock Off|[of] p1a: Chesnaught\n|\n|-heal|p1a: Chesnaught|72/285|[from] item: Leftovers\n|-sideend|p1: p0x4422374|move: Light Screen\n|upkeep\n|turn|11\n|inactive|Time left: 300 sec this turn | 300 sec total\n|\n|t:|1783544204\n|move|p2a: Espeon|Trick|p1a: Chesnaught\n|-activate|p2a: Espeon|move: Trick|[of] p1a: Chesnaught\n|-enditem|p1a: Chesnaught|Leftovers|[silent]|[from] move: Trick\n|-item|p2a: Espeon|Leftovers|[from] move: Trick\n|move|p1a: Chesnaught|Synthesis|p1a: Chesnaught\n|-heal|p1a: Chesnaught|214/285\n|\n|-heal|p2a: Espeon|29/100|[from] item: Leftovers\n|upkeep\n|turn|12\n|inactive|Time left: 300 sec this turn | 300 sec total\n|\n|t:|1783544205\n|move|p2a: Espeon|Psyshock|p1a: Chesnaught\n|-resisted|p1a: Chesnaught\n|-damage|p1a: Chesnaught|170/285\n|move|p1a: Chesnaught|Synthesis|p1a: Chesnaught\n|-heal|p1a: Chesnaught|285/285\n|\n|-heal|p2a: Espeon|35/100|[from] item: Leftovers\n|upkeep\n|turn|13\n|inactive|Time left: 300 sec this turn | 300 sec total\n|\n|t:|1783544205\n|move|p2a: Espeon|Alluring Voice|p1a: Chesnaught\n|-resisted|p1a: Chesnaught\n|-damage|p1a: Chesnaught|246/285\n|move|p1a: Chesnaught|Knock Off|p2a: Espeon\n|-supereffective|p2a: Espeon\n|-damage|p2a: Espeon|0 fnt\n|-enditem|p2a: Espeon|Leftovers|[from] move: Knock Off|[of] p1a: Chesnaught\n|faint|p2a: Espeon\n|\n|upkeep\n|\n|t:|1783544206\n|switch|p2a: Uxie|Uxie, L83|100/100\n|turn|14\n|inactive|Time left: 300 sec this turn | 300 sec total\n|\n|t:|1783544207\n|move|p2a: Uxie|Yawn|p1a: Chesnaught\n|-start|p1a: Chesnaught|move: Yawn|[of] p2a: Uxie\n|move|p1a: Chesnaught|Knock Off|p2a: Uxie\n|-supereffective|p2a: Uxie\n|-damage|p2a: Uxie|56/100\n|-enditem|p2a: Uxie|Leftovers|[from] move: Knock Off|[of] p1a: Chesnaught\n|\n|upkeep\n|turn|15\n|inactive|Time left: 300 sec this turn | 300 sec total\n|\n|t:|1783544208\n|switch|p1a: Rampardos|Rampardos, L90, M|321/321\n|move|p2a: Uxie|Psychic Noise|p1a: Rampardos\n|-damage|p1a: Rampardos|234/321\n|-start|p1a: Rampardos|move: Heal Block\n|\n|upkeep\n|turn|16\n|inactive|Time left: 300 sec this turn | 300 sec total\n|\n|t:|1783544209\n|move|p1a: Rampardos|Head Smash|p2a: Uxie\n|-damage|p2a: Uxie|0 fnt\n|faint|p2a: Uxie\n|-damage|p1a: Rampardos|162/321|[from] Recoil\n|\n|-end|p1a: Rampardos|move: Heal Block\n|upkeep\n|\n|t:|1783544210\n|switch|p2a: Blissey|Blissey, L85, F|100/100\n|turn|17\n|inactive|Time left: 300 sec this turn | 300 sec total\n|\n|t:|1783544211\n|move|p1a: Rampardos|Head Smash|p2a: Blissey|[miss]\n|-miss|p1a: Rampardos|p2a: Blissey\n|move|p2a: Blissey|Thunder Wave|p1a: Rampardos\n|-status|p1a: Rampardos|par\n|\n|upkeep\n|turn|18\n|inactive|Time left: 300 sec this turn | 300 sec total\n|\n|t:|1783544212\n|move|p2a: Blissey|Stealth Rock|p1a: Rampardos\n|-sidestart|p1: p0x4422374|move: Stealth Rock\n|cant|p1a: Rampardos|par\n|\n|upkeep\n|turn|19\n|inactive|Time left: 300 sec this turn | 300 sec total\n|\n|t:|1783544212\n|move|p2a: Blissey|Seismic Toss|p1a: Rampardos\n|-damage|p1a: Rampardos|77/321 par\n|cant|p1a: Rampardos|par\n|\n|upkeep\n|turn|20\n|inactive|Time left: 300 sec this turn | 300 sec total\n|\n|t:|1783544213\n|move|p2a: Blissey|Thunder Wave|p1a: Rampardos\n|-fail|p1a: Rampardos|par\n|cant|p1a: Rampardos|par\n|\n|upkeep\n|turn|21\n|inactive|Time left: 300 sec this turn | 300 sec total\n|\n|t:|1783544214\n|move|p2a: Blissey|Soft-Boiled||[still]\n|-fail|p2a: Blissey|heal\n|cant|p1a: Rampardos|par\n|\n|upkeep\n|turn|22\n|inactive|Time left: 300 sec this turn | 300 sec total\n|\n|t:|1783544215\n|move|p2a: Blissey|Thunder Wave|p1a: Rampardos\n|-fail|p1a: Rampardos|par\n|move|p1a: Rampardos|Head Smash|p2a: Blissey\n|-damage|p2a: Blissey|0 fnt\n|faint|p2a: Blissey\n|-damage|p1a: Rampardos|0 fnt|[from] Recoil\n|faint|p1a: Rampardos\n|\n|win|p0x4422374", "uploadtime": 1783544215, "views": 0, "rating": 0, "private": 0, "password": null, "_winner": "p0x4422374", "_our_name": "p0x4422374"}