{"id": "battle-gen9randombattle-564", "formatid": "gen9randombattle", "format": "[Gen 9] Random Battle", "players": ["p0x564ab1b", "p0y564545c"], "log": "|init|battle\n|title|p0x564ab1b vs. p0y564545c\n|j|\u2606p0x564ab1b\n|j|\u2606p0y564545c\n|t:|1783546312\n|gametype|singles\n|player|p1|p0x564ab1b|2|\n|player|p2|p0y564545c|1|\n|gen|9\n|tier|[Gen 9] Random Battle\n|rule|Species Clause: Limit one of each Pok\u00e9mon\n|rule|HP Percentage Mod: HP is shown in percentages\n|rule|Sleep Clause Mod: Limit one foe put to sleep\n|rule|Illusion Level Mod: Illusion disguises the Pok\u00e9mon's true level\n|\n|t:|1783546312\n|teamsize|p1|6\n|teamsize|p2|6\n|start\n|switch|p1a: Empoleon|Empoleon, L84, F|278/278\n|switch|p2a: Arboliva|Arboliva, L91, F|100/100\n|turn|1\n|inactive|Battle timer is ON: inactive players will automatically lose when time's up. (requested by p0x564ab1b)\n|inactive|p0y564545c also wants the timer to be on.\n|\n|t:|1783546313\n|move|p1a: Empoleon|Surf|p2a: Arboliva\n|-resisted|p2a: Arboliva\n|-crit|p2a: Arboliva\n|-damage|p2a: Arboliva|80/100\n|-fieldstart|move: Grassy Terrain|[from] ability: Seed Sower|[of] p2a: Arboliva\n|move|p2a: Arboliva|Energy Ball|p1a: Empoleon\n|-damage|p1a: Empoleon|124/278\n|-unboost|p1a: Empoleon|spd|1\n|-ability|p1a: Empoleon|Competitive|boost\n|-boost|p1a: Empoleon|spa|2\n|\n|-heal|p1a: Empoleon|141/278|[from] Grassy Terrain\n|-heal|p1a: Empoleon|158/278|[from] item: Leftovers\n|-heal|p2a: Arboliva|87/100|[from] Grassy Terrain\n|-heal|p2a: Arboliva|93/100|[from] item: Leftovers\n|upkeep\n|turn|2\n|inactive|Time left: 300 sec this turn | 300 sec total\n|\n|t:|1783546314\n|move|p1a: Empoleon|Ice Beam|p2a: Arboliva\n|-supereffective|p2a: Arboliva\n|-damage|p2a: Arboliva|16/100\n|move|p2a: Arboliva|Energy Ball|p1a: Empoleon\n|-damage|p1a: Empoleon|0 fnt\n|faint|p1a: Empoleon\n|\n|-heal|p2a: Arboliva|22/100|[from] Grassy Terrain\n|-heal|p2a: Arboliva|28/100|[from] item: Leftovers\n|upkeep\n|inactive|Time left: 300 sec this turn | 300 sec total | 5 sec grace\n|\n|t:|1783546315\n|switch|p1a: Meloetta|Meloetta, L82|298/298\n|turn|3\n|inactive|Time left: 300 sec this turn | 300 sec total\n|\n|t:|1783546317\n|switch|p2a: Veluza|Veluza, L85, M|100/100\n|move|p1a: Meloetta|Relic Song|p2a: Veluza\n|-damage|p2a: Veluza|52/100\n|-formechange|p1a: Meloetta|Meloetta-Pirouette|[msg]\n|-damage|p1a: Meloetta|269/298|[from] item: Life Orb\n|\n|-heal|p1a: Meloetta|287/298|[from] Grassy Terrain\n|-heal|p2a: Veluza|58/100|[from] Grassy Terrain\n|upkeep\n|turn|4\n|inactive|Time left: 300 sec this turn | 300 sec total\n|\n|t:|1783546318\n|switch|p2a: Weezing|Weezing, L88, F|100/100\n|move|p1a: Meloetta|Knock Off|p2a: Weezing\n|-damage|p2a: Weezing|71/100\n|-enditem|p2a: Weezing|Leftovers|[from] move: Knock Off|[of] p1a: Meloetta\n|-damage|p1a: Meloetta|258/298|[from] item: Life Orb\n|\n|-heal|p1a: Meloetta|276/298|[from] Grassy Terrain\n|upkeep\n|turn|5\n|inactive|Time left: 300 sec this turn | 300 sec total\n|\n|t:|1783546319\n|switch|p1a: Sinistcha|Sinistcha-Masterpiece, L83|254/254\n|move|p2a: Weezing|Will-O-Wisp|p1a: Sinistcha\n|-status|p1a: Sinistcha|brn\n|\n|-damage|p1a: Sinistcha|247/254 brn|[from] brn\n|-fieldend|move: Grassy Terrain\n|upkeep\n|turn|6\n|inactive|Time left: 300 sec this turn | 300 sec total\n|\n|t:|1783546320\n|switch|p2a: Arboliva|Arboliva, L91, F|28/100\n|move|p1a: Sinistcha|Calm Mind|p1a: Sinistcha\n|-boost|p1a: Sinistcha|spa|1\n|-boost|p1a: Sinistcha|spd|1\n|\n|-heal|p1a: Sinistcha|254/254 brn|[from] item: Leftovers\n|-heal|p2a: Arboliva|34/100|[from] item: Leftovers\n|-damage|p1a: Sinistcha|247/254 brn|[from] brn\n|upkeep\n|turn|7\n|inactive|Time left: 300 sec this turn | 300 sec total\n|\n|t:|1783546321\n|move|p1a: Sinistcha|Calm Mind|p1a: Sinistcha\n|-boost|p1a: Sinistcha|spa|1\n|-boost|p1a: Sinistcha|spd|1\n|move|p2a: Arboliva|Strength Sap|p1a: Sinistcha\n|-unboost|p1a: Sinistcha|atk|1\n|-heal|p2a: Arboliva|70/100\n|\n|-heal|p1a: Sinistcha|254/254 brn|[from] item: Leftovers\n|-heal|p2a: Arboliva|76/100|[from] item: Leftovers\n|-damage|p1a: Sinistcha|247/254 brn|[from] brn\n|upkeep\n|turn|8\n|inactive|Time left: 300 sec this turn | 300 sec total\n|\n|t:|1783546322\n|move|p1a: Sinistcha|Matcha Gotcha|p2a: Arboliva\n|-resisted|p2a: Arboliva\n|-damage|p2a: Arboliva|49/100\n|-heal|p1a: Sinistcha|254/254 brn|[from] drain|[of] p2a: Arboliva\n|-fieldstart|move: Grassy Terrain|[from] ability: Seed Sower|[of] p2a: Arboliva\n|move|p2a: Arboliva|Strength Sap|p1a: Sinistcha\n|-unboost|p1a: Sinistcha|atk|1\n|-heal|p2a: Arboliva|73/100\n|\n|-heal|p2a: Arboliva|79/100|[from] Grassy Terrain\n|-heal|p2a: Arboliva|85/100|[from] item: Leftovers\n|-damage|p1a: Sinistcha|247/254 brn|[from] brn\n|upkeep\n|turn|9\n|inactive|Time left: 300 sec this turn | 300 sec total\n|\n|t:|1783546323\n|move|p1a: Sinistcha|Matcha Gotcha|p2a: Arboliva\n|-resisted|p2a: Arboliva\n|-damage|p2a: Arboliva|51/100\n|-heal|p1a: Sinistcha|254/254 brn|[from] drain|[of] p2a: Arboliva\n|move|p2a: Arboliva|Strength Sap|p1a: Sinistcha\n|-unboost|p1a: Sinistcha|atk|1\n|-heal|p2a: Arboliva|69/100\n|\n|-heal|p2a: Arboliva|75/100|[from] Grassy Terrain\n|-heal|p2a: Arboliva|81/100|[from] item: Leftovers\n|-damage|p1a: Sinistcha|247/254 brn|[from] brn\n|upkeep\n|turn|10\n|inactive|Time left: 300 sec this turn | 300 sec total\n|\n|t:|1783546325\n|move|p1a: Sinistcha|Matcha Gotcha|p2a: Arboliva\n|-resisted|p2a: Arboliva\n|-damage|p2a: Arboliva|47/100\n|-heal|p1a: Sinistcha|254/254 brn|[from] drain|[of] p2a: Arboliva\n|move|p2a: Arboliva|Strength Sap|p1a: Sinistcha\n|-unboost|p1a: Sinistcha|atk|1\n|-heal|p2a: Arboliva|61/100\n|\n|-heal|p2a: Arboliva|67/100|[from] Grassy Terrain\n|-heal|p2a: Arboliva|74/100|[from] item: Leftovers\n|-damage|p1a: Sinistcha|247/254 brn|[from] brn\n|upkeep\n|turn|11\n|inactive|Time left: 300 sec this turn | 300 sec total\n|\n|t:|1783546326\n|move|p1a: Sinistcha|Matcha Gotcha|p2a: Arboliva\n|-resisted|p2a: Arboliva\n|-damage|p2a: Arboliva|36/100\n|-heal|p1a: Sinistcha|254/254 brn|[from] drain|[of] p2a: Arboliva\n|move|p2a: Arboliva|Strength Sap|p1a: Sinistcha\n|-unboost|p1a: Sinistcha|atk|1\n|-heal|p2a: Arboliva|48/100\n|\n|-heal|p2a: Arboliva|54/100|[from] Grassy Terrain\n|-heal|p2a: Arboliva|60/100|[from] item: Leftovers\n|-damage|p1a: Sinistcha|247/254 brn|[from] brn\n|upkeep\n|turn|12\n|inactive|Time left: 300 sec this turn | 300 sec total\n|\n|t:|1783546327\n|move|p1a: Sinistcha|Matcha Gotcha|p2a: Arboliva\n|-resisted|p2a: Arboliva\n|-damage|p2a: Arboliva|28/100\n|-heal|p1a: Sinistcha|254/254 brn|[from] drain|[of] p2a: Arboliva\n|move|p2a: Arboliva|Strength Sap|p1a: Sinistcha\n|-unboost|p1a: Sinistcha|atk|1\n|-heal|p2a: Arboliva|38/100\n|\n|-heal|p2a: Arboliva|45/100|[from] Grassy Terrain\n|-heal|p2a: Arboliva|51/100|[from] item: Leftovers\n|-damage|p1a: Sinistcha|247/254 brn|[from] brn\n|-fieldend|move: Grassy Terrain\n|upkeep\n|turn|13\n|inactive|Time left: 300 sec this turn | 300 sec total\n|\n|t:|1783546328\n|move|p1a: Sinistcha|Shadow Ball|p2a: Arboliva\n|-immune|p2a: Arboliva\n|move|p2a: Arboliva|Hyper Voice|p1a: Sinistcha\n|-immune|p1a: Sinistcha\n|\n|-heal|p1a: Sinistcha|254/254 brn|[from] item: Leftovers\n|-heal|p2a: Arboliva|57/100|[from] item: Leftovers\n|-damage|p1a: Sinistcha|247/254 brn|[from] brn\n|upkeep\n|turn|14\n|inactive|Time left: 300 sec this turn | 300 sec total\n|\n|t:|1783546329\n|move|p1a: Sinistcha|Matcha Gotcha|p2a: Arboliva\n|-resisted|p2a: Arboliva\n|-damage|p2a: Arboliva|32/100\n|-heal|p1a: Sinistcha|254/254 brn|[from] drain|[of] p2a: Arboliva\n|-fieldstart|move: Grassy Terrain|[from] ability: Seed Sower|[of] p2a: Arboliva\n|move|p2a: Arboliva|Strength Sap||[still]\n|-fail|p2a: Arboliva\n|\n|-heal|p2a: Arboliva|38/100|[from] Grassy Terrain\n|-heal|p2a: Arboliva|45/100|[from] item: Leftovers\n|-damage|p1a: Sinistcha|247/254 brn|[from] brn\n|upkeep\n|turn|15\n|inactive|Time left: 300 sec this turn | 300 sec total\n|\n|t:|1783546330\n|move|p1a: Sinistcha|Matcha Gotcha|p2a: Arboliva\n|-resisted|p2a: Arboliva\n|-damage|p2a: Arboliva|12/100\n|-heal|p1a: Sinistcha|254/254 brn|[from] drain|[of] p2a: Arboliva\n|move|p2a: Arboliva|Strength Sap||[still]\n|-fail|p2a: Arboliva\n|\n|-heal|p2a: Arboliva|18/100|[from] Grassy Terrain\n|-heal|p2a: Arboliva|24/100|[from] item: Leftovers\n|-damage|p1a: Sinistcha|247/254 brn|[from] brn\n|upkeep\n|turn|16\n|inactive|Time left: 300 sec this turn | 300 sec total\n|\n|t:|1783546331\n|move|p1a: Sinistcha|Matcha Gotcha|p2a: Arboliva\n|-resisted|p2a: Arboliva\n|-damage|p2a: Arboliva|0 fnt\n|-heal|p1a: Sinistcha|254/254 brn|[from] drain|[of] p2a: Arboliva\n|faint|p2a: Arboliva\n|\n|-damage|p1a: Sinistcha|247/254 brn|[from] brn\n|upkeep\n|\n|t:|1783546332\n|switch|p2a: Smeargle|Smeargle, L95, F|100/100\n|turn|17\n|inactive|Time left: 300 sec this turn | 300 sec total\n|\n|t:|1783546334\n|move|p2a: Smeargle|Sticky Web|p1a: Sinistcha\n|-sidestart|p1: p0x564ab1b|move: Sticky Web\n|move|p1a: Sinistcha|Matcha Gotcha|p2a: Smeargle\n|-enditem|p2a: Smeargle|Focus Sash\n|-damage|p2a: Smeargle|1/100\n|-heal|p1a: Sinistcha|254/254 brn|[from] drain|[of] p2a: Smeargle\n|\n|-heal|p2a: Smeargle|7/100|[from] Grassy Terrain\n|-damage|p1a: Sinistcha|247/254 brn|[from] brn\n|upkeep\n|turn|18\n|inactive|Time left: 300 sec this turn | 300 sec total\n|\n|t:|1783546335\n|move|p2a: Smeargle|Stealth Rock|p1a: Sinistcha\n|-sidestart|p1: p0x564ab1b|move: Stealth Rock\n|move|p1a: Sinistcha|Matcha Gotcha|p2a: Smeargle\n|-damage|p2a: Smeargle|0 fnt\n|-heal|p1a: Sinistcha|254/254 brn|[from] drain|[of] p2a: Smeargle\n|faint|p2a: Smeargle\n|\n|-damage|p1a: Sinistcha|247/254 brn|[from] brn\n|-fieldend|move: Grassy Terrain\n|upkeep\n|\n|t:|1783546336\n|switch|p2a: Lugia|Lugia, L73|100/100\n|turn|19\n|inactive|Time left: 300 sec this turn | 300 sec total\n|\n|t:|1783546337\n|move|p2a: Lugia|Calm Mind|p2a: Lugia\n|-boost|p2a: Lugia|spa|1\n|-boost|p2a: Lugia|spd|1\n|move|p1a: Sinistcha|Shadow Ball|p2a: Lugia\n|-supereffective|p2a: Lugia\n|-damage|p2a: Lugia|63/100\n|-unboost|p2a: Lugia|spd|1\n|\n|-heal|p1a: Sinistcha|254/254 brn|[from] item: Leftovers\n|-damage|p1a: Sinistcha|247/254 brn|[from] brn\n|upkeep\n|turn|20\n|inactive|Time left: 300 sec this turn | 300 sec total\n|\n|t:|1783546338\n|move|p2a: Lugia|Recover|p2a: Lugia\n|-heal|p2a: Lugia|100/100\n|move|p1a: Sinistcha|Shadow Ball|p2a: Lugia\n|-supereffective|p2a: Lugia\n|-damage|p2a: Lugia|46/100\n|\n|-heal|p1a: Sinistcha|254/254 brn|[from] item: Leftovers\n|-damage|p1a: Sinistcha|247/254 brn|[from] brn\n|upkeep\n|turn|21\n|inactive|Time left: 300 sec this turn | 300 sec total\n|\n|t:|1783546339\n|move|p2a: Lugia|Aeroblast|p1a: Sinistcha\n|-supereffective|p1a: Sinistcha\n|-damage|p1a: Sinistcha|125/254 brn\n|move|p1a: Sinistcha|Shadow Ball|p2a: Lugia\n|-supereffective|p2a: Lugia\n|-damage|p2a: Lugia|0 fnt\n|faint|p2a: Lugia\n|\n|-heal|p1a: Sinistcha|140/254 brn|[from] item: Leftovers\n|-damage|p1a: Sinistcha|133/254 brn|[from] brn\n|upkeep\n|\n|t:|1783546340\n|switch|p2a: Veluza|Veluza, L85, M|58/100\n|turn|22\n|inactive|Time left: 300 sec this turn | 300 sec total\n|\n|t:|1783546341\n|move|p2a: Veluza|Psycho Cut|p1a: Sinistcha\n|-damage|p1a: Sinistcha|0 fnt\n|faint|p1a: Sinistcha\n|\n|upkeep\n|inactive|Time left: 300 sec this turn | 300 sec total | 5 sec grace\n|\n|t:|1783546342\n|switch|p1a: Kingambit|Kingambit, L74, M|270/270\n|-activate|p1a: Kingambit|move: Sticky Web\n|-unboost|p1a: Kingambit|spe|1\n|-damage|p1a: Kingambit|254/270|[from] Stealth Rock\n|-activate|p1a: Kingambit|ability: Supreme Overlord\n|-start|p1a: Kingambit|fallen2|[silent]\n|turn|23\n|inactive|Time left: 300 sec this turn | 300 sec total\n|\n|t:|1783546343\n|switch|p2a: Weezing|Weezing, L88, F|71/100\n|move|p1a: Kingambit|Swords Dance|p1a: Kingambit\n|-boost|p1a: Kingambit|atk|2\n|\n|-heal|p1a: Kingambit|270/270|[from] item: Leftovers\n|upkeep\n|turn|24\n|inactive|Time left: 300 sec this turn | 300 sec total\n|\n|t:|1783546344\n|move|p2a: Weezing|Will-O-Wisp|p1a: Kingambit\n|-status|p1a: Kingambit|brn\n|move|p1a: Kingambit|Swords Dance|p1a: Kingambit\n|-boost|p1a: Kingambit|atk|2\n|\n|-damage|p1a: Kingambit|254/270 brn|[from] brn\n|upkeep\n|turn|25\n|inactive|Time left: 300 sec this turn | 300 sec total\n|\n|t:|1783546345\n|move|p2a: Weezing|Fire Blast|p1a: Kingambit\n|-supereffective|p1a: Kingambit\n|-damage|p1a: Kingambit|70/270 brn\n|move|p1a: Kingambit|Kowtow Cleave|p2a: Weezing\n|-damage|p2a: Weezing|23/100\n|\n|-heal|p1a: Kingambit|86/270 brn|[from] item: Leftovers\n|-damage|p1a: Kingambit|70/270 brn|[from] brn\n|upkeep\n|turn|26\n|inactive|Time left: 300 sec this turn | 300 sec total\n|\n|t:|1783546346\n|move|p1a: Kingambit|Sucker Punch|p2a: Weezing\n|-damage|p2a: Weezing|0 fnt\n|faint|p2a: Weezing\n|\n|-heal|p1a: Kingambit|86/270 brn|[from] item: Leftovers\n|-damage|p1a: Kingambit|70/270 brn|[from] brn\n|upkeep\n|\n|t:|1783546347\n|switch|p2a: Glaceon|Glaceon, L94, M|100/100\n|turn|27\n|inactive|Time left: 300 sec this turn | 300 sec total\n|\n|t:|1783546348\n|move|p2a: Glaceon|Freeze-Dry|p1a: Kingambit\n|-resisted|p1a: Kingambit\n|-damage|p1a: Kingambit|6/270 brn\n|move|p1a: Kingambit|Iron Head|p2a: Glaceon\n|-supereffective|p2a: Glaceon\n|-damage|p2a: Glaceon|19/100\n|\n|-heal|p1a: Kingambit|22/270 brn|[from] item: Leftovers\n|-damage|p1a: Kingambit|6/270 brn|[from] brn\n|upkeep\n|turn|28\n|inactive|Time left: 300 sec this turn | 300 sec total\n|\n|t:|1783546349\n|move|p2a: Glaceon|Protect|p2a: Glaceon\n|-singleturn|p2a: Glaceon|Protect\n|move|p1a: Kingambit|Kowtow Cleave|p2a: Glaceon\n|-activate|p2a: Glaceon|move: Protect\n|\n|-heal|p1a: Kingambit|22/270 brn|[from] item: Leftovers\n|-damage|p1a: Kingambit|6/270 brn|[from] brn\n|upkeep\n|turn|29\n|inactive|Time left: 300 sec this turn | 300 sec total\n|\n|t:|1783546350\n|move|p2a: Glaceon|Freeze-Dry|p1a: Kingambit\n|-resisted|p1a: Kingambit\n|-damage|p1a: Kingambit|0 fnt\n|faint|p1a: Kingambit\n|-end|p1a: Kingambit|fallen2|[silent]\n|\n|upkeep\n|inactive|Time left: 300 sec this turn | 300 sec total | 5 sec grace\n|\n|t:|1783546351\n|switch|p1a: Tornadus|Tornadus-Therian, L79, M|254/254\n|turn|30\n|inactive|Time left: 300 sec this turn | 300 sec total\n|\n|t:|1783546352\n|move|p2a: Glaceon|Protect|p2a: Glaceon\n|-singleturn|p2a: Glaceon|Protect\n|move|p1a: Tornadus|Bleakwind Storm|p2a: Glaceon\n|-activate|p2a: Glaceon|move: Protect\n|\n|upkeep\n|turn|31\n|inactive|Time left: 300 sec this turn | 300 sec total\n|\n|t:|1783546353\n|move|p1a: Tornadus|Bleakwind Storm|p2a: Glaceon\n|-damage|p2a: Glaceon|0 fnt\n|faint|p2a: Glaceon\n|\n|upkeep\n|\n|t:|1783546354\n|switch|p2a: Veluza|Veluza, L85, M|58/100\n|turn|32\n|inactive|Time left: 300 sec this turn | 300 sec total\n|\n|t:|1783546355\n|-terastallize|p1a: Tornadus|Flying\n|move|p1a: Tornadus|Bleakwind Storm|p2a: Veluza\n|-damage|p2a: Veluza|0 fnt\n|faint|p2a: Veluza\n|\n|win|p0x564ab1b", "uploadtime": 1783546355, "views": 0, "rating": 0, "private": 0, "password": null, "_winner": "p0x564ab1b", "_our_name": "p0x564ab1b"}