{"id": "battle-gen9randombattle-1114", "formatid": "gen9randombattle", "format": "[Gen 9] Random Battle", "players": ["p0x11146e5b", "p0y1114f5b5"], "log": "|init|battle\n|title|p0x11146e5b vs. p0y1114f5b5\n|j|\u2606p0x11146e5b\n|j|\u2606p0y1114f5b5\n|t:|1783552076\n|gametype|singles\n|player|p1|p0x11146e5b|2|\n|player|p2|p0y1114f5b5|169|\n|gen|9\n|tier|[Gen 9] Random Battle\n|rule|Species Clause: Limit one of each Pok\u00e9mon\n|rule|HP Percentage Mod: HP is shown in percentages\n|rule|Sleep Clause Mod: Limit one foe put to sleep\n|rule|Illusion Level Mod: Illusion disguises the Pok\u00e9mon's true level\n|\n|t:|1783552076\n|teamsize|p1|6\n|teamsize|p2|6\n|start\n|switch|p1a: Coalossal|Coalossal, L89, F|100/100\n|switch|p2a: Zebstrika|Zebstrika, L87, F|272/272\n|turn|1\n|inactive|Battle timer is ON: inactive players will automatically lose when time's up. (requested by p0x11146e5b)\n|inactive|Time left: 300 sec this turn | 300 sec total | 60 sec grace\n|inactive|p0y1114f5b5 also wants the timer to be on.\n|\n|t:|1783552078\n|move|p2a: Zebstrika|High Horsepower|p1a: Coalossal\n|-supereffective|p1a: Coalossal\n|-damage|p1a: Coalossal|15/100\n|-damage|p2a: Zebstrika|245/272|[from] item: Life Orb\n|move|p1a: Coalossal|Stealth Rock|p2a: Zebstrika\n|-sidestart|p2: p0y1114f5b5|move: Stealth Rock\n|\n|upkeep\n|turn|2\n|inactive|Time left: 300 sec this turn | 300 sec total\n|\n|t:|1783552080\n|switch|p1a: Gogoat|Gogoat, L88, M|100/100\n|move|p2a: Zebstrika|Volt Switch|p1a: Gogoat\n|-resisted|p1a: Gogoat\n|-damage|p1a: Gogoat|89/100\n|-damage|p2a: Zebstrika|218/272|[from] item: Life Orb\n|inactive|Time left: 300 sec this turn | 300 sec total | 5 sec grace\n|\n|t:|1783552081\n|switch|p2a: Zarude|Zarude-Dada, L77|288/288|[from] Volt Switch\n|-damage|p2a: Zarude|252/288|[from] Stealth Rock\n|\n|-heal|p2a: Zarude|270/288|[from] item: Leftovers\n|-heal|p1a: Gogoat|95/100|[from] item: Leftovers\n|upkeep\n|turn|3\n|inactive|Time left: 300 sec this turn | 300 sec total\n|\n|t:|1783552082\n|move|p2a: Zarude|Knock Off|p1a: Gogoat\n|-damage|p1a: Gogoat|58/100\n|-enditem|p1a: Gogoat|Leftovers|[from] move: Knock Off|[of] p2a: Zarude\n|move|p1a: Gogoat|Bulk Up|p1a: Gogoat\n|-boost|p1a: Gogoat|atk|1\n|-boost|p1a: Gogoat|def|1\n|\n|-heal|p2a: Zarude|288/288|[from] item: Leftovers\n|upkeep\n|turn|4\n|inactive|Time left: 300 sec this turn | 300 sec total\n|\n|t:|1783552083\n|move|p2a: Zarude|Swords Dance|p2a: Zarude\n|-boost|p2a: Zarude|atk|2\n|move|p1a: Gogoat|Bulk Up|p1a: Gogoat\n|-boost|p1a: Gogoat|atk|1\n|-boost|p1a: Gogoat|def|1\n|\n|upkeep\n|turn|5\n|inactive|Time left: 300 sec this turn | 300 sec total\n|\n|t:|1783552084\n|move|p2a: Zarude|Knock Off|p1a: Gogoat\n|-damage|p1a: Gogoat|34/100\n|move|p1a: Gogoat|Milk Drink|p1a: Gogoat\n|-heal|p1a: Gogoat|84/100\n|\n|upkeep\n|turn|6\n|inactive|Time left: 300 sec this turn | 300 sec total\n|\n|t:|1783552085\n|move|p2a: Zarude|Swords Dance|p2a: Zarude\n|-boost|p2a: Zarude|atk|2\n|move|p1a: Gogoat|Bulk Up|p1a: Gogoat\n|-boost|p1a: Gogoat|atk|1\n|-boost|p1a: Gogoat|def|1\n|\n|upkeep\n|turn|7\n|inactive|Time left: 300 sec this turn | 300 sec total\n|\n|t:|1783552086\n|move|p2a: Zarude|Knock Off|p1a: Gogoat\n|-damage|p1a: Gogoat|57/100\n|move|p1a: Gogoat|Horn Leech|p2a: Zarude\n|-resisted|p2a: Zarude\n|-damage|p2a: Zarude|176/288\n|-heal|p1a: Gogoat|72/100|[from] drain|[of] p2a: Zarude\n|\n|-heal|p2a: Zarude|194/288|[from] item: Leftovers\n|upkeep\n|turn|8\n|inactive|Time left: 300 sec this turn | 300 sec total\n|\n|t:|1783552087\n|move|p2a: Zarude|Synthesis|p2a: Zarude\n|-heal|p2a: Zarude|288/288\n|move|p1a: Gogoat|Horn Leech|p2a: Zarude\n|-resisted|p2a: Zarude\n|-damage|p2a: Zarude|191/288\n|-heal|p1a: Gogoat|86/100|[from] drain|[of] p2a: Zarude\n|\n|-heal|p2a: Zarude|209/288|[from] item: Leftovers\n|upkeep\n|turn|9\n|inactive|Time left: 300 sec this turn | 300 sec total\n|\n|t:|1783552088\n|move|p2a: Zarude|Synthesis|p2a: Zarude\n|-heal|p2a: Zarude|288/288\n|move|p1a: Gogoat|Horn Leech|p2a: Zarude\n|-resisted|p2a: Zarude\n|-crit|p2a: Zarude\n|-damage|p2a: Zarude|115/288\n|-heal|p1a: Gogoat|100/100|[from] drain|[of] p2a: Zarude\n|\n|-heal|p2a: Zarude|133/288|[from] item: Leftovers\n|upkeep\n|turn|10\n|inactive|Time left: 300 sec this turn | 300 sec total\n|\n|t:|1783552089\n|move|p2a: Zarude|Synthesis|p2a: Zarude\n|-heal|p2a: Zarude|277/288\n|move|p1a: Gogoat|Horn Leech|p2a: Zarude\n|-resisted|p2a: Zarude\n|-damage|p2a: Zarude|163/288\n|\n|-heal|p2a: Zarude|181/288|[from] item: Leftovers\n|upkeep\n|turn|11\n|inactive|Time left: 300 sec this turn | 300 sec total\n|\n|t:|1783552090\n|move|p2a: Zarude|Synthesis|p2a: Zarude\n|-heal|p2a: Zarude|288/288\n|move|p1a: Gogoat|Horn Leech|p2a: Zarude\n|-resisted|p2a: Zarude\n|-damage|p2a: Zarude|186/288\n|\n|-heal|p2a: Zarude|204/288|[from] item: Leftovers\n|upkeep\n|turn|12\n|inactive|Time left: 300 sec this turn | 300 sec total\n|\n|t:|1783552091\n|move|p2a: Zarude|Synthesis|p2a: Zarude\n|-heal|p2a: Zarude|288/288\n|move|p1a: Gogoat|Horn Leech|p2a: Zarude\n|-resisted|p2a: Zarude\n|-damage|p2a: Zarude|189/288\n|\n|-heal|p2a: Zarude|207/288|[from] item: Leftovers\n|upkeep\n|turn|13\n|inactive|Time left: 300 sec this turn | 300 sec total\n|\n|t:|1783552092\n|move|p2a: Zarude|Synthesis|p2a: Zarude\n|-heal|p2a: Zarude|288/288\n|move|p1a: Gogoat|Horn Leech|p2a: Zarude\n|-resisted|p2a: Zarude\n|-damage|p2a: Zarude|183/288\n|\n|-heal|p2a: Zarude|201/288|[from] item: Leftovers\n|upkeep\n|turn|14\n|inactive|Time left: 300 sec this turn | 300 sec total\n|\n|t:|1783552093\n|move|p2a: Zarude|Synthesis|p2a: Zarude\n|-heal|p2a: Zarude|288/288\n|move|p1a: Gogoat|Horn Leech|p2a: Zarude\n|-resisted|p2a: Zarude\n|-damage|p2a: Zarude|180/288\n|\n|-heal|p2a: Zarude|198/288|[from] item: Leftovers\n|upkeep\n|turn|15\n|inactive|Time left: 300 sec this turn | 300 sec total\n|\n|t:|1783552094\n|move|p2a: Zarude|Knock Off|p1a: Gogoat\n|-damage|p1a: Gogoat|73/100\n|move|p1a: Gogoat|Horn Leech|p2a: Zarude\n|-resisted|p2a: Zarude\n|-damage|p2a: Zarude|84/288\n|-heal|p1a: Gogoat|89/100|[from] drain|[of] p2a: Zarude\n|\n|-heal|p2a: Zarude|102/288|[from] item: Leftovers\n|upkeep\n|turn|16\n|inactive|Time left: 300 sec this turn | 300 sec total\n|\n|t:|1783552095\n|move|p2a: Zarude|Synthesis|p2a: Zarude\n|-heal|p2a: Zarude|246/288\n|move|p1a: Gogoat|Horn Leech|p2a: Zarude\n|-resisted|p2a: Zarude\n|-damage|p2a: Zarude|141/288\n|-heal|p1a: Gogoat|100/100|[from] drain|[of] p2a: Zarude\n|\n|-heal|p2a: Zarude|159/288|[from] item: Leftovers\n|upkeep\n|turn|17\n|inactive|Time left: 300 sec this turn | 300 sec total\n|\n|t:|1783552096\n|move|p2a: Zarude|Knock Off|p1a: Gogoat\n|-damage|p1a: Gogoat|74/100\n|move|p1a: Gogoat|Earthquake|p2a: Zarude\n|-resisted|p2a: Zarude\n|-crit|p2a: Zarude\n|-damage|p2a: Zarude|14/288\n|\n|-heal|p2a: Zarude|32/288|[from] item: Leftovers\n|upkeep\n|turn|18\n|inactive|Time left: 300 sec this turn | 300 sec total\n|\n|t:|1783552097\n|move|p2a: Zarude|Knock Off|p1a: Gogoat\n|-crit|p1a: Gogoat\n|-damage|p1a: Gogoat|0 fnt\n|faint|p1a: Gogoat\n|\n|-heal|p2a: Zarude|50/288|[from] item: Leftovers\n|upkeep\n|\n|t:|1783552098\n|switch|p1a: Skuntank|Skuntank, L84, F|100/100\n|turn|19\n|inactive|Time left: 300 sec this turn | 300 sec total\n|\n|t:|1783552099\n|move|p2a: Zarude|Knock Off|p1a: Skuntank\n|-resisted|p1a: Skuntank\n|-damage|p1a: Skuntank|45/100\n|-enditem|p1a: Skuntank|Life Orb|[from] move: Knock Off|[of] p2a: Zarude\n|move|p1a: Skuntank|Gunk Shot|p2a: Zarude\n|-supereffective|p2a: Zarude\n|-damage|p2a: Zarude|0 fnt\n|faint|p2a: Zarude\n|\n|upkeep\n|inactive|Time left: 300 sec this turn | 300 sec total | 5 sec grace\n|\n|t:|1783552100\n|switch|p2a: Zebstrika|Zebstrika, L87, F|218/272\n|-damage|p2a: Zebstrika|184/272|[from] Stealth Rock\n|turn|20\n|inactive|Time left: 300 sec this turn | 300 sec total\n|\n|t:|1783552101\n|move|p2a: Zebstrika|High Horsepower|p1a: Skuntank\n|-supereffective|p1a: Skuntank\n|-damage|p1a: Skuntank|0 fnt\n|-damage|p2a: Zebstrika|116/272|[from] ability: Aftermath|[of] p1a: Skuntank\n|faint|p1a: Skuntank\n|-damage|p2a: Zebstrika|89/272|[from] item: Life Orb\n|\n|upkeep\n|\n|t:|1783552102\n|switch|p1a: Reuniclus|Reuniclus, L88, M|100/100\n|turn|21\n|inactive|Time left: 300 sec this turn | 300 sec total\n|\n|t:|1783552103\n|move|p2a: Zebstrika|Supercell Slam|p1a: Reuniclus\n|-damage|p1a: Reuniclus|55/100\n|-damage|p2a: Zebstrika|62/272|[from] item: Life Orb\n|move|p1a: Reuniclus|Calm Mind|p1a: Reuniclus\n|-boost|p1a: Reuniclus|spa|1\n|-boost|p1a: Reuniclus|spd|1\n|\n|upkeep\n|turn|22\n|inactive|Time left: 300 sec this turn | 300 sec total\n|\n|t:|1783552104\n|move|p2a: Zebstrika|Supercell Slam|p1a: Reuniclus\n|-damage|p1a: Reuniclus|9/100\n|-damage|p2a: Zebstrika|35/272|[from] item: Life Orb\n|move|p1a: Reuniclus|Recover|p1a: Reuniclus\n|-heal|p1a: Reuniclus|59/100\n|\n|upkeep\n|turn|23\n|inactive|Time left: 300 sec this turn | 300 sec total\n|\n|t:|1783552105\n|move|p2a: Zebstrika|Supercell Slam|p1a: Reuniclus\n|-damage|p1a: Reuniclus|11/100\n|-damage|p2a: Zebstrika|8/272|[from] item: Life Orb\n|move|p1a: Reuniclus|Recover|p1a: Reuniclus\n|-heal|p1a: Reuniclus|61/100\n|\n|upkeep\n|turn|24\n|inactive|Time left: 300 sec this turn | 300 sec total\n|\n|t:|1783552107\n|move|p2a: Zebstrika|Supercell Slam|p1a: Reuniclus\n|-damage|p1a: Reuniclus|9/100\n|-damage|p2a: Zebstrika|0 fnt|[from] item: Life Orb\n|faint|p2a: Zebstrika\n|move|p1a: Reuniclus|Recover|p1a: Reuniclus\n|-heal|p1a: Reuniclus|60/100\n|\n|upkeep\n|inactive|Time left: 300 sec this turn | 300 sec total | 5 sec grace\n|\n|t:|1783552108\n|switch|p2a: Decidueye|Decidueye-Hisui, L87, F|295/295\n|-damage|p2a: Decidueye|277/295|[from] Stealth Rock\n|turn|25\n|inactive|Time left: 300 sec this turn | 300 sec total\n|\n|t:|1783552109\n|move|p2a: Decidueye|Triple Arrows|p1a: Reuniclus\n|-resisted|p1a: Reuniclus\n|-damage|p1a: Reuniclus|42/100\n|move|p1a: Reuniclus|Psychic|p2a: Decidueye\n|-supereffective|p2a: Decidueye\n|-damage|p2a: Decidueye|0 fnt\n|faint|p2a: Decidueye\n|\n|upkeep\n|inactive|Time left: 300 sec this turn | 300 sec total | 5 sec grace\n|\n|t:|1783552110\n|switch|p2a: Azelf|Azelf, L82|257/257\n|-damage|p2a: Azelf|225/257|[from] Stealth Rock\n|turn|26\n|inactive|Time left: 300 sec this turn | 300 sec total\n|\n|t:|1783552111\n|move|p2a: Azelf|Nasty Plot|p2a: Azelf\n|-boost|p2a: Azelf|spa|2\n|move|p1a: Reuniclus|Recover|p1a: Reuniclus\n|-heal|p1a: Reuniclus|92/100\n|\n|upkeep\n|turn|27\n|inactive|Time left: 300 sec this turn | 300 sec total\n|\n|t:|1783552112\n|move|p2a: Azelf|Fire Blast|p1a: Reuniclus\n|-damage|p1a: Reuniclus|49/100\n|-status|p1a: Reuniclus|brn\n|-damage|p2a: Azelf|200/257|[from] item: Life Orb\n|move|p1a: Reuniclus|Psychic|p2a: Azelf\n|-resisted|p2a: Azelf\n|-damage|p2a: Azelf|36/257\n|-unboost|p2a: Azelf|spd|1\n|\n|upkeep\n|turn|28\n|inactive|Time left: 300 sec this turn | 300 sec total\n|\n|t:|1783552113\n|-terastallize|p2a: Azelf|Fire\n|move|p2a: Azelf|Fire Blast|p1a: Reuniclus\n|-damage|p1a: Reuniclus|0 fnt\n|faint|p1a: Reuniclus\n|-damage|p2a: Azelf|11/257|[from] item: Life Orb\n|\n|upkeep\n|\n|t:|1783552114\n|switch|p1a: Coalossal|Coalossal, L89, F|15/100\n|turn|29\n|inactive|Time left: 300 sec this turn | 300 sec total\n|\n|t:|1783552115\n|move|p2a: Azelf|Psyshock|p1a: Coalossal\n|-damage|p1a: Coalossal|0 fnt\n|faint|p1a: Coalossal\n|-damage|p2a: Azelf|0 fnt|[from] item: Life Orb\n|faint|p2a: Azelf\n|\n|upkeep\n|inactive|Time left: 300 sec this turn | 300 sec total | 5 sec grace\n|\n|t:|1783552116\n|switch|p2a: Salazzle|Salazzle, L83, F|249/249\n|switch|p1a: Beartic|Beartic, L91, F|100/100\n|-damage|p2a: Salazzle|187/249|[from] Stealth Rock\n|turn|30\n|inactive|Time left: 300 sec this turn | 300 sec total\n|\n|t:|1783552117\n|-terastallize|p1a: Beartic|Ground\n|move|p2a: Salazzle|Protect|p2a: Salazzle\n|-singleturn|p2a: Salazzle|Protect\n|move|p1a: Beartic|Earthquake|p2a: Salazzle\n|-activate|p2a: Salazzle|move: Protect\n|\n|-heal|p2a: Salazzle|202/249|[from] item: Leftovers\n|upkeep\n|turn|31\n|inactive|Time left: 300 sec this turn | 300 sec total\n|\n|t:|1783552118\n|move|p2a: Salazzle|Substitute|p2a: Salazzle\n|-start|p2a: Salazzle|Substitute\n|-damage|p2a: Salazzle|140/249\n|move|p1a: Beartic|Earthquake|p2a: Salazzle\n|-supereffective|p2a: Salazzle\n|-end|p2a: Salazzle|Substitute\n|\n|-heal|p2a: Salazzle|155/249|[from] item: Leftovers\n|upkeep\n|turn|32\n|inactive|Time left: 300 sec this turn | 300 sec total\n|\n|t:|1783552119\n|move|p2a: Salazzle|Substitute|p2a: Salazzle\n|-start|p2a: Salazzle|Substitute\n|-damage|p2a: Salazzle|93/249\n|move|p1a: Beartic|Earthquake|p2a: Salazzle\n|-supereffective|p2a: Salazzle\n|-end|p2a: Salazzle|Substitute\n|\n|-heal|p2a: Salazzle|108/249|[from] item: Leftovers\n|upkeep\n|turn|33\n|inactive|Time left: 300 sec this turn | 300 sec total\n|\n|t:|1783552120\n|move|p2a: Salazzle|Protect|p2a: Salazzle\n|-singleturn|p2a: Salazzle|Protect\n|move|p1a: Beartic|Earthquake|p2a: Salazzle\n|-activate|p2a: Salazzle|move: Protect\n|\n|-heal|p2a: Salazzle|123/249|[from] item: Leftovers\n|upkeep\n|turn|34\n|inactive|Time left: 300 sec this turn | 300 sec total\n|\n|t:|1783552121\n|move|p2a: Salazzle|Substitute|p2a: Salazzle\n|-start|p2a: Salazzle|Substitute\n|-damage|p2a: Salazzle|61/249\n|move|p1a: Beartic|Earthquake|p2a: Salazzle\n|-supereffective|p2a: Salazzle\n|-end|p2a: Salazzle|Substitute\n|\n|-heal|p2a: Salazzle|76/249|[from] item: Leftovers\n|upkeep\n|turn|35\n|inactive|Time left: 300 sec this turn | 300 sec total\n|\n|t:|1783552122\n|move|p2a: Salazzle|Protect|p2a: Salazzle\n|-singleturn|p2a: Salazzle|Protect\n|move|p1a: Beartic|Earthquake|p2a: Salazzle\n|-activate|p2a: Salazzle|move: Protect\n|\n|-heal|p2a: Salazzle|91/249|[from] item: Leftovers\n|upkeep\n|turn|36\n|inactive|Time left: 300 sec this turn | 300 sec total\n|\n|t:|1783552123\n|move|p2a: Salazzle|Protect||[still]\n|-fail|p2a: Salazzle\n|move|p1a: Beartic|Earthquake|p2a: Salazzle\n|-supereffective|p2a: Salazzle\n|-damage|p2a: Salazzle|0 fnt\n|faint|p2a: Salazzle\n|\n|upkeep\n|inactive|Time left: 300 sec this turn | 300 sec total | 5 sec grace\n|\n|t:|1783552124\n|switch|p2a: Blissey|Blissey, L85, F|572/572\n|-damage|p2a: Blissey|501/572|[from] Stealth Rock\n|turn|37\n|inactive|Time left: 300 sec this turn | 300 sec total\n|\n|t:|1783552125\n|move|p1a: Beartic|Close Combat|p2a: Blissey\n|-supereffective|p2a: Blissey\n|-damage|p2a: Blissey|0 fnt\n|-unboost|p1a: Beartic|def|1\n|-unboost|p1a: Beartic|spd|1\n|faint|p2a: Blissey\n|\n|win|p0x11146e5b", "uploadtime": 1783552125, "views": 0, "rating": 0, "private": 0, "password": null, "_winner": "p0x11146e5b", "_our_name": "p0y1114f5b5"}