{"id": "battle-gen9randombattle-457", "formatid": "gen9randombattle", "format": "[Gen 9] Random Battle", "players": ["p0x4572489", "p0y4577040"], "log": "|init|battle\n|title|p0x4572489 vs. p0y4577040\n|j|\u2606p0x4572489\n|j|\u2606p0y4577040\n|t:|1783544367\n|gametype|singles\n|player|p1|p0x4572489|265|\n|player|p2|p0y4577040|266|\n|gen|9\n|tier|[Gen 9] Random Battle\n|rule|Species Clause: Limit one of each Pok\u00e9mon\n|rule|HP Percentage Mod: HP is shown in percentages\n|rule|Sleep Clause Mod: Limit one foe put to sleep\n|rule|Illusion Level Mod: Illusion disguises the Pok\u00e9mon's true level\n|\n|t:|1783544367\n|teamsize|p1|6\n|teamsize|p2|6\n|start\n|switch|p1a: Tsareena|Tsareena, L87, F|267/267\n|switch|p2a: Torterra|Torterra, L78, F|100/100\n|turn|1\n|inactive|Battle timer is ON: inactive players will automatically lose when time's up. (requested by p0y4577040)\n|inactive|Time left: 300 sec this turn | 300 sec total | 60 sec grace\n|inactive|p0x4572489 also wants the timer to be on.\n|\n|t:|1783544369\n|move|p1a: Tsareena|Power Whip|p2a: Torterra\n|-damage|p2a: Torterra|25/100\n|-damage|p1a: Tsareena|241/267|[from] item: Life Orb\n|move|p2a: Torterra|Shell Smash|p2a: Torterra\n|-unboost|p2a: Torterra|def|1\n|-unboost|p2a: Torterra|spd|1\n|-boost|p2a: Torterra|atk|2\n|-boost|p2a: Torterra|spa|2\n|-boost|p2a: Torterra|spe|2\n|\n|upkeep\n|turn|2\n|inactive|Time left: 300 sec this turn | 300 sec total\n|\n|t:|1783544370\n|move|p2a: Torterra|Bullet Seed|p1a: Tsareena\n|-resisted|p1a: Tsareena\n|-damage|p1a: Tsareena|207/267\n|-resisted|p1a: Tsareena\n|-damage|p1a: Tsareena|175/267\n|-resisted|p1a: Tsareena\n|-damage|p1a: Tsareena|139/267\n|-resisted|p1a: Tsareena\n|-damage|p1a: Tsareena|103/267\n|-hitcount|p1a: Tsareena|4\n|move|p1a: Tsareena|Knock Off|p2a: Torterra\n|-damage|p2a: Torterra|0 fnt\n|-enditem|p2a: Torterra|Loaded Dice|[from] move: Knock Off|[of] p1a: Tsareena\n|faint|p2a: Torterra\n|-damage|p1a: Tsareena|77/267|[from] item: Life Orb\n|\n|upkeep\n|\n|t:|1783544371\n|switch|p2a: Slaking|Slaking, L84, M|100/100\n|turn|3\n|inactive|Time left: 300 sec this turn | 300 sec total\n|\n|t:|1783544371\n|move|p2a: Slaking|Giga Impact|p1a: Tsareena\n|-damage|p1a: Tsareena|0 fnt\n|-mustrecharge|p2a: Slaking\n|faint|p1a: Tsareena\n|\n|upkeep\n|inactive|Time left: 300 sec this turn | 300 sec total | 5 sec grace\n|\n|t:|1783544372\n|switch|p1a: Revavroom|Revavroom, L79, F|256/256\n|turn|4\n|inactive|Time left: 300 sec this turn | 300 sec total\n|\n|t:|1783544373\n|cant|p2a: Slaking|recharge\n|move|p1a: Revavroom|Shift Gear|p1a: Revavroom\n|-boost|p1a: Revavroom|spe|2\n|-boost|p1a: Revavroom|atk|1\n|\n|upkeep\n|turn|5\n|inactive|Time left: 300 sec this turn | 300 sec total\n|\n|t:|1783544374\n|-terastallize|p2a: Slaking|Normal\n|move|p1a: Revavroom|Gunk Shot|p2a: Slaking\n|-damage|p2a: Slaking|40/100\n|-damage|p1a: Revavroom|231/256|[from] item: Life Orb\n|move|p2a: Slaking|Giga Impact|p1a: Revavroom\n|-resisted|p1a: Revavroom\n|-damage|p1a: Revavroom|0 fnt\n|-mustrecharge|p2a: Slaking\n|faint|p1a: Revavroom\n|\n|upkeep\n|inactive|Time left: 300 sec this turn | 300 sec total | 5 sec grace\n|\n|t:|1783544375\n|switch|p1a: Regieleki|Regieleki, L79|256/256\n|turn|6\n|inactive|Time left: 300 sec this turn | 300 sec total\n|\n|t:|1783544376\n|move|p1a: Regieleki|Thunderbolt|p2a: Slaking\n|-damage|p2a: Slaking|0 fnt\n|faint|p2a: Slaking\n|\n|upkeep\n|\n|t:|1783544377\n|switch|p2a: Reuniclus|Reuniclus, L88, F|100/100\n|turn|7\n|inactive|Time left: 300 sec this turn | 300 sec total\n|\n|t:|1783544378\n|move|p1a: Regieleki|Volt Switch|p2a: Reuniclus\n|-damage|p2a: Reuniclus|70/100\n|inactive|Time left: 300 sec this turn | 300 sec total | 5 sec grace\n|\n|t:|1783544379\n|switch|p1a: Dodrio|Dodrio, L85, M|241/241|[from] Volt Switch\n|move|p2a: Reuniclus|Psyshock|p1a: Dodrio\n|-damage|p1a: Dodrio|66/241\n|\n|upkeep\n|turn|8\n|inactive|Time left: 300 sec this turn | 300 sec total\n|\n|t:|1783544380\n|move|p1a: Dodrio|Double-Edge|p2a: Reuniclus\n|-damage|p2a: Reuniclus|2/100\n|-damage|p1a: Dodrio|0 fnt|[from] Recoil\n|faint|p1a: Dodrio\n|move|p2a: Reuniclus|Psyshock|p1: Dodrio|[notarget]\n|-fail|p2a: Reuniclus\n|\n|upkeep\n|inactive|Time left: 300 sec this turn | 300 sec total | 5 sec grace\n|\n|t:|1783544381\n|switch|p1a: Kommo-o|Kommo-o, L77, F|242/242\n|turn|9\n|inactive|Time left: 300 sec this turn | 300 sec total\n|\n|t:|1783544382\n|move|p1a: Kommo-o|Clanging Scales|p2a: Reuniclus\n|-damage|p2a: Reuniclus|0 fnt\n|faint|p2a: Reuniclus\n|-unboost|p1a: Kommo-o|def|1\n|-enditem|p1a: Kommo-o|Throat Spray\n|-boost|p1a: Kommo-o|spa|1|[from] item: Throat Spray\n|\n|upkeep\n|\n|t:|1783544383\n|switch|p2a: Espathra|Espathra, L80, F|100/100\n|turn|10\n|inactive|Time left: 300 sec this turn | 300 sec total\n|\n|t:|1783544384\n|-terastallize|p1a: Kommo-o|Steel\n|move|p2a: Espathra|Lumina Crash|p1a: Kommo-o\n|-resisted|p1a: Kommo-o\n|-damage|p1a: Kommo-o|183/242\n|-unboost|p1a: Kommo-o|spd|2\n|move|p1a: Kommo-o|Clangorous Soul|p1a: Kommo-o\n|-boost|p1a: Kommo-o|atk|1\n|-boost|p1a: Kommo-o|def|1\n|-boost|p1a: Kommo-o|spa|1\n|-boost|p1a: Kommo-o|spd|1\n|-boost|p1a: Kommo-o|spe|1\n|-damage|p1a: Kommo-o|104/242\n|\n|-ability|p2a: Espathra|Speed Boost|boost\n|-boost|p2a: Espathra|spe|1\n|upkeep\n|turn|11\n|inactive|Time left: 300 sec this turn | 300 sec total\n|\n|t:|1783544385\n|move|p2a: Espathra|Lumina Crash|p1a: Kommo-o\n|-resisted|p1a: Kommo-o\n|-damage|p1a: Kommo-o|16/242\n|-unboost|p1a: Kommo-o|spd|2\n|move|p1a: Kommo-o|Clanging Scales|p2a: Espathra\n|-damage|p2a: Espathra|6/100\n|-unboost|p1a: Kommo-o|def|1\n|\n|-ability|p2a: Espathra|Speed Boost|boost\n|-boost|p2a: Espathra|spe|1\n|upkeep\n|turn|12\n|inactive|Time left: 300 sec this turn | 300 sec total\n|\n|t:|1783544385\n|move|p2a: Espathra|Lumina Crash|p1a: Kommo-o\n|-resisted|p1a: Kommo-o\n|-damage|p1a: Kommo-o|0 fnt\n|faint|p1a: Kommo-o\n|\n|-ability|p2a: Espathra|Speed Boost|boost\n|-boost|p2a: Espathra|spe|1\n|upkeep\n|inactive|Time left: 300 sec this turn | 300 sec total | 5 sec grace\n|\n|t:|1783544386\n|switch|p1a: Regieleki|Regieleki, L79|256/256\n|turn|13\n|inactive|Time left: 300 sec this turn | 300 sec total\n|\n|t:|1783544387\n|move|p2a: Espathra|Lumina Crash|p1a: Regieleki\n|-damage|p1a: Regieleki|55/256\n|-unboost|p1a: Regieleki|spd|2\n|move|p1a: Regieleki|Thunderbolt|p2a: Espathra\n|-crit|p2a: Espathra\n|-damage|p2a: Espathra|0 fnt\n|faint|p2a: Espathra\n|\n|upkeep\n|\n|t:|1783544388\n|switch|p2a: Eelektross|Eelektross, L87, F|100/100\n|turn|14\n|inactive|Time left: 300 sec this turn | 300 sec total\n|\n|t:|1783544389\n|move|p1a: Regieleki|Explosion|p2a: Eelektross\n|-damage|p2a: Eelektross|40/100\n|faint|p1a: Regieleki\n|move|p2a: Eelektross|U-turn|p1: Regieleki|[notarget]\n|-fail|p2a: Eelektross\n|\n|upkeep\n|inactive|Time left: 300 sec this turn | 300 sec total | 5 sec grace\n|\n|t:|1783544390\n|switch|p1a: Sneasler|Sneasler, L74, M|240/240\n|turn|15\n|inactive|Time left: 300 sec this turn | 300 sec total\n|\n|t:|1783544391\n|move|p1a: Sneasler|Swords Dance|p1a: Sneasler\n|-boost|p1a: Sneasler|atk|2\n|move|p2a: Eelektross|U-turn|p1a: Sneasler\n|-resisted|p1a: Sneasler\n|-damage|p1a: Sneasler|219/240\n|\n|t:|1783544392\n|switch|p2a: Kyogre|Kyogre, L71|100/100|[from] U-turn\n|-weather|RainDance|[from] ability: Drizzle|[of] p2a: Kyogre\n|\n|-weather|RainDance|[upkeep]\n|upkeep\n|turn|16\n|inactive|Time left: 300 sec this turn | 300 sec total\n|\n|t:|1783544393\n|switch|p2a: Eelektross|Eelektross, L87, F|40/100\n|move|p1a: Sneasler|Close Combat|p2a: Eelektross\n|-damage|p2a: Eelektross|0 fnt\n|-unboost|p1a: Sneasler|def|1\n|-unboost|p1a: Sneasler|spd|1\n|faint|p2a: Eelektross\n|-enditem|p1a: Sneasler|White Herb\n|-clearnegativeboost|p1a: Sneasler|[silent]\n|\n|-weather|RainDance|[upkeep]\n|upkeep\n|\n|t:|1783544394\n|switch|p2a: Kyogre|Kyogre, L71|100/100\n|turn|17\n|inactive|Time left: 300 sec this turn | 300 sec total\n|\n|t:|1783544395\n|move|p1a: Sneasler|Close Combat|p2a: Kyogre\n|-damage|p2a: Kyogre|0 fnt\n|-unboost|p1a: Sneasler|def|1\n|-unboost|p1a: Sneasler|spd|1\n|faint|p2a: Kyogre\n|\n|win|p0x4572489", "uploadtime": 1783544395, "views": 0, "rating": 0, "private": 0, "password": null, "_winner": "p0x4572489", "_our_name": "p0x4572489"}