{"id": "battle-gen9randombattle-492", "formatid": "gen9randombattle", "format": "[Gen 9] Random Battle", "players": ["p0x4927c45", "p0y4920ebc"], "log": "|init|battle\n|title|p0x4927c45 vs. p0y4920ebc\n|j|\u2606p0x4927c45\n|j|\u2606p0y4920ebc\n|t:|1783544758\n|gametype|singles\n|player|p1|p0x4927c45|102|\n|player|p2|p0y4920ebc|2|\n|gen|9\n|tier|[Gen 9] Random Battle\n|rule|Species Clause: Limit one of each Pok\u00e9mon\n|rule|HP Percentage Mod: HP is shown in percentages\n|rule|Sleep Clause Mod: Limit one foe put to sleep\n|rule|Illusion Level Mod: Illusion disguises the Pok\u00e9mon's true level\n|\n|t:|1783544758\n|teamsize|p1|6\n|teamsize|p2|6\n|start\n|switch|p1a: Delibird|Delibird, M|100/100\n|switch|p2a: Sudowoodo|Sudowoodo, L94, M|284/284\n|turn|1\n|inactive|Battle timer is ON: inactive players will automatically lose when time's up. (requested by p0y4920ebc)\n|inactive|p0x4927c45 also wants the timer to be on.\n|\n|t:|1783544759\n|move|p1a: Delibird|Spikes|p2a: Sudowoodo\n|-sidestart|p2: p0y4920ebc|Spikes\n|move|p2a: Sudowoodo|Head Smash|p1a: Delibird\n|-supereffective|p1a: Delibird\n|-damage|p1a: Delibird|0 fnt\n|faint|p1a: Delibird\n|\n|upkeep\n|\n|t:|1783544760\n|switch|p1a: Gallade|Gallade, L80, M|100/100\n|turn|2\n|inactive|Time left: 300 sec this turn | 300 sec total\n|\n|t:|1783544762\n|switch|p2a: Skeledirge|Skeledirge, L79, F|294/294\n|move|p1a: Gallade|Sacred Sword|p2a: Skeledirge\n|-immune|p2a: Skeledirge\n|\n|upkeep\n|turn|3\n|inactive|Time left: 300 sec this turn | 300 sec total\n|\n|t:|1783544763\n|move|p1a: Gallade|Psycho Cut|p2a: Skeledirge\n|-damage|p2a: Skeledirge|129/294\n|-damage|p1a: Gallade|90/100|[from] item: Life Orb\n|move|p2a: Skeledirge|Torch Song|p1a: Gallade\n|-damage|p1a: Gallade|59/100\n|-boost|p2a: Skeledirge|spa|1\n|\n|upkeep\n|turn|4\n|inactive|Time left: 300 sec this turn | 300 sec total\n|\n|t:|1783544764\n|switch|p2a: Mabosstiff|Mabosstiff, L86, M|278/278\n|-damage|p2a: Mabosstiff|244/278|[from] Spikes\n|move|p1a: Gallade|Psycho Cut|p2a: Mabosstiff\n|-immune|p2a: Mabosstiff\n|\n|upkeep\n|turn|5\n|inactive|Time left: 300 sec this turn | 300 sec total\n|\n|t:|1783544765\n|move|p2a: Mabosstiff|Play Rough|p1a: Gallade\n|-supereffective|p1a: Gallade\n|-damage|p1a: Gallade|0 fnt\n|faint|p1a: Gallade\n|\n|upkeep\n|\n|t:|1783544766\n|switch|p1a: Enamorus|Enamorus-Therian, L83, F|100/100\n|turn|6\n|inactive|Time left: 300 sec this turn | 300 sec total\n|\n|t:|1783544768\n|-terastallize|p2a: Mabosstiff|Fairy\n|move|p2a: Mabosstiff|Play Rough|p1a: Enamorus\n|-damage|p1a: Enamorus|43/100\n|move|p1a: Enamorus|Moonblast|p2a: Mabosstiff\n|-damage|p2a: Mabosstiff|85/278\n|\n|upkeep\n|turn|7\n|inactive|Time left: 300 sec this turn | 300 sec total\n|\n|t:|1783544769\n|move|p2a: Mabosstiff|Play Rough|p1a: Enamorus|[miss]\n|-miss|p2a: Mabosstiff|p1a: Enamorus\n|move|p1a: Enamorus|Earth Power|p2a: Mabosstiff\n|-damage|p2a: Mabosstiff|0 fnt\n|faint|p2a: Mabosstiff\n|\n|upkeep\n|inactive|Time left: 300 sec this turn | 300 sec total | 5 sec grace\n|\n|t:|1783544770\n|switch|p2a: Gumshoos|Gumshoos, L95, F|321/321\n|-damage|p2a: Gumshoos|281/321|[from] Spikes\n|turn|8\n|inactive|Time left: 300 sec this turn | 300 sec total\n|\n|t:|1783544771\n|move|p2a: Gumshoos|Double-Edge|p1a: Enamorus\n|-damage|p1a: Enamorus|0 fnt\n|faint|p1a: Enamorus\n|-damage|p2a: Gumshoos|244/321|[from] Recoil\n|\n|upkeep\n|\n|t:|1783544772\n|switch|p1a: Dialga|Dialga-Origin, L73|100/100\n|-ability|p1a: Dialga|Pressure\n|turn|9\n|inactive|Time left: 300 sec this turn | 300 sec total\n|\n|t:|1783544773\n|move|p1a: Dialga|Draco Meteor|p2a: Gumshoos\n|-damage|p2a: Gumshoos|51/321\n|-unboost|p1a: Dialga|spa|2\n|move|p2a: Gumshoos|Double-Edge|p1a: Dialga\n|-resisted|p1a: Dialga\n|-damage|p1a: Dialga|39/100\n|-damage|p2a: Gumshoos|0 fnt|[from] Recoil\n|faint|p2a: Gumshoos\n|\n|upkeep\n|inactive|Time left: 300 sec this turn | 300 sec total | 5 sec grace\n|\n|t:|1783544774\n|switch|p2a: Chesnaught|Chesnaught, L84, M|285/285\n|-damage|p2a: Chesnaught|250/285|[from] Spikes\n|turn|10\n|inactive|Time left: 300 sec this turn | 300 sec total\n|\n|t:|1783544775\n|switch|p1a: Weezing|Weezing-Galar, L86, F|100/100\n|move|p2a: Chesnaught|Body Press|p1a: Weezing\n|-resisted|p1a: Weezing\n|-damage|p1a: Weezing|93/100\n|\n|-heal|p2a: Chesnaught|267/285|[from] item: Leftovers\n|-heal|p1a: Weezing|99/100|[from] item: Leftovers\n|upkeep\n|turn|11\n|inactive|Time left: 300 sec this turn | 300 sec total\n|\n|t:|1783544776\n|switch|p2a: Skeledirge|Skeledirge, L79, F|129/294\n|move|p1a: Weezing|Strange Steam|p2a: Skeledirge\n|-resisted|p2a: Skeledirge\n|-damage|p2a: Skeledirge|76/294\n|\n|-heal|p1a: Weezing|100/100|[from] item: Leftovers\n|upkeep\n|turn|12\n|inactive|Time left: 300 sec this turn | 300 sec total\n|\n|t:|1783544777\n|switch|p1a: Vaporeon|Vaporeon, L86, M|100/100\n|move|p2a: Skeledirge|Slack Off|p2a: Skeledirge\n|-heal|p2a: Skeledirge|223/294\n|\n|upkeep\n|turn|13\n|inactive|Time left: 300 sec this turn | 300 sec total\n|\n|t:|1783544778\n|switch|p2a: Chesnaught|Chesnaught, L84, M|267/285\n|-damage|p2a: Chesnaught|232/285|[from] Spikes\n|move|p1a: Vaporeon|Scald|p2a: Chesnaught\n|-resisted|p2a: Chesnaught\n|-damage|p2a: Chesnaught|178/285\n|-status|p2a: Chesnaught|brn\n|\n|-heal|p2a: Chesnaught|195/285 brn|[from] item: Leftovers\n|-damage|p2a: Chesnaught|178/285 brn|[from] brn\n|upkeep\n|turn|14\n|inactive|Time left: 300 sec this turn | 300 sec total\n|\n|t:|1783544779\n|switch|p1a: Dialga|Dialga-Origin, L73|39/100\n|-ability|p1a: Dialga|Pressure\n|move|p2a: Chesnaught|Synthesis|p2a: Chesnaught\n|-heal|p2a: Chesnaught|285/285 brn\n|\n|-damage|p2a: Chesnaught|268/285 brn|[from] brn\n|upkeep\n|turn|15\n|inactive|Time left: 300 sec this turn | 300 sec total\n|\n|t:|1783544780\n|move|p1a: Dialga|Fire Blast|p2a: Chesnaught\n|-supereffective|p2a: Chesnaught\n|-damage|p2a: Chesnaught|88/285 brn\n|move|p2a: Chesnaught|Body Press|p1a: Dialga\n|-supereffective|p1a: Dialga\n|-damage|p1a: Dialga|6/100\n|\n|-heal|p2a: Chesnaught|105/285 brn|[from] item: Leftovers\n|-damage|p2a: Chesnaught|88/285 brn|[from] brn\n|upkeep\n|turn|16\n|inactive|Time left: 300 sec this turn | 300 sec total\n|\n|t:|1783544781\n|move|p1a: Dialga|Fire Blast|p2a: Chesnaught|[miss]\n|-miss|p1a: Dialga|p2a: Chesnaught\n|move|p2a: Chesnaught|Synthesis|p2a: Chesnaught\n|-heal|p2a: Chesnaught|230/285 brn\n|\n|-heal|p2a: Chesnaught|247/285 brn|[from] item: Leftovers\n|-damage|p2a: Chesnaught|230/285 brn|[from] brn\n|upkeep\n|turn|17\n|inactive|Time left: 300 sec this turn | 300 sec total\n|\n|t:|1783544782\n|move|p1a: Dialga|Fire Blast|p2a: Chesnaught\n|-supereffective|p2a: Chesnaught\n|-damage|p2a: Chesnaught|44/285 brn\n|move|p2a: Chesnaught|Body Press|p1a: Dialga\n|-supereffective|p1a: Dialga\n|-damage|p1a: Dialga|0 fnt\n|faint|p1a: Dialga\n|\n|-heal|p2a: Chesnaught|61/285 brn|[from] item: Leftovers\n|-damage|p2a: Chesnaught|44/285 brn|[from] brn\n|upkeep\n|\n|t:|1783544783\n|switch|p1a: Vaporeon|Vaporeon, L86, M|100/100\n|turn|18\n|inactive|Time left: 300 sec this turn | 300 sec total\n|\n|t:|1783544783\n|move|p1a: Vaporeon|Scald|p2a: Chesnaught\n|-resisted|p2a: Chesnaught\n|-damage|p2a: Chesnaught|0 fnt\n|faint|p2a: Chesnaught\n|\n|upkeep\n|inactive|Time left: 300 sec this turn | 300 sec total | 5 sec grace\n|\n|t:|1783544784\n|switch|p2a: Iron Valiant|Iron Valiant, L78|244/244\n|-damage|p2a: Iron Valiant|214/244|[from] Spikes\n|turn|19\n|inactive|Time left: 300 sec this turn | 300 sec total\n|\n|t:|1783544785\n|move|p2a: Iron Valiant|Spirit Break|p1a: Vaporeon\n|-damage|p1a: Vaporeon|59/100\n|-unboost|p1a: Vaporeon|spa|1\n|-damage|p2a: Iron Valiant|190/244|[from] item: Life Orb\n|move|p1a: Vaporeon|Scald|p2a: Iron Valiant\n|-damage|p2a: Iron Valiant|91/244\n|\n|-heal|p1a: Vaporeon|65/100|[from] item: Leftovers\n|upkeep\n|turn|20\n|inactive|Time left: 300 sec this turn | 300 sec total\n|\n|t:|1783544786\n|move|p2a: Iron Valiant|Close Combat|p1a: Vaporeon\n|-damage|p1a: Vaporeon|0 fnt\n|-unboost|p2a: Iron Valiant|def|1\n|-unboost|p2a: Iron Valiant|spd|1\n|faint|p1a: Vaporeon\n|-damage|p2a: Iron Valiant|67/244|[from] item: Life Orb\n|\n|upkeep\n|\n|t:|1783544786\n|switch|p1a: Weezing|Weezing-Galar, L86, F|100/100\n|turn|21\n|inactive|Time left: 300 sec this turn | 300 sec total\n|\n|t:|1783544787\n|-end|p2a: Iron Valiant|Quark Drive|[silent]\n|switch|p2a: Skeledirge|Skeledirge, L79, F|223/294\n|move|p1a: Weezing|Strange Steam|p2a: Skeledirge\n|-resisted|p2a: Skeledirge\n|-crit|p2a: Skeledirge\n|-damage|p2a: Skeledirge|141/294\n|\n|upkeep\n|turn|22\n|inactive|Time left: 300 sec this turn | 300 sec total\n|\n|t:|1783544788\n|move|p1a: Weezing|Gunk Shot|p2a: Skeledirge\n|-resisted|p2a: Skeledirge\n|-damage|p2a: Skeledirge|81/294\n|-status|p2a: Skeledirge|psn\n|move|p2a: Skeledirge|Torch Song|p1a: Weezing\n|-damage|p1a: Weezing|63/100\n|-boost|p2a: Skeledirge|spa|1\n|\n|-heal|p1a: Weezing|69/100|[from] item: Leftovers\n|-damage|p2a: Skeledirge|45/294 psn|[from] psn\n|upkeep\n|turn|23\n|inactive|Time left: 300 sec this turn | 300 sec total\n|\n|t:|1783544789\n|move|p1a: Weezing|Strange Steam|p2a: Skeledirge\n|-resisted|p2a: Skeledirge\n|-damage|p2a: Skeledirge|0 fnt\n|faint|p2a: Skeledirge\n|\n|-heal|p1a: Weezing|75/100|[from] item: Leftovers\n|upkeep\n|inactive|Time left: 300 sec this turn | 300 sec total | 5 sec grace\n|\n|t:|1783544790\n|switch|p2a: Iron Valiant|Iron Valiant, L78|67/244\n|-damage|p2a: Iron Valiant|37/244|[from] Spikes\n|turn|24\n|inactive|Time left: 300 sec this turn | 300 sec total\n|\n|t:|1783544791\n|move|p2a: Iron Valiant|Knock Off|p1a: Weezing\n|-resisted|p1a: Weezing\n|-damage|p1a: Weezing|61/100\n|-enditem|p1a: Weezing|Leftovers|[from] move: Knock Off|[of] p2a: Iron Valiant\n|-damage|p2a: Iron Valiant|13/244|[from] item: Life Orb\n|move|p1a: Weezing|Gunk Shot|p2a: Iron Valiant\n|-supereffective|p2a: Iron Valiant\n|-damage|p2a: Iron Valiant|0 fnt\n|faint|p2a: Iron Valiant\n|-end|p2a: Iron Valiant|Quark Drive|[silent]\n|\n|upkeep\n|inactive|Time left: 300 sec this turn | 300 sec total | 5 sec grace\n|\n|t:|1783544793\n|switch|p2a: Sudowoodo|Sudowoodo, L94, M|284/284\n|-damage|p2a: Sudowoodo|249/284|[from] Spikes\n|turn|25\n|inactive|Time left: 300 sec this turn | 300 sec total\n|\n|t:|1783544794\n|-terastallize|p1a: Weezing|Steel\n|move|p1a: Weezing|Will-O-Wisp|p2a: Sudowoodo\n|-status|p2a: Sudowoodo|brn\n|move|p2a: Sudowoodo|Head Smash|p1a: Weezing\n|-resisted|p1a: Weezing\n|-damage|p1a: Weezing|47/100\n|\n|-heal|p2a: Sudowoodo|266/284 brn|[from] item: Leftovers\n|-damage|p2a: Sudowoodo|249/284 brn|[from] brn\n|upkeep\n|turn|26\n|inactive|Time left: 300 sec this turn | 300 sec total\n|\n|t:|1783544795\n|move|p1a: Weezing|Strange Steam|p2a: Sudowoodo\n|-damage|p2a: Sudowoodo|149/284 brn\n|move|p2a: Sudowoodo|Head Smash|p1a: Weezing\n|-resisted|p1a: Weezing\n|-damage|p1a: Weezing|31/100\n|\n|-heal|p2a: Sudowoodo|166/284 brn|[from] item: Leftovers\n|-damage|p2a: Sudowoodo|149/284 brn|[from] brn\n|upkeep\n|turn|27\n|inactive|Time left: 300 sec this turn | 300 sec total\n|\n|t:|1783544796\n|move|p1a: Weezing|Strange Steam|p2a: Sudowoodo\n|-damage|p2a: Sudowoodo|44/284 brn\n|-start|p2a: Sudowoodo|confusion\n|-activate|p2a: Sudowoodo|confusion\n|-damage|p2a: Sudowoodo|17/284 brn|[from] confusion\n|\n|-heal|p2a: Sudowoodo|34/284 brn|[from] item: Leftovers\n|-damage|p2a: Sudowoodo|17/284 brn|[from] brn\n|upkeep\n|turn|28\n|inactive|Time left: 300 sec this turn | 300 sec total\n|\n|t:|1783544797\n|-end|p2a: Sudowoodo|confusion\n|move|p2a: Sudowoodo|Sucker Punch||[still]\n|-fail|p2a: Sudowoodo\n|move|p1a: Weezing|Will-O-Wisp|p2a: Sudowoodo|[miss]\n|-miss|p1a: Weezing|p2a: Sudowoodo\n|\n|-heal|p2a: Sudowoodo|34/284 brn|[from] item: Leftovers\n|-damage|p2a: Sudowoodo|17/284 brn|[from] brn\n|upkeep\n|turn|29\n|inactive|Time left: 300 sec this turn | 300 sec total\n|\n|t:|1783544798\n|move|p1a: Weezing|Strange Steam|p2a: Sudowoodo\n|-damage|p2a: Sudowoodo|0 fnt\n|faint|p2a: Sudowoodo\n|\n|win|p0x4927c45", "uploadtime": 1783544798, "views": 0, "rating": 0, "private": 0, "password": null, "_winner": "p0x4927c45", "_our_name": "p0y4920ebc"}