{"id": "battle-gen9randombattle-2567", "formatid": "gen9randombattle", "format": "[Gen 9] Random Battle", "players": ["p0x256774ed", "p0y2567a857"], "log": "|init|battle\n|title|p0x256774ed vs. p0y2567a857\n|j|\u2606p0x256774ed\n|j|\u2606p0y2567a857\n|t:|1783569674\n|gametype|singles\n|player|p1|p0x256774ed|170|\n|player|p2|p0y2567a857|2|\n|gen|9\n|tier|[Gen 9] Random Battle\n|rule|Species Clause: Limit one of each Pok\u00e9mon\n|rule|HP Percentage Mod: HP is shown in percentages\n|rule|Sleep Clause Mod: Limit one foe put to sleep\n|rule|Illusion Level Mod: Illusion disguises the Pok\u00e9mon's true level\n|\n|t:|1783569674\n|teamsize|p1|6\n|teamsize|p2|6\n|start\n|switch|p1a: Regigigas|Regigigas, L84|100/100\n|switch|p2a: Delibird|Delibird, F|252/252\n|-start|p1a: Regigigas|ability: Slow Start\n|turn|1\n|inactive|Battle timer is ON: inactive players will automatically lose when time's up. (requested by p0x256774ed)\n|inactive|Time left: 300 sec this turn | 300 sec total | 60 sec grace\n|inactive|p0y2567a857 also wants the timer to be on.\n|\n|t:|1783569675\n|switch|p2a: Decidueye|Decidueye-Hisui, L87, F|295/295\n|move|p1a: Regigigas|Knock Off|p2a: Decidueye\n|-resisted|p2a: Decidueye\n|-damage|p2a: Decidueye|269/295\n|-enditem|p2a: Decidueye|Leftovers|[from] move: Knock Off|[of] p1a: Regigigas\n|\n|upkeep\n|turn|2\n|inactive|Time left: 300 sec this turn | 300 sec total\n|\n|t:|1783569676\n|switch|p1a: Heracross|Heracross, L80, M|100/100\n|move|p2a: Decidueye|Triple Arrows|p1a: Heracross\n|-resisted|p1a: Heracross\n|-damage|p1a: Heracross|74/100\n|-unboost|p1a: Heracross|def|1\n|\n|-status|p1a: Heracross|brn|[from] item: Flame Orb\n|upkeep\n|turn|3\n|inactive|Time left: 300 sec this turn | 300 sec total\n|\n|t:|1783569678\n|move|p1a: Heracross|Facade|p2a: Decidueye\n|-damage|p2a: Decidueye|88/295\n|move|p2a: Decidueye|Triple Arrows|p1a: Heracross\n|-resisted|p1a: Heracross\n|-damage|p1a: Heracross|37/100 brn\n|\n|-damage|p1a: Heracross|31/100 brn|[from] brn\n|upkeep\n|turn|4\n|inactive|Time left: 300 sec this turn | 300 sec total\n|\n|t:|1783569679\n|move|p1a: Heracross|Close Combat|p2a: Decidueye\n|-damage|p2a: Decidueye|0 fnt\n|-unboost|p1a: Heracross|def|1\n|-unboost|p1a: Heracross|spd|1\n|faint|p2a: Decidueye\n|\n|-damage|p1a: Heracross|24/100 brn|[from] brn\n|upkeep\n|inactive|Time left: 300 sec this turn | 300 sec total | 5 sec grace\n|\n|t:|1783569680\n|switch|p2a: Dragapult|Dragapult, L77, F|262/262\n|turn|5\n|inactive|Time left: 300 sec this turn | 300 sec total\n|\n|t:|1783569681\n|switch|p1a: Regigigas|Regigigas, L84|100/100\n|-start|p1a: Regigigas|ability: Slow Start\n|move|p2a: Dragapult|Dragon Darts|p1a: Regigigas\n|-damage|p1a: Regigigas|82/100\n|-anim|p2a: Dragapult|Dragon Darts|p1a: Regigigas\n|-damage|p1a: Regigigas|64/100\n|-damage|p2a: Dragapult|236/262|[from] item: Life Orb\n|\n|-heal|p1a: Regigigas|71/100|[from] item: Leftovers\n|upkeep\n|turn|6\n|inactive|Time left: 300 sec this turn | 300 sec total\n|\n|t:|1783569682\n|move|p2a: Dragapult|Dragon Dance|p2a: Dragapult\n|-boost|p2a: Dragapult|atk|1\n|-boost|p2a: Dragapult|spe|1\n|move|p1a: Regigigas|Knock Off|p2a: Dragapult\n|-supereffective|p2a: Dragapult\n|-damage|p2a: Dragapult|120/262\n|-enditem|p2a: Dragapult|Life Orb|[from] move: Knock Off|[of] p1a: Regigigas\n|\n|-heal|p1a: Regigigas|77/100|[from] item: Leftovers\n|upkeep\n|turn|7\n|inactive|Time left: 300 sec this turn | 300 sec total\n|\n|t:|1783569683\n|move|p2a: Dragapult|Dragon Darts|p1a: Regigigas\n|-crit|p1a: Regigigas\n|-damage|p1a: Regigigas|43/100\n|-anim|p2a: Dragapult|Dragon Darts|p1a: Regigigas\n|-damage|p1a: Regigigas|21/100\n|move|p1a: Regigigas|Knock Off|p2a: Dragapult\n|-supereffective|p2a: Dragapult\n|-damage|p2a: Dragapult|42/262\n|\n|-heal|p1a: Regigigas|27/100|[from] item: Leftovers\n|upkeep\n|turn|8\n|inactive|Time left: 300 sec this turn | 300 sec total\n|\n|t:|1783569684\n|move|p1a: Regigigas|Protect|p1a: Regigigas\n|-singleturn|p1a: Regigigas|Protect\n|move|p2a: Dragapult|Dragon Darts|p1a: Regigigas\n|-activate|p1a: Regigigas|move: Protect\n|\n|-heal|p1a: Regigigas|33/100|[from] item: Leftovers\n|upkeep\n|turn|9\n|inactive|Time left: 300 sec this turn | 300 sec total\n|\n|t:|1783569685\n|move|p2a: Dragapult|Dragon Darts|p1a: Regigigas\n|-damage|p1a: Regigigas|11/100\n|-anim|p2a: Dragapult|Dragon Darts|p1a: Regigigas\n|-damage|p1a: Regigigas|0 fnt\n|faint|p1a: Regigigas\n|-end|p1a: Regigigas|Slow Start|[silent]\n|\n|upkeep\n|\n|t:|1783569686\n|switch|p1a: Komala|Komala, L87, M|100/100\n|-ability|p1a: Komala|Comatose\n|turn|10\n|inactive|Time left: 300 sec this turn | 300 sec total\n|\n|t:|1783569687\n|move|p2a: Dragapult|Dragon Darts|p1a: Komala\n|-damage|p1a: Komala|66/100\n|-anim|p2a: Dragapult|Dragon Darts|p1a: Komala\n|-damage|p1a: Komala|32/100\n|move|p1a: Komala|Knock Off|p2a: Dragapult\n|-supereffective|p2a: Dragapult\n|-damage|p2a: Dragapult|0 fnt\n|faint|p2a: Dragapult\n|\n|upkeep\n|inactive|Time left: 300 sec this turn | 300 sec total | 5 sec grace\n|\n|t:|1783569688\n|switch|p2a: Delibird|Delibird, F|252/252\n|turn|11\n|inactive|Time left: 300 sec this turn | 300 sec total\n|\n|t:|1783569689\n|move|p2a: Delibird|Drill Run|p1a: Komala\n|-damage|p1a: Komala|0 fnt\n|faint|p1a: Komala\n|\n|upkeep\n|\n|t:|1783569690\n|switch|p1a: Reshiram|Reshiram, L76|100/100\n|-ability|p1a: Reshiram|Turboblaze\n|turn|12\n|inactive|Time left: 300 sec this turn | 300 sec total\n|\n|t:|1783569691\n|switch|p2a: Gastrodon|Gastrodon-East, L86, F|331/331\n|move|p1a: Reshiram|Blue Flare|p2a: Gastrodon\n|-resisted|p2a: Gastrodon\n|-damage|p2a: Gastrodon|249/331\n|\n|-heal|p2a: Gastrodon|269/331|[from] item: Leftovers\n|upkeep\n|turn|13\n|inactive|Time left: 300 sec this turn | 300 sec total\n|\n|t:|1783569691\n|switch|p1a: Masquerain|Masquerain, L87, F|100/100\n|-ability|p1a: Masquerain|Intimidate|boost\n|-unboost|p2a: Gastrodon|atk|1\n|move|p2a: Gastrodon|Earthquake|p1a: Masquerain\n|-immune|p1a: Masquerain\n|\n|-heal|p2a: Gastrodon|289/331|[from] item: Leftovers\n|upkeep\n|turn|14\n|inactive|Time left: 300 sec this turn | 300 sec total\n|\n|t:|1783569692\n|move|p1a: Masquerain|Sticky Web|p2a: Gastrodon\n|-sidestart|p2: p0y2567a857|move: Sticky Web\n|move|p2a: Gastrodon|Ice Beam|p1a: Masquerain\n|-supereffective|p1a: Masquerain\n|-damage|p1a: Masquerain|50/100\n|\n|-heal|p2a: Gastrodon|309/331|[from] item: Leftovers\n|upkeep\n|turn|15\n|inactive|Time left: 300 sec this turn | 300 sec total\n|\n|t:|1783569693\n|move|p1a: Masquerain|U-turn|p2a: Gastrodon\n|-damage|p2a: Gastrodon|243/331\n|\n|t:|1783569694\n|switch|p1a: Scovillain|Scovillain, L91, M|100/100|[from] U-turn\n|move|p2a: Gastrodon|Ice Beam|p1a: Scovillain\n|-damage|p1a: Scovillain|72/100\n|\n|-heal|p2a: Gastrodon|263/331|[from] item: Leftovers\n|upkeep\n|turn|16\n|inactive|Time left: 300 sec this turn | 300 sec total\n|\n|t:|1783569694\n|move|p1a: Scovillain|Energy Ball|p2a: Gastrodon\n|-supereffective|p2a: Gastrodon\n|-damage|p2a: Gastrodon|0 fnt\n|faint|p2a: Gastrodon\n|\n|upkeep\n|inactive|Time left: 300 sec this turn | 300 sec total | 5 sec grace\n|\n|t:|1783569695\n|switch|p2a: Delibird|Delibird, F|252/252\n|turn|17\n|inactive|Time left: 300 sec this turn | 300 sec total\n|\n|t:|1783569696\n|move|p2a: Delibird|Brave Bird|p1a: Scovillain\n|-supereffective|p1a: Scovillain\n|-damage|p1a: Scovillain|0 fnt\n|faint|p1a: Scovillain\n|-damage|p2a: Delibird|189/252|[from] Recoil\n|\n|upkeep\n|\n|t:|1783569697\n|switch|p1a: Reshiram|Reshiram, L76|100/100\n|-ability|p1a: Reshiram|Turboblaze\n|turn|18\n|inactive|Time left: 300 sec this turn | 300 sec total\n|\n|t:|1783569698\n|move|p2a: Delibird|Drill Run|p1a: Reshiram|[miss]\n|-miss|p2a: Delibird|p1a: Reshiram\n|move|p1a: Reshiram|Blue Flare|p2a: Delibird\n|-supereffective|p2a: Delibird\n|-damage|p2a: Delibird|0 fnt\n|faint|p2a: Delibird\n|\n|upkeep\n|inactive|Time left: 300 sec this turn | 300 sec total | 5 sec grace\n|\n|t:|1783569699\n|switch|p2a: Exeggutor|Exeggutor-Alola, L89, M|314/314\n|-activate|p2a: Exeggutor|move: Sticky Web\n|-unboost|p2a: Exeggutor|spe|1\n|turn|19\n|inactive|Time left: 300 sec this turn | 300 sec total\n|\n|t:|1783569700\n|move|p1a: Reshiram|Draco Meteor|p2a: Exeggutor\n|-supereffective|p2a: Exeggutor\n|-damage|p2a: Exeggutor|0 fnt\n|-unboost|p1a: Reshiram|spa|2\n|faint|p2a: Exeggutor\n|\n|upkeep\n|inactive|Time left: 300 sec this turn | 300 sec total | 5 sec grace\n|\n|t:|1783569701\n|switch|p2a: Regigigas|Regigigas, L84|322/322\n|-activate|p2a: Regigigas|move: Sticky Web\n|-unboost|p2a: Regigigas|spe|1\n|-start|p2a: Regigigas|ability: Slow Start\n|turn|20\n|inactive|Time left: 300 sec this turn | 300 sec total\n|\n|t:|1783569702\n|switch|p1a: Masquerain|Masquerain, L87, F|50/100\n|-ability|p1a: Masquerain|Intimidate|boost\n|-unboost|p2a: Regigigas|atk|1\n|move|p2a: Regigigas|Body Slam|p1a: Masquerain\n|-damage|p1a: Masquerain|29/100\n|\n|upkeep\n|turn|21\n|inactive|Time left: 300 sec this turn | 300 sec total\n|\n|t:|1783569703\n|move|p1a: Masquerain|Hurricane|p2a: Regigigas|[miss]\n|-miss|p1a: Masquerain|p2a: Regigigas\n|move|p2a: Regigigas|Body Slam|p1a: Masquerain\n|-damage|p1a: Masquerain|8/100\n|\n|upkeep\n|turn|22\n|inactive|Time left: 300 sec this turn | 300 sec total\n|\n|t:|1783569704\n|move|p1a: Masquerain|Hurricane|p2a: Regigigas\n|-damage|p2a: Regigigas|210/322\n|-start|p2a: Regigigas|confusion\n|-activate|p2a: Regigigas|confusion\n|move|p2a: Regigigas|Body Slam|p1a: Masquerain\n|-damage|p1a: Masquerain|0 fnt\n|faint|p1a: Masquerain\n|\n|-heal|p2a: Regigigas|230/322|[from] item: Leftovers\n|upkeep\n|\n|t:|1783569705\n|switch|p1a: Heracross|Heracross, L80, M|24/100 brn\n|turn|23\n|inactive|Time left: 300 sec this turn | 300 sec total\n|\n|t:|1783569706\n|-terastallize|p2a: Regigigas|Ghost\n|move|p1a: Heracross|Knock Off|p2a: Regigigas\n|-supereffective|p2a: Regigigas\n|-damage|p2a: Regigigas|18/322\n|-enditem|p2a: Regigigas|Leftovers|[from] move: Knock Off|[of] p1a: Heracross\n|-activate|p2a: Regigigas|confusion\n|move|p2a: Regigigas|Rest|p2a: Regigigas\n|-status|p2a: Regigigas|slp|[from] move: Rest\n|-heal|p2a: Regigigas|322/322 slp|[silent]\n|\n|-damage|p1a: Heracross|18/100 brn|[from] brn\n|upkeep\n|turn|24\n|inactive|Time left: 300 sec this turn | 300 sec total\n|\n|t:|1783569708\n|move|p1a: Heracross|Knock Off|p2a: Regigigas\n|-supereffective|p2a: Regigigas\n|-damage|p2a: Regigigas|184/322 slp\n|cant|p2a: Regigigas|slp\n|\n|-damage|p1a: Heracross|12/100 brn|[from] brn\n|-end|p2a: Regigigas|Slow Start\n|upkeep\n|turn|25\n|inactive|Time left: 300 sec this turn | 300 sec total\n|\n|t:|1783569709\n|-terastallize|p1a: Heracross|Normal\n|move|p1a: Heracross|Knock Off|p2a: Regigigas\n|-supereffective|p2a: Regigigas\n|-damage|p2a: Regigigas|52/322 slp\n|cant|p2a: Regigigas|slp\n|-activate|p2a: Regigigas|confusion\n|move|p2a: Regigigas|Sleep Talk|p2a: Regigigas\n|move|p2a: Regigigas|Body Slam|p1a: Heracross|[from] move: Sleep Talk\n|-damage|p1a: Heracross|0 fnt\n|faint|p1a: Heracross\n|\n|upkeep\n|\n|t:|1783569709\n|switch|p1a: Reshiram|Reshiram, L76|100/100\n|-ability|p1a: Reshiram|Turboblaze\n|turn|26\n|inactive|Time left: 300 sec this turn | 300 sec total\n|\n|t:|1783569710\n|move|p1a: Reshiram|Earth Power|p2a: Regigigas\n|-damage|p2a: Regigigas|0 fnt\n|faint|p2a: Regigigas\n|-end|p2a: Regigigas|Slow Start|[silent]\n|\n|win|p0x256774ed", "uploadtime": 1783569710, "views": 0, "rating": 0, "private": 0, "password": null, "_winner": "p0x256774ed", "_our_name": "p0y2567a857"}