{"id": "battle-gen9randombattle-1115", "formatid": "gen9randombattle", "format": "[Gen 9] Random Battle", "players": ["p0x111406ef", "p0y1114d98f"], "log": "|init|battle\n|title|p0x111406ef vs. p0y1114d98f\n|j|\u2606p0x111406ef\n|j|\u2606p0y1114d98f\n|t:|1783552879\n|gametype|singles\n|player|p1|p0x111406ef|266|\n|player|p2|p0y1114d98f|1|\n|gen|9\n|tier|[Gen 9] Random Battle\n|rule|Species Clause: Limit one of each Pok\u00e9mon\n|rule|HP Percentage Mod: HP is shown in percentages\n|rule|Sleep Clause Mod: Limit one foe put to sleep\n|rule|Illusion Level Mod: Illusion disguises the Pok\u00e9mon's true level\n|\n|t:|1783552879\n|teamsize|p1|6\n|teamsize|p2|6\n|start\n|switch|p1a: Hitmonlee|Hitmonlee, L85, M|100/100\n|switch|p2a: Meganium|Meganium, L90, M|290/290\n|turn|1\n|inactive|Battle timer is ON: inactive players will automatically lose when time's up. (requested by p0x111406ef)\n|inactive|Time left: 300 sec this turn | 300 sec total | 60 sec grace\n|inactive|p0y1114d98f also wants the timer to be on.\n|\n|t:|1783552880\n|switch|p2a: Fezandipiti|Fezandipiti, L82, M|278/278\n|move|p1a: Hitmonlee|High Jump Kick|p2a: Fezandipiti\n|-resisted|p2a: Fezandipiti\n|-damage|p2a: Fezandipiti|194/278\n|\n|-heal|p2a: Fezandipiti|211/278|[from] item: Leftovers\n|upkeep\n|turn|2\n|inactive|Time left: 300 sec this turn | 300 sec total\n|\n|t:|1783552881\n|switch|p1a: Arbok|Arbok, L87, F|100/100\n|-ability|p1a: Arbok|Intimidate|boost\n|-unboost|p2a: Fezandipiti|atk|1\n|move|p2a: Fezandipiti|Play Rough|p1a: Arbok\n|-resisted|p1a: Arbok\n|-damage|p1a: Arbok|88/100\n|\n|-heal|p2a: Fezandipiti|228/278|[from] item: Leftovers\n|-heal|p1a: Arbok|94/100|[from] item: Leftovers\n|upkeep\n|turn|3\n|inactive|Time left: 300 sec this turn | 300 sec total\n|\n|t:|1783552883\n|move|p2a: Fezandipiti|Swords Dance|p2a: Fezandipiti\n|-boost|p2a: Fezandipiti|atk|2\n|move|p1a: Arbok|Coil|p1a: Arbok\n|-boost|p1a: Arbok|atk|1\n|-boost|p1a: Arbok|def|1\n|-boost|p1a: Arbok|accuracy|1\n|\n|-heal|p2a: Fezandipiti|245/278|[from] item: Leftovers\n|-heal|p1a: Arbok|99/100|[from] item: Leftovers\n|upkeep\n|turn|4\n|inactive|Time left: 300 sec this turn | 300 sec total\n|\n|t:|1783552884\n|-terastallize|p2a: Fezandipiti|Ground\n|move|p2a: Fezandipiti|Tera Blast|p1a: Arbok|[anim] Tera Blast Ground\n|-supereffective|p1a: Arbok\n|-damage|p1a: Arbok|24/100\n|move|p1a: Arbok|Earthquake|p2a: Fezandipiti\n|-damage|p2a: Fezandipiti|120/278\n|\n|-heal|p2a: Fezandipiti|137/278|[from] item: Leftovers\n|-heal|p1a: Arbok|31/100|[from] item: Leftovers\n|upkeep\n|turn|5\n|inactive|Time left: 300 sec this turn | 300 sec total\n|\n|t:|1783552885\n|move|p2a: Fezandipiti|Tera Blast|p1a: Arbok|[anim] Tera Blast Ground\n|-supereffective|p1a: Arbok\n|-damage|p1a: Arbok|0 fnt\n|faint|p1a: Arbok\n|\n|-heal|p2a: Fezandipiti|154/278|[from] item: Leftovers\n|upkeep\n|\n|t:|1783552886\n|switch|p1a: Araquanid|Araquanid, L82, F|100/100\n|turn|6\n|inactive|Time left: 300 sec this turn | 300 sec total\n|\n|t:|1783552887\n|move|p2a: Fezandipiti|Play Rough|p1a: Araquanid\n|-damage|p1a: Araquanid|49/100\n|-unboost|p1a: Araquanid|atk|1\n|-status|p1a: Araquanid|tox|[from] ability: Toxic Chain|[of] p2a: Fezandipiti\n|move|p1a: Araquanid|Liquidation|p2a: Fezandipiti\n|-supereffective|p2a: Fezandipiti\n|-damage|p2a: Fezandipiti|0 fnt\n|faint|p2a: Fezandipiti\n|\n|-damage|p1a: Araquanid|43/100 tox|[from] psn\n|upkeep\n|inactive|Time left: 300 sec this turn | 300 sec total | 5 sec grace\n|\n|t:|1783552888\n|switch|p2a: Leavanny|Leavanny, L86, M|269/269\n|turn|7\n|inactive|Time left: 300 sec this turn | 300 sec total\n|\n|t:|1783552889\n|move|p2a: Leavanny|Sticky Web|p1a: Araquanid\n|-sidestart|p1: p0x111406ef|move: Sticky Web\n|move|p1a: Araquanid|Sticky Web|p2a: Leavanny\n|-sidestart|p2: p0y1114d98f|move: Sticky Web\n|\n|-damage|p1a: Araquanid|31/100 tox|[from] psn\n|upkeep\n|turn|8\n|inactive|Time left: 300 sec this turn | 300 sec total\n|\n|t:|1783552890\n|switch|p1a: Armarouge|Armarouge, L80, M|100/100\n|-activate|p1a: Armarouge|move: Sticky Web\n|-unboost|p1a: Armarouge|spe|1\n|move|p2a: Leavanny|Bullet Seed|p1a: Armarouge\n|-resisted|p1a: Armarouge\n|-damage|p1a: Armarouge|95/100\n|-ability|p1a: Armarouge|Weak Armor|boost\n|-unboost|p1a: Armarouge|def|1\n|-boost|p1a: Armarouge|spe|2\n|-resisted|p1a: Armarouge\n|-damage|p1a: Armarouge|87/100\n|-ability|p1a: Armarouge|Weak Armor|boost\n|-unboost|p1a: Armarouge|def|1\n|-boost|p1a: Armarouge|spe|2\n|-resisted|p1a: Armarouge\n|-damage|p1a: Armarouge|77/100\n|-ability|p1a: Armarouge|Weak Armor|boost\n|-unboost|p1a: Armarouge|def|1\n|-boost|p1a: Armarouge|spe|2\n|-resisted|p1a: Armarouge\n|-damage|p1a: Armarouge|63/100\n|-ability|p1a: Armarouge|Weak Armor|boost\n|-unboost|p1a: Armarouge|def|1\n|-boost|p1a: Armarouge|spe|1\n|-hitcount|p1a: Armarouge|4\n|\n|upkeep\n|turn|9\n|inactive|Time left: 300 sec this turn | 300 sec total\n|\n|t:|1783552891\n|switch|p2a: Scrafty|Scrafty, L83, M|244/244\n|-activate|p2a: Scrafty|move: Sticky Web\n|-unboost|p2a: Scrafty|spe|1\n|move|p1a: Armarouge|Armor Cannon|p2a: Scrafty\n|-damage|p2a: Scrafty|60/244\n|-unboost|p1a: Armarouge|def|1\n|-unboost|p1a: Armarouge|spd|1\n|\n|-heal|p2a: Scrafty|75/244|[from] item: Leftovers\n|upkeep\n|turn|10\n|inactive|Time left: 300 sec this turn | 300 sec total\n|\n|t:|1783552892\n|switch|p2a: Magmortar|Magmortar, L88, M|275/275\n|move|p1a: Armarouge|Armor Cannon|p2a: Magmortar\n|-resisted|p2a: Magmortar\n|-damage|p2a: Magmortar|185/275\n|-unboost|p1a: Armarouge|def|1\n|-unboost|p1a: Armarouge|spd|1\n|\n|upkeep\n|turn|11\n|inactive|Time left: 300 sec this turn | 300 sec total\n|\n|t:|1783552894\n|switch|p2a: Scrafty|Scrafty, L83, M|75/244\n|-activate|p2a: Scrafty|move: Sticky Web\n|-unboost|p2a: Scrafty|spe|1\n|move|p1a: Armarouge|Armor Cannon|p2a: Scrafty\n|-damage|p2a: Scrafty|0 fnt\n|-unboost|p1a: Armarouge|spd|1\n|faint|p2a: Scrafty\n|\n|upkeep\n|inactive|Time left: 300 sec this turn | 300 sec total | 5 sec grace\n|\n|t:|1783552895\n|switch|p2a: Magmortar|Magmortar, L88, M|185/275\n|turn|12\n|inactive|Time left: 300 sec this turn | 300 sec total\n|\n|t:|1783552896\n|switch|p2a: Meganium|Meganium, L90, M|290/290\n|-activate|p2a: Meganium|move: Sticky Web\n|-unboost|p2a: Meganium|spe|1\n|move|p1a: Armarouge|Armor Cannon|p2a: Meganium\n|-supereffective|p2a: Meganium\n|-damage|p2a: Meganium|0 fnt\n|-unboost|p1a: Armarouge|spd|1\n|faint|p2a: Meganium\n|\n|upkeep\n|inactive|Time left: 300 sec this turn | 300 sec total | 5 sec grace\n|\n|t:|1783552897\n|switch|p2a: Magmortar|Magmortar, L88, M|185/275\n|turn|13\n|inactive|Time left: 300 sec this turn | 300 sec total\n|\n|t:|1783552898\n|move|p1a: Armarouge|Armor Cannon|p2a: Magmortar\n|-resisted|p2a: Magmortar\n|-damage|p2a: Magmortar|92/275\n|-unboost|p1a: Armarouge|spd|1\n|move|p2a: Magmortar|Knock Off|p1a: Armarouge\n|-supereffective|p1a: Armarouge\n|-damage|p1a: Armarouge|0 fnt\n|-enditem|p1a: Armarouge|Choice Specs|[from] move: Knock Off|[of] p2a: Magmortar\n|faint|p1a: Armarouge\n|\n|upkeep\n|\n|t:|1783552899\n|switch|p1a: Hitmonlee|Hitmonlee, L85, M|100/100\n|-activate|p1a: Hitmonlee|move: Sticky Web\n|-unboost|p1a: Hitmonlee|spe|1\n|turn|14\n|inactive|Time left: 300 sec this turn | 300 sec total\n|\n|t:|1783552900\n|move|p2a: Magmortar|Fire Blast|p1a: Hitmonlee\n|-damage|p1a: Hitmonlee|43/100\n|move|p1a: Hitmonlee|High Jump Kick|p2a: Magmortar\n|-damage|p2a: Magmortar|0 fnt\n|-status|p1a: Hitmonlee|brn|[from] ability: Flame Body|[of] p2a: Magmortar\n|faint|p2a: Magmortar\n|\n|-damage|p1a: Hitmonlee|37/100 brn|[from] brn\n|upkeep\n|inactive|Time left: 300 sec this turn | 300 sec total | 5 sec grace\n|\n|t:|1783552901\n|switch|p2a: Leavanny|Leavanny, L86, M|269/269\n|-activate|p2a: Leavanny|move: Sticky Web\n|-unboost|p2a: Leavanny|spe|1\n|turn|15\n|inactive|Time left: 300 sec this turn | 300 sec total\n|\n|t:|1783552902\n|move|p2a: Leavanny|Bullet Seed|p1a: Hitmonlee\n|-damage|p1a: Hitmonlee|18/100 brn\n|-damage|p1a: Hitmonlee|0 fnt\n|faint|p1a: Hitmonlee\n|-hitcount|p1: Hitmonlee|2\n|\n|upkeep\n|\n|t:|1783552903\n|switch|p1a: Banette|Banette, L93, F|100/100\n|-activate|p1a: Banette|move: Sticky Web\n|-unboost|p1a: Banette|spe|1\n|turn|16\n|inactive|Time left: 300 sec this turn | 300 sec total\n|\n|t:|1783552904\n|move|p2a: Leavanny|Knock Off|p1a: Banette\n|-supereffective|p1a: Banette\n|-damage|p1a: Banette|40/100\n|-start|p2a: Leavanny|Disable|Knock Off|[from] ability: Cursed Body|[of] p1a: Banette\n|-enditem|p1a: Banette|Life Orb|[from] move: Knock Off|[of] p2a: Leavanny\n|move|p1a: Banette|Gunk Shot|p2a: Leavanny\n|-supereffective|p2a: Leavanny\n|-damage|p2a: Leavanny|21/269\n|\n|upkeep\n|turn|17\n|inactive|Time left: 300 sec this turn | 300 sec total\n|\n|t:|1783552906\n|move|p1a: Banette|Shadow Sneak|p2a: Leavanny\n|-damage|p2a: Leavanny|0 fnt\n|faint|p2a: Leavanny\n|\n|upkeep\n|inactive|Time left: 300 sec this turn | 300 sec total | 5 sec grace\n|\n|t:|1783552907\n|switch|p2a: Magearna|Magearna, L77|250/250\n|-activate|p2a: Magearna|move: Sticky Web\n|-unboost|p2a: Magearna|spe|1\n|turn|18\n|inactive|Time left: 300 sec this turn | 300 sec total\n|\n|t:|1783552908\n|-terastallize|p1a: Banette|Ghost\n|move|p1a: Banette|Poltergeist|p2a: Magearna\n|-activate|p2a: Magearna|move: Poltergeist|Leftovers\n|-damage|p2a: Magearna|48/250\n|move|p2a: Magearna|Thunder Wave|p1a: Banette\n|-status|p1a: Banette|par\n|\n|-heal|p2a: Magearna|63/250|[from] item: Leftovers\n|upkeep\n|turn|19\n|inactive|Time left: 300 sec this turn | 300 sec total\n|\n|t:|1783552909\n|move|p1a: Banette|Shadow Sneak|p2a: Magearna\n|-damage|p2a: Magearna|0 fnt\n|faint|p2a: Magearna\n|\n|win|p0x111406ef", "uploadtime": 1783552909, "views": 0, "rating": 0, "private": 0, "password": null, "_winner": "p0x111406ef", "_our_name": "p0y1114d98f"}