{"id": "battle-gen9randombattle-2723", "formatid": "gen9randombattle", "format": "[Gen 9] Random Battle", "players": ["p0x27235cf4", "p0y2723e327"], "log": "|init|battle\n|title|p0x27235cf4 vs. p0y2723e327\n|j|\u2606p0x27235cf4\n|j|\u2606p0y2723e327\n|t:|1783570393\n|gametype|singles\n|player|p1|p0x27235cf4|265|\n|player|p2|p0y2723e327|266|\n|gen|9\n|tier|[Gen 9] Random Battle\n|rule|Species Clause: Limit one of each Pok\u00e9mon\n|rule|HP Percentage Mod: HP is shown in percentages\n|rule|Sleep Clause Mod: Limit one foe put to sleep\n|rule|Illusion Level Mod: Illusion disguises the Pok\u00e9mon's true level\n|\n|t:|1783570393\n|teamsize|p1|6\n|teamsize|p2|6\n|start\n|switch|p1a: Ludicolo|Ludicolo, L90, F|290/290\n|switch|p2a: Iron Valiant|Iron Valiant, L78|100/100\n|turn|1\n|inactive|Battle timer is ON: inactive players will automatically lose when time's up. (requested by p0y2723e327)\n|inactive|Time left: 300 sec this turn | 300 sec total | 60 sec grace\n|inactive|p0x27235cf4 also wants the timer to be on.\n|\n|t:|1783570394\n|move|p2a: Iron Valiant|Calm Mind|p2a: Iron Valiant\n|-boost|p2a: Iron Valiant|spa|1\n|-boost|p2a: Iron Valiant|spd|1\n|move|p1a: Ludicolo|Hydro Pump|p2a: Iron Valiant\n|-damage|p2a: Iron Valiant|42/100\n|-damage|p1a: Ludicolo|261/290|[from] item: Life Orb\n|\n|upkeep\n|turn|2\n|inactive|Time left: 300 sec this turn | 300 sec total\n|\n|t:|1783570395\n|-terastallize|p2a: Iron Valiant|Fighting\n|move|p2a: Iron Valiant|Close Combat|p1a: Ludicolo\n|-damage|p1a: Ludicolo|0 fnt\n|-unboost|p2a: Iron Valiant|def|1\n|-unboost|p2a: Iron Valiant|spd|1\n|faint|p1a: Ludicolo\n|-damage|p2a: Iron Valiant|32/100|[from] item: Life Orb\n|\n|upkeep\n|inactive|Time left: 300 sec this turn | 300 sec total | 5 sec grace\n|\n|t:|1783570395\n|switch|p1a: Krookodile|Krookodile, L79, F|280/280\n|-ability|p1a: Krookodile|Intimidate|boost\n|-unboost|p2a: Iron Valiant|atk|1\n|turn|3\n|inactive|Time left: 300 sec this turn | 300 sec total\n|\n|t:|1783570396\n|move|p1a: Krookodile|Knock Off|p2a: Iron Valiant\n|-resisted|p2a: Iron Valiant\n|-damage|p2a: Iron Valiant|0 fnt\n|-enditem|p2a: Iron Valiant|Life Orb|[from] move: Knock Off|[of] p1a: Krookodile\n|faint|p2a: Iron Valiant\n|-end|p2a: Iron Valiant|Quark Drive|[silent]\n|\n|upkeep\n|\n|t:|1783570397\n|switch|p2a: Whiscash|Whiscash, L88, F|100/100\n|turn|4\n|inactive|Time left: 300 sec this turn | 300 sec total\n|\n|t:|1783570398\n|switch|p1a: Slaking|Slaking, L84, F|389/389\n|move|p2a: Whiscash|Liquidation|p1a: Slaking\n|-damage|p1a: Slaking|282/389\n|-unboost|p1a: Slaking|def|1\n|-damage|p2a: Whiscash|91/100|[from] item: Life Orb\n|\n|upkeep\n|turn|5\n|inactive|Time left: 300 sec this turn | 300 sec total\n|\n|t:|1783570399\n|move|p1a: Slaking|Giga Impact|p2a: Whiscash\n|-damage|p2a: Whiscash|0 fnt\n|-mustrecharge|p1a: Slaking\n|faint|p2a: Whiscash\n|\n|upkeep\n|\n|t:|1783570400\n|switch|p2a: Cresselia|Cresselia, L80, F|100/100\n|turn|6\n|inactive|Time left: 300 sec this turn | 300 sec total\n|\n|t:|1783570401\n|cant|p1a: Slaking|recharge\n|move|p2a: Cresselia|Calm Mind|p2a: Cresselia\n|-boost|p2a: Cresselia|spa|1\n|-boost|p2a: Cresselia|spd|1\n|\n|upkeep\n|turn|7\n|inactive|Time left: 300 sec this turn | 300 sec total\n|\n|t:|1783570402\n|move|p1a: Slaking|Giga Impact|p2a: Cresselia\n|-damage|p2a: Cresselia|0 fnt\n|-mustrecharge|p1a: Slaking\n|faint|p2a: Cresselia\n|\n|upkeep\n|\n|t:|1783570403\n|switch|p2a: Morpeko|Morpeko, L88, M|100/100\n|turn|8\n|inactive|Time left: 300 sec this turn | 300 sec total\n|\n|t:|1783570404\n|move|p2a: Morpeko|Aura Wheel|p1a: Slaking\n|-damage|p1a: Slaking|107/389\n|-boost|p2a: Morpeko|spe|1\n|cant|p1a: Slaking|recharge\n|\n|-formechange|p2a: Morpeko|Morpeko-Hangry||[from] ability: Hunger Switch\n|upkeep\n|turn|9\n|inactive|Time left: 300 sec this turn | 300 sec total\n|\n|t:|1783570405\n|switch|p1a: Krookodile|Krookodile, L79, F|280/280\n|-ability|p1a: Krookodile|Intimidate|boost\n|-unboost|p2a: Morpeko|atk|1\n|move|p2a: Morpeko|Aura Wheel|p1a: Krookodile\n|-resisted|p1a: Krookodile\n|-damage|p1a: Krookodile|234/280\n|-boost|p2a: Morpeko|spe|1\n|\n|-formechange|p2a: Morpeko|Morpeko||[from] ability: Hunger Switch\n|upkeep\n|turn|10\n|inactive|Time left: 300 sec this turn | 300 sec total\n|\n|t:|1783570405\n|move|p2a: Morpeko|Protect|p2a: Morpeko\n|-singleturn|p2a: Morpeko|Protect\n|move|p1a: Krookodile|Earthquake|p2a: Morpeko\n|-activate|p2a: Morpeko|move: Protect\n|\n|-formechange|p2a: Morpeko|Morpeko-Hangry||[from] ability: Hunger Switch\n|upkeep\n|turn|11\n|inactive|Time left: 300 sec this turn | 300 sec total\n|\n|t:|1783570407\n|switch|p2a: Girafarig|Girafarig, L89, M|100/100\n|move|p1a: Krookodile|Earthquake|p2a: Girafarig\n|-damage|p2a: Girafarig|71/100\n|\n|upkeep\n|turn|12\n|inactive|Time left: 300 sec this turn | 300 sec total\n|\n|t:|1783570408\n|move|p1a: Krookodile|Earthquake|p2a: Girafarig\n|-damage|p2a: Girafarig|37/100\n|move|p2a: Girafarig|Dazzling Gleam|p1a: Krookodile\n|-supereffective|p1a: Krookodile\n|-damage|p1a: Krookodile|74/280\n|\n|upkeep\n|turn|13\n|inactive|Time left: 300 sec this turn | 300 sec total\n|\n|t:|1783570409\n|switch|p1a: Moltres|Moltres-Galar, L79|271/271\n|move|p2a: Girafarig|Dazzling Gleam|p1a: Moltres\n|-supereffective|p1a: Moltres\n|-damage|p1a: Moltres|177/271\n|-enditem|p1a: Moltres|Weakness Policy\n|-boost|p1a: Moltres|atk|2|[from] item: Weakness Policy\n|-boost|p1a: Moltres|spa|2|[from] item: Weakness Policy\n|\n|upkeep\n|turn|14\n|inactive|Time left: 300 sec this turn | 300 sec total\n|\n|t:|1783570410\n|move|p2a: Girafarig|Dazzling Gleam|p1a: Moltres\n|-supereffective|p1a: Moltres\n|-damage|p1a: Moltres|87/271\n|-ability|p1a: Moltres|Berserk|boost\n|-boost|p1a: Moltres|spa|1\n|move|p1a: Moltres|Agility|p1a: Moltres\n|-boost|p1a: Moltres|spe|2\n|\n|upkeep\n|turn|15\n|inactive|Time left: 300 sec this turn | 300 sec total\n|\n|t:|1783570411\n|move|p1a: Moltres|Fiery Wrath|p2a: Girafarig\n|-supereffective|p2a: Girafarig\n|-damage|p2a: Girafarig|0 fnt\n|faint|p2a: Girafarig\n|\n|upkeep\n|\n|t:|1783570411\n|switch|p2a: Morpeko|Morpeko, L88, M|100/100\n|turn|16\n|inactive|Time left: 300 sec this turn | 300 sec total\n|\n|t:|1783570412\n|move|p1a: Moltres|Fiery Wrath|p2a: Morpeko\n|-resisted|p2a: Morpeko\n|-damage|p2a: Morpeko|48/100\n|move|p2a: Morpeko|Aura Wheel|p1a: Moltres\n|-supereffective|p1a: Moltres\n|-damage|p1a: Moltres|0 fnt\n|-boost|p2a: Morpeko|spe|1\n|faint|p1a: Moltres\n|\n|-heal|p2a: Morpeko|54/100|[from] item: Leftovers\n|-formechange|p2a: Morpeko|Morpeko-Hangry||[from] ability: Hunger Switch\n|upkeep\n|inactive|Time left: 300 sec this turn | 300 sec total | 5 sec grace\n|\n|t:|1783570413\n|switch|p1a: Krookodile|Krookodile, L79, F|74/280\n|-ability|p1a: Krookodile|Intimidate|boost\n|-unboost|p2a: Morpeko|atk|1\n|turn|17\n|inactive|Time left: 300 sec this turn | 300 sec total\n|\n|t:|1783570414\n|move|p2a: Morpeko|Knock Off|p1a: Krookodile\n|-resisted|p1a: Krookodile\n|-damage|p1a: Krookodile|33/280\n|-enditem|p1a: Krookodile|Choice Scarf|[from] move: Knock Off|[of] p2a: Morpeko\n|move|p1a: Krookodile|Earthquake|p2a: Morpeko\n|-supereffective|p2a: Morpeko\n|-damage|p2a: Morpeko|0 fnt\n|faint|p2a: Morpeko\n|\n|upkeep\n|\n|t:|1783570415\n|switch|p2a: Miraidon|Miraidon, L65|100/100\n|-fieldstart|move: Electric Terrain|[from] ability: Hadron Engine|[of] p2a: Miraidon\n|turn|18\n|inactive|Time left: 300 sec this turn | 300 sec total\n|\n|t:|1783570415\n|move|p2a: Miraidon|Draco Meteor|p1a: Krookodile\n|-damage|p1a: Krookodile|0 fnt\n|-unboost|p2a: Miraidon|spa|2\n|faint|p1a: Krookodile\n|\n|upkeep\n|inactive|Time left: 300 sec this turn | 300 sec total | 5 sec grace\n|\n|t:|1783570416\n|switch|p1a: Slaking|Slaking, L84, F|107/389\n|turn|19\n|inactive|Time left: 300 sec this turn | 300 sec total\n|\n|t:|1783570417\n|move|p1a: Slaking|Earthquake|p2a: Miraidon\n|-supereffective|p2a: Miraidon\n|-damage|p2a: Miraidon|0 fnt\n|faint|p2a: Miraidon\n|\n|win|p0x27235cf4", "uploadtime": 1783570417, "views": 0, "rating": 0, "private": 0, "password": null, "_winner": "p0x27235cf4", "_our_name": "p0x27235cf4"}