{"id": "battle-gen9randombattle-1138", "formatid": "gen9randombattle", "format": "[Gen 9] Random Battle", "players": ["p0x113831da", "p0y1138ee7c"], "log": "|init|battle\n|title|p0x113831da vs. p0y1138ee7c\n|j|\u2606p0x113831da\n|j|\u2606p0y1138ee7c\n|t:|1783552324\n|gametype|singles\n|player|p1|p0x113831da|169|\n|player|p2|p0y1138ee7c|266|\n|gen|9\n|tier|[Gen 9] Random Battle\n|rule|Species Clause: Limit one of each Pok\u00e9mon\n|rule|HP Percentage Mod: HP is shown in percentages\n|rule|Sleep Clause Mod: Limit one foe put to sleep\n|rule|Illusion Level Mod: Illusion disguises the Pok\u00e9mon's true level\n|\n|t:|1783552324\n|teamsize|p1|6\n|teamsize|p2|6\n|start\n|switch|p1a: Sandslash|Sandslash, L89, M|100/100\n|switch|p2a: Skeledirge|Skeledirge, L79, F|294/294\n|turn|1\n|inactive|Battle timer is ON: inactive players will automatically lose when time's up. (requested by p0x113831da)\n|inactive|Time left: 300 sec this turn | 300 sec total | 60 sec grace\n|inactive|p0y1138ee7c also wants the timer to be on.\n|\n|t:|1783552326\n|move|p1a: Sandslash|Earthquake|p2a: Skeledirge\n|-supereffective|p2a: Skeledirge\n|-damage|p2a: Skeledirge|66/294\n|move|p2a: Skeledirge|Will-O-Wisp|p1a: Sandslash\n|-status|p1a: Sandslash|brn\n|\n|-damage|p1a: Sandslash|94/100 brn|[from] brn\n|upkeep\n|turn|2\n|inactive|Time left: 300 sec this turn | 300 sec total\n|\n|t:|1783552327\n|switch|p2a: Great Tusk|Great Tusk, L77|304/304\n|move|p1a: Sandslash|Knock Off|p2a: Great Tusk\n|-resisted|p2a: Great Tusk\n|-damage|p2a: Great Tusk|289/304\n|-enditem|p2a: Great Tusk|Leftovers|[from] move: Knock Off|[of] p1a: Sandslash\n|\n|-heal|p1a: Sandslash|100/100 brn|[from] item: Leftovers\n|-damage|p1a: Sandslash|94/100 brn|[from] brn\n|upkeep\n|turn|3\n|inactive|Time left: 300 sec this turn | 300 sec total\n|\n|t:|1783552329\n|move|p2a: Great Tusk|Bulk Up|p2a: Great Tusk\n|-boost|p2a: Great Tusk|atk|1\n|-boost|p2a: Great Tusk|def|1\n|move|p1a: Sandslash|Swords Dance|p1a: Sandslash\n|-boost|p1a: Sandslash|atk|2\n|\n|-heal|p1a: Sandslash|100/100 brn|[from] item: Leftovers\n|-damage|p1a: Sandslash|94/100 brn|[from] brn\n|upkeep\n|turn|4\n|inactive|Time left: 300 sec this turn | 300 sec total\n|\n|t:|1783552330\n|move|p2a: Great Tusk|Earthquake|p1a: Sandslash\n|-damage|p1a: Sandslash|44/100 brn\n|move|p1a: Sandslash|Rapid Spin|p2a: Great Tusk\n|-damage|p2a: Great Tusk|269/304\n|-boost|p1a: Sandslash|spe|1\n|\n|-heal|p1a: Sandslash|50/100 brn|[from] item: Leftovers\n|-damage|p1a: Sandslash|44/100 brn|[from] brn\n|upkeep\n|turn|5\n|inactive|Time left: 300 sec this turn | 300 sec total\n|\n|t:|1783552331\n|move|p1a: Sandslash|Earthquake|p2a: Great Tusk\n|-damage|p2a: Great Tusk|208/304\n|move|p2a: Great Tusk|Earthquake|p1a: Sandslash\n|-damage|p1a: Sandslash|0 fnt\n|faint|p1a: Sandslash\n|\n|upkeep\n|\n|t:|1783552332\n|switch|p1a: Cramorant|Cramorant, L86, M|100/100\n|turn|6\n|inactive|Time left: 300 sec this turn | 300 sec total\n|\n|t:|1783552333\n|-end|p2a: Great Tusk|Protosynthesis|[silent]\n|switch|p2a: Eiscue|Eiscue, L88, F|274/274\n|move|p1a: Cramorant|Surf|p2a: Eiscue\n|-formechange|p1a: Cramorant|Cramorant-Gulping|\n|-damage|p2a: Eiscue|181/274\n|\n|upkeep\n|turn|7\n|inactive|Time left: 300 sec this turn | 300 sec total\n|\n|t:|1783552334\n|move|p1a: Cramorant|Surf|p2a: Eiscue\n|-damage|p2a: Eiscue|99/274\n|-enditem|p2a: Eiscue|Sitrus Berry|[eat]\n|-heal|p2a: Eiscue|167/274|[from] item: Sitrus Berry\n|move|p2a: Eiscue|Ice Spinner|p1a: Cramorant\n|-damage|p1a: Cramorant|61/100\n|-damage|p2a: Eiscue|99/274|[from] ability: Gulp Missile|[of] p1a: Cramorant\n|-unboost|p2a: Eiscue|def|1\n|-formechange|p1a: Cramorant|Cramorant|\n|\n|upkeep\n|turn|8\n|inactive|Time left: 300 sec this turn | 300 sec total\n|\n|t:|1783552335\n|move|p1a: Cramorant|Surf|p2a: Eiscue\n|-formechange|p1a: Cramorant|Cramorant-Gulping|\n|-damage|p2a: Eiscue|9/274\n|move|p2a: Eiscue|Ice Spinner|p1a: Cramorant\n|-damage|p1a: Cramorant|22/100\n|-damage|p2a: Eiscue|0 fnt|[from] ability: Gulp Missile|[of] p1a: Cramorant\n|-formechange|p1a: Cramorant|Cramorant|\n|faint|p2a: Eiscue\n|\n|upkeep\n|inactive|Time left: 300 sec this turn | 300 sec total | 5 sec grace\n|\n|t:|1783552336\n|switch|p2a: Mewtwo|Mewtwo, L72|272/272\n|-ability|p2a: Mewtwo|Pressure\n|turn|9\n|inactive|Time left: 300 sec this turn | 300 sec total\n|\n|t:|1783552337\n|move|p2a: Mewtwo|Psystrike|p1a: Cramorant\n|-damage|p1a: Cramorant|0 fnt\n|faint|p1a: Cramorant\n|-damage|p2a: Mewtwo|245/272|[from] item: Life Orb\n|\n|upkeep\n|\n|t:|1783552339\n|switch|p1a: Ceruledge|Ceruledge, L78, F|100/100\n|turn|10\n|inactive|Time left: 300 sec this turn | 300 sec total\n|\n|t:|1783552340\n|move|p2a: Mewtwo|Psystrike|p1a: Ceruledge\n|-damage|p1a: Ceruledge|36/100\n|-damage|p2a: Mewtwo|218/272|[from] item: Life Orb\n|move|p1a: Ceruledge|Poltergeist|p2a: Mewtwo\n|-activate|p2a: Mewtwo|move: Poltergeist|Life Orb\n|-supereffective|p2a: Mewtwo\n|-damage|p2a: Mewtwo|0 fnt\n|faint|p2a: Mewtwo\n|\n|upkeep\n|inactive|Time left: 300 sec this turn | 300 sec total | 5 sec grace\n|\n|t:|1783552341\n|switch|p2a: Great Tusk|Great Tusk, L77|208/304\n|turn|11\n|inactive|Time left: 300 sec this turn | 300 sec total\n|\n|t:|1783552342\n|switch|p1a: Ludicolo|Ludicolo, L90, M|100/100\n|move|p2a: Great Tusk|Earthquake|p1a: Ludicolo\n|-resisted|p1a: Ludicolo\n|-damage|p1a: Ludicolo|80/100\n|\n|upkeep\n|turn|12\n|inactive|Time left: 300 sec this turn | 300 sec total\n|\n|t:|1783552343\n|-end|p2a: Great Tusk|Protosynthesis|[silent]\n|switch|p2a: Registeel|Registeel, L81|262/262\n|move|p1a: Ludicolo|Giga Drain|p2a: Registeel\n|-resisted|p2a: Registeel\n|-damage|p2a: Registeel|223/262\n|-heal|p1a: Ludicolo|87/100|[from] drain|[of] p2a: Registeel\n|-damage|p1a: Ludicolo|77/100|[from] item: Life Orb\n|\n|-heal|p2a: Registeel|239/262|[from] item: Leftovers\n|upkeep\n|turn|13\n|inactive|Time left: 300 sec this turn | 300 sec total\n|\n|t:|1783552344\n|move|p1a: Ludicolo|Hydro Pump|p2a: Registeel|[miss]\n|-miss|p1a: Ludicolo|p2a: Registeel\n|move|p2a: Registeel|Iron Defense|p2a: Registeel\n|-boost|p2a: Registeel|def|2\n|\n|-heal|p2a: Registeel|255/262|[from] item: Leftovers\n|upkeep\n|turn|14\n|inactive|Time left: 300 sec this turn | 300 sec total\n|\n|t:|1783552345\n|switch|p1a: Ceruledge|Ceruledge, L78, F|36/100\n|move|p2a: Registeel|Body Press|p1a: Ceruledge\n|-immune|p1a: Ceruledge\n|\n|-heal|p2a: Registeel|262/262|[from] item: Leftovers\n|upkeep\n|turn|15\n|inactive|Time left: 300 sec this turn | 300 sec total\n|\n|t:|1783552346\n|move|p1a: Ceruledge|Swords Dance|p1a: Ceruledge\n|-boost|p1a: Ceruledge|atk|2\n|move|p2a: Registeel|Thunder Wave|p1a: Ceruledge|[miss]\n|-miss|p2a: Registeel|p1a: Ceruledge\n|\n|upkeep\n|turn|16\n|inactive|Time left: 300 sec this turn | 300 sec total\n|\n|t:|1783552347\n|move|p1a: Ceruledge|Bitter Blade|p2a: Registeel\n|-supereffective|p2a: Registeel\n|-damage|p2a: Registeel|134/262\n|-heal|p1a: Ceruledge|63/100|[from] drain|[of] p2a: Registeel\n|move|p2a: Registeel|Iron Defense|p2a: Registeel\n|-boost|p2a: Registeel|def|2\n|\n|-heal|p2a: Registeel|150/262|[from] item: Leftovers\n|upkeep\n|turn|17\n|inactive|Time left: 300 sec this turn | 300 sec total\n|\n|t:|1783552348\n|move|p1a: Ceruledge|Bitter Blade|p2a: Registeel\n|-supereffective|p2a: Registeel\n|-damage|p2a: Registeel|58/262\n|-heal|p1a: Ceruledge|81/100|[from] drain|[of] p2a: Registeel\n|move|p2a: Registeel|Thunder Wave|p1a: Ceruledge\n|-status|p1a: Ceruledge|par\n|\n|-heal|p2a: Registeel|74/262|[from] item: Leftovers\n|upkeep\n|turn|18\n|inactive|Time left: 300 sec this turn | 300 sec total\n|\n|t:|1783552349\n|switch|p2a: Skeledirge|Skeledirge, L79, F|66/294\n|cant|p1a: Ceruledge|par\n|\n|upkeep\n|turn|19\n|inactive|Time left: 300 sec this turn | 300 sec total\n|\n|t:|1783552350\n|switch|p1a: Ludicolo|Ludicolo, L90, M|77/100\n|move|p2a: Skeledirge|Hex|p1a: Ludicolo\n|-crit|p1a: Ludicolo\n|-damage|p1a: Ludicolo|47/100\n|\n|upkeep\n|turn|20\n|inactive|Time left: 300 sec this turn | 300 sec total\n|\n|t:|1783552351\n|move|p1a: Ludicolo|Hydro Pump|p2a: Skeledirge\n|-supereffective|p2a: Skeledirge\n|-damage|p2a: Skeledirge|0 fnt\n|faint|p2a: Skeledirge\n|-damage|p1a: Ludicolo|37/100|[from] item: Life Orb\n|\n|upkeep\n|inactive|Time left: 300 sec this turn | 300 sec total | 5 sec grace\n|\n|t:|1783552352\n|switch|p2a: Great Tusk|Great Tusk, L77|208/304\n|turn|21\n|inactive|Time left: 300 sec this turn | 300 sec total\n|\n|t:|1783552353\n|move|p2a: Great Tusk|Close Combat|p1a: Ludicolo\n|-damage|p1a: Ludicolo|0 fnt\n|-unboost|p2a: Great Tusk|def|1\n|-unboost|p2a: Great Tusk|spd|1\n|faint|p1a: Ludicolo\n|\n|upkeep\n|\n|t:|1783552353\n|switch|p1a: Iron Valiant|Iron Valiant, L78|100/100\n|turn|22\n|inactive|Time left: 300 sec this turn | 300 sec total\n|\n|t:|1783552354\n|-end|p2a: Great Tusk|Protosynthesis|[silent]\n|switch|p2a: Registeel|Registeel, L81|74/262\n|move|p1a: Iron Valiant|Moonblast|p2a: Registeel\n|-resisted|p2a: Registeel\n|-damage|p2a: Registeel|27/262\n|-damage|p1a: Iron Valiant|91/100|[from] item: Life Orb\n|\n|-heal|p2a: Registeel|43/262|[from] item: Leftovers\n|upkeep\n|turn|23\n|inactive|Time left: 300 sec this turn | 300 sec total\n|\n|t:|1783552355\n|move|p1a: Iron Valiant|Knock Off|p2a: Registeel\n|-damage|p2a: Registeel|0 fnt\n|-enditem|p2a: Registeel|Leftovers|[from] move: Knock Off|[of] p1a: Iron Valiant\n|faint|p2a: Registeel\n|-damage|p1a: Iron Valiant|81/100|[from] item: Life Orb\n|\n|upkeep\n|inactive|Time left: 300 sec this turn | 300 sec total | 5 sec grace\n|\n|t:|1783552356\n|switch|p2a: Great Tusk|Great Tusk, L77|208/304\n|turn|24\n|inactive|Time left: 300 sec this turn | 300 sec total\n|\n|t:|1783552357\n|-terastallize|p2a: Great Tusk|Steel\n|move|p1a: Iron Valiant|Moonblast|p2a: Great Tusk\n|-resisted|p2a: Great Tusk\n|-damage|p2a: Great Tusk|111/304\n|-damage|p1a: Iron Valiant|71/100|[from] item: Life Orb\n|move|p2a: Great Tusk|Rapid Spin|p1a: Iron Valiant\n|-crit|p1a: Iron Valiant\n|-damage|p1a: Iron Valiant|48/100\n|-boost|p2a: Great Tusk|spe|1\n|\n|upkeep\n|turn|25\n|inactive|Time left: 300 sec this turn | 300 sec total\n|\n|t:|1783552358\n|move|p2a: Great Tusk|Earthquake|p1a: Iron Valiant\n|-damage|p1a: Iron Valiant|1/100\n|move|p1a: Iron Valiant|Close Combat|p2a: Great Tusk\n|-supereffective|p2a: Great Tusk\n|-damage|p2a: Great Tusk|0 fnt\n|-unboost|p1a: Iron Valiant|def|1\n|-unboost|p1a: Iron Valiant|spd|1\n|faint|p2a: Great Tusk\n|-end|p2a: Great Tusk|Protosynthesis|[silent]\n|-damage|p1a: Iron Valiant|0 fnt|[from] item: Life Orb\n|faint|p1a: Iron Valiant\n|-end|p1a: Iron Valiant|Quark Drive|[silent]\n|\n|upkeep\n|inactive|Time left: 300 sec this turn | 300 sec total | 5 sec grace\n|\n|t:|1783552359\n|switch|p1a: Regirock|Regirock, L83|100/100\n|switch|p2a: Smeargle|Smeargle, L95, M|258/258\n|turn|26\n|inactive|Time left: 300 sec this turn | 300 sec total\n|\n|t:|1783552360\n|-terastallize|p1a: Regirock|Fighting\n|move|p2a: Smeargle|Spore|p1a: Regirock\n|-status|p1a: Regirock|slp|[from] move: Spore\n|-enditem|p1a: Regirock|Chesto Berry|[eat]\n|-curestatus|p1a: Regirock|slp|[msg]\n|move|p1a: Regirock|Body Press|p2a: Smeargle\n|-supereffective|p2a: Smeargle\n|-damage|p2a: Smeargle|0 fnt\n|faint|p2a: Smeargle\n|\n|win|p0x113831da", "uploadtime": 1783552360, "views": 0, "rating": 0, "private": 0, "password": null, "_winner": "p0x113831da", "_our_name": "p0y1138ee7c"}