{"id": "battle-gen9randombattle-1232", "formatid": "gen9randombattle", "format": "[Gen 9] Random Battle", "players": ["p0x12326d35", "p0y12322b74"], "log": "|init|battle\n|title|p0x12326d35 vs. p0y12322b74\n|j|\u2606p0x12326d35\n|j|\u2606p0y12322b74\n|t:|1783554240\n|gametype|singles\n|player|p1|p0x12326d35|2|\n|player|p2|p0y12322b74|266|\n|gen|9\n|tier|[Gen 9] Random Battle\n|rule|Species Clause: Limit one of each Pok\u00e9mon\n|rule|HP Percentage Mod: HP is shown in percentages\n|rule|Sleep Clause Mod: Limit one foe put to sleep\n|rule|Illusion Level Mod: Illusion disguises the Pok\u00e9mon's true level\n|\n|t:|1783554240\n|teamsize|p1|6\n|teamsize|p2|6\n|start\n|switch|p1a: Squawkabilly|Squawkabilly-Blue, L85, M|278/278\n|switch|p2a: Copperajah|Copperajah, L86, F|100/100\n|turn|1\n|inactive|Battle timer is ON: inactive players will automatically lose when time's up. (requested by p0y12322b74)\n|inactive|Time left: 300 sec this turn | 300 sec total | 60 sec grace\n|inactive|p0x12326d35 also wants the timer to be on.\n|\n|t:|1783554242\n|switch|p1a: Skeledirge|Skeledirge, L79, M|294/294\n|move|p2a: Copperajah|Iron Head|p1a: Skeledirge\n|-resisted|p1a: Skeledirge\n|-damage|p1a: Skeledirge|198/294\n|\n|upkeep\n|turn|2\n|inactive|Time left: 300 sec this turn | 300 sec total\n|\n|t:|1783554243\n|move|p1a: Skeledirge|Torch Song|p2a: Copperajah\n|-supereffective|p2a: Copperajah\n|-damage|p2a: Copperajah|49/100\n|-boost|p1a: Skeledirge|spa|1\n|move|p2a: Copperajah|Earthquake|p1a: Skeledirge\n|-supereffective|p1a: Skeledirge\n|-damage|p1a: Skeledirge|0 fnt\n|faint|p1a: Skeledirge\n|-damage|p2a: Copperajah|39/100|[from] item: Life Orb\n|\n|upkeep\n|inactive|Time left: 300 sec this turn | 300 sec total | 5 sec grace\n|\n|t:|1783554245\n|switch|p1a: Thundurus|Thundurus-Therian, L80, M|258/258\n|turn|3\n|inactive|Time left: 300 sec this turn | 300 sec total\n|\n|t:|1783554246\n|move|p1a: Thundurus|Thunderbolt|p2a: Copperajah\n|-damage|p2a: Copperajah|0 fnt\n|faint|p2a: Copperajah\n|\n|upkeep\n|\n|t:|1783554247\n|switch|p2a: Regice|Regice, L88|100/100\n|turn|4\n|inactive|Time left: 300 sec this turn | 300 sec total\n|\n|t:|1783554248\n|move|p1a: Thundurus|Nasty Plot|p1a: Thundurus\n|-boost|p1a: Thundurus|spa|2\n|move|p2a: Regice|Ice Beam|p1a: Thundurus\n|-supereffective|p1a: Thundurus\n|-damage|p1a: Thundurus|0 fnt\n|faint|p1a: Thundurus\n|\n|upkeep\n|inactive|Time left: 300 sec this turn | 300 sec total | 5 sec grace\n|\n|t:|1783554249\n|switch|p1a: Zangoose|Zangoose, L85, F|263/263\n|turn|5\n|inactive|Time left: 300 sec this turn | 300 sec total\n|\n|t:|1783554250\n|move|p1a: Zangoose|Swords Dance|p1a: Zangoose\n|-boost|p1a: Zangoose|atk|2\n|move|p2a: Regice|Ice Beam|p1a: Zangoose\n|-damage|p1a: Zangoose|134/263\n|\n|-status|p1a: Zangoose|tox|[from] item: Toxic Orb\n|upkeep\n|turn|6\n|inactive|Time left: 300 sec this turn | 300 sec total\n|\n|t:|1783554251\n|switch|p2a: Misdreavus|Misdreavus, L90, F|100/100\n|move|p1a: Zangoose|Facade|p2a: Misdreavus\n|-immune|p2a: Misdreavus\n|\n|-damage|p1a: Zangoose|118/263 tox|[from] psn\n|upkeep\n|turn|7\n|inactive|Time left: 300 sec this turn | 300 sec total\n|\n|t:|1783554253\n|move|p2a: Misdreavus|Draining Kiss|p1a: Zangoose\n|-damage|p1a: Zangoose|66/263 tox\n|move|p1a: Zangoose|Knock Off|p2a: Misdreavus\n|-supereffective|p2a: Misdreavus\n|-damage|p2a: Misdreavus|0 fnt\n|-enditem|p2a: Misdreavus|Eviolite|[from] move: Knock Off|[of] p1a: Zangoose\n|faint|p2a: Misdreavus\n|\n|-damage|p1a: Zangoose|34/263 tox|[from] psn\n|upkeep\n|\n|t:|1783554254\n|switch|p2a: Arceus|Arceus-Poison, L70|100/100\n|turn|8\n|inactive|Time left: 300 sec this turn | 300 sec total\n|\n|t:|1783554255\n|switch|p1a: Squawkabilly|Squawkabilly-Blue, L85, M|278/278\n|move|p2a: Arceus|Gunk Shot|p1a: Squawkabilly|[miss]\n|-miss|p2a: Arceus|p1a: Squawkabilly\n|\n|-status|p1a: Squawkabilly|brn|[from] item: Flame Orb\n|upkeep\n|turn|9\n|inactive|Time left: 300 sec this turn | 300 sec total\n|\n|t:|1783554255\n|-terastallize|p1a: Squawkabilly|Normal\n|move|p2a: Arceus|Gunk Shot|p1a: Squawkabilly\n|-damage|p1a: Squawkabilly|83/278 brn\n|move|p1a: Squawkabilly|Facade|p2a: Arceus\n|-damage|p2a: Arceus|5/100\n|\n|-damage|p1a: Squawkabilly|66/278 brn|[from] brn\n|upkeep\n|turn|10\n|inactive|Time left: 300 sec this turn | 300 sec total\n|\n|t:|1783554256\n|switch|p1a: Chimecho|Chimecho, L93, F|290/290\n|move|p2a: Arceus|Extreme Speed|p1a: Chimecho\n|-damage|p1a: Chimecho|242/290\n|\n|-heal|p1a: Chimecho|260/290|[from] item: Leftovers\n|upkeep\n|turn|11\n|inactive|Time left: 300 sec this turn | 300 sec total\n|\n|t:|1783554257\n|move|p2a: Arceus|Gunk Shot|p1a: Chimecho\n|-damage|p1a: Chimecho|134/290\n|-status|p1a: Chimecho|psn\n|move|p1a: Chimecho|Psychic Noise|p2a: Arceus\n|-supereffective|p2a: Arceus\n|-damage|p2a: Arceus|0 fnt\n|faint|p2a: Arceus\n|\n|-heal|p1a: Chimecho|152/290 psn|[from] item: Leftovers\n|-damage|p1a: Chimecho|116/290 psn|[from] psn\n|upkeep\n|\n|t:|1783554258\n|switch|p2a: Scovillain|Scovillain, L91, M|100/100\n|turn|12\n|inactive|Time left: 300 sec this turn | 300 sec total\n|\n|t:|1783554259\n|move|p2a: Scovillain|Energy Ball|p1a: Chimecho\n|-damage|p1a: Chimecho|0 fnt\n|faint|p1a: Chimecho\n|\n|upkeep\n|inactive|Time left: 300 sec this turn | 300 sec total | 5 sec grace\n|\n|t:|1783554260\n|switch|p1a: Squawkabilly|Squawkabilly-Blue, L85, M, tera:Normal|66/278 brn\n|turn|13\n|inactive|Time left: 300 sec this turn | 300 sec total\n|\n|t:|1783554261\n|switch|p2a: Quagsire|Quagsire, L84, M|100/100\n|move|p1a: Squawkabilly|Facade|p2a: Quagsire\n|-damage|p2a: Quagsire|0 fnt\n|faint|p2a: Quagsire\n|\n|-damage|p1a: Squawkabilly|49/278 brn|[from] brn\n|upkeep\n|\n|t:|1783554262\n|switch|p2a: Regice|Regice, L88|100/100\n|turn|14\n|inactive|Time left: 300 sec this turn | 300 sec total\n|\n|t:|1783554263\n|move|p1a: Squawkabilly|Facade|p2a: Regice\n|-damage|p2a: Regice|8/100\n|move|p2a: Regice|Rest|p2a: Regice\n|-status|p2a: Regice|slp|[from] move: Rest\n|-heal|p2a: Regice|100/100 slp|[silent]\n|\n|-damage|p1a: Squawkabilly|32/278 brn|[from] brn\n|upkeep\n|turn|15\n|inactive|Time left: 300 sec this turn | 300 sec total\n|\n|t:|1783554264\n|move|p1a: Squawkabilly|Facade|p2a: Regice\n|-damage|p2a: Regice|6/100 slp\n|cant|p2a: Regice|slp\n|move|p2a: Regice|Sleep Talk|p2a: Regice\n|move|p2a: Regice|Ice Beam|p1a: Squawkabilly|[from] move: Sleep Talk\n|-damage|p1a: Squawkabilly|0 fnt\n|faint|p1a: Squawkabilly\n|\n|upkeep\n|inactive|Time left: 300 sec this turn | 300 sec total | 5 sec grace\n|\n|t:|1783554265\n|switch|p1a: Zangoose|Zangoose, L85, F|34/263 tox\n|turn|16\n|inactive|Time left: 300 sec this turn | 300 sec total\n|\n|t:|1783554266\n|move|p1a: Zangoose|Facade|p2a: Regice\n|-damage|p2a: Regice|0 fnt\n|faint|p2a: Regice\n|\n|-damage|p1a: Zangoose|18/263 tox|[from] psn\n|upkeep\n|\n|t:|1783554266\n|switch|p2a: Scovillain|Scovillain, L91, M|100/100\n|turn|17\n|inactive|Time left: 300 sec this turn | 300 sec total\n|\n|t:|1783554267\n|move|p1a: Zangoose|Facade|p2a: Scovillain\n|-damage|p2a: Scovillain|0 fnt\n|faint|p2a: Scovillain\n|\n|win|p0x12326d35", "uploadtime": 1783554267, "views": 0, "rating": 0, "private": 0, "password": null, "_winner": "p0x12326d35", "_our_name": "p0x12326d35"}