{"id": "battle-gen9randombattle-2115", "formatid": "gen9randombattle", "format": "[Gen 9] Random Battle", "players": ["p0x211504cb", "p0y2115cfde"], "log": "|init|battle\n|title|p0x211504cb vs. p0y2115cfde\n|j|\u2606p0x211504cb\n|j|\u2606p0y2115cfde\n|t:|1783564499\n|gametype|singles\n|player|p1|p0x211504cb|170|\n|player|p2|p0y2115cfde|101|\n|gen|9\n|tier|[Gen 9] Random Battle\n|rule|Species Clause: Limit one of each Pok\u00e9mon\n|rule|HP Percentage Mod: HP is shown in percentages\n|rule|Sleep Clause Mod: Limit one foe put to sleep\n|rule|Illusion Level Mod: Illusion disguises the Pok\u00e9mon's true level\n|\n|t:|1783564499\n|teamsize|p1|6\n|teamsize|p2|6\n|start\n|switch|p1a: Copperajah|Copperajah, L86, M|349/349\n|switch|p2a: Gurdurr|Gurdurr, L85, M|100/100\n|turn|1\n|inactive|Battle timer is ON: inactive players will automatically lose when time's up. (requested by p0y2115cfde)\n|inactive|Time left: 300 sec this turn | 300 sec total | 60 sec grace\n|inactive|p0x211504cb also wants the timer to be on.\n|\n|t:|1783564501\n|move|p2a: Gurdurr|Drain Punch|p1a: Copperajah\n|-supereffective|p1a: Copperajah\n|-damage|p1a: Copperajah|157/349\n|move|p1a: Copperajah|Heavy Slam|p2a: Gurdurr\n|-damage|p2a: Gurdurr|44/100\n|\n|upkeep\n|turn|2\n|inactive|Time left: 300 sec this turn | 300 sec total\n|\n|t:|1783564502\n|switch|p1a: Whimsicott|Whimsicott, L84, F|238/238\n|move|p2a: Gurdurr|Drain Punch|p1a: Whimsicott\n|-resisted|p1a: Whimsicott\n|-damage|p1a: Whimsicott|190/238\n|-heal|p2a: Gurdurr|52/100|[from] drain|[of] p1a: Whimsicott\n|\n|upkeep\n|turn|3\n|inactive|Time left: 300 sec this turn | 300 sec total\n|\n|t:|1783564503\n|move|p1a: Whimsicott|Moonblast|p2a: Gurdurr\n|-supereffective|p2a: Gurdurr\n|-crit|p2a: Gurdurr\n|-damage|p2a: Gurdurr|0 fnt\n|faint|p2a: Gurdurr\n|\n|upkeep\n|\n|t:|1783564504\n|switch|p2a: Palossand|Palossand, L89, M|100/100\n|turn|4\n|inactive|Time left: 300 sec this turn | 300 sec total\n|\n|t:|1783564505\n|move|p1a: Whimsicott|Giga Drain|p2a: Palossand\n|-supereffective|p2a: Palossand\n|-damage|p2a: Palossand|50/100\n|-heal|p1a: Whimsicott|238/238|[from] drain|[of] p2a: Palossand\n|move|p2a: Palossand|Earth Power|p1a: Whimsicott\n|-resisted|p1a: Whimsicott\n|-damage|p1a: Whimsicott|180/238\n|\n|-heal|p2a: Palossand|56/100|[from] item: Leftovers\n|upkeep\n|turn|5\n|inactive|Time left: 300 sec this turn | 300 sec total\n|\n|t:|1783564506\n|move|p1a: Whimsicott|Giga Drain|p2a: Palossand\n|-supereffective|p2a: Palossand\n|-damage|p2a: Palossand|7/100\n|-heal|p1a: Whimsicott|238/238|[from] drain|[of] p2a: Palossand\n|move|p2a: Palossand|Sludge Bomb|p1a: Whimsicott\n|-supereffective|p1a: Whimsicott\n|-damage|p1a: Whimsicott|0 fnt\n|faint|p1a: Whimsicott\n|\n|-heal|p2a: Palossand|13/100|[from] item: Leftovers\n|upkeep\n|inactive|Time left: 300 sec this turn | 300 sec total | 5 sec grace\n|\n|t:|1783564507\n|switch|p1a: Emboar|Emboar, L84, M|322/322\n|turn|6\n|inactive|Time left: 300 sec this turn | 300 sec total\n|\n|t:|1783564508\n|move|p1a: Emboar|Flare Blitz|p2a: Palossand\n|-damage|p2a: Palossand|0 fnt\n|faint|p2a: Palossand\n|-damage|p1a: Emboar|309/322|[from] Recoil\n|\n|upkeep\n|\n|t:|1783564509\n|switch|p2a: Lycanroc|Lycanroc-Dusk, L81, F|100/100\n|turn|7\n|inactive|Time left: 300 sec this turn | 300 sec total\n|\n|t:|1783564510\n|-terastallize|p2a: Lycanroc|Fighting\n|move|p2a: Lycanroc|Close Combat|p1a: Emboar\n|-damage|p1a: Emboar|0 fnt\n|-unboost|p2a: Lycanroc|def|1\n|-unboost|p2a: Lycanroc|spd|1\n|faint|p1a: Emboar\n|\n|upkeep\n|inactive|Time left: 300 sec this turn | 300 sec total | 5 sec grace\n|\n|t:|1783564511\n|switch|p1a: Shaymin|Shaymin, L82|298/298\n|turn|8\n|inactive|Time left: 300 sec this turn | 300 sec total\n|\n|t:|1783564512\n|move|p2a: Lycanroc|Close Combat|p1a: Shaymin\n|-damage|p1a: Shaymin|52/298\n|-unboost|p2a: Lycanroc|def|1\n|-unboost|p2a: Lycanroc|spd|1\n|move|p1a: Shaymin|Air Slash|p2a: Lycanroc\n|-supereffective|p2a: Lycanroc\n|-damage|p2a: Lycanroc|2/100\n|\n|-heal|p1a: Shaymin|70/298|[from] item: Leftovers\n|upkeep\n|turn|9\n|inactive|Time left: 300 sec this turn | 300 sec total\n|\n|t:|1783564514\n|move|p2a: Lycanroc|Close Combat|p1a: Shaymin\n|-damage|p1a: Shaymin|0 fnt\n|-unboost|p2a: Lycanroc|def|1\n|-unboost|p2a: Lycanroc|spd|1\n|faint|p1a: Shaymin\n|\n|upkeep\n|inactive|Time left: 300 sec this turn | 300 sec total | 5 sec grace\n|\n|t:|1783564514\n|switch|p1a: Copperajah|Copperajah, L86, M|157/349\n|turn|10\n|inactive|Time left: 300 sec this turn | 300 sec total\n|\n|t:|1783564516\n|-terastallize|p1a: Copperajah|Flying\n|move|p2a: Lycanroc|Close Combat|p1a: Copperajah\n|-resisted|p1a: Copperajah\n|-damage|p1a: Copperajah|0 fnt\n|-unboost|p2a: Lycanroc|def|1\n|-unboost|p2a: Lycanroc|spd|1\n|faint|p1a: Copperajah\n|\n|upkeep\n|inactive|Time left: 300 sec this turn | 300 sec total | 5 sec grace\n|\n|t:|1783564516\n|switch|p1a: Bombirdier|Bombirdier, L85, F|258/258\n|turn|11\n|inactive|Time left: 300 sec this turn | 300 sec total\n|\n|t:|1783564517\n|move|p2a: Lycanroc|Close Combat|p1a: Bombirdier\n|-damage|p1a: Bombirdier|0 fnt\n|-unboost|p2a: Lycanroc|def|1\n|-unboost|p2a: Lycanroc|spd|1\n|faint|p1a: Bombirdier\n|\n|upkeep\n|inactive|Time left: 300 sec this turn | 300 sec total | 5 sec grace\n|\n|t:|1783564518\n|switch|p1a: Tatsugiri|Tatsugiri, L87, M|260/260\n|turn|12\n|inactive|Time left: 300 sec this turn | 300 sec total\n|\n|t:|1783564519\n|move|p2a: Lycanroc|Close Combat|p1a: Tatsugiri\n|-damage|p1a: Tatsugiri|0 fnt\n|-unboost|p2a: Lycanroc|def|1\n|-unboost|p2a: Lycanroc|spd|1\n|faint|p1a: Tatsugiri\n|\n|win|p0y2115cfde", "uploadtime": 1783564519, "views": 0, "rating": 0, "private": 0, "password": null, "_winner": "p0y2115cfde", "_our_name": "p0x211504cb"}