{"id": "battle-gen9randombattle-2451", "formatid": "gen9randombattle", "format": "[Gen 9] Random Battle", "players": ["p0x245186bf", "p0y2451bf77"], "log": "|init|battle\n|title|p0x245186bf vs. p0y2451bf77\n|j|\u2606p0x245186bf\n|j|\u2606p0y2451bf77\n|t:|1783568411\n|gametype|singles\n|player|p1|p0x245186bf|169|\n|player|p2|p0y2451bf77|102|\n|gen|9\n|tier|[Gen 9] Random Battle\n|rule|Species Clause: Limit one of each Pok\u00e9mon\n|rule|HP Percentage Mod: HP is shown in percentages\n|rule|Sleep Clause Mod: Limit one foe put to sleep\n|rule|Illusion Level Mod: Illusion disguises the Pok\u00e9mon's true level\n|\n|t:|1783568411\n|teamsize|p1|6\n|teamsize|p2|6\n|start\n|switch|p1a: Leavanny|Leavanny, L86, F|269/269\n|switch|p2a: Ariados|Ariados, L95, F|100/100\n|turn|1\n|inactive|Battle timer is ON: inactive players will automatically lose when time's up. (requested by p0x245186bf)\n|inactive|p0y2451bf77 also wants the timer to be on.\n|\n|t:|1783568413\n|move|p1a: Leavanny|Sticky Web|p2a: Ariados\n|-sidestart|p2: p0y2451bf77|move: Sticky Web\n|move|p2a: Ariados|Sticky Web|p1a: Leavanny\n|-sidestart|p1: p0x245186bf|move: Sticky Web\n|\n|upkeep\n|turn|2\n|inactive|Time left: 300 sec this turn | 300 sec total\n|\n|t:|1783568414\n|move|p1a: Leavanny|Lunge|p2a: Ariados\n|-resisted|p2a: Ariados\n|-damage|p2a: Ariados|85/100\n|-unboost|p2a: Ariados|atk|1\n|move|p2a: Ariados|Poison Jab|p1a: Leavanny\n|-supereffective|p1a: Leavanny\n|-crit|p1a: Leavanny\n|-enditem|p1a: Leavanny|Focus Sash\n|-damage|p1a: Leavanny|1/269\n|-status|p1a: Leavanny|psn\n|\n|-damage|p1a: Leavanny|0 fnt|[from] psn\n|faint|p1a: Leavanny\n|upkeep\n|inactive|Time left: 300 sec this turn | 300 sec total | 5 sec grace\n|\n|t:|1783568415\n|switch|p1a: Grimmsnarl|Grimmsnarl, L83, M|293/293\n|-activate|p1a: Grimmsnarl|move: Sticky Web\n|-unboost|p1a: Grimmsnarl|spe|1\n|turn|3\n|inactive|Time left: 300 sec this turn | 300 sec total\n|\n|t:|1783568416\n|move|p2a: Ariados|Poison Jab|p1a: Grimmsnarl\n|-supereffective|p1a: Grimmsnarl\n|-damage|p1a: Grimmsnarl|113/293\n|move|p1a: Grimmsnarl|Spirit Break|p2a: Ariados\n|-resisted|p2a: Ariados\n|-damage|p2a: Ariados|69/100\n|-unboost|p2a: Ariados|spa|1\n|\n|-heal|p1a: Grimmsnarl|131/293|[from] item: Leftovers\n|upkeep\n|turn|4\n|inactive|Time left: 300 sec this turn | 300 sec total\n|\n|t:|1783568417\n|move|p2a: Ariados|Poison Jab|p1a: Grimmsnarl\n|-supereffective|p1a: Grimmsnarl\n|-damage|p1a: Grimmsnarl|0 fnt\n|faint|p1a: Grimmsnarl\n|\n|upkeep\n|inactive|Time left: 300 sec this turn | 300 sec total | 5 sec grace\n|\n|t:|1783568418\n|switch|p1a: Reuniclus|Reuniclus, L88, F|337/337\n|-activate|p1a: Reuniclus|move: Sticky Web\n|-unboost|p1a: Reuniclus|spe|1\n|turn|5\n|inactive|Time left: 300 sec this turn | 300 sec total\n|\n|t:|1783568419\n|switch|p2a: Wyrdeer|Wyrdeer, L87, M|100/100\n|-activate|p2a: Wyrdeer|move: Sticky Web\n|-unboost|p2a: Wyrdeer|spe|1\n|-ability|p2a: Wyrdeer|Intimidate|boost\n|-unboost|p1a: Reuniclus|atk|1\n|move|p1a: Reuniclus|Psyshock|p2a: Wyrdeer\n|-resisted|p2a: Wyrdeer\n|-damage|p2a: Wyrdeer|76/100\n|\n|-heal|p2a: Wyrdeer|82/100|[from] item: Leftovers\n|upkeep\n|turn|6\n|inactive|Time left: 300 sec this turn | 300 sec total\n|\n|t:|1783568420\n|move|p2a: Wyrdeer|Megahorn|p1a: Reuniclus\n|-supereffective|p1a: Reuniclus\n|-damage|p1a: Reuniclus|145/337\n|move|p1a: Reuniclus|Calm Mind|p1a: Reuniclus\n|-boost|p1a: Reuniclus|spa|1\n|-boost|p1a: Reuniclus|spd|1\n|\n|-heal|p2a: Wyrdeer|89/100|[from] item: Leftovers\n|upkeep\n|turn|7\n|inactive|Time left: 300 sec this turn | 300 sec total\n|\n|t:|1783568421\n|move|p2a: Wyrdeer|Megahorn|p1a: Reuniclus\n|-supereffective|p1a: Reuniclus\n|-damage|p1a: Reuniclus|0 fnt\n|faint|p1a: Reuniclus\n|\n|-heal|p2a: Wyrdeer|95/100|[from] item: Leftovers\n|upkeep\n|inactive|Time left: 300 sec this turn | 300 sec total | 5 sec grace\n|\n|t:|1783568422\n|switch|p1a: Basculegion|Basculegion, L80, M|323/323\n|-activate|p1a: Basculegion|move: Sticky Web\n|-unboost|p1a: Basculegion|spe|1\n|turn|8\n|inactive|Time left: 300 sec this turn | 300 sec total\n|\n|t:|1783568423\n|move|p1a: Basculegion|Flip Turn|p2a: Wyrdeer\n|-damage|p2a: Wyrdeer|63/100\n|inactive|Time left: 300 sec this turn | 300 sec total | 5 sec grace\n|\n|t:|1783568424\n|switch|p1a: Rotom|Rotom-Heat, L83|219/219|[from] Flip Turn\n|move|p2a: Wyrdeer|Earthquake|p1a: Rotom\n|-immune|p1a: Rotom|[from] ability: Levitate\n|\n|-heal|p2a: Wyrdeer|69/100|[from] item: Leftovers\n|upkeep\n|turn|9\n|inactive|Time left: 300 sec this turn | 300 sec total\n|\n|t:|1783568425\n|move|p1a: Rotom|Discharge|p2a: Wyrdeer\n|-crit|p2a: Wyrdeer\n|-damage|p2a: Wyrdeer|23/100\n|-status|p2a: Wyrdeer|par\n|move|p2a: Wyrdeer|Psychic Noise|p1a: Rotom\n|-damage|p1a: Rotom|146/219\n|-start|p1a: Rotom|move: Heal Block\n|\n|-heal|p2a: Wyrdeer|29/100 par|[from] item: Leftovers\n|upkeep\n|turn|10\n|inactive|Time left: 300 sec this turn | 300 sec total\n|\n|t:|1783568426\n|move|p1a: Rotom|Discharge|p2a: Wyrdeer\n|-damage|p2a: Wyrdeer|0 fnt\n|faint|p2a: Wyrdeer\n|\n|-end|p1a: Rotom|move: Heal Block\n|upkeep\n|\n|t:|1783568427\n|switch|p2a: Raichu|Raichu-Alola, L87, F|100/100\n|-activate|p2a: Raichu|move: Sticky Web\n|-unboost|p2a: Raichu|spe|1\n|turn|11\n|inactive|Time left: 300 sec this turn | 300 sec total\n|\n|t:|1783568428\n|move|p1a: Rotom|Pain Split|p2a: Raichu\n|-sethp|p2a: Raichu|80/100|[from] move: Pain Split|[silent]\n|-sethp|p1a: Rotom|196/219|[from] move: Pain Split\n|move|p2a: Raichu|Nasty Plot|p2a: Raichu\n|-boost|p2a: Raichu|spa|2\n|\n|upkeep\n|turn|12\n|inactive|Time left: 300 sec this turn | 300 sec total\n|\n|t:|1783568429\n|move|p1a: Rotom|Volt Switch|p2a: Raichu\n|-resisted|p2a: Raichu\n|-damage|p2a: Raichu|64/100\n|inactive|Time left: 300 sec this turn | 300 sec total | 5 sec grace\n|\n|t:|1783568430\n|switch|p1a: Zarude|Zarude-Dada, L77|288/288|[from] Volt Switch\n|-activate|p1a: Zarude|move: Sticky Web\n|-unboost|p1a: Zarude|spe|1\n|move|p2a: Raichu|Psyshock|p1a: Zarude\n|-immune|p1a: Zarude\n|\n|upkeep\n|turn|13\n|inactive|Time left: 300 sec this turn | 300 sec total\n|\n|t:|1783568431\n|move|p2a: Raichu|Thunderbolt|p1a: Zarude\n|-resisted|p1a: Zarude\n|-damage|p1a: Zarude|145/288\n|-damage|p2a: Raichu|55/100|[from] item: Life Orb\n|move|p1a: Zarude|Knock Off|p2a: Raichu\n|-supereffective|p2a: Raichu\n|-damage|p2a: Raichu|0 fnt\n|-enditem|p2a: Raichu|Life Orb|[from] move: Knock Off|[of] p1a: Zarude\n|faint|p2a: Raichu\n|\n|-heal|p1a: Zarude|163/288|[from] item: Leftovers\n|upkeep\n|\n|t:|1783568431\n|switch|p2a: Weavile|Weavile, L79, F|100/100\n|turn|14\n|inactive|Time left: 300 sec this turn | 300 sec total\n|\n|t:|1783568432\n|move|p2a: Weavile|Triple Axel|p1a: Zarude|[miss]\n|-miss|p2a: Weavile|p1a: Zarude\n|move|p1a: Zarude|Power Whip|p2a: Weavile\n|-damage|p2a: Weavile|31/100\n|\n|-heal|p1a: Zarude|181/288|[from] item: Leftovers\n|upkeep\n|turn|15\n|inactive|Time left: 300 sec this turn | 300 sec total\n|\n|t:|1783568433\n|switch|p1a: Rotom|Rotom-Heat, L83|196/219\n|move|p2a: Weavile|Triple Axel|p1a: Rotom\n|-resisted|p1a: Rotom\n|-damage|p1a: Rotom|187/219\n|-resisted|p1a: Rotom\n|-damage|p1a: Rotom|168/219\n|-resisted|p1a: Rotom\n|-damage|p1a: Rotom|140/219\n|-hitcount|p1a: Rotom|3\n|\n|upkeep\n|turn|16\n|inactive|Time left: 300 sec this turn | 300 sec total\n|\n|t:|1783568434\n|move|p2a: Weavile|Knock Off|p1a: Rotom\n|-damage|p1a: Rotom|40/219\n|-enditem|p1a: Rotom|Heavy-Duty Boots|[from] move: Knock Off|[of] p2a: Weavile\n|move|p1a: Rotom|Discharge|p2a: Weavile\n|-damage|p2a: Weavile|0 fnt\n|faint|p2a: Weavile\n|\n|upkeep\n|\n|t:|1783568435\n|switch|p2a: Basculin|Basculin, L86, M|100/100\n|-activate|p2a: Basculin|move: Sticky Web\n|-unboost|p2a: Basculin|spe|1\n|turn|17\n|inactive|Time left: 300 sec this turn | 300 sec total\n|\n|t:|1783568436\n|move|p2a: Basculin|Aqua Jet|p1a: Rotom\n|-supereffective|p1a: Rotom\n|-damage|p1a: Rotom|0 fnt\n|faint|p1a: Rotom\n|\n|upkeep\n|inactive|Time left: 300 sec this turn | 300 sec total | 5 sec grace\n|\n|t:|1783568437\n|switch|p1a: Zarude|Zarude-Dada, L77|181/288\n|-activate|p1a: Zarude|move: Sticky Web\n|-unboost|p1a: Zarude|spe|1\n|turn|18\n|inactive|Time left: 300 sec this turn | 300 sec total\n|\n|t:|1783568438\n|switch|p2a: Ariados|Ariados, L95, F|69/100\n|-activate|p2a: Ariados|move: Sticky Web\n|-unboost|p2a: Ariados|spe|1\n|move|p1a: Zarude|Swords Dance|p1a: Zarude\n|-boost|p1a: Zarude|atk|2\n|\n|-heal|p1a: Zarude|199/288|[from] item: Leftovers\n|upkeep\n|turn|19\n|inactive|Time left: 300 sec this turn | 300 sec total\n|\n|t:|1783568438\n|move|p1a: Zarude|Knock Off|p2a: Ariados\n|-damage|p2a: Ariados|0 fnt\n|-enditem|p2a: Ariados|Focus Sash|[from] move: Knock Off|[of] p1a: Zarude\n|faint|p2a: Ariados\n|\n|-heal|p1a: Zarude|217/288|[from] item: Leftovers\n|upkeep\n|\n|t:|1783568439\n|switch|p2a: Gengar|Gengar, L81, M|100/100\n|-activate|p2a: Gengar|move: Sticky Web\n|-unboost|p2a: Gengar|spe|1\n|turn|20\n|inactive|Time left: 300 sec this turn | 300 sec total\n|\n|t:|1783568440\n|switch|p1a: Basculegion|Basculegion, L80, M|323/323\n|-activate|p1a: Basculegion|move: Sticky Web\n|-unboost|p1a: Basculegion|spe|1\n|move|p2a: Gengar|Sludge Wave|p1a: Basculegion\n|-resisted|p1a: Basculegion\n|-damage|p1a: Basculegion|268/323\n|-damage|p2a: Gengar|90/100|[from] item: Life Orb\n|\n|upkeep\n|turn|21\n|inactive|Time left: 300 sec this turn | 300 sec total\n|\n|t:|1783568441\n|move|p2a: Gengar|Shadow Ball|p1a: Basculegion\n|-supereffective|p1a: Basculegion\n|-damage|p1a: Basculegion|50/323\n|-damage|p2a: Gengar|80/100|[from] item: Life Orb\n|move|p1a: Basculegion|Wave Crash|p2a: Gengar\n|-crit|p2a: Gengar\n|-damage|p2a: Gengar|0 fnt\n|-start|p1a: Basculegion|Disable|Wave Crash|[from] ability: Cursed Body|[of] p2a: Gengar\n|faint|p2a: Gengar\n|-damage|p1a: Basculegion|0 fnt|[from] Recoil\n|faint|p1a: Basculegion\n|\n|upkeep\n|inactive|Time left: 300 sec this turn | 300 sec total | 5 sec grace\n|\n|t:|1783568442\n|switch|p2a: Basculin|Basculin, L86, M|100/100\n|switch|p1a: Zarude|Zarude-Dada, L77|217/288\n|-activate|p2a: Basculin|move: Sticky Web\n|-unboost|p2a: Basculin|spe|1\n|-activate|p1a: Zarude|move: Sticky Web\n|-unboost|p1a: Zarude|spe|1\n|turn|22\n|inactive|Time left: 300 sec this turn | 300 sec total\n|\n|t:|1783568443\n|-terastallize|p1a: Zarude|Grass\n|move|p2a: Basculin|Wave Crash|p1a: Zarude\n|-resisted|p1a: Zarude\n|-damage|p1a: Zarude|96/288\n|-damage|p2a: Basculin|85/100|[from] Recoil\n|move|p1a: Zarude|Synthesis|p1a: Zarude\n|-heal|p1a: Zarude|240/288\n|\n|-heal|p1a: Zarude|258/288|[from] item: Leftovers\n|upkeep\n|turn|23\n|inactive|Time left: 300 sec this turn | 300 sec total\n|\n|t:|1783568444\n|-terastallize|p2a: Basculin|Water\n|move|p2a: Basculin|Wave Crash|p1a: Zarude\n|-resisted|p1a: Zarude\n|-damage|p1a: Zarude|132/288\n|-damage|p2a: Basculin|69/100|[from] Recoil\n|move|p1a: Zarude|Synthesis|p1a: Zarude\n|-heal|p1a: Zarude|276/288\n|\n|-heal|p1a: Zarude|288/288|[from] item: Leftovers\n|upkeep\n|turn|24\n|inactive|Time left: 300 sec this turn | 300 sec total\n|\n|t:|1783568445\n|move|p2a: Basculin|Wave Crash|p1a: Zarude\n|-resisted|p1a: Zarude\n|-damage|p1a: Zarude|162/288\n|-damage|p2a: Basculin|53/100|[from] Recoil\n|move|p1a: Zarude|Knock Off|p2a: Basculin\n|-damage|p2a: Basculin|4/100\n|-enditem|p2a: Basculin|Choice Band|[from] move: Knock Off|[of] p1a: Zarude\n|\n|-heal|p1a: Zarude|180/288|[from] item: Leftovers\n|upkeep\n|turn|25\n|inactive|Time left: 300 sec this turn | 300 sec total\n|\n|t:|1783568446\n|move|p2a: Basculin|Flip Turn|p1a: Zarude\n|-resisted|p1a: Zarude\n|-damage|p1a: Zarude|135/288\n|move|p1a: Zarude|Knock Off|p2a: Basculin\n|-damage|p2a: Basculin|0 fnt\n|faint|p2a: Basculin\n|\n|win|p0x245186bf", "uploadtime": 1783568446, "views": 0, "rating": 0, "private": 0, "password": null, "_winner": "p0x245186bf", "_our_name": "p0x245186bf"}