{"id": "battle-gen9randombattle-153", "formatid": "gen9randombattle", "format": "[Gen 9] Random Battle", "players": ["p0x1532845", "p0y153a72b"], "log": "|init|battle\n|title|p0x1532845 vs. p0y153a72b\n|j|\u2606p0x1532845\n|j|\u2606p0y153a72b\n|t:|1783541331\n|gametype|singles\n|player|p1|p0x1532845|2|\n|player|p2|p0y153a72b|102|\n|gen|9\n|tier|[Gen 9] Random Battle\n|rule|Species Clause: Limit one of each Pok\u00e9mon\n|rule|HP Percentage Mod: HP is shown in percentages\n|rule|Sleep Clause Mod: Limit one foe put to sleep\n|rule|Illusion Level Mod: Illusion disguises the Pok\u00e9mon's true level\n|\n|t:|1783541331\n|teamsize|p1|6\n|teamsize|p2|6\n|start\n|switch|p1a: Spiritomb|Spiritomb, L89, M|100/100\n|switch|p2a: Alcremie|Alcremie-Mint-Cream, L90, F|263/263\n|turn|1\n|inactive|Battle timer is ON: inactive players will automatically lose when time's up. (requested by p0x1532845)\n|inactive|Time left: 300 sec this turn | 300 sec total | 60 sec grace\n|inactive|p0y153a72b also wants the timer to be on.\n|\n|t:|1783541332\n|-terastallize|p1a: Spiritomb|Ghost\n|move|p2a: Alcremie|Alluring Voice|p1a: Spiritomb\n|-damage|p1a: Spiritomb|63/100\n|move|p1a: Spiritomb|Poltergeist|p2a: Alcremie\n|-activate|p2a: Alcremie|move: Poltergeist|Leftovers\n|-damage|p2a: Alcremie|0 fnt\n|faint|p2a: Alcremie\n|\n|upkeep\n|inactive|Time left: 300 sec this turn | 300 sec total | 65 sec grace\n|\n|t:|1783541333\n|switch|p2a: Squawkabilly|Squawkabilly-Yellow, L89, F|291/291\n|turn|2\n|inactive|Time left: 300 sec this turn | 300 sec total\n|\n|t:|1783541334\n|switch|p1a: Bellibolt|Bellibolt, L84, M|100/100\n|move|p2a: Squawkabilly|Brave Bird|p1a: Bellibolt\n|-resisted|p1a: Bellibolt\n|-damage|p1a: Bellibolt|69/100\n|-start|p1a: Bellibolt|Charge|Brave Bird|[from] ability: Electromorphosis\n|-damage|p2a: Squawkabilly|257/291|[from] Recoil\n|\n|-heal|p1a: Bellibolt|75/100|[from] item: Leftovers\n|upkeep\n|turn|3\n|inactive|Time left: 300 sec this turn | 300 sec total\n|\n|t:|1783541335\n|move|p2a: Squawkabilly|Parting Shot|p1a: Bellibolt\n|-unboost|p1a: Bellibolt|atk|1\n|-unboost|p1a: Bellibolt|spa|1\n|inactive|Time left: 300 sec this turn | 300 sec total | 5 sec grace\n|\n|t:|1783541336\n|switch|p2a: Electivire|Electivire, L84, M|263/263|[from] Parting Shot\n|move|p1a: Bellibolt|Thunderbolt|p2a: Electivire\n|-ability|p2a: Electivire|Motor Drive|boost\n|-boost|p2a: Electivire|spe|1\n|-end|p1a: Bellibolt|Charge|[silent]\n|\n|-heal|p1a: Bellibolt|81/100|[from] item: Leftovers\n|upkeep\n|turn|4\n|inactive|Time left: 300 sec this turn | 300 sec total\n|\n|t:|1783541337\n|switch|p1a: Swampert|Swampert, L83, M|100/100\n|move|p2a: Electivire|Bulk Up|p2a: Electivire\n|-boost|p2a: Electivire|atk|1\n|-boost|p2a: Electivire|def|1\n|\n|upkeep\n|turn|5\n|inactive|Time left: 300 sec this turn | 300 sec total\n|\n|t:|1783541338\n|move|p2a: Electivire|Earthquake|p1a: Swampert\n|-crit|p1a: Swampert\n|-damage|p1a: Swampert|26/100\n|-damage|p2a: Electivire|237/263|[from] item: Life Orb\n|move|p1a: Swampert|Earthquake|p2a: Electivire\n|-supereffective|p2a: Electivire\n|-damage|p2a: Electivire|43/263\n|\n|-heal|p1a: Swampert|32/100|[from] item: Leftovers\n|upkeep\n|turn|6\n|inactive|Time left: 300 sec this turn | 300 sec total\n|\n|t:|1783541339\n|move|p2a: Electivire|Earthquake|p1a: Swampert\n|-damage|p1a: Swampert|0 fnt\n|faint|p1a: Swampert\n|-damage|p2a: Electivire|17/263|[from] item: Life Orb\n|\n|upkeep\n|\n|t:|1783541340\n|switch|p1a: Scrafty|Scrafty, L83, F|100/100\n|turn|7\n|inactive|Time left: 300 sec this turn | 300 sec total\n|\n|t:|1783541341\n|move|p2a: Electivire|Supercell Slam|p1a: Scrafty\n|-damage|p1a: Scrafty|22/100\n|-damage|p2a: Electivire|0 fnt|[from] item: Life Orb\n|faint|p2a: Electivire\n|move|p1a: Scrafty|Rest|p1a: Scrafty\n|-status|p1a: Scrafty|slp|[from] move: Rest\n|-heal|p1a: Scrafty|100/100 slp|[silent]\n|\n|-activate|p1a: Scrafty|ability: Shed Skin\n|-curestatus|p1a: Scrafty|slp|[msg]\n|upkeep\n|inactive|Time left: 300 sec this turn | 300 sec total | 5 sec grace\n|\n|t:|1783541342\n|switch|p2a: Squawkabilly|Squawkabilly-Yellow, L89, F|257/291\n|turn|8\n|inactive|Time left: 300 sec this turn | 300 sec total\n|\n|t:|1783541343\n|switch|p1a: Bellibolt|Bellibolt, L84, M|81/100\n|move|p2a: Squawkabilly|Brave Bird|p1a: Bellibolt\n|-resisted|p1a: Bellibolt\n|-damage|p1a: Bellibolt|49/100\n|-start|p1a: Bellibolt|Charge|Brave Bird|[from] ability: Electromorphosis\n|-damage|p2a: Squawkabilly|223/291|[from] Recoil\n|\n|-heal|p1a: Bellibolt|55/100|[from] item: Leftovers\n|upkeep\n|turn|9\n|inactive|Time left: 300 sec this turn | 300 sec total\n|\n|t:|1783541344\n|move|p2a: Squawkabilly|Double-Edge|p1a: Bellibolt|[miss]\n|-miss|p2a: Squawkabilly|p1a: Bellibolt\n|move|p1a: Bellibolt|Thunderbolt|p2a: Squawkabilly\n|-supereffective|p2a: Squawkabilly\n|-damage|p2a: Squawkabilly|0 fnt\n|faint|p2a: Squawkabilly\n|-end|p1a: Bellibolt|Charge|[silent]\n|\n|-heal|p1a: Bellibolt|61/100|[from] item: Leftovers\n|upkeep\n|inactive|Time left: 300 sec this turn | 300 sec total | 5 sec grace\n|\n|t:|1783541345\n|switch|p2a: Iron Moth|Iron Moth, L78|253/253\n|turn|10\n|inactive|Time left: 300 sec this turn | 300 sec total\n|\n|t:|1783541346\n|move|p2a: Iron Moth|Fiery Dance|p1a: Bellibolt\n|-damage|p1a: Bellibolt|27/100\n|-start|p1a: Bellibolt|Charge|Fiery Dance|[from] ability: Electromorphosis\n|move|p1a: Bellibolt|Slack Off|p1a: Bellibolt\n|-heal|p1a: Bellibolt|77/100\n|\n|-heal|p1a: Bellibolt|84/100|[from] item: Leftovers\n|upkeep\n|turn|11\n|inactive|Time left: 300 sec this turn | 300 sec total\n|\n|t:|1783541347\n|move|p2a: Iron Moth|U-turn|p1a: Bellibolt\n|-damage|p1a: Bellibolt|72/100\n|-start|p1a: Bellibolt|Charge|U-turn|[from] ability: Electromorphosis\n|inactive|Time left: 300 sec this turn | 300 sec total | 5 sec grace\n|\n|t:|1783541348\n|-end|p2a: Iron Moth|Quark Drive|[silent]\n|switch|p2a: Clodsire|Clodsire, L81, M|343/343|[from] U-turn\n|move|p1a: Bellibolt|Thunderbolt|p2a: Clodsire\n|-immune|p2a: Clodsire\n|-end|p1a: Bellibolt|Charge|[silent]\n|\n|-heal|p1a: Bellibolt|78/100|[from] item: Leftovers\n|upkeep\n|turn|12\n|inactive|Time left: 300 sec this turn | 300 sec total\n|\n|t:|1783541348\n|switch|p1a: Spiritomb|Spiritomb, L89, M, tera:Ghost|63/100\n|move|p2a: Clodsire|Toxic Spikes|p1a: Spiritomb\n|-sidestart|p1: p0x1532845|move: Toxic Spikes\n|\n|upkeep\n|turn|13\n|inactive|Time left: 300 sec this turn | 300 sec total\n|\n|t:|1783541349\n|move|p1a: Spiritomb|Poltergeist|p2a: Clodsire\n|-activate|p2a: Clodsire|move: Poltergeist|Leftovers\n|-damage|p2a: Clodsire|0 fnt\n|faint|p2a: Clodsire\n|\n|upkeep\n|inactive|Time left: 300 sec this turn | 300 sec total | 5 sec grace\n|\n|t:|1783541350\n|switch|p2a: Passimian|Passimian, L83, M|302/302\n|turn|14\n|inactive|Time left: 300 sec this turn | 300 sec total\n|\n|t:|1783541351\n|move|p2a: Passimian|Knock Off|p1a: Spiritomb\n|-supereffective|p1a: Spiritomb\n|-damage|p1a: Spiritomb|11/100\n|-enditem|p1a: Spiritomb|Choice Band|[from] move: Knock Off|[of] p2a: Passimian\n|move|p1a: Spiritomb|Poltergeist|p2a: Passimian|[miss]\n|-miss|p1a: Spiritomb|p2a: Passimian\n|\n|upkeep\n|turn|15\n|inactive|Time left: 300 sec this turn | 300 sec total\n|\n|t:|1783541352\n|move|p1a: Spiritomb|Shadow Sneak|p2a: Passimian\n|-crit|p2a: Passimian\n|-damage|p2a: Passimian|208/302\n|move|p2a: Passimian|Knock Off|p1a: Spiritomb\n|-supereffective|p1a: Spiritomb\n|-damage|p1a: Spiritomb|0 fnt\n|faint|p1a: Spiritomb\n|\n|upkeep\n|\n|t:|1783541353\n|switch|p1a: Scrafty|Scrafty, L83, F|100/100\n|-status|p1a: Scrafty|psn\n|turn|16\n|inactive|Time left: 300 sec this turn | 300 sec total\n|\n|t:|1783541354\n|move|p2a: Passimian|Knock Off|p1a: Scrafty\n|-resisted|p1a: Scrafty\n|-damage|p1a: Scrafty|94/100 psn\n|-enditem|p1a: Scrafty|Leftovers|[from] move: Knock Off|[of] p2a: Passimian\n|move|p1a: Scrafty|Bulk Up|p1a: Scrafty\n|-boost|p1a: Scrafty|atk|1\n|-boost|p1a: Scrafty|def|1\n|\n|-activate|p1a: Scrafty|ability: Shed Skin\n|-curestatus|p1a: Scrafty|psn|[msg]\n|upkeep\n|turn|17\n|inactive|Time left: 300 sec this turn | 300 sec total\n|\n|t:|1783541355\n|move|p2a: Passimian|Knock Off|p1a: Scrafty\n|-resisted|p1a: Scrafty\n|-damage|p1a: Scrafty|90/100\n|move|p1a: Scrafty|Knock Off|p2a: Passimian\n|-resisted|p2a: Passimian\n|-damage|p2a: Passimian|136/302\n|-enditem|p2a: Passimian|Choice Scarf|[from] move: Knock Off|[of] p1a: Scrafty\n|\n|upkeep\n|turn|18\n|inactive|Time left: 300 sec this turn | 300 sec total\n|\n|t:|1783541356\n|-terastallize|p2a: Passimian|Fighting\n|move|p2a: Passimian|Close Combat|p1a: Scrafty\n|-supereffective|p1a: Scrafty\n|-damage|p1a: Scrafty|0 fnt\n|-unboost|p2a: Passimian|def|1\n|-unboost|p2a: Passimian|spd|1\n|faint|p1a: Scrafty\n|\n|upkeep\n|\n|t:|1783541357\n|switch|p1a: Cramorant|Cramorant, L86, M|100/100\n|turn|19\n|inactive|Time left: 300 sec this turn | 300 sec total\n|\n|t:|1783541358\n|switch|p2a: Iron Moth|Iron Moth, L78|253/253\n|move|p1a: Cramorant|Surf|p2a: Iron Moth\n|-formechange|p1a: Cramorant|Cramorant-Gulping|\n|-supereffective|p2a: Iron Moth\n|-damage|p2a: Iron Moth|97/253\n|\n|upkeep\n|turn|20\n|inactive|Time left: 300 sec this turn | 300 sec total\n|\n|t:|1783541359\n|move|p2a: Iron Moth|Morning Sun|p2a: Iron Moth\n|-heal|p2a: Iron Moth|223/253\n|move|p1a: Cramorant|Brave Bird|p2a: Iron Moth\n|-damage|p2a: Iron Moth|66/253\n|-damage|p1a: Cramorant|81/100|[from] Recoil\n|\n|upkeep\n|turn|21\n|inactive|Time left: 300 sec this turn | 300 sec total\n|\n|t:|1783541360\n|move|p2a: Iron Moth|Morning Sun|p2a: Iron Moth\n|-heal|p2a: Iron Moth|192/253\n|move|p1a: Cramorant|Brave Bird|p2a: Iron Moth\n|-damage|p2a: Iron Moth|20/253\n|-damage|p1a: Cramorant|59/100|[from] Recoil\n|\n|upkeep\n|turn|22\n|inactive|Time left: 300 sec this turn | 300 sec total\n|\n|t:|1783541361\n|move|p2a: Iron Moth|Sludge Wave|p1a: Cramorant\n|-damage|p1a: Cramorant|20/100\n|-damage|p2a: Iron Moth|0 fnt|[from] ability: Gulp Missile|[of] p1a: Cramorant\n|-formechange|p1a: Cramorant|Cramorant|\n|faint|p2a: Iron Moth\n|-end|p2a: Iron Moth|Quark Drive|[silent]\n|move|p1a: Cramorant|Brave Bird|p2: Iron Moth|[notarget]\n|-fail|p1a: Cramorant\n|\n|upkeep\n|inactive|Time left: 300 sec this turn | 300 sec total | 5 sec grace\n|\n|t:|1783541362\n|switch|p2a: Passimian|Passimian, L83, M, tera:Fighting|136/302\n|turn|23\n|inactive|Time left: 300 sec this turn | 300 sec total\n|\n|t:|1783541362\n|move|p1a: Cramorant|Surf|p2a: Passimian\n|-formechange|p1a: Cramorant|Cramorant-Gorging|\n|-damage|p2a: Passimian|10/302\n|move|p2a: Passimian|Close Combat|p1a: Cramorant\n|-resisted|p1a: Cramorant\n|-damage|p1a: Cramorant|0 fnt\n|-unboost|p2a: Passimian|def|1\n|-unboost|p2a: Passimian|spd|1\n|-damage|p2a: Passimian|0 fnt|[from] ability: Gulp Missile|[of] p1a: Cramorant\n|-formechange|p1a: Cramorant|Cramorant|\n|faint|p1a: Cramorant\n|faint|p2a: Passimian\n|\n|win|p0x1532845", "uploadtime": 1783541362, "views": 0, "rating": 0, "private": 0, "password": null, "_winner": "p0x1532845", "_our_name": "p0y153a72b"}