{"id": "battle-gen9randombattle-1024", "formatid": "gen9randombattle", "format": "[Gen 9] Random Battle", "players": ["p0x1024c363", "p0y10247438"], "log": "|init|battle\n|title|p0x1024c363 vs. p0y10247438\n|j|\u2606p0x1024c363\n|j|\u2606p0y10247438\n|t:|1783551776\n|gametype|singles\n|player|p1|p0x1024c363|169|\n|player|p2|p0y10247438|101|\n|gen|9\n|tier|[Gen 9] Random Battle\n|rule|Species Clause: Limit one of each Pok\u00e9mon\n|rule|HP Percentage Mod: HP is shown in percentages\n|rule|Sleep Clause Mod: Limit one foe put to sleep\n|rule|Illusion Level Mod: Illusion disguises the Pok\u00e9mon's true level\n|\n|t:|1783551776\n|teamsize|p1|6\n|teamsize|p2|6\n|start\n|switch|p1a: Rillaboom|Rillaboom, L79, M|100/100\n|switch|p2a: Iron Bundle|Iron Bundle, L78|215/215\n|-fieldstart|move: Grassy Terrain|[from] ability: Grassy Surge|[of] p1a: Rillaboom\n|turn|1\n|inactive|Battle timer is ON: inactive players will automatically lose when time's up. (requested by p0x1024c363)\n|inactive|Time left: 300 sec this turn | 300 sec total | 60 sec grace\n|\n|t:|1783551777\n|move|p1a: Rillaboom|Grassy Glide|p2a: Iron Bundle\n|-supereffective|p2a: Iron Bundle\n|-damage|p2a: Iron Bundle|0 fnt\n|faint|p2a: Iron Bundle\n|-end|p2a: Iron Bundle|Quark Drive|[silent]\n|\n|upkeep\n|inactive|Time left: 300 sec this turn | 300 sec total | 65 sec grace\n|inactive|p0y10247438 also wants the timer to be on.\n|\n|t:|1783551778\n|switch|p2a: Sinistcha|Sinistcha-Masterpiece, L83|254/254\n|turn|2\n|inactive|Time left: 300 sec this turn | 300 sec total\n|\n|t:|1783551779\n|switch|p1a: Florges|Florges-Yellow, L85, F|100/100\n|move|p2a: Sinistcha|Calm Mind|p2a: Sinistcha\n|-boost|p2a: Sinistcha|spa|1\n|-boost|p2a: Sinistcha|spd|1\n|\n|upkeep\n|turn|3\n|inactive|Time left: 300 sec this turn | 300 sec total\n|\n|t:|1783551780\n|move|p1a: Florges|Calm Mind|p1a: Florges\n|-boost|p1a: Florges|spa|1\n|-boost|p1a: Florges|spd|1\n|move|p2a: Sinistcha|Calm Mind|p2a: Sinistcha\n|-boost|p2a: Sinistcha|spa|1\n|-boost|p2a: Sinistcha|spd|1\n|\n|upkeep\n|turn|4\n|inactive|Time left: 300 sec this turn | 300 sec total\n|\n|t:|1783551781\n|move|p1a: Florges|Calm Mind|p1a: Florges\n|-boost|p1a: Florges|spa|1\n|-boost|p1a: Florges|spd|1\n|move|p2a: Sinistcha|Calm Mind|p2a: Sinistcha\n|-boost|p2a: Sinistcha|spa|1\n|-boost|p2a: Sinistcha|spd|1\n|\n|upkeep\n|turn|5\n|inactive|Time left: 300 sec this turn | 300 sec total\n|\n|t:|1783551782\n|move|p1a: Florges|Calm Mind|p1a: Florges\n|-boost|p1a: Florges|spa|1\n|-boost|p1a: Florges|spd|1\n|move|p2a: Sinistcha|Strength Sap|p1a: Florges\n|-unboost|p1a: Florges|atk|1\n|\n|-fieldend|move: Grassy Terrain\n|upkeep\n|turn|6\n|inactive|Time left: 300 sec this turn | 300 sec total\n|\n|t:|1783551783\n|move|p1a: Florges|Moonblast|p2a: Sinistcha\n|-damage|p2a: Sinistcha|127/254\n|move|p2a: Sinistcha|Calm Mind|p2a: Sinistcha\n|-boost|p2a: Sinistcha|spa|1\n|-boost|p2a: Sinistcha|spd|1\n|\n|-heal|p2a: Sinistcha|142/254|[from] item: Leftovers\n|upkeep\n|turn|7\n|inactive|Time left: 300 sec this turn | 300 sec total\n|\n|t:|1783551784\n|move|p1a: Florges|Moonblast|p2a: Sinistcha\n|-damage|p2a: Sinistcha|31/254\n|move|p2a: Sinistcha|Strength Sap|p1a: Florges\n|-unboost|p1a: Florges|atk|1\n|-heal|p2a: Sinistcha|107/254\n|\n|-heal|p2a: Sinistcha|122/254|[from] item: Leftovers\n|upkeep\n|turn|8\n|inactive|Time left: 300 sec this turn | 300 sec total\n|\n|t:|1783551785\n|move|p1a: Florges|Moonblast|p2a: Sinistcha\n|-damage|p2a: Sinistcha|19/254\n|-unboost|p2a: Sinistcha|spa|1\n|move|p2a: Sinistcha|Strength Sap|p1a: Florges\n|-unboost|p1a: Florges|atk|1\n|-heal|p2a: Sinistcha|76/254\n|\n|-heal|p2a: Sinistcha|91/254|[from] item: Leftovers\n|upkeep\n|turn|9\n|inactive|Time left: 300 sec this turn | 300 sec total\n|\n|t:|1783551786\n|-terastallize|p2a: Sinistcha|Steel\n|move|p1a: Florges|Moonblast|p2a: Sinistcha\n|-resisted|p2a: Sinistcha\n|-damage|p2a: Sinistcha|34/254\n|move|p2a: Sinistcha|Matcha Gotcha|p1a: Florges\n|-crit|p1a: Florges\n|-damage|p1a: Florges|16/100\n|-heal|p2a: Sinistcha|148/254|[from] drain|[of] p1a: Florges\n|\n|-heal|p1a: Florges|22/100|[from] item: Leftovers\n|-heal|p2a: Sinistcha|163/254|[from] item: Leftovers\n|upkeep\n|turn|10\n|inactive|Time left: 300 sec this turn | 300 sec total\n|\n|t:|1783551787\n|-terastallize|p1a: Florges|Ground\n|move|p1a: Florges|Tera Blast|p2a: Sinistcha|[anim] Tera Blast Ground\n|-supereffective|p2a: Sinistcha\n|-damage|p2a: Sinistcha|0 fnt\n|faint|p2a: Sinistcha\n|\n|-heal|p1a: Florges|28/100|[from] item: Leftovers\n|upkeep\n|inactive|Time left: 300 sec this turn | 300 sec total | 5 sec grace\n|\n|t:|1783551788\n|switch|p2a: Tauros|Tauros-Paldea-Blaze, L81, M|252/252\n|turn|11\n|inactive|Time left: 300 sec this turn | 300 sec total\n|\n|t:|1783551789\n|switch|p1a: Latios|Latios, L78, M|100/100\n|move|p2a: Tauros|Raging Bull|p1a: Latios\n|-resisted|p1a: Latios\n|-damage|p1a: Latios|79/100\n|\n|upkeep\n|turn|12\n|inactive|Time left: 300 sec this turn | 300 sec total\n|\n|t:|1783551791\n|switch|p2a: Houndoom|Houndoom, L87, M|272/272\n|move|p1a: Latios|Luster Purge|p2a: Houndoom\n|-immune|p2a: Houndoom\n|\n|upkeep\n|turn|13\n|inactive|Time left: 300 sec this turn | 300 sec total\n|\n|t:|1783551792\n|switch|p1a: Basculin|Basculin-Blue-Striped, L86, F|100/100\n|move|p2a: Houndoom|Dark Pulse|p1a: Basculin\n|-damage|p1a: Basculin|48/100\n|\n|upkeep\n|turn|14\n|inactive|Time left: 300 sec this turn | 300 sec total\n|\n|t:|1783551793\n|switch|p2a: Vileplume|Vileplume, L85, M|266/266\n|move|p1a: Basculin|Flip Turn|p2a: Vileplume\n|-resisted|p2a: Vileplume\n|-damage|p2a: Vileplume|205/266\n|-status|p1a: Basculin|par|[from] ability: Effect Spore|[of] p2a: Vileplume\n|\n|t:|1783551794\n|switch|p1a: Latios|Latios, L78, M|79/100|[from] Flip Turn\n|\n|-heal|p2a: Vileplume|221/266|[from] item: Leftovers\n|upkeep\n|turn|15\n|inactive|Time left: 300 sec this turn | 300 sec total\n|\n|t:|1783551795\n|switch|p2a: Houndoom|Houndoom, L87, M|272/272\n|move|p1a: Latios|Luster Purge|p2a: Houndoom\n|-immune|p2a: Houndoom\n|\n|upkeep\n|turn|16\n|inactive|Time left: 300 sec this turn | 300 sec total\n|\n|t:|1783551796\n|switch|p1a: Florges|Florges-Yellow, L85, F, tera:Ground|28/100\n|move|p2a: Houndoom|Dark Pulse|p1a: Florges\n|-damage|p1a: Florges|5/100\n|\n|-heal|p1a: Florges|10/100|[from] item: Leftovers\n|upkeep\n|turn|17\n|inactive|Time left: 300 sec this turn | 300 sec total\n|\n|t:|1783551797\n|move|p2a: Houndoom|Dark Pulse|p1a: Florges\n|-damage|p1a: Florges|0 fnt\n|faint|p1a: Florges\n|\n|upkeep\n|\n|t:|1783551798\n|switch|p1a: Latios|Latios, L78, M|79/100\n|turn|18\n|inactive|Time left: 300 sec this turn | 300 sec total\n|\n|t:|1783551799\n|move|p1a: Latios|Draco Meteor|p2a: Houndoom\n|-damage|p2a: Houndoom|56/272\n|-unboost|p1a: Latios|spa|2\n|move|p2a: Houndoom|Dark Pulse|p1a: Latios\n|-supereffective|p1a: Latios\n|-damage|p1a: Latios|5/100\n|\n|upkeep\n|turn|19\n|inactive|Time left: 300 sec this turn | 300 sec total\n|\n|t:|1783551800\n|switch|p2a: Vileplume|Vileplume, L85, M|221/266\n|move|p1a: Latios|Draco Meteor|p2a: Vileplume\n|-damage|p2a: Vileplume|118/266\n|-unboost|p1a: Latios|spa|2\n|\n|-heal|p2a: Vileplume|134/266|[from] item: Leftovers\n|upkeep\n|turn|20\n|inactive|Time left: 300 sec this turn | 300 sec total\n|\n|t:|1783551801\n|switch|p1a: Forretress|Forretress, L84, F|100/100\n|move|p2a: Vileplume|Strength Sap|p1a: Forretress\n|-unboost|p1a: Forretress|atk|1\n|-heal|p2a: Vileplume|266/266\n|\n|upkeep\n|turn|21\n|inactive|Time left: 300 sec this turn | 300 sec total\n|\n|t:|1783551802\n|move|p2a: Vileplume|Sleep Powder|p1a: Forretress\n|-status|p1a: Forretress|slp|[from] move: Sleep Powder\n|cant|p1a: Forretress|slp\n|\n|upkeep\n|turn|22\n|inactive|Time left: 300 sec this turn | 300 sec total\n|\n|t:|1783551803\n|move|p2a: Vileplume|Sludge Bomb|p1a: Forretress\n|-immune|p1a: Forretress\n|cant|p1a: Forretress|slp\n|\n|upkeep\n|turn|23\n|inactive|Time left: 300 sec this turn | 300 sec total\n|\n|t:|1783551804\n|move|p2a: Vileplume|Strength Sap|p1a: Forretress\n|-unboost|p1a: Forretress|atk|1\n|-curestatus|p1a: Forretress|slp|[msg]\n|move|p1a: Forretress|Rapid Spin|p2a: Vileplume\n|-damage|p2a: Vileplume|249/266\n|-boost|p1a: Forretress|spe|1\n|-status|p1a: Forretress|par|[from] ability: Effect Spore|[of] p2a: Vileplume\n|\n|-heal|p2a: Vileplume|265/266|[from] item: Leftovers\n|upkeep\n|turn|24\n|inactive|Time left: 300 sec this turn | 300 sec total\n|\n|t:|1783551806\n|move|p2a: Vileplume|Giga Drain|p1a: Forretress\n|-resisted|p1a: Forretress\n|-damage|p1a: Forretress|90/100 par\n|-heal|p2a: Vileplume|266/266|[from] drain|[of] p1a: Forretress\n|move|p1a: Forretress|Thunder Wave|p2a: Vileplume\n|-status|p2a: Vileplume|par\n|\n|-heal|p1a: Forretress|96/100 par|[from] item: Leftovers\n|upkeep\n|turn|25\n|inactive|Time left: 300 sec this turn | 300 sec total\n|\n|t:|1783551807\n|move|p1a: Forretress|Rapid Spin|p2a: Vileplume\n|-damage|p2a: Vileplume|250/266 par\n|-boost|p1a: Forretress|spe|1\n|cant|p2a: Vileplume|par\n|\n|-heal|p1a: Forretress|100/100 par|[from] item: Leftovers\n|-heal|p2a: Vileplume|266/266 par|[from] item: Leftovers\n|upkeep\n|turn|26\n|inactive|Time left: 300 sec this turn | 300 sec total\n|\n|t:|1783551808\n|cant|p1a: Forretress|par\n|move|p2a: Vileplume|Sludge Bomb|p1a: Forretress\n|-immune|p1a: Forretress\n|\n|upkeep\n|turn|27\n|inactive|Time left: 300 sec this turn | 300 sec total\n|\n|t:|1783551809\n|move|p1a: Forretress|Spikes|p2a: Vileplume\n|-sidestart|p2: p0y10247438|Spikes\n|move|p2a: Vileplume|Giga Drain|p1a: Forretress\n|-resisted|p1a: Forretress\n|-damage|p1a: Forretress|89/100 par\n|\n|-heal|p1a: Forretress|95/100 par|[from] item: Leftovers\n|upkeep\n|turn|28\n|inactive|Time left: 300 sec this turn | 300 sec total\n|\n|t:|1783551810\n|cant|p1a: Forretress|par\n|cant|p2a: Vileplume|par\n|\n|-heal|p1a: Forretress|100/100 par|[from] item: Leftovers\n|upkeep\n|turn|29\n|inactive|Time left: 300 sec this turn | 300 sec total\n|\n|t:|1783551811\n|move|p1a: Forretress|Spikes|p2a: Vileplume\n|-sidestart|p2: p0y10247438|Spikes\n|cant|p2a: Vileplume|par\n|\n|upkeep\n|turn|30\n|inactive|Time left: 300 sec this turn | 300 sec total\n|\n|t:|1783551813\n|move|p1a: Forretress|Spikes|p2a: Vileplume\n|-sidestart|p2: p0y10247438|Spikes\n|move|p2a: Vileplume|Strength Sap|p1a: Forretress\n|-unboost|p1a: Forretress|atk|1\n|\n|upkeep\n|turn|31\n|inactive|Time left: 300 sec this turn | 300 sec total\n|\n|t:|1783551814\n|cant|p1a: Forretress|par\n|move|p2a: Vileplume|Sludge Bomb|p1a: Forretress\n|-immune|p1a: Forretress\n|\n|upkeep\n|turn|32\n|inactive|Time left: 300 sec this turn | 300 sec total\n|\n|t:|1783551815\n|move|p1a: Forretress|Iron Head|p2a: Vileplume\n|-damage|p2a: Vileplume|235/266 par\n|cant|p2a: Vileplume|par\n|\n|-heal|p2a: Vileplume|251/266 par|[from] item: Leftovers\n|upkeep\n|turn|33\n|inactive|Time left: 300 sec this turn | 300 sec total\n|\n|t:|1783551816\n|move|p1a: Forretress|Rapid Spin|p2a: Vileplume\n|-damage|p2a: Vileplume|238/266 par\n|-boost|p1a: Forretress|spe|1\n|move|p2a: Vileplume|Giga Drain|p1a: Forretress\n|-resisted|p1a: Forretress\n|-damage|p1a: Forretress|88/100 par\n|-heal|p2a: Vileplume|254/266 par|[from] drain|[of] p1a: Forretress\n|\n|-heal|p1a: Forretress|94/100 par|[from] item: Leftovers\n|-heal|p2a: Vileplume|266/266 par|[from] item: Leftovers\n|upkeep\n|turn|34\n|inactive|Time left: 300 sec this turn | 300 sec total\n|\n|t:|1783551818\n|move|p1a: Forretress|Rapid Spin|p2a: Vileplume\n|-damage|p2a: Vileplume|251/266 par\n|-boost|p1a: Forretress|spe|1\n|move|p2a: Vileplume|Giga Drain|p1a: Forretress\n|-resisted|p1a: Forretress\n|-damage|p1a: Forretress|84/100 par\n|-heal|p2a: Vileplume|265/266 par|[from] drain|[of] p1a: Forretress\n|\n|-heal|p1a: Forretress|90/100 par|[from] item: Leftovers\n|-heal|p2a: Vileplume|266/266 par|[from] item: Leftovers\n|upkeep\n|turn|35\n|inactive|Time left: 300 sec this turn | 300 sec total\n|\n|t:|1783551819\n|move|p1a: Forretress|Iron Head|p2a: Vileplume\n|-damage|p2a: Vileplume|233/266 par\n|cant|p2a: Vileplume|flinch\n|\n|-heal|p1a: Forretress|96/100 par|[from] item: Leftovers\n|-heal|p2a: Vileplume|249/266 par|[from] item: Leftovers\n|upkeep\n|turn|36\n|inactive|Time left: 300 sec this turn | 300 sec total\n|\n|t:|1783551820\n|move|p1a: Forretress|Thunder Wave|p2a: Vileplume\n|-fail|p2a: Vileplume|par\n|move|p2a: Vileplume|Strength Sap|p1a: Forretress\n|-unboost|p1a: Forretress|atk|1\n|-heal|p2a: Vileplume|266/266 par\n|\n|-heal|p1a: Forretress|100/100 par|[from] item: Leftovers\n|upkeep\n|turn|37\n|inactive|Time left: 300 sec this turn | 300 sec total\n|\n|t:|1783551821\n|move|p1a: Forretress|Rapid Spin|p2a: Vileplume\n|-damage|p2a: Vileplume|255/266 par\n|-boost|p1a: Forretress|spe|1\n|cant|p2a: Vileplume|par\n|\n|-heal|p2a: Vileplume|266/266 par|[from] item: Leftovers\n|upkeep\n|turn|38\n|inactive|Time left: 300 sec this turn | 300 sec total\n|\n|t:|1783551822\n|cant|p1a: Forretress|par\n|cant|p2a: Vileplume|par\n|\n|upkeep\n|turn|39\n|inactive|Time left: 300 sec this turn | 300 sec total\n|\n|t:|1783551823\n|move|p1a: Forretress|Iron Head|p2a: Vileplume\n|-damage|p2a: Vileplume|236/266 par\n|move|p2a: Vileplume|Sludge Bomb|p1a: Forretress\n|-immune|p1a: Forretress\n|\n|-heal|p2a: Vileplume|252/266 par|[from] item: Leftovers\n|upkeep\n|turn|40\n|inactive|Time left: 300 sec this turn | 300 sec total\n|\n|t:|1783551824\n|move|p1a: Forretress|Iron Head|p2a: Vileplume\n|-damage|p2a: Vileplume|222/266 par\n|move|p2a: Vileplume|Sludge Bomb|p1a: Forretress\n|-immune|p1a: Forretress\n|\n|-heal|p2a: Vileplume|238/266 par|[from] item: Leftovers\n|upkeep\n|turn|41\n|inactive|Time left: 300 sec this turn | 300 sec total\n|\n|t:|1783551825\n|move|p1a: Forretress|Iron Head|p2a: Vileplume\n|-damage|p2a: Vileplume|211/266 par\n|move|p2a: Vileplume|Giga Drain|p1a: Forretress\n|-resisted|p1a: Forretress\n|-damage|p1a: Forretress|89/100 par\n|-heal|p2a: Vileplume|226/266 par|[from] drain|[of] p1a: Forretress\n|\n|-heal|p1a: Forretress|95/100 par|[from] item: Leftovers\n|-heal|p2a: Vileplume|242/266 par|[from] item: Leftovers\n|upkeep\n|turn|42\n|inactive|Time left: 300 sec this turn | 300 sec total\n|\n|t:|1783551826\n|move|p1a: Forretress|Iron Head|p2a: Vileplume\n|-damage|p2a: Vileplume|214/266 par\n|move|p2a: Vileplume|Giga Drain|p1a: Forretress\n|-resisted|p1a: Forretress\n|-damage|p1a: Forretress|83/100 par\n|-heal|p2a: Vileplume|230/266 par|[from] drain|[of] p1a: Forretress\n|\n|-heal|p1a: Forretress|89/100 par|[from] item: Leftovers\n|-heal|p2a: Vileplume|246/266 par|[from] item: Leftovers\n|upkeep\n|turn|43\n|inactive|Time left: 300 sec this turn | 300 sec total\n|\n|t:|1783551827\n|move|p1a: Forretress|Rapid Spin|p2a: Vileplume\n|-damage|p2a: Vileplume|235/266 par\n|-boost|p1a: Forretress|spe|1\n|move|p2a: Vileplume|Sludge Bomb|p1a: Forretress\n|-immune|p1a: Forretress\n|\n|-heal|p1a: Forretress|95/100 par|[from] item: Leftovers\n|-heal|p2a: Vileplume|251/266 par|[from] item: Leftovers\n|upkeep\n|turn|44\n|inactive|Time left: 300 sec this turn | 300 sec total\n|\n|t:|1783551828\n|move|p1a: Forretress|Rapid Spin|p2a: Vileplume\n|-damage|p2a: Vileplume|240/266 par\n|move|p2a: Vileplume|Giga Drain|p1a: Forretress\n|-resisted|p1a: Forretress\n|-damage|p1a: Forretress|85/100 par\n|-heal|p2a: Vileplume|254/266 par|[from] drain|[of] p1a: Forretress\n|\n|-heal|p1a: Forretress|91/100 par|[from] item: Leftovers\n|-heal|p2a: Vileplume|266/266 par|[from] item: Leftovers\n|upkeep\n|turn|45\n|inactive|Time left: 300 sec this turn | 300 sec total\n|\n|t:|1783551829\n|move|p1a: Forretress|Thunder Wave|p2a: Vileplume\n|-fail|p2a: Vileplume|par\n|move|p2a: Vileplume|Giga Drain|p1a: Forretress\n|-resisted|p1a: Forretress\n|-damage|p1a: Forretress|80/100 par\n|\n|-heal|p1a: Forretress|86/100 par|[from] item: Leftovers\n|upkeep\n|turn|46\n|inactive|Time left: 300 sec this turn | 300 sec total\n|\n|t:|1783551830\n|move|p1a: Forretress|Iron Head|p2a: Vileplume\n|-damage|p2a: Vileplume|238/266 par\n|cant|p2a: Vileplume|flinch\n|\n|-heal|p1a: Forretress|93/100 par|[from] item: Leftovers\n|-heal|p2a: Vileplume|254/266 par|[from] item: Leftovers\n|upkeep\n|turn|47\n|inactive|Time left: 300 sec this turn | 300 sec total\n|\n|t:|1783551831\n|move|p1a: Forretress|Rapid Spin|p2a: Vileplume\n|-damage|p2a: Vileplume|242/266 par\n|move|p2a: Vileplume|Sludge Bomb|p1a: Forretress\n|-immune|p1a: Forretress\n|\n|-heal|p1a: Forretress|99/100 par|[from] item: Leftovers\n|-heal|p2a: Vileplume|258/266 par|[from] item: Leftovers\n|upkeep\n|turn|48\n|inactive|Time left: 300 sec this turn | 300 sec total\n|\n|t:|1783551832\n|move|p1a: Forretress|Rapid Spin|p2a: Vileplume\n|-damage|p2a: Vileplume|245/266 par\n|move|p2a: Vileplume|Sludge Bomb|p1a: Forretress\n|-immune|p1a: Forretress\n|\n|-heal|p1a: Forretress|100/100 par|[from] item: Leftovers\n|-heal|p2a: Vileplume|261/266 par|[from] item: Leftovers\n|upkeep\n|turn|49\n|inactive|Time left: 300 sec this turn | 300 sec total\n|\n|t:|1783551833\n|move|p1a: Forretress|Spikes||[still]\n|-fail|p1a: Forretress\n|move|p2a: Vileplume|Sludge Bomb|p1a: Forretress\n|-immune|p1a: Forretress\n|\n|-heal|p2a: Vileplume|266/266 par|[from] item: Leftovers\n|upkeep\n|turn|50\n|inactive|Time left: 300 sec this turn | 300 sec total\n|\n|t:|1783551834\n|move|p1a: Forretress|Thunder Wave|p2a: Vileplume\n|-fail|p2a: Vileplume|par\n|move|p2a: Vileplume|Sludge Bomb|p1a: Forretress\n|-immune|p1a: Forretress\n|\n|upkeep\n|turn|51\n|inactive|Time left: 300 sec this turn | 300 sec total\n|\n|t:|1783551835\n|move|p1a: Forretress|Spikes||[still]\n|-fail|p1a: Forretress\n|move|p2a: Vileplume|Sludge Bomb|p1a: Forretress\n|-immune|p1a: Forretress\n|\n|upkeep\n|turn|52\n|inactive|Time left: 300 sec this turn | 300 sec total\n|\n|t:|1783551835\n|move|p1a: Forretress|Thunder Wave|p2a: Vileplume\n|-fail|p2a: Vileplume|par\n|cant|p2a: Vileplume|par\n|\n|upkeep\n|turn|53\n|inactive|Time left: 300 sec this turn | 300 sec total\n|\n|t:|1783551836\n|cant|p1a: Forretress|par\n|cant|p2a: Vileplume|par\n|\n|upkeep\n|turn|54\n|inactive|Time left: 300 sec this turn | 300 sec total\n|\n|t:|1783551837\n|move|p1a: Forretress|Iron Head|p2a: Vileplume\n|-damage|p2a: Vileplume|238/266 par\n|cant|p2a: Vileplume|flinch\n|\n|-heal|p2a: Vileplume|254/266 par|[from] item: Leftovers\n|upkeep\n|turn|55\n|inactive|Time left: 300 sec this turn | 300 sec total\n|\n|t:|1783551838\n|cant|p1a: Forretress|par\n|move|p2a: Vileplume|Sludge Bomb|p1a: Forretress\n|-immune|p1a: Forretress\n|\n|-heal|p2a: Vileplume|266/266 par|[from] item: Leftovers\n|upkeep\n|turn|56\n|inactive|Time left: 300 sec this turn | 300 sec total\n|\n|t:|1783551839\n|move|p1a: Forretress|Thunder Wave|p2a: Vileplume|[miss]\n|-miss|p1a: Forretress|p2a: Vileplume\n|move|p2a: Vileplume|Giga Drain|p1a: Forretress\n|-resisted|p1a: Forretress\n|-damage|p1a: Forretress|90/100 par\n|\n|-heal|p1a: Forretress|96/100 par|[from] item: Leftovers\n|upkeep\n|turn|57\n|inactive|Time left: 300 sec this turn | 300 sec total\n|\n|t:|1783551841\n|move|p1a: Forretress|Iron Head|p2a: Vileplume\n|-damage|p2a: Vileplume|236/266 par\n|cant|p2a: Vileplume|flinch\n|\n|-heal|p1a: Forretress|100/100 par|[from] item: Leftovers\n|-heal|p2a: Vileplume|252/266 par|[from] item: Leftovers\n|upkeep\n|turn|58\n|inactive|Time left: 300 sec this turn | 300 sec total\n|\n|t:|1783551842\n|move|p1a: Forretress|Thunder Wave|p2a: Vileplume\n|-fail|p2a: Vileplume|par\n|move|p2a: Vileplume|Giga Drain|p1a: Forretress\n|-resisted|p1a: Forretress\n|-damage|p1a: Forretress|89/100 par\n|-heal|p2a: Vileplume|266/266 par|[from] drain|[of] p1a: Forretress\n|\n|-heal|p1a: Forretress|95/100 par|[from] item: Leftovers\n|upkeep\n|turn|59\n|inactive|Time left: 300 sec this turn | 300 sec total\n|\n|t:|1783551843\n|cant|p1a: Forretress|par\n|cant|p2a: Vileplume|par\n|\n|-heal|p1a: Forretress|100/100 par|[from] item: Leftovers\n|upkeep\n|turn|60\n|inactive|Time left: 300 sec this turn | 300 sec total\n|\n|t:|1783551844\n|cant|p1a: Forretress|par\n|move|p2a: Vileplume|Sludge Bomb|p1a: Forretress\n|-immune|p1a: Forretress\n|\n|upkeep\n|turn|61\n|inactive|Time left: 300 sec this turn | 300 sec total\n|\n|t:|1783551845\n|cant|p1a: Forretress|par\n|move|p2a: Vileplume|Giga Drain|p1a: Forretress\n|-resisted|p1a: Forretress\n|-damage|p1a: Forretress|89/100 par\n|\n|-heal|p1a: Forretress|95/100 par|[from] item: Leftovers\n|upkeep\n|turn|62\n|inactive|Time left: 300 sec this turn | 300 sec total\n|\n|t:|1783551846\n|move|p1a: Forretress|Iron Head|p2a: Vileplume\n|-damage|p2a: Vileplume|238/266 par\n|cant|p2a: Vileplume|par\n|\n|-heal|p1a: Forretress|100/100 par|[from] item: Leftovers\n|-heal|p2a: Vileplume|254/266 par|[from] item: Leftovers\n|upkeep\n|turn|63\n|inactive|Time left: 300 sec this turn | 300 sec total\n|\n|t:|1783551847\n|move|p1a: Forretress|Thunder Wave|p2a: Vileplume|[miss]\n|-miss|p1a: Forretress|p2a: Vileplume\n|move|p2a: Vileplume|Sludge Bomb|p1a: Forretress\n|-immune|p1a: Forretress\n|\n|-heal|p2a: Vileplume|266/266 par|[from] item: Leftovers\n|upkeep\n|turn|64\n|inactive|Time left: 300 sec this turn | 300 sec total\n|\n|t:|1783551849\n|move|p1a: Forretress|Thunder Wave|p2a: Vileplume\n|-fail|p2a: Vileplume|par\n|move|p2a: Vileplume|Sludge Bomb|p1a: Forretress\n|-immune|p1a: Forretress\n|\n|upkeep\n|turn|65\n|inactive|Time left: 300 sec this turn | 300 sec total\n|\n|t:|1783551850\n|move|p1a: Forretress|Iron Head|p2a: Vileplume\n|-damage|p2a: Vileplume|235/266 par\n|move|p2a: Vileplume|Giga Drain|p1a: Forretress\n|-resisted|p1a: Forretress\n|-damage|p1a: Forretress|89/100 par\n|-heal|p2a: Vileplume|250/266 par|[from] drain|[of] p1a: Forretress\n|\n|-heal|p1a: Forretress|95/100 par|[from] item: Leftovers\n|-heal|p2a: Vileplume|266/266 par|[from] item: Leftovers\n|upkeep\n|turn|66\n|inactive|Time left: 300 sec this turn | 300 sec total\n|\n|t:|1783551851\n|cant|p1a: Forretress|par\n|move|p2a: Vileplume|Giga Drain|p1a: Forretress\n|-resisted|p1a: Forretress\n|-damage|p1a: Forretress|83/100 par\n|\n|-heal|p1a: Forretress|89/100 par|[from] item: Leftovers\n|upkeep\n|turn|67\n|inactive|Time left: 300 sec this turn | 300 sec total\n|\n|t:|1783551852\n|move|p1a: Forretress|Spikes||[still]\n|-fail|p1a: Forretress\n|move|p2a: Vileplume|Giga Drain|p1a: Forretress\n|-resisted|p1a: Forretress\n|-crit|p1a: Forretress\n|-damage|p1a: Forretress|71/100 par\n|\n|-heal|p1a: Forretress|77/100 par|[from] item: Leftovers\n|upkeep\n|turn|68\n|inactive|Time left: 300 sec this turn | 300 sec total\n|\n|t:|1783551853\n|move|p1a: Forretress|Iron Head|p2a: Vileplume\n|-damage|p2a: Vileplume|239/266 par\n|cant|p2a: Vileplume|flinch\n|\n|-heal|p1a: Forretress|83/100 par|[from] item: Leftovers\n|-heal|p2a: Vileplume|255/266 par|[from] item: Leftovers\n|upkeep\n|turn|69\n|inactive|Time left: 300 sec this turn | 300 sec total\n|\n|t:|1783551854\n|move|p1a: Forretress|Thunder Wave|p2a: Vileplume\n|-fail|p2a: Vileplume|par\n|cant|p2a: Vileplume|par\n|\n|-heal|p1a: Forretress|89/100 par|[from] item: Leftovers\n|-heal|p2a: Vileplume|266/266 par|[from] item: Leftovers\n|upkeep\n|turn|70\n|inactive|Time left: 300 sec this turn | 300 sec total\n|\n|t:|1783551855\n|move|p1a: Forretress|Thunder Wave|p2a: Vileplume\n|-fail|p2a: Vileplume|par\n|move|p2a: Vileplume|Sludge Bomb|p1a: Forretress\n|-immune|p1a: Forretress\n|\n|-heal|p1a: Forretress|96/100 par|[from] item: Leftovers\n|upkeep\n|turn|71\n|inactive|Time left: 300 sec this turn | 300 sec total\n|\n|t:|1783551856\n|move|p1a: Forretress|Rapid Spin|p2a: Vileplume\n|-damage|p2a: Vileplume|253/266 par\n|cant|p2a: Vileplume|par\n|\n|-heal|p1a: Forretress|100/100 par|[from] item: Leftovers\n|-heal|p2a: Vileplume|266/266 par|[from] item: Leftovers\n|upkeep\n|turn|72\n|inactive|Time left: 300 sec this turn | 300 sec total\n|\n|t:|1783551858\n|switch|p1a: Rillaboom|Rillaboom, L79, M|100/100\n|-fieldstart|move: Grassy Terrain|[from] ability: Grassy Surge|[of] p1a: Rillaboom\n|move|p2a: Vileplume|Giga Drain|p1a: Rillaboom\n|-resisted|p1a: Rillaboom\n|-damage|p1a: Rillaboom|77/100\n|\n|-heal|p1a: Rillaboom|83/100|[from] Grassy Terrain\n|upkeep\n|turn|73\n|inactive|Time left: 300 sec this turn | 300 sec total\n|\n|t:|1783551859\n|move|p1a: Rillaboom|Knock Off|p2a: Vileplume\n|-damage|p2a: Vileplume|159/266 par\n|-enditem|p2a: Vileplume|Leftovers|[from] move: Knock Off|[of] p1a: Rillaboom\n|move|p2a: Vileplume|Giga Drain|p1a: Rillaboom\n|-resisted|p1a: Rillaboom\n|-crit|p1a: Rillaboom\n|-damage|p1a: Rillaboom|45/100\n|-heal|p2a: Vileplume|213/266 par|[from] drain|[of] p1a: Rillaboom\n|\n|-heal|p1a: Rillaboom|52/100|[from] Grassy Terrain\n|-heal|p2a: Vileplume|229/266 par|[from] Grassy Terrain\n|upkeep\n|turn|74\n|inactive|Time left: 300 sec this turn | 300 sec total\n|\n|t:|1783551860\n|move|p1a: Rillaboom|Knock Off|p2a: Vileplume\n|-damage|p2a: Vileplume|155/266 par\n|cant|p2a: Vileplume|par\n|\n|-heal|p1a: Rillaboom|58/100|[from] Grassy Terrain\n|-heal|p2a: Vileplume|171/266 par|[from] Grassy Terrain\n|upkeep\n|turn|75\n|inactive|Time left: 300 sec this turn | 300 sec total\n|\n|t:|1783551861\n|move|p1a: Rillaboom|Knock Off|p2a: Vileplume\n|-damage|p2a: Vileplume|92/266 par\n|move|p2a: Vileplume|Strength Sap|p1a: Rillaboom\n|-unboost|p1a: Rillaboom|atk|1\n|-heal|p2a: Vileplume|266/266 par\n|\n|-heal|p1a: Rillaboom|64/100|[from] Grassy Terrain\n|upkeep\n|turn|76\n|inactive|Time left: 300 sec this turn | 300 sec total\n|\n|t:|1783551862\n|move|p1a: Rillaboom|Knock Off|p2a: Vileplume\n|-damage|p2a: Vileplume|212/266 par\n|cant|p2a: Vileplume|par\n|\n|-heal|p1a: Rillaboom|70/100|[from] Grassy Terrain\n|-heal|p2a: Vileplume|228/266 par|[from] Grassy Terrain\n|-fieldend|move: Grassy Terrain\n|upkeep\n|turn|77\n|inactive|Time left: 300 sec this turn | 300 sec total\n|\n|t:|1783551863\n|move|p1a: Rillaboom|Knock Off|p2a: Vileplume\n|-damage|p2a: Vileplume|175/266 par\n|cant|p2a: Vileplume|par\n|\n|upkeep\n|turn|78\n|inactive|Time left: 300 sec this turn | 300 sec total\n|\n|t:|1783551864\n|switch|p1a: Latios|Latios, L78, M|5/100\n|move|p2a: Vileplume|Strength Sap|p1a: Latios\n|-unboost|p1a: Latios|atk|1\n|-heal|p2a: Vileplume|266/266 par\n|\n|upkeep\n|turn|79\n|inactive|Time left: 300 sec this turn | 300 sec total\n|\n|t:|1783551865\n|move|p1a: Latios|Draco Meteor|p2a: Vileplume\n|-damage|p2a: Vileplume|26/266 par\n|-unboost|p1a: Latios|spa|2\n|move|p2a: Vileplume|Strength Sap|p1a: Latios\n|-unboost|p1a: Latios|atk|1\n|-heal|p2a: Vileplume|149/266 par\n|\n|upkeep\n|turn|80\n|inactive|Time left: 300 sec this turn | 300 sec total\n|\n|t:|1783551866\n|move|p1a: Latios|Draco Meteor|p2a: Vileplume\n|-damage|p2a: Vileplume|47/266 par\n|-unboost|p1a: Latios|spa|2\n|move|p2a: Vileplume|Strength Sap|p1a: Latios\n|-unboost|p1a: Latios|atk|1\n|-heal|p2a: Vileplume|139/266 par\n|\n|upkeep\n|turn|81\n|inactive|Time left: 300 sec this turn | 300 sec total\n|\n|t:|1783551867\n|move|p1a: Latios|Draco Meteor|p2a: Vileplume\n|-damage|p2a: Vileplume|64/266 par\n|-unboost|p1a: Latios|spa|2\n|move|p2a: Vileplume|Strength Sap|p1a: Latios\n|-unboost|p1a: Latios|atk|1\n|-heal|p2a: Vileplume|138/266 par\n|\n|upkeep\n|turn|82\n|inactive|Time left: 300 sec this turn | 300 sec total\n|\n|t:|1783551868\n|move|p1a: Latios|Draco Meteor|p2a: Vileplume|[miss]\n|-miss|p1a: Latios|p2a: Vileplume\n|move|p2a: Vileplume|Strength Sap|p1a: Latios\n|-unboost|p1a: Latios|atk|1\n|-heal|p2a: Vileplume|199/266 par\n|\n|upkeep\n|turn|83\n|inactive|Time left: 300 sec this turn | 300 sec total\n|\n|t:|1783551869\n|move|p1a: Latios|Draco Meteor|p2a: Vileplume\n|-damage|p2a: Vileplume|145/266 par\n|cant|p2a: Vileplume|par\n|\n|upkeep\n|turn|84\n|inactive|Time left: 300 sec this turn | 300 sec total\n|\n|t:|1783551870\n|move|p1a: Latios|Draco Meteor|p2a: Vileplume\n|-damage|p2a: Vileplume|93/266 par\n|move|p2a: Vileplume|Strength Sap|p1a: Latios\n|-unboost|p1a: Latios|atk|1\n|-heal|p2a: Vileplume|145/266 par\n|\n|upkeep\n|turn|85\n|inactive|Time left: 300 sec this turn | 300 sec total\n|\n|t:|1783551871\n|switch|p1a: Dedenne|Dedenne, L88, F|100/100\n|move|p2a: Vileplume|Strength Sap|p1a: Dedenne\n|-unboost|p1a: Dedenne|atk|1\n|-heal|p2a: Vileplume|266/266 par\n|\n|upkeep\n|turn|86\n|inactive|Time left: 300 sec this turn | 300 sec total\n|\n|t:|1783551872\n|move|p1a: Dedenne|Super Fang|p2a: Vileplume\n|-damage|p2a: Vileplume|133/266 par\n|move|p2a: Vileplume|Sleep Powder|p1a: Dedenne\n|-status|p1a: Dedenne|slp|[from] move: Sleep Powder\n|\n|upkeep\n|turn|87\n|inactive|Time left: 300 sec this turn | 300 sec total\n|\n|t:|1783551873\n|switch|p1a: Latios|Latios, L78, M|5/100\n|move|p2a: Vileplume|Strength Sap|p1a: Latios\n|-unboost|p1a: Latios|atk|1\n|-heal|p2a: Vileplume|266/266 par\n|\n|upkeep\n|turn|88\n|inactive|Time left: 300 sec this turn | 300 sec total\n|\n|t:|1783551874\n|switch|p2a: Dewgong|Dewgong, L94, F|322/322\n|move|p1a: Latios|Aura Sphere|p2a: Dewgong\n|-supereffective|p2a: Dewgong\n|-damage|p2a: Dewgong|166/322\n|\n|upkeep\n|turn|89\n|inactive|Time left: 300 sec this turn | 300 sec total\n|\n|t:|1783551875\n|move|p1a: Latios|Aura Sphere|p2a: Dewgong\n|-supereffective|p2a: Dewgong\n|-damage|p2a: Dewgong|16/322\n|move|p2a: Dewgong|Surf|p1a: Latios\n|-resisted|p1a: Latios\n|-damage|p1a: Latios|0 fnt\n|faint|p1a: Latios\n|\n|upkeep\n|\n|t:|1783551876\n|switch|p1a: Rillaboom|Rillaboom, L79, M|70/100\n|-fieldstart|move: Grassy Terrain|[from] ability: Grassy Surge|[of] p1a: Rillaboom\n|turn|90\n|inactive|Time left: 300 sec this turn | 300 sec total\n|\n|t:|1783551877\n|move|p1a: Rillaboom|Grassy Glide|p2a: Dewgong\n|-supereffective|p2a: Dewgong\n|-damage|p2a: Dewgong|0 fnt\n|faint|p2a: Dewgong\n|\n|-heal|p1a: Rillaboom|77/100|[from] Grassy Terrain\n|upkeep\n|inactive|Time left: 300 sec this turn | 300 sec total | 5 sec grace\n|\n|t:|1783551878\n|switch|p2a: Tauros|Tauros-Paldea-Blaze, L81, M|252/252\n|-damage|p2a: Tauros|189/252|[from] Spikes\n|turn|91\n|inactive|Time left: 300 sec this turn | 300 sec total\n|\n|t:|1783551879\n|switch|p1a: Basculin|Basculin-Blue-Striped, L86, F|48/100 par\n|move|p2a: Tauros|Bulk Up|p2a: Tauros\n|-boost|p2a: Tauros|atk|1\n|-boost|p2a: Tauros|def|1\n|\n|-heal|p2a: Tauros|204/252|[from] Grassy Terrain\n|-heal|p1a: Basculin|55/100 par|[from] Grassy Terrain\n|upkeep\n|turn|92\n|inactive|Time left: 300 sec this turn | 300 sec total\n|\n|t:|1783551880\n|move|p1a: Basculin|Aqua Jet|p2a: Tauros\n|-supereffective|p2a: Tauros\n|-damage|p2a: Tauros|100/252\n|-enditem|p2a: Tauros|Sitrus Berry|[eat]\n|-heal|p2a: Tauros|163/252|[from] item: Sitrus Berry\n|move|p2a: Tauros|Close Combat|p1a: Basculin\n|-damage|p1a: Basculin|0 fnt\n|-unboost|p2a: Tauros|def|1\n|-unboost|p2a: Tauros|spd|1\n|faint|p1a: Basculin\n|\n|-heal|p2a: Tauros|178/252|[from] Grassy Terrain\n|upkeep\n|\n|t:|1783551881\n|switch|p1a: Dedenne|Dedenne, L88, F|100/100 slp\n|turn|93\n|inactive|Time left: 300 sec this turn | 300 sec total\n|\n|t:|1783551881\n|cant|p1a: Dedenne|slp\n|move|p2a: Tauros|Raging Bull|p1a: Dedenne\n|-damage|p1a: Dedenne|29/100 slp\n|-enditem|p1a: Dedenne|Sitrus Berry|[eat]\n|-heal|p1a: Dedenne|54/100 slp|[from] item: Sitrus Berry\n|-heal|p1a: Dedenne|87/100 slp|[from] ability: Cheek Pouch\n|\n|-heal|p1a: Dedenne|93/100 slp|[from] Grassy Terrain\n|-heal|p2a: Tauros|193/252|[from] Grassy Terrain\n|-activate|p2a: Tauros|ability: Cud Chew\n|-enditem|p2a: Tauros|Sitrus Berry|[eat]\n|-heal|p2a: Tauros|252/252|[from] item: Sitrus Berry\n|upkeep\n|turn|94\n|inactive|Time left: 300 sec this turn | 300 sec total\n|\n|t:|1783551883\n|cant|p1a: Dedenne|slp\n|move|p2a: Tauros|Raging Bull|p1a: Dedenne\n|-damage|p1a: Dedenne|16/100 slp\n|\n|-heal|p1a: Dedenne|22/100 slp|[from] Grassy Terrain\n|-fieldend|move: Grassy Terrain\n|upkeep\n|turn|95\n|inactive|Time left: 300 sec this turn | 300 sec total\n|\n|t:|1783551884\n|cant|p1a: Dedenne|slp\n|move|p2a: Tauros|Raging Bull|p1a: Dedenne\n|-damage|p1a: Dedenne|0 fnt\n|faint|p1a: Dedenne\n|\n|upkeep\n|\n|t:|1783551884\n|switch|p1a: Forretress|Forretress, L84, F|100/100 par\n|turn|96\n|inactive|Time left: 300 sec this turn | 300 sec total\n|\n|t:|1783551885\n|move|p2a: Tauros|Raging Bull|p1a: Forretress\n|-supereffective|p1a: Forretress\n|-ability|p1a: Forretress|Sturdy\n|-damage|p1a: Forretress|1/100 par\n|move|p1a: Forretress|Thunder Wave|p2a: Tauros\n|-status|p2a: Tauros|par\n|\n|-heal|p1a: Forretress|7/100 par|[from] item: Leftovers\n|upkeep\n|turn|97\n|inactive|Time left: 300 sec this turn | 300 sec total\n|\n|t:|1783551886\n|move|p2a: Tauros|Raging Bull|p1a: Forretress\n|-supereffective|p1a: Forretress\n|-damage|p1a: Forretress|0 fnt\n|faint|p1a: Forretress\n|\n|upkeep\n|\n|t:|1783551887\n|switch|p1a: Rillaboom|Rillaboom, L79, M|77/100\n|-fieldstart|move: Grassy Terrain|[from] ability: Grassy Surge|[of] p1a: Rillaboom\n|turn|98\n|inactive|Time left: 300 sec this turn | 300 sec total\n|\n|t:|1783551888\n|move|p1a: Rillaboom|Knock Off|p2a: Tauros\n|-resisted|p2a: Tauros\n|-damage|p2a: Tauros|218/252 par\n|move|p2a: Tauros|Raging Bull|p1a: Rillaboom\n|-supereffective|p1a: Rillaboom\n|-damage|p1a: Rillaboom|0 fnt\n|faint|p1a: Rillaboom\n|\n|win|p0y10247438", "uploadtime": 1783551888, "views": 0, "rating": 0, "private": 0, "password": null, "_winner": "p0y10247438", "_our_name": "p0y10247438"}