{"id": "battle-gen9randombattle-1115", "formatid": "gen9randombattle", "format": "[Gen 9] Random Battle", "players": ["p0x1115a24d", "p0y111512f6"], "log": "|init|battle\n|title|p0x1115a24d vs. p0y111512f6\n|j|\u2606p0x1115a24d\n|j|\u2606p0y111512f6\n|t:|1783552091\n|gametype|singles\n|player|p1|p0x1115a24d|266|\n|player|p2|p0y111512f6|1|\n|gen|9\n|tier|[Gen 9] Random Battle\n|rule|Species Clause: Limit one of each Pok\u00e9mon\n|rule|HP Percentage Mod: HP is shown in percentages\n|rule|Sleep Clause Mod: Limit one foe put to sleep\n|rule|Illusion Level Mod: Illusion disguises the Pok\u00e9mon's true level\n|\n|t:|1783552091\n|teamsize|p1|6\n|teamsize|p2|6\n|start\n|switch|p1a: Arceus|Arceus-Psychic, L70|284/284\n|switch|p2a: Bastiodon|Bastiodon, L89, M|100/100\n|turn|1\n|inactive|Battle timer is ON: inactive players will automatically lose when time's up. (requested by p0x1115a24d)\n|inactive|p0y111512f6 also wants the timer to be on.\n|\n|t:|1783552093\n|switch|p1a: Hippowdon|Hippowdon, L82, M|311/311\n|-weather|Sandstorm|[from] ability: Sand Stream|[of] p1a: Hippowdon\n|switch|p2a: Groudon|Groudon, L72|100/100\n|-weather|SunnyDay|[from] ability: Drought|[of] p2a: Groudon\n|\n|-weather|SunnyDay|[upkeep]\n|upkeep\n|turn|2\n|inactive|Time left: 300 sec this turn | 300 sec total\n|\n|t:|1783552094\n|move|p2a: Groudon|Swords Dance|p2a: Groudon\n|-boost|p2a: Groudon|atk|2\n|move|p1a: Hippowdon|Stealth Rock|p2a: Groudon\n|-sidestart|p2: p0y111512f6|move: Stealth Rock\n|\n|-weather|SunnyDay|[upkeep]\n|upkeep\n|turn|3\n|inactive|Time left: 300 sec this turn | 300 sec total\n|\n|t:|1783552095\n|move|p2a: Groudon|Precipice Blades|p1a: Hippowdon\n|-crit|p1a: Hippowdon\n|-damage|p1a: Hippowdon|0 fnt\n|faint|p1a: Hippowdon\n|\n|-weather|SunnyDay|[upkeep]\n|upkeep\n|inactive|Time left: 300 sec this turn | 300 sec total | 5 sec grace\n|\n|t:|1783552096\n|switch|p1a: Poliwrath|Poliwrath, L88, F|302/302\n|turn|4\n|inactive|Time left: 300 sec this turn | 300 sec total\n|\n|t:|1783552097\n|move|p1a: Poliwrath|Rain Dance|p1a: Poliwrath\n|-weather|RainDance\n|move|p2a: Groudon|Precipice Blades|p1a: Poliwrath\n|-damage|p1a: Poliwrath|62/302\n|\n|-weather|RainDance|[upkeep]\n|upkeep\n|turn|5\n|inactive|Time left: 300 sec this turn | 300 sec total\n|\n|t:|1783552098\n|switch|p2a: Gastrodon|Gastrodon, L86, M|100/100\n|-damage|p2a: Gastrodon|94/100|[from] Stealth Rock\n|move|p1a: Poliwrath|Liquidation|p2a: Gastrodon\n|-ability|p2a: Gastrodon|Storm Drain|boost\n|-boost|p2a: Gastrodon|spa|1\n|\n|-weather|RainDance|[upkeep]\n|-heal|p2a: Gastrodon|100/100|[from] item: Leftovers\n|upkeep\n|turn|6\n|inactive|Time left: 300 sec this turn | 300 sec total\n|\n|t:|1783552099\n|move|p1a: Poliwrath|Close Combat|p2a: Gastrodon\n|-damage|p2a: Gastrodon|42/100\n|-unboost|p1a: Poliwrath|def|1\n|-unboost|p1a: Poliwrath|spd|1\n|-damage|p1a: Poliwrath|32/302|[from] item: Life Orb\n|move|p2a: Gastrodon|Surf|p1a: Poliwrath\n|-resisted|p1a: Poliwrath\n|-damage|p1a: Poliwrath|0 fnt\n|faint|p1a: Poliwrath\n|\n|-weather|RainDance|[upkeep]\n|-heal|p2a: Gastrodon|48/100|[from] item: Leftovers\n|upkeep\n|inactive|Time left: 300 sec this turn | 300 sec total | 5 sec grace\n|\n|t:|1783552100\n|switch|p1a: Zapdos|Zapdos-Galar, L77|265/265\n|turn|7\n|inactive|Time left: 300 sec this turn | 300 sec total\n|\n|t:|1783552101\n|move|p1a: Zapdos|Brave Bird|p2a: Gastrodon\n|-damage|p2a: Gastrodon|0 fnt\n|faint|p2a: Gastrodon\n|-damage|p1a: Zapdos|214/265|[from] Recoil\n|-damage|p1a: Zapdos|188/265|[from] item: Life Orb\n|\n|-weather|RainDance|[upkeep]\n|upkeep\n|\n|t:|1783552102\n|switch|p2a: Hatterene|Hatterene, L85, F|100/100\n|-damage|p2a: Hatterene|88/100|[from] Stealth Rock\n|turn|8\n|inactive|Time left: 300 sec this turn | 300 sec total\n|\n|t:|1783552103\n|switch|p1a: Iron Crown|Iron Crown, L78|268/268\n|move|p2a: Hatterene|Draining Kiss|p1a: Iron Crown\n|-resisted|p1a: Iron Crown\n|-damage|p1a: Iron Crown|237/268\n|-heal|p2a: Hatterene|98/100|[from] drain|[of] p1a: Iron Crown\n|\n|-weather|none\n|-heal|p1a: Iron Crown|253/268|[from] item: Leftovers\n|-heal|p2a: Hatterene|100/100|[from] item: Leftovers\n|upkeep\n|turn|9\n|inactive|Time left: 300 sec this turn | 300 sec total\n|\n|t:|1783552105\n|move|p1a: Iron Crown|Tachyon Cutter|p2a: Hatterene\n|-supereffective|p2a: Hatterene\n|-damage|p2a: Hatterene|56/100\n|-supereffective|p2a: Hatterene\n|-damage|p2a: Hatterene|16/100\n|-hitcount|p2a: Hatterene|2\n|move|p2a: Hatterene|Mystical Fire|p1a: Iron Crown\n|-supereffective|p1a: Iron Crown\n|-damage|p1a: Iron Crown|131/268\n|-unboost|p1a: Iron Crown|spa|1\n|\n|-heal|p1a: Iron Crown|147/268|[from] item: Leftovers\n|-heal|p2a: Hatterene|22/100|[from] item: Leftovers\n|upkeep\n|turn|10\n|inactive|Time left: 300 sec this turn | 300 sec total\n|\n|t:|1783552106\n|move|p1a: Iron Crown|Tachyon Cutter|p2a: Hatterene\n|-supereffective|p2a: Hatterene\n|-damage|p2a: Hatterene|0 fnt\n|faint|p2a: Hatterene\n|-hitcount|p2: Hatterene|1\n|\n|-heal|p1a: Iron Crown|163/268|[from] item: Leftovers\n|upkeep\n|\n|t:|1783552107\n|switch|p2a: Groudon|Groudon, L72|100/100\n|-damage|p2a: Groudon|94/100|[from] Stealth Rock\n|-weather|SunnyDay|[from] ability: Drought|[of] p2a: Groudon\n|turn|11\n|inactive|Time left: 300 sec this turn | 300 sec total\n|\n|t:|1783552108\n|-end|p1a: Iron Crown|Quark Drive|[silent]\n|switch|p1a: Oinkologne|Oinkologne-F, L92, F|361/361\n|move|p2a: Groudon|Heat Crash|p1a: Oinkologne\n|-damage|p1a: Oinkologne|283/361\n|\n|-weather|SunnyDay|[upkeep]\n|-heal|p1a: Oinkologne|305/361|[from] item: Leftovers\n|-heal|p2a: Groudon|100/100|[from] item: Leftovers\n|upkeep\n|turn|12\n|inactive|Time left: 300 sec this turn | 300 sec total\n|\n|t:|1783552109\n|move|p2a: Groudon|Swords Dance|p2a: Groudon\n|-boost|p2a: Groudon|atk|2\n|move|p1a: Oinkologne|Body Slam|p2a: Groudon\n|-damage|p2a: Groudon|70/100\n|\n|-weather|SunnyDay|[upkeep]\n|-heal|p1a: Oinkologne|327/361|[from] item: Leftovers\n|-heal|p2a: Groudon|76/100|[from] item: Leftovers\n|upkeep\n|turn|13\n|inactive|Time left: 300 sec this turn | 300 sec total\n|\n|t:|1783552110\n|move|p2a: Groudon|Precipice Blades|p1a: Oinkologne\n|-damage|p1a: Oinkologne|17/361\n|move|p1a: Oinkologne|Body Slam|p2a: Groudon\n|-damage|p2a: Groudon|46/100\n|\n|-weather|SunnyDay|[upkeep]\n|-heal|p2a: Groudon|52/100|[from] item: Leftovers\n|-heal|p1a: Oinkologne|39/361|[from] item: Leftovers\n|upkeep\n|turn|14\n|inactive|Time left: 300 sec this turn | 300 sec total\n|\n|t:|1783552111\n|move|p2a: Groudon|Heat Crash|p1a: Oinkologne\n|-damage|p1a: Oinkologne|0 fnt\n|faint|p1a: Oinkologne\n|\n|-weather|SunnyDay|[upkeep]\n|-heal|p2a: Groudon|58/100|[from] item: Leftovers\n|upkeep\n|inactive|Time left: 300 sec this turn | 300 sec total | 5 sec grace\n|\n|t:|1783552112\n|switch|p1a: Zapdos|Zapdos-Galar, L77|188/265\n|turn|15\n|inactive|Time left: 300 sec this turn | 300 sec total\n|\n|t:|1783552112\n|-terastallize|p1a: Zapdos|Fighting\n|move|p1a: Zapdos|Close Combat|p2a: Groudon\n|-damage|p2a: Groudon|0 fnt\n|-unboost|p1a: Zapdos|def|1\n|-unboost|p1a: Zapdos|spd|1\n|faint|p2a: Groudon\n|-damage|p1a: Zapdos|162/265|[from] item: Life Orb\n|\n|-weather|none\n|upkeep\n|\n|t:|1783552113\n|switch|p2a: Rotom|Rotom-Frost, L87|100/100\n|turn|16\n|inactive|Time left: 300 sec this turn | 300 sec total\n|\n|t:|1783552114\n|-terastallize|p2a: Rotom|Electric\n|move|p2a: Rotom|Thunderbolt|p1a: Zapdos\n|-damage|p1a: Zapdos|0 fnt\n|faint|p1a: Zapdos\n|\n|upkeep\n|inactive|Time left: 300 sec this turn | 300 sec total | 5 sec grace\n|\n|t:|1783552115\n|switch|p1a: Arceus|Arceus-Psychic, L70|284/284\n|turn|17\n|inactive|Time left: 300 sec this turn | 300 sec total\n|\n|t:|1783552116\n|move|p1a: Arceus|Cosmic Power|p1a: Arceus\n|-boost|p1a: Arceus|def|1\n|-boost|p1a: Arceus|spd|1\n|move|p2a: Rotom|Nasty Plot|p2a: Rotom\n|-boost|p2a: Rotom|spa|2\n|\n|upkeep\n|turn|18\n|inactive|Time left: 300 sec this turn | 300 sec total\n|\n|t:|1783552117\n|move|p1a: Arceus|Cosmic Power|p1a: Arceus\n|-boost|p1a: Arceus|def|1\n|-boost|p1a: Arceus|spd|1\n|move|p2a: Rotom|Thunderbolt|p1a: Arceus\n|-damage|p1a: Arceus|146/284\n|\n|upkeep\n|turn|19\n|inactive|Time left: 300 sec this turn | 300 sec total\n|\n|t:|1783552118\n|move|p1a: Arceus|Recover|p1a: Arceus\n|-heal|p1a: Arceus|284/284\n|move|p2a: Rotom|Nasty Plot|p2a: Rotom\n|-boost|p2a: Rotom|spa|2\n|\n|upkeep\n|turn|20\n|inactive|Time left: 300 sec this turn | 300 sec total\n|\n|t:|1783552118\n|move|p1a: Arceus|Stored Power|p2a: Rotom\n|-damage|p2a: Rotom|61/100\n|move|p2a: Rotom|Thunderbolt|p1a: Arceus\n|-damage|p1a: Arceus|96/284\n|\n|upkeep\n|turn|21\n|inactive|Time left: 300 sec this turn | 300 sec total\n|\n|t:|1783552119\n|move|p1a: Arceus|Recover|p1a: Arceus\n|-heal|p1a: Arceus|238/284\n|move|p2a: Rotom|Thunderbolt|p1a: Arceus\n|-damage|p1a: Arceus|54/284\n|\n|upkeep\n|turn|22\n|inactive|Time left: 300 sec this turn | 300 sec total\n|\n|t:|1783552120\n|move|p1a: Arceus|Recover|p1a: Arceus\n|-heal|p1a: Arceus|196/284\n|move|p2a: Rotom|Thunderbolt|p1a: Arceus\n|-damage|p1a: Arceus|0 fnt\n|faint|p1a: Arceus\n|\n|upkeep\n|inactive|Time left: 300 sec this turn | 300 sec total | 5 sec grace\n|\n|t:|1783552121\n|switch|p1a: Iron Crown|Iron Crown, L78|163/268\n|turn|23\n|inactive|Time left: 300 sec this turn | 300 sec total\n|\n|t:|1783552122\n|move|p2a: Rotom|Thunderbolt|p1a: Iron Crown\n|-damage|p1a: Iron Crown|0 fnt\n|faint|p1a: Iron Crown\n|-end|p1a: Iron Crown|Quark Drive|[silent]\n|\n|win|p0y111512f6", "uploadtime": 1783552122, "views": 0, "rating": 0, "private": 0, "password": null, "_winner": "p0y111512f6", "_our_name": "p0x1115a24d"}