{"id": "battle-gen9randombattle-2626", "formatid": "gen9randombattle", "format": "[Gen 9] Random Battle", "players": ["p0x2626e0c2", "p0y2626c873"], "log": "|init|battle\n|title|p0x2626e0c2 vs. p0y2626c873\n|j|\u2606p0x2626e0c2\n|j|\u2606p0y2626c873\n|t:|1783569315\n|gametype|singles\n|player|p1|p0x2626e0c2|170|\n|player|p2|p0y2626c873|2|\n|gen|9\n|tier|[Gen 9] Random Battle\n|rule|Species Clause: Limit one of each Pok\u00e9mon\n|rule|HP Percentage Mod: HP is shown in percentages\n|rule|Sleep Clause Mod: Limit one foe put to sleep\n|rule|Illusion Level Mod: Illusion disguises the Pok\u00e9mon's true level\n|\n|t:|1783569315\n|teamsize|p1|6\n|teamsize|p2|6\n|start\n|switch|p1a: Koraidon|Koraidon, L64|100/100\n|switch|p2a: Metagross|Metagross, L79|256/256\n|-weather|SunnyDay|[from] ability: Orichalcum Pulse|[of] p1a: Koraidon\n|-activate|p1a: Koraidon|Orichalcum Pulse|[source]\n|turn|1\n|inactive|Battle timer is ON: inactive players will automatically lose when time's up. (requested by p0x2626e0c2)\n|inactive|Time left: 300 sec this turn | 300 sec total | 60 sec grace\n|inactive|p0y2626c873 also wants the timer to be on.\n|\n|t:|1783569317\n|move|p1a: Koraidon|Swords Dance|p1a: Koraidon\n|-boost|p1a: Koraidon|atk|2\n|move|p2a: Metagross|Psychic Fangs|p1a: Koraidon\n|-supereffective|p1a: Koraidon\n|-damage|p1a: Koraidon|14/100\n|\n|-weather|SunnyDay|[upkeep]\n|upkeep\n|turn|2\n|inactive|Time left: 300 sec this turn | 300 sec total\n|\n|t:|1783569318\n|move|p1a: Koraidon|Flare Blitz|p2a: Metagross\n|-supereffective|p2a: Metagross\n|-damage|p2a: Metagross|0 fnt\n|faint|p2a: Metagross\n|-damage|p1a: Koraidon|0 fnt|[from] Recoil\n|faint|p1a: Koraidon\n|\n|-weather|SunnyDay|[upkeep]\n|upkeep\n|inactive|Time left: 300 sec this turn | 300 sec total | 5 sec grace\n|\n|t:|1783569319\n|switch|p1a: Delphox|Delphox, L84, M|100/100\n|switch|p2a: Moltres|Moltres, L81|278/278\n|turn|3\n|inactive|Time left: 300 sec this turn | 300 sec total\n|\n|t:|1783569320\n|move|p1a: Delphox|Nasty Plot|p1a: Delphox\n|-boost|p1a: Delphox|spa|2\n|move|p2a: Moltres|Fire Blast|p1a: Delphox\n|-resisted|p1a: Delphox\n|-damage|p1a: Delphox|66/100\n|\n|-weather|SunnyDay|[upkeep]\n|upkeep\n|turn|4\n|inactive|Time left: 300 sec this turn | 300 sec total\n|\n|t:|1783569321\n|move|p1a: Delphox|Fire Blast|p2a: Moltres\n|-resisted|p2a: Moltres\n|-damage|p2a: Moltres|74/278\n|move|p2a: Moltres|Brave Bird|p1a: Delphox\n|-damage|p1a: Delphox|10/100\n|-damage|p2a: Moltres|25/278|[from] Recoil\n|\n|-weather|SunnyDay|[upkeep]\n|upkeep\n|turn|5\n|inactive|Time left: 300 sec this turn | 300 sec total\n|\n|t:|1783569322\n|move|p1a: Delphox|Fire Blast|p2a: Moltres\n|-resisted|p2a: Moltres\n|-damage|p2a: Moltres|0 fnt\n|faint|p2a: Moltres\n|\n|-weather|none\n|upkeep\n|inactive|Time left: 300 sec this turn | 300 sec total | 5 sec grace\n|\n|t:|1783569323\n|switch|p2a: Deoxys|Deoxys, L74|196/196\n|-ability|p2a: Deoxys|Pressure\n|turn|6\n|inactive|Time left: 300 sec this turn | 300 sec total\n|\n|t:|1783569324\n|move|p2a: Deoxys|Knock Off|p1a: Delphox\n|-supereffective|p1a: Delphox\n|-damage|p1a: Delphox|0 fnt\n|-enditem|p1a: Delphox|Heavy-Duty Boots|[from] move: Knock Off|[of] p2a: Deoxys\n|faint|p1a: Delphox\n|-damage|p2a: Deoxys|177/196|[from] item: Life Orb\n|\n|upkeep\n|\n|t:|1783569325\n|switch|p1a: Rabsca|Rabsca, L91, M|100/100\n|turn|7\n|inactive|Time left: 300 sec this turn | 300 sec total\n|\n|t:|1783569326\n|switch|p2a: Tinkaton|Tinkaton, L82, F|274/274\n|-ability|p2a: Tinkaton|Mold Breaker\n|move|p1a: Rabsca|Bug Buzz|p2a: Tinkaton\n|-resisted|p2a: Tinkaton\n|-damage|p2a: Tinkaton|244/274\n|\n|-heal|p2a: Tinkaton|261/274|[from] item: Leftovers\n|upkeep\n|turn|8\n|inactive|Time left: 300 sec this turn | 300 sec total\n|\n|t:|1783569327\n|move|p2a: Tinkaton|Swords Dance|p2a: Tinkaton\n|-boost|p2a: Tinkaton|atk|2\n|move|p1a: Rabsca|Earth Power|p2a: Tinkaton\n|-supereffective|p2a: Tinkaton\n|-damage|p2a: Tinkaton|95/274\n|-unboost|p2a: Tinkaton|spd|1\n|\n|-heal|p2a: Tinkaton|112/274|[from] item: Leftovers\n|upkeep\n|turn|9\n|inactive|Time left: 300 sec this turn | 300 sec total\n|\n|t:|1783569328\n|-terastallize|p2a: Tinkaton|Steel\n|-terastallize|p1a: Rabsca|Steel\n|move|p2a: Tinkaton|Gigaton Hammer|p1a: Rabsca\n|-resisted|p1a: Rabsca\n|-damage|p1a: Rabsca|43/100\n|move|p1a: Rabsca|Earth Power|p2a: Tinkaton\n|-supereffective|p2a: Tinkaton\n|-damage|p2a: Tinkaton|0 fnt\n|faint|p2a: Tinkaton\n|\n|upkeep\n|inactive|Time left: 300 sec this turn | 300 sec total | 5 sec grace\n|\n|t:|1783569329\n|switch|p2a: Crabominable|Crabominable, L90, M|321/321\n|turn|10\n|inactive|Time left: 300 sec this turn | 300 sec total\n|\n|t:|1783569330\n|move|p1a: Rabsca|Psychic|p2a: Crabominable\n|-supereffective|p2a: Crabominable\n|-damage|p2a: Crabominable|135/321\n|move|p2a: Crabominable|Drain Punch|p1a: Rabsca\n|-supereffective|p1a: Rabsca\n|-damage|p1a: Rabsca|0 fnt\n|-heal|p2a: Crabominable|196/321|[from] drain|[of] p1a: Rabsca\n|faint|p1a: Rabsca\n|\n|upkeep\n|\n|t:|1783569331\n|switch|p1a: Granbull|Granbull, L88, F|100/100\n|-ability|p1a: Granbull|Intimidate|boost\n|-unboost|p2a: Crabominable|atk|1\n|turn|11\n|inactive|Time left: 300 sec this turn | 300 sec total\n|\n|t:|1783569332\n|switch|p2a: Chansey|Chansey, L85, F|564/564\n|move|p1a: Granbull|Play Rough|p2a: Chansey\n|-damage|p2a: Chansey|266/564\n|\n|upkeep\n|turn|12\n|inactive|Time left: 300 sec this turn | 300 sec total\n|\n|t:|1783569333\n|move|p2a: Chansey|Soft-Boiled|p2a: Chansey\n|-heal|p2a: Chansey|548/564\n|move|p1a: Granbull|Play Rough|p2a: Chansey\n|-damage|p2a: Chansey|268/564\n|\n|upkeep\n|turn|13\n|inactive|Time left: 300 sec this turn | 300 sec total\n|\n|t:|1783569334\n|move|p2a: Chansey|Soft-Boiled|p2a: Chansey\n|-heal|p2a: Chansey|550/564\n|move|p1a: Granbull|Play Rough|p2a: Chansey\n|-damage|p2a: Chansey|252/564\n|\n|upkeep\n|turn|14\n|inactive|Time left: 300 sec this turn | 300 sec total\n|\n|t:|1783569335\n|move|p2a: Chansey|Soft-Boiled|p2a: Chansey\n|-heal|p2a: Chansey|534/564\n|move|p1a: Granbull|Play Rough|p2a: Chansey\n|-damage|p2a: Chansey|266/564\n|-unboost|p2a: Chansey|atk|1\n|\n|upkeep\n|turn|15\n|inactive|Time left: 300 sec this turn | 300 sec total\n|\n|t:|1783569336\n|move|p2a: Chansey|Soft-Boiled|p2a: Chansey\n|-heal|p2a: Chansey|548/564\n|move|p1a: Granbull|Play Rough|p2a: Chansey\n|-damage|p2a: Chansey|268/564\n|\n|upkeep\n|turn|16\n|inactive|Time left: 300 sec this turn | 300 sec total\n|\n|t:|1783569337\n|move|p2a: Chansey|Soft-Boiled|p2a: Chansey\n|-heal|p2a: Chansey|550/564\n|move|p1a: Granbull|Play Rough|p2a: Chansey\n|-damage|p2a: Chansey|276/564\n|\n|upkeep\n|turn|17\n|inactive|Time left: 300 sec this turn | 300 sec total\n|\n|t:|1783569338\n|move|p2a: Chansey|Soft-Boiled|p2a: Chansey\n|-heal|p2a: Chansey|558/564\n|move|p1a: Granbull|Play Rough|p2a: Chansey|[miss]\n|-miss|p1a: Granbull|p2a: Chansey\n|\n|upkeep\n|turn|18\n|inactive|Time left: 300 sec this turn | 300 sec total\n|\n|t:|1783569339\n|move|p2a: Chansey|Thunder Wave|p1a: Granbull\n|-status|p1a: Granbull|par\n|cant|p1a: Granbull|par\n|\n|upkeep\n|turn|19\n|inactive|Time left: 300 sec this turn | 300 sec total\n|\n|t:|1783569340\n|move|p2a: Chansey|Stealth Rock|p1a: Granbull\n|-sidestart|p1: p0x2626e0c2|move: Stealth Rock\n|move|p1a: Granbull|Play Rough|p2a: Chansey\n|-damage|p2a: Chansey|269/564\n|\n|upkeep\n|turn|20\n|inactive|Time left: 300 sec this turn | 300 sec total\n|\n|t:|1783569341\n|move|p2a: Chansey|Soft-Boiled|p2a: Chansey\n|-heal|p2a: Chansey|551/564\n|move|p1a: Granbull|Play Rough|p2a: Chansey\n|-damage|p2a: Chansey|274/564\n|\n|upkeep\n|turn|21\n|inactive|Time left: 300 sec this turn | 300 sec total\n|\n|t:|1783569342\n|move|p2a: Chansey|Soft-Boiled|p2a: Chansey\n|-heal|p2a: Chansey|556/564\n|move|p1a: Granbull|Play Rough|p2a: Chansey\n|-damage|p2a: Chansey|294/564\n|\n|upkeep\n|turn|22\n|inactive|Time left: 300 sec this turn | 300 sec total\n|\n|t:|1783569343\n|move|p2a: Chansey|Seismic Toss|p1a: Granbull\n|-damage|p1a: Granbull|72/100 par\n|move|p1a: Granbull|Play Rough|p2a: Chansey\n|-damage|p2a: Chansey|8/564\n|\n|-heal|p1a: Granbull|78/100 par|[from] item: Leftovers\n|upkeep\n|turn|23\n|inactive|Time left: 300 sec this turn | 300 sec total\n|\n|t:|1783569344\n|move|p2a: Chansey|Seismic Toss|p1a: Granbull\n|-damage|p1a: Granbull|50/100 par\n|move|p1a: Granbull|Play Rough|p2a: Chansey\n|-damage|p2a: Chansey|0 fnt\n|faint|p2a: Chansey\n|\n|-heal|p1a: Granbull|56/100 par|[from] item: Leftovers\n|upkeep\n|inactive|Time left: 300 sec this turn | 300 sec total | 5 sec grace\n|\n|t:|1783569345\n|switch|p2a: Crabominable|Crabominable, L90, M|196/321\n|turn|24\n|inactive|Time left: 300 sec this turn | 300 sec total\n|\n|t:|1783569346\n|move|p2a: Crabominable|Ice Hammer|p1a: Granbull\n|-damage|p1a: Granbull|0 fnt\n|-unboost|p2a: Crabominable|spe|1\n|faint|p1a: Granbull\n|\n|upkeep\n|\n|t:|1783569346\n|switch|p1a: Tauros|Tauros-Paldea-Combat, L82, M|100/100\n|-damage|p1a: Tauros|94/100|[from] Stealth Rock\n|-ability|p1a: Tauros|Intimidate|boost\n|-unboost|p2a: Crabominable|atk|1\n|turn|25\n|inactive|Time left: 300 sec this turn | 300 sec total\n|\n|t:|1783569347\n|switch|p2a: Deoxys|Deoxys, L74|177/196\n|-ability|p2a: Deoxys|Pressure\n|move|p1a: Tauros|Close Combat|p2a: Deoxys\n|-resisted|p2a: Deoxys\n|-damage|p2a: Deoxys|35/196\n|-unboost|p1a: Tauros|def|1\n|-unboost|p1a: Tauros|spd|1\n|-damage|p1a: Tauros|85/100|[from] item: Life Orb\n|\n|upkeep\n|turn|26\n|inactive|Time left: 300 sec this turn | 300 sec total\n|\n|t:|1783569348\n|move|p2a: Deoxys|Psycho Boost|p1a: Tauros\n|-supereffective|p1a: Tauros\n|-damage|p1a: Tauros|0 fnt\n|-unboost|p2a: Deoxys|spa|2\n|faint|p1a: Tauros\n|-damage|p2a: Deoxys|16/196|[from] item: Life Orb\n|\n|upkeep\n|\n|t:|1783569349\n|switch|p1a: Dodrio|Dodrio, L85, M|100/100\n|turn|27\n|inactive|Time left: 300 sec this turn | 300 sec total\n|\n|t:|1783569350\n|move|p2a: Deoxys|Psycho Boost|p1a: Dodrio\n|-damage|p1a: Dodrio|47/100\n|-unboost|p2a: Deoxys|spa|2\n|-damage|p2a: Deoxys|0 fnt|[from] item: Life Orb\n|faint|p2a: Deoxys\n|move|p1a: Dodrio|Drill Run|p2: Deoxys|[notarget]\n|-fail|p1a: Dodrio\n|\n|upkeep\n|inactive|Time left: 300 sec this turn | 300 sec total | 5 sec grace\n|\n|t:|1783569351\n|switch|p2a: Crabominable|Crabominable, L90, M|196/321\n|turn|28\n|inactive|Time left: 300 sec this turn | 300 sec total\n|\n|t:|1783569351\n|move|p1a: Dodrio|Brave Bird|p2a: Crabominable\n|-supereffective|p2a: Crabominable\n|-damage|p2a: Crabominable|0 fnt\n|faint|p2a: Crabominable\n|-damage|p1a: Dodrio|20/100|[from] Recoil\n|\n|win|p0x2626e0c2", "uploadtime": 1783569351, "views": 0, "rating": 0, "private": 0, "password": null, "_winner": "p0x2626e0c2", "_our_name": "p0y2626c873"}