{"id": "battle-gen9randombattle-2400", "formatid": "gen9randombattle", "format": "[Gen 9] Random Battle", "players": ["p0x24007489", "p0y24006adb"], "log": "|init|battle\n|title|p0x24007489 vs. p0y24006adb\n|j|\u2606p0x24007489\n|j|\u2606p0y24006adb\n|t:|1783566848\n|gametype|singles\n|player|p1|p0x24007489|101|\n|player|p2|p0y24006adb|2|\n|gen|9\n|tier|[Gen 9] Random Battle\n|rule|Species Clause: Limit one of each Pok\u00e9mon\n|rule|HP Percentage Mod: HP is shown in percentages\n|rule|Sleep Clause Mod: Limit one foe put to sleep\n|rule|Illusion Level Mod: Illusion disguises the Pok\u00e9mon's true level\n|\n|t:|1783566848\n|teamsize|p1|6\n|teamsize|p2|6\n|start\n|switch|p1a: Dugtrio|Dugtrio-Alola, L84, M|196/196\n|switch|p2a: Registeel|Registeel, L81|100/100\n|turn|1\n|inactive|Battle timer is ON: inactive players will automatically lose when time's up. (requested by p0y24006adb)\n|inactive|Time left: 300 sec this turn | 300 sec total | 60 sec grace\n|\n|t:|1783566849\n|move|p1a: Dugtrio|Swords Dance|p1a: Dugtrio\n|-boost|p1a: Dugtrio|atk|2\n|move|p2a: Registeel|Body Press|p1a: Dugtrio\n|-supereffective|p1a: Dugtrio\n|-damage|p1a: Dugtrio|4/196\n|-ability|p1a: Dugtrio|Tangling Hair\n|-fail|p2a: Registeel|unboost|[from] ability: Clear Body|[of] p2a: Registeel\n|\n|upkeep\n|turn|2\n|inactive|Time left: 300 sec this turn | 300 sec total\n|inactive|p0x24007489 also wants the timer to be on.\n|\n|t:|1783566850\n|-terastallize|p2a: Registeel|Fighting\n|move|p1a: Dugtrio|Earthquake|p2a: Registeel\n|-damage|p2a: Registeel|32/100\n|-damage|p1a: Dugtrio|0 fnt|[from] item: Life Orb\n|faint|p1a: Dugtrio\n|move|p2a: Registeel|Stealth Rock|p1: Dugtrio\n|-sidestart|p1: p0x24007489|move: Stealth Rock\n|\n|-heal|p2a: Registeel|38/100|[from] item: Leftovers\n|upkeep\n|inactive|Time left: 300 sec this turn | 300 sec total | 5 sec grace\n|\n|t:|1783566851\n|switch|p1a: Mabosstiff|Mabosstiff, L86, M|278/278\n|-damage|p1a: Mabosstiff|244/278|[from] Stealth Rock\n|turn|3\n|inactive|Time left: 300 sec this turn | 300 sec total\n|\n|t:|1783566852\n|switch|p2a: Magcargo|Magcargo, L95, F|100/100\n|move|p1a: Mabosstiff|Play Rough|p2a: Magcargo\n|-resisted|p2a: Magcargo\n|-damage|p2a: Magcargo|79/100\n|-unboost|p2a: Magcargo|atk|1\n|-status|p1a: Mabosstiff|brn|[from] ability: Flame Body|[of] p2a: Magcargo\n|\n|-damage|p1a: Mabosstiff|227/278 brn|[from] brn\n|upkeep\n|turn|4\n|inactive|Time left: 300 sec this turn | 300 sec total\n|\n|t:|1783566853\n|move|p1a: Mabosstiff|Play Rough|p2a: Magcargo\n|-resisted|p2a: Magcargo\n|-damage|p2a: Magcargo|74/100\n|move|p2a: Magcargo|Lava Plume|p1a: Mabosstiff\n|-damage|p1a: Mabosstiff|109/278 brn\n|\n|-damage|p1a: Mabosstiff|92/278 brn|[from] brn\n|upkeep\n|turn|5\n|inactive|Time left: 300 sec this turn | 300 sec total\n|\n|t:|1783566854\n|move|p1a: Mabosstiff|Play Rough|p2a: Magcargo\n|-resisted|p2a: Magcargo\n|-damage|p2a: Magcargo|68/100\n|move|p2a: Magcargo|Power Gem|p1a: Mabosstiff\n|-damage|p1a: Mabosstiff|0 fnt\n|faint|p1a: Mabosstiff\n|\n|upkeep\n|inactive|Time left: 300 sec this turn | 300 sec total | 5 sec grace\n|\n|t:|1783566855\n|switch|p1a: Sinistcha|Sinistcha, L83|254/254\n|-damage|p1a: Sinistcha|223/254|[from] Stealth Rock\n|turn|6\n|inactive|Time left: 300 sec this turn | 300 sec total\n|\n|t:|1783566857\n|switch|p2a: Regice|Regice, L88|100/100\n|move|p1a: Sinistcha|Calm Mind|p1a: Sinistcha\n|-boost|p1a: Sinistcha|spa|1\n|-boost|p1a: Sinistcha|spd|1\n|\n|-heal|p1a: Sinistcha|238/254|[from] item: Leftovers\n|upkeep\n|turn|7\n|inactive|Time left: 300 sec this turn | 300 sec total\n|\n|t:|1783566858\n|move|p1a: Sinistcha|Calm Mind|p1a: Sinistcha\n|-boost|p1a: Sinistcha|spa|1\n|-boost|p1a: Sinistcha|spd|1\n|move|p2a: Regice|Ice Beam|p1a: Sinistcha\n|-supereffective|p1a: Sinistcha\n|-damage|p1a: Sinistcha|110/254\n|\n|-heal|p1a: Sinistcha|125/254|[from] item: Leftovers\n|upkeep\n|turn|8\n|inactive|Time left: 300 sec this turn | 300 sec total\n|\n|t:|1783566859\n|move|p1a: Sinistcha|Matcha Gotcha|p2a: Regice\n|-damage|p2a: Regice|66/100\n|-heal|p1a: Sinistcha|174/254|[from] drain|[of] p2a: Regice\n|move|p2a: Regice|Ice Beam|p1a: Sinistcha\n|-supereffective|p1a: Sinistcha\n|-damage|p1a: Sinistcha|58/254\n|\n|-heal|p1a: Sinistcha|73/254|[from] item: Leftovers\n|upkeep\n|turn|9\n|inactive|Time left: 300 sec this turn | 300 sec total\n|\n|t:|1783566860\n|move|p1a: Sinistcha|Strength Sap|p2a: Regice\n|-fail|p2a: Regice|unboost|[from] ability: Clear Body|[of] p2a: Regice\n|-heal|p1a: Sinistcha|166/254\n|move|p2a: Regice|Ice Beam|p1a: Sinistcha\n|-supereffective|p1a: Sinistcha\n|-crit|p1a: Sinistcha\n|-damage|p1a: Sinistcha|0 fnt\n|faint|p1a: Sinistcha\n|\n|upkeep\n|inactive|Time left: 300 sec this turn | 300 sec total | 5 sec grace\n|\n|t:|1783566861\n|switch|p1a: Zamazenta|Zamazenta-Crowned, L68|238/238\n|-damage|p1a: Zamazenta|231/238|[from] Stealth Rock\n|-ability|p1a: Zamazenta|Dauntless Shield|boost\n|-boost|p1a: Zamazenta|def|1\n|turn|10\n|inactive|Time left: 300 sec this turn | 300 sec total\n|\n|t:|1783566862\n|switch|p2a: Grumpig|Grumpig, L92, F|100/100\n|move|p1a: Zamazenta|Body Press|p2a: Grumpig\n|-resisted|p2a: Grumpig\n|-damage|p2a: Grumpig|77/100\n|\n|-heal|p2a: Grumpig|83/100|[from] item: Leftovers\n|upkeep\n|turn|11\n|inactive|Time left: 300 sec this turn | 300 sec total\n|\n|t:|1783566863\n|move|p1a: Zamazenta|Heavy Slam|p2a: Grumpig\n|-damage|p2a: Grumpig|42/100\n|move|p2a: Grumpig|Earth Power|p1a: Zamazenta\n|-supereffective|p1a: Zamazenta\n|-damage|p1a: Zamazenta|101/238\n|\n|-heal|p2a: Grumpig|48/100|[from] item: Leftovers\n|upkeep\n|turn|12\n|inactive|Time left: 300 sec this turn | 300 sec total\n|\n|t:|1783566864\n|move|p1a: Zamazenta|Heavy Slam|p2a: Grumpig\n|-damage|p2a: Grumpig|10/100\n|move|p2a: Grumpig|Earth Power|p1a: Zamazenta\n|-supereffective|p1a: Zamazenta\n|-damage|p1a: Zamazenta|0 fnt\n|faint|p1a: Zamazenta\n|\n|-heal|p2a: Grumpig|16/100|[from] item: Leftovers\n|upkeep\n|inactive|Time left: 300 sec this turn | 300 sec total | 5 sec grace\n|\n|t:|1783566865\n|switch|p1a: Enamorus|Enamorus-Therian, L83, F|259/259\n|-damage|p1a: Enamorus|195/259|[from] Stealth Rock\n|turn|13\n|inactive|Time left: 300 sec this turn | 300 sec total\n|\n|t:|1783566866\n|move|p2a: Grumpig|Psyshock|p1a: Enamorus\n|-damage|p1a: Enamorus|114/259\n|move|p1a: Enamorus|Moonblast|p2a: Grumpig\n|-damage|p2a: Grumpig|0 fnt\n|faint|p2a: Grumpig\n|\n|upkeep\n|\n|t:|1783566867\n|switch|p2a: Regice|Regice, L88|66/100\n|turn|14\n|inactive|Time left: 300 sec this turn | 300 sec total\n|\n|t:|1783566868\n|switch|p1a: Vaporeon|Vaporeon, L86, M|364/364\n|-damage|p1a: Vaporeon|319/364|[from] Stealth Rock\n|move|p2a: Regice|Ice Beam|p1a: Vaporeon\n|-resisted|p1a: Vaporeon\n|-crit|p1a: Vaporeon\n|-damage|p1a: Vaporeon|247/364\n|\n|-heal|p1a: Vaporeon|269/364|[from] item: Leftovers\n|upkeep\n|turn|15\n|inactive|Time left: 300 sec this turn | 300 sec total\n|\n|t:|1783566869\n|move|p1a: Vaporeon|Scald|p2a: Regice\n|-damage|p2a: Regice|48/100\n|move|p2a: Regice|Thunder Wave|p1a: Vaporeon\n|-status|p1a: Vaporeon|par\n|\n|-heal|p1a: Vaporeon|291/364 par|[from] item: Leftovers\n|upkeep\n|turn|16\n|inactive|Time left: 300 sec this turn | 300 sec total\n|\n|t:|1783566870\n|move|p2a: Regice|Thunderbolt|p1a: Vaporeon\n|-supereffective|p1a: Vaporeon\n|-damage|p1a: Vaporeon|159/364 par\n|move|p1a: Vaporeon|Wish|p1a: Vaporeon\n|\n|-heal|p1a: Vaporeon|181/364 par|[from] item: Leftovers\n|upkeep\n|turn|17\n|inactive|Time left: 300 sec this turn | 300 sec total\n|\n|t:|1783566871\n|move|p2a: Regice|Thunderbolt|p1a: Vaporeon\n|-supereffective|p1a: Vaporeon\n|-damage|p1a: Vaporeon|51/364 par\n|cant|p1a: Vaporeon|par\n|\n|-heal|p1a: Vaporeon|233/364 par|[from] move: Wish|[wisher] Vaporeon\n|-heal|p1a: Vaporeon|255/364 par|[from] item: Leftovers\n|upkeep\n|turn|18\n|inactive|Time left: 300 sec this turn | 300 sec total\n|\n|t:|1783566872\n|move|p2a: Regice|Thunderbolt|p1a: Vaporeon\n|-supereffective|p1a: Vaporeon\n|-damage|p1a: Vaporeon|115/364 par\n|move|p1a: Vaporeon|Wish|p1a: Vaporeon\n|\n|-heal|p1a: Vaporeon|137/364 par|[from] item: Leftovers\n|upkeep\n|turn|19\n|inactive|Time left: 300 sec this turn | 300 sec total\n|\n|t:|1783566873\n|cant|p1a: Vaporeon|par\n|move|p2a: Regice|Thunderbolt|p1a: Vaporeon\n|-supereffective|p1a: Vaporeon\n|-damage|p1a: Vaporeon|0 fnt\n|faint|p1a: Vaporeon\n|\n|upkeep\n|inactive|Time left: 300 sec this turn | 300 sec total | 5 sec grace\n|\n|t:|1783566874\n|switch|p1a: Enamorus|Enamorus-Therian, L83, F|114/259\n|-damage|p1a: Enamorus|50/259|[from] Stealth Rock\n|turn|20\n|inactive|Time left: 300 sec this turn | 300 sec total\n|\n|t:|1783566875\n|-terastallize|p1a: Enamorus|Ground\n|move|p2a: Regice|Ice Beam|p1a: Enamorus\n|-supereffective|p1a: Enamorus\n|-damage|p1a: Enamorus|0 fnt\n|faint|p1a: Enamorus\n|\n|win|p0y24006adb", "uploadtime": 1783566875, "views": 0, "rating": 0, "private": 0, "password": null, "_winner": "p0y24006adb", "_our_name": "p0x24007489"}