{"id": "battle-gen9randombattle-1174", "formatid": "gen9randombattle", "format": "[Gen 9] Random Battle", "players": ["p0x1174ad71", "p0y117499d7"], "log": "|init|battle\n|title|p0x1174ad71 vs. p0y117499d7\n|j|\u2606p0x1174ad71\n|j|\u2606p0y117499d7\n|t:|1783552715\n|gametype|singles\n|player|p1|p0x1174ad71|1|\n|player|p2|p0y117499d7|169|\n|gen|9\n|tier|[Gen 9] Random Battle\n|rule|Species Clause: Limit one of each Pok\u00e9mon\n|rule|HP Percentage Mod: HP is shown in percentages\n|rule|Sleep Clause Mod: Limit one foe put to sleep\n|rule|Illusion Level Mod: Illusion disguises the Pok\u00e9mon's true level\n|\n|t:|1783552715\n|teamsize|p1|6\n|teamsize|p2|6\n|start\n|switch|p1a: Goodra|Goodra-Hisui, L82, M|265/265\n|switch|p2a: Regieleki|Regieleki, L79|100/100\n|turn|1\n|inactive|Battle timer is ON: inactive players will automatically lose when time's up. (requested by p0x1174ad71)\n|inactive|p0y117499d7 also wants the timer to be on.\n|\n|t:|1783552717\n|move|p2a: Regieleki|Volt Switch|p1a: Goodra\n|-resisted|p1a: Goodra\n|-damage|p1a: Goodra|239/265\n|\n|t:|1783552717\n|switch|p2a: Slither Wing|Slither Wing, L81|100/100|[from] Volt Switch\n|-enditem|p2a: Slither Wing|Booster Energy\n|-activate|p2a: Slither Wing|ability: Protosynthesis|[fromitem]\n|-start|p2a: Slither Wing|protosynthesisatk\n|move|p1a: Goodra|Knock Off|p2a: Slither Wing\n|-resisted|p2a: Slither Wing\n|-damage|p2a: Slither Wing|90/100\n|\n|upkeep\n|turn|2\n|inactive|Time left: 300 sec this turn | 300 sec total\n|\n|t:|1783552719\n|switch|p1a: Dragalge|Dragalge, L88, M|258/258\n|move|p2a: Slither Wing|Close Combat|p1a: Dragalge\n|-resisted|p1a: Dragalge\n|-damage|p1a: Dragalge|166/258\n|-unboost|p2a: Slither Wing|def|1\n|-unboost|p2a: Slither Wing|spd|1\n|\n|-heal|p1a: Dragalge|182/258|[from] item: Leftovers\n|upkeep\n|turn|3\n|inactive|Time left: 300 sec this turn | 300 sec total\n|\n|t:|1783552720\n|-terastallize|p2a: Slither Wing|Flying\n|move|p2a: Slither Wing|Acrobatics|p1a: Dragalge\n|-damage|p1a: Dragalge|22/258\n|move|p1a: Dragalge|Sludge Wave|p2a: Slither Wing\n|-damage|p2a: Slither Wing|12/100\n|\n|-heal|p1a: Dragalge|38/258|[from] item: Leftovers\n|upkeep\n|turn|4\n|inactive|Time left: 300 sec this turn | 300 sec total\n|\n|t:|1783552721\n|move|p2a: Slither Wing|Acrobatics|p1a: Dragalge\n|-damage|p1a: Dragalge|0 fnt\n|faint|p1a: Dragalge\n|\n|upkeep\n|inactive|Time left: 300 sec this turn | 300 sec total | 5 sec grace\n|\n|t:|1783552722\n|switch|p1a: Blastoise|Blastoise, L80, M|258/258\n|turn|5\n|inactive|Time left: 300 sec this turn | 300 sec total\n|\n|t:|1783552723\n|move|p2a: Slither Wing|Close Combat|p1a: Blastoise\n|-damage|p1a: Blastoise|71/258\n|-unboost|p2a: Slither Wing|def|1\n|-unboost|p2a: Slither Wing|spd|1\n|move|p1a: Blastoise|Shell Smash|p1a: Blastoise\n|-unboost|p1a: Blastoise|def|1\n|-unboost|p1a: Blastoise|spd|1\n|-boost|p1a: Blastoise|atk|2\n|-boost|p1a: Blastoise|spa|2\n|-boost|p1a: Blastoise|spe|2\n|-enditem|p1a: Blastoise|White Herb\n|-clearnegativeboost|p1a: Blastoise|[silent]\n|\n|upkeep\n|turn|6\n|inactive|Time left: 300 sec this turn | 300 sec total\n|\n|t:|1783552724\n|move|p1a: Blastoise|Ice Beam|p2a: Slither Wing\n|-supereffective|p2a: Slither Wing\n|-crit|p2a: Slither Wing\n|-damage|p2a: Slither Wing|0 fnt\n|faint|p2a: Slither Wing\n|-end|p2a: Slither Wing|Protosynthesis|[silent]\n|\n|upkeep\n|\n|t:|1783552725\n|switch|p2a: Regieleki|Regieleki, L79|100/100\n|turn|7\n|inactive|Time left: 300 sec this turn | 300 sec total\n|\n|t:|1783552726\n|move|p2a: Regieleki|Thunderbolt|p1a: Blastoise\n|-supereffective|p1a: Blastoise\n|-damage|p1a: Blastoise|0 fnt\n|faint|p1a: Blastoise\n|\n|upkeep\n|inactive|Time left: 300 sec this turn | 300 sec total | 5 sec grace\n|\n|t:|1783552727\n|switch|p1a: Gumshoos|Gumshoos, L95, F|321/321\n|turn|8\n|inactive|Time left: 300 sec this turn | 300 sec total\n|\n|t:|1783552728\n|move|p2a: Regieleki|Thunderbolt|p1a: Gumshoos\n|-damage|p1a: Gumshoos|159/321\n|move|p1a: Gumshoos|Double-Edge|p2a: Regieleki\n|-damage|p2a: Regieleki|0 fnt\n|faint|p2a: Regieleki\n|-damage|p1a: Gumshoos|75/321|[from] Recoil\n|\n|upkeep\n|\n|t:|1783552729\n|switch|p2a: Annihilape|Annihilape, L76, M|100/100\n|turn|9\n|inactive|Time left: 300 sec this turn | 300 sec total\n|\n|t:|1783552730\n|switch|p1a: Gastrodon|Gastrodon, L86, M|331/331\n|move|p2a: Annihilape|Bulk Up|p2a: Annihilape\n|-boost|p2a: Annihilape|atk|1\n|-boost|p2a: Annihilape|def|1\n|\n|upkeep\n|turn|10\n|inactive|Time left: 300 sec this turn | 300 sec total\n|\n|t:|1783552731\n|move|p2a: Annihilape|Bulk Up|p2a: Annihilape\n|-boost|p2a: Annihilape|atk|1\n|-boost|p2a: Annihilape|def|1\n|move|p1a: Gastrodon|Surf|p2a: Annihilape\n|-damage|p2a: Annihilape|68/100\n|\n|-heal|p2a: Annihilape|74/100|[from] item: Leftovers\n|upkeep\n|turn|11\n|inactive|Time left: 300 sec this turn | 300 sec total\n|\n|t:|1783552733\n|move|p2a: Annihilape|Drain Punch|p1a: Gastrodon\n|-damage|p1a: Gastrodon|151/331\n|-heal|p2a: Annihilape|100/100|[from] drain|[of] p1a: Gastrodon\n|move|p1a: Gastrodon|Recover|p1a: Gastrodon\n|-heal|p1a: Gastrodon|317/331\n|\n|-heal|p1a: Gastrodon|331/331|[from] item: Leftovers\n|upkeep\n|turn|12\n|inactive|Time left: 300 sec this turn | 300 sec total\n|\n|t:|1783552734\n|move|p2a: Annihilape|Drain Punch|p1a: Gastrodon\n|-damage|p1a: Gastrodon|145/331\n|move|p1a: Gastrodon|Recover|p1a: Gastrodon\n|-heal|p1a: Gastrodon|311/331\n|\n|-heal|p1a: Gastrodon|331/331|[from] item: Leftovers\n|upkeep\n|turn|13\n|inactive|Time left: 300 sec this turn | 300 sec total\n|\n|t:|1783552735\n|move|p2a: Annihilape|Drain Punch|p1a: Gastrodon\n|-damage|p1a: Gastrodon|139/331\n|move|p1a: Gastrodon|Recover|p1a: Gastrodon\n|-heal|p1a: Gastrodon|305/331\n|\n|-heal|p1a: Gastrodon|325/331|[from] item: Leftovers\n|upkeep\n|turn|14\n|inactive|Time left: 300 sec this turn | 300 sec total\n|\n|t:|1783552736\n|move|p2a: Annihilape|Drain Punch|p1a: Gastrodon\n|-damage|p1a: Gastrodon|151/331\n|move|p1a: Gastrodon|Recover|p1a: Gastrodon\n|-heal|p1a: Gastrodon|317/331\n|\n|-heal|p1a: Gastrodon|331/331|[from] item: Leftovers\n|upkeep\n|turn|15\n|inactive|Time left: 300 sec this turn | 300 sec total\n|\n|t:|1783552737\n|move|p2a: Annihilape|Drain Punch|p1a: Gastrodon\n|-damage|p1a: Gastrodon|165/331\n|move|p1a: Gastrodon|Recover|p1a: Gastrodon\n|-heal|p1a: Gastrodon|331/331\n|\n|upkeep\n|turn|16\n|inactive|Time left: 300 sec this turn | 300 sec total\n|\n|t:|1783552738\n|move|p2a: Annihilape|Drain Punch|p1a: Gastrodon\n|-damage|p1a: Gastrodon|145/331\n|move|p1a: Gastrodon|Recover|p1a: Gastrodon\n|-heal|p1a: Gastrodon|311/331\n|\n|-heal|p1a: Gastrodon|331/331|[from] item: Leftovers\n|upkeep\n|turn|17\n|inactive|Time left: 300 sec this turn | 300 sec total\n|\n|t:|1783552739\n|move|p2a: Annihilape|Drain Punch|p1a: Gastrodon\n|-damage|p1a: Gastrodon|157/331\n|move|p1a: Gastrodon|Recover|p1a: Gastrodon\n|-heal|p1a: Gastrodon|323/331\n|\n|-heal|p1a: Gastrodon|331/331|[from] item: Leftovers\n|upkeep\n|turn|18\n|inactive|Time left: 300 sec this turn | 300 sec total\n|\n|t:|1783552740\n|move|p2a: Annihilape|Drain Punch|p1a: Gastrodon\n|-damage|p1a: Gastrodon|144/331\n|move|p1a: Gastrodon|Recover|p1a: Gastrodon\n|-heal|p1a: Gastrodon|310/331\n|\n|-heal|p1a: Gastrodon|330/331|[from] item: Leftovers\n|upkeep\n|turn|19\n|inactive|Time left: 300 sec this turn | 300 sec total\n|\n|t:|1783552741\n|move|p2a: Annihilape|Drain Punch|p1a: Gastrodon\n|-damage|p1a: Gastrodon|144/331\n|move|p1a: Gastrodon|Spikes|p2a: Annihilape\n|-sidestart|p2: p0y117499d7|Spikes\n|\n|-heal|p1a: Gastrodon|164/331|[from] item: Leftovers\n|upkeep\n|turn|20\n|inactive|Time left: 300 sec this turn | 300 sec total\n|\n|t:|1783552742\n|switch|p1a: Gumshoos|Gumshoos, L95, F|75/321\n|move|p2a: Annihilape|Drain Punch|p1a: Gumshoos\n|-supereffective|p1a: Gumshoos\n|-damage|p1a: Gumshoos|0 fnt\n|faint|p1a: Gumshoos\n|\n|upkeep\n|inactive|Time left: 300 sec this turn | 300 sec total | 5 sec grace\n|\n|t:|1783552743\n|switch|p1a: Goodra|Goodra-Hisui, L82, M|239/265\n|turn|21\n|inactive|Time left: 300 sec this turn | 300 sec total\n|\n|t:|1783552744\n|-terastallize|p1a: Goodra|Flying\n|move|p2a: Annihilape|Drain Punch|p1a: Goodra\n|-resisted|p1a: Goodra\n|-damage|p1a: Goodra|176/265\n|move|p1a: Goodra|Dragon Tail|p2a: Annihilape\n|-damage|p2a: Annihilape|89/100\n|drag|p2a: Hypno|Hypno, L95, M|100/100\n|-damage|p2a: Hypno|88/100|[from] Spikes\n|\n|-heal|p2a: Hypno|94/100|[from] item: Leftovers\n|upkeep\n|turn|22\n|inactive|Time left: 300 sec this turn | 300 sec total\n|\n|t:|1783552746\n|move|p2a: Hypno|Protect|p2a: Hypno\n|-singleturn|p2a: Hypno|Protect\n|move|p1a: Goodra|Knock Off|p2a: Hypno\n|-activate|p2a: Hypno|move: Protect\n|\n|-heal|p2a: Hypno|99/100|[from] item: Leftovers\n|upkeep\n|turn|23\n|inactive|Time left: 300 sec this turn | 300 sec total\n|\n|t:|1783552746\n|move|p2a: Hypno|Toxic|p1a: Goodra\n|-status|p1a: Goodra|tox\n|move|p1a: Goodra|Knock Off|p2a: Hypno\n|-supereffective|p2a: Hypno\n|-damage|p2a: Hypno|60/100\n|-enditem|p2a: Hypno|Leftovers|[from] move: Knock Off|[of] p1a: Goodra\n|\n|-damage|p1a: Goodra|160/265 tox|[from] psn\n|upkeep\n|turn|24\n|inactive|Time left: 300 sec this turn | 300 sec total\n|\n|t:|1783552747\n|move|p2a: Hypno|Psychic Noise|p1a: Goodra\n|-damage|p1a: Goodra|123/265 tox\n|-start|p1a: Goodra|move: Heal Block\n|move|p1a: Goodra|Knock Off|p2a: Hypno\n|-supereffective|p2a: Hypno\n|-damage|p2a: Hypno|29/100\n|\n|-damage|p1a: Goodra|91/265 tox|[from] psn\n|upkeep\n|turn|25\n|inactive|Time left: 300 sec this turn | 300 sec total\n|\n|t:|1783552748\n|move|p2a: Hypno|Protect|p2a: Hypno\n|-singleturn|p2a: Hypno|Protect\n|move|p1a: Goodra|Heavy Slam|p2a: Hypno\n|-activate|p2a: Hypno|move: Protect\n|\n|-damage|p1a: Goodra|43/265 tox|[from] psn\n|-end|p1a: Goodra|move: Heal Block\n|upkeep\n|turn|26\n|inactive|Time left: 300 sec this turn | 300 sec total\n|\n|t:|1783552749\n|move|p2a: Hypno|Protect|p2a: Hypno\n|-singleturn|p2a: Hypno|Protect\n|move|p1a: Goodra|Heavy Slam|p2a: Hypno\n|-activate|p2a: Hypno|move: Protect\n|\n|-damage|p1a: Goodra|0 fnt|[from] psn\n|faint|p1a: Goodra\n|upkeep\n|inactive|Time left: 300 sec this turn | 300 sec total | 5 sec grace\n|\n|t:|1783552750\n|switch|p1a: Tauros|Tauros, L82, M|257/257\n|turn|27\n|inactive|Time left: 300 sec this turn | 300 sec total\n|\n|t:|1783552750\n|switch|p2a: Magcargo|Magcargo, L95, F|100/100\n|move|p1a: Tauros|Throat Chop|p2a: Magcargo\n|-damage|p2a: Magcargo|75/100\n|\n|upkeep\n|turn|28\n|inactive|Time left: 300 sec this turn | 300 sec total\n|\n|t:|1783552751\n|switch|p1a: Gastrodon|Gastrodon, L86, M|164/331\n|switch|p2a: Annihilape|Annihilape, L76, M|89/100\n|-damage|p2a: Annihilape|77/100|[from] Spikes\n|\n|-heal|p2a: Annihilape|83/100|[from] item: Leftovers\n|-heal|p1a: Gastrodon|184/331|[from] item: Leftovers\n|upkeep\n|turn|29\n|inactive|Time left: 300 sec this turn | 300 sec total\n|\n|t:|1783552752\n|move|p2a: Annihilape|Bulk Up|p2a: Annihilape\n|-boost|p2a: Annihilape|atk|1\n|-boost|p2a: Annihilape|def|1\n|move|p1a: Gastrodon|Surf|p2a: Annihilape\n|-damage|p2a: Annihilape|44/100\n|\n|-heal|p2a: Annihilape|50/100|[from] item: Leftovers\n|-heal|p1a: Gastrodon|204/331|[from] item: Leftovers\n|upkeep\n|turn|30\n|inactive|Time left: 300 sec this turn | 300 sec total\n|\n|t:|1783552753\n|move|p2a: Annihilape|Drain Punch|p1a: Gastrodon\n|-damage|p1a: Gastrodon|66/331\n|-heal|p2a: Annihilape|73/100|[from] drain|[of] p1a: Gastrodon\n|move|p1a: Gastrodon|Earthquake|p2a: Annihilape\n|-damage|p2a: Annihilape|45/100\n|\n|-heal|p2a: Annihilape|52/100|[from] item: Leftovers\n|-heal|p1a: Gastrodon|86/331|[from] item: Leftovers\n|upkeep\n|turn|31\n|inactive|Time left: 300 sec this turn | 300 sec total\n|\n|t:|1783552754\n|switch|p1a: Tauros|Tauros, L82, M|257/257\n|move|p2a: Annihilape|Drain Punch|p1a: Tauros\n|-supereffective|p1a: Tauros\n|-damage|p1a: Tauros|33/257\n|-heal|p2a: Annihilape|90/100|[from] drain|[of] p1a: Tauros\n|\n|-heal|p2a: Annihilape|96/100|[from] item: Leftovers\n|upkeep\n|turn|32\n|inactive|Time left: 300 sec this turn | 300 sec total\n|\n|t:|1783552755\n|move|p1a: Tauros|Zen Headbutt|p2a: Annihilape\n|-supereffective|p2a: Annihilape\n|-damage|p2a: Annihilape|50/100\n|move|p2a: Annihilape|Drain Punch|p1a: Tauros\n|-supereffective|p1a: Tauros\n|-damage|p1a: Tauros|0 fnt\n|-heal|p2a: Annihilape|56/100|[from] drain|[of] p1a: Tauros\n|faint|p1a: Tauros\n|\n|-heal|p2a: Annihilape|62/100|[from] item: Leftovers\n|upkeep\n|inactive|Time left: 300 sec this turn | 300 sec total | 5 sec grace\n|\n|t:|1783552756\n|switch|p1a: Gastrodon|Gastrodon, L86, M|86/331\n|turn|33\n|inactive|Time left: 300 sec this turn | 300 sec total\n|\n|t:|1783552757\n|move|p2a: Annihilape|Drain Punch|p1a: Gastrodon\n|-damage|p1a: Gastrodon|0 fnt\n|-heal|p2a: Annihilape|77/100|[from] drain|[of] p1a: Gastrodon\n|faint|p1a: Gastrodon\n|\n|win|p0y117499d7", "uploadtime": 1783552757, "views": 0, "rating": 0, "private": 0, "password": null, "_winner": "p0y117499d7", "_our_name": "p0x1174ad71"}