{"id": "battle-gen9randombattle-319", "formatid": "gen9randombattle", "format": "[Gen 9] Random Battle", "players": ["p0x3192b92", "p0y3198fe4"], "log": "|init|battle\n|title|p0x3192b92 vs. p0y3198fe4\n|j|\u2606p0x3192b92\n|j|\u2606p0y3198fe4\n|t:|1783543320\n|gametype|singles\n|player|p1|p0x3192b92|101|\n|player|p2|p0y3198fe4|266|\n|gen|9\n|tier|[Gen 9] Random Battle\n|rule|Species Clause: Limit one of each Pok\u00e9mon\n|rule|HP Percentage Mod: HP is shown in percentages\n|rule|Sleep Clause Mod: Limit one foe put to sleep\n|rule|Illusion Level Mod: Illusion disguises the Pok\u00e9mon's true level\n|\n|t:|1783543320\n|teamsize|p1|6\n|teamsize|p2|6\n|start\n|switch|p1a: Dunsparce|Dunsparce, L86, F|312/312\n|switch|p2a: Basculegion|Basculegion-F, L83, F|100/100\n|turn|1\n|inactive|Battle timer is ON: inactive players will automatically lose when time's up. (requested by p0x3192b92)\n|inactive|p0y3198fe4 also wants the timer to be on.\n|\n|t:|1783543321\n|move|p2a: Basculegion|Wave Crash|p1a: Dunsparce\n|-damage|p1a: Dunsparce|190/312\n|-damage|p2a: Basculegion|89/100|[from] Recoil\n|move|p1a: Dunsparce|Coil|p1a: Dunsparce\n|-boost|p1a: Dunsparce|atk|1\n|-boost|p1a: Dunsparce|def|1\n|-boost|p1a: Dunsparce|accuracy|1\n|\n|upkeep\n|turn|2\n|inactive|Time left: 300 sec this turn | 300 sec total | 60 sec grace\n|\n|t:|1783543322\n|move|p2a: Basculegion|Hydro Pump|p1a: Dunsparce\n|-damage|p1a: Dunsparce|60/312\n|move|p1a: Dunsparce|Roost|p1a: Dunsparce\n|-heal|p1a: Dunsparce|216/312\n|-singleturn|p1a: Dunsparce|move: Roost\n|\n|upkeep\n|turn|3\n|inactive|Time left: 300 sec this turn | 300 sec total\n|\n|t:|1783543323\n|move|p2a: Basculegion|Hydro Pump|p1a: Dunsparce\n|-damage|p1a: Dunsparce|86/312\n|move|p1a: Dunsparce|Roost|p1a: Dunsparce\n|-heal|p1a: Dunsparce|242/312\n|-singleturn|p1a: Dunsparce|move: Roost\n|\n|upkeep\n|turn|4\n|inactive|Time left: 300 sec this turn | 300 sec total\n|\n|t:|1783543325\n|move|p2a: Basculegion|Hydro Pump|p1a: Dunsparce|[miss]\n|-miss|p2a: Basculegion|p1a: Dunsparce\n|move|p1a: Dunsparce|Roost|p1a: Dunsparce\n|-heal|p1a: Dunsparce|312/312\n|-singleturn|p1a: Dunsparce|move: Roost\n|\n|upkeep\n|turn|5\n|inactive|Time left: 300 sec this turn | 300 sec total\n|\n|t:|1783543326\n|move|p2a: Basculegion|Hydro Pump|p1a: Dunsparce\n|-damage|p1a: Dunsparce|186/312\n|move|p1a: Dunsparce|Coil|p1a: Dunsparce\n|-boost|p1a: Dunsparce|atk|1\n|-boost|p1a: Dunsparce|def|1\n|-boost|p1a: Dunsparce|accuracy|1\n|\n|upkeep\n|turn|6\n|inactive|Time left: 300 sec this turn | 300 sec total\n|\n|t:|1783543327\n|move|p2a: Basculegion|Hydro Pump|p1a: Dunsparce\n|-damage|p1a: Dunsparce|66/312\n|move|p1a: Dunsparce|Roost|p1a: Dunsparce\n|-heal|p1a: Dunsparce|222/312\n|-singleturn|p1a: Dunsparce|move: Roost\n|\n|upkeep\n|turn|7\n|inactive|Time left: 300 sec this turn | 300 sec total\n|\n|t:|1783543328\n|move|p2a: Basculegion|Hydro Pump|p1a: Dunsparce\n|-damage|p1a: Dunsparce|88/312\n|move|p1a: Dunsparce|Roost|p1a: Dunsparce\n|-heal|p1a: Dunsparce|244/312\n|-singleturn|p1a: Dunsparce|move: Roost\n|\n|upkeep\n|turn|8\n|inactive|Time left: 300 sec this turn | 300 sec total\n|\n|t:|1783543329\n|move|p2a: Basculegion|Hydro Pump|p1a: Dunsparce|[miss]\n|-miss|p2a: Basculegion|p1a: Dunsparce\n|move|p1a: Dunsparce|Roost|p1a: Dunsparce\n|-heal|p1a: Dunsparce|312/312\n|-singleturn|p1a: Dunsparce|move: Roost\n|\n|upkeep\n|turn|9\n|inactive|Time left: 300 sec this turn | 300 sec total\n|\n|t:|1783543330\n|move|p2a: Basculegion|Hydro Pump|p1a: Dunsparce\n|-damage|p1a: Dunsparce|194/312\n|move|p1a: Dunsparce|Earthquake|p2a: Basculegion\n|-damage|p2a: Basculegion|46/100\n|\n|upkeep\n|turn|10\n|inactive|Time left: 300 sec this turn | 300 sec total\n|\n|t:|1783543331\n|switch|p2a: Decidueye|Decidueye, L88, M|100/100\n|move|p1a: Dunsparce|Earthquake|p2a: Decidueye\n|-resisted|p2a: Decidueye\n|-damage|p2a: Decidueye|80/100\n|\n|upkeep\n|turn|11\n|inactive|Time left: 300 sec this turn | 300 sec total\n|\n|t:|1783543333\n|move|p2a: Decidueye|Leaf Storm|p1a: Dunsparce\n|-damage|p1a: Dunsparce|37/312\n|-unboost|p2a: Decidueye|spa|2\n|-damage|p2a: Decidueye|70/100|[from] item: Life Orb\n|move|p1a: Dunsparce|Roost|p1a: Dunsparce\n|-heal|p1a: Dunsparce|193/312\n|-singleturn|p1a: Dunsparce|move: Roost\n|\n|upkeep\n|turn|12\n|inactive|Time left: 300 sec this turn | 300 sec total\n|\n|t:|1783543334\n|move|p2a: Decidueye|Knock Off|p1a: Dunsparce\n|-damage|p1a: Dunsparce|154/312\n|-enditem|p1a: Dunsparce|Eviolite|[from] move: Knock Off|[of] p2a: Decidueye\n|-damage|p2a: Decidueye|60/100|[from] item: Life Orb\n|move|p1a: Dunsparce|Roost|p1a: Dunsparce\n|-heal|p1a: Dunsparce|310/312\n|-singleturn|p1a: Dunsparce|move: Roost\n|\n|upkeep\n|turn|13\n|inactive|Time left: 300 sec this turn | 300 sec total\n|\n|t:|1783543335\n|move|p2a: Decidueye|Roost|p2a: Decidueye\n|-heal|p2a: Decidueye|100/100\n|-singleturn|p2a: Decidueye|move: Roost\n|move|p1a: Dunsparce|Earthquake|p2a: Decidueye\n|-resisted|p2a: Decidueye\n|-damage|p2a: Decidueye|78/100\n|\n|upkeep\n|turn|14\n|inactive|Time left: 300 sec this turn | 300 sec total\n|\n|t:|1783543336\n|switch|p2a: Inteleon|Inteleon, L81, M|100/100\n|move|p1a: Dunsparce|Earthquake|p2a: Inteleon\n|-damage|p2a: Inteleon|39/100\n|\n|upkeep\n|turn|15\n|inactive|Time left: 300 sec this turn | 300 sec total\n|\n|t:|1783543337\n|-terastallize|p2a: Inteleon|Water\n|move|p2a: Inteleon|Hydro Pump|p1a: Dunsparce\n|-damage|p1a: Dunsparce|10/312\n|move|p1a: Dunsparce|Earthquake|p2a: Inteleon\n|-damage|p2a: Inteleon|0 fnt\n|faint|p2a: Inteleon\n|\n|upkeep\n|\n|t:|1783543338\n|switch|p2a: Basculegion|Basculegion-F, L83, F|46/100\n|turn|16\n|inactive|Time left: 300 sec this turn | 300 sec total\n|\n|t:|1783543339\n|switch|p1a: Abomasnow|Abomasnow, L84, F|287/287\n|-weather|Snowscape|[from] ability: Snow Warning|[of] p1a: Abomasnow\n|move|p2a: Basculegion|Wave Crash|p1a: Abomasnow\n|-resisted|p1a: Abomasnow\n|-damage|p1a: Abomasnow|228/287\n|-damage|p2a: Basculegion|40/100|[from] Recoil\n|\n|-weather|Snowscape|[upkeep]\n|upkeep\n|turn|17\n|inactive|Time left: 300 sec this turn | 300 sec total\n|\n|t:|1783543341\n|move|p2a: Basculegion|Shadow Ball|p1a: Abomasnow\n|-damage|p1a: Abomasnow|112/287\n|move|p1a: Abomasnow|Aurora Veil|p1a: Abomasnow\n|-sidestart|p1: p0x3192b92|move: Aurora Veil\n|\n|-weather|Snowscape|[upkeep]\n|upkeep\n|turn|18\n|inactive|Time left: 300 sec this turn | 300 sec total\n|\n|t:|1783543342\n|switch|p1a: Ampharos|Ampharos, L88, F|302/302\n|move|p2a: Basculegion|Shadow Ball|p1a: Ampharos\n|-damage|p1a: Ampharos|251/302\n|-unboost|p1a: Ampharos|spd|1\n|\n|-weather|Snowscape|[upkeep]\n|upkeep\n|turn|19\n|inactive|Time left: 300 sec this turn | 300 sec total\n|\n|t:|1783543343\n|switch|p2a: Pincurchin|Pincurchin, M|100/100\n|-fieldstart|move: Electric Terrain|[from] ability: Electric Surge|[of] p2a: Pincurchin\n|move|p1a: Ampharos|Volt Switch|p2a: Pincurchin\n|-resisted|p2a: Pincurchin\n|-damage|p2a: Pincurchin|70/100\n|inactive|Time left: 300 sec this turn | 300 sec total | 5 sec grace\n|\n|t:|1783543344\n|switch|p1a: Rayquaza|Rayquaza, L72|270/270|[from] Volt Switch\n|-ability|p1a: Rayquaza|Air Lock\n|\n|-weather|Snowscape|[upkeep]\n|-heal|p2a: Pincurchin|76/100|[from] item: Leftovers\n|upkeep\n|turn|20\n|inactive|Time left: 300 sec this turn | 300 sec total\n|\n|t:|1783543345\n|move|p1a: Rayquaza|Earthquake|p2a: Pincurchin\n|-supereffective|p2a: Pincurchin\n|-damage|p2a: Pincurchin|2/100\n|move|p2a: Pincurchin|Recover|p2a: Pincurchin\n|-heal|p2a: Pincurchin|52/100\n|\n|-weather|none\n|-heal|p2a: Pincurchin|58/100|[from] item: Leftovers\n|upkeep\n|turn|21\n|inactive|Time left: 300 sec this turn | 300 sec total\n|\n|t:|1783543346\n|move|p1a: Rayquaza|Earthquake|p2a: Pincurchin\n|-supereffective|p2a: Pincurchin\n|-damage|p2a: Pincurchin|0 fnt\n|faint|p2a: Pincurchin\n|\n|upkeep\n|\n|t:|1783543347\n|switch|p2a: Decidueye|Decidueye, L88, M|78/100\n|turn|22\n|inactive|Time left: 300 sec this turn | 300 sec total\n|\n|t:|1783543348\n|move|p1a: Rayquaza|Earthquake|p2a: Decidueye\n|-resisted|p2a: Decidueye\n|-damage|p2a: Decidueye|56/100\n|move|p2a: Decidueye|Roost|p2a: Decidueye\n|-heal|p2a: Decidueye|100/100\n|-singleturn|p2a: Decidueye|move: Roost\n|\n|upkeep\n|turn|23\n|inactive|Time left: 300 sec this turn | 300 sec total\n|\n|t:|1783543349\n|switch|p2a: Coalossal|Coalossal, L89, M|100/100\n|move|p1a: Rayquaza|Earthquake|p2a: Coalossal\n|-supereffective|p2a: Coalossal\n|-damage|p2a: Coalossal|0 fnt\n|faint|p2a: Coalossal\n|\n|-fieldend|move: Electric Terrain\n|upkeep\n|\n|t:|1783543350\n|switch|p2a: Cobalion|Cobalion, L80|100/100\n|turn|24\n|inactive|Time left: 300 sec this turn | 300 sec total\n|\n|t:|1783543351\n|move|p2a: Cobalion|Calm Mind|p2a: Cobalion\n|-boost|p2a: Cobalion|spa|1\n|-boost|p2a: Cobalion|spd|1\n|move|p1a: Rayquaza|Earthquake|p2a: Cobalion\n|-supereffective|p2a: Cobalion\n|-damage|p2a: Cobalion|36/100\n|\n|-heal|p2a: Cobalion|42/100|[from] item: Leftovers\n|-sideend|p1: p0x3192b92|move: Aurora Veil\n|upkeep\n|turn|25\n|inactive|Time left: 300 sec this turn | 300 sec total\n|\n|t:|1783543352\n|move|p2a: Cobalion|Flash Cannon|p1a: Rayquaza\n|-damage|p1a: Rayquaza|144/270\n|-unboost|p1a: Rayquaza|spd|1\n|move|p1a: Rayquaza|Earthquake|p2a: Cobalion\n|-supereffective|p2a: Cobalion\n|-damage|p2a: Cobalion|0 fnt\n|faint|p2a: Cobalion\n|\n|upkeep\n|\n|t:|1783543353\n|switch|p2a: Decidueye|Decidueye, L88, M|100/100\n|turn|26\n|inactive|Time left: 300 sec this turn | 300 sec total\n|\n|t:|1783543354\n|switch|p1a: Chi-Yu|Chi-Yu, L77|211/211\n|-ability|p1a: Chi-Yu|Beads of Ruin\n|move|p2a: Decidueye|Spirit Shackle|p1a: Chi-Yu\n|-resisted|p1a: Chi-Yu\n|-damage|p1a: Chi-Yu|134/211\n|-activate|p1a: Chi-Yu|trapped\n|-damage|p2a: Decidueye|91/100|[from] item: Life Orb\n|\n|upkeep\n|turn|27\n|inactive|Time left: 300 sec this turn | 300 sec total\n|\n|t:|1783543355\n|switch|p2a: Basculegion|Basculegion-F, L83, F|40/100\n|-terastallize|p1a: Chi-Yu|Dark\n|move|p1a: Chi-Yu|Dark Pulse|p2a: Basculegion\n|-supereffective|p2a: Basculegion\n|-damage|p2a: Basculegion|0 fnt\n|faint|p2a: Basculegion\n|\n|upkeep\n|\n|t:|1783543356\n|switch|p2a: Decidueye|Decidueye, L88, M|91/100\n|turn|28\n|inactive|Time left: 300 sec this turn | 300 sec total\n|\n|t:|1783543357\n|move|p1a: Chi-Yu|Dark Pulse|p2a: Decidueye\n|-supereffective|p2a: Decidueye\n|-damage|p2a: Decidueye|0 fnt\n|faint|p2a: Decidueye\n|\n|win|p0x3192b92", "uploadtime": 1783543357, "views": 0, "rating": 0, "private": 0, "password": null, "_winner": "p0x3192b92", "_our_name": "p0x3192b92"}