{"id": "battle-gen9randombattle-1385", "formatid": "gen9randombattle", "format": "[Gen 9] Random Battle", "players": ["p0x13857555", "p0y138577f8"], "log": "|init|battle\n|title|p0x13857555 vs. p0y138577f8\n|j|\u2606p0x13857555\n|j|\u2606p0y138577f8\n|t:|1783556109\n|gametype|singles\n|player|p1|p0x13857555|1|\n|player|p2|p0y138577f8|265|\n|gen|9\n|tier|[Gen 9] Random Battle\n|rule|Species Clause: Limit one of each Pok\u00e9mon\n|rule|HP Percentage Mod: HP is shown in percentages\n|rule|Sleep Clause Mod: Limit one foe put to sleep\n|rule|Illusion Level Mod: Illusion disguises the Pok\u00e9mon's true level\n|\n|t:|1783556109\n|teamsize|p1|6\n|teamsize|p2|6\n|start\n|switch|p1a: Giratina|Giratina, L75|100/100\n|switch|p2a: Iron Moth|Iron Moth, L78|253/253\n|-ability|p1a: Giratina|Pressure\n|turn|1\n|inactive|Battle timer is ON: inactive players will automatically lose when time's up. (requested by p0y138577f8)\n|inactive|p0x13857555 also wants the timer to be on.\n|\n|t:|1783556110\n|move|p2a: Iron Moth|Toxic Spikes|p1a: Giratina\n|-sidestart|p1: p0x13857555|move: Toxic Spikes\n|move|p1a: Giratina|Calm Mind|p1a: Giratina\n|-boost|p1a: Giratina|spa|1\n|-boost|p1a: Giratina|spd|1\n|\n|upkeep\n|turn|2\n|inactive|Time left: 300 sec this turn | 300 sec total\n|\n|t:|1783556111\n|-end|p2a: Iron Moth|Quark Drive|[silent]\n|switch|p2a: Flutter Mane|Flutter Mane, L74|203/203\n|move|p1a: Giratina|Calm Mind|p1a: Giratina\n|-boost|p1a: Giratina|spa|1\n|-boost|p1a: Giratina|spd|1\n|\n|upkeep\n|turn|3\n|inactive|Time left: 300 sec this turn | 300 sec total\n|\n|t:|1783556112\n|move|p2a: Flutter Mane|Calm Mind|p2a: Flutter Mane\n|-boost|p2a: Flutter Mane|spa|1\n|-boost|p2a: Flutter Mane|spd|1\n|move|p1a: Giratina|Calm Mind|p1a: Giratina\n|-boost|p1a: Giratina|spa|1\n|-boost|p1a: Giratina|spd|1\n|\n|upkeep\n|turn|4\n|inactive|Time left: 300 sec this turn | 300 sec total\n|\n|t:|1783556112\n|move|p2a: Flutter Mane|Calm Mind|p2a: Flutter Mane\n|-boost|p2a: Flutter Mane|spa|1\n|-boost|p2a: Flutter Mane|spd|1\n|move|p1a: Giratina|Calm Mind|p1a: Giratina\n|-boost|p1a: Giratina|spa|1\n|-boost|p1a: Giratina|spd|1\n|\n|upkeep\n|turn|5\n|inactive|Time left: 300 sec this turn | 300 sec total\n|\n|t:|1783556113\n|move|p2a: Flutter Mane|Calm Mind|p2a: Flutter Mane\n|-boost|p2a: Flutter Mane|spa|1\n|-boost|p2a: Flutter Mane|spd|1\n|move|p1a: Giratina|Calm Mind|p1a: Giratina\n|-boost|p1a: Giratina|spa|1\n|-boost|p1a: Giratina|spd|1\n|\n|upkeep\n|turn|6\n|inactive|Time left: 300 sec this turn | 300 sec total\n|\n|t:|1783556114\n|move|p2a: Flutter Mane|Moonblast|p1a: Giratina\n|-supereffective|p1a: Giratina\n|-damage|p1a: Giratina|55/100\n|-damage|p2a: Flutter Mane|183/203|[from] item: Life Orb\n|move|p1a: Giratina|Calm Mind|p1a: Giratina\n|-boost|p1a: Giratina|spa|1\n|-boost|p1a: Giratina|spd|1\n|\n|-heal|p1a: Giratina|61/100|[from] item: Leftovers\n|upkeep\n|turn|7\n|inactive|Time left: 300 sec this turn | 300 sec total\n|\n|t:|1783556114\n|move|p2a: Flutter Mane|Calm Mind|p2a: Flutter Mane\n|-boost|p2a: Flutter Mane|spa|1\n|-boost|p2a: Flutter Mane|spd|1\n|move|p1a: Giratina|Rest|p1a: Giratina\n|-status|p1a: Giratina|slp|[from] move: Rest\n|-heal|p1a: Giratina|100/100 slp|[silent]\n|\n|upkeep\n|turn|8\n|inactive|Time left: 300 sec this turn | 300 sec total\n|\n|t:|1783556115\n|move|p2a: Flutter Mane|Moonblast|p1a: Giratina\n|-supereffective|p1a: Giratina\n|-damage|p1a: Giratina|46/100 slp\n|-damage|p2a: Flutter Mane|163/203|[from] item: Life Orb\n|cant|p1a: Giratina|slp\n|\n|-heal|p1a: Giratina|52/100 slp|[from] item: Leftovers\n|upkeep\n|turn|9\n|inactive|Time left: 300 sec this turn | 300 sec total\n|\n|t:|1783556116\n|-terastallize|p1a: Giratina|Fairy\n|move|p2a: Flutter Mane|Moonblast|p1a: Giratina\n|-damage|p1a: Giratina|26/100 slp\n|-unboost|p1a: Giratina|spa|1\n|-damage|p2a: Flutter Mane|143/203|[from] item: Life Orb\n|cant|p1a: Giratina|slp\n|move|p1a: Giratina|Sleep Talk|p1a: Giratina\n|move|p1a: Giratina|Calm Mind|p1a: Giratina|[from] move: Sleep Talk\n|-boost|p1a: Giratina|spa|1\n|-boost|p1a: Giratina|spd|0\n|\n|-heal|p1a: Giratina|32/100 slp|[from] item: Leftovers\n|upkeep\n|turn|10\n|inactive|Time left: 300 sec this turn | 300 sec total\n|\n|t:|1783556117\n|move|p2a: Flutter Mane|Shadow Ball|p1a: Giratina\n|-damage|p1a: Giratina|12/100 slp\n|-unboost|p1a: Giratina|spd|1\n|-damage|p2a: Flutter Mane|123/203|[from] item: Life Orb\n|-curestatus|p1a: Giratina|slp|[msg]\n|move|p1a: Giratina|Rest|p1a: Giratina\n|-status|p1a: Giratina|slp|[from] move: Rest\n|-heal|p1a: Giratina|100/100 slp|[silent]\n|\n|upkeep\n|turn|11\n|inactive|Time left: 300 sec this turn | 300 sec total\n|\n|t:|1783556118\n|move|p2a: Flutter Mane|Calm Mind|p2a: Flutter Mane\n|-boost|p2a: Flutter Mane|spa|1\n|-boost|p2a: Flutter Mane|spd|1\n|cant|p1a: Giratina|slp\n|\n|upkeep\n|turn|12\n|inactive|Time left: 300 sec this turn | 300 sec total\n|\n|t:|1783556119\n|move|p2a: Flutter Mane|Shadow Ball|p1a: Giratina\n|-damage|p1a: Giratina|75/100 slp\n|-damage|p2a: Flutter Mane|103/203|[from] item: Life Orb\n|cant|p1a: Giratina|slp\n|\n|-heal|p1a: Giratina|81/100 slp|[from] item: Leftovers\n|upkeep\n|turn|13\n|inactive|Time left: 300 sec this turn | 300 sec total\n|\n|t:|1783556120\n|move|p2a: Flutter Mane|Moonblast|p1a: Giratina\n|-damage|p1a: Giratina|46/100 slp\n|-unboost|p1a: Giratina|spa|1\n|-damage|p2a: Flutter Mane|83/203|[from] item: Life Orb\n|-curestatus|p1a: Giratina|slp|[msg]\n|move|p1a: Giratina|Rest|p1a: Giratina\n|-status|p1a: Giratina|slp|[from] move: Rest\n|-heal|p1a: Giratina|100/100 slp|[silent]\n|\n|upkeep\n|turn|14\n|inactive|Time left: 300 sec this turn | 300 sec total\n|\n|t:|1783556121\n|move|p2a: Flutter Mane|Shadow Ball|p1a: Giratina\n|-damage|p1a: Giratina|73/100 slp\n|-damage|p2a: Flutter Mane|63/203|[from] item: Life Orb\n|cant|p1a: Giratina|slp\n|\n|-heal|p1a: Giratina|79/100 slp|[from] item: Leftovers\n|upkeep\n|turn|15\n|inactive|Time left: 300 sec this turn | 300 sec total\n|\n|t:|1783556122\n|move|p2a: Flutter Mane|Moonblast|p1a: Giratina\n|-damage|p1a: Giratina|47/100 slp\n|-damage|p2a: Flutter Mane|43/203|[from] item: Life Orb\n|cant|p1a: Giratina|slp\n|move|p1a: Giratina|Sleep Talk|p1a: Giratina\n|move|p1a: Giratina|Dragon Pulse|p2a: Flutter Mane|[from] move: Sleep Talk\n|-immune|p2a: Flutter Mane\n|\n|-heal|p1a: Giratina|53/100 slp|[from] item: Leftovers\n|upkeep\n|turn|16\n|inactive|Time left: 300 sec this turn | 300 sec total\n|\n|t:|1783556123\n|move|p2a: Flutter Mane|Calm Mind|p2a: Flutter Mane\n|-boost|p2a: Flutter Mane|spa|1\n|-boost|p2a: Flutter Mane|spd|1\n|-curestatus|p1a: Giratina|slp|[msg]\n|move|p1a: Giratina|Rest|p1a: Giratina\n|-status|p1a: Giratina|slp|[from] move: Rest\n|-heal|p1a: Giratina|100/100 slp|[silent]\n|\n|upkeep\n|turn|17\n|inactive|Time left: 300 sec this turn | 300 sec total\n|\n|t:|1783556124\n|move|p2a: Flutter Mane|Moonblast|p1a: Giratina\n|-damage|p1a: Giratina|62/100 slp\n|-damage|p2a: Flutter Mane|23/203|[from] item: Life Orb\n|cant|p1a: Giratina|slp\n|\n|-heal|p1a: Giratina|68/100 slp|[from] item: Leftovers\n|upkeep\n|turn|18\n|inactive|Time left: 300 sec this turn | 300 sec total\n|\n|t:|1783556125\n|move|p2a: Flutter Mane|Moonblast|p1a: Giratina\n|-damage|p1a: Giratina|26/100 slp\n|-damage|p2a: Flutter Mane|3/203|[from] item: Life Orb\n|cant|p1a: Giratina|slp\n|move|p1a: Giratina|Sleep Talk|p1a: Giratina\n|move|p1a: Giratina|Dragon Pulse|p2a: Flutter Mane|[from] move: Sleep Talk\n|-immune|p2a: Flutter Mane\n|\n|-heal|p1a: Giratina|32/100 slp|[from] item: Leftovers\n|upkeep\n|turn|19\n|inactive|Time left: 300 sec this turn | 300 sec total\n|\n|t:|1783556127\n|move|p2a: Flutter Mane|Moonblast|p1a: Giratina\n|-damage|p1a: Giratina|0 fnt\n|faint|p1a: Giratina\n|-damage|p2a: Flutter Mane|0 fnt|[from] item: Life Orb\n|faint|p2a: Flutter Mane\n|-end|p2a: Flutter Mane|Protosynthesis|[silent]\n|\n|upkeep\n|inactive|Time left: 300 sec this turn | 300 sec total | 5 sec grace\n|\n|t:|1783556128\n|switch|p2a: Galvantula|Galvantula, L82, F|249/249\n|switch|p1a: Delphox|Delphox, L84, M|100/100\n|turn|20\n|inactive|Time left: 300 sec this turn | 300 sec total\n|\n|t:|1783556129\n|move|p2a: Galvantula|Sticky Web|p1a: Delphox\n|-sidestart|p1: p0x13857555|move: Sticky Web\n|move|p1a: Delphox|Fire Blast|p2a: Galvantula\n|-supereffective|p2a: Galvantula\n|-damage|p2a: Galvantula|0 fnt\n|faint|p2a: Galvantula\n|\n|upkeep\n|inactive|Time left: 300 sec this turn | 300 sec total | 5 sec grace\n|\n|t:|1783556130\n|switch|p2a: Rayquaza|Rayquaza, L72|270/270\n|-ability|p2a: Rayquaza|Air Lock\n|turn|21\n|inactive|Time left: 300 sec this turn | 300 sec total\n|\n|t:|1783556131\n|move|p1a: Delphox|Fire Blast|p2a: Rayquaza|[miss]\n|-miss|p1a: Delphox|p2a: Rayquaza\n|move|p2a: Rayquaza|Swords Dance|p2a: Rayquaza\n|-boost|p2a: Rayquaza|atk|2\n|\n|upkeep\n|turn|22\n|inactive|Time left: 300 sec this turn | 300 sec total\n|\n|t:|1783556132\n|move|p1a: Delphox|Psyshock|p2a: Rayquaza\n|-damage|p2a: Rayquaza|165/270\n|move|p2a: Rayquaza|Earthquake|p1a: Delphox\n|-supereffective|p1a: Delphox\n|-damage|p1a: Delphox|0 fnt\n|faint|p1a: Delphox\n|\n|upkeep\n|\n|t:|1783556133\n|switch|p1a: Tyranitar|Tyranitar, L78, M|100/100\n|-status|p1a: Tyranitar|psn\n|-activate|p1a: Tyranitar|move: Sticky Web\n|-unboost|p1a: Tyranitar|spe|1\n|-weather|Sandstorm|[from] ability: Sand Stream|[of] p1a: Tyranitar\n|turn|23\n|inactive|Time left: 300 sec this turn | 300 sec total\n|\n|t:|1783556134\n|move|p2a: Rayquaza|Earthquake|p1a: Tyranitar\n|-supereffective|p1a: Tyranitar\n|-damage|p1a: Tyranitar|15/100 psn\n|move|p1a: Tyranitar|Stone Edge|p2a: Rayquaza|[miss]\n|-miss|p1a: Tyranitar|p2a: Rayquaza\n|\n|-weather|Sandstorm|[upkeep]\n|-heal|p1a: Tyranitar|21/100 psn|[from] item: Leftovers\n|-damage|p1a: Tyranitar|8/100 psn|[from] psn\n|upkeep\n|turn|24\n|inactive|Time left: 300 sec this turn | 300 sec total\n|\n|t:|1783556136\n|move|p2a: Rayquaza|Extreme Speed|p1a: Tyranitar\n|-resisted|p1a: Tyranitar\n|-damage|p1a: Tyranitar|0 fnt\n|faint|p1a: Tyranitar\n|\n|-weather|Sandstorm|[upkeep]\n|upkeep\n|\n|t:|1783556137\n|switch|p1a: Minior|Minior, L79|100/100\n|-formechange|p1a: Minior|Minior-Meteor||[from] ability: Shields Down\n|turn|25\n|inactive|Time left: 300 sec this turn | 300 sec total\n|\n|t:|1783556138\n|-terastallize|p2a: Rayquaza|Normal\n|move|p2a: Rayquaza|Dragon Ascent|p1a: Minior\n|-resisted|p1a: Minior\n|-damage|p1a: Minior|47/100\n|-unboost|p2a: Rayquaza|def|1\n|-unboost|p2a: Rayquaza|spd|1\n|move|p1a: Minior|Shell Smash|p1a: Minior\n|-unboost|p1a: Minior|def|1\n|-unboost|p1a: Minior|spd|1\n|-boost|p1a: Minior|atk|2\n|-boost|p1a: Minior|spa|2\n|-boost|p1a: Minior|spe|2\n|-enditem|p1a: Minior|White Herb\n|-clearnegativeboost|p1a: Minior|[silent]\n|\n|-weather|Sandstorm|[upkeep]\n|-formechange|p1a: Minior|Minior||[from] ability: Shields Down\n|upkeep\n|turn|26\n|inactive|Time left: 300 sec this turn | 300 sec total\n|\n|t:|1783556139\n|move|p2a: Rayquaza|Extreme Speed|p1a: Minior\n|-resisted|p1a: Minior\n|-damage|p1a: Minior|0 fnt\n|faint|p1a: Minior\n|\n|-weather|Sandstorm|[upkeep]\n|upkeep\n|\n|t:|1783556140\n|switch|p1a: Ambipom|Ambipom, L84, F|100/100\n|-status|p1a: Ambipom|psn\n|-activate|p1a: Ambipom|move: Sticky Web\n|-unboost|p1a: Ambipom|spe|1\n|turn|27\n|inactive|Time left: 300 sec this turn | 300 sec total\n|\n|t:|1783556141\n|move|p2a: Rayquaza|Dragon Ascent|p1a: Ambipom\n|-damage|p1a: Ambipom|0 fnt\n|-unboost|p2a: Rayquaza|def|1\n|-unboost|p2a: Rayquaza|spd|1\n|faint|p1a: Ambipom\n|\n|-weather|none\n|upkeep\n|\n|t:|1783556142\n|switch|p1a: Shiftry|Shiftry, L89, M|100/100\n|-status|p1a: Shiftry|psn\n|-activate|p1a: Shiftry|move: Sticky Web\n|-unboost|p1a: Shiftry|spe|1\n|turn|28\n|inactive|Time left: 300 sec this turn | 300 sec total\n|\n|t:|1783556143\n|move|p2a: Rayquaza|Extreme Speed|p1a: Shiftry\n|-damage|p1a: Shiftry|31/100 psn\n|move|p1a: Shiftry|Leaf Blade|p2a: Rayquaza\n|-damage|p2a: Rayquaza|0 fnt\n|faint|p2a: Rayquaza\n|-damage|p1a: Shiftry|21/100 psn|[from] item: Life Orb\n|\n|-damage|p1a: Shiftry|8/100 psn|[from] psn\n|upkeep\n|inactive|Time left: 300 sec this turn | 300 sec total | 5 sec grace\n|\n|t:|1783556143\n|switch|p2a: Chansey|Chansey, L85, F|564/564\n|turn|29\n|inactive|Time left: 300 sec this turn | 300 sec total\n|\n|t:|1783556144\n|move|p2a: Chansey|Soft-Boiled||[still]\n|-fail|p2a: Chansey|heal\n|move|p1a: Shiftry|Knock Off|p2a: Chansey\n|-damage|p2a: Chansey|235/564\n|-enditem|p2a: Chansey|Eviolite|[from] move: Knock Off|[of] p1a: Shiftry\n|-damage|p1a: Shiftry|0 fnt|[from] item: Life Orb\n|faint|p1a: Shiftry\n|\n|win|p0y138577f8", "uploadtime": 1783556144, "views": 0, "rating": 0, "private": 0, "password": null, "_winner": "p0y138577f8", "_our_name": "p0y138577f8"}