{"id": "battle-gen9randombattle-922", "formatid": "gen9randombattle", "format": "[Gen 9] Random Battle", "players": ["p0x9224534", "p0y9229aab"], "log": "|init|battle\n|title|p0x9224534 vs. p0y9229aab\n|j|\u2606p0x9224534\n|j|\u2606p0y9229aab\n|t:|1783549829\n|gametype|singles\n|player|p1|p0x9224534|2|\n|player|p2|p0y9229aab|101|\n|gen|9\n|tier|[Gen 9] Random Battle\n|rule|Species Clause: Limit one of each Pok\u00e9mon\n|rule|HP Percentage Mod: HP is shown in percentages\n|rule|Sleep Clause Mod: Limit one foe put to sleep\n|rule|Illusion Level Mod: Illusion disguises the Pok\u00e9mon's true level\n|\n|t:|1783549829\n|teamsize|p1|6\n|teamsize|p2|6\n|start\n|switch|p1a: Gliscor|Gliscor, L76, F|239/239\n|switch|p2a: Skuntank|Skuntank, L84, F|100/100\n|turn|1\n|inactive|Battle timer is ON: inactive players will automatically lose when time's up. (requested by p0x9224534)\n|inactive|p0y9229aab also wants the timer to be on.\n|\n|t:|1783549830\n|move|p2a: Skuntank|Knock Off|p1a: Gliscor\n|-damage|p1a: Gliscor|151/239\n|-enditem|p1a: Gliscor|Toxic Orb|[from] move: Knock Off|[of] p2a: Skuntank\n|move|p1a: Gliscor|Earthquake|p2a: Skuntank\n|-supereffective|p2a: Skuntank\n|-damage|p2a: Skuntank|28/100\n|\n|upkeep\n|turn|2\n|inactive|Time left: 300 sec this turn | 300 sec total\n|\n|t:|1783549832\n|switch|p2a: Staraptor|Staraptor, L79, F|100/100\n|move|p1a: Gliscor|Earthquake|p2a: Staraptor\n|-immune|p2a: Staraptor\n|\n|upkeep\n|turn|3\n|inactive|Time left: 300 sec this turn | 300 sec total\n|\n|t:|1783549833\n|switch|p1a: Palossand|Palossand, L89, M|296/296\n|move|p2a: Staraptor|Brave Bird|p1a: Palossand\n|-damage|p1a: Palossand|121/296\n|-damage|p2a: Staraptor|78/100|[from] Recoil\n|\n|-heal|p1a: Palossand|139/296|[from] item: Leftovers\n|upkeep\n|turn|4\n|inactive|Time left: 300 sec this turn | 300 sec total\n|\n|t:|1783549834\n|switch|p1a: Jirachi|Jirachi, L80|291/291\n|move|p2a: Staraptor|Brave Bird|p1a: Jirachi\n|-resisted|p1a: Jirachi\n|-damage|p1a: Jirachi|175/291\n|-damage|p2a: Staraptor|64/100|[from] Recoil\n|\n|upkeep\n|turn|5\n|inactive|Time left: 300 sec this turn | 300 sec total\n|\n|t:|1783549835\n|move|p1a: Jirachi|Iron Head|p2a: Staraptor\n|-damage|p2a: Staraptor|25/100\n|cant|p2a: Staraptor|flinch\n|\n|upkeep\n|turn|6\n|inactive|Time left: 300 sec this turn | 300 sec total\n|\n|t:|1783549836\n|switch|p2a: Gyarados|Gyarados, L79, F|100/100\n|-ability|p2a: Gyarados|Intimidate|boost\n|-unboost|p1a: Jirachi|atk|1\n|move|p1a: Jirachi|Iron Head|p2a: Gyarados\n|-resisted|p2a: Gyarados\n|-damage|p2a: Gyarados|89/100\n|\n|upkeep\n|turn|7\n|inactive|Time left: 300 sec this turn | 300 sec total\n|\n|t:|1783549838\n|move|p1a: Jirachi|Iron Head|p2a: Gyarados\n|-resisted|p2a: Gyarados\n|-damage|p2a: Gyarados|78/100\n|cant|p2a: Gyarados|flinch\n|\n|upkeep\n|turn|8\n|inactive|Time left: 300 sec this turn | 300 sec total\n|\n|t:|1783549839\n|move|p1a: Jirachi|Iron Head|p2a: Gyarados\n|-resisted|p2a: Gyarados\n|-damage|p2a: Gyarados|67/100\n|move|p2a: Gyarados|Dragon Dance|p2a: Gyarados\n|-boost|p2a: Gyarados|atk|1\n|-boost|p2a: Gyarados|spe|1\n|\n|upkeep\n|turn|9\n|inactive|Time left: 300 sec this turn | 300 sec total\n|\n|t:|1783549840\n|move|p1a: Jirachi|Iron Head|p2a: Gyarados\n|-resisted|p2a: Gyarados\n|-damage|p2a: Gyarados|56/100\n|move|p2a: Gyarados|Waterfall|p1a: Jirachi\n|-crit|p1a: Jirachi\n|-damage|p1a: Jirachi|0 fnt\n|faint|p1a: Jirachi\n|\n|upkeep\n|inactive|Time left: 300 sec this turn | 300 sec total | 5 sec grace\n|\n|t:|1783549841\n|switch|p1a: Cetitan|Cetitan, L82, M|413/413\n|turn|10\n|inactive|Time left: 300 sec this turn | 300 sec total\n|\n|t:|1783549842\n|move|p2a: Gyarados|Waterfall|p1a: Cetitan\n|-damage|p1a: Cetitan|236/413\n|move|p1a: Cetitan|Icicle Crash|p2a: Gyarados\n|-damage|p2a: Gyarados|0 fnt\n|faint|p2a: Gyarados\n|\n|upkeep\n|\n|t:|1783549843\n|switch|p2a: Latios|Latios, L78, M|100/100\n|turn|11\n|inactive|Time left: 300 sec this turn | 300 sec total\n|\n|t:|1783549844\n|move|p2a: Latios|Luster Purge|p1a: Cetitan\n|-damage|p1a: Cetitan|7/413\n|move|p1a: Cetitan|Icicle Crash|p2a: Latios\n|-supereffective|p2a: Latios\n|-crit|p2a: Latios\n|-damage|p2a: Latios|0 fnt\n|faint|p2a: Latios\n|\n|upkeep\n|\n|t:|1783549845\n|switch|p2a: Solgaleo|Solgaleo, L74|100/100\n|turn|12\n|inactive|Time left: 300 sec this turn | 300 sec total\n|\n|t:|1783549846\n|switch|p1a: Palossand|Palossand, L89, M|139/296\n|move|p2a: Solgaleo|Flame Charge|p1a: Palossand\n|-damage|p1a: Palossand|107/296\n|-boost|p2a: Solgaleo|spe|1\n|\n|-heal|p1a: Palossand|125/296|[from] item: Leftovers\n|upkeep\n|turn|13\n|inactive|Time left: 300 sec this turn | 300 sec total\n|\n|t:|1783549848\n|-terastallize|p2a: Solgaleo|Dark\n|move|p2a: Solgaleo|Knock Off|p1a: Palossand\n|-supereffective|p1a: Palossand\n|-damage|p1a: Palossand|0 fnt\n|-enditem|p1a: Palossand|Leftovers|[from] move: Knock Off|[of] p2a: Solgaleo\n|faint|p1a: Palossand\n|\n|upkeep\n|inactive|Time left: 300 sec this turn | 300 sec total | 5 sec grace\n|\n|t:|1783549849\n|switch|p1a: Gliscor|Gliscor, L76, F|151/239\n|turn|14\n|inactive|Time left: 300 sec this turn | 300 sec total\n|\n|t:|1783549850\n|move|p2a: Solgaleo|Knock Off|p1a: Gliscor\n|-damage|p1a: Gliscor|91/239\n|move|p1a: Gliscor|Toxic|p2a: Solgaleo\n|-status|p2a: Solgaleo|tox\n|\n|-damage|p2a: Solgaleo|94/100 tox|[from] psn\n|upkeep\n|turn|15\n|inactive|Time left: 300 sec this turn | 300 sec total\n|\n|t:|1783549851\n|move|p1a: Gliscor|Protect|p1a: Gliscor\n|-singleturn|p1a: Gliscor|Protect\n|move|p2a: Solgaleo|Psychic|p1a: Gliscor\n|-activate|p1a: Gliscor|move: Protect\n|\n|-damage|p2a: Solgaleo|82/100 tox|[from] psn\n|upkeep\n|turn|16\n|inactive|Time left: 300 sec this turn | 300 sec total\n|\n|t:|1783549852\n|switch|p1a: Oinkologne|Oinkologne-F, L92, F|361/361\n|move|p2a: Solgaleo|Psychic|p1a: Oinkologne\n|-damage|p1a: Oinkologne|291/361\n|\n|-heal|p1a: Oinkologne|313/361|[from] item: Leftovers\n|-damage|p2a: Solgaleo|64/100 tox|[from] psn\n|upkeep\n|turn|17\n|inactive|Time left: 300 sec this turn | 300 sec total\n|\n|t:|1783549853\n|move|p2a: Solgaleo|Knock Off|p1a: Oinkologne\n|-damage|p1a: Oinkologne|189/361\n|-enditem|p1a: Oinkologne|Leftovers|[from] move: Knock Off|[of] p2a: Solgaleo\n|move|p1a: Oinkologne|Body Slam|p2a: Solgaleo\n|-damage|p2a: Solgaleo|34/100 tox\n|\n|-damage|p2a: Solgaleo|9/100 tox|[from] psn\n|upkeep\n|turn|18\n|inactive|Time left: 300 sec this turn | 300 sec total\n|\n|t:|1783549854\n|move|p2a: Solgaleo|Sunsteel Strike|p1a: Oinkologne\n|-damage|p1a: Oinkologne|77/361\n|move|p1a: Oinkologne|Rest|p1a: Oinkologne\n|-status|p1a: Oinkologne|slp|[from] move: Rest\n|-heal|p1a: Oinkologne|361/361 slp|[silent]\n|\n|-damage|p2a: Solgaleo|0 fnt|[from] psn\n|faint|p2a: Solgaleo\n|upkeep\n|\n|t:|1783549855\n|switch|p2a: Magnezone|Magnezone, L85|100/100\n|turn|19\n|inactive|Time left: 300 sec this turn | 300 sec total\n|\n|t:|1783549856\n|switch|p1a: Chimecho|Chimecho, L93, M|290/290\n|move|p2a: Magnezone|Flash Cannon|p1a: Chimecho\n|-damage|p1a: Chimecho|184/290\n|\n|-heal|p1a: Chimecho|202/290|[from] item: Leftovers\n|upkeep\n|turn|20\n|inactive|Time left: 300 sec this turn | 300 sec total\n|\n|t:|1783549858\n|move|p1a: Chimecho|Cosmic Power|p1a: Chimecho\n|-boost|p1a: Chimecho|def|1\n|-boost|p1a: Chimecho|spd|1\n|move|p2a: Magnezone|Volt Switch|p1a: Chimecho\n|-damage|p1a: Chimecho|148/290\n|\n|t:|1783549859\n|switch|p2a: Skuntank|Skuntank, L84, F|28/100|[from] Volt Switch\n|\n|-heal|p1a: Chimecho|166/290|[from] item: Leftovers\n|upkeep\n|turn|21\n|inactive|Time left: 300 sec this turn | 300 sec total\n|\n|t:|1783549860\n|move|p2a: Skuntank|Knock Off|p1a: Chimecho\n|-supereffective|p1a: Chimecho\n|-damage|p1a: Chimecho|28/290\n|-enditem|p1a: Chimecho|Leftovers|[from] move: Knock Off|[of] p2a: Skuntank\n|move|p1a: Chimecho|Recover|p1a: Chimecho\n|-heal|p1a: Chimecho|173/290\n|\n|upkeep\n|turn|22\n|inactive|Time left: 300 sec this turn | 300 sec total\n|\n|t:|1783549861\n|move|p2a: Skuntank|Knock Off|p1a: Chimecho\n|-supereffective|p1a: Chimecho\n|-damage|p1a: Chimecho|93/290\n|move|p1a: Chimecho|Recover|p1a: Chimecho\n|-heal|p1a: Chimecho|238/290\n|\n|upkeep\n|turn|23\n|inactive|Time left: 300 sec this turn | 300 sec total\n|\n|t:|1783549862\n|move|p2a: Skuntank|Knock Off|p1a: Chimecho\n|-supereffective|p1a: Chimecho\n|-damage|p1a: Chimecho|152/290\n|move|p1a: Chimecho|Recover|p1a: Chimecho\n|-heal|p1a: Chimecho|290/290\n|\n|upkeep\n|turn|24\n|inactive|Time left: 300 sec this turn | 300 sec total\n|\n|t:|1783549863\n|move|p2a: Skuntank|Knock Off|p1a: Chimecho\n|-supereffective|p1a: Chimecho\n|-damage|p1a: Chimecho|204/290\n|move|p1a: Chimecho|Dazzling Gleam|p2a: Skuntank\n|-damage|p2a: Skuntank|9/100\n|\n|upkeep\n|turn|25\n|inactive|Time left: 300 sec this turn | 300 sec total\n|\n|t:|1783549865\n|move|p2a: Skuntank|Knock Off|p1a: Chimecho\n|-supereffective|p1a: Chimecho\n|-damage|p1a: Chimecho|118/290\n|move|p1a: Chimecho|Recover|p1a: Chimecho\n|-heal|p1a: Chimecho|263/290\n|\n|upkeep\n|turn|26\n|inactive|Time left: 300 sec this turn | 300 sec total\n|\n|t:|1783549866\n|move|p2a: Skuntank|Gunk Shot|p1a: Chimecho|[miss]\n|-miss|p2a: Skuntank|p1a: Chimecho\n|move|p1a: Chimecho|Dazzling Gleam|p2a: Skuntank\n|-damage|p2a: Skuntank|0 fnt\n|faint|p2a: Skuntank\n|\n|upkeep\n|\n|t:|1783549867\n|switch|p2a: Magnezone|Magnezone, L85|100/100\n|turn|27\n|inactive|Time left: 300 sec this turn | 300 sec total\n|\n|t:|1783549867\n|move|p1a: Chimecho|Cosmic Power|p1a: Chimecho\n|-boost|p1a: Chimecho|def|1\n|-boost|p1a: Chimecho|spd|1\n|move|p2a: Magnezone|Flash Cannon|p1a: Chimecho\n|-damage|p1a: Chimecho|211/290\n|\n|upkeep\n|turn|28\n|inactive|Time left: 300 sec this turn | 300 sec total\n|\n|t:|1783549868\n|move|p1a: Chimecho|Recover|p1a: Chimecho\n|-heal|p1a: Chimecho|290/290\n|move|p2a: Magnezone|Flash Cannon|p1a: Chimecho\n|-damage|p1a: Chimecho|242/290\n|\n|upkeep\n|turn|29\n|inactive|Time left: 300 sec this turn | 300 sec total\n|\n|t:|1783549869\n|move|p1a: Chimecho|Cosmic Power|p1a: Chimecho\n|-boost|p1a: Chimecho|def|1\n|-boost|p1a: Chimecho|spd|1\n|move|p2a: Magnezone|Flash Cannon|p1a: Chimecho\n|-damage|p1a: Chimecho|199/290\n|\n|upkeep\n|turn|30\n|inactive|Time left: 300 sec this turn | 300 sec total\n|\n|t:|1783549870\n|move|p1a: Chimecho|Recover|p1a: Chimecho\n|-heal|p1a: Chimecho|290/290\n|move|p2a: Magnezone|Thunderbolt|p1a: Chimecho\n|-damage|p1a: Chimecho|248/290\n|\n|upkeep\n|turn|31\n|inactive|Time left: 300 sec this turn | 300 sec total\n|\n|t:|1783549872\n|move|p1a: Chimecho|Cosmic Power|p1a: Chimecho\n|-boost|p1a: Chimecho|def|1\n|-boost|p1a: Chimecho|spd|1\n|move|p2a: Magnezone|Thunderbolt|p1a: Chimecho\n|-damage|p1a: Chimecho|208/290\n|\n|upkeep\n|turn|32\n|inactive|Time left: 300 sec this turn | 300 sec total\n|\n|t:|1783549873\n|move|p1a: Chimecho|Stored Power|p2a: Magnezone\n|-resisted|p2a: Magnezone\n|-damage|p2a: Magnezone|72/100\n|move|p2a: Magnezone|Mirror Coat|p1a: Chimecho\n|-damage|p1a: Chimecho|62/290\n|\n|upkeep\n|turn|33\n|inactive|Time left: 300 sec this turn | 300 sec total\n|\n|t:|1783549874\n|move|p1a: Chimecho|Recover|p1a: Chimecho\n|-heal|p1a: Chimecho|207/290\n|move|p2a: Magnezone|Thunderbolt|p1a: Chimecho\n|-damage|p1a: Chimecho|171/290\n|\n|upkeep\n|turn|34\n|inactive|Time left: 300 sec this turn | 300 sec total\n|\n|t:|1783549875\n|move|p1a: Chimecho|Recover|p1a: Chimecho\n|-heal|p1a: Chimecho|290/290\n|move|p2a: Magnezone|Thunderbolt|p1a: Chimecho\n|-damage|p1a: Chimecho|253/290\n|\n|upkeep\n|turn|35\n|inactive|Time left: 300 sec this turn | 300 sec total\n|\n|t:|1783549876\n|move|p1a: Chimecho|Stored Power|p2a: Magnezone\n|-resisted|p2a: Magnezone\n|-damage|p2a: Magnezone|43/100\n|move|p2a: Magnezone|Mirror Coat|p1a: Chimecho\n|-damage|p1a: Chimecho|103/290\n|\n|upkeep\n|turn|36\n|inactive|Time left: 300 sec this turn | 300 sec total\n|\n|t:|1783549877\n|move|p1a: Chimecho|Stored Power|p2a: Magnezone\n|-resisted|p2a: Magnezone\n|-damage|p2a: Magnezone|13/100\n|move|p2a: Magnezone|Mirror Coat|p1a: Chimecho\n|-damage|p1a: Chimecho|0 fnt\n|faint|p1a: Chimecho\n|\n|upkeep\n|inactive|Time left: 300 sec this turn | 300 sec total | 5 sec grace\n|\n|t:|1783549878\n|switch|p1a: Cetitan|Cetitan, L82, M|7/413\n|turn|37\n|inactive|Time left: 300 sec this turn | 300 sec total\n|\n|t:|1783549879\n|move|p1a: Cetitan|Liquidation|p2a: Magnezone\n|-damage|p2a: Magnezone|0 fnt\n|faint|p2a: Magnezone\n|\n|upkeep\n|\n|t:|1783549880\n|switch|p2a: Staraptor|Staraptor, L79, F|25/100\n|turn|38\n|inactive|Time left: 300 sec this turn | 300 sec total\n|\n|t:|1783549881\n|-terastallize|p1a: Cetitan|Water\n|move|p2a: Staraptor|Quick Attack|p1a: Cetitan\n|-damage|p1a: Cetitan|0 fnt\n|faint|p1a: Cetitan\n|\n|upkeep\n|inactive|Time left: 300 sec this turn | 300 sec total | 5 sec grace\n|\n|t:|1783549882\n|switch|p1a: Gliscor|Gliscor, L76, F|91/239\n|turn|39\n|inactive|Time left: 300 sec this turn | 300 sec total\n|\n|t:|1783549882\n|move|p2a: Staraptor|Quick Attack|p1a: Gliscor\n|-damage|p1a: Gliscor|37/239\n|move|p1a: Gliscor|Toxic|p2a: Staraptor\n|-status|p2a: Staraptor|tox\n|\n|-damage|p2a: Staraptor|19/100 tox|[from] psn\n|upkeep\n|turn|40\n|inactive|Time left: 300 sec this turn | 300 sec total\n|\n|t:|1783549883\n|move|p1a: Gliscor|Protect|p1a: Gliscor\n|-singleturn|p1a: Gliscor|Protect\n|move|p2a: Staraptor|Quick Attack|p1a: Gliscor\n|-activate|p1a: Gliscor|move: Protect\n|\n|-damage|p2a: Staraptor|7/100 tox|[from] psn\n|upkeep\n|turn|41\n|inactive|Time left: 300 sec this turn | 300 sec total\n|\n|t:|1783549884\n|switch|p1a: Oinkologne|Oinkologne-F, L92, F|361/361 slp\n|move|p2a: Staraptor|Quick Attack|p1a: Oinkologne\n|-damage|p1a: Oinkologne|285/361 slp\n|\n|-damage|p2a: Staraptor|0 fnt|[from] psn\n|faint|p2a: Staraptor\n|\n|win|p0x9224534", "uploadtime": 1783549884, "views": 0, "rating": 0, "private": 0, "password": null, "_winner": "p0x9224534", "_our_name": "p0x9224534"}