{"id": "battle-gen9randombattle-892", "formatid": "gen9randombattle", "format": "[Gen 9] Random Battle", "players": ["p0x8927a8d", "p0y892ceaf"], "log": "|init|battle\n|title|p0x8927a8d vs. p0y892ceaf\n|j|\u2606p0x8927a8d\n|j|\u2606p0y892ceaf\n|t:|1783549485\n|gametype|singles\n|player|p1|p0x8927a8d|101|\n|player|p2|p0y892ceaf|1|\n|gen|9\n|tier|[Gen 9] Random Battle\n|rule|Species Clause: Limit one of each Pok\u00e9mon\n|rule|HP Percentage Mod: HP is shown in percentages\n|rule|Sleep Clause Mod: Limit one foe put to sleep\n|rule|Illusion Level Mod: Illusion disguises the Pok\u00e9mon's true level\n|\n|t:|1783549485\n|teamsize|p1|6\n|teamsize|p2|6\n|start\n|switch|p1a: Falinks|Falinks, L84|100/100\n|switch|p2a: Scyther|Scyther, L82, M|249/249\n|turn|1\n|inactive|Battle timer is ON: inactive players will automatically lose when time's up. (requested by p0y892ceaf)\n|inactive|p0x8927a8d also wants the timer to be on.\n|\n|t:|1783549486\n|-terastallize|p1a: Falinks|Steel\n|move|p2a: Scyther|Dual Wingbeat|p1a: Falinks\n|-resisted|p1a: Falinks\n|-damage|p1a: Falinks|88/100\n|-resisted|p1a: Falinks\n|-damage|p1a: Falinks|76/100\n|-hitcount|p1a: Falinks|2\n|move|p1a: Falinks|No Retreat|p1a: Falinks\n|-boost|p1a: Falinks|atk|1\n|-boost|p1a: Falinks|def|1\n|-boost|p1a: Falinks|spa|1\n|-boost|p1a: Falinks|spd|1\n|-boost|p1a: Falinks|spe|1\n|-start|p1a: Falinks|move: No Retreat\n|\n|upkeep\n|turn|2\n|inactive|Time left: 300 sec this turn | 300 sec total\n|\n|t:|1783549487\n|-terastallize|p2a: Scyther|Fighting\n|move|p1a: Falinks|Iron Head|p2a: Scyther\n|-damage|p2a: Scyther|132/249\n|-damage|p1a: Falinks|66/100|[from] item: Life Orb\n|move|p2a: Scyther|Close Combat|p1a: Falinks\n|-supereffective|p1a: Falinks\n|-damage|p1a: Falinks|0 fnt\n|-unboost|p2a: Scyther|def|1\n|-unboost|p2a: Scyther|spd|1\n|faint|p1a: Falinks\n|\n|upkeep\n|\n|t:|1783549488\n|switch|p1a: Glimmora|Glimmora, L75, M|100/100\n|turn|3\n|inactive|Time left: 300 sec this turn | 300 sec total\n|\n|t:|1783549490\n|move|p2a: Scyther|Swords Dance|p2a: Scyther\n|-boost|p2a: Scyther|atk|2\n|move|p1a: Glimmora|Meteor Beam||[still]\n|-prepare|p1a: Glimmora|Meteor Beam\n|-boost|p1a: Glimmora|spa|1\n|-enditem|p1a: Glimmora|Power Herb\n|-anim|p1a: Glimmora|Meteor Beam|p2a: Scyther|[miss]\n|-miss|p1a: Glimmora|p2a: Scyther\n|\n|upkeep\n|turn|4\n|inactive|Time left: 300 sec this turn | 300 sec total\n|\n|t:|1783549491\n|switch|p1a: Annihilape|Annihilape, L76, M|100/100\n|move|p2a: Scyther|Close Combat|p1a: Annihilape\n|-immune|p1a: Annihilape\n|\n|upkeep\n|turn|5\n|inactive|Time left: 300 sec this turn | 300 sec total\n|\n|t:|1783549492\n|switch|p1a: Glimmora|Glimmora, L75, M|100/100\n|move|p2a: Scyther|Dual Wingbeat|p1a: Glimmora\n|-resisted|p1a: Glimmora\n|-damage|p1a: Glimmora|73/100\n|-activate|p1a: Glimmora|ability: Toxic Debris\n|-sidestart|p2: p0y892ceaf|move: Toxic Spikes\n|-resisted|p1a: Glimmora\n|-damage|p1a: Glimmora|45/100\n|-activate|p1a: Glimmora|ability: Toxic Debris\n|-sidestart|p2: p0y892ceaf|move: Toxic Spikes\n|-hitcount|p1a: Glimmora|2\n|\n|upkeep\n|turn|6\n|inactive|Time left: 300 sec this turn | 300 sec total\n|\n|t:|1783549493\n|move|p2a: Scyther|Dual Wingbeat|p1a: Glimmora\n|-resisted|p1a: Glimmora\n|-damage|p1a: Glimmora|16/100\n|-resisted|p1a: Glimmora\n|-damage|p1a: Glimmora|0 fnt\n|faint|p1a: Glimmora\n|-hitcount|p1: Glimmora|2\n|\n|upkeep\n|\n|t:|1783549494\n|switch|p1a: Umbreon|Umbreon, L84, F|100/100\n|turn|7\n|inactive|Time left: 300 sec this turn | 300 sec total\n|\n|t:|1783549495\n|move|p1a: Umbreon|Protect|p1a: Umbreon\n|-singleturn|p1a: Umbreon|Protect\n|move|p2a: Scyther|Close Combat|p1a: Umbreon\n|-activate|p1a: Umbreon|move: Protect\n|\n|upkeep\n|turn|8\n|inactive|Time left: 300 sec this turn | 300 sec total\n|\n|t:|1783549496\n|switch|p1a: Annihilape|Annihilape, L76, M|100/100\n|move|p2a: Scyther|Bug Bite|p1a: Annihilape\n|-resisted|p1a: Annihilape\n|-damage|p1a: Annihilape|80/100\n|-enditem|p1a: Annihilape|Chesto Berry|[from] stealeat|[move] Bug Bite|[of] p2a: Scyther\n|\n|upkeep\n|turn|9\n|inactive|Time left: 300 sec this turn | 300 sec total\n|\n|t:|1783549497\n|switch|p1a: Umbreon|Umbreon, L84, F|100/100\n|move|p2a: Scyther|Dual Wingbeat|p1a: Umbreon|[miss]\n|-miss|p2a: Scyther|p1a: Umbreon\n|\n|upkeep\n|turn|10\n|inactive|Time left: 300 sec this turn | 300 sec total\n|\n|t:|1783549498\n|switch|p1a: Annihilape|Annihilape, L76, M|80/100\n|move|p2a: Scyther|Bug Bite|p1a: Annihilape\n|-resisted|p1a: Annihilape\n|-damage|p1a: Annihilape|59/100\n|\n|upkeep\n|turn|11\n|inactive|Time left: 300 sec this turn | 300 sec total\n|\n|t:|1783549499\n|switch|p1a: Umbreon|Umbreon, L84, F|100/100\n|move|p2a: Scyther|Dual Wingbeat|p1a: Umbreon\n|-damage|p1a: Umbreon|66/100\n|-damage|p1a: Umbreon|29/100\n|-hitcount|p1a: Umbreon|2\n|\n|-heal|p1a: Umbreon|36/100|[from] item: Leftovers\n|upkeep\n|turn|12\n|inactive|Time left: 300 sec this turn | 300 sec total\n|\n|t:|1783549500\n|move|p1a: Umbreon|Protect|p1a: Umbreon\n|-singleturn|p1a: Umbreon|Protect\n|move|p2a: Scyther|Dual Wingbeat|p1a: Umbreon\n|-activate|p1a: Umbreon|move: Protect\n|\n|-heal|p1a: Umbreon|42/100|[from] item: Leftovers\n|upkeep\n|turn|13\n|inactive|Time left: 300 sec this turn | 300 sec total\n|\n|t:|1783549502\n|move|p2a: Scyther|Dual Wingbeat|p1a: Umbreon\n|-damage|p1a: Umbreon|5/100\n|-damage|p1a: Umbreon|0 fnt\n|faint|p1a: Umbreon\n|-hitcount|p1: Umbreon|2\n|\n|upkeep\n|\n|t:|1783549503\n|switch|p1a: Frosmoth|Frosmoth, L82, M|100/100\n|turn|14\n|inactive|Time left: 300 sec this turn | 300 sec total\n|\n|t:|1783549503\n|switch|p1a: Annihilape|Annihilape, L76, M|59/100\n|move|p2a: Scyther|Dual Wingbeat|p1a: Annihilape\n|-supereffective|p1a: Annihilape\n|-damage|p1a: Annihilape|0 fnt\n|faint|p1a: Annihilape\n|-hitcount|p1: Annihilape|1\n|\n|upkeep\n|\n|t:|1783549504\n|switch|p1a: Frosmoth|Frosmoth, L82, M|100/100\n|turn|15\n|inactive|Time left: 300 sec this turn | 300 sec total\n|\n|t:|1783549505\n|move|p2a: Scyther|Close Combat|p1a: Frosmoth\n|-damage|p1a: Frosmoth|0 fnt\n|-unboost|p2a: Scyther|def|1\n|-unboost|p2a: Scyther|spd|1\n|faint|p1a: Frosmoth\n|\n|upkeep\n|\n|t:|1783549506\n|switch|p1a: Ditto|Ditto, L87|100/100\n|-transform|p1a: Ditto|p2a: Scyther|[from] ability: Imposter\n|-start|p1a: Ditto|typechange|Bug/Flying|[silent]\n|turn|16\n|inactive|Time left: 300 sec this turn | 300 sec total\n|\n|t:|1783549507\n|move|p1a: Ditto|Bug Bite|p2a: Scyther\n|-resisted|p2a: Scyther\n|-damage|p2a: Scyther|0 fnt\n|faint|p2a: Scyther\n|\n|upkeep\n|inactive|Time left: 300 sec this turn | 300 sec total | 5 sec grace\n|\n|t:|1783549508\n|switch|p2a: Regice|Regice, L88|284/284\n|turn|17\n|inactive|Time left: 300 sec this turn | 300 sec total\n|\n|t:|1783549509\n|move|p1a: Ditto|Bug Bite|p2a: Regice\n|-damage|p2a: Regice|110/284\n|move|p2a: Regice|Thunderbolt|p1a: Ditto\n|-supereffective|p1a: Ditto\n|-damage|p1a: Ditto|0 fnt\n|faint|p1a: Ditto\n|\n|win|p0y892ceaf", "uploadtime": 1783549509, "views": 0, "rating": 0, "private": 0, "password": null, "_winner": "p0y892ceaf", "_our_name": "p0y892ceaf"}