{"id": "battle-gen9randombattle-1225", "formatid": "gen9randombattle", "format": "[Gen 9] Random Battle", "players": ["p0x122563d6", "p0y1225b5b8"], "log": "|init|battle\n|title|p0x122563d6 vs. p0y1225b5b8\n|j|\u2606p0x122563d6\n|j|\u2606p0y1225b5b8\n|t:|1783554176\n|gametype|singles\n|player|p1|p0x122563d6|266|\n|player|p2|p0y1225b5b8|169|\n|gen|9\n|tier|[Gen 9] Random Battle\n|rule|Species Clause: Limit one of each Pok\u00e9mon\n|rule|HP Percentage Mod: HP is shown in percentages\n|rule|Sleep Clause Mod: Limit one foe put to sleep\n|rule|Illusion Level Mod: Illusion disguises the Pok\u00e9mon's true level\n|\n|t:|1783554176\n|teamsize|p1|6\n|teamsize|p2|6\n|start\n|switch|p1a: Beartic|Beartic, L91, F|321/321\n|switch|p2a: Eiscue|Eiscue, L88, M|100/100\n|turn|1\n|inactive|Battle timer is ON: inactive players will automatically lose when time's up. (requested by p0y1225b5b8)\n|inactive|Time left: 300 sec this turn | 300 sec total | 60 sec grace\n|\n|t:|1783554178\n|move|p1a: Beartic|Swords Dance|p1a: Beartic\n|-boost|p1a: Beartic|atk|2\n|move|p2a: Eiscue|Belly Drum|p2a: Eiscue\n|-damage|p2a: Eiscue|50/100\n|-setboost|p2a: Eiscue|atk|6|[from] move: Belly Drum\n|-enditem|p2a: Eiscue|Sitrus Berry|[eat]\n|-heal|p2a: Eiscue|75/100|[from] item: Sitrus Berry\n|\n|upkeep\n|turn|2\n|inactive|Time left: 300 sec this turn | 300 sec total\n|inactive|p0x122563d6 also wants the timer to be on.\n|\n|t:|1783554179\n|move|p1a: Beartic|Icicle Crash|p2a: Eiscue|[miss]\n|-miss|p1a: Beartic|p2a: Eiscue\n|move|p2a: Eiscue|Liquidation|p1a: Beartic\n|-damage|p1a: Beartic|111/321\n|\n|upkeep\n|turn|3\n|inactive|Time left: 300 sec this turn | 300 sec total\n|\n|t:|1783554180\n|move|p1a: Beartic|Icicle Crash|p2a: Eiscue\n|-activate|p2a: Eiscue|ability: Ice Face\n|-damage|p2a: Eiscue|75/100\n|detailschange|p2a: Eiscue|Eiscue-Noice, L88, M\n|move|p2a: Eiscue|Liquidation|p1a: Beartic\n|-damage|p1a: Beartic|0 fnt\n|faint|p1a: Beartic\n|\n|upkeep\n|inactive|Time left: 300 sec this turn | 300 sec total | 5 sec grace\n|\n|t:|1783554181\n|switch|p1a: Uxie|Uxie, L83|260/260\n|turn|4\n|inactive|Time left: 300 sec this turn | 300 sec total\n|\n|t:|1783554182\n|move|p2a: Eiscue|Ice Spinner|p1a: Uxie\n|-damage|p1a: Uxie|20/260\n|move|p1a: Uxie|Knock Off|p2a: Eiscue\n|-damage|p2a: Eiscue|60/100\n|\n|-heal|p1a: Uxie|36/260|[from] item: Leftovers\n|upkeep\n|turn|5\n|inactive|Time left: 300 sec this turn | 300 sec total\n|\n|t:|1783554183\n|move|p2a: Eiscue|Ice Spinner|p1a: Uxie\n|-damage|p1a: Uxie|0 fnt\n|faint|p1a: Uxie\n|\n|upkeep\n|inactive|Time left: 300 sec this turn | 300 sec total | 5 sec grace\n|\n|t:|1783554184\n|switch|p1a: Rayquaza|Rayquaza, L72|270/270\n|-ability|p1a: Rayquaza|Air Lock\n|turn|6\n|inactive|Time left: 300 sec this turn | 300 sec total\n|\n|t:|1783554185\n|switch|p1a: Chandelure|Chandelure, L83, M|235/235\n|move|p2a: Eiscue|Ice Spinner|p1a: Chandelure\n|-resisted|p1a: Chandelure\n|-damage|p1a: Chandelure|71/235\n|\n|upkeep\n|turn|7\n|inactive|Time left: 300 sec this turn | 300 sec total\n|\n|t:|1783554186\n|move|p2a: Eiscue|Ice Spinner|p1a: Chandelure\n|-resisted|p1a: Chandelure\n|-damage|p1a: Chandelure|0 fnt\n|faint|p1a: Chandelure\n|\n|upkeep\n|inactive|Time left: 300 sec this turn | 300 sec total | 5 sec grace\n|\n|t:|1783554187\n|switch|p1a: Dugtrio|Dugtrio, L84, M|196/196\n|turn|8\n|inactive|Time left: 300 sec this turn | 300 sec total\n|\n|t:|1783554187\n|-terastallize|p1a: Dugtrio|Dark\n|move|p1a: Dugtrio|Sucker Punch|p2a: Eiscue\n|-damage|p2a: Eiscue|11/100\n|move|p2a: Eiscue|Ice Spinner|p1a: Dugtrio\n|-damage|p1a: Dugtrio|0 fnt\n|faint|p1a: Dugtrio\n|\n|upkeep\n|inactive|Time left: 300 sec this turn | 300 sec total | 5 sec grace\n|\n|t:|1783554188\n|switch|p1a: Gengar|Gengar, L81, F|230/230\n|turn|9\n|inactive|Time left: 300 sec this turn | 300 sec total\n|\n|t:|1783554189\n|move|p2a: Eiscue|Ice Spinner|p1a: Gengar\n|-damage|p1a: Gengar|0 fnt\n|faint|p1a: Gengar\n|\n|upkeep\n|inactive|Time left: 300 sec this turn | 300 sec total | 5 sec grace\n|\n|t:|1783554190\n|switch|p1a: Rayquaza|Rayquaza, L72|270/270\n|-ability|p1a: Rayquaza|Air Lock\n|turn|10\n|inactive|Time left: 300 sec this turn | 300 sec total\n|\n|t:|1783554191\n|-terastallize|p2a: Eiscue|Water\n|move|p2a: Eiscue|Ice Spinner|p1a: Rayquaza\n|-supereffective|p1a: Rayquaza\n|-damage|p1a: Rayquaza|0 fnt\n|faint|p1a: Rayquaza\n|\n|win|p0y1225b5b8", "uploadtime": 1783554191, "views": 0, "rating": 0, "private": 0, "password": null, "_winner": "p0y1225b5b8", "_our_name": "p0x122563d6"}