{"id": "battle-gen9randombattle-300", "formatid": "gen9randombattle", "format": "[Gen 9] Random Battle", "players": ["p0x300a48f", "p0y300c57f"], "log": "|init|battle\n|title|p0x300a48f vs. p0y300c57f\n|j|\u2606p0x300a48f\n|j|\u2606p0y300c57f\n|t:|1783543073\n|gametype|singles\n|player|p1|p0x300a48f|265|\n|player|p2|p0y300c57f|2|\n|gen|9\n|tier|[Gen 9] Random Battle\n|rule|Species Clause: Limit one of each Pok\u00e9mon\n|rule|HP Percentage Mod: HP is shown in percentages\n|rule|Sleep Clause Mod: Limit one foe put to sleep\n|rule|Illusion Level Mod: Illusion disguises the Pok\u00e9mon's true level\n|\n|t:|1783543073\n|teamsize|p1|6\n|teamsize|p2|6\n|start\n|switch|p1a: Pachirisu|Pachirisu, L96, F|100/100\n|switch|p2a: Clawitzer|Clawitzer, L87, F|265/265\n|turn|1\n|inactive|Battle timer is ON: inactive players will automatically lose when time's up. (requested by p0y300c57f)\n|inactive|p0x300a48f also wants the timer to be on.\n|\n|t:|1783543074\n|move|p1a: Pachirisu|Super Fang|p2a: Clawitzer\n|-damage|p2a: Clawitzer|133/265\n|move|p2a: Clawitzer|Water Pulse|p1a: Pachirisu\n|-damage|p1a: Pachirisu|64/100\n|-start|p1a: Pachirisu|confusion\n|\n|upkeep\n|turn|2\n|inactive|Time left: 300 sec this turn | 300 sec total\n|\n|t:|1783543075\n|-activate|p1a: Pachirisu|confusion\n|move|p1a: Pachirisu|Thunderbolt|p2a: Clawitzer\n|-supereffective|p2a: Clawitzer\n|-damage|p2a: Clawitzer|0 fnt\n|faint|p2a: Clawitzer\n|\n|upkeep\n|inactive|Time left: 300 sec this turn | 300 sec total | 5 sec grace\n|\n|t:|1783543076\n|switch|p2a: Medicham|Medicham, L86, M|243/243\n|turn|3\n|inactive|Time left: 300 sec this turn | 300 sec total\n|\n|t:|1783543077\n|switch|p1a: Giratina|Giratina, L75|100/100\n|-ability|p1a: Giratina|Pressure\n|move|p2a: Medicham|Ice Punch|p1a: Giratina\n|-supereffective|p1a: Giratina\n|-damage|p1a: Giratina|39/100\n|-status|p1a: Giratina|frz\n|\n|-heal|p1a: Giratina|45/100 frz|[from] item: Leftovers\n|upkeep\n|turn|4\n|inactive|Time left: 300 sec this turn | 300 sec total\n|\n|t:|1783543078\n|switch|p1a: Magcargo|Magcargo, L95, M|100/100\n|move|p2a: Medicham|Ice Punch|p1a: Magcargo\n|-resisted|p1a: Magcargo\n|-damage|p1a: Magcargo|86/100\n|-ability|p1a: Magcargo|Weak Armor|boost\n|-unboost|p1a: Magcargo|def|1\n|-boost|p1a: Magcargo|spe|2\n|\n|upkeep\n|turn|5\n|inactive|Time left: 300 sec this turn | 300 sec total\n|\n|t:|1783543079\n|move|p1a: Magcargo|Shell Smash|p1a: Magcargo\n|-unboost|p1a: Magcargo|def|1\n|-unboost|p1a: Magcargo|spd|1\n|-boost|p1a: Magcargo|atk|2\n|-boost|p1a: Magcargo|spa|2\n|-boost|p1a: Magcargo|spe|2\n|move|p2a: Medicham|Ice Punch|p1a: Magcargo\n|-resisted|p1a: Magcargo\n|-damage|p1a: Magcargo|55/100\n|-status|p1a: Magcargo|frz\n|-ability|p1a: Magcargo|Weak Armor|boost\n|-unboost|p1a: Magcargo|def|1\n|-boost|p1a: Magcargo|spe|2\n|\n|upkeep\n|turn|6\n|inactive|Time left: 300 sec this turn | 300 sec total\n|\n|t:|1783543080\n|cant|p1a: Magcargo|frz\n|move|p2a: Medicham|Ice Punch|p1a: Magcargo\n|-resisted|p1a: Magcargo\n|-damage|p1a: Magcargo|18/100 frz\n|-ability|p1a: Magcargo|Weak Armor|boost\n|-unboost|p1a: Magcargo|def|1\n|\n|upkeep\n|turn|7\n|inactive|Time left: 300 sec this turn | 300 sec total\n|\n|t:|1783543081\n|-curestatus|p1a: Magcargo|frz|[msg]\n|move|p1a: Magcargo|Fire Blast|p2a: Medicham\n|-damage|p2a: Medicham|0 fnt\n|faint|p2a: Medicham\n|\n|upkeep\n|inactive|Time left: 300 sec this turn | 300 sec total | 5 sec grace\n|\n|t:|1783543082\n|switch|p2a: Carbink|Carbink, L90|236/236\n|turn|8\n|inactive|Time left: 300 sec this turn | 300 sec total\n|\n|t:|1783543083\n|move|p1a: Magcargo|Earth Power|p2a: Carbink\n|-supereffective|p2a: Carbink\n|-damage|p2a: Carbink|56/236\n|move|p2a: Carbink|Moonblast|p1a: Magcargo\n|-resisted|p1a: Magcargo\n|-damage|p1a: Magcargo|0 fnt\n|faint|p1a: Magcargo\n|\n|upkeep\n|\n|t:|1783543085\n|switch|p1a: Inteleon|Inteleon, L81, M|100/100\n|turn|9\n|inactive|Time left: 300 sec this turn | 300 sec total\n|\n|t:|1783543086\n|switch|p2a: Samurott|Samurott, L88, F|310/310\n|move|p1a: Inteleon|Scald|p2a: Samurott\n|-resisted|p2a: Samurott\n|-damage|p2a: Samurott|230/310\n|\n|upkeep\n|turn|10\n|inactive|Time left: 300 sec this turn | 300 sec total\n|\n|t:|1783543087\n|move|p1a: Inteleon|Scald|p2a: Samurott\n|-resisted|p2a: Samurott\n|-damage|p2a: Samurott|141/310\n|move|p2a: Samurott|Swords Dance|p2a: Samurott\n|-boost|p2a: Samurott|atk|2\n|\n|upkeep\n|turn|11\n|inactive|Time left: 300 sec this turn | 300 sec total\n|\n|t:|1783543088\n|move|p1a: Inteleon|Scald|p2a: Samurott\n|-resisted|p2a: Samurott\n|-damage|p2a: Samurott|60/310\n|move|p2a: Samurott|Liquidation|p1a: Inteleon\n|-resisted|p1a: Inteleon\n|-damage|p1a: Inteleon|4/100\n|-damage|p2a: Samurott|29/310|[from] item: Life Orb\n|\n|upkeep\n|turn|12\n|inactive|Time left: 300 sec this turn | 300 sec total\n|\n|t:|1783543090\n|move|p1a: Inteleon|Scald|p2a: Samurott\n|-resisted|p2a: Samurott\n|-damage|p2a: Samurott|0 fnt\n|faint|p2a: Samurott\n|\n|upkeep\n|inactive|Time left: 300 sec this turn | 300 sec total | 5 sec grace\n|\n|t:|1783543091\n|switch|p2a: Zebstrika|Zebstrika, L87, F|272/272\n|turn|13\n|inactive|Time left: 300 sec this turn | 300 sec total\n|\n|t:|1783543092\n|switch|p1a: Giratina|Giratina, L75|45/100 frz\n|-ability|p1a: Giratina|Pressure\n|move|p2a: Zebstrika|High Horsepower|p1a: Giratina\n|-damage|p1a: Giratina|21/100 frz\n|-damage|p2a: Zebstrika|245/272|[from] item: Life Orb\n|\n|-heal|p1a: Giratina|27/100 frz|[from] item: Leftovers\n|upkeep\n|turn|14\n|inactive|Time left: 300 sec this turn | 300 sec total\n|\n|t:|1783543093\n|move|p2a: Zebstrika|High Horsepower|p1a: Giratina\n|-damage|p1a: Giratina|0 fnt\n|faint|p1a: Giratina\n|-damage|p2a: Zebstrika|218/272|[from] item: Life Orb\n|\n|upkeep\n|\n|t:|1783543094\n|switch|p1a: Swalot|Swalot, L90, F|100/100\n|turn|15\n|inactive|Time left: 300 sec this turn | 300 sec total\n|\n|t:|1783543095\n|-terastallize|p1a: Swalot|Ground\n|move|p2a: Zebstrika|High Horsepower|p1a: Swalot\n|-damage|p1a: Swalot|73/100\n|-damage|p2a: Zebstrika|191/272|[from] item: Life Orb\n|move|p1a: Swalot|Earthquake|p2a: Zebstrika\n|-supereffective|p2a: Zebstrika\n|-damage|p2a: Zebstrika|0 fnt\n|faint|p2a: Zebstrika\n|\n|-heal|p1a: Swalot|79/100|[from] item: Leftovers\n|upkeep\n|inactive|Time left: 300 sec this turn | 300 sec total | 5 sec grace\n|\n|t:|1783543096\n|switch|p2a: Plusle|Plusle, L95, F|268/268\n|turn|16\n|inactive|Time left: 300 sec this turn | 300 sec total\n|\n|t:|1783543097\n|-terastallize|p2a: Plusle|Grass\n|move|p2a: Plusle|Grass Knot|p1a: Swalot\n|-supereffective|p1a: Swalot\n|-damage|p1a: Swalot|2/100\n|-damage|p2a: Plusle|242/268|[from] item: Life Orb\n|move|p1a: Swalot|Earthquake|p2a: Plusle\n|-resisted|p2a: Plusle\n|-damage|p2a: Plusle|164/268\n|\n|-heal|p1a: Swalot|8/100|[from] item: Leftovers\n|upkeep\n|turn|17\n|inactive|Time left: 300 sec this turn | 300 sec total\n|\n|t:|1783543098\n|move|p2a: Plusle|Encore|p1a: Swalot\n|-start|p1a: Swalot|Encore\n|move|p1a: Swalot|Earthquake|p2a: Plusle\n|-resisted|p2a: Plusle\n|-damage|p2a: Plusle|87/268\n|\n|-heal|p1a: Swalot|15/100|[from] item: Leftovers\n|upkeep\n|turn|18\n|inactive|Time left: 300 sec this turn | 300 sec total\n|\n|t:|1783543099\n|move|p2a: Plusle|Encore||[still]\n|-fail|p2a: Plusle\n|move|p1a: Swalot|Earthquake|p2a: Plusle\n|-resisted|p2a: Plusle\n|-damage|p2a: Plusle|13/268\n|\n|-heal|p1a: Swalot|21/100|[from] item: Leftovers\n|upkeep\n|turn|19\n|inactive|Time left: 300 sec this turn | 300 sec total\n|\n|t:|1783543100\n|move|p2a: Plusle|Thunderbolt|p1a: Swalot\n|-immune|p1a: Swalot\n|move|p1a: Swalot|Earthquake|p2a: Plusle\n|-resisted|p2a: Plusle\n|-damage|p2a: Plusle|0 fnt\n|faint|p2a: Plusle\n|\n|-heal|p1a: Swalot|27/100|[from] item: Leftovers\n|-end|p1a: Swalot|Encore\n|upkeep\n|inactive|Time left: 300 sec this turn | 300 sec total | 5 sec grace\n|\n|t:|1783543101\n|switch|p2a: Carbink|Carbink, L90|56/236\n|turn|20\n|inactive|Time left: 300 sec this turn | 300 sec total\n|\n|t:|1783543102\n|move|p1a: Swalot|Earthquake|p2a: Carbink\n|-supereffective|p2a: Carbink\n|-damage|p2a: Carbink|0 fnt\n|faint|p2a: Carbink\n|\n|win|p0x300a48f", "uploadtime": 1783543102, "views": 0, "rating": 0, "private": 0, "password": null, "_winner": "p0x300a48f", "_our_name": "p0y300c57f"}