{"id": "battle-gen9randombattle-433", "formatid": "gen9randombattle", "format": "[Gen 9] Random Battle", "players": ["p0x4337ed6", "p0y433fc7b"], "log": "|init|battle\n|title|p0x4337ed6 vs. p0y433fc7b\n|j|\u2606p0x4337ed6\n|j|\u2606p0y433fc7b\n|t:|1783544759\n|gametype|singles\n|player|p1|p0x4337ed6|1|\n|player|p2|p0y433fc7b|101|\n|gen|9\n|tier|[Gen 9] Random Battle\n|rule|Species Clause: Limit one of each Pok\u00e9mon\n|rule|HP Percentage Mod: HP is shown in percentages\n|rule|Sleep Clause Mod: Limit one foe put to sleep\n|rule|Illusion Level Mod: Illusion disguises the Pok\u00e9mon's true level\n|\n|t:|1783544759\n|teamsize|p1|6\n|teamsize|p2|6\n|start\n|switch|p1a: Hatterene|Hatterene, L85, F|236/236\n|switch|p2a: Cacturne|Cacturne, L92, F|100/100\n|turn|1\n|inactive|Battle timer is ON: inactive players will automatically lose when time's up. (requested by p0y433fc7b)\n|inactive|Time left: 300 sec this turn | 300 sec total | 60 sec grace\n|inactive|p0x4337ed6 also wants the timer to be on.\n|\n|t:|1783544761\n|move|p2a: Cacturne|Knock Off|p1a: Hatterene\n|-damage|p1a: Hatterene|64/236\n|-enditem|p1a: Hatterene|Assault Vest|[from] move: Knock Off|[of] p2a: Cacturne\n|-damage|p2a: Cacturne|91/100|[from] item: Life Orb\n|move|p1a: Hatterene|Draining Kiss|p2a: Cacturne\n|-supereffective|p2a: Cacturne\n|-crit|p2a: Cacturne\n|-damage|p2a: Cacturne|6/100\n|-heal|p1a: Hatterene|236/236|[from] drain|[of] p2a: Cacturne\n|\n|upkeep\n|turn|2\n|inactive|Time left: 300 sec this turn | 300 sec total\n|\n|t:|1783544762\n|move|p2a: Cacturne|Leaf Storm|p1a: Hatterene\n|-damage|p1a: Hatterene|36/236\n|-unboost|p2a: Cacturne|spa|2\n|-damage|p2a: Cacturne|0 fnt|[from] item: Life Orb\n|faint|p2a: Cacturne\n|move|p1a: Hatterene|Nuzzle|p2: Cacturne|[notarget]\n|-fail|p1a: Hatterene\n|\n|upkeep\n|\n|t:|1783544763\n|switch|p2a: Manaphy|Manaphy, L78|100/100\n|turn|3\n|inactive|Time left: 300 sec this turn | 300 sec total\n|\n|t:|1783544764\n|switch|p1a: Ariados|Ariados, L95, F|287/287\n|move|p2a: Manaphy|Tail Glow|p2a: Manaphy\n|-boost|p2a: Manaphy|spa|3\n|\n|upkeep\n|turn|4\n|inactive|Time left: 300 sec this turn | 300 sec total\n|\n|t:|1783544766\n|move|p2a: Manaphy|Hydro Pump|p1a: Ariados\n|-damage|p1a: Ariados|32/287\n|move|p1a: Ariados|Sticky Web|p2a: Manaphy\n|-sidestart|p2: p0y433fc7b|move: Sticky Web\n|\n|upkeep\n|turn|5\n|inactive|Time left: 300 sec this turn | 300 sec total\n|\n|t:|1783544767\n|switch|p1a: Hatterene|Hatterene, L85, F|36/236\n|move|p2a: Manaphy|Ice Beam|p1a: Hatterene\n|-crit|p1a: Hatterene\n|-damage|p1a: Hatterene|0 fnt\n|faint|p1a: Hatterene\n|\n|upkeep\n|inactive|Time left: 300 sec this turn | 300 sec total | 5 sec grace\n|\n|t:|1783544768\n|switch|p1a: Meowstic|Meowstic, L89, M|277/277\n|turn|6\n|inactive|Time left: 300 sec this turn | 300 sec total\n|\n|t:|1783544769\n|move|p1a: Meowstic|Light Screen|p1a: Meowstic\n|-sidestart|p1: p0x4337ed6|move: Light Screen\n|move|p2a: Manaphy|Hydro Pump|p1a: Meowstic\n|-damage|p1a: Meowstic|149/277\n|\n|upkeep\n|turn|7\n|inactive|Time left: 300 sec this turn | 300 sec total\n|\n|t:|1783544770\n|move|p1a: Meowstic|Thunder Wave|p2a: Manaphy\n|-status|p2a: Manaphy|par\n|move|p2a: Manaphy|Hydro Pump|p1a: Meowstic|[miss]\n|-miss|p2a: Manaphy|p1a: Meowstic\n|\n|upkeep\n|turn|8\n|inactive|Time left: 300 sec this turn | 300 sec total\n|\n|t:|1783544771\n|move|p1a: Meowstic|Reflect|p1a: Meowstic\n|-sidestart|p1: p0x4337ed6|Reflect\n|move|p2a: Manaphy|Ice Beam|p1a: Meowstic\n|-damage|p1a: Meowstic|79/277\n|\n|upkeep\n|turn|9\n|inactive|Time left: 300 sec this turn | 300 sec total\n|\n|t:|1783544772\n|switch|p1a: Noivern|Noivern, L82, M|274/274\n|cant|p2a: Manaphy|par\n|\n|upkeep\n|turn|10\n|inactive|Time left: 300 sec this turn | 300 sec total\n|\n|t:|1783544773\n|-terastallize|p1a: Noivern|Normal\n|move|p1a: Noivern|Boomburst|p2a: Manaphy\n|-damage|p2a: Manaphy|32/100 par\n|move|p2a: Manaphy|Ice Beam|p1a: Noivern\n|-damage|p1a: Noivern|201/274\n|\n|-heal|p2a: Manaphy|38/100 par|[from] item: Leftovers\n|upkeep\n|turn|11\n|inactive|Time left: 300 sec this turn | 300 sec total\n|\n|t:|1783544774\n|switch|p2a: Froslass|Froslass, L87, F|100/100\n|-activate|p2a: Froslass|move: Sticky Web\n|-unboost|p2a: Froslass|spe|1\n|move|p1a: Noivern|Boomburst|p2a: Froslass\n|-immune|p2a: Froslass\n|\n|upkeep\n|turn|12\n|inactive|Time left: 300 sec this turn | 300 sec total\n|\n|t:|1783544776\n|move|p1a: Noivern|Boomburst|p2a: Froslass\n|-immune|p2a: Froslass\n|move|p2a: Froslass|Spikes|p1a: Noivern\n|-sidestart|p1: p0x4337ed6|Spikes\n|\n|upkeep\n|turn|13\n|inactive|Time left: 300 sec this turn | 300 sec total\n|\n|t:|1783544777\n|switch|p1a: Garganacl|Garganacl, L80, F|291/291\n|-damage|p1a: Garganacl|255/291|[from] Spikes\n|move|p2a: Froslass|Spikes|p1a: Garganacl\n|-sidestart|p1: p0x4337ed6|Spikes\n|\n|-heal|p1a: Garganacl|273/291|[from] item: Leftovers\n|-sideend|p1: p0x4337ed6|move: Light Screen\n|upkeep\n|turn|14\n|inactive|Time left: 300 sec this turn | 300 sec total\n|\n|t:|1783544778\n|move|p2a: Froslass|Spikes|p1a: Garganacl\n|-sidestart|p1: p0x4337ed6|Spikes\n|move|p1a: Garganacl|Salt Cure|p2a: Froslass\n|-supereffective|p2a: Froslass\n|-damage|p2a: Froslass|64/100\n|-start|p2a: Froslass|Salt Cure\n|\n|-heal|p1a: Garganacl|291/291|[from] item: Leftovers\n|-damage|p2a: Froslass|52/100|[from] Salt Cure\n|upkeep\n|turn|15\n|inactive|Time left: 300 sec this turn | 300 sec total\n|\n|t:|1783544779\n|switch|p2a: Manaphy|Manaphy, L78|38/100 par\n|-activate|p2a: Manaphy|move: Sticky Web\n|-unboost|p2a: Manaphy|spe|1\n|move|p1a: Garganacl|Salt Cure|p2a: Manaphy\n|-damage|p2a: Manaphy|23/100 par\n|-start|p2a: Manaphy|Salt Cure\n|\n|-heal|p2a: Manaphy|29/100 par|[from] item: Leftovers\n|-damage|p2a: Manaphy|4/100 par|[from] Salt Cure\n|-sideend|p1: p0x4337ed6|Reflect\n|upkeep\n|turn|16\n|inactive|Time left: 300 sec this turn | 300 sec total\n|\n|t:|1783544781\n|move|p1a: Garganacl|Iron Defense|p1a: Garganacl\n|-boost|p1a: Garganacl|def|2\n|move|p2a: Manaphy|Hydro Pump|p1a: Garganacl\n|-supereffective|p1a: Garganacl\n|-damage|p1a: Garganacl|85/291\n|\n|-heal|p1a: Garganacl|103/291|[from] item: Leftovers\n|-heal|p2a: Manaphy|10/100 par|[from] item: Leftovers\n|-damage|p2a: Manaphy|0 fnt|[from] Salt Cure\n|faint|p2a: Manaphy\n|upkeep\n|\n|t:|1783544782\n|switch|p2a: Barraskewda|Barraskewda, L81, F|100/100\n|-activate|p2a: Barraskewda|move: Sticky Web\n|-unboost|p2a: Barraskewda|spe|1\n|turn|17\n|inactive|Time left: 300 sec this turn | 300 sec total\n|\n|t:|1783544783\n|move|p2a: Barraskewda|Waterfall|p1a: Garganacl\n|-supereffective|p1a: Garganacl\n|-damage|p1a: Garganacl|0 fnt\n|faint|p1a: Garganacl\n|\n|upkeep\n|inactive|Time left: 300 sec this turn | 300 sec total | 5 sec grace\n|\n|t:|1783544784\n|switch|p1a: Noivern|Noivern, L82, M, tera:Normal|201/274\n|-damage|p1a: Noivern|133/274|[from] Spikes\n|turn|18\n|inactive|Time left: 300 sec this turn | 300 sec total\n|\n|t:|1783544785\n|switch|p2a: Meloetta|Meloetta, L82|100/100\n|-activate|p2a: Meloetta|move: Sticky Web\n|-unboost|p2a: Meloetta|spe|1\n|move|p1a: Noivern|Hurricane|p2a: Meloetta|[miss]\n|-miss|p1a: Noivern|p2a: Meloetta\n|\n|upkeep\n|turn|19\n|inactive|Time left: 300 sec this turn | 300 sec total\n|\n|t:|1783544786\n|move|p1a: Noivern|Hurricane|p2a: Meloetta\n|-damage|p2a: Meloetta|59/100\n|move|p2a: Meloetta|Relic Song|p1a: Noivern\n|-damage|p1a: Noivern|4/274\n|-formechange|p2a: Meloetta|Meloetta-Pirouette|[msg]\n|-damage|p2a: Meloetta|49/100|[from] item: Life Orb\n|\n|upkeep\n|turn|20\n|inactive|Time left: 300 sec this turn | 300 sec total\n|\n|t:|1783544787\n|move|p1a: Noivern|Hurricane|p2a: Meloetta\n|-supereffective|p2a: Meloetta\n|-damage|p2a: Meloetta|0 fnt\n|faint|p2a: Meloetta\n|\n|upkeep\n|\n|t:|1783544788\n|switch|p2a: Froslass|Froslass, L87, F|100/100\n|-activate|p2a: Froslass|move: Sticky Web\n|-unboost|p2a: Froslass|spe|1\n|turn|21\n|inactive|Time left: 300 sec this turn | 300 sec total\n|\n|t:|1783544789\n|move|p1a: Noivern|Hurricane|p2a: Froslass\n|-damage|p2a: Froslass|0 fnt\n|replace|p2a: Zoroark|Zoroark-Hisui, L80, F\n|-end|p2a: Zoroark|Illusion\n|-hint|Illusion Level Mod is active, so this Pok\u00e9mon's true level was hidden.\n|faint|p2a: Zoroark\n|\n|upkeep\n|\n|t:|1783544790\n|switch|p2a: Froslass|Froslass, L87, F|52/100\n|-activate|p2a: Froslass|move: Sticky Web\n|-unboost|p2a: Froslass|spe|1\n|turn|22\n|inactive|Time left: 300 sec this turn | 300 sec total\n|\n|t:|1783544791\n|move|p1a: Noivern|Hurricane|p2a: Froslass|[miss]\n|-miss|p1a: Noivern|p2a: Froslass\n|move|p2a: Froslass|Triple Axel|p1a: Noivern\n|-damage|p1a: Noivern|0 fnt\n|faint|p1a: Noivern\n|-hitcount|p1: Noivern|1\n|\n|upkeep\n|inactive|Time left: 300 sec this turn | 300 sec total | 5 sec grace\n|\n|t:|1783544792\n|switch|p1a: Ariados|Ariados, L95, F|32/287\n|turn|23\n|inactive|Time left: 300 sec this turn | 300 sec total\n|\n|t:|1783544793\n|move|p1a: Ariados|Sucker Punch|p2a: Froslass\n|-supereffective|p2a: Froslass\n|-damage|p2a: Froslass|0 fnt\n|faint|p2a: Froslass\n|\n|upkeep\n|\n|t:|1783544794\n|switch|p2a: Barraskewda|Barraskewda, L81, F|100/100\n|-activate|p2a: Barraskewda|move: Sticky Web\n|-unboost|p2a: Barraskewda|spe|1\n|turn|24\n|inactive|Time left: 300 sec this turn | 300 sec total\n|\n|t:|1783544795\n|-terastallize|p2a: Barraskewda|Water\n|move|p1a: Ariados|Sucker Punch|p2a: Barraskewda\n|-damage|p2a: Barraskewda|67/100\n|move|p2a: Barraskewda|Waterfall|p1a: Ariados\n|-damage|p1a: Ariados|0 fnt\n|faint|p1a: Ariados\n|\n|upkeep\n|inactive|Time left: 300 sec this turn | 300 sec total | 5 sec grace\n|\n|t:|1783544796\n|switch|p1a: Enamorus|Enamorus-Therian, L83, F|259/259\n|turn|25\n|inactive|Time left: 300 sec this turn | 300 sec total\n|\n|t:|1783544797\n|switch|p1a: Meowstic|Meowstic, L89, M|79/277\n|-damage|p1a: Meowstic|10/277|[from] Spikes\n|move|p2a: Barraskewda|Waterfall|p1a: Meowstic\n|-damage|p1a: Meowstic|0 fnt\n|faint|p1a: Meowstic\n|\n|upkeep\n|inactive|Time left: 300 sec this turn | 300 sec total | 5 sec grace\n|\n|t:|1783544798\n|switch|p1a: Enamorus|Enamorus-Therian, L83, F|259/259\n|turn|26\n|inactive|Time left: 300 sec this turn | 300 sec total\n|\n|t:|1783544798\n|move|p2a: Barraskewda|Waterfall|p1a: Enamorus\n|-damage|p1a: Enamorus|93/259\n|cant|p1a: Enamorus|flinch\n|\n|upkeep\n|turn|27\n|inactive|Time left: 300 sec this turn | 300 sec total\n|\n|t:|1783544799\n|move|p2a: Barraskewda|Waterfall|p1a: Enamorus\n|-damage|p1a: Enamorus|0 fnt\n|faint|p1a: Enamorus\n|\n|win|p0y433fc7b", "uploadtime": 1783544799, "views": 0, "rating": 0, "private": 0, "password": null, "_winner": "p0y433fc7b", "_our_name": "p0x4337ed6"}