{"id": "battle-gen9randombattle-2344", "formatid": "gen9randombattle", "format": "[Gen 9] Random Battle", "players": ["p0x2344af59", "p0y2344b38a"], "log": "|init|battle\n|title|p0x2344af59 vs. p0y2344b38a\n|j|\u2606p0x2344af59\n|j|\u2606p0y2344b38a\n|t:|1783567195\n|gametype|singles\n|player|p1|p0x2344af59|101|\n|player|p2|p0y2344b38a|1|\n|gen|9\n|tier|[Gen 9] Random Battle\n|rule|Species Clause: Limit one of each Pok\u00e9mon\n|rule|HP Percentage Mod: HP is shown in percentages\n|rule|Sleep Clause Mod: Limit one foe put to sleep\n|rule|Illusion Level Mod: Illusion disguises the Pok\u00e9mon's true level\n|\n|t:|1783567195\n|teamsize|p1|6\n|teamsize|p2|6\n|start\n|switch|p1a: Gastrodon|Gastrodon-East, L86, M|100/100\n|switch|p2a: Gouging Fire|Gouging Fire, L74|277/277\n|turn|1\n|inactive|Battle timer is ON: inactive players will automatically lose when time's up. (requested by p0y2344b38a)\n|inactive|p0x2344af59 also wants the timer to be on.\n|\n|t:|1783567197\n|move|p2a: Gouging Fire|Dragon Dance|p2a: Gouging Fire\n|-boost|p2a: Gouging Fire|atk|1\n|-boost|p2a: Gouging Fire|spe|1\n|move|p1a: Gastrodon|Earthquake|p2a: Gouging Fire\n|-supereffective|p2a: Gouging Fire\n|-crit|p2a: Gouging Fire\n|-damage|p2a: Gouging Fire|31/277\n|\n|upkeep\n|turn|2\n|inactive|Time left: 300 sec this turn | 300 sec total\n|\n|t:|1783567198\n|move|p2a: Gouging Fire|Outrage|p1a: Gastrodon\n|-damage|p1a: Gastrodon|37/100\n|move|p1a: Gastrodon|Earthquake|p2a: Gouging Fire\n|-supereffective|p2a: Gouging Fire\n|-damage|p2a: Gouging Fire|0 fnt\n|faint|p2a: Gouging Fire\n|-end|p2a: Gouging Fire|Protosynthesis|[silent]\n|\n|-heal|p1a: Gastrodon|43/100|[from] item: Leftovers\n|upkeep\n|inactive|Time left: 300 sec this turn | 300 sec total | 5 sec grace\n|\n|t:|1783567199\n|switch|p2a: Indeedee|Indeedee, L84, M|238/238\n|-fieldstart|move: Psychic Terrain|[from] ability: Psychic Surge|[of] p2a: Indeedee\n|turn|3\n|inactive|Time left: 300 sec this turn | 300 sec total\n|\n|t:|1783567200\n|switch|p1a: Empoleon|Empoleon, L84, M|100/100\n|move|p2a: Indeedee|Expanding Force|p1a: Empoleon\n|-resisted|p1a: Empoleon\n|-damage|p1a: Empoleon|71/100\n|\n|-heal|p1a: Empoleon|77/100|[from] item: Leftovers\n|upkeep\n|turn|4\n|inactive|Time left: 300 sec this turn | 300 sec total\n|\n|t:|1783567202\n|move|p2a: Indeedee|Expanding Force|p1a: Empoleon\n|-resisted|p1a: Empoleon\n|-damage|p1a: Empoleon|48/100\n|move|p1a: Empoleon|Knock Off|p2a: Indeedee\n|-supereffective|p2a: Indeedee\n|-damage|p2a: Indeedee|64/238\n|-enditem|p2a: Indeedee|Choice Scarf|[from] move: Knock Off|[of] p1a: Empoleon\n|\n|-heal|p1a: Empoleon|54/100|[from] item: Leftovers\n|upkeep\n|turn|5\n|inactive|Time left: 300 sec this turn | 300 sec total\n|\n|t:|1783567203\n|move|p2a: Indeedee|Expanding Force|p1a: Empoleon\n|-resisted|p1a: Empoleon\n|-damage|p1a: Empoleon|26/100\n|move|p1a: Empoleon|Roost|p1a: Empoleon\n|-heal|p1a: Empoleon|76/100\n|-singleturn|p1a: Empoleon|move: Roost\n|\n|-heal|p1a: Empoleon|82/100|[from] item: Leftovers\n|upkeep\n|turn|6\n|inactive|Time left: 300 sec this turn | 300 sec total\n|\n|t:|1783567204\n|switch|p2a: Meganium|Meganium, L90, F|290/290\n|move|p1a: Empoleon|Flip Turn|p2a: Meganium\n|-resisted|p2a: Meganium\n|-damage|p2a: Meganium|265/290\n|\n|t:|1783567205\n|switch|p1a: Salamence|Salamence, L77, F|100/100|[from] Flip Turn\n|-ability|p1a: Salamence|Intimidate|boost\n|-unboost|p2a: Meganium|atk|1\n|\n|-heal|p2a: Meganium|283/290|[from] item: Leftovers\n|upkeep\n|turn|7\n|inactive|Time left: 300 sec this turn | 300 sec total\n|\n|t:|1783567206\n|move|p1a: Salamence|Dragon Dance|p1a: Salamence\n|-boost|p1a: Salamence|atk|1\n|-boost|p1a: Salamence|spe|1\n|move|p2a: Meganium|Swords Dance|p2a: Meganium\n|-boost|p2a: Meganium|atk|2\n|\n|-heal|p2a: Meganium|290/290|[from] item: Leftovers\n|-fieldend|move: Psychic Terrain\n|upkeep\n|turn|8\n|inactive|Time left: 300 sec this turn | 300 sec total\n|\n|t:|1783567207\n|switch|p2a: Wigglytuff|Wigglytuff, L96, F|424/424\n|move|p1a: Salamence|Outrage|p2a: Wigglytuff\n|-immune|p2a: Wigglytuff\n|\n|upkeep\n|turn|9\n|inactive|Time left: 300 sec this turn | 300 sec total\n|\n|t:|1783567208\n|move|p1a: Salamence|Dragon Dance|p1a: Salamence\n|-boost|p1a: Salamence|atk|1\n|-boost|p1a: Salamence|spe|1\n|move|p2a: Wigglytuff|Dazzling Gleam|p1a: Salamence\n|-supereffective|p1a: Salamence\n|-damage|p1a: Salamence|16/100\n|\n|upkeep\n|turn|10\n|inactive|Time left: 300 sec this turn | 300 sec total\n|\n|t:|1783567209\n|move|p1a: Salamence|Dual Wingbeat|p2a: Wigglytuff\n|-damage|p2a: Wigglytuff|306/424\n|-damage|p2a: Wigglytuff|179/424\n|-hitcount|p2a: Wigglytuff|2\n|move|p2a: Wigglytuff|Knock Off|p1a: Salamence\n|-damage|p1a: Salamence|0 fnt\n|-enditem|p1a: Salamence|Heavy-Duty Boots|[from] move: Knock Off|[of] p2a: Wigglytuff\n|faint|p1a: Salamence\n|\n|-heal|p2a: Wigglytuff|205/424|[from] item: Leftovers\n|upkeep\n|\n|t:|1783567210\n|switch|p1a: Revavroom|Revavroom, L79, F|100/100\n|turn|11\n|inactive|Time left: 300 sec this turn | 300 sec total\n|\n|t:|1783567211\n|move|p1a: Revavroom|Shift Gear|p1a: Revavroom\n|-boost|p1a: Revavroom|spe|2\n|-boost|p1a: Revavroom|atk|1\n|move|p2a: Wigglytuff|Fire Blast|p1a: Revavroom\n|-supereffective|p1a: Revavroom\n|-damage|p1a: Revavroom|33/100\n|\n|-heal|p2a: Wigglytuff|231/424|[from] item: Leftovers\n|upkeep\n|turn|12\n|inactive|Time left: 300 sec this turn | 300 sec total\n|\n|t:|1783567212\n|move|p1a: Revavroom|Iron Head|p2a: Wigglytuff\n|-supereffective|p2a: Wigglytuff\n|-damage|p2a: Wigglytuff|0 fnt\n|faint|p2a: Wigglytuff\n|-damage|p1a: Revavroom|23/100|[from] item: Life Orb\n|\n|upkeep\n|inactive|Time left: 300 sec this turn | 300 sec total | 5 sec grace\n|\n|t:|1783567213\n|switch|p2a: Dipplin|Dipplin, L88, M|284/284\n|turn|13\n|inactive|Time left: 300 sec this turn | 300 sec total\n|\n|t:|1783567214\n|move|p1a: Revavroom|Gunk Shot|p2a: Dipplin|[miss]\n|-miss|p1a: Revavroom|p2a: Dipplin\n|move|p2a: Dipplin|Dragon Pulse|p1a: Revavroom\n|-resisted|p1a: Revavroom\n|-damage|p1a: Revavroom|0 fnt\n|faint|p1a: Revavroom\n|\n|upkeep\n|\n|t:|1783567215\n|switch|p1a: Florges|Florges-White, L85, F|100/100\n|turn|14\n|inactive|Time left: 300 sec this turn | 300 sec total\n|\n|t:|1783567216\n|switch|p2a: Meganium|Meganium, L90, F|290/290\n|move|p1a: Florges|Calm Mind|p1a: Florges\n|-boost|p1a: Florges|spa|1\n|-boost|p1a: Florges|spd|1\n|\n|upkeep\n|turn|15\n|inactive|Time left: 300 sec this turn | 300 sec total\n|\n|t:|1783567217\n|move|p2a: Meganium|Swords Dance|p2a: Meganium\n|-boost|p2a: Meganium|atk|2\n|move|p1a: Florges|Moonblast|p2a: Meganium\n|-damage|p2a: Meganium|137/290\n|\n|-heal|p2a: Meganium|155/290|[from] item: Leftovers\n|upkeep\n|turn|16\n|inactive|Time left: 300 sec this turn | 300 sec total\n|\n|t:|1783567218\n|move|p2a: Meganium|Petal Blizzard|p1a: Florges\n|-damage|p1a: Florges|14/100\n|move|p1a: Florges|Moonblast|p2a: Meganium\n|-damage|p2a: Meganium|0 fnt\n|faint|p2a: Meganium\n|\n|-heal|p1a: Florges|20/100|[from] item: Leftovers\n|upkeep\n|inactive|Time left: 300 sec this turn | 300 sec total | 5 sec grace\n|\n|t:|1783567219\n|switch|p2a: Indeedee|Indeedee, L84, M|64/238\n|-fieldstart|move: Psychic Terrain|[from] ability: Psychic Surge|[of] p2a: Indeedee\n|turn|17\n|inactive|Time left: 300 sec this turn | 300 sec total\n|\n|t:|1783567220\n|switch|p1a: Empoleon|Empoleon, L84, M|82/100\n|move|p2a: Indeedee|Expanding Force|p1a: Empoleon\n|-resisted|p1a: Empoleon\n|-damage|p1a: Empoleon|55/100\n|\n|-heal|p1a: Empoleon|61/100|[from] item: Leftovers\n|upkeep\n|turn|18\n|inactive|Time left: 300 sec this turn | 300 sec total\n|\n|t:|1783567221\n|move|p2a: Indeedee|Expanding Force|p1a: Empoleon\n|-resisted|p1a: Empoleon\n|-damage|p1a: Empoleon|32/100\n|move|p1a: Empoleon|Roost|p1a: Empoleon\n|-heal|p1a: Empoleon|82/100\n|-singleturn|p1a: Empoleon|move: Roost\n|\n|-heal|p1a: Empoleon|88/100|[from] item: Leftovers\n|upkeep\n|turn|19\n|inactive|Time left: 300 sec this turn | 300 sec total\n|\n|t:|1783567222\n|move|p2a: Indeedee|Healing Wish|p2a: Indeedee\n|faint|p2a: Indeedee\n|move|p1a: Empoleon|Flip Turn|p2: Indeedee|[notarget]\n|-fail|p1a: Empoleon\n|\n|-heal|p1a: Empoleon|94/100|[from] item: Leftovers\n|upkeep\n|inactive|Time left: 300 sec this turn | 300 sec total | 5 sec grace\n|\n|t:|1783567223\n|switch|p2a: Volcarona|Volcarona, L77, M|257/257\n|turn|20\n|inactive|Time left: 300 sec this turn | 300 sec total\n|\n|t:|1783567225\n|move|p2a: Volcarona|Quiver Dance|p2a: Volcarona\n|-boost|p2a: Volcarona|spa|1\n|-boost|p2a: Volcarona|spd|1\n|-boost|p2a: Volcarona|spe|1\n|move|p1a: Empoleon|Surf|p2a: Volcarona\n|-supereffective|p2a: Volcarona\n|-crit|p2a: Volcarona\n|-damage|p2a: Volcarona|0 fnt\n|faint|p2a: Volcarona\n|\n|-heal|p1a: Empoleon|100/100|[from] item: Leftovers\n|upkeep\n|inactive|Time left: 300 sec this turn | 300 sec total | 5 sec grace\n|\n|t:|1783567226\n|switch|p2a: Dipplin|Dipplin, L88, M|284/284\n|turn|21\n|inactive|Time left: 300 sec this turn | 300 sec total\n|\n|t:|1783567227\n|switch|p1a: Armarouge|Armarouge, L80, M|100/100\n|move|p2a: Dipplin|Giga Drain|p1a: Armarouge\n|-resisted|p1a: Armarouge\n|-damage|p1a: Armarouge|84/100\n|\n|-fieldend|move: Psychic Terrain\n|upkeep\n|turn|22\n|inactive|Time left: 300 sec this turn | 300 sec total\n|\n|t:|1783567228\n|move|p1a: Armarouge|Meteor Beam||[still]\n|-prepare|p1a: Armarouge|Meteor Beam\n|-boost|p1a: Armarouge|spa|1\n|-enditem|p1a: Armarouge|Power Herb\n|-anim|p1a: Armarouge|Meteor Beam|p2a: Dipplin\n|-crit|p2a: Dipplin\n|-damage|p2a: Dipplin|134/284\n|move|p2a: Dipplin|Recover|p2a: Dipplin\n|-heal|p2a: Dipplin|276/284\n|\n|upkeep\n|turn|23\n|inactive|Time left: 300 sec this turn | 300 sec total\n|\n|t:|1783567229\n|move|p1a: Armarouge|Armor Cannon|p2a: Dipplin\n|-damage|p2a: Dipplin|116/284\n|-unboost|p1a: Armarouge|def|1\n|-unboost|p1a: Armarouge|spd|1\n|move|p2a: Dipplin|Recover|p2a: Dipplin\n|-heal|p2a: Dipplin|258/284\n|\n|upkeep\n|turn|24\n|inactive|Time left: 300 sec this turn | 300 sec total\n|\n|t:|1783567230\n|move|p1a: Armarouge|Armor Cannon|p2a: Dipplin\n|-damage|p2a: Dipplin|114/284\n|-unboost|p1a: Armarouge|def|1\n|-unboost|p1a: Armarouge|spd|1\n|move|p2a: Dipplin|Dragon Pulse|p1a: Armarouge\n|-damage|p1a: Armarouge|2/100\n|\n|upkeep\n|turn|25\n|inactive|Time left: 300 sec this turn | 300 sec total\n|\n|t:|1783567231\n|move|p2a: Dipplin|Sucker Punch|p1a: Armarouge\n|-supereffective|p1a: Armarouge\n|-damage|p1a: Armarouge|0 fnt\n|faint|p1a: Armarouge\n|\n|upkeep\n|\n|t:|1783567233\n|switch|p1a: Florges|Florges-White, L85, F|20/100\n|turn|26\n|inactive|Time left: 300 sec this turn | 300 sec total\n|\n|t:|1783567233\n|-terastallize|p2a: Dipplin|Steel\n|move|p1a: Florges|Moonblast|p2a: Dipplin\n|-resisted|p2a: Dipplin\n|-damage|p2a: Dipplin|76/284\n|-unboost|p2a: Dipplin|spa|1\n|move|p2a: Dipplin|Giga Drain|p1a: Florges\n|-damage|p1a: Florges|6/100\n|-heal|p2a: Dipplin|95/284|[from] drain|[of] p1a: Florges\n|\n|-heal|p1a: Florges|12/100|[from] item: Leftovers\n|upkeep\n|turn|27\n|inactive|Time left: 300 sec this turn | 300 sec total\n|\n|t:|1783567235\n|move|p1a: Florges|Synthesis|p1a: Florges\n|-heal|p1a: Florges|62/100\n|move|p2a: Dipplin|Recover|p2a: Dipplin\n|-heal|p2a: Dipplin|237/284\n|\n|-heal|p1a: Florges|68/100|[from] item: Leftovers\n|upkeep\n|turn|28\n|inactive|Time left: 300 sec this turn | 300 sec total\n|\n|t:|1783567236\n|move|p1a: Florges|Calm Mind|p1a: Florges\n|-boost|p1a: Florges|spa|1\n|-boost|p1a: Florges|spd|1\n|move|p2a: Dipplin|Recover|p2a: Dipplin\n|-heal|p2a: Dipplin|284/284\n|\n|-heal|p1a: Florges|74/100|[from] item: Leftovers\n|upkeep\n|turn|29\n|inactive|Time left: 300 sec this turn | 300 sec total\n|\n|t:|1783567237\n|-terastallize|p1a: Florges|Ground\n|move|p1a: Florges|Tera Blast|p2a: Dipplin|[anim] Tera Blast Ground\n|-supereffective|p2a: Dipplin\n|-damage|p2a: Dipplin|80/284\n|move|p2a: Dipplin|Recover|p2a: Dipplin\n|-heal|p2a: Dipplin|222/284\n|\n|-heal|p1a: Florges|80/100|[from] item: Leftovers\n|upkeep\n|turn|30\n|inactive|Time left: 300 sec this turn | 300 sec total\n|\n|t:|1783567238\n|move|p1a: Florges|Tera Blast|p2a: Dipplin|[anim] Tera Blast Ground\n|-supereffective|p2a: Dipplin\n|-damage|p2a: Dipplin|0 fnt\n|faint|p2a: Dipplin\n|\n|win|p0x2344af59", "uploadtime": 1783567238, "views": 0, "rating": 0, "private": 0, "password": null, "_winner": "p0x2344af59", "_our_name": "p0y2344b38a"}