{"id": "battle-gen9randombattle-1708", "formatid": "gen9randombattle", "format": "[Gen 9] Random Battle", "players": ["p0x1708ad07", "p0y1708f863"], "log": "|init|battle\n|title|p0x1708ad07 vs. p0y1708f863\n|j|\u2606p0x1708ad07\n|j|\u2606p0y1708f863\n|t:|1783558989\n|gametype|singles\n|player|p1|p0x1708ad07|169|\n|player|p2|p0y1708f863|2|\n|gen|9\n|tier|[Gen 9] Random Battle\n|rule|Species Clause: Limit one of each Pok\u00e9mon\n|rule|HP Percentage Mod: HP is shown in percentages\n|rule|Sleep Clause Mod: Limit one foe put to sleep\n|rule|Illusion Level Mod: Illusion disguises the Pok\u00e9mon's true level\n|\n|t:|1783558989\n|teamsize|p1|6\n|teamsize|p2|6\n|start\n|switch|p1a: Miraidon|Miraidon, L65|238/238\n|switch|p2a: Revavroom|Revavroom, L79, M|100/100\n|-fieldstart|move: Electric Terrain|[from] ability: Hadron Engine|[of] p1a: Miraidon\n|turn|1\n|inactive|Battle timer is ON: inactive players will automatically lose when time's up. (requested by p0x1708ad07)\n|inactive|p0y1708f863 also wants the timer to be on.\n|\n|t:|1783558990\n|-terastallize|p2a: Revavroom|Ground\n|move|p1a: Miraidon|Electro Drift|p2a: Revavroom\n|-immune|p2a: Revavroom\n|move|p2a: Revavroom|High Horsepower|p1a: Miraidon\n|-supereffective|p1a: Miraidon\n|-damage|p1a: Miraidon|0 fnt\n|faint|p1a: Miraidon\n|-damage|p2a: Revavroom|91/100|[from] item: Life Orb\n|\n|upkeep\n|inactive|Time left: 300 sec this turn | 300 sec total | 65 sec grace\n|\n|t:|1783558991\n|switch|p1a: Zamazenta|Zamazenta-Crowned, L68|238/238\n|-ability|p1a: Zamazenta|Dauntless Shield|boost\n|-boost|p1a: Zamazenta|def|1\n|turn|2\n|inactive|Time left: 300 sec this turn | 300 sec total\n|\n|t:|1783558992\n|move|p1a: Zamazenta|Body Press|p2a: Revavroom\n|-damage|p2a: Revavroom|46/100\n|move|p2a: Revavroom|High Horsepower|p1a: Zamazenta\n|-supereffective|p1a: Zamazenta\n|-damage|p1a: Zamazenta|90/238\n|-damage|p2a: Revavroom|36/100|[from] item: Life Orb\n|\n|upkeep\n|turn|3\n|inactive|Time left: 300 sec this turn | 300 sec total\n|\n|t:|1783558993\n|switch|p2a: Houndstone|Houndstone, L86, M|100/100\n|move|p1a: Zamazenta|Heavy Slam|p2a: Houndstone\n|-damage|p2a: Houndstone|85/100\n|\n|-heal|p2a: Houndstone|91/100|[from] item: Leftovers\n|upkeep\n|turn|4\n|inactive|Time left: 300 sec this turn | 300 sec total\n|\n|t:|1783558994\n|move|p1a: Zamazenta|Heavy Slam|p2a: Houndstone\n|-damage|p2a: Houndstone|75/100\n|move|p2a: Houndstone|Poltergeist|p1a: Zamazenta\n|-activate|p1a: Zamazenta|move: Poltergeist|Rusted Shield\n|-damage|p1a: Zamazenta|12/238\n|\n|-heal|p2a: Houndstone|81/100|[from] item: Leftovers\n|upkeep\n|turn|5\n|inactive|Time left: 300 sec this turn | 300 sec total\n|\n|t:|1783558995\n|move|p2a: Houndstone|Shadow Sneak|p1a: Zamazenta\n|-damage|p1a: Zamazenta|0 fnt\n|faint|p1a: Zamazenta\n|\n|-heal|p2a: Houndstone|87/100|[from] item: Leftovers\n|-fieldend|move: Electric Terrain\n|upkeep\n|inactive|Time left: 300 sec this turn | 300 sec total | 5 sec grace\n|\n|t:|1783558996\n|switch|p1a: Rillaboom|Rillaboom, L79, F|288/288\n|-fieldstart|move: Grassy Terrain|[from] ability: Grassy Surge|[of] p1a: Rillaboom\n|turn|6\n|inactive|Time left: 300 sec this turn | 300 sec total\n|\n|t:|1783558998\n|move|p1a: Rillaboom|Wood Hammer|p2a: Houndstone\n|-damage|p2a: Houndstone|43/100\n|-damage|p1a: Rillaboom|250/288|[from] Recoil\n|move|p2a: Houndstone|Will-O-Wisp|p1a: Rillaboom\n|-status|p1a: Rillaboom|brn\n|\n|-heal|p1a: Rillaboom|268/288 brn|[from] Grassy Terrain\n|-heal|p2a: Houndstone|49/100|[from] Grassy Terrain\n|-heal|p2a: Houndstone|55/100|[from] item: Leftovers\n|-damage|p1a: Rillaboom|250/288 brn|[from] brn\n|upkeep\n|turn|7\n|inactive|Time left: 300 sec this turn | 300 sec total\n|\n|t:|1783558999\n|move|p1a: Rillaboom|Wood Hammer|p2a: Houndstone\n|-damage|p2a: Houndstone|32/100\n|-damage|p1a: Rillaboom|230/288 brn|[from] Recoil\n|move|p2a: Houndstone|Poltergeist|p1a: Rillaboom\n|-activate|p1a: Rillaboom|move: Poltergeist|Choice Band\n|-damage|p1a: Rillaboom|100/288 brn\n|\n|-heal|p1a: Rillaboom|118/288 brn|[from] Grassy Terrain\n|-heal|p2a: Houndstone|38/100|[from] Grassy Terrain\n|-heal|p2a: Houndstone|44/100|[from] item: Leftovers\n|-damage|p1a: Rillaboom|100/288 brn|[from] brn\n|upkeep\n|turn|8\n|inactive|Time left: 300 sec this turn | 300 sec total\n|\n|t:|1783559000\n|move|p1a: Rillaboom|Wood Hammer|p2a: Houndstone\n|-damage|p2a: Houndstone|22/100\n|-damage|p1a: Rillaboom|81/288 brn|[from] Recoil\n|move|p2a: Houndstone|Poltergeist|p1a: Rillaboom|[miss]\n|-miss|p2a: Houndstone|p1a: Rillaboom\n|\n|-heal|p1a: Rillaboom|99/288 brn|[from] Grassy Terrain\n|-heal|p2a: Houndstone|28/100|[from] Grassy Terrain\n|-heal|p2a: Houndstone|34/100|[from] item: Leftovers\n|-damage|p1a: Rillaboom|81/288 brn|[from] brn\n|upkeep\n|turn|9\n|inactive|Time left: 300 sec this turn | 300 sec total\n|\n|t:|1783559001\n|move|p1a: Rillaboom|Wood Hammer|p2a: Houndstone\n|-damage|p2a: Houndstone|11/100\n|-damage|p1a: Rillaboom|62/288 brn|[from] Recoil\n|move|p2a: Houndstone|Poltergeist|p1a: Rillaboom\n|-activate|p1a: Rillaboom|move: Poltergeist|Choice Band\n|-damage|p1a: Rillaboom|0 fnt\n|faint|p1a: Rillaboom\n|\n|-heal|p2a: Houndstone|18/100|[from] Grassy Terrain\n|-heal|p2a: Houndstone|24/100|[from] item: Leftovers\n|upkeep\n|inactive|Time left: 300 sec this turn | 300 sec total | 5 sec grace\n|\n|t:|1783559001\n|switch|p1a: Gothitelle|Gothitelle, L90, M|272/272\n|turn|10\n|inactive|Time left: 300 sec this turn | 300 sec total\n|\n|t:|1783559002\n|switch|p2a: Dudunsparce|Dudunsparce, L83, M|100/100\n|move|p1a: Gothitelle|Calm Mind|p1a: Gothitelle\n|-boost|p1a: Gothitelle|spa|1\n|-boost|p1a: Gothitelle|spd|1\n|\n|-fieldend|move: Grassy Terrain\n|upkeep\n|turn|11\n|inactive|Time left: 300 sec this turn | 300 sec total\n|\n|t:|1783559004\n|move|p1a: Gothitelle|Psychic Noise|p2a: Dudunsparce\n|-damage|p2a: Dudunsparce|54/100\n|-start|p2a: Dudunsparce|move: Heal Block\n|move|p2a: Dudunsparce|Calm Mind|p2a: Dudunsparce\n|-boost|p2a: Dudunsparce|spa|1\n|-boost|p2a: Dudunsparce|spd|1\n|\n|upkeep\n|turn|12\n|inactive|Time left: 300 sec this turn | 300 sec total\n|\n|t:|1783559005\n|move|p1a: Gothitelle|Psychic Noise|p2a: Dudunsparce\n|-damage|p2a: Dudunsparce|24/100\n|move|p2a: Dudunsparce|Calm Mind|p2a: Dudunsparce\n|-boost|p2a: Dudunsparce|spa|1\n|-boost|p2a: Dudunsparce|spd|1\n|\n|-end|p2a: Dudunsparce|move: Heal Block\n|upkeep\n|turn|13\n|inactive|Time left: 300 sec this turn | 300 sec total\n|\n|t:|1783559006\n|move|p1a: Gothitelle|Psychic Noise|p2a: Dudunsparce\n|-damage|p2a: Dudunsparce|1/100\n|-start|p2a: Dudunsparce|move: Heal Block\n|move|p2a: Dudunsparce|Boomburst|p1a: Gothitelle\n|-damage|p1a: Gothitelle|127/272\n|\n|-heal|p1a: Gothitelle|144/272|[from] item: Leftovers\n|upkeep\n|turn|14\n|inactive|Time left: 300 sec this turn | 300 sec total\n|\n|t:|1783559007\n|move|p1a: Gothitelle|Thunderbolt|p2a: Dudunsparce\n|-damage|p2a: Dudunsparce|0 fnt\n|faint|p2a: Dudunsparce\n|\n|-heal|p1a: Gothitelle|161/272|[from] item: Leftovers\n|upkeep\n|\n|t:|1783559008\n|switch|p2a: Revavroom|Revavroom, L79, M, tera:Ground|36/100\n|turn|15\n|inactive|Time left: 300 sec this turn | 300 sec total\n|\n|t:|1783559008\n|move|p2a: Revavroom|Iron Head|p1a: Gothitelle\n|-damage|p1a: Gothitelle|66/272\n|-damage|p2a: Revavroom|27/100|[from] item: Life Orb\n|move|p1a: Gothitelle|Psychic Noise|p2a: Revavroom\n|-damage|p2a: Revavroom|0 fnt\n|faint|p2a: Revavroom\n|\n|-heal|p1a: Gothitelle|83/272|[from] item: Leftovers\n|upkeep\n|\n|t:|1783559009\n|switch|p2a: Sneasler|Sneasler, L74, M|100/100\n|turn|16\n|inactive|Time left: 300 sec this turn | 300 sec total\n|\n|t:|1783559010\n|-terastallize|p1a: Gothitelle|Ghost\n|move|p2a: Sneasler|Dire Claw|p1a: Gothitelle\n|-resisted|p1a: Gothitelle\n|-damage|p1a: Gothitelle|27/272\n|-status|p1a: Gothitelle|par\n|move|p1a: Gothitelle|Psychic Noise|p2a: Sneasler\n|-supereffective|p2a: Sneasler\n|-damage|p2a: Sneasler|0 fnt\n|faint|p2a: Sneasler\n|\n|-heal|p1a: Gothitelle|44/272 par|[from] item: Leftovers\n|upkeep\n|\n|t:|1783559012\n|switch|p2a: Mimikyu|Mimikyu, L79, F|100/100\n|turn|17\n|inactive|Time left: 300 sec this turn | 300 sec total\n|\n|t:|1783559013\n|move|p2a: Mimikyu|Swords Dance|p2a: Mimikyu\n|-boost|p2a: Mimikyu|atk|2\n|cant|p1a: Gothitelle|par\n|\n|-heal|p1a: Gothitelle|61/272 par|[from] item: Leftovers\n|upkeep\n|turn|18\n|inactive|Time left: 300 sec this turn | 300 sec total\n|\n|t:|1783559014\n|move|p2a: Mimikyu|Shadow Sneak|p1a: Gothitelle\n|-supereffective|p1a: Gothitelle\n|-damage|p1a: Gothitelle|0 fnt\n|faint|p1a: Gothitelle\n|-damage|p2a: Mimikyu|91/100|[from] item: Life Orb\n|\n|upkeep\n|inactive|Time left: 300 sec this turn | 300 sec total | 5 sec grace\n|\n|t:|1783559015\n|switch|p1a: Comfey|Comfey, L85, M|225/225\n|turn|19\n|inactive|Time left: 300 sec this turn | 300 sec total\n|\n|t:|1783559016\n|move|p1a: Comfey|Tera Blast|p2a: Mimikyu\n|-immune|p2a: Mimikyu\n|move|p2a: Mimikyu|Play Rough|p1a: Comfey\n|-damage|p1a: Comfey|22/225\n|-unboost|p1a: Comfey|atk|1\n|-damage|p2a: Mimikyu|81/100|[from] item: Life Orb\n|\n|-heal|p1a: Comfey|36/225|[from] item: Leftovers\n|upkeep\n|turn|20\n|inactive|Time left: 300 sec this turn | 300 sec total\n|\n|t:|1783559017\n|move|p1a: Comfey|Draining Kiss|p2a: Mimikyu\n|-activate|p2a: Mimikyu|ability: Disguise\n|-damage|p2a: Mimikyu|81/100\n|detailschange|p2a: Mimikyu|Mimikyu-Busted, L79, F\n|-damage|p2a: Mimikyu|69/100|[from] pokemon: Mimikyu-Busted\n|move|p2a: Mimikyu|Play Rough|p1a: Comfey\n|-damage|p1a: Comfey|0 fnt\n|faint|p1a: Comfey\n|-damage|p2a: Mimikyu|59/100|[from] item: Life Orb\n|\n|upkeep\n|inactive|Time left: 300 sec this turn | 300 sec total | 5 sec grace\n|\n|t:|1783559018\n|switch|p1a: Great Tusk|Great Tusk, L77|304/304\n|-enditem|p1a: Great Tusk|Booster Energy\n|-activate|p1a: Great Tusk|ability: Protosynthesis|[fromitem]\n|-start|p1a: Great Tusk|protosynthesisatk\n|turn|21\n|inactive|Time left: 300 sec this turn | 300 sec total\n|\n|t:|1783559019\n|move|p2a: Mimikyu|Play Rough|p1a: Great Tusk|[miss]\n|-miss|p2a: Mimikyu|p1a: Great Tusk\n|move|p1a: Great Tusk|Earthquake|p2a: Mimikyu\n|-damage|p2a: Mimikyu|0 fnt\n|faint|p2a: Mimikyu\n|\n|upkeep\n|\n|t:|1783559020\n|switch|p2a: Gothitelle|Gothitelle, L90, F|100/100\n|turn|22\n|inactive|Time left: 300 sec this turn | 300 sec total\n|\n|t:|1783559021\n|move|p2a: Gothitelle|Psychic|p1a: Great Tusk\n|-supereffective|p1a: Great Tusk\n|-damage|p1a: Great Tusk|0 fnt\n|faint|p1a: Great Tusk\n|-end|p1a: Great Tusk|Protosynthesis|[silent]\n|\n|win|p0y1708f863", "uploadtime": 1783559021, "views": 0, "rating": 0, "private": 0, "password": null, "_winner": "p0y1708f863", "_our_name": "p0x1708ad07"}