{"id": "battle-gen9randombattle-123", "formatid": "gen9randombattle", "format": "[Gen 9] Random Battle", "players": ["p0x1237a47", "p0y1230537"], "log": "|init|battle\n|title|p0x1237a47 vs. p0y1230537\n|j|\u2606p0x1237a47\n|j|\u2606p0y1230537\n|t:|1783540589\n|gametype|singles\n|player|p1|p0x1237a47|170|\n|player|p2|p0y1230537|265|\n|gen|9\n|tier|[Gen 9] Random Battle\n|rule|Species Clause: Limit one of each Pok\u00e9mon\n|rule|HP Percentage Mod: HP is shown in percentages\n|rule|Sleep Clause Mod: Limit one foe put to sleep\n|rule|Illusion Level Mod: Illusion disguises the Pok\u00e9mon's true level\n|\n|t:|1783540589\n|teamsize|p1|6\n|teamsize|p2|6\n|start\n|switch|p1a: Ursaluna|Ursaluna-Bloodmoon, L79, M|100/100\n|switch|p2a: Deoxys|Deoxys, L74|196/196\n|-ability|p2a: Deoxys|Pressure\n|turn|1\n|inactive|Battle timer is ON: inactive players will automatically lose when time's up. (requested by p0y1230537)\n|inactive|p0x1237a47 also wants the timer to be on.\n|\n|t:|1783540590\n|-terastallize|p2a: Deoxys|Psychic\n|move|p2a: Deoxys|Psycho Boost|p1a: Ursaluna\n|-damage|p1a: Ursaluna|0 fnt\n|-unboost|p2a: Deoxys|spa|2\n|faint|p1a: Ursaluna\n|-damage|p2a: Deoxys|177/196|[from] item: Life Orb\n|\n|upkeep\n|\n|t:|1783540591\n|switch|p1a: Abomasnow|Abomasnow, L84, F|100/100\n|-weather|Snowscape|[from] ability: Snow Warning|[of] p1a: Abomasnow\n|turn|2\n|inactive|Time left: 300 sec this turn | 300 sec total\n|\n|t:|1783540592\n|switch|p2a: Groudon|Groudon, L72|263/263\n|-weather|SunnyDay|[from] ability: Drought|[of] p2a: Groudon\n|move|p1a: Abomasnow|Aurora Veil||[still]\n|-fail|p1a: Abomasnow\n|\n|-weather|SunnyDay|[upkeep]\n|upkeep\n|turn|3\n|inactive|Time left: 300 sec this turn | 300 sec total\n|\n|t:|1783540593\n|switch|p1a: Oricorio|Oricorio, L84, F|100/100\n|move|p2a: Groudon|Heat Crash|p1a: Oricorio\n|-resisted|p1a: Oricorio\n|-damage|p1a: Oricorio|70/100\n|\n|-weather|SunnyDay|[upkeep]\n|upkeep\n|turn|4\n|inactive|Time left: 300 sec this turn | 300 sec total\n|\n|t:|1783540594\n|move|p1a: Oricorio|Quiver Dance|p1a: Oricorio\n|-boost|p1a: Oricorio|spa|1\n|-boost|p1a: Oricorio|spd|1\n|-boost|p1a: Oricorio|spe|1\n|move|p2a: Groudon|Stone Edge|p1a: Oricorio\n|-supereffective|p1a: Oricorio\n|-damage|p1a: Oricorio|0 fnt\n|faint|p1a: Oricorio\n|\n|-weather|SunnyDay|[upkeep]\n|upkeep\n|\n|t:|1783540595\n|switch|p1a: Abomasnow|Abomasnow, L84, F|100/100\n|-weather|Snowscape|[from] ability: Snow Warning|[of] p1a: Abomasnow\n|turn|5\n|inactive|Time left: 300 sec this turn | 300 sec total\n|\n|t:|1783540596\n|move|p2a: Groudon|Heat Crash|p1a: Abomasnow\n|-supereffective|p1a: Abomasnow\n|-damage|p1a: Abomasnow|11/100\n|move|p1a: Abomasnow|Aurora Veil|p1a: Abomasnow\n|-sidestart|p1: p0x1237a47|move: Aurora Veil\n|\n|-weather|Snowscape|[upkeep]\n|upkeep\n|turn|6\n|inactive|Time left: 300 sec this turn | 300 sec total\n|\n|t:|1783540598\n|move|p2a: Groudon|Heat Crash|p1a: Abomasnow\n|-supereffective|p1a: Abomasnow\n|-damage|p1a: Abomasnow|0 fnt\n|faint|p1a: Abomasnow\n|\n|-weather|Snowscape|[upkeep]\n|upkeep\n|\n|t:|1783540599\n|switch|p1a: Whimsicott|Whimsicott, L84, M|100/100\n|turn|7\n|inactive|Time left: 300 sec this turn | 300 sec total\n|\n|t:|1783540600\n|move|p1a: Whimsicott|Moonblast|p2a: Groudon\n|-damage|p2a: Groudon|173/263\n|move|p2a: Groudon|Heat Crash|p1a: Whimsicott\n|-supereffective|p1a: Whimsicott\n|-damage|p1a: Whimsicott|61/100\n|\n|-weather|Snowscape|[upkeep]\n|-heal|p1a: Whimsicott|67/100|[from] item: Leftovers\n|-heal|p2a: Groudon|189/263|[from] item: Leftovers\n|upkeep\n|turn|8\n|inactive|Time left: 300 sec this turn | 300 sec total\n|\n|t:|1783540601\n|move|p1a: Whimsicott|Moonblast|p2a: Groudon\n|-damage|p2a: Groudon|95/263\n|move|p2a: Groudon|Heat Crash|p1a: Whimsicott\n|-supereffective|p1a: Whimsicott\n|-damage|p1a: Whimsicott|31/100\n|\n|-weather|Snowscape|[upkeep]\n|-heal|p1a: Whimsicott|37/100|[from] item: Leftovers\n|-heal|p2a: Groudon|111/263|[from] item: Leftovers\n|upkeep\n|turn|9\n|inactive|Time left: 300 sec this turn | 300 sec total\n|\n|t:|1783540602\n|move|p1a: Whimsicott|Moonblast|p2a: Groudon\n|-damage|p2a: Groudon|14/263\n|move|p2a: Groudon|Heat Crash|p1a: Whimsicott\n|-supereffective|p1a: Whimsicott\n|-damage|p1a: Whimsicott|0 fnt\n|faint|p1a: Whimsicott\n|\n|-weather|none\n|-heal|p2a: Groudon|30/263|[from] item: Leftovers\n|upkeep\n|\n|t:|1783540603\n|switch|p1a: Weezing|Weezing-Galar, L86, M|100/100\n|turn|10\n|inactive|Time left: 300 sec this turn | 300 sec total\n|\n|t:|1783540604\n|switch|p2a: Clawitzer|Clawitzer, L87, M|265/265\n|move|p1a: Weezing|Strange Steam|p2a: Clawitzer|[miss]\n|-miss|p1a: Weezing|p2a: Clawitzer\n|\n|upkeep\n|turn|11\n|inactive|Time left: 300 sec this turn | 300 sec total\n|\n|t:|1783540606\n|move|p2a: Clawitzer|Water Pulse|p1a: Weezing\n|-damage|p1a: Weezing|74/100\n|move|p1a: Weezing|Gunk Shot|p2a: Clawitzer\n|-damage|p2a: Clawitzer|154/265\n|-status|p2a: Clawitzer|psn\n|\n|-heal|p1a: Weezing|79/100|[from] item: Leftovers\n|-damage|p2a: Clawitzer|121/265 psn|[from] psn\n|upkeep\n|turn|12\n|inactive|Time left: 300 sec this turn | 300 sec total\n|\n|t:|1783540607\n|move|p1a: Weezing|Gunk Shot|p2a: Clawitzer|[miss]\n|-miss|p1a: Weezing|p2a: Clawitzer\n|move|p2a: Clawitzer|Water Pulse|p1a: Weezing\n|-damage|p1a: Weezing|52/100\n|\n|-heal|p1a: Weezing|58/100|[from] item: Leftovers\n|-damage|p2a: Clawitzer|88/265 psn|[from] psn\n|-sideend|p1: p0x1237a47|move: Aurora Veil\n|upkeep\n|turn|13\n|inactive|Time left: 300 sec this turn | 300 sec total\n|\n|t:|1783540608\n|move|p2a: Clawitzer|Water Pulse|p1a: Weezing\n|-damage|p1a: Weezing|4/100\n|-start|p1a: Weezing|confusion\n|-activate|p1a: Weezing|confusion\n|-damage|p1a: Weezing|0 fnt|[from] confusion\n|faint|p1a: Weezing\n|\n|-damage|p2a: Clawitzer|55/265 psn|[from] psn\n|upkeep\n|\n|t:|1783540609\n|switch|p1a: Snorlax|Snorlax, L82, M|100/100\n|turn|14\n|inactive|Time left: 300 sec this turn | 300 sec total\n|\n|t:|1783540610\n|move|p2a: Clawitzer|Aura Sphere|p1a: Snorlax\n|-supereffective|p1a: Snorlax\n|-damage|p1a: Snorlax|54/100\n|move|p1a: Snorlax|Curse|p1a: Snorlax\n|-unboost|p1a: Snorlax|spe|1\n|-boost|p1a: Snorlax|atk|1\n|-boost|p1a: Snorlax|def|1\n|\n|-heal|p1a: Snorlax|60/100|[from] item: Leftovers\n|-damage|p2a: Clawitzer|22/265 psn|[from] psn\n|upkeep\n|turn|15\n|inactive|Time left: 300 sec this turn | 300 sec total\n|\n|t:|1783540611\n|move|p2a: Clawitzer|Aura Sphere|p1a: Snorlax\n|-supereffective|p1a: Snorlax\n|-damage|p1a: Snorlax|13/100\n|move|p1a: Snorlax|Curse|p1a: Snorlax\n|-unboost|p1a: Snorlax|spe|1\n|-boost|p1a: Snorlax|atk|1\n|-boost|p1a: Snorlax|def|1\n|\n|-heal|p1a: Snorlax|19/100|[from] item: Leftovers\n|-damage|p2a: Clawitzer|0 fnt|[from] psn\n|faint|p2a: Clawitzer\n|upkeep\n|inactive|Time left: 300 sec this turn | 300 sec total | 5 sec grace\n|\n|t:|1783540612\n|switch|p2a: Staraptor|Staraptor, L79, F|263/263\n|turn|16\n|inactive|Time left: 300 sec this turn | 300 sec total\n|\n|t:|1783540613\n|-terastallize|p1a: Snorlax|Fairy\n|move|p2a: Staraptor|Brave Bird|p1a: Snorlax\n|-damage|p1a: Snorlax|0 fnt\n|faint|p1a: Snorlax\n|-damage|p2a: Staraptor|239/263|[from] Recoil\n|\n|win|p0y1230537", "uploadtime": 1783540613, "views": 0, "rating": 0, "private": 0, "password": null, "_winner": "p0y1230537", "_our_name": "p0y1230537"}