{"id": "battle-gen9randombattle-643", "formatid": "gen9randombattle", "format": "[Gen 9] Random Battle", "players": ["p0x6439bb5", "p0y6439d83"], "log": "|init|battle\n|title|p0x6439bb5 vs. p0y6439d83\n|j|\u2606p0x6439bb5\n|j|\u2606p0y6439d83\n|t:|1783547297\n|gametype|singles\n|player|p1|p0x6439bb5|266|\n|player|p2|p0y6439d83|101|\n|gen|9\n|tier|[Gen 9] Random Battle\n|rule|Species Clause: Limit one of each Pok\u00e9mon\n|rule|HP Percentage Mod: HP is shown in percentages\n|rule|Sleep Clause Mod: Limit one foe put to sleep\n|rule|Illusion Level Mod: Illusion disguises the Pok\u00e9mon's true level\n|\n|t:|1783547297\n|teamsize|p1|6\n|teamsize|p2|6\n|start\n|switch|p1a: Baxcalibur|Baxcalibur, L75, F|295/295\n|switch|p2a: Smeargle|Smeargle, L95, M|100/100\n|turn|1\n|inactive|Battle timer is ON: inactive players will automatically lose when time's up. (requested by p0y6439d83)\n|inactive|Time left: 300 sec this turn | 300 sec total | 60 sec grace\n|inactive|p0x6439bb5 also wants the timer to be on.\n|\n|t:|1783547298\n|move|p2a: Smeargle|Spore|p1a: Baxcalibur\n|-status|p1a: Baxcalibur|slp|[from] move: Spore\n|cant|p1a: Baxcalibur|slp\n|\n|upkeep\n|turn|2\n|inactive|Time left: 300 sec this turn | 300 sec total\n|\n|t:|1783547299\n|move|p2a: Smeargle|Shell Smash|p2a: Smeargle\n|-unboost|p2a: Smeargle|def|1\n|-unboost|p2a: Smeargle|spd|1\n|-boost|p2a: Smeargle|atk|2\n|-boost|p2a: Smeargle|spa|2\n|-boost|p2a: Smeargle|spe|2\n|-curestatus|p1a: Baxcalibur|slp|[msg]\n|move|p1a: Baxcalibur|Icicle Spear|p2a: Smeargle\n|-damage|p2a: Smeargle|71/100\n|-damage|p2a: Smeargle|44/100\n|-damage|p2a: Smeargle|16/100\n|-damage|p2a: Smeargle|0 fnt\n|faint|p2a: Smeargle\n|-hitcount|p2: Smeargle|4\n|\n|upkeep\n|\n|t:|1783547299\n|switch|p2a: Luxray|Luxray, L88, M|100/100\n|-ability|p2a: Luxray|Intimidate|boost\n|-unboost|p1a: Baxcalibur|atk|1\n|turn|3\n|inactive|Time left: 300 sec this turn | 300 sec total\n|\n|t:|1783547300\n|move|p1a: Baxcalibur|Swords Dance|p1a: Baxcalibur\n|-boost|p1a: Baxcalibur|atk|2\n|move|p2a: Luxray|Play Rough|p1a: Baxcalibur\n|-supereffective|p1a: Baxcalibur\n|-damage|p1a: Baxcalibur|109/295\n|\n|upkeep\n|turn|4\n|inactive|Time left: 300 sec this turn | 300 sec total\n|\n|t:|1783547301\n|move|p1a: Baxcalibur|Icicle Spear|p2a: Luxray\n|-damage|p2a: Luxray|85/100\n|-damage|p2a: Luxray|69/100\n|-damage|p2a: Luxray|52/100\n|-damage|p2a: Luxray|36/100\n|-hitcount|p2a: Luxray|4\n|move|p2a: Luxray|Play Rough|p1a: Baxcalibur\n|-supereffective|p1a: Baxcalibur\n|-damage|p1a: Baxcalibur|0 fnt\n|faint|p1a: Baxcalibur\n|\n|upkeep\n|inactive|Time left: 300 sec this turn | 300 sec total | 5 sec grace\n|\n|t:|1783547302\n|switch|p1a: Gumshoos|Gumshoos, L95, F|321/321\n|turn|5\n|inactive|Time left: 300 sec this turn | 300 sec total\n|\n|t:|1783547303\n|move|p2a: Luxray|Wild Charge|p1a: Gumshoos\n|-damage|p1a: Gumshoos|176/321\n|-damage|p2a: Luxray|24/100|[from] Recoil\n|move|p1a: Gumshoos|Earthquake|p2a: Luxray\n|-supereffective|p2a: Luxray\n|-damage|p2a: Luxray|0 fnt\n|faint|p2a: Luxray\n|\n|upkeep\n|\n|t:|1783547304\n|switch|p2a: Exeggutor|Exeggutor-Alola, L89, F|100/100\n|turn|6\n|inactive|Time left: 300 sec this turn | 300 sec total\n|\n|t:|1783547305\n|move|p1a: Gumshoos|Earthquake|p2a: Exeggutor\n|-resisted|p2a: Exeggutor\n|-damage|p2a: Exeggutor|76/100\n|move|p2a: Exeggutor|Wood Hammer|p1a: Gumshoos\n|-damage|p1a: Gumshoos|10/321\n|-damage|p2a: Exeggutor|58/100|[from] Recoil\n|\n|upkeep\n|turn|7\n|inactive|Time left: 300 sec this turn | 300 sec total\n|\n|t:|1783547306\n|move|p1a: Gumshoos|Earthquake|p2a: Exeggutor\n|-resisted|p2a: Exeggutor\n|-damage|p2a: Exeggutor|36/100\n|-enditem|p2a: Exeggutor|Sitrus Berry|[eat]\n|-heal|p2a: Exeggutor|61/100|[from] item: Sitrus Berry\n|move|p2a: Exeggutor|Wood Hammer|p1a: Gumshoos\n|-damage|p1a: Gumshoos|0 fnt\n|faint|p1a: Gumshoos\n|-damage|p2a: Exeggutor|60/100|[from] Recoil\n|\n|upkeep\n|inactive|Time left: 300 sec this turn | 300 sec total | 5 sec grace\n|\n|t:|1783547307\n|switch|p1a: Toxtricity|Toxtricity, L82, F|257/257\n|turn|8\n|inactive|Time left: 300 sec this turn | 300 sec total\n|\n|t:|1783547308\n|switch|p2a: Ting-Lu|Ting-Lu, L78|100/100\n|-ability|p2a: Ting-Lu|Vessel of Ruin\n|-terastallize|p1a: Toxtricity|Normal\n|move|p1a: Toxtricity|Boomburst|p2a: Ting-Lu\n|-damage|p2a: Ting-Lu|53/100\n|-enditem|p1a: Toxtricity|Throat Spray\n|-boost|p1a: Toxtricity|spa|1|[from] item: Throat Spray\n|\n|-heal|p2a: Ting-Lu|59/100|[from] item: Leftovers\n|upkeep\n|turn|9\n|inactive|Time left: 300 sec this turn | 300 sec total\n|\n|t:|1783547310\n|-terastallize|p2a: Ting-Lu|Steel\n|move|p1a: Toxtricity|Boomburst|p2a: Ting-Lu\n|-resisted|p2a: Ting-Lu\n|-damage|p2a: Ting-Lu|22/100\n|move|p2a: Ting-Lu|Heavy Slam|p1a: Toxtricity\n|-damage|p1a: Toxtricity|118/257\n|\n|-heal|p2a: Ting-Lu|29/100|[from] item: Leftovers\n|upkeep\n|turn|10\n|inactive|Time left: 300 sec this turn | 300 sec total\n|\n|t:|1783547311\n|move|p1a: Toxtricity|Boomburst|p2a: Ting-Lu\n|-resisted|p2a: Ting-Lu\n|-damage|p2a: Ting-Lu|0 fnt\n|faint|p2a: Ting-Lu\n|\n|upkeep\n|\n|t:|1783547312\n|switch|p2a: Cinderace|Cinderace, L77, F|100/100\n|turn|11\n|inactive|Time left: 300 sec this turn | 300 sec total\n|\n|t:|1783547313\n|move|p2a: Cinderace|Pyro Ball|p1a: Toxtricity\n|-damage|p1a: Toxtricity|0 fnt\n|faint|p1a: Toxtricity\n|\n|upkeep\n|inactive|Time left: 300 sec this turn | 300 sec total | 5 sec grace\n|\n|t:|1783547314\n|switch|p1a: Noivern|Noivern, L82, M|274/274\n|turn|12\n|inactive|Time left: 300 sec this turn | 300 sec total\n|\n|t:|1783547315\n|move|p1a: Noivern|Boomburst|p2a: Cinderace\n|-damage|p2a: Cinderace|29/100\n|move|p2a: Cinderace|Pyro Ball|p1a: Noivern\n|-resisted|p1a: Noivern\n|-damage|p1a: Noivern|202/274\n|\n|upkeep\n|turn|13\n|inactive|Time left: 300 sec this turn | 300 sec total\n|\n|t:|1783547316\n|switch|p2a: Mew|Mew, L82|100/100\n|move|p1a: Noivern|Boomburst|p2a: Mew\n|-damage|p2a: Mew|59/100\n|\n|-heal|p2a: Mew|65/100|[from] item: Leftovers\n|upkeep\n|turn|14\n|inactive|Time left: 300 sec this turn | 300 sec total\n|\n|t:|1783547318\n|move|p1a: Noivern|Boomburst|p2a: Mew\n|-damage|p2a: Mew|23/100\n|move|p2a: Mew|U-turn|p1a: Noivern\n|-resisted|p1a: Noivern\n|-damage|p1a: Noivern|177/274\n|\n|t:|1783547319\n|switch|p2a: Exeggutor|Exeggutor-Alola, L89, F|60/100|[from] U-turn\n|\n|-item|p2a: Exeggutor|Sitrus Berry|[from] ability: Harvest\n|upkeep\n|turn|15\n|inactive|Time left: 300 sec this turn | 300 sec total\n|\n|t:|1783547320\n|move|p1a: Noivern|Boomburst|p2a: Exeggutor\n|-crit|p2a: Exeggutor\n|-damage|p2a: Exeggutor|0 fnt\n|faint|p2a: Exeggutor\n|\n|upkeep\n|\n|t:|1783547321\n|switch|p2a: Cinderace|Cinderace, L77, F|29/100\n|turn|16\n|inactive|Time left: 300 sec this turn | 300 sec total\n|\n|t:|1783547322\n|move|p1a: Noivern|Boomburst|p2a: Cinderace\n|-damage|p2a: Cinderace|0 fnt\n|faint|p2a: Cinderace\n|\n|upkeep\n|\n|t:|1783547322\n|switch|p2a: Mew|Mew, L82|23/100\n|turn|17\n|inactive|Time left: 300 sec this turn | 300 sec total\n|\n|t:|1783547323\n|move|p1a: Noivern|Boomburst|p2a: Mew\n|-damage|p2a: Mew|0 fnt\n|faint|p2a: Mew\n|\n|win|p0x6439bb5", "uploadtime": 1783547323, "views": 0, "rating": 0, "private": 0, "password": null, "_winner": "p0x6439bb5", "_our_name": "p0x6439bb5"}