{"id": "battle-gen9randombattle-1236", "formatid": "gen9randombattle", "format": "[Gen 9] Random Battle", "players": ["p0x1236afcb", "p0y12364cc1"], "log": "|init|battle\n|title|p0x1236afcb vs. p0y12364cc1\n|j|\u2606p0x1236afcb\n|j|\u2606p0y12364cc1\n|t:|1783554276\n|gametype|singles\n|player|p1|p0x1236afcb|102|\n|player|p2|p0y12364cc1|2|\n|gen|9\n|tier|[Gen 9] Random Battle\n|rule|Species Clause: Limit one of each Pok\u00e9mon\n|rule|HP Percentage Mod: HP is shown in percentages\n|rule|Sleep Clause Mod: Limit one foe put to sleep\n|rule|Illusion Level Mod: Illusion disguises the Pok\u00e9mon's true level\n|\n|t:|1783554276\n|teamsize|p1|6\n|teamsize|p2|6\n|start\n|switch|p1a: Bastiodon|Bastiodon, L89, M|252/252\n|switch|p2a: Forretress|Forretress, L84, M|100/100\n|turn|1\n|inactive|Battle timer is ON: inactive players will automatically lose when time's up. (requested by p0y12364cc1)\n|inactive|Time left: 300 sec this turn | 300 sec total | 60 sec grace\n|inactive|p0x1236afcb also wants the timer to be on.\n|\n|t:|1783554278\n|move|p2a: Forretress|Rapid Spin|p1a: Bastiodon\n|-resisted|p1a: Bastiodon\n|-damage|p1a: Bastiodon|247/252\n|-boost|p2a: Forretress|spe|1\n|move|p1a: Bastiodon|Iron Defense|p1a: Bastiodon\n|-boost|p1a: Bastiodon|def|2\n|\n|upkeep\n|turn|2\n|inactive|Time left: 300 sec this turn | 300 sec total\n|\n|t:|1783554279\n|move|p2a: Forretress|Toxic Spikes|p1a: Bastiodon\n|-sidestart|p1: p0x1236afcb|move: Toxic Spikes\n|move|p1a: Bastiodon|Body Press|p2a: Forretress\n|-damage|p2a: Forretress|51/100\n|\n|-heal|p2a: Forretress|57/100|[from] item: Leftovers\n|upkeep\n|turn|3\n|inactive|Time left: 300 sec this turn | 300 sec total\n|\n|t:|1783554280\n|move|p2a: Forretress|Toxic Spikes|p1a: Bastiodon\n|-sidestart|p1: p0x1236afcb|move: Toxic Spikes\n|move|p1a: Bastiodon|Body Press|p2a: Forretress\n|-damage|p2a: Forretress|4/100\n|\n|-heal|p2a: Forretress|10/100|[from] item: Leftovers\n|upkeep\n|turn|4\n|inactive|Time left: 300 sec this turn | 300 sec total\n|\n|t:|1783554281\n|switch|p2a: Pelipper|Pelipper, L86, F|100/100\n|-weather|RainDance|[from] ability: Drizzle|[of] p2a: Pelipper\n|move|p1a: Bastiodon|Body Press|p2a: Pelipper\n|-resisted|p2a: Pelipper\n|-damage|p2a: Pelipper|64/100\n|\n|-weather|RainDance|[upkeep]\n|upkeep\n|turn|5\n|inactive|Time left: 300 sec this turn | 300 sec total\n|\n|t:|1783554283\n|-terastallize|p1a: Bastiodon|Fighting\n|move|p2a: Pelipper|Surf|p1a: Bastiodon\n|-damage|p1a: Bastiodon|141/252\n|move|p1a: Bastiodon|Body Press|p2a: Pelipper\n|-resisted|p2a: Pelipper\n|-damage|p2a: Pelipper|10/100\n|\n|-weather|RainDance|[upkeep]\n|upkeep\n|turn|6\n|inactive|Time left: 300 sec this turn | 300 sec total\n|\n|t:|1783554284\n|move|p2a: Pelipper|Hurricane|p1a: Bastiodon\n|-supereffective|p1a: Bastiodon\n|-damage|p1a: Bastiodon|0 fnt\n|faint|p1a: Bastiodon\n|\n|-weather|RainDance|[upkeep]\n|upkeep\n|inactive|Time left: 300 sec this turn | 300 sec total | 5 sec grace\n|\n|t:|1783554285\n|switch|p1a: Braviary|Braviary, L85, M|309/309\n|turn|7\n|inactive|Time left: 300 sec this turn | 300 sec total\n|\n|t:|1783554286\n|move|p1a: Braviary|Brave Bird|p2a: Pelipper\n|-damage|p2a: Pelipper|0 fnt\n|faint|p2a: Pelipper\n|-damage|p1a: Braviary|301/309|[from] Recoil\n|\n|-weather|RainDance|[upkeep]\n|upkeep\n|\n|t:|1783554287\n|switch|p2a: Basculin|Basculin, L86, F|100/100\n|turn|8\n|inactive|Time left: 300 sec this turn | 300 sec total\n|\n|t:|1783554288\n|switch|p1a: Palkia|Palkia-Origin, L72|249/249\n|-status|p1a: Palkia|tox\n|-ability|p1a: Palkia|Pressure\n|move|p2a: Basculin|Wave Crash|p1a: Palkia\n|-resisted|p1a: Palkia\n|-crit|p1a: Palkia\n|-damage|p1a: Palkia|105/249 tox\n|-damage|p2a: Basculin|82/100|[from] Recoil\n|\n|-weather|none\n|-damage|p1a: Palkia|90/249 tox|[from] psn\n|upkeep\n|turn|9\n|inactive|Time left: 300 sec this turn | 300 sec total\n|\n|t:|1783554289\n|move|p2a: Basculin|Wave Crash|p1a: Palkia\n|-resisted|p1a: Palkia\n|-damage|p1a: Palkia|20/249 tox\n|-damage|p2a: Basculin|73/100|[from] Recoil\n|move|p1a: Palkia|Draco Meteor|p2a: Basculin\n|-damage|p2a: Basculin|0 fnt\n|-unboost|p1a: Palkia|spa|2\n|faint|p2a: Basculin\n|\n|-damage|p1a: Palkia|0 fnt|[from] psn\n|faint|p1a: Palkia\n|upkeep\n|inactive|Time left: 300 sec this turn | 300 sec total | 5 sec grace\n|\n|t:|1783554290\n|switch|p2a: Golem|Golem, L87, M|100/100\n|switch|p1a: Braviary|Braviary, L85, M|301/309\n|turn|10\n|inactive|Time left: 300 sec this turn | 300 sec total\n|\n|t:|1783554292\n|move|p1a: Braviary|Bulk Up|p1a: Braviary\n|-boost|p1a: Braviary|atk|1\n|-boost|p1a: Braviary|def|1\n|move|p2a: Golem|Stone Edge|p1a: Braviary\n|-supereffective|p1a: Braviary\n|-damage|p1a: Braviary|119/309\n|\n|upkeep\n|turn|11\n|inactive|Time left: 300 sec this turn | 300 sec total\n|\n|t:|1783554293\n|move|p1a: Braviary|Roost|p1a: Braviary\n|-heal|p1a: Braviary|274/309\n|-singleturn|p1a: Braviary|move: Roost\n|move|p2a: Golem|Stone Edge|p1a: Braviary\n|-damage|p1a: Braviary|181/309\n|\n|upkeep\n|turn|12\n|inactive|Time left: 300 sec this turn | 300 sec total\n|\n|t:|1783554294\n|move|p1a: Braviary|Roost|p1a: Braviary\n|-heal|p1a: Braviary|309/309\n|-singleturn|p1a: Braviary|move: Roost\n|move|p2a: Golem|Stone Edge|p1a: Braviary\n|-damage|p1a: Braviary|210/309\n|\n|upkeep\n|turn|13\n|inactive|Time left: 300 sec this turn | 300 sec total\n|\n|t:|1783554295\n|move|p1a: Braviary|Bulk Up|p1a: Braviary\n|-boost|p1a: Braviary|atk|1\n|-boost|p1a: Braviary|def|1\n|move|p2a: Golem|Stone Edge|p1a: Braviary\n|-supereffective|p1a: Braviary\n|-damage|p1a: Braviary|70/309\n|\n|upkeep\n|turn|14\n|inactive|Time left: 300 sec this turn | 300 sec total\n|\n|t:|1783554296\n|move|p1a: Braviary|Roost|p1a: Braviary\n|-heal|p1a: Braviary|225/309\n|-singleturn|p1a: Braviary|move: Roost\n|move|p2a: Golem|Stone Edge|p1a: Braviary\n|-damage|p1a: Braviary|158/309\n|\n|upkeep\n|turn|15\n|inactive|Time left: 300 sec this turn | 300 sec total\n|\n|t:|1783554296\n|move|p1a: Braviary|Roost|p1a: Braviary\n|-heal|p1a: Braviary|309/309\n|-singleturn|p1a: Braviary|move: Roost\n|move|p2a: Golem|Stone Edge|p1a: Braviary\n|-damage|p1a: Braviary|237/309\n|\n|upkeep\n|turn|16\n|inactive|Time left: 300 sec this turn | 300 sec total\n|\n|t:|1783554297\n|move|p1a: Braviary|Roost|p1a: Braviary\n|-heal|p1a: Braviary|309/309\n|-singleturn|p1a: Braviary|move: Roost\n|move|p2a: Golem|Stone Edge|p1a: Braviary\n|-damage|p1a: Braviary|242/309\n|\n|upkeep\n|turn|17\n|inactive|Time left: 300 sec this turn | 300 sec total\n|\n|t:|1783554298\n|move|p1a: Braviary|Brave Bird|p2a: Golem\n|-resisted|p2a: Golem\n|-crit|p2a: Golem\n|-damage|p2a: Golem|45/100\n|-damage|p1a: Braviary|191/309|[from] Recoil\n|move|p2a: Golem|Stone Edge|p1a: Braviary\n|-supereffective|p1a: Braviary\n|-damage|p1a: Braviary|35/309\n|\n|upkeep\n|turn|18\n|inactive|Time left: 300 sec this turn | 300 sec total\n|\n|t:|1783554299\n|switch|p2a: Chesnaught|Chesnaught, L84, M|100/100\n|move|p1a: Braviary|Roost|p1a: Braviary\n|-heal|p1a: Braviary|190/309\n|-singleturn|p1a: Braviary|move: Roost\n|\n|upkeep\n|turn|19\n|inactive|Time left: 300 sec this turn | 300 sec total\n|\n|t:|1783554300\n|-terastallize|p2a: Chesnaught|Water\n|move|p1a: Braviary|Brave Bird|p2a: Chesnaught\n|-crit|p2a: Chesnaught\n|-damage|p2a: Chesnaught|0 fnt\n|-damage|p1a: Braviary|139/309|[from] item: Rocky Helmet|[of] p2a: Chesnaught\n|faint|p2a: Chesnaught\n|-damage|p1a: Braviary|45/309|[from] Recoil\n|\n|upkeep\n|\n|t:|1783554301\n|switch|p2a: Forretress|Forretress, L84, M|10/100\n|turn|20\n|inactive|Time left: 300 sec this turn | 300 sec total\n|\n|t:|1783554301\n|move|p1a: Braviary|Roost|p1a: Braviary\n|-heal|p1a: Braviary|200/309\n|-singleturn|p1a: Braviary|move: Roost\n|move|p2a: Forretress|Volt Switch|p1a: Braviary\n|-damage|p1a: Braviary|162/309\n|\n|t:|1783554302\n|switch|p2a: Luxray|Luxray, L88, F|100/100|[from] Volt Switch\n|-ability|p2a: Luxray|Intimidate|boost\n|-unboost|p1a: Braviary|atk|1\n|-ability|p1a: Braviary|Defiant|boost\n|-boost|p1a: Braviary|atk|2\n|\n|upkeep\n|turn|21\n|inactive|Time left: 300 sec this turn | 300 sec total\n|\n|t:|1783554303\n|move|p1a: Braviary|Roost|p1a: Braviary\n|-heal|p1a: Braviary|309/309\n|-singleturn|p1a: Braviary|move: Roost\n|move|p2a: Luxray|Volt Switch|p1a: Braviary\n|-damage|p1a: Braviary|227/309\n|\n|t:|1783554304\n|switch|p2a: Forretress|Forretress, L84, M|10/100|[from] Volt Switch\n|\n|-heal|p2a: Forretress|16/100|[from] item: Leftovers\n|upkeep\n|turn|22\n|inactive|Time left: 300 sec this turn | 300 sec total\n|\n|t:|1783554305\n|move|p1a: Braviary|Brave Bird|p2a: Forretress\n|-damage|p2a: Forretress|0 fnt\n|faint|p2a: Forretress\n|-damage|p1a: Braviary|213/309|[from] Recoil\n|\n|upkeep\n|\n|t:|1783554306\n|switch|p2a: Golem|Golem, L87, M|45/100\n|turn|23\n|inactive|Time left: 300 sec this turn | 300 sec total\n|\n|t:|1783554307\n|move|p1a: Braviary|Close Combat|p2a: Golem\n|-supereffective|p2a: Golem\n|-damage|p2a: Golem|0 fnt\n|-unboost|p1a: Braviary|def|1\n|-unboost|p1a: Braviary|spd|1\n|faint|p2a: Golem\n|\n|upkeep\n|\n|t:|1783554308\n|switch|p2a: Luxray|Luxray, L88, F|100/100\n|-ability|p2a: Luxray|Intimidate|boost\n|-unboost|p1a: Braviary|atk|1\n|-ability|p1a: Braviary|Defiant|boost\n|-boost|p1a: Braviary|atk|2\n|turn|24\n|inactive|Time left: 300 sec this turn | 300 sec total\n|\n|t:|1783554309\n|move|p1a: Braviary|Close Combat|p2a: Luxray\n|-damage|p2a: Luxray|0 fnt\n|-unboost|p1a: Braviary|def|1\n|-unboost|p1a: Braviary|spd|1\n|faint|p2a: Luxray\n|\n|win|p0x1236afcb", "uploadtime": 1783554309, "views": 0, "rating": 0, "private": 0, "password": null, "_winner": "p0x1236afcb", "_our_name": "p0x1236afcb"}