{"id": "battle-gen9randombattle-2554", "formatid": "gen9randombattle", "format": "[Gen 9] Random Battle", "players": ["p0x255482dd", "p0y25549d73"], "log": "|init|battle\n|title|p0x255482dd vs. p0y25549d73\n|j|\u2606p0x255482dd\n|j|\u2606p0y25549d73\n|t:|1783568597\n|gametype|singles\n|player|p1|p0x255482dd|101|\n|player|p2|p0y25549d73|265|\n|gen|9\n|tier|[Gen 9] Random Battle\n|rule|Species Clause: Limit one of each Pok\u00e9mon\n|rule|HP Percentage Mod: HP is shown in percentages\n|rule|Sleep Clause Mod: Limit one foe put to sleep\n|rule|Illusion Level Mod: Illusion disguises the Pok\u00e9mon's true level\n|\n|t:|1783568597\n|teamsize|p1|6\n|teamsize|p2|6\n|start\n|switch|p1a: Cetitan|Cetitan, L82, M|412/412\n|switch|p2a: Torterra|Torterra, L78, F|100/100\n|turn|1\n|inactive|Battle timer is ON: inactive players will automatically lose when time's up. (requested by p0y25549d73)\n|inactive|Time left: 300 sec this turn | 300 sec total | 60 sec grace\n|inactive|p0x255482dd also wants the timer to be on.\n|\n|t:|1783568598\n|-terastallize|p2a: Torterra|Water\n|move|p1a: Cetitan|Ice Spinner|p2a: Torterra\n|-resisted|p2a: Torterra\n|-damage|p2a: Torterra|85/100\n|move|p2a: Torterra|Shell Smash|p2a: Torterra\n|-unboost|p2a: Torterra|def|1\n|-unboost|p2a: Torterra|spd|1\n|-boost|p2a: Torterra|atk|2\n|-boost|p2a: Torterra|spa|2\n|-boost|p2a: Torterra|spe|2\n|\n|upkeep\n|turn|2\n|inactive|Time left: 300 sec this turn | 300 sec total\n|\n|t:|1783568599\n|switch|p1a: Tsareena|Tsareena, L87, F|267/267\n|move|p2a: Torterra|Rock Blast|p1a: Tsareena\n|-damage|p1a: Tsareena|235/267\n|-damage|p1a: Tsareena|206/267\n|-damage|p1a: Tsareena|176/267\n|-damage|p1a: Tsareena|143/267\n|-hitcount|p1a: Tsareena|4\n|\n|upkeep\n|turn|3\n|inactive|Time left: 300 sec this turn | 300 sec total\n|\n|t:|1783568600\n|move|p2a: Torterra|Headlong Rush|p1a: Tsareena\n|-resisted|p1a: Tsareena\n|-damage|p1a: Tsareena|38/267\n|-unboost|p2a: Torterra|def|1\n|-unboost|p2a: Torterra|spd|1\n|move|p1a: Tsareena|Power Whip|p2a: Torterra|[miss]\n|-miss|p1a: Tsareena|p2a: Torterra\n|\n|upkeep\n|turn|4\n|inactive|Time left: 300 sec this turn | 300 sec total\n|\n|t:|1783568601\n|move|p2a: Torterra|Bullet Seed|p1a: Tsareena\n|-resisted|p1a: Tsareena\n|-crit|p1a: Tsareena\n|-damage|p1a: Tsareena|2/267\n|-resisted|p1a: Tsareena\n|-damage|p1a: Tsareena|0 fnt\n|faint|p1a: Tsareena\n|-hitcount|p1: Tsareena|2\n|\n|upkeep\n|inactive|Time left: 300 sec this turn | 300 sec total | 5 sec grace\n|\n|t:|1783568602\n|switch|p1a: Raichu|Raichu, L88, F|249/249\n|turn|5\n|inactive|Time left: 300 sec this turn | 300 sec total\n|\n|t:|1783568603\n|-terastallize|p1a: Raichu|Grass\n|move|p2a: Torterra|Headlong Rush|p1a: Raichu\n|-resisted|p1a: Raichu\n|-damage|p1a: Raichu|85/249\n|-unboost|p2a: Torterra|def|1\n|-unboost|p2a: Torterra|spd|1\n|move|p1a: Raichu|Thunderbolt|p2a: Torterra\n|-supereffective|p2a: Torterra\n|-damage|p2a: Torterra|0 fnt\n|faint|p2a: Torterra\n|\n|upkeep\n|\n|t:|1783568604\n|switch|p2a: Zacian|Zacian-Crowned, L64|100/100\n|-ability|p2a: Zacian|Intrepid Sword|boost\n|-boost|p2a: Zacian|atk|1\n|turn|6\n|inactive|Time left: 300 sec this turn | 300 sec total\n|\n|t:|1783568605\n|move|p1a: Raichu|Nuzzle|p2a: Zacian\n|-damage|p2a: Zacian|89/100\n|-status|p2a: Zacian|par\n|cant|p2a: Zacian|par\n|\n|upkeep\n|turn|7\n|inactive|Time left: 300 sec this turn | 300 sec total\n|\n|t:|1783568607\n|move|p1a: Raichu|Thunderbolt|p2a: Zacian\n|-damage|p2a: Zacian|40/100 par\n|move|p2a: Zacian|Play Rough|p1a: Raichu\n|-crit|p1a: Raichu\n|-damage|p1a: Raichu|0 fnt\n|faint|p1a: Raichu\n|\n|upkeep\n|inactive|Time left: 300 sec this turn | 300 sec total | 5 sec grace\n|\n|t:|1783568608\n|switch|p1a: Hitmonchan|Hitmonchan, L87, M|229/229\n|turn|8\n|inactive|Time left: 300 sec this turn | 300 sec total\n|\n|t:|1783568609\n|move|p1a: Hitmonchan|Drain Punch|p2a: Zacian\n|-damage|p2a: Zacian|0 fnt\n|faint|p2a: Zacian\n|\n|upkeep\n|\n|t:|1783568610\n|switch|p2a: Salazzle|Salazzle, L83, F|100/100\n|turn|9\n|inactive|Time left: 300 sec this turn | 300 sec total\n|\n|t:|1783568611\n|move|p2a: Salazzle|Nasty Plot|p2a: Salazzle\n|-boost|p2a: Salazzle|spa|2\n|move|p1a: Hitmonchan|Knock Off|p2a: Salazzle\n|-damage|p2a: Salazzle|58/100\n|-enditem|p2a: Salazzle|Heavy-Duty Boots|[from] move: Knock Off|[of] p1a: Hitmonchan\n|\n|upkeep\n|turn|10\n|inactive|Time left: 300 sec this turn | 300 sec total\n|\n|t:|1783568612\n|move|p2a: Salazzle|Fire Blast|p1a: Hitmonchan\n|-damage|p1a: Hitmonchan|16/229\n|-status|p1a: Hitmonchan|brn\n|move|p1a: Hitmonchan|Drain Punch|p2a: Salazzle\n|-resisted|p2a: Salazzle\n|-damage|p2a: Salazzle|45/100\n|-heal|p1a: Hitmonchan|33/229 brn|[from] drain|[of] p2a: Salazzle\n|\n|-heal|p1a: Hitmonchan|47/229 brn|[from] item: Leftovers\n|-damage|p1a: Hitmonchan|33/229 brn|[from] brn\n|upkeep\n|turn|11\n|inactive|Time left: 300 sec this turn | 300 sec total\n|\n|t:|1783568613\n|move|p2a: Salazzle|Nasty Plot|p2a: Salazzle\n|-boost|p2a: Salazzle|spa|2\n|move|p1a: Hitmonchan|Poison Jab|p2a: Salazzle\n|-resisted|p2a: Salazzle\n|-damage|p2a: Salazzle|37/100\n|\n|-heal|p1a: Hitmonchan|47/229 brn|[from] item: Leftovers\n|-damage|p1a: Hitmonchan|33/229 brn|[from] brn\n|upkeep\n|turn|12\n|inactive|Time left: 300 sec this turn | 300 sec total\n|\n|t:|1783568614\n|move|p2a: Salazzle|Sludge Wave|p1a: Hitmonchan\n|-damage|p1a: Hitmonchan|0 fnt\n|faint|p1a: Hitmonchan\n|\n|upkeep\n|inactive|Time left: 300 sec this turn | 300 sec total | 5 sec grace\n|\n|t:|1783568615\n|switch|p1a: Palafin|Palafin, L77, F|281/281\n|turn|13\n|inactive|Time left: 300 sec this turn | 300 sec total\n|\n|t:|1783568616\n|move|p1a: Palafin|Jet Punch|p2a: Salazzle\n|-supereffective|p2a: Salazzle\n|-damage|p2a: Salazzle|0 fnt\n|faint|p2a: Salazzle\n|\n|upkeep\n|\n|t:|1783568616\n|switch|p2a: Gumshoos|Gumshoos, L95, F|100/100\n|turn|14\n|inactive|Time left: 300 sec this turn | 300 sec total\n|\n|t:|1783568617\n|move|p1a: Palafin|Bulk Up|p1a: Palafin\n|-boost|p1a: Palafin|atk|1\n|-boost|p1a: Palafin|def|1\n|move|p2a: Gumshoos|Double-Edge|p1a: Palafin\n|-damage|p1a: Palafin|0 fnt\n|faint|p1a: Palafin\n|-damage|p2a: Gumshoos|72/100|[from] Recoil\n|\n|upkeep\n|inactive|Time left: 300 sec this turn | 300 sec total | 5 sec grace\n|\n|t:|1783568618\n|switch|p1a: Pikachu|Pikachu-Unova, L93, F|216/216\n|turn|15\n|inactive|Time left: 300 sec this turn | 300 sec total\n|\n|t:|1783568619\n|move|p1a: Pikachu|Volt Tackle|p2a: Gumshoos\n|-damage|p2a: Gumshoos|0 fnt\n|faint|p2a: Gumshoos\n|-damage|p1a: Pikachu|141/216|[from] Recoil\n|\n|upkeep\n|\n|t:|1783568620\n|switch|p2a: Pawmot|Pawmot, L80, M|100/100\n|turn|16\n|inactive|Time left: 300 sec this turn | 300 sec total\n|\n|t:|1783568621\n|move|p1a: Pikachu|Play Rough|p2a: Pawmot\n|-supereffective|p2a: Pawmot\n|-damage|p2a: Pawmot|0 fnt\n|faint|p2a: Pawmot\n|\n|upkeep\n|\n|t:|1783568622\n|switch|p2a: Ludicolo|Ludicolo, L90, M|100/100\n|turn|17\n|inactive|Time left: 300 sec this turn | 300 sec total\n|\n|t:|1783568623\n|move|p1a: Pikachu|Volt Tackle|p2a: Ludicolo\n|-damage|p2a: Ludicolo|16/100\n|-status|p2a: Ludicolo|par\n|-damage|p1a: Pikachu|60/216|[from] Recoil\n|move|p2a: Ludicolo|Rain Dance|p2a: Ludicolo\n|-weather|RainDance\n|\n|-weather|RainDance|[upkeep]\n|upkeep\n|turn|18\n|inactive|Time left: 300 sec this turn | 300 sec total\n|\n|t:|1783568624\n|move|p1a: Pikachu|Volt Tackle|p2a: Ludicolo\n|-damage|p2a: Ludicolo|0 fnt\n|faint|p2a: Ludicolo\n|-damage|p1a: Pikachu|45/216|[from] Recoil\n|\n|win|p0x255482dd", "uploadtime": 1783568624, "views": 0, "rating": 0, "private": 0, "password": null, "_winner": "p0x255482dd", "_our_name": "p0x255482dd"}