{"id": "battle-gen9randombattle-1428", "formatid": "gen9randombattle", "format": "[Gen 9] Random Battle", "players": ["p0x14283867", "p0y1428dc7f"], "log": "|init|battle\n|title|p0x14283867 vs. p0y1428dc7f\n|j|\u2606p0x14283867\n|j|\u2606p0y1428dc7f\n|t:|1783556623\n|gametype|singles\n|player|p1|p0x14283867|169|\n|player|p2|p0y1428dc7f|102|\n|gen|9\n|tier|[Gen 9] Random Battle\n|rule|Species Clause: Limit one of each Pok\u00e9mon\n|rule|HP Percentage Mod: HP is shown in percentages\n|rule|Sleep Clause Mod: Limit one foe put to sleep\n|rule|Illusion Level Mod: Illusion disguises the Pok\u00e9mon's true level\n|\n|t:|1783556623\n|teamsize|p1|6\n|teamsize|p2|6\n|start\n|switch|p1a: Lumineon|Lumineon, L93, M|279/279\n|switch|p2a: Glimmora|Glimmora, L75, F|100/100\n|turn|1\n|inactive|Battle timer is ON: inactive players will automatically lose when time's up. (requested by p0y1428dc7f)\n|inactive|Time left: 300 sec this turn | 300 sec total | 60 sec grace\n|inactive|p0x14283867 also wants the timer to be on.\n|\n|t:|1783556626\n|move|p1a: Lumineon|Hydro Pump|p2a: Glimmora\n|-supereffective|p2a: Glimmora\n|-enditem|p2a: Glimmora|Focus Sash\n|-damage|p2a: Glimmora|1/100\n|-damage|p1a: Lumineon|252/279|[from] item: Life Orb\n|move|p2a: Glimmora|Power Gem|p1a: Lumineon\n|-damage|p1a: Lumineon|173/279\n|\n|upkeep\n|turn|2\n|inactive|Time left: 300 sec this turn | 300 sec total\n|\n|t:|1783556627\n|move|p1a: Lumineon|Alluring Voice|p2a: Glimmora\n|-resisted|p2a: Glimmora\n|-damage|p2a: Glimmora|0 fnt\n|faint|p2a: Glimmora\n|-damage|p1a: Lumineon|146/279|[from] item: Life Orb\n|\n|upkeep\n|\n|t:|1783556628\n|switch|p2a: Emboar|Emboar, L84, M|100/100\n|turn|3\n|inactive|Time left: 300 sec this turn | 300 sec total\n|\n|t:|1783556629\n|move|p2a: Emboar|Close Combat|p1a: Lumineon\n|-damage|p1a: Lumineon|0 fnt\n|-unboost|p2a: Emboar|def|1\n|-unboost|p2a: Emboar|spd|1\n|faint|p1a: Lumineon\n|\n|upkeep\n|inactive|Time left: 300 sec this turn | 300 sec total | 5 sec grace\n|\n|t:|1783556630\n|switch|p1a: Bellossom|Bellossom, L84, F|263/263\n|turn|4\n|inactive|Time left: 300 sec this turn | 300 sec total\n|\n|t:|1783556632\n|move|p2a: Emboar|Close Combat|p1a: Bellossom\n|-damage|p1a: Bellossom|131/263\n|-unboost|p2a: Emboar|def|1\n|-unboost|p2a: Emboar|spd|1\n|move|p1a: Bellossom|Quiver Dance|p1a: Bellossom\n|-boost|p1a: Bellossom|spa|1\n|-boost|p1a: Bellossom|spd|1\n|-boost|p1a: Bellossom|spe|1\n|\n|-heal|p1a: Bellossom|147/263|[from] item: Leftovers\n|upkeep\n|turn|5\n|inactive|Time left: 300 sec this turn | 300 sec total\n|\n|t:|1783556633\n|-terastallize|p1a: Bellossom|Fairy\n|move|p2a: Emboar|Close Combat|p1a: Bellossom\n|-resisted|p1a: Bellossom\n|-damage|p1a: Bellossom|72/263\n|-unboost|p2a: Emboar|def|1\n|-unboost|p2a: Emboar|spd|1\n|move|p1a: Bellossom|Quiver Dance|p1a: Bellossom\n|-boost|p1a: Bellossom|spa|1\n|-boost|p1a: Bellossom|spd|1\n|-boost|p1a: Bellossom|spe|1\n|\n|-heal|p1a: Bellossom|88/263|[from] item: Leftovers\n|upkeep\n|turn|6\n|inactive|Time left: 300 sec this turn | 300 sec total\n|\n|t:|1783556634\n|switch|p2a: Ogerpon|Ogerpon-Hearthflame, L74, F|100/100\n|-ability|p2a: Ogerpon|Mold Breaker\n|move|p1a: Bellossom|Moonblast|p2a: Ogerpon\n|-resisted|p2a: Ogerpon\n|-damage|p2a: Ogerpon|56/100\n|-unboost|p2a: Ogerpon|spa|1\n|\n|-heal|p1a: Bellossom|104/263|[from] item: Leftovers\n|upkeep\n|turn|7\n|inactive|Time left: 300 sec this turn | 300 sec total\n|\n|t:|1783556635\n|move|p1a: Bellossom|Strength Sap|p2a: Ogerpon\n|-unboost|p2a: Ogerpon|atk|1\n|-heal|p1a: Bellossom|263/263\n|move|p2a: Ogerpon|Swords Dance|p2a: Ogerpon\n|-boost|p2a: Ogerpon|atk|2\n|\n|upkeep\n|turn|8\n|inactive|Time left: 300 sec this turn | 300 sec total\n|\n|t:|1783556636\n|-terastallize|p2a: Ogerpon|Fire\n|detailschange|p2a: Ogerpon|Ogerpon-Hearthflame-Tera, L74, F, tera:Fire\n|-ability|p2a: Ogerpon|Embody Aspect (Hearthflame)|boost\n|-boost|p2a: Ogerpon|atk|1\n|move|p1a: Bellossom|Moonblast|p2a: Ogerpon\n|-resisted|p2a: Ogerpon\n|-damage|p2a: Ogerpon|18/100\n|move|p2a: Ogerpon|Ivy Cudgel|p1a: Bellossom|[anim] Ivy Cudgel Fire\n|-damage|p1a: Bellossom|0 fnt\n|faint|p1a: Bellossom\n|\n|upkeep\n|inactive|Time left: 300 sec this turn | 300 sec total | 5 sec grace\n|\n|t:|1783556637\n|switch|p1a: Kilowattrel|Kilowattrel, L83, F|252/252\n|turn|9\n|inactive|Time left: 300 sec this turn | 300 sec total\n|\n|t:|1783556638\n|move|p1a: Kilowattrel|Discharge|p2a: Ogerpon\n|-damage|p2a: Ogerpon|0 fnt\n|faint|p2a: Ogerpon\n|detailschange|p2: Ogerpon|Ogerpon-Hearthflame, L74, F|[silent]\n|\n|upkeep\n|\n|t:|1783556639\n|switch|p2a: Sandslash|Sandslash, L89, F|100/100\n|turn|10\n|inactive|Time left: 300 sec this turn | 300 sec total\n|\n|t:|1783556640\n|move|p1a: Kilowattrel|Hurricane|p2a: Sandslash\n|-damage|p2a: Sandslash|44/100\n|move|p2a: Sandslash|Knock Off|p1a: Kilowattrel\n|-damage|p1a: Kilowattrel|141/252\n|-enditem|p1a: Kilowattrel|Heavy-Duty Boots|[from] move: Knock Off|[of] p2a: Sandslash\n|\n|-heal|p2a: Sandslash|50/100|[from] item: Leftovers\n|upkeep\n|turn|11\n|inactive|Time left: 300 sec this turn | 300 sec total\n|\n|t:|1783556641\n|switch|p2a: Shiftry|Shiftry, L89, F|100/100\n|move|p1a: Kilowattrel|Hurricane|p2a: Shiftry\n|-ability|p2a: Shiftry|Wind Rider|boost\n|-boost|p2a: Shiftry|atk|1\n|\n|upkeep\n|turn|12\n|inactive|Time left: 300 sec this turn | 300 sec total\n|\n|t:|1783556642\n|move|p1a: Kilowattrel|U-turn|p2a: Shiftry\n|-supereffective|p2a: Shiftry\n|-damage|p2a: Shiftry|36/100\n|inactive|Time left: 300 sec this turn | 300 sec total | 5 sec grace\n|\n|t:|1783556643\n|switch|p1a: Zarude|Zarude, L77|288/288|[from] U-turn\n|move|p2a: Shiftry|Knock Off|p1a: Zarude\n|-resisted|p1a: Zarude\n|-damage|p1a: Zarude|183/288\n|-enditem|p1a: Zarude|Choice Band|[from] move: Knock Off|[of] p2a: Shiftry\n|-damage|p2a: Shiftry|26/100|[from] item: Life Orb\n|\n|upkeep\n|turn|13\n|inactive|Time left: 300 sec this turn | 300 sec total\n|\n|t:|1783556644\n|switch|p2a: Emboar|Emboar, L84, M|100/100\n|move|p1a: Zarude|U-turn|p2a: Emboar\n|-resisted|p2a: Emboar\n|-damage|p2a: Emboar|96/100\n|inactive|Time left: 300 sec this turn | 300 sec total | 5 sec grace\n|\n|t:|1783556646\n|switch|p1a: Kilowattrel|Kilowattrel, L83, F|141/252|[from] U-turn\n|\n|upkeep\n|turn|14\n|inactive|Time left: 300 sec this turn | 300 sec total\n|\n|t:|1783556647\n|move|p1a: Kilowattrel|Hurricane|p2a: Emboar\n|-supereffective|p2a: Emboar\n|-damage|p2a: Emboar|2/100\n|move|p2a: Emboar|Flare Blitz|p1a: Kilowattrel\n|-damage|p1a: Kilowattrel|0 fnt\n|faint|p1a: Kilowattrel\n|-damage|p2a: Emboar|0 fnt|[from] Recoil\n|faint|p2a: Emboar\n|\n|upkeep\n|inactive|Time left: 300 sec this turn | 300 sec total | 5 sec grace\n|\n|t:|1783556648\n|switch|p1a: Zarude|Zarude, L77|183/288\n|switch|p2a: Shiftry|Shiftry, L89, F|26/100\n|turn|15\n|inactive|Time left: 300 sec this turn | 300 sec total\n|\n|t:|1783556649\n|move|p2a: Shiftry|Sucker Punch|p1a: Zarude\n|-resisted|p1a: Zarude\n|-damage|p1a: Zarude|132/288\n|-damage|p2a: Shiftry|17/100|[from] item: Life Orb\n|move|p1a: Zarude|Knock Off|p2a: Shiftry\n|-resisted|p2a: Shiftry\n|-damage|p2a: Shiftry|0 fnt\n|-enditem|p2a: Shiftry|Life Orb|[from] move: Knock Off|[of] p1a: Zarude\n|faint|p2a: Shiftry\n|\n|upkeep\n|\n|t:|1783556650\n|switch|p2a: Crawdaunt|Crawdaunt, L84, M|100/100\n|turn|16\n|inactive|Time left: 300 sec this turn | 300 sec total\n|\n|t:|1783556651\n|move|p1a: Zarude|Power Whip|p2a: Crawdaunt\n|-supereffective|p2a: Crawdaunt\n|-damage|p2a: Crawdaunt|0 fnt\n|faint|p2a: Crawdaunt\n|\n|upkeep\n|\n|t:|1783556651\n|switch|p2a: Sandslash|Sandslash, L89, F|50/100\n|turn|17\n|inactive|Time left: 300 sec this turn | 300 sec total\n|\n|t:|1783556652\n|move|p1a: Zarude|Power Whip|p2a: Sandslash|[miss]\n|-miss|p1a: Zarude|p2a: Sandslash\n|move|p2a: Sandslash|Rapid Spin|p1a: Zarude\n|-damage|p1a: Zarude|89/288\n|-boost|p2a: Sandslash|spe|1\n|\n|-heal|p2a: Sandslash|57/100|[from] item: Leftovers\n|upkeep\n|turn|18\n|inactive|Time left: 300 sec this turn | 300 sec total\n|\n|t:|1783556653\n|move|p2a: Sandslash|Earthquake|p1a: Zarude\n|-resisted|p1a: Zarude\n|-damage|p1a: Zarude|28/288\n|move|p1a: Zarude|Power Whip|p2a: Sandslash|[miss]\n|-miss|p1a: Zarude|p2a: Sandslash\n|\n|-heal|p2a: Sandslash|63/100|[from] item: Leftovers\n|upkeep\n|turn|19\n|inactive|Time left: 300 sec this turn | 300 sec total\n|\n|t:|1783556654\n|move|p2a: Sandslash|Rapid Spin|p1a: Zarude\n|-damage|p1a: Zarude|0 fnt\n|-boost|p2a: Sandslash|spe|1\n|faint|p1a: Zarude\n|\n|-heal|p2a: Sandslash|69/100|[from] item: Leftovers\n|upkeep\n|inactive|Time left: 300 sec this turn | 300 sec total | 5 sec grace\n|\n|t:|1783556655\n|switch|p1a: Sandslash|Sandslash-Alola, L88, M|275/275\n|turn|20\n|inactive|Time left: 300 sec this turn | 300 sec total\n|\n|t:|1783556656\n|move|p2a: Sandslash|Earthquake|p1a: Sandslash\n|-supereffective|p1a: Sandslash\n|-damage|p1a: Sandslash|83/275\n|move|p1a: Sandslash|Triple Axel|p2a: Sandslash\n|-supereffective|p2a: Sandslash\n|-damage|p2a: Sandslash|55/100\n|-supereffective|p2a: Sandslash\n|-damage|p2a: Sandslash|29/100\n|-supereffective|p2a: Sandslash\n|-damage|p2a: Sandslash|0 fnt\n|faint|p2a: Sandslash\n|-hitcount|p2: Sandslash|3\n|\n|win|p0x14283867", "uploadtime": 1783556656, "views": 0, "rating": 0, "private": 0, "password": null, "_winner": "p0x14283867", "_our_name": "p0x14283867"}