{"id": "battle-gen9randombattle-1219", "formatid": "gen9randombattle", "format": "[Gen 9] Random Battle", "players": ["p0x12194d03", "p0y12197b4c"], "log": "|init|battle\n|title|p0x12194d03 vs. p0y12197b4c\n|j|\u2606p0x12194d03\n|j|\u2606p0y12197b4c\n|t:|1783553235\n|gametype|singles\n|player|p1|p0x12194d03|169|\n|player|p2|p0y12197b4c|170|\n|gen|9\n|tier|[Gen 9] Random Battle\n|rule|Species Clause: Limit one of each Pok\u00e9mon\n|rule|HP Percentage Mod: HP is shown in percentages\n|rule|Sleep Clause Mod: Limit one foe put to sleep\n|rule|Illusion Level Mod: Illusion disguises the Pok\u00e9mon's true level\n|\n|t:|1783553235\n|teamsize|p1|6\n|teamsize|p2|6\n|start\n|switch|p1a: Ditto|Ditto, L87|100/100\n|switch|p2a: Ludicolo|Ludicolo, L90, F|290/290\n|-transform|p1a: Ditto|p2a: Ludicolo|[from] ability: Imposter\n|turn|1\n|inactive|Battle timer is ON: inactive players will automatically lose when time's up. (requested by p0y12197b4c)\n|inactive|p0x12194d03 also wants the timer to be on.\n|\n|t:|1783553236\n|switch|p1a: Goodra|Goodra-Hisui, L82, F|100/100\n|move|p2a: Ludicolo|Giga Drain|p1a: Goodra\n|-ability|p1a: Goodra|Sap Sipper|boost\n|-boost|p1a: Goodra|atk|1\n|\n|upkeep\n|turn|2\n|inactive|Time left: 300 sec this turn | 300 sec total\n|\n|t:|1783553237\n|switch|p2a: Oinkologne|Oinkologne-F, L92, F|361/361\n|move|p1a: Goodra|Heavy Slam|p2a: Oinkologne\n|-damage|p2a: Oinkologne|267/361\n|\n|-heal|p2a: Oinkologne|289/361|[from] item: Leftovers\n|upkeep\n|turn|3\n|inactive|Time left: 300 sec this turn | 300 sec total\n|\n|t:|1783553238\n|move|p2a: Oinkologne|High Horsepower|p1a: Goodra\n|-supereffective|p1a: Goodra\n|-damage|p1a: Goodra|45/100\n|move|p1a: Goodra|Heavy Slam|p2a: Oinkologne\n|-damage|p2a: Oinkologne|187/361\n|\n|-heal|p2a: Oinkologne|209/361|[from] item: Leftovers\n|upkeep\n|turn|4\n|inactive|Time left: 300 sec this turn | 300 sec total\n|\n|t:|1783553239\n|switch|p1a: Falinks|Falinks, L84|100/100\n|move|p2a: Oinkologne|High Horsepower|p1a: Falinks\n|-damage|p1a: Falinks|71/100\n|\n|-heal|p2a: Oinkologne|231/361|[from] item: Leftovers\n|upkeep\n|turn|5\n|inactive|Time left: 300 sec this turn | 300 sec total\n|\n|t:|1783553241\n|move|p1a: Falinks|No Retreat|p1a: Falinks\n|-boost|p1a: Falinks|atk|1\n|-boost|p1a: Falinks|def|1\n|-boost|p1a: Falinks|spa|1\n|-boost|p1a: Falinks|spd|1\n|-boost|p1a: Falinks|spe|1\n|-start|p1a: Falinks|move: No Retreat\n|move|p2a: Oinkologne|Double-Edge|p1a: Falinks\n|-damage|p1a: Falinks|38/100\n|-damage|p2a: Oinkologne|204/361|[from] Recoil\n|\n|-heal|p2a: Oinkologne|226/361|[from] item: Leftovers\n|upkeep\n|turn|6\n|inactive|Time left: 300 sec this turn | 300 sec total\n|\n|t:|1783553242\n|move|p1a: Falinks|Close Combat|p2a: Oinkologne\n|-supereffective|p2a: Oinkologne\n|-damage|p2a: Oinkologne|0 fnt\n|-unboost|p1a: Falinks|def|1\n|-unboost|p1a: Falinks|spd|1\n|faint|p2a: Oinkologne\n|-damage|p1a: Falinks|29/100|[from] item: Life Orb\n|\n|upkeep\n|inactive|Time left: 300 sec this turn | 300 sec total | 5 sec grace\n|\n|t:|1783553243\n|switch|p2a: Suicune|Suicune, L82|298/298\n|-ability|p2a: Suicune|Pressure\n|turn|7\n|inactive|Time left: 300 sec this turn | 300 sec total\n|\n|t:|1783553244\n|move|p1a: Falinks|Close Combat|p2a: Suicune\n|-damage|p2a: Suicune|106/298\n|-unboost|p1a: Falinks|def|1\n|-unboost|p1a: Falinks|spd|1\n|-damage|p1a: Falinks|19/100|[from] item: Life Orb\n|move|p2a: Suicune|Scald|p1a: Falinks\n|-damage|p1a: Falinks|0 fnt\n|faint|p1a: Falinks\n|\n|-heal|p2a: Suicune|124/298|[from] item: Leftovers\n|upkeep\n|\n|t:|1783553245\n|switch|p1a: Overqwil|Overqwil, L82, M|100/100\n|-ability|p1a: Overqwil|Intimidate|boost\n|-unboost|p2a: Suicune|atk|1\n|turn|8\n|inactive|Time left: 300 sec this turn | 300 sec total\n|\n|t:|1783553246\n|move|p1a: Overqwil|Gunk Shot|p2a: Suicune\n|-damage|p2a: Suicune|0 fnt\n|faint|p2a: Suicune\n|-damage|p1a: Overqwil|91/100|[from] item: Life Orb\n|\n|upkeep\n|inactive|Time left: 300 sec this turn | 300 sec total | 5 sec grace\n|\n|t:|1783553247\n|switch|p2a: Volcarona|Volcarona, L77, M|257/257\n|turn|9\n|inactive|Time left: 300 sec this turn | 300 sec total\n|\n|t:|1783553248\n|move|p2a: Volcarona|Fire Blast|p1a: Overqwil\n|-damage|p1a: Overqwil|33/100\n|move|p1a: Overqwil|Gunk Shot|p2a: Volcarona|[miss]\n|-miss|p1a: Overqwil|p2a: Volcarona\n|\n|upkeep\n|turn|10\n|inactive|Time left: 300 sec this turn | 300 sec total\n|\n|t:|1783553249\n|move|p2a: Volcarona|Bug Buzz|p1a: Overqwil\n|-crit|p1a: Overqwil\n|-damage|p1a: Overqwil|0 fnt\n|faint|p1a: Overqwil\n|\n|upkeep\n|\n|t:|1783553251\n|switch|p1a: Volcarona|Volcarona, L77, M|100/100\n|turn|11\n|inactive|Time left: 300 sec this turn | 300 sec total\n|\n|t:|1783553251\n|move|p2a: Volcarona|Quiver Dance|p2a: Volcarona\n|-boost|p2a: Volcarona|spa|1\n|-boost|p2a: Volcarona|spd|1\n|-boost|p2a: Volcarona|spe|1\n|move|p1a: Volcarona|Quiver Dance|p1a: Volcarona\n|-boost|p1a: Volcarona|spa|1\n|-boost|p1a: Volcarona|spd|1\n|-boost|p1a: Volcarona|spe|1\n|\n|upkeep\n|turn|12\n|inactive|Time left: 300 sec this turn | 300 sec total\n|\n|t:|1783553252\n|move|p2a: Volcarona|Quiver Dance|p2a: Volcarona\n|-boost|p2a: Volcarona|spa|1\n|-boost|p2a: Volcarona|spd|1\n|-boost|p2a: Volcarona|spe|1\n|move|p1a: Volcarona|Quiver Dance|p1a: Volcarona\n|-boost|p1a: Volcarona|spa|1\n|-boost|p1a: Volcarona|spd|1\n|-boost|p1a: Volcarona|spe|1\n|\n|upkeep\n|turn|13\n|inactive|Time left: 300 sec this turn | 300 sec total\n|\n|t:|1783553254\n|move|p2a: Volcarona|Quiver Dance|p2a: Volcarona\n|-boost|p2a: Volcarona|spa|1\n|-boost|p2a: Volcarona|spd|1\n|-boost|p2a: Volcarona|spe|1\n|move|p1a: Volcarona|Fire Blast|p2a: Volcarona\n|-damage|p2a: Volcarona|163/257\n|\n|upkeep\n|turn|14\n|inactive|Time left: 300 sec this turn | 300 sec total\n|\n|t:|1783553255\n|move|p2a: Volcarona|Fire Blast|p1a: Volcarona\n|-damage|p1a: Volcarona|42/100\n|move|p1a: Volcarona|Fire Blast|p2a: Volcarona\n|-damage|p2a: Volcarona|63/257\n|\n|upkeep\n|turn|15\n|inactive|Time left: 300 sec this turn | 300 sec total\n|\n|t:|1783553256\n|move|p2a: Volcarona|Fire Blast|p1a: Volcarona|[miss]\n|-miss|p2a: Volcarona|p1a: Volcarona\n|move|p1a: Volcarona|Fire Blast|p2a: Volcarona\n|-damage|p2a: Volcarona|0 fnt\n|faint|p2a: Volcarona\n|\n|upkeep\n|inactive|Time left: 300 sec this turn | 300 sec total | 5 sec grace\n|\n|t:|1783553257\n|switch|p2a: Ogerpon|Ogerpon-Cornerstone, L76, F|247/247\n|turn|16\n|inactive|Time left: 300 sec this turn | 300 sec total\n|\n|t:|1783553258\n|move|p1a: Volcarona|Bug Buzz|p2a: Ogerpon\n|-supereffective|p2a: Ogerpon\n|-crit|p2a: Ogerpon\n|-ability|p2a: Ogerpon|Sturdy\n|-damage|p2a: Ogerpon|1/247\n|move|p2a: Ogerpon|Ivy Cudgel|p1a: Volcarona|[anim] Ivy Cudgel Rock\n|-supereffective|p1a: Volcarona\n|-crit|p1a: Volcarona\n|-damage|p1a: Volcarona|0 fnt\n|faint|p1a: Volcarona\n|\n|upkeep\n|\n|t:|1783553259\n|switch|p1a: Cacturne|Cacturne, L92, M|100/100\n|turn|17\n|inactive|Time left: 300 sec this turn | 300 sec total\n|\n|t:|1783553260\n|move|p1a: Cacturne|Sucker Punch|p2a: Ogerpon\n|-damage|p2a: Ogerpon|0 fnt\n|faint|p2a: Ogerpon\n|-damage|p1a: Cacturne|91/100|[from] item: Life Orb\n|\n|upkeep\n|inactive|Time left: 300 sec this turn | 300 sec total | 5 sec grace\n|\n|t:|1783553261\n|switch|p2a: Gardevoir|Gardevoir, L83, F|249/249\n|-ability|p2a: Gardevoir|Water Absorb|Trace|[from] ability: Trace|[of] p1a: Cacturne\n|turn|18\n|inactive|Time left: 300 sec this turn | 300 sec total\n|\n|t:|1783553261\n|-terastallize|p1a: Cacturne|Poison\n|move|p2a: Gardevoir|Moonblast|p1a: Cacturne\n|-resisted|p1a: Cacturne\n|-damage|p1a: Cacturne|55/100\n|-damage|p2a: Gardevoir|225/249|[from] item: Life Orb\n|move|p1a: Cacturne|Knock Off|p2a: Gardevoir\n|-damage|p2a: Gardevoir|0 fnt\n|-enditem|p2a: Gardevoir|Life Orb|[from] move: Knock Off|[of] p1a: Cacturne\n|faint|p2a: Gardevoir\n|-damage|p1a: Cacturne|45/100|[from] item: Life Orb\n|\n|upkeep\n|inactive|Time left: 300 sec this turn | 300 sec total | 5 sec grace\n|\n|t:|1783553262\n|switch|p2a: Ludicolo|Ludicolo, L90, F|290/290\n|turn|19\n|inactive|Time left: 300 sec this turn | 300 sec total\n|\n|t:|1783553263\n|move|p1a: Cacturne|Sucker Punch|p2a: Ludicolo\n|-crit|p2a: Ludicolo\n|-damage|p2a: Ludicolo|70/290\n|-damage|p1a: Cacturne|35/100|[from] item: Life Orb\n|move|p2a: Ludicolo|Ice Beam|p1a: Cacturne\n|-damage|p1a: Cacturne|0 fnt\n|faint|p1a: Cacturne\n|-damage|p2a: Ludicolo|41/290|[from] item: Life Orb\n|\n|upkeep\n|\n|t:|1783553264\n|switch|p1a: Goodra|Goodra-Hisui, L82, F|45/100\n|turn|20\n|inactive|Time left: 300 sec this turn | 300 sec total\n|\n|t:|1783553265\n|move|p2a: Ludicolo|Ice Beam|p1a: Goodra\n|-crit|p1a: Goodra\n|-damage|p1a: Goodra|22/100\n|-damage|p2a: Ludicolo|12/290|[from] item: Life Orb\n|move|p1a: Goodra|Earthquake|p2a: Ludicolo\n|-resisted|p2a: Ludicolo\n|-damage|p2a: Ludicolo|0 fnt\n|faint|p2a: Ludicolo\n|\n|win|p0x12194d03", "uploadtime": 1783553265, "views": 0, "rating": 0, "private": 0, "password": null, "_winner": "p0x12194d03", "_our_name": "p0y12197b4c"}