{"id": "battle-gen9randombattle-2349", "formatid": "gen9randombattle", "format": "[Gen 9] Random Battle", "players": ["p0x23497c8a", "p0y2349408d"], "log": "|init|battle\n|title|p0x23497c8a vs. p0y2349408d\n|j|\u2606p0x23497c8a\n|j|\u2606p0y2349408d\n|t:|1783566259\n|gametype|singles\n|player|p1|p0x23497c8a|266|\n|player|p2|p0y2349408d|266|\n|gen|9\n|tier|[Gen 9] Random Battle\n|rule|Species Clause: Limit one of each Pok\u00e9mon\n|rule|HP Percentage Mod: HP is shown in percentages\n|rule|Sleep Clause Mod: Limit one foe put to sleep\n|rule|Illusion Level Mod: Illusion disguises the Pok\u00e9mon's true level\n|\n|t:|1783566259\n|teamsize|p1|6\n|teamsize|p2|6\n|start\n|switch|p1a: Furret|Furret, L94, F|312/312\n|switch|p2a: Persian|Persian-Alola, L86, M|100/100\n|-item|p2a: Persian|Heavy-Duty Boots|[from] ability: Frisk|[of] p1a: Furret\n|turn|1\n|inactive|Battle timer is ON: inactive players will automatically lose when time's up. (requested by p0x23497c8a)\n|\n|t:|1783566260\n|move|p2a: Persian|Parting Shot|p1a: Furret\n|-unboost|p1a: Furret|atk|1\n|-unboost|p1a: Furret|spa|1\n|inactive|p0y2349408d also wants the timer to be on.\n|\n|t:|1783566261\n|switch|p2a: Amoonguss|Amoonguss, L82, M|100/100|[from] Parting Shot\n|move|p1a: Furret|Double-Edge|p2a: Amoonguss\n|-damage|p2a: Amoonguss|53/100\n|-damage|p1a: Furret|261/312|[from] Recoil\n|\n|-heal|p2a: Amoonguss|59/100|[from] item: Leftovers\n|upkeep\n|turn|2\n|inactive|Time left: 300 sec this turn | 300 sec total\n|\n|t:|1783566262\n|move|p1a: Furret|Double-Edge|p2a: Amoonguss\n|-damage|p2a: Amoonguss|6/100\n|-damage|p1a: Furret|206/312|[from] Recoil\n|move|p2a: Amoonguss|Spore|p1a: Furret\n|-status|p1a: Furret|slp|[from] move: Spore\n|\n|-heal|p2a: Amoonguss|13/100|[from] item: Leftovers\n|upkeep\n|turn|3\n|inactive|Time left: 300 sec this turn | 300 sec total\n|\n|t:|1783566263\n|switch|p1a: Magearna|Magearna, L77|250/250\n|switch|p2a: Hitmonlee|Hitmonlee, L85, M|100/100\n|\n|upkeep\n|turn|4\n|inactive|Time left: 300 sec this turn | 300 sec total\n|\n|t:|1783566264\n|move|p2a: Hitmonlee|High Jump Kick|p1a: Magearna\n|-damage|p1a: Magearna|0 fnt\n|faint|p1a: Magearna\n|\n|upkeep\n|inactive|Time left: 300 sec this turn | 300 sec total | 5 sec grace\n|\n|t:|1783566265\n|switch|p1a: Golurk|Golurk, L87|297/297\n|turn|5\n|inactive|Time left: 300 sec this turn | 300 sec total\n|\n|t:|1783566265\n|switch|p2a: Persian|Persian-Alola, L86, M|100/100\n|move|p1a: Golurk|Poltergeist|p2a: Persian\n|-activate|p2a: Persian|move: Poltergeist|Heavy-Duty Boots\n|-resisted|p2a: Persian\n|-damage|p2a: Persian|77/100\n|-damage|p1a: Golurk|268/297|[from] item: Life Orb\n|\n|upkeep\n|turn|6\n|inactive|Time left: 300 sec this turn | 300 sec total\n|\n|t:|1783566266\n|move|p2a: Persian|Knock Off|p1a: Golurk\n|-supereffective|p1a: Golurk\n|-damage|p1a: Golurk|116/297\n|-enditem|p1a: Golurk|Life Orb|[from] move: Knock Off|[of] p2a: Persian\n|move|p1a: Golurk|Dynamic Punch|p2a: Persian\n|-supereffective|p2a: Persian\n|-damage|p2a: Persian|32/100\n|-start|p2a: Persian|confusion\n|\n|upkeep\n|turn|7\n|inactive|Time left: 300 sec this turn | 300 sec total\n|\n|t:|1783566267\n|-activate|p2a: Persian|confusion\n|move|p2a: Persian|Parting Shot|p1a: Golurk\n|-unboost|p1a: Golurk|atk|1\n|-unboost|p1a: Golurk|spa|1\n|\n|t:|1783566268\n|switch|p2a: Amoonguss|Amoonguss, L82, M|46/100|[from] Parting Shot\n|move|p1a: Golurk|Stealth Rock|p2a: Amoonguss\n|-sidestart|p2: p0y2349408d|move: Stealth Rock\n|\n|-heal|p2a: Amoonguss|52/100|[from] item: Leftovers\n|upkeep\n|turn|8\n|inactive|Time left: 300 sec this turn | 300 sec total\n|\n|t:|1783566269\n|move|p1a: Golurk|Poltergeist|p2a: Amoonguss\n|-activate|p2a: Amoonguss|move: Poltergeist|Leftovers\n|-damage|p2a: Amoonguss|14/100\n|move|p2a: Amoonguss|Giga Drain|p1a: Golurk\n|-supereffective|p1a: Golurk\n|-damage|p1a: Golurk|0 fnt\n|-heal|p2a: Amoonguss|32/100|[from] drain|[of] p1a: Golurk\n|faint|p1a: Golurk\n|\n|-heal|p2a: Amoonguss|38/100|[from] item: Leftovers\n|upkeep\n|inactive|Time left: 300 sec this turn | 300 sec total | 5 sec grace\n|\n|t:|1783566270\n|switch|p1a: Grafaiai|Grafaiai, L86, F|249/249\n|turn|9\n|inactive|Time left: 300 sec this turn | 300 sec total\n|\n|t:|1783566271\n|switch|p2a: Persian|Persian-Alola, L86, M|32/100\n|move|p1a: Grafaiai|Gunk Shot|p2a: Persian\n|-damage|p2a: Persian|0 fnt\n|faint|p2a: Persian\n|-damage|p1a: Grafaiai|225/249|[from] item: Life Orb\n|\n|upkeep\n|\n|t:|1783566272\n|switch|p2a: Regieleki|Regieleki, L79|100/100\n|-damage|p2a: Regieleki|88/100|[from] Stealth Rock\n|turn|10\n|inactive|Time left: 300 sec this turn | 300 sec total\n|\n|t:|1783566273\n|move|p2a: Regieleki|Thunderbolt|p1a: Grafaiai\n|-damage|p1a: Grafaiai|66/249\n|move|p1a: Grafaiai|Gunk Shot|p2a: Regieleki\n|-damage|p2a: Regieleki|0 fnt\n|faint|p2a: Regieleki\n|-damage|p1a: Grafaiai|42/249|[from] item: Life Orb\n|\n|upkeep\n|\n|t:|1783566274\n|switch|p2a: Hitmonlee|Hitmonlee, L85, M|100/100\n|-damage|p2a: Hitmonlee|95/100|[from] Stealth Rock\n|turn|11\n|inactive|Time left: 300 sec this turn | 300 sec total\n|\n|t:|1783566275\n|move|p2a: Hitmonlee|Mach Punch|p1a: Grafaiai\n|-damage|p1a: Grafaiai|0 fnt\n|faint|p1a: Grafaiai\n|\n|upkeep\n|inactive|Time left: 300 sec this turn | 300 sec total | 5 sec grace\n|\n|t:|1783566276\n|switch|p1a: Zapdos|Zapdos, L78|268/268\n|turn|12\n|inactive|Time left: 300 sec this turn | 300 sec total\n|\n|t:|1783566277\n|switch|p2a: Amoonguss|Amoonguss, L82, M|71/100\n|-damage|p2a: Amoonguss|59/100|[from] Stealth Rock\n|move|p1a: Zapdos|Hurricane|p2a: Amoonguss\n|-supereffective|p2a: Amoonguss\n|-damage|p2a: Amoonguss|0 fnt\n|faint|p2a: Amoonguss\n|\n|upkeep\n|\n|t:|1783566278\n|switch|p2a: Iron Leaves|Iron Leaves, L80|100/100\n|-damage|p2a: Iron Leaves|88/100|[from] Stealth Rock\n|turn|13\n|inactive|Time left: 300 sec this turn | 300 sec total\n|\n|t:|1783566279\n|move|p2a: Iron Leaves|Psyblade|p1a: Zapdos\n|-damage|p1a: Zapdos|94/268\n|-status|p2a: Iron Leaves|par|[from] ability: Static|[of] p1a: Zapdos\n|move|p1a: Zapdos|Hurricane|p2a: Iron Leaves\n|-supereffective|p2a: Iron Leaves\n|-crit|p2a: Iron Leaves\n|-damage|p2a: Iron Leaves|0 fnt\n|faint|p2a: Iron Leaves\n|-end|p2a: Iron Leaves|Quark Drive|[silent]\n|\n|upkeep\n|\n|t:|1783566280\n|switch|p2a: Smeargle|Smeargle, L95, F|100/100\n|-damage|p2a: Smeargle|88/100|[from] Stealth Rock\n|turn|14\n|inactive|Time left: 300 sec this turn | 300 sec total\n|\n|t:|1783566281\n|move|p1a: Zapdos|Discharge|p2a: Smeargle\n|-damage|p2a: Smeargle|40/100\n|-status|p2a: Smeargle|par\n|cant|p2a: Smeargle|par\n|\n|upkeep\n|turn|15\n|inactive|Time left: 300 sec this turn | 300 sec total\n|\n|t:|1783566282\n|move|p1a: Zapdos|Discharge|p2a: Smeargle\n|-damage|p2a: Smeargle|0 fnt\n|faint|p2a: Smeargle\n|\n|upkeep\n|\n|t:|1783566283\n|switch|p2a: Hitmonlee|Hitmonlee, L85, M|95/100\n|-damage|p2a: Hitmonlee|89/100|[from] Stealth Rock\n|turn|16\n|inactive|Time left: 300 sec this turn | 300 sec total\n|\n|t:|1783566284\n|-terastallize|p2a: Hitmonlee|Fighting\n|move|p2a: Hitmonlee|Mach Punch|p1a: Zapdos\n|-resisted|p1a: Zapdos\n|-damage|p1a: Zapdos|35/268\n|move|p1a: Zapdos|Hurricane|p2a: Hitmonlee\n|-supereffective|p2a: Hitmonlee\n|-damage|p2a: Hitmonlee|0 fnt\n|faint|p2a: Hitmonlee\n|\n|win|p0x23497c8a", "uploadtime": 1783566284, "views": 0, "rating": 0, "private": 0, "password": null, "_winner": "p0x23497c8a", "_our_name": "p0x23497c8a"}