{"id": "battle-gen9randombattle-509", "formatid": "gen9randombattle", "format": "[Gen 9] Random Battle", "players": ["p0x509506f", "p0y5091c31"], "log": "|init|battle\n|title|p0x509506f vs. p0y5091c31\n|j|\u2606p0x509506f\n|j|\u2606p0y5091c31\n|t:|1783545665\n|gametype|singles\n|player|p1|p0x509506f|101|\n|player|p2|p0y5091c31|1|\n|gen|9\n|tier|[Gen 9] Random Battle\n|rule|Species Clause: Limit one of each Pok\u00e9mon\n|rule|HP Percentage Mod: HP is shown in percentages\n|rule|Sleep Clause Mod: Limit one foe put to sleep\n|rule|Illusion Level Mod: Illusion disguises the Pok\u00e9mon's true level\n|\n|t:|1783545665\n|teamsize|p1|6\n|teamsize|p2|6\n|start\n|switch|p1a: Grafaiai|Grafaiai, L86, F|249/249\n|switch|p2a: Dragalge|Dragalge, L88, M|100/100\n|turn|1\n|inactive|Battle timer is ON: inactive players will automatically lose when time's up. (requested by p0x509506f)\n|inactive|p0y5091c31 also wants the timer to be on.\n|\n|t:|1783545667\n|move|p1a: Grafaiai|Parting Shot|p2a: Dragalge\n|-unboost|p2a: Dragalge|atk|1\n|-unboost|p2a: Dragalge|spa|1\n|inactive|Time left: 300 sec this turn | 300 sec total | 65 sec grace\n|\n|t:|1783545667\n|switch|p1a: Sinistcha|Sinistcha, L83|254/254|[from] Parting Shot\n|move|p2a: Dragalge|Draco Meteor|p1a: Sinistcha\n|-damage|p1a: Sinistcha|110/254\n|-unboost|p2a: Dragalge|spa|2\n|\n|-heal|p1a: Sinistcha|125/254|[from] item: Leftovers\n|upkeep\n|turn|2\n|inactive|Time left: 300 sec this turn | 300 sec total\n|\n|t:|1783545669\n|switch|p2a: Salamence|Salamence, L77, F|100/100\n|move|p1a: Sinistcha|Calm Mind|p1a: Sinistcha\n|-boost|p1a: Sinistcha|spa|1\n|-boost|p1a: Sinistcha|spd|1\n|\n|-heal|p1a: Sinistcha|140/254|[from] item: Leftovers\n|upkeep\n|turn|3\n|inactive|Time left: 300 sec this turn | 300 sec total\n|\n|t:|1783545670\n|-terastallize|p1a: Sinistcha|Steel\n|move|p2a: Salamence|Dual Wingbeat|p1a: Sinistcha\n|-resisted|p1a: Sinistcha\n|-damage|p1a: Sinistcha|120/254\n|-resisted|p1a: Sinistcha\n|-damage|p1a: Sinistcha|100/254\n|-hitcount|p1a: Sinistcha|2\n|move|p1a: Sinistcha|Strength Sap|p2a: Salamence\n|-unboost|p2a: Salamence|atk|1\n|-heal|p1a: Sinistcha|254/254\n|\n|upkeep\n|turn|4\n|inactive|Time left: 300 sec this turn | 300 sec total\n|\n|t:|1783545671\n|switch|p2a: Grafaiai|Grafaiai, L86, F|100/100\n|move|p1a: Sinistcha|Shadow Ball|p2a: Grafaiai\n|-immune|p2a: Grafaiai\n|\n|upkeep\n|turn|5\n|inactive|Time left: 300 sec this turn | 300 sec total\n|\n|t:|1783545672\n|move|p2a: Grafaiai|Knock Off|p1a: Sinistcha\n|-damage|p1a: Sinistcha|193/254\n|-enditem|p1a: Sinistcha|Leftovers|[from] move: Knock Off|[of] p2a: Grafaiai\n|move|p1a: Sinistcha|Matcha Gotcha|p2a: Grafaiai\n|-resisted|p2a: Grafaiai\n|-damage|p2a: Grafaiai|78/100\n|-heal|p1a: Sinistcha|221/254|[from] drain|[of] p2a: Grafaiai\n|\n|upkeep\n|turn|6\n|inactive|Time left: 300 sec this turn | 300 sec total\n|\n|t:|1783545672\n|move|p2a: Grafaiai|Super Fang|p1a: Sinistcha\n|-damage|p1a: Sinistcha|111/254\n|move|p1a: Sinistcha|Matcha Gotcha|p2a: Grafaiai\n|-resisted|p2a: Grafaiai\n|-damage|p2a: Grafaiai|58/100\n|-heal|p1a: Sinistcha|137/254|[from] drain|[of] p2a: Grafaiai\n|\n|upkeep\n|turn|7\n|inactive|Time left: 300 sec this turn | 300 sec total\n|\n|t:|1783545673\n|move|p2a: Grafaiai|Super Fang|p1a: Sinistcha\n|-damage|p1a: Sinistcha|69/254\n|move|p1a: Sinistcha|Strength Sap|p2a: Grafaiai\n|-unboost|p2a: Grafaiai|atk|1\n|-heal|p1a: Sinistcha|254/254\n|\n|upkeep\n|turn|8\n|inactive|Time left: 300 sec this turn | 300 sec total\n|\n|t:|1783545674\n|move|p2a: Grafaiai|Super Fang|p1a: Sinistcha|[miss]\n|-miss|p2a: Grafaiai|p1a: Sinistcha\n|move|p1a: Sinistcha|Shadow Ball|p2a: Grafaiai\n|-immune|p2a: Grafaiai\n|\n|upkeep\n|turn|9\n|inactive|Time left: 300 sec this turn | 300 sec total\n|\n|t:|1783545675\n|move|p2a: Grafaiai|Super Fang|p1a: Sinistcha\n|-damage|p1a: Sinistcha|127/254\n|move|p1a: Sinistcha|Matcha Gotcha|p2a: Grafaiai\n|-resisted|p2a: Grafaiai\n|-damage|p2a: Grafaiai|35/100\n|-heal|p1a: Sinistcha|155/254|[from] drain|[of] p2a: Grafaiai\n|\n|upkeep\n|turn|10\n|inactive|Time left: 300 sec this turn | 300 sec total\n|\n|t:|1783545676\n|move|p2a: Grafaiai|U-turn|p1a: Sinistcha\n|-resisted|p1a: Sinistcha\n|-crit|p1a: Sinistcha\n|-damage|p1a: Sinistcha|121/254\n|\n|t:|1783545677\n|switch|p2a: Salamence|Salamence, L77, F|100/100|[from] U-turn\n|move|p1a: Sinistcha|Strength Sap|p2a: Salamence\n|-unboost|p2a: Salamence|atk|1\n|-heal|p1a: Sinistcha|254/254\n|\n|upkeep\n|turn|11\n|inactive|Time left: 300 sec this turn | 300 sec total\n|\n|t:|1783545679\n|switch|p2a: Grafaiai|Grafaiai, L86, F|35/100\n|move|p1a: Sinistcha|Shadow Ball|p2a: Grafaiai\n|-immune|p2a: Grafaiai\n|\n|upkeep\n|turn|12\n|inactive|Time left: 300 sec this turn | 300 sec total\n|\n|t:|1783545680\n|move|p2a: Grafaiai|Super Fang|p1a: Sinistcha\n|-damage|p1a: Sinistcha|127/254\n|move|p1a: Sinistcha|Matcha Gotcha|p2a: Grafaiai\n|-resisted|p2a: Grafaiai\n|-damage|p2a: Grafaiai|12/100\n|-heal|p1a: Sinistcha|157/254|[from] drain|[of] p2a: Grafaiai\n|\n|upkeep\n|turn|13\n|inactive|Time left: 300 sec this turn | 300 sec total\n|\n|t:|1783545681\n|move|p2a: Grafaiai|Super Fang|p1a: Sinistcha\n|-damage|p1a: Sinistcha|79/254\n|move|p1a: Sinistcha|Strength Sap|p2a: Grafaiai\n|-unboost|p2a: Grafaiai|atk|1\n|-heal|p1a: Sinistcha|254/254\n|\n|upkeep\n|turn|14\n|inactive|Time left: 300 sec this turn | 300 sec total\n|\n|t:|1783545682\n|move|p2a: Grafaiai|Super Fang|p1a: Sinistcha\n|-damage|p1a: Sinistcha|127/254\n|move|p1a: Sinistcha|Calm Mind|p1a: Sinistcha\n|-boost|p1a: Sinistcha|spa|1\n|-boost|p1a: Sinistcha|spd|1\n|\n|upkeep\n|turn|15\n|inactive|Time left: 300 sec this turn | 300 sec total\n|\n|t:|1783545683\n|move|p2a: Grafaiai|Super Fang|p1a: Sinistcha\n|-damage|p1a: Sinistcha|64/254\n|move|p1a: Sinistcha|Strength Sap|p2a: Grafaiai\n|-unboost|p2a: Grafaiai|atk|1\n|-heal|p1a: Sinistcha|206/254\n|\n|upkeep\n|turn|16\n|inactive|Time left: 300 sec this turn | 300 sec total\n|\n|t:|1783545684\n|move|p2a: Grafaiai|Super Fang|p1a: Sinistcha|[miss]\n|-miss|p2a: Grafaiai|p1a: Sinistcha\n|move|p1a: Sinistcha|Strength Sap|p2a: Grafaiai\n|-unboost|p2a: Grafaiai|atk|1\n|-heal|p1a: Sinistcha|254/254\n|\n|upkeep\n|turn|17\n|inactive|Time left: 300 sec this turn | 300 sec total\n|\n|t:|1783545685\n|move|p2a: Grafaiai|Super Fang|p1a: Sinistcha\n|-damage|p1a: Sinistcha|127/254\n|move|p1a: Sinistcha|Shadow Ball|p2a: Grafaiai\n|-immune|p2a: Grafaiai\n|\n|upkeep\n|turn|18\n|inactive|Time left: 300 sec this turn | 300 sec total\n|\n|t:|1783545686\n|move|p2a: Grafaiai|Super Fang|p1a: Sinistcha|[miss]\n|-miss|p2a: Grafaiai|p1a: Sinistcha\n|move|p1a: Sinistcha|Strength Sap|p2a: Grafaiai\n|-unboost|p2a: Grafaiai|atk|1\n|-heal|p1a: Sinistcha|212/254\n|\n|upkeep\n|turn|19\n|inactive|Time left: 300 sec this turn | 300 sec total\n|\n|t:|1783545687\n|move|p2a: Grafaiai|Super Fang|p1a: Sinistcha|[miss]\n|-miss|p2a: Grafaiai|p1a: Sinistcha\n|move|p1a: Sinistcha|Matcha Gotcha|p2a: Grafaiai\n|-resisted|p2a: Grafaiai\n|-damage|p2a: Grafaiai|0 fnt\n|-heal|p1a: Sinistcha|226/254|[from] drain|[of] p2a: Grafaiai\n|faint|p2a: Grafaiai\n|\n|upkeep\n|\n|t:|1783545688\n|switch|p2a: Scyther|Scyther, L82, M|100/100\n|turn|20\n|inactive|Time left: 300 sec this turn | 300 sec total\n|\n|t:|1783545689\n|-terastallize|p2a: Scyther|Fighting\n|move|p2a: Scyther|Close Combat|p1a: Sinistcha\n|-supereffective|p1a: Sinistcha\n|-damage|p1a: Sinistcha|0 fnt\n|-unboost|p2a: Scyther|def|1\n|-unboost|p2a: Scyther|spd|1\n|faint|p1a: Sinistcha\n|\n|upkeep\n|inactive|Time left: 300 sec this turn | 300 sec total | 5 sec grace\n|\n|t:|1783545689\n|switch|p1a: Armarouge|Armarouge, L80, M|267/267\n|turn|21\n|inactive|Time left: 300 sec this turn | 300 sec total\n|\n|t:|1783545690\n|switch|p2a: Alomomola|Alomomola, L87, F|100/100\n|move|p1a: Armarouge|Meteor Beam||[still]\n|-prepare|p1a: Armarouge|Meteor Beam\n|-boost|p1a: Armarouge|spa|1\n|-enditem|p1a: Armarouge|Power Herb\n|-anim|p1a: Armarouge|Meteor Beam|p2a: Alomomola\n|-damage|p2a: Alomomola|46/100\n|\n|upkeep\n|turn|22\n|inactive|Time left: 300 sec this turn | 300 sec total\n|\n|t:|1783545691\n|move|p1a: Armarouge|Energy Ball|p2a: Alomomola\n|-supereffective|p2a: Alomomola\n|-damage|p2a: Alomomola|0 fnt\n|faint|p2a: Alomomola\n|\n|upkeep\n|\n|t:|1783545692\n|switch|p2a: Salamence|Salamence, L77, F|100/100\n|turn|23\n|inactive|Time left: 300 sec this turn | 300 sec total\n|\n|t:|1783545693\n|move|p2a: Salamence|Earthquake|p1a: Armarouge\n|-supereffective|p1a: Armarouge\n|-damage|p1a: Armarouge|123/267\n|-ability|p1a: Armarouge|Weak Armor|boost\n|-unboost|p1a: Armarouge|def|1\n|-boost|p1a: Armarouge|spe|2\n|move|p1a: Armarouge|Psyshock|p2a: Salamence\n|-damage|p2a: Salamence|41/100\n|\n|upkeep\n|turn|24\n|inactive|Time left: 300 sec this turn | 300 sec total\n|\n|t:|1783545694\n|switch|p2a: Dragalge|Dragalge, L88, M|100/100\n|move|p1a: Armarouge|Psyshock|p2a: Dragalge\n|-supereffective|p2a: Dragalge\n|-damage|p2a: Dragalge|0 fnt\n|faint|p2a: Dragalge\n|\n|upkeep\n|\n|t:|1783545695\n|switch|p2a: Jirachi|Jirachi, L80|100/100\n|turn|25\n|inactive|Time left: 300 sec this turn | 300 sec total\n|\n|t:|1783545696\n|move|p2a: Jirachi|Protect|p2a: Jirachi\n|-singleturn|p2a: Jirachi|Protect\n|move|p1a: Armarouge|Armor Cannon|p2a: Jirachi\n|-activate|p2a: Jirachi|move: Protect\n|\n|upkeep\n|turn|26\n|inactive|Time left: 300 sec this turn | 300 sec total\n|\n|t:|1783545697\n|move|p2a: Jirachi|Protect||[still]\n|-fail|p2a: Jirachi\n|move|p1a: Armarouge|Armor Cannon|p2a: Jirachi\n|-supereffective|p2a: Jirachi\n|-damage|p2a: Jirachi|0 fnt\n|-unboost|p1a: Armarouge|def|1\n|-unboost|p1a: Armarouge|spd|1\n|faint|p2a: Jirachi\n|\n|upkeep\n|\n|t:|1783545698\n|switch|p2a: Salamence|Salamence, L77, F|41/100\n|turn|27\n|inactive|Time left: 300 sec this turn | 300 sec total\n|\n|t:|1783545699\n|move|p1a: Armarouge|Psyshock|p2a: Salamence\n|-crit|p2a: Salamence\n|-damage|p2a: Salamence|0 fnt\n|faint|p2a: Salamence\n|\n|upkeep\n|\n|t:|1783545699\n|switch|p2a: Scyther|Scyther, L82, M, tera:Fighting|100/100\n|turn|28\n|inactive|Time left: 300 sec this turn | 300 sec total\n|\n|t:|1783545700\n|move|p1a: Armarouge|Psyshock|p2a: Scyther\n|-supereffective|p2a: Scyther\n|-damage|p2a: Scyther|0 fnt\n|faint|p2a: Scyther\n|\n|win|p0x509506f", "uploadtime": 1783545700, "views": 0, "rating": 0, "private": 0, "password": null, "_winner": "p0x509506f", "_our_name": "p0x509506f"}