{"id": "battle-gen9randombattle-1747", "formatid": "gen9randombattle", "format": "[Gen 9] Random Battle", "players": ["p0x1747f5a4", "p0y17472117"], "log": "|init|battle\n|title|p0x1747f5a4 vs. p0y17472117\n|j|\u2606p0x1747f5a4\n|j|\u2606p0y17472117\n|t:|1783559490\n|gametype|singles\n|player|p1|p0x1747f5a4|169|\n|player|p2|p0y17472117|102|\n|gen|9\n|tier|[Gen 9] Random Battle\n|rule|Species Clause: Limit one of each Pok\u00e9mon\n|rule|HP Percentage Mod: HP is shown in percentages\n|rule|Sleep Clause Mod: Limit one foe put to sleep\n|rule|Illusion Level Mod: Illusion disguises the Pok\u00e9mon's true level\n|\n|t:|1783559490\n|teamsize|p1|6\n|teamsize|p2|6\n|start\n|switch|p1a: Registeel|Registeel, L81|262/262\n|switch|p2a: Keldeo|Keldeo-Resolute, L79|100/100\n|turn|1\n|inactive|Battle timer is ON: inactive players will automatically lose when time's up. (requested by p0x1747f5a4)\n|inactive|p0y17472117 also wants the timer to be on.\n|\n|t:|1783559491\n|switch|p1a: Florges|Florges, L85, F|271/271\n|move|p2a: Keldeo|Secret Sword|p1a: Florges\n|-resisted|p1a: Florges\n|-damage|p1a: Florges|212/271\n|\n|-heal|p1a: Florges|228/271|[from] item: Leftovers\n|upkeep\n|turn|2\n|inactive|Time left: 300 sec this turn | 300 sec total\n|\n|t:|1783559492\n|switch|p2a: Gumshoos|Gumshoos, L95, M|100/100\n|move|p1a: Florges|Moonblast|p2a: Gumshoos\n|-crit|p2a: Gumshoos\n|-damage|p2a: Gumshoos|38/100\n|\n|-heal|p1a: Florges|244/271|[from] item: Leftovers\n|upkeep\n|turn|3\n|inactive|Time left: 300 sec this turn | 300 sec total\n|\n|t:|1783559493\n|switch|p2a: Leavanny|Leavanny, L86, M|100/100\n|move|p1a: Florges|Moonblast|p2a: Leavanny\n|-damage|p2a: Leavanny|52/100\n|\n|-heal|p1a: Florges|260/271|[from] item: Leftovers\n|upkeep\n|turn|4\n|inactive|Time left: 300 sec this turn | 300 sec total\n|\n|t:|1783559495\n|move|p2a: Leavanny|Sticky Web|p1a: Florges\n|-sidestart|p1: p0x1747f5a4|move: Sticky Web\n|move|p1a: Florges|Moonblast|p2a: Leavanny\n|-damage|p2a: Leavanny|3/100\n|\n|-heal|p1a: Florges|271/271|[from] item: Leftovers\n|upkeep\n|turn|5\n|inactive|Time left: 300 sec this turn | 300 sec total\n|\n|t:|1783559495\n|move|p2a: Leavanny|Leaf Blade|p1a: Florges\n|-damage|p1a: Florges|151/271\n|move|p1a: Florges|Moonblast|p2a: Leavanny\n|-damage|p2a: Leavanny|0 fnt\n|faint|p2a: Leavanny\n|\n|-heal|p1a: Florges|167/271|[from] item: Leftovers\n|upkeep\n|\n|t:|1783559496\n|switch|p2a: Skarmory|Skarmory, L80, F|100/100\n|turn|6\n|inactive|Time left: 300 sec this turn | 300 sec total\n|\n|t:|1783559497\n|move|p1a: Florges|Moonblast|p2a: Skarmory\n|-resisted|p2a: Skarmory\n|-damage|p2a: Skarmory|71/100\n|-unboost|p2a: Skarmory|spa|1\n|move|p2a: Skarmory|Stealth Rock|p1a: Florges\n|-sidestart|p1: p0x1747f5a4|move: Stealth Rock\n|\n|-heal|p1a: Florges|183/271|[from] item: Leftovers\n|-heal|p2a: Skarmory|77/100|[from] item: Leftovers\n|upkeep\n|turn|7\n|inactive|Time left: 300 sec this turn | 300 sec total\n|\n|t:|1783559498\n|move|p1a: Florges|Moonblast|p2a: Skarmory\n|-resisted|p2a: Skarmory\n|-damage|p2a: Skarmory|45/100\n|move|p2a: Skarmory|Whirlwind|p1a: Florges\n|drag|p1a: Volcanion|Volcanion, L79|256/256\n|\n|-heal|p2a: Skarmory|51/100|[from] item: Leftovers\n|upkeep\n|turn|8\n|inactive|Time left: 300 sec this turn | 300 sec total\n|\n|t:|1783559500\n|switch|p2a: Keldeo|Keldeo-Resolute, L79|100/100\n|move|p1a: Volcanion|Steam Eruption|p2a: Keldeo\n|-resisted|p2a: Keldeo\n|-damage|p2a: Keldeo|76/100\n|\n|-heal|p2a: Keldeo|83/100|[from] item: Leftovers\n|upkeep\n|turn|9\n|inactive|Time left: 300 sec this turn | 300 sec total\n|\n|t:|1783559501\n|move|p2a: Keldeo|Calm Mind|p2a: Keldeo\n|-boost|p2a: Keldeo|spa|1\n|-boost|p2a: Keldeo|spd|1\n|move|p1a: Volcanion|Flamethrower|p2a: Keldeo\n|-resisted|p2a: Keldeo\n|-damage|p2a: Keldeo|69/100\n|\n|-heal|p2a: Keldeo|76/100|[from] item: Leftovers\n|upkeep\n|turn|10\n|inactive|Time left: 300 sec this turn | 300 sec total\n|\n|t:|1783559502\n|move|p2a: Keldeo|Secret Sword|p1a: Volcanion\n|-damage|p1a: Volcanion|141/256\n|move|p1a: Volcanion|Haze|p1a: Volcanion\n|-clearallboost\n|\n|-heal|p2a: Keldeo|82/100|[from] item: Leftovers\n|upkeep\n|turn|11\n|inactive|Time left: 300 sec this turn | 300 sec total\n|\n|t:|1783559503\n|move|p2a: Keldeo|Secret Sword|p1a: Volcanion\n|-damage|p1a: Volcanion|54/256\n|move|p1a: Volcanion|Flamethrower|p2a: Keldeo\n|-resisted|p2a: Keldeo\n|-damage|p2a: Keldeo|62/100\n|\n|-heal|p2a: Keldeo|68/100|[from] item: Leftovers\n|upkeep\n|turn|12\n|inactive|Time left: 300 sec this turn | 300 sec total\n|\n|t:|1783559504\n|move|p2a: Keldeo|Secret Sword|p1a: Volcanion\n|-damage|p1a: Volcanion|0 fnt\n|faint|p1a: Volcanion\n|\n|-heal|p2a: Keldeo|74/100|[from] item: Leftovers\n|upkeep\n|inactive|Time left: 300 sec this turn | 300 sec total | 5 sec grace\n|\n|t:|1783559505\n|switch|p1a: Cryogonal|Cryogonal, L89|287/287\n|turn|13\n|inactive|Time left: 300 sec this turn | 300 sec total\n|\n|t:|1783559505\n|move|p1a: Cryogonal|Rapid Spin|p2a: Keldeo\n|-damage|p2a: Keldeo|64/100\n|-boost|p1a: Cryogonal|spe|1\n|-sideend|p1: p0x1747f5a4|Stealth Rock|[from] move: Rapid Spin|[of] p1a: Cryogonal\n|-sideend|p1: p0x1747f5a4|Sticky Web|[from] move: Rapid Spin|[of] p1a: Cryogonal\n|move|p2a: Keldeo|Secret Sword|p1a: Cryogonal\n|-supereffective|p1a: Cryogonal\n|-damage|p1a: Cryogonal|11/287\n|\n|-heal|p2a: Keldeo|70/100|[from] item: Leftovers\n|upkeep\n|turn|14\n|inactive|Time left: 300 sec this turn | 300 sec total\n|\n|t:|1783559506\n|move|p1a: Cryogonal|Freeze-Dry|p2a: Keldeo\n|-supereffective|p2a: Keldeo\n|-damage|p2a: Keldeo|5/100\n|move|p2a: Keldeo|Secret Sword|p1a: Cryogonal\n|-supereffective|p1a: Cryogonal\n|-damage|p1a: Cryogonal|0 fnt\n|faint|p1a: Cryogonal\n|\n|-heal|p2a: Keldeo|11/100|[from] item: Leftovers\n|upkeep\n|inactive|Time left: 300 sec this turn | 300 sec total | 5 sec grace\n|\n|t:|1783559507\n|switch|p1a: Leafeon|Leafeon, L88, M|258/258\n|turn|15\n|inactive|Time left: 300 sec this turn | 300 sec total\n|\n|t:|1783559509\n|switch|p2a: Skarmory|Skarmory, L80, F|51/100\n|move|p1a: Leafeon|Swords Dance|p1a: Leafeon\n|-boost|p1a: Leafeon|atk|2\n|\n|-heal|p2a: Skarmory|57/100|[from] item: Leftovers\n|upkeep\n|turn|16\n|inactive|Time left: 300 sec this turn | 300 sec total\n|\n|t:|1783559510\n|move|p1a: Leafeon|Knock Off|p2a: Skarmory\n|-damage|p2a: Skarmory|0 fnt\n|-enditem|p2a: Skarmory|Leftovers|[from] move: Knock Off|[of] p1a: Leafeon\n|faint|p2a: Skarmory\n|-damage|p1a: Leafeon|233/258|[from] item: Life Orb\n|\n|upkeep\n|\n|t:|1783559511\n|switch|p2a: Scyther|Scyther, L82, F|100/100\n|turn|17\n|inactive|Time left: 300 sec this turn | 300 sec total\n|\n|t:|1783559512\n|move|p2a: Scyther|Dual Wingbeat|p1a: Leafeon\n|-supereffective|p1a: Leafeon\n|-damage|p1a: Leafeon|141/258\n|-supereffective|p1a: Leafeon\n|-damage|p1a: Leafeon|43/258\n|-hitcount|p1a: Leafeon|2\n|move|p1a: Leafeon|Knock Off|p2a: Scyther\n|-damage|p2a: Scyther|12/100\n|-enditem|p2a: Scyther|Heavy-Duty Boots|[from] move: Knock Off|[of] p1a: Leafeon\n|-damage|p1a: Leafeon|18/258|[from] item: Life Orb\n|\n|upkeep\n|turn|18\n|inactive|Time left: 300 sec this turn | 300 sec total\n|\n|t:|1783559513\n|switch|p1a: Florges|Florges, L85, F|183/271\n|move|p2a: Scyther|U-turn|p1a: Florges\n|-resisted|p1a: Florges\n|-damage|p1a: Florges|137/271\n|\n|t:|1783559513\n|switch|p2a: Florges|Florges-Yellow, L85, F|100/100|[from] U-turn\n|\n|-heal|p1a: Florges|153/271|[from] item: Leftovers\n|upkeep\n|turn|19\n|inactive|Time left: 300 sec this turn | 300 sec total\n|\n|t:|1783559514\n|move|p2a: Florges|Calm Mind|p2a: Florges\n|-boost|p2a: Florges|spa|1\n|-boost|p2a: Florges|spd|1\n|move|p1a: Florges|Calm Mind|p1a: Florges\n|-boost|p1a: Florges|spa|1\n|-boost|p1a: Florges|spd|1\n|\n|-heal|p1a: Florges|169/271|[from] item: Leftovers\n|upkeep\n|turn|20\n|inactive|Time left: 300 sec this turn | 300 sec total\n|\n|t:|1783559515\n|move|p2a: Florges|Calm Mind|p2a: Florges\n|-boost|p2a: Florges|spa|1\n|-boost|p2a: Florges|spd|1\n|move|p1a: Florges|Calm Mind|p1a: Florges\n|-boost|p1a: Florges|spa|1\n|-boost|p1a: Florges|spd|1\n|\n|-heal|p1a: Florges|185/271|[from] item: Leftovers\n|upkeep\n|turn|21\n|inactive|Time left: 300 sec this turn | 300 sec total\n|\n|t:|1783559516\n|move|p2a: Florges|Calm Mind|p2a: Florges\n|-boost|p2a: Florges|spa|1\n|-boost|p2a: Florges|spd|1\n|move|p1a: Florges|Calm Mind|p1a: Florges\n|-boost|p1a: Florges|spa|1\n|-boost|p1a: Florges|spd|1\n|\n|-heal|p1a: Florges|201/271|[from] item: Leftovers\n|upkeep\n|turn|22\n|inactive|Time left: 300 sec this turn | 300 sec total\n|\n|t:|1783559517\n|move|p2a: Florges|Calm Mind|p2a: Florges\n|-boost|p2a: Florges|spa|1\n|-boost|p2a: Florges|spd|1\n|move|p1a: Florges|Calm Mind|p1a: Florges\n|-boost|p1a: Florges|spa|1\n|-boost|p1a: Florges|spd|1\n|\n|-heal|p1a: Florges|217/271|[from] item: Leftovers\n|upkeep\n|turn|23\n|inactive|Time left: 300 sec this turn | 300 sec total\n|\n|t:|1783559518\n|move|p2a: Florges|Moonblast|p1a: Florges\n|-damage|p1a: Florges|141/271\n|move|p1a: Florges|Calm Mind|p1a: Florges\n|-boost|p1a: Florges|spa|1\n|-boost|p1a: Florges|spd|1\n|\n|-heal|p1a: Florges|157/271|[from] item: Leftovers\n|upkeep\n|turn|24\n|inactive|Time left: 300 sec this turn | 300 sec total\n|\n|t:|1783559520\n|move|p2a: Florges|Calm Mind|p2a: Florges\n|-boost|p2a: Florges|spa|1\n|-boost|p2a: Florges|spd|1\n|move|p1a: Florges|Synthesis|p1a: Florges\n|-heal|p1a: Florges|271/271\n|\n|upkeep\n|turn|25\n|inactive|Time left: 300 sec this turn | 300 sec total\n|\n|t:|1783559521\n|move|p2a: Florges|Calm Mind|p2a: Florges\n|-boost|p2a: Florges|spa|1\n|-boost|p2a: Florges|spd|1\n|move|p1a: Florges|Moonblast|p2a: Florges\n|-damage|p2a: Florges|78/100\n|\n|-heal|p2a: Florges|84/100|[from] item: Leftovers\n|upkeep\n|turn|26\n|inactive|Time left: 300 sec this turn | 300 sec total\n|\n|t:|1783559522\n|move|p2a: Florges|Moonblast|p1a: Florges\n|-damage|p1a: Florges|190/271\n|-unboost|p1a: Florges|spa|1\n|move|p1a: Florges|Calm Mind|p1a: Florges\n|-boost|p1a: Florges|spa|1\n|-boost|p1a: Florges|spd|1\n|\n|-heal|p2a: Florges|90/100|[from] item: Leftovers\n|-heal|p1a: Florges|206/271|[from] item: Leftovers\n|upkeep\n|turn|27\n|inactive|Time left: 300 sec this turn | 300 sec total\n|\n|t:|1783559523\n|move|p1a: Florges|Synthesis|p1a: Florges\n|-heal|p1a: Florges|271/271\n|move|p2a: Florges|Moonblast|p1a: Florges\n|-damage|p1a: Florges|196/271\n|\n|-heal|p2a: Florges|96/100|[from] item: Leftovers\n|-heal|p1a: Florges|212/271|[from] item: Leftovers\n|upkeep\n|turn|28\n|inactive|Time left: 300 sec this turn | 300 sec total\n|\n|t:|1783559524\n|move|p2a: Florges|Moonblast|p1a: Florges\n|-damage|p1a: Florges|137/271\n|move|p1a: Florges|Synthesis|p1a: Florges\n|-heal|p1a: Florges|271/271\n|\n|-heal|p2a: Florges|100/100|[from] item: Leftovers\n|upkeep\n|turn|29\n|inactive|Time left: 300 sec this turn | 300 sec total\n|\n|t:|1783559525\n|move|p2a: Florges|Moonblast|p1a: Florges\n|-damage|p1a: Florges|195/271\n|move|p1a: Florges|Moonblast|p2a: Florges\n|-damage|p2a: Florges|79/100\n|\n|-heal|p1a: Florges|211/271|[from] item: Leftovers\n|-heal|p2a: Florges|85/100|[from] item: Leftovers\n|upkeep\n|turn|30\n|inactive|Time left: 300 sec this turn | 300 sec total\n|\n|t:|1783559526\n|move|p2a: Florges|Moonblast|p1a: Florges\n|-damage|p1a: Florges|133/271\n|move|p1a: Florges|Moonblast|p2a: Florges\n|-damage|p2a: Florges|63/100\n|\n|-heal|p1a: Florges|149/271|[from] item: Leftovers\n|-heal|p2a: Florges|69/100|[from] item: Leftovers\n|upkeep\n|turn|31\n|inactive|Time left: 300 sec this turn | 300 sec total\n|\n|t:|1783559527\n|move|p1a: Florges|Synthesis|p1a: Florges\n|-heal|p1a: Florges|271/271\n|move|p2a: Florges|Moonblast|p1a: Florges\n|-damage|p1a: Florges|198/271\n|\n|-heal|p2a: Florges|75/100|[from] item: Leftovers\n|-heal|p1a: Florges|214/271|[from] item: Leftovers\n|upkeep\n|turn|32\n|inactive|Time left: 300 sec this turn | 300 sec total\n|\n|t:|1783559528\n|move|p2a: Florges|Moonblast|p1a: Florges\n|-damage|p1a: Florges|136/271\n|move|p1a: Florges|Moonblast|p2a: Florges\n|-damage|p2a: Florges|49/100\n|\n|-heal|p1a: Florges|152/271|[from] item: Leftovers\n|-heal|p2a: Florges|55/100|[from] item: Leftovers\n|upkeep\n|turn|33\n|inactive|Time left: 300 sec this turn | 300 sec total\n|\n|t:|1783559529\n|move|p1a: Florges|Synthesis|p1a: Florges\n|-heal|p1a: Florges|271/271\n|move|p2a: Florges|Moonblast|p1a: Florges\n|-damage|p1a: Florges|193/271\n|\n|-heal|p1a: Florges|209/271|[from] item: Leftovers\n|-heal|p2a: Florges|61/100|[from] item: Leftovers\n|upkeep\n|turn|34\n|inactive|Time left: 300 sec this turn | 300 sec total\n|\n|t:|1783559531\n|move|p1a: Florges|Moonblast|p2a: Florges\n|-crit|p2a: Florges\n|-damage|p2a: Florges|0 fnt\n|faint|p2a: Florges\n|\n|-heal|p1a: Florges|225/271|[from] item: Leftovers\n|upkeep\n|\n|t:|1783559532\n|switch|p2a: Scyther|Scyther, L82, F|12/100\n|turn|35\n|inactive|Time left: 300 sec this turn | 300 sec total\n|\n|t:|1783559533\n|move|p2a: Scyther|Dual Wingbeat|p1a: Florges\n|-damage|p1a: Florges|152/271\n|-damage|p1a: Florges|74/271\n|-hitcount|p1a: Florges|2\n|move|p1a: Florges|Moonblast|p2a: Scyther\n|-damage|p2a: Scyther|0 fnt\n|faint|p2a: Scyther\n|\n|-heal|p1a: Florges|90/271|[from] item: Leftovers\n|upkeep\n|\n|t:|1783559534\n|switch|p2a: Keldeo|Keldeo-Resolute, L79|11/100\n|turn|36\n|inactive|Time left: 300 sec this turn | 300 sec total\n|\n|t:|1783559535\n|move|p2a: Keldeo|Surf|p1a: Florges\n|-damage|p1a: Florges|72/271\n|move|p1a: Florges|Tera Blast|p2a: Keldeo\n|-damage|p2a: Keldeo|0 fnt\n|faint|p2a: Keldeo\n|\n|-heal|p1a: Florges|88/271|[from] item: Leftovers\n|upkeep\n|\n|t:|1783559536\n|switch|p2a: Gumshoos|Gumshoos, L95, M|38/100\n|turn|37\n|inactive|Time left: 300 sec this turn | 300 sec total\n|\n|t:|1783559536\n|-terastallize|p2a: Gumshoos|Ground\n|move|p1a: Florges|Tera Blast|p2a: Gumshoos\n|-damage|p2a: Gumshoos|0 fnt\n|faint|p2a: Gumshoos\n|\n|win|p0x1747f5a4", "uploadtime": 1783559536, "views": 0, "rating": 0, "private": 0, "password": null, "_winner": "p0x1747f5a4", "_our_name": "p0x1747f5a4"}