{"id": "battle-gen9randombattle-871", "formatid": "gen9randombattle", "format": "[Gen 9] Random Battle", "players": ["p0x8714468", "p0y8719c7b"], "log": "|init|battle\n|title|p0x8714468 vs. p0y8719c7b\n|j|\u2606p0x8714468\n|j|\u2606p0y8719c7b\n|t:|1783550009\n|gametype|singles\n|player|p1|p0x8714468|2|\n|player|p2|p0y8719c7b|169|\n|gen|9\n|tier|[Gen 9] Random Battle\n|rule|Species Clause: Limit one of each Pok\u00e9mon\n|rule|HP Percentage Mod: HP is shown in percentages\n|rule|Sleep Clause Mod: Limit one foe put to sleep\n|rule|Illusion Level Mod: Illusion disguises the Pok\u00e9mon's true level\n|\n|t:|1783550009\n|teamsize|p1|6\n|teamsize|p2|6\n|start\n|switch|p1a: Oranguru|Oranguru, L92, F|315/315\n|switch|p2a: Golurk|Golurk, L87|100/100\n|turn|1\n|inactive|Battle timer is ON: inactive players will automatically lose when time's up. (requested by p0y8719c7b)\n|inactive|Time left: 300 sec this turn | 300 sec total | 60 sec grace\n|inactive|p0x8714468 also wants the timer to be on.\n|\n|t:|1783550011\n|move|p1a: Oranguru|Nasty Plot|p1a: Oranguru\n|-boost|p1a: Oranguru|spa|2\n|move|p2a: Golurk|Earthquake|p1a: Oranguru\n|-damage|p1a: Oranguru|146/315\n|-damage|p2a: Golurk|91/100|[from] item: Life Orb\n|\n|-heal|p1a: Oranguru|165/315|[from] item: Leftovers\n|upkeep\n|turn|2\n|inactive|Time left: 300 sec this turn | 300 sec total\n|\n|t:|1783550012\n|move|p1a: Oranguru|Psyshock|p2a: Golurk\n|-damage|p2a: Golurk|30/100\n|move|p2a: Golurk|Earthquake|p1a: Oranguru\n|-damage|p1a: Oranguru|0 fnt\n|faint|p1a: Oranguru\n|-damage|p2a: Golurk|20/100|[from] item: Life Orb\n|\n|upkeep\n|inactive|Time left: 300 sec this turn | 300 sec total | 5 sec grace\n|\n|t:|1783550013\n|switch|p1a: Palkia|Palkia, L75|259/259\n|-ability|p1a: Palkia|Pressure\n|turn|3\n|inactive|Time left: 300 sec this turn | 300 sec total\n|\n|t:|1783550014\n|switch|p2a: Greedent|Greedent, L86, M|100/100\n|move|p1a: Palkia|Spacial Rend|p2a: Greedent\n|-damage|p2a: Greedent|42/100\n|-enditem|p2a: Greedent|Sitrus Berry|[eat]\n|-heal|p2a: Greedent|67/100|[from] item: Sitrus Berry\n|-heal|p2a: Greedent|99/100|[from] ability: Cheek Pouch\n|\n|upkeep\n|turn|4\n|inactive|Time left: 300 sec this turn | 300 sec total\n|\n|t:|1783550016\n|move|p1a: Palkia|Spacial Rend|p2a: Greedent\n|-damage|p2a: Greedent|42/100\n|move|p2a: Greedent|Knock Off|p1a: Palkia\n|-crit|p1a: Palkia\n|-damage|p1a: Palkia|154/259\n|-enditem|p1a: Palkia|Choice Specs|[from] move: Knock Off|[of] p2a: Greedent\n|\n|upkeep\n|turn|5\n|inactive|Time left: 300 sec this turn | 300 sec total\n|\n|t:|1783550016\n|switch|p2a: Sinistcha|Sinistcha, L83|100/100\n|move|p1a: Palkia|Hydro Pump|p2a: Sinistcha\n|-resisted|p2a: Sinistcha\n|-damage|p2a: Sinistcha|73/100\n|\n|-heal|p2a: Sinistcha|78/100|[from] item: Leftovers\n|upkeep\n|turn|6\n|inactive|Time left: 300 sec this turn | 300 sec total\n|\n|t:|1783550017\n|move|p1a: Palkia|Spacial Rend|p2a: Sinistcha\n|-crit|p2a: Sinistcha\n|-damage|p2a: Sinistcha|6/100\n|move|p2a: Sinistcha|Strength Sap|p1a: Palkia\n|-unboost|p1a: Palkia|atk|1\n|-heal|p2a: Sinistcha|79/100\n|\n|-heal|p2a: Sinistcha|85/100|[from] item: Leftovers\n|upkeep\n|turn|7\n|inactive|Time left: 300 sec this turn | 300 sec total\n|\n|t:|1783550018\n|switch|p1a: Ogerpon|Ogerpon-Hearthflame, L74, F|239/239\n|-ability|p1a: Ogerpon|Mold Breaker\n|move|p2a: Sinistcha|Strength Sap|p1a: Ogerpon\n|-unboost|p1a: Ogerpon|atk|1\n|-heal|p2a: Sinistcha|100/100\n|\n|upkeep\n|turn|8\n|inactive|Time left: 300 sec this turn | 300 sec total\n|\n|t:|1783550019\n|move|p1a: Ogerpon|Swords Dance|p1a: Ogerpon\n|-boost|p1a: Ogerpon|atk|2\n|move|p2a: Sinistcha|Shadow Ball|p1a: Ogerpon\n|-crit|p1a: Ogerpon\n|-damage|p1a: Ogerpon|77/239\n|-unboost|p1a: Ogerpon|spd|1\n|\n|upkeep\n|turn|9\n|inactive|Time left: 300 sec this turn | 300 sec total\n|\n|t:|1783550020\n|switch|p2a: Reshiram|Reshiram, L76|100/100\n|-ability|p2a: Reshiram|Turboblaze\n|move|p1a: Ogerpon|Ivy Cudgel|p2a: Reshiram|[anim] Ivy Cudgel Fire\n|-resisted|p2a: Reshiram\n|-damage|p2a: Reshiram|84/100\n|\n|upkeep\n|turn|10\n|inactive|Time left: 300 sec this turn | 300 sec total\n|\n|t:|1783550021\n|move|p1a: Ogerpon|Stomping Tantrum|p2a: Reshiram\n|-supereffective|p2a: Reshiram\n|-damage|p2a: Reshiram|15/100\n|move|p2a: Reshiram|Dragon Dance|p2a: Reshiram\n|-boost|p2a: Reshiram|atk|1\n|-boost|p2a: Reshiram|spe|1\n|\n|upkeep\n|turn|11\n|inactive|Time left: 300 sec this turn | 300 sec total\n|\n|t:|1783550022\n|move|p2a: Reshiram|Outrage|p1a: Ogerpon\n|-damage|p1a: Ogerpon|0 fnt\n|faint|p1a: Ogerpon\n|\n|upkeep\n|inactive|Time left: 300 sec this turn | 300 sec total | 5 sec grace\n|\n|t:|1783550023\n|switch|p1a: Uxie|Uxie, L83|260/260\n|turn|12\n|inactive|Time left: 300 sec this turn | 300 sec total\n|\n|t:|1783550024\n|move|p2a: Reshiram|Outrage|p1a: Uxie|[from] lockedmove\n|-damage|p1a: Uxie|112/260\n|-start|p2a: Reshiram|confusion|[fatigue]\n|move|p1a: Uxie|Psychic Noise|p2a: Reshiram\n|-damage|p2a: Reshiram|0 fnt\n|faint|p2a: Reshiram\n|\n|-heal|p1a: Uxie|128/260|[from] item: Leftovers\n|upkeep\n|\n|t:|1783550025\n|switch|p2a: Golem|Golem-Alola, L93, F|100/100\n|turn|13\n|inactive|Time left: 300 sec this turn | 300 sec total\n|\n|t:|1783550026\n|move|p1a: Uxie|Knock Off|p2a: Golem\n|-damage|p2a: Golem|88/100\n|-enditem|p2a: Golem|Choice Band|[from] move: Knock Off|[of] p1a: Uxie\n|move|p2a: Golem|Double-Edge|p1a: Uxie\n|-damage|p1a: Uxie|0 fnt\n|faint|p1a: Uxie\n|-damage|p2a: Golem|74/100|[from] Recoil\n|\n|upkeep\n|inactive|Time left: 300 sec this turn | 300 sec total | 5 sec grace\n|\n|t:|1783550027\n|switch|p1a: Palkia|Palkia, L75|154/259\n|-ability|p1a: Palkia|Pressure\n|turn|14\n|inactive|Time left: 300 sec this turn | 300 sec total\n|\n|t:|1783550028\n|switch|p2a: Sinistcha|Sinistcha, L83|100/100\n|move|p1a: Palkia|Hydro Pump|p2a: Sinistcha\n|-resisted|p2a: Sinistcha\n|-damage|p2a: Sinistcha|70/100\n|\n|-heal|p2a: Sinistcha|76/100|[from] item: Leftovers\n|upkeep\n|turn|15\n|inactive|Time left: 300 sec this turn | 300 sec total\n|\n|t:|1783550029\n|move|p1a: Palkia|Spacial Rend|p2a: Sinistcha\n|-damage|p2a: Sinistcha|25/100\n|move|p2a: Sinistcha|Strength Sap|p1a: Palkia\n|-unboost|p1a: Palkia|atk|1\n|-heal|p2a: Sinistcha|98/100\n|\n|-heal|p2a: Sinistcha|100/100|[from] item: Leftovers\n|upkeep\n|turn|16\n|inactive|Time left: 300 sec this turn | 300 sec total\n|\n|t:|1783550030\n|switch|p1a: Swalot|Swalot, L90, M|326/326\n|move|p2a: Sinistcha|Calm Mind|p2a: Sinistcha\n|-boost|p2a: Sinistcha|spa|1\n|-boost|p2a: Sinistcha|spd|1\n|\n|upkeep\n|turn|17\n|inactive|Time left: 300 sec this turn | 300 sec total\n|\n|t:|1783550031\n|move|p2a: Sinistcha|Shadow Ball|p1a: Swalot\n|-damage|p1a: Swalot|178/326\n|move|p1a: Swalot|Toxic|p2a: Sinistcha\n|-status|p2a: Sinistcha|tox\n|\n|-heal|p1a: Swalot|198/326|[from] item: Leftovers\n|-damage|p2a: Sinistcha|95/100 tox|[from] psn\n|upkeep\n|turn|18\n|inactive|Time left: 300 sec this turn | 300 sec total\n|\n|t:|1783550032\n|move|p2a: Sinistcha|Shadow Ball|p1a: Swalot\n|-damage|p1a: Swalot|47/326\n|move|p1a: Swalot|Sludge Bomb|p2a: Sinistcha\n|-damage|p2a: Sinistcha|69/100 tox\n|\n|-heal|p2a: Sinistcha|75/100 tox|[from] item: Leftovers\n|-heal|p1a: Swalot|67/326|[from] item: Leftovers\n|-damage|p2a: Sinistcha|63/100 tox|[from] psn\n|upkeep\n|turn|19\n|inactive|Time left: 300 sec this turn | 300 sec total\n|\n|t:|1783550033\n|move|p1a: Swalot|Protect|p1a: Swalot\n|-singleturn|p1a: Swalot|Protect\n|move|p2a: Sinistcha|Shadow Ball|p1a: Swalot\n|-activate|p1a: Swalot|move: Protect\n|\n|-heal|p2a: Sinistcha|69/100 tox|[from] item: Leftovers\n|-heal|p1a: Swalot|87/326|[from] item: Leftovers\n|-damage|p2a: Sinistcha|51/100 tox|[from] psn\n|upkeep\n|turn|20\n|inactive|Time left: 300 sec this turn | 300 sec total\n|\n|t:|1783550035\n|move|p2a: Sinistcha|Shadow Ball|p1a: Swalot\n|-damage|p1a: Swalot|0 fnt\n|faint|p1a: Swalot\n|\n|-heal|p2a: Sinistcha|57/100 tox|[from] item: Leftovers\n|-damage|p2a: Sinistcha|33/100 tox|[from] psn\n|upkeep\n|inactive|Time left: 300 sec this turn | 300 sec total | 5 sec grace\n|\n|t:|1783550035\n|switch|p1a: Arceus|Arceus-Dragon, L71|288/288\n|turn|21\n|inactive|Time left: 300 sec this turn | 300 sec total\n|\n|t:|1783550037\n|move|p1a: Arceus|Dragon Dance|p1a: Arceus\n|-boost|p1a: Arceus|atk|1\n|-boost|p1a: Arceus|spe|1\n|move|p2a: Sinistcha|Strength Sap|p1a: Arceus\n|-unboost|p1a: Arceus|atk|1\n|-heal|p2a: Sinistcha|100/100 tox\n|\n|-damage|p2a: Sinistcha|71/100 tox|[from] psn\n|upkeep\n|turn|22\n|inactive|Time left: 300 sec this turn | 300 sec total\n|\n|t:|1783550038\n|move|p1a: Arceus|Dragon Dance|p1a: Arceus\n|-boost|p1a: Arceus|atk|1\n|-boost|p1a: Arceus|spe|1\n|move|p2a: Sinistcha|Strength Sap|p1a: Arceus\n|-unboost|p1a: Arceus|atk|1\n|-heal|p2a: Sinistcha|100/100 tox\n|\n|-damage|p2a: Sinistcha|65/100 tox|[from] psn\n|upkeep\n|turn|23\n|inactive|Time left: 300 sec this turn | 300 sec total\n|\n|t:|1783550039\n|move|p1a: Arceus|Dragon Dance|p1a: Arceus\n|-boost|p1a: Arceus|atk|1\n|-boost|p1a: Arceus|spe|1\n|move|p2a: Sinistcha|Strength Sap|p1a: Arceus\n|-unboost|p1a: Arceus|atk|1\n|-heal|p2a: Sinistcha|100/100 tox\n|\n|-damage|p2a: Sinistcha|59/100 tox|[from] psn\n|upkeep\n|turn|24\n|inactive|Time left: 300 sec this turn | 300 sec total\n|\n|t:|1783550040\n|move|p1a: Arceus|Dragon Dance|p1a: Arceus\n|-boost|p1a: Arceus|atk|1\n|-boost|p1a: Arceus|spe|1\n|move|p2a: Sinistcha|Strength Sap|p1a: Arceus\n|-unboost|p1a: Arceus|atk|1\n|-heal|p2a: Sinistcha|100/100 tox\n|\n|-damage|p2a: Sinistcha|53/100 tox|[from] psn\n|upkeep\n|turn|25\n|inactive|Time left: 300 sec this turn | 300 sec total\n|\n|t:|1783550041\n|move|p1a: Arceus|Dragon Dance|p1a: Arceus\n|-boost|p1a: Arceus|atk|1\n|-boost|p1a: Arceus|spe|1\n|move|p2a: Sinistcha|Shadow Ball|p1a: Arceus\n|-damage|p1a: Arceus|143/288\n|\n|-heal|p2a: Sinistcha|59/100 tox|[from] item: Leftovers\n|-damage|p2a: Sinistcha|6/100 tox|[from] psn\n|upkeep\n|turn|26\n|inactive|Time left: 300 sec this turn | 300 sec total\n|\n|t:|1783550042\n|move|p1a: Arceus|Outrage|p2a: Sinistcha\n|-damage|p2a: Sinistcha|0 fnt\n|faint|p2a: Sinistcha\n|\n|upkeep\n|\n|t:|1783550043\n|switch|p2a: Golem|Golem-Alola, L93, F|74/100\n|turn|27\n|inactive|Time left: 300 sec this turn | 300 sec total\n|\n|t:|1783550044\n|move|p1a: Arceus|Outrage|p2a: Golem|[from] lockedmove\n|-crit|p2a: Golem\n|-damage|p2a: Golem|9/100\n|move|p2a: Golem|Explosion|p1a: Arceus\n|-resisted|p1a: Arceus\n|-damage|p1a: Arceus|0 fnt\n|faint|p2a: Golem\n|faint|p1a: Arceus\n|\n|upkeep\n|inactive|Time left: 300 sec this turn | 300 sec total | 5 sec grace\n|\n|t:|1783550045\n|switch|p1a: Palkia|Palkia, L75|154/259\n|switch|p2a: Goodra|Goodra-Hisui, L82, M|100/100\n|-ability|p1a: Palkia|Pressure\n|turn|28\n|inactive|Time left: 300 sec this turn | 300 sec total\n|\n|t:|1783550046\n|-terastallize|p1a: Palkia|Dragon\n|move|p1a: Palkia|Spacial Rend|p2a: Goodra\n|-crit|p2a: Goodra\n|-damage|p2a: Goodra|55/100\n|move|p2a: Goodra|Draco Meteor|p1a: Palkia\n|-supereffective|p1a: Palkia\n|-damage|p1a: Palkia|0 fnt\n|-unboost|p2a: Goodra|spa|2\n|faint|p1a: Palkia\n|\n|win|p0y8719c7b", "uploadtime": 1783550046, "views": 0, "rating": 0, "private": 0, "password": null, "_winner": "p0y8719c7b", "_our_name": "p0x8714468"}