{"id": "battle-gen9randombattle-130", "formatid": "gen9randombattle", "format": "[Gen 9] Random Battle", "players": ["p0x130f366", "p0y130407c"], "log": "|init|battle\n|title|p0x130f366 vs. p0y130407c\n|j|\u2606p0x130f366\n|j|\u2606p0y130407c\n|t:|1783535258\n|gametype|singles\n|player|p1|p0x130f366|1|\n|player|p2|p0y130407c|266|\n|gen|9\n|tier|[Gen 9] Random Battle\n|rule|Species Clause: Limit one of each Pok\u00e9mon\n|rule|HP Percentage Mod: HP is shown in percentages\n|rule|Sleep Clause Mod: Limit one foe put to sleep\n|rule|Illusion Level Mod: Illusion disguises the Pok\u00e9mon's true level\n|\n|t:|1783535258\n|teamsize|p1|6\n|teamsize|p2|6\n|start\n|switch|p1a: Trevenant|Trevenant, L89, M|100/100\n|switch|p2a: Cloyster|Cloyster, L80, M|211/211\n|turn|1\n|inactive|Battle timer is ON: inactive players will automatically lose when time's up. (requested by p0y130407c)\n|inactive|p0x130f366 also wants the timer to be on.\n|\n|t:|1783535259\n|move|p2a: Cloyster|Icicle Spear|p1a: Trevenant\n|-supereffective|p1a: Trevenant\n|-damage|p1a: Trevenant|84/100\n|-supereffective|p1a: Trevenant\n|-damage|p1a: Trevenant|65/100\n|-supereffective|p1a: Trevenant\n|-damage|p1a: Trevenant|46/100\n|-supereffective|p1a: Trevenant\n|-damage|p1a: Trevenant|28/100\n|-supereffective|p1a: Trevenant\n|-damage|p1a: Trevenant|11/100\n|-hitcount|p1a: Trevenant|5\n|move|p1a: Trevenant|Wood Hammer|p2a: Cloyster\n|-supereffective|p2a: Cloyster\n|-damage|p2a: Cloyster|0 fnt\n|faint|p2a: Cloyster\n|-damage|p1a: Trevenant|0 fnt|[from] Recoil\n|faint|p1a: Trevenant\n|\n|upkeep\n|inactive|Time left: 300 sec this turn | 300 sec total | 65 sec grace\n|\n|t:|1783535260\n|switch|p2a: Inteleon|Inteleon, L81, F|246/246\n|switch|p1a: Sinistcha|Sinistcha-Masterpiece, L83|100/100\n|turn|2\n|inactive|Time left: 300 sec this turn | 300 sec total\n|\n|t:|1783535261\n|move|p2a: Inteleon|Ice Beam|p1a: Sinistcha\n|-supereffective|p1a: Sinistcha\n|-damage|p1a: Sinistcha|10/100\n|move|p1a: Sinistcha|Matcha Gotcha|p2a: Inteleon|[miss]\n|-miss|p1a: Sinistcha|p2a: Inteleon\n|\n|-heal|p1a: Sinistcha|16/100|[from] item: Leftovers\n|upkeep\n|turn|3\n|inactive|Time left: 300 sec this turn | 300 sec total\n|\n|t:|1783535261\n|switch|p1a: Emboar|Emboar, L84, M|100/100\n|move|p2a: Inteleon|Ice Beam|p1a: Emboar\n|-resisted|p1a: Emboar\n|-damage|p1a: Emboar|78/100\n|\n|upkeep\n|turn|4\n|inactive|Time left: 300 sec this turn | 300 sec total\n|\n|t:|1783535262\n|switch|p2a: Pecharunt|Pecharunt, L77|262/262\n|move|p1a: Emboar|Flare Blitz|p2a: Pecharunt\n|-damage|p2a: Pecharunt|129/262\n|-damage|p1a: Emboar|64/100|[from] Recoil\n|\n|-heal|p2a: Pecharunt|145/262|[from] item: Leftovers\n|upkeep\n|turn|5\n|inactive|Time left: 300 sec this turn | 300 sec total\n|\n|t:|1783535263\n|-terastallize|p1a: Emboar|Fire\n|move|p1a: Emboar|Flare Blitz|p2a: Pecharunt\n|-damage|p2a: Pecharunt|0 fnt\n|faint|p2a: Pecharunt\n|-damage|p1a: Emboar|50/100|[from] Recoil\n|\n|upkeep\n|inactive|Time left: 300 sec this turn | 300 sec total | 5 sec grace\n|\n|t:|1783535264\n|switch|p2a: Inteleon|Inteleon, L81, F|246/246\n|turn|6\n|inactive|Time left: 300 sec this turn | 300 sec total\n|\n|t:|1783535264\n|switch|p1a: Floatzel|Floatzel, L86, F|100/100\n|move|p2a: Inteleon|Scald|p1a: Floatzel\n|-resisted|p1a: Floatzel\n|-damage|p1a: Floatzel|63/100\n|\n|upkeep\n|turn|7\n|inactive|Time left: 300 sec this turn | 300 sec total\n|\n|t:|1783535265\n|move|p1a: Floatzel|Wave Crash|p2a: Inteleon\n|-resisted|p2a: Inteleon\n|-damage|p2a: Inteleon|107/246\n|-damage|p1a: Floatzel|47/100|[from] Recoil\n|move|p2a: Inteleon|Scald|p1a: Floatzel\n|-resisted|p1a: Floatzel\n|-damage|p1a: Floatzel|9/100\n|\n|upkeep\n|turn|8\n|inactive|Time left: 300 sec this turn | 300 sec total\n|\n|t:|1783535266\n|switch|p2a: Serperior|Serperior, L79, M|248/248\n|move|p1a: Floatzel|Wave Crash|p2a: Serperior\n|-resisted|p2a: Serperior\n|-damage|p2a: Serperior|134/248\n|-damage|p1a: Floatzel|0 fnt|[from] Recoil\n|faint|p1a: Floatzel\n|\n|-heal|p2a: Serperior|149/248|[from] item: Leftovers\n|upkeep\n|\n|t:|1783535267\n|switch|p1a: Emboar|Emboar, L84, M, tera:Fire|50/100\n|turn|9\n|inactive|Time left: 300 sec this turn | 300 sec total\n|\n|t:|1783535268\n|move|p1a: Emboar|Flare Blitz|p2a: Serperior\n|-supereffective|p2a: Serperior\n|-crit|p2a: Serperior\n|-damage|p2a: Serperior|0 fnt\n|faint|p2a: Serperior\n|-damage|p1a: Emboar|34/100|[from] Recoil\n|\n|upkeep\n|inactive|Time left: 300 sec this turn | 300 sec total | 5 sec grace\n|\n|t:|1783535269\n|switch|p2a: Inteleon|Inteleon, L81, F|107/246\n|turn|10\n|inactive|Time left: 300 sec this turn | 300 sec total\n|\n|t:|1783535269\n|move|p2a: Inteleon|Scald|p1a: Emboar\n|-supereffective|p1a: Emboar\n|-damage|p1a: Emboar|0 fnt\n|faint|p1a: Emboar\n|\n|upkeep\n|\n|t:|1783535270\n|switch|p1a: Torkoal|Torkoal, L88, M|100/100\n|-weather|SunnyDay|[from] ability: Drought|[of] p1a: Torkoal\n|turn|11\n|inactive|Time left: 300 sec this turn | 300 sec total\n|\n|t:|1783535271\n|move|p2a: Inteleon|Scald|p1a: Torkoal\n|-supereffective|p1a: Torkoal\n|-damage|p1a: Torkoal|40/100\n|move|p1a: Torkoal|Solar Beam||[still]\n|-prepare|p1a: Torkoal|Solar Beam\n|-anim|p1a: Torkoal|Solar Beam|p2a: Inteleon\n|-supereffective|p2a: Inteleon\n|-crit|p2a: Inteleon\n|-damage|p2a: Inteleon|0 fnt\n|faint|p2a: Inteleon\n|\n|-weather|SunnyDay|[upkeep]\n|upkeep\n|inactive|Time left: 300 sec this turn | 300 sec total | 5 sec grace\n|\n|t:|1783535272\n|switch|p2a: Espathra|Espathra, L80, M|283/283\n|turn|12\n|inactive|Time left: 300 sec this turn | 300 sec total\n|\n|t:|1783535273\n|move|p2a: Espathra|Lumina Crash|p1a: Torkoal\n|-damage|p1a: Torkoal|0 fnt\n|faint|p1a: Torkoal\n|\n|-weather|SunnyDay|[upkeep]\n|-ability|p2a: Espathra|Speed Boost|boost\n|-boost|p2a: Espathra|spe|1\n|upkeep\n|\n|t:|1783535274\n|switch|p1a: Furret|Furret, L94, M|100/100\n|-item|p2a: Espathra|Choice Specs|[from] ability: Frisk|[of] p1a: Furret\n|turn|13\n|inactive|Time left: 300 sec this turn | 300 sec total\n|\n|t:|1783535275\n|-terastallize|p2a: Espathra|Psychic\n|move|p2a: Espathra|Lumina Crash|p1a: Furret\n|-damage|p1a: Furret|33/100\n|-unboost|p1a: Furret|spd|2\n|move|p1a: Furret|Double-Edge|p2a: Espathra\n|-damage|p2a: Espathra|32/283\n|-damage|p1a: Furret|6/100|[from] Recoil\n|-damage|p1a: Furret|0 fnt|[from] item: Life Orb\n|faint|p1a: Furret\n|\n|-weather|SunnyDay|[upkeep]\n|-ability|p2a: Espathra|Speed Boost|boost\n|-boost|p2a: Espathra|spe|1\n|upkeep\n|\n|t:|1783535276\n|switch|p1a: Sinistcha|Sinistcha-Masterpiece, L83|16/100\n|turn|14\n|inactive|Time left: 300 sec this turn | 300 sec total\n|\n|t:|1783535277\n|move|p2a: Espathra|Lumina Crash|p1a: Sinistcha\n|-damage|p1a: Sinistcha|0 fnt\n|faint|p1a: Sinistcha\n|\n|win|p0y130407c", "uploadtime": 1783535277, "views": 0, "rating": 0, "private": 0, "password": null, "_winner": "p0y130407c", "_our_name": "p0y130407c"}