{"id": "battle-gen9randombattle-149", "formatid": "gen9randombattle", "format": "[Gen 9] Random Battle", "players": ["p0x1491231", "p0y14996fd"], "log": "|init|battle\n|title|p0x1491231 vs. p0y14996fd\n|j|\u2606p0x1491231\n|j|\u2606p0y14996fd\n|t:|1783540894\n|gametype|singles\n|player|p1|p0x1491231|2|\n|player|p2|p0y14996fd|265|\n|gen|9\n|tier|[Gen 9] Random Battle\n|rule|Species Clause: Limit one of each Pok\u00e9mon\n|rule|HP Percentage Mod: HP is shown in percentages\n|rule|Sleep Clause Mod: Limit one foe put to sleep\n|rule|Illusion Level Mod: Illusion disguises the Pok\u00e9mon's true level\n|\n|t:|1783540894\n|teamsize|p1|6\n|teamsize|p2|6\n|start\n|switch|p1a: Drifblim|Drifblim, L86, F|396/396\n|switch|p2a: Salazzle|Salazzle, L83, F|100/100\n|turn|1\n|inactive|Battle timer is ON: inactive players will automatically lose when time's up. (requested by p0x1491231)\n|\n|t:|1783540896\n|move|p2a: Salazzle|Toxic|p1a: Drifblim\n|-status|p1a: Drifblim|tox\n|move|p1a: Drifblim|Air Slash|p2a: Salazzle\n|-damage|p2a: Salazzle|61/100\n|\n|-heal|p2a: Salazzle|67/100|[from] item: Leftovers\n|-damage|p1a: Drifblim|372/396 tox|[from] psn\n|upkeep\n|turn|2\n|inactive|Time left: 300 sec this turn | 300 sec total\n|inactive|p0y14996fd also wants the timer to be on.\n|\n|t:|1783540897\n|move|p2a: Salazzle|Flamethrower|p1a: Drifblim\n|-damage|p1a: Drifblim|216/396 tox\n|move|p1a: Drifblim|Calm Mind|p1a: Drifblim\n|-boost|p1a: Drifblim|spa|1\n|-boost|p1a: Drifblim|spd|1\n|\n|-heal|p2a: Salazzle|73/100|[from] item: Leftovers\n|-damage|p1a: Drifblim|168/396 tox|[from] psn\n|upkeep\n|-enditem|p1a: Drifblim|Sitrus Berry|[eat]\n|-heal|p1a: Drifblim|267/396 tox|[from] item: Sitrus Berry\n|turn|3\n|inactive|Time left: 300 sec this turn | 300 sec total\n|\n|t:|1783540898\n|move|p2a: Salazzle|Protect|p2a: Salazzle\n|-singleturn|p2a: Salazzle|Protect\n|move|p1a: Drifblim|Calm Mind|p1a: Drifblim\n|-boost|p1a: Drifblim|spa|1\n|-boost|p1a: Drifblim|spd|1\n|\n|-heal|p2a: Salazzle|79/100|[from] item: Leftovers\n|-damage|p1a: Drifblim|195/396 tox|[from] psn\n|upkeep\n|turn|4\n|inactive|Time left: 300 sec this turn | 300 sec total\n|\n|t:|1783540899\n|switch|p2a: Chi-Yu|Chi-Yu, L77|100/100\n|-ability|p2a: Chi-Yu|Beads of Ruin\n|move|p1a: Drifblim|Shadow Ball|p2a: Chi-Yu\n|-resisted|p2a: Chi-Yu\n|-damage|p2a: Chi-Yu|66/100\n|\n|-damage|p1a: Drifblim|99/396 tox|[from] psn\n|upkeep\n|turn|5\n|inactive|Time left: 300 sec this turn | 300 sec total\n|\n|t:|1783540900\n|move|p1a: Drifblim|Air Slash|p2a: Chi-Yu|[miss]\n|-miss|p1a: Drifblim|p2a: Chi-Yu\n|move|p2a: Chi-Yu|Dark Pulse|p1a: Drifblim\n|-supereffective|p1a: Drifblim\n|-damage|p1a: Drifblim|0 fnt\n|faint|p1a: Drifblim\n|\n|upkeep\n|inactive|Time left: 300 sec this turn | 300 sec total | 5 sec grace\n|\n|t:|1783540901\n|switch|p1a: Tornadus|Tornadus, L82, M|263/263\n|turn|6\n|inactive|Time left: 300 sec this turn | 300 sec total\n|\n|t:|1783540902\n|move|p1a: Tornadus|Bleakwind Storm|p2a: Chi-Yu\n|-damage|p2a: Chi-Yu|0 fnt\n|faint|p2a: Chi-Yu\n|\n|upkeep\n|\n|t:|1783540903\n|switch|p2a: Azumarill|Azumarill, L82, F|100/100\n|turn|7\n|inactive|Time left: 300 sec this turn | 300 sec total\n|\n|t:|1783540904\n|move|p1a: Tornadus|Bleakwind Storm|p2a: Azumarill\n|-crit|p2a: Azumarill\n|-damage|p2a: Azumarill|0 fnt\n|faint|p2a: Azumarill\n|\n|upkeep\n|\n|t:|1783540905\n|switch|p2a: Grafaiai|Grafaiai, L86, M|100/100\n|turn|8\n|inactive|Time left: 300 sec this turn | 300 sec total\n|\n|t:|1783540906\n|move|p2a: Grafaiai|Gunk Shot|p1a: Tornadus\n|-damage|p1a: Tornadus|106/263\n|move|p1a: Tornadus|Bleakwind Storm|p2a: Grafaiai\n|-damage|p2a: Grafaiai|10/100\n|\n|upkeep\n|turn|9\n|inactive|Time left: 300 sec this turn | 300 sec total\n|\n|t:|1783540907\n|move|p2a: Grafaiai|Gunk Shot|p1a: Tornadus\n|-damage|p1a: Tornadus|0 fnt\n|faint|p1a: Tornadus\n|\n|upkeep\n|inactive|Time left: 300 sec this turn | 300 sec total | 5 sec grace\n|\n|t:|1783540908\n|switch|p1a: Donphan|Donphan, L84, M|288/288\n|turn|10\n|inactive|Time left: 300 sec this turn | 300 sec total\n|\n|t:|1783540908\n|move|p2a: Grafaiai|Parting Shot|p1a: Donphan\n|-unboost|p1a: Donphan|atk|1\n|-unboost|p1a: Donphan|spa|1\n|\n|t:|1783540909\n|switch|p2a: Spidops|Spidops, L96, F|100/100|[from] Parting Shot\n|move|p1a: Donphan|Rapid Spin|p2a: Spidops\n|-crit|p2a: Spidops\n|-damage|p2a: Spidops|81/100\n|-boost|p1a: Donphan|spe|1\n|\n|upkeep\n|turn|11\n|inactive|Time left: 300 sec this turn | 300 sec total\n|\n|t:|1783540910\n|move|p1a: Donphan|Knock Off|p2a: Spidops\n|-damage|p2a: Spidops|64/100\n|-enditem|p2a: Spidops|Heavy-Duty Boots|[from] move: Knock Off|[of] p1a: Donphan\n|move|p2a: Spidops|Sticky Web|p1a: Donphan\n|-sidestart|p1: p0x1491231|move: Sticky Web\n|\n|upkeep\n|turn|12\n|inactive|Time left: 300 sec this turn | 300 sec total\n|\n|t:|1783540911\n|move|p1a: Donphan|Rapid Spin|p2a: Spidops\n|-damage|p2a: Spidops|55/100\n|-boost|p1a: Donphan|spe|1\n|-sideend|p1: p0x1491231|Sticky Web|[from] move: Rapid Spin|[of] p1a: Donphan\n|move|p2a: Spidops|Spikes|p1a: Donphan\n|-sidestart|p1: p0x1491231|Spikes\n|\n|upkeep\n|turn|13\n|inactive|Time left: 300 sec this turn | 300 sec total\n|\n|t:|1783540912\n|move|p1a: Donphan|Stealth Rock|p2a: Spidops\n|-sidestart|p2: p0y14996fd|move: Stealth Rock\n|move|p2a: Spidops|Sticky Web|p1a: Donphan\n|-sidestart|p1: p0x1491231|move: Sticky Web\n|\n|upkeep\n|turn|14\n|inactive|Time left: 300 sec this turn | 300 sec total\n|\n|t:|1783540913\n|-terastallize|p2a: Spidops|Ghost\n|move|p1a: Donphan|Rapid Spin|p2a: Spidops\n|-immune|p2a: Spidops\n|move|p2a: Spidops|Knock Off|p1a: Donphan\n|-damage|p1a: Donphan|229/288\n|-enditem|p1a: Donphan|Leftovers|[from] move: Knock Off|[of] p2a: Spidops\n|\n|upkeep\n|turn|15\n|inactive|Time left: 300 sec this turn | 300 sec total\n|\n|t:|1783540914\n|move|p1a: Donphan|Earthquake|p2a: Spidops\n|-damage|p2a: Spidops|30/100\n|move|p2a: Spidops|Circle Throw|p1a: Donphan\n|-crit|p1a: Donphan\n|-damage|p1a: Donphan|176/288\n|drag|p1a: Milotic|Milotic, L83, M|293/293\n|-damage|p1a: Milotic|257/293|[from] Spikes\n|-activate|p1a: Milotic|move: Sticky Web\n|-unboost|p1a: Milotic|spe|1\n|-ability|p1a: Milotic|Competitive|boost\n|-boost|p1a: Milotic|spa|2\n|\n|-heal|p1a: Milotic|275/293|[from] item: Leftovers\n|upkeep\n|turn|16\n|inactive|Time left: 300 sec this turn | 300 sec total\n|\n|t:|1783540915\n|move|p2a: Spidops|Knock Off|p1a: Milotic\n|-damage|p1a: Milotic|184/293\n|-enditem|p1a: Milotic|Leftovers|[from] move: Knock Off|[of] p2a: Spidops\n|move|p1a: Milotic|Ice Beam|p2a: Spidops\n|-damage|p2a: Spidops|0 fnt\n|faint|p2a: Spidops\n|\n|upkeep\n|\n|t:|1783540916\n|switch|p2a: Grafaiai|Grafaiai, L86, M|10/100\n|turn|17\n|inactive|Time left: 300 sec this turn | 300 sec total\n|\n|t:|1783540917\n|move|p2a: Grafaiai|Gunk Shot|p1a: Milotic|[miss]\n|-miss|p2a: Grafaiai|p1a: Milotic\n|move|p1a: Milotic|Recover|p1a: Milotic\n|-heal|p1a: Milotic|293/293\n|\n|upkeep\n|turn|18\n|inactive|Time left: 300 sec this turn | 300 sec total\n|\n|t:|1783540919\n|move|p2a: Grafaiai|Encore|p1a: Milotic\n|-start|p1a: Milotic|Encore\n|move|p1a: Milotic|Recover||[still]\n|-fail|p1a: Milotic|heal\n|\n|upkeep\n|turn|19\n|inactive|Time left: 300 sec this turn | 300 sec total\n|\n|t:|1783540920\n|switch|p1a: Donphan|Donphan, L84, M|176/288\n|-damage|p1a: Donphan|140/288|[from] Spikes\n|-activate|p1a: Donphan|move: Sticky Web\n|-unboost|p1a: Donphan|spe|1\n|move|p2a: Grafaiai|Gunk Shot|p1a: Donphan\n|-resisted|p1a: Donphan\n|-damage|p1a: Donphan|84/288\n|-status|p1a: Donphan|psn\n|\n|-damage|p1a: Donphan|48/288 psn|[from] psn\n|upkeep\n|turn|20\n|inactive|Time left: 300 sec this turn | 300 sec total\n|\n|t:|1783540921\n|-terastallize|p1a: Donphan|Steel\n|move|p2a: Grafaiai|Gunk Shot|p1a: Donphan\n|-immune|p1a: Donphan\n|move|p1a: Donphan|Rapid Spin|p2a: Grafaiai\n|-damage|p2a: Grafaiai|0 fnt\n|-boost|p1a: Donphan|spe|1\n|-sideend|p1: p0x1491231|Spikes|[from] move: Rapid Spin|[of] p1a: Donphan\n|-sideend|p1: p0x1491231|Sticky Web|[from] move: Rapid Spin|[of] p1a: Donphan\n|faint|p2a: Grafaiai\n|\n|-damage|p1a: Donphan|12/288 psn|[from] psn\n|upkeep\n|\n|t:|1783540922\n|switch|p2a: Salazzle|Salazzle, L83, F|79/100\n|-damage|p2a: Salazzle|54/100|[from] Stealth Rock\n|turn|21\n|inactive|Time left: 300 sec this turn | 300 sec total\n|\n|t:|1783540923\n|switch|p1a: Milotic|Milotic, L83, M|293/293\n|move|p2a: Salazzle|Flamethrower|p1a: Milotic\n|-resisted|p1a: Milotic\n|-damage|p1a: Milotic|254/293\n|\n|-heal|p2a: Salazzle|60/100|[from] item: Leftovers\n|upkeep\n|turn|22\n|inactive|Time left: 300 sec this turn | 300 sec total\n|\n|t:|1783540924\n|move|p2a: Salazzle|Substitute|p2a: Salazzle\n|-start|p2a: Salazzle|Substitute\n|-damage|p2a: Salazzle|35/100\n|move|p1a: Milotic|Scald|p2a: Salazzle\n|-supereffective|p2a: Salazzle\n|-end|p2a: Salazzle|Substitute\n|\n|-heal|p2a: Salazzle|41/100|[from] item: Leftovers\n|upkeep\n|turn|23\n|inactive|Time left: 300 sec this turn | 300 sec total\n|\n|t:|1783540925\n|move|p2a: Salazzle|Protect|p2a: Salazzle\n|-singleturn|p2a: Salazzle|Protect\n|move|p1a: Milotic|Scald|p2a: Salazzle\n|-activate|p2a: Salazzle|move: Protect\n|\n|-heal|p2a: Salazzle|47/100|[from] item: Leftovers\n|upkeep\n|turn|24\n|inactive|Time left: 300 sec this turn | 300 sec total\n|\n|t:|1783540926\n|move|p2a: Salazzle|Substitute|p2a: Salazzle\n|-start|p2a: Salazzle|Substitute\n|-damage|p2a: Salazzle|22/100\n|move|p1a: Milotic|Scald|p2a: Salazzle\n|-supereffective|p2a: Salazzle\n|-end|p2a: Salazzle|Substitute\n|\n|-heal|p2a: Salazzle|28/100|[from] item: Leftovers\n|upkeep\n|turn|25\n|inactive|Time left: 300 sec this turn | 300 sec total\n|\n|t:|1783540927\n|move|p2a: Salazzle|Protect|p2a: Salazzle\n|-singleturn|p2a: Salazzle|Protect\n|move|p1a: Milotic|Scald|p2a: Salazzle\n|-activate|p2a: Salazzle|move: Protect\n|\n|-heal|p2a: Salazzle|34/100|[from] item: Leftovers\n|upkeep\n|turn|26\n|inactive|Time left: 300 sec this turn | 300 sec total\n|\n|t:|1783540928\n|move|p2a: Salazzle|Substitute|p2a: Salazzle\n|-start|p2a: Salazzle|Substitute\n|-damage|p2a: Salazzle|9/100\n|move|p1a: Milotic|Scald|p2a: Salazzle\n|-supereffective|p2a: Salazzle\n|-end|p2a: Salazzle|Substitute\n|\n|-heal|p2a: Salazzle|15/100|[from] item: Leftovers\n|upkeep\n|turn|27\n|inactive|Time left: 300 sec this turn | 300 sec total\n|\n|t:|1783540930\n|move|p2a: Salazzle|Protect|p2a: Salazzle\n|-singleturn|p2a: Salazzle|Protect\n|move|p1a: Milotic|Ice Beam|p2a: Salazzle\n|-activate|p2a: Salazzle|move: Protect\n|\n|-heal|p2a: Salazzle|21/100|[from] item: Leftovers\n|upkeep\n|turn|28\n|inactive|Time left: 300 sec this turn | 300 sec total\n|\n|t:|1783540930\n|move|p2a: Salazzle|Toxic|p1a: Milotic\n|-status|p1a: Milotic|tox\n|move|p1a: Milotic|Scald|p2a: Salazzle\n|-supereffective|p2a: Salazzle\n|-damage|p2a: Salazzle|0 fnt\n|faint|p2a: Salazzle\n|\n|-damage|p1a: Milotic|236/293 tox|[from] psn\n|upkeep\n|\n|t:|1783540931\n|switch|p2a: Meloetta|Meloetta, L82|100/100\n|-damage|p2a: Meloetta|88/100|[from] Stealth Rock\n|turn|29\n|inactive|Time left: 300 sec this turn | 300 sec total\n|\n|t:|1783540932\n|switch|p1a: Muk|Muk-Alola, L82, F|306/306\n|move|p2a: Meloetta|Triple Axel|p1a: Muk\n|-damage|p1a: Muk|289/306\n|-damage|p1a: Muk|257/306\n|-damage|p1a: Muk|209/306\n|-hitcount|p1a: Muk|3\n|-damage|p2a: Meloetta|78/100|[from] item: Life Orb\n|\n|upkeep\n|turn|30\n|inactive|Time left: 300 sec this turn | 300 sec total\n|\n|t:|1783540933\n|move|p2a: Meloetta|Relic Song|p1a: Muk\n|-damage|p1a: Muk|138/306\n|-formechange|p2a: Meloetta|Meloetta-Pirouette|[msg]\n|-damage|p2a: Meloetta|69/100|[from] item: Life Orb\n|move|p1a: Muk|Knock Off|p2a: Meloetta\n|-resisted|p2a: Meloetta\n|-damage|p2a: Meloetta|49/100\n|-enditem|p2a: Meloetta|Life Orb|[from] move: Knock Off|[of] p1a: Muk\n|\n|upkeep\n|turn|31\n|inactive|Time left: 300 sec this turn | 300 sec total\n|\n|t:|1783540934\n|move|p2a: Meloetta|Relic Song|p1a: Muk\n|-damage|p1a: Muk|102/306\n|-formechange|p2a: Meloetta|Meloetta|[msg]\n|move|p1a: Muk|Drain Punch|p2a: Meloetta\n|-damage|p2a: Meloetta|27/100\n|-heal|p1a: Muk|135/306|[from] drain|[of] p2a: Meloetta\n|\n|upkeep\n|turn|32\n|inactive|Time left: 300 sec this turn | 300 sec total\n|\n|t:|1783540935\n|move|p2a: Meloetta|Relic Song|p1a: Muk\n|-damage|p1a: Muk|71/306\n|-status|p1a: Muk|slp|[from] move: Relic Song\n|-formechange|p2a: Meloetta|Meloetta-Pirouette|[msg]\n|cant|p1a: Muk|slp\n|\n|upkeep\n|turn|33\n|inactive|Time left: 300 sec this turn | 300 sec total\n|\n|t:|1783540936\n|switch|p1a: Donphan|Donphan, L84, M, tera:Steel|12/288 psn\n|move|p2a: Meloetta|Triple Axel|p1a: Donphan\n|-resisted|p1a: Donphan\n|-damage|p1a: Donphan|6/288 psn\n|-resisted|p1a: Donphan\n|-damage|p1a: Donphan|0 fnt\n|faint|p1a: Donphan\n|-hitcount|p1: Donphan|2\n|\n|upkeep\n|inactive|Time left: 300 sec this turn | 300 sec total | 5 sec grace\n|\n|t:|1783540937\n|switch|p1a: Milotic|Milotic, L83, M|236/293 tox\n|turn|34\n|inactive|Time left: 300 sec this turn | 300 sec total\n|\n|t:|1783540938\n|move|p2a: Meloetta|Close Combat|p1a: Milotic\n|-damage|p1a: Milotic|82/293 tox\n|-unboost|p2a: Meloetta|def|1\n|-unboost|p2a: Meloetta|spd|1\n|move|p1a: Milotic|Scald|p2a: Meloetta\n|-damage|p2a: Meloetta|0 fnt\n|faint|p2a: Meloetta\n|\n|win|p0x1491231", "uploadtime": 1783540938, "views": 0, "rating": 0, "private": 0, "password": null, "_winner": "p0x1491231", "_our_name": "p0x1491231"}