{"id": "battle-gen9randombattle-2408", "formatid": "gen9randombattle", "format": "[Gen 9] Random Battle", "players": ["p0x2408d538", "p0y2408985d"], "log": "|init|battle\n|title|p0x2408d538 vs. p0y2408985d\n|j|\u2606p0x2408d538\n|j|\u2606p0y2408985d\n|t:|1783566940\n|gametype|singles\n|player|p1|p0x2408d538|1|\n|player|p2|p0y2408985d|169|\n|gen|9\n|tier|[Gen 9] Random Battle\n|rule|Species Clause: Limit one of each Pok\u00e9mon\n|rule|HP Percentage Mod: HP is shown in percentages\n|rule|Sleep Clause Mod: Limit one foe put to sleep\n|rule|Illusion Level Mod: Illusion disguises the Pok\u00e9mon's true level\n|\n|t:|1783566940\n|teamsize|p1|6\n|teamsize|p2|6\n|start\n|switch|p1a: Jolteon|Jolteon, L84, F|246/246\n|switch|p2a: Hypno|Hypno, L95, M|100/100\n|turn|1\n|inactive|Battle timer is ON: inactive players will automatically lose when time's up. (requested by p0y2408985d)\n|inactive|Time left: 300 sec this turn | 300 sec total | 60 sec grace\n|inactive|p0x2408d538 also wants the timer to be on.\n|\n|t:|1783566941\n|move|p1a: Jolteon|Calm Mind|p1a: Jolteon\n|-boost|p1a: Jolteon|spa|1\n|-boost|p1a: Jolteon|spd|1\n|move|p2a: Hypno|Focus Blast|p1a: Jolteon\n|-damage|p1a: Jolteon|189/246\n|\n|upkeep\n|turn|2\n|inactive|Time left: 300 sec this turn | 300 sec total\n|\n|t:|1783566942\n|move|p1a: Jolteon|Shadow Ball|p2a: Hypno\n|-supereffective|p2a: Hypno\n|-damage|p2a: Hypno|48/100\n|-damage|p1a: Jolteon|165/246|[from] item: Life Orb\n|move|p2a: Hypno|Toxic|p1a: Jolteon\n|-status|p1a: Jolteon|tox\n|\n|-heal|p2a: Hypno|54/100|[from] item: Leftovers\n|-damage|p1a: Jolteon|150/246 tox|[from] psn\n|upkeep\n|turn|3\n|inactive|Time left: 300 sec this turn | 300 sec total\n|\n|t:|1783566943\n|switch|p2a: Frosmoth|Frosmoth, L82, F|100/100\n|move|p1a: Jolteon|Shadow Ball|p2a: Frosmoth\n|-damage|p2a: Frosmoth|76/100\n|-damage|p1a: Jolteon|126/246 tox|[from] item: Life Orb\n|\n|-damage|p1a: Jolteon|96/246 tox|[from] psn\n|upkeep\n|turn|4\n|inactive|Time left: 300 sec this turn | 300 sec total\n|\n|t:|1783566944\n|move|p1a: Jolteon|Thunderbolt|p2a: Frosmoth\n|-damage|p2a: Frosmoth|37/100\n|-damage|p1a: Jolteon|72/246 tox|[from] item: Life Orb\n|move|p2a: Frosmoth|Quiver Dance|p2a: Frosmoth\n|-boost|p2a: Frosmoth|spa|1\n|-boost|p2a: Frosmoth|spd|1\n|-boost|p2a: Frosmoth|spe|1\n|\n|-damage|p1a: Jolteon|27/246 tox|[from] psn\n|upkeep\n|turn|5\n|inactive|Time left: 300 sec this turn | 300 sec total\n|\n|t:|1783566945\n|move|p1a: Jolteon|Thunderbolt|p2a: Frosmoth\n|-damage|p2a: Frosmoth|12/100\n|-damage|p1a: Jolteon|3/246 tox|[from] item: Life Orb\n|move|p2a: Frosmoth|Quiver Dance|p2a: Frosmoth\n|-boost|p2a: Frosmoth|spa|1\n|-boost|p2a: Frosmoth|spd|1\n|-boost|p2a: Frosmoth|spe|1\n|\n|-damage|p1a: Jolteon|0 fnt|[from] psn\n|faint|p1a: Jolteon\n|upkeep\n|inactive|Time left: 300 sec this turn | 300 sec total | 5 sec grace\n|\n|t:|1783566946\n|switch|p1a: Mabosstiff|Mabosstiff, L86, M|278/278\n|turn|6\n|inactive|Time left: 300 sec this turn | 300 sec total\n|\n|t:|1783566947\n|move|p2a: Frosmoth|Bug Buzz|p1a: Mabosstiff\n|-supereffective|p1a: Mabosstiff\n|-damage|p1a: Mabosstiff|0 fnt\n|faint|p1a: Mabosstiff\n|\n|upkeep\n|inactive|Time left: 300 sec this turn | 300 sec total | 5 sec grace\n|\n|t:|1783566948\n|switch|p1a: Duraludon|Duraludon, L82, M|249/249\n|turn|7\n|inactive|Time left: 300 sec this turn | 300 sec total\n|\n|t:|1783566949\n|-terastallize|p2a: Frosmoth|Ground\n|move|p2a: Frosmoth|Tera Blast|p1a: Duraludon|[anim] Tera Blast Ground\n|-supereffective|p1a: Duraludon\n|-damage|p1a: Duraludon|0 fnt\n|faint|p1a: Duraludon\n|\n|upkeep\n|inactive|Time left: 300 sec this turn | 300 sec total | 5 sec grace\n|\n|t:|1783566950\n|switch|p1a: Grumpig|Grumpig, L92, F|297/297\n|turn|8\n|inactive|Time left: 300 sec this turn | 300 sec total\n|\n|t:|1783566951\n|-terastallize|p1a: Grumpig|Fighting\n|move|p2a: Frosmoth|Bug Buzz|p1a: Grumpig\n|-resisted|p1a: Grumpig\n|-damage|p1a: Grumpig|208/297\n|-unboost|p1a: Grumpig|spd|1\n|move|p1a: Grumpig|Psyshock|p2a: Frosmoth\n|-damage|p2a: Frosmoth|0 fnt\n|faint|p2a: Frosmoth\n|\n|-heal|p1a: Grumpig|226/297|[from] item: Leftovers\n|upkeep\n|\n|t:|1783566952\n|switch|p2a: Hypno|Hypno, L95, M|54/100\n|turn|9\n|inactive|Time left: 300 sec this turn | 300 sec total\n|\n|t:|1783566953\n|move|p1a: Grumpig|Nasty Plot|p1a: Grumpig\n|-boost|p1a: Grumpig|spa|2\n|move|p2a: Hypno|Psychic Noise|p1a: Grumpig\n|-supereffective|p1a: Grumpig\n|-damage|p1a: Grumpig|32/297\n|-start|p1a: Grumpig|move: Heal Block\n|\n|-heal|p2a: Hypno|60/100|[from] item: Leftovers\n|upkeep\n|turn|10\n|inactive|Time left: 300 sec this turn | 300 sec total\n|\n|t:|1783566954\n|move|p1a: Grumpig|Shadow Ball|p2a: Hypno\n|-supereffective|p2a: Hypno\n|-damage|p2a: Hypno|6/100\n|-unboost|p2a: Hypno|spd|1\n|move|p2a: Hypno|Psychic Noise|p1a: Grumpig\n|-supereffective|p1a: Grumpig\n|-damage|p1a: Grumpig|0 fnt\n|faint|p1a: Grumpig\n|\n|-heal|p2a: Hypno|12/100|[from] item: Leftovers\n|upkeep\n|inactive|Time left: 300 sec this turn | 300 sec total | 5 sec grace\n|\n|t:|1783566955\n|switch|p1a: Grafaiai|Grafaiai, L86, F|249/249\n|turn|11\n|inactive|Time left: 300 sec this turn | 300 sec total\n|\n|t:|1783566956\n|move|p1a: Grafaiai|Swords Dance|p1a: Grafaiai\n|-boost|p1a: Grafaiai|atk|2\n|move|p2a: Hypno|Psychic Noise|p1a: Grafaiai\n|-supereffective|p1a: Grafaiai\n|-damage|p1a: Grafaiai|57/249\n|-start|p1a: Grafaiai|move: Heal Block\n|\n|-heal|p2a: Hypno|18/100|[from] item: Leftovers\n|upkeep\n|turn|12\n|inactive|Time left: 300 sec this turn | 300 sec total\n|\n|t:|1783566957\n|move|p1a: Grafaiai|Knock Off|p2a: Hypno\n|-supereffective|p2a: Hypno\n|-damage|p2a: Hypno|0 fnt\n|-enditem|p2a: Hypno|Leftovers|[from] move: Knock Off|[of] p1a: Grafaiai\n|faint|p2a: Hypno\n|-damage|p1a: Grafaiai|33/249|[from] item: Life Orb\n|\n|-end|p1a: Grafaiai|move: Heal Block\n|upkeep\n|\n|t:|1783566958\n|switch|p2a: Weavile|Weavile, L79, F|100/100\n|turn|13\n|inactive|Time left: 300 sec this turn | 300 sec total\n|\n|t:|1783566959\n|move|p2a: Weavile|Knock Off|p1a: Grafaiai\n|-damage|p1a: Grafaiai|0 fnt\n|-enditem|p1a: Grafaiai|Life Orb|[from] move: Knock Off|[of] p2a: Weavile\n|faint|p1a: Grafaiai\n|\n|upkeep\n|inactive|Time left: 300 sec this turn | 300 sec total | 5 sec grace\n|\n|t:|1783566960\n|switch|p1a: Azelf|Azelf, L82|257/257\n|turn|14\n|inactive|Time left: 300 sec this turn | 300 sec total\n|\n|t:|1783566960\n|move|p2a: Weavile|Knock Off|p1a: Azelf\n|-supereffective|p1a: Azelf\n|-damage|p1a: Azelf|0 fnt\n|-enditem|p1a: Azelf|Life Orb|[from] move: Knock Off|[of] p2a: Weavile\n|faint|p1a: Azelf\n|\n|win|p0y2408985d", "uploadtime": 1783566960, "views": 0, "rating": 0, "private": 0, "password": null, "_winner": "p0y2408985d", "_our_name": "p0x2408d538"}