{"id": "battle-gen9randombattle-565", "formatid": "gen9randombattle", "format": "[Gen 9] Random Battle", "players": ["p0x5656a97", "p0y565b0be"], "log": "|init|battle\n|title|p0x5656a97 vs. p0y565b0be\n|j|\u2606p0x5656a97\n|j|\u2606p0y565b0be\n|t:|1783545628\n|gametype|singles\n|player|p1|p0x5656a97|265|\n|player|p2|p0y565b0be|170|\n|gen|9\n|tier|[Gen 9] Random Battle\n|rule|Species Clause: Limit one of each Pok\u00e9mon\n|rule|HP Percentage Mod: HP is shown in percentages\n|rule|Sleep Clause Mod: Limit one foe put to sleep\n|rule|Illusion Level Mod: Illusion disguises the Pok\u00e9mon's true level\n|\n|t:|1783545628\n|teamsize|p1|6\n|teamsize|p2|6\n|start\n|switch|p1a: Kilowattrel|Kilowattrel, L83, M|100/100\n|switch|p2a: Vespiquen|Vespiquen, L99, F|299/299\n|-ability|p2a: Vespiquen|Pressure\n|turn|1\n|inactive|Battle timer is ON: inactive players will automatically lose when time's up. (requested by p0x5656a97)\n|inactive|Time left: 300 sec this turn | 300 sec total | 60 sec grace\n|inactive|p0y565b0be also wants the timer to be on.\n|\n|t:|1783545630\n|move|p1a: Kilowattrel|Thunderbolt|p2a: Vespiquen\n|-supereffective|p2a: Vespiquen\n|-damage|p2a: Vespiquen|143/299\n|move|p2a: Vespiquen|U-turn|p1a: Kilowattrel\n|-resisted|p1a: Kilowattrel\n|-damage|p1a: Kilowattrel|78/100\n|inactive|Time left: 300 sec this turn | 300 sec total | 65 sec grace\n|\n|t:|1783545631\n|switch|p2a: Porygon-Z|Porygon-Z, L83|277/277|[from] U-turn\n|-ability|p2a: Porygon-Z|Download|boost\n|-boost|p2a: Porygon-Z|spa|1\n|\n|upkeep\n|turn|2\n|inactive|Time left: 300 sec this turn | 300 sec total\n|\n|t:|1783545632\n|switch|p1a: Spiritomb|Spiritomb, L89, M|100/100\n|move|p2a: Porygon-Z|Tri Attack|p1a: Spiritomb\n|-immune|p1a: Spiritomb\n|\n|upkeep\n|turn|3\n|inactive|Time left: 300 sec this turn | 300 sec total\n|\n|t:|1783545633\n|move|p2a: Porygon-Z|Tri Attack|p1a: Spiritomb\n|-immune|p1a: Spiritomb\n|move|p1a: Spiritomb|Foul Play|p2a: Porygon-Z\n|-damage|p2a: Porygon-Z|190/277\n|\n|upkeep\n|turn|4\n|inactive|Time left: 300 sec this turn | 300 sec total\n|\n|t:|1783545634\n|move|p2a: Porygon-Z|Tri Attack|p1a: Spiritomb\n|-immune|p1a: Spiritomb\n|move|p1a: Spiritomb|Foul Play|p2a: Porygon-Z\n|-damage|p2a: Porygon-Z|108/277\n|\n|upkeep\n|turn|5\n|inactive|Time left: 300 sec this turn | 300 sec total\n|\n|t:|1783545635\n|move|p2a: Porygon-Z|Tri Attack|p1a: Spiritomb\n|-immune|p1a: Spiritomb\n|move|p1a: Spiritomb|Foul Play|p2a: Porygon-Z\n|-damage|p2a: Porygon-Z|30/277\n|\n|upkeep\n|turn|6\n|inactive|Time left: 300 sec this turn | 300 sec total\n|\n|t:|1783545636\n|move|p2a: Porygon-Z|Tri Attack|p1a: Spiritomb\n|-immune|p1a: Spiritomb\n|move|p1a: Spiritomb|Foul Play|p2a: Porygon-Z\n|-damage|p2a: Porygon-Z|0 fnt\n|faint|p2a: Porygon-Z\n|\n|upkeep\n|inactive|Time left: 300 sec this turn | 300 sec total | 5 sec grace\n|\n|t:|1783545637\n|switch|p2a: Falinks|Falinks, L84|246/246\n|turn|7\n|inactive|Time left: 300 sec this turn | 300 sec total\n|\n|t:|1783545638\n|move|p2a: Falinks|No Retreat|p2a: Falinks\n|-boost|p2a: Falinks|atk|1\n|-boost|p2a: Falinks|def|1\n|-boost|p2a: Falinks|spa|1\n|-boost|p2a: Falinks|spd|1\n|-boost|p2a: Falinks|spe|1\n|-start|p2a: Falinks|move: No Retreat\n|move|p1a: Spiritomb|Toxic|p2a: Falinks\n|-status|p2a: Falinks|tox\n|\n|-damage|p2a: Falinks|231/246 tox|[from] psn\n|upkeep\n|turn|8\n|inactive|Time left: 300 sec this turn | 300 sec total\n|\n|t:|1783545639\n|move|p2a: Falinks|Iron Head|p1a: Spiritomb\n|-damage|p1a: Spiritomb|62/100\n|-damage|p2a: Falinks|207/246 tox|[from] item: Life Orb\n|move|p1a: Spiritomb|Poltergeist|p2a: Falinks\n|-activate|p2a: Falinks|move: Poltergeist|Life Orb\n|-damage|p2a: Falinks|137/246 tox\n|\n|-heal|p1a: Spiritomb|68/100|[from] item: Leftovers\n|-damage|p2a: Falinks|107/246 tox|[from] psn\n|upkeep\n|turn|9\n|inactive|Time left: 300 sec this turn | 300 sec total\n|\n|t:|1783545640\n|move|p2a: Falinks|Knock Off|p1a: Spiritomb\n|-damage|p1a: Spiritomb|19/100\n|-enditem|p1a: Spiritomb|Leftovers|[from] move: Knock Off|[of] p2a: Falinks\n|-damage|p2a: Falinks|83/246 tox|[from] item: Life Orb\n|move|p1a: Spiritomb|Poltergeist|p2a: Falinks|[miss]\n|-miss|p1a: Spiritomb|p2a: Falinks\n|\n|-damage|p2a: Falinks|38/246 tox|[from] psn\n|upkeep\n|turn|10\n|inactive|Time left: 300 sec this turn | 300 sec total\n|\n|t:|1783545641\n|move|p2a: Falinks|Knock Off|p1a: Spiritomb\n|-damage|p1a: Spiritomb|0 fnt\n|faint|p1a: Spiritomb\n|-damage|p2a: Falinks|14/246 tox|[from] item: Life Orb\n|\n|-damage|p2a: Falinks|0 fnt|[from] psn\n|faint|p2a: Falinks\n|upkeep\n|inactive|Time left: 300 sec this turn | 300 sec total | 5 sec grace\n|\n|t:|1783545642\n|switch|p2a: Hatterene|Hatterene, L85, F|236/236\n|switch|p1a: Kilowattrel|Kilowattrel, L83, M|78/100\n|turn|11\n|inactive|Time left: 300 sec this turn | 300 sec total\n|\n|t:|1783545643\n|switch|p1a: Goodra|Goodra-Hisui, L82, M|100/100\n|move|p2a: Hatterene|Mystical Fire|p1a: Goodra\n|-damage|p1a: Goodra|87/100\n|-unboost|p1a: Goodra|spa|1\n|\n|upkeep\n|turn|12\n|inactive|Time left: 300 sec this turn | 300 sec total\n|\n|t:|1783545645\n|switch|p2a: Vespiquen|Vespiquen, L99, F|143/299\n|-ability|p2a: Vespiquen|Pressure\n|move|p1a: Goodra|Heavy Slam|p2a: Vespiquen\n|-damage|p2a: Vespiquen|52/299\n|\n|upkeep\n|turn|13\n|inactive|Time left: 300 sec this turn | 300 sec total\n|\n|t:|1783545646\n|switch|p2a: Bastiodon|Bastiodon, L89, F|252/252\n|move|p1a: Goodra|Heavy Slam|p2a: Bastiodon\n|-damage|p2a: Bastiodon|218/252\n|\n|upkeep\n|turn|14\n|inactive|Time left: 300 sec this turn | 300 sec total\n|\n|t:|1783545647\n|switch|p1a: Gengar|Gengar, L81, F|100/100\n|move|p2a: Bastiodon|Body Press|p1a: Gengar\n|-immune|p1a: Gengar\n|\n|upkeep\n|turn|15\n|inactive|Time left: 300 sec this turn | 300 sec total\n|\n|t:|1783545648\n|move|p1a: Gengar|Focus Blast|p2a: Bastiodon\n|-supereffective|p2a: Bastiodon\n|-damage|p2a: Bastiodon|0 fnt\n|faint|p2a: Bastiodon\n|-damage|p1a: Gengar|90/100|[from] item: Life Orb\n|\n|upkeep\n|inactive|Time left: 300 sec this turn | 300 sec total | 5 sec grace\n|\n|t:|1783545649\n|switch|p2a: Hatterene|Hatterene, L85, F|236/236\n|turn|16\n|inactive|Time left: 300 sec this turn | 300 sec total\n|\n|t:|1783545650\n|move|p1a: Gengar|Sludge Wave|p2a: Hatterene\n|-supereffective|p2a: Hatterene\n|-damage|p2a: Hatterene|46/236\n|-damage|p1a: Gengar|80/100|[from] item: Life Orb\n|move|p2a: Hatterene|Psychic Noise|p1a: Gengar\n|-supereffective|p1a: Gengar\n|-damage|p1a: Gengar|0 fnt\n|faint|p1a: Gengar\n|\n|upkeep\n|\n|t:|1783545651\n|switch|p1a: Goodra|Goodra-Hisui, L82, M|87/100\n|turn|17\n|inactive|Time left: 300 sec this turn | 300 sec total\n|\n|t:|1783545652\n|switch|p2a: Vespiquen|Vespiquen, L99, F|52/299\n|-ability|p2a: Vespiquen|Pressure\n|move|p1a: Goodra|Knock Off|p2a: Vespiquen\n|-damage|p2a: Vespiquen|1/299\n|-enditem|p2a: Vespiquen|Heavy-Duty Boots|[from] move: Knock Off|[of] p1a: Goodra\n|\n|upkeep\n|turn|18\n|inactive|Time left: 300 sec this turn | 300 sec total\n|\n|t:|1783545653\n|move|p1a: Goodra|Knock Off|p2a: Vespiquen\n|-damage|p2a: Vespiquen|0 fnt\n|faint|p2a: Vespiquen\n|\n|upkeep\n|inactive|Time left: 300 sec this turn | 300 sec total | 5 sec grace\n|\n|t:|1783545654\n|switch|p2a: Delphox|Delphox, L84, F|263/263\n|turn|19\n|inactive|Time left: 300 sec this turn | 300 sec total\n|\n|t:|1783545655\n|move|p2a: Delphox|Nasty Plot|p2a: Delphox\n|-boost|p2a: Delphox|spa|2\n|move|p1a: Goodra|Knock Off|p2a: Delphox\n|-supereffective|p2a: Delphox\n|-damage|p2a: Delphox|111/263\n|-enditem|p2a: Delphox|Heavy-Duty Boots|[from] move: Knock Off|[of] p1a: Goodra\n|\n|upkeep\n|turn|20\n|inactive|Time left: 300 sec this turn | 300 sec total\n|\n|t:|1783545656\n|-terastallize|p2a: Delphox|Fighting\n|move|p2a: Delphox|Focus Blast|p1a: Goodra\n|-supereffective|p1a: Goodra\n|-damage|p1a: Goodra|0 fnt\n|faint|p1a: Goodra\n|\n|upkeep\n|\n|t:|1783545657\n|switch|p1a: Kilowattrel|Kilowattrel, L83, M|78/100\n|turn|21\n|inactive|Time left: 300 sec this turn | 300 sec total\n|\n|t:|1783545658\n|move|p1a: Kilowattrel|Hurricane|p2a: Delphox\n|-supereffective|p2a: Delphox\n|-crit|p2a: Delphox\n|-damage|p2a: Delphox|0 fnt\n|faint|p2a: Delphox\n|\n|upkeep\n|inactive|Time left: 300 sec this turn | 300 sec total | 5 sec grace\n|\n|t:|1783545659\n|switch|p2a: Hatterene|Hatterene, L85, F|46/236\n|turn|22\n|inactive|Time left: 300 sec this turn | 300 sec total\n|\n|t:|1783545659\n|-terastallize|p1a: Kilowattrel|Steel\n|move|p1a: Kilowattrel|Thunderbolt|p2a: Hatterene\n|-damage|p2a: Hatterene|0 fnt\n|faint|p2a: Hatterene\n|\n|win|p0x5656a97", "uploadtime": 1783545659, "views": 0, "rating": 0, "private": 0, "password": null, "_winner": "p0x5656a97", "_our_name": "p0y565b0be"}