{"id": "battle-gen9randombattle-182", "formatid": "gen9randombattle", "format": "[Gen 9] Random Battle", "players": ["p0x1821aef", "p0y182a494"], "log": "|init|battle\n|title|p0x1821aef vs. p0y182a494\n|j|\u2606p0x1821aef\n|j|\u2606p0y182a494\n|t:|1783535864\n|gametype|singles\n|player|p1|p0x1821aef|265|\n|player|p2|p0y182a494|169|\n|gen|9\n|tier|[Gen 9] Random Battle\n|rule|Species Clause: Limit one of each Pok\u00e9mon\n|rule|HP Percentage Mod: HP is shown in percentages\n|rule|Sleep Clause Mod: Limit one foe put to sleep\n|rule|Illusion Level Mod: Illusion disguises the Pok\u00e9mon's true level\n|\n|t:|1783535864\n|teamsize|p1|6\n|teamsize|p2|6\n|start\n|switch|p1a: Skarmory|Skarmory, L80, F|100/100\n|switch|p2a: Meowstic|Meowstic, L89, M|277/277\n|turn|1\n|inactive|Battle timer is ON: inactive players will automatically lose when time's up. (requested by p0y182a494)\n|inactive|p0x1821aef also wants the timer to be on.\n|\n|t:|1783535865\n|switch|p1a: Krookodile|Krookodile, L79, M|100/100\n|-ability|p1a: Krookodile|Intimidate|boost\n|-unboost|p2a: Meowstic|atk|1\n|move|p2a: Meowstic|Light Screen|p2a: Meowstic\n|-sidestart|p2: p0y182a494|move: Light Screen\n|\n|upkeep\n|turn|2\n|inactive|Time left: 300 sec this turn | 300 sec total\n|\n|t:|1783535866\n|switch|p2a: Dragonite|Dragonite, L74, F|257/257\n|move|p1a: Krookodile|Knock Off|p2a: Dragonite\n|-damage|p2a: Dragonite|173/257\n|-enditem|p2a: Dragonite|Heavy-Duty Boots|[from] move: Knock Off|[of] p1a: Krookodile\n|\n|upkeep\n|turn|3\n|inactive|Time left: 300 sec this turn | 300 sec total\n|\n|t:|1783535868\n|move|p1a: Krookodile|Knock Off|p2a: Dragonite\n|-damage|p2a: Dragonite|50/257\n|move|p2a: Dragonite|Dragon Dance|p2a: Dragonite\n|-boost|p2a: Dragonite|atk|1\n|-boost|p2a: Dragonite|spe|1\n|\n|upkeep\n|turn|4\n|inactive|Time left: 300 sec this turn | 300 sec total\n|\n|t:|1783535869\n|move|p2a: Dragonite|Outrage|p1a: Krookodile\n|-damage|p1a: Krookodile|24/100\n|move|p1a: Krookodile|Knock Off|p2a: Dragonite\n|-damage|p2a: Dragonite|0 fnt\n|faint|p2a: Dragonite\n|\n|upkeep\n|inactive|Time left: 300 sec this turn | 300 sec total | 5 sec grace\n|\n|t:|1783535870\n|switch|p2a: Scovillain|Scovillain, L91, M|266/266\n|turn|5\n|inactive|Time left: 300 sec this turn | 300 sec total\n|\n|t:|1783535871\n|move|p2a: Scovillain|Flamethrower|p1a: Krookodile\n|-damage|p1a: Krookodile|0 fnt\n|faint|p1a: Krookodile\n|\n|upkeep\n|\n|t:|1783535872\n|switch|p1a: Vigoroth|Vigoroth, L85, F|100/100\n|turn|6\n|inactive|Time left: 300 sec this turn | 300 sec total\n|\n|t:|1783535874\n|move|p2a: Scovillain|Flamethrower|p1a: Vigoroth\n|-damage|p1a: Vigoroth|57/100\n|move|p1a: Vigoroth|Body Slam|p2a: Scovillain\n|-damage|p2a: Scovillain|173/266\n|\n|upkeep\n|turn|7\n|inactive|Time left: 300 sec this turn | 300 sec total\n|\n|t:|1783535875\n|move|p2a: Scovillain|Flamethrower|p1a: Vigoroth\n|-damage|p1a: Vigoroth|18/100\n|move|p1a: Vigoroth|Slack Off|p1a: Vigoroth\n|-heal|p1a: Vigoroth|68/100\n|\n|upkeep\n|turn|8\n|inactive|Time left: 300 sec this turn | 300 sec total\n|\n|t:|1783535876\n|move|p2a: Scovillain|Flamethrower|p1a: Vigoroth\n|-damage|p1a: Vigoroth|27/100\n|move|p1a: Vigoroth|Slack Off|p1a: Vigoroth\n|-heal|p1a: Vigoroth|77/100\n|\n|-sideend|p2: p0y182a494|move: Light Screen\n|upkeep\n|turn|9\n|inactive|Time left: 300 sec this turn | 300 sec total\n|\n|t:|1783535877\n|move|p2a: Scovillain|Flamethrower|p1a: Vigoroth\n|-damage|p1a: Vigoroth|38/100\n|move|p1a: Vigoroth|Slack Off|p1a: Vigoroth\n|-heal|p1a: Vigoroth|88/100\n|\n|upkeep\n|turn|10\n|inactive|Time left: 300 sec this turn | 300 sec total\n|\n|t:|1783535877\n|move|p2a: Scovillain|Flamethrower|p1a: Vigoroth\n|-damage|p1a: Vigoroth|50/100\n|move|p1a: Vigoroth|Slack Off|p1a: Vigoroth\n|-heal|p1a: Vigoroth|100/100\n|\n|upkeep\n|turn|11\n|inactive|Time left: 300 sec this turn | 300 sec total\n|\n|t:|1783535878\n|move|p2a: Scovillain|Flamethrower|p1a: Vigoroth\n|-damage|p1a: Vigoroth|62/100\n|move|p1a: Vigoroth|Body Slam|p2a: Scovillain\n|-damage|p2a: Scovillain|83/266\n|\n|upkeep\n|turn|12\n|inactive|Time left: 300 sec this turn | 300 sec total\n|\n|t:|1783535879\n|move|p2a: Scovillain|Flamethrower|p1a: Vigoroth\n|-damage|p1a: Vigoroth|19/100\n|move|p1a: Vigoroth|Body Slam|p2a: Scovillain\n|-damage|p2a: Scovillain|0 fnt\n|faint|p2a: Scovillain\n|\n|upkeep\n|inactive|Time left: 300 sec this turn | 300 sec total | 5 sec grace\n|\n|t:|1783535880\n|switch|p2a: Meowstic|Meowstic, L89, M|277/277\n|turn|13\n|inactive|Time left: 300 sec this turn | 300 sec total\n|\n|t:|1783535881\n|move|p2a: Meowstic|Psychic Noise|p1a: Vigoroth\n|-damage|p1a: Vigoroth|0 fnt\n|faint|p1a: Vigoroth\n|\n|upkeep\n|\n|t:|1783535882\n|switch|p1a: Swalot|Swalot, L90, F|100/100\n|turn|14\n|inactive|Time left: 300 sec this turn | 300 sec total\n|\n|t:|1783535883\n|-terastallize|p1a: Swalot|Dark\n|move|p2a: Meowstic|Light Screen|p2a: Meowstic\n|-sidestart|p2: p0y182a494|move: Light Screen\n|move|p1a: Swalot|Knock Off|p2a: Meowstic\n|-supereffective|p2a: Meowstic\n|-crit|p2a: Meowstic\n|-damage|p2a: Meowstic|0 fnt\n|-enditem|p2a: Meowstic|Light Clay|[from] move: Knock Off|[of] p1a: Swalot\n|faint|p2a: Meowstic\n|\n|upkeep\n|inactive|Time left: 300 sec this turn | 300 sec total | 5 sec grace\n|\n|t:|1783535884\n|switch|p2a: Toxtricity|Toxtricity, L82, M|257/257\n|turn|15\n|inactive|Time left: 300 sec this turn | 300 sec total\n|\n|t:|1783535885\n|switch|p1a: Solgaleo|Solgaleo, L74|100/100\n|-terastallize|p2a: Toxtricity|Normal\n|move|p2a: Toxtricity|Boomburst|p1a: Solgaleo\n|-resisted|p1a: Solgaleo\n|-damage|p1a: Solgaleo|63/100\n|-enditem|p2a: Toxtricity|Throat Spray\n|-boost|p2a: Toxtricity|spa|1|[from] item: Throat Spray\n|\n|upkeep\n|turn|16\n|inactive|Time left: 300 sec this turn | 300 sec total\n|\n|t:|1783535886\n|move|p1a: Solgaleo|Sunsteel Strike|p2a: Toxtricity\n|-damage|p2a: Toxtricity|119/257\n|move|p2a: Toxtricity|Shift Gear|p2a: Toxtricity\n|-boost|p2a: Toxtricity|spe|2\n|-boost|p2a: Toxtricity|atk|1\n|\n|upkeep\n|turn|17\n|inactive|Time left: 300 sec this turn | 300 sec total\n|\n|t:|1783535887\n|move|p2a: Toxtricity|Overdrive|p1a: Solgaleo\n|-damage|p1a: Solgaleo|2/100\n|move|p1a: Solgaleo|Sunsteel Strike|p2a: Toxtricity\n|-crit|p2a: Toxtricity\n|-damage|p2a: Toxtricity|0 fnt\n|faint|p2a: Toxtricity\n|\n|upkeep\n|inactive|Time left: 300 sec this turn | 300 sec total | 5 sec grace\n|\n|t:|1783535888\n|switch|p2a: Houndstone|Houndstone, L86, F|264/264\n|turn|18\n|inactive|Time left: 300 sec this turn | 300 sec total\n|\n|t:|1783535889\n|move|p1a: Solgaleo|Sunsteel Strike|p2a: Houndstone\n|-damage|p2a: Houndstone|170/264\n|move|p2a: Houndstone|Poltergeist|p1a: Solgaleo\n|-activate|p1a: Solgaleo|move: Poltergeist|Rocky Helmet\n|-supereffective|p1a: Solgaleo\n|-damage|p1a: Solgaleo|0 fnt\n|faint|p1a: Solgaleo\n|\n|-heal|p2a: Houndstone|186/264|[from] item: Leftovers\n|upkeep\n|\n|t:|1783535890\n|switch|p1a: Swalot|Swalot, L90, F, tera:Dark|100/100\n|turn|19\n|inactive|Time left: 300 sec this turn | 300 sec total\n|\n|t:|1783535891\n|move|p2a: Houndstone|Will-O-Wisp|p1a: Swalot\n|-status|p1a: Swalot|brn\n|move|p1a: Swalot|Knock Off|p2a: Houndstone\n|-supereffective|p2a: Houndstone\n|-damage|p2a: Houndstone|139/264\n|-enditem|p2a: Houndstone|Leftovers|[from] move: Knock Off|[of] p1a: Swalot\n|\n|-damage|p1a: Swalot|94/100 brn|[from] brn\n|upkeep\n|turn|20\n|inactive|Time left: 300 sec this turn | 300 sec total\n|\n|t:|1783535892\n|move|p2a: Houndstone|Body Press|p1a: Swalot\n|-supereffective|p1a: Swalot\n|-damage|p1a: Swalot|58/100 brn\n|move|p1a: Swalot|Sludge Bomb|p2a: Houndstone\n|-resisted|p2a: Houndstone\n|-damage|p2a: Houndstone|121/264\n|\n|-heal|p1a: Swalot|64/100 brn|[from] item: Leftovers\n|-damage|p1a: Swalot|58/100 brn|[from] brn\n|upkeep\n|turn|21\n|inactive|Time left: 300 sec this turn | 300 sec total\n|\n|t:|1783535894\n|move|p2a: Houndstone|Poltergeist|p1a: Swalot\n|-activate|p1a: Swalot|move: Poltergeist|Leftovers\n|-resisted|p1a: Swalot\n|-damage|p1a: Swalot|38/100 brn\n|move|p1a: Swalot|Sludge Bomb|p2a: Houndstone\n|-resisted|p2a: Houndstone\n|-damage|p2a: Houndstone|100/264\n|-status|p2a: Houndstone|psn\n|\n|-heal|p1a: Swalot|44/100 brn|[from] item: Leftovers\n|-damage|p2a: Houndstone|67/264 psn|[from] psn\n|-damage|p1a: Swalot|38/100 brn|[from] brn\n|-sideend|p2: p0y182a494|move: Light Screen\n|upkeep\n|turn|22\n|inactive|Time left: 300 sec this turn | 300 sec total\n|\n|t:|1783535895\n|move|p2a: Houndstone|Body Press|p1a: Swalot\n|-supereffective|p1a: Swalot\n|-damage|p1a: Swalot|2/100 brn\n|move|p1a: Swalot|Sludge Bomb|p2a: Houndstone\n|-resisted|p2a: Houndstone\n|-damage|p2a: Houndstone|25/264 psn\n|\n|-heal|p1a: Swalot|8/100 brn|[from] item: Leftovers\n|-damage|p2a: Houndstone|0 fnt|[from] psn\n|faint|p2a: Houndstone\n|-damage|p1a: Swalot|2/100 brn|[from] brn\n|upkeep\n|inactive|Time left: 300 sec this turn | 300 sec total | 5 sec grace\n|\n|t:|1783535896\n|switch|p2a: Froslass|Froslass, L87, F|263/263\n|turn|23\n|inactive|Time left: 300 sec this turn | 300 sec total\n|\n|t:|1783535897\n|move|p2a: Froslass|Triple Axel|p1a: Swalot\n|-damage|p1a: Swalot|0 fnt\n|faint|p1a: Swalot\n|-hitcount|p1: Swalot|1\n|\n|upkeep\n|\n|t:|1783535898\n|switch|p1a: Beartic|Beartic, L91, F|100/100\n|turn|24\n|inactive|Time left: 300 sec this turn | 300 sec total\n|\n|t:|1783535899\n|move|p2a: Froslass|Taunt|p1a: Beartic\n|-start|p1a: Beartic|move: Taunt\n|move|p1a: Beartic|Earthquake|p2a: Froslass\n|-damage|p2a: Froslass|151/263\n|-start|p1a: Beartic|Disable|Earthquake|[from] ability: Cursed Body|[of] p2a: Froslass\n|\n|upkeep\n|turn|25\n|inactive|Time left: 300 sec this turn | 300 sec total\n|\n|t:|1783535900\n|move|p2a: Froslass|Triple Axel|p1a: Beartic\n|-resisted|p1a: Beartic\n|-damage|p1a: Beartic|97/100\n|-resisted|p1a: Beartic\n|-damage|p1a: Beartic|91/100\n|-resisted|p1a: Beartic\n|-damage|p1a: Beartic|81/100\n|-hitcount|p1a: Beartic|3\n|move|p1a: Beartic|Icicle Crash|p2a: Froslass\n|-resisted|p2a: Froslass\n|-damage|p2a: Froslass|82/263\n|\n|upkeep\n|turn|26\n|inactive|Time left: 300 sec this turn | 300 sec total\n|\n|t:|1783535901\n|move|p2a: Froslass|Taunt||[still]\n|-fail|p2a: Froslass\n|move|p1a: Beartic|Icicle Crash|p2a: Froslass\n|-resisted|p2a: Froslass\n|-crit|p2a: Froslass\n|-damage|p2a: Froslass|0 fnt\n|faint|p2a: Froslass\n|\n|win|p0x1821aef", "uploadtime": 1783535901, "views": 0, "rating": 0, "private": 0, "password": null, "_winner": "p0x1821aef", "_our_name": "p0y182a494"}