{"id": "battle-gen9randombattle-1028", "formatid": "gen9randombattle", "format": "[Gen 9] Random Battle", "players": ["p0x10286769", "p0y10282233"], "log": "|init|battle\n|title|p0x10286769 vs. p0y10282233\n|j|\u2606p0x10286769\n|j|\u2606p0y10282233\n|t:|1783551831\n|gametype|singles\n|player|p1|p0x10286769|1|\n|player|p2|p0y10282233|265|\n|gen|9\n|tier|[Gen 9] Random Battle\n|rule|Species Clause: Limit one of each Pok\u00e9mon\n|rule|HP Percentage Mod: HP is shown in percentages\n|rule|Sleep Clause Mod: Limit one foe put to sleep\n|rule|Illusion Level Mod: Illusion disguises the Pok\u00e9mon's true level\n|\n|t:|1783551831\n|teamsize|p1|6\n|teamsize|p2|6\n|start\n|switch|p1a: Bellibolt|Bellibolt, L84, F|320/320\n|switch|p2a: Wyrdeer|Wyrdeer, L87, F|100/100\n|-ability|p2a: Wyrdeer|Intimidate|boost\n|-unboost|p1a: Bellibolt|atk|1\n|turn|1\n|inactive|Battle timer is ON: inactive players will automatically lose when time's up. (requested by p0x10286769)\n|inactive|p0y10282233 also wants the timer to be on.\n|\n|t:|1783551832\n|move|p2a: Wyrdeer|Earthquake|p1a: Bellibolt\n|-supereffective|p1a: Bellibolt\n|-damage|p1a: Bellibolt|166/320\n|-start|p1a: Bellibolt|Charge|Earthquake|[from] ability: Electromorphosis\n|move|p1a: Bellibolt|Toxic|p2a: Wyrdeer\n|-status|p2a: Wyrdeer|tox\n|\n|-heal|p1a: Bellibolt|186/320|[from] item: Leftovers\n|-damage|p2a: Wyrdeer|94/100 tox|[from] psn\n|upkeep\n|turn|2\n|inactive|Time left: 300 sec this turn | 300 sec total\n|\n|t:|1783551833\n|move|p2a: Wyrdeer|Earthquake|p1a: Bellibolt\n|-supereffective|p1a: Bellibolt\n|-damage|p1a: Bellibolt|32/320\n|-start|p1a: Bellibolt|Charge|Earthquake|[from] ability: Electromorphosis\n|move|p1a: Bellibolt|Thunderbolt|p2a: Wyrdeer\n|-damage|p2a: Wyrdeer|25/100 tox\n|-end|p1a: Bellibolt|Charge|[silent]\n|\n|-heal|p2a: Wyrdeer|31/100 tox|[from] item: Leftovers\n|-heal|p1a: Bellibolt|52/320|[from] item: Leftovers\n|-damage|p2a: Wyrdeer|19/100 tox|[from] psn\n|upkeep\n|turn|3\n|inactive|Time left: 300 sec this turn | 300 sec total\n|\n|t:|1783551834\n|switch|p1a: Spiritomb|Spiritomb, L89, F|234/234\n|move|p2a: Wyrdeer|Earthquake|p1a: Spiritomb\n|-damage|p1a: Spiritomb|172/234\n|\n|-heal|p2a: Wyrdeer|25/100 tox|[from] item: Leftovers\n|-heal|p1a: Spiritomb|186/234|[from] item: Leftovers\n|-damage|p2a: Wyrdeer|6/100 tox|[from] psn\n|upkeep\n|turn|4\n|inactive|Time left: 300 sec this turn | 300 sec total\n|\n|t:|1783551835\n|move|p2a: Wyrdeer|Thunder Wave|p1a: Spiritomb\n|-status|p1a: Spiritomb|par\n|cant|p1a: Spiritomb|par\n|\n|-heal|p2a: Wyrdeer|13/100 tox|[from] item: Leftovers\n|-heal|p1a: Spiritomb|200/234 par|[from] item: Leftovers\n|-damage|p2a: Wyrdeer|0 fnt|[from] psn\n|faint|p2a: Wyrdeer\n|upkeep\n|\n|t:|1783551836\n|switch|p2a: Ribombee|Ribombee, L83, F|100/100\n|turn|5\n|inactive|Time left: 300 sec this turn | 300 sec total\n|\n|t:|1783551837\n|move|p2a: Ribombee|Sticky Web|p1a: Spiritomb\n|-sidestart|p1: p0x10286769|move: Sticky Web\n|move|p1a: Spiritomb|Poltergeist|p2a: Ribombee\n|-activate|p2a: Ribombee|move: Poltergeist|Heavy-Duty Boots\n|-damage|p2a: Ribombee|30/100\n|\n|-heal|p1a: Spiritomb|214/234 par|[from] item: Leftovers\n|upkeep\n|turn|6\n|inactive|Time left: 300 sec this turn | 300 sec total\n|\n|t:|1783551838\n|switch|p1a: Serperior|Serperior, L79, F|248/248\n|-activate|p1a: Serperior|move: Sticky Web\n|-boost|p1a: Serperior|spe|1\n|move|p2a: Ribombee|Moonblast|p1a: Serperior\n|-damage|p1a: Serperior|142/248\n|-boost|p1a: Serperior|spa|1\n|\n|upkeep\n|turn|7\n|inactive|Time left: 300 sec this turn | 300 sec total\n|\n|t:|1783551839\n|move|p1a: Serperior|Leaf Storm|p2a: Ribombee\n|-resisted|p2a: Ribombee\n|-damage|p2a: Ribombee|0 fnt\n|-boost|p1a: Serperior|spa|2\n|faint|p2a: Ribombee\n|-damage|p1a: Serperior|118/248|[from] item: Life Orb\n|\n|upkeep\n|\n|t:|1783551840\n|switch|p2a: Gyarados|Gyarados, L79, F|100/100\n|-ability|p2a: Gyarados|Intimidate|boost\n|-boost|p1a: Serperior|atk|1\n|turn|8\n|inactive|Time left: 300 sec this turn | 300 sec total\n|\n|t:|1783551841\n|-terastallize|p2a: Gyarados|Flying\n|move|p1a: Serperior|Leaf Storm|p2a: Gyarados\n|-resisted|p2a: Gyarados\n|-damage|p2a: Gyarados|40/100\n|-boost|p1a: Serperior|spa|2\n|-damage|p1a: Serperior|94/248|[from] item: Life Orb\n|move|p2a: Gyarados|Tera Blast|p1a: Serperior|[anim] Tera Blast Flying\n|-supereffective|p1a: Serperior\n|-damage|p1a: Serperior|0 fnt\n|faint|p1a: Serperior\n|\n|upkeep\n|inactive|Time left: 300 sec this turn | 300 sec total | 5 sec grace\n|\n|t:|1783551842\n|switch|p1a: Veluza|Veluza, L85, F|292/292\n|-activate|p1a: Veluza|move: Sticky Web\n|-unboost|p1a: Veluza|spe|1\n|turn|9\n|inactive|Time left: 300 sec this turn | 300 sec total\n|\n|t:|1783551843\n|switch|p2a: Greninja|Greninja, L80, M|100/100\n|move|p1a: Veluza|Psycho Cut|p2a: Greninja\n|-immune|p2a: Greninja\n|\n|upkeep\n|turn|10\n|inactive|Time left: 300 sec this turn | 300 sec total\n|\n|t:|1783551844\n|move|p2a: Greninja|Hydro Pump|p1a: Veluza|[miss]\n|-start|p2a: Greninja|typechange|Water|[from] ability: Protean\n|-miss|p2a: Greninja|p1a: Veluza\n|move|p1a: Veluza|Psycho Cut|p2a: Greninja\n|-damage|p2a: Greninja|2/100\n|\n|upkeep\n|turn|11\n|inactive|Time left: 300 sec this turn | 300 sec total\n|\n|t:|1783551846\n|move|p2a: Greninja|Grass Knot|p1a: Veluza\n|-supereffective|p1a: Veluza\n|-damage|p1a: Veluza|118/292\n|-damage|p2a: Greninja|0 fnt|[from] item: Life Orb\n|faint|p2a: Greninja\n|move|p1a: Veluza|Psycho Cut|p2: Greninja|[notarget]\n|-fail|p1a: Veluza\n|\n|upkeep\n|\n|t:|1783551847\n|switch|p2a: Misdreavus|Misdreavus, L90, M|100/100\n|turn|12\n|inactive|Time left: 300 sec this turn | 300 sec total\n|\n|t:|1783551848\n|move|p2a: Misdreavus|Shadow Ball|p1a: Veluza\n|-supereffective|p1a: Veluza\n|-damage|p1a: Veluza|0 fnt\n|faint|p1a: Veluza\n|\n|upkeep\n|inactive|Time left: 300 sec this turn | 300 sec total | 5 sec grace\n|\n|t:|1783551849\n|switch|p1a: Spiritomb|Spiritomb, L89, F|214/234 par\n|-activate|p1a: Spiritomb|move: Sticky Web\n|-unboost|p1a: Spiritomb|spe|1\n|turn|13\n|inactive|Time left: 300 sec this turn | 300 sec total\n|\n|t:|1783551850\n|move|p2a: Misdreavus|Calm Mind|p2a: Misdreavus\n|-boost|p2a: Misdreavus|spa|1\n|-boost|p2a: Misdreavus|spd|1\n|move|p1a: Spiritomb|Poltergeist|p2a: Misdreavus\n|-activate|p2a: Misdreavus|move: Poltergeist|Eviolite\n|-supereffective|p2a: Misdreavus\n|-damage|p2a: Misdreavus|15/100\n|\n|-heal|p1a: Spiritomb|228/234 par|[from] item: Leftovers\n|upkeep\n|turn|14\n|inactive|Time left: 300 sec this turn | 300 sec total\n|\n|t:|1783551851\n|cant|p1a: Spiritomb|par\n|move|p2a: Misdreavus|Shadow Ball|p1a: Spiritomb\n|-damage|p1a: Spiritomb|128/234 par\n|\n|-heal|p1a: Spiritomb|142/234 par|[from] item: Leftovers\n|upkeep\n|turn|15\n|inactive|Time left: 300 sec this turn | 300 sec total\n|\n|t:|1783551852\n|move|p1a: Spiritomb|Shadow Sneak|p2a: Misdreavus\n|-supereffective|p2a: Misdreavus\n|-damage|p2a: Misdreavus|0 fnt\n|faint|p2a: Misdreavus\n|\n|-heal|p1a: Spiritomb|156/234 par|[from] item: Leftovers\n|upkeep\n|\n|t:|1783551853\n|switch|p2a: Gyarados|Gyarados, L79, F, tera:Flying|40/100\n|-ability|p2a: Gyarados|Intimidate|boost\n|-unboost|p1a: Spiritomb|atk|1\n|turn|16\n|inactive|Time left: 300 sec this turn | 300 sec total\n|\n|t:|1783551854\n|move|p2a: Gyarados|Tera Blast|p1a: Spiritomb|[anim] Tera Blast Flying\n|-damage|p1a: Spiritomb|64/234 par\n|move|p1a: Spiritomb|Foul Play|p2a: Gyarados\n|-damage|p2a: Gyarados|0 fnt\n|faint|p2a: Gyarados\n|\n|-heal|p1a: Spiritomb|78/234 par|[from] item: Leftovers\n|upkeep\n|\n|t:|1783551855\n|switch|p2a: Scream Tail|Scream Tail, L84|100/100\n|turn|17\n|inactive|Time left: 300 sec this turn | 300 sec total\n|\n|t:|1783551856\n|switch|p1a: Lucario|Lucario, L84, F|255/255\n|-activate|p1a: Lucario|move: Sticky Web\n|-unboost|p1a: Lucario|spe|1\n|move|p2a: Scream Tail|Dazzling Gleam|p1a: Lucario\n|-damage|p1a: Lucario|177/255\n|\n|upkeep\n|turn|18\n|inactive|Time left: 300 sec this turn | 300 sec total\n|\n|t:|1783551857\n|move|p2a: Scream Tail|Dazzling Gleam|p1a: Lucario\n|-crit|p1a: Lucario\n|-damage|p1a: Lucario|56/255\n|move|p1a: Lucario|Swords Dance|p1a: Lucario\n|-boost|p1a: Lucario|atk|2\n|\n|upkeep\n|turn|19\n|inactive|Time left: 300 sec this turn | 300 sec total\n|\n|t:|1783551859\n|-terastallize|p1a: Lucario|Normal\n|move|p1a: Lucario|Extreme Speed|p2a: Scream Tail\n|-damage|p2a: Scream Tail|30/100\n|-damage|p1a: Lucario|31/255|[from] item: Life Orb\n|move|p2a: Scream Tail|Dazzling Gleam|p1a: Lucario\n|-damage|p1a: Lucario|0 fnt\n|faint|p1a: Lucario\n|\n|-heal|p2a: Scream Tail|37/100|[from] item: Leftovers\n|upkeep\n|inactive|Time left: 300 sec this turn | 300 sec total | 5 sec grace\n|\n|t:|1783551860\n|switch|p1a: Emboar|Emboar, L84, M|322/322\n|-activate|p1a: Emboar|move: Sticky Web\n|-unboost|p1a: Emboar|spe|1\n|turn|20\n|inactive|Time left: 300 sec this turn | 300 sec total\n|\n|t:|1783551861\n|move|p2a: Scream Tail|Protect|p2a: Scream Tail\n|-singleturn|p2a: Scream Tail|Protect\n|move|p1a: Emboar|Flare Blitz|p2a: Scream Tail\n|-activate|p2a: Scream Tail|move: Protect\n|\n|-heal|p2a: Scream Tail|43/100|[from] item: Leftovers\n|upkeep\n|turn|21\n|inactive|Time left: 300 sec this turn | 300 sec total\n|\n|t:|1783551862\n|move|p2a: Scream Tail|Protect|p2a: Scream Tail\n|-singleturn|p2a: Scream Tail|Protect\n|move|p1a: Emboar|Flare Blitz|p2a: Scream Tail\n|-activate|p2a: Scream Tail|move: Protect\n|\n|-heal|p2a: Scream Tail|49/100|[from] item: Leftovers\n|upkeep\n|turn|22\n|inactive|Time left: 300 sec this turn | 300 sec total\n|\n|t:|1783551863\n|move|p2a: Scream Tail|Wish|p2a: Scream Tail\n|move|p1a: Emboar|Flare Blitz|p2a: Scream Tail\n|-damage|p2a: Scream Tail|0 fnt\n|faint|p2a: Scream Tail\n|-end|p2a: Scream Tail|Protosynthesis|[silent]\n|-damage|p1a: Emboar|270/322|[from] Recoil\n|\n|win|p0x10286769", "uploadtime": 1783551863, "views": 0, "rating": 0, "private": 0, "password": null, "_winner": "p0x10286769", "_our_name": "p0x10286769"}