{"id": "battle-gen9randombattle-1266", "formatid": "gen9randombattle", "format": "[Gen 9] Random Battle", "players": ["p0x1266afb0", "p0y1266a79a"], "log": "|init|battle\n|title|p0x1266afb0 vs. p0y1266a79a\n|j|\u2606p0x1266afb0\n|j|\u2606p0y1266a79a\n|t:|1783554700\n|gametype|singles\n|player|p1|p0x1266afb0|266|\n|player|p2|p0y1266a79a|102|\n|gen|9\n|tier|[Gen 9] Random Battle\n|rule|Species Clause: Limit one of each Pok\u00e9mon\n|rule|HP Percentage Mod: HP is shown in percentages\n|rule|Sleep Clause Mod: Limit one foe put to sleep\n|rule|Illusion Level Mod: Illusion disguises the Pok\u00e9mon's true level\n|\n|t:|1783554700\n|teamsize|p1|6\n|teamsize|p2|6\n|start\n|switch|p1a: Dudunsparce|Dudunsparce-Three-Segment, L83, M|343/343\n|switch|p2a: Fezandipiti|Fezandipiti, L82, M|100/100\n|turn|1\n|inactive|Battle timer is ON: inactive players will automatically lose when time's up. (requested by p0x1266afb0)\n|inactive|p0y1266a79a also wants the timer to be on.\n|\n|t:|1783554701\n|move|p2a: Fezandipiti|Swords Dance|p2a: Fezandipiti\n|-boost|p2a: Fezandipiti|atk|2\n|move|p1a: Dudunsparce|Glare|p2a: Fezandipiti\n|-status|p2a: Fezandipiti|par\n|\n|upkeep\n|turn|2\n|inactive|Time left: 300 sec this turn | 300 sec total\n|\n|t:|1783554702\n|move|p1a: Dudunsparce|Earthquake|p2a: Fezandipiti\n|-supereffective|p2a: Fezandipiti\n|-damage|p2a: Fezandipiti|40/100 par\n|cant|p2a: Fezandipiti|par\n|\n|-heal|p2a: Fezandipiti|46/100 par|[from] item: Leftovers\n|upkeep\n|turn|3\n|inactive|Time left: 300 sec this turn | 300 sec total\n|\n|t:|1783554703\n|move|p1a: Dudunsparce|Earthquake|p2a: Fezandipiti\n|-supereffective|p2a: Fezandipiti\n|-damage|p2a: Fezandipiti|0 fnt\n|faint|p2a: Fezandipiti\n|\n|upkeep\n|\n|t:|1783554704\n|switch|p2a: Hitmonlee|Hitmonlee, L85, M|100/100\n|turn|4\n|inactive|Time left: 300 sec this turn | 300 sec total\n|\n|t:|1783554705\n|switch|p1a: Dusknoir|Dusknoir, L89, F|225/225\n|-item|p2a: Hitmonlee|Choice Scarf|[from] ability: Frisk|[of] p1a: Dusknoir\n|move|p2a: Hitmonlee|High Jump Kick|p1a: Dusknoir\n|-immune|p1a: Dusknoir\n|-damage|p2a: Hitmonlee|51/100|[from] highjumpkick\n|\n|upkeep\n|turn|5\n|inactive|Time left: 300 sec this turn | 300 sec total\n|\n|t:|1783554705\n|switch|p2a: Whimsicott|Whimsicott, L84, F|100/100\n|move|p1a: Dusknoir|Earthquake|p2a: Whimsicott\n|-resisted|p2a: Whimsicott\n|-damage|p2a: Whimsicott|73/100\n|\n|-heal|p2a: Whimsicott|79/100|[from] item: Leftovers\n|upkeep\n|turn|6\n|inactive|Time left: 300 sec this turn | 300 sec total\n|\n|t:|1783554707\n|move|p2a: Whimsicott|Leech Seed|p1a: Dusknoir\n|-start|p1a: Dusknoir|move: Leech Seed\n|move|p1a: Dusknoir|Earthquake|p2a: Whimsicott\n|-resisted|p2a: Whimsicott\n|-damage|p2a: Whimsicott|55/100\n|\n|-heal|p2a: Whimsicott|61/100|[from] item: Leftovers\n|-damage|p1a: Dusknoir|197/225|[from] Leech Seed|[of] p2a: Whimsicott\n|-heal|p2a: Whimsicott|73/100|[silent]\n|upkeep\n|turn|7\n|inactive|Time left: 300 sec this turn | 300 sec total\n|\n|t:|1783554708\n|switch|p1a: Carbink|Carbink, L90|236/236\n|move|p2a: Whimsicott|Moonblast|p1a: Carbink\n|-crit|p1a: Carbink\n|-damage|p1a: Carbink|161/236\n|\n|-heal|p2a: Whimsicott|79/100|[from] item: Leftovers\n|-heal|p1a: Carbink|175/236|[from] item: Leftovers\n|upkeep\n|turn|8\n|inactive|Time left: 300 sec this turn | 300 sec total\n|\n|t:|1783554709\n|move|p2a: Whimsicott|Leech Seed|p1a: Carbink\n|-start|p1a: Carbink|move: Leech Seed\n|move|p1a: Carbink|Rock Polish|p1a: Carbink\n|-boost|p1a: Carbink|spe|2\n|\n|-heal|p1a: Carbink|189/236|[from] item: Leftovers\n|-heal|p2a: Whimsicott|85/100|[from] item: Leftovers\n|-damage|p1a: Carbink|160/236|[from] Leech Seed|[of] p2a: Whimsicott\n|-heal|p2a: Whimsicott|97/100|[silent]\n|upkeep\n|turn|9\n|inactive|Time left: 300 sec this turn | 300 sec total\n|\n|t:|1783554710\n|move|p1a: Carbink|Iron Defense|p1a: Carbink\n|-boost|p1a: Carbink|def|2\n|move|p2a: Whimsicott|Moonblast|p1a: Carbink\n|-damage|p1a: Carbink|109/236\n|\n|-heal|p1a: Carbink|123/236|[from] item: Leftovers\n|-heal|p2a: Whimsicott|100/100|[from] item: Leftovers\n|-damage|p1a: Carbink|94/236|[from] Leech Seed|[of] p2a: Whimsicott\n|upkeep\n|turn|10\n|inactive|Time left: 300 sec this turn | 300 sec total\n|\n|t:|1783554711\n|move|p1a: Carbink|Body Press|p2a: Whimsicott\n|-resisted|p2a: Whimsicott\n|-crit|p2a: Whimsicott\n|-damage|p2a: Whimsicott|45/100\n|move|p2a: Whimsicott|Moonblast|p1a: Carbink\n|-damage|p1a: Carbink|42/236\n|\n|-heal|p1a: Carbink|56/236|[from] item: Leftovers\n|-heal|p2a: Whimsicott|51/100|[from] item: Leftovers\n|-damage|p1a: Carbink|27/236|[from] Leech Seed|[of] p2a: Whimsicott\n|-heal|p2a: Whimsicott|63/100|[silent]\n|upkeep\n|turn|11\n|inactive|Time left: 300 sec this turn | 300 sec total\n|\n|t:|1783554712\n|move|p1a: Carbink|Body Press|p2a: Whimsicott\n|-resisted|p2a: Whimsicott\n|-damage|p2a: Whimsicott|24/100\n|move|p2a: Whimsicott|Moonblast|p1a: Carbink\n|-crit|p1a: Carbink\n|-damage|p1a: Carbink|0 fnt\n|faint|p1a: Carbink\n|\n|-heal|p2a: Whimsicott|30/100|[from] item: Leftovers\n|upkeep\n|inactive|Time left: 300 sec this turn | 300 sec total | 5 sec grace\n|\n|t:|1783554713\n|switch|p1a: Dusknoir|Dusknoir, L89, F|197/225\n|-item|p2a: Whimsicott|Leftovers|[from] ability: Frisk|[of] p1a: Dusknoir\n|turn|12\n|inactive|Time left: 300 sec this turn | 300 sec total\n|\n|t:|1783554714\n|move|p2a: Whimsicott|Moonblast|p1a: Dusknoir\n|-damage|p1a: Dusknoir|142/225\n|move|p1a: Dusknoir|Poltergeist|p2a: Whimsicott\n|-activate|p2a: Whimsicott|move: Poltergeist|Leftovers\n|-damage|p2a: Whimsicott|0 fnt\n|faint|p2a: Whimsicott\n|\n|upkeep\n|\n|t:|1783554715\n|switch|p2a: Malamar|Malamar, L82, F|100/100\n|turn|13\n|inactive|Time left: 300 sec this turn | 300 sec total\n|\n|t:|1783554716\n|move|p2a: Malamar|Knock Off|p1a: Dusknoir\n|-supereffective|p1a: Dusknoir\n|-damage|p1a: Dusknoir|22/225\n|-enditem|p1a: Dusknoir|Choice Band|[from] move: Knock Off|[of] p2a: Malamar\n|move|p1a: Dusknoir|Poltergeist|p2a: Malamar\n|-activate|p2a: Malamar|move: Poltergeist|Leftovers\n|-damage|p2a: Malamar|50/100\n|\n|-heal|p2a: Malamar|56/100|[from] item: Leftovers\n|upkeep\n|turn|14\n|inactive|Time left: 300 sec this turn | 300 sec total\n|\n|t:|1783554718\n|move|p1a: Dusknoir|Shadow Sneak|p2a: Malamar\n|-damage|p2a: Malamar|36/100\n|move|p2a: Malamar|Knock Off|p1a: Dusknoir\n|-supereffective|p1a: Dusknoir\n|-damage|p1a: Dusknoir|0 fnt\n|faint|p1a: Dusknoir\n|\n|-heal|p2a: Malamar|43/100|[from] item: Leftovers\n|upkeep\n|inactive|Time left: 300 sec this turn | 300 sec total | 5 sec grace\n|\n|t:|1783554719\n|switch|p1a: Spectrier|Spectrier, L75|274/274\n|turn|15\n|inactive|Time left: 300 sec this turn | 300 sec total\n|\n|t:|1783554720\n|move|p1a: Spectrier|Shadow Ball|p2a: Malamar\n|-damage|p2a: Malamar|0 fnt\n|faint|p2a: Malamar\n|-ability|p1a: Spectrier|Grim Neigh|boost\n|-boost|p1a: Spectrier|spa|1\n|-damage|p1a: Spectrier|247/274|[from] item: Life Orb\n|\n|upkeep\n|\n|t:|1783554721\n|switch|p2a: Hitmonlee|Hitmonlee, L85, M|51/100\n|turn|16\n|inactive|Time left: 300 sec this turn | 300 sec total\n|\n|t:|1783554721\n|move|p2a: Hitmonlee|Knock Off|p1a: Spectrier\n|-supereffective|p1a: Spectrier\n|-damage|p1a: Spectrier|0 fnt\n|-enditem|p1a: Spectrier|Life Orb|[from] move: Knock Off|[of] p2a: Hitmonlee\n|faint|p1a: Spectrier\n|\n|upkeep\n|inactive|Time left: 300 sec this turn | 300 sec total | 5 sec grace\n|\n|t:|1783554722\n|switch|p1a: Dunsparce|Dunsparce, L86, M|312/312\n|turn|17\n|inactive|Time left: 300 sec this turn | 300 sec total\n|\n|t:|1783554723\n|move|p2a: Hitmonlee|Knock Off|p1a: Dunsparce\n|-damage|p1a: Dunsparce|246/312\n|-enditem|p1a: Dunsparce|Eviolite|[from] move: Knock Off|[of] p2a: Hitmonlee\n|move|p1a: Dunsparce|Body Slam|p2a: Hitmonlee\n|-damage|p2a: Hitmonlee|3/100\n|\n|upkeep\n|turn|18\n|inactive|Time left: 300 sec this turn | 300 sec total\n|\n|t:|1783554725\n|move|p2a: Hitmonlee|Knock Off|p1a: Dunsparce\n|-damage|p1a: Dunsparce|178/312\n|move|p1a: Dunsparce|Coil|p1a: Dunsparce\n|-boost|p1a: Dunsparce|atk|1\n|-boost|p1a: Dunsparce|def|1\n|-boost|p1a: Dunsparce|accuracy|1\n|\n|upkeep\n|turn|19\n|inactive|Time left: 300 sec this turn | 300 sec total\n|\n|t:|1783554726\n|move|p2a: Hitmonlee|Knock Off|p1a: Dunsparce\n|-damage|p1a: Dunsparce|133/312\n|move|p1a: Dunsparce|Roost|p1a: Dunsparce\n|-heal|p1a: Dunsparce|289/312\n|-singleturn|p1a: Dunsparce|move: Roost\n|\n|upkeep\n|turn|20\n|inactive|Time left: 300 sec this turn | 300 sec total\n|\n|t:|1783554727\n|move|p2a: Hitmonlee|Knock Off|p1a: Dunsparce\n|-damage|p1a: Dunsparce|243/312\n|move|p1a: Dunsparce|Coil|p1a: Dunsparce\n|-boost|p1a: Dunsparce|atk|1\n|-boost|p1a: Dunsparce|def|1\n|-boost|p1a: Dunsparce|accuracy|1\n|\n|upkeep\n|turn|21\n|inactive|Time left: 300 sec this turn | 300 sec total\n|\n|t:|1783554728\n|move|p2a: Hitmonlee|Knock Off|p1a: Dunsparce\n|-damage|p1a: Dunsparce|210/312\n|move|p1a: Dunsparce|Earthquake|p2a: Hitmonlee\n|-damage|p2a: Hitmonlee|0 fnt\n|faint|p2a: Hitmonlee\n|\n|upkeep\n|\n|t:|1783554729\n|switch|p2a: Latios|Latios, L78, M|100/100\n|turn|22\n|inactive|Time left: 300 sec this turn | 300 sec total\n|\n|t:|1783554730\n|move|p2a: Latios|Draco Meteor|p1a: Dunsparce\n|-damage|p1a: Dunsparce|0 fnt\n|-unboost|p2a: Latios|spa|2\n|faint|p1a: Dunsparce\n|\n|upkeep\n|inactive|Time left: 300 sec this turn | 300 sec total | 5 sec grace\n|\n|t:|1783554731\n|switch|p1a: Volbeat|Volbeat, L90, M|263/263\n|turn|23\n|inactive|Time left: 300 sec this turn | 300 sec total\n|\n|t:|1783554732\n|switch|p2a: Duraludon|Duraludon, L82, F|100/100\n|move|p1a: Volbeat|Lunge|p2a: Duraludon\n|-resisted|p2a: Duraludon\n|-damage|p2a: Duraludon|92/100\n|-unboost|p2a: Duraludon|atk|1\n|\n|upkeep\n|turn|24\n|inactive|Time left: 300 sec this turn | 300 sec total\n|\n|t:|1783554733\n|move|p1a: Volbeat|Lunge|p2a: Duraludon\n|-resisted|p2a: Duraludon\n|-damage|p2a: Duraludon|83/100\n|-unboost|p2a: Duraludon|atk|1\n|move|p2a: Duraludon|Flash Cannon|p1a: Volbeat\n|-damage|p1a: Volbeat|170/263\n|\n|upkeep\n|turn|25\n|inactive|Time left: 300 sec this turn | 300 sec total\n|\n|t:|1783554735\n|switch|p2a: Latios|Latios, L78, M|100/100\n|move|p1a: Volbeat|Lunge|p2a: Latios\n|-supereffective|p2a: Latios\n|-damage|p2a: Latios|27/100\n|-unboost|p2a: Latios|atk|1\n|\n|upkeep\n|turn|26\n|inactive|Time left: 300 sec this turn | 300 sec total\n|\n|t:|1783554736\n|move|p2a: Latios|Luster Purge|p1a: Volbeat\n|-damage|p1a: Volbeat|41/263\n|-unboost|p1a: Volbeat|spd|1\n|move|p1a: Volbeat|Lunge|p2a: Latios\n|-supereffective|p2a: Latios\n|-damage|p2a: Latios|0 fnt\n|faint|p2a: Latios\n|\n|upkeep\n|\n|t:|1783554737\n|switch|p2a: Duraludon|Duraludon, L82, F|83/100\n|turn|27\n|inactive|Time left: 300 sec this turn | 300 sec total\n|\n|t:|1783554738\n|move|p1a: Volbeat|Roost|p1a: Volbeat\n|-heal|p1a: Volbeat|173/263\n|-singleturn|p1a: Volbeat|move: Roost\n|move|p2a: Duraludon|Flash Cannon|p1a: Volbeat\n|-damage|p1a: Volbeat|25/263\n|\n|upkeep\n|turn|28\n|inactive|Time left: 300 sec this turn | 300 sec total\n|\n|t:|1783554739\n|move|p1a: Volbeat|Roost|p1a: Volbeat\n|-heal|p1a: Volbeat|157/263\n|-singleturn|p1a: Volbeat|move: Roost\n|move|p2a: Duraludon|Flash Cannon|p1a: Volbeat\n|-damage|p1a: Volbeat|15/263\n|\n|upkeep\n|turn|29\n|inactive|Time left: 300 sec this turn | 300 sec total\n|\n|t:|1783554740\n|move|p1a: Volbeat|Roost|p1a: Volbeat\n|-heal|p1a: Volbeat|147/263\n|-singleturn|p1a: Volbeat|move: Roost\n|move|p2a: Duraludon|Flash Cannon|p1a: Volbeat\n|-damage|p1a: Volbeat|8/263\n|\n|upkeep\n|turn|30\n|inactive|Time left: 300 sec this turn | 300 sec total\n|\n|t:|1783554741\n|move|p1a: Volbeat|Lunge|p2a: Duraludon\n|-resisted|p2a: Duraludon\n|-damage|p2a: Duraludon|75/100\n|-unboost|p2a: Duraludon|atk|1\n|move|p2a: Duraludon|Flash Cannon|p1a: Volbeat\n|-damage|p1a: Volbeat|0 fnt\n|faint|p1a: Volbeat\n|\n|upkeep\n|inactive|Time left: 300 sec this turn | 300 sec total | 5 sec grace\n|\n|t:|1783554742\n|switch|p1a: Dudunsparce|Dudunsparce-Three-Segment, L83, M|343/343\n|turn|31\n|inactive|Time left: 300 sec this turn | 300 sec total\n|\n|t:|1783554743\n|-terastallize|p1a: Dudunsparce|Ground\n|move|p2a: Duraludon|Iron Defense|p2a: Duraludon\n|-boost|p2a: Duraludon|def|2\n|move|p1a: Dudunsparce|Earthquake|p2a: Duraludon\n|-supereffective|p2a: Duraludon\n|-damage|p2a: Duraludon|48/100\n|\n|upkeep\n|turn|32\n|inactive|Time left: 300 sec this turn | 300 sec total\n|\n|t:|1783554744\n|-terastallize|p2a: Duraludon|Fighting\n|move|p2a: Duraludon|Iron Defense|p2a: Duraludon\n|-boost|p2a: Duraludon|def|2\n|move|p1a: Dudunsparce|Glare|p2a: Duraludon\n|-status|p2a: Duraludon|par\n|\n|upkeep\n|turn|33\n|inactive|Time left: 300 sec this turn | 300 sec total\n|\n|t:|1783554745\n|move|p1a: Dudunsparce|Headbutt|p2a: Duraludon\n|-damage|p2a: Duraludon|43/100 par\n|cant|p2a: Duraludon|flinch\n|\n|upkeep\n|turn|34\n|inactive|Time left: 300 sec this turn | 300 sec total\n|\n|t:|1783554747\n|move|p1a: Dudunsparce|Headbutt|p2a: Duraludon\n|-damage|p2a: Duraludon|37/100 par\n|move|p2a: Duraludon|Body Press|p1a: Dudunsparce\n|-damage|p1a: Dudunsparce|70/343\n|\n|-heal|p1a: Dudunsparce|91/343|[from] item: Leftovers\n|upkeep\n|turn|35\n|inactive|Time left: 300 sec this turn | 300 sec total\n|\n|t:|1783554748\n|move|p1a: Dudunsparce|Headbutt|p2a: Duraludon\n|-damage|p2a: Duraludon|31/100 par\n|move|p2a: Duraludon|Body Press|p1a: Dudunsparce\n|-damage|p1a: Dudunsparce|0 fnt\n|faint|p1a: Dudunsparce\n|\n|win|p0y1266a79a", "uploadtime": 1783554748, "views": 0, "rating": 0, "private": 0, "password": null, "_winner": "p0y1266a79a", "_our_name": "p0x1266afb0"}