{"id": "battle-gen9randombattle-2441", "formatid": "gen9randombattle", "format": "[Gen 9] Random Battle", "players": ["p0x244168bd", "p0y2441794b"], "log": "|init|battle\n|title|p0x244168bd vs. p0y2441794b\n|j|\u2606p0x244168bd\n|j|\u2606p0y2441794b\n|t:|1783568299\n|gametype|singles\n|player|p1|p0x244168bd|169|\n|player|p2|p0y2441794b|169|\n|gen|9\n|tier|[Gen 9] Random Battle\n|rule|Species Clause: Limit one of each Pok\u00e9mon\n|rule|HP Percentage Mod: HP is shown in percentages\n|rule|Sleep Clause Mod: Limit one foe put to sleep\n|rule|Illusion Level Mod: Illusion disguises the Pok\u00e9mon's true level\n|\n|t:|1783568299\n|teamsize|p1|6\n|teamsize|p2|6\n|start\n|switch|p1a: Sneasler|Sneasler, L74, M|240/240\n|switch|p2a: Gogoat|Gogoat, L88, M|100/100\n|turn|1\n|inactive|Battle timer is ON: inactive players will automatically lose when time's up. (requested by p0x244168bd)\n|inactive|p0y2441794b also wants the timer to be on.\n|\n|t:|1783568301\n|move|p1a: Sneasler|Dire Claw|p2a: Gogoat\n|-supereffective|p2a: Gogoat\n|-crit|p2a: Gogoat\n|-damage|p2a: Gogoat|12/100\n|-status|p2a: Gogoat|psn\n|move|p2a: Gogoat|Bulk Up|p2a: Gogoat\n|-boost|p2a: Gogoat|atk|1\n|-boost|p2a: Gogoat|def|1\n|\n|-heal|p2a: Gogoat|18/100 psn|[from] item: Leftovers\n|-damage|p2a: Gogoat|5/100 psn|[from] psn\n|upkeep\n|turn|2\n|inactive|Time left: 300 sec this turn | 300 sec total\n|\n|t:|1783568302\n|move|p1a: Sneasler|Dire Claw|p2a: Gogoat\n|-supereffective|p2a: Gogoat\n|-damage|p2a: Gogoat|0 fnt\n|faint|p2a: Gogoat\n|\n|upkeep\n|\n|t:|1783568303\n|switch|p2a: Basculegion|Basculegion-F, L83, F|100/100\n|turn|3\n|inactive|Time left: 300 sec this turn | 300 sec total\n|\n|t:|1783568304\n|move|p1a: Sneasler|Dire Claw|p2a: Basculegion\n|-resisted|p2a: Basculegion\n|-damage|p2a: Basculegion|86/100\n|-status|p2a: Basculegion|psn\n|move|p2a: Basculegion|Hydro Pump|p1a: Sneasler\n|-damage|p1a: Sneasler|0 fnt\n|faint|p1a: Sneasler\n|\n|-damage|p2a: Basculegion|74/100 psn|[from] psn\n|upkeep\n|inactive|Time left: 300 sec this turn | 300 sec total | 5 sec grace\n|\n|t:|1783568305\n|switch|p1a: Altaria|Altaria, L89, F|278/278\n|turn|4\n|inactive|Time left: 300 sec this turn | 300 sec total\n|\n|t:|1783568306\n|switch|p2a: Tyranitar|Tyranitar, L78, M|100/100\n|-weather|Sandstorm|[from] ability: Sand Stream|[of] p2a: Tyranitar\n|move|p1a: Altaria|Dragon Dance|p1a: Altaria\n|-boost|p1a: Altaria|atk|1\n|-boost|p1a: Altaria|spe|1\n|\n|-weather|Sandstorm|[upkeep]\n|-damage|p1a: Altaria|261/278|[from] Sandstorm\n|upkeep\n|turn|5\n|inactive|Time left: 300 sec this turn | 300 sec total\n|\n|t:|1783568307\n|-terastallize|p1a: Altaria|Ground\n|move|p1a: Altaria|Dragon Dance|p1a: Altaria\n|-boost|p1a: Altaria|atk|1\n|-boost|p1a: Altaria|spe|1\n|move|p2a: Tyranitar|Knock Off|p1a: Altaria\n|-damage|p1a: Altaria|143/278\n|-enditem|p1a: Altaria|Heavy-Duty Boots|[from] move: Knock Off|[of] p2a: Tyranitar\n|\n|-weather|Sandstorm|[upkeep]\n|upkeep\n|turn|6\n|inactive|Time left: 300 sec this turn | 300 sec total\n|\n|t:|1783568308\n|switch|p2a: Vespiquen|Vespiquen, L99, F|100/100\n|-ability|p2a: Vespiquen|Pressure\n|move|p1a: Altaria|Earthquake|p2a: Vespiquen\n|-immune|p2a: Vespiquen\n|\n|-weather|Sandstorm|[upkeep]\n|-damage|p2a: Vespiquen|94/100|[from] Sandstorm\n|upkeep\n|turn|7\n|inactive|Time left: 300 sec this turn | 300 sec total\n|\n|t:|1783568308\n|move|p1a: Altaria|Brave Bird|p2a: Vespiquen\n|-supereffective|p2a: Vespiquen\n|-damage|p2a: Vespiquen|0 fnt\n|faint|p2a: Vespiquen\n|-damage|p1a: Altaria|50/278|[from] Recoil\n|\n|-weather|Sandstorm|[upkeep]\n|upkeep\n|\n|t:|1783568309\n|switch|p2a: Flapple|Flapple, L88, M|100/100\n|turn|8\n|inactive|Time left: 300 sec this turn | 300 sec total\n|\n|t:|1783568310\n|move|p2a: Flapple|Sucker Punch|p1a: Altaria\n|-damage|p1a: Altaria|0 fnt\n|faint|p1a: Altaria\n|\n|-weather|none\n|upkeep\n|inactive|Time left: 300 sec this turn | 300 sec total | 5 sec grace\n|\n|t:|1783568311\n|switch|p1a: Revavroom|Revavroom, L79, M|256/256\n|turn|9\n|inactive|Time left: 300 sec this turn | 300 sec total\n|\n|t:|1783568312\n|-terastallize|p2a: Flapple|Dragon\n|move|p1a: Revavroom|Shift Gear|p1a: Revavroom\n|-boost|p1a: Revavroom|spe|2\n|-boost|p1a: Revavroom|atk|1\n|move|p2a: Flapple|Outrage|p1a: Revavroom|[miss]\n|-miss|p2a: Flapple|p1a: Revavroom\n|\n|upkeep\n|turn|10\n|inactive|Time left: 300 sec this turn | 300 sec total\n|\n|t:|1783568313\n|move|p1a: Revavroom|Iron Head|p2a: Flapple\n|-damage|p2a: Flapple|28/100\n|-damage|p1a: Revavroom|231/256|[from] item: Life Orb\n|move|p2a: Flapple|Outrage|p1a: Revavroom\n|-resisted|p1a: Revavroom\n|-damage|p1a: Revavroom|59/256\n|\n|upkeep\n|turn|11\n|inactive|Time left: 300 sec this turn | 300 sec total\n|\n|t:|1783568314\n|move|p1a: Revavroom|High Horsepower|p2a: Flapple\n|-damage|p2a: Flapple|0 fnt\n|faint|p2a: Flapple\n|-damage|p1a: Revavroom|34/256|[from] item: Life Orb\n|\n|upkeep\n|\n|t:|1783568314\n|switch|p2a: Basculegion|Basculegion-F, L83, F|74/100 psn\n|turn|12\n|inactive|Time left: 300 sec this turn | 300 sec total\n|\n|t:|1783568315\n|move|p1a: Revavroom|Iron Head|p2a: Basculegion\n|-resisted|p2a: Basculegion\n|-damage|p2a: Basculegion|44/100 psn\n|-damage|p1a: Revavroom|9/256|[from] item: Life Orb\n|cant|p2a: Basculegion|flinch\n|\n|-damage|p2a: Basculegion|32/100 psn|[from] psn\n|upkeep\n|turn|13\n|inactive|Time left: 300 sec this turn | 300 sec total\n|\n|t:|1783568316\n|move|p1a: Revavroom|Iron Head|p2a: Basculegion\n|-resisted|p2a: Basculegion\n|-damage|p2a: Basculegion|0 fnt\n|faint|p2a: Basculegion\n|-damage|p1a: Revavroom|0 fnt|[from] item: Life Orb\n|faint|p1a: Revavroom\n|\n|upkeep\n|inactive|Time left: 300 sec this turn | 300 sec total | 5 sec grace\n|\n|t:|1783568317\n|switch|p1a: Arceus|Arceus-Ghost, L69|280/280\n|switch|p2a: Tyranitar|Tyranitar, L78, M|100/100\n|-weather|Sandstorm|[from] ability: Sand Stream|[of] p2a: Tyranitar\n|turn|14\n|inactive|Time left: 300 sec this turn | 300 sec total\n|\n|t:|1783568317\n|move|p1a: Arceus|Will-O-Wisp|p2a: Tyranitar\n|-status|p2a: Tyranitar|brn\n|move|p2a: Tyranitar|Dragon Dance|p2a: Tyranitar\n|-boost|p2a: Tyranitar|atk|1\n|-boost|p2a: Tyranitar|spe|1\n|\n|-weather|Sandstorm|[upkeep]\n|-damage|p1a: Arceus|263/280|[from] Sandstorm\n|-damage|p2a: Tyranitar|95/100 brn|[from] brn\n|upkeep\n|turn|15\n|inactive|Time left: 300 sec this turn | 300 sec total\n|\n|t:|1783568318\n|switch|p1a: Kyogre|Kyogre, L71|259/259\n|-weather|RainDance|[from] ability: Drizzle|[of] p1a: Kyogre\n|move|p2a: Tyranitar|Dragon Dance|p2a: Tyranitar\n|-boost|p2a: Tyranitar|atk|1\n|-boost|p2a: Tyranitar|spe|1\n|\n|-weather|RainDance|[upkeep]\n|-damage|p2a: Tyranitar|89/100 brn|[from] brn\n|upkeep\n|turn|16\n|inactive|Time left: 300 sec this turn | 300 sec total\n|\n|t:|1783568319\n|move|p2a: Tyranitar|Knock Off|p1a: Kyogre\n|-damage|p1a: Kyogre|133/259\n|-enditem|p1a: Kyogre|Leftovers|[from] move: Knock Off|[of] p2a: Tyranitar\n|move|p1a: Kyogre|Origin Pulse|p2a: Tyranitar\n|-supereffective|p2a: Tyranitar\n|-damage|p2a: Tyranitar|0 fnt\n|faint|p2a: Tyranitar\n|\n|-weather|RainDance|[upkeep]\n|upkeep\n|\n|t:|1783568320\n|switch|p2a: Flutter Mane|Flutter Mane, L74|100/100\n|turn|17\n|inactive|Time left: 300 sec this turn | 300 sec total\n|\n|t:|1783568321\n|move|p2a: Flutter Mane|Moonblast|p1a: Kyogre\n|-damage|p1a: Kyogre|1/259\n|-unboost|p1a: Kyogre|spa|1\n|move|p1a: Kyogre|Origin Pulse|p2a: Flutter Mane\n|-damage|p2a: Flutter Mane|53/100\n|\n|-weather|RainDance|[upkeep]\n|upkeep\n|turn|18\n|inactive|Time left: 300 sec this turn | 300 sec total\n|\n|t:|1783568322\n|move|p2a: Flutter Mane|Moonblast|p1a: Kyogre\n|-damage|p1a: Kyogre|0 fnt\n|faint|p1a: Kyogre\n|\n|-weather|RainDance|[upkeep]\n|upkeep\n|inactive|Time left: 300 sec this turn | 300 sec total | 5 sec grace\n|\n|t:|1783568322\n|switch|p1a: Arceus|Arceus-Ghost, L69|263/280\n|turn|19\n|inactive|Time left: 300 sec this turn | 300 sec total\n|\n|t:|1783568323\n|move|p2a: Flutter Mane|Moonblast|p1a: Arceus\n|-damage|p1a: Arceus|110/280\n|-unboost|p1a: Arceus|spa|1\n|move|p1a: Arceus|Judgment|p2a: Flutter Mane\n|-supereffective|p2a: Flutter Mane\n|-damage|p2a: Flutter Mane|0 fnt\n|faint|p2a: Flutter Mane\n|-end|p2a: Flutter Mane|Protosynthesis|[silent]\n|\n|win|p0x244168bd", "uploadtime": 1783568323, "views": 0, "rating": 0, "private": 0, "password": null, "_winner": "p0x244168bd", "_our_name": "p0x244168bd"}