{"id": "battle-gen9randombattle-2523", "formatid": "gen9randombattle", "format": "[Gen 9] Random Battle", "players": ["p0x252392c8", "p0y2523dc64"], "log": "|init|battle\n|title|p0x252392c8 vs. p0y2523dc64\n|j|\u2606p0x252392c8\n|j|\u2606p0y2523dc64\n|t:|1783568237\n|gametype|singles\n|player|p1|p0x252392c8|170|\n|player|p2|p0y2523dc64|265|\n|gen|9\n|tier|[Gen 9] Random Battle\n|rule|Species Clause: Limit one of each Pok\u00e9mon\n|rule|HP Percentage Mod: HP is shown in percentages\n|rule|Sleep Clause Mod: Limit one foe put to sleep\n|rule|Illusion Level Mod: Illusion disguises the Pok\u00e9mon's true level\n|\n|t:|1783568237\n|teamsize|p1|6\n|teamsize|p2|6\n|start\n|switch|p1a: Oinkologne|Oinkologne-F, L92, F|100/100\n|switch|p2a: Roaring Moon|Roaring Moon, L72|270/270\n|turn|1\n|inactive|Battle timer is ON: inactive players will automatically lose when time's up. (requested by p0y2523dc64)\n|inactive|p0x252392c8 also wants the timer to be on.\n|\n|t:|1783568238\n|move|p2a: Roaring Moon|Outrage|p1a: Oinkologne\n|-crit|p1a: Oinkologne\n|-damage|p1a: Oinkologne|20/100\n|move|p1a: Oinkologne|Body Slam|p2a: Roaring Moon\n|-damage|p2a: Roaring Moon|137/270\n|\n|-heal|p1a: Oinkologne|26/100|[from] item: Leftovers\n|upkeep\n|turn|2\n|inactive|Time left: 300 sec this turn | 300 sec total\n|\n|t:|1783568239\n|switch|p1a: Carbink|Carbink, L90|100/100\n|move|p2a: Roaring Moon|Outrage|p1a: Carbink|[from] lockedmove\n|-immune|p1a: Carbink\n|-start|p2a: Roaring Moon|confusion|[fatigue]\n|\n|upkeep\n|turn|3\n|inactive|Time left: 300 sec this turn | 300 sec total\n|\n|t:|1783568240\n|-end|p2a: Roaring Moon|Protosynthesis|[silent]\n|switch|p2a: Metagross|Metagross, L79|256/256\n|move|p1a: Carbink|Moonblast|p2a: Metagross\n|-resisted|p2a: Metagross\n|-damage|p2a: Metagross|220/256\n|\n|upkeep\n|turn|4\n|inactive|Time left: 300 sec this turn | 300 sec total\n|\n|t:|1783568242\n|switch|p1a: Bruxish|Bruxish, L85, F|100/100\n|move|p2a: Metagross|Heavy Slam|p1a: Bruxish\n|-resisted|p1a: Bruxish\n|-damage|p1a: Bruxish|50/100\n|\n|upkeep\n|turn|5\n|inactive|Time left: 300 sec this turn | 300 sec total\n|\n|t:|1783568243\n|move|p1a: Bruxish|Crunch|p2a: Metagross\n|-supereffective|p2a: Metagross\n|-damage|p2a: Metagross|80/256\n|move|p2a: Metagross|Heavy Slam|p1a: Bruxish\n|-resisted|p1a: Bruxish\n|-damage|p1a: Bruxish|2/100\n|\n|upkeep\n|turn|6\n|inactive|Time left: 300 sec this turn | 300 sec total\n|\n|t:|1783568244\n|switch|p2a: Roaring Moon|Roaring Moon, L72|137/270\n|move|p1a: Bruxish|Crunch|p2a: Roaring Moon\n|-resisted|p2a: Roaring Moon\n|-damage|p2a: Roaring Moon|71/270\n|\n|upkeep\n|turn|7\n|inactive|Time left: 300 sec this turn | 300 sec total\n|\n|t:|1783568245\n|move|p1a: Bruxish|Crunch|p2a: Roaring Moon\n|-resisted|p2a: Roaring Moon\n|-damage|p2a: Roaring Moon|5/270\n|move|p2a: Roaring Moon|Iron Head|p1a: Bruxish\n|-resisted|p1a: Bruxish\n|-damage|p1a: Bruxish|0 fnt\n|faint|p1a: Bruxish\n|\n|upkeep\n|\n|t:|1783568246\n|switch|p1a: Mienshao|Mienshao, L83, M|100/100\n|turn|8\n|inactive|Time left: 300 sec this turn | 300 sec total\n|\n|t:|1783568247\n|-end|p2a: Roaring Moon|Protosynthesis|[silent]\n|switch|p2a: Houndstone|Houndstone, L86, M|264/264\n|move|p1a: Mienshao|Swords Dance|p1a: Mienshao\n|-boost|p1a: Mienshao|atk|2\n|\n|upkeep\n|turn|9\n|inactive|Time left: 300 sec this turn | 300 sec total\n|\n|t:|1783568248\n|move|p1a: Mienshao|Knock Off|p2a: Houndstone\n|-supereffective|p2a: Houndstone\n|-damage|p2a: Houndstone|74/264\n|-enditem|p2a: Houndstone|Assault Vest|[from] move: Knock Off|[of] p1a: Mienshao\n|-damage|p1a: Mienshao|91/100|[from] item: Life Orb\n|move|p2a: Houndstone|Play Rough|p1a: Mienshao\n|-supereffective|p1a: Mienshao\n|-damage|p1a: Mienshao|12/100\n|\n|upkeep\n|turn|10\n|inactive|Time left: 300 sec this turn | 300 sec total\n|\n|t:|1783568249\n|switch|p1a: Carbink|Carbink, L90|100/100\n|move|p2a: Houndstone|Shadow Sneak|p1a: Carbink\n|-damage|p1a: Carbink|89/100\n|\n|-heal|p1a: Carbink|95/100|[from] item: Leftovers\n|upkeep\n|turn|11\n|inactive|Time left: 300 sec this turn | 300 sec total\n|\n|t:|1783568250\n|move|p2a: Houndstone|Poltergeist|p1a: Carbink\n|-activate|p1a: Carbink|move: Poltergeist|Leftovers\n|-damage|p1a: Carbink|64/100\n|move|p1a: Carbink|Rock Polish|p1a: Carbink\n|-boost|p1a: Carbink|spe|2\n|\n|-heal|p1a: Carbink|70/100|[from] item: Leftovers\n|upkeep\n|turn|12\n|inactive|Time left: 300 sec this turn | 300 sec total\n|\n|t:|1783568250\n|move|p1a: Carbink|Iron Defense|p1a: Carbink\n|-boost|p1a: Carbink|def|2\n|move|p2a: Houndstone|Poltergeist|p1a: Carbink\n|-activate|p1a: Carbink|move: Poltergeist|Leftovers\n|-damage|p1a: Carbink|52/100\n|\n|-heal|p1a: Carbink|58/100|[from] item: Leftovers\n|upkeep\n|turn|13\n|inactive|Time left: 300 sec this turn | 300 sec total\n|\n|t:|1783568251\n|move|p1a: Carbink|Moonblast|p2a: Houndstone\n|-damage|p2a: Houndstone|8/264\n|move|p2a: Houndstone|Poltergeist|p1a: Carbink\n|-activate|p1a: Carbink|move: Poltergeist|Leftovers\n|-damage|p1a: Carbink|42/100\n|\n|-heal|p1a: Carbink|48/100|[from] item: Leftovers\n|upkeep\n|turn|14\n|inactive|Time left: 300 sec this turn | 300 sec total\n|\n|t:|1783568252\n|move|p1a: Carbink|Body Press|p2a: Houndstone\n|-immune|p2a: Houndstone\n|move|p2a: Houndstone|Body Press|p1a: Carbink\n|-damage|p1a: Carbink|40/100\n|\n|-heal|p1a: Carbink|46/100|[from] item: Leftovers\n|upkeep\n|turn|15\n|inactive|Time left: 300 sec this turn | 300 sec total\n|\n|t:|1783568253\n|move|p1a: Carbink|Moonblast|p2a: Houndstone\n|-damage|p2a: Houndstone|0 fnt\n|faint|p2a: Houndstone\n|\n|-heal|p1a: Carbink|52/100|[from] item: Leftovers\n|upkeep\n|inactive|Time left: 300 sec this turn | 300 sec total | 5 sec grace\n|\n|t:|1783568254\n|switch|p2a: Suicune|Suicune, L82|298/298\n|-ability|p2a: Suicune|Pressure\n|turn|16\n|inactive|Time left: 300 sec this turn | 300 sec total\n|\n|t:|1783568255\n|-terastallize|p1a: Carbink|Fighting\n|move|p1a: Carbink|Body Press|p2a: Suicune\n|-damage|p2a: Suicune|48/298\n|move|p2a: Suicune|Scald|p1a: Carbink\n|-damage|p1a: Carbink|30/100\n|\n|-heal|p1a: Carbink|36/100|[from] item: Leftovers\n|-heal|p2a: Suicune|66/298|[from] item: Leftovers\n|upkeep\n|turn|17\n|inactive|Time left: 300 sec this turn | 300 sec total\n|\n|t:|1783568256\n|move|p2a: Suicune|Protect|p2a: Suicune\n|-singleturn|p2a: Suicune|Protect\n|move|p1a: Carbink|Body Press|p2a: Suicune\n|-activate|p2a: Suicune|move: Protect\n|\n|-heal|p1a: Carbink|42/100|[from] item: Leftovers\n|-heal|p2a: Suicune|84/298|[from] item: Leftovers\n|upkeep\n|turn|18\n|inactive|Time left: 300 sec this turn | 300 sec total\n|\n|t:|1783568257\n|switch|p2a: Roaring Moon|Roaring Moon, L72|5/270\n|move|p1a: Carbink|Body Press|p2a: Roaring Moon\n|-supereffective|p2a: Roaring Moon\n|-damage|p2a: Roaring Moon|0 fnt\n|faint|p2a: Roaring Moon\n|-end|p2a: Roaring Moon|Protosynthesis|[silent]\n|\n|-heal|p1a: Carbink|48/100|[from] item: Leftovers\n|upkeep\n|inactive|Time left: 300 sec this turn | 300 sec total | 5 sec grace\n|\n|t:|1783568258\n|switch|p2a: Suicune|Suicune, L82|84/298\n|-ability|p2a: Suicune|Pressure\n|turn|19\n|inactive|Time left: 300 sec this turn | 300 sec total\n|\n|t:|1783568259\n|move|p2a: Suicune|Protect|p2a: Suicune\n|-singleturn|p2a: Suicune|Protect\n|move|p1a: Carbink|Body Press|p2a: Suicune\n|-activate|p2a: Suicune|move: Protect\n|\n|-heal|p1a: Carbink|53/100|[from] item: Leftovers\n|-heal|p2a: Suicune|102/298|[from] item: Leftovers\n|upkeep\n|turn|20\n|inactive|Time left: 300 sec this turn | 300 sec total\n|\n|t:|1783568260\n|move|p2a: Suicune|Protect|p2a: Suicune\n|-singleturn|p2a: Suicune|Protect\n|move|p1a: Carbink|Body Press|p2a: Suicune\n|-activate|p2a: Suicune|move: Protect\n|\n|-heal|p1a: Carbink|59/100|[from] item: Leftovers\n|-heal|p2a: Suicune|120/298|[from] item: Leftovers\n|upkeep\n|turn|21\n|inactive|Time left: 300 sec this turn | 300 sec total\n|\n|t:|1783568261\n|move|p2a: Suicune|Protect||[still]\n|-fail|p2a: Suicune\n|move|p1a: Carbink|Body Press|p2a: Suicune\n|-crit|p2a: Suicune\n|-damage|p2a: Suicune|0 fnt\n|faint|p2a: Suicune\n|\n|-heal|p1a: Carbink|65/100|[from] item: Leftovers\n|upkeep\n|inactive|Time left: 300 sec this turn | 300 sec total | 5 sec grace\n|\n|t:|1783568262\n|switch|p2a: Metagross|Metagross, L79|80/256\n|turn|22\n|inactive|Time left: 300 sec this turn | 300 sec total\n|\n|t:|1783568262\n|move|p1a: Carbink|Body Press|p2a: Metagross\n|-damage|p2a: Metagross|0 fnt\n|faint|p2a: Metagross\n|\n|-heal|p1a: Carbink|71/100|[from] item: Leftovers\n|upkeep\n|inactive|Time left: 300 sec this turn | 300 sec total | 5 sec grace\n|\n|t:|1783568263\n|switch|p2a: Beartic|Beartic, L91, M|321/321\n|turn|23\n|inactive|Time left: 300 sec this turn | 300 sec total\n|\n|t:|1783568264\n|-terastallize|p2a: Beartic|Ground\n|move|p1a: Carbink|Body Press|p2a: Beartic\n|-damage|p2a: Beartic|51/321\n|move|p2a: Beartic|Earthquake|p1a: Carbink\n|-damage|p1a: Carbink|51/100\n|\n|-heal|p1a: Carbink|57/100|[from] item: Leftovers\n|upkeep\n|turn|24\n|inactive|Time left: 300 sec this turn | 300 sec total\n|\n|t:|1783568265\n|move|p1a: Carbink|Body Press|p2a: Beartic\n|-damage|p2a: Beartic|0 fnt\n|faint|p2a: Beartic\n|\n|-heal|p1a: Carbink|63/100|[from] item: Leftovers\n|upkeep\n|inactive|Time left: 300 sec this turn | 300 sec total | 5 sec grace\n|\n|t:|1783568266\n|switch|p2a: Zangoose|Zangoose, L85, F|263/263\n|turn|25\n|inactive|Time left: 300 sec this turn | 300 sec total\n|\n|t:|1783568267\n|move|p1a: Carbink|Body Press|p2a: Zangoose\n|-supereffective|p2a: Zangoose\n|-damage|p2a: Zangoose|0 fnt\n|faint|p2a: Zangoose\n|\n|win|p0x252392c8", "uploadtime": 1783568267, "views": 0, "rating": 0, "private": 0, "password": null, "_winner": "p0x252392c8", "_our_name": "p0y2523dc64"}