{"id": "battle-gen9randombattle-1692", "formatid": "gen9randombattle", "format": "[Gen 9] Random Battle", "players": ["p0x169240b9", "p0y16922aaf"], "log": "|init|battle\n|title|p0x169240b9 vs. p0y16922aaf\n|j|\u2606p0x169240b9\n|j|\u2606p0y16922aaf\n|t:|1783559611\n|gametype|singles\n|player|p1|p0x169240b9|170|\n|player|p2|p0y16922aaf|102|\n|gen|9\n|tier|[Gen 9] Random Battle\n|rule|Species Clause: Limit one of each Pok\u00e9mon\n|rule|HP Percentage Mod: HP is shown in percentages\n|rule|Sleep Clause Mod: Limit one foe put to sleep\n|rule|Illusion Level Mod: Illusion disguises the Pok\u00e9mon's true level\n|\n|t:|1783559611\n|teamsize|p1|6\n|teamsize|p2|6\n|start\n|switch|p1a: Gyarados|Gyarados, L79, F|280/280\n|switch|p2a: Volcanion|Volcanion, L79|100/100\n|-ability|p1a: Gyarados|Intimidate|boost\n|-unboost|p2a: Volcanion|atk|1\n|turn|1\n|inactive|Battle timer is ON: inactive players will automatically lose when time's up. (requested by p0y16922aaf)\n|inactive|Time left: 300 sec this turn | 300 sec total | 60 sec grace\n|inactive|p0x169240b9 also wants the timer to be on.\n|\n|t:|1783559612\n|move|p1a: Gyarados|Earthquake|p2a: Volcanion\n|-supereffective|p2a: Volcanion\n|-damage|p2a: Volcanion|50/100\n|move|p2a: Volcanion|Steam Eruption|p1a: Gyarados\n|-resisted|p1a: Gyarados\n|-damage|p1a: Gyarados|220/280\n|\n|upkeep\n|turn|2\n|inactive|Time left: 300 sec this turn | 300 sec total\n|\n|t:|1783559613\n|switch|p2a: Luxray|Luxray, L88, F|100/100\n|-ability|p2a: Luxray|Intimidate|boost\n|-unboost|p1a: Gyarados|atk|1\n|move|p1a: Gyarados|Earthquake|p2a: Luxray\n|-supereffective|p2a: Luxray\n|-damage|p2a: Luxray|63/100\n|\n|upkeep\n|turn|3\n|inactive|Time left: 300 sec this turn | 300 sec total\n|\n|t:|1783559614\n|switch|p1a: Stantler|Stantler, L92, M|284/284\n|-ability|p1a: Stantler|Intimidate|boost\n|-unboost|p2a: Luxray|atk|1\n|move|p2a: Luxray|Volt Switch|p1a: Stantler\n|-damage|p1a: Stantler|224/284\n|\n|t:|1783559615\n|switch|p2a: Sinistcha|Sinistcha-Masterpiece, L83|100/100|[from] Volt Switch\n|\n|upkeep\n|turn|4\n|inactive|Time left: 300 sec this turn | 300 sec total\n|\n|t:|1783559617\n|move|p1a: Stantler|Thunder Wave|p2a: Sinistcha\n|-status|p2a: Sinistcha|par\n|move|p2a: Sinistcha|Calm Mind|p2a: Sinistcha\n|-boost|p2a: Sinistcha|spa|1\n|-boost|p2a: Sinistcha|spd|1\n|\n|upkeep\n|turn|5\n|inactive|Time left: 300 sec this turn | 300 sec total\n|\n|t:|1783559618\n|move|p1a: Stantler|Throat Chop|p2a: Sinistcha\n|-supereffective|p2a: Sinistcha\n|-crit|p2a: Sinistcha\n|-damage|p2a: Sinistcha|34/100 par\n|-start|p2a: Sinistcha|Throat Chop|[silent]\n|move|p2a: Sinistcha|Matcha Gotcha|p1a: Stantler\n|-damage|p1a: Stantler|115/284\n|-heal|p2a: Sinistcha|55/100 par|[from] drain|[of] p1a: Stantler\n|\n|-heal|p2a: Sinistcha|61/100 par|[from] item: Leftovers\n|upkeep\n|turn|6\n|inactive|Time left: 300 sec this turn | 300 sec total\n|\n|t:|1783559619\n|move|p1a: Stantler|Throat Chop|p2a: Sinistcha\n|-supereffective|p2a: Sinistcha\n|-damage|p2a: Sinistcha|13/100 par\n|move|p2a: Sinistcha|Matcha Gotcha|p1a: Stantler\n|-damage|p1a: Stantler|9/284\n|-heal|p2a: Sinistcha|34/100 par|[from] drain|[of] p1a: Stantler\n|-status|p1a: Stantler|brn\n|\n|-heal|p2a: Sinistcha|40/100 par|[from] item: Leftovers\n|-damage|p1a: Stantler|0 fnt|[from] brn\n|faint|p1a: Stantler\n|-end|p2a: Sinistcha|Throat Chop|[silent]\n|upkeep\n|inactive|Time left: 300 sec this turn | 300 sec total | 5 sec grace\n|\n|t:|1783559620\n|switch|p1a: Electivire|Electivire, L84, M|263/263\n|turn|7\n|inactive|Time left: 300 sec this turn | 300 sec total\n|\n|t:|1783559621\n|move|p1a: Electivire|Ice Punch|p2a: Sinistcha\n|-supereffective|p2a: Sinistcha\n|-damage|p2a: Sinistcha|0 fnt\n|faint|p2a: Sinistcha\n|-damage|p1a: Electivire|237/263|[from] item: Life Orb\n|\n|upkeep\n|\n|t:|1783559622\n|switch|p2a: Oinkologne|Oinkologne, L92, M|100/100\n|turn|8\n|inactive|Time left: 300 sec this turn | 300 sec total\n|\n|t:|1783559622\n|switch|p1a: Gyarados|Gyarados, L79, F|220/280\n|-ability|p1a: Gyarados|Intimidate|boost\n|-unboost|p2a: Oinkologne|atk|1\n|move|p2a: Oinkologne|Body Slam|p1a: Gyarados\n|-damage|p1a: Gyarados|139/280\n|\n|upkeep\n|turn|9\n|inactive|Time left: 300 sec this turn | 300 sec total\n|\n|t:|1783559623\n|switch|p2a: Luxray|Luxray, L88, F|63/100\n|-ability|p2a: Luxray|Intimidate|boost\n|-unboost|p1a: Gyarados|atk|1\n|move|p1a: Gyarados|Dragon Dance|p1a: Gyarados\n|-boost|p1a: Gyarados|atk|1\n|-boost|p1a: Gyarados|spe|1\n|\n|upkeep\n|turn|10\n|inactive|Time left: 300 sec this turn | 300 sec total\n|\n|t:|1783559624\n|move|p1a: Gyarados|Earthquake|p2a: Luxray\n|-supereffective|p2a: Luxray\n|-damage|p2a: Luxray|4/100\n|move|p2a: Luxray|Volt Switch|p1a: Gyarados\n|-supereffective|p1a: Gyarados\n|-damage|p1a: Gyarados|0 fnt\n|faint|p1a: Gyarados\n|\n|t:|1783559625\n|switch|p2a: Oinkologne|Oinkologne, L92, M|100/100|[from] Volt Switch\n|\n|upkeep\n|inactive|Time left: 300 sec this turn | 300 sec total | 10 sec grace\n|\n|t:|1783559626\n|switch|p1a: Klawf|Klawf, L90, M|272/272\n|turn|11\n|inactive|Time left: 300 sec this turn | 300 sec total\n|\n|t:|1783559627\n|move|p1a: Klawf|Swords Dance|p1a: Klawf\n|-boost|p1a: Klawf|atk|2\n|move|p2a: Oinkologne|High Horsepower|p1a: Klawf\n|-supereffective|p1a: Klawf\n|-damage|p1a: Klawf|138/272\n|\n|upkeep\n|turn|12\n|inactive|Time left: 300 sec this turn | 300 sec total\n|\n|t:|1783559628\n|switch|p2a: Luxray|Luxray, L88, F|4/100\n|-ability|p2a: Luxray|Intimidate|boost\n|-unboost|p1a: Klawf|atk|1\n|move|p1a: Klawf|Knock Off|p2a: Luxray\n|-damage|p2a: Luxray|0 fnt\n|-enditem|p2a: Luxray|Assault Vest|[from] move: Knock Off|[of] p1a: Klawf\n|faint|p2a: Luxray\n|\n|upkeep\n|\n|t:|1783559629\n|switch|p2a: Tatsugiri|Tatsugiri, L87, F|100/100\n|turn|13\n|inactive|Time left: 300 sec this turn | 300 sec total\n|\n|t:|1783559630\n|switch|p1a: Sylveon|Sylveon, L85, F|300/300\n|move|p2a: Tatsugiri|Surf|p1a: Sylveon\n|-damage|p1a: Sylveon|216/300\n|\n|-heal|p1a: Sylveon|234/300|[from] item: Leftovers\n|upkeep\n|turn|14\n|inactive|Time left: 300 sec this turn | 300 sec total\n|\n|t:|1783559631\n|switch|p2a: Landorus|Landorus-Therian, L76, M|100/100\n|-ability|p2a: Landorus|Intimidate|boost\n|-unboost|p1a: Sylveon|atk|1\n|move|p1a: Sylveon|Hyper Voice|p2a: Landorus\n|-damage|p2a: Landorus|46/100\n|\n|-heal|p2a: Landorus|52/100|[from] item: Leftovers\n|-heal|p1a: Sylveon|252/300|[from] item: Leftovers\n|upkeep\n|turn|15\n|inactive|Time left: 300 sec this turn | 300 sec total\n|\n|t:|1783559632\n|move|p2a: Landorus|Earthquake|p1a: Sylveon\n|-damage|p1a: Sylveon|113/300\n|move|p1a: Sylveon|Hyper Voice|p2a: Landorus\n|-damage|p2a: Landorus|0 fnt\n|faint|p2a: Landorus\n|\n|-heal|p1a: Sylveon|131/300|[from] item: Leftovers\n|upkeep\n|\n|t:|1783559633\n|switch|p2a: Oinkologne|Oinkologne, L92, M|100/100\n|turn|16\n|inactive|Time left: 300 sec this turn | 300 sec total\n|\n|t:|1783559634\n|move|p1a: Sylveon|Protect|p1a: Sylveon\n|-singleturn|p1a: Sylveon|Protect\n|move|p2a: Oinkologne|Body Slam|p1a: Sylveon\n|-activate|p1a: Sylveon|move: Protect\n|\n|-heal|p1a: Sylveon|149/300|[from] item: Leftovers\n|upkeep\n|turn|17\n|inactive|Time left: 300 sec this turn | 300 sec total\n|\n|t:|1783559635\n|move|p2a: Oinkologne|High Horsepower|p1a: Sylveon\n|-damage|p1a: Sylveon|57/300\n|move|p1a: Sylveon|Wish|p1a: Sylveon\n|\n|-heal|p1a: Sylveon|75/300|[from] item: Leftovers\n|upkeep\n|turn|18\n|inactive|Time left: 300 sec this turn | 300 sec total\n|\n|t:|1783559636\n|move|p1a: Sylveon|Protect|p1a: Sylveon\n|-singleturn|p1a: Sylveon|Protect\n|move|p2a: Oinkologne|High Horsepower|p1a: Sylveon\n|-activate|p1a: Sylveon|move: Protect\n|\n|-heal|p1a: Sylveon|225/300|[from] move: Wish|[wisher] Sylveon\n|-heal|p1a: Sylveon|243/300|[from] item: Leftovers\n|upkeep\n|turn|19\n|inactive|Time left: 300 sec this turn | 300 sec total\n|\n|t:|1783559637\n|move|p2a: Oinkologne|Body Slam|p1a: Sylveon\n|-damage|p1a: Sylveon|107/300\n|move|p1a: Sylveon|Wish|p1a: Sylveon\n|\n|-heal|p1a: Sylveon|125/300|[from] item: Leftovers\n|upkeep\n|turn|20\n|inactive|Time left: 300 sec this turn | 300 sec total\n|\n|t:|1783559638\n|move|p1a: Sylveon|Protect|p1a: Sylveon\n|-singleturn|p1a: Sylveon|Protect\n|move|p2a: Oinkologne|Body Slam|p1a: Sylveon\n|-activate|p1a: Sylveon|move: Protect\n|\n|-heal|p1a: Sylveon|275/300|[from] move: Wish|[wisher] Sylveon\n|-heal|p1a: Sylveon|293/300|[from] item: Leftovers\n|upkeep\n|turn|21\n|inactive|Time left: 300 sec this turn | 300 sec total\n|\n|t:|1783559639\n|move|p2a: Oinkologne|High Horsepower|p1a: Sylveon\n|-damage|p1a: Sylveon|200/300\n|move|p1a: Sylveon|Calm Mind|p1a: Sylveon\n|-boost|p1a: Sylveon|spa|1\n|-boost|p1a: Sylveon|spd|1\n|\n|-heal|p1a: Sylveon|218/300|[from] item: Leftovers\n|upkeep\n|turn|22\n|inactive|Time left: 300 sec this turn | 300 sec total\n|\n|t:|1783559640\n|move|p2a: Oinkologne|Body Slam|p1a: Sylveon\n|-damage|p1a: Sylveon|80/300\n|-status|p1a: Sylveon|par\n|move|p1a: Sylveon|Hyper Voice|p2a: Oinkologne\n|-damage|p2a: Oinkologne|48/100\n|\n|-heal|p2a: Oinkologne|54/100|[from] item: Leftovers\n|-heal|p1a: Sylveon|98/300 par|[from] item: Leftovers\n|upkeep\n|turn|23\n|inactive|Time left: 300 sec this turn | 300 sec total\n|\n|t:|1783559641\n|move|p1a: Sylveon|Protect|p1a: Sylveon\n|-singleturn|p1a: Sylveon|Protect\n|move|p2a: Oinkologne|High Horsepower|p1a: Sylveon\n|-activate|p1a: Sylveon|move: Protect\n|\n|-heal|p2a: Oinkologne|61/100|[from] item: Leftovers\n|-heal|p1a: Sylveon|116/300 par|[from] item: Leftovers\n|upkeep\n|turn|24\n|inactive|Time left: 300 sec this turn | 300 sec total\n|\n|t:|1783559642\n|move|p2a: Oinkologne|Body Slam|p1a: Sylveon\n|-damage|p1a: Sylveon|0 fnt\n|faint|p1a: Sylveon\n|\n|-heal|p2a: Oinkologne|67/100|[from] item: Leftovers\n|upkeep\n|inactive|Time left: 300 sec this turn | 300 sec total | 5 sec grace\n|\n|t:|1783559643\n|switch|p1a: Klawf|Klawf, L90, M|138/272\n|turn|25\n|inactive|Time left: 300 sec this turn | 300 sec total\n|\n|t:|1783559644\n|move|p1a: Klawf|Knock Off|p2a: Oinkologne\n|-crit|p2a: Oinkologne\n|-damage|p2a: Oinkologne|29/100\n|-enditem|p2a: Oinkologne|Leftovers|[from] move: Knock Off|[of] p1a: Klawf\n|move|p2a: Oinkologne|High Horsepower|p1a: Klawf\n|-supereffective|p1a: Klawf\n|-crit|p1a: Klawf\n|-damage|p1a: Klawf|0 fnt\n|faint|p1a: Klawf\n|\n|upkeep\n|inactive|Time left: 300 sec this turn | 300 sec total | 5 sec grace\n|\n|t:|1783559645\n|switch|p1a: Electivire|Electivire, L84, M|237/263\n|turn|26\n|inactive|Time left: 300 sec this turn | 300 sec total\n|\n|t:|1783559646\n|move|p1a: Electivire|Earthquake|p2a: Oinkologne\n|-damage|p2a: Oinkologne|0 fnt\n|faint|p2a: Oinkologne\n|-damage|p1a: Electivire|211/263|[from] item: Life Orb\n|\n|upkeep\n|\n|t:|1783559647\n|switch|p2a: Tatsugiri|Tatsugiri, L87, F|100/100\n|turn|27\n|inactive|Time left: 300 sec this turn | 300 sec total\n|\n|t:|1783559649\n|move|p1a: Electivire|Supercell Slam|p2a: Tatsugiri\n|-damage|p2a: Tatsugiri|17/100\n|-damage|p1a: Electivire|185/263|[from] item: Life Orb\n|move|p2a: Tatsugiri|Rapid Spin|p1a: Electivire\n|-damage|p1a: Electivire|155/263\n|-boost|p2a: Tatsugiri|spe|1\n|\n|upkeep\n|turn|28\n|inactive|Time left: 300 sec this turn | 300 sec total\n|\n|t:|1783559650\n|switch|p1a: Fezandipiti|Fezandipiti, L82, M|278/278\n|move|p2a: Tatsugiri|Draco Meteor|p1a: Fezandipiti\n|-immune|p1a: Fezandipiti\n|\n|upkeep\n|turn|29\n|inactive|Time left: 300 sec this turn | 300 sec total\n|\n|t:|1783559651\n|-terastallize|p2a: Tatsugiri|Steel\n|move|p2a: Tatsugiri|Nasty Plot|p2a: Tatsugiri\n|-boost|p2a: Tatsugiri|spa|2\n|move|p1a: Fezandipiti|Moonblast|p2a: Tatsugiri\n|-resisted|p2a: Tatsugiri\n|-damage|p2a: Tatsugiri|4/100\n|\n|upkeep\n|turn|30\n|inactive|Time left: 300 sec this turn | 300 sec total\n|\n|t:|1783559652\n|move|p2a: Tatsugiri|Surf|p1a: Fezandipiti\n|-damage|p1a: Fezandipiti|98/278\n|move|p1a: Fezandipiti|Moonblast|p2a: Tatsugiri\n|-resisted|p2a: Tatsugiri\n|-damage|p2a: Tatsugiri|0 fnt\n|faint|p2a: Tatsugiri\n|\n|-heal|p1a: Fezandipiti|115/278|[from] item: Leftovers\n|upkeep\n|\n|t:|1783559653\n|switch|p2a: Volcanion|Volcanion, L79|50/100\n|turn|31\n|inactive|Time left: 300 sec this turn | 300 sec total\n|\n|t:|1783559654\n|move|p1a: Fezandipiti|Gunk Shot|p2a: Volcanion\n|-damage|p2a: Volcanion|10/100\n|-status|p2a: Volcanion|psn\n|move|p2a: Volcanion|Flamethrower|p1a: Fezandipiti\n|-damage|p1a: Fezandipiti|27/278\n|\n|-heal|p1a: Fezandipiti|44/278|[from] item: Leftovers\n|-damage|p2a: Volcanion|0 fnt|[from] psn\n|faint|p2a: Volcanion\n|\n|win|p0x169240b9", "uploadtime": 1783559654, "views": 0, "rating": 0, "private": 0, "password": null, "_winner": "p0x169240b9", "_our_name": "p0x169240b9"}