{"id": "battle-gen9randombattle-27", "formatid": "gen9randombattle", "format": "[Gen 9] Random Battle", "players": ["p0x027745b", "p0y0272055"], "log": "|init|battle\n|title|p0x027745b vs. p0y0272055\n|j|\u2606p0x027745b\n|j|\u2606p0y0272055\n|t:|1783539747\n|gametype|singles\n|player|p1|p0x027745b|170|\n|player|p2|p0y0272055|265|\n|gen|9\n|tier|[Gen 9] Random Battle\n|rule|Species Clause: Limit one of each Pok\u00e9mon\n|rule|HP Percentage Mod: HP is shown in percentages\n|rule|Sleep Clause Mod: Limit one foe put to sleep\n|rule|Illusion Level Mod: Illusion disguises the Pok\u00e9mon's true level\n|\n|t:|1783539748\n|teamsize|p1|6\n|teamsize|p2|6\n|start\n|switch|p1a: Braviary|Braviary-Hisui, L85, M|100/100\n|switch|p2a: Avalugg|Avalugg-Hisui, L90, M|317/317\n|turn|1\n|inactive|Battle timer is ON: inactive players will automatically lose when time's up. (requested by p0y0272055)\n|inactive|p0x027745b also wants the timer to be on.\n|\n|t:|1783539749\n|move|p1a: Braviary|Hurricane|p2a: Avalugg\n|-resisted|p2a: Avalugg\n|-ability|p2a: Avalugg|Sturdy\n|-damage|p2a: Avalugg|1/317\n|move|p2a: Avalugg|Avalanche|p1a: Braviary\n|-supereffective|p1a: Braviary\n|-damage|p1a: Braviary|0 fnt\n|faint|p1a: Braviary\n|\n|upkeep\n|\n|t:|1783539751\n|switch|p1a: Honchkrow|Honchkrow, L86, M|100/100\n|turn|2\n|inactive|Time left: 300 sec this turn | 300 sec total\n|\n|t:|1783539752\n|switch|p2a: Sandy Shocks|Sandy Shocks, L80|267/267\n|move|p1a: Honchkrow|Brave Bird|p2a: Sandy Shocks\n|-resisted|p2a: Sandy Shocks\n|-damage|p2a: Sandy Shocks|184/267\n|-damage|p1a: Honchkrow|92/100|[from] Recoil\n|\n|-heal|p2a: Sandy Shocks|200/267|[from] item: Leftovers\n|upkeep\n|turn|3\n|inactive|Time left: 300 sec this turn | 300 sec total\n|\n|t:|1783539753\n|switch|p1a: Swalot|Swalot, L90, F|100/100\n|move|p2a: Sandy Shocks|Thunderbolt|p1a: Swalot\n|-damage|p1a: Swalot|69/100\n|\n|-heal|p2a: Sandy Shocks|216/267|[from] item: Leftovers\n|-heal|p1a: Swalot|75/100|[from] item: Leftovers\n|upkeep\n|turn|4\n|inactive|Time left: 300 sec this turn | 300 sec total\n|\n|t:|1783539754\n|move|p2a: Sandy Shocks|Earth Power|p1a: Swalot\n|-supereffective|p1a: Swalot\n|-damage|p1a: Swalot|8/100\n|move|p1a: Swalot|Toxic|p2a: Sandy Shocks\n|-status|p2a: Sandy Shocks|tox\n|\n|-heal|p2a: Sandy Shocks|232/267 tox|[from] item: Leftovers\n|-heal|p1a: Swalot|15/100|[from] item: Leftovers\n|-damage|p2a: Sandy Shocks|216/267 tox|[from] psn\n|upkeep\n|turn|5\n|inactive|Time left: 300 sec this turn | 300 sec total\n|\n|t:|1783539755\n|move|p1a: Swalot|Protect|p1a: Swalot\n|-singleturn|p1a: Swalot|Protect\n|move|p2a: Sandy Shocks|Earth Power|p1a: Swalot\n|-activate|p1a: Swalot|move: Protect\n|\n|-heal|p2a: Sandy Shocks|232/267 tox|[from] item: Leftovers\n|-heal|p1a: Swalot|21/100|[from] item: Leftovers\n|-damage|p2a: Sandy Shocks|200/267 tox|[from] psn\n|upkeep\n|turn|6\n|inactive|Time left: 300 sec this turn | 300 sec total\n|\n|t:|1783539756\n|switch|p1a: Rabsca|Rabsca, L91, M|100/100\n|move|p2a: Sandy Shocks|Earth Power|p1a: Rabsca\n|-resisted|p1a: Rabsca\n|-damage|p1a: Rabsca|85/100\n|\n|-heal|p2a: Sandy Shocks|216/267 tox|[from] item: Leftovers\n|-damage|p2a: Sandy Shocks|168/267 tox|[from] psn\n|upkeep\n|turn|7\n|inactive|Time left: 300 sec this turn | 300 sec total\n|\n|t:|1783539757\n|-end|p2a: Sandy Shocks|Protosynthesis|[silent]\n|switch|p2a: Alcremie|Alcremie, L90, F|263/263\n|move|p1a: Rabsca|Psychic|p2a: Alcremie\n|-damage|p2a: Alcremie|175/263\n|\n|-heal|p2a: Alcremie|191/263|[from] item: Leftovers\n|upkeep\n|turn|8\n|inactive|Time left: 300 sec this turn | 300 sec total\n|\n|t:|1783539758\n|switch|p1a: Revavroom|Revavroom, L79, M|100/100\n|move|p2a: Alcremie|Calm Mind|p2a: Alcremie\n|-boost|p2a: Alcremie|spa|1\n|-boost|p2a: Alcremie|spd|1\n|\n|-heal|p2a: Alcremie|207/263|[from] item: Leftovers\n|upkeep\n|turn|9\n|inactive|Time left: 300 sec this turn | 300 sec total\n|\n|t:|1783539759\n|-terastallize|p2a: Alcremie|Ground\n|move|p1a: Revavroom|Iron Head|p2a: Alcremie\n|-damage|p2a: Alcremie|81/263\n|-damage|p1a: Revavroom|91/100|[from] item: Life Orb\n|cant|p2a: Alcremie|flinch\n|\n|-heal|p2a: Alcremie|97/263|[from] item: Leftovers\n|upkeep\n|turn|10\n|inactive|Time left: 300 sec this turn | 300 sec total\n|\n|t:|1783539760\n|move|p1a: Revavroom|Iron Head|p2a: Alcremie\n|-damage|p2a: Alcremie|0 fnt\n|faint|p2a: Alcremie\n|-damage|p1a: Revavroom|81/100|[from] item: Life Orb\n|\n|upkeep\n|inactive|Time left: 300 sec this turn | 300 sec total | 5 sec grace\n|\n|t:|1783539761\n|switch|p2a: Quaquaval|Quaquaval, L79, M|264/264\n|turn|11\n|inactive|Time left: 300 sec this turn | 300 sec total\n|\n|t:|1783539761\n|move|p1a: Revavroom|Shift Gear|p1a: Revavroom\n|-boost|p1a: Revavroom|spe|2\n|-boost|p1a: Revavroom|atk|1\n|move|p2a: Quaquaval|Close Combat|p1a: Revavroom\n|-damage|p1a: Revavroom|0 fnt\n|-unboost|p2a: Quaquaval|def|1\n|-unboost|p2a: Quaquaval|spd|1\n|faint|p1a: Revavroom\n|-ability|p2a: Quaquaval|Moxie|boost\n|-boost|p2a: Quaquaval|atk|1\n|\n|upkeep\n|\n|t:|1783539762\n|switch|p1a: Basculegion|Basculegion-F, L83, F|100/100\n|turn|12\n|inactive|Time left: 300 sec this turn | 300 sec total\n|\n|t:|1783539763\n|switch|p2a: Oinkologne|Oinkologne, L92, M|352/352\n|move|p1a: Basculegion|Shadow Ball|p2a: Oinkologne\n|-immune|p2a: Oinkologne\n|\n|upkeep\n|turn|13\n|inactive|Time left: 300 sec this turn | 300 sec total\n|\n|t:|1783539764\n|move|p1a: Basculegion|Shadow Ball|p2a: Oinkologne\n|-immune|p2a: Oinkologne\n|move|p2a: Oinkologne|Lash Out|p1a: Basculegion\n|-supereffective|p1a: Basculegion\n|-damage|p1a: Basculegion|55/100\n|\n|upkeep\n|turn|14\n|inactive|Time left: 300 sec this turn | 300 sec total\n|\n|t:|1783539765\n|move|p1a: Basculegion|Shadow Ball|p2a: Oinkologne\n|-immune|p2a: Oinkologne\n|move|p2a: Oinkologne|Lash Out|p1a: Basculegion\n|-supereffective|p1a: Basculegion\n|-damage|p1a: Basculegion|10/100\n|\n|upkeep\n|turn|15\n|inactive|Time left: 300 sec this turn | 300 sec total\n|\n|t:|1783539766\n|move|p1a: Basculegion|Shadow Ball|p2a: Oinkologne\n|-immune|p2a: Oinkologne\n|move|p2a: Oinkologne|Lash Out|p1a: Basculegion\n|-supereffective|p1a: Basculegion\n|-damage|p1a: Basculegion|0 fnt\n|faint|p1a: Basculegion\n|\n|upkeep\n|\n|t:|1783539767\n|switch|p1a: Rabsca|Rabsca, L91, M|85/100\n|turn|16\n|inactive|Time left: 300 sec this turn | 300 sec total\n|\n|t:|1783539768\n|move|p2a: Oinkologne|Double-Edge|p1a: Rabsca\n|-damage|p1a: Rabsca|32/100\n|-damage|p2a: Oinkologne|302/352|[from] Recoil\n|move|p1a: Rabsca|Bug Buzz|p2a: Oinkologne\n|-damage|p2a: Oinkologne|167/352\n|\n|-heal|p2a: Oinkologne|189/352|[from] item: Leftovers\n|upkeep\n|turn|17\n|inactive|Time left: 300 sec this turn | 300 sec total\n|\n|t:|1783539769\n|switch|p1a: Honchkrow|Honchkrow, L86, M|92/100\n|move|p2a: Oinkologne|Double-Edge|p1a: Honchkrow\n|-damage|p1a: Honchkrow|23/100\n|-damage|p2a: Oinkologne|118/352|[from] Recoil\n|\n|-heal|p2a: Oinkologne|140/352|[from] item: Leftovers\n|upkeep\n|turn|18\n|inactive|Time left: 300 sec this turn | 300 sec total\n|\n|t:|1783539770\n|move|p1a: Honchkrow|Sucker Punch|p2a: Oinkologne\n|-damage|p2a: Oinkologne|41/352\n|move|p2a: Oinkologne|Double-Edge|p1a: Honchkrow\n|-damage|p1a: Honchkrow|0 fnt\n|faint|p1a: Honchkrow\n|-damage|p2a: Oinkologne|18/352|[from] Recoil\n|\n|-heal|p2a: Oinkologne|40/352|[from] item: Leftovers\n|upkeep\n|\n|t:|1783539770\n|switch|p1a: Swalot|Swalot, L90, F|21/100\n|turn|19\n|inactive|Time left: 300 sec this turn | 300 sec total\n|\n|t:|1783539771\n|move|p1a: Swalot|Protect|p1a: Swalot\n|-singleturn|p1a: Swalot|Protect\n|move|p2a: Oinkologne|Double-Edge|p1a: Swalot\n|-activate|p1a: Swalot|move: Protect\n|\n|-heal|p2a: Oinkologne|62/352|[from] item: Leftovers\n|-heal|p1a: Swalot|27/100|[from] item: Leftovers\n|upkeep\n|turn|20\n|inactive|Time left: 300 sec this turn | 300 sec total\n|\n|t:|1783539772\n|move|p1a: Swalot|Protect|p1a: Swalot\n|-singleturn|p1a: Swalot|Protect\n|move|p2a: Oinkologne|Double-Edge|p1a: Swalot\n|-activate|p1a: Swalot|move: Protect\n|\n|-heal|p2a: Oinkologne|84/352|[from] item: Leftovers\n|-heal|p1a: Swalot|33/100|[from] item: Leftovers\n|upkeep\n|turn|21\n|inactive|Time left: 300 sec this turn | 300 sec total\n|\n|t:|1783539773\n|move|p2a: Oinkologne|Double-Edge|p1a: Swalot\n|-damage|p1a: Swalot|0 fnt\n|faint|p1a: Swalot\n|-damage|p2a: Oinkologne|49/352|[from] Recoil\n|\n|-heal|p2a: Oinkologne|71/352|[from] item: Leftovers\n|upkeep\n|\n|t:|1783539774\n|switch|p1a: Rabsca|Rabsca, L91, M|32/100\n|turn|22\n|inactive|Time left: 300 sec this turn | 300 sec total\n|\n|t:|1783539776\n|-terastallize|p1a: Rabsca|Steel\n|move|p2a: Oinkologne|Double-Edge|p1a: Rabsca\n|-resisted|p1a: Rabsca\n|-damage|p1a: Rabsca|8/100\n|-damage|p2a: Oinkologne|48/352|[from] Recoil\n|move|p1a: Rabsca|Psychic|p2a: Oinkologne\n|-damage|p2a: Oinkologne|0 fnt\n|faint|p2a: Oinkologne\n|\n|upkeep\n|inactive|Time left: 300 sec this turn | 300 sec total | 5 sec grace\n|\n|t:|1783539777\n|switch|p2a: Quaquaval|Quaquaval, L79, M|264/264\n|turn|23\n|inactive|Time left: 300 sec this turn | 300 sec total\n|\n|t:|1783539778\n|move|p2a: Quaquaval|Close Combat|p1a: Rabsca\n|-supereffective|p1a: Rabsca\n|-damage|p1a: Rabsca|0 fnt\n|-unboost|p2a: Quaquaval|def|1\n|-unboost|p2a: Quaquaval|spd|1\n|faint|p1a: Rabsca\n|\n|win|p0y0272055", "uploadtime": 1783539778, "views": 0, "rating": 0, "private": 0, "password": null, "_winner": "p0y0272055", "_our_name": "p0y0272055"}