{"id": "battle-gen9randombattle-2054", "formatid": "gen9randombattle", "format": "[Gen 9] Random Battle", "players": ["p0x20545529", "p0y2054ddd3"], "log": "|init|battle\n|title|p0x20545529 vs. p0y2054ddd3\n|j|\u2606p0x20545529\n|j|\u2606p0y2054ddd3\n|t:|1783563796\n|gametype|singles\n|player|p1|p0x20545529|169|\n|player|p2|p0y2054ddd3|266|\n|gen|9\n|tier|[Gen 9] Random Battle\n|rule|Species Clause: Limit one of each Pok\u00e9mon\n|rule|HP Percentage Mod: HP is shown in percentages\n|rule|Sleep Clause Mod: Limit one foe put to sleep\n|rule|Illusion Level Mod: Illusion disguises the Pok\u00e9mon's true level\n|\n|t:|1783563796\n|teamsize|p1|6\n|teamsize|p2|6\n|start\n|switch|p1a: Sawsbuck|Sawsbuck, L88, M|284/284\n|switch|p2a: Primarina|Primarina, L83, F|100/100\n|turn|1\n|inactive|Battle timer is ON: inactive players will automatically lose when time's up. (requested by p0y2054ddd3)\n|inactive|Time left: 300 sec this turn | 300 sec total | 60 sec grace\n|inactive|p0x20545529 also wants the timer to be on.\n|\n|t:|1783563798\n|switch|p2a: Gogoat|Gogoat, L88, F|100/100\n|move|p1a: Sawsbuck|Horn Leech|p2a: Gogoat\n|-ability|p2a: Gogoat|Sap Sipper|boost\n|-boost|p2a: Gogoat|atk|1\n|\n|upkeep\n|turn|2\n|inactive|Time left: 300 sec this turn | 300 sec total\n|\n|t:|1783563799\n|move|p1a: Sawsbuck|Swords Dance|p1a: Sawsbuck\n|-boost|p1a: Sawsbuck|atk|2\n|move|p2a: Gogoat|Bulk Up|p2a: Gogoat\n|-boost|p2a: Gogoat|atk|1\n|-boost|p2a: Gogoat|def|1\n|\n|upkeep\n|turn|3\n|inactive|Time left: 300 sec this turn | 300 sec total\n|\n|t:|1783563800\n|-terastallize|p1a: Sawsbuck|Normal\n|move|p1a: Sawsbuck|Double-Edge|p2a: Gogoat\n|-damage|p2a: Gogoat|0 fnt\n|faint|p2a: Gogoat\n|-damage|p1a: Sawsbuck|165/284|[from] Recoil\n|-damage|p1a: Sawsbuck|137/284|[from] item: Life Orb\n|\n|upkeep\n|\n|t:|1783563801\n|switch|p2a: Skeledirge|Skeledirge, L79, F|100/100\n|turn|4\n|inactive|Time left: 300 sec this turn | 300 sec total\n|\n|t:|1783563802\n|move|p1a: Sawsbuck|High Horsepower|p2a: Skeledirge\n|-supereffective|p2a: Skeledirge\n|-damage|p2a: Skeledirge|33/100\n|-damage|p1a: Sawsbuck|109/284|[from] item: Life Orb\n|move|p2a: Skeledirge|Torch Song|p1a: Sawsbuck\n|-damage|p1a: Sawsbuck|19/284\n|-boost|p2a: Skeledirge|spa|1\n|\n|upkeep\n|turn|5\n|inactive|Time left: 300 sec this turn | 300 sec total\n|\n|t:|1783563803\n|move|p1a: Sawsbuck|High Horsepower|p2a: Skeledirge\n|-supereffective|p2a: Skeledirge\n|-damage|p2a: Skeledirge|0 fnt\n|faint|p2a: Skeledirge\n|-damage|p1a: Sawsbuck|0 fnt|[from] item: Life Orb\n|faint|p1a: Sawsbuck\n|\n|upkeep\n|inactive|Time left: 300 sec this turn | 300 sec total | 5 sec grace\n|\n|t:|1783563804\n|switch|p1a: Dusknoir|Dusknoir, L89, M|225/225\n|switch|p2a: Primarina|Primarina, L83, F|100/100\n|-item|p2a: Primarina|Leftovers|[from] ability: Frisk|[of] p1a: Dusknoir\n|turn|6\n|inactive|Time left: 300 sec this turn | 300 sec total\n|\n|t:|1783563805\n|move|p2a: Primarina|Calm Mind|p2a: Primarina\n|-boost|p2a: Primarina|spa|1\n|-boost|p2a: Primarina|spd|1\n|move|p1a: Dusknoir|Poltergeist|p2a: Primarina\n|-activate|p2a: Primarina|move: Poltergeist|Leftovers\n|-damage|p2a: Primarina|46/100\n|\n|-heal|p2a: Primarina|52/100|[from] item: Leftovers\n|upkeep\n|turn|7\n|inactive|Time left: 300 sec this turn | 300 sec total\n|\n|t:|1783563806\n|move|p2a: Primarina|Draining Kiss|p1a: Dusknoir\n|-damage|p1a: Dusknoir|161/225\n|-heal|p2a: Primarina|70/100|[from] drain|[of] p1a: Dusknoir\n|move|p1a: Dusknoir|Poltergeist|p2a: Primarina\n|-activate|p2a: Primarina|move: Poltergeist|Leftovers\n|-damage|p2a: Primarina|10/100\n|\n|-heal|p2a: Primarina|16/100|[from] item: Leftovers\n|-heal|p1a: Dusknoir|175/225|[from] item: Leftovers\n|upkeep\n|turn|8\n|inactive|Time left: 300 sec this turn | 300 sec total\n|\n|t:|1783563807\n|move|p1a: Dusknoir|Shadow Sneak|p2a: Primarina\n|-damage|p2a: Primarina|0 fnt\n|faint|p2a: Primarina\n|\n|-heal|p1a: Dusknoir|189/225|[from] item: Leftovers\n|upkeep\n|\n|t:|1783563808\n|switch|p2a: Forretress|Forretress, L84, F|100/100\n|turn|9\n|inactive|Time left: 300 sec this turn | 300 sec total\n|\n|t:|1783563809\n|move|p1a: Dusknoir|Will-O-Wisp|p2a: Forretress|[miss]\n|-miss|p1a: Dusknoir|p2a: Forretress\n|move|p2a: Forretress|Spikes|p1a: Dusknoir\n|-sidestart|p1: p0x20545529|Spikes\n|\n|-heal|p1a: Dusknoir|203/225|[from] item: Leftovers\n|upkeep\n|turn|10\n|inactive|Time left: 300 sec this turn | 300 sec total\n|\n|t:|1783563810\n|move|p1a: Dusknoir|Will-O-Wisp|p2a: Forretress\n|-status|p2a: Forretress|brn\n|move|p2a: Forretress|Thunder Wave|p1a: Dusknoir\n|-status|p1a: Dusknoir|par\n|\n|-heal|p1a: Dusknoir|217/225 par|[from] item: Leftovers\n|-damage|p2a: Forretress|94/100 brn|[from] brn\n|upkeep\n|turn|11\n|inactive|Time left: 300 sec this turn | 300 sec total\n|\n|t:|1783563811\n|move|p2a: Forretress|Stealth Rock|p1a: Dusknoir\n|-sidestart|p1: p0x20545529|move: Stealth Rock\n|move|p1a: Dusknoir|Poltergeist|p2a: Forretress|[miss]\n|-miss|p1a: Dusknoir|p2a: Forretress\n|\n|-heal|p2a: Forretress|100/100 brn|[from] item: Leftovers\n|-heal|p1a: Dusknoir|225/225 par|[from] item: Leftovers\n|-damage|p2a: Forretress|94/100 brn|[from] brn\n|upkeep\n|turn|12\n|inactive|Time left: 300 sec this turn | 300 sec total\n|\n|t:|1783563812\n|move|p2a: Forretress|Spikes|p1a: Dusknoir\n|-sidestart|p1: p0x20545529|Spikes\n|move|p1a: Dusknoir|Poltergeist|p2a: Forretress\n|-activate|p2a: Forretress|move: Poltergeist|Leftovers\n|-damage|p2a: Forretress|56/100 brn\n|\n|-heal|p2a: Forretress|62/100 brn|[from] item: Leftovers\n|-damage|p2a: Forretress|56/100 brn|[from] brn\n|upkeep\n|turn|13\n|inactive|Time left: 300 sec this turn | 300 sec total\n|\n|t:|1783563813\n|move|p2a: Forretress|Spikes|p1a: Dusknoir\n|-sidestart|p1: p0x20545529|Spikes\n|cant|p1a: Dusknoir|par\n|\n|-heal|p2a: Forretress|62/100 brn|[from] item: Leftovers\n|-damage|p2a: Forretress|56/100 brn|[from] brn\n|upkeep\n|turn|14\n|inactive|Time left: 300 sec this turn | 300 sec total\n|\n|t:|1783563814\n|switch|p2a: Cyclizar|Cyclizar, L84, M|100/100\n|move|p1a: Dusknoir|Will-O-Wisp|p2a: Cyclizar\n|-status|p2a: Cyclizar|brn\n|\n|-damage|p2a: Cyclizar|95/100 brn|[from] brn\n|upkeep\n|turn|15\n|inactive|Time left: 300 sec this turn | 300 sec total\n|\n|t:|1783563815\n|move|p2a: Cyclizar|Knock Off|p1a: Dusknoir\n|-supereffective|p1a: Dusknoir\n|-damage|p1a: Dusknoir|179/225 par\n|-enditem|p1a: Dusknoir|Leftovers|[from] move: Knock Off|[of] p2a: Cyclizar\n|move|p1a: Dusknoir|Poltergeist|p2a: Cyclizar\n|-immune|p2a: Cyclizar\n|\n|-damage|p2a: Cyclizar|89/100 brn|[from] brn\n|upkeep\n|turn|16\n|inactive|Time left: 300 sec this turn | 300 sec total\n|\n|t:|1783563816\n|move|p2a: Cyclizar|Knock Off|p1a: Dusknoir\n|-supereffective|p1a: Dusknoir\n|-damage|p1a: Dusknoir|146/225 par\n|cant|p1a: Dusknoir|par\n|\n|-damage|p2a: Cyclizar|83/100 brn|[from] brn\n|upkeep\n|turn|17\n|inactive|Time left: 300 sec this turn | 300 sec total\n|\n|t:|1783563817\n|move|p2a: Cyclizar|Shed Tail|p2a: Cyclizar\n|-start|p2a: Cyclizar|Substitute|[from] move: Shed Tail\n|-damage|p2a: Cyclizar|33/100 brn\n|\n|t:|1783563818\n|switch|p2a: Forretress|Forretress, L84, F|56/100 brn|[from] Shed Tail\n|move|p1a: Dusknoir|Earthquake|p2a: Forretress\n|-activate|p2a: Forretress|move: Substitute|[damage]\n|\n|-heal|p2a: Forretress|62/100 brn|[from] item: Leftovers\n|-damage|p2a: Forretress|56/100 brn|[from] brn\n|upkeep\n|turn|18\n|inactive|Time left: 300 sec this turn | 300 sec total\n|\n|t:|1783563819\n|move|p2a: Forretress|Iron Head|p1a: Dusknoir\n|-damage|p1a: Dusknoir|120/225 par\n|move|p1a: Dusknoir|Poltergeist|p2a: Forretress\n|-activate|p2a: Forretress|move: Poltergeist|Leftovers\n|-end|p2a: Forretress|Substitute\n|\n|-heal|p2a: Forretress|62/100 brn|[from] item: Leftovers\n|-damage|p2a: Forretress|56/100 brn|[from] brn\n|upkeep\n|turn|19\n|inactive|Time left: 300 sec this turn | 300 sec total\n|\n|t:|1783563820\n|move|p2a: Forretress|Iron Head|p1a: Dusknoir\n|-crit|p1a: Dusknoir\n|-damage|p1a: Dusknoir|82/225 par\n|move|p1a: Dusknoir|Earthquake|p2a: Forretress\n|-damage|p2a: Forretress|34/100 brn\n|\n|-heal|p2a: Forretress|40/100 brn|[from] item: Leftovers\n|-damage|p2a: Forretress|34/100 brn|[from] brn\n|upkeep\n|turn|20\n|inactive|Time left: 300 sec this turn | 300 sec total\n|\n|t:|1783563821\n|switch|p2a: Cyclizar|Cyclizar, L84, M|66/100 brn\n|move|p1a: Dusknoir|Poltergeist|p2a: Cyclizar\n|-immune|p2a: Cyclizar\n|\n|-damage|p2a: Cyclizar|60/100 brn|[from] brn\n|upkeep\n|turn|21\n|inactive|Time left: 300 sec this turn | 300 sec total\n|\n|t:|1783563822\n|move|p2a: Cyclizar|Knock Off|p1a: Dusknoir\n|-supereffective|p1a: Dusknoir\n|-damage|p1a: Dusknoir|50/225 par\n|move|p1a: Dusknoir|Earthquake|p2a: Cyclizar\n|-damage|p2a: Cyclizar|20/100 brn\n|\n|-damage|p2a: Cyclizar|14/100 brn|[from] brn\n|upkeep\n|turn|22\n|inactive|Time left: 300 sec this turn | 300 sec total\n|\n|t:|1783563823\n|move|p2a: Cyclizar|Draco Meteor|p1a: Dusknoir|[miss]\n|-miss|p2a: Cyclizar|p1a: Dusknoir\n|move|p1a: Dusknoir|Earthquake|p2a: Cyclizar\n|-damage|p2a: Cyclizar|0 fnt\n|faint|p2a: Cyclizar\n|\n|upkeep\n|\n|t:|1783563824\n|switch|p2a: Volbeat|Volbeat, L90, M|100/100\n|turn|23\n|inactive|Time left: 300 sec this turn | 300 sec total\n|\n|t:|1783563825\n|move|p2a: Volbeat|Encore|p1a: Dusknoir\n|-start|p1a: Dusknoir|Encore\n|move|p1a: Dusknoir|Earthquake|p2a: Volbeat\n|-resisted|p2a: Volbeat\n|-damage|p2a: Volbeat|83/100\n|\n|upkeep\n|turn|24\n|inactive|Time left: 300 sec this turn | 300 sec total\n|\n|t:|1783563826\n|switch|p1a: Gurdurr|Gurdurr, L85, M|283/283\n|-damage|p1a: Gurdurr|213/283|[from] Spikes\n|-damage|p1a: Gurdurr|196/283|[from] Stealth Rock\n|move|p2a: Volbeat|Thunder Wave|p1a: Gurdurr\n|-status|p1a: Gurdurr|par\n|\n|upkeep\n|turn|25\n|inactive|Time left: 300 sec this turn | 300 sec total\n|\n|t:|1783563827\n|move|p2a: Volbeat|Roost|p2a: Volbeat\n|-heal|p2a: Volbeat|100/100\n|-singleturn|p2a: Volbeat|move: Roost\n|cant|p1a: Gurdurr|par\n|\n|upkeep\n|turn|26\n|inactive|Time left: 300 sec this turn | 300 sec total\n|\n|t:|1783563828\n|move|p2a: Volbeat|Thunder Wave|p1a: Gurdurr\n|-fail|p1a: Gurdurr|par\n|move|p1a: Gurdurr|Defog|p2a: Volbeat\n|-unboost|p2a: Volbeat|evasion|1\n|-sideend|p1: p0x20545529|Spikes|[from] move: Defog|[of] p1a: Gurdurr\n|-sideend|p1: p0x20545529|Stealth Rock|[from] move: Defog|[of] p1a: Gurdurr\n|\n|upkeep\n|turn|27\n|inactive|Time left: 300 sec this turn | 300 sec total\n|\n|t:|1783563829\n|move|p2a: Volbeat|U-turn|p1a: Gurdurr\n|-resisted|p1a: Gurdurr\n|-damage|p1a: Gurdurr|172/283 par\n|\n|t:|1783563830\n|switch|p2a: Forretress|Forretress, L84, F|34/100 brn|[from] U-turn\n|cant|p1a: Gurdurr|par\n|\n|-heal|p2a: Forretress|40/100 brn|[from] item: Leftovers\n|-damage|p2a: Forretress|34/100 brn|[from] brn\n|upkeep\n|turn|28\n|inactive|Time left: 300 sec this turn | 300 sec total\n|\n|t:|1783563831\n|move|p2a: Forretress|Spikes|p1a: Gurdurr\n|-sidestart|p1: p0x20545529|Spikes\n|move|p1a: Gurdurr|Drain Punch|p2a: Forretress\n|-damage|p2a: Forretress|0 fnt\n|-heal|p1a: Gurdurr|217/283 par|[from] drain|[of] p2a: Forretress\n|faint|p2a: Forretress\n|\n|upkeep\n|\n|t:|1783563832\n|switch|p2a: Volbeat|Volbeat, L90, M|100/100\n|turn|29\n|inactive|Time left: 300 sec this turn | 300 sec total\n|\n|t:|1783563833\n|move|p2a: Volbeat|U-turn|p1a: Gurdurr\n|-resisted|p1a: Gurdurr\n|-damage|p1a: Gurdurr|193/283 par\n|cant|p1a: Gurdurr|par\n|\n|upkeep\n|turn|30\n|inactive|Time left: 300 sec this turn | 300 sec total\n|\n|t:|1783563834\n|move|p2a: Volbeat|U-turn|p1a: Gurdurr\n|-resisted|p1a: Gurdurr\n|-damage|p1a: Gurdurr|170/283 par\n|cant|p1a: Gurdurr|par\n|\n|upkeep\n|turn|31\n|inactive|Time left: 300 sec this turn | 300 sec total\n|\n|t:|1783563835\n|move|p2a: Volbeat|Thunder Wave|p1a: Gurdurr\n|-fail|p1a: Gurdurr|par\n|move|p1a: Gurdurr|Knock Off|p2a: Volbeat\n|-damage|p2a: Volbeat|54/100\n|-enditem|p2a: Volbeat|Heavy-Duty Boots|[from] move: Knock Off|[of] p1a: Gurdurr\n|\n|upkeep\n|turn|32\n|inactive|Time left: 300 sec this turn | 300 sec total\n|\n|t:|1783563836\n|move|p2a: Volbeat|Roost|p2a: Volbeat\n|-heal|p2a: Volbeat|100/100\n|-singleturn|p2a: Volbeat|move: Roost\n|move|p1a: Gurdurr|Drain Punch|p2a: Volbeat\n|-resisted|p2a: Volbeat\n|-damage|p2a: Volbeat|75/100\n|-heal|p1a: Gurdurr|203/283 par|[from] drain|[of] p2a: Volbeat\n|\n|upkeep\n|turn|33\n|inactive|Time left: 300 sec this turn | 300 sec total\n|\n|t:|1783563837\n|move|p2a: Volbeat|Thunder Wave|p1a: Gurdurr\n|-fail|p1a: Gurdurr|par\n|cant|p1a: Gurdurr|par\n|\n|upkeep\n|turn|34\n|inactive|Time left: 300 sec this turn | 300 sec total\n|\n|t:|1783563838\n|move|p2a: Volbeat|U-turn|p1a: Gurdurr\n|-resisted|p1a: Gurdurr\n|-damage|p1a: Gurdurr|178/283 par\n|cant|p1a: Gurdurr|par\n|\n|upkeep\n|turn|35\n|inactive|Time left: 300 sec this turn | 300 sec total\n|\n|t:|1783563839\n|move|p2a: Volbeat|U-turn|p1a: Gurdurr\n|-resisted|p1a: Gurdurr\n|-damage|p1a: Gurdurr|156/283 par\n|move|p1a: Gurdurr|Drain Punch|p2a: Volbeat\n|-resisted|p2a: Volbeat\n|-damage|p2a: Volbeat|50/100\n|-heal|p1a: Gurdurr|190/283 par|[from] drain|[of] p2a: Volbeat\n|\n|upkeep\n|turn|36\n|inactive|Time left: 300 sec this turn | 300 sec total\n|\n|t:|1783563840\n|move|p2a: Volbeat|Roost|p2a: Volbeat\n|-heal|p2a: Volbeat|99/100\n|-singleturn|p2a: Volbeat|move: Roost\n|move|p1a: Gurdurr|Drain Punch|p2a: Volbeat\n|-resisted|p2a: Volbeat\n|-damage|p2a: Volbeat|76/100\n|-heal|p1a: Gurdurr|222/283 par|[from] drain|[of] p2a: Volbeat\n|\n|upkeep\n|turn|37\n|inactive|Time left: 300 sec this turn | 300 sec total\n|\n|t:|1783563841\n|move|p2a: Volbeat|Roost|p2a: Volbeat\n|-heal|p2a: Volbeat|100/100\n|-singleturn|p2a: Volbeat|move: Roost\n|move|p1a: Gurdurr|Defog|p2a: Volbeat\n|-unboost|p2a: Volbeat|evasion|1\n|-sideend|p1: p0x20545529|Spikes|[from] move: Defog|[of] p1a: Gurdurr\n|\n|upkeep\n|turn|38\n|inactive|Time left: 300 sec this turn | 300 sec total\n|\n|t:|1783563842\n|switch|p1a: Sandaconda|Sandaconda, L84, M|258/258\n|move|p2a: Volbeat|U-turn|p1a: Sandaconda\n|-damage|p1a: Sandaconda|206/258\n|\n|-heal|p1a: Sandaconda|222/258|[from] item: Leftovers\n|upkeep\n|turn|39\n|inactive|Time left: 300 sec this turn | 300 sec total\n|\n|t:|1783563843\n|move|p2a: Volbeat|U-turn|p1a: Sandaconda\n|-damage|p1a: Sandaconda|167/258\n|move|p1a: Sandaconda|Stone Edge|p2a: Volbeat\n|-supereffective|p2a: Volbeat\n|-damage|p2a: Volbeat|42/100\n|\n|-heal|p1a: Sandaconda|183/258|[from] item: Leftovers\n|upkeep\n|turn|40\n|inactive|Time left: 300 sec this turn | 300 sec total\n|\n|t:|1783563844\n|move|p2a: Volbeat|Roost|p2a: Volbeat\n|-heal|p2a: Volbeat|92/100\n|-singleturn|p2a: Volbeat|move: Roost\n|move|p1a: Sandaconda|Stone Edge|p2a: Volbeat\n|-supereffective|p2a: Volbeat\n|-damage|p2a: Volbeat|31/100\n|\n|-heal|p1a: Sandaconda|199/258|[from] item: Leftovers\n|upkeep\n|turn|41\n|inactive|Time left: 300 sec this turn | 300 sec total\n|\n|t:|1783563845\n|move|p2a: Volbeat|Roost|p2a: Volbeat\n|-heal|p2a: Volbeat|81/100\n|-singleturn|p2a: Volbeat|move: Roost\n|move|p1a: Sandaconda|Stone Edge|p2a: Volbeat\n|-supereffective|p2a: Volbeat\n|-damage|p2a: Volbeat|22/100\n|\n|-heal|p1a: Sandaconda|215/258|[from] item: Leftovers\n|upkeep\n|turn|42\n|inactive|Time left: 300 sec this turn | 300 sec total\n|\n|t:|1783563846\n|move|p2a: Volbeat|Roost|p2a: Volbeat\n|-heal|p2a: Volbeat|72/100\n|-singleturn|p2a: Volbeat|move: Roost\n|move|p1a: Sandaconda|Stone Edge|p2a: Volbeat\n|-supereffective|p2a: Volbeat\n|-damage|p2a: Volbeat|12/100\n|\n|-heal|p1a: Sandaconda|231/258|[from] item: Leftovers\n|upkeep\n|turn|43\n|inactive|Time left: 300 sec this turn | 300 sec total\n|\n|t:|1783563847\n|move|p2a: Volbeat|Roost|p2a: Volbeat\n|-heal|p2a: Volbeat|62/100\n|-singleturn|p2a: Volbeat|move: Roost\n|move|p1a: Sandaconda|Earthquake|p2a: Volbeat\n|-resisted|p2a: Volbeat\n|-damage|p2a: Volbeat|40/100\n|\n|-heal|p1a: Sandaconda|247/258|[from] item: Leftovers\n|upkeep\n|turn|44\n|inactive|Time left: 300 sec this turn | 300 sec total\n|\n|t:|1783563848\n|move|p2a: Volbeat|U-turn|p1a: Sandaconda\n|-damage|p1a: Sandaconda|189/258\n|move|p1a: Sandaconda|Earthquake|p2a: Volbeat\n|-resisted|p2a: Volbeat\n|-damage|p2a: Volbeat|16/100\n|\n|-heal|p1a: Sandaconda|205/258|[from] item: Leftovers\n|upkeep\n|turn|45\n|inactive|Time left: 300 sec this turn | 300 sec total\n|\n|t:|1783563849\n|move|p2a: Volbeat|Thunder Wave|p1a: Sandaconda\n|-immune|p1a: Sandaconda\n|move|p1a: Sandaconda|Earthquake|p2a: Volbeat\n|-resisted|p2a: Volbeat\n|-damage|p2a: Volbeat|0 fnt\n|faint|p2a: Volbeat\n|\n|win|p0x20545529", "uploadtime": 1783563849, "views": 0, "rating": 0, "private": 0, "password": null, "_winner": "p0x20545529", "_our_name": "p0x20545529"}