{"id": "battle-gen9randombattle-816", "formatid": "gen9randombattle", "format": "[Gen 9] Random Battle", "players": ["p0x816c9eb", "p0y8166f4c"], "log": "|init|battle\n|title|p0x816c9eb vs. p0y8166f4c\n|j|\u2606p0x816c9eb\n|j|\u2606p0y8166f4c\n|t:|1783549367\n|gametype|singles\n|player|p1|p0x816c9eb|265|\n|player|p2|p0y8166f4c|1|\n|gen|9\n|tier|[Gen 9] Random Battle\n|rule|Species Clause: Limit one of each Pok\u00e9mon\n|rule|HP Percentage Mod: HP is shown in percentages\n|rule|Sleep Clause Mod: Limit one foe put to sleep\n|rule|Illusion Level Mod: Illusion disguises the Pok\u00e9mon's true level\n|\n|t:|1783549367\n|teamsize|p1|6\n|teamsize|p2|6\n|start\n|switch|p1a: Maushold|Maushold, L76|100/100\n|switch|p2a: Bellibolt|Bellibolt, L84, F|320/320\n|turn|1\n|inactive|Battle timer is ON: inactive players will automatically lose when time's up. (requested by p0y8166f4c)\n|inactive|p0x816c9eb also wants the timer to be on.\n|\n|t:|1783549368\n|move|p1a: Maushold|Population Bomb|p2a: Bellibolt\n|-damage|p2a: Bellibolt|296/320\n|-start|p2a: Bellibolt|Charge|Population Bomb|[from] ability: Electromorphosis\n|-damage|p2a: Bellibolt|275/320\n|-start|p2a: Bellibolt|Charge|Population Bomb|[from] ability: Electromorphosis\n|-damage|p2a: Bellibolt|254/320\n|-start|p2a: Bellibolt|Charge|Population Bomb|[from] ability: Electromorphosis\n|-damage|p2a: Bellibolt|233/320\n|-start|p2a: Bellibolt|Charge|Population Bomb|[from] ability: Electromorphosis\n|-damage|p2a: Bellibolt|209/320\n|-start|p2a: Bellibolt|Charge|Population Bomb|[from] ability: Electromorphosis\n|-damage|p2a: Bellibolt|187/320\n|-start|p2a: Bellibolt|Charge|Population Bomb|[from] ability: Electromorphosis\n|-damage|p2a: Bellibolt|162/320\n|-start|p2a: Bellibolt|Charge|Population Bomb|[from] ability: Electromorphosis\n|-damage|p2a: Bellibolt|140/320\n|-start|p2a: Bellibolt|Charge|Population Bomb|[from] ability: Electromorphosis\n|-damage|p2a: Bellibolt|119/320\n|-start|p2a: Bellibolt|Charge|Population Bomb|[from] ability: Electromorphosis\n|-damage|p2a: Bellibolt|97/320\n|-start|p2a: Bellibolt|Charge|Population Bomb|[from] ability: Electromorphosis\n|-hitcount|p2a: Bellibolt|10\n|move|p2a: Bellibolt|Thunderbolt|p1a: Maushold\n|-damage|p1a: Maushold|0 fnt\n|faint|p1a: Maushold\n|-end|p2a: Bellibolt|Charge|[silent]\n|\n|-heal|p2a: Bellibolt|117/320|[from] item: Leftovers\n|upkeep\n|\n|t:|1783549369\n|switch|p1a: Masquerain|Masquerain, L87, F|100/100\n|-ability|p1a: Masquerain|Intimidate|boost\n|-unboost|p2a: Bellibolt|atk|1\n|turn|2\n|inactive|Time left: 300 sec this turn | 300 sec total\n|\n|t:|1783549370\n|move|p1a: Masquerain|Sticky Web|p2a: Bellibolt\n|-sidestart|p2: p0y8166f4c|move: Sticky Web\n|move|p2a: Bellibolt|Thunderbolt|p1a: Masquerain\n|-supereffective|p1a: Masquerain\n|-damage|p1a: Masquerain|25/100\n|\n|-heal|p2a: Bellibolt|137/320|[from] item: Leftovers\n|upkeep\n|turn|3\n|inactive|Time left: 300 sec this turn | 300 sec total\n|\n|t:|1783549371\n|switch|p1a: Glastrier|Glastrier, L86|100/100\n|move|p2a: Bellibolt|Thunderbolt|p1a: Glastrier\n|-damage|p1a: Glastrier|74/100\n|\n|-heal|p2a: Bellibolt|157/320|[from] item: Leftovers\n|upkeep\n|turn|4\n|inactive|Time left: 300 sec this turn | 300 sec total\n|\n|t:|1783549371\n|move|p2a: Bellibolt|Slack Off|p2a: Bellibolt\n|-heal|p2a: Bellibolt|317/320\n|move|p1a: Glastrier|Swords Dance|p1a: Glastrier\n|-boost|p1a: Glastrier|atk|2\n|\n|-heal|p2a: Bellibolt|320/320|[from] item: Leftovers\n|upkeep\n|turn|5\n|inactive|Time left: 300 sec this turn | 300 sec total\n|\n|t:|1783549372\n|switch|p2a: Chandelure|Chandelure, L83, M|235/235\n|move|p1a: Glastrier|Icicle Crash|p2a: Chandelure\n|-resisted|p2a: Chandelure\n|-damage|p2a: Chandelure|111/235\n|\n|upkeep\n|turn|6\n|inactive|Time left: 300 sec this turn | 300 sec total\n|\n|t:|1783549373\n|-terastallize|p1a: Glastrier|Fighting\n|move|p2a: Chandelure|Fire Blast|p1a: Glastrier\n|-damage|p1a: Glastrier|35/100\n|move|p1a: Glastrier|Heavy Slam|p2a: Chandelure\n|-resisted|p2a: Chandelure\n|-damage|p2a: Chandelure|0 fnt\n|-status|p1a: Glastrier|brn|[from] ability: Flame Body|[of] p2a: Chandelure\n|faint|p2a: Chandelure\n|-ability|p1a: Glastrier|Chilling Neigh|boost\n|-boost|p1a: Glastrier|atk|1\n|\n|-damage|p1a: Glastrier|29/100 brn|[from] brn\n|upkeep\n|inactive|Time left: 300 sec this turn | 300 sec total | 5 sec grace\n|\n|t:|1783549374\n|switch|p2a: Hitmontop|Hitmontop, L88, M|231/231\n|-activate|p2a: Hitmontop|move: Sticky Web\n|-unboost|p2a: Hitmontop|spe|1\n|-ability|p2a: Hitmontop|Intimidate|boost\n|-unboost|p1a: Glastrier|atk|1\n|turn|7\n|inactive|Time left: 300 sec this turn | 300 sec total\n|\n|t:|1783549375\n|move|p2a: Hitmontop|Rapid Spin|p1a: Glastrier\n|-crit|p1a: Glastrier\n|-damage|p1a: Glastrier|14/100 brn\n|-boost|p2a: Hitmontop|spe|1\n|-sideend|p2: p0y8166f4c|Sticky Web|[from] move: Rapid Spin|[of] p2a: Hitmontop\n|move|p1a: Glastrier|Close Combat|p2a: Hitmontop\n|-damage|p2a: Hitmontop|75/231\n|-unboost|p1a: Glastrier|def|1\n|-unboost|p1a: Glastrier|spd|1\n|\n|-damage|p1a: Glastrier|8/100 brn|[from] brn\n|upkeep\n|turn|8\n|inactive|Time left: 300 sec this turn | 300 sec total\n|\n|t:|1783549376\n|switch|p1a: Masquerain|Masquerain, L87, F|25/100\n|-ability|p1a: Masquerain|Intimidate|boost\n|-unboost|p2a: Hitmontop|atk|1\n|move|p2a: Hitmontop|Rapid Spin|p1a: Masquerain\n|-damage|p1a: Masquerain|14/100\n|-boost|p2a: Hitmontop|spe|1\n|\n|upkeep\n|turn|9\n|inactive|Time left: 300 sec this turn | 300 sec total\n|\n|t:|1783549377\n|move|p2a: Hitmontop|Stone Edge|p1a: Masquerain\n|-supereffective|p1a: Masquerain\n|-damage|p1a: Masquerain|0 fnt\n|faint|p1a: Masquerain\n|\n|upkeep\n|\n|t:|1783549378\n|switch|p1a: Mesprit|Mesprit, L85|100/100\n|turn|10\n|inactive|Time left: 300 sec this turn | 300 sec total\n|\n|t:|1783549379\n|switch|p2a: Bellibolt|Bellibolt, L84, F|320/320\n|move|p1a: Mesprit|Psychic|p2a: Bellibolt\n|-crit|p2a: Bellibolt\n|-damage|p2a: Bellibolt|158/320\n|-start|p2a: Bellibolt|Charge|Psychic|[from] ability: Electromorphosis\n|\n|-heal|p2a: Bellibolt|178/320|[from] item: Leftovers\n|upkeep\n|turn|11\n|inactive|Time left: 300 sec this turn | 300 sec total\n|\n|t:|1783549380\n|move|p1a: Mesprit|Psychic|p2a: Bellibolt\n|-damage|p2a: Bellibolt|63/320\n|-start|p2a: Bellibolt|Charge|Psychic|[from] ability: Electromorphosis\n|move|p2a: Bellibolt|Slack Off|p2a: Bellibolt\n|-heal|p2a: Bellibolt|223/320\n|\n|-heal|p2a: Bellibolt|243/320|[from] item: Leftovers\n|upkeep\n|turn|12\n|inactive|Time left: 300 sec this turn | 300 sec total\n|\n|t:|1783549381\n|move|p1a: Mesprit|Psychic|p2a: Bellibolt\n|-damage|p2a: Bellibolt|135/320\n|-start|p2a: Bellibolt|Charge|Psychic|[from] ability: Electromorphosis\n|move|p2a: Bellibolt|Slack Off|p2a: Bellibolt\n|-heal|p2a: Bellibolt|295/320\n|\n|-heal|p2a: Bellibolt|315/320|[from] item: Leftovers\n|upkeep\n|turn|13\n|inactive|Time left: 300 sec this turn | 300 sec total\n|\n|t:|1783549383\n|move|p1a: Mesprit|Psychic|p2a: Bellibolt\n|-damage|p2a: Bellibolt|195/320\n|-start|p2a: Bellibolt|Charge|Psychic|[from] ability: Electromorphosis\n|move|p2a: Bellibolt|Thunderbolt|p1a: Mesprit\n|-damage|p1a: Mesprit|40/100\n|-end|p2a: Bellibolt|Charge|[silent]\n|\n|-heal|p2a: Bellibolt|215/320|[from] item: Leftovers\n|upkeep\n|turn|14\n|inactive|Time left: 300 sec this turn | 300 sec total\n|\n|t:|1783549385\n|move|p1a: Mesprit|Psychic|p2a: Bellibolt\n|-damage|p2a: Bellibolt|101/320\n|-start|p2a: Bellibolt|Charge|Psychic|[from] ability: Electromorphosis\n|move|p2a: Bellibolt|Slack Off|p2a: Bellibolt\n|-heal|p2a: Bellibolt|261/320\n|\n|-heal|p2a: Bellibolt|281/320|[from] item: Leftovers\n|upkeep\n|turn|15\n|inactive|Time left: 300 sec this turn | 300 sec total\n|\n|t:|1783549386\n|move|p1a: Mesprit|Psychic|p2a: Bellibolt\n|-damage|p2a: Bellibolt|176/320\n|-start|p2a: Bellibolt|Charge|Psychic|[from] ability: Electromorphosis\n|move|p2a: Bellibolt|Thunderbolt|p1a: Mesprit\n|-damage|p1a: Mesprit|0 fnt\n|faint|p1a: Mesprit\n|-end|p2a: Bellibolt|Charge|[silent]\n|\n|-heal|p2a: Bellibolt|196/320|[from] item: Leftovers\n|upkeep\n|\n|t:|1783549387\n|switch|p1a: Cinderace|Cinderace, L77, M|100/100\n|turn|16\n|inactive|Time left: 300 sec this turn | 300 sec total\n|\n|t:|1783549388\n|move|p1a: Cinderace|Pyro Ball|p2a: Bellibolt\n|-damage|p2a: Bellibolt|73/320\n|-start|p2a: Bellibolt|Charge|Pyro Ball|[from] ability: Electromorphosis\n|move|p2a: Bellibolt|Slack Off|p2a: Bellibolt\n|-heal|p2a: Bellibolt|233/320\n|\n|-heal|p2a: Bellibolt|253/320|[from] item: Leftovers\n|upkeep\n|turn|17\n|inactive|Time left: 300 sec this turn | 300 sec total\n|\n|t:|1783549389\n|move|p1a: Cinderace|U-turn|p2a: Bellibolt\n|-start|p1a: Cinderace|typechange|Bug|[from] ability: Libero\n|-damage|p2a: Bellibolt|186/320\n|-start|p2a: Bellibolt|Charge|U-turn|[from] ability: Electromorphosis\n|\n|t:|1783549390\n|switch|p1a: Glastrier|Glastrier, L86, tera:Fighting|8/100 brn|[from] U-turn\n|move|p2a: Bellibolt|Thunderbolt|p1a: Glastrier\n|-damage|p1a: Glastrier|0 fnt\n|faint|p1a: Glastrier\n|-end|p2a: Bellibolt|Charge|[silent]\n|\n|-heal|p2a: Bellibolt|206/320|[from] item: Leftovers\n|upkeep\n|\n|t:|1783549391\n|switch|p1a: Cinderace|Cinderace, L77, M|100/100\n|turn|18\n|inactive|Time left: 300 sec this turn | 300 sec total\n|\n|t:|1783549392\n|move|p1a: Cinderace|Pyro Ball|p2a: Bellibolt\n|-damage|p2a: Bellibolt|91/320\n|-start|p2a: Bellibolt|Charge|Pyro Ball|[from] ability: Electromorphosis\n|move|p2a: Bellibolt|Slack Off|p2a: Bellibolt\n|-heal|p2a: Bellibolt|251/320\n|\n|-heal|p2a: Bellibolt|271/320|[from] item: Leftovers\n|upkeep\n|turn|19\n|inactive|Time left: 300 sec this turn | 300 sec total\n|\n|t:|1783549393\n|-terastallize|p2a: Bellibolt|Electric\n|move|p1a: Cinderace|Pyro Ball|p2a: Bellibolt|[miss]\n|-miss|p1a: Cinderace|p2a: Bellibolt\n|move|p2a: Bellibolt|Thunderbolt|p1a: Cinderace\n|-damage|p1a: Cinderace|0 fnt\n|faint|p1a: Cinderace\n|-end|p2a: Bellibolt|Charge|[silent]\n|\n|-heal|p2a: Bellibolt|291/320|[from] item: Leftovers\n|upkeep\n|\n|t:|1783549394\n|switch|p1a: Luvdisc|Luvdisc, F|100/100\n|turn|20\n|inactive|Time left: 300 sec this turn | 300 sec total\n|\n|t:|1783549395\n|move|p1a: Luvdisc|Substitute|p1a: Luvdisc\n|-start|p1a: Luvdisc|Substitute\n|-damage|p1a: Luvdisc|76/100\n|move|p2a: Bellibolt|Thunderbolt|p1a: Luvdisc\n|-supereffective|p1a: Luvdisc\n|-end|p1a: Luvdisc|Substitute\n|\n|-heal|p2a: Bellibolt|311/320|[from] item: Leftovers\n|upkeep\n|turn|21\n|inactive|Time left: 300 sec this turn | 300 sec total\n|\n|t:|1783549396\n|move|p1a: Luvdisc|Substitute|p1a: Luvdisc\n|-start|p1a: Luvdisc|Substitute\n|-damage|p1a: Luvdisc|51/100\n|move|p2a: Bellibolt|Thunderbolt|p1a: Luvdisc\n|-supereffective|p1a: Luvdisc\n|-end|p1a: Luvdisc|Substitute\n|\n|-heal|p2a: Bellibolt|320/320|[from] item: Leftovers\n|upkeep\n|turn|22\n|inactive|Time left: 300 sec this turn | 300 sec total\n|\n|t:|1783549397\n|move|p1a: Luvdisc|Substitute|p1a: Luvdisc\n|-start|p1a: Luvdisc|Substitute\n|-damage|p1a: Luvdisc|26/100\n|move|p2a: Bellibolt|Thunderbolt|p1a: Luvdisc\n|-supereffective|p1a: Luvdisc\n|-end|p1a: Luvdisc|Substitute\n|\n|upkeep\n|turn|23\n|inactive|Time left: 300 sec this turn | 300 sec total\n|\n|t:|1783549398\n|move|p1a: Luvdisc|Substitute|p1a: Luvdisc\n|-start|p1a: Luvdisc|Substitute\n|-damage|p1a: Luvdisc|2/100\n|move|p2a: Bellibolt|Thunderbolt|p1a: Luvdisc\n|-supereffective|p1a: Luvdisc\n|-end|p1a: Luvdisc|Substitute\n|\n|upkeep\n|turn|24\n|inactive|Time left: 300 sec this turn | 300 sec total\n|\n|t:|1783549399\n|move|p1a: Luvdisc|Endeavor|p2a: Bellibolt\n|-damage|p2a: Bellibolt|3/320\n|-start|p2a: Bellibolt|Charge|Endeavor|[from] ability: Electromorphosis\n|move|p2a: Bellibolt|Thunderbolt|p1a: Luvdisc\n|-supereffective|p1a: Luvdisc\n|-damage|p1a: Luvdisc|0 fnt\n|faint|p1a: Luvdisc\n|-end|p2a: Bellibolt|Charge|[silent]\n|\n|win|p0y8166f4c", "uploadtime": 1783549399, "views": 0, "rating": 0, "private": 0, "password": null, "_winner": "p0y8166f4c", "_our_name": "p0y8166f4c"}