{"id": "battle-gen9randombattle-2411", "formatid": "gen9randombattle", "format": "[Gen 9] Random Battle", "players": ["p0x2411b08d", "p0y241184cd"], "log": "|init|battle\n|title|p0x2411b08d vs. p0y241184cd\n|j|\u2606p0x2411b08d\n|j|\u2606p0y241184cd\n|t:|1783566974\n|gametype|singles\n|player|p1|p0x2411b08d|170|\n|player|p2|p0y241184cd|265|\n|gen|9\n|tier|[Gen 9] Random Battle\n|rule|Species Clause: Limit one of each Pok\u00e9mon\n|rule|HP Percentage Mod: HP is shown in percentages\n|rule|Sleep Clause Mod: Limit one foe put to sleep\n|rule|Illusion Level Mod: Illusion disguises the Pok\u00e9mon's true level\n|\n|t:|1783566974\n|teamsize|p1|6\n|teamsize|p2|6\n|start\n|switch|p1a: Minun|Minun, L95, F|100/100\n|switch|p2a: Dragonite|Dragonite, L74, M|257/257\n|turn|1\n|inactive|Battle timer is ON: inactive players will automatically lose when time's up. (requested by p0y241184cd)\n|\n|t:|1783566975\n|move|p1a: Minun|Thunderbolt|p2a: Dragonite\n|-damage|p2a: Dragonite|187/257\n|-damage|p1a: Minun|91/100|[from] item: Life Orb\n|move|p2a: Dragonite|Outrage|p1a: Minun\n|-damage|p1a: Minun|31/100\n|\n|upkeep\n|turn|2\n|inactive|Time left: 300 sec this turn | 300 sec total\n|inactive|p0x2411b08d also wants the timer to be on.\n|\n|t:|1783566976\n|move|p1a: Minun|Thunderbolt|p2a: Dragonite\n|-damage|p2a: Dragonite|53/257\n|-damage|p1a: Minun|22/100|[from] item: Life Orb\n|move|p2a: Dragonite|Outrage|p1a: Minun|[from] lockedmove\n|-damage|p1a: Minun|0 fnt\n|faint|p1a: Minun\n|-start|p2a: Dragonite|confusion|[fatigue]\n|\n|upkeep\n|\n|t:|1783566977\n|switch|p1a: Manaphy|Manaphy, L78|100/100\n|turn|3\n|inactive|Time left: 300 sec this turn | 300 sec total\n|\n|t:|1783566979\n|switch|p2a: Qwilfish|Qwilfish-Hisui, L83, F|244/244\n|-ability|p2a: Qwilfish|Intimidate|boost\n|-unboost|p1a: Manaphy|atk|1\n|move|p1a: Manaphy|Tail Glow|p1a: Manaphy\n|-boost|p1a: Manaphy|spa|3\n|\n|upkeep\n|turn|4\n|inactive|Time left: 300 sec this turn | 300 sec total\n|\n|t:|1783566980\n|switch|p2a: Tentacruel|Tentacruel, L84, M|272/272\n|move|p1a: Manaphy|Hydro Pump|p2a: Tentacruel\n|-resisted|p2a: Tentacruel\n|-damage|p2a: Tentacruel|169/272\n|\n|-heal|p2a: Tentacruel|186/272|[from] item: Leftovers\n|upkeep\n|turn|5\n|inactive|Time left: 300 sec this turn | 300 sec total\n|\n|t:|1783566981\n|move|p2a: Tentacruel|Sludge Bomb|p1a: Manaphy\n|-damage|p1a: Manaphy|71/100\n|move|p1a: Manaphy|Ice Beam|p2a: Tentacruel\n|-resisted|p2a: Tentacruel\n|-damage|p2a: Tentacruel|134/272\n|\n|-heal|p2a: Tentacruel|151/272|[from] item: Leftovers\n|-heal|p1a: Manaphy|77/100|[from] item: Leftovers\n|upkeep\n|turn|6\n|inactive|Time left: 300 sec this turn | 300 sec total\n|\n|t:|1783566982\n|move|p2a: Tentacruel|Sludge Bomb|p1a: Manaphy\n|-damage|p1a: Manaphy|47/100\n|move|p1a: Manaphy|Ice Beam|p2a: Tentacruel\n|-resisted|p2a: Tentacruel\n|-damage|p2a: Tentacruel|98/272\n|\n|-heal|p2a: Tentacruel|115/272|[from] item: Leftovers\n|-heal|p1a: Manaphy|53/100|[from] item: Leftovers\n|upkeep\n|turn|7\n|inactive|Time left: 300 sec this turn | 300 sec total\n|\n|t:|1783566983\n|move|p2a: Tentacruel|Sludge Bomb|p1a: Manaphy\n|-damage|p1a: Manaphy|25/100\n|-status|p1a: Manaphy|psn\n|move|p1a: Manaphy|Hydro Pump|p2a: Tentacruel\n|-resisted|p2a: Tentacruel\n|-damage|p2a: Tentacruel|22/272\n|\n|-heal|p2a: Tentacruel|39/272|[from] item: Leftovers\n|-heal|p1a: Manaphy|31/100 psn|[from] item: Leftovers\n|-damage|p1a: Manaphy|18/100 psn|[from] psn\n|upkeep\n|turn|8\n|inactive|Time left: 300 sec this turn | 300 sec total\n|\n|t:|1783566985\n|move|p2a: Tentacruel|Sludge Bomb|p1a: Manaphy\n|-damage|p1a: Manaphy|0 fnt\n|faint|p1a: Manaphy\n|\n|-heal|p2a: Tentacruel|56/272|[from] item: Leftovers\n|upkeep\n|\n|t:|1783566986\n|switch|p1a: Entei|Entei, L78|100/100\n|turn|9\n|inactive|Time left: 300 sec this turn | 300 sec total\n|\n|t:|1783566987\n|move|p2a: Tentacruel|Surf|p1a: Entei\n|-supereffective|p1a: Entei\n|-damage|p1a: Entei|37/100\n|move|p1a: Entei|Sacred Fire|p2a: Tentacruel\n|-resisted|p2a: Tentacruel\n|-damage|p2a: Tentacruel|0 fnt\n|faint|p2a: Tentacruel\n|\n|upkeep\n|inactive|Time left: 300 sec this turn | 300 sec total | 5 sec grace\n|\n|t:|1783566988\n|switch|p2a: Brambleghast|Brambleghast, L88, M|240/240\n|turn|10\n|inactive|Time left: 300 sec this turn | 300 sec total\n|\n|t:|1783566989\n|move|p2a: Brambleghast|Poltergeist|p1a: Entei|[miss]\n|-miss|p2a: Brambleghast|p1a: Entei\n|move|p1a: Entei|Sacred Fire|p2a: Brambleghast\n|-supereffective|p2a: Brambleghast\n|-damage|p2a: Brambleghast|0 fnt\n|faint|p2a: Brambleghast\n|\n|upkeep\n|inactive|Time left: 300 sec this turn | 300 sec total | 5 sec grace\n|\n|t:|1783566990\n|switch|p2a: Cresselia|Cresselia, L80, F|323/323\n|turn|11\n|inactive|Time left: 300 sec this turn | 300 sec total\n|\n|t:|1783566991\n|move|p1a: Entei|Sacred Fire|p2a: Cresselia\n|-damage|p2a: Cresselia|181/323\n|move|p2a: Cresselia|Moonlight|p2a: Cresselia\n|-heal|p2a: Cresselia|323/323\n|\n|upkeep\n|turn|12\n|inactive|Time left: 300 sec this turn | 300 sec total\n|\n|t:|1783566992\n|move|p1a: Entei|Sacred Fire|p2a: Cresselia\n|-damage|p2a: Cresselia|184/323\n|move|p2a: Cresselia|Calm Mind|p2a: Cresselia\n|-boost|p2a: Cresselia|spa|1\n|-boost|p2a: Cresselia|spd|1\n|\n|-heal|p2a: Cresselia|204/323|[from] item: Leftovers\n|upkeep\n|turn|13\n|inactive|Time left: 300 sec this turn | 300 sec total\n|\n|t:|1783566993\n|move|p1a: Entei|Sacred Fire|p2a: Cresselia\n|-damage|p2a: Cresselia|53/323\n|move|p2a: Cresselia|Moonlight|p2a: Cresselia\n|-heal|p2a: Cresselia|214/323\n|\n|-heal|p2a: Cresselia|234/323|[from] item: Leftovers\n|upkeep\n|turn|14\n|inactive|Time left: 300 sec this turn | 300 sec total\n|\n|t:|1783566994\n|move|p1a: Entei|Sacred Fire|p2a: Cresselia\n|-damage|p2a: Cresselia|83/323\n|-status|p2a: Cresselia|brn\n|move|p2a: Cresselia|Moonlight|p2a: Cresselia\n|-heal|p2a: Cresselia|244/323 brn\n|\n|-heal|p2a: Cresselia|264/323 brn|[from] item: Leftovers\n|-damage|p2a: Cresselia|244/323 brn|[from] brn\n|upkeep\n|turn|15\n|inactive|Time left: 300 sec this turn | 300 sec total\n|\n|t:|1783566995\n|move|p1a: Entei|Sacred Fire|p2a: Cresselia\n|-damage|p2a: Cresselia|105/323 brn\n|move|p2a: Cresselia|Moonlight|p2a: Cresselia\n|-heal|p2a: Cresselia|266/323 brn\n|\n|-heal|p2a: Cresselia|286/323 brn|[from] item: Leftovers\n|-damage|p2a: Cresselia|266/323 brn|[from] brn\n|upkeep\n|turn|16\n|inactive|Time left: 300 sec this turn | 300 sec total\n|\n|t:|1783566996\n|move|p1a: Entei|Sacred Fire|p2a: Cresselia\n|-damage|p2a: Cresselia|127/323 brn\n|move|p2a: Cresselia|Calm Mind|p2a: Cresselia\n|-boost|p2a: Cresselia|spa|1\n|-boost|p2a: Cresselia|spd|1\n|\n|-heal|p2a: Cresselia|147/323 brn|[from] item: Leftovers\n|-damage|p2a: Cresselia|127/323 brn|[from] brn\n|upkeep\n|turn|17\n|inactive|Time left: 300 sec this turn | 300 sec total\n|\n|t:|1783566997\n|-activate|p1a: Entei|move: Struggle\n|move|p1a: Entei|Struggle|p2a: Cresselia\n|-damage|p2a: Cresselia|82/323 brn\n|-damage|p1a: Entei|12/100|[from] recoil\n|move|p2a: Cresselia|Moonlight|p2a: Cresselia\n|-heal|p2a: Cresselia|243/323 brn\n|\n|-heal|p2a: Cresselia|263/323 brn|[from] item: Leftovers\n|-damage|p2a: Cresselia|243/323 brn|[from] brn\n|upkeep\n|turn|18\n|inactive|Time left: 300 sec this turn | 300 sec total\n|\n|t:|1783566997\n|-activate|p1a: Entei|move: Struggle\n|move|p1a: Entei|Struggle|p2a: Cresselia\n|-damage|p2a: Cresselia|196/323 brn\n|-damage|p1a: Entei|0 fnt|[from] recoil\n|faint|p1a: Entei\n|move|p2a: Cresselia|Psyshock|p1: Entei|[notarget]\n|-fail|p2a: Cresselia\n|\n|-heal|p2a: Cresselia|216/323 brn|[from] item: Leftovers\n|-damage|p2a: Cresselia|196/323 brn|[from] brn\n|upkeep\n|\n|t:|1783566998\n|switch|p1a: Pawmot|Pawmot, L80, F|100/100\n|turn|19\n|inactive|Time left: 300 sec this turn | 300 sec total\n|\n|t:|1783566999\n|-terastallize|p1a: Pawmot|Electric\n|move|p1a: Pawmot|Double Shock|p2a: Cresselia\n|-crit|p2a: Cresselia\n|-damage|p2a: Cresselia|0 fnt\n|-start|p1a: Pawmot|typechange|Electric|[from] move: Double Shock\n|faint|p2a: Cresselia\n|\n|upkeep\n|inactive|Time left: 300 sec this turn | 300 sec total | 5 sec grace\n|\n|t:|1783567000\n|switch|p2a: Sunflora|Sunflora, M|312/312\n|turn|20\n|inactive|Time left: 300 sec this turn | 300 sec total\n|\n|t:|1783567001\n|move|p1a: Pawmot|Nuzzle|p2a: Sunflora\n|-resisted|p2a: Sunflora\n|-damage|p2a: Sunflora|261/312\n|-status|p2a: Sunflora|par\n|move|p2a: Sunflora|Sludge Bomb|p1a: Pawmot\n|-damage|p1a: Pawmot|17/100\n|\n|upkeep\n|turn|21\n|inactive|Time left: 300 sec this turn | 300 sec total\n|\n|t:|1783567002\n|move|p1a: Pawmot|Double Shock|p2a: Sunflora\n|-resisted|p2a: Sunflora\n|-damage|p2a: Sunflora|163/312 par\n|-start|p1a: Pawmot|typechange|Electric|[from] move: Double Shock\n|cant|p2a: Sunflora|par\n|\n|upkeep\n|turn|22\n|inactive|Time left: 300 sec this turn | 300 sec total\n|\n|t:|1783567003\n|move|p1a: Pawmot|Double Shock|p2a: Sunflora\n|-resisted|p2a: Sunflora\n|-damage|p2a: Sunflora|65/312 par\n|-start|p1a: Pawmot|typechange|Electric|[from] move: Double Shock\n|move|p2a: Sunflora|Sludge Bomb|p1a: Pawmot\n|-damage|p1a: Pawmot|0 fnt\n|faint|p1a: Pawmot\n|\n|upkeep\n|\n|t:|1783567003\n|switch|p1a: Arceus|Arceus-Ground, L70|100/100\n|turn|23\n|inactive|Time left: 300 sec this turn | 300 sec total\n|\n|t:|1783567004\n|move|p1a: Arceus|Calm Mind|p1a: Arceus\n|-boost|p1a: Arceus|spa|1\n|-boost|p1a: Arceus|spd|1\n|move|p2a: Sunflora|Sludge Bomb|p1a: Arceus\n|-resisted|p1a: Arceus\n|-damage|p1a: Arceus|85/100\n|\n|upkeep\n|turn|24\n|inactive|Time left: 300 sec this turn | 300 sec total\n|\n|t:|1783567005\n|move|p1a: Arceus|Calm Mind|p1a: Arceus\n|-boost|p1a: Arceus|spa|1\n|-boost|p1a: Arceus|spd|1\n|move|p2a: Sunflora|Sludge Bomb|p1a: Arceus\n|-resisted|p1a: Arceus\n|-damage|p1a: Arceus|73/100\n|\n|upkeep\n|turn|25\n|inactive|Time left: 300 sec this turn | 300 sec total\n|\n|t:|1783567006\n|move|p1a: Arceus|Fire Blast|p2a: Sunflora|[miss]\n|-miss|p1a: Arceus|p2a: Sunflora\n|move|p2a: Sunflora|Sludge Bomb|p1a: Arceus\n|-resisted|p1a: Arceus\n|-damage|p1a: Arceus|62/100\n|\n|upkeep\n|turn|26\n|inactive|Time left: 300 sec this turn | 300 sec total\n|\n|t:|1783567007\n|move|p1a: Arceus|Fire Blast|p2a: Sunflora\n|-supereffective|p2a: Sunflora\n|-damage|p2a: Sunflora|0 fnt\n|faint|p2a: Sunflora\n|\n|upkeep\n|inactive|Time left: 300 sec this turn | 300 sec total | 5 sec grace\n|\n|t:|1783567008\n|switch|p2a: Qwilfish|Qwilfish-Hisui, L83, F|244/244\n|-ability|p2a: Qwilfish|Intimidate|boost\n|-unboost|p1a: Arceus|atk|1\n|turn|27\n|inactive|Time left: 300 sec this turn | 300 sec total\n|\n|t:|1783567009\n|switch|p2a: Dragonite|Dragonite, L74, M|53/257\n|move|p1a: Arceus|Judgment|p2a: Dragonite\n|-immune|p2a: Dragonite\n|\n|upkeep\n|turn|28\n|inactive|Time left: 300 sec this turn | 300 sec total\n|\n|t:|1783567009\n|move|p1a: Arceus|Fire Blast|p2a: Dragonite\n|-resisted|p2a: Dragonite\n|-damage|p2a: Dragonite|0 fnt\n|faint|p2a: Dragonite\n|\n|upkeep\n|inactive|Time left: 300 sec this turn | 300 sec total | 5 sec grace\n|\n|t:|1783567010\n|switch|p2a: Qwilfish|Qwilfish-Hisui, L83, F|244/244\n|-ability|p2a: Qwilfish|Intimidate|boost\n|-unboost|p1a: Arceus|atk|1\n|turn|29\n|inactive|Time left: 300 sec this turn | 300 sec total\n|\n|t:|1783567011\n|-terastallize|p2a: Qwilfish|Flying\n|move|p1a: Arceus|Judgment|p2a: Qwilfish\n|-immune|p2a: Qwilfish\n|move|p2a: Qwilfish|Crunch|p1a: Arceus\n|-damage|p1a: Arceus|33/100\n|-unboost|p1a: Arceus|def|1\n|\n|upkeep\n|turn|30\n|inactive|Time left: 300 sec this turn | 300 sec total\n|\n|t:|1783567012\n|move|p1a: Arceus|Fire Blast|p2a: Qwilfish\n|-damage|p2a: Qwilfish|117/244\n|move|p2a: Qwilfish|Gunk Shot|p1a: Arceus|[miss]\n|-miss|p2a: Qwilfish|p1a: Arceus\n|\n|upkeep\n|turn|31\n|inactive|Time left: 300 sec this turn | 300 sec total\n|\n|t:|1783567013\n|move|p1a: Arceus|Fire Blast|p2a: Qwilfish\n|-damage|p2a: Qwilfish|0 fnt\n|faint|p2a: Qwilfish\n|\n|win|p0x2411b08d", "uploadtime": 1783567013, "views": 0, "rating": 0, "private": 0, "password": null, "_winner": "p0x2411b08d", "_our_name": "p0y241184cd"}