{"id": "battle-gen9randombattle-450", "formatid": "gen9randombattle", "format": "[Gen 9] Random Battle", "players": ["p0x45001eb", "p0y4509623"], "log": "|init|battle\n|title|p0x45001eb vs. p0y4509623\n|j|\u2606p0x45001eb\n|j|\u2606p0y4509623\n|t:|1783544989\n|gametype|singles\n|player|p1|p0x45001eb|265|\n|player|p2|p0y4509623|102|\n|gen|9\n|tier|[Gen 9] Random Battle\n|rule|Species Clause: Limit one of each Pok\u00e9mon\n|rule|HP Percentage Mod: HP is shown in percentages\n|rule|Sleep Clause Mod: Limit one foe put to sleep\n|rule|Illusion Level Mod: Illusion disguises the Pok\u00e9mon's true level\n|\n|t:|1783544989\n|teamsize|p1|6\n|teamsize|p2|6\n|start\n|switch|p1a: Munkidori|Munkidori, L79, M|100/100\n|switch|p2a: Slowking|Slowking-Galar, L85, F|300/300\n|turn|1\n|inactive|Battle timer is ON: inactive players will automatically lose when time's up. (requested by p0x45001eb)\n|inactive|Time left: 300 sec this turn | 300 sec total | 60 sec grace\n|inactive|p0y4509623 also wants the timer to be on.\n|\n|t:|1783544991\n|move|p1a: Munkidori|Sludge Wave|p2a: Slowking\n|-resisted|p2a: Slowking\n|-damage|p2a: Slowking|230/300\n|move|p2a: Slowking|Sludge Bomb|p1a: Munkidori\n|-resisted|p1a: Munkidori\n|-damage|p1a: Munkidori|78/100\n|\n|-heal|p2a: Slowking|248/300|[from] item: Leftovers\n|upkeep\n|turn|2\n|inactive|Time left: 300 sec this turn | 300 sec total\n|\n|t:|1783544993\n|move|p1a: Munkidori|Sludge Wave|p2a: Slowking\n|-resisted|p2a: Slowking\n|-damage|p2a: Slowking|177/300\n|move|p2a: Slowking|Sludge Bomb|p1a: Munkidori\n|-resisted|p1a: Munkidori\n|-damage|p1a: Munkidori|58/100\n|\n|-heal|p2a: Slowking|195/300|[from] item: Leftovers\n|upkeep\n|turn|3\n|inactive|Time left: 300 sec this turn | 300 sec total\n|\n|t:|1783544994\n|move|p1a: Munkidori|Sludge Wave|p2a: Slowking\n|-resisted|p2a: Slowking\n|-damage|p2a: Slowking|128/300\n|move|p2a: Slowking|Psyshock|p1a: Munkidori\n|-damage|p1a: Munkidori|9/100\n|\n|-heal|p2a: Slowking|146/300|[from] item: Leftovers\n|upkeep\n|turn|4\n|inactive|Time left: 300 sec this turn | 300 sec total\n|\n|t:|1783544995\n|move|p1a: Munkidori|Sludge Wave|p2a: Slowking\n|-resisted|p2a: Slowking\n|-damage|p2a: Slowking|79/300\n|move|p2a: Slowking|Sludge Bomb|p1a: Munkidori\n|-resisted|p1a: Munkidori\n|-damage|p1a: Munkidori|0 fnt\n|faint|p1a: Munkidori\n|\n|-heal|p2a: Slowking|97/300|[from] item: Leftovers\n|upkeep\n|\n|t:|1783544996\n|switch|p1a: Ambipom|Ambipom, L84, F|100/100\n|turn|5\n|inactive|Time left: 300 sec this turn | 300 sec total\n|\n|t:|1783544997\n|switch|p2a: Phione|Phione, L91|293/293\n|move|p1a: Ambipom|Triple Axel|p2a: Phione|[miss]\n|-miss|p1a: Ambipom|p2a: Phione\n|\n|upkeep\n|turn|6\n|inactive|Time left: 300 sec this turn | 300 sec total\n|\n|t:|1783544999\n|move|p1a: Ambipom|Triple Axel|p2a: Phione\n|-resisted|p2a: Phione\n|-damage|p2a: Phione|277/293\n|-resisted|p2a: Phione\n|-damage|p2a: Phione|246/293\n|-resisted|p2a: Phione\n|-damage|p2a: Phione|198/293\n|-hitcount|p2a: Phione|3\n|move|p2a: Phione|Scald|p1a: Ambipom\n|-damage|p1a: Ambipom|58/100\n|\n|-heal|p2a: Phione|216/293|[from] item: Leftovers\n|upkeep\n|turn|7\n|inactive|Time left: 300 sec this turn | 300 sec total\n|\n|t:|1783545000\n|move|p1a: Ambipom|Triple Axel|p2a: Phione\n|-resisted|p2a: Phione\n|-damage|p2a: Phione|201/293\n|-resisted|p2a: Phione\n|-damage|p2a: Phione|170/293\n|-resisted|p2a: Phione\n|-damage|p2a: Phione|119/293\n|-hitcount|p2a: Phione|3\n|move|p2a: Phione|Scald|p1a: Ambipom\n|-damage|p1a: Ambipom|19/100\n|-status|p1a: Ambipom|brn\n|\n|-heal|p2a: Phione|137/293|[from] item: Leftovers\n|-damage|p1a: Ambipom|13/100 brn|[from] brn\n|upkeep\n|turn|8\n|inactive|Time left: 300 sec this turn | 300 sec total\n|\n|t:|1783545001\n|move|p1a: Ambipom|Triple Axel|p2a: Phione\n|-resisted|p2a: Phione\n|-damage|p2a: Phione|130/293\n|-resisted|p2a: Phione\n|-damage|p2a: Phione|115/293\n|-hitcount|p2a: Phione|2\n|move|p2a: Phione|Scald|p1a: Ambipom\n|-damage|p1a: Ambipom|0 fnt\n|faint|p1a: Ambipom\n|\n|-heal|p2a: Phione|133/293|[from] item: Leftovers\n|upkeep\n|\n|t:|1783545002\n|switch|p1a: Bisharp|Bisharp, L79, F|100/100\n|turn|9\n|inactive|Time left: 300 sec this turn | 300 sec total\n|\n|t:|1783545003\n|move|p2a: Phione|Scald|p1a: Bisharp\n|-damage|p1a: Bisharp|66/100\n|move|p1a: Bisharp|Swords Dance|p1a: Bisharp\n|-boost|p1a: Bisharp|atk|2\n|\n|-heal|p2a: Phione|151/293|[from] item: Leftovers\n|upkeep\n|turn|10\n|inactive|Time left: 300 sec this turn | 300 sec total\n|\n|t:|1783545004\n|move|p2a: Phione|Scald|p1a: Bisharp\n|-damage|p1a: Bisharp|34/100\n|move|p1a: Bisharp|Throat Chop|p2a: Phione\n|-damage|p2a: Phione|0 fnt\n|faint|p2a: Phione\n|\n|upkeep\n|inactive|Time left: 300 sec this turn | 300 sec total | 5 sec grace\n|\n|t:|1783545005\n|switch|p2a: Hydreigon|Hydreigon, L79, M|275/275\n|turn|11\n|inactive|Time left: 300 sec this turn | 300 sec total\n|\n|t:|1783545007\n|move|p2a: Hydreigon|Draco Meteor|p1a: Bisharp\n|-resisted|p1a: Bisharp\n|-damage|p1a: Bisharp|0 fnt\n|-unboost|p2a: Hydreigon|spa|2\n|faint|p1a: Bisharp\n|-damage|p2a: Hydreigon|248/275|[from] item: Life Orb\n|\n|upkeep\n|\n|t:|1783545008\n|switch|p1a: Suicune|Suicune, L82|100/100\n|-ability|p1a: Suicune|Pressure\n|turn|12\n|inactive|Time left: 300 sec this turn | 300 sec total\n|\n|t:|1783545009\n|switch|p2a: Slowking|Slowking-Galar, L85, F|197/300\n|move|p1a: Suicune|Calm Mind|p1a: Suicune\n|-boost|p1a: Suicune|spa|1\n|-boost|p1a: Suicune|spd|1\n|\n|-heal|p2a: Slowking|215/300|[from] item: Leftovers\n|upkeep\n|turn|13\n|inactive|Time left: 300 sec this turn | 300 sec total\n|\n|t:|1783545010\n|move|p1a: Suicune|Calm Mind|p1a: Suicune\n|-boost|p1a: Suicune|spa|1\n|-boost|p1a: Suicune|spd|1\n|move|p2a: Slowking|Slack Off|p2a: Slowking\n|-heal|p2a: Slowking|300/300\n|\n|upkeep\n|turn|14\n|inactive|Time left: 300 sec this turn | 300 sec total\n|\n|t:|1783545011\n|move|p1a: Suicune|Ice Beam|p2a: Slowking\n|-crit|p2a: Slowking\n|-damage|p2a: Slowking|162/300\n|move|p2a: Slowking|Slack Off|p2a: Slowking\n|-heal|p2a: Slowking|300/300\n|\n|upkeep\n|turn|15\n|inactive|Time left: 300 sec this turn | 300 sec total\n|\n|t:|1783545012\n|move|p1a: Suicune|Scald|p2a: Slowking\n|-damage|p2a: Slowking|168/300\n|-status|p2a: Slowking|brn\n|move|p2a: Slowking|Psyshock|p1a: Suicune\n|-damage|p1a: Suicune|73/100\n|\n|-heal|p1a: Suicune|79/100|[from] item: Leftovers\n|-heal|p2a: Slowking|186/300 brn|[from] item: Leftovers\n|-damage|p2a: Slowking|168/300 brn|[from] brn\n|upkeep\n|turn|16\n|inactive|Time left: 300 sec this turn | 300 sec total\n|\n|t:|1783545013\n|move|p1a: Suicune|Scald|p2a: Slowking\n|-damage|p2a: Slowking|48/300 brn\n|move|p2a: Slowking|Slack Off|p2a: Slowking\n|-heal|p2a: Slowking|198/300 brn\n|\n|-heal|p1a: Suicune|85/100|[from] item: Leftovers\n|-heal|p2a: Slowking|216/300 brn|[from] item: Leftovers\n|-damage|p2a: Slowking|198/300 brn|[from] brn\n|upkeep\n|turn|17\n|inactive|Time left: 300 sec this turn | 300 sec total\n|\n|t:|1783545014\n|move|p1a: Suicune|Ice Beam|p2a: Slowking\n|-damage|p2a: Slowking|100/300 brn\n|move|p2a: Slowking|Slack Off|p2a: Slowking\n|-heal|p2a: Slowking|250/300 brn\n|\n|-heal|p1a: Suicune|91/100|[from] item: Leftovers\n|-heal|p2a: Slowking|268/300 brn|[from] item: Leftovers\n|-damage|p2a: Slowking|250/300 brn|[from] brn\n|upkeep\n|turn|18\n|inactive|Time left: 300 sec this turn | 300 sec total\n|\n|t:|1783545016\n|move|p1a: Suicune|Scald|p2a: Slowking\n|-damage|p2a: Slowking|126/300 brn\n|move|p2a: Slowking|Psyshock|p1a: Suicune\n|-damage|p1a: Suicune|64/100\n|\n|-heal|p1a: Suicune|70/100|[from] item: Leftovers\n|-heal|p2a: Slowking|144/300 brn|[from] item: Leftovers\n|-damage|p2a: Slowking|126/300 brn|[from] brn\n|upkeep\n|turn|19\n|inactive|Time left: 300 sec this turn | 300 sec total\n|\n|t:|1783545017\n|move|p1a: Suicune|Scald|p2a: Slowking\n|-damage|p2a: Slowking|0 fnt\n|faint|p2a: Slowking\n|\n|-heal|p1a: Suicune|76/100|[from] item: Leftovers\n|upkeep\n|inactive|Time left: 300 sec this turn | 300 sec total | 5 sec grace\n|\n|t:|1783545018\n|switch|p2a: Mewtwo|Mewtwo, L72|272/272\n|-ability|p2a: Mewtwo|Unnerve\n|turn|20\n|inactive|Time left: 300 sec this turn | 300 sec total\n|\n|t:|1783545019\n|move|p2a: Mewtwo|Nasty Plot|p2a: Mewtwo\n|-boost|p2a: Mewtwo|spa|2\n|move|p1a: Suicune|Substitute|p1a: Suicune\n|-start|p1a: Suicune|Substitute\n|-damage|p1a: Suicune|52/100\n|\n|-heal|p1a: Suicune|58/100|[from] item: Leftovers\n|upkeep\n|turn|21\n|inactive|Time left: 300 sec this turn | 300 sec total\n|\n|t:|1783545020\n|move|p2a: Mewtwo|Psystrike|p1a: Suicune\n|-end|p1a: Suicune|Substitute\n|-damage|p2a: Mewtwo|245/272|[from] item: Life Orb\n|move|p1a: Suicune|Substitute|p1a: Suicune\n|-start|p1a: Suicune|Substitute\n|-damage|p1a: Suicune|33/100\n|\n|-heal|p1a: Suicune|39/100|[from] item: Leftovers\n|upkeep\n|turn|22\n|inactive|Time left: 300 sec this turn | 300 sec total\n|\n|t:|1783545021\n|move|p2a: Mewtwo|Psystrike|p1a: Suicune\n|-end|p1a: Suicune|Substitute\n|-damage|p2a: Mewtwo|218/272|[from] item: Life Orb\n|move|p1a: Suicune|Substitute|p1a: Suicune\n|-start|p1a: Suicune|Substitute\n|-damage|p1a: Suicune|14/100\n|\n|-heal|p1a: Suicune|20/100|[from] item: Leftovers\n|upkeep\n|turn|23\n|inactive|Time left: 300 sec this turn | 300 sec total\n|\n|t:|1783545021\n|move|p2a: Mewtwo|Psystrike|p1a: Suicune\n|-end|p1a: Suicune|Substitute\n|-damage|p2a: Mewtwo|191/272|[from] item: Life Orb\n|move|p1a: Suicune|Scald|p2a: Mewtwo\n|-damage|p2a: Mewtwo|17/272\n|-status|p2a: Mewtwo|brn\n|\n|-heal|p1a: Suicune|26/100|[from] item: Leftovers\n|-damage|p2a: Mewtwo|0 fnt|[from] brn\n|faint|p2a: Mewtwo\n|upkeep\n|inactive|Time left: 300 sec this turn | 300 sec total | 5 sec grace\n|\n|t:|1783545022\n|switch|p2a: Hydreigon|Hydreigon, L79, M|248/275\n|turn|24\n|inactive|Time left: 300 sec this turn | 300 sec total\n|\n|t:|1783545023\n|move|p2a: Hydreigon|Draco Meteor|p1a: Suicune\n|-damage|p1a: Suicune|0 fnt\n|-unboost|p2a: Hydreigon|spa|2\n|faint|p1a: Suicune\n|-damage|p2a: Hydreigon|221/275|[from] item: Life Orb\n|\n|upkeep\n|\n|t:|1783545023\n|switch|p1a: Scovillain|Scovillain, L91, M|100/100\n|turn|25\n|inactive|Time left: 300 sec this turn | 300 sec total\n|\n|t:|1783545024\n|move|p2a: Hydreigon|Nasty Plot|p2a: Hydreigon\n|-boost|p2a: Hydreigon|spa|2\n|move|p1a: Scovillain|Leech Seed|p2a: Hydreigon\n|-start|p2a: Hydreigon|move: Leech Seed\n|\n|-damage|p2a: Hydreigon|187/275|[from] Leech Seed|[of] p1a: Scovillain\n|upkeep\n|turn|26\n|inactive|Time left: 300 sec this turn | 300 sec total\n|\n|t:|1783545025\n|move|p2a: Hydreigon|Nasty Plot|p2a: Hydreigon\n|-boost|p2a: Hydreigon|spa|2\n|move|p1a: Scovillain|Substitute|p1a: Scovillain\n|-start|p1a: Scovillain|Substitute\n|-damage|p1a: Scovillain|76/100\n|\n|-heal|p1a: Scovillain|82/100|[from] item: Leftovers\n|-damage|p2a: Hydreigon|153/275|[from] Leech Seed|[of] p1a: Scovillain\n|-heal|p1a: Scovillain|94/100|[silent]\n|upkeep\n|turn|27\n|inactive|Time left: 300 sec this turn | 300 sec total\n|\n|t:|1783545025\n|move|p2a: Hydreigon|Flash Cannon|p1a: Scovillain\n|-resisted|p1a: Scovillain\n|-end|p1a: Scovillain|Substitute\n|-damage|p2a: Hydreigon|126/275|[from] item: Life Orb\n|move|p1a: Scovillain|Substitute|p1a: Scovillain\n|-start|p1a: Scovillain|Substitute\n|-damage|p1a: Scovillain|70/100\n|\n|-heal|p1a: Scovillain|76/100|[from] item: Leftovers\n|-damage|p2a: Hydreigon|92/275|[from] Leech Seed|[of] p1a: Scovillain\n|-heal|p1a: Scovillain|88/100|[silent]\n|upkeep\n|turn|28\n|inactive|Time left: 300 sec this turn | 300 sec total\n|\n|t:|1783545026\n|move|p2a: Hydreigon|Flash Cannon|p1a: Scovillain\n|-resisted|p1a: Scovillain\n|-end|p1a: Scovillain|Substitute\n|-damage|p2a: Hydreigon|65/275|[from] item: Life Orb\n|move|p1a: Scovillain|Flamethrower|p2a: Hydreigon\n|-resisted|p2a: Hydreigon\n|-damage|p2a: Hydreigon|7/275\n|\n|-heal|p1a: Scovillain|94/100|[from] item: Leftovers\n|-damage|p2a: Hydreigon|0 fnt|[from] Leech Seed|[of] p1a: Scovillain\n|-heal|p1a: Scovillain|97/100|[silent]\n|faint|p2a: Hydreigon\n|upkeep\n|inactive|Time left: 300 sec this turn | 300 sec total | 5 sec grace\n|\n|t:|1783545027\n|switch|p2a: Jumpluff|Jumpluff, L87, F|271/271\n|turn|29\n|inactive|Time left: 300 sec this turn | 300 sec total\n|\n|t:|1783545028\n|move|p2a: Jumpluff|Acrobatics|p1a: Scovillain\n|-supereffective|p1a: Scovillain\n|-damage|p1a: Scovillain|24/100\n|move|p1a: Scovillain|Flamethrower|p2a: Jumpluff\n|-supereffective|p2a: Jumpluff\n|-damage|p2a: Jumpluff|65/271\n|-status|p2a: Jumpluff|brn\n|\n|-heal|p1a: Scovillain|30/100|[from] item: Leftovers\n|-damage|p2a: Jumpluff|49/271 brn|[from] brn\n|upkeep\n|turn|30\n|inactive|Time left: 300 sec this turn | 300 sec total\n|\n|t:|1783545029\n|move|p1a: Scovillain|Protect|p1a: Scovillain\n|-singleturn|p1a: Scovillain|Protect\n|move|p2a: Jumpluff|Strength Sap|p1a: Scovillain\n|-activate|p1a: Scovillain|move: Protect\n|\n|-heal|p1a: Scovillain|36/100|[from] item: Leftovers\n|-damage|p2a: Jumpluff|33/271 brn|[from] brn\n|upkeep\n|turn|31\n|inactive|Time left: 300 sec this turn | 300 sec total\n|\n|t:|1783545030\n|-terastallize|p1a: Scovillain|Steel\n|move|p2a: Jumpluff|Strength Sap|p1a: Scovillain\n|-unboost|p1a: Scovillain|atk|1\n|-heal|p2a: Jumpluff|234/271 brn\n|move|p1a: Scovillain|Flamethrower|p2a: Jumpluff\n|-supereffective|p2a: Jumpluff\n|-damage|p2a: Jumpluff|4/271 brn\n|\n|-heal|p1a: Scovillain|42/100|[from] item: Leftovers\n|-damage|p2a: Jumpluff|0 fnt|[from] brn\n|faint|p2a: Jumpluff\n|upkeep\n|inactive|Time left: 300 sec this turn | 300 sec total | 5 sec grace\n|\n|t:|1783545031\n|switch|p2a: Smeargle|Smeargle, L95, F|258/258\n|turn|32\n|inactive|Time left: 300 sec this turn | 300 sec total\n|\n|t:|1783545032\n|move|p2a: Smeargle|Spore|p1a: Scovillain\n|-status|p1a: Scovillain|slp|[from] move: Spore\n|cant|p1a: Scovillain|slp\n|\n|-heal|p1a: Scovillain|48/100 slp|[from] item: Leftovers\n|upkeep\n|turn|33\n|inactive|Time left: 300 sec this turn | 300 sec total\n|\n|t:|1783545033\n|move|p2a: Smeargle|Ceaseless Edge|p1a: Scovillain\n|-damage|p1a: Scovillain|37/100 slp\n|-sidestart|p1: p0x45001eb|Spikes\n|-curestatus|p1a: Scovillain|slp|[msg]\n|move|p1a: Scovillain|Flamethrower|p2a: Smeargle\n|-damage|p2a: Smeargle|95/258\n|\n|-heal|p1a: Scovillain|43/100|[from] item: Leftovers\n|upkeep\n|turn|34\n|inactive|Time left: 300 sec this turn | 300 sec total\n|\n|t:|1783545034\n|move|p2a: Smeargle|Spore|p1a: Scovillain\n|-status|p1a: Scovillain|slp|[from] move: Spore\n|cant|p1a: Scovillain|slp\n|\n|-heal|p1a: Scovillain|49/100 slp|[from] item: Leftovers\n|upkeep\n|turn|35\n|inactive|Time left: 300 sec this turn | 300 sec total\n|\n|t:|1783545035\n|move|p2a: Smeargle|Spore|p1a: Scovillain\n|-fail|p1a: Scovillain|slp\n|cant|p1a: Scovillain|slp\n|\n|-heal|p1a: Scovillain|55/100 slp|[from] item: Leftovers\n|upkeep\n|turn|36\n|inactive|Time left: 300 sec this turn | 300 sec total\n|\n|t:|1783545037\n|move|p2a: Smeargle|Sticky Web|p1a: Scovillain\n|-sidestart|p1: p0x45001eb|move: Sticky Web\n|-curestatus|p1a: Scovillain|slp|[msg]\n|move|p1a: Scovillain|Flamethrower|p2a: Smeargle\n|-damage|p2a: Smeargle|0 fnt\n|faint|p2a: Smeargle\n|\n|win|p0x45001eb", "uploadtime": 1783545037, "views": 0, "rating": 0, "private": 0, "password": null, "_winner": "p0x45001eb", "_our_name": "p0y4509623"}