{"id": "battle-gen9randombattle-1448", "formatid": "gen9randombattle", "format": "[Gen 9] Random Battle", "players": ["p0x14484fb8", "p0y144851ee"], "log": "|init|battle\n|title|p0x14484fb8 vs. p0y144851ee\n|j|\u2606p0x14484fb8\n|j|\u2606p0y144851ee\n|t:|1783556868\n|gametype|singles\n|player|p1|p0x14484fb8|266|\n|player|p2|p0y144851ee|169|\n|gen|9\n|tier|[Gen 9] Random Battle\n|rule|Species Clause: Limit one of each Pok\u00e9mon\n|rule|HP Percentage Mod: HP is shown in percentages\n|rule|Sleep Clause Mod: Limit one foe put to sleep\n|rule|Illusion Level Mod: Illusion disguises the Pok\u00e9mon's true level\n|\n|t:|1783556868\n|teamsize|p1|6\n|teamsize|p2|6\n|start\n|switch|p1a: Qwilfish|Qwilfish-Hisui, L83, M|244/244\n|switch|p2a: Vespiquen|Vespiquen, L99, F|100/100\n|-ability|p1a: Qwilfish|Intimidate|boost\n|-unboost|p2a: Vespiquen|atk|1\n|-ability|p2a: Vespiquen|Pressure\n|turn|1\n|inactive|Battle timer is ON: inactive players will automatically lose when time's up. (requested by p0x14484fb8)\n|\n|t:|1783556869\n|move|p1a: Qwilfish|Spikes|p2a: Vespiquen\n|-sidestart|p2: p0y144851ee|Spikes\n|move|p2a: Vespiquen|Spikes|p1a: Qwilfish\n|-sidestart|p1: p0x14484fb8|Spikes\n|\n|upkeep\n|turn|2\n|inactive|Time left: 300 sec this turn | 300 sec total\n|inactive|p0y144851ee also wants the timer to be on.\n|\n|t:|1783556870\n|move|p1a: Qwilfish|Spikes|p2a: Vespiquen\n|-sidestart|p2: p0y144851ee|Spikes\n|move|p2a: Vespiquen|Spikes|p1a: Qwilfish\n|-sidestart|p1: p0x14484fb8|Spikes\n|\n|upkeep\n|turn|3\n|inactive|Time left: 300 sec this turn | 300 sec total\n|\n|t:|1783556871\n|move|p1a: Qwilfish|Gunk Shot|p2a: Vespiquen\n|-damage|p2a: Vespiquen|66/100\n|move|p2a: Vespiquen|Hurricane|p1a: Qwilfish|[miss]\n|-miss|p2a: Vespiquen|p1a: Qwilfish\n|\n|upkeep\n|turn|4\n|inactive|Time left: 300 sec this turn | 300 sec total\n|\n|t:|1783556872\n|move|p1a: Qwilfish|Crunch|p2a: Vespiquen\n|-damage|p2a: Vespiquen|46/100\n|move|p2a: Vespiquen|Hurricane|p1a: Qwilfish|[miss]\n|-miss|p2a: Vespiquen|p1a: Qwilfish\n|\n|upkeep\n|turn|5\n|inactive|Time left: 300 sec this turn | 300 sec total\n|\n|t:|1783556873\n|move|p1a: Qwilfish|Gunk Shot|p2a: Vespiquen\n|-damage|p2a: Vespiquen|14/100\n|move|p2a: Vespiquen|Hurricane|p1a: Qwilfish\n|-damage|p1a: Qwilfish|114/244\n|\n|upkeep\n|turn|6\n|inactive|Time left: 300 sec this turn | 300 sec total\n|\n|t:|1783556874\n|switch|p2a: Magmortar|Magmortar, L88, F|100/100\n|move|p1a: Qwilfish|Crunch|p2a: Magmortar\n|-damage|p2a: Magmortar|68/100\n|-status|p1a: Qwilfish|brn|[from] ability: Flame Body|[of] p2a: Magmortar\n|\n|-damage|p1a: Qwilfish|99/244 brn|[from] brn\n|upkeep\n|turn|7\n|inactive|Time left: 300 sec this turn | 300 sec total\n|\n|t:|1783556876\n|move|p2a: Magmortar|Fire Blast|p1a: Qwilfish\n|-damage|p1a: Qwilfish|0 fnt\n|faint|p1a: Qwilfish\n|\n|upkeep\n|inactive|Time left: 300 sec this turn | 300 sec total | 5 sec grace\n|\n|t:|1783556877\n|switch|p1a: Espeon|Espeon, L84, M|246/246\n|-damage|p1a: Espeon|205/246|[from] Spikes\n|turn|8\n|inactive|Time left: 300 sec this turn | 300 sec total\n|\n|t:|1783556878\n|move|p1a: Espeon|Psyshock|p2a: Magmortar\n|-damage|p2a: Magmortar|6/100\n|move|p2a: Magmortar|Fire Blast|p1a: Espeon\n|-damage|p1a: Espeon|61/246\n|\n|upkeep\n|turn|9\n|inactive|Time left: 300 sec this turn | 300 sec total\n|\n|t:|1783556879\n|switch|p2a: Espathra|Espathra, L80, M|100/100\n|-damage|p2a: Espathra|84/100|[from] Spikes\n|move|p1a: Espeon|Psyshock|p2a: Espathra\n|-resisted|p2a: Espathra\n|-damage|p2a: Espathra|48/100\n|\n|-heal|p2a: Espathra|54/100|[from] item: Leftovers\n|upkeep\n|turn|10\n|inactive|Time left: 300 sec this turn | 300 sec total\n|\n|t:|1783556880\n|move|p1a: Espeon|Psyshock|p2a: Espathra\n|-resisted|p2a: Espathra\n|-damage|p2a: Espathra|19/100\n|move|p2a: Espathra|Calm Mind|p2a: Espathra\n|-boost|p2a: Espathra|spa|1\n|-boost|p2a: Espathra|spd|1\n|\n|-heal|p2a: Espathra|25/100|[from] item: Leftovers\n|-ability|p2a: Espathra|Speed Boost|boost\n|-boost|p2a: Espathra|spe|1\n|upkeep\n|turn|11\n|inactive|Time left: 300 sec this turn | 300 sec total\n|\n|t:|1783556881\n|move|p2a: Espathra|Dazzling Gleam|p1a: Espeon\n|-damage|p1a: Espeon|0 fnt\n|faint|p1a: Espeon\n|\n|-heal|p2a: Espathra|31/100|[from] item: Leftovers\n|-ability|p2a: Espathra|Speed Boost|boost\n|-boost|p2a: Espathra|spe|1\n|upkeep\n|inactive|Time left: 300 sec this turn | 300 sec total | 5 sec grace\n|\n|t:|1783556882\n|switch|p1a: Ogerpon|Ogerpon-Hearthflame, L74, F|239/239\n|-damage|p1a: Ogerpon|200/239|[from] Spikes\n|-ability|p1a: Ogerpon|Mold Breaker\n|turn|12\n|inactive|Time left: 300 sec this turn | 300 sec total\n|\n|t:|1783556884\n|move|p2a: Espathra|Protect|p2a: Espathra\n|-singleturn|p2a: Espathra|Protect\n|move|p1a: Ogerpon|Horn Leech|p2a: Espathra\n|-activate|p2a: Espathra|move: Protect\n|\n|-heal|p2a: Espathra|37/100|[from] item: Leftovers\n|-ability|p2a: Espathra|Speed Boost|boost\n|-boost|p2a: Espathra|spe|1\n|upkeep\n|turn|13\n|inactive|Time left: 300 sec this turn | 300 sec total\n|\n|t:|1783556885\n|move|p2a: Espathra|Stored Power|p1a: Ogerpon\n|-damage|p1a: Ogerpon|23/239\n|move|p1a: Ogerpon|Horn Leech|p2a: Espathra\n|-damage|p2a: Espathra|0 fnt\n|-heal|p1a: Ogerpon|74/239|[from] drain|[of] p2a: Espathra\n|faint|p2a: Espathra\n|\n|upkeep\n|\n|t:|1783556885\n|switch|p2a: Jolteon|Jolteon, L84, F|100/100\n|-damage|p2a: Jolteon|84/100|[from] Spikes\n|turn|14\n|inactive|Time left: 300 sec this turn | 300 sec total\n|\n|t:|1783556886\n|move|p2a: Jolteon|Shadow Ball|p1a: Ogerpon\n|-damage|p1a: Ogerpon|0 fnt\n|faint|p1a: Ogerpon\n|-damage|p2a: Jolteon|74/100|[from] item: Life Orb\n|\n|upkeep\n|inactive|Time left: 300 sec this turn | 300 sec total | 5 sec grace\n|\n|t:|1783556887\n|switch|p1a: Garchomp|Garchomp, L74, M|282/282\n|-damage|p1a: Garchomp|235/282|[from] Spikes\n|turn|15\n|inactive|Time left: 300 sec this turn | 300 sec total\n|\n|t:|1783556888\n|-terastallize|p2a: Jolteon|Fairy\n|-terastallize|p1a: Garchomp|Ground\n|move|p2a: Jolteon|Alluring Voice|p1a: Garchomp\n|-damage|p1a: Garchomp|101/282\n|-damage|p2a: Jolteon|64/100|[from] item: Life Orb\n|move|p1a: Garchomp|Earthquake|p2a: Jolteon\n|-crit|p2a: Jolteon\n|-damage|p2a: Jolteon|0 fnt\n|faint|p2a: Jolteon\n|\n|upkeep\n|\n|t:|1783556889\n|switch|p2a: Zapdos|Zapdos, L78|100/100\n|turn|16\n|inactive|Time left: 300 sec this turn | 300 sec total\n|\n|t:|1783556890\n|move|p2a: Zapdos|Hurricane|p1a: Garchomp\n|-damage|p1a: Garchomp|0 fnt\n|faint|p1a: Garchomp\n|\n|upkeep\n|inactive|Time left: 300 sec this turn | 300 sec total | 5 sec grace\n|\n|t:|1783556891\n|switch|p1a: Walking Wake|Walking Wake, L79|286/286\n|-damage|p1a: Walking Wake|239/286|[from] Spikes\n|turn|17\n|inactive|Time left: 300 sec this turn | 300 sec total\n|\n|t:|1783556892\n|move|p1a: Walking Wake|Hydro Pump|p2a: Zapdos\n|-damage|p2a: Zapdos|20/100\n|move|p2a: Zapdos|Discharge|p1a: Walking Wake\n|-damage|p1a: Walking Wake|143/286\n|\n|upkeep\n|turn|18\n|inactive|Time left: 300 sec this turn | 300 sec total\n|\n|t:|1783556893\n|move|p1a: Walking Wake|Hydro Pump|p2a: Zapdos|[miss]\n|-miss|p1a: Walking Wake|p2a: Zapdos\n|move|p2a: Zapdos|Hurricane|p1a: Walking Wake\n|-damage|p1a: Walking Wake|5/286\n|-start|p1a: Walking Wake|confusion\n|\n|upkeep\n|turn|19\n|inactive|Time left: 300 sec this turn | 300 sec total\n|\n|t:|1783556894\n|-activate|p1a: Walking Wake|confusion\n|-damage|p1a: Walking Wake|0 fnt|[from] confusion\n|faint|p1a: Walking Wake\n|-end|p1a: Walking Wake|Protosynthesis|[silent]\n|move|p2a: Zapdos|Roost|p2a: Zapdos\n|-heal|p2a: Zapdos|70/100\n|-singleturn|p2a: Zapdos|move: Roost\n|\n|upkeep\n|inactive|Time left: 300 sec this turn | 300 sec total | 5 sec grace\n|\n|t:|1783556895\n|switch|p1a: Quaquaval|Quaquaval, L79, F|264/264\n|-damage|p1a: Quaquaval|220/264|[from] Spikes\n|turn|20\n|inactive|Time left: 300 sec this turn | 300 sec total\n|\n|t:|1783556896\n|move|p2a: Zapdos|Discharge|p1a: Quaquaval\n|-supereffective|p1a: Quaquaval\n|-crit|p1a: Quaquaval\n|-damage|p1a: Quaquaval|0 fnt\n|faint|p1a: Quaquaval\n|\n|win|p0y144851ee", "uploadtime": 1783556896, "views": 0, "rating": 0, "private": 0, "password": null, "_winner": "p0y144851ee", "_our_name": "p0x14484fb8"}