{"id": "battle-gen9randombattle-137", "formatid": "gen9randombattle", "format": "[Gen 9] Random Battle", "players": ["p0x13780ef", "p0y137e7f8"], "log": "|init|battle\n|title|p0x13780ef vs. p0y137e7f8\n|j|\u2606p0x13780ef\n|j|\u2606p0y137e7f8\n|t:|1783534832\n|gametype|singles\n|player|p1|p0x13780ef|102|\n|player|p2|p0y137e7f8|1|\n|gen|9\n|tier|[Gen 9] Random Battle\n|rule|Species Clause: Limit one of each Pok\u00e9mon\n|rule|HP Percentage Mod: HP is shown in percentages\n|rule|Sleep Clause Mod: Limit one foe put to sleep\n|rule|Illusion Level Mod: Illusion disguises the Pok\u00e9mon's true level\n|\n|t:|1783534832\n|teamsize|p1|6\n|teamsize|p2|6\n|start\n|switch|p1a: Gogoat|Gogoat, L88, M|360/360\n|switch|p2a: Frosmoth|Frosmoth, L82, M|100/100\n|turn|1\n|inactive|Battle timer is ON: inactive players will automatically lose when time's up. (requested by p0y137e7f8)\n|inactive|Time left: 300 sec this turn | 300 sec total | 60 sec grace\n|inactive|p0x13780ef also wants the timer to be on.\n|\n|t:|1783534833\n|move|p1a: Gogoat|Horn Leech|p2a: Frosmoth\n|-resisted|p2a: Frosmoth\n|-damage|p2a: Frosmoth|76/100\n|move|p2a: Frosmoth|Quiver Dance|p2a: Frosmoth\n|-boost|p2a: Frosmoth|spa|1\n|-boost|p2a: Frosmoth|spd|1\n|-boost|p2a: Frosmoth|spe|1\n|\n|upkeep\n|turn|2\n|inactive|Time left: 300 sec this turn | 300 sec total\n|\n|t:|1783534835\n|move|p2a: Frosmoth|Ice Beam|p1a: Gogoat\n|-supereffective|p1a: Gogoat\n|-damage|p1a: Gogoat|28/360\n|move|p1a: Gogoat|Horn Leech|p2a: Frosmoth\n|-resisted|p2a: Frosmoth\n|-damage|p2a: Frosmoth|50/100\n|-heal|p1a: Gogoat|61/360|[from] drain|[of] p2a: Frosmoth\n|\n|-heal|p1a: Gogoat|83/360|[from] item: Leftovers\n|upkeep\n|turn|3\n|inactive|Time left: 300 sec this turn | 300 sec total\n|\n|t:|1783534836\n|move|p2a: Frosmoth|Ice Beam|p1a: Gogoat\n|-supereffective|p1a: Gogoat\n|-damage|p1a: Gogoat|0 fnt\n|faint|p1a: Gogoat\n|\n|upkeep\n|inactive|Time left: 300 sec this turn | 300 sec total | 5 sec grace\n|\n|t:|1783534837\n|switch|p1a: Lokix|Lokix, L82, F|251/251\n|turn|4\n|inactive|Time left: 300 sec this turn | 300 sec total\n|\n|t:|1783534838\n|move|p1a: Lokix|Sucker Punch|p2a: Frosmoth\n|-damage|p2a: Frosmoth|0 fnt\n|faint|p2a: Frosmoth\n|-damage|p1a: Lokix|226/251|[from] item: Life Orb\n|\n|upkeep\n|\n|t:|1783534839\n|switch|p2a: Arceus|Arceus-Rock, L74|100/100\n|turn|5\n|inactive|Time left: 300 sec this turn | 300 sec total\n|\n|t:|1783534840\n|switch|p1a: Kommo-o|Kommo-o, L77, F|242/242\n|move|p2a: Arceus|Judgment|p1a: Kommo-o\n|-resisted|p1a: Kommo-o\n|-damage|p1a: Kommo-o|188/242\n|\n|upkeep\n|turn|6\n|inactive|Time left: 300 sec this turn | 300 sec total\n|\n|t:|1783534842\n|move|p2a: Arceus|Judgment|p1a: Kommo-o\n|-resisted|p1a: Kommo-o\n|-damage|p1a: Kommo-o|131/242\n|move|p1a: Kommo-o|Swords Dance|p1a: Kommo-o\n|-boost|p1a: Kommo-o|atk|2\n|\n|upkeep\n|turn|7\n|inactive|Time left: 300 sec this turn | 300 sec total\n|\n|t:|1783534843\n|-terastallize|p2a: Arceus|Ground\n|move|p2a: Arceus|Earth Power|p1a: Kommo-o\n|-damage|p1a: Kommo-o|55/242\n|move|p1a: Kommo-o|Scale Shot|p2a: Arceus|[miss]\n|-miss|p1a: Kommo-o|p2a: Arceus\n|\n|upkeep\n|turn|8\n|inactive|Time left: 300 sec this turn | 300 sec total\n|\n|t:|1783534844\n|move|p2a: Arceus|Earth Power|p1a: Kommo-o\n|-damage|p1a: Kommo-o|0 fnt\n|faint|p1a: Kommo-o\n|\n|upkeep\n|inactive|Time left: 300 sec this turn | 300 sec total | 5 sec grace\n|\n|t:|1783534845\n|switch|p1a: Polteageist|Polteageist-Antique, L78|222/222\n|turn|9\n|inactive|Time left: 300 sec this turn | 300 sec total\n|\n|t:|1783534846\n|move|p2a: Arceus|Calm Mind|p2a: Arceus\n|-boost|p2a: Arceus|spa|1\n|-boost|p2a: Arceus|spd|1\n|move|p1a: Polteageist|Shell Smash|p1a: Polteageist\n|-unboost|p1a: Polteageist|def|1\n|-unboost|p1a: Polteageist|spd|1\n|-boost|p1a: Polteageist|atk|2\n|-boost|p1a: Polteageist|spa|2\n|-boost|p1a: Polteageist|spe|2\n|-enditem|p1a: Polteageist|White Herb\n|-clearnegativeboost|p1a: Polteageist|[silent]\n|\n|upkeep\n|turn|10\n|inactive|Time left: 300 sec this turn | 300 sec total\n|\n|t:|1783534847\n|move|p1a: Polteageist|Stored Power|p2a: Arceus\n|-damage|p2a: Arceus|57/100\n|move|p2a: Arceus|Judgment|p1a: Polteageist\n|-crit|p1a: Polteageist\n|-damage|p1a: Polteageist|0 fnt\n|-start|p2a: Arceus|Disable|Judgment|[from] ability: Cursed Body|[of] p1a: Polteageist\n|faint|p1a: Polteageist\n|\n|upkeep\n|inactive|Time left: 300 sec this turn | 300 sec total | 5 sec grace\n|\n|t:|1783534848\n|switch|p1a: Maushold|Maushold, L76|238/238\n|turn|11\n|inactive|Time left: 300 sec this turn | 300 sec total\n|\n|t:|1783534849\n|move|p2a: Arceus|Earth Power|p1a: Maushold\n|-damage|p1a: Maushold|75/238\n|move|p1a: Maushold|Population Bomb|p2a: Arceus\n|-damage|p2a: Arceus|49/100\n|-damage|p2a: Arceus|42/100\n|-damage|p2a: Arceus|35/100\n|-damage|p2a: Arceus|29/100\n|-damage|p2a: Arceus|22/100\n|-damage|p2a: Arceus|15/100\n|-damage|p2a: Arceus|9/100\n|-damage|p2a: Arceus|1/100\n|-damage|p2a: Arceus|0 fnt\n|faint|p2a: Arceus\n|-hitcount|p2: Arceus|9\n|\n|upkeep\n|\n|t:|1783534851\n|switch|p2a: Zarude|Zarude-Dada, L77|100/100\n|turn|12\n|inactive|Time left: 300 sec this turn | 300 sec total\n|\n|t:|1783534852\n|move|p2a: Zarude|Knock Off|p1a: Maushold\n|-damage|p1a: Maushold|0 fnt\n|-enditem|p1a: Maushold|Wide Lens|[from] move: Knock Off|[of] p2a: Zarude\n|faint|p1a: Maushold\n|\n|upkeep\n|inactive|Time left: 300 sec this turn | 300 sec total | 5 sec grace\n|\n|t:|1783534853\n|switch|p1a: Lokix|Lokix, L82, F|226/251\n|turn|13\n|inactive|Time left: 300 sec this turn | 300 sec total\n|\n|t:|1783534854\n|switch|p2a: Golem|Golem, L87, M|100/100\n|move|p1a: Lokix|Swords Dance|p1a: Lokix\n|-boost|p1a: Lokix|atk|2\n|\n|upkeep\n|turn|14\n|inactive|Time left: 300 sec this turn | 300 sec total\n|\n|t:|1783534855\n|-terastallize|p1a: Lokix|Dark\n|move|p1a: Lokix|Leech Life|p2a: Golem\n|-damage|p2a: Golem|48/100\n|-heal|p1a: Lokix|251/251|[from] drain|[of] p2a: Golem\n|-damage|p1a: Lokix|226/251|[from] item: Life Orb\n|move|p2a: Golem|Explosion|p1a: Lokix\n|-damage|p1a: Lokix|0 fnt\n|faint|p2a: Golem\n|faint|p1a: Lokix\n|\n|upkeep\n|inactive|Time left: 300 sec this turn | 300 sec total | 5 sec grace\n|\n|t:|1783534856\n|switch|p1a: Oricorio|Oricorio, L84, M|263/263\n|switch|p2a: Pincurchin|Pincurchin, F|100/100\n|-fieldstart|move: Electric Terrain|[from] ability: Electric Surge|[of] p2a: Pincurchin\n|turn|15\n|inactive|Time left: 300 sec this turn | 300 sec total\n|\n|t:|1783534857\n|move|p1a: Oricorio|Quiver Dance|p1a: Oricorio\n|-boost|p1a: Oricorio|spa|1\n|-boost|p1a: Oricorio|spd|1\n|-boost|p1a: Oricorio|spe|1\n|move|p2a: Pincurchin|Zing Zap|p1a: Oricorio\n|-supereffective|p1a: Oricorio\n|-damage|p1a: Oricorio|0 fnt\n|faint|p1a: Oricorio\n|\n|win|p0y137e7f8", "uploadtime": 1783534857, "views": 0, "rating": 0, "private": 0, "password": null, "_winner": "p0y137e7f8", "_our_name": "p0x13780ef"}