{"id": "battle-gen9randombattle-1703", "formatid": "gen9randombattle", "format": "[Gen 9] Random Battle", "players": ["p0x17042177", "p0y17041472"], "log": "|init|battle\n|title|p0x17042177 vs. p0y17041472\n|j|\u2606p0x17042177\n|j|\u2606p0y17041472\n|t:|1783559755\n|gametype|singles\n|player|p1|p0x17042177|266|\n|player|p2|p0y17041472|265|\n|gen|9\n|tier|[Gen 9] Random Battle\n|rule|Species Clause: Limit one of each Pok\u00e9mon\n|rule|HP Percentage Mod: HP is shown in percentages\n|rule|Sleep Clause Mod: Limit one foe put to sleep\n|rule|Illusion Level Mod: Illusion disguises the Pok\u00e9mon's true level\n|\n|t:|1783559755\n|teamsize|p1|6\n|teamsize|p2|6\n|start\n|switch|p1a: Sandslash|Sandslash, L89, M|100/100\n|switch|p2a: Iron Boulder|Iron Boulder, L77|265/265\n|turn|1\n|inactive|Battle timer is ON: inactive players will automatically lose when time's up. (requested by p0x17042177)\n|inactive|Time left: 300 sec this turn | 300 sec total | 60 sec grace\n|inactive|p0y17041472 also wants the timer to be on.\n|\n|t:|1783559756\n|-end|p2a: Iron Boulder|Quark Drive|[silent]\n|switch|p2a: Shaymin|Shaymin, L82|298/298\n|move|p1a: Sandslash|Earthquake|p2a: Shaymin\n|-resisted|p2a: Shaymin\n|-damage|p2a: Shaymin|245/298\n|\n|-heal|p2a: Shaymin|263/298|[from] item: Leftovers\n|upkeep\n|turn|2\n|inactive|Time left: 300 sec this turn | 300 sec total\n|\n|t:|1783559757\n|switch|p1a: Glastrier|Glastrier, L86|100/100\n|move|p2a: Shaymin|Seed Flare|p1a: Glastrier\n|-damage|p1a: Glastrier|66/100\n|-unboost|p1a: Glastrier|spd|2\n|\n|-heal|p2a: Shaymin|281/298|[from] item: Leftovers\n|upkeep\n|turn|3\n|inactive|Time left: 300 sec this turn | 300 sec total\n|\n|t:|1783559758\n|move|p2a: Shaymin|Seed Flare|p1a: Glastrier\n|-damage|p1a: Glastrier|0 fnt\n|faint|p1a: Glastrier\n|\n|-heal|p2a: Shaymin|298/298|[from] item: Leftovers\n|upkeep\n|\n|t:|1783559758\n|switch|p1a: Kricketune|Kricketune, L99, F|100/100\n|turn|4\n|inactive|Time left: 300 sec this turn | 300 sec total\n|\n|t:|1783559759\n|move|p2a: Shaymin|Air Slash|p1a: Kricketune\n|-supereffective|p1a: Kricketune\n|-damage|p1a: Kricketune|56/100\n|move|p1a: Kricketune|Sticky Web|p2a: Shaymin\n|-sidestart|p2: p0y17041472|move: Sticky Web\n|\n|upkeep\n|turn|5\n|inactive|Time left: 300 sec this turn | 300 sec total\n|\n|t:|1783559760\n|switch|p2a: Glimmora|Glimmora, L75, F|248/248\n|move|p1a: Kricketune|Pounce|p2a: Glimmora\n|-resisted|p2a: Glimmora\n|-damage|p2a: Glimmora|194/248\n|-unboost|p2a: Glimmora|spe|1\n|-activate|p2a: Glimmora|ability: Toxic Debris\n|-sidestart|p1: p0x17042177|move: Toxic Spikes\n|\n|upkeep\n|turn|6\n|inactive|Time left: 300 sec this turn | 300 sec total\n|\n|t:|1783559761\n|move|p1a: Kricketune|Knock Off|p2a: Glimmora\n|-damage|p2a: Glimmora|102/248\n|-activate|p2a: Glimmora|ability: Toxic Debris\n|-sidestart|p1: p0x17042177|move: Toxic Spikes\n|-enditem|p2a: Glimmora|Heavy-Duty Boots|[from] move: Knock Off|[of] p1a: Kricketune\n|move|p2a: Glimmora|Mortal Spin|p1a: Kricketune\n|-damage|p1a: Kricketune|50/100\n|-status|p1a: Kricketune|psn\n|-sideend|p2: p0y17041472|Sticky Web|[from] move: Mortal Spin|[of] p2a: Glimmora\n|\n|-damage|p1a: Kricketune|37/100 psn|[from] psn\n|upkeep\n|turn|7\n|inactive|Time left: 300 sec this turn | 300 sec total\n|\n|t:|1783559762\n|move|p1a: Kricketune|Sticky Web|p2a: Glimmora\n|-sidestart|p2: p0y17041472|move: Sticky Web\n|move|p2a: Glimmora|Mortal Spin|p1a: Kricketune\n|-damage|p1a: Kricketune|29/100 psn\n|-sideend|p2: p0y17041472|Sticky Web|[from] move: Mortal Spin|[of] p2a: Glimmora\n|\n|-damage|p1a: Kricketune|17/100 psn|[from] psn\n|upkeep\n|turn|8\n|inactive|Time left: 300 sec this turn | 300 sec total\n|\n|t:|1783559763\n|move|p1a: Kricketune|Sticky Web|p2a: Glimmora\n|-sidestart|p2: p0y17041472|move: Sticky Web\n|move|p2a: Glimmora|Mortal Spin|p1a: Kricketune\n|-damage|p1a: Kricketune|10/100 psn\n|-sideend|p2: p0y17041472|Sticky Web|[from] move: Mortal Spin|[of] p2a: Glimmora\n|\n|-damage|p1a: Kricketune|0 fnt|[from] psn\n|faint|p1a: Kricketune\n|upkeep\n|\n|t:|1783559764\n|switch|p1a: Frosmoth|Frosmoth, L82, M|100/100\n|turn|9\n|inactive|Time left: 300 sec this turn | 300 sec total\n|\n|t:|1783559765\n|switch|p2a: Iron Boulder|Iron Boulder, L77|265/265\n|move|p1a: Frosmoth|Quiver Dance|p1a: Frosmoth\n|-boost|p1a: Frosmoth|spa|1\n|-boost|p1a: Frosmoth|spd|1\n|-boost|p1a: Frosmoth|spe|1\n|\n|upkeep\n|turn|10\n|inactive|Time left: 300 sec this turn | 300 sec total\n|\n|t:|1783559767\n|-terastallize|p2a: Iron Boulder|Fighting\n|-terastallize|p1a: Frosmoth|Water\n|move|p2a: Iron Boulder|Mighty Cleave|p1a: Frosmoth\n|-damage|p1a: Frosmoth|25/100\n|-damage|p2a: Iron Boulder|239/265|[from] item: Life Orb\n|move|p1a: Frosmoth|Bug Buzz|p2a: Iron Boulder\n|-resisted|p2a: Iron Boulder\n|-damage|p2a: Iron Boulder|161/265\n|\n|upkeep\n|turn|11\n|inactive|Time left: 300 sec this turn | 300 sec total\n|\n|t:|1783559768\n|switch|p1a: Cresselia|Cresselia, L80, F|100/100\n|move|p2a: Iron Boulder|Mighty Cleave|p1a: Cresselia\n|-damage|p1a: Cresselia|64/100\n|-damage|p2a: Iron Boulder|135/265|[from] item: Life Orb\n|\n|-heal|p1a: Cresselia|70/100|[from] item: Leftovers\n|upkeep\n|turn|12\n|inactive|Time left: 300 sec this turn | 300 sec total\n|\n|t:|1783559769\n|-end|p2a: Iron Boulder|Quark Drive|[silent]\n|switch|p2a: Volbeat|Volbeat, L90, M|263/263\n|move|p1a: Cresselia|Calm Mind|p1a: Cresselia\n|-boost|p1a: Cresselia|spa|1\n|-boost|p1a: Cresselia|spd|1\n|\n|-heal|p1a: Cresselia|77/100|[from] item: Leftovers\n|upkeep\n|turn|13\n|inactive|Time left: 300 sec this turn | 300 sec total\n|\n|t:|1783559770\n|move|p2a: Volbeat|Lunge|p1a: Cresselia\n|-supereffective|p1a: Cresselia\n|-damage|p1a: Cresselia|33/100\n|-unboost|p1a: Cresselia|atk|1\n|move|p1a: Cresselia|Psyshock|p2a: Volbeat\n|-damage|p2a: Volbeat|167/263\n|\n|-heal|p1a: Cresselia|40/100|[from] item: Leftovers\n|upkeep\n|turn|14\n|inactive|Time left: 300 sec this turn | 300 sec total\n|\n|t:|1783559771\n|move|p2a: Volbeat|Lunge|p1a: Cresselia\n|-supereffective|p1a: Cresselia\n|-damage|p1a: Cresselia|0 fnt\n|faint|p1a: Cresselia\n|\n|upkeep\n|\n|t:|1783559772\n|switch|p1a: Sandslash|Sandslash, L89, M|100/100\n|-status|p1a: Sandslash|tox\n|turn|15\n|inactive|Time left: 300 sec this turn | 300 sec total\n|\n|t:|1783559773\n|move|p2a: Volbeat|Lunge|p1a: Sandslash\n|-damage|p1a: Sandslash|77/100 tox\n|-unboost|p1a: Sandslash|atk|1\n|move|p1a: Sandslash|Rapid Spin|p2a: Volbeat\n|-damage|p2a: Volbeat|140/263\n|-boost|p1a: Sandslash|spe|1\n|-sideend|p1: p0x17042177|Toxic Spikes|[from] move: Rapid Spin|[of] p1a: Sandslash\n|\n|-heal|p1a: Sandslash|84/100 tox|[from] item: Leftovers\n|-damage|p1a: Sandslash|77/100 tox|[from] psn\n|upkeep\n|turn|16\n|inactive|Time left: 300 sec this turn | 300 sec total\n|\n|t:|1783559774\n|move|p2a: Volbeat|Roost|p2a: Volbeat\n|-heal|p2a: Volbeat|263/263\n|-singleturn|p2a: Volbeat|move: Roost\n|move|p1a: Sandslash|Spikes|p2a: Volbeat\n|-sidestart|p2: p0y17041472|Spikes\n|\n|-heal|p1a: Sandslash|84/100 tox|[from] item: Leftovers\n|-damage|p1a: Sandslash|71/100 tox|[from] psn\n|upkeep\n|turn|17\n|inactive|Time left: 300 sec this turn | 300 sec total\n|\n|t:|1783559775\n|move|p1a: Sandslash|Spikes|p2a: Volbeat\n|-sidestart|p2: p0y17041472|Spikes\n|move|p2a: Volbeat|Lunge|p1a: Sandslash\n|-damage|p1a: Sandslash|50/100 tox\n|-unboost|p1a: Sandslash|atk|1\n|\n|-heal|p1a: Sandslash|57/100 tox|[from] item: Leftovers\n|-damage|p1a: Sandslash|38/100 tox|[from] psn\n|upkeep\n|turn|18\n|inactive|Time left: 300 sec this turn | 300 sec total\n|\n|t:|1783559776\n|move|p1a: Sandslash|Stone Edge|p2a: Volbeat\n|-supereffective|p2a: Volbeat\n|-damage|p2a: Volbeat|171/263\n|move|p2a: Volbeat|Lunge|p1a: Sandslash\n|-damage|p1a: Sandslash|16/100 tox\n|-unboost|p1a: Sandslash|atk|1\n|\n|-heal|p1a: Sandslash|22/100 tox|[from] item: Leftovers\n|-damage|p1a: Sandslash|0 fnt|[from] psn\n|faint|p1a: Sandslash\n|upkeep\n|\n|t:|1783559777\n|switch|p1a: Pawmot|Pawmot, L80, M|100/100\n|turn|19\n|inactive|Time left: 300 sec this turn | 300 sec total\n|\n|t:|1783559778\n|move|p2a: Volbeat|Roost|p2a: Volbeat\n|-heal|p2a: Volbeat|263/263\n|-singleturn|p2a: Volbeat|move: Roost\n|move|p1a: Pawmot|Double Shock|p2a: Volbeat\n|-crit|p2a: Volbeat\n|-damage|p2a: Volbeat|0 fnt\n|-start|p1a: Pawmot|typechange|???/Fighting|[from] move: Double Shock\n|faint|p2a: Volbeat\n|-damage|p1a: Pawmot|91/100|[from] item: Life Orb\n|\n|upkeep\n|inactive|Time left: 300 sec this turn | 300 sec total | 5 sec grace\n|\n|t:|1783559779\n|switch|p2a: Iron Boulder|Iron Boulder, L77, tera:Fighting|135/265\n|-damage|p2a: Iron Boulder|91/265|[from] Spikes\n|turn|20\n|inactive|Time left: 300 sec this turn | 300 sec total\n|\n|t:|1783559780\n|switch|p1a: Frosmoth|Frosmoth, L82, M, tera:Water|25/100\n|move|p2a: Iron Boulder|Zen Headbutt|p1a: Frosmoth\n|-damage|p1a: Frosmoth|0 fnt\n|faint|p1a: Frosmoth\n|-damage|p2a: Iron Boulder|65/265|[from] item: Life Orb\n|\n|upkeep\n|\n|t:|1783559780\n|switch|p1a: Pawmot|Pawmot, L80, M|91/100\n|turn|21\n|inactive|Time left: 300 sec this turn | 300 sec total\n|\n|t:|1783559781\n|move|p2a: Iron Boulder|Close Combat|p1a: Pawmot\n|-damage|p1a: Pawmot|9/100\n|-unboost|p2a: Iron Boulder|def|1\n|-unboost|p2a: Iron Boulder|spd|1\n|-damage|p2a: Iron Boulder|39/265|[from] item: Life Orb\n|move|p1a: Pawmot|Double Shock|p2a: Iron Boulder\n|-damage|p2a: Iron Boulder|0 fnt\n|-start|p1a: Pawmot|typechange|???/Fighting|[from] move: Double Shock\n|faint|p2a: Iron Boulder\n|-end|p2a: Iron Boulder|Quark Drive|[silent]\n|-damage|p1a: Pawmot|0 fnt|[from] item: Life Orb\n|faint|p1a: Pawmot\n|\n|win|p0y17041472", "uploadtime": 1783559781, "views": 0, "rating": 0, "private": 0, "password": null, "_winner": "p0y17041472", "_our_name": "p0y17041472"}