{"id": "battle-gen9randombattle-1294", "formatid": "gen9randombattle", "format": "[Gen 9] Random Battle", "players": ["p0x12948e29", "p0y12946087"], "log": "|init|battle\n|title|p0x12948e29 vs. p0y12946087\n|j|\u2606p0x12948e29\n|j|\u2606p0y12946087\n|t:|1783554144\n|gametype|singles\n|player|p1|p0x12948e29|2|\n|player|p2|p0y12946087|2|\n|gen|9\n|tier|[Gen 9] Random Battle\n|rule|Species Clause: Limit one of each Pok\u00e9mon\n|rule|HP Percentage Mod: HP is shown in percentages\n|rule|Sleep Clause Mod: Limit one foe put to sleep\n|rule|Illusion Level Mod: Illusion disguises the Pok\u00e9mon's true level\n|\n|t:|1783554144\n|teamsize|p1|6\n|teamsize|p2|6\n|start\n|switch|p1a: Salamence|Salamence, L77, F|273/273\n|switch|p2a: Regidrago|Regidrago, L77|100/100\n|-ability|p1a: Salamence|Intimidate|boost\n|-unboost|p2a: Regidrago|atk|1\n|turn|1\n|inactive|Battle timer is ON: inactive players will automatically lose when time's up. (requested by p0x12948e29)\n|inactive|p0y12946087 also wants the timer to be on.\n|\n|t:|1783554146\n|switch|p2a: Porygon2|Porygon2, L81|100/100\n|-ability|p2a: Porygon2|Download|boost\n|-boost|p2a: Porygon2|spa|1\n|-terastallize|p1a: Salamence|Steel\n|move|p1a: Salamence|Outrage|p2a: Porygon2\n|-damage|p2a: Porygon2|68/100\n|\n|upkeep\n|turn|2\n|inactive|Time left: 300 sec this turn | 300 sec total\n|\n|t:|1783554147\n|move|p1a: Salamence|Outrage|p2a: Porygon2|[from] lockedmove\n|-damage|p2a: Porygon2|32/100\n|-start|p1a: Salamence|confusion|[fatigue]\n|move|p2a: Porygon2|Recover|p2a: Porygon2\n|-heal|p2a: Porygon2|82/100\n|\n|upkeep\n|turn|3\n|inactive|Time left: 300 sec this turn | 300 sec total\n|\n|t:|1783554148\n|-activate|p1a: Salamence|confusion\n|-damage|p1a: Salamence|239/273|[from] confusion\n|move|p2a: Porygon2|Tri Attack|p1a: Salamence\n|-resisted|p1a: Salamence\n|-damage|p1a: Salamence|159/273\n|\n|upkeep\n|turn|4\n|inactive|Time left: 300 sec this turn | 300 sec total\n|\n|t:|1783554149\n|switch|p1a: Jolteon|Jolteon, L84, F|246/246\n|move|p2a: Porygon2|Discharge|p1a: Jolteon\n|-immune|p1a: Jolteon|[from] ability: Volt Absorb\n|\n|upkeep\n|turn|5\n|inactive|Time left: 300 sec this turn | 300 sec total\n|\n|t:|1783554151\n|move|p1a: Jolteon|Calm Mind|p1a: Jolteon\n|-boost|p1a: Jolteon|spa|1\n|-boost|p1a: Jolteon|spd|1\n|move|p2a: Porygon2|Tri Attack|p1a: Jolteon\n|-damage|p1a: Jolteon|173/246\n|\n|upkeep\n|turn|6\n|inactive|Time left: 300 sec this turn | 300 sec total\n|\n|t:|1783554152\n|move|p1a: Jolteon|Calm Mind|p1a: Jolteon\n|-boost|p1a: Jolteon|spa|1\n|-boost|p1a: Jolteon|spd|1\n|move|p2a: Porygon2|Tri Attack|p1a: Jolteon\n|-damage|p1a: Jolteon|107/246\n|\n|upkeep\n|turn|7\n|inactive|Time left: 300 sec this turn | 300 sec total\n|\n|t:|1783554153\n|move|p1a: Jolteon|Thunderbolt|p2a: Porygon2\n|-damage|p2a: Porygon2|35/100\n|move|p2a: Porygon2|Tri Attack|p1a: Jolteon\n|-damage|p1a: Jolteon|49/246\n|\n|upkeep\n|turn|8\n|inactive|Time left: 300 sec this turn | 300 sec total\n|\n|t:|1783554154\n|switch|p2a: Dipplin|Dipplin, L88, F|100/100\n|move|p1a: Jolteon|Thunderbolt|p2a: Dipplin\n|-resisted|p2a: Dipplin\n|-damage|p2a: Dipplin|89/100\n|\n|upkeep\n|turn|9\n|inactive|Time left: 300 sec this turn | 300 sec total\n|\n|t:|1783554155\n|move|p1a: Jolteon|Alluring Voice|p2a: Dipplin\n|-supereffective|p2a: Dipplin\n|-damage|p2a: Dipplin|29/100\n|move|p2a: Dipplin|Dragon Tail|p1a: Jolteon\n|-damage|p1a: Jolteon|0 fnt\n|faint|p1a: Jolteon\n|\n|upkeep\n|inactive|Time left: 300 sec this turn | 300 sec total | 5 sec grace\n|\n|t:|1783554156\n|switch|p1a: Salamence|Salamence, L77, F, tera:Steel|159/273\n|-ability|p1a: Salamence|Intimidate|boost\n|-unboost|p2a: Dipplin|atk|1\n|turn|10\n|inactive|Time left: 300 sec this turn | 300 sec total\n|\n|t:|1783554157\n|switch|p2a: Passimian|Passimian, L83, M|100/100\n|move|p1a: Salamence|Outrage|p2a: Passimian\n|-damage|p2a: Passimian|55/100\n|\n|-heal|p2a: Passimian|61/100|[from] item: Leftovers\n|upkeep\n|turn|11\n|inactive|Time left: 300 sec this turn | 300 sec total\n|\n|t:|1783554158\n|move|p1a: Salamence|Outrage|p2a: Passimian|[from] lockedmove\n|-damage|p2a: Passimian|15/100\n|-start|p1a: Salamence|confusion|[fatigue]\n|move|p2a: Passimian|Drain Punch|p1a: Salamence\n|-supereffective|p1a: Salamence\n|-damage|p1a: Salamence|0 fnt\n|-heal|p2a: Passimian|42/100|[from] drain|[of] p1a: Salamence\n|faint|p1a: Salamence\n|\n|-heal|p2a: Passimian|48/100|[from] item: Leftovers\n|upkeep\n|inactive|Time left: 300 sec this turn | 300 sec total | 5 sec grace\n|\n|t:|1783554159\n|switch|p1a: Thundurus|Thundurus-Therian, L80, M|258/258\n|turn|12\n|inactive|Time left: 300 sec this turn | 300 sec total\n|\n|t:|1783554160\n|switch|p2a: Dipplin|Dipplin, L88, F|29/100\n|move|p1a: Thundurus|Thunderbolt|p2a: Dipplin\n|-resisted|p2a: Dipplin\n|-damage|p2a: Dipplin|22/100\n|\n|upkeep\n|turn|13\n|inactive|Time left: 300 sec this turn | 300 sec total\n|\n|t:|1783554162\n|move|p1a: Thundurus|Focus Blast|p2a: Dipplin\n|-damage|p2a: Dipplin|0 fnt\n|faint|p2a: Dipplin\n|\n|upkeep\n|\n|t:|1783554162\n|switch|p2a: Regidrago|Regidrago, L77|100/100\n|turn|14\n|inactive|Time left: 300 sec this turn | 300 sec total\n|\n|t:|1783554163\n|move|p1a: Thundurus|Tera Blast|p2a: Regidrago\n|-damage|p2a: Regidrago|76/100\n|move|p2a: Regidrago|Dragon Dance|p2a: Regidrago\n|-boost|p2a: Regidrago|atk|1\n|-boost|p2a: Regidrago|spe|1\n|\n|upkeep\n|turn|15\n|inactive|Time left: 300 sec this turn | 300 sec total\n|\n|t:|1783554165\n|move|p2a: Regidrago|Dragon Claw|p1a: Thundurus\n|-damage|p1a: Thundurus|1/258\n|-damage|p2a: Regidrago|66/100|[from] item: Life Orb\n|move|p1a: Thundurus|Nasty Plot|p1a: Thundurus\n|-boost|p1a: Thundurus|spa|2\n|\n|upkeep\n|turn|16\n|inactive|Time left: 300 sec this turn | 300 sec total\n|\n|t:|1783554166\n|move|p2a: Regidrago|Dragon Claw|p1a: Thundurus\n|-damage|p1a: Thundurus|0 fnt\n|faint|p1a: Thundurus\n|-damage|p2a: Regidrago|56/100|[from] item: Life Orb\n|\n|upkeep\n|inactive|Time left: 300 sec this turn | 300 sec total | 5 sec grace\n|\n|t:|1783554167\n|switch|p1a: Gumshoos|Gumshoos, L95, F|321/321\n|turn|17\n|inactive|Time left: 300 sec this turn | 300 sec total\n|\n|t:|1783554168\n|move|p2a: Regidrago|Dragon Claw|p1a: Gumshoos\n|-damage|p1a: Gumshoos|58/321\n|-damage|p2a: Regidrago|46/100|[from] item: Life Orb\n|move|p1a: Gumshoos|Earthquake|p2a: Regidrago\n|-crit|p2a: Regidrago\n|-damage|p2a: Regidrago|0 fnt\n|faint|p2a: Regidrago\n|\n|upkeep\n|\n|t:|1783554169\n|switch|p2a: Porygon2|Porygon2, L81|35/100\n|-ability|p2a: Porygon2|Download|boost\n|-boost|p2a: Porygon2|spa|1\n|turn|18\n|inactive|Time left: 300 sec this turn | 300 sec total\n|\n|t:|1783554170\n|move|p2a: Porygon2|Recover|p2a: Porygon2\n|-heal|p2a: Porygon2|85/100\n|move|p1a: Gumshoos|Earthquake|p2a: Porygon2\n|-damage|p2a: Porygon2|47/100\n|\n|upkeep\n|turn|19\n|inactive|Time left: 300 sec this turn | 300 sec total\n|\n|t:|1783554171\n|switch|p1a: Clodsire|Clodsire, L81, F|343/343\n|move|p2a: Porygon2|Discharge|p1a: Clodsire\n|-immune|p1a: Clodsire\n|\n|upkeep\n|turn|20\n|inactive|Time left: 300 sec this turn | 300 sec total\n|\n|t:|1783554172\n|move|p2a: Porygon2|Recover|p2a: Porygon2\n|-heal|p2a: Porygon2|97/100\n|move|p1a: Clodsire|Poison Jab|p2a: Porygon2\n|-damage|p2a: Porygon2|79/100\n|\n|upkeep\n|turn|21\n|inactive|Time left: 300 sec this turn | 300 sec total\n|\n|t:|1783554174\n|move|p2a: Porygon2|Ice Beam|p1a: Clodsire\n|-supereffective|p1a: Clodsire\n|-damage|p1a: Clodsire|175/343\n|-status|p1a: Clodsire|frz\n|cant|p1a: Clodsire|frz\n|\n|-heal|p1a: Clodsire|196/343 frz|[from] item: Leftovers\n|upkeep\n|turn|22\n|inactive|Time left: 300 sec this turn | 300 sec total\n|\n|t:|1783554175\n|move|p2a: Porygon2|Ice Beam|p1a: Clodsire\n|-supereffective|p1a: Clodsire\n|-damage|p1a: Clodsire|30/343 frz\n|cant|p1a: Clodsire|frz\n|\n|-heal|p1a: Clodsire|51/343 frz|[from] item: Leftovers\n|upkeep\n|turn|23\n|inactive|Time left: 300 sec this turn | 300 sec total\n|\n|t:|1783554176\n|move|p2a: Porygon2|Ice Beam|p1a: Clodsire\n|-supereffective|p1a: Clodsire\n|-damage|p1a: Clodsire|0 fnt\n|faint|p1a: Clodsire\n|\n|upkeep\n|inactive|Time left: 300 sec this turn | 300 sec total | 5 sec grace\n|\n|t:|1783554177\n|switch|p1a: Gumshoos|Gumshoos, L95, F|58/321\n|turn|24\n|inactive|Time left: 300 sec this turn | 300 sec total\n|\n|t:|1783554178\n|move|p2a: Porygon2|Discharge|p1a: Gumshoos\n|-damage|p1a: Gumshoos|0 fnt\n|faint|p1a: Gumshoos\n|\n|upkeep\n|inactive|Time left: 300 sec this turn | 300 sec total | 5 sec grace\n|\n|t:|1783554179\n|switch|p1a: Chien-Pao|Chien-Pao, L72|234/234\n|-ability|p1a: Chien-Pao|Sword of Ruin\n|turn|25\n|inactive|Time left: 300 sec this turn | 300 sec total\n|\n|t:|1783554180\n|move|p1a: Chien-Pao|Icicle Crash|p2a: Porygon2\n|-damage|p2a: Porygon2|52/100\n|move|p2a: Porygon2|Tri Attack|p1a: Chien-Pao\n|-damage|p1a: Chien-Pao|45/234\n|\n|upkeep\n|turn|26\n|inactive|Time left: 300 sec this turn | 300 sec total\n|\n|t:|1783554181\n|-terastallize|p2a: Porygon2|Ghost\n|move|p1a: Chien-Pao|Icicle Crash|p2a: Porygon2\n|-damage|p2a: Porygon2|24/100\n|cant|p2a: Porygon2|flinch\n|\n|upkeep\n|turn|27\n|inactive|Time left: 300 sec this turn | 300 sec total\n|\n|t:|1783554181\n|move|p1a: Chien-Pao|Throat Chop|p2a: Porygon2\n|-supereffective|p2a: Porygon2\n|-damage|p2a: Porygon2|0 fnt\n|faint|p2a: Porygon2\n|\n|upkeep\n|\n|t:|1783554182\n|switch|p2a: Ursaring|Ursaring, L84, M|100/100\n|turn|28\n|inactive|Time left: 300 sec this turn | 300 sec total\n|\n|t:|1783554183\n|move|p1a: Chien-Pao|Icicle Crash|p2a: Ursaring|[miss]\n|-miss|p1a: Chien-Pao|p2a: Ursaring\n|move|p2a: Ursaring|Body Slam|p1a: Chien-Pao\n|-damage|p1a: Chien-Pao|0 fnt\n|faint|p1a: Chien-Pao\n|\n|win|p0y12946087", "uploadtime": 1783554183, "views": 0, "rating": 0, "private": 0, "password": null, "_winner": "p0y12946087", "_our_name": "p0x12948e29"}