{"id": "battle-gen9randombattle-1836", "formatid": "gen9randombattle", "format": "[Gen 9] Random Battle", "players": ["p0x1836a015", "p0y1836a65e"], "log": "|init|battle\n|title|p0x1836a015 vs. p0y1836a65e\n|j|\u2606p0x1836a015\n|j|\u2606p0y1836a65e\n|t:|1783561236\n|gametype|singles\n|player|p1|p0x1836a015|2|\n|player|p2|p0y1836a65e|2|\n|gen|9\n|tier|[Gen 9] Random Battle\n|rule|Species Clause: Limit one of each Pok\u00e9mon\n|rule|HP Percentage Mod: HP is shown in percentages\n|rule|Sleep Clause Mod: Limit one foe put to sleep\n|rule|Illusion Level Mod: Illusion disguises the Pok\u00e9mon's true level\n|\n|t:|1783561236\n|teamsize|p1|6\n|teamsize|p2|6\n|start\n|switch|p1a: Swampert|Swampert, L83, M|302/302\n|switch|p2a: Emboar|Emboar, L84, F|100/100\n|turn|1\n|inactive|Battle timer is ON: inactive players will automatically lose when time's up. (requested by p0y1836a65e)\n|inactive|Time left: 300 sec this turn | 300 sec total | 60 sec grace\n|inactive|p0x1836a015 also wants the timer to be on.\n|\n|t:|1783561238\n|move|p2a: Emboar|Trailblaze|p1a: Swampert\n|-supereffective|p1a: Swampert\n|-damage|p1a: Swampert|138/302\n|-boost|p2a: Emboar|spe|1\n|move|p1a: Swampert|Earthquake|p2a: Emboar\n|-supereffective|p2a: Emboar\n|-crit|p2a: Emboar\n|-damage|p2a: Emboar|0 fnt\n|faint|p2a: Emboar\n|\n|-heal|p1a: Swampert|156/302|[from] item: Leftovers\n|upkeep\n|\n|t:|1783561239\n|switch|p2a: Terrakion|Terrakion, L79|100/100\n|turn|2\n|inactive|Time left: 300 sec this turn | 300 sec total\n|\n|t:|1783561240\n|move|p2a: Terrakion|Close Combat|p1a: Swampert\n|-damage|p1a: Swampert|0 fnt\n|-unboost|p2a: Terrakion|def|1\n|-unboost|p2a: Terrakion|spd|1\n|faint|p1a: Swampert\n|\n|upkeep\n|inactive|Time left: 300 sec this turn | 300 sec total | 5 sec grace\n|\n|t:|1783561241\n|switch|p1a: Ho-Oh|Ho-Oh, L71|268/268\n|turn|3\n|inactive|Time left: 300 sec this turn | 300 sec total\n|\n|t:|1783561242\n|switch|p2a: Hippowdon|Hippowdon, L82, F|100/100\n|-weather|Sandstorm|[from] ability: Sand Stream|[of] p2a: Hippowdon\n|move|p1a: Ho-Oh|Sacred Fire|p2a: Hippowdon\n|-damage|p2a: Hippowdon|75/100\n|\n|-weather|Sandstorm|[upkeep]\n|-damage|p1a: Ho-Oh|252/268|[from] Sandstorm\n|-heal|p2a: Hippowdon|81/100|[from] item: Leftovers\n|upkeep\n|turn|4\n|inactive|Time left: 300 sec this turn | 300 sec total\n|\n|t:|1783561243\n|move|p1a: Ho-Oh|Sacred Fire|p2a: Hippowdon|[miss]\n|-miss|p1a: Ho-Oh|p2a: Hippowdon\n|move|p2a: Hippowdon|Slack Off|p2a: Hippowdon\n|-heal|p2a: Hippowdon|100/100\n|\n|-weather|Sandstorm|[upkeep]\n|-damage|p1a: Ho-Oh|236/268|[from] Sandstorm\n|upkeep\n|turn|5\n|inactive|Time left: 300 sec this turn | 300 sec total\n|\n|t:|1783561244\n|switch|p1a: Abomasnow|Abomasnow, L84, F|287/287\n|-weather|Snowscape|[from] ability: Snow Warning|[of] p1a: Abomasnow\n|move|p2a: Hippowdon|Stealth Rock|p1a: Abomasnow\n|-sidestart|p1: p0x1836a015|move: Stealth Rock\n|\n|-weather|Snowscape|[upkeep]\n|upkeep\n|turn|6\n|inactive|Time left: 300 sec this turn | 300 sec total\n|\n|t:|1783561245\n|switch|p2a: Sinistcha|Sinistcha-Masterpiece, L83|100/100\n|move|p1a: Abomasnow|Aurora Veil|p1a: Abomasnow\n|-sidestart|p1: p0x1836a015|move: Aurora Veil\n|\n|-weather|Snowscape|[upkeep]\n|upkeep\n|turn|7\n|inactive|Time left: 300 sec this turn | 300 sec total\n|\n|t:|1783561246\n|move|p2a: Sinistcha|Calm Mind|p2a: Sinistcha\n|-boost|p2a: Sinistcha|spa|1\n|-boost|p2a: Sinistcha|spd|1\n|move|p1a: Abomasnow|Blizzard|p2a: Sinistcha\n|-supereffective|p2a: Sinistcha\n|-damage|p2a: Sinistcha|37/100\n|\n|-weather|Snowscape|[upkeep]\n|-heal|p2a: Sinistcha|43/100|[from] item: Leftovers\n|upkeep\n|turn|8\n|inactive|Time left: 300 sec this turn | 300 sec total\n|\n|t:|1783561247\n|move|p2a: Sinistcha|Strength Sap|p1a: Abomasnow\n|-unboost|p1a: Abomasnow|atk|1\n|-heal|p2a: Sinistcha|100/100\n|move|p1a: Abomasnow|Blizzard|p2a: Sinistcha\n|-supereffective|p2a: Sinistcha\n|-damage|p2a: Sinistcha|41/100\n|\n|-weather|Snowscape|[upkeep]\n|-heal|p2a: Sinistcha|47/100|[from] item: Leftovers\n|upkeep\n|turn|9\n|inactive|Time left: 300 sec this turn | 300 sec total\n|\n|t:|1783561248\n|move|p2a: Sinistcha|Strength Sap|p1a: Abomasnow\n|-unboost|p1a: Abomasnow|atk|1\n|-heal|p2a: Sinistcha|100/100\n|move|p1a: Abomasnow|Blizzard|p2a: Sinistcha\n|-supereffective|p2a: Sinistcha\n|-damage|p2a: Sinistcha|39/100\n|\n|-weather|none\n|-heal|p2a: Sinistcha|45/100|[from] item: Leftovers\n|upkeep\n|turn|10\n|inactive|Time left: 300 sec this turn | 300 sec total\n|\n|t:|1783561248\n|move|p2a: Sinistcha|Strength Sap|p1a: Abomasnow\n|-unboost|p1a: Abomasnow|atk|1\n|-heal|p2a: Sinistcha|85/100\n|move|p1a: Abomasnow|Blizzard|p2a: Sinistcha\n|-supereffective|p2a: Sinistcha\n|-damage|p2a: Sinistcha|20/100\n|\n|-heal|p2a: Sinistcha|26/100|[from] item: Leftovers\n|upkeep\n|turn|11\n|inactive|Time left: 300 sec this turn | 300 sec total\n|\n|t:|1783561249\n|move|p2a: Sinistcha|Strength Sap|p1a: Abomasnow\n|-unboost|p1a: Abomasnow|atk|1\n|-heal|p2a: Sinistcha|58/100\n|move|p1a: Abomasnow|Blizzard|p2a: Sinistcha\n|-supereffective|p2a: Sinistcha\n|-damage|p2a: Sinistcha|0 fnt\n|faint|p2a: Sinistcha\n|\n|upkeep\n|\n|t:|1783561250\n|switch|p2a: Vivillon|Vivillon-Jungle, L83, F|100/100\n|turn|12\n|inactive|Time left: 300 sec this turn | 300 sec total\n|\n|t:|1783561251\n|switch|p1a: Ho-Oh|Ho-Oh, L71|268/268\n|move|p2a: Vivillon|Quiver Dance|p2a: Vivillon\n|-boost|p2a: Vivillon|spa|1\n|-boost|p2a: Vivillon|spd|1\n|-boost|p2a: Vivillon|spe|1\n|\n|upkeep\n|turn|13\n|inactive|Time left: 300 sec this turn | 300 sec total\n|\n|t:|1783561252\n|move|p2a: Vivillon|Sleep Powder|p1a: Ho-Oh\n|-status|p1a: Ho-Oh|slp|[from] move: Sleep Powder\n|cant|p1a: Ho-Oh|slp\n|\n|-sideend|p1: p0x1836a015|move: Aurora Veil\n|upkeep\n|turn|14\n|inactive|Time left: 300 sec this turn | 300 sec total\n|\n|t:|1783561253\n|move|p2a: Vivillon|Quiver Dance|p2a: Vivillon\n|-boost|p2a: Vivillon|spa|1\n|-boost|p2a: Vivillon|spd|1\n|-boost|p2a: Vivillon|spe|1\n|-curestatus|p1a: Ho-Oh|slp|[msg]\n|move|p1a: Ho-Oh|Sacred Fire|p2a: Vivillon\n|-supereffective|p2a: Vivillon\n|-damage|p2a: Vivillon|0 fnt\n|faint|p2a: Vivillon\n|\n|upkeep\n|\n|t:|1783561254\n|switch|p2a: Terrakion|Terrakion, L79|100/100\n|turn|15\n|inactive|Time left: 300 sec this turn | 300 sec total\n|\n|t:|1783561255\n|-terastallize|p1a: Ho-Oh|Ground\n|move|p2a: Terrakion|Stone Edge|p1a: Ho-Oh\n|-resisted|p1a: Ho-Oh\n|-damage|p1a: Ho-Oh|165/268\n|move|p1a: Ho-Oh|Earthquake|p2a: Terrakion\n|-supereffective|p2a: Terrakion\n|-damage|p2a: Terrakion|29/100\n|\n|upkeep\n|turn|16\n|inactive|Time left: 300 sec this turn | 300 sec total\n|\n|t:|1783561257\n|move|p2a: Terrakion|Stone Edge|p1a: Ho-Oh\n|-resisted|p1a: Ho-Oh\n|-damage|p1a: Ho-Oh|61/268\n|move|p1a: Ho-Oh|Earthquake|p2a: Terrakion\n|-supereffective|p2a: Terrakion\n|-damage|p2a: Terrakion|0 fnt\n|faint|p2a: Terrakion\n|\n|upkeep\n|\n|t:|1783561258\n|switch|p2a: Whiscash|Whiscash, L88, F|100/100\n|turn|17\n|inactive|Time left: 300 sec this turn | 300 sec total\n|\n|t:|1783561259\n|switch|p1a: Abomasnow|Abomasnow, L84, F|287/287\n|-damage|p1a: Abomasnow|216/287|[from] Stealth Rock\n|-weather|Snowscape|[from] ability: Snow Warning|[of] p1a: Abomasnow\n|move|p2a: Whiscash|Ice Beam|p1a: Abomasnow\n|-damage|p1a: Abomasnow|155/287\n|\n|-weather|Snowscape|[upkeep]\n|upkeep\n|turn|18\n|inactive|Time left: 300 sec this turn | 300 sec total\n|\n|t:|1783561260\n|switch|p2a: Hippowdon|Hippowdon, L82, F|100/100\n|-weather|Sandstorm|[from] ability: Sand Stream|[of] p2a: Hippowdon\n|move|p1a: Abomasnow|Aurora Veil||[still]\n|-fail|p1a: Abomasnow\n|\n|-weather|Sandstorm|[upkeep]\n|-damage|p1a: Abomasnow|138/287|[from] Sandstorm\n|upkeep\n|turn|19\n|inactive|Time left: 300 sec this turn | 300 sec total\n|\n|t:|1783561261\n|move|p1a: Abomasnow|Blizzard|p2a: Hippowdon\n|-supereffective|p2a: Hippowdon\n|-damage|p2a: Hippowdon|10/100\n|move|p2a: Hippowdon|Earthquake|p1a: Abomasnow\n|-resisted|p1a: Abomasnow\n|-damage|p1a: Abomasnow|71/287\n|\n|-weather|Sandstorm|[upkeep]\n|-damage|p1a: Abomasnow|54/287|[from] Sandstorm\n|-heal|p2a: Hippowdon|16/100|[from] item: Leftovers\n|upkeep\n|turn|20\n|inactive|Time left: 300 sec this turn | 300 sec total\n|\n|t:|1783561262\n|move|p1a: Abomasnow|Wood Hammer|p2a: Hippowdon\n|-supereffective|p2a: Hippowdon\n|-damage|p2a: Hippowdon|0 fnt\n|faint|p2a: Hippowdon\n|-damage|p1a: Abomasnow|38/287|[from] Recoil\n|\n|-weather|Sandstorm|[upkeep]\n|-damage|p1a: Abomasnow|21/287|[from] Sandstorm\n|upkeep\n|\n|t:|1783561263\n|switch|p2a: Whiscash|Whiscash, L88, F|100/100\n|turn|21\n|inactive|Time left: 300 sec this turn | 300 sec total\n|\n|t:|1783561264\n|switch|p1a: Greedent|Greedent, L86, M|347/347\n|-damage|p1a: Greedent|304/347|[from] Stealth Rock\n|move|p2a: Whiscash|Earthquake|p1a: Greedent\n|-damage|p1a: Greedent|204/347\n|\n|-weather|Sandstorm|[upkeep]\n|-damage|p1a: Greedent|183/347|[from] Sandstorm\n|upkeep\n|turn|22\n|inactive|Time left: 300 sec this turn | 300 sec total\n|\n|t:|1783561265\n|move|p2a: Whiscash|Earthquake|p1a: Greedent\n|-crit|p1a: Greedent\n|-damage|p1a: Greedent|45/347\n|-enditem|p1a: Greedent|Sitrus Berry|[eat]\n|-heal|p1a: Greedent|131/347|[from] item: Sitrus Berry\n|-heal|p1a: Greedent|246/347|[from] ability: Cheek Pouch\n|move|p1a: Greedent|Swords Dance|p1a: Greedent\n|-boost|p1a: Greedent|atk|2\n|\n|-weather|none\n|upkeep\n|turn|23\n|inactive|Time left: 300 sec this turn | 300 sec total\n|\n|t:|1783561266\n|move|p2a: Whiscash|Ice Beam|p1a: Greedent\n|-damage|p1a: Greedent|186/347\n|-status|p1a: Greedent|frz\n|cant|p1a: Greedent|frz\n|\n|upkeep\n|turn|24\n|inactive|Time left: 300 sec this turn | 300 sec total\n|\n|t:|1783561267\n|move|p2a: Whiscash|Earthquake|p1a: Greedent\n|-damage|p1a: Greedent|95/347 frz\n|cant|p1a: Greedent|frz\n|\n|upkeep\n|turn|25\n|inactive|Time left: 300 sec this turn | 300 sec total\n|\n|t:|1783561268\n|move|p2a: Whiscash|Hydro Pump|p1a: Greedent\n|-damage|p1a: Greedent|0 fnt\n|faint|p1a: Greedent\n|\n|upkeep\n|inactive|Time left: 300 sec this turn | 300 sec total | 5 sec grace\n|\n|t:|1783561269\n|switch|p1a: Ho-Oh|Ho-Oh, L71, tera:Ground|150/268\n|turn|26\n|inactive|Time left: 300 sec this turn | 300 sec total\n|\n|t:|1783561270\n|move|p1a: Ho-Oh|Recover|p1a: Ho-Oh\n|-heal|p1a: Ho-Oh|268/268\n|move|p2a: Whiscash|Hydro Pump|p1a: Ho-Oh\n|-supereffective|p1a: Ho-Oh\n|-damage|p1a: Ho-Oh|106/268\n|\n|upkeep\n|turn|27\n|inactive|Time left: 300 sec this turn | 300 sec total\n|\n|t:|1783561271\n|move|p1a: Ho-Oh|Recover|p1a: Ho-Oh\n|-heal|p1a: Ho-Oh|240/268\n|move|p2a: Whiscash|Hydro Pump|p1a: Ho-Oh\n|-supereffective|p1a: Ho-Oh\n|-damage|p1a: Ho-Oh|70/268\n|\n|upkeep\n|turn|28\n|inactive|Time left: 300 sec this turn | 300 sec total\n|\n|t:|1783561272\n|move|p1a: Ho-Oh|Recover|p1a: Ho-Oh\n|-heal|p1a: Ho-Oh|204/268\n|move|p2a: Whiscash|Hydro Pump|p1a: Ho-Oh\n|-supereffective|p1a: Ho-Oh\n|-damage|p1a: Ho-Oh|30/268\n|\n|upkeep\n|turn|29\n|inactive|Time left: 300 sec this turn | 300 sec total\n|\n|t:|1783561273\n|move|p1a: Ho-Oh|Recover|p1a: Ho-Oh\n|-heal|p1a: Ho-Oh|164/268\n|move|p2a: Whiscash|Hydro Pump|p1a: Ho-Oh\n|-supereffective|p1a: Ho-Oh\n|-damage|p1a: Ho-Oh|12/268\n|\n|upkeep\n|turn|30\n|inactive|Time left: 300 sec this turn | 300 sec total\n|\n|t:|1783561274\n|move|p1a: Ho-Oh|Recover|p1a: Ho-Oh\n|-heal|p1a: Ho-Oh|146/268\n|move|p2a: Whiscash|Hydro Pump|p1a: Ho-Oh|[miss]\n|-miss|p2a: Whiscash|p1a: Ho-Oh\n|\n|upkeep\n|turn|31\n|inactive|Time left: 300 sec this turn | 300 sec total\n|\n|t:|1783561275\n|move|p1a: Ho-Oh|Recover|p1a: Ho-Oh\n|-heal|p1a: Ho-Oh|268/268\n|move|p2a: Whiscash|Hydro Pump|p1a: Ho-Oh\n|-supereffective|p1a: Ho-Oh\n|-damage|p1a: Ho-Oh|112/268\n|\n|upkeep\n|turn|32\n|inactive|Time left: 300 sec this turn | 300 sec total\n|\n|t:|1783561276\n|move|p1a: Ho-Oh|Recover|p1a: Ho-Oh\n|-heal|p1a: Ho-Oh|246/268\n|move|p2a: Whiscash|Ice Beam|p1a: Ho-Oh\n|-supereffective|p1a: Ho-Oh\n|-damage|p1a: Ho-Oh|162/268\n|\n|upkeep\n|turn|33\n|inactive|Time left: 300 sec this turn | 300 sec total\n|\n|t:|1783561277\n|move|p1a: Ho-Oh|Sacred Fire|p2a: Whiscash\n|-resisted|p2a: Whiscash\n|-damage|p2a: Whiscash|85/100\n|-status|p2a: Whiscash|brn\n|move|p2a: Whiscash|Hydro Pump|p1a: Ho-Oh|[miss]\n|-miss|p2a: Whiscash|p1a: Ho-Oh\n|\n|-heal|p2a: Whiscash|91/100 brn|[from] item: Leftovers\n|-damage|p2a: Whiscash|85/100 brn|[from] brn\n|upkeep\n|turn|34\n|inactive|Time left: 300 sec this turn | 300 sec total\n|\n|t:|1783561278\n|move|p1a: Ho-Oh|Earthquake|p2a: Whiscash\n|-damage|p2a: Whiscash|51/100 brn\n|move|p2a: Whiscash|Ice Beam|p1a: Ho-Oh\n|-supereffective|p1a: Ho-Oh\n|-damage|p1a: Ho-Oh|70/268\n|\n|-heal|p2a: Whiscash|57/100 brn|[from] item: Leftovers\n|-damage|p2a: Whiscash|51/100 brn|[from] brn\n|upkeep\n|turn|35\n|inactive|Time left: 300 sec this turn | 300 sec total\n|\n|t:|1783561279\n|move|p1a: Ho-Oh|Earthquake|p2a: Whiscash\n|-damage|p2a: Whiscash|20/100 brn\n|move|p2a: Whiscash|Ice Beam|p1a: Ho-Oh\n|-supereffective|p1a: Ho-Oh\n|-damage|p1a: Ho-Oh|0 fnt\n|faint|p1a: Ho-Oh\n|\n|-heal|p2a: Whiscash|26/100 brn|[from] item: Leftovers\n|-damage|p2a: Whiscash|20/100 brn|[from] brn\n|upkeep\n|inactive|Time left: 300 sec this turn | 300 sec total | 5 sec grace\n|\n|t:|1783561280\n|switch|p1a: Munkidori|Munkidori, L79, M|269/269\n|-damage|p1a: Munkidori|236/269|[from] Stealth Rock\n|turn|36\n|inactive|Time left: 300 sec this turn | 300 sec total\n|\n|t:|1783561281\n|move|p1a: Munkidori|Psychic Noise|p2a: Whiscash\n|-damage|p2a: Whiscash|0 fnt\n|faint|p2a: Whiscash\n|\n|win|p0x1836a015", "uploadtime": 1783561281, "views": 0, "rating": 0, "private": 0, "password": null, "_winner": "p0x1836a015", "_our_name": "p0x1836a015"}