{"id": "battle-gen9randombattle-2266", "formatid": "gen9randombattle", "format": "[Gen 9] Random Battle", "players": ["p0x22662554", "p0y226695b6"], "log": "|init|battle\n|title|p0x22662554 vs. p0y226695b6\n|j|\u2606p0x22662554\n|j|\u2606p0y226695b6\n|t:|1783566269\n|gametype|singles\n|player|p1|p0x22662554|170|\n|player|p2|p0y226695b6|265|\n|gen|9\n|tier|[Gen 9] Random Battle\n|rule|Species Clause: Limit one of each Pok\u00e9mon\n|rule|HP Percentage Mod: HP is shown in percentages\n|rule|Sleep Clause Mod: Limit one foe put to sleep\n|rule|Illusion Level Mod: Illusion disguises the Pok\u00e9mon's true level\n|\n|t:|1783566269\n|teamsize|p1|6\n|teamsize|p2|6\n|start\n|switch|p1a: Chandelure|Chandelure, L83, M|100/100\n|switch|p2a: Houndstone|Houndstone, L86, F|264/264\n|turn|1\n|inactive|Battle timer is ON: inactive players will automatically lose when time's up. (requested by p0x22662554)\n|inactive|Time left: 300 sec this turn | 300 sec total | 60 sec grace\n|inactive|p0y226695b6 also wants the timer to be on.\n|\n|t:|1783566270\n|switch|p2a: Slaking|Slaking, L84, M|389/389\n|move|p1a: Chandelure|Fire Blast|p2a: Slaking\n|-crit|p2a: Slaking\n|-damage|p2a: Slaking|68/389\n|\n|upkeep\n|turn|2\n|inactive|Time left: 300 sec this turn | 300 sec total\n|\n|t:|1783566272\n|move|p2a: Slaking|Knock Off|p1a: Chandelure\n|-supereffective|p1a: Chandelure\n|-damage|p1a: Chandelure|0 fnt\n|-enditem|p1a: Chandelure|Heavy-Duty Boots|[from] move: Knock Off|[of] p2a: Slaking\n|faint|p1a: Chandelure\n|\n|upkeep\n|\n|t:|1783566273\n|switch|p1a: Baxcalibur|Baxcalibur, L75, M|100/100\n|turn|3\n|inactive|Time left: 300 sec this turn | 300 sec total\n|\n|t:|1783566274\n|switch|p2a: Heracross|Heracross, L80, F|259/259\n|move|p1a: Baxcalibur|Glaive Rush|p2a: Heracross\n|-damage|p2a: Heracross|28/259\n|-singlemove|p1a: Baxcalibur|Glaive Rush|[silent]\n|\n|-status|p2a: Heracross|brn|[from] item: Flame Orb\n|upkeep\n|turn|4\n|inactive|Time left: 300 sec this turn | 300 sec total\n|\n|t:|1783566275\n|switch|p1a: Victreebel|Victreebel, L90, M|100/100\n|move|p2a: Heracross|Close Combat|p1a: Victreebel\n|-resisted|p1a: Victreebel\n|-damage|p1a: Victreebel|59/100\n|-unboost|p2a: Heracross|def|1\n|-unboost|p2a: Heracross|spd|1\n|\n|-damage|p2a: Heracross|12/259 brn|[from] brn\n|upkeep\n|turn|5\n|inactive|Time left: 300 sec this turn | 300 sec total\n|\n|t:|1783566276\n|switch|p2a: Slaking|Slaking, L84, M|68/389\n|move|p1a: Victreebel|Strength Sap|p2a: Slaking\n|-unboost|p2a: Slaking|atk|1\n|-heal|p1a: Victreebel|100/100\n|\n|upkeep\n|turn|6\n|inactive|Time left: 300 sec this turn | 300 sec total\n|\n|t:|1783566277\n|move|p2a: Slaking|Giga Impact|p1a: Victreebel\n|-damage|p1a: Victreebel|0 fnt\n|-mustrecharge|p2a: Slaking\n|faint|p1a: Victreebel\n|\n|upkeep\n|\n|t:|1783566278\n|switch|p1a: Kyurem|Kyurem-Black, L71|100/100\n|-ability|p1a: Kyurem|Teravolt\n|turn|7\n|inactive|Time left: 300 sec this turn | 300 sec total\n|\n|t:|1783566279\n|cant|p2a: Slaking|recharge\n|move|p1a: Kyurem|Dragon Dance|p1a: Kyurem\n|-boost|p1a: Kyurem|atk|1\n|-boost|p1a: Kyurem|spe|1\n|\n|upkeep\n|turn|8\n|inactive|Time left: 300 sec this turn | 300 sec total\n|\n|t:|1783566280\n|move|p1a: Kyurem|Icicle Spear|p2a: Slaking\n|-damage|p2a: Slaking|29/389\n|-crit|p2a: Slaking\n|-damage|p2a: Slaking|0 fnt\n|faint|p2a: Slaking\n|-hitcount|p2: Slaking|2\n|\n|upkeep\n|inactive|Time left: 300 sec this turn | 300 sec total | 5 sec grace\n|\n|t:|1783566281\n|switch|p2a: Drednaw|Drednaw, L81, F|278/278\n|turn|9\n|inactive|Time left: 300 sec this turn | 300 sec total\n|\n|t:|1783566282\n|-terastallize|p1a: Kyurem|Electric\n|-terastallize|p2a: Drednaw|Dark\n|move|p1a: Kyurem|Fusion Bolt|p2a: Drednaw\n|-damage|p2a: Drednaw|103/278\n|move|p2a: Drednaw|Shell Smash|p2a: Drednaw\n|-unboost|p2a: Drednaw|def|1\n|-unboost|p2a: Drednaw|spd|1\n|-boost|p2a: Drednaw|atk|2\n|-boost|p2a: Drednaw|spa|2\n|-boost|p2a: Drednaw|spe|2\n|-enditem|p2a: Drednaw|White Herb\n|-clearnegativeboost|p2a: Drednaw|[silent]\n|\n|upkeep\n|turn|10\n|inactive|Time left: 300 sec this turn | 300 sec total\n|\n|t:|1783566283\n|move|p2a: Drednaw|Crunch|p1a: Kyurem\n|-damage|p1a: Kyurem|0 fnt\n|faint|p1a: Kyurem\n|\n|upkeep\n|\n|t:|1783566283\n|switch|p1a: Pawmot|Pawmot, L80, M|100/100\n|turn|11\n|inactive|Time left: 300 sec this turn | 300 sec total\n|\n|t:|1783566284\n|move|p2a: Drednaw|Liquidation|p1a: Pawmot\n|-damage|p1a: Pawmot|1/100\n|-unboost|p1a: Pawmot|def|1\n|move|p1a: Pawmot|Double Shock|p2a: Drednaw\n|-damage|p2a: Drednaw|0 fnt\n|-start|p1a: Pawmot|typechange|???/Fighting|[from] move: Double Shock\n|faint|p2a: Drednaw\n|-damage|p1a: Pawmot|0 fnt|[from] item: Life Orb\n|faint|p1a: Pawmot\n|\n|upkeep\n|inactive|Time left: 300 sec this turn | 300 sec total | 5 sec grace\n|\n|t:|1783566285\n|switch|p1a: Baxcalibur|Baxcalibur, L75, M|100/100\n|switch|p2a: Houndstone|Houndstone, L86, F|264/264\n|turn|12\n|inactive|Time left: 300 sec this turn | 300 sec total\n|\n|t:|1783566286\n|move|p1a: Baxcalibur|Icicle Crash|p2a: Houndstone\n|-damage|p2a: Houndstone|140/264\n|cant|p2a: Houndstone|flinch\n|\n|-heal|p2a: Houndstone|156/264|[from] item: Leftovers\n|upkeep\n|turn|13\n|inactive|Time left: 300 sec this turn | 300 sec total\n|\n|t:|1783566287\n|move|p1a: Baxcalibur|Icicle Crash|p2a: Houndstone\n|-damage|p2a: Houndstone|27/264\n|move|p2a: Houndstone|Body Press|p1a: Baxcalibur\n|-supereffective|p1a: Baxcalibur\n|-damage|p1a: Baxcalibur|59/100\n|\n|-heal|p2a: Houndstone|43/264|[from] item: Leftovers\n|upkeep\n|turn|14\n|inactive|Time left: 300 sec this turn | 300 sec total\n|\n|t:|1783566288\n|move|p1a: Baxcalibur|Icicle Crash|p2a: Houndstone\n|-damage|p2a: Houndstone|0 fnt\n|faint|p2a: Houndstone\n|\n|upkeep\n|inactive|Time left: 300 sec this turn | 300 sec total | 5 sec grace\n|\n|t:|1783566289\n|switch|p2a: Heracross|Heracross, L80, F|12/259 brn\n|turn|15\n|inactive|Time left: 300 sec this turn | 300 sec total\n|\n|t:|1783566290\n|move|p2a: Heracross|Close Combat|p1a: Baxcalibur\n|-supereffective|p1a: Baxcalibur\n|-damage|p1a: Baxcalibur|0 fnt\n|-unboost|p2a: Heracross|def|1\n|-unboost|p2a: Heracross|spd|1\n|faint|p1a: Baxcalibur\n|\n|-damage|p2a: Heracross|0 fnt|[from] brn\n|faint|p2a: Heracross\n|upkeep\n|inactive|Time left: 300 sec this turn | 300 sec total | 5 sec grace\n|\n|t:|1783566291\n|switch|p2a: Pyroar|Pyroar, L88, M|295/295\n|switch|p1a: Komala|Komala, L87, F|100/100\n|-ability|p2a: Pyroar|Unnerve\n|-ability|p1a: Komala|Comatose\n|turn|16\n|inactive|Time left: 300 sec this turn | 300 sec total\n|\n|t:|1783566293\n|move|p2a: Pyroar|Fire Blast|p1a: Komala\n|-damage|p1a: Komala|64/100\n|move|p1a: Komala|Body Slam|p2a: Pyroar\n|-damage|p2a: Pyroar|183/295\n|\n|upkeep\n|turn|17\n|inactive|Time left: 300 sec this turn | 300 sec total\n|\n|t:|1783566294\n|move|p2a: Pyroar|Fire Blast|p1a: Komala\n|-damage|p1a: Komala|29/100\n|move|p1a: Komala|Rapid Spin|p2a: Pyroar\n|-damage|p2a: Pyroar|114/295\n|-boost|p1a: Komala|spe|1\n|\n|upkeep\n|turn|18\n|inactive|Time left: 300 sec this turn | 300 sec total\n|\n|t:|1783566295\n|move|p1a: Komala|Knock Off|p2a: Pyroar\n|-damage|p2a: Pyroar|17/295\n|-enditem|p2a: Pyroar|Heavy-Duty Boots|[from] move: Knock Off|[of] p1a: Komala\n|move|p2a: Pyroar|Fire Blast|p1a: Komala\n|-damage|p1a: Komala|0 fnt\n|faint|p1a: Komala\n|\n|win|p0y226695b6", "uploadtime": 1783566295, "views": 0, "rating": 0, "private": 0, "password": null, "_winner": "p0y226695b6", "_our_name": "p0y226695b6"}