{"id": "battle-gen9randombattle-848", "formatid": "gen9randombattle", "format": "[Gen 9] Random Battle", "players": ["p0x84880b6", "p0y8489b3c"], "log": "|init|battle\n|title|p0x84880b6 vs. p0y8489b3c\n|j|\u2606p0x84880b6\n|j|\u2606p0y8489b3c\n|t:|1783548979\n|gametype|singles\n|player|p1|p0x84880b6|101|\n|player|p2|p0y8489b3c|169|\n|gen|9\n|tier|[Gen 9] Random Battle\n|rule|Species Clause: Limit one of each Pok\u00e9mon\n|rule|HP Percentage Mod: HP is shown in percentages\n|rule|Sleep Clause Mod: Limit one foe put to sleep\n|rule|Illusion Level Mod: Illusion disguises the Pok\u00e9mon's true level\n|\n|t:|1783548979\n|teamsize|p1|6\n|teamsize|p2|6\n|start\n|switch|p1a: Probopass|Probopass, L91, M|257/257\n|switch|p2a: Raging Bolt|Raging Bolt, L78|100/100\n|turn|1\n|inactive|Battle timer is ON: inactive players will automatically lose when time's up. (requested by p0y8489b3c)\n|inactive|Time left: 300 sec this turn | 300 sec total | 60 sec grace\n|inactive|p0x84880b6 also wants the timer to be on.\n|\n|t:|1783548981\n|switch|p1a: Hariyama|Hariyama, L87, F|392/392\n|move|p2a: Raging Bolt|Calm Mind|p2a: Raging Bolt\n|-boost|p2a: Raging Bolt|spa|1\n|-boost|p2a: Raging Bolt|spd|1\n|\n|-status|p1a: Hariyama|brn|[from] item: Flame Orb\n|upkeep\n|turn|2\n|inactive|Time left: 300 sec this turn | 300 sec total\n|\n|t:|1783548982\n|move|p1a: Hariyama|Fake Out|p2a: Raging Bolt\n|-damage|p2a: Raging Bolt|84/100\n|cant|p2a: Raging Bolt|flinch\n|\n|-heal|p2a: Raging Bolt|90/100|[from] item: Leftovers\n|-damage|p1a: Hariyama|368/392 brn|[from] brn\n|upkeep\n|turn|3\n|inactive|Time left: 300 sec this turn | 300 sec total\n|\n|t:|1783548984\n|-terastallize|p1a: Hariyama|Normal\n|move|p2a: Raging Bolt|Thunderbolt|p1a: Hariyama\n|-damage|p1a: Hariyama|152/392 brn\n|move|p1a: Hariyama|Facade|p2a: Raging Bolt\n|-damage|p2a: Raging Bolt|0 fnt\n|faint|p2a: Raging Bolt\n|-end|p2a: Raging Bolt|Protosynthesis|[silent]\n|\n|-damage|p1a: Hariyama|128/392 brn|[from] brn\n|upkeep\n|\n|t:|1783548984\n|switch|p2a: Dragonite|Dragonite, L74, F|100/100\n|turn|4\n|inactive|Time left: 300 sec this turn | 300 sec total\n|\n|t:|1783548986\n|move|p2a: Dragonite|Dragon Dance|p2a: Dragonite\n|-boost|p2a: Dragonite|atk|1\n|-boost|p2a: Dragonite|spe|1\n|move|p1a: Hariyama|Facade|p2a: Dragonite\n|-damage|p2a: Dragonite|48/100\n|\n|-damage|p1a: Hariyama|104/392 brn|[from] brn\n|upkeep\n|turn|5\n|inactive|Time left: 300 sec this turn | 300 sec total\n|\n|t:|1783548987\n|switch|p1a: Flutter Mane|Flutter Mane, L74|203/203\n|move|p2a: Dragonite|Earthquake|p1a: Flutter Mane\n|-damage|p1a: Flutter Mane|29/203\n|\n|upkeep\n|turn|6\n|inactive|Time left: 300 sec this turn | 300 sec total\n|\n|t:|1783548988\n|-terastallize|p2a: Dragonite|Steel\n|move|p1a: Flutter Mane|Moonblast|p2a: Dragonite\n|-resisted|p2a: Dragonite\n|-damage|p2a: Dragonite|17/100\n|move|p2a: Dragonite|Dragon Dance|p2a: Dragonite\n|-boost|p2a: Dragonite|atk|1\n|-boost|p2a: Dragonite|spe|1\n|\n|upkeep\n|turn|7\n|inactive|Time left: 300 sec this turn | 300 sec total\n|\n|t:|1783548989\n|-end|p1a: Flutter Mane|Protosynthesis|[silent]\n|switch|p1a: Scizor|Scizor, L79, F|240/240\n|move|p2a: Dragonite|Iron Head|p1a: Scizor\n|-resisted|p1a: Scizor\n|-damage|p1a: Scizor|159/240\n|\n|upkeep\n|turn|8\n|inactive|Time left: 300 sec this turn | 300 sec total\n|\n|t:|1783548990\n|move|p1a: Scizor|Bullet Punch|p2a: Dragonite\n|-resisted|p2a: Dragonite\n|-damage|p2a: Dragonite|0 fnt\n|faint|p2a: Dragonite\n|\n|upkeep\n|\n|t:|1783548991\n|switch|p2a: Lokix|Lokix, L82, M|100/100\n|turn|9\n|inactive|Time left: 300 sec this turn | 300 sec total\n|\n|t:|1783548992\n|switch|p1a: Probopass|Probopass, L91, M|257/257\n|move|p2a: Lokix|Swords Dance|p2a: Lokix\n|-boost|p2a: Lokix|atk|2\n|\n|upkeep\n|turn|10\n|inactive|Time left: 300 sec this turn | 300 sec total\n|\n|t:|1783548993\n|move|p2a: Lokix|Knock Off|p1a: Probopass\n|-damage|p1a: Probopass|101/257\n|-enditem|p1a: Probopass|Leftovers|[from] move: Knock Off|[of] p2a: Lokix\n|-damage|p2a: Lokix|91/100|[from] item: Life Orb\n|move|p1a: Probopass|Power Gem|p2a: Lokix\n|-supereffective|p2a: Lokix\n|-damage|p2a: Lokix|4/100\n|\n|upkeep\n|turn|11\n|inactive|Time left: 300 sec this turn | 300 sec total\n|\n|t:|1783548994\n|switch|p1a: Flutter Mane|Flutter Mane, L74|29/203\n|move|p2a: Lokix|Leech Life|p1a: Flutter Mane\n|-resisted|p1a: Flutter Mane\n|-damage|p1a: Flutter Mane|0 fnt\n|-heal|p2a: Lokix|10/100|[from] drain|[of] p1a: Flutter Mane\n|faint|p1a: Flutter Mane\n|-end|p1a: Flutter Mane|Protosynthesis|[silent]\n|-damage|p2a: Lokix|0 fnt|[from] item: Life Orb\n|faint|p2a: Lokix\n|\n|upkeep\n|inactive|Time left: 300 sec this turn | 300 sec total | 5 sec grace\n|\n|t:|1783548995\n|switch|p1a: Porygon-Z|Porygon-Z, L83|277/277\n|switch|p2a: Minun|Minun, L95, F|100/100\n|turn|12\n|inactive|Time left: 300 sec this turn | 300 sec total\n|\n|t:|1783548996\n|move|p2a: Minun|Nasty Plot|p2a: Minun\n|-boost|p2a: Minun|spa|2\n|move|p1a: Porygon-Z|Tri Attack|p2a: Minun\n|-damage|p2a: Minun|36/100\n|-damage|p1a: Porygon-Z|250/277|[from] item: Life Orb\n|\n|upkeep\n|turn|13\n|inactive|Time left: 300 sec this turn | 300 sec total\n|\n|t:|1783548997\n|switch|p1a: Probopass|Probopass, L91, M|101/257\n|move|p2a: Minun|Thunderbolt|p1a: Probopass\n|-damage|p1a: Probopass|0 fnt\n|faint|p1a: Probopass\n|-damage|p2a: Minun|27/100|[from] item: Life Orb\n|\n|upkeep\n|inactive|Time left: 300 sec this turn | 300 sec total | 5 sec grace\n|\n|t:|1783548997\n|switch|p1a: Spectrier|Spectrier, L75|274/274\n|turn|14\n|inactive|Time left: 300 sec this turn | 300 sec total\n|\n|t:|1783548998\n|move|p1a: Spectrier|Shadow Ball|p2a: Minun\n|-crit|p2a: Minun\n|-damage|p2a: Minun|0 fnt\n|faint|p2a: Minun\n|-ability|p1a: Spectrier|Grim Neigh|boost\n|-boost|p1a: Spectrier|spa|1\n|\n|upkeep\n|\n|t:|1783548999\n|switch|p2a: Chandelure|Chandelure, L83, F|100/100\n|turn|15\n|inactive|Time left: 300 sec this turn | 300 sec total\n|\n|t:|1783549000\n|move|p2a: Chandelure|Shadow Ball|p1a: Spectrier\n|-supereffective|p1a: Spectrier\n|-damage|p1a: Spectrier|0 fnt\n|faint|p1a: Spectrier\n|\n|upkeep\n|inactive|Time left: 300 sec this turn | 300 sec total | 5 sec grace\n|\n|t:|1783549001\n|switch|p1a: Porygon-Z|Porygon-Z, L83|250/277\n|turn|16\n|inactive|Time left: 300 sec this turn | 300 sec total\n|\n|t:|1783549002\n|switch|p2a: Brambleghast|Brambleghast, L88, F|100/100\n|move|p1a: Porygon-Z|Nasty Plot|p1a: Porygon-Z\n|-boost|p1a: Porygon-Z|spa|2\n|\n|upkeep\n|turn|17\n|inactive|Time left: 300 sec this turn | 300 sec total\n|\n|t:|1783549003\n|move|p2a: Brambleghast|Power Whip|p1a: Porygon-Z\n|-damage|p1a: Porygon-Z|75/277\n|move|p1a: Porygon-Z|Ice Beam|p2a: Brambleghast\n|-supereffective|p2a: Brambleghast\n|-damage|p2a: Brambleghast|0 fnt\n|faint|p2a: Brambleghast\n|-damage|p1a: Porygon-Z|48/277|[from] item: Life Orb\n|\n|upkeep\n|\n|t:|1783549005\n|switch|p2a: Chandelure|Chandelure, L83, F|100/100\n|turn|18\n|inactive|Time left: 300 sec this turn | 300 sec total\n|\n|t:|1783549006\n|move|p2a: Chandelure|Fire Blast|p1a: Porygon-Z\n|-damage|p1a: Porygon-Z|0 fnt\n|faint|p1a: Porygon-Z\n|\n|upkeep\n|inactive|Time left: 300 sec this turn | 300 sec total | 5 sec grace\n|\n|t:|1783549007\n|switch|p1a: Scizor|Scizor, L79, F|159/240\n|turn|19\n|inactive|Time left: 300 sec this turn | 300 sec total\n|\n|t:|1783549008\n|move|p2a: Chandelure|Fire Blast|p1a: Scizor\n|-supereffective|p1a: Scizor\n|-damage|p1a: Scizor|0 fnt\n|faint|p1a: Scizor\n|\n|upkeep\n|inactive|Time left: 300 sec this turn | 300 sec total | 5 sec grace\n|\n|t:|1783549009\n|switch|p1a: Hariyama|Hariyama, L87, F, tera:Normal|104/392 brn\n|turn|20\n|inactive|Time left: 300 sec this turn | 300 sec total\n|\n|t:|1783549009\n|move|p2a: Chandelure|Fire Blast|p1a: Hariyama\n|-crit|p1a: Hariyama\n|-damage|p1a: Hariyama|0 fnt\n|faint|p1a: Hariyama\n|\n|win|p0y8489b3c", "uploadtime": 1783549009, "views": 0, "rating": 0, "private": 0, "password": null, "_winner": "p0y8489b3c", "_our_name": "p0x84880b6"}