{"id": "battle-gen9randombattle-963", "formatid": "gen9randombattle", "format": "[Gen 9] Random Battle", "players": ["p0x9630012", "p0y9635ed5"], "log": "|init|battle\n|title|p0x9630012 vs. p0y9635ed5\n|j|\u2606p0x9630012\n|j|\u2606p0y9635ed5\n|t:|1783551060\n|gametype|singles\n|player|p1|p0x9630012|265|\n|player|p2|p0y9635ed5|101|\n|gen|9\n|tier|[Gen 9] Random Battle\n|rule|Species Clause: Limit one of each Pok\u00e9mon\n|rule|HP Percentage Mod: HP is shown in percentages\n|rule|Sleep Clause Mod: Limit one foe put to sleep\n|rule|Illusion Level Mod: Illusion disguises the Pok\u00e9mon's true level\n|\n|t:|1783551060\n|teamsize|p1|6\n|teamsize|p2|6\n|start\n|switch|p1a: Toxicroak|Toxicroak, L84, M|277/277\n|switch|p2a: Moltres|Moltres, L81|100/100\n|turn|1\n|inactive|Battle timer is ON: inactive players will automatically lose when time's up. (requested by p0y9635ed5)\n|inactive|Time left: 300 sec this turn | 300 sec total | 60 sec grace\n|inactive|p0x9630012 also wants the timer to be on.\n|\n|t:|1783551062\n|switch|p1a: Gyarados|Gyarados, L79, M|280/280\n|move|p2a: Moltres|Brave Bird|p1a: Gyarados\n|-damage|p1a: Gyarados|142/280\n|-damage|p2a: Moltres|84/100|[from] Recoil\n|\n|upkeep\n|turn|2\n|inactive|Time left: 300 sec this turn | 300 sec total\n|\n|t:|1783551064\n|move|p2a: Moltres|Brave Bird|p1a: Gyarados\n|-damage|p1a: Gyarados|7/280\n|-damage|p2a: Moltres|68/100|[from] Recoil\n|move|p1a: Gyarados|Waterfall|p2a: Moltres\n|-supereffective|p2a: Moltres\n|-damage|p2a: Moltres|3/100\n|\n|upkeep\n|turn|3\n|inactive|Time left: 300 sec this turn | 300 sec total\n|\n|t:|1783551065\n|move|p2a: Moltres|Fire Blast|p1a: Gyarados\n|-resisted|p1a: Gyarados\n|-damage|p1a: Gyarados|0 fnt\n|faint|p1a: Gyarados\n|\n|upkeep\n|inactive|Time left: 300 sec this turn | 300 sec total | 5 sec grace\n|\n|t:|1783551066\n|switch|p1a: Flutter Mane|Flutter Mane, L74|203/203\n|turn|4\n|inactive|Time left: 300 sec this turn | 300 sec total\n|\n|t:|1783551067\n|move|p1a: Flutter Mane|Moonblast|p2a: Moltres\n|-resisted|p2a: Moltres\n|-damage|p2a: Moltres|0 fnt\n|faint|p2a: Moltres\n|-damage|p1a: Flutter Mane|183/203|[from] item: Life Orb\n|\n|upkeep\n|\n|t:|1783551068\n|switch|p2a: Komala|Komala, L87, F|100/100\n|-ability|p2a: Komala|Comatose\n|turn|5\n|inactive|Time left: 300 sec this turn | 300 sec total\n|\n|t:|1783551069\n|move|p1a: Flutter Mane|Calm Mind|p1a: Flutter Mane\n|-boost|p1a: Flutter Mane|spa|1\n|-boost|p1a: Flutter Mane|spd|1\n|move|p2a: Komala|Knock Off|p1a: Flutter Mane\n|-damage|p1a: Flutter Mane|44/203\n|-enditem|p1a: Flutter Mane|Life Orb|[from] move: Knock Off|[of] p2a: Komala\n|\n|upkeep\n|turn|6\n|inactive|Time left: 300 sec this turn | 300 sec total\n|\n|t:|1783551070\n|move|p1a: Flutter Mane|Moonblast|p2a: Komala\n|-damage|p2a: Komala|62/100\n|-unboost|p2a: Komala|spa|1\n|move|p2a: Komala|Earthquake|p1a: Flutter Mane\n|-damage|p1a: Flutter Mane|0 fnt\n|faint|p1a: Flutter Mane\n|-end|p1a: Flutter Mane|Protosynthesis|[silent]\n|\n|upkeep\n|inactive|Time left: 300 sec this turn | 300 sec total | 5 sec grace\n|\n|t:|1783551071\n|switch|p1a: Mamoswine|Mamoswine, L81, F|311/311\n|turn|7\n|inactive|Time left: 300 sec this turn | 300 sec total\n|\n|t:|1783551072\n|switch|p2a: Krookodile|Krookodile, L79, M|100/100\n|-ability|p2a: Krookodile|Intimidate|boost\n|-unboost|p1a: Mamoswine|atk|1\n|move|p1a: Mamoswine|Earthquake|p2a: Krookodile\n|-damage|p2a: Krookodile|58/100\n|-damage|p1a: Mamoswine|280/311|[from] item: Life Orb\n|\n|upkeep\n|turn|8\n|inactive|Time left: 300 sec this turn | 300 sec total\n|\n|t:|1783551073\n|move|p2a: Krookodile|Earthquake|p1a: Mamoswine\n|-damage|p1a: Mamoswine|162/311\n|move|p1a: Mamoswine|Icicle Crash|p2a: Krookodile\n|-supereffective|p2a: Krookodile\n|-damage|p2a: Krookodile|0 fnt\n|faint|p2a: Krookodile\n|-damage|p1a: Mamoswine|131/311|[from] item: Life Orb\n|\n|upkeep\n|\n|t:|1783551074\n|switch|p2a: Staraptor|Staraptor, L79, M|100/100\n|turn|9\n|inactive|Time left: 300 sec this turn | 300 sec total\n|\n|t:|1783551075\n|switch|p1a: Magearna|Magearna-Original, L77|250/250\n|move|p2a: Staraptor|Brave Bird|p1a: Magearna\n|-resisted|p1a: Magearna\n|-damage|p1a: Magearna|142/250\n|-damage|p2a: Staraptor|87/100|[from] Recoil\n|\n|-heal|p1a: Magearna|157/250|[from] item: Leftovers\n|upkeep\n|turn|10\n|inactive|Time left: 300 sec this turn | 300 sec total\n|\n|t:|1783551076\n|move|p2a: Staraptor|Brave Bird|p1a: Magearna\n|-resisted|p1a: Magearna\n|-damage|p1a: Magearna|54/250\n|-damage|p2a: Staraptor|74/100|[from] Recoil\n|move|p1a: Magearna|Fleur Cannon|p2a: Staraptor\n|-damage|p2a: Staraptor|0 fnt\n|-unboost|p1a: Magearna|spa|2\n|faint|p2a: Staraptor\n|-ability|p1a: Magearna|Soul-Heart|boost\n|-boost|p1a: Magearna|spa|1\n|\n|-heal|p1a: Magearna|69/250|[from] item: Leftovers\n|upkeep\n|\n|t:|1783551078\n|switch|p2a: Komala|Komala, L87, F|62/100\n|-ability|p2a: Komala|Comatose\n|turn|11\n|inactive|Time left: 300 sec this turn | 300 sec total\n|\n|t:|1783551078\n|switch|p1a: Vigoroth|Vigoroth, L85, M|275/275\n|move|p2a: Komala|Rapid Spin|p1a: Vigoroth\n|-damage|p1a: Vigoroth|233/275\n|-boost|p2a: Komala|spe|1\n|\n|upkeep\n|turn|12\n|inactive|Time left: 300 sec this turn | 300 sec total\n|\n|t:|1783551079\n|move|p2a: Komala|Body Slam|p1a: Vigoroth\n|-damage|p1a: Vigoroth|152/275\n|move|p1a: Vigoroth|Bulk Up|p1a: Vigoroth\n|-boost|p1a: Vigoroth|atk|1\n|-boost|p1a: Vigoroth|def|1\n|\n|upkeep\n|turn|13\n|inactive|Time left: 300 sec this turn | 300 sec total\n|\n|t:|1783551080\n|move|p2a: Komala|Body Slam|p1a: Vigoroth\n|-damage|p1a: Vigoroth|101/275\n|move|p1a: Vigoroth|Bulk Up|p1a: Vigoroth\n|-boost|p1a: Vigoroth|atk|1\n|-boost|p1a: Vigoroth|def|1\n|\n|upkeep\n|turn|14\n|inactive|Time left: 300 sec this turn | 300 sec total\n|\n|t:|1783551081\n|move|p2a: Komala|Body Slam|p1a: Vigoroth\n|-damage|p1a: Vigoroth|62/275\n|-status|p1a: Vigoroth|par\n|move|p1a: Vigoroth|Slack Off|p1a: Vigoroth\n|-heal|p1a: Vigoroth|200/275 par\n|\n|upkeep\n|turn|15\n|inactive|Time left: 300 sec this turn | 300 sec total\n|\n|t:|1783551082\n|move|p2a: Komala|Knock Off|p1a: Vigoroth\n|-damage|p1a: Vigoroth|168/275 par\n|-enditem|p1a: Vigoroth|Eviolite|[from] move: Knock Off|[of] p2a: Komala\n|move|p1a: Vigoroth|Earthquake|p2a: Komala\n|-damage|p2a: Komala|0 fnt\n|faint|p2a: Komala\n|\n|upkeep\n|\n|t:|1783551084\n|switch|p2a: Bellibolt|Bellibolt, L84, F|100/100\n|turn|16\n|inactive|Time left: 300 sec this turn | 300 sec total\n|\n|t:|1783551085\n|move|p2a: Bellibolt|Muddy Water|p1a: Vigoroth\n|-damage|p1a: Vigoroth|68/275 par\n|-unboost|p1a: Vigoroth|accuracy|1\n|cant|p1a: Vigoroth|par\n|\n|upkeep\n|turn|17\n|inactive|Time left: 300 sec this turn | 300 sec total\n|\n|t:|1783551086\n|-terastallize|p1a: Vigoroth|Ground\n|move|p2a: Bellibolt|Muddy Water|p1a: Vigoroth|[miss]\n|-miss|p2a: Bellibolt|p1a: Vigoroth\n|move|p1a: Vigoroth|Earthquake|p2a: Bellibolt\n|-supereffective|p2a: Bellibolt\n|-damage|p2a: Bellibolt|0 fnt\n|faint|p2a: Bellibolt\n|\n|upkeep\n|\n|t:|1783551087\n|switch|p2a: Pachirisu|Pachirisu, L96, F|100/100\n|turn|18\n|inactive|Time left: 300 sec this turn | 300 sec total\n|\n|t:|1783551088\n|-terastallize|p2a: Pachirisu|Flying\n|move|p2a: Pachirisu|Encore|p1a: Vigoroth\n|-start|p1a: Vigoroth|Encore\n|move|p1a: Vigoroth|Earthquake|p2a: Pachirisu\n|-immune|p2a: Pachirisu\n|\n|upkeep\n|turn|19\n|inactive|Time left: 300 sec this turn | 300 sec total\n|\n|t:|1783551089\n|switch|p1a: Mamoswine|Mamoswine, L81, F|131/311\n|move|p2a: Pachirisu|Super Fang|p1a: Mamoswine\n|-damage|p1a: Mamoswine|66/311\n|\n|upkeep\n|turn|20\n|inactive|Time left: 300 sec this turn | 300 sec total\n|\n|t:|1783551090\n|move|p2a: Pachirisu|U-turn|p1a: Mamoswine\n|-damage|p1a: Mamoswine|23/311\n|move|p1a: Mamoswine|Icicle Crash|p2a: Pachirisu\n|-supereffective|p2a: Pachirisu\n|-damage|p2a: Pachirisu|0 fnt\n|faint|p2a: Pachirisu\n|-damage|p1a: Mamoswine|0 fnt|[from] item: Life Orb\n|faint|p1a: Mamoswine\n|\n|win|p0x9630012", "uploadtime": 1783551090, "views": 0, "rating": 0, "private": 0, "password": null, "_winner": "p0x9630012", "_our_name": "p0x9630012"}