{"id": "battle-gen9randombattle-1790", "formatid": "gen9randombattle", "format": "[Gen 9] Random Battle", "players": ["p0x1789a4fb", "p0y1789244f"], "log": "|init|battle\n|title|p0x1789a4fb vs. p0y1789244f\n|j|\u2606p0x1789a4fb\n|j|\u2606p0y1789244f\n|t:|1783560742\n|gametype|singles\n|player|p1|p0x1789a4fb|265|\n|player|p2|p0y1789244f|170|\n|gen|9\n|tier|[Gen 9] Random Battle\n|rule|Species Clause: Limit one of each Pok\u00e9mon\n|rule|HP Percentage Mod: HP is shown in percentages\n|rule|Sleep Clause Mod: Limit one foe put to sleep\n|rule|Illusion Level Mod: Illusion disguises the Pok\u00e9mon's true level\n|\n|t:|1783560742\n|teamsize|p1|6\n|teamsize|p2|6\n|start\n|switch|p1a: Chesnaught|Chesnaught, L84, F|100/100\n|switch|p2a: Sandy Shocks|Sandy Shocks, L80|267/267\n|turn|1\n|inactive|Battle timer is ON: inactive players will automatically lose when time's up. (requested by p0x1789a4fb)\n|inactive|Time left: 300 sec this turn | 300 sec total | 60 sec grace\n|inactive|p0y1789244f also wants the timer to be on.\n|\n|t:|1783560744\n|move|p2a: Sandy Shocks|Stealth Rock|p1a: Chesnaught\n|-sidestart|p1: p0x1789a4fb|move: Stealth Rock\n|move|p1a: Chesnaught|Trailblaze|p2a: Sandy Shocks\n|-supereffective|p2a: Sandy Shocks\n|-damage|p2a: Sandy Shocks|159/267\n|-boost|p1a: Chesnaught|spe|1\n|\n|-heal|p2a: Sandy Shocks|175/267|[from] item: Leftovers\n|upkeep\n|turn|2\n|inactive|Time left: 300 sec this turn | 300 sec total\n|\n|t:|1783560745\n|-end|p2a: Sandy Shocks|Protosynthesis|[silent]\n|switch|p2a: Gardevoir|Gardevoir, L83, F|249/249\n|-ability|p2a: Gardevoir|Bulletproof|Trace|[from] ability: Trace|[of] p1a: Chesnaught\n|move|p1a: Chesnaught|Trailblaze|p2a: Gardevoir\n|-damage|p2a: Gardevoir|182/249\n|-boost|p1a: Chesnaught|spe|1\n|\n|upkeep\n|turn|3\n|inactive|Time left: 300 sec this turn | 300 sec total\n|\n|t:|1783560746\n|move|p1a: Chesnaught|Trailblaze|p2a: Gardevoir\n|-damage|p2a: Gardevoir|112/249\n|-boost|p1a: Chesnaught|spe|1\n|move|p2a: Gardevoir|Moonblast|p1a: Chesnaught\n|-supereffective|p1a: Chesnaught\n|-damage|p1a: Chesnaught|0 fnt\n|faint|p1a: Chesnaught\n|-damage|p2a: Gardevoir|88/249|[from] item: Life Orb\n|\n|upkeep\n|\n|t:|1783560747\n|switch|p1a: Ogerpon|Ogerpon-Cornerstone, L76, F|100/100\n|-damage|p1a: Ogerpon|88/100|[from] Stealth Rock\n|turn|4\n|inactive|Time left: 300 sec this turn | 300 sec total\n|\n|t:|1783560748\n|switch|p2a: Archaludon|Archaludon, L78, F|268/268\n|move|p1a: Ogerpon|Ivy Cudgel|p2a: Archaludon|[anim] Ivy Cudgel Rock\n|-resisted|p2a: Archaludon\n|-damage|p2a: Archaludon|218/268\n|-ability|p2a: Archaludon|Stamina|boost\n|-boost|p2a: Archaludon|def|1\n|\n|upkeep\n|turn|5\n|inactive|Time left: 300 sec this turn | 300 sec total\n|\n|t:|1783560749\n|switch|p1a: Skarmory|Skarmory, L80, F|100/100\n|-damage|p1a: Skarmory|88/100|[from] Stealth Rock\n|move|p2a: Archaludon|Body Press|p1a: Skarmory\n|-damage|p1a: Skarmory|62/100\n|\n|-heal|p1a: Skarmory|68/100|[from] item: Leftovers\n|upkeep\n|turn|6\n|inactive|Time left: 300 sec this turn | 300 sec total\n|\n|t:|1783560750\n|move|p2a: Archaludon|Body Press|p1a: Skarmory\n|-damage|p1a: Skarmory|40/100\n|move|p1a: Skarmory|Roost|p1a: Skarmory\n|-heal|p1a: Skarmory|90/100\n|-singleturn|p1a: Skarmory|move: Roost\n|\n|-heal|p1a: Skarmory|96/100|[from] item: Leftovers\n|upkeep\n|turn|7\n|inactive|Time left: 300 sec this turn | 300 sec total\n|\n|t:|1783560751\n|move|p1a: Skarmory|Iron Defense|p1a: Skarmory\n|-boost|p1a: Skarmory|def|2\n|move|p2a: Archaludon|Dragon Tail|p1a: Skarmory\n|-resisted|p1a: Skarmory\n|-damage|p1a: Skarmory|92/100\n|drag|p1a: Glaceon|Glaceon, L94, M|100/100\n|\n|upkeep\n|turn|8\n|inactive|Time left: 300 sec this turn | 300 sec total\n|\n|t:|1783560752\n|move|p2a: Archaludon|Flash Cannon|p1a: Glaceon\n|-supereffective|p1a: Glaceon\n|-damage|p1a: Glaceon|46/100\n|move|p1a: Glaceon|Freeze-Dry|p2a: Archaludon\n|-damage|p2a: Archaludon|112/268\n|-ability|p2a: Archaludon|Stamina|boost\n|-boost|p2a: Archaludon|def|1\n|\n|upkeep\n|turn|9\n|inactive|Time left: 300 sec this turn | 300 sec total\n|\n|t:|1783560753\n|move|p1a: Glaceon|Protect|p1a: Glaceon\n|-singleturn|p1a: Glaceon|Protect\n|move|p2a: Archaludon|Body Press|p1a: Glaceon\n|-activate|p1a: Glaceon|move: Protect\n|\n|upkeep\n|turn|10\n|inactive|Time left: 300 sec this turn | 300 sec total\n|\n|t:|1783560753\n|switch|p1a: Kilowattrel|Kilowattrel, L83, F|100/100\n|move|p2a: Archaludon|Body Press|p1a: Kilowattrel\n|-resisted|p1a: Kilowattrel\n|-damage|p1a: Kilowattrel|70/100\n|\n|upkeep\n|turn|11\n|inactive|Time left: 300 sec this turn | 300 sec total\n|\n|t:|1783560754\n|move|p1a: Kilowattrel|Hurricane|p2a: Archaludon\n|-resisted|p2a: Archaludon\n|-damage|p2a: Archaludon|60/268\n|-ability|p2a: Archaludon|Stamina|boost\n|-boost|p2a: Archaludon|def|1\n|move|p2a: Archaludon|Body Press|p1a: Kilowattrel\n|-resisted|p1a: Kilowattrel\n|-damage|p1a: Kilowattrel|31/100\n|\n|upkeep\n|turn|12\n|inactive|Time left: 300 sec this turn | 300 sec total\n|\n|t:|1783560755\n|move|p1a: Kilowattrel|Hurricane|p2a: Archaludon\n|-resisted|p2a: Archaludon\n|-damage|p2a: Archaludon|5/268\n|-ability|p2a: Archaludon|Stamina|boost\n|-boost|p2a: Archaludon|def|1\n|move|p2a: Archaludon|Body Press|p1a: Kilowattrel\n|-resisted|p1a: Kilowattrel\n|-damage|p1a: Kilowattrel|0 fnt\n|faint|p1a: Kilowattrel\n|\n|upkeep\n|\n|t:|1783560756\n|switch|p1a: Quaquaval|Quaquaval, L79, F|100/100\n|-damage|p1a: Quaquaval|94/100|[from] Stealth Rock\n|turn|13\n|inactive|Time left: 300 sec this turn | 300 sec total\n|\n|t:|1783560757\n|switch|p2a: Spectrier|Spectrier, L75|274/274\n|move|p1a: Quaquaval|Aqua Step|p2a: Spectrier\n|-damage|p2a: Spectrier|114/274\n|-boost|p1a: Quaquaval|spe|1\n|-damage|p1a: Quaquaval|85/100|[from] item: Life Orb\n|\n|upkeep\n|turn|14\n|inactive|Time left: 300 sec this turn | 300 sec total\n|\n|t:|1783560758\n|switch|p2a: Archaludon|Archaludon, L78, F|5/268\n|move|p1a: Quaquaval|Aqua Step|p2a: Archaludon\n|-resisted|p2a: Archaludon\n|-damage|p2a: Archaludon|0 fnt\n|-boost|p1a: Quaquaval|spe|1\n|faint|p2a: Archaludon\n|-ability|p1a: Quaquaval|Moxie|boost\n|-boost|p1a: Quaquaval|atk|1\n|-damage|p1a: Quaquaval|75/100|[from] item: Life Orb\n|\n|upkeep\n|inactive|Time left: 300 sec this turn | 300 sec total | 5 sec grace\n|\n|t:|1783560759\n|switch|p2a: Muk|Muk-Alola, L82, M|306/306\n|turn|15\n|inactive|Time left: 300 sec this turn | 300 sec total\n|\n|t:|1783560760\n|move|p1a: Quaquaval|Close Combat|p2a: Muk\n|-damage|p2a: Muk|0 fnt\n|-unboost|p1a: Quaquaval|def|1\n|-unboost|p1a: Quaquaval|spd|1\n|faint|p2a: Muk\n|-ability|p1a: Quaquaval|Moxie|boost\n|-boost|p1a: Quaquaval|atk|1\n|-damage|p1a: Quaquaval|65/100|[from] item: Life Orb\n|\n|upkeep\n|inactive|Time left: 300 sec this turn | 300 sec total | 5 sec grace\n|\n|t:|1783560761\n|switch|p2a: Sandy Shocks|Sandy Shocks, L80|175/267\n|turn|16\n|inactive|Time left: 300 sec this turn | 300 sec total\n|\n|t:|1783560762\n|-end|p2a: Sandy Shocks|Protosynthesis|[silent]\n|switch|p2a: Spectrier|Spectrier, L75|114/274\n|move|p1a: Quaquaval|Close Combat|p2a: Spectrier\n|-immune|p2a: Spectrier\n|\n|upkeep\n|turn|17\n|inactive|Time left: 300 sec this turn | 300 sec total\n|\n|t:|1783560763\n|switch|p2a: Gardevoir|Gardevoir, L83, F|88/249\n|-ability|p2a: Gardevoir|Moxie|Trace|[from] ability: Trace|[of] p1a: Quaquaval\n|move|p1a: Quaquaval|Aqua Step|p2a: Gardevoir\n|-damage|p2a: Gardevoir|0 fnt\n|-boost|p1a: Quaquaval|spe|1\n|faint|p2a: Gardevoir\n|-ability|p1a: Quaquaval|Moxie|boost\n|-boost|p1a: Quaquaval|atk|1\n|-damage|p1a: Quaquaval|55/100|[from] item: Life Orb\n|\n|upkeep\n|inactive|Time left: 300 sec this turn | 300 sec total | 5 sec grace\n|\n|t:|1783560764\n|switch|p2a: Sandy Shocks|Sandy Shocks, L80|175/267\n|turn|18\n|inactive|Time left: 300 sec this turn | 300 sec total\n|\n|t:|1783560765\n|-terastallize|p2a: Sandy Shocks|Grass\n|move|p1a: Quaquaval|Close Combat|p2a: Sandy Shocks\n|-damage|p2a: Sandy Shocks|0 fnt\n|-unboost|p1a: Quaquaval|def|1\n|-unboost|p1a: Quaquaval|spd|1\n|faint|p2a: Sandy Shocks\n|-end|p2a: Sandy Shocks|Protosynthesis|[silent]\n|-ability|p1a: Quaquaval|Moxie|boost\n|-boost|p1a: Quaquaval|atk|1\n|-damage|p1a: Quaquaval|45/100|[from] item: Life Orb\n|\n|upkeep\n|inactive|Time left: 300 sec this turn | 300 sec total | 5 sec grace\n|\n|t:|1783560766\n|switch|p2a: Spectrier|Spectrier, L75|114/274\n|turn|19\n|inactive|Time left: 300 sec this turn | 300 sec total\n|\n|t:|1783560767\n|move|p1a: Quaquaval|Aqua Step|p2a: Spectrier\n|-damage|p2a: Spectrier|0 fnt\n|-boost|p1a: Quaquaval|spe|1\n|faint|p2a: Spectrier\n|-ability|p1a: Quaquaval|Moxie|boost\n|-boost|p1a: Quaquaval|atk|1\n|-damage|p1a: Quaquaval|35/100|[from] item: Life Orb\n|\n|upkeep\n|inactive|Time left: 300 sec this turn | 300 sec total | 5 sec grace\n|\n|t:|1783560768\n|switch|p2a: Komala|Komala, L87, F|255/255\n|-ability|p2a: Komala|Comatose\n|turn|20\n|inactive|Time left: 300 sec this turn | 300 sec total\n|\n|t:|1783560769\n|-terastallize|p1a: Quaquaval|Water\n|move|p1a: Quaquaval|Aqua Step|p2a: Komala\n|-damage|p2a: Komala|0 fnt\n|-boost|p1a: Quaquaval|spe|1\n|faint|p2a: Komala\n|-damage|p1a: Quaquaval|25/100|[from] item: Life Orb\n|\n|win|p0x1789a4fb", "uploadtime": 1783560769, "views": 0, "rating": 0, "private": 0, "password": null, "_winner": "p0x1789a4fb", "_our_name": "p0y1789244f"}