{"id": "battle-gen9randombattle-83", "formatid": "gen9randombattle", "format": "[Gen 9] Random Battle", "players": ["p0x083b957", "p0y083583e"], "log": "|init|battle\n|title|p0x083b957 vs. p0y083583e\n|j|\u2606p0x083b957\n|j|\u2606p0y083583e\n|t:|1783540443\n|gametype|singles\n|player|p1|p0x083b957|1|\n|player|p2|p0y083583e|102|\n|gen|9\n|tier|[Gen 9] Random Battle\n|rule|Species Clause: Limit one of each Pok\u00e9mon\n|rule|HP Percentage Mod: HP is shown in percentages\n|rule|Sleep Clause Mod: Limit one foe put to sleep\n|rule|Illusion Level Mod: Illusion disguises the Pok\u00e9mon's true level\n|\n|t:|1783540443\n|teamsize|p1|6\n|teamsize|p2|6\n|start\n|switch|p1a: Dugtrio|Dugtrio-Alola, L84, M|100/100\n|switch|p2a: Ursaring|Ursaring, L84, M|288/288\n|turn|1\n|inactive|Battle timer is ON: inactive players will automatically lose when time's up. (requested by p0y083583e)\n|inactive|p0x083b957 also wants the timer to be on.\n|\n|t:|1783540444\n|move|p1a: Dugtrio|Earthquake|p2a: Ursaring\n|-damage|p2a: Ursaring|175/288\n|-damage|p1a: Dugtrio|91/100|[from] item: Life Orb\n|move|p2a: Ursaring|Earthquake|p1a: Dugtrio\n|-supereffective|p1a: Dugtrio\n|-damage|p1a: Dugtrio|0 fnt\n|faint|p1a: Dugtrio\n|\n|upkeep\n|\n|t:|1783540445\n|switch|p1a: Mismagius|Mismagius, L86, F|100/100\n|turn|2\n|inactive|Time left: 300 sec this turn | 300 sec total\n|\n|t:|1783540446\n|move|p1a: Mismagius|Shadow Ball|p2a: Ursaring\n|-immune|p2a: Ursaring\n|move|p2a: Ursaring|Earthquake|p1a: Mismagius\n|-immune|p1a: Mismagius|[from] ability: Levitate\n|\n|upkeep\n|turn|3\n|inactive|Time left: 300 sec this turn | 300 sec total\n|\n|t:|1783540447\n|move|p1a: Mismagius|Shadow Ball|p2a: Ursaring\n|-immune|p2a: Ursaring\n|move|p2a: Ursaring|Body Slam|p1a: Mismagius\n|-immune|p1a: Mismagius\n|\n|upkeep\n|turn|4\n|inactive|Time left: 300 sec this turn | 300 sec total\n|\n|t:|1783540448\n|move|p1a: Mismagius|Shadow Ball|p2a: Ursaring\n|-immune|p2a: Ursaring\n|move|p2a: Ursaring|Body Slam|p1a: Mismagius\n|-immune|p1a: Mismagius\n|\n|upkeep\n|turn|5\n|inactive|Time left: 300 sec this turn | 300 sec total\n|\n|t:|1783540449\n|move|p1a: Mismagius|Shadow Ball|p2a: Ursaring\n|-immune|p2a: Ursaring\n|move|p2a: Ursaring|Body Slam|p1a: Mismagius\n|-immune|p1a: Mismagius\n|\n|upkeep\n|turn|6\n|inactive|Time left: 300 sec this turn | 300 sec total\n|\n|t:|1783540450\n|switch|p2a: Oinkologne|Oinkologne-F, L92, F|361/361\n|move|p1a: Mismagius|Shadow Ball|p2a: Oinkologne\n|-immune|p2a: Oinkologne\n|\n|upkeep\n|turn|7\n|inactive|Time left: 300 sec this turn | 300 sec total\n|\n|t:|1783540451\n|move|p1a: Mismagius|Shadow Ball|p2a: Oinkologne\n|-immune|p2a: Oinkologne\n|move|p2a: Oinkologne|Lash Out|p1a: Mismagius\n|-supereffective|p1a: Mismagius\n|-damage|p1a: Mismagius|38/100\n|\n|upkeep\n|turn|8\n|inactive|Time left: 300 sec this turn | 300 sec total\n|\n|t:|1783540452\n|switch|p1a: Chesnaught|Chesnaught, L84, F|100/100\n|move|p2a: Oinkologne|Lash Out|p1a: Chesnaught\n|-resisted|p1a: Chesnaught\n|-damage|p1a: Chesnaught|93/100\n|-damage|p2a: Oinkologne|301/361|[from] item: Rocky Helmet|[of] p1a: Chesnaught\n|\n|-heal|p2a: Oinkologne|323/361|[from] item: Leftovers\n|upkeep\n|turn|9\n|inactive|Time left: 300 sec this turn | 300 sec total\n|\n|t:|1783540453\n|switch|p2a: Granbull|Granbull, L88, M|302/302\n|-ability|p2a: Granbull|Intimidate|boost\n|-unboost|p1a: Chesnaught|atk|1\n|move|p1a: Chesnaught|Body Press|p2a: Granbull\n|-resisted|p2a: Granbull\n|-damage|p2a: Granbull|248/302\n|\n|-heal|p2a: Granbull|266/302|[from] item: Leftovers\n|upkeep\n|turn|10\n|inactive|Time left: 300 sec this turn | 300 sec total\n|\n|t:|1783540454\n|move|p1a: Chesnaught|Knock Off|p2a: Granbull\n|-resisted|p2a: Granbull\n|-damage|p2a: Granbull|239/302\n|-enditem|p2a: Granbull|Leftovers|[from] move: Knock Off|[of] p1a: Chesnaught\n|move|p2a: Granbull|Play Rough|p1a: Chesnaught\n|-supereffective|p1a: Chesnaught\n|-damage|p1a: Chesnaught|25/100\n|-damage|p2a: Granbull|189/302|[from] item: Rocky Helmet|[of] p1a: Chesnaught\n|\n|upkeep\n|turn|11\n|inactive|Time left: 300 sec this turn | 300 sec total\n|\n|t:|1783540455\n|move|p1a: Chesnaught|Synthesis|p1a: Chesnaught\n|-heal|p1a: Chesnaught|75/100\n|move|p2a: Granbull|Play Rough|p1a: Chesnaught|[miss]\n|-miss|p2a: Granbull|p1a: Chesnaught\n|\n|upkeep\n|turn|12\n|inactive|Time left: 300 sec this turn | 300 sec total\n|\n|t:|1783540456\n|move|p1a: Chesnaught|Body Press|p2a: Granbull\n|-resisted|p2a: Granbull\n|-damage|p2a: Granbull|132/302\n|move|p2a: Granbull|Play Rough|p1a: Chesnaught\n|-supereffective|p1a: Chesnaught\n|-damage|p1a: Chesnaught|4/100\n|-damage|p2a: Granbull|82/302|[from] item: Rocky Helmet|[of] p1a: Chesnaught\n|\n|upkeep\n|turn|13\n|inactive|Time left: 300 sec this turn | 300 sec total\n|\n|t:|1783540458\n|move|p1a: Chesnaught|Synthesis|p1a: Chesnaught\n|-heal|p1a: Chesnaught|54/100\n|move|p2a: Granbull|Play Rough|p1a: Chesnaught\n|-supereffective|p1a: Chesnaught\n|-damage|p1a: Chesnaught|0 fnt\n|-damage|p2a: Granbull|32/302|[from] item: Rocky Helmet|[of] p1a: Chesnaught\n|faint|p1a: Chesnaught\n|\n|upkeep\n|\n|t:|1783540459\n|switch|p1a: Mismagius|Mismagius, L86, F|38/100\n|turn|14\n|inactive|Time left: 300 sec this turn | 300 sec total\n|\n|t:|1783540460\n|switch|p2a: Oinkologne|Oinkologne-F, L92, F|323/361\n|move|p1a: Mismagius|Energy Ball|p2a: Oinkologne\n|-damage|p2a: Oinkologne|219/361\n|\n|-heal|p2a: Oinkologne|241/361|[from] item: Leftovers\n|upkeep\n|turn|15\n|inactive|Time left: 300 sec this turn | 300 sec total\n|\n|t:|1783540461\n|move|p1a: Mismagius|Energy Ball|p2a: Oinkologne\n|-damage|p2a: Oinkologne|144/361\n|move|p2a: Oinkologne|Lash Out|p1a: Mismagius\n|-supereffective|p1a: Mismagius\n|-damage|p1a: Mismagius|0 fnt\n|faint|p1a: Mismagius\n|\n|-heal|p2a: Oinkologne|166/361|[from] item: Leftovers\n|upkeep\n|\n|t:|1783540461\n|switch|p1a: Darkrai|Darkrai, L77|100/100\n|turn|16\n|inactive|Time left: 300 sec this turn | 300 sec total\n|\n|t:|1783540462\n|move|p1a: Darkrai|Nasty Plot|p1a: Darkrai\n|-boost|p1a: Darkrai|spa|2\n|move|p2a: Oinkologne|Body Slam|p1a: Darkrai\n|-damage|p1a: Darkrai|51/100\n|\n|-heal|p1a: Darkrai|57/100|[from] item: Leftovers\n|-heal|p2a: Oinkologne|188/361|[from] item: Leftovers\n|upkeep\n|turn|17\n|inactive|Time left: 300 sec this turn | 300 sec total\n|\n|t:|1783540463\n|move|p1a: Darkrai|Dark Pulse|p2a: Oinkologne\n|-damage|p2a: Oinkologne|13/361\n|move|p2a: Oinkologne|Body Slam|p1a: Darkrai\n|-crit|p1a: Darkrai\n|-damage|p1a: Darkrai|0 fnt\n|faint|p1a: Darkrai\n|\n|-heal|p2a: Oinkologne|35/361|[from] item: Leftovers\n|upkeep\n|\n|t:|1783540464\n|switch|p1a: Latias|Latias, L79, F|100/100\n|turn|18\n|inactive|Time left: 300 sec this turn | 300 sec total\n|\n|t:|1783540465\n|switch|p2a: Granbull|Granbull, L88, M|32/302\n|-ability|p2a: Granbull|Intimidate|boost\n|-unboost|p1a: Latias|atk|1\n|move|p1a: Latias|Calm Mind|p1a: Latias\n|-boost|p1a: Latias|spa|1\n|-boost|p1a: Latias|spd|1\n|\n|upkeep\n|turn|19\n|inactive|Time left: 300 sec this turn | 300 sec total\n|\n|t:|1783540466\n|switch|p2a: Honchkrow|Honchkrow, L86, M|312/312\n|move|p1a: Latias|Psyshock|p2a: Honchkrow\n|-immune|p2a: Honchkrow\n|\n|upkeep\n|turn|20\n|inactive|Time left: 300 sec this turn | 300 sec total\n|\n|t:|1783540467\n|move|p1a: Latias|Draco Meteor|p2a: Honchkrow\n|-damage|p2a: Honchkrow|0 fnt\n|-unboost|p1a: Latias|spa|2\n|faint|p2a: Honchkrow\n|\n|upkeep\n|inactive|Time left: 300 sec this turn | 300 sec total | 5 sec grace\n|\n|t:|1783540468\n|switch|p2a: Charizard|Charizard, L85, F|271/271\n|turn|21\n|inactive|Time left: 300 sec this turn | 300 sec total\n|\n|t:|1783540469\n|move|p2a: Charizard|Swords Dance|p2a: Charizard\n|-boost|p2a: Charizard|atk|2\n|move|p1a: Latias|Calm Mind|p1a: Latias\n|-boost|p1a: Latias|spa|1\n|-boost|p1a: Latias|spd|1\n|\n|upkeep\n|turn|22\n|inactive|Time left: 300 sec this turn | 300 sec total\n|\n|t:|1783540470\n|move|p1a: Latias|Draco Meteor|p2a: Charizard\n|-damage|p2a: Charizard|114/271\n|-unboost|p1a: Latias|spa|2\n|move|p2a: Charizard|Outrage|p1a: Latias\n|-supereffective|p1a: Latias\n|-damage|p1a: Latias|0 fnt\n|faint|p1a: Latias\n|\n|upkeep\n|\n|t:|1783540471\n|switch|p1a: Froslass|Froslass, L87, F|100/100\n|turn|23\n|inactive|Time left: 300 sec this turn | 300 sec total\n|\n|t:|1783540472\n|move|p1a: Froslass|Triple Axel|p2a: Charizard\n|-damage|p2a: Charizard|90/271\n|-damage|p2a: Charizard|50/271\n|-damage|p2a: Charizard|0 fnt\n|faint|p2a: Charizard\n|-hitcount|p2: Charizard|3\n|\n|upkeep\n|inactive|Time left: 300 sec this turn | 300 sec total | 5 sec grace\n|\n|t:|1783540473\n|switch|p2a: Haxorus|Haxorus, L77, M|244/244\n|-ability|p2a: Haxorus|Mold Breaker\n|turn|24\n|inactive|Time left: 300 sec this turn | 300 sec total\n|\n|t:|1783540474\n|-terastallize|p2a: Haxorus|Steel\n|move|p1a: Froslass|Will-O-Wisp|p2a: Haxorus\n|-status|p2a: Haxorus|brn\n|-enditem|p2a: Haxorus|Lum Berry|[eat]\n|-curestatus|p2a: Haxorus|brn|[msg]\n|move|p2a: Haxorus|Outrage|p1a: Froslass\n|-damage|p1a: Froslass|40/100\n|\n|upkeep\n|turn|25\n|inactive|Time left: 300 sec this turn | 300 sec total\n|\n|t:|1783540475\n|move|p1a: Froslass|Poltergeist||[still]\n|-fail|p1a: Froslass\n|move|p2a: Haxorus|Outrage|p1a: Froslass|[from] lockedmove\n|-damage|p1a: Froslass|0 fnt\n|-start|p2a: Haxorus|Disable|Outrage|[from] ability: Cursed Body|[of] p1a: Froslass\n|faint|p1a: Froslass\n|\n|win|p0y083583e", "uploadtime": 1783540475, "views": 0, "rating": 0, "private": 0, "password": null, "_winner": "p0y083583e", "_our_name": "p0y083583e"}