{"id": "battle-gen9randombattle-2972", "formatid": "gen9randombattle", "format": "[Gen 9] Random Battle", "players": ["p0x2972309a", "p0y2972dfa1"], "log": "|init|battle\n|title|p0x2972309a vs. p0y2972dfa1\n|j|\u2606p0x2972309a\n|j|\u2606p0y2972dfa1\n|t:|1783573235\n|gametype|singles\n|player|p1|p0x2972309a|169|\n|player|p2|p0y2972dfa1|169|\n|gen|9\n|tier|[Gen 9] Random Battle\n|rule|Species Clause: Limit one of each Pok\u00e9mon\n|rule|HP Percentage Mod: HP is shown in percentages\n|rule|Sleep Clause Mod: Limit one foe put to sleep\n|rule|Illusion Level Mod: Illusion disguises the Pok\u00e9mon's true level\n|\n|t:|1783573235\n|teamsize|p1|6\n|teamsize|p2|6\n|start\n|switch|p1a: Latios|Latios, L78, M|100/100\n|switch|p2a: Iron Moth|Iron Moth, L78|253/253\n|turn|1\n|inactive|Battle timer is ON: inactive players will automatically lose when time's up. (requested by p0y2972dfa1)\n|inactive|p0x2972309a also wants the timer to be on.\n|\n|t:|1783573236\n|move|p1a: Latios|Luster Purge|p2a: Iron Moth\n|-supereffective|p2a: Iron Moth\n|-damage|p2a: Iron Moth|0 fnt\n|faint|p2a: Iron Moth\n|-end|p2a: Iron Moth|Quark Drive|[silent]\n|\n|upkeep\n|inactive|Time left: 300 sec this turn | 300 sec total | 65 sec grace\n|\n|t:|1783573238\n|switch|p2a: Araquanid|Araquanid, L82, F|246/246\n|turn|2\n|inactive|Time left: 300 sec this turn | 300 sec total\n|\n|t:|1783573239\n|move|p1a: Latios|Luster Purge|p2a: Araquanid\n|-damage|p2a: Araquanid|155/246\n|-unboost|p2a: Araquanid|spd|1\n|move|p2a: Araquanid|Sticky Web|p1a: Latios\n|-sidestart|p1: p0x2972309a|move: Sticky Web\n|\n|upkeep\n|turn|3\n|inactive|Time left: 300 sec this turn | 300 sec total\n|\n|t:|1783573240\n|switch|p2a: Blissey|Blissey, L85, F|572/572\n|move|p1a: Latios|Luster Purge|p2a: Blissey\n|-damage|p2a: Blissey|472/572\n|\n|-heal|p2a: Blissey|507/572|[from] item: Leftovers\n|upkeep\n|turn|4\n|inactive|Time left: 300 sec this turn | 300 sec total\n|\n|t:|1783573240\n|switch|p1a: Toucannon|Toucannon, L88, M|100/100\n|move|p2a: Blissey|Seismic Toss|p1a: Toucannon\n|-damage|p1a: Toucannon|71/100\n|\n|-heal|p2a: Blissey|542/572|[from] item: Leftovers\n|upkeep\n|turn|5\n|inactive|Time left: 300 sec this turn | 300 sec total\n|\n|t:|1783573241\n|switch|p2a: Rotom|Rotom, L88|231/231\n|-singleturn|p1a: Toucannon|move: Beak Blast\n|move|p1a: Toucannon|Beak Blast|p2a: Rotom\n|-resisted|p2a: Rotom\n|-damage|p2a: Rotom|165/231\n|\n|upkeep\n|turn|6\n|inactive|Time left: 300 sec this turn | 300 sec total\n|\n|t:|1783573242\n|switch|p1a: Latios|Latios, L78, M|100/100\n|move|p2a: Rotom|Thunderbolt|p1a: Latios\n|-resisted|p1a: Latios\n|-damage|p1a: Latios|83/100\n|\n|upkeep\n|turn|7\n|inactive|Time left: 300 sec this turn | 300 sec total\n|\n|t:|1783573243\n|switch|p2a: Blissey|Blissey, L85, F|542/572\n|move|p1a: Latios|Luster Purge|p2a: Blissey\n|-damage|p2a: Blissey|443/572\n|-unboost|p2a: Blissey|spd|1\n|\n|-heal|p2a: Blissey|478/572|[from] item: Leftovers\n|upkeep\n|turn|8\n|inactive|Time left: 300 sec this turn | 300 sec total\n|\n|t:|1783573244\n|move|p1a: Latios|Luster Purge|p2a: Blissey\n|-damage|p2a: Blissey|345/572\n|-unboost|p2a: Blissey|spd|1\n|move|p2a: Blissey|Seismic Toss|p1a: Latios\n|-damage|p1a: Latios|49/100\n|\n|-heal|p2a: Blissey|380/572|[from] item: Leftovers\n|upkeep\n|turn|9\n|inactive|Time left: 300 sec this turn | 300 sec total\n|\n|t:|1783573245\n|move|p1a: Latios|Recover|p1a: Latios\n|-heal|p1a: Latios|99/100\n|move|p2a: Blissey|Soft-Boiled|p2a: Blissey\n|-heal|p2a: Blissey|572/572\n|\n|upkeep\n|turn|10\n|inactive|Time left: 300 sec this turn | 300 sec total\n|\n|t:|1783573245\n|move|p1a: Latios|Luster Purge|p2a: Blissey\n|-damage|p2a: Blissey|389/572\n|move|p2a: Blissey|Seismic Toss|p1a: Latios\n|-damage|p1a: Latios|66/100\n|\n|-heal|p2a: Blissey|424/572|[from] item: Leftovers\n|upkeep\n|turn|11\n|inactive|Time left: 300 sec this turn | 300 sec total\n|\n|t:|1783573246\n|move|p1a: Latios|Luster Purge|p2a: Blissey\n|-damage|p2a: Blissey|252/572\n|-unboost|p2a: Blissey|spd|1\n|move|p2a: Blissey|Seismic Toss|p1a: Latios\n|-damage|p1a: Latios|32/100\n|\n|-heal|p2a: Blissey|287/572|[from] item: Leftovers\n|upkeep\n|turn|12\n|inactive|Time left: 300 sec this turn | 300 sec total\n|\n|t:|1783573247\n|move|p1a: Latios|Draco Meteor|p2a: Blissey\n|-crit|p2a: Blissey\n|-damage|p2a: Blissey|0 fnt\n|-unboost|p1a: Latios|spa|2\n|faint|p2a: Blissey\n|\n|upkeep\n|inactive|Time left: 300 sec this turn | 300 sec total | 5 sec grace\n|\n|t:|1783573248\n|switch|p2a: Mewtwo|Mewtwo, L72|272/272\n|-ability|p2a: Mewtwo|Pressure\n|turn|13\n|inactive|Time left: 300 sec this turn | 300 sec total\n|\n|t:|1783573249\n|switch|p1a: Kingdra|Kingdra, L84, F|100/100\n|-activate|p1a: Kingdra|move: Sticky Web\n|-unboost|p1a: Kingdra|spe|1\n|move|p2a: Mewtwo|Nasty Plot|p2a: Mewtwo\n|-boost|p2a: Mewtwo|spa|2\n|\n|upkeep\n|turn|14\n|inactive|Time left: 300 sec this turn | 300 sec total\n|\n|t:|1783573250\n|move|p2a: Mewtwo|Psystrike|p1a: Kingdra\n|-damage|p1a: Kingdra|0 fnt\n|faint|p1a: Kingdra\n|-damage|p2a: Mewtwo|245/272|[from] item: Life Orb\n|\n|upkeep\n|\n|t:|1783573252\n|switch|p1a: Forretress|Forretress, L84, F|100/100\n|-activate|p1a: Forretress|move: Sticky Web\n|-unboost|p1a: Forretress|spe|1\n|turn|15\n|inactive|Time left: 300 sec this turn | 300 sec total\n|\n|t:|1783573253\n|move|p2a: Mewtwo|Aura Sphere|p1a: Forretress\n|-damage|p1a: Forretress|18/100\n|-damage|p2a: Mewtwo|218/272|[from] item: Life Orb\n|move|p1a: Forretress|Iron Head|p2a: Mewtwo\n|-damage|p2a: Mewtwo|127/272\n|\n|-heal|p1a: Forretress|24/100|[from] item: Leftovers\n|upkeep\n|turn|16\n|inactive|Time left: 300 sec this turn | 300 sec total\n|\n|t:|1783573254\n|move|p2a: Mewtwo|Psystrike|p1a: Forretress\n|-resisted|p1a: Forretress\n|-damage|p1a: Forretress|0 fnt\n|faint|p1a: Forretress\n|-damage|p2a: Mewtwo|100/272|[from] item: Life Orb\n|\n|upkeep\n|\n|t:|1783573255\n|switch|p1a: Exeggutor|Exeggutor, L89, M|100/100\n|-activate|p1a: Exeggutor|move: Sticky Web\n|-unboost|p1a: Exeggutor|spe|1\n|turn|17\n|inactive|Time left: 300 sec this turn | 300 sec total\n|\n|t:|1783573256\n|move|p2a: Mewtwo|Recover|p2a: Mewtwo\n|-heal|p2a: Mewtwo|236/272\n|move|p1a: Exeggutor|Giga Drain|p2a: Mewtwo\n|-damage|p2a: Mewtwo|118/272\n|\n|upkeep\n|turn|18\n|inactive|Time left: 300 sec this turn | 300 sec total\n|\n|t:|1783573257\n|move|p2a: Mewtwo|Recover|p2a: Mewtwo\n|-heal|p2a: Mewtwo|254/272\n|move|p1a: Exeggutor|Giga Drain|p2a: Mewtwo\n|-damage|p2a: Mewtwo|133/272\n|\n|upkeep\n|turn|19\n|inactive|Time left: 300 sec this turn | 300 sec total\n|\n|t:|1783573258\n|move|p2a: Mewtwo|Recover|p2a: Mewtwo\n|-heal|p2a: Mewtwo|269/272\n|move|p1a: Exeggutor|Giga Drain|p2a: Mewtwo\n|-damage|p2a: Mewtwo|142/272\n|\n|upkeep\n|turn|20\n|inactive|Time left: 300 sec this turn | 300 sec total\n|\n|t:|1783573260\n|move|p2a: Mewtwo|Recover|p2a: Mewtwo\n|-heal|p2a: Mewtwo|272/272\n|move|p1a: Exeggutor|Giga Drain|p2a: Mewtwo\n|-damage|p2a: Mewtwo|146/272\n|\n|upkeep\n|turn|21\n|inactive|Time left: 300 sec this turn | 300 sec total\n|\n|t:|1783573261\n|move|p2a: Mewtwo|Recover|p2a: Mewtwo\n|-heal|p2a: Mewtwo|272/272\n|move|p1a: Exeggutor|Giga Drain|p2a: Mewtwo\n|-crit|p2a: Mewtwo\n|-damage|p2a: Mewtwo|101/272\n|\n|upkeep\n|turn|22\n|inactive|Time left: 300 sec this turn | 300 sec total\n|\n|t:|1783573262\n|move|p2a: Mewtwo|Recover|p2a: Mewtwo\n|-heal|p2a: Mewtwo|237/272\n|move|p1a: Exeggutor|Giga Drain|p2a: Mewtwo\n|-damage|p2a: Mewtwo|107/272\n|\n|upkeep\n|turn|23\n|inactive|Time left: 300 sec this turn | 300 sec total\n|\n|t:|1783573263\n|move|p2a: Mewtwo|Recover|p2a: Mewtwo\n|-heal|p2a: Mewtwo|243/272\n|move|p1a: Exeggutor|Giga Drain|p2a: Mewtwo\n|-damage|p2a: Mewtwo|119/272\n|\n|upkeep\n|turn|24\n|inactive|Time left: 300 sec this turn | 300 sec total\n|\n|t:|1783573264\n|move|p2a: Mewtwo|Recover|p2a: Mewtwo\n|-heal|p2a: Mewtwo|255/272\n|move|p1a: Exeggutor|Giga Drain|p2a: Mewtwo\n|-damage|p2a: Mewtwo|128/272\n|\n|upkeep\n|turn|25\n|inactive|Time left: 300 sec this turn | 300 sec total\n|\n|t:|1783573266\n|move|p2a: Mewtwo|Nasty Plot|p2a: Mewtwo\n|-boost|p2a: Mewtwo|spa|2\n|move|p1a: Exeggutor|Calm Mind|p1a: Exeggutor\n|-boost|p1a: Exeggutor|spa|1\n|-boost|p1a: Exeggutor|spd|1\n|\n|upkeep\n|turn|26\n|inactive|Time left: 300 sec this turn | 300 sec total\n|\n|t:|1783573267\n|move|p2a: Mewtwo|Psystrike|p1a: Exeggutor\n|-resisted|p1a: Exeggutor\n|-damage|p1a: Exeggutor|33/100\n|-enditem|p1a: Exeggutor|Sitrus Berry|[eat]\n|-heal|p1a: Exeggutor|58/100|[from] item: Sitrus Berry\n|-damage|p2a: Mewtwo|101/272|[from] item: Life Orb\n|move|p1a: Exeggutor|Psychic|p2a: Mewtwo\n|-resisted|p2a: Mewtwo\n|-damage|p2a: Mewtwo|0 fnt\n|faint|p2a: Mewtwo\n|\n|upkeep\n|inactive|Time left: 300 sec this turn | 300 sec total | 5 sec grace\n|\n|t:|1783573267\n|switch|p2a: Araquanid|Araquanid, L82, F|155/246\n|turn|27\n|inactive|Time left: 300 sec this turn | 300 sec total\n|\n|t:|1783573268\n|-terastallize|p1a: Exeggutor|Steel\n|move|p2a: Araquanid|Leech Life|p1a: Exeggutor\n|-resisted|p1a: Exeggutor\n|-damage|p1a: Exeggutor|49/100\n|-heal|p2a: Araquanid|169/246|[from] drain|[of] p1a: Exeggutor\n|move|p1a: Exeggutor|Psychic|p2a: Araquanid\n|-damage|p2a: Araquanid|33/246\n|\n|-item|p1a: Exeggutor|Sitrus Berry|[from] ability: Harvest\n|upkeep\n|-enditem|p1a: Exeggutor|Sitrus Berry|[eat]\n|-heal|p1a: Exeggutor|74/100|[from] item: Sitrus Berry\n|turn|28\n|inactive|Time left: 300 sec this turn | 300 sec total\n|\n|t:|1783573269\n|move|p2a: Araquanid|Liquidation|p1a: Exeggutor\n|-damage|p1a: Exeggutor|36/100\n|move|p1a: Exeggutor|Psychic|p2a: Araquanid\n|-damage|p2a: Araquanid|0 fnt\n|faint|p2a: Araquanid\n|\n|-item|p1a: Exeggutor|Sitrus Berry|[from] ability: Harvest\n|upkeep\n|-enditem|p1a: Exeggutor|Sitrus Berry|[eat]\n|-heal|p1a: Exeggutor|60/100|[from] item: Sitrus Berry\n|inactive|Time left: 300 sec this turn | 300 sec total | 5 sec grace\n|\n|t:|1783573270\n|switch|p2a: Rotom|Rotom, L88|165/231\n|turn|29\n|inactive|Time left: 300 sec this turn | 300 sec total\n|\n|t:|1783573271\n|move|p2a: Rotom|Volt Switch|p1a: Exeggutor\n|-damage|p1a: Exeggutor|41/100\n|inactive|Time left: 300 sec this turn | 300 sec total | 5 sec grace\n|\n|t:|1783573272\n|switch|p2a: Ditto|Ditto, L87|225/225|[from] Volt Switch\n|-transform|p2a: Ditto|p1a: Exeggutor|[from] ability: Imposter\n|move|p1a: Exeggutor|Psychic|p2a: Ditto\n|-resisted|p2a: Ditto\n|-damage|p2a: Ditto|156/225\n|\n|upkeep\n|-start|p2a: Ditto|typechange|Grass/Psychic|[silent]\n|turn|30\n|inactive|Time left: 300 sec this turn | 300 sec total\n|\n|t:|1783573273\n|move|p2a: Ditto|Sleep Powder|p1a: Exeggutor\n|-status|p1a: Exeggutor|slp|[from] move: Sleep Powder\n|cant|p1a: Exeggutor|slp\n|\n|-item|p1a: Exeggutor|Sitrus Berry|[from] ability: Harvest\n|upkeep\n|-enditem|p1a: Exeggutor|Sitrus Berry|[eat]\n|-heal|p1a: Exeggutor|66/100 slp|[from] item: Sitrus Berry\n|turn|31\n|inactive|Time left: 300 sec this turn | 300 sec total\n|\n|t:|1783573274\n|move|p2a: Ditto|Sleep Powder|p1a: Exeggutor|[miss]\n|-miss|p2a: Ditto|p1a: Exeggutor\n|cant|p1a: Exeggutor|slp\n|\n|upkeep\n|turn|32\n|inactive|Time left: 300 sec this turn | 300 sec total\n|\n|t:|1783573275\n|move|p2a: Ditto|Sleep Powder|p1a: Exeggutor\n|-fail|p1a: Exeggutor|slp\n|cant|p1a: Exeggutor|slp\n|\n|-item|p1a: Exeggutor|Sitrus Berry|[from] ability: Harvest\n|upkeep\n|turn|33\n|inactive|Time left: 300 sec this turn | 300 sec total\n|\n|t:|1783573276\n|move|p2a: Ditto|Sleep Powder|p1a: Exeggutor\n|-fail|p1a: Exeggutor|slp\n|-curestatus|p1a: Exeggutor|slp|[msg]\n|move|p1a: Exeggutor|Psychic|p2a: Ditto\n|-resisted|p2a: Ditto\n|-damage|p2a: Ditto|85/225\n|\n|upkeep\n|turn|34\n|inactive|Time left: 300 sec this turn | 300 sec total\n|\n|t:|1783573276\n|move|p2a: Ditto|Sleep Powder|p1a: Exeggutor\n|-status|p1a: Exeggutor|slp|[from] move: Sleep Powder\n|cant|p1a: Exeggutor|slp\n|\n|upkeep\n|turn|35\n|inactive|Time left: 300 sec this turn | 300 sec total\n|\n|t:|1783573277\n|-activate|p2a: Ditto|move: Struggle\n|move|p2a: Ditto|Struggle|p1a: Exeggutor\n|-damage|p1a: Exeggutor|57/100 slp\n|-damage|p2a: Ditto|29/225|[from] recoil\n|-curestatus|p1a: Exeggutor|slp|[msg]\n|move|p1a: Exeggutor|Psychic|p2a: Ditto\n|-resisted|p2a: Ditto\n|-damage|p2a: Ditto|0 fnt\n|faint|p2a: Ditto\n|\n|upkeep\n|inactive|Time left: 300 sec this turn | 300 sec total | 5 sec grace\n|\n|t:|1783573278\n|switch|p2a: Rotom|Rotom, L88|165/231\n|turn|36\n|inactive|Time left: 300 sec this turn | 300 sec total\n|\n|t:|1783573279\n|-terastallize|p2a: Rotom|Electric\n|move|p2a: Rotom|Thunderbolt|p1a: Exeggutor\n|-damage|p1a: Exeggutor|26/100\n|-enditem|p1a: Exeggutor|Sitrus Berry|[eat]\n|-heal|p1a: Exeggutor|51/100|[from] item: Sitrus Berry\n|move|p1a: Exeggutor|Psychic|p2a: Rotom\n|-damage|p2a: Rotom|0 fnt\n|faint|p2a: Rotom\n|\n|win|p0x2972309a", "uploadtime": 1783573279, "views": 0, "rating": 0, "private": 0, "password": null, "_winner": "p0x2972309a", "_our_name": "p0y2972dfa1"}