{"id": "battle-gen9randombattle-745", "formatid": "gen9randombattle", "format": "[Gen 9] Random Battle", "players": ["p0x745cb9e", "p0y7452a15"], "log": "|init|battle\n|title|p0x745cb9e vs. p0y7452a15\n|j|\u2606p0x745cb9e\n|j|\u2606p0y7452a15\n|t:|1783547767\n|gametype|singles\n|player|p1|p0x745cb9e|101|\n|player|p2|p0y7452a15|266|\n|gen|9\n|tier|[Gen 9] Random Battle\n|rule|Species Clause: Limit one of each Pok\u00e9mon\n|rule|HP Percentage Mod: HP is shown in percentages\n|rule|Sleep Clause Mod: Limit one foe put to sleep\n|rule|Illusion Level Mod: Illusion disguises the Pok\u00e9mon's true level\n|\n|t:|1783547767\n|teamsize|p1|6\n|teamsize|p2|6\n|start\n|switch|p1a: Flutter Mane|Flutter Mane, L74|203/203\n|switch|p2a: Muk|Muk, L86, M|100/100\n|turn|1\n|inactive|Battle timer is ON: inactive players will automatically lose when time's up. (requested by p0y7452a15)\n|inactive|Time left: 300 sec this turn | 300 sec total | 60 sec grace\n|inactive|p0x745cb9e also wants the timer to be on.\n|\n|t:|1783547769\n|-end|p1a: Flutter Mane|Protosynthesis|[silent]\n|switch|p1a: Weezing|Weezing, L88, M|258/258\n|move|p2a: Muk|Poison Jab|p1a: Weezing\n|-resisted|p1a: Weezing\n|-damage|p1a: Weezing|221/258\n|\n|-heal|p1a: Weezing|237/258|[from] item: Leftovers\n|upkeep\n|turn|2\n|inactive|Time left: 300 sec this turn | 300 sec total\n|\n|t:|1783547770\n|move|p1a: Weezing|Toxic Spikes|p2a: Muk\n|-sidestart|p2: p0y7452a15|move: Toxic Spikes\n|move|p2a: Muk|Knock Off|p1a: Weezing\n|-crit|p1a: Weezing\n|-damage|p1a: Weezing|156/258\n|-enditem|p1a: Weezing|Leftovers|[from] move: Knock Off|[of] p2a: Muk\n|\n|upkeep\n|turn|3\n|inactive|Time left: 300 sec this turn | 300 sec total\n|\n|t:|1783547771\n|move|p1a: Weezing|Pain Split|p2a: Muk\n|-sethp|p2a: Muk|75/100|[from] move: Pain Split|[silent]\n|-sethp|p1a: Weezing|238/258|[from] move: Pain Split\n|move|p2a: Muk|Knock Off|p1a: Weezing\n|-damage|p1a: Weezing|202/258\n|\n|-heal|p2a: Muk|81/100|[from] item: Leftovers\n|upkeep\n|turn|4\n|inactive|Time left: 300 sec this turn | 300 sec total\n|\n|t:|1783547772\n|move|p1a: Weezing|Pain Split|p2a: Muk\n|-sethp|p2a: Muk|72/100|[from] move: Pain Split|[silent]\n|-sethp|p1a: Weezing|230/258|[from] move: Pain Split\n|move|p2a: Muk|Knock Off|p1a: Weezing\n|-damage|p1a: Weezing|191/258\n|\n|-heal|p2a: Muk|78/100|[from] item: Leftovers\n|upkeep\n|turn|5\n|inactive|Time left: 300 sec this turn | 300 sec total\n|\n|t:|1783547774\n|move|p1a: Weezing|Gunk Shot|p2a: Muk\n|-resisted|p2a: Muk\n|-damage|p2a: Muk|54/100\n|move|p2a: Muk|Drain Punch|p1a: Weezing\n|-resisted|p1a: Weezing\n|-damage|p1a: Weezing|168/258\n|-heal|p2a: Muk|58/100|[from] drain|[of] p1a: Weezing\n|\n|-heal|p2a: Muk|64/100|[from] item: Leftovers\n|upkeep\n|turn|6\n|inactive|Time left: 300 sec this turn | 300 sec total\n|\n|t:|1783547775\n|move|p1a: Weezing|Pain Split|p2a: Muk\n|-sethp|p2a: Muk|58/100|[from] move: Pain Split|[silent]\n|-sethp|p1a: Weezing|186/258|[from] move: Pain Split\n|move|p2a: Muk|Drain Punch|p1a: Weezing\n|-resisted|p1a: Weezing\n|-damage|p1a: Weezing|165/258\n|-heal|p2a: Muk|62/100|[from] drain|[of] p1a: Weezing\n|\n|-heal|p2a: Muk|68/100|[from] item: Leftovers\n|upkeep\n|turn|7\n|inactive|Time left: 300 sec this turn | 300 sec total\n|\n|t:|1783547776\n|move|p1a: Weezing|Toxic Spikes|p2a: Muk\n|-sidestart|p2: p0y7452a15|move: Toxic Spikes\n|move|p2a: Muk|Drain Punch|p1a: Weezing\n|-resisted|p1a: Weezing\n|-damage|p1a: Weezing|143/258\n|-heal|p2a: Muk|72/100|[from] drain|[of] p1a: Weezing\n|\n|-heal|p2a: Muk|78/100|[from] item: Leftovers\n|upkeep\n|turn|8\n|inactive|Time left: 300 sec this turn | 300 sec total\n|\n|t:|1783547777\n|move|p1a: Weezing|Pain Split|p2a: Muk\n|-sethp|p2a: Muk|61/100|[from] move: Pain Split|[silent]\n|-sethp|p1a: Weezing|195/258|[from] move: Pain Split\n|move|p2a: Muk|Knock Off|p1a: Weezing\n|-damage|p1a: Weezing|156/258\n|\n|-heal|p2a: Muk|67/100|[from] item: Leftovers\n|upkeep\n|turn|9\n|inactive|Time left: 300 sec this turn | 300 sec total\n|\n|t:|1783547778\n|move|p1a: Weezing|Pain Split|p2a: Muk\n|-sethp|p2a: Muk|58/100|[from] move: Pain Split|[silent]\n|-sethp|p1a: Weezing|185/258|[from] move: Pain Split\n|move|p2a: Muk|Knock Off|p1a: Weezing\n|-damage|p1a: Weezing|144/258\n|\n|-heal|p2a: Muk|64/100|[from] item: Leftovers\n|upkeep\n|turn|10\n|inactive|Time left: 300 sec this turn | 300 sec total\n|\n|t:|1783547779\n|move|p1a: Weezing|Fire Blast|p2a: Muk\n|-damage|p2a: Muk|42/100\n|move|p2a: Muk|Poison Jab|p1a: Weezing\n|-resisted|p1a: Weezing\n|-damage|p1a: Weezing|109/258\n|\n|-heal|p2a: Muk|48/100|[from] item: Leftovers\n|upkeep\n|turn|11\n|inactive|Time left: 300 sec this turn | 300 sec total\n|\n|t:|1783547780\n|move|p1a: Weezing|Gunk Shot|p2a: Muk\n|-resisted|p2a: Muk\n|-damage|p2a: Muk|24/100\n|move|p2a: Muk|Poison Jab|p1a: Weezing\n|-resisted|p1a: Weezing\n|-damage|p1a: Weezing|75/258\n|\n|-heal|p2a: Muk|30/100|[from] item: Leftovers\n|upkeep\n|turn|12\n|inactive|Time left: 300 sec this turn | 300 sec total\n|\n|t:|1783547781\n|move|p1a: Weezing|Fire Blast|p2a: Muk\n|-damage|p2a: Muk|10/100\n|-status|p2a: Muk|brn\n|move|p2a: Muk|Drain Punch|p1a: Weezing\n|-resisted|p1a: Weezing\n|-damage|p1a: Weezing|64/258\n|-heal|p2a: Muk|12/100 brn|[from] drain|[of] p1a: Weezing\n|\n|-heal|p2a: Muk|18/100 brn|[from] item: Leftovers\n|-damage|p2a: Muk|12/100 brn|[from] brn\n|upkeep\n|turn|13\n|inactive|Time left: 300 sec this turn | 300 sec total\n|\n|t:|1783547782\n|move|p1a: Weezing|Fire Blast|p2a: Muk\n|-damage|p2a: Muk|0 fnt\n|faint|p2a: Muk\n|\n|upkeep\n|\n|t:|1783547783\n|switch|p2a: Bruxish|Bruxish, L85, F|100/100\n|-status|p2a: Bruxish|tox\n|turn|14\n|inactive|Time left: 300 sec this turn | 300 sec total\n|\n|t:|1783547784\n|move|p2a: Bruxish|Psychic Fangs|p1a: Weezing\n|-supereffective|p1a: Weezing\n|-damage|p1a: Weezing|0 fnt\n|faint|p1a: Weezing\n|\n|-damage|p2a: Bruxish|95/100 tox|[from] psn\n|upkeep\n|inactive|Time left: 300 sec this turn | 300 sec total | 5 sec grace\n|\n|t:|1783547785\n|switch|p1a: Abomasnow|Abomasnow, L84, F|287/287\n|-weather|Snowscape|[from] ability: Snow Warning|[of] p1a: Abomasnow\n|turn|15\n|inactive|Time left: 300 sec this turn | 300 sec total\n|\n|t:|1783547786\n|move|p2a: Bruxish|Psychic Fangs|p1a: Abomasnow\n|-damage|p1a: Abomasnow|125/287\n|move|p1a: Abomasnow|Aurora Veil|p1a: Abomasnow\n|-sidestart|p1: p0x745cb9e|move: Aurora Veil\n|\n|-weather|Snowscape|[upkeep]\n|-damage|p2a: Bruxish|83/100 tox|[from] psn\n|upkeep\n|turn|16\n|inactive|Time left: 300 sec this turn | 300 sec total\n|\n|t:|1783547786\n|switch|p1a: Stonjourner|Stonjourner, L91, M|330/330\n|move|p2a: Bruxish|Psychic Fangs|p1a: Stonjourner\n|-sideend|p1: p0x745cb9e|move: Aurora Veil\n|-damage|p1a: Stonjourner|186/330\n|\n|-weather|Snowscape|[upkeep]\n|-damage|p2a: Bruxish|65/100 tox|[from] psn\n|upkeep\n|turn|17\n|inactive|Time left: 300 sec this turn | 300 sec total\n|\n|t:|1783547787\n|move|p2a: Bruxish|Psychic Fangs|p1a: Stonjourner\n|-damage|p1a: Stonjourner|48/330\n|move|p1a: Stonjourner|Stone Edge|p2a: Bruxish\n|-damage|p2a: Bruxish|0 fnt\n|faint|p2a: Bruxish\n|-damage|p1a: Stonjourner|15/330|[from] item: Life Orb\n|\n|-weather|Snowscape|[upkeep]\n|upkeep\n|\n|t:|1783547788\n|switch|p2a: Landorus|Landorus, L75, M|100/100\n|turn|18\n|inactive|Time left: 300 sec this turn | 300 sec total\n|\n|t:|1783547789\n|move|p2a: Landorus|Sludge Wave|p1a: Stonjourner\n|-resisted|p1a: Stonjourner\n|-damage|p1a: Stonjourner|0 fnt\n|faint|p1a: Stonjourner\n|\n|-weather|Snowscape|[upkeep]\n|upkeep\n|inactive|Time left: 300 sec this turn | 300 sec total | 5 sec grace\n|\n|t:|1783547790\n|switch|p1a: Flutter Mane|Flutter Mane, L74|203/203\n|turn|19\n|inactive|Time left: 300 sec this turn | 300 sec total\n|\n|t:|1783547791\n|move|p1a: Flutter Mane|Calm Mind|p1a: Flutter Mane\n|-boost|p1a: Flutter Mane|spa|1\n|-boost|p1a: Flutter Mane|spd|1\n|move|p2a: Landorus|Earth Power|p1a: Flutter Mane\n|-damage|p1a: Flutter Mane|117/203\n|\n|-weather|none\n|upkeep\n|turn|20\n|inactive|Time left: 300 sec this turn | 300 sec total\n|\n|t:|1783547792\n|move|p1a: Flutter Mane|Moonblast|p2a: Landorus\n|-damage|p2a: Landorus|11/100\n|-damage|p1a: Flutter Mane|97/203|[from] item: Life Orb\n|move|p2a: Landorus|Earth Power|p1a: Flutter Mane\n|-damage|p1a: Flutter Mane|14/203\n|\n|upkeep\n|turn|21\n|inactive|Time left: 300 sec this turn | 300 sec total\n|\n|t:|1783547793\n|move|p1a: Flutter Mane|Shadow Ball|p2a: Landorus\n|-damage|p2a: Landorus|0 fnt\n|faint|p2a: Landorus\n|-damage|p1a: Flutter Mane|0 fnt|[from] item: Life Orb\n|faint|p1a: Flutter Mane\n|-end|p1a: Flutter Mane|Protosynthesis|[silent]\n|\n|upkeep\n|inactive|Time left: 300 sec this turn | 300 sec total | 5 sec grace\n|\n|t:|1783547794\n|switch|p1a: Cyclizar|Cyclizar, L84, F|255/255\n|switch|p2a: Sinistcha|Sinistcha-Masterpiece, L83|100/100\n|-status|p2a: Sinistcha|tox\n|turn|22\n|inactive|Time left: 300 sec this turn | 300 sec total\n|\n|t:|1783547796\n|move|p1a: Cyclizar|Shed Tail|p1a: Cyclizar\n|-start|p1a: Cyclizar|Substitute|[from] move: Shed Tail\n|-damage|p1a: Cyclizar|127/255\n|inactive|Time left: 300 sec this turn | 300 sec total | 5 sec grace\n|\n|t:|1783547796\n|switch|p1a: Abomasnow|Abomasnow, L84, F|125/287|[from] Shed Tail\n|-weather|Snowscape|[from] ability: Snow Warning|[of] p1a: Abomasnow\n|move|p2a: Sinistcha|Calm Mind|p2a: Sinistcha\n|-boost|p2a: Sinistcha|spa|1\n|-boost|p2a: Sinistcha|spd|1\n|\n|-weather|Snowscape|[upkeep]\n|-damage|p2a: Sinistcha|95/100 tox|[from] psn\n|upkeep\n|turn|23\n|inactive|Time left: 300 sec this turn | 300 sec total\n|\n|t:|1783547798\n|move|p2a: Sinistcha|Shadow Ball|p1a: Abomasnow\n|-end|p1a: Abomasnow|Substitute\n|move|p1a: Abomasnow|Aurora Veil|p1a: Abomasnow\n|-sidestart|p1: p0x745cb9e|move: Aurora Veil\n|\n|-weather|Snowscape|[upkeep]\n|-heal|p2a: Sinistcha|100/100 tox|[from] item: Leftovers\n|-damage|p2a: Sinistcha|89/100 tox|[from] psn\n|upkeep\n|turn|24\n|inactive|Time left: 300 sec this turn | 300 sec total\n|\n|t:|1783547799\n|move|p2a: Sinistcha|Strength Sap|p1a: Abomasnow\n|-unboost|p1a: Abomasnow|atk|1\n|-heal|p2a: Sinistcha|100/100 tox\n|move|p1a: Abomasnow|Blizzard|p2a: Sinistcha\n|-supereffective|p2a: Sinistcha\n|-damage|p2a: Sinistcha|34/100 tox\n|\n|-weather|Snowscape|[upkeep]\n|-heal|p2a: Sinistcha|40/100 tox|[from] item: Leftovers\n|-damage|p2a: Sinistcha|23/100 tox|[from] psn\n|upkeep\n|turn|25\n|inactive|Time left: 300 sec this turn | 300 sec total\n|\n|t:|1783547800\n|move|p2a: Sinistcha|Strength Sap|p1a: Abomasnow\n|-unboost|p1a: Abomasnow|atk|1\n|-heal|p2a: Sinistcha|76/100 tox\n|move|p1a: Abomasnow|Blizzard|p2a: Sinistcha\n|-supereffective|p2a: Sinistcha\n|-damage|p2a: Sinistcha|9/100 tox\n|\n|-weather|Snowscape|[upkeep]\n|-heal|p2a: Sinistcha|15/100 tox|[from] item: Leftovers\n|-damage|p2a: Sinistcha|0 fnt|[from] psn\n|faint|p2a: Sinistcha\n|upkeep\n|\n|t:|1783547800\n|switch|p2a: Donphan|Donphan, L84, M|100/100\n|-status|p2a: Donphan|tox\n|turn|26\n|inactive|Time left: 300 sec this turn | 300 sec total\n|\n|t:|1783547801\n|move|p1a: Abomasnow|Blizzard|p2a: Donphan\n|-supereffective|p2a: Donphan\n|-damage|p2a: Donphan|2/100 tox\n|move|p2a: Donphan|Rapid Spin|p1a: Abomasnow\n|-damage|p1a: Abomasnow|110/287\n|-boost|p2a: Donphan|spe|1\n|-sideend|p2: p0y7452a15|Toxic Spikes|[from] move: Rapid Spin|[of] p2a: Donphan\n|\n|-weather|none\n|-heal|p2a: Donphan|8/100 tox|[from] item: Leftovers\n|-damage|p2a: Donphan|2/100 tox|[from] psn\n|upkeep\n|turn|27\n|inactive|Time left: 300 sec this turn | 300 sec total\n|\n|t:|1783547803\n|switch|p1a: Cyclizar|Cyclizar, L84, F|212/255\n|move|p2a: Donphan|Knock Off|p1a: Cyclizar\n|-damage|p1a: Cyclizar|164/255\n|-enditem|p1a: Cyclizar|Heavy-Duty Boots|[from] move: Knock Off|[of] p2a: Donphan\n|\n|-heal|p2a: Donphan|8/100 tox|[from] item: Leftovers\n|-damage|p2a: Donphan|0 fnt|[from] psn\n|faint|p2a: Donphan\n|upkeep\n|\n|t:|1783547804\n|switch|p2a: Jolteon|Jolteon, L84, M|100/100\n|turn|28\n|inactive|Time left: 300 sec this turn | 300 sec total\n|\n|t:|1783547805\n|switch|p1a: Pikachu|Pikachu-World, L93, F|216/216\n|move|p2a: Jolteon|Shadow Ball|p1a: Pikachu\n|-damage|p1a: Pikachu|151/216\n|\n|upkeep\n|turn|29\n|inactive|Time left: 300 sec this turn | 300 sec total\n|\n|t:|1783547806\n|-terastallize|p1a: Pikachu|Water\n|move|p2a: Jolteon|Shadow Ball|p1a: Pikachu\n|-damage|p1a: Pikachu|87/216\n|move|p1a: Pikachu|Surf|p2a: Jolteon\n|-damage|p2a: Jolteon|43/100\n|\n|upkeep\n|turn|30\n|inactive|Time left: 300 sec this turn | 300 sec total\n|\n|t:|1783547807\n|-terastallize|p2a: Jolteon|Fairy\n|move|p2a: Jolteon|Shadow Ball|p1a: Pikachu\n|-crit|p1a: Pikachu\n|-damage|p1a: Pikachu|0 fnt\n|faint|p1a: Pikachu\n|\n|-sideend|p1: p0x745cb9e|move: Aurora Veil\n|upkeep\n|inactive|Time left: 300 sec this turn | 300 sec total | 5 sec grace\n|\n|t:|1783547808\n|switch|p1a: Abomasnow|Abomasnow, L84, F|110/287\n|-weather|Snowscape|[from] ability: Snow Warning|[of] p1a: Abomasnow\n|turn|31\n|inactive|Time left: 300 sec this turn | 300 sec total\n|\n|t:|1783547809\n|move|p2a: Jolteon|Shadow Ball|p1a: Abomasnow\n|-damage|p1a: Abomasnow|20/287\n|move|p1a: Abomasnow|Wood Hammer|p2a: Jolteon\n|-damage|p2a: Jolteon|0 fnt\n|faint|p2a: Jolteon\n|-damage|p1a: Abomasnow|0 fnt|[from] Recoil\n|faint|p1a: Abomasnow\n|\n|win|p0x745cb9e", "uploadtime": 1783547809, "views": 0, "rating": 0, "private": 0, "password": null, "_winner": "p0x745cb9e", "_our_name": "p0x745cb9e"}