{"id": "battle-gen9randombattle-765", "formatid": "gen9randombattle", "format": "[Gen 9] Random Battle", "players": ["p0x7655738", "p0y765ffed"], "log": "|init|battle\n|title|p0x7655738 vs. p0y765ffed\n|j|\u2606p0x7655738\n|j|\u2606p0y765ffed\n|t:|1783548744\n|gametype|singles\n|player|p1|p0x7655738|266|\n|player|p2|p0y765ffed|102|\n|gen|9\n|tier|[Gen 9] Random Battle\n|rule|Species Clause: Limit one of each Pok\u00e9mon\n|rule|HP Percentage Mod: HP is shown in percentages\n|rule|Sleep Clause Mod: Limit one foe put to sleep\n|rule|Illusion Level Mod: Illusion disguises the Pok\u00e9mon's true level\n|\n|t:|1783548744\n|teamsize|p1|6\n|teamsize|p2|6\n|start\n|switch|p1a: Froslass|Froslass, L87, F|100/100\n|switch|p2a: Slowbro|Slowbro-Galar, L87, F|307/307\n|turn|1\n|inactive|Battle timer is ON: inactive players will automatically lose when time's up. (requested by p0y765ffed)\n|inactive|p0x7655738 also wants the timer to be on.\n|\n|t:|1783548745\n|move|p1a: Froslass|Poltergeist|p2a: Slowbro\n|-activate|p2a: Slowbro|move: Poltergeist|Life Orb\n|-supereffective|p2a: Slowbro\n|-crit|p2a: Slowbro\n|-damage|p2a: Slowbro|0 fnt\n|faint|p2a: Slowbro\n|\n|upkeep\n|inactive|Time left: 300 sec this turn | 300 sec total | 65 sec grace\n|\n|t:|1783548746\n|switch|p2a: Umbreon|Umbreon, L84, M|297/297\n|turn|2\n|inactive|Time left: 300 sec this turn | 300 sec total\n|\n|t:|1783548747\n|switch|p1a: Kingambit|Kingambit, L74, M|100/100\n|move|p2a: Umbreon|Foul Play|p1a: Kingambit\n|-resisted|p1a: Kingambit\n|-damage|p1a: Kingambit|82/100\n|\n|-heal|p1a: Kingambit|88/100|[from] item: Leftovers\n|upkeep\n|turn|3\n|inactive|Time left: 300 sec this turn | 300 sec total\n|\n|t:|1783548748\n|move|p2a: Umbreon|Foul Play|p1a: Kingambit\n|-resisted|p1a: Kingambit\n|-damage|p1a: Kingambit|67/100\n|move|p1a: Kingambit|Swords Dance|p1a: Kingambit\n|-boost|p1a: Kingambit|atk|2\n|\n|-heal|p1a: Kingambit|73/100|[from] item: Leftovers\n|upkeep\n|turn|4\n|inactive|Time left: 300 sec this turn | 300 sec total\n|\n|t:|1783548749\n|move|p2a: Umbreon|Foul Play|p1a: Kingambit\n|-resisted|p1a: Kingambit\n|-damage|p1a: Kingambit|35/100\n|move|p1a: Kingambit|Iron Head|p2a: Umbreon\n|-damage|p2a: Umbreon|150/297\n|\n|-heal|p2a: Umbreon|168/297|[from] item: Leftovers\n|-heal|p1a: Kingambit|40/100|[from] item: Leftovers\n|upkeep\n|turn|5\n|inactive|Time left: 300 sec this turn | 300 sec total\n|\n|t:|1783548750\n|move|p2a: Umbreon|Foul Play|p1a: Kingambit\n|-resisted|p1a: Kingambit\n|-damage|p1a: Kingambit|5/100\n|move|p1a: Kingambit|Iron Head|p2a: Umbreon\n|-damage|p2a: Umbreon|24/297\n|\n|-heal|p2a: Umbreon|42/297|[from] item: Leftovers\n|-heal|p1a: Kingambit|10/100|[from] item: Leftovers\n|upkeep\n|turn|6\n|inactive|Time left: 300 sec this turn | 300 sec total\n|\n|t:|1783548751\n|move|p1a: Kingambit|Sucker Punch|p2a: Umbreon\n|-resisted|p2a: Umbreon\n|-damage|p2a: Umbreon|0 fnt\n|faint|p2a: Umbreon\n|\n|-heal|p1a: Kingambit|16/100|[from] item: Leftovers\n|upkeep\n|inactive|Time left: 300 sec this turn | 300 sec total | 5 sec grace\n|\n|t:|1783548752\n|switch|p2a: Leafeon|Leafeon, L88, F|258/258\n|turn|7\n|inactive|Time left: 300 sec this turn | 300 sec total\n|\n|t:|1783548753\n|move|p1a: Kingambit|Sucker Punch|p2a: Leafeon\n|-damage|p2a: Leafeon|156/258\n|move|p2a: Leafeon|Leaf Blade|p1a: Kingambit\n|-resisted|p1a: Kingambit\n|-damage|p1a: Kingambit|0 fnt\n|faint|p1a: Kingambit\n|-end|p1a: Kingambit|fallenundefined|[silent]\n|-damage|p2a: Leafeon|131/258|[from] item: Life Orb\n|\n|upkeep\n|\n|t:|1783548754\n|switch|p1a: Froslass|Froslass, L87, F|100/100\n|turn|8\n|inactive|Time left: 300 sec this turn | 300 sec total\n|\n|t:|1783548755\n|-terastallize|p2a: Leafeon|Normal\n|move|p1a: Froslass|Triple Axel|p2a: Leafeon\n|-damage|p2a: Leafeon|116/258\n|-damage|p2a: Leafeon|88/258\n|-damage|p2a: Leafeon|45/258\n|-hitcount|p2a: Leafeon|3\n|move|p2a: Leafeon|Synthesis|p2a: Leafeon\n|-heal|p2a: Leafeon|174/258\n|\n|upkeep\n|turn|9\n|inactive|Time left: 300 sec this turn | 300 sec total\n|\n|t:|1783548756\n|move|p1a: Froslass|Will-O-Wisp|p2a: Leafeon\n|-status|p2a: Leafeon|brn\n|move|p2a: Leafeon|Swords Dance|p2a: Leafeon\n|-boost|p2a: Leafeon|atk|2\n|\n|-damage|p2a: Leafeon|158/258 brn|[from] brn\n|upkeep\n|turn|10\n|inactive|Time left: 300 sec this turn | 300 sec total\n|\n|t:|1783548757\n|move|p1a: Froslass|Triple Axel|p2a: Leafeon\n|-damage|p2a: Leafeon|143/258 brn\n|-damage|p2a: Leafeon|115/258 brn\n|-damage|p2a: Leafeon|76/258 brn\n|-hitcount|p2a: Leafeon|3\n|move|p2a: Leafeon|Leaf Blade|p1a: Froslass\n|-damage|p1a: Froslass|32/100\n|-damage|p2a: Leafeon|51/258 brn|[from] item: Life Orb\n|\n|-damage|p2a: Leafeon|35/258 brn|[from] brn\n|upkeep\n|turn|11\n|inactive|Time left: 300 sec this turn | 300 sec total\n|\n|t:|1783548758\n|move|p1a: Froslass|Triple Axel|p2a: Leafeon\n|-damage|p2a: Leafeon|22/258 brn\n|-damage|p2a: Leafeon|0 fnt\n|faint|p2a: Leafeon\n|-hitcount|p2: Leafeon|2\n|\n|upkeep\n|inactive|Time left: 300 sec this turn | 300 sec total | 5 sec grace\n|\n|t:|1783548759\n|switch|p2a: Grumpig|Grumpig, L92, F|297/297\n|turn|12\n|inactive|Time left: 300 sec this turn | 300 sec total\n|\n|t:|1783548760\n|move|p2a: Grumpig|Psyshock|p1a: Froslass\n|-damage|p1a: Froslass|0 fnt\n|-start|p2a: Grumpig|Disable|Psyshock|[from] ability: Cursed Body|[of] p1a: Froslass\n|faint|p1a: Froslass\n|\n|upkeep\n|\n|t:|1783548761\n|switch|p1a: Pincurchin|Pincurchin, F|100/100\n|-fieldstart|move: Electric Terrain|[from] ability: Electric Surge|[of] p1a: Pincurchin\n|turn|13\n|inactive|Time left: 300 sec this turn | 300 sec total\n|\n|t:|1783548762\n|switch|p2a: Goodra|Goodra, L85, M|292/292\n|move|p1a: Pincurchin|Zing Zap|p2a: Goodra\n|-resisted|p2a: Goodra\n|-damage|p2a: Goodra|193/292\n|\n|upkeep\n|turn|14\n|inactive|Time left: 300 sec this turn | 300 sec total\n|\n|t:|1783548764\n|move|p2a: Goodra|Scald|p1a: Pincurchin\n|-damage|p1a: Pincurchin|78/100\n|move|p1a: Pincurchin|Zing Zap|p2a: Goodra\n|-resisted|p2a: Goodra\n|-damage|p2a: Goodra|96/292\n|\n|-heal|p1a: Pincurchin|84/100|[from] item: Leftovers\n|upkeep\n|turn|15\n|inactive|Time left: 300 sec this turn | 300 sec total\n|\n|t:|1783548766\n|move|p2a: Goodra|Scald|p1a: Pincurchin\n|-crit|p1a: Pincurchin\n|-damage|p1a: Pincurchin|49/100\n|-status|p1a: Pincurchin|brn\n|move|p1a: Pincurchin|Zing Zap|p2a: Goodra\n|-resisted|p2a: Goodra\n|-damage|p2a: Goodra|50/292\n|\n|-heal|p1a: Pincurchin|56/100 brn|[from] item: Leftovers\n|-damage|p1a: Pincurchin|49/100 brn|[from] brn\n|upkeep\n|turn|16\n|inactive|Time left: 300 sec this turn | 300 sec total\n|\n|t:|1783548768\n|move|p2a: Goodra|Knock Off|p1a: Pincurchin\n|-damage|p1a: Pincurchin|26/100 brn\n|-enditem|p1a: Pincurchin|Leftovers|[from] move: Knock Off|[of] p2a: Goodra\n|move|p1a: Pincurchin|Recover|p1a: Pincurchin\n|-heal|p1a: Pincurchin|76/100 brn\n|\n|-damage|p1a: Pincurchin|70/100 brn|[from] brn\n|upkeep\n|turn|17\n|inactive|Time left: 300 sec this turn | 300 sec total\n|\n|t:|1783548769\n|switch|p2a: Frosmoth|Frosmoth, L82, M|249/249\n|move|p1a: Pincurchin|Recover|p1a: Pincurchin\n|-heal|p1a: Pincurchin|100/100 brn\n|\n|-damage|p1a: Pincurchin|94/100 brn|[from] brn\n|-fieldend|move: Electric Terrain\n|upkeep\n|turn|18\n|inactive|Time left: 300 sec this turn | 300 sec total\n|\n|t:|1783548770\n|switch|p1a: Ursaring|Ursaring, L84, M|100/100\n|move|p2a: Frosmoth|Quiver Dance|p2a: Frosmoth\n|-boost|p2a: Frosmoth|spa|1\n|-boost|p2a: Frosmoth|spd|1\n|-boost|p2a: Frosmoth|spe|1\n|\n|-status|p1a: Ursaring|tox|[from] item: Toxic Orb\n|upkeep\n|turn|19\n|inactive|Time left: 300 sec this turn | 300 sec total\n|\n|t:|1783548771\n|move|p2a: Frosmoth|Bug Buzz|p1a: Ursaring\n|-damage|p1a: Ursaring|36/100 tox\n|move|p1a: Ursaring|Facade|p2a: Frosmoth\n|-damage|p2a: Frosmoth|0 fnt\n|faint|p2a: Frosmoth\n|\n|-damage|p1a: Ursaring|30/100 tox|[from] psn\n|upkeep\n|inactive|Time left: 300 sec this turn | 300 sec total | 5 sec grace\n|\n|t:|1783548772\n|switch|p2a: Grumpig|Grumpig, L92, F|297/297\n|turn|20\n|inactive|Time left: 300 sec this turn | 300 sec total\n|\n|t:|1783548773\n|switch|p1a: Pincurchin|Pincurchin, F|94/100 brn\n|-fieldstart|move: Electric Terrain|[from] ability: Electric Surge|[of] p1a: Pincurchin\n|move|p2a: Grumpig|Psyshock|p1a: Pincurchin\n|-damage|p1a: Pincurchin|63/100 brn\n|\n|-damage|p1a: Pincurchin|56/100 brn|[from] brn\n|upkeep\n|turn|21\n|inactive|Time left: 300 sec this turn | 300 sec total\n|\n|t:|1783548774\n|move|p2a: Grumpig|Psyshock|p1a: Pincurchin\n|-crit|p1a: Pincurchin\n|-damage|p1a: Pincurchin|11/100 brn\n|move|p1a: Pincurchin|Recover|p1a: Pincurchin\n|-heal|p1a: Pincurchin|61/100 brn\n|\n|-damage|p1a: Pincurchin|54/100 brn|[from] brn\n|upkeep\n|turn|22\n|inactive|Time left: 300 sec this turn | 300 sec total\n|\n|t:|1783548776\n|move|p2a: Grumpig|Psyshock|p1a: Pincurchin\n|-damage|p1a: Pincurchin|25/100 brn\n|move|p1a: Pincurchin|Recover|p1a: Pincurchin\n|-heal|p1a: Pincurchin|75/100 brn\n|\n|-damage|p1a: Pincurchin|69/100 brn|[from] brn\n|upkeep\n|turn|23\n|inactive|Time left: 300 sec this turn | 300 sec total\n|\n|t:|1783548777\n|move|p2a: Grumpig|Psyshock|p1a: Pincurchin\n|-damage|p1a: Pincurchin|38/100 brn\n|move|p1a: Pincurchin|Recover|p1a: Pincurchin\n|-heal|p1a: Pincurchin|88/100 brn\n|\n|-damage|p1a: Pincurchin|82/100 brn|[from] brn\n|upkeep\n|turn|24\n|inactive|Time left: 300 sec this turn | 300 sec total\n|\n|t:|1783548778\n|move|p2a: Grumpig|Psyshock|p1a: Pincurchin\n|-damage|p1a: Pincurchin|53/100 brn\n|move|p1a: Pincurchin|Recover|p1a: Pincurchin\n|-heal|p1a: Pincurchin|100/100 brn\n|\n|-damage|p1a: Pincurchin|94/100 brn|[from] brn\n|-fieldend|move: Electric Terrain\n|upkeep\n|turn|25\n|inactive|Time left: 300 sec this turn | 300 sec total\n|\n|t:|1783548778\n|move|p2a: Grumpig|Psyshock|p1a: Pincurchin\n|-damage|p1a: Pincurchin|65/100 brn\n|move|p1a: Pincurchin|Curse|p1a: Pincurchin\n|-unboost|p1a: Pincurchin|spe|1\n|-boost|p1a: Pincurchin|atk|1\n|-boost|p1a: Pincurchin|def|1\n|\n|-damage|p1a: Pincurchin|59/100 brn|[from] brn\n|upkeep\n|turn|26\n|inactive|Time left: 300 sec this turn | 300 sec total\n|\n|t:|1783548779\n|move|p2a: Grumpig|Psyshock|p1a: Pincurchin\n|-damage|p1a: Pincurchin|41/100 brn\n|move|p1a: Pincurchin|Recover|p1a: Pincurchin\n|-heal|p1a: Pincurchin|91/100 brn\n|\n|-damage|p1a: Pincurchin|85/100 brn|[from] brn\n|upkeep\n|turn|27\n|inactive|Time left: 300 sec this turn | 300 sec total\n|\n|t:|1783548780\n|move|p2a: Grumpig|Psyshock|p1a: Pincurchin\n|-damage|p1a: Pincurchin|66/100 brn\n|move|p1a: Pincurchin|Zing Zap|p2a: Grumpig\n|-damage|p2a: Grumpig|186/297\n|\n|-damage|p1a: Pincurchin|60/100 brn|[from] brn\n|upkeep\n|turn|28\n|inactive|Time left: 300 sec this turn | 300 sec total\n|\n|t:|1783548781\n|move|p2a: Grumpig|Psyshock|p1a: Pincurchin\n|-damage|p1a: Pincurchin|42/100 brn\n|move|p1a: Pincurchin|Zing Zap|p2a: Grumpig\n|-damage|p2a: Grumpig|73/297\n|\n|-damage|p1a: Pincurchin|36/100 brn|[from] brn\n|upkeep\n|turn|29\n|inactive|Time left: 300 sec this turn | 300 sec total\n|\n|t:|1783548782\n|switch|p2a: Goodra|Goodra, L85, M|50/292\n|move|p1a: Pincurchin|Zing Zap|p2a: Goodra\n|-resisted|p2a: Goodra\n|-damage|p2a: Goodra|0 fnt\n|faint|p2a: Goodra\n|\n|-damage|p1a: Pincurchin|30/100 brn|[from] brn\n|upkeep\n|inactive|Time left: 300 sec this turn | 300 sec total | 5 sec grace\n|\n|t:|1783548783\n|switch|p2a: Grumpig|Grumpig, L92, F|73/297\n|turn|30\n|inactive|Time left: 300 sec this turn | 300 sec total\n|\n|t:|1783548784\n|-terastallize|p1a: Pincurchin|Water\n|move|p2a: Grumpig|Focus Blast|p1a: Pincurchin\n|-damage|p1a: Pincurchin|0 fnt\n|faint|p1a: Pincurchin\n|\n|upkeep\n|\n|t:|1783548784\n|switch|p1a: Regieleki|Regieleki, L79|100/100\n|turn|31\n|inactive|Time left: 300 sec this turn | 300 sec total\n|\n|t:|1783548785\n|move|p1a: Regieleki|Volt Switch|p2a: Grumpig\n|-damage|p2a: Grumpig|0 fnt\n|faint|p2a: Grumpig\n|\n|win|p0x7655738", "uploadtime": 1783548785, "views": 0, "rating": 0, "private": 0, "password": null, "_winner": "p0x7655738", "_our_name": "p0y765ffed"}