{"id": "battle-gen9randombattle-2402", "formatid": "gen9randombattle", "format": "[Gen 9] Random Battle", "players": ["p0x2402770c", "p0y24025538"], "log": "|init|battle\n|title|p0x2402770c vs. p0y24025538\n|j|\u2606p0x2402770c\n|j|\u2606p0y24025538\n|t:|1783567876\n|gametype|singles\n|player|p1|p0x2402770c|266|\n|player|p2|p0y24025538|2|\n|gen|9\n|tier|[Gen 9] Random Battle\n|rule|Species Clause: Limit one of each Pok\u00e9mon\n|rule|HP Percentage Mod: HP is shown in percentages\n|rule|Sleep Clause Mod: Limit one foe put to sleep\n|rule|Illusion Level Mod: Illusion disguises the Pok\u00e9mon's true level\n|\n|t:|1783567876\n|teamsize|p1|6\n|teamsize|p2|6\n|start\n|switch|p1a: Floatzel|Floatzel, L86, F|100/100\n|switch|p2a: Vikavolt|Vikavolt, L83, M|263/263\n|turn|1\n|inactive|Battle timer is ON: inactive players will automatically lose when time's up. (requested by p0y24025538)\n|inactive|p0x2402770c also wants the timer to be on.\n|\n|t:|1783567877\n|-terastallize|p1a: Floatzel|Water\n|move|p1a: Floatzel|Wave Crash|p2a: Vikavolt\n|-damage|p2a: Vikavolt|0 fnt\n|faint|p2a: Vikavolt\n|-damage|p1a: Floatzel|70/100|[from] Recoil\n|\n|upkeep\n|inactive|Time left: 300 sec this turn | 300 sec total | 65 sec grace\n|\n|t:|1783567878\n|switch|p2a: Hydrapple|Hydrapple, L83, F|312/312\n|turn|2\n|inactive|Time left: 300 sec this turn | 300 sec total\n|\n|t:|1783567880\n|switch|p1a: Typhlosion|Typhlosion-Hisui, L83, F|100/100\n|move|p2a: Hydrapple|Fickle Beam|p1a: Typhlosion\n|-damage|p1a: Typhlosion|43/100\n|\n|upkeep\n|turn|3\n|inactive|Time left: 300 sec this turn | 300 sec total\n|\n|t:|1783567881\n|move|p1a: Typhlosion|Fire Blast|p2a: Hydrapple\n|-damage|p2a: Hydrapple|111/312\n|-status|p2a: Hydrapple|brn\n|move|p2a: Hydrapple|Fickle Beam|p1a: Typhlosion\n|-damage|p1a: Typhlosion|0 fnt\n|faint|p1a: Typhlosion\n|\n|-damage|p2a: Hydrapple|92/312 brn|[from] brn\n|upkeep\n|\n|t:|1783567881\n|switch|p1a: Meowstic|Meowstic, L89, M|100/100\n|turn|4\n|inactive|Time left: 300 sec this turn | 300 sec total\n|\n|t:|1783567883\n|move|p1a: Meowstic|Reflect|p1a: Meowstic\n|-sidestart|p1: p0x2402770c|Reflect\n|move|p2a: Hydrapple|Fickle Beam|p1a: Meowstic\n|-damage|p1a: Meowstic|42/100\n|\n|-damage|p2a: Hydrapple|73/312 brn|[from] brn\n|upkeep\n|turn|5\n|inactive|Time left: 300 sec this turn | 300 sec total\n|\n|t:|1783567883\n|switch|p2a: Shiftry|Shiftry, L89, M|305/305\n|move|p1a: Meowstic|Light Screen|p1a: Meowstic\n|-sidestart|p1: p0x2402770c|move: Light Screen\n|\n|upkeep\n|turn|6\n|inactive|Time left: 300 sec this turn | 300 sec total\n|\n|t:|1783567884\n|switch|p1a: Seviper|Seviper, L93, M|100/100\n|move|p2a: Shiftry|Defog|p1a: Seviper\n|-unboost|p1a: Seviper|evasion|1\n|-sideend|p1: p0x2402770c|Reflect\n|-sideend|p1: p0x2402770c|move: Light Screen\n|\n|upkeep\n|turn|7\n|inactive|Time left: 300 sec this turn | 300 sec total\n|\n|t:|1783567885\n|move|p2a: Shiftry|Will-O-Wisp|p1a: Seviper\n|-status|p1a: Seviper|brn\n|move|p1a: Seviper|Gunk Shot|p2a: Shiftry\n|-supereffective|p2a: Shiftry\n|-damage|p2a: Shiftry|107/305\n|\n|-damage|p1a: Seviper|95/100 brn|[from] brn\n|upkeep\n|turn|8\n|inactive|Time left: 300 sec this turn | 300 sec total\n|\n|t:|1783567886\n|move|p2a: Shiftry|Knock Off|p1a: Seviper\n|-damage|p1a: Seviper|43/100 brn\n|-enditem|p1a: Seviper|Leftovers|[from] move: Knock Off|[of] p2a: Shiftry\n|move|p1a: Seviper|Gunk Shot|p2a: Shiftry\n|-supereffective|p2a: Shiftry\n|-damage|p2a: Shiftry|0 fnt\n|faint|p2a: Shiftry\n|\n|-damage|p1a: Seviper|37/100 brn|[from] brn\n|upkeep\n|inactive|Time left: 300 sec this turn | 300 sec total | 5 sec grace\n|\n|t:|1783567888\n|switch|p2a: Hydrapple|Hydrapple, L83, F|177/312 brn\n|turn|9\n|inactive|Time left: 300 sec this turn | 300 sec total\n|\n|t:|1783567889\n|move|p1a: Seviper|Gunk Shot|p2a: Hydrapple|[miss]\n|-miss|p1a: Seviper|p2a: Hydrapple\n|move|p2a: Hydrapple|Fickle Beam|p1a: Seviper\n|-damage|p1a: Seviper|0 fnt\n|faint|p1a: Seviper\n|\n|-damage|p2a: Hydrapple|158/312 brn|[from] brn\n|upkeep\n|\n|t:|1783567890\n|switch|p1a: Flareon|Flareon, L90, F|100/100\n|turn|10\n|inactive|Time left: 300 sec this turn | 300 sec total\n|\n|t:|1783567891\n|-terastallize|p2a: Hydrapple|Dragon\n|move|p1a: Flareon|Flare Blitz|p2a: Hydrapple\n|-resisted|p2a: Hydrapple\n|-damage|p2a: Hydrapple|79/312 brn\n|-damage|p1a: Flareon|91/100|[from] Recoil\n|move|p2a: Hydrapple|Fickle Beam|p1a: Flareon\n|-damage|p1a: Flareon|32/100\n|\n|-damage|p2a: Hydrapple|60/312 brn|[from] brn\n|-status|p1a: Flareon|tox|[from] item: Toxic Orb\n|upkeep\n|turn|11\n|inactive|Time left: 300 sec this turn | 300 sec total\n|\n|t:|1783567892\n|switch|p2a: Noctowl|Noctowl, L95, M|344/344\n|move|p1a: Flareon|Flare Blitz|p2a: Noctowl\n|-damage|p2a: Noctowl|0 fnt\n|faint|p2a: Noctowl\n|-damage|p1a: Flareon|0 fnt|[from] Recoil\n|faint|p1a: Flareon\n|\n|upkeep\n|inactive|Time left: 300 sec this turn | 300 sec total | 5 sec grace\n|\n|t:|1783567893\n|switch|p2a: Hydrapple|Hydrapple, L83, F, tera:Dragon|164/312 brn\n|switch|p1a: Meowstic|Meowstic, L89, M|42/100\n|turn|12\n|inactive|Time left: 300 sec this turn | 300 sec total\n|\n|t:|1783567894\n|move|p1a: Meowstic|Light Screen|p1a: Meowstic\n|-sidestart|p1: p0x2402770c|move: Light Screen\n|move|p2a: Hydrapple|Fickle Beam|p1a: Meowstic\n|-damage|p1a: Meowstic|4/100\n|\n|-damage|p2a: Hydrapple|145/312 brn|[from] brn\n|upkeep\n|turn|13\n|inactive|Time left: 300 sec this turn | 300 sec total\n|\n|t:|1783567895\n|move|p1a: Meowstic|Psychic Noise|p2a: Hydrapple\n|-damage|p2a: Hydrapple|58/312 brn\n|-start|p2a: Hydrapple|move: Heal Block\n|move|p2a: Hydrapple|Fickle Beam|p1a: Meowstic|[anim] Fickle Beam All Out\n|-activate|p2a: Hydrapple|move: Fickle Beam\n|-damage|p1a: Meowstic|0 fnt\n|faint|p1a: Meowstic\n|\n|-damage|p2a: Hydrapple|39/312 brn|[from] brn\n|upkeep\n|\n|t:|1783567896\n|switch|p1a: Floatzel|Floatzel, L86, F, tera:Water|70/100\n|turn|14\n|inactive|Time left: 300 sec this turn | 300 sec total\n|\n|t:|1783567897\n|switch|p2a: Glalie|Glalie, L96, M|309/309\n|move|p1a: Floatzel|Flip Turn|p2a: Glalie\n|-damage|p2a: Glalie|185/309\n|\n|t:|1783567898\n|switch|p1a: Scyther|Scyther, L82, F|100/100|[from] Flip Turn\n|\n|upkeep\n|turn|15\n|inactive|Time left: 300 sec this turn | 300 sec total\n|\n|t:|1783567899\n|move|p1a: Scyther|Dual Wingbeat|p2a: Glalie\n|-damage|p2a: Glalie|118/309\n|-damage|p2a: Glalie|60/309\n|-hitcount|p2a: Glalie|2\n|move|p2a: Glalie|Freeze-Dry|p1a: Scyther\n|-supereffective|p1a: Scyther\n|-damage|p1a: Scyther|62/100\n|\n|upkeep\n|turn|16\n|inactive|Time left: 300 sec this turn | 300 sec total\n|\n|t:|1783567900\n|move|p1a: Scyther|U-turn|p2a: Glalie\n|-damage|p2a: Glalie|0 fnt\n|faint|p2a: Glalie\n|\n|t:|1783567901\n|switch|p1a: Floatzel|Floatzel, L86, F, tera:Water|70/100|[from] U-turn\n|\n|upkeep\n|inactive|Time left: 300 sec this turn | 300 sec total | 10 sec grace\n|\n|t:|1783567902\n|switch|p2a: Hydrapple|Hydrapple, L83, F, tera:Dragon|143/312 brn\n|turn|17\n|inactive|Time left: 300 sec this turn | 300 sec total\n|\n|t:|1783567903\n|switch|p2a: Minun|Minun, L95, F|268/268\n|move|p1a: Floatzel|Ice Spinner|p2a: Minun\n|-damage|p2a: Minun|150/268\n|\n|upkeep\n|turn|18\n|inactive|Time left: 300 sec this turn | 300 sec total\n|\n|t:|1783567904\n|move|p1a: Floatzel|Ice Spinner|p2a: Minun\n|-damage|p2a: Minun|30/268\n|move|p2a: Minun|Thunderbolt|p1a: Floatzel\n|-supereffective|p1a: Floatzel\n|-damage|p1a: Floatzel|3/100\n|-damage|p2a: Minun|4/268|[from] item: Life Orb\n|\n|upkeep\n|turn|19\n|inactive|Time left: 300 sec this turn | 300 sec total\n|\n|t:|1783567905\n|move|p1a: Floatzel|Ice Spinner|p2a: Minun\n|-damage|p2a: Minun|0 fnt\n|faint|p2a: Minun\n|\n|-sideend|p1: p0x2402770c|move: Light Screen\n|upkeep\n|inactive|Time left: 300 sec this turn | 300 sec total | 5 sec grace\n|\n|t:|1783567906\n|switch|p2a: Hydrapple|Hydrapple, L83, F, tera:Dragon|247/312 brn\n|turn|20\n|inactive|Time left: 300 sec this turn | 300 sec total\n|\n|t:|1783567907\n|move|p1a: Floatzel|Ice Spinner|p2a: Hydrapple\n|-supereffective|p2a: Hydrapple\n|-damage|p2a: Hydrapple|97/312 brn\n|move|p2a: Hydrapple|Draco Meteor|p1a: Floatzel\n|-damage|p1a: Floatzel|0 fnt\n|-unboost|p2a: Hydrapple|spa|2\n|faint|p1a: Floatzel\n|\n|-damage|p2a: Hydrapple|78/312 brn|[from] brn\n|upkeep\n|\n|t:|1783567908\n|switch|p1a: Scyther|Scyther, L82, F|62/100\n|turn|21\n|inactive|Time left: 300 sec this turn | 300 sec total\n|\n|t:|1783567909\n|move|p1a: Scyther|Dual Wingbeat|p2a: Hydrapple\n|-damage|p2a: Hydrapple|21/312 brn\n|-damage|p2a: Hydrapple|0 fnt\n|faint|p2a: Hydrapple\n|-hitcount|p2: Hydrapple|2\n|\n|win|p0x2402770c", "uploadtime": 1783567909, "views": 0, "rating": 0, "private": 0, "password": null, "_winner": "p0x2402770c", "_our_name": "p0y24025538"}