{"id": "battle-gen9randombattle-1334", "formatid": "gen9randombattle", "format": "[Gen 9] Random Battle", "players": ["p0x13349f6f", "p0y1334bba5"], "log": "|init|battle\n|title|p0x13349f6f vs. p0y1334bba5\n|j|\u2606p0x13349f6f\n|j|\u2606p0y1334bba5\n|t:|1783555495\n|gametype|singles\n|player|p1|p0x13349f6f|2|\n|player|p2|p0y1334bba5|266|\n|gen|9\n|tier|[Gen 9] Random Battle\n|rule|Species Clause: Limit one of each Pok\u00e9mon\n|rule|HP Percentage Mod: HP is shown in percentages\n|rule|Sleep Clause Mod: Limit one foe put to sleep\n|rule|Illusion Level Mod: Illusion disguises the Pok\u00e9mon's true level\n|\n|t:|1783555495\n|teamsize|p1|6\n|teamsize|p2|6\n|start\n|switch|p1a: Krookodile|Krookodile, L79, F|100/100\n|switch|p2a: Rampardos|Rampardos, L90, F|321/321\n|-ability|p1a: Krookodile|Intimidate|boost\n|-unboost|p2a: Rampardos|atk|1\n|turn|1\n|inactive|Battle timer is ON: inactive players will automatically lose when time's up. (requested by p0x13349f6f)\n|inactive|Time left: 300 sec this turn | 300 sec total | 60 sec grace\n|inactive|p0y1334bba5 also wants the timer to be on.\n|\n|t:|1783555497\n|switch|p2a: Arceus|Arceus-Bug, L73|295/295\n|move|p1a: Krookodile|Earthquake|p2a: Arceus\n|-resisted|p2a: Arceus\n|-damage|p2a: Arceus|244/295\n|\n|upkeep\n|turn|2\n|inactive|Time left: 300 sec this turn | 300 sec total\n|\n|t:|1783555498\n|switch|p1a: Oricorio|Oricorio-Sensu, L85, M|100/100\n|move|p2a: Arceus|Judgment|p1a: Oricorio\n|-resisted|p1a: Oricorio\n|-damage|p1a: Oricorio|89/100\n|\n|upkeep\n|turn|3\n|inactive|Time left: 300 sec this turn | 300 sec total\n|\n|t:|1783555500\n|switch|p2a: Rampardos|Rampardos, L90, F|321/321\n|move|p1a: Oricorio|Quiver Dance|p1a: Oricorio\n|-boost|p1a: Oricorio|spa|1\n|-boost|p1a: Oricorio|spd|1\n|-boost|p1a: Oricorio|spe|1\n|\n|upkeep\n|turn|4\n|inactive|Time left: 300 sec this turn | 300 sec total\n|\n|t:|1783555501\n|-terastallize|p1a: Oricorio|Fighting\n|-terastallize|p2a: Rampardos|Fire\n|move|p1a: Oricorio|Revelation Dance|p2a: Rampardos\n|-damage|p2a: Rampardos|125/321\n|move|p2a: Rampardos|Fire Punch|p1a: Oricorio\n|-damage|p1a: Oricorio|0 fnt\n|faint|p1a: Oricorio\n|\n|upkeep\n|\n|t:|1783555502\n|switch|p1a: Haxorus|Haxorus, L77, M|100/100\n|-ability|p1a: Haxorus|Mold Breaker\n|turn|5\n|inactive|Time left: 300 sec this turn | 300 sec total\n|\n|t:|1783555503\n|switch|p2a: Avalugg|Avalugg-Hisui, L90, M|317/317\n|move|p1a: Haxorus|Scale Shot|p2a: Avalugg\n|-damage|p2a: Avalugg|301/317\n|-damage|p2a: Avalugg|283/317\n|-damage|p2a: Avalugg|267/317\n|-damage|p2a: Avalugg|251/317\n|-hitcount|p2a: Avalugg|4\n|-unboost|p1a: Haxorus|def|1\n|-boost|p1a: Haxorus|spe|1\n|\n|upkeep\n|turn|6\n|inactive|Time left: 300 sec this turn | 300 sec total\n|\n|t:|1783555504\n|move|p1a: Haxorus|Iron Head|p2a: Avalugg\n|-supereffective|p2a: Avalugg\n|-damage|p2a: Avalugg|107/317\n|cant|p2a: Avalugg|flinch\n|\n|upkeep\n|turn|7\n|inactive|Time left: 300 sec this turn | 300 sec total\n|\n|t:|1783555506\n|move|p1a: Haxorus|Iron Head|p2a: Avalugg\n|-supereffective|p2a: Avalugg\n|-damage|p2a: Avalugg|0 fnt\n|faint|p2a: Avalugg\n|\n|upkeep\n|inactive|Time left: 300 sec this turn | 300 sec total | 5 sec grace\n|\n|t:|1783555507\n|switch|p2a: Arceus|Arceus-Bug, L73|244/295\n|turn|8\n|inactive|Time left: 300 sec this turn | 300 sec total\n|\n|t:|1783555508\n|move|p1a: Haxorus|Swords Dance|p1a: Haxorus\n|-boost|p1a: Haxorus|atk|2\n|move|p2a: Arceus|Judgment|p1a: Haxorus\n|-crit|p1a: Haxorus\n|-damage|p1a: Haxorus|8/100\n|\n|upkeep\n|turn|9\n|inactive|Time left: 300 sec this turn | 300 sec total\n|\n|t:|1783555509\n|move|p1a: Haxorus|Scale Shot|p2a: Arceus\n|-damage|p2a: Arceus|186/295\n|-damage|p2a: Arceus|132/295\n|-damage|p2a: Arceus|74/295\n|-damage|p2a: Arceus|17/295\n|-damage|p2a: Arceus|0 fnt\n|faint|p2a: Arceus\n|-hitcount|p2: Arceus|5\n|-unboost|p1a: Haxorus|def|1\n|-boost|p1a: Haxorus|spe|1\n|\n|upkeep\n|inactive|Time left: 300 sec this turn | 300 sec total | 5 sec grace\n|\n|t:|1783555510\n|switch|p2a: Slowbro|Slowbro, L85, M|300/300\n|turn|10\n|inactive|Time left: 300 sec this turn | 300 sec total\n|\n|t:|1783555511\n|move|p1a: Haxorus|Scale Shot|p2a: Slowbro\n|-damage|p2a: Slowbro|249/300\n|-damage|p2a: Slowbro|194/300\n|-damage|p2a: Slowbro|140/300\n|-damage|p2a: Slowbro|92/300\n|-damage|p2a: Slowbro|43/300\n|-hitcount|p2a: Slowbro|5\n|-unboost|p1a: Haxorus|def|1\n|-boost|p1a: Haxorus|spe|1\n|move|p2a: Slowbro|Scald|p1a: Haxorus\n|-resisted|p1a: Haxorus\n|-damage|p1a: Haxorus|0 fnt\n|faint|p1a: Haxorus\n|\n|upkeep\n|\n|t:|1783555513\n|switch|p1a: Krookodile|Krookodile, L79, F|100/100\n|-ability|p1a: Krookodile|Intimidate|boost\n|-unboost|p2a: Slowbro|atk|1\n|turn|11\n|inactive|Time left: 300 sec this turn | 300 sec total\n|\n|t:|1783555514\n|switch|p2a: Ho-Oh|Ho-Oh, L71|268/268\n|move|p1a: Krookodile|Knock Off|p2a: Ho-Oh\n|-damage|p2a: Ho-Oh|154/268\n|-enditem|p2a: Ho-Oh|Heavy-Duty Boots|[from] move: Knock Off|[of] p1a: Krookodile\n|\n|upkeep\n|turn|12\n|inactive|Time left: 300 sec this turn | 300 sec total\n|\n|t:|1783555515\n|move|p1a: Krookodile|Bulk Up|p1a: Krookodile\n|-boost|p1a: Krookodile|atk|1\n|-boost|p1a: Krookodile|def|1\n|move|p2a: Ho-Oh|Sacred Fire|p1a: Krookodile\n|-damage|p1a: Krookodile|73/100\n|-status|p1a: Krookodile|brn\n|\n|-heal|p1a: Krookodile|79/100 brn|[from] item: Leftovers\n|-damage|p1a: Krookodile|73/100 brn|[from] brn\n|upkeep\n|turn|13\n|inactive|Time left: 300 sec this turn | 300 sec total\n|\n|t:|1783555515\n|switch|p2a: Sinistcha|Sinistcha-Masterpiece, L83|254/254\n|move|p1a: Krookodile|Bulk Up|p1a: Krookodile\n|-boost|p1a: Krookodile|atk|1\n|-boost|p1a: Krookodile|def|1\n|\n|-heal|p1a: Krookodile|79/100 brn|[from] item: Leftovers\n|-damage|p1a: Krookodile|73/100 brn|[from] brn\n|upkeep\n|turn|14\n|inactive|Time left: 300 sec this turn | 300 sec total\n|\n|t:|1783555516\n|move|p1a: Krookodile|Knock Off|p2a: Sinistcha\n|-supereffective|p2a: Sinistcha\n|-damage|p2a: Sinistcha|70/254\n|-enditem|p2a: Sinistcha|Leftovers|[from] move: Knock Off|[of] p1a: Krookodile\n|move|p2a: Sinistcha|Matcha Gotcha|p1a: Krookodile\n|-supereffective|p1a: Krookodile\n|-damage|p1a: Krookodile|0 fnt\n|-heal|p2a: Sinistcha|171/254|[from] drain|[of] p1a: Krookodile\n|faint|p1a: Krookodile\n|\n|upkeep\n|\n|t:|1783555517\n|switch|p1a: Umbreon|Umbreon, L84, M|100/100\n|turn|15\n|inactive|Time left: 300 sec this turn | 300 sec total\n|\n|t:|1783555518\n|move|p2a: Sinistcha|Calm Mind|p2a: Sinistcha\n|-boost|p2a: Sinistcha|spa|1\n|-boost|p2a: Sinistcha|spd|1\n|move|p1a: Umbreon|Foul Play|p2a: Sinistcha\n|-supereffective|p2a: Sinistcha\n|-damage|p2a: Sinistcha|91/254\n|\n|upkeep\n|turn|16\n|inactive|Time left: 300 sec this turn | 300 sec total\n|\n|t:|1783555519\n|move|p2a: Sinistcha|Strength Sap|p1a: Umbreon\n|-unboost|p1a: Umbreon|atk|1\n|-heal|p2a: Sinistcha|205/254\n|move|p1a: Umbreon|Foul Play|p2a: Sinistcha\n|-supereffective|p2a: Sinistcha\n|-damage|p2a: Sinistcha|125/254\n|\n|upkeep\n|turn|17\n|inactive|Time left: 300 sec this turn | 300 sec total\n|\n|t:|1783555520\n|move|p2a: Sinistcha|Matcha Gotcha|p1a: Umbreon\n|-damage|p1a: Umbreon|66/100\n|-heal|p2a: Sinistcha|176/254|[from] drain|[of] p1a: Umbreon\n|move|p1a: Umbreon|Foul Play|p2a: Sinistcha\n|-supereffective|p2a: Sinistcha\n|-damage|p2a: Sinistcha|96/254\n|\n|-heal|p1a: Umbreon|72/100|[from] item: Leftovers\n|upkeep\n|turn|18\n|inactive|Time left: 300 sec this turn | 300 sec total\n|\n|t:|1783555521\n|move|p2a: Sinistcha|Matcha Gotcha|p1a: Umbreon|[miss]\n|-miss|p2a: Sinistcha|p1a: Umbreon\n|move|p1a: Umbreon|Foul Play|p2a: Sinistcha\n|-supereffective|p2a: Sinistcha\n|-damage|p2a: Sinistcha|16/254\n|\n|-heal|p1a: Umbreon|78/100|[from] item: Leftovers\n|upkeep\n|turn|19\n|inactive|Time left: 300 sec this turn | 300 sec total\n|\n|t:|1783555522\n|move|p2a: Sinistcha|Strength Sap|p1a: Umbreon\n|-unboost|p1a: Umbreon|atk|1\n|-heal|p2a: Sinistcha|92/254\n|move|p1a: Umbreon|Foul Play|p2a: Sinistcha\n|-supereffective|p2a: Sinistcha\n|-damage|p2a: Sinistcha|8/254\n|\n|-heal|p1a: Umbreon|84/100|[from] item: Leftovers\n|upkeep\n|turn|20\n|inactive|Time left: 300 sec this turn | 300 sec total\n|\n|t:|1783555523\n|move|p2a: Sinistcha|Matcha Gotcha|p1a: Umbreon\n|-damage|p1a: Umbreon|46/100\n|-heal|p2a: Sinistcha|65/254|[from] drain|[of] p1a: Umbreon\n|move|p1a: Umbreon|Foul Play|p2a: Sinistcha\n|-supereffective|p2a: Sinistcha\n|-damage|p2a: Sinistcha|0 fnt\n|faint|p2a: Sinistcha\n|\n|-heal|p1a: Umbreon|52/100|[from] item: Leftovers\n|upkeep\n|inactive|Time left: 300 sec this turn | 300 sec total | 5 sec grace\n|\n|t:|1783555524\n|switch|p2a: Slowbro|Slowbro, L85, M|143/300\n|turn|21\n|inactive|Time left: 300 sec this turn | 300 sec total\n|\n|t:|1783555525\n|move|p1a: Umbreon|Foul Play|p2a: Slowbro\n|-supereffective|p2a: Slowbro\n|-damage|p2a: Slowbro|39/300\n|-damage|p1a: Umbreon|36/100|[from] item: Rocky Helmet|[of] p2a: Slowbro\n|move|p2a: Slowbro|Slack Off|p2a: Slowbro\n|-heal|p2a: Slowbro|189/300\n|\n|-heal|p1a: Umbreon|42/100|[from] item: Leftovers\n|upkeep\n|turn|22\n|inactive|Time left: 300 sec this turn | 300 sec total\n|\n|t:|1783555526\n|move|p1a: Umbreon|Foul Play|p2a: Slowbro\n|-supereffective|p2a: Slowbro\n|-damage|p2a: Slowbro|79/300\n|-damage|p1a: Umbreon|25/100|[from] item: Rocky Helmet|[of] p2a: Slowbro\n|move|p2a: Slowbro|Scald|p1a: Umbreon\n|-damage|p1a: Umbreon|2/100\n|\n|-heal|p1a: Umbreon|8/100|[from] item: Leftovers\n|upkeep\n|turn|23\n|inactive|Time left: 300 sec this turn | 300 sec total\n|\n|t:|1783555527\n|switch|p2a: Ho-Oh|Ho-Oh, L71|243/268\n|move|p1a: Umbreon|Toxic|p2a: Ho-Oh\n|-status|p2a: Ho-Oh|tox\n|\n|-heal|p1a: Umbreon|14/100|[from] item: Leftovers\n|-damage|p2a: Ho-Oh|227/268 tox|[from] psn\n|upkeep\n|turn|24\n|inactive|Time left: 300 sec this turn | 300 sec total\n|\n|t:|1783555528\n|move|p1a: Umbreon|Protect|p1a: Umbreon\n|-singleturn|p1a: Umbreon|Protect\n|move|p2a: Ho-Oh|Sacred Fire|p1a: Umbreon\n|-activate|p1a: Umbreon|move: Protect\n|\n|-heal|p1a: Umbreon|20/100|[from] item: Leftovers\n|-damage|p2a: Ho-Oh|195/268 tox|[from] psn\n|upkeep\n|turn|25\n|inactive|Time left: 300 sec this turn | 300 sec total\n|\n|t:|1783555529\n|switch|p2a: Slowbro|Slowbro, L85, M|179/300\n|move|p1a: Umbreon|Foul Play|p2a: Slowbro\n|-supereffective|p2a: Slowbro\n|-damage|p2a: Slowbro|75/300\n|-damage|p1a: Umbreon|3/100|[from] item: Rocky Helmet|[of] p2a: Slowbro\n|\n|-heal|p1a: Umbreon|9/100|[from] item: Leftovers\n|upkeep\n|turn|26\n|inactive|Time left: 300 sec this turn | 300 sec total\n|\n|t:|1783555530\n|switch|p2a: Ho-Oh|Ho-Oh, L71|268/268 tox\n|move|p1a: Umbreon|Toxic|p2a: Ho-Oh\n|-fail|p2a: Ho-Oh|tox\n|\n|-heal|p1a: Umbreon|15/100|[from] item: Leftovers\n|-damage|p2a: Ho-Oh|252/268 tox|[from] psn\n|upkeep\n|turn|27\n|inactive|Time left: 300 sec this turn | 300 sec total\n|\n|t:|1783555532\n|move|p1a: Umbreon|Protect|p1a: Umbreon\n|-singleturn|p1a: Umbreon|Protect\n|move|p2a: Ho-Oh|Sacred Fire|p1a: Umbreon\n|-activate|p1a: Umbreon|move: Protect\n|\n|-heal|p1a: Umbreon|21/100|[from] item: Leftovers\n|-damage|p2a: Ho-Oh|220/268 tox|[from] psn\n|upkeep\n|turn|28\n|inactive|Time left: 300 sec this turn | 300 sec total\n|\n|t:|1783555533\n|switch|p1a: Torkoal|Torkoal, L88, F|100/100\n|-weather|SunnyDay|[from] ability: Drought|[of] p1a: Torkoal\n|move|p2a: Ho-Oh|Sacred Fire|p1a: Torkoal\n|-resisted|p1a: Torkoal\n|-damage|p1a: Torkoal|83/100\n|\n|-weather|SunnyDay|[upkeep]\n|-damage|p2a: Ho-Oh|172/268 tox|[from] psn\n|upkeep\n|turn|29\n|inactive|Time left: 300 sec this turn | 300 sec total\n|\n|t:|1783555534\n|switch|p2a: Rampardos|Rampardos, L90, F, tera:Fire|125/321\n|move|p1a: Torkoal|Stealth Rock|p2a: Rampardos\n|-sidestart|p2: p0y1334bba5|move: Stealth Rock\n|\n|-weather|SunnyDay|[upkeep]\n|upkeep\n|turn|30\n|inactive|Time left: 300 sec this turn | 300 sec total\n|\n|t:|1783555535\n|move|p2a: Rampardos|Earthquake|p1a: Torkoal\n|-supereffective|p1a: Torkoal\n|-damage|p1a: Torkoal|0 fnt\n|faint|p1a: Torkoal\n|-damage|p2a: Rampardos|93/321|[from] item: Life Orb\n|\n|-weather|SunnyDay|[upkeep]\n|upkeep\n|\n|t:|1783555536\n|switch|p1a: Umbreon|Umbreon, L84, M|21/100\n|turn|31\n|inactive|Time left: 300 sec this turn | 300 sec total\n|\n|t:|1783555537\n|switch|p2a: Slowbro|Slowbro, L85, M|175/300\n|-damage|p2a: Slowbro|138/300|[from] Stealth Rock\n|move|p1a: Umbreon|Foul Play|p2a: Slowbro\n|-supereffective|p2a: Slowbro\n|-damage|p2a: Slowbro|30/300\n|-damage|p1a: Umbreon|5/100|[from] item: Rocky Helmet|[of] p2a: Slowbro\n|\n|-weather|SunnyDay|[upkeep]\n|-heal|p1a: Umbreon|11/100|[from] item: Leftovers\n|upkeep\n|turn|32\n|inactive|Time left: 300 sec this turn | 300 sec total\n|\n|t:|1783555538\n|switch|p2a: Rampardos|Rampardos, L90, F, tera:Fire|93/321\n|-damage|p2a: Rampardos|13/321|[from] Stealth Rock\n|move|p1a: Umbreon|Toxic|p2a: Rampardos\n|-status|p2a: Rampardos|tox\n|\n|-weather|none\n|-heal|p1a: Umbreon|17/100|[from] item: Leftovers\n|-damage|p2a: Rampardos|0 fnt|[from] psn\n|faint|p2a: Rampardos\n|upkeep\n|inactive|Time left: 300 sec this turn | 300 sec total | 5 sec grace\n|\n|t:|1783555539\n|switch|p2a: Ho-Oh|Ho-Oh, L71|261/268 tox\n|-damage|p2a: Ho-Oh|127/268 tox|[from] Stealth Rock\n|turn|33\n|inactive|Time left: 300 sec this turn | 300 sec total\n|\n|t:|1783555540\n|move|p1a: Umbreon|Protect|p1a: Umbreon\n|-singleturn|p1a: Umbreon|Protect\n|move|p2a: Ho-Oh|Recover|p2a: Ho-Oh\n|-heal|p2a: Ho-Oh|261/268 tox\n|\n|-heal|p1a: Umbreon|23/100|[from] item: Leftovers\n|-damage|p2a: Ho-Oh|245/268 tox|[from] psn\n|upkeep\n|turn|34\n|inactive|Time left: 300 sec this turn | 300 sec total\n|\n|t:|1783555541\n|move|p1a: Umbreon|Protect||[still]\n|-fail|p1a: Umbreon\n|move|p2a: Ho-Oh|Sacred Fire|p1a: Umbreon\n|-damage|p1a: Umbreon|0 fnt\n|faint|p1a: Umbreon\n|\n|-damage|p2a: Ho-Oh|213/268 tox|[from] psn\n|upkeep\n|\n|t:|1783555541\n|switch|p1a: Illumise|Illumise, L91, F|100/100\n|turn|35\n|inactive|Time left: 300 sec this turn | 300 sec total\n|\n|t:|1783555542\n|move|p1a: Illumise|Bug Buzz|p2a: Ho-Oh\n|-resisted|p2a: Ho-Oh\n|-crit|p2a: Ho-Oh\n|-damage|p2a: Ho-Oh|189/268 tox\n|-unboost|p2a: Ho-Oh|spd|1\n|move|p2a: Ho-Oh|Brave Bird|p1a: Illumise\n|-supereffective|p1a: Illumise\n|-damage|p1a: Illumise|8/100\n|-damage|p2a: Ho-Oh|108/268 tox|[from] Recoil\n|\n|-damage|p2a: Ho-Oh|60/268 tox|[from] psn\n|upkeep\n|turn|36\n|inactive|Time left: 300 sec this turn | 300 sec total\n|\n|t:|1783555543\n|move|p1a: Illumise|Roost|p1a: Illumise\n|-heal|p1a: Illumise|58/100\n|-singleturn|p1a: Illumise|move: Roost\n|move|p2a: Ho-Oh|Brave Bird|p1a: Illumise\n|-supereffective|p1a: Illumise\n|-damage|p1a: Illumise|0 fnt\n|faint|p1a: Illumise\n|-damage|p2a: Ho-Oh|10/268 tox|[from] Recoil\n|\n|win|p0y1334bba5", "uploadtime": 1783555543, "views": 0, "rating": 0, "private": 0, "password": null, "_winner": "p0y1334bba5", "_our_name": "p0y1334bba5"}