{"id": "battle-gen9randombattle-1962", "formatid": "gen9randombattle", "format": "[Gen 9] Random Battle", "players": ["p0x1962a5f9", "p0y19622897"], "log": "|init|battle\n|title|p0x1962a5f9 vs. p0y19622897\n|j|\u2606p0x1962a5f9\n|j|\u2606p0y19622897\n|t:|1783562687\n|gametype|singles\n|player|p1|p0x1962a5f9|265|\n|player|p2|p0y19622897|170|\n|gen|9\n|tier|[Gen 9] Random Battle\n|rule|Species Clause: Limit one of each Pok\u00e9mon\n|rule|HP Percentage Mod: HP is shown in percentages\n|rule|Sleep Clause Mod: Limit one foe put to sleep\n|rule|Illusion Level Mod: Illusion disguises the Pok\u00e9mon's true level\n|\n|t:|1783562687\n|teamsize|p1|6\n|teamsize|p2|6\n|start\n|switch|p1a: Regidrago|Regidrago, L77|100/100\n|switch|p2a: Qwilfish|Qwilfish, L86, F|252/252\n|-ability|p2a: Qwilfish|Intimidate|boost\n|-unboost|p1a: Regidrago|atk|1\n|turn|1\n|inactive|Battle timer is ON: inactive players will automatically lose when time's up. (requested by p0x1962a5f9)\n|inactive|Time left: 300 sec this turn | 300 sec total | 60 sec grace\n|inactive|p0y19622897 also wants the timer to be on.\n|\n|t:|1783562689\n|switch|p2a: Glastrier|Glastrier, L86|312/312\n|move|p1a: Regidrago|Dragon Dance|p1a: Regidrago\n|-boost|p1a: Regidrago|atk|1\n|-boost|p1a: Regidrago|spe|1\n|\n|upkeep\n|turn|2\n|inactive|Time left: 300 sec this turn | 300 sec total\n|\n|t:|1783562690\n|switch|p1a: Stantler|Stantler, L92, M|100/100\n|-ability|p1a: Stantler|Intimidate|boost\n|-unboost|p2a: Glastrier|atk|1\n|move|p2a: Glastrier|Icicle Crash|p1a: Stantler\n|-damage|p1a: Stantler|75/100\n|\n|upkeep\n|turn|3\n|inactive|Time left: 300 sec this turn | 300 sec total\n|\n|t:|1783562691\n|move|p1a: Stantler|Body Slam|p2a: Glastrier\n|-damage|p2a: Glastrier|236/312\n|move|p2a: Glastrier|Swords Dance|p2a: Glastrier\n|-boost|p2a: Glastrier|atk|2\n|\n|upkeep\n|turn|4\n|inactive|Time left: 300 sec this turn | 300 sec total\n|\n|t:|1783562692\n|move|p1a: Stantler|Thunder Wave|p2a: Glastrier\n|-status|p2a: Glastrier|par\n|move|p2a: Glastrier|Icicle Crash|p1a: Stantler|[miss]\n|-miss|p2a: Glastrier|p1a: Stantler\n|\n|upkeep\n|turn|5\n|inactive|Time left: 300 sec this turn | 300 sec total\n|\n|t:|1783562693\n|switch|p1a: Giratina|Giratina, L75|100/100\n|-ability|p1a: Giratina|Pressure\n|move|p2a: Glastrier|Icicle Crash|p1a: Giratina\n|-supereffective|p1a: Giratina\n|-damage|p1a: Giratina|0 fnt\n|faint|p1a: Giratina\n|-ability|p2a: Glastrier|Chilling Neigh|boost\n|-boost|p2a: Glastrier|atk|1\n|\n|upkeep\n|\n|t:|1783562694\n|switch|p1a: Terrakion|Terrakion, L79|100/100\n|turn|6\n|inactive|Time left: 300 sec this turn | 300 sec total\n|\n|t:|1783562695\n|switch|p2a: Qwilfish|Qwilfish, L86, F|252/252\n|-ability|p2a: Qwilfish|Intimidate|boost\n|-unboost|p1a: Terrakion|atk|1\n|move|p1a: Terrakion|Close Combat|p2a: Qwilfish\n|-resisted|p2a: Qwilfish\n|-damage|p2a: Qwilfish|194/252\n|-unboost|p1a: Terrakion|def|1\n|-unboost|p1a: Terrakion|spd|1\n|-damage|p1a: Terrakion|91/100|[from] item: Life Orb\n|\n|upkeep\n|turn|7\n|inactive|Time left: 300 sec this turn | 300 sec total\n|\n|t:|1783562696\n|switch|p1a: Stantler|Stantler, L92, M|75/100\n|-ability|p1a: Stantler|Intimidate|boost\n|-unboost|p2a: Qwilfish|atk|1\n|move|p2a: Qwilfish|Flip Turn|p1a: Stantler\n|-damage|p1a: Stantler|63/100\n|inactive|Time left: 300 sec this turn | 300 sec total | 5 sec grace\n|\n|t:|1783562697\n|switch|p2a: Kingdra|Kingdra, L84, M|263/263|[from] Flip Turn\n|\n|upkeep\n|turn|8\n|inactive|Time left: 300 sec this turn | 300 sec total\n|\n|t:|1783562698\n|move|p1a: Stantler|Body Slam|p2a: Kingdra\n|-damage|p2a: Kingdra|163/263\n|move|p2a: Kingdra|Dragon Dance|p2a: Kingdra\n|-boost|p2a: Kingdra|atk|1\n|-boost|p2a: Kingdra|spe|1\n|\n|upkeep\n|turn|9\n|inactive|Time left: 300 sec this turn | 300 sec total\n|\n|t:|1783562699\n|move|p2a: Kingdra|Outrage|p1a: Stantler\n|-damage|p1a: Stantler|16/100\n|move|p1a: Stantler|Body Slam|p2a: Kingdra\n|-damage|p2a: Kingdra|64/263\n|\n|upkeep\n|turn|10\n|inactive|Time left: 300 sec this turn | 300 sec total\n|\n|t:|1783562700\n|move|p2a: Kingdra|Outrage|p1a: Stantler|[from] lockedmove\n|-damage|p1a: Stantler|0 fnt\n|faint|p1a: Stantler\n|\n|upkeep\n|\n|t:|1783562701\n|switch|p1a: Glimmora|Glimmora, L75, F|100/100\n|-item|p1a: Glimmora|Air Balloon\n|turn|11\n|inactive|Time left: 300 sec this turn | 300 sec total\n|\n|t:|1783562702\n|move|p2a: Kingdra|Outrage|p1a: Glimmora|[from] lockedmove\n|-damage|p1a: Glimmora|13/100\n|-activate|p1a: Glimmora|ability: Toxic Debris\n|-sidestart|p2: p0y19622897|move: Toxic Spikes\n|-enditem|p1a: Glimmora|Air Balloon\n|-start|p2a: Kingdra|confusion|[fatigue]\n|-enditem|p2a: Kingdra|Lum Berry|[eat]\n|-end|p2a: Kingdra|confusion\n|move|p1a: Glimmora|Power Gem|p2a: Kingdra\n|-damage|p2a: Kingdra|0 fnt\n|faint|p2a: Kingdra\n|\n|upkeep\n|inactive|Time left: 300 sec this turn | 300 sec total | 5 sec grace\n|\n|t:|1783562702\n|switch|p2a: Gouging Fire|Gouging Fire, L74|277/277\n|turn|12\n|inactive|Time left: 300 sec this turn | 300 sec total\n|\n|t:|1783562703\n|move|p2a: Gouging Fire|Outrage|p1a: Glimmora\n|-damage|p1a: Glimmora|0 fnt\n|-activate|p1a: Glimmora|ability: Toxic Debris\n|-sidestart|p2: p0y19622897|move: Toxic Spikes\n|faint|p1a: Glimmora\n|\n|upkeep\n|\n|t:|1783562704\n|switch|p1a: Regidrago|Regidrago, L77|100/100\n|turn|13\n|inactive|Time left: 300 sec this turn | 300 sec total\n|\n|t:|1783562705\n|-terastallize|p1a: Regidrago|Steel\n|move|p2a: Gouging Fire|Outrage|p1a: Regidrago|[from] lockedmove\n|-resisted|p1a: Regidrago\n|-damage|p1a: Regidrago|79/100\n|move|p1a: Regidrago|Dragon Dance|p1a: Regidrago\n|-boost|p1a: Regidrago|atk|1\n|-boost|p1a: Regidrago|spe|1\n|\n|upkeep\n|turn|14\n|inactive|Time left: 300 sec this turn | 300 sec total\n|\n|t:|1783562706\n|move|p1a: Regidrago|Dragon Claw|p2a: Gouging Fire\n|-supereffective|p2a: Gouging Fire\n|-damage|p2a: Gouging Fire|0 fnt\n|faint|p2a: Gouging Fire\n|-end|p2a: Gouging Fire|Protosynthesis|[silent]\n|-damage|p1a: Regidrago|69/100|[from] item: Life Orb\n|\n|upkeep\n|inactive|Time left: 300 sec this turn | 300 sec total | 5 sec grace\n|\n|t:|1783562707\n|switch|p2a: Hippowdon|Hippowdon, L82, F|311/311\n|-status|p2a: Hippowdon|tox\n|-weather|Sandstorm|[from] ability: Sand Stream|[of] p2a: Hippowdon\n|turn|15\n|inactive|Time left: 300 sec this turn | 300 sec total\n|\n|t:|1783562708\n|move|p1a: Regidrago|Dragon Claw|p2a: Hippowdon\n|-damage|p2a: Hippowdon|126/311 tox\n|-damage|p1a: Regidrago|53/100|[from] item: Rocky Helmet|[of] p2a: Hippowdon\n|-damage|p1a: Regidrago|43/100|[from] item: Life Orb\n|move|p2a: Hippowdon|Earthquake|p1a: Regidrago\n|-supereffective|p1a: Regidrago\n|-damage|p1a: Regidrago|0 fnt\n|faint|p1a: Regidrago\n|\n|-weather|Sandstorm|[upkeep]\n|-damage|p2a: Hippowdon|107/311 tox|[from] psn\n|upkeep\n|\n|t:|1783562709\n|switch|p1a: Mamoswine|Mamoswine, L81, F|100/100\n|turn|16\n|inactive|Time left: 300 sec this turn | 300 sec total\n|\n|t:|1783562710\n|move|p1a: Mamoswine|Earthquake|p2a: Hippowdon\n|-damage|p2a: Hippowdon|0 fnt\n|faint|p2a: Hippowdon\n|-damage|p1a: Mamoswine|91/100|[from] item: Life Orb\n|\n|-weather|Sandstorm|[upkeep]\n|upkeep\n|inactive|Time left: 300 sec this turn | 300 sec total | 5 sec grace\n|\n|t:|1783562710\n|switch|p2a: Qwilfish|Qwilfish, L86, F|194/252\n|-sideend|p2: p0y19622897|move: Toxic Spikes|[of] p2a: Qwilfish\n|-ability|p2a: Qwilfish|Intimidate|boost\n|-unboost|p1a: Mamoswine|atk|1\n|turn|17\n|inactive|Time left: 300 sec this turn | 300 sec total\n|\n|t:|1783562711\n|move|p2a: Qwilfish|Flip Turn|p1a: Mamoswine\n|-supereffective|p1a: Mamoswine\n|-damage|p1a: Mamoswine|44/100\n|inactive|Time left: 300 sec this turn | 300 sec total | 5 sec grace\n|\n|t:|1783562712\n|switch|p2a: Glastrier|Glastrier, L86|236/312 par|[from] Flip Turn\n|move|p1a: Mamoswine|Earthquake|p2a: Glastrier\n|-damage|p2a: Glastrier|165/312 par\n|-damage|p1a: Mamoswine|34/100|[from] item: Life Orb\n|\n|-weather|Sandstorm|[upkeep]\n|-damage|p2a: Glastrier|146/312 par|[from] Sandstorm\n|upkeep\n|turn|18\n|inactive|Time left: 300 sec this turn | 300 sec total\n|\n|t:|1783562713\n|move|p1a: Mamoswine|Earthquake|p2a: Glastrier\n|-damage|p2a: Glastrier|72/312 par\n|-damage|p1a: Mamoswine|24/100|[from] item: Life Orb\n|move|p2a: Glastrier|Heavy Slam|p1a: Mamoswine\n|-supereffective|p1a: Mamoswine\n|-damage|p1a: Mamoswine|0 fnt\n|faint|p1a: Mamoswine\n|-ability|p2a: Glastrier|Chilling Neigh|boost\n|-boost|p2a: Glastrier|atk|1\n|\n|-weather|Sandstorm|[upkeep]\n|-damage|p2a: Glastrier|53/312 par|[from] Sandstorm\n|upkeep\n|\n|t:|1783562714\n|switch|p1a: Terrakion|Terrakion, L79|91/100\n|turn|19\n|inactive|Time left: 300 sec this turn | 300 sec total\n|\n|t:|1783562715\n|-terastallize|p2a: Glastrier|Steel\n|move|p1a: Terrakion|Swords Dance|p1a: Terrakion\n|-boost|p1a: Terrakion|atk|2\n|move|p2a: Glastrier|Heavy Slam|p1a: Terrakion\n|-supereffective|p1a: Terrakion\n|-damage|p1a: Terrakion|0 fnt\n|faint|p1a: Terrakion\n|\n|win|p0y19622897", "uploadtime": 1783562715, "views": 0, "rating": 0, "private": 0, "password": null, "_winner": "p0y19622897", "_our_name": "p0y19622897"}