{"id": "battle-gen9randombattle-214", "formatid": "gen9randombattle", "format": "[Gen 9] Random Battle", "players": ["p0x2143f44", "p0y21451d9"], "log": "|init|battle\n|title|p0x2143f44 vs. p0y21451d9\n|j|\u2606p0x2143f44\n|j|\u2606p0y21451d9\n|t:|1783541573\n|gametype|singles\n|player|p1|p0x2143f44|102|\n|player|p2|p0y21451d9|265|\n|gen|9\n|tier|[Gen 9] Random Battle\n|rule|Species Clause: Limit one of each Pok\u00e9mon\n|rule|HP Percentage Mod: HP is shown in percentages\n|rule|Sleep Clause Mod: Limit one foe put to sleep\n|rule|Illusion Level Mod: Illusion disguises the Pok\u00e9mon's true level\n|\n|t:|1783541573\n|teamsize|p1|6\n|teamsize|p2|6\n|start\n|switch|p1a: Calyrex|Calyrex-Ice, L72|263/263\n|switch|p2a: Honchkrow|Honchkrow, L86, M|100/100\n|-ability|p1a: Calyrex|As One\n|-ability|p1a: Calyrex|Unnerve\n|turn|1\n|inactive|Battle timer is ON: inactive players will automatically lose when time's up. (requested by p0y21451d9)\n|inactive|Time left: 300 sec this turn | 300 sec total | 60 sec grace\n|inactive|p0x2143f44 also wants the timer to be on.\n|\n|t:|1783541575\n|switch|p2a: Suicune|Suicune, L82|100/100\n|-ability|p2a: Suicune|Pressure\n|move|p1a: Calyrex|Glacial Lance|p2a: Suicune\n|-resisted|p2a: Suicune\n|-damage|p2a: Suicune|82/100\n|\n|-heal|p2a: Suicune|88/100|[from] item: Leftovers\n|upkeep\n|turn|2\n|inactive|Time left: 300 sec this turn | 300 sec total\n|\n|t:|1783541576\n|move|p2a: Suicune|Scald|p1a: Calyrex\n|-damage|p1a: Calyrex|193/263\n|-status|p1a: Calyrex|brn\n|move|p1a: Calyrex|Agility|p1a: Calyrex\n|-boost|p1a: Calyrex|spe|2\n|\n|-heal|p2a: Suicune|94/100|[from] item: Leftovers\n|-damage|p1a: Calyrex|177/263 brn|[from] brn\n|upkeep\n|turn|3\n|inactive|Time left: 300 sec this turn | 300 sec total\n|\n|t:|1783541577\n|move|p1a: Calyrex|Glacial Lance|p2a: Suicune\n|-resisted|p2a: Suicune\n|-damage|p2a: Suicune|84/100\n|move|p2a: Suicune|Calm Mind|p2a: Suicune\n|-boost|p2a: Suicune|spa|1\n|-boost|p2a: Suicune|spd|1\n|\n|-heal|p2a: Suicune|90/100|[from] item: Leftovers\n|-damage|p1a: Calyrex|161/263 brn|[from] brn\n|upkeep\n|turn|4\n|inactive|Time left: 300 sec this turn | 300 sec total\n|\n|t:|1783541578\n|move|p1a: Calyrex|Agility|p1a: Calyrex\n|-boost|p1a: Calyrex|spe|2\n|move|p2a: Suicune|Scald|p1a: Calyrex\n|-damage|p1a: Calyrex|59/263 brn\n|\n|-heal|p2a: Suicune|96/100|[from] item: Leftovers\n|-damage|p1a: Calyrex|43/263 brn|[from] brn\n|upkeep\n|turn|5\n|inactive|Time left: 300 sec this turn | 300 sec total\n|\n|t:|1783541579\n|move|p1a: Calyrex|Glacial Lance|p2a: Suicune\n|-resisted|p2a: Suicune\n|-damage|p2a: Suicune|86/100\n|move|p2a: Suicune|Scald|p1a: Calyrex\n|-damage|p1a: Calyrex|0 fnt\n|faint|p1a: Calyrex\n|\n|-heal|p2a: Suicune|92/100|[from] item: Leftovers\n|upkeep\n|inactive|Time left: 300 sec this turn | 300 sec total | 5 sec grace\n|\n|t:|1783541580\n|switch|p1a: Serperior|Serperior, L79, F|248/248\n|turn|6\n|inactive|Time left: 300 sec this turn | 300 sec total\n|\n|t:|1783541582\n|move|p1a: Serperior|Leaf Storm|p2a: Suicune\n|-supereffective|p2a: Suicune\n|-damage|p2a: Suicune|53/100\n|-boost|p1a: Serperior|spa|2\n|move|p2a: Suicune|Calm Mind|p2a: Suicune\n|-boost|p2a: Suicune|spa|1\n|-boost|p2a: Suicune|spd|1\n|\n|-heal|p2a: Suicune|59/100|[from] item: Leftovers\n|upkeep\n|turn|7\n|inactive|Time left: 300 sec this turn | 300 sec total\n|\n|t:|1783541583\n|move|p1a: Serperior|Leaf Storm|p2a: Suicune\n|-supereffective|p2a: Suicune\n|-damage|p2a: Suicune|5/100\n|-boost|p1a: Serperior|spa|2\n|move|p2a: Suicune|Rest|p2a: Suicune\n|-status|p2a: Suicune|slp|[from] move: Rest\n|-heal|p2a: Suicune|100/100 slp|[silent]\n|\n|upkeep\n|turn|8\n|inactive|Time left: 300 sec this turn | 300 sec total\n|\n|t:|1783541584\n|switch|p2a: Tsareena|Tsareena, L87, F|100/100\n|move|p1a: Serperior|Leaf Storm|p2a: Tsareena\n|-resisted|p2a: Tsareena\n|-damage|p2a: Tsareena|70/100\n|-boost|p1a: Serperior|spa|2\n|\n|upkeep\n|turn|9\n|inactive|Time left: 300 sec this turn | 300 sec total\n|\n|t:|1783541585\n|-terastallize|p1a: Serperior|Fire\n|move|p1a: Serperior|Tera Blast|p2a: Tsareena|[anim] Tera Blast Fire\n|-supereffective|p2a: Tsareena\n|-damage|p2a: Tsareena|0 fnt\n|faint|p2a: Tsareena\n|\n|upkeep\n|\n|t:|1783541586\n|switch|p2a: Suicune|Suicune, L82|100/100 slp\n|-ability|p2a: Suicune|Pressure\n|turn|10\n|inactive|Time left: 300 sec this turn | 300 sec total\n|\n|t:|1783541587\n|-terastallize|p2a: Suicune|Dragon\n|move|p1a: Serperior|Leaf Storm|p2a: Suicune\n|-resisted|p2a: Suicune\n|-damage|p2a: Suicune|40/100 slp\n|cant|p2a: Suicune|slp\n|move|p2a: Suicune|Sleep Talk|p2a: Suicune\n|move|p2a: Suicune|Rest||[from] move: Sleep Talk|[still]\n|-fail|p2a: Suicune\n|\n|-heal|p2a: Suicune|46/100 slp|[from] item: Leftovers\n|upkeep\n|turn|11\n|inactive|Time left: 300 sec this turn | 300 sec total\n|\n|t:|1783541588\n|move|p1a: Serperior|Leaf Storm|p2a: Suicune\n|-resisted|p2a: Suicune\n|-damage|p2a: Suicune|0 fnt\n|faint|p2a: Suicune\n|\n|upkeep\n|\n|t:|1783541589\n|switch|p2a: Vaporeon|Vaporeon, L86, F|100/100\n|turn|12\n|inactive|Time left: 300 sec this turn | 300 sec total\n|\n|t:|1783541590\n|move|p1a: Serperior|Leech Seed|p2a: Vaporeon\n|-start|p2a: Vaporeon|move: Leech Seed\n|move|p2a: Vaporeon|Scald|p1a: Serperior\n|-supereffective|p1a: Serperior\n|-damage|p1a: Serperior|60/248\n|\n|-heal|p1a: Serperior|75/248|[from] item: Leftovers\n|-damage|p2a: Vaporeon|88/100|[from] Leech Seed|[of] p1a: Serperior\n|-heal|p1a: Serperior|120/248|[silent]\n|upkeep\n|turn|13\n|inactive|Time left: 300 sec this turn | 300 sec total\n|\n|t:|1783541591\n|move|p1a: Serperior|Substitute|p1a: Serperior\n|-start|p1a: Serperior|Substitute\n|-damage|p1a: Serperior|58/248\n|move|p2a: Vaporeon|Scald|p1a: Serperior\n|-supereffective|p1a: Serperior\n|-end|p1a: Serperior|Substitute\n|\n|-heal|p1a: Serperior|73/248|[from] item: Leftovers\n|-heal|p2a: Vaporeon|94/100|[from] item: Leftovers\n|-damage|p2a: Vaporeon|82/100|[from] Leech Seed|[of] p1a: Serperior\n|-heal|p1a: Serperior|118/248|[silent]\n|upkeep\n|turn|14\n|inactive|Time left: 300 sec this turn | 300 sec total\n|\n|t:|1783541592\n|move|p1a: Serperior|Substitute|p1a: Serperior\n|-start|p1a: Serperior|Substitute\n|-damage|p1a: Serperior|56/248\n|move|p2a: Vaporeon|Scald|p1a: Serperior\n|-supereffective|p1a: Serperior\n|-end|p1a: Serperior|Substitute\n|\n|-heal|p1a: Serperior|71/248|[from] item: Leftovers\n|-heal|p2a: Vaporeon|88/100|[from] item: Leftovers\n|-damage|p2a: Vaporeon|75/100|[from] Leech Seed|[of] p1a: Serperior\n|-heal|p1a: Serperior|116/248|[silent]\n|upkeep\n|turn|15\n|inactive|Time left: 300 sec this turn | 300 sec total\n|\n|t:|1783541593\n|move|p1a: Serperior|Substitute|p1a: Serperior\n|-start|p1a: Serperior|Substitute\n|-damage|p1a: Serperior|54/248\n|move|p2a: Vaporeon|Scald|p1a: Serperior\n|-supereffective|p1a: Serperior\n|-end|p1a: Serperior|Substitute\n|\n|-heal|p1a: Serperior|69/248|[from] item: Leftovers\n|-heal|p2a: Vaporeon|82/100|[from] item: Leftovers\n|-damage|p2a: Vaporeon|69/100|[from] Leech Seed|[of] p1a: Serperior\n|-heal|p1a: Serperior|114/248|[silent]\n|upkeep\n|turn|16\n|inactive|Time left: 300 sec this turn | 300 sec total\n|\n|t:|1783541594\n|move|p1a: Serperior|Substitute|p1a: Serperior\n|-start|p1a: Serperior|Substitute\n|-damage|p1a: Serperior|52/248\n|move|p2a: Vaporeon|Scald|p1a: Serperior\n|-supereffective|p1a: Serperior\n|-end|p1a: Serperior|Substitute\n|\n|-heal|p1a: Serperior|67/248|[from] item: Leftovers\n|-heal|p2a: Vaporeon|75/100|[from] item: Leftovers\n|-damage|p2a: Vaporeon|63/100|[from] Leech Seed|[of] p1a: Serperior\n|-heal|p1a: Serperior|112/248|[silent]\n|upkeep\n|turn|17\n|inactive|Time left: 300 sec this turn | 300 sec total\n|\n|t:|1783541595\n|move|p1a: Serperior|Substitute|p1a: Serperior\n|-start|p1a: Serperior|Substitute\n|-damage|p1a: Serperior|50/248\n|move|p2a: Vaporeon|Scald|p1a: Serperior\n|-supereffective|p1a: Serperior\n|-end|p1a: Serperior|Substitute\n|\n|-heal|p1a: Serperior|65/248|[from] item: Leftovers\n|-heal|p2a: Vaporeon|69/100|[from] item: Leftovers\n|-damage|p2a: Vaporeon|57/100|[from] Leech Seed|[of] p1a: Serperior\n|-heal|p1a: Serperior|110/248|[silent]\n|upkeep\n|turn|18\n|inactive|Time left: 300 sec this turn | 300 sec total\n|\n|t:|1783541596\n|move|p1a: Serperior|Substitute|p1a: Serperior\n|-start|p1a: Serperior|Substitute\n|-damage|p1a: Serperior|48/248\n|move|p2a: Vaporeon|Scald|p1a: Serperior\n|-supereffective|p1a: Serperior\n|-end|p1a: Serperior|Substitute\n|\n|-heal|p1a: Serperior|63/248|[from] item: Leftovers\n|-heal|p2a: Vaporeon|63/100|[from] item: Leftovers\n|-damage|p2a: Vaporeon|50/100|[from] Leech Seed|[of] p1a: Serperior\n|-heal|p1a: Serperior|108/248|[silent]\n|upkeep\n|turn|19\n|inactive|Time left: 300 sec this turn | 300 sec total\n|\n|t:|1783541597\n|move|p1a: Serperior|Substitute|p1a: Serperior\n|-start|p1a: Serperior|Substitute\n|-damage|p1a: Serperior|46/248\n|move|p2a: Vaporeon|Scald|p1a: Serperior\n|-supereffective|p1a: Serperior\n|-end|p1a: Serperior|Substitute\n|\n|-heal|p1a: Serperior|61/248|[from] item: Leftovers\n|-heal|p2a: Vaporeon|56/100|[from] item: Leftovers\n|-damage|p2a: Vaporeon|44/100|[from] Leech Seed|[of] p1a: Serperior\n|-heal|p1a: Serperior|106/248|[silent]\n|upkeep\n|turn|20\n|inactive|Time left: 300 sec this turn | 300 sec total\n|\n|t:|1783541598\n|move|p1a: Serperior|Substitute|p1a: Serperior\n|-start|p1a: Serperior|Substitute\n|-damage|p1a: Serperior|44/248\n|move|p2a: Vaporeon|Scald|p1a: Serperior\n|-supereffective|p1a: Serperior\n|-end|p1a: Serperior|Substitute\n|\n|-heal|p1a: Serperior|59/248|[from] item: Leftovers\n|-heal|p2a: Vaporeon|50/100|[from] item: Leftovers\n|-damage|p2a: Vaporeon|38/100|[from] Leech Seed|[of] p1a: Serperior\n|-heal|p1a: Serperior|104/248|[silent]\n|upkeep\n|turn|21\n|inactive|Time left: 300 sec this turn | 300 sec total\n|\n|t:|1783541599\n|move|p1a: Serperior|Substitute|p1a: Serperior\n|-start|p1a: Serperior|Substitute\n|-damage|p1a: Serperior|42/248\n|move|p2a: Vaporeon|Scald|p1a: Serperior\n|-supereffective|p1a: Serperior\n|-end|p1a: Serperior|Substitute\n|\n|-heal|p1a: Serperior|57/248|[from] item: Leftovers\n|-heal|p2a: Vaporeon|44/100|[from] item: Leftovers\n|-damage|p2a: Vaporeon|31/100|[from] Leech Seed|[of] p1a: Serperior\n|-heal|p1a: Serperior|102/248|[silent]\n|upkeep\n|turn|22\n|inactive|Time left: 300 sec this turn | 300 sec total\n|\n|t:|1783541600\n|move|p1a: Serperior|Tera Blast|p2a: Vaporeon|[anim] Tera Blast Fire\n|-resisted|p2a: Vaporeon\n|-damage|p2a: Vaporeon|0 fnt\n|faint|p2a: Vaporeon\n|\n|-heal|p1a: Serperior|117/248|[from] item: Leftovers\n|upkeep\n|\n|t:|1783541601\n|switch|p2a: Honchkrow|Honchkrow, L86, M|100/100\n|turn|23\n|inactive|Time left: 300 sec this turn | 300 sec total\n|\n|t:|1783541602\n|move|p2a: Honchkrow|Sucker Punch|p1a: Serperior\n|-damage|p1a: Serperior|18/248\n|move|p1a: Serperior|Tera Blast|p2a: Honchkrow|[anim] Tera Blast Fire\n|-damage|p2a: Honchkrow|0 fnt\n|faint|p2a: Honchkrow\n|\n|-heal|p1a: Serperior|33/248|[from] item: Leftovers\n|upkeep\n|\n|t:|1783541603\n|switch|p2a: Cobalion|Cobalion, L80|100/100\n|turn|24\n|inactive|Time left: 300 sec this turn | 300 sec total\n|\n|t:|1783541604\n|switch|p2a: Glastrier|Glastrier, L86|100/100\n|move|p1a: Serperior|Tera Blast|p2a: Glastrier|[anim] Tera Blast Fire\n|-supereffective|p2a: Glastrier\n|-damage|p2a: Glastrier|0 fnt\n|faint|p2a: Glastrier\n|\n|-heal|p1a: Serperior|48/248|[from] item: Leftovers\n|upkeep\n|\n|t:|1783541605\n|switch|p2a: Cobalion|Cobalion, L80|100/100\n|turn|25\n|inactive|Time left: 300 sec this turn | 300 sec total\n|\n|t:|1783541606\n|move|p1a: Serperior|Tera Blast|p2a: Cobalion|[anim] Tera Blast Fire\n|-supereffective|p2a: Cobalion\n|-damage|p2a: Cobalion|0 fnt\n|faint|p2a: Cobalion\n|\n|win|p0x2143f44", "uploadtime": 1783541606, "views": 0, "rating": 0, "private": 0, "password": null, "_winner": "p0x2143f44", "_our_name": "p0x2143f44"}