{"id": "battle-gen9randombattle-2501", "formatid": "gen9randombattle", "format": "[Gen 9] Random Battle", "players": ["p0x25014e19", "p0y250106d7"], "log": "|init|battle\n|title|p0x25014e19 vs. p0y250106d7\n|j|\u2606p0x25014e19\n|j|\u2606p0y250106d7\n|t:|1783567998\n|gametype|singles\n|player|p1|p0x25014e19|266|\n|player|p2|p0y250106d7|265|\n|gen|9\n|tier|[Gen 9] Random Battle\n|rule|Species Clause: Limit one of each Pok\u00e9mon\n|rule|HP Percentage Mod: HP is shown in percentages\n|rule|Sleep Clause Mod: Limit one foe put to sleep\n|rule|Illusion Level Mod: Illusion disguises the Pok\u00e9mon's true level\n|\n|t:|1783567998\n|teamsize|p1|6\n|teamsize|p2|6\n|start\n|switch|p1a: Hariyama|Hariyama, L87, F|100/100\n|switch|p2a: Primarina|Primarina, L83, F|268/268\n|turn|1\n|inactive|Battle timer is ON: inactive players will automatically lose when time's up. (requested by p0y250106d7)\n|inactive|p0x25014e19 also wants the timer to be on.\n|\n|t:|1783568000\n|move|p1a: Hariyama|Fake Out|p2a: Primarina\n|-damage|p2a: Primarina|230/268\n|cant|p2a: Primarina|flinch\n|\n|-heal|p2a: Primarina|246/268|[from] item: Leftovers\n|-status|p1a: Hariyama|brn|[from] item: Flame Orb\n|upkeep\n|turn|2\n|inactive|Time left: 300 sec this turn | 300 sec total\n|\n|t:|1783568001\n|-terastallize|p1a: Hariyama|Normal\n|move|p2a: Primarina|Moonblast|p1a: Hariyama\n|-damage|p1a: Hariyama|64/100 brn\n|-unboost|p1a: Hariyama|spa|1\n|move|p1a: Hariyama|Facade|p2a: Primarina\n|-damage|p2a: Primarina|0 fnt\n|faint|p2a: Primarina\n|\n|-damage|p1a: Hariyama|57/100 brn|[from] brn\n|upkeep\n|inactive|Time left: 300 sec this turn | 300 sec total | 5 sec grace\n|\n|t:|1783568002\n|switch|p2a: Grafaiai|Grafaiai, L86, M|249/249\n|turn|3\n|inactive|Time left: 300 sec this turn | 300 sec total\n|\n|t:|1783568003\n|move|p2a: Grafaiai|Low Kick|p1a: Hariyama\n|-supereffective|p1a: Hariyama\n|-damage|p1a: Hariyama|0 fnt\n|faint|p1a: Hariyama\n|-damage|p2a: Grafaiai|225/249|[from] item: Life Orb\n|\n|upkeep\n|\n|t:|1783568004\n|switch|p1a: Hippowdon|Hippowdon, L82, F|100/100\n|-weather|Sandstorm|[from] ability: Sand Stream|[of] p1a: Hippowdon\n|turn|4\n|inactive|Time left: 300 sec this turn | 300 sec total\n|\n|t:|1783568005\n|switch|p2a: Sunflora|Sunflora, F|312/312\n|move|p1a: Hippowdon|Earthquake|p2a: Sunflora\n|-resisted|p2a: Sunflora\n|-damage|p2a: Sunflora|244/312\n|\n|-weather|Sandstorm|[upkeep]\n|-damage|p2a: Sunflora|225/312|[from] Sandstorm\n|upkeep\n|turn|5\n|inactive|Time left: 300 sec this turn | 300 sec total\n|\n|t:|1783568006\n|move|p1a: Hippowdon|Stealth Rock|p2a: Sunflora\n|-sidestart|p2: p0y250106d7|move: Stealth Rock\n|move|p2a: Sunflora|Leaf Storm|p1a: Hippowdon\n|-supereffective|p1a: Hippowdon\n|-damage|p1a: Hippowdon|0 fnt\n|-unboost|p2a: Sunflora|spa|2\n|faint|p1a: Hippowdon\n|\n|-weather|Sandstorm|[upkeep]\n|-damage|p2a: Sunflora|206/312|[from] Sandstorm\n|upkeep\n|\n|t:|1783568007\n|switch|p1a: Cloyster|Cloyster, L80, F|100/100\n|turn|6\n|inactive|Time left: 300 sec this turn | 300 sec total\n|\n|t:|1783568009\n|move|p1a: Cloyster|Icicle Spear|p2a: Sunflora\n|-supereffective|p2a: Sunflora\n|-damage|p2a: Sunflora|150/312\n|-supereffective|p2a: Sunflora\n|-damage|p2a: Sunflora|90/312\n|-supereffective|p2a: Sunflora\n|-damage|p2a: Sunflora|30/312\n|-supereffective|p2a: Sunflora\n|-damage|p2a: Sunflora|0 fnt\n|faint|p2a: Sunflora\n|-hitcount|p2: Sunflora|4\n|\n|-weather|Sandstorm|[upkeep]\n|-damage|p1a: Cloyster|94/100|[from] Sandstorm\n|upkeep\n|inactive|Time left: 300 sec this turn | 300 sec total | 5 sec grace\n|\n|t:|1783568009\n|switch|p2a: Skeledirge|Skeledirge, L79, M|294/294\n|turn|7\n|inactive|Time left: 300 sec this turn | 300 sec total\n|\n|t:|1783568010\n|move|p1a: Cloyster|Hydro Pump|p2a: Skeledirge\n|-supereffective|p2a: Skeledirge\n|-damage|p2a: Skeledirge|78/294\n|move|p2a: Skeledirge|Torch Song|p1a: Cloyster\n|-crit|p1a: Cloyster\n|-damage|p1a: Cloyster|0 fnt\n|-boost|p2a: Skeledirge|spa|1\n|faint|p1a: Cloyster\n|\n|-weather|Sandstorm|[upkeep]\n|-damage|p2a: Skeledirge|60/294|[from] Sandstorm\n|upkeep\n|\n|t:|1783568011\n|switch|p1a: Chi-Yu|Chi-Yu, L77|100/100\n|-ability|p1a: Chi-Yu|Beads of Ruin\n|turn|8\n|inactive|Time left: 300 sec this turn | 300 sec total\n|\n|t:|1783568012\n|switch|p2a: Azumarill|Azumarill, L82, M|298/298\n|-damage|p2a: Azumarill|261/298|[from] Stealth Rock\n|move|p1a: Chi-Yu|Dark Pulse|p2a: Azumarill\n|-resisted|p2a: Azumarill\n|-damage|p2a: Azumarill|189/298\n|\n|-weather|none\n|upkeep\n|turn|9\n|inactive|Time left: 300 sec this turn | 300 sec total\n|\n|t:|1783568013\n|switch|p1a: Eternatus|Eternatus, L69|100/100\n|-ability|p1a: Eternatus|Pressure\n|move|p2a: Azumarill|Liquidation|p1a: Eternatus\n|-resisted|p1a: Eternatus\n|-damage|p1a: Eternatus|73/100\n|\n|-heal|p1a: Eternatus|79/100|[from] item: Leftovers\n|upkeep\n|turn|10\n|inactive|Time left: 300 sec this turn | 300 sec total\n|\n|t:|1783568014\n|move|p1a: Eternatus|Flamethrower|p2a: Azumarill\n|-resisted|p2a: Azumarill\n|-damage|p2a: Azumarill|155/298\n|move|p2a: Azumarill|Liquidation|p1a: Eternatus\n|-resisted|p1a: Eternatus\n|-crit|p1a: Eternatus\n|-damage|p1a: Eternatus|36/100\n|\n|-heal|p1a: Eternatus|42/100|[from] item: Leftovers\n|upkeep\n|turn|11\n|inactive|Time left: 300 sec this turn | 300 sec total\n|\n|t:|1783568015\n|move|p1a: Eternatus|Recover|p1a: Eternatus\n|-heal|p1a: Eternatus|92/100\n|move|p2a: Azumarill|Liquidation|p1a: Eternatus\n|-resisted|p1a: Eternatus\n|-crit|p1a: Eternatus\n|-damage|p1a: Eternatus|49/100\n|\n|-heal|p1a: Eternatus|55/100|[from] item: Leftovers\n|upkeep\n|turn|12\n|inactive|Time left: 300 sec this turn | 300 sec total\n|\n|t:|1783568016\n|move|p1a: Eternatus|Recover|p1a: Eternatus\n|-heal|p1a: Eternatus|100/100\n|move|p2a: Azumarill|Liquidation|p1a: Eternatus\n|-resisted|p1a: Eternatus\n|-damage|p1a: Eternatus|72/100\n|\n|-heal|p1a: Eternatus|78/100|[from] item: Leftovers\n|upkeep\n|turn|13\n|inactive|Time left: 300 sec this turn | 300 sec total\n|\n|t:|1783568017\n|move|p1a: Eternatus|Toxic Spikes|p2a: Azumarill\n|-sidestart|p2: p0y250106d7|move: Toxic Spikes\n|move|p2a: Azumarill|Liquidation|p1a: Eternatus\n|-resisted|p1a: Eternatus\n|-damage|p1a: Eternatus|50/100\n|\n|-heal|p1a: Eternatus|56/100|[from] item: Leftovers\n|upkeep\n|turn|14\n|inactive|Time left: 300 sec this turn | 300 sec total\n|\n|t:|1783568018\n|move|p1a: Eternatus|Recover|p1a: Eternatus\n|-heal|p1a: Eternatus|100/100\n|move|p2a: Azumarill|Liquidation|p1a: Eternatus\n|-resisted|p1a: Eternatus\n|-damage|p1a: Eternatus|69/100\n|\n|-heal|p1a: Eternatus|75/100|[from] item: Leftovers\n|upkeep\n|turn|15\n|inactive|Time left: 300 sec this turn | 300 sec total\n|\n|t:|1783568019\n|move|p1a: Eternatus|Flamethrower|p2a: Azumarill\n|-resisted|p2a: Azumarill\n|-damage|p2a: Azumarill|123/298\n|move|p2a: Azumarill|Liquidation|p1a: Eternatus\n|-resisted|p1a: Eternatus\n|-damage|p1a: Eternatus|45/100\n|\n|-heal|p1a: Eternatus|51/100|[from] item: Leftovers\n|upkeep\n|turn|16\n|inactive|Time left: 300 sec this turn | 300 sec total\n|\n|t:|1783568020\n|move|p1a: Eternatus|Recover|p1a: Eternatus\n|-heal|p1a: Eternatus|100/100\n|move|p2a: Azumarill|Liquidation|p1a: Eternatus\n|-resisted|p1a: Eternatus\n|-damage|p1a: Eternatus|70/100\n|\n|-heal|p1a: Eternatus|76/100|[from] item: Leftovers\n|upkeep\n|turn|17\n|inactive|Time left: 300 sec this turn | 300 sec total\n|\n|t:|1783568020\n|move|p1a: Eternatus|Dynamax Cannon|p2a: Azumarill\n|-immune|p2a: Azumarill\n|-activate|p2a: Azumarill|move: Struggle\n|move|p2a: Azumarill|Struggle|p1a: Eternatus\n|-damage|p1a: Eternatus|55/100\n|-damage|p2a: Azumarill|48/298|[from] recoil\n|\n|-heal|p1a: Eternatus|61/100|[from] item: Leftovers\n|upkeep\n|turn|18\n|inactive|Time left: 300 sec this turn | 300 sec total\n|\n|t:|1783568021\n|move|p1a: Eternatus|Dynamax Cannon|p2a: Azumarill\n|-immune|p2a: Azumarill\n|-activate|p2a: Azumarill|move: Struggle\n|move|p2a: Azumarill|Struggle|p1a: Eternatus\n|-damage|p1a: Eternatus|37/100\n|-damage|p2a: Azumarill|0 fnt|[from] recoil\n|faint|p2a: Azumarill\n|\n|-heal|p1a: Eternatus|43/100|[from] item: Leftovers\n|upkeep\n|inactive|Time left: 300 sec this turn | 300 sec total | 5 sec grace\n|\n|t:|1783568022\n|switch|p2a: Grafaiai|Grafaiai, L86, M|225/249\n|-damage|p2a: Grafaiai|194/249|[from] Stealth Rock\n|-sideend|p2: p0y250106d7|move: Toxic Spikes|[of] p2a: Grafaiai\n|turn|19\n|inactive|Time left: 300 sec this turn | 300 sec total\n|\n|t:|1783568023\n|move|p2a: Grafaiai|Swords Dance|p2a: Grafaiai\n|-boost|p2a: Grafaiai|atk|2\n|move|p1a: Eternatus|Recover|p1a: Eternatus\n|-heal|p1a: Eternatus|93/100\n|\n|-heal|p1a: Eternatus|99/100|[from] item: Leftovers\n|upkeep\n|turn|20\n|inactive|Time left: 300 sec this turn | 300 sec total\n|\n|t:|1783568024\n|-terastallize|p2a: Grafaiai|Dark\n|move|p2a: Grafaiai|Knock Off|p1a: Eternatus\n|-damage|p1a: Eternatus|0 fnt\n|-enditem|p1a: Eternatus|Leftovers|[from] move: Knock Off|[of] p2a: Grafaiai\n|faint|p1a: Eternatus\n|-damage|p2a: Grafaiai|170/249|[from] item: Life Orb\n|\n|upkeep\n|\n|t:|1783568025\n|switch|p1a: Donphan|Donphan, L84, F|100/100\n|turn|21\n|inactive|Time left: 300 sec this turn | 300 sec total\n|\n|t:|1783568026\n|move|p2a: Grafaiai|Knock Off|p1a: Donphan\n|-damage|p1a: Donphan|30/100\n|-status|p1a: Donphan|psn|[from] ability: Poison Touch|[of] p2a: Grafaiai\n|-enditem|p1a: Donphan|Assault Vest|[from] move: Knock Off|[of] p2a: Grafaiai\n|-damage|p2a: Grafaiai|146/249|[from] item: Life Orb\n|move|p1a: Donphan|Earthquake|p2a: Grafaiai\n|-damage|p2a: Grafaiai|1/249\n|\n|-damage|p1a: Donphan|17/100 psn|[from] psn\n|upkeep\n|turn|22\n|inactive|Time left: 300 sec this turn | 300 sec total\n|\n|t:|1783568027\n|move|p1a: Donphan|Ice Shard|p2a: Grafaiai\n|-damage|p2a: Grafaiai|0 fnt\n|faint|p2a: Grafaiai\n|\n|-damage|p1a: Donphan|5/100 psn|[from] psn\n|upkeep\n|inactive|Time left: 300 sec this turn | 300 sec total | 5 sec grace\n|\n|t:|1783568028\n|switch|p2a: Reshiram|Reshiram, L76|277/277\n|-ability|p2a: Reshiram|Turboblaze\n|turn|23\n|inactive|Time left: 300 sec this turn | 300 sec total\n|\n|t:|1783568029\n|move|p2a: Reshiram|Dragon Dance|p2a: Reshiram\n|-boost|p2a: Reshiram|atk|1\n|-boost|p2a: Reshiram|spe|1\n|move|p1a: Donphan|Earthquake|p2a: Reshiram\n|-supereffective|p2a: Reshiram\n|-damage|p2a: Reshiram|25/277\n|\n|-damage|p1a: Donphan|0 fnt|[from] psn\n|faint|p1a: Donphan\n|upkeep\n|\n|t:|1783568030\n|switch|p1a: Chi-Yu|Chi-Yu, L77|100/100\n|-ability|p1a: Chi-Yu|Beads of Ruin\n|turn|24\n|inactive|Time left: 300 sec this turn | 300 sec total\n|\n|t:|1783568030\n|move|p2a: Reshiram|Stone Edge|p1a: Chi-Yu\n|-supereffective|p1a: Chi-Yu\n|-damage|p1a: Chi-Yu|0 fnt\n|faint|p1a: Chi-Yu\n|\n|win|p0y250106d7", "uploadtime": 1783568030, "views": 0, "rating": 0, "private": 0, "password": null, "_winner": "p0y250106d7", "_our_name": "p0y250106d7"}