{"id": "battle-gen9randombattle-1577", "formatid": "gen9randombattle", "format": "[Gen 9] Random Battle", "players": ["p0x1577a3bf", "p0y1577ec86"], "log": "|init|battle\n|title|p0x1577a3bf vs. p0y1577ec86\n|j|\u2606p0x1577a3bf\n|j|\u2606p0y1577ec86\n|t:|1783558261\n|gametype|singles\n|player|p1|p0x1577a3bf|1|\n|player|p2|p0y1577ec86|265|\n|gen|9\n|tier|[Gen 9] Random Battle\n|rule|Species Clause: Limit one of each Pok\u00e9mon\n|rule|HP Percentage Mod: HP is shown in percentages\n|rule|Sleep Clause Mod: Limit one foe put to sleep\n|rule|Illusion Level Mod: Illusion disguises the Pok\u00e9mon's true level\n|\n|t:|1783558261\n|teamsize|p1|6\n|teamsize|p2|6\n|start\n|switch|p1a: Dragalge|Dragalge, L88, M|258/258\n|switch|p2a: Crawdaunt|Crawdaunt, L84, F|100/100\n|turn|1\n|inactive|Battle timer is ON: inactive players will automatically lose when time's up. (requested by p0x1577a3bf)\n|inactive|p0y1577ec86 also wants the timer to be on.\n|\n|t:|1783558263\n|move|p2a: Crawdaunt|Knock Off|p1a: Dragalge\n|-damage|p1a: Dragalge|68/258\n|-enditem|p1a: Dragalge|Assault Vest|[from] move: Knock Off|[of] p2a: Crawdaunt\n|-damage|p2a: Crawdaunt|91/100|[from] item: Life Orb\n|move|p1a: Dragalge|Sludge Wave|p2a: Crawdaunt\n|-crit|p2a: Crawdaunt\n|-damage|p2a: Crawdaunt|0 fnt\n|faint|p2a: Crawdaunt\n|\n|upkeep\n|\n|t:|1783558264\n|switch|p2a: Polteageist|Polteageist-Antique, L78|100/100\n|turn|2\n|inactive|Time left: 300 sec this turn | 300 sec total\n|\n|t:|1783558265\n|move|p2a: Polteageist|Shadow Ball|p1a: Dragalge\n|-damage|p1a: Dragalge|0 fnt\n|faint|p1a: Dragalge\n|\n|upkeep\n|inactive|Time left: 300 sec this turn | 300 sec total | 5 sec grace\n|\n|t:|1783558266\n|switch|p1a: Scrafty|Scrafty, L83, F|244/244\n|-ability|p1a: Scrafty|Intimidate|boost\n|-unboost|p2a: Polteageist|atk|1\n|-enditem|p2a: Polteageist|White Herb\n|-clearnegativeboost|p2a: Polteageist|[silent]\n|turn|3\n|inactive|Time left: 300 sec this turn | 300 sec total\n|\n|t:|1783558267\n|switch|p2a: Fezandipiti|Fezandipiti, L82, M|100/100\n|move|p1a: Scrafty|Knock Off|p2a: Fezandipiti\n|-resisted|p2a: Fezandipiti\n|-damage|p2a: Fezandipiti|82/100\n|-enditem|p2a: Fezandipiti|Leftovers|[from] move: Knock Off|[of] p1a: Scrafty\n|\n|upkeep\n|turn|4\n|inactive|Time left: 300 sec this turn | 300 sec total\n|\n|t:|1783558268\n|switch|p1a: Zacian|Zacian-Crowned, L64|225/225\n|-ability|p1a: Zacian|Intrepid Sword|boost\n|-boost|p1a: Zacian|atk|1\n|move|p2a: Fezandipiti|Moonblast|p1a: Zacian\n|-resisted|p1a: Zacian\n|-damage|p1a: Zacian|183/225\n|\n|upkeep\n|turn|5\n|inactive|Time left: 300 sec this turn | 300 sec total\n|\n|t:|1783558269\n|switch|p2a: Dondozo|Dondozo, L78, M|100/100\n|move|p1a: Zacian|Behemoth Blade|p2a: Dondozo\n|-resisted|p2a: Dondozo\n|-damage|p2a: Dondozo|90/100\n|\n|-heal|p2a: Dondozo|96/100|[from] item: Leftovers\n|upkeep\n|turn|6\n|inactive|Time left: 300 sec this turn | 300 sec total\n|\n|t:|1783558270\n|switch|p1a: Scrafty|Scrafty, L83, F|244/244\n|-ability|p1a: Scrafty|Intimidate|boost\n|-unboost|p2a: Dondozo|atk|1\n|move|p2a: Dondozo|Wave Crash|p1a: Scrafty\n|-damage|p1a: Scrafty|180/244\n|-damage|p2a: Dondozo|90/100|[from] Recoil\n|\n|-heal|p1a: Scrafty|195/244|[from] item: Leftovers\n|-heal|p2a: Dondozo|96/100|[from] item: Leftovers\n|upkeep\n|turn|7\n|inactive|Time left: 300 sec this turn | 300 sec total\n|\n|t:|1783558271\n|switch|p2a: Fezandipiti|Fezandipiti, L82, M|82/100\n|move|p1a: Scrafty|Dragon Dance|p1a: Scrafty\n|-boost|p1a: Scrafty|atk|1\n|-boost|p1a: Scrafty|spe|1\n|\n|-heal|p1a: Scrafty|210/244|[from] item: Leftovers\n|upkeep\n|turn|8\n|inactive|Time left: 300 sec this turn | 300 sec total\n|\n|t:|1783558272\n|-terastallize|p1a: Scrafty|Poison\n|move|p1a: Scrafty|Dragon Dance|p1a: Scrafty\n|-boost|p1a: Scrafty|atk|1\n|-boost|p1a: Scrafty|spe|1\n|move|p2a: Fezandipiti|Moonblast|p1a: Scrafty\n|-resisted|p1a: Scrafty\n|-damage|p1a: Scrafty|180/244\n|\n|-heal|p1a: Scrafty|195/244|[from] item: Leftovers\n|upkeep\n|turn|9\n|inactive|Time left: 300 sec this turn | 300 sec total\n|\n|t:|1783558273\n|move|p1a: Scrafty|Poison Jab|p2a: Fezandipiti\n|-damage|p2a: Fezandipiti|23/100\n|move|p2a: Fezandipiti|U-turn|p1a: Scrafty\n|-resisted|p1a: Scrafty\n|-damage|p1a: Scrafty|178/244\n|\n|t:|1783558274\n|switch|p2a: Skarmory|Skarmory, L80, M|100/100|[from] U-turn\n|\n|-heal|p1a: Scrafty|193/244|[from] item: Leftovers\n|upkeep\n|turn|10\n|inactive|Time left: 300 sec this turn | 300 sec total\n|\n|t:|1783558275\n|move|p1a: Scrafty|Knock Off|p2a: Skarmory\n|-damage|p2a: Skarmory|42/100\n|-enditem|p2a: Skarmory|Leftovers|[from] move: Knock Off|[of] p1a: Scrafty\n|move|p2a: Skarmory|Whirlwind|p1a: Scrafty\n|drag|p1a: Zacian|Zacian-Crowned, L64|183/225\n|\n|upkeep\n|turn|11\n|inactive|Time left: 300 sec this turn | 300 sec total\n|\n|t:|1783558276\n|switch|p1a: Scrafty|Scrafty, L83, F, tera:Poison|193/244\n|-ability|p1a: Scrafty|Intimidate|boost\n|-unboost|p2a: Skarmory|atk|1\n|move|p2a: Skarmory|Roost|p2a: Skarmory\n|-heal|p2a: Skarmory|92/100\n|-singleturn|p2a: Skarmory|move: Roost\n|\n|-heal|p1a: Scrafty|208/244|[from] item: Leftovers\n|upkeep\n|turn|12\n|inactive|Time left: 300 sec this turn | 300 sec total\n|\n|t:|1783558277\n|switch|p2a: Polteageist|Polteageist-Antique, L78|100/100\n|move|p1a: Scrafty|Dragon Dance|p1a: Scrafty\n|-boost|p1a: Scrafty|atk|1\n|-boost|p1a: Scrafty|spe|1\n|\n|-heal|p1a: Scrafty|223/244|[from] item: Leftovers\n|upkeep\n|turn|13\n|inactive|Time left: 300 sec this turn | 300 sec total\n|\n|t:|1783558278\n|-terastallize|p2a: Polteageist|Fighting\n|move|p1a: Scrafty|Knock Off|p2a: Polteageist\n|-resisted|p2a: Polteageist\n|-damage|p2a: Polteageist|70/100\n|move|p2a: Polteageist|Shell Smash|p2a: Polteageist\n|-unboost|p2a: Polteageist|def|1\n|-unboost|p2a: Polteageist|spd|1\n|-boost|p2a: Polteageist|atk|2\n|-boost|p2a: Polteageist|spa|2\n|-boost|p2a: Polteageist|spe|2\n|\n|-heal|p1a: Scrafty|238/244|[from] item: Leftovers\n|upkeep\n|turn|14\n|inactive|Time left: 300 sec this turn | 300 sec total\n|\n|t:|1783558279\n|move|p2a: Polteageist|Stored Power|p1a: Scrafty\n|-supereffective|p1a: Scrafty\n|-damage|p1a: Scrafty|0 fnt\n|faint|p1a: Scrafty\n|\n|upkeep\n|inactive|Time left: 300 sec this turn | 300 sec total | 5 sec grace\n|\n|t:|1783558280\n|switch|p1a: Mandibuzz|Mandibuzz, L85, F|326/326\n|turn|15\n|inactive|Time left: 300 sec this turn | 300 sec total\n|\n|t:|1783558281\n|move|p2a: Polteageist|Tera Blast|p1a: Mandibuzz|[anim] Tera Blast Fighting\n|-damage|p1a: Mandibuzz|158/326\n|move|p1a: Mandibuzz|Foul Play|p2a: Polteageist\n|-resisted|p2a: Polteageist\n|-damage|p2a: Polteageist|22/100\n|-start|p1a: Mandibuzz|Disable|Foul Play|[from] ability: Cursed Body|[of] p2a: Polteageist\n|\n|upkeep\n|turn|16\n|inactive|Time left: 300 sec this turn | 300 sec total\n|\n|t:|1783558282\n|move|p2a: Polteageist|Tera Blast|p1a: Mandibuzz|[anim] Tera Blast Fighting\n|-damage|p1a: Mandibuzz|0 fnt\n|faint|p1a: Mandibuzz\n|\n|upkeep\n|inactive|Time left: 300 sec this turn | 300 sec total | 5 sec grace\n|\n|t:|1783558283\n|switch|p1a: Dedenne|Dedenne, L88, F|261/261\n|turn|17\n|inactive|Time left: 300 sec this turn | 300 sec total\n|\n|t:|1783558284\n|move|p2a: Polteageist|Stored Power|p1a: Dedenne\n|-damage|p1a: Dedenne|0 fnt\n|faint|p1a: Dedenne\n|\n|upkeep\n|inactive|Time left: 300 sec this turn | 300 sec total | 5 sec grace\n|\n|t:|1783558285\n|switch|p1a: Terapagos|Terapagos, L77, F|265/265\n|-activate|p1a: Terapagos|ability: Tera Shift\n|detailschange|p1a: Terapagos|Terapagos-Terastal, L77, F\n|-heal|p1a: Terapagos|273/273|[silent]\n|turn|18\n|inactive|Time left: 300 sec this turn | 300 sec total\n|\n|t:|1783558286\n|move|p2a: Polteageist|Tera Blast|p1a: Terapagos|[anim] Tera Blast Fighting\n|-activate|p1a: Terapagos|ability: Tera Shell\n|-resisted|p1a: Terapagos\n|-damage|p1a: Terapagos|189/273\n|move|p1a: Terapagos|Tera Starstorm|p2a: Polteageist\n|-damage|p2a: Polteageist|0 fnt\n|faint|p2a: Polteageist\n|\n|upkeep\n|\n|t:|1783558287\n|switch|p2a: Iron Treads|Iron Treads, L77|100/100\n|turn|19\n|inactive|Time left: 300 sec this turn | 300 sec total\n|\n|t:|1783558287\n|move|p2a: Iron Treads|Earthquake|p1a: Terapagos\n|-damage|p1a: Terapagos|104/273\n|move|p1a: Terapagos|Calm Mind|p1a: Terapagos\n|-boost|p1a: Terapagos|spa|1\n|-boost|p1a: Terapagos|spd|1\n|\n|upkeep\n|turn|20\n|inactive|Time left: 300 sec this turn | 300 sec total\n|\n|t:|1783558288\n|move|p2a: Iron Treads|Earthquake|p1a: Terapagos\n|-damage|p1a: Terapagos|14/273\n|move|p1a: Terapagos|Rest|p1a: Terapagos\n|-status|p1a: Terapagos|slp|[from] move: Rest\n|-heal|p1a: Terapagos|273/273 slp|[silent]\n|-enditem|p1a: Terapagos|Chesto Berry|[eat]\n|-curestatus|p1a: Terapagos|slp|[msg]\n|\n|upkeep\n|turn|21\n|inactive|Time left: 300 sec this turn | 300 sec total\n|\n|t:|1783558289\n|move|p2a: Iron Treads|Earthquake|p1a: Terapagos\n|-activate|p1a: Terapagos|ability: Tera Shell\n|-resisted|p1a: Terapagos\n|-crit|p1a: Terapagos\n|-damage|p1a: Terapagos|210/273\n|move|p1a: Terapagos|Calm Mind|p1a: Terapagos\n|-boost|p1a: Terapagos|spa|1\n|-boost|p1a: Terapagos|spd|1\n|\n|upkeep\n|turn|22\n|inactive|Time left: 300 sec this turn | 300 sec total\n|\n|t:|1783558290\n|move|p2a: Iron Treads|Earthquake|p1a: Terapagos\n|-damage|p1a: Terapagos|126/273\n|move|p1a: Terapagos|Tera Starstorm|p2a: Iron Treads\n|-resisted|p2a: Iron Treads\n|-damage|p2a: Iron Treads|61/100\n|\n|upkeep\n|turn|23\n|inactive|Time left: 300 sec this turn | 300 sec total\n|\n|t:|1783558291\n|move|p2a: Iron Treads|Earthquake|p1a: Terapagos\n|-damage|p1a: Terapagos|30/273\n|move|p1a: Terapagos|Rest|p1a: Terapagos\n|-status|p1a: Terapagos|slp|[from] move: Rest\n|-heal|p1a: Terapagos|273/273 slp|[silent]\n|\n|upkeep\n|turn|24\n|inactive|Time left: 300 sec this turn | 300 sec total\n|\n|t:|1783558291\n|move|p2a: Iron Treads|Earthquake|p1a: Terapagos\n|-activate|p1a: Terapagos|ability: Tera Shell\n|-resisted|p1a: Terapagos\n|-damage|p1a: Terapagos|231/273 slp\n|cant|p1a: Terapagos|slp\n|\n|upkeep\n|turn|25\n|inactive|Time left: 300 sec this turn | 300 sec total\n|\n|t:|1783558292\n|move|p2a: Iron Treads|Iron Head|p1a: Terapagos\n|-damage|p1a: Terapagos|156/273 slp\n|cant|p1a: Terapagos|slp\n|\n|upkeep\n|turn|26\n|inactive|Time left: 300 sec this turn | 300 sec total\n|\n|t:|1783558293\n|move|p2a: Iron Treads|Iron Head|p1a: Terapagos\n|-damage|p1a: Terapagos|89/273 slp\n|-curestatus|p1a: Terapagos|slp|[msg]\n|move|p1a: Terapagos|Rest|p1a: Terapagos\n|-status|p1a: Terapagos|slp|[from] move: Rest\n|-heal|p1a: Terapagos|273/273 slp|[silent]\n|\n|upkeep\n|turn|27\n|inactive|Time left: 300 sec this turn | 300 sec total\n|\n|t:|1783558293\n|move|p2a: Iron Treads|Earthquake|p1a: Terapagos\n|-activate|p1a: Terapagos|ability: Tera Shell\n|-resisted|p1a: Terapagos\n|-damage|p1a: Terapagos|227/273 slp\n|cant|p1a: Terapagos|slp\n|\n|upkeep\n|turn|28\n|inactive|Time left: 300 sec this turn | 300 sec total\n|\n|t:|1783558294\n|move|p2a: Iron Treads|Earthquake|p1a: Terapagos\n|-damage|p1a: Terapagos|131/273 slp\n|cant|p1a: Terapagos|slp\n|\n|upkeep\n|turn|29\n|inactive|Time left: 300 sec this turn | 300 sec total\n|\n|t:|1783558295\n|move|p2a: Iron Treads|Iron Head|p1a: Terapagos\n|-damage|p1a: Terapagos|59/273 slp\n|-curestatus|p1a: Terapagos|slp|[msg]\n|move|p1a: Terapagos|Rest|p1a: Terapagos\n|-status|p1a: Terapagos|slp|[from] move: Rest\n|-heal|p1a: Terapagos|273/273 slp|[silent]\n|\n|upkeep\n|turn|30\n|inactive|Time left: 300 sec this turn | 300 sec total\n|\n|t:|1783558296\n|move|p2a: Iron Treads|Iron Head|p1a: Terapagos\n|-activate|p1a: Terapagos|ability: Tera Shell\n|-resisted|p1a: Terapagos\n|-damage|p1a: Terapagos|235/273 slp\n|cant|p1a: Terapagos|slp\n|\n|upkeep\n|turn|31\n|inactive|Time left: 300 sec this turn | 300 sec total\n|\n|t:|1783558297\n|move|p2a: Iron Treads|Iron Head|p1a: Terapagos\n|-damage|p1a: Terapagos|165/273 slp\n|cant|p1a: Terapagos|slp\n|\n|upkeep\n|turn|32\n|inactive|Time left: 300 sec this turn | 300 sec total\n|\n|t:|1783558297\n|move|p2a: Iron Treads|Earthquake|p1a: Terapagos\n|-damage|p1a: Terapagos|81/273 slp\n|-curestatus|p1a: Terapagos|slp|[msg]\n|move|p1a: Terapagos|Rest|p1a: Terapagos\n|-status|p1a: Terapagos|slp|[from] move: Rest\n|-heal|p1a: Terapagos|273/273 slp|[silent]\n|\n|upkeep\n|turn|33\n|inactive|Time left: 300 sec this turn | 300 sec total\n|\n|t:|1783558298\n|move|p2a: Iron Treads|Iron Head|p1a: Terapagos\n|-activate|p1a: Terapagos|ability: Tera Shell\n|-resisted|p1a: Terapagos\n|-damage|p1a: Terapagos|239/273 slp\n|cant|p1a: Terapagos|slp\n|\n|upkeep\n|turn|34\n|inactive|Time left: 300 sec this turn | 300 sec total\n|\n|t:|1783558299\n|move|p2a: Iron Treads|Earthquake|p1a: Terapagos\n|-damage|p1a: Terapagos|149/273 slp\n|cant|p1a: Terapagos|slp\n|\n|upkeep\n|turn|35\n|inactive|Time left: 300 sec this turn | 300 sec total\n|\n|t:|1783558300\n|move|p2a: Iron Treads|Iron Head|p1a: Terapagos\n|-damage|p1a: Terapagos|76/273 slp\n|-curestatus|p1a: Terapagos|slp|[msg]\n|move|p1a: Terapagos|Rest|p1a: Terapagos\n|-status|p1a: Terapagos|slp|[from] move: Rest\n|-heal|p1a: Terapagos|273/273 slp|[silent]\n|\n|upkeep\n|turn|36\n|inactive|Time left: 300 sec this turn | 300 sec total\n|\n|t:|1783558301\n|move|p2a: Iron Treads|Earthquake|p1a: Terapagos\n|-activate|p1a: Terapagos|ability: Tera Shell\n|-resisted|p1a: Terapagos\n|-damage|p1a: Terapagos|227/273 slp\n|cant|p1a: Terapagos|slp\n|\n|upkeep\n|turn|37\n|inactive|Time left: 300 sec this turn | 300 sec total\n|\n|t:|1783558302\n|move|p2a: Iron Treads|Iron Head|p1a: Terapagos\n|-damage|p1a: Terapagos|155/273 slp\n|cant|p1a: Terapagos|slp\n|\n|upkeep\n|turn|38\n|inactive|Time left: 300 sec this turn | 300 sec total\n|\n|t:|1783558303\n|move|p2a: Iron Treads|Iron Head|p1a: Terapagos\n|-damage|p1a: Terapagos|80/273 slp\n|-curestatus|p1a: Terapagos|slp|[msg]\n|move|p1a: Terapagos|Rest|p1a: Terapagos\n|-status|p1a: Terapagos|slp|[from] move: Rest\n|-heal|p1a: Terapagos|273/273 slp|[silent]\n|\n|upkeep\n|turn|39\n|inactive|Time left: 300 sec this turn | 300 sec total\n|\n|t:|1783558304\n|move|p2a: Iron Treads|Iron Head|p1a: Terapagos\n|-activate|p1a: Terapagos|ability: Tera Shell\n|-resisted|p1a: Terapagos\n|-damage|p1a: Terapagos|240/273 slp\n|cant|p1a: Terapagos|slp\n|\n|upkeep\n|turn|40\n|inactive|Time left: 300 sec this turn | 300 sec total\n|\n|t:|1783558305\n|move|p2a: Iron Treads|Earthquake|p1a: Terapagos\n|-damage|p1a: Terapagos|155/273 slp\n|cant|p1a: Terapagos|slp\n|\n|upkeep\n|turn|41\n|inactive|Time left: 300 sec this turn | 300 sec total\n|\n|t:|1783558306\n|move|p2a: Iron Treads|Iron Head|p1a: Terapagos\n|-damage|p1a: Terapagos|82/273 slp\n|-curestatus|p1a: Terapagos|slp|[msg]\n|cant|p1a: Terapagos|flinch\n|\n|upkeep\n|turn|42\n|inactive|Time left: 300 sec this turn | 300 sec total\n|\n|t:|1783558307\n|move|p2a: Iron Treads|Earthquake|p1a: Terapagos\n|-damage|p1a: Terapagos|0 fnt\n|faint|p1a: Terapagos\n|\n|upkeep\n|inactive|Time left: 300 sec this turn | 300 sec total | 5 sec grace\n|\n|t:|1783558308\n|switch|p1a: Zacian|Zacian-Crowned, L64|183/225\n|turn|43\n|inactive|Time left: 300 sec this turn | 300 sec total\n|\n|t:|1783558308\n|move|p1a: Zacian|Close Combat|p2a: Iron Treads\n|-supereffective|p2a: Iron Treads\n|-damage|p2a: Iron Treads|19/100\n|-unboost|p1a: Zacian|def|1\n|-unboost|p1a: Zacian|spd|1\n|move|p2a: Iron Treads|Earthquake|p1a: Zacian\n|-supereffective|p1a: Zacian\n|-damage|p1a: Zacian|0 fnt\n|faint|p1a: Zacian\n|\n|win|p0y1577ec86", "uploadtime": 1783558308, "views": 0, "rating": 0, "private": 0, "password": null, "_winner": "p0y1577ec86", "_our_name": "p0x1577a3bf"}