{"id": "battle-gen9randombattle-1327", "formatid": "gen9randombattle", "format": "[Gen 9] Random Battle", "players": ["p0x13272d44", "p0y1327e06b"], "log": "|init|battle\n|title|p0x13272d44 vs. p0y1327e06b\n|j|\u2606p0x13272d44\n|j|\u2606p0y1327e06b\n|t:|1783554538\n|gametype|singles\n|player|p1|p0x13272d44|169|\n|player|p2|p0y1327e06b|101|\n|gen|9\n|tier|[Gen 9] Random Battle\n|rule|Species Clause: Limit one of each Pok\u00e9mon\n|rule|HP Percentage Mod: HP is shown in percentages\n|rule|Sleep Clause Mod: Limit one foe put to sleep\n|rule|Illusion Level Mod: Illusion disguises the Pok\u00e9mon's true level\n|\n|t:|1783554538\n|teamsize|p1|6\n|teamsize|p2|6\n|start\n|switch|p1a: Gallade|Gallade, L80, M|240/240\n|switch|p2a: Tsareena|Tsareena, L87, F|100/100\n|turn|1\n|inactive|Battle timer is ON: inactive players will automatically lose when time's up. (requested by p0x13272d44)\n|inactive|p0y1327e06b also wants the timer to be on.\n|\n|t:|1783554539\n|move|p2a: Tsareena|Power Whip|p1a: Gallade\n|-damage|p1a: Gallade|29/240\n|move|p1a: Gallade|Sacred Sword|p2a: Tsareena\n|-damage|p2a: Tsareena|29/100\n|-damage|p1a: Gallade|5/240|[from] item: Life Orb\n|\n|upkeep\n|turn|2\n|inactive|Time left: 300 sec this turn | 300 sec total\n|\n|t:|1783554541\n|switch|p1a: Forretress|Forretress, L84, F|263/263\n|move|p2a: Tsareena|Power Whip|p1a: Forretress|[miss]\n|-miss|p2a: Tsareena|p1a: Forretress\n|\n|upkeep\n|turn|3\n|inactive|Time left: 300 sec this turn | 300 sec total\n|\n|t:|1783554542\n|move|p2a: Tsareena|Rapid Spin|p1a: Forretress\n|-resisted|p1a: Forretress\n|-damage|p1a: Forretress|248/263\n|-boost|p2a: Tsareena|spe|1\n|move|p1a: Forretress|Stealth Rock|p2a: Tsareena\n|-sidestart|p2: p0y1327e06b|move: Stealth Rock\n|\n|-heal|p1a: Forretress|263/263|[from] item: Leftovers\n|upkeep\n|turn|4\n|inactive|Time left: 300 sec this turn | 300 sec total\n|\n|t:|1783554543\n|move|p2a: Tsareena|Rapid Spin|p1a: Forretress\n|-resisted|p1a: Forretress\n|-damage|p1a: Forretress|249/263\n|-boost|p2a: Tsareena|spe|1\n|-sideend|p2: p0y1327e06b|Stealth Rock|[from] move: Rapid Spin|[of] p2a: Tsareena\n|move|p1a: Forretress|Rapid Spin|p2a: Tsareena\n|-damage|p2a: Tsareena|17/100\n|-boost|p1a: Forretress|spe|1\n|\n|-heal|p1a: Forretress|263/263|[from] item: Leftovers\n|upkeep\n|turn|5\n|inactive|Time left: 300 sec this turn | 300 sec total\n|\n|t:|1783554544\n|move|p2a: Tsareena|High Jump Kick|p1a: Forretress|[miss]\n|-miss|p2a: Tsareena|p1a: Forretress\n|-damage|p2a: Tsareena|0 fnt|[from] highjumpkick\n|faint|p2a: Tsareena\n|move|p1a: Forretress|Iron Head|p2: Tsareena|[notarget]\n|-fail|p1a: Forretress\n|\n|upkeep\n|\n|t:|1783554545\n|switch|p2a: Eelektross|Eelektross, L87, M|100/100\n|turn|6\n|inactive|Time left: 300 sec this turn | 300 sec total\n|\n|t:|1783554547\n|move|p1a: Forretress|Stealth Rock|p2a: Eelektross\n|-sidestart|p2: p0y1327e06b|move: Stealth Rock\n|move|p2a: Eelektross|Coil|p2a: Eelektross\n|-boost|p2a: Eelektross|atk|1\n|-boost|p2a: Eelektross|def|1\n|-boost|p2a: Eelektross|accuracy|1\n|\n|upkeep\n|turn|7\n|inactive|Time left: 300 sec this turn | 300 sec total\n|\n|t:|1783554548\n|move|p1a: Forretress|Spikes|p2a: Eelektross\n|-sidestart|p2: p0y1327e06b|Spikes\n|move|p2a: Eelektross|Supercell Slam|p1a: Forretress\n|-damage|p1a: Forretress|140/263\n|\n|-heal|p1a: Forretress|156/263|[from] item: Leftovers\n|upkeep\n|turn|8\n|inactive|Time left: 300 sec this turn | 300 sec total\n|\n|t:|1783554549\n|switch|p1a: Clodsire|Clodsire, L81, F|343/343\n|move|p2a: Eelektross|Supercell Slam|p1a: Clodsire\n|-immune|p1a: Clodsire\n|-damage|p2a: Eelektross|50/100|[from] supercellslam\n|\n|-heal|p2a: Eelektross|57/100|[from] item: Leftovers\n|upkeep\n|turn|9\n|inactive|Time left: 300 sec this turn | 300 sec total\n|\n|t:|1783554550\n|move|p2a: Eelektross|Knock Off|p1a: Clodsire\n|-damage|p1a: Clodsire|171/343\n|-enditem|p1a: Clodsire|Leftovers|[from] move: Knock Off|[of] p2a: Eelektross\n|move|p1a: Clodsire|Gunk Shot|p2a: Eelektross\n|-damage|p2a: Eelektross|35/100\n|-status|p2a: Eelektross|psn\n|\n|-heal|p2a: Eelektross|41/100 psn|[from] item: Leftovers\n|-damage|p2a: Eelektross|28/100 psn|[from] psn\n|upkeep\n|turn|10\n|inactive|Time left: 300 sec this turn | 300 sec total\n|\n|t:|1783554552\n|move|p2a: Eelektross|Drain Punch|p1a: Clodsire\n|-resisted|p1a: Clodsire\n|-damage|p1a: Clodsire|111/343\n|-heal|p2a: Eelektross|39/100 psn|[from] drain|[of] p1a: Clodsire\n|move|p1a: Clodsire|Gunk Shot|p2a: Eelektross\n|-damage|p2a: Eelektross|14/100 psn\n|\n|-heal|p2a: Eelektross|20/100 psn|[from] item: Leftovers\n|-damage|p2a: Eelektross|7/100 psn|[from] psn\n|upkeep\n|turn|11\n|inactive|Time left: 300 sec this turn | 300 sec total\n|\n|t:|1783554553\n|move|p2a: Eelektross|Drain Punch|p1a: Clodsire\n|-resisted|p1a: Clodsire\n|-damage|p1a: Clodsire|47/343\n|-heal|p2a: Eelektross|18/100 psn|[from] drain|[of] p1a: Clodsire\n|move|p1a: Clodsire|Recover|p1a: Clodsire\n|-heal|p1a: Clodsire|219/343\n|\n|-heal|p2a: Eelektross|25/100 psn|[from] item: Leftovers\n|-damage|p2a: Eelektross|12/100 psn|[from] psn\n|upkeep\n|turn|12\n|inactive|Time left: 300 sec this turn | 300 sec total\n|\n|t:|1783554554\n|move|p2a: Eelektross|Drain Punch|p1a: Clodsire\n|-resisted|p1a: Clodsire\n|-damage|p1a: Clodsire|151/343\n|-heal|p2a: Eelektross|24/100 psn|[from] drain|[of] p1a: Clodsire\n|move|p1a: Clodsire|Recover|p1a: Clodsire\n|-heal|p1a: Clodsire|323/343\n|\n|-heal|p2a: Eelektross|30/100 psn|[from] item: Leftovers\n|-damage|p2a: Eelektross|18/100 psn|[from] psn\n|upkeep\n|turn|13\n|inactive|Time left: 300 sec this turn | 300 sec total\n|\n|t:|1783554555\n|move|p2a: Eelektross|Drain Punch|p1a: Clodsire\n|-resisted|p1a: Clodsire\n|-damage|p1a: Clodsire|262/343\n|-heal|p2a: Eelektross|28/100 psn|[from] drain|[of] p1a: Clodsire\n|move|p1a: Clodsire|Gunk Shot|p2a: Eelektross\n|-damage|p2a: Eelektross|6/100 psn\n|\n|-heal|p2a: Eelektross|13/100 psn|[from] item: Leftovers\n|-damage|p2a: Eelektross|0 fnt|[from] psn\n|faint|p2a: Eelektross\n|upkeep\n|\n|t:|1783554557\n|switch|p2a: Glastrier|Glastrier, L86|100/100\n|-damage|p2a: Glastrier|76/100|[from] Stealth Rock\n|-damage|p2a: Glastrier|64/100|[from] Spikes\n|turn|14\n|inactive|Time left: 300 sec this turn | 300 sec total\n|\n|t:|1783554558\n|switch|p1a: Orthworm|Orthworm, L88, F|266/266\n|move|p2a: Glastrier|High Horsepower|p1a: Orthworm\n|-immune|p1a: Orthworm|[from] ability: Earth Eater\n|\n|upkeep\n|turn|15\n|inactive|Time left: 300 sec this turn | 300 sec total\n|\n|t:|1783554559\n|switch|p2a: Suicune|Suicune, L82|100/100\n|-damage|p2a: Suicune|88/100|[from] Stealth Rock\n|-damage|p2a: Suicune|76/100|[from] Spikes\n|-ability|p2a: Suicune|Pressure\n|move|p1a: Orthworm|Coil|p1a: Orthworm\n|-boost|p1a: Orthworm|atk|1\n|-boost|p1a: Orthworm|def|1\n|-boost|p1a: Orthworm|accuracy|1\n|\n|-heal|p2a: Suicune|82/100|[from] item: Leftovers\n|upkeep\n|turn|16\n|inactive|Time left: 300 sec this turn | 300 sec total\n|\n|t:|1783554560\n|move|p2a: Suicune|Calm Mind|p2a: Suicune\n|-boost|p2a: Suicune|spa|1\n|-boost|p2a: Suicune|spd|1\n|move|p1a: Orthworm|Coil|p1a: Orthworm\n|-boost|p1a: Orthworm|atk|1\n|-boost|p1a: Orthworm|def|1\n|-boost|p1a: Orthworm|accuracy|1\n|\n|-heal|p2a: Suicune|88/100|[from] item: Leftovers\n|upkeep\n|turn|17\n|inactive|Time left: 300 sec this turn | 300 sec total\n|\n|t:|1783554561\n|move|p2a: Suicune|Scald|p1a: Orthworm\n|-damage|p1a: Orthworm|116/266\n|-status|p1a: Orthworm|brn\n|move|p1a: Orthworm|Body Press|p2a: Suicune\n|-damage|p2a: Suicune|65/100\n|\n|-heal|p2a: Suicune|71/100|[from] item: Leftovers\n|-damage|p1a: Orthworm|100/266 brn|[from] brn\n|upkeep\n|turn|18\n|inactive|Time left: 300 sec this turn | 300 sec total\n|\n|t:|1783554562\n|move|p2a: Suicune|Scald|p1a: Orthworm\n|-damage|p1a: Orthworm|0 fnt\n|faint|p1a: Orthworm\n|\n|-heal|p2a: Suicune|77/100|[from] item: Leftovers\n|upkeep\n|inactive|Time left: 300 sec this turn | 300 sec total | 5 sec grace\n|\n|t:|1783554563\n|switch|p1a: Cloyster|Cloyster, L80, M|211/211\n|turn|19\n|inactive|Time left: 300 sec this turn | 300 sec total\n|\n|t:|1783554564\n|move|p2a: Suicune|Scald|p1a: Cloyster\n|-resisted|p1a: Cloyster\n|-damage|p1a: Cloyster|111/211\n|move|p1a: Cloyster|Shell Smash|p1a: Cloyster\n|-unboost|p1a: Cloyster|def|1\n|-unboost|p1a: Cloyster|spd|1\n|-boost|p1a: Cloyster|atk|2\n|-boost|p1a: Cloyster|spa|2\n|-boost|p1a: Cloyster|spe|2\n|-enditem|p1a: Cloyster|White Herb\n|-clearnegativeboost|p1a: Cloyster|[silent]\n|\n|-heal|p2a: Suicune|83/100|[from] item: Leftovers\n|upkeep\n|turn|20\n|inactive|Time left: 300 sec this turn | 300 sec total\n|\n|t:|1783554565\n|move|p1a: Cloyster|Rock Blast|p2a: Suicune\n|-damage|p2a: Suicune|74/100\n|-damage|p2a: Suicune|65/100\n|-damage|p2a: Suicune|57/100\n|-damage|p2a: Suicune|47/100\n|-crit|p2a: Suicune\n|-damage|p2a: Suicune|32/100\n|-hitcount|p2a: Suicune|5\n|move|p2a: Suicune|Scald|p1a: Cloyster\n|-resisted|p1a: Cloyster\n|-damage|p1a: Cloyster|11/211\n|\n|-heal|p2a: Suicune|38/100|[from] item: Leftovers\n|upkeep\n|turn|21\n|inactive|Time left: 300 sec this turn | 300 sec total\n|\n|t:|1783554566\n|-terastallize|p1a: Cloyster|Ice\n|move|p1a: Cloyster|Icicle Spear|p2a: Suicune\n|-resisted|p2a: Suicune\n|-crit|p2a: Suicune\n|-damage|p2a: Suicune|24/100\n|-resisted|p2a: Suicune\n|-damage|p2a: Suicune|15/100\n|-resisted|p2a: Suicune\n|-damage|p2a: Suicune|7/100\n|-resisted|p2a: Suicune\n|-damage|p2a: Suicune|0 fnt\n|faint|p2a: Suicune\n|-hitcount|p2: Suicune|4\n|\n|upkeep\n|\n|t:|1783554566\n|switch|p2a: Tinkaton|Tinkaton, L82, F|100/100\n|-damage|p2a: Tinkaton|94/100|[from] Stealth Rock\n|-damage|p2a: Tinkaton|82/100|[from] Spikes\n|-ability|p2a: Tinkaton|Mold Breaker\n|turn|22\n|inactive|Time left: 300 sec this turn | 300 sec total\n|\n|t:|1783554567\n|move|p1a: Cloyster|Icicle Spear|p2a: Tinkaton\n|-resisted|p2a: Tinkaton\n|-damage|p2a: Tinkaton|69/100\n|-resisted|p2a: Tinkaton\n|-damage|p2a: Tinkaton|56/100\n|-resisted|p2a: Tinkaton\n|-damage|p2a: Tinkaton|41/100\n|-resisted|p2a: Tinkaton\n|-damage|p2a: Tinkaton|28/100\n|-resisted|p2a: Tinkaton\n|-damage|p2a: Tinkaton|15/100\n|-hitcount|p2a: Tinkaton|5\n|move|p2a: Tinkaton|Gigaton Hammer|p1a: Cloyster\n|-supereffective|p1a: Cloyster\n|-damage|p1a: Cloyster|0 fnt\n|faint|p1a: Cloyster\n|\n|-heal|p2a: Tinkaton|22/100|[from] item: Leftovers\n|upkeep\n|inactive|Time left: 300 sec this turn | 300 sec total | 5 sec grace\n|\n|t:|1783554568\n|switch|p1a: Flamigo|Flamigo, L82, F|269/269\n|turn|23\n|inactive|Time left: 300 sec this turn | 300 sec total\n|\n|t:|1783554569\n|move|p1a: Flamigo|Close Combat|p2a: Tinkaton\n|-damage|p2a: Tinkaton|0 fnt\n|-unboost|p1a: Flamigo|def|1\n|-unboost|p1a: Flamigo|spd|1\n|faint|p2a: Tinkaton\n|\n|upkeep\n|\n|t:|1783554570\n|switch|p2a: Meloetta|Meloetta, L82|100/100\n|-damage|p2a: Meloetta|88/100|[from] Stealth Rock\n|-damage|p2a: Meloetta|76/100|[from] Spikes\n|turn|24\n|inactive|Time left: 300 sec this turn | 300 sec total\n|\n|t:|1783554571\n|switch|p1a: Forretress|Forretress, L84, F|156/263\n|move|p2a: Meloetta|Relic Song|p1a: Forretress\n|-resisted|p1a: Forretress\n|-damage|p1a: Forretress|78/263\n|-formechange|p2a: Meloetta|Meloetta-Pirouette|[msg]\n|-damage|p2a: Meloetta|66/100|[from] item: Life Orb\n|\n|-heal|p1a: Forretress|94/263|[from] item: Leftovers\n|upkeep\n|turn|25\n|inactive|Time left: 300 sec this turn | 300 sec total\n|\n|t:|1783554572\n|move|p2a: Meloetta|Triple Axel|p1a: Forretress\n|-resisted|p1a: Forretress\n|-crit|p1a: Forretress\n|-damage|p1a: Forretress|82/263\n|-resisted|p1a: Forretress\n|-damage|p1a: Forretress|66/263\n|-resisted|p1a: Forretress\n|-damage|p1a: Forretress|41/263\n|-hitcount|p1a: Forretress|3\n|-damage|p2a: Meloetta|56/100|[from] item: Life Orb\n|move|p1a: Forretress|Iron Head|p2a: Meloetta\n|-damage|p2a: Meloetta|31/100\n|\n|-heal|p1a: Forretress|57/263|[from] item: Leftovers\n|upkeep\n|turn|26\n|inactive|Time left: 300 sec this turn | 300 sec total\n|\n|t:|1783554573\n|move|p2a: Meloetta|Knock Off|p1a: Forretress\n|-damage|p1a: Forretress|0 fnt\n|-enditem|p1a: Forretress|Leftovers|[from] move: Knock Off|[of] p2a: Meloetta\n|faint|p1a: Forretress\n|-damage|p2a: Meloetta|21/100|[from] item: Life Orb\n|\n|upkeep\n|inactive|Time left: 300 sec this turn | 300 sec total | 5 sec grace\n|\n|t:|1783554574\n|switch|p1a: Flamigo|Flamigo, L82, F|269/269\n|turn|27\n|inactive|Time left: 300 sec this turn | 300 sec total\n|\n|t:|1783554575\n|-terastallize|p2a: Meloetta|Dark\n|move|p1a: Flamigo|Brave Bird|p2a: Meloetta\n|-damage|p2a: Meloetta|0 fnt\n|faint|p2a: Meloetta\n|-damage|p1a: Flamigo|249/269|[from] Recoil\n|\n|upkeep\n|\n|t:|1783554575\n|switch|p2a: Glastrier|Glastrier, L86|64/100\n|-damage|p2a: Glastrier|39/100|[from] Stealth Rock\n|-damage|p2a: Glastrier|27/100|[from] Spikes\n|turn|28\n|inactive|Time left: 300 sec this turn | 300 sec total\n|\n|t:|1783554576\n|move|p1a: Flamigo|Brave Bird|p2a: Glastrier\n|-damage|p2a: Glastrier|0 fnt\n|faint|p2a: Glastrier\n|-damage|p1a: Flamigo|222/269|[from] Recoil\n|\n|win|p0x13272d44", "uploadtime": 1783554576, "views": 0, "rating": 0, "private": 0, "password": null, "_winner": "p0x13272d44", "_our_name": "p0x13272d44"}