{"id": "battle-gen9randombattle-886", "formatid": "gen9randombattle", "format": "[Gen 9] Random Battle", "players": ["p0x886dfd6", "p0y88689ba"], "log": "|init|battle\n|title|p0x886dfd6 vs. p0y88689ba\n|j|\u2606p0x886dfd6\n|j|\u2606p0y88689ba\n|t:|1783549414\n|gametype|singles\n|player|p1|p0x886dfd6|101|\n|player|p2|p0y88689ba|169|\n|gen|9\n|tier|[Gen 9] Random Battle\n|rule|Species Clause: Limit one of each Pok\u00e9mon\n|rule|HP Percentage Mod: HP is shown in percentages\n|rule|Sleep Clause Mod: Limit one foe put to sleep\n|rule|Illusion Level Mod: Illusion disguises the Pok\u00e9mon's true level\n|\n|t:|1783549414\n|teamsize|p1|6\n|teamsize|p2|6\n|start\n|switch|p1a: Gardevoir|Gardevoir, L83, F|249/249\n|switch|p2a: Mimikyu|Mimikyu, L79, M|100/100\n|turn|1\n|inactive|Battle timer is ON: inactive players will automatically lose when time's up. (requested by p0y88689ba)\n|inactive|Time left: 300 sec this turn | 300 sec total | 60 sec grace\n|inactive|p0x886dfd6 also wants the timer to be on.\n|\n|t:|1783549416\n|move|p1a: Gardevoir|Moonblast|p2a: Mimikyu\n|-activate|p2a: Mimikyu|ability: Disguise\n|-damage|p2a: Mimikyu|100/100\n|-unboost|p2a: Mimikyu|spa|1\n|detailschange|p2a: Mimikyu|Mimikyu-Busted, L79, M\n|-damage|p2a: Mimikyu|88/100|[from] pokemon: Mimikyu-Busted\n|move|p2a: Mimikyu|Shadow Claw|p1a: Gardevoir\n|-supereffective|p1a: Gardevoir\n|-damage|p1a: Gardevoir|59/249\n|-damage|p2a: Mimikyu|78/100|[from] item: Life Orb\n|\n|upkeep\n|turn|2\n|inactive|Time left: 300 sec this turn | 300 sec total\n|\n|t:|1783549418\n|move|p2a: Mimikyu|Shadow Sneak|p1a: Gardevoir\n|-supereffective|p1a: Gardevoir\n|-damage|p1a: Gardevoir|0 fnt\n|faint|p1a: Gardevoir\n|-damage|p2a: Mimikyu|69/100|[from] item: Life Orb\n|\n|upkeep\n|inactive|Time left: 300 sec this turn | 300 sec total | 5 sec grace\n|\n|t:|1783549419\n|switch|p1a: Revavroom|Revavroom, L79, F|256/256\n|turn|3\n|inactive|Time left: 300 sec this turn | 300 sec total\n|\n|t:|1783549420\n|switch|p2a: Hariyama|Hariyama, L87, M|100/100\n|move|p1a: Revavroom|Shift Gear|p1a: Revavroom\n|-boost|p1a: Revavroom|spe|2\n|-boost|p1a: Revavroom|atk|1\n|\n|-status|p2a: Hariyama|brn|[from] item: Flame Orb\n|upkeep\n|turn|4\n|inactive|Time left: 300 sec this turn | 300 sec total\n|\n|t:|1783549421\n|move|p1a: Revavroom|Iron Head|p2a: Hariyama\n|-damage|p2a: Hariyama|42/100 brn\n|-damage|p1a: Revavroom|231/256|[from] item: Life Orb\n|move|p2a: Hariyama|Close Combat|p1a: Revavroom\n|-damage|p1a: Revavroom|0 fnt\n|-unboost|p2a: Hariyama|def|1\n|-unboost|p2a: Hariyama|spd|1\n|faint|p1a: Revavroom\n|\n|-damage|p2a: Hariyama|36/100 brn|[from] brn\n|upkeep\n|inactive|Time left: 300 sec this turn | 300 sec total | 5 sec grace\n|\n|t:|1783549422\n|switch|p1a: Rotom|Rotom-Wash, L82|216/216\n|turn|5\n|inactive|Time left: 300 sec this turn | 300 sec total\n|\n|t:|1783549423\n|switch|p2a: Toedscruel|Toedscruel, L87, M|100/100\n|move|p1a: Rotom|Thunderbolt|p2a: Toedscruel\n|-immune|p2a: Toedscruel\n|\n|upkeep\n|turn|6\n|inactive|Time left: 300 sec this turn | 300 sec total\n|\n|t:|1783549425\n|move|p2a: Toedscruel|Knock Off|p1a: Rotom\n|-damage|p1a: Rotom|165/216\n|-enditem|p1a: Rotom|Leftovers|[from] move: Knock Off|[of] p2a: Toedscruel\n|move|p1a: Rotom|Nasty Plot|p1a: Rotom\n|-boost|p1a: Rotom|spa|2\n|\n|upkeep\n|turn|7\n|inactive|Time left: 300 sec this turn | 300 sec total\n|\n|t:|1783549426\n|-terastallize|p1a: Rotom|Steel\n|move|p2a: Toedscruel|Giga Drain|p1a: Rotom\n|-resisted|p1a: Rotom\n|-damage|p1a: Rotom|132/216\n|move|p1a: Rotom|Hydro Pump|p2a: Toedscruel\n|-damage|p2a: Toedscruel|59/100\n|\n|upkeep\n|turn|8\n|inactive|Time left: 300 sec this turn | 300 sec total\n|\n|t:|1783549427\n|switch|p2a: Goodra|Goodra, L85, F|100/100\n|move|p1a: Rotom|Hydro Pump|p2a: Goodra\n|-resisted|p2a: Goodra\n|-damage|p2a: Goodra|83/100\n|\n|upkeep\n|turn|9\n|inactive|Time left: 300 sec this turn | 300 sec total\n|\n|t:|1783549428\n|move|p1a: Rotom|Thunderbolt|p2a: Goodra\n|-resisted|p2a: Goodra\n|-damage|p2a: Goodra|70/100\n|-status|p2a: Goodra|par\n|cant|p2a: Goodra|par\n|\n|upkeep\n|turn|10\n|inactive|Time left: 300 sec this turn | 300 sec total\n|\n|t:|1783549430\n|move|p1a: Rotom|Nasty Plot|p1a: Rotom\n|-boost|p1a: Rotom|spa|2\n|move|p2a: Goodra|Fire Blast|p1a: Rotom|[miss]\n|-miss|p2a: Goodra|p1a: Rotom\n|\n|upkeep\n|turn|11\n|inactive|Time left: 300 sec this turn | 300 sec total\n|\n|t:|1783549431\n|move|p1a: Rotom|Hydro Pump|p2a: Goodra\n|-resisted|p2a: Goodra\n|-damage|p2a: Goodra|43/100 par\n|cant|p2a: Goodra|par\n|\n|upkeep\n|turn|12\n|inactive|Time left: 300 sec this turn | 300 sec total\n|\n|t:|1783549432\n|move|p1a: Rotom|Hydro Pump|p2a: Goodra\n|-resisted|p2a: Goodra\n|-damage|p2a: Goodra|17/100 par\n|cant|p2a: Goodra|par\n|\n|upkeep\n|turn|13\n|inactive|Time left: 300 sec this turn | 300 sec total\n|\n|t:|1783549433\n|move|p1a: Rotom|Thunderbolt|p2a: Goodra\n|-resisted|p2a: Goodra\n|-damage|p2a: Goodra|0 fnt\n|faint|p2a: Goodra\n|\n|upkeep\n|\n|t:|1783549434\n|switch|p2a: Sinistcha|Sinistcha-Masterpiece, L83|100/100\n|turn|14\n|inactive|Time left: 300 sec this turn | 300 sec total\n|\n|t:|1783549435\n|move|p1a: Rotom|Thunderbolt|p2a: Sinistcha\n|-resisted|p2a: Sinistcha\n|-damage|p2a: Sinistcha|39/100\n|move|p2a: Sinistcha|Strength Sap|p1a: Rotom\n|-unboost|p1a: Rotom|atk|1\n|-heal|p2a: Sinistcha|83/100\n|\n|-heal|p2a: Sinistcha|89/100|[from] item: Leftovers\n|upkeep\n|turn|15\n|inactive|Time left: 300 sec this turn | 300 sec total\n|\n|t:|1783549436\n|move|p1a: Rotom|Thunderbolt|p2a: Sinistcha\n|-resisted|p2a: Sinistcha\n|-damage|p2a: Sinistcha|27/100\n|move|p2a: Sinistcha|Shadow Ball|p1a: Rotom\n|-damage|p1a: Rotom|45/216\n|\n|-heal|p2a: Sinistcha|33/100|[from] item: Leftovers\n|upkeep\n|turn|16\n|inactive|Time left: 300 sec this turn | 300 sec total\n|\n|t:|1783549437\n|switch|p2a: Toedscruel|Toedscruel, L87, M|59/100\n|move|p1a: Rotom|Thunderbolt|p2a: Toedscruel\n|-immune|p2a: Toedscruel\n|\n|upkeep\n|turn|17\n|inactive|Time left: 300 sec this turn | 300 sec total\n|\n|t:|1783549438\n|move|p2a: Toedscruel|Giga Drain|p1a: Rotom\n|-resisted|p1a: Rotom\n|-damage|p1a: Rotom|14/216\n|-heal|p2a: Toedscruel|65/100|[from] drain|[of] p1a: Rotom\n|move|p1a: Rotom|Hydro Pump|p2a: Toedscruel\n|-damage|p2a: Toedscruel|5/100\n|\n|upkeep\n|turn|18\n|inactive|Time left: 300 sec this turn | 300 sec total\n|\n|t:|1783549438\n|move|p2a: Toedscruel|Knock Off|p1a: Rotom\n|-damage|p1a: Rotom|0 fnt\n|faint|p1a: Rotom\n|\n|upkeep\n|inactive|Time left: 300 sec this turn | 300 sec total | 5 sec grace\n|\n|t:|1783549439\n|switch|p1a: Weavile|Weavile, L79, F|240/240\n|turn|19\n|inactive|Time left: 300 sec this turn | 300 sec total\n|\n|t:|1783549440\n|move|p1a: Weavile|Swords Dance|p1a: Weavile\n|-boost|p1a: Weavile|atk|2\n|move|p2a: Toedscruel|Earth Power|p1a: Weavile\n|-damage|p1a: Weavile|137/240\n|\n|upkeep\n|turn|20\n|inactive|Time left: 300 sec this turn | 300 sec total\n|\n|t:|1783549441\n|move|p1a: Weavile|Knock Off|p2a: Toedscruel\n|-damage|p2a: Toedscruel|0 fnt\n|-enditem|p2a: Toedscruel|Assault Vest|[from] move: Knock Off|[of] p1a: Weavile\n|faint|p2a: Toedscruel\n|\n|upkeep\n|\n|t:|1783549442\n|switch|p2a: Hariyama|Hariyama, L87, M|36/100 brn\n|turn|21\n|inactive|Time left: 300 sec this turn | 300 sec total\n|\n|t:|1783549443\n|move|p2a: Hariyama|Bullet Punch|p1a: Weavile\n|-supereffective|p1a: Weavile\n|-damage|p1a: Weavile|0 fnt\n|faint|p1a: Weavile\n|\n|-damage|p2a: Hariyama|30/100 brn|[from] brn\n|upkeep\n|inactive|Time left: 300 sec this turn | 300 sec total | 5 sec grace\n|\n|t:|1783549444\n|switch|p1a: Wyrdeer|Wyrdeer, L87, M|321/321\n|-ability|p1a: Wyrdeer|Intimidate|boost\n|-unboost|p2a: Hariyama|atk|1\n|turn|22\n|inactive|Time left: 300 sec this turn | 300 sec total\n|\n|t:|1783549445\n|switch|p2a: Mesprit|Mesprit, L85|100/100\n|move|p1a: Wyrdeer|Psychic Noise|p2a: Mesprit\n|-resisted|p2a: Mesprit\n|-damage|p2a: Mesprit|87/100\n|-start|p2a: Mesprit|move: Heal Block\n|\n|upkeep\n|turn|23\n|inactive|Time left: 300 sec this turn | 300 sec total\n|\n|t:|1783549447\n|move|p2a: Mesprit|Thunder Wave|p1a: Wyrdeer\n|-status|p1a: Wyrdeer|par\n|move|p1a: Wyrdeer|Body Slam|p2a: Mesprit\n|-damage|p2a: Mesprit|56/100\n|\n|-end|p2a: Mesprit|move: Heal Block\n|upkeep\n|turn|24\n|inactive|Time left: 300 sec this turn | 300 sec total\n|\n|t:|1783549448\n|switch|p1a: Lanturn|Lanturn, L89, M|367/367\n|move|p2a: Mesprit|U-turn|p1a: Lanturn\n|-damage|p1a: Lanturn|302/367\n|\n|t:|1783549449\n|switch|p2a: Sinistcha|Sinistcha-Masterpiece, L83|33/100|[from] U-turn\n|\n|-heal|p1a: Lanturn|324/367|[from] item: Leftovers\n|-heal|p2a: Sinistcha|39/100|[from] item: Leftovers\n|upkeep\n|turn|25\n|inactive|Time left: 300 sec this turn | 300 sec total\n|\n|t:|1783549450\n|-terastallize|p2a: Sinistcha|Steel\n|move|p1a: Lanturn|Ice Beam|p2a: Sinistcha\n|-resisted|p2a: Sinistcha\n|-damage|p2a: Sinistcha|26/100\n|move|p2a: Sinistcha|Matcha Gotcha|p1a: Lanturn\n|-supereffective|p1a: Lanturn\n|-damage|p1a: Lanturn|96/367\n|-heal|p2a: Sinistcha|71/100|[from] drain|[of] p1a: Lanturn\n|\n|-heal|p1a: Lanturn|118/367|[from] item: Leftovers\n|-heal|p2a: Sinistcha|77/100|[from] item: Leftovers\n|upkeep\n|turn|26\n|inactive|Time left: 300 sec this turn | 300 sec total\n|\n|t:|1783549451\n|move|p1a: Lanturn|Thunder Wave|p2a: Sinistcha\n|-status|p2a: Sinistcha|par\n|cant|p2a: Sinistcha|par\n|\n|-heal|p1a: Lanturn|140/367|[from] item: Leftovers\n|-heal|p2a: Sinistcha|83/100 par|[from] item: Leftovers\n|upkeep\n|turn|27\n|inactive|Time left: 300 sec this turn | 300 sec total\n|\n|t:|1783549452\n|move|p1a: Lanturn|Thunderbolt|p2a: Sinistcha\n|-damage|p2a: Sinistcha|45/100 par\n|move|p2a: Sinistcha|Matcha Gotcha|p1a: Lanturn|[miss]\n|-miss|p2a: Sinistcha|p1a: Lanturn\n|\n|-heal|p1a: Lanturn|162/367|[from] item: Leftovers\n|-heal|p2a: Sinistcha|51/100 par|[from] item: Leftovers\n|upkeep\n|turn|28\n|inactive|Time left: 300 sec this turn | 300 sec total\n|\n|t:|1783549453\n|move|p1a: Lanturn|Thunderbolt|p2a: Sinistcha\n|-damage|p2a: Sinistcha|12/100 par\n|cant|p2a: Sinistcha|par\n|\n|-heal|p1a: Lanturn|184/367|[from] item: Leftovers\n|-heal|p2a: Sinistcha|18/100 par|[from] item: Leftovers\n|upkeep\n|turn|29\n|inactive|Time left: 300 sec this turn | 300 sec total\n|\n|t:|1783549454\n|move|p1a: Lanturn|Scald|p2a: Sinistcha\n|-damage|p2a: Sinistcha|0 fnt\n|faint|p2a: Sinistcha\n|\n|-heal|p1a: Lanturn|206/367|[from] item: Leftovers\n|upkeep\n|\n|t:|1783549455\n|switch|p2a: Mimikyu|Mimikyu-Busted, L79, M|69/100\n|turn|30\n|inactive|Time left: 300 sec this turn | 300 sec total\n|\n|t:|1783549456\n|move|p2a: Mimikyu|Swords Dance|p2a: Mimikyu\n|-boost|p2a: Mimikyu|atk|2\n|move|p1a: Lanturn|Scald|p2a: Mimikyu\n|-damage|p2a: Mimikyu|31/100\n|\n|-heal|p1a: Lanturn|228/367|[from] item: Leftovers\n|upkeep\n|turn|31\n|inactive|Time left: 300 sec this turn | 300 sec total\n|\n|t:|1783549457\n|switch|p1a: Wyrdeer|Wyrdeer, L87, M|321/321 par\n|-ability|p1a: Wyrdeer|Intimidate|boost\n|-unboost|p2a: Mimikyu|atk|1\n|move|p2a: Mimikyu|Play Rough|p1a: Wyrdeer\n|-damage|p1a: Wyrdeer|133/321 par\n|-damage|p2a: Mimikyu|21/100|[from] item: Life Orb\n|\n|-heal|p1a: Wyrdeer|153/321 par|[from] item: Leftovers\n|upkeep\n|turn|32\n|inactive|Time left: 300 sec this turn | 300 sec total\n|\n|t:|1783549458\n|switch|p1a: Lanturn|Lanturn, L89, M|228/367\n|move|p2a: Mimikyu|Play Rough|p1a: Lanturn|[miss]\n|-miss|p2a: Mimikyu|p1a: Lanturn\n|\n|-heal|p1a: Lanturn|250/367|[from] item: Leftovers\n|upkeep\n|turn|33\n|inactive|Time left: 300 sec this turn | 300 sec total\n|\n|t:|1783549459\n|move|p2a: Mimikyu|Play Rough|p1a: Lanturn\n|-damage|p1a: Lanturn|42/367\n|-damage|p2a: Mimikyu|12/100|[from] item: Life Orb\n|move|p1a: Lanturn|Ice Beam|p2a: Mimikyu\n|-damage|p2a: Mimikyu|0 fnt\n|faint|p2a: Mimikyu\n|\n|-heal|p1a: Lanturn|64/367|[from] item: Leftovers\n|upkeep\n|\n|t:|1783549460\n|switch|p2a: Mesprit|Mesprit, L85|56/100\n|turn|34\n|inactive|Time left: 300 sec this turn | 300 sec total\n|\n|t:|1783549461\n|switch|p1a: Wyrdeer|Wyrdeer, L87, M|153/321 par\n|-ability|p1a: Wyrdeer|Intimidate|boost\n|-unboost|p2a: Mesprit|atk|1\n|move|p2a: Mesprit|U-turn|p1a: Wyrdeer\n|-supereffective|p1a: Wyrdeer\n|-damage|p1a: Wyrdeer|65/321 par\n|\n|t:|1783549462\n|switch|p2a: Hariyama|Hariyama, L87, M|30/100 brn|[from] U-turn\n|\n|-heal|p1a: Wyrdeer|85/321 par|[from] item: Leftovers\n|-damage|p2a: Hariyama|23/100 brn|[from] brn\n|upkeep\n|turn|35\n|inactive|Time left: 300 sec this turn | 300 sec total\n|\n|t:|1783549463\n|move|p2a: Hariyama|Facade|p1a: Wyrdeer\n|-crit|p1a: Wyrdeer\n|-damage|p1a: Wyrdeer|0 fnt\n|faint|p1a: Wyrdeer\n|\n|-damage|p2a: Hariyama|17/100 brn|[from] brn\n|upkeep\n|inactive|Time left: 300 sec this turn | 300 sec total | 5 sec grace\n|\n|t:|1783549464\n|switch|p1a: Lanturn|Lanturn, L89, M|64/367\n|turn|36\n|inactive|Time left: 300 sec this turn | 300 sec total\n|\n|t:|1783549465\n|move|p1a: Lanturn|Ice Beam|p2a: Hariyama\n|-damage|p2a: Hariyama|0 fnt\n|faint|p2a: Hariyama\n|\n|-heal|p1a: Lanturn|86/367|[from] item: Leftovers\n|upkeep\n|\n|t:|1783549466\n|switch|p2a: Mesprit|Mesprit, L85|56/100\n|turn|37\n|inactive|Time left: 300 sec this turn | 300 sec total\n|\n|t:|1783549466\n|move|p2a: Mesprit|Psychic Noise|p1a: Lanturn\n|-damage|p1a: Lanturn|0 fnt\n|faint|p1a: Lanturn\n|\n|win|p0y88689ba", "uploadtime": 1783549466, "views": 0, "rating": 0, "private": 0, "password": null, "_winner": "p0y88689ba", "_our_name": "p0x886dfd6"}