{"id": "battle-gen9randombattle-2522", "formatid": "gen9randombattle", "format": "[Gen 9] Random Battle", "players": ["p0x2521d6b1", "p0y2521a775"], "log": "|init|battle\n|title|p0x2521d6b1 vs. p0y2521a775\n|j|\u2606p0x2521d6b1\n|j|\u2606p0y2521a775\n|t:|1783569188\n|gametype|singles\n|player|p1|p0x2521d6b1|170|\n|player|p2|p0y2521a775|170|\n|gen|9\n|tier|[Gen 9] Random Battle\n|rule|Species Clause: Limit one of each Pok\u00e9mon\n|rule|HP Percentage Mod: HP is shown in percentages\n|rule|Sleep Clause Mod: Limit one foe put to sleep\n|rule|Illusion Level Mod: Illusion disguises the Pok\u00e9mon's true level\n|\n|t:|1783569188\n|teamsize|p1|6\n|teamsize|p2|6\n|start\n|switch|p1a: Glastrier|Glastrier, L86|100/100\n|switch|p2a: Toxtricity|Toxtricity, L82, F|257/257\n|turn|1\n|inactive|Battle timer is ON: inactive players will automatically lose when time's up. (requested by p0y2521a775)\n|inactive|p0x2521d6b1 also wants the timer to be on.\n|\n|t:|1783569190\n|move|p2a: Toxtricity|Boomburst|p1a: Glastrier\n|-damage|p1a: Glastrier|47/100\n|move|p1a: Glastrier|High Horsepower|p2a: Toxtricity\n|-supereffective|p2a: Toxtricity\n|-damage|p2a: Toxtricity|0 fnt\n|faint|p2a: Toxtricity\n|-ability|p1a: Glastrier|Chilling Neigh|boost\n|-boost|p1a: Glastrier|atk|1\n|\n|upkeep\n|inactive|Time left: 300 sec this turn | 300 sec total | 65 sec grace\n|\n|t:|1783569191\n|switch|p2a: Banette|Banette, L93, M|270/270\n|turn|2\n|inactive|Time left: 300 sec this turn | 300 sec total\n|\n|t:|1783569192\n|switch|p1a: Squawkabilly|Squawkabilly-Blue, L85, M|100/100\n|move|p2a: Banette|Poltergeist|p1a: Squawkabilly\n|-immune|p1a: Squawkabilly\n|\n|-status|p1a: Squawkabilly|brn|[from] item: Flame Orb\n|upkeep\n|turn|3\n|inactive|Time left: 300 sec this turn | 300 sec total\n|\n|t:|1783569193\n|move|p1a: Squawkabilly|Brave Bird|p2a: Banette\n|-damage|p2a: Banette|47/270\n|-damage|p1a: Squawkabilly|74/100 brn|[from] Recoil\n|move|p2a: Banette|Gunk Shot|p1a: Squawkabilly\n|-damage|p1a: Squawkabilly|0 fnt\n|faint|p1a: Squawkabilly\n|-damage|p2a: Banette|20/270|[from] item: Life Orb\n|\n|upkeep\n|\n|t:|1783569194\n|switch|p1a: Great Tusk|Great Tusk, L77|100/100\n|turn|4\n|inactive|Time left: 300 sec this turn | 300 sec total\n|\n|t:|1783569195\n|switch|p2a: Suicune|Suicune, L82|298/298\n|-ability|p2a: Suicune|Pressure\n|move|p1a: Great Tusk|Stealth Rock|p2a: Suicune\n|-sidestart|p2: p0y2521a775|move: Stealth Rock\n|\n|upkeep\n|turn|5\n|inactive|Time left: 300 sec this turn | 300 sec total\n|\n|t:|1783569196\n|-end|p1a: Great Tusk|Protosynthesis|[silent]\n|switch|p1a: Glastrier|Glastrier, L86|47/100\n|move|p2a: Suicune|Calm Mind|p2a: Suicune\n|-boost|p2a: Suicune|spa|1\n|-boost|p2a: Suicune|spd|1\n|\n|upkeep\n|turn|6\n|inactive|Time left: 300 sec this turn | 300 sec total\n|\n|t:|1783569197\n|move|p2a: Suicune|Scald|p1a: Glastrier\n|-damage|p1a: Glastrier|18/100\n|move|p1a: Glastrier|Close Combat|p2a: Suicune\n|-damage|p2a: Suicune|137/298\n|-unboost|p1a: Glastrier|def|1\n|-unboost|p1a: Glastrier|spd|1\n|\n|-heal|p2a: Suicune|155/298|[from] item: Leftovers\n|upkeep\n|turn|7\n|inactive|Time left: 300 sec this turn | 300 sec total\n|\n|t:|1783569198\n|switch|p1a: Clawitzer|Clawitzer, L87, M|100/100\n|move|p2a: Suicune|Scald|p1a: Clawitzer\n|-resisted|p1a: Clawitzer\n|-damage|p1a: Clawitzer|88/100\n|-status|p1a: Clawitzer|brn\n|\n|-heal|p2a: Suicune|173/298|[from] item: Leftovers\n|-damage|p1a: Clawitzer|82/100 brn|[from] brn\n|upkeep\n|turn|8\n|inactive|Time left: 300 sec this turn | 300 sec total\n|\n|t:|1783569199\n|move|p2a: Suicune|Calm Mind|p2a: Suicune\n|-boost|p2a: Suicune|spa|1\n|-boost|p2a: Suicune|spd|1\n|move|p1a: Clawitzer|U-turn|p2a: Suicune\n|-damage|p2a: Suicune|155/298\n|\n|t:|1783569200\n|switch|p1a: Blaziken|Blaziken, L76, M|100/100|[from] U-turn\n|\n|-heal|p2a: Suicune|173/298|[from] item: Leftovers\n|upkeep\n|turn|9\n|inactive|Time left: 300 sec this turn | 300 sec total\n|\n|t:|1783569201\n|-terastallize|p1a: Blaziken|Dark\n|move|p2a: Suicune|Scald|p1a: Blaziken\n|-damage|p1a: Blaziken|19/100\n|move|p1a: Blaziken|Swords Dance|p1a: Blaziken\n|-boost|p1a: Blaziken|atk|2\n|\n|-heal|p2a: Suicune|191/298|[from] item: Leftovers\n|-ability|p1a: Blaziken|Speed Boost|boost\n|-boost|p1a: Blaziken|spe|1\n|upkeep\n|turn|10\n|inactive|Time left: 300 sec this turn | 300 sec total\n|\n|t:|1783569202\n|switch|p2a: Arceus|Arceus-Bug, L73|295/295\n|-damage|p2a: Arceus|222/295|[from] Stealth Rock\n|move|p1a: Blaziken|Knock Off|p2a: Arceus\n|-damage|p2a: Arceus|54/295\n|-damage|p1a: Blaziken|9/100|[from] item: Life Orb\n|\n|-ability|p1a: Blaziken|Speed Boost|boost\n|-boost|p1a: Blaziken|spe|1\n|upkeep\n|turn|11\n|inactive|Time left: 300 sec this turn | 300 sec total\n|\n|t:|1783569203\n|move|p1a: Blaziken|Knock Off|p2a: Arceus\n|-damage|p2a: Arceus|0 fnt\n|faint|p2a: Arceus\n|-damage|p1a: Blaziken|0 fnt|[from] item: Life Orb\n|faint|p1a: Blaziken\n|\n|upkeep\n|inactive|Time left: 300 sec this turn | 300 sec total | 5 sec grace\n|\n|t:|1783569204\n|switch|p2a: Araquanid|Araquanid, L82, M|246/246\n|switch|p1a: Clawitzer|Clawitzer, L87, M|82/100 brn\n|turn|12\n|inactive|Time left: 300 sec this turn | 300 sec total\n|\n|t:|1783569205\n|move|p1a: Clawitzer|Dragon Pulse|p2a: Araquanid\n|-damage|p2a: Araquanid|156/246\n|move|p2a: Araquanid|Sticky Web|p1a: Clawitzer\n|-sidestart|p1: p0x2521d6b1|move: Sticky Web\n|\n|-damage|p1a: Clawitzer|76/100 brn|[from] brn\n|upkeep\n|turn|13\n|inactive|Time left: 300 sec this turn | 300 sec total\n|\n|t:|1783569206\n|move|p1a: Clawitzer|Dragon Pulse|p2a: Araquanid\n|-damage|p2a: Araquanid|65/246\n|move|p2a: Araquanid|Leech Life|p1a: Clawitzer\n|-crit|p1a: Clawitzer\n|-damage|p1a: Clawitzer|40/100 brn\n|-heal|p2a: Araquanid|112/246|[from] drain|[of] p1a: Clawitzer\n|\n|-damage|p1a: Clawitzer|34/100 brn|[from] brn\n|upkeep\n|turn|14\n|inactive|Time left: 300 sec this turn | 300 sec total\n|\n|t:|1783569207\n|move|p1a: Clawitzer|Dragon Pulse|p2a: Araquanid\n|-damage|p2a: Araquanid|29/246\n|move|p2a: Araquanid|Leech Life|p1a: Clawitzer\n|-damage|p1a: Clawitzer|9/100 brn\n|-heal|p2a: Araquanid|63/246|[from] drain|[of] p1a: Clawitzer\n|\n|-damage|p1a: Clawitzer|3/100 brn|[from] brn\n|upkeep\n|turn|15\n|inactive|Time left: 300 sec this turn | 300 sec total\n|\n|t:|1783569208\n|switch|p2a: Suicune|Suicune, L82|191/298\n|-damage|p2a: Suicune|154/298|[from] Stealth Rock\n|-ability|p2a: Suicune|Pressure\n|move|p1a: Clawitzer|Dragon Pulse|p2a: Suicune\n|-damage|p2a: Suicune|59/298\n|\n|-heal|p2a: Suicune|77/298|[from] item: Leftovers\n|-damage|p1a: Clawitzer|0 fnt|[from] brn\n|faint|p1a: Clawitzer\n|upkeep\n|\n|t:|1783569209\n|switch|p1a: Talonflame|Talonflame, L83, F|100/100\n|turn|16\n|inactive|Time left: 300 sec this turn | 300 sec total\n|\n|t:|1783569210\n|-terastallize|p2a: Suicune|Steel\n|move|p1a: Talonflame|Brave Bird|p2a: Suicune\n|-resisted|p2a: Suicune\n|-crit|p2a: Suicune\n|-damage|p2a: Suicune|10/298\n|-damage|p1a: Talonflame|92/100|[from] Recoil\n|move|p2a: Suicune|Scald|p1a: Talonflame\n|-supereffective|p1a: Talonflame\n|-crit|p1a: Talonflame\n|-damage|p1a: Talonflame|0 fnt\n|faint|p1a: Talonflame\n|\n|-heal|p2a: Suicune|28/298|[from] item: Leftovers\n|upkeep\n|\n|t:|1783569211\n|switch|p1a: Great Tusk|Great Tusk, L77|100/100\n|-activate|p1a: Great Tusk|move: Sticky Web\n|-unboost|p1a: Great Tusk|spe|1\n|turn|17\n|inactive|Time left: 300 sec this turn | 300 sec total\n|\n|t:|1783569212\n|move|p2a: Suicune|Scald|p1a: Great Tusk\n|-supereffective|p1a: Great Tusk\n|-damage|p1a: Great Tusk|27/100\n|move|p1a: Great Tusk|Rapid Spin|p2a: Suicune\n|-resisted|p2a: Suicune\n|-damage|p2a: Suicune|13/298\n|-boost|p1a: Great Tusk|spe|1\n|-sideend|p1: p0x2521d6b1|Sticky Web|[from] move: Rapid Spin|[of] p1a: Great Tusk\n|\n|-heal|p2a: Suicune|31/298|[from] item: Leftovers\n|-heal|p1a: Great Tusk|33/100|[from] item: Leftovers\n|upkeep\n|turn|18\n|inactive|Time left: 300 sec this turn | 300 sec total\n|\n|t:|1783569213\n|-end|p1a: Great Tusk|Protosynthesis|[silent]\n|switch|p1a: Glastrier|Glastrier, L86|18/100\n|move|p2a: Suicune|Scald|p1a: Glastrier\n|-damage|p1a: Glastrier|0 fnt\n|faint|p1a: Glastrier\n|\n|-heal|p2a: Suicune|49/298|[from] item: Leftovers\n|upkeep\n|\n|t:|1783569214\n|switch|p1a: Great Tusk|Great Tusk, L77|33/100\n|turn|19\n|inactive|Time left: 300 sec this turn | 300 sec total\n|\n|t:|1783569215\n|move|p2a: Suicune|Scald|p1a: Great Tusk\n|-supereffective|p1a: Great Tusk\n|-damage|p1a: Great Tusk|0 fnt\n|faint|p1a: Great Tusk\n|-end|p1a: Great Tusk|Protosynthesis|[silent]\n|\n|win|p0y2521a775", "uploadtime": 1783569215, "views": 0, "rating": 0, "private": 0, "password": null, "_winner": "p0y2521a775", "_our_name": "p0y2521a775"}