{"id": "battle-gen9randombattle-4", "formatid": "gen9randombattle", "format": "[Gen 9] Random Battle", "players": ["p0x0023c19", "p0y0021d87"], "log": "|init|battle\n|title|p0x0023c19 vs. p0y0021d87\n|j|\u2606p0x0023c19\n|j|\u2606p0y0021d87\n|t:|1783539459\n|gametype|singles\n|player|p1|p0x0023c19|2|\n|player|p2|p0y0021d87|101|\n|gen|9\n|tier|[Gen 9] Random Battle\n|rule|Species Clause: Limit one of each Pok\u00e9mon\n|rule|HP Percentage Mod: HP is shown in percentages\n|rule|Sleep Clause Mod: Limit one foe put to sleep\n|rule|Illusion Level Mod: Illusion disguises the Pok\u00e9mon's true level\n|\n|t:|1783539459\n|teamsize|p1|6\n|teamsize|p2|6\n|start\n|switch|p1a: Quaquaval|Quaquaval, L79, M|100/100\n|switch|p2a: Mimikyu|Mimikyu, L79, F|216/216\n|turn|1\n|inactive|Battle timer is ON: inactive players will automatically lose when time's up. (requested by p0x0023c19)\n|inactive|Time left: 300 sec this turn | 300 sec total | 60 sec grace\n|inactive|p0y0021d87 also wants the timer to be on.\n|\n|t:|1783539460\n|switch|p1a: Glastrier|Glastrier, L86|100/100\n|move|p2a: Mimikyu|Swords Dance|p2a: Mimikyu\n|-boost|p2a: Mimikyu|atk|2\n|\n|upkeep\n|turn|2\n|inactive|Time left: 300 sec this turn | 300 sec total\n|\n|t:|1783539462\n|move|p2a: Mimikyu|Play Rough|p1a: Glastrier\n|-damage|p1a: Glastrier|49/100\n|-damage|p2a: Mimikyu|195/216|[from] item: Life Orb\n|move|p1a: Glastrier|Heavy Slam|p2a: Mimikyu\n|-activate|p2a: Mimikyu|ability: Disguise\n|-damage|p2a: Mimikyu|195/216\n|detailschange|p2a: Mimikyu|Mimikyu-Busted, L79, F\n|-damage|p2a: Mimikyu|168/216|[from] pokemon: Mimikyu-Busted\n|\n|upkeep\n|turn|3\n|inactive|Time left: 300 sec this turn | 300 sec total\n|\n|t:|1783539463\n|-terastallize|p2a: Mimikyu|Fairy\n|move|p2a: Mimikyu|Play Rough|p1a: Glastrier\n|-damage|p1a: Glastrier|0 fnt\n|faint|p1a: Glastrier\n|-damage|p2a: Mimikyu|147/216|[from] item: Life Orb\n|\n|upkeep\n|\n|t:|1783539463\n|switch|p1a: Deoxys|Deoxys, L74|100/100\n|turn|4\n|inactive|Time left: 300 sec this turn | 300 sec total\n|\n|t:|1783539465\n|move|p2a: Mimikyu|Shadow Sneak|p1a: Deoxys\n|-immune|p1a: Deoxys\n|move|p1a: Deoxys|Poltergeist|p2a: Mimikyu\n|-activate|p2a: Mimikyu|move: Poltergeist|Life Orb\n|-damage|p2a: Mimikyu|0 fnt\n|faint|p2a: Mimikyu\n|-damage|p1a: Deoxys|91/100|[from] item: Life Orb\n|\n|upkeep\n|inactive|Time left: 300 sec this turn | 300 sec total | 5 sec grace\n|\n|t:|1783539466\n|switch|p2a: Roaring Moon|Roaring Moon, L72|270/270\n|turn|5\n|inactive|Time left: 300 sec this turn | 300 sec total\n|\n|t:|1783539467\n|move|p1a: Deoxys|Focus Blast|p2a: Roaring Moon\n|-supereffective|p2a: Roaring Moon\n|-damage|p2a: Roaring Moon|10/270\n|-damage|p1a: Deoxys|81/100|[from] item: Life Orb\n|move|p2a: Roaring Moon|Outrage|p1a: Deoxys\n|-damage|p1a: Deoxys|0 fnt\n|replace|p1a: Zoroark|Zoroark-Hisui, L80, M\n|-end|p1a: Zoroark|Illusion\n|-hint|Illusion Level Mod is active, so this Pok\u00e9mon's true level was hidden.\n|faint|p1a: Zoroark\n|\n|upkeep\n|\n|t:|1783539468\n|switch|p1a: Quaquaval|Quaquaval, L79, M|100/100\n|turn|6\n|inactive|Time left: 300 sec this turn | 300 sec total\n|\n|t:|1783539469\n|-terastallize|p1a: Quaquaval|Steel\n|move|p2a: Roaring Moon|Outrage|p1a: Quaquaval|[from] lockedmove\n|-resisted|p1a: Quaquaval\n|-damage|p1a: Quaquaval|63/100\n|-start|p2a: Roaring Moon|confusion|[fatigue]\n|move|p1a: Quaquaval|Aqua Step|p2a: Roaring Moon\n|-resisted|p2a: Roaring Moon\n|-damage|p2a: Roaring Moon|0 fnt\n|-boost|p1a: Quaquaval|spe|1\n|faint|p2a: Roaring Moon\n|-end|p2a: Roaring Moon|Protosynthesis|[silent]\n|-ability|p1a: Quaquaval|Moxie|boost\n|-boost|p1a: Quaquaval|atk|1\n|\n|-heal|p1a: Quaquaval|69/100|[from] item: Leftovers\n|upkeep\n|inactive|Time left: 300 sec this turn | 300 sec total | 5 sec grace\n|\n|t:|1783539470\n|switch|p2a: Flamigo|Flamigo, L82, M|269/269\n|turn|7\n|inactive|Time left: 300 sec this turn | 300 sec total\n|\n|t:|1783539471\n|move|p1a: Quaquaval|Aqua Step|p2a: Flamigo\n|-damage|p2a: Flamigo|125/269\n|-boost|p1a: Quaquaval|spe|1\n|move|p2a: Flamigo|Close Combat|p1a: Quaquaval\n|-supereffective|p1a: Quaquaval\n|-damage|p1a: Quaquaval|0 fnt\n|-unboost|p2a: Flamigo|def|1\n|-unboost|p2a: Flamigo|spd|1\n|faint|p1a: Quaquaval\n|\n|upkeep\n|\n|t:|1783539472\n|switch|p1a: Dipplin|Dipplin, L88, M|100/100\n|turn|8\n|inactive|Time left: 300 sec this turn | 300 sec total\n|\n|t:|1783539473\n|switch|p2a: Hypno|Hypno, L95, F|315/315\n|move|p1a: Dipplin|Dragon Pulse|p2a: Hypno\n|-damage|p2a: Hypno|240/315\n|\n|-heal|p2a: Hypno|259/315|[from] item: Leftovers\n|upkeep\n|turn|9\n|inactive|Time left: 300 sec this turn | 300 sec total\n|\n|t:|1783539474\n|move|p2a: Hypno|Toxic|p1a: Dipplin|[miss]\n|-miss|p2a: Hypno|p1a: Dipplin\n|move|p1a: Dipplin|Dragon Pulse|p2a: Hypno\n|-damage|p2a: Hypno|184/315\n|\n|-heal|p2a: Hypno|203/315|[from] item: Leftovers\n|upkeep\n|turn|10\n|inactive|Time left: 300 sec this turn | 300 sec total\n|\n|t:|1783539475\n|switch|p1a: Komala|Komala, L87, M|100/100\n|-ability|p1a: Komala|Comatose\n|move|p2a: Hypno|Toxic|p1a: Komala\n|-immune|p1a: Komala|[from] ability: Comatose\n|\n|-heal|p2a: Hypno|222/315|[from] item: Leftovers\n|upkeep\n|turn|11\n|inactive|Time left: 300 sec this turn | 300 sec total\n|\n|t:|1783539476\n|switch|p2a: Great Tusk|Great Tusk, L77|304/304\n|move|p1a: Komala|Body Slam|p2a: Great Tusk\n|-damage|p2a: Great Tusk|181/304\n|-status|p2a: Great Tusk|par\n|\n|upkeep\n|turn|12\n|inactive|Time left: 300 sec this turn | 300 sec total\n|\n|t:|1783539477\n|switch|p1a: Dipplin|Dipplin, L88, M|100/100\n|move|p2a: Great Tusk|Close Combat|p1a: Dipplin\n|-damage|p1a: Dipplin|76/100\n|-unboost|p2a: Great Tusk|def|1\n|-unboost|p2a: Great Tusk|spd|1\n|\n|upkeep\n|turn|13\n|inactive|Time left: 300 sec this turn | 300 sec total\n|\n|t:|1783539479\n|-end|p2a: Great Tusk|Protosynthesis|[silent]\n|switch|p2a: Hypno|Hypno, L95, F|222/315\n|move|p1a: Dipplin|Giga Drain|p2a: Hypno\n|-crit|p2a: Hypno\n|-damage|p2a: Hypno|125/315\n|-heal|p1a: Dipplin|93/100|[from] drain|[of] p2a: Hypno\n|\n|-heal|p2a: Hypno|144/315|[from] item: Leftovers\n|upkeep\n|turn|14\n|inactive|Time left: 300 sec this turn | 300 sec total\n|\n|t:|1783539480\n|move|p2a: Hypno|Toxic|p1a: Dipplin\n|-status|p1a: Dipplin|tox\n|move|p1a: Dipplin|Dragon Pulse|p2a: Hypno\n|-damage|p2a: Hypno|78/315\n|\n|-heal|p2a: Hypno|97/315|[from] item: Leftovers\n|-damage|p1a: Dipplin|87/100 tox|[from] psn\n|upkeep\n|turn|15\n|inactive|Time left: 300 sec this turn | 300 sec total\n|\n|t:|1783539481\n|move|p2a: Hypno|Psychic Noise|p1a: Dipplin\n|-damage|p1a: Dipplin|67/100 tox\n|-start|p1a: Dipplin|move: Heal Block\n|move|p1a: Dipplin|Dragon Pulse|p2a: Hypno\n|-damage|p2a: Hypno|30/315\n|\n|-heal|p2a: Hypno|49/315|[from] item: Leftovers\n|-damage|p1a: Dipplin|55/100 tox|[from] psn\n|upkeep\n|turn|16\n|inactive|Time left: 300 sec this turn | 300 sec total\n|\n|t:|1783539482\n|move|p2a: Hypno|Protect|p2a: Hypno\n|-singleturn|p2a: Hypno|Protect\n|move|p1a: Dipplin|Dragon Pulse|p2a: Hypno\n|-activate|p2a: Hypno|move: Protect\n|\n|-heal|p2a: Hypno|68/315|[from] item: Leftovers\n|-damage|p1a: Dipplin|37/100 tox|[from] psn\n|-end|p1a: Dipplin|move: Heal Block\n|upkeep\n|turn|17\n|inactive|Time left: 300 sec this turn | 300 sec total\n|\n|t:|1783539483\n|move|p2a: Hypno|Psychic Noise|p1a: Dipplin\n|-damage|p1a: Dipplin|16/100 tox\n|-start|p1a: Dipplin|move: Heal Block\n|move|p1a: Dipplin|Dragon Pulse|p2a: Hypno\n|-damage|p2a: Hypno|2/315\n|\n|-heal|p2a: Hypno|21/315|[from] item: Leftovers\n|-damage|p1a: Dipplin|0 fnt|[from] psn\n|faint|p1a: Dipplin\n|upkeep\n|\n|t:|1783539484\n|switch|p1a: Deoxys|Deoxys, L74|100/100\n|-ability|p1a: Deoxys|Pressure\n|turn|18\n|inactive|Time left: 300 sec this turn | 300 sec total\n|\n|t:|1783539486\n|move|p2a: Hypno|Protect|p2a: Hypno\n|-singleturn|p2a: Hypno|Protect\n|move|p1a: Deoxys|Ice Beam|p2a: Hypno\n|-activate|p2a: Hypno|move: Protect\n|\n|-heal|p2a: Hypno|40/315|[from] item: Leftovers\n|upkeep\n|turn|19\n|inactive|Time left: 300 sec this turn | 300 sec total\n|\n|t:|1783539487\n|move|p1a: Deoxys|Ice Beam|p2a: Hypno\n|-damage|p2a: Hypno|0 fnt\n|faint|p2a: Hypno\n|-damage|p1a: Deoxys|91/100|[from] item: Life Orb\n|\n|upkeep\n|inactive|Time left: 300 sec this turn | 300 sec total | 5 sec grace\n|\n|t:|1783539488\n|switch|p2a: Minun|Minun, L95, F|268/268\n|turn|20\n|inactive|Time left: 300 sec this turn | 300 sec total\n|\n|t:|1783539489\n|switch|p1a: Komala|Komala, L87, M|100/100\n|-ability|p1a: Komala|Comatose\n|move|p2a: Minun|Thunderbolt|p1a: Komala\n|-damage|p1a: Komala|54/100\n|-damage|p2a: Minun|242/268|[from] item: Life Orb\n|\n|upkeep\n|turn|21\n|inactive|Time left: 300 sec this turn | 300 sec total\n|\n|t:|1783539490\n|switch|p2a: Great Tusk|Great Tusk, L77|181/304 par\n|move|p1a: Komala|Body Slam|p2a: Great Tusk\n|-damage|p2a: Great Tusk|40/304 par\n|\n|upkeep\n|turn|22\n|inactive|Time left: 300 sec this turn | 300 sec total\n|\n|t:|1783539491\n|switch|p1a: Deoxys|Deoxys, L74|91/100\n|-ability|p1a: Deoxys|Pressure\n|move|p2a: Great Tusk|Headlong Rush|p1a: Deoxys\n|-damage|p1a: Deoxys|0 fnt\n|-unboost|p2a: Great Tusk|def|1\n|-unboost|p2a: Great Tusk|spd|1\n|faint|p1a: Deoxys\n|\n|upkeep\n|\n|t:|1783539492\n|switch|p1a: Komala|Komala, L87, M|54/100\n|-ability|p1a: Komala|Comatose\n|turn|23\n|inactive|Time left: 300 sec this turn | 300 sec total\n|\n|t:|1783539493\n|-end|p2a: Great Tusk|Protosynthesis|[silent]\n|switch|p2a: Minun|Minun, L95, F|242/268\n|move|p1a: Komala|U-turn|p2a: Minun\n|-damage|p2a: Minun|118/268\n|\n|upkeep\n|turn|24\n|inactive|Time left: 300 sec this turn | 300 sec total\n|\n|t:|1783539494\n|move|p2a: Minun|Thunderbolt|p1a: Komala\n|-damage|p1a: Komala|6/100\n|-damage|p2a: Minun|92/268|[from] item: Life Orb\n|move|p1a: Komala|U-turn|p2a: Minun\n|-damage|p2a: Minun|0 fnt\n|faint|p2a: Minun\n|\n|upkeep\n|inactive|Time left: 300 sec this turn | 300 sec total | 5 sec grace\n|\n|t:|1783539495\n|switch|p2a: Flamigo|Flamigo, L82, M|125/269\n|turn|25\n|inactive|Time left: 300 sec this turn | 300 sec total\n|\n|t:|1783539496\n|move|p2a: Flamigo|Throat Chop|p1a: Komala\n|-damage|p1a: Komala|0 fnt\n|faint|p1a: Komala\n|\n|win|p0y0021d87", "uploadtime": 1783539496, "views": 0, "rating": 0, "private": 0, "password": null, "_winner": "p0y0021d87", "_our_name": "p0y0021d87"}