{"id": "battle-gen9randombattle-2259", "formatid": "gen9randombattle", "format": "[Gen 9] Random Battle", "players": ["p0x2259d163", "p0y2259e46c"], "log": "|init|battle\n|title|p0x2259d163 vs. p0y2259e46c\n|j|\u2606p0x2259d163\n|j|\u2606p0y2259e46c\n|t:|1783565235\n|gametype|singles\n|player|p1|p0x2259d163|102|\n|player|p2|p0y2259e46c|265|\n|gen|9\n|tier|[Gen 9] Random Battle\n|rule|Species Clause: Limit one of each Pok\u00e9mon\n|rule|HP Percentage Mod: HP is shown in percentages\n|rule|Sleep Clause Mod: Limit one foe put to sleep\n|rule|Illusion Level Mod: Illusion disguises the Pok\u00e9mon's true level\n|\n|t:|1783565235\n|teamsize|p1|6\n|teamsize|p2|6\n|start\n|switch|p1a: Magcargo|Magcargo, L95, F|268/268\n|switch|p2a: Squawkabilly|Squawkabilly, L85, F|100/100\n|turn|1\n|inactive|Battle timer is ON: inactive players will automatically lose when time's up. (requested by p0x2259d163)\n|inactive|p0y2259e46c also wants the timer to be on.\n|\n|t:|1783565236\n|move|p2a: Squawkabilly|Protect|p2a: Squawkabilly\n|-singleturn|p2a: Squawkabilly|Protect\n|move|p1a: Magcargo|Lava Plume|p2a: Squawkabilly\n|-activate|p2a: Squawkabilly|move: Protect\n|\n|-status|p2a: Squawkabilly|brn|[from] item: Flame Orb\n|upkeep\n|turn|2\n|inactive|Time left: 300 sec this turn | 300 sec total\n|\n|t:|1783565237\n|switch|p2a: Oinkologne|Oinkologne, L92, M|100/100\n|move|p1a: Magcargo|Stealth Rock|p2a: Oinkologne\n|-sidestart|p2: p0y2259e46c|move: Stealth Rock\n|\n|upkeep\n|turn|3\n|inactive|Time left: 300 sec this turn | 300 sec total\n|\n|t:|1783565239\n|move|p2a: Oinkologne|High Horsepower|p1a: Magcargo\n|-supereffective|p1a: Magcargo\n|-damage|p1a: Magcargo|40/268\n|move|p1a: Magcargo|Lava Plume|p2a: Oinkologne\n|-damage|p2a: Oinkologne|87/100\n|\n|-heal|p2a: Oinkologne|93/100|[from] item: Leftovers\n|upkeep\n|turn|4\n|inactive|Time left: 300 sec this turn | 300 sec total\n|\n|t:|1783565240\n|switch|p1a: Amoonguss|Amoonguss, L82, M|321/321\n|move|p2a: Oinkologne|Lash Out|p1a: Amoonguss\n|-damage|p1a: Amoonguss|237/321\n|-damage|p2a: Oinkologne|77/100|[from] item: Rocky Helmet|[of] p1a: Amoonguss\n|\n|-heal|p2a: Oinkologne|83/100|[from] item: Leftovers\n|upkeep\n|turn|5\n|inactive|Time left: 300 sec this turn | 300 sec total\n|\n|t:|1783565241\n|move|p2a: Oinkologne|Double-Edge|p1a: Amoonguss\n|-damage|p1a: Amoonguss|51/321\n|-damage|p2a: Oinkologne|66/100|[from] item: Rocky Helmet|[of] p1a: Amoonguss\n|-damage|p2a: Oinkologne|49/100|[from] Recoil\n|move|p1a: Amoonguss|Toxic|p2a: Oinkologne\n|-status|p2a: Oinkologne|tox\n|\n|-heal|p2a: Oinkologne|55/100 tox|[from] item: Leftovers\n|-damage|p2a: Oinkologne|49/100 tox|[from] psn\n|upkeep\n|turn|6\n|inactive|Time left: 300 sec this turn | 300 sec total\n|\n|t:|1783565242\n|switch|p1a: Milotic|Milotic, L83, M|293/293\n|move|p2a: Oinkologne|Double-Edge|p1a: Milotic\n|-damage|p1a: Milotic|110/293\n|-damage|p2a: Oinkologne|32/100 tox|[from] Recoil\n|\n|-heal|p1a: Milotic|128/293|[from] item: Leftovers\n|-heal|p2a: Oinkologne|38/100 tox|[from] item: Leftovers\n|-damage|p2a: Oinkologne|26/100 tox|[from] psn\n|upkeep\n|turn|7\n|inactive|Time left: 300 sec this turn | 300 sec total\n|\n|t:|1783565243\n|move|p1a: Milotic|Recover|p1a: Milotic\n|-heal|p1a: Milotic|275/293\n|move|p2a: Oinkologne|Double-Edge|p1a: Milotic\n|-damage|p1a: Milotic|112/293\n|-damage|p2a: Oinkologne|10/100 tox|[from] Recoil\n|\n|-heal|p1a: Milotic|130/293|[from] item: Leftovers\n|-heal|p2a: Oinkologne|17/100 tox|[from] item: Leftovers\n|-damage|p2a: Oinkologne|0 fnt|[from] psn\n|faint|p2a: Oinkologne\n|upkeep\n|\n|t:|1783565244\n|switch|p2a: Iron Hands|Iron Hands, L79|100/100\n|-damage|p2a: Iron Hands|94/100|[from] Stealth Rock\n|turn|8\n|inactive|Time left: 300 sec this turn | 300 sec total\n|\n|t:|1783565245\n|move|p1a: Milotic|Scald|p2a: Iron Hands\n|-damage|p2a: Iron Hands|62/100\n|move|p2a: Iron Hands|Wild Charge|p1a: Milotic\n|-supereffective|p1a: Milotic\n|-damage|p1a: Milotic|0 fnt\n|faint|p1a: Milotic\n|-damage|p2a: Iron Hands|53/100|[from] Recoil\n|\n|-heal|p2a: Iron Hands|59/100|[from] item: Leftovers\n|upkeep\n|inactive|Time left: 300 sec this turn | 300 sec total | 5 sec grace\n|\n|t:|1783565246\n|switch|p1a: Skeledirge|Skeledirge, L79, F|294/294\n|turn|9\n|inactive|Time left: 300 sec this turn | 300 sec total\n|\n|t:|1783565247\n|move|p1a: Skeledirge|Torch Song|p2a: Iron Hands\n|-damage|p2a: Iron Hands|32/100\n|-boost|p1a: Skeledirge|spa|1\n|move|p2a: Iron Hands|Wild Charge|p1a: Skeledirge\n|-damage|p1a: Skeledirge|177/294\n|-damage|p2a: Iron Hands|24/100|[from] Recoil\n|\n|-heal|p2a: Iron Hands|31/100|[from] item: Leftovers\n|upkeep\n|turn|10\n|inactive|Time left: 300 sec this turn | 300 sec total\n|\n|t:|1783565248\n|-end|p2a: Iron Hands|Quark Drive|[silent]\n|switch|p2a: Wugtrio|Wugtrio, L91, F|100/100\n|-damage|p2a: Wugtrio|88/100|[from] Stealth Rock\n|move|p1a: Skeledirge|Torch Song|p2a: Wugtrio\n|-resisted|p2a: Wugtrio\n|-damage|p2a: Wugtrio|57/100\n|-boost|p1a: Skeledirge|spa|1\n|\n|upkeep\n|turn|11\n|inactive|Time left: 300 sec this turn | 300 sec total\n|\n|t:|1783565249\n|-terastallize|p1a: Skeledirge|Fairy\n|move|p2a: Wugtrio|Liquidation|p1a: Skeledirge\n|-damage|p1a: Skeledirge|30/294\n|move|p1a: Skeledirge|Slack Off|p1a: Skeledirge\n|-heal|p1a: Skeledirge|177/294\n|\n|upkeep\n|turn|12\n|inactive|Time left: 300 sec this turn | 300 sec total\n|\n|t:|1783565250\n|move|p2a: Wugtrio|Liquidation|p1a: Skeledirge\n|-damage|p1a: Skeledirge|32/294\n|move|p1a: Skeledirge|Slack Off|p1a: Skeledirge\n|-heal|p1a: Skeledirge|179/294\n|\n|upkeep\n|turn|13\n|inactive|Time left: 300 sec this turn | 300 sec total\n|\n|t:|1783565251\n|move|p2a: Wugtrio|Liquidation|p1a: Skeledirge\n|-damage|p1a: Skeledirge|32/294\n|move|p1a: Skeledirge|Hex|p2a: Wugtrio\n|-damage|p2a: Wugtrio|0 fnt\n|faint|p2a: Wugtrio\n|\n|upkeep\n|\n|t:|1783565252\n|switch|p2a: Ogerpon|Ogerpon-Cornerstone, L76, F|100/100\n|-damage|p2a: Ogerpon|88/100|[from] Stealth Rock\n|turn|14\n|inactive|Time left: 300 sec this turn | 300 sec total\n|\n|t:|1783565253\n|switch|p1a: Dialga|Dialga, L73|266/266\n|-ability|p1a: Dialga|Pressure\n|move|p2a: Ogerpon|Ivy Cudgel|p1a: Dialga|[anim] Ivy Cudgel Rock\n|-resisted|p1a: Dialga\n|-damage|p1a: Dialga|212/266\n|\n|upkeep\n|turn|15\n|inactive|Time left: 300 sec this turn | 300 sec total\n|\n|t:|1783565255\n|switch|p2a: Iron Hands|Iron Hands, L79|31/100\n|-damage|p2a: Iron Hands|24/100|[from] Stealth Rock\n|move|p1a: Dialga|Heavy Slam|p2a: Iron Hands\n|-resisted|p2a: Iron Hands\n|-damage|p2a: Iron Hands|19/100\n|\n|-heal|p2a: Iron Hands|25/100|[from] item: Leftovers\n|upkeep\n|turn|16\n|inactive|Time left: 300 sec this turn | 300 sec total\n|\n|t:|1783565256\n|move|p1a: Dialga|Fire Blast|p2a: Iron Hands\n|-damage|p2a: Iron Hands|0 fnt\n|faint|p2a: Iron Hands\n|-end|p2a: Iron Hands|Quark Drive|[silent]\n|\n|upkeep\n|\n|t:|1783565257\n|switch|p2a: Gothitelle|Gothitelle, L90, M|100/100\n|-damage|p2a: Gothitelle|88/100|[from] Stealth Rock\n|turn|17\n|inactive|Time left: 300 sec this turn | 300 sec total\n|\n|t:|1783565258\n|move|p2a: Gothitelle|Focus Blast|p1a: Dialga\n|-supereffective|p1a: Dialga\n|-damage|p1a: Dialga|84/266\n|move|p1a: Dialga|Heavy Slam|p2a: Gothitelle\n|-damage|p2a: Gothitelle|48/100\n|\n|upkeep\n|turn|18\n|inactive|Time left: 300 sec this turn | 300 sec total\n|\n|t:|1783565259\n|move|p2a: Gothitelle|Focus Blast|p1a: Dialga\n|-supereffective|p1a: Dialga\n|-damage|p1a: Dialga|0 fnt\n|faint|p1a: Dialga\n|\n|upkeep\n|inactive|Time left: 300 sec this turn | 300 sec total | 5 sec grace\n|\n|t:|1783565260\n|switch|p1a: Amoonguss|Amoonguss, L82, M|158/321\n|turn|19\n|inactive|Time left: 300 sec this turn | 300 sec total\n|\n|t:|1783565261\n|move|p2a: Gothitelle|Focus Blast|p1a: Amoonguss\n|-resisted|p1a: Amoonguss\n|-damage|p1a: Amoonguss|107/321\n|move|p1a: Amoonguss|Sludge Bomb|p2a: Gothitelle\n|-damage|p2a: Gothitelle|25/100\n|-status|p2a: Gothitelle|psn\n|\n|-damage|p2a: Gothitelle|12/100 psn|[from] psn\n|upkeep\n|turn|20\n|inactive|Time left: 300 sec this turn | 300 sec total\n|\n|t:|1783565263\n|move|p2a: Gothitelle|Focus Blast|p1a: Amoonguss|[miss]\n|-miss|p2a: Gothitelle|p1a: Amoonguss\n|move|p1a: Amoonguss|Sludge Bomb|p2a: Gothitelle\n|-damage|p2a: Gothitelle|0 fnt\n|faint|p2a: Gothitelle\n|\n|upkeep\n|\n|t:|1783565264\n|switch|p2a: Ogerpon|Ogerpon-Cornerstone, L76, F|88/100\n|-damage|p2a: Ogerpon|76/100|[from] Stealth Rock\n|turn|21\n|inactive|Time left: 300 sec this turn | 300 sec total\n|\n|t:|1783565265\n|switch|p1a: Skeledirge|Skeledirge, L79, F, tera:Fairy|32/294\n|move|p2a: Ogerpon|Ivy Cudgel|p1a: Skeledirge|[anim] Ivy Cudgel Rock\n|-damage|p1a: Skeledirge|0 fnt\n|faint|p1a: Skeledirge\n|\n|upkeep\n|inactive|Time left: 300 sec this turn | 300 sec total | 5 sec grace\n|\n|t:|1783565266\n|switch|p1a: Amoonguss|Amoonguss, L82, M|214/321\n|turn|22\n|inactive|Time left: 300 sec this turn | 300 sec total\n|\n|t:|1783565267\n|move|p2a: Ogerpon|Ivy Cudgel|p1a: Amoonguss|[anim] Ivy Cudgel Rock\n|-crit|p1a: Amoonguss\n|-damage|p1a: Amoonguss|0 fnt\n|faint|p1a: Amoonguss\n|\n|upkeep\n|inactive|Time left: 300 sec this turn | 300 sec total | 5 sec grace\n|\n|t:|1783565268\n|switch|p1a: Noivern|Noivern, L82, M|274/274\n|turn|23\n|inactive|Time left: 300 sec this turn | 300 sec total\n|\n|t:|1783565268\n|-terastallize|p2a: Ogerpon|Rock\n|detailschange|p2a: Ogerpon|Ogerpon-Cornerstone-Tera, L76, F, tera:Rock\n|-ability|p2a: Ogerpon|Embody Aspect (Cornerstone)|boost\n|-boost|p2a: Ogerpon|def|1\n|move|p1a: Noivern|Hurricane|p2a: Ogerpon\n|-resisted|p2a: Ogerpon\n|-damage|p2a: Ogerpon|54/100\n|move|p2a: Ogerpon|Ivy Cudgel|p1a: Noivern|[anim] Ivy Cudgel Rock\n|-supereffective|p1a: Noivern\n|-damage|p1a: Noivern|0 fnt\n|faint|p1a: Noivern\n|\n|upkeep\n|inactive|Time left: 300 sec this turn | 300 sec total | 5 sec grace\n|\n|t:|1783565269\n|switch|p1a: Magcargo|Magcargo, L95, F|40/268\n|turn|24\n|inactive|Time left: 300 sec this turn | 300 sec total\n|\n|t:|1783565270\n|move|p2a: Ogerpon|Ivy Cudgel|p1a: Magcargo|[anim] Ivy Cudgel Rock\n|-supereffective|p1a: Magcargo\n|-damage|p1a: Magcargo|0 fnt\n|faint|p1a: Magcargo\n|\n|win|p0y2259e46c", "uploadtime": 1783565270, "views": 0, "rating": 0, "private": 0, "password": null, "_winner": "p0y2259e46c", "_our_name": "p0x2259d163"}