{"id": "battle-gen9randombattle-2983", "formatid": "gen9randombattle", "format": "[Gen 9] Random Battle", "players": ["p0x2983b200", "p0y29831f3a"], "log": "|init|battle\n|title|p0x2983b200 vs. p0y29831f3a\n|j|\u2606p0x2983b200\n|j|\u2606p0y29831f3a\n|t:|1783574337\n|gametype|singles\n|player|p1|p0x2983b200|1|\n|player|p2|p0y29831f3a|101|\n|gen|9\n|tier|[Gen 9] Random Battle\n|rule|Species Clause: Limit one of each Pok\u00e9mon\n|rule|HP Percentage Mod: HP is shown in percentages\n|rule|Sleep Clause Mod: Limit one foe put to sleep\n|rule|Illusion Level Mod: Illusion disguises the Pok\u00e9mon's true level\n|\n|t:|1783574337\n|teamsize|p1|6\n|teamsize|p2|6\n|start\n|switch|p1a: Mesprit|Mesprit, L85|100/100\n|switch|p2a: Florges|Florges-Yellow, L85, F|271/271\n|turn|1\n|inactive|Battle timer is ON: inactive players will automatically lose when time's up. (requested by p0x2983b200)\n|inactive|Time left: 300 sec this turn | 300 sec total | 60 sec grace\n|\n|t:|1783574339\n|move|p1a: Mesprit|Knock Off|p2a: Florges\n|-resisted|p2a: Florges\n|-damage|p2a: Florges|223/271\n|-enditem|p2a: Florges|Leftovers|[from] move: Knock Off|[of] p1a: Mesprit\n|move|p2a: Florges|Moonblast|p1a: Mesprit\n|-damage|p1a: Mesprit|67/100\n|\n|-heal|p1a: Mesprit|73/100|[from] item: Leftovers\n|upkeep\n|turn|2\n|inactive|Time left: 300 sec this turn | 300 sec total\n|inactive|p0y29831f3a also wants the timer to be on.\n|\n|t:|1783574340\n|move|p1a: Mesprit|Psychic Noise|p2a: Florges\n|-damage|p2a: Florges|168/271\n|-start|p2a: Florges|move: Heal Block\n|move|p2a: Florges|Moonblast|p1a: Mesprit\n|-damage|p1a: Mesprit|35/100\n|\n|-heal|p1a: Mesprit|41/100|[from] item: Leftovers\n|upkeep\n|turn|3\n|inactive|Time left: 300 sec this turn | 300 sec total\n|\n|t:|1783574342\n|move|p1a: Mesprit|Psychic Noise|p2a: Florges\n|-damage|p2a: Florges|117/271\n|move|p2a: Florges|Moonblast|p1a: Mesprit\n|-damage|p1a: Mesprit|4/100\n|-unboost|p1a: Mesprit|spa|1\n|\n|-heal|p1a: Mesprit|11/100|[from] item: Leftovers\n|-end|p2a: Florges|move: Heal Block\n|upkeep\n|turn|4\n|inactive|Time left: 300 sec this turn | 300 sec total\n|\n|t:|1783574343\n|move|p1a: Mesprit|Thunder Wave|p2a: Florges\n|-status|p2a: Florges|par\n|move|p2a: Florges|Moonblast|p1a: Mesprit\n|-damage|p1a: Mesprit|0 fnt\n|faint|p1a: Mesprit\n|\n|upkeep\n|\n|t:|1783574344\n|switch|p1a: Ogerpon|Ogerpon-Wellspring, L76, F|100/100\n|turn|5\n|inactive|Time left: 300 sec this turn | 300 sec total\n|\n|t:|1783574345\n|move|p1a: Ogerpon|Ivy Cudgel|p2a: Florges|[anim] Ivy Cudgel Water\n|-crit|p2a: Florges\n|-damage|p2a: Florges|0 fnt\n|faint|p2a: Florges\n|\n|upkeep\n|inactive|Time left: 300 sec this turn | 300 sec total | 5 sec grace\n|\n|t:|1783574346\n|switch|p2a: Kilowattrel|Kilowattrel, L83, M|252/252\n|turn|6\n|inactive|Time left: 300 sec this turn | 300 sec total\n|\n|t:|1783574347\n|move|p2a: Kilowattrel|Hurricane|p1a: Ogerpon|[miss]\n|-miss|p2a: Kilowattrel|p1a: Ogerpon\n|move|p1a: Ogerpon|Ivy Cudgel|p2a: Kilowattrel|[anim] Ivy Cudgel Water\n|-damage|p2a: Kilowattrel|84/252\n|\n|upkeep\n|turn|7\n|inactive|Time left: 300 sec this turn | 300 sec total\n|\n|t:|1783574348\n|move|p2a: Kilowattrel|Hurricane|p1a: Ogerpon|[miss]\n|-miss|p2a: Kilowattrel|p1a: Ogerpon\n|move|p1a: Ogerpon|Ivy Cudgel|p2a: Kilowattrel|[anim] Ivy Cudgel Water\n|-damage|p2a: Kilowattrel|0 fnt\n|faint|p2a: Kilowattrel\n|\n|upkeep\n|inactive|Time left: 300 sec this turn | 300 sec total | 5 sec grace\n|\n|t:|1783574349\n|switch|p2a: Hippowdon|Hippowdon, L82, F|311/311\n|-weather|Sandstorm|[from] ability: Sand Stream|[of] p2a: Hippowdon\n|turn|8\n|inactive|Time left: 300 sec this turn | 300 sec total\n|\n|t:|1783574350\n|move|p1a: Ogerpon|Ivy Cudgel|p2a: Hippowdon|[anim] Ivy Cudgel Water\n|-supereffective|p2a: Hippowdon\n|-damage|p2a: Hippowdon|111/311\n|move|p2a: Hippowdon|Stealth Rock|p1a: Ogerpon\n|-sidestart|p1: p0x2983b200|move: Stealth Rock\n|\n|-weather|Sandstorm|[upkeep]\n|-damage|p1a: Ogerpon|94/100|[from] Sandstorm\n|upkeep\n|turn|9\n|inactive|Time left: 300 sec this turn | 300 sec total\n|\n|t:|1783574351\n|-terastallize|p2a: Hippowdon|Steel\n|move|p1a: Ogerpon|Ivy Cudgel|p2a: Hippowdon|[anim] Ivy Cudgel Water\n|-damage|p2a: Hippowdon|2/311\n|move|p2a: Hippowdon|Slack Off|p2a: Hippowdon\n|-heal|p2a: Hippowdon|158/311\n|\n|-weather|Sandstorm|[upkeep]\n|-damage|p1a: Ogerpon|88/100|[from] Sandstorm\n|upkeep\n|turn|10\n|inactive|Time left: 300 sec this turn | 300 sec total\n|\n|t:|1783574352\n|move|p1a: Ogerpon|Ivy Cudgel|p2a: Hippowdon|[anim] Ivy Cudgel Water\n|-damage|p2a: Hippowdon|61/311\n|move|p2a: Hippowdon|Slack Off|p2a: Hippowdon\n|-heal|p2a: Hippowdon|217/311\n|\n|-weather|Sandstorm|[upkeep]\n|-damage|p1a: Ogerpon|82/100|[from] Sandstorm\n|upkeep\n|turn|11\n|inactive|Time left: 300 sec this turn | 300 sec total\n|\n|t:|1783574353\n|move|p1a: Ogerpon|Ivy Cudgel|p2a: Hippowdon|[anim] Ivy Cudgel Water\n|-damage|p2a: Hippowdon|120/311\n|move|p2a: Hippowdon|Slack Off|p2a: Hippowdon\n|-heal|p2a: Hippowdon|276/311\n|\n|-weather|Sandstorm|[upkeep]\n|-damage|p1a: Ogerpon|76/100|[from] Sandstorm\n|upkeep\n|turn|12\n|inactive|Time left: 300 sec this turn | 300 sec total\n|\n|t:|1783574354\n|move|p1a: Ogerpon|Ivy Cudgel|p2a: Hippowdon|[anim] Ivy Cudgel Water\n|-crit|p2a: Hippowdon\n|-damage|p2a: Hippowdon|119/311\n|move|p2a: Hippowdon|Earthquake|p1a: Ogerpon\n|-resisted|p1a: Ogerpon\n|-damage|p1a: Ogerpon|52/100\n|\n|-weather|none\n|upkeep\n|turn|13\n|inactive|Time left: 300 sec this turn | 300 sec total\n|\n|t:|1783574355\n|-terastallize|p1a: Ogerpon|Water\n|detailschange|p1a: Ogerpon|Ogerpon-Wellspring-Tera, L76, F, tera:Water\n|-ability|p1a: Ogerpon|Embody Aspect (Wellspring)|boost\n|-boost|p1a: Ogerpon|spd|1\n|move|p1a: Ogerpon|Ivy Cudgel|p2a: Hippowdon|[anim] Ivy Cudgel Water\n|-crit|p2a: Hippowdon\n|-damage|p2a: Hippowdon|0 fnt\n|faint|p2a: Hippowdon\n|\n|upkeep\n|inactive|Time left: 300 sec this turn | 300 sec total | 5 sec grace\n|\n|t:|1783574356\n|switch|p2a: Lumineon|Lumineon, L93, M|279/279\n|turn|14\n|inactive|Time left: 300 sec this turn | 300 sec total\n|\n|t:|1783574357\n|move|p2a: Lumineon|Encore|p1a: Ogerpon\n|-start|p1a: Ogerpon|Encore\n|move|p1a: Ogerpon|Ivy Cudgel|p2a: Lumineon|[anim] Ivy Cudgel Water\n|-ability|p2a: Lumineon|Storm Drain|boost\n|-boost|p2a: Lumineon|spa|1\n|\n|upkeep\n|turn|15\n|inactive|Time left: 300 sec this turn | 300 sec total\n|\n|t:|1783574358\n|switch|p1a: Tentacruel|Tentacruel, L84, M|100/100\n|-damage|p1a: Tentacruel|88/100|[from] Stealth Rock\n|move|p2a: Lumineon|Hydro Pump|p1a: Tentacruel\n|-resisted|p1a: Tentacruel\n|-damage|p1a: Tentacruel|62/100\n|\n|-heal|p1a: Tentacruel|69/100|[from] item: Leftovers\n|upkeep\n|turn|16\n|inactive|Time left: 300 sec this turn | 300 sec total\n|\n|t:|1783574359\n|move|p2a: Lumineon|Ice Beam|p1a: Tentacruel\n|-resisted|p1a: Tentacruel\n|-damage|p1a: Tentacruel|56/100\n|move|p1a: Tentacruel|Rapid Spin|p2a: Lumineon\n|-damage|p2a: Lumineon|249/279\n|-boost|p1a: Tentacruel|spe|1\n|-sideend|p1: p0x2983b200|Stealth Rock|[from] move: Rapid Spin|[of] p1a: Tentacruel\n|\n|-heal|p1a: Tentacruel|62/100|[from] item: Leftovers\n|upkeep\n|turn|17\n|inactive|Time left: 300 sec this turn | 300 sec total\n|\n|t:|1783574361\n|move|p1a: Tentacruel|Sludge Bomb|p2a: Lumineon\n|-damage|p2a: Lumineon|177/279\n|move|p2a: Lumineon|Hydro Pump|p1a: Tentacruel\n|-resisted|p1a: Tentacruel\n|-damage|p1a: Tentacruel|39/100\n|\n|-heal|p1a: Tentacruel|46/100|[from] item: Leftovers\n|upkeep\n|turn|18\n|inactive|Time left: 300 sec this turn | 300 sec total\n|\n|t:|1783574362\n|move|p1a: Tentacruel|Sludge Bomb|p2a: Lumineon\n|-damage|p2a: Lumineon|99/279\n|move|p2a: Lumineon|Hydro Pump|p1a: Tentacruel\n|-resisted|p1a: Tentacruel\n|-damage|p1a: Tentacruel|24/100\n|\n|-heal|p1a: Tentacruel|30/100|[from] item: Leftovers\n|upkeep\n|turn|19\n|inactive|Time left: 300 sec this turn | 300 sec total\n|\n|t:|1783574362\n|move|p1a: Tentacruel|Sludge Bomb|p2a: Lumineon\n|-damage|p2a: Lumineon|26/279\n|move|p2a: Lumineon|U-turn|p1a: Tentacruel\n|-resisted|p1a: Tentacruel\n|-damage|p1a: Tentacruel|19/100\n|inactive|Time left: 300 sec this turn | 300 sec total | 5 sec grace\n|\n|t:|1783574363\n|switch|p2a: Dewgong|Dewgong, L94, M|322/322|[from] U-turn\n|\n|-heal|p1a: Tentacruel|25/100|[from] item: Leftovers\n|upkeep\n|turn|20\n|inactive|Time left: 300 sec this turn | 300 sec total\n|\n|t:|1783574364\n|move|p1a: Tentacruel|Sludge Bomb|p2a: Dewgong\n|-damage|p2a: Dewgong|274/322\n|move|p2a: Dewgong|Triple Axel|p1a: Tentacruel\n|-resisted|p1a: Tentacruel\n|-damage|p1a: Tentacruel|20/100\n|-resisted|p1a: Tentacruel\n|-damage|p1a: Tentacruel|10/100\n|-resisted|p1a: Tentacruel\n|-damage|p1a: Tentacruel|0 fnt\n|faint|p1a: Tentacruel\n|-hitcount|p1: Tentacruel|3\n|\n|upkeep\n|\n|t:|1783574365\n|switch|p1a: Ogerpon|Ogerpon-Wellspring-Tera, L76, F, tera:Water|52/100\n|-ability|p1a: Ogerpon|Embody Aspect (Wellspring)|boost\n|-boost|p1a: Ogerpon|spd|1\n|turn|21\n|inactive|Time left: 300 sec this turn | 300 sec total\n|\n|t:|1783574366\n|switch|p2a: Lumineon|Lumineon, L93, M|26/279\n|move|p1a: Ogerpon|Synthesis|p1a: Ogerpon\n|-heal|p1a: Ogerpon|100/100\n|\n|upkeep\n|turn|22\n|inactive|Time left: 300 sec this turn | 300 sec total\n|\n|t:|1783574366\n|move|p2a: Lumineon|Encore|p1a: Ogerpon\n|-start|p1a: Ogerpon|Encore\n|move|p1a: Ogerpon|Synthesis|p1a: Ogerpon\n|-fail|p1a: Ogerpon|heal\n|\n|upkeep\n|turn|23\n|inactive|Time left: 300 sec this turn | 300 sec total\n|\n|t:|1783574367\n|switch|p1a: Munkidori|Munkidori, L79, M|100/100\n|move|p2a: Lumineon|Hydro Pump|p1a: Munkidori\n|-damage|p1a: Munkidori|69/100\n|\n|upkeep\n|turn|24\n|inactive|Time left: 300 sec this turn | 300 sec total\n|\n|t:|1783574368\n|move|p2a: Lumineon|Ice Beam|p1a: Munkidori\n|-damage|p1a: Munkidori|52/100\n|move|p1a: Munkidori|U-turn|p2a: Lumineon\n|-damage|p2a: Lumineon|0 fnt\n|faint|p2a: Lumineon\n|\n|t:|1783574369\n|switch|p1a: Ogerpon|Ogerpon-Wellspring-Tera, L76, F, tera:Water|100/100|[from] U-turn\n|-ability|p1a: Ogerpon|Embody Aspect (Wellspring)|boost\n|-boost|p1a: Ogerpon|spd|1\n|\n|upkeep\n|inactive|Time left: 300 sec this turn | 300 sec total | 10 sec grace\n|\n|t:|1783574370\n|switch|p2a: Dewgong|Dewgong, L94, M|274/322\n|turn|25\n|inactive|Time left: 300 sec this turn | 300 sec total\n|\n|t:|1783574371\n|switch|p2a: Typhlosion|Typhlosion-Hisui, L83, F|257/257\n|move|p1a: Ogerpon|Wood Hammer|p2a: Typhlosion\n|-resisted|p2a: Typhlosion\n|-damage|p2a: Typhlosion|179/257\n|-damage|p1a: Ogerpon|90/100|[from] Recoil\n|\n|upkeep\n|turn|26\n|inactive|Time left: 300 sec this turn | 300 sec total\n|\n|t:|1783574372\n|switch|p2a: Dewgong|Dewgong, L94, M|274/322\n|move|p1a: Ogerpon|Ivy Cudgel|p2a: Dewgong|[anim] Ivy Cudgel Water\n|-resisted|p2a: Dewgong\n|-crit|p2a: Dewgong\n|-damage|p2a: Dewgong|152/322\n|\n|upkeep\n|turn|27\n|inactive|Time left: 300 sec this turn | 300 sec total\n|\n|t:|1783574373\n|switch|p2a: Typhlosion|Typhlosion-Hisui, L83, F|179/257\n|move|p1a: Ogerpon|Wood Hammer|p2a: Typhlosion\n|-resisted|p2a: Typhlosion\n|-damage|p2a: Typhlosion|98/257\n|-damage|p1a: Ogerpon|79/100|[from] Recoil\n|\n|upkeep\n|turn|28\n|inactive|Time left: 300 sec this turn | 300 sec total\n|\n|t:|1783574374\n|switch|p2a: Dewgong|Dewgong, L94, M|152/322\n|move|p1a: Ogerpon|Ivy Cudgel|p2a: Dewgong|[anim] Ivy Cudgel Water\n|-resisted|p2a: Dewgong\n|-damage|p2a: Dewgong|77/322\n|\n|upkeep\n|turn|29\n|inactive|Time left: 300 sec this turn | 300 sec total\n|\n|t:|1783574375\n|move|p1a: Ogerpon|Ivy Cudgel|p2a: Dewgong|[anim] Ivy Cudgel Water\n|-resisted|p2a: Dewgong\n|-damage|p2a: Dewgong|0 fnt\n|faint|p2a: Dewgong\n|\n|upkeep\n|inactive|Time left: 300 sec this turn | 300 sec total | 5 sec grace\n|\n|t:|1783574376\n|switch|p2a: Typhlosion|Typhlosion-Hisui, L83, F|98/257\n|turn|30\n|inactive|Time left: 300 sec this turn | 300 sec total\n|\n|t:|1783574377\n|move|p1a: Ogerpon|Ivy Cudgel|p2a: Typhlosion|[anim] Ivy Cudgel Water\n|-supereffective|p2a: Typhlosion\n|-damage|p2a: Typhlosion|0 fnt\n|faint|p2a: Typhlosion\n|\n|win|p0x2983b200", "uploadtime": 1783574377, "views": 0, "rating": 0, "private": 0, "password": null, "_winner": "p0x2983b200", "_our_name": "p0y29831f3a"}