{"id": "battle-gen9randombattle-1843", "formatid": "gen9randombattle", "format": "[Gen 9] Random Battle", "players": ["p0x18438213", "p0y184303b8"], "log": "|init|battle\n|title|p0x18438213 vs. p0y184303b8\n|j|\u2606p0x18438213\n|j|\u2606p0y184303b8\n|t:|1783561333\n|gametype|singles\n|player|p1|p0x18438213|266|\n|player|p2|p0y184303b8|102|\n|gen|9\n|tier|[Gen 9] Random Battle\n|rule|Species Clause: Limit one of each Pok\u00e9mon\n|rule|HP Percentage Mod: HP is shown in percentages\n|rule|Sleep Clause Mod: Limit one foe put to sleep\n|rule|Illusion Level Mod: Illusion disguises the Pok\u00e9mon's true level\n|\n|t:|1783561333\n|teamsize|p1|6\n|teamsize|p2|6\n|start\n|switch|p1a: Oricorio|Oricorio, L84, F|263/263\n|switch|p2a: Arcanine|Arcanine-Hisui, L79, M|100/100\n|turn|1\n|inactive|Battle timer is ON: inactive players will automatically lose when time's up. (requested by p0y184303b8)\n|inactive|Time left: 300 sec this turn | 300 sec total | 60 sec grace\n|inactive|p0x18438213 also wants the timer to be on.\n|\n|t:|1783561335\n|-terastallize|p1a: Oricorio|Ground\n|move|p1a: Oricorio|Revelation Dance|p2a: Arcanine\n|-supereffective|p2a: Arcanine\n|-damage|p2a: Arcanine|0 fnt\n|faint|p2a: Arcanine\n|\n|upkeep\n|\n|t:|1783561336\n|switch|p2a: Basculin|Basculin, L86, M|100/100\n|turn|2\n|inactive|Time left: 300 sec this turn | 300 sec total\n|\n|t:|1783561337\n|switch|p1a: Dondozo|Dondozo, L78, M|362/362\n|move|p2a: Basculin|Wave Crash|p1a: Dondozo\n|-resisted|p1a: Dondozo\n|-damage|p1a: Dondozo|248/362\n|-damage|p2a: Basculin|86/100|[from] Recoil\n|\n|-heal|p1a: Dondozo|270/362|[from] item: Leftovers\n|upkeep\n|turn|3\n|inactive|Time left: 300 sec this turn | 300 sec total\n|\n|t:|1783561338\n|move|p2a: Basculin|Wave Crash|p1a: Dondozo\n|-resisted|p1a: Dondozo\n|-damage|p1a: Dondozo|164/362\n|-damage|p2a: Basculin|73/100|[from] Recoil\n|move|p1a: Dondozo|Wave Crash|p2a: Basculin\n|-resisted|p2a: Basculin\n|-damage|p2a: Basculin|46/100\n|-damage|p1a: Dondozo|141/362|[from] Recoil\n|\n|-heal|p1a: Dondozo|163/362|[from] item: Leftovers\n|upkeep\n|turn|4\n|inactive|Time left: 300 sec this turn | 300 sec total\n|\n|t:|1783561339\n|move|p2a: Basculin|Wave Crash|p1a: Dondozo\n|-resisted|p1a: Dondozo\n|-damage|p1a: Dondozo|42/362\n|-damage|p2a: Basculin|31/100|[from] Recoil\n|move|p1a: Dondozo|Rest|p1a: Dondozo\n|-status|p1a: Dondozo|slp|[from] move: Rest\n|-heal|p1a: Dondozo|362/362 slp|[silent]\n|\n|upkeep\n|turn|5\n|inactive|Time left: 300 sec this turn | 300 sec total\n|\n|t:|1783561340\n|switch|p2a: Sunflora|Sunflora, F|100/100\n|cant|p1a: Dondozo|slp\n|move|p1a: Dondozo|Sleep Talk|p1a: Dondozo\n|move|p1a: Dondozo|Curse|p1a: Dondozo|[from] move: Sleep Talk\n|-unboost|p1a: Dondozo|spe|1\n|-boost|p1a: Dondozo|atk|1\n|-boost|p1a: Dondozo|def|1\n|\n|upkeep\n|turn|6\n|inactive|Time left: 300 sec this turn | 300 sec total\n|\n|t:|1783561341\n|switch|p1a: Farigiraf|Farigiraf, L90, M|362/362\n|move|p2a: Sunflora|Leaf Storm|p1a: Farigiraf\n|-ability|p1a: Farigiraf|Sap Sipper|boost\n|-boost|p1a: Farigiraf|atk|1\n|\n|upkeep\n|turn|7\n|inactive|Time left: 300 sec this turn | 300 sec total\n|\n|t:|1783561343\n|switch|p2a: Archaludon|Archaludon, L78, M|100/100\n|move|p1a: Farigiraf|Body Slam|p2a: Archaludon\n|-resisted|p2a: Archaludon\n|-damage|p2a: Archaludon|79/100\n|-status|p2a: Archaludon|par\n|-ability|p2a: Archaludon|Stamina|boost\n|-boost|p2a: Archaludon|def|1\n|\n|-heal|p2a: Archaludon|85/100 par|[from] item: Leftovers\n|upkeep\n|turn|8\n|inactive|Time left: 300 sec this turn | 300 sec total\n|\n|t:|1783561344\n|move|p1a: Farigiraf|Psychic Noise|p2a: Archaludon\n|-resisted|p2a: Archaludon\n|-damage|p2a: Archaludon|58/100 par\n|-start|p2a: Archaludon|move: Heal Block\n|-ability|p2a: Archaludon|Stamina|boost\n|-boost|p2a: Archaludon|def|1\n|move|p2a: Archaludon|Body Press|p1a: Farigiraf\n|-damage|p1a: Farigiraf|236/362\n|\n|-heal|p1a: Farigiraf|258/362|[from] item: Leftovers\n|upkeep\n|turn|9\n|inactive|Time left: 300 sec this turn | 300 sec total\n|\n|t:|1783561345\n|move|p1a: Farigiraf|Psychic Noise|p2a: Archaludon\n|-resisted|p2a: Archaludon\n|-damage|p2a: Archaludon|34/100 par\n|-ability|p2a: Archaludon|Stamina|boost\n|-boost|p2a: Archaludon|def|1\n|move|p2a: Archaludon|Flash Cannon|p1a: Farigiraf\n|-damage|p1a: Farigiraf|161/362\n|\n|-heal|p1a: Farigiraf|183/362|[from] item: Leftovers\n|-end|p2a: Archaludon|move: Heal Block\n|upkeep\n|turn|10\n|inactive|Time left: 300 sec this turn | 300 sec total\n|\n|t:|1783561346\n|move|p1a: Farigiraf|Psychic Noise|p2a: Archaludon\n|-resisted|p2a: Archaludon\n|-damage|p2a: Archaludon|7/100 par\n|-start|p2a: Archaludon|move: Heal Block\n|-ability|p2a: Archaludon|Stamina|boost\n|-boost|p2a: Archaludon|def|1\n|cant|p2a: Archaludon|par\n|\n|-heal|p1a: Farigiraf|205/362|[from] item: Leftovers\n|upkeep\n|turn|11\n|inactive|Time left: 300 sec this turn | 300 sec total\n|\n|t:|1783561347\n|move|p1a: Farigiraf|Psychic Noise|p2a: Archaludon\n|-resisted|p2a: Archaludon\n|-damage|p2a: Archaludon|0 fnt\n|faint|p2a: Archaludon\n|\n|-heal|p1a: Farigiraf|227/362|[from] item: Leftovers\n|upkeep\n|\n|t:|1783561348\n|switch|p2a: Basculin|Basculin, L86, M|31/100\n|turn|12\n|inactive|Time left: 300 sec this turn | 300 sec total\n|\n|t:|1783561348\n|move|p1a: Farigiraf|Protect|p1a: Farigiraf\n|-singleturn|p1a: Farigiraf|Protect\n|move|p2a: Basculin|Wave Crash|p1a: Farigiraf\n|-activate|p1a: Farigiraf|move: Protect\n|\n|-heal|p1a: Farigiraf|249/362|[from] item: Leftovers\n|upkeep\n|turn|13\n|inactive|Time left: 300 sec this turn | 300 sec total\n|\n|t:|1783561349\n|switch|p1a: Dondozo|Dondozo, L78, M|362/362 slp\n|move|p2a: Basculin|Wave Crash|p1a: Dondozo\n|-resisted|p1a: Dondozo\n|-damage|p1a: Dondozo|249/362 slp\n|-damage|p2a: Basculin|17/100|[from] Recoil\n|\n|-heal|p1a: Dondozo|271/362 slp|[from] item: Leftovers\n|upkeep\n|turn|14\n|inactive|Time left: 300 sec this turn | 300 sec total\n|\n|t:|1783561350\n|switch|p2a: Sunflora|Sunflora, F|100/100\n|cant|p1a: Dondozo|slp\n|move|p1a: Dondozo|Sleep Talk|p1a: Dondozo\n|move|p1a: Dondozo|Wave Crash|p2a: Sunflora|[from] move: Sleep Talk\n|-resisted|p2a: Sunflora\n|-damage|p2a: Sunflora|78/100\n|-damage|p1a: Dondozo|248/362 slp|[from] Recoil\n|\n|-heal|p1a: Dondozo|270/362 slp|[from] item: Leftovers\n|upkeep\n|turn|15\n|inactive|Time left: 300 sec this turn | 300 sec total\n|\n|t:|1783561351\n|move|p2a: Sunflora|Earth Power|p1a: Dondozo\n|-damage|p1a: Dondozo|78/362 slp\n|-curestatus|p1a: Dondozo|slp|[msg]\n|move|p1a: Dondozo|Rest|p1a: Dondozo\n|-status|p1a: Dondozo|slp|[from] move: Rest\n|-heal|p1a: Dondozo|362/362 slp|[silent]\n|\n|upkeep\n|turn|16\n|inactive|Time left: 300 sec this turn | 300 sec total\n|\n|t:|1783561352\n|switch|p1a: Hydreigon|Hydreigon, L79, M|275/275\n|move|p2a: Sunflora|Earth Power|p1a: Hydreigon\n|-immune|p1a: Hydreigon|[from] ability: Levitate\n|\n|upkeep\n|turn|17\n|inactive|Time left: 300 sec this turn | 300 sec total\n|\n|t:|1783561353\n|switch|p2a: Basculin|Basculin, L86, M|17/100\n|move|p1a: Hydreigon|Dark Pulse|p2a: Basculin\n|-damage|p2a: Basculin|0 fnt\n|faint|p2a: Basculin\n|\n|upkeep\n|\n|t:|1783561354\n|switch|p2a: Sunflora|Sunflora, F|78/100\n|turn|18\n|inactive|Time left: 300 sec this turn | 300 sec total\n|\n|t:|1783561355\n|move|p1a: Hydreigon|Dark Pulse|p2a: Sunflora\n|-damage|p2a: Sunflora|42/100\n|move|p2a: Sunflora|Dazzling Gleam|p1a: Hydreigon\n|-supereffective|p1a: Hydreigon\n|-damage|p1a: Hydreigon|0 fnt\n|faint|p1a: Hydreigon\n|\n|upkeep\n|inactive|Time left: 300 sec this turn | 300 sec total | 5 sec grace\n|\n|t:|1783561356\n|switch|p1a: Bruxish|Bruxish, L85, F|254/254\n|turn|19\n|inactive|Time left: 300 sec this turn | 300 sec total\n|\n|t:|1783561356\n|move|p1a: Bruxish|Psychic Fangs|p2a: Sunflora\n|-damage|p2a: Sunflora|0 fnt\n|faint|p2a: Sunflora\n|-damage|p1a: Bruxish|229/254|[from] item: Life Orb\n|\n|upkeep\n|\n|t:|1783561357\n|switch|p2a: Maushold|Maushold-Four, L76|100/100\n|turn|20\n|inactive|Time left: 300 sec this turn | 300 sec total\n|\n|t:|1783561358\n|switch|p1a: Brambleghast|Brambleghast, L88, M|240/240\n|move|p2a: Maushold|Population Bomb|p1a: Brambleghast\n|-immune|p1a: Brambleghast\n|\n|upkeep\n|turn|21\n|inactive|Time left: 300 sec this turn | 300 sec total\n|\n|t:|1783561359\n|move|p2a: Maushold|Tidy Up|p2a: Maushold\n|-boost|p2a: Maushold|atk|1\n|-boost|p2a: Maushold|spe|1\n|move|p1a: Brambleghast|Power Whip|p2a: Maushold\n|-damage|p2a: Maushold|8/100\n|\n|upkeep\n|turn|22\n|inactive|Time left: 300 sec this turn | 300 sec total\n|\n|t:|1783561360\n|move|p2a: Maushold|Bite|p1a: Brambleghast\n|-supereffective|p1a: Brambleghast\n|-damage|p1a: Brambleghast|100/240\n|cant|p1a: Brambleghast|flinch\n|\n|-heal|p1a: Brambleghast|115/240|[from] item: Leftovers\n|upkeep\n|turn|23\n|inactive|Time left: 300 sec this turn | 300 sec total\n|\n|t:|1783561361\n|move|p2a: Maushold|Bite|p1a: Brambleghast\n|-supereffective|p1a: Brambleghast\n|-damage|p1a: Brambleghast|0 fnt\n|faint|p1a: Brambleghast\n|\n|upkeep\n|inactive|Time left: 300 sec this turn | 300 sec total | 5 sec grace\n|\n|t:|1783561362\n|switch|p1a: Bruxish|Bruxish, L85, F|229/254\n|turn|24\n|inactive|Time left: 300 sec this turn | 300 sec total\n|\n|t:|1783561363\n|move|p1a: Bruxish|Aqua Jet|p2a: Maushold\n|-damage|p2a: Maushold|0 fnt\n|faint|p2a: Maushold\n|-damage|p1a: Bruxish|204/254|[from] item: Life Orb\n|\n|upkeep\n|\n|t:|1783561364\n|switch|p2a: Sinistcha|Sinistcha, L83|100/100\n|turn|25\n|inactive|Time left: 300 sec this turn | 300 sec total\n|\n|t:|1783561365\n|switch|p1a: Farigiraf|Farigiraf, L90, M|249/362\n|move|p2a: Sinistcha|Calm Mind|p2a: Sinistcha\n|-boost|p2a: Sinistcha|spa|1\n|-boost|p2a: Sinistcha|spd|1\n|\n|-heal|p1a: Farigiraf|271/362|[from] item: Leftovers\n|upkeep\n|turn|26\n|inactive|Time left: 300 sec this turn | 300 sec total\n|\n|t:|1783561366\n|move|p2a: Sinistcha|Calm Mind|p2a: Sinistcha\n|-boost|p2a: Sinistcha|spa|1\n|-boost|p2a: Sinistcha|spd|1\n|move|p1a: Farigiraf|Psychic Noise|p2a: Sinistcha\n|-damage|p2a: Sinistcha|78/100\n|-start|p2a: Sinistcha|move: Heal Block\n|\n|-heal|p1a: Farigiraf|293/362|[from] item: Leftovers\n|upkeep\n|turn|27\n|inactive|Time left: 300 sec this turn | 300 sec total\n|\n|t:|1783561368\n|move|p2a: Sinistcha|Calm Mind|p2a: Sinistcha\n|-boost|p2a: Sinistcha|spa|1\n|-boost|p2a: Sinistcha|spd|1\n|move|p1a: Farigiraf|Psychic Noise|p2a: Sinistcha\n|-damage|p2a: Sinistcha|61/100\n|\n|-heal|p1a: Farigiraf|315/362|[from] item: Leftovers\n|-end|p2a: Sinistcha|move: Heal Block\n|upkeep\n|turn|28\n|inactive|Time left: 300 sec this turn | 300 sec total\n|\n|t:|1783561369\n|move|p2a: Sinistcha|Calm Mind|p2a: Sinistcha\n|-boost|p2a: Sinistcha|spa|1\n|-boost|p2a: Sinistcha|spd|1\n|move|p1a: Farigiraf|Psychic Noise|p2a: Sinistcha\n|-damage|p2a: Sinistcha|47/100\n|-start|p2a: Sinistcha|move: Heal Block\n|\n|-heal|p1a: Farigiraf|337/362|[from] item: Leftovers\n|upkeep\n|turn|29\n|inactive|Time left: 300 sec this turn | 300 sec total\n|\n|t:|1783561370\n|move|p2a: Sinistcha|Shadow Ball|p1a: Farigiraf\n|-immune|p1a: Farigiraf\n|move|p1a: Farigiraf|Psychic Noise|p2a: Sinistcha\n|-damage|p2a: Sinistcha|33/100\n|\n|-heal|p1a: Farigiraf|359/362|[from] item: Leftovers\n|-end|p2a: Sinistcha|move: Heal Block\n|upkeep\n|turn|30\n|inactive|Time left: 300 sec this turn | 300 sec total\n|\n|t:|1783561371\n|move|p2a: Sinistcha|Calm Mind|p2a: Sinistcha\n|-boost|p2a: Sinistcha|spa|1\n|-boost|p2a: Sinistcha|spd|1\n|move|p1a: Farigiraf|Psychic Noise|p2a: Sinistcha\n|-damage|p2a: Sinistcha|19/100\n|-start|p2a: Sinistcha|move: Heal Block\n|\n|-heal|p1a: Farigiraf|362/362|[from] item: Leftovers\n|upkeep\n|turn|31\n|inactive|Time left: 300 sec this turn | 300 sec total\n|\n|t:|1783561372\n|move|p2a: Sinistcha|Shadow Ball|p1a: Farigiraf\n|-immune|p1a: Farigiraf\n|move|p1a: Farigiraf|Psychic Noise|p2a: Sinistcha\n|-damage|p2a: Sinistcha|7/100\n|\n|-end|p2a: Sinistcha|move: Heal Block\n|upkeep\n|turn|32\n|inactive|Time left: 300 sec this turn | 300 sec total\n|\n|t:|1783561373\n|-terastallize|p2a: Sinistcha|Steel\n|move|p2a: Sinistcha|Matcha Gotcha|p1a: Farigiraf\n|-ability|p1a: Farigiraf|Sap Sipper|boost\n|-boost|p1a: Farigiraf|atk|1\n|move|p1a: Farigiraf|Psychic Noise|p2a: Sinistcha\n|-resisted|p2a: Sinistcha\n|-damage|p2a: Sinistcha|1/100\n|-start|p2a: Sinistcha|move: Heal Block\n|\n|upkeep\n|turn|33\n|inactive|Time left: 300 sec this turn | 300 sec total\n|\n|t:|1783561374\n|move|p2a: Sinistcha|Shadow Ball|p1a: Farigiraf\n|-immune|p1a: Farigiraf\n|move|p1a: Farigiraf|Psychic Noise|p2a: Sinistcha\n|-resisted|p2a: Sinistcha\n|-damage|p2a: Sinistcha|0 fnt\n|faint|p2a: Sinistcha\n|\n|win|p0x18438213", "uploadtime": 1783561374, "views": 0, "rating": 0, "private": 0, "password": null, "_winner": "p0x18438213", "_our_name": "p0x18438213"}