{"id": "battle-gen9randombattle-835", "formatid": "gen9randombattle", "format": "[Gen 9] Random Battle", "players": ["p0x8352a32", "p0y83530e8"], "log": "|init|battle\n|title|p0x8352a32 vs. p0y83530e8\n|j|\u2606p0x8352a32\n|j|\u2606p0y83530e8\n|t:|1783548828\n|gametype|singles\n|player|p1|p0x8352a32|102|\n|player|p2|p0y83530e8|2|\n|gen|9\n|tier|[Gen 9] Random Battle\n|rule|Species Clause: Limit one of each Pok\u00e9mon\n|rule|HP Percentage Mod: HP is shown in percentages\n|rule|Sleep Clause Mod: Limit one foe put to sleep\n|rule|Illusion Level Mod: Illusion disguises the Pok\u00e9mon's true level\n|\n|t:|1783548828\n|teamsize|p1|6\n|teamsize|p2|6\n|start\n|switch|p1a: Zapdos|Zapdos, L78|268/268\n|switch|p2a: Kommo-o|Kommo-o, L77, M|100/100\n|turn|1\n|inactive|Battle timer is ON: inactive players will automatically lose when time's up. (requested by p0y83530e8)\n|inactive|Time left: 300 sec this turn | 300 sec total | 60 sec grace\n|\n|t:|1783548830\n|move|p1a: Zapdos|Hurricane|p2a: Kommo-o\n|-supereffective|p2a: Kommo-o\n|-damage|p2a: Kommo-o|0 fnt\n|faint|p2a: Kommo-o\n|\n|upkeep\n|inactive|p0x8352a32 also wants the timer to be on.\n|\n|t:|1783548831\n|switch|p2a: Regidrago|Regidrago, L77|100/100\n|turn|2\n|inactive|Time left: 300 sec this turn | 300 sec total\n|\n|t:|1783548832\n|move|p2a: Regidrago|Dragon Energy|p1a: Zapdos\n|-crit|p1a: Zapdos\n|-damage|p1a: Zapdos|0 fnt\n|faint|p1a: Zapdos\n|\n|upkeep\n|inactive|Time left: 300 sec this turn | 300 sec total | 5 sec grace\n|\n|t:|1783548833\n|switch|p1a: Fezandipiti|Fezandipiti, L82, M|278/278\n|turn|3\n|inactive|Time left: 300 sec this turn | 300 sec total\n|\n|t:|1783548835\n|switch|p2a: Coalossal|Coalossal, L89, M|100/100\n|move|p1a: Fezandipiti|Moonblast|p2a: Coalossal\n|-resisted|p2a: Coalossal\n|-damage|p2a: Coalossal|91/100\n|\n|upkeep\n|turn|4\n|inactive|Time left: 300 sec this turn | 300 sec total\n|\n|t:|1783548836\n|move|p1a: Fezandipiti|Moonblast|p2a: Coalossal\n|-resisted|p2a: Coalossal\n|-damage|p2a: Coalossal|82/100\n|move|p2a: Coalossal|Will-O-Wisp|p1a: Fezandipiti\n|-status|p1a: Fezandipiti|brn\n|\n|-damage|p1a: Fezandipiti|261/278 brn|[from] brn\n|upkeep\n|turn|5\n|inactive|Time left: 300 sec this turn | 300 sec total\n|\n|t:|1783548837\n|move|p1a: Fezandipiti|Moonblast|p2a: Coalossal\n|-resisted|p2a: Coalossal\n|-damage|p2a: Coalossal|71/100\n|move|p2a: Coalossal|Flamethrower|p1a: Fezandipiti\n|-damage|p1a: Fezandipiti|188/278 brn\n|\n|-heal|p1a: Fezandipiti|205/278 brn|[from] item: Leftovers\n|-damage|p1a: Fezandipiti|188/278 brn|[from] brn\n|upkeep\n|turn|6\n|inactive|Time left: 300 sec this turn | 300 sec total\n|\n|t:|1783548839\n|move|p1a: Fezandipiti|Moonblast|p2a: Coalossal\n|-resisted|p2a: Coalossal\n|-damage|p2a: Coalossal|61/100\n|-status|p2a: Coalossal|tox|[from] ability: Toxic Chain|[of] p1a: Fezandipiti\n|move|p2a: Coalossal|Stone Edge|p1a: Fezandipiti\n|-damage|p1a: Fezandipiti|70/278 brn\n|\n|-heal|p1a: Fezandipiti|87/278 brn|[from] item: Leftovers\n|-damage|p2a: Coalossal|55/100 tox|[from] psn\n|-damage|p1a: Fezandipiti|70/278 brn|[from] brn\n|upkeep\n|turn|7\n|inactive|Time left: 300 sec this turn | 300 sec total\n|\n|t:|1783548840\n|move|p1a: Fezandipiti|Roost|p1a: Fezandipiti\n|-heal|p1a: Fezandipiti|209/278 brn\n|-singleturn|p1a: Fezandipiti|move: Roost\n|move|p2a: Coalossal|Stone Edge|p1a: Fezandipiti\n|-damage|p1a: Fezandipiti|95/278 brn\n|\n|-heal|p1a: Fezandipiti|112/278 brn|[from] item: Leftovers\n|-damage|p2a: Coalossal|43/100 tox|[from] psn\n|-damage|p1a: Fezandipiti|95/278 brn|[from] brn\n|upkeep\n|turn|8\n|inactive|Time left: 300 sec this turn | 300 sec total\n|\n|t:|1783548841\n|switch|p2a: Raikou|Raikou, L81|100/100\n|-ability|p2a: Raikou|Pressure\n|move|p1a: Fezandipiti|Roost|p1a: Fezandipiti\n|-heal|p1a: Fezandipiti|234/278 brn\n|-singleturn|p1a: Fezandipiti|move: Roost\n|\n|-heal|p1a: Fezandipiti|251/278 brn|[from] item: Leftovers\n|-damage|p1a: Fezandipiti|234/278 brn|[from] brn\n|upkeep\n|turn|9\n|inactive|Time left: 300 sec this turn | 300 sec total\n|\n|t:|1783548842\n|move|p2a: Raikou|Calm Mind|p2a: Raikou\n|-boost|p2a: Raikou|spa|1\n|-boost|p2a: Raikou|spd|1\n|move|p1a: Fezandipiti|Moonblast|p2a: Raikou\n|-damage|p2a: Raikou|85/100\n|\n|-heal|p1a: Fezandipiti|251/278 brn|[from] item: Leftovers\n|-damage|p1a: Fezandipiti|234/278 brn|[from] brn\n|upkeep\n|turn|10\n|inactive|Time left: 300 sec this turn | 300 sec total\n|\n|t:|1783548844\n|move|p2a: Raikou|Calm Mind|p2a: Raikou\n|-boost|p2a: Raikou|spa|1\n|-boost|p2a: Raikou|spd|1\n|move|p1a: Fezandipiti|Gunk Shot|p2a: Raikou\n|-damage|p2a: Raikou|59/100\n|-status|p2a: Raikou|tox|[from] ability: Toxic Chain|[of] p1a: Fezandipiti\n|\n|-heal|p1a: Fezandipiti|251/278 brn|[from] item: Leftovers\n|-damage|p2a: Raikou|53/100 tox|[from] psn\n|-damage|p1a: Fezandipiti|234/278 brn|[from] brn\n|upkeep\n|turn|11\n|inactive|Time left: 300 sec this turn | 300 sec total\n|\n|t:|1783548845\n|move|p2a: Raikou|Thunderbolt|p1a: Fezandipiti\n|-damage|p1a: Fezandipiti|75/278 brn\n|move|p1a: Fezandipiti|Roost|p1a: Fezandipiti\n|-heal|p1a: Fezandipiti|214/278 brn\n|-singleturn|p1a: Fezandipiti|move: Roost\n|\n|-heal|p1a: Fezandipiti|231/278 brn|[from] item: Leftovers\n|-damage|p2a: Raikou|41/100 tox|[from] psn\n|-damage|p1a: Fezandipiti|214/278 brn|[from] brn\n|upkeep\n|turn|12\n|inactive|Time left: 300 sec this turn | 300 sec total\n|\n|t:|1783548846\n|move|p2a: Raikou|Thunderbolt|p1a: Fezandipiti\n|-damage|p1a: Fezandipiti|46/278 brn\n|move|p1a: Fezandipiti|Moonblast|p2a: Raikou\n|-damage|p2a: Raikou|27/100 tox\n|\n|-heal|p1a: Fezandipiti|63/278 brn|[from] item: Leftovers\n|-damage|p2a: Raikou|9/100 tox|[from] psn\n|-damage|p1a: Fezandipiti|46/278 brn|[from] brn\n|upkeep\n|turn|13\n|inactive|Time left: 300 sec this turn | 300 sec total\n|\n|t:|1783548847\n|move|p2a: Raikou|Volt Switch|p1a: Fezandipiti\n|-damage|p1a: Fezandipiti|0 fnt\n|faint|p1a: Fezandipiti\n|\n|t:|1783548848\n|switch|p2a: Regidrago|Regidrago, L77|100/100|[from] Volt Switch\n|\n|upkeep\n|inactive|Time left: 300 sec this turn | 300 sec total | 10 sec grace\n|\n|t:|1783548849\n|switch|p1a: Piloswine|Piloswine, L85, F|309/309\n|turn|14\n|inactive|Time left: 300 sec this turn | 300 sec total\n|\n|t:|1783548850\n|move|p2a: Regidrago|Dragon Energy|p1a: Piloswine\n|-damage|p1a: Piloswine|120/309\n|move|p1a: Piloswine|Icicle Crash|p2a: Regidrago\n|-supereffective|p2a: Regidrago\n|-damage|p2a: Regidrago|27/100\n|\n|upkeep\n|turn|15\n|inactive|Time left: 300 sec this turn | 300 sec total\n|\n|t:|1783548850\n|switch|p2a: Talonflame|Talonflame, L83, M|100/100\n|move|p1a: Piloswine|Icicle Crash|p2a: Talonflame\n|-damage|p2a: Talonflame|57/100\n|\n|upkeep\n|turn|16\n|inactive|Time left: 300 sec this turn | 300 sec total\n|\n|t:|1783548852\n|move|p2a: Talonflame|Flare Blitz|p1a: Piloswine\n|-supereffective|p1a: Piloswine\n|-damage|p1a: Piloswine|40/309\n|-damage|p2a: Talonflame|47/100|[from] Recoil\n|move|p1a: Piloswine|Icicle Crash|p2a: Talonflame\n|-damage|p2a: Talonflame|5/100\n|\n|upkeep\n|turn|17\n|inactive|Time left: 300 sec this turn | 300 sec total\n|\n|t:|1783548853\n|move|p1a: Piloswine|Ice Shard|p2a: Talonflame\n|-damage|p2a: Talonflame|0 fnt\n|faint|p2a: Talonflame\n|\n|upkeep\n|\n|t:|1783548853\n|switch|p2a: Raikou|Raikou, L81|9/100 tox\n|-ability|p2a: Raikou|Pressure\n|turn|18\n|inactive|Time left: 300 sec this turn | 300 sec total\n|\n|t:|1783548854\n|move|p2a: Raikou|Scald|p1a: Piloswine\n|-supereffective|p1a: Piloswine\n|-damage|p1a: Piloswine|0 fnt\n|faint|p1a: Piloswine\n|\n|-damage|p2a: Raikou|3/100 tox|[from] psn\n|upkeep\n|inactive|Time left: 300 sec this turn | 300 sec total | 5 sec grace\n|\n|t:|1783548855\n|switch|p1a: Leafeon|Leafeon, L88, F|258/258\n|turn|19\n|inactive|Time left: 300 sec this turn | 300 sec total\n|\n|t:|1783548856\n|move|p2a: Raikou|Volt Switch|p1a: Leafeon\n|-resisted|p1a: Leafeon\n|-damage|p1a: Leafeon|212/258\n|\n|t:|1783548856\n|switch|p2a: Regidrago|Regidrago, L77|27/100|[from] Volt Switch\n|move|p1a: Leafeon|Swords Dance|p1a: Leafeon\n|-boost|p1a: Leafeon|atk|2\n|\n|-heal|p1a: Leafeon|228/258|[from] item: Leftovers\n|upkeep\n|turn|20\n|inactive|Time left: 300 sec this turn | 300 sec total\n|\n|t:|1783548857\n|-terastallize|p2a: Regidrago|Dragon\n|move|p2a: Regidrago|Draco Meteor|p1a: Leafeon\n|-damage|p1a: Leafeon|0 fnt\n|-unboost|p2a: Regidrago|spa|2\n|faint|p1a: Leafeon\n|\n|upkeep\n|inactive|Time left: 300 sec this turn | 300 sec total | 5 sec grace\n|\n|t:|1783548858\n|switch|p1a: Oinkologne|Oinkologne-F, L92, F|361/361\n|turn|21\n|inactive|Time left: 300 sec this turn | 300 sec total\n|\n|t:|1783548859\n|switch|p2a: Coalossal|Coalossal, L89, M|43/100 tox\n|move|p1a: Oinkologne|Double-Edge|p2a: Coalossal\n|-resisted|p2a: Coalossal\n|-damage|p2a: Coalossal|27/100 tox\n|-damage|p1a: Oinkologne|343/361|[from] Recoil\n|\n|-heal|p1a: Oinkologne|361/361|[from] item: Leftovers\n|-damage|p2a: Coalossal|21/100 tox|[from] psn\n|upkeep\n|turn|22\n|inactive|Time left: 300 sec this turn | 300 sec total\n|\n|t:|1783548859\n|switch|p1a: Armarouge|Armarouge, L80, F|267/267\n|move|p2a: Coalossal|Will-O-Wisp|p1a: Armarouge\n|-immune|p1a: Armarouge\n|\n|-damage|p2a: Coalossal|9/100 tox|[from] psn\n|upkeep\n|turn|23\n|inactive|Time left: 300 sec this turn | 300 sec total\n|\n|t:|1783548860\n|move|p1a: Armarouge|Meteor Beam||[still]\n|-prepare|p1a: Armarouge|Meteor Beam\n|-boost|p1a: Armarouge|spa|1\n|-enditem|p1a: Armarouge|Power Herb\n|-anim|p1a: Armarouge|Meteor Beam|p2a: Coalossal\n|-supereffective|p2a: Coalossal\n|-damage|p2a: Coalossal|0 fnt\n|faint|p2a: Coalossal\n|\n|upkeep\n|\n|t:|1783548861\n|switch|p2a: Regidrago|Regidrago, L77, tera:Dragon|27/100\n|turn|24\n|inactive|Time left: 300 sec this turn | 300 sec total\n|\n|t:|1783548863\n|move|p2a: Regidrago|Draco Meteor|p1a: Armarouge\n|-damage|p1a: Armarouge|15/267\n|-unboost|p2a: Regidrago|spa|2\n|move|p1a: Armarouge|Psyshock|p2a: Regidrago\n|-damage|p2a: Regidrago|0 fnt\n|faint|p2a: Regidrago\n|\n|upkeep\n|\n|t:|1783548864\n|switch|p2a: Raikou|Raikou, L81|3/100 tox\n|-ability|p2a: Raikou|Pressure\n|turn|25\n|inactive|Time left: 300 sec this turn | 300 sec total\n|\n|t:|1783548864\n|switch|p1a: Oinkologne|Oinkologne-F, L92, F|361/361\n|move|p2a: Raikou|Volt Switch|p1a: Oinkologne\n|-damage|p1a: Oinkologne|291/361\n|\n|t:|1783548865\n|switch|p2a: Ditto|Ditto, L87|100/100|[from] Volt Switch\n|-transform|p2a: Ditto|p1a: Oinkologne|[from] ability: Imposter\n|\n|-heal|p1a: Oinkologne|313/361|[from] item: Leftovers\n|upkeep\n|turn|26\n|inactive|Time left: 300 sec this turn | 300 sec total\n|\n|t:|1783548866\n|switch|p2a: Raikou|Raikou, L81|3/100 tox\n|-ability|p2a: Raikou|Pressure\n|move|p1a: Oinkologne|Double-Edge|p2a: Raikou\n|-damage|p2a: Raikou|0 fnt\n|faint|p2a: Raikou\n|-damage|p1a: Oinkologne|311/361|[from] Recoil\n|\n|-heal|p1a: Oinkologne|333/361|[from] item: Leftovers\n|upkeep\n|\n|t:|1783548867\n|switch|p2a: Ditto|Ditto, L87|100/100\n|-transform|p2a: Ditto|p1a: Oinkologne|[from] ability: Imposter\n|turn|27\n|inactive|Time left: 300 sec this turn | 300 sec total\n|\n|t:|1783548868\n|-terastallize|p1a: Oinkologne|Ground\n|move|p2a: Ditto|Curse|p2a: Ditto\n|-unboost|p2a: Ditto|spe|1\n|-boost|p2a: Ditto|atk|1\n|-boost|p2a: Ditto|def|1\n|move|p1a: Oinkologne|Double-Edge|p2a: Ditto\n|-damage|p2a: Ditto|52/100\n|-damage|p1a: Oinkologne|297/361|[from] Recoil\n|\n|-heal|p1a: Oinkologne|319/361|[from] item: Leftovers\n|upkeep\n|turn|28\n|inactive|Time left: 300 sec this turn | 300 sec total\n|\n|t:|1783548869\n|move|p1a: Oinkologne|Double-Edge|p2a: Ditto\n|-damage|p2a: Ditto|9/100\n|-damage|p1a: Oinkologne|287/361|[from] Recoil\n|move|p2a: Ditto|Curse|p2a: Ditto\n|-unboost|p2a: Ditto|spe|1\n|-boost|p2a: Ditto|atk|1\n|-boost|p2a: Ditto|def|1\n|\n|-heal|p1a: Oinkologne|309/361|[from] item: Leftovers\n|upkeep\n|turn|29\n|inactive|Time left: 300 sec this turn | 300 sec total\n|\n|t:|1783548870\n|move|p1a: Oinkologne|Double-Edge|p2a: Ditto\n|-damage|p2a: Ditto|0 fnt\n|faint|p2a: Ditto\n|-damage|p1a: Oinkologne|302/361|[from] Recoil\n|\n|win|p0x8352a32", "uploadtime": 1783548870, "views": 0, "rating": 0, "private": 0, "password": null, "_winner": "p0x8352a32", "_our_name": "p0x8352a32"}