{"id": "battle-gen9randombattle-1077", "formatid": "gen9randombattle", "format": "[Gen 9] Random Battle", "players": ["p0x1077535c", "p0y1077c0b7"], "log": "|init|battle\n|title|p0x1077535c vs. p0y1077c0b7\n|j|\u2606p0x1077535c\n|j|\u2606p0y1077c0b7\n|t:|1783552387\n|gametype|singles\n|player|p1|p0x1077535c|266|\n|player|p2|p0y1077c0b7|1|\n|gen|9\n|tier|[Gen 9] Random Battle\n|rule|Species Clause: Limit one of each Pok\u00e9mon\n|rule|HP Percentage Mod: HP is shown in percentages\n|rule|Sleep Clause Mod: Limit one foe put to sleep\n|rule|Illusion Level Mod: Illusion disguises the Pok\u00e9mon's true level\n|\n|t:|1783552387\n|teamsize|p1|6\n|teamsize|p2|6\n|start\n|switch|p1a: Cetitan|Cetitan, L82, F|412/412\n|switch|p2a: Ursaring|Ursaring, L84, F|100/100\n|turn|1\n|inactive|Battle timer is ON: inactive players will automatically lose when time's up. (requested by p0x1077535c)\n|inactive|p0y1077c0b7 also wants the timer to be on.\n|\n|t:|1783552389\n|move|p1a: Cetitan|Ice Spinner|p2a: Ursaring\n|-damage|p2a: Ursaring|65/100\n|move|p2a: Ursaring|Swords Dance|p2a: Ursaring\n|-boost|p2a: Ursaring|atk|2\n|\n|-status|p2a: Ursaring|tox|[from] item: Toxic Orb\n|upkeep\n|turn|2\n|inactive|Time left: 300 sec this turn | 300 sec total\n|\n|t:|1783552390\n|switch|p1a: Klawf|Klawf, L90, F|272/272\n|move|p2a: Ursaring|Facade|p1a: Klawf\n|-resisted|p1a: Klawf\n|-damage|p1a: Klawf|119/272\n|-ability|p1a: Klawf|Anger Shell|boost\n|-boost|p1a: Klawf|atk|1\n|-boost|p1a: Klawf|spa|1\n|-boost|p1a: Klawf|spe|1\n|-unboost|p1a: Klawf|def|1\n|-unboost|p1a: Klawf|spd|1\n|\n|-damage|p2a: Ursaring|59/100 tox|[from] psn\n|upkeep\n|turn|3\n|inactive|Time left: 300 sec this turn | 300 sec total\n|\n|t:|1783552391\n|move|p1a: Klawf|Stone Edge|p2a: Ursaring\n|-damage|p2a: Ursaring|0 fnt\n|faint|p2a: Ursaring\n|\n|upkeep\n|\n|t:|1783552392\n|switch|p2a: Crabominable|Crabominable, L90, M|100/100\n|turn|4\n|inactive|Time left: 300 sec this turn | 300 sec total\n|\n|t:|1783552394\n|move|p1a: Klawf|Stone Edge|p2a: Crabominable|[miss]\n|-miss|p1a: Klawf|p2a: Crabominable\n|move|p2a: Crabominable|Drain Punch|p1a: Klawf\n|-supereffective|p1a: Klawf\n|-damage|p1a: Klawf|0 fnt\n|faint|p1a: Klawf\n|\n|upkeep\n|inactive|Time left: 300 sec this turn | 300 sec total | 5 sec grace\n|\n|t:|1783552395\n|switch|p1a: Mabosstiff|Mabosstiff, L86, M|278/278\n|turn|5\n|inactive|Time left: 300 sec this turn | 300 sec total\n|\n|t:|1783552396\n|-terastallize|p1a: Mabosstiff|Fairy\n|move|p1a: Mabosstiff|Play Rough|p2a: Crabominable\n|-supereffective|p2a: Crabominable\n|-damage|p2a: Crabominable|0 fnt\n|faint|p2a: Crabominable\n|\n|upkeep\n|\n|t:|1783552397\n|switch|p2a: Serperior|Serperior, L79, F|100/100\n|turn|6\n|inactive|Time left: 300 sec this turn | 300 sec total\n|\n|t:|1783552398\n|move|p2a: Serperior|Leaf Storm|p1a: Mabosstiff|[miss]\n|-miss|p2a: Serperior|p1a: Mabosstiff\n|move|p1a: Mabosstiff|Play Rough|p2a: Serperior|[miss]\n|-miss|p1a: Mabosstiff|p2a: Serperior\n|\n|upkeep\n|turn|7\n|inactive|Time left: 300 sec this turn | 300 sec total\n|\n|t:|1783552399\n|move|p2a: Serperior|Leaf Storm|p1a: Mabosstiff\n|-damage|p1a: Mabosstiff|155/278\n|-boost|p2a: Serperior|spa|2\n|move|p1a: Mabosstiff|Play Rough|p2a: Serperior\n|-damage|p2a: Serperior|30/100\n|\n|-heal|p2a: Serperior|36/100|[from] item: Leftovers\n|upkeep\n|turn|8\n|inactive|Time left: 300 sec this turn | 300 sec total\n|\n|t:|1783552401\n|switch|p1a: Blaziken|Blaziken, L76, M|247/247\n|move|p2a: Serperior|Leaf Storm|p1a: Blaziken\n|-resisted|p1a: Blaziken\n|-damage|p1a: Blaziken|109/247\n|-boost|p2a: Serperior|spa|2\n|\n|-heal|p2a: Serperior|42/100|[from] item: Leftovers\n|upkeep\n|turn|9\n|inactive|Time left: 300 sec this turn | 300 sec total\n|\n|t:|1783552402\n|switch|p1a: Charizard|Charizard, L85, M|271/271\n|move|p2a: Serperior|Leaf Storm|p1a: Charizard\n|-resisted|p1a: Charizard\n|-damage|p1a: Charizard|193/271\n|-boost|p2a: Serperior|spa|2\n|\n|-heal|p2a: Serperior|48/100|[from] item: Leftovers\n|upkeep\n|turn|10\n|inactive|Time left: 300 sec this turn | 300 sec total\n|\n|t:|1783552403\n|-terastallize|p2a: Serperior|Rock\n|move|p2a: Serperior|Tera Blast|p1a: Charizard|[anim] Tera Blast Rock\n|-supereffective|p1a: Charizard\n|-damage|p1a: Charizard|0 fnt\n|faint|p1a: Charizard\n|\n|-heal|p2a: Serperior|55/100|[from] item: Leftovers\n|upkeep\n|inactive|Time left: 300 sec this turn | 300 sec total | 5 sec grace\n|\n|t:|1783552404\n|switch|p1a: Cetitan|Cetitan, L82, F|412/412\n|turn|11\n|inactive|Time left: 300 sec this turn | 300 sec total\n|\n|t:|1783552405\n|move|p1a: Cetitan|Ice Shard|p2a: Serperior\n|-damage|p2a: Serperior|36/100\n|move|p2a: Serperior|Tera Blast|p1a: Cetitan|[anim] Tera Blast Rock\n|-supereffective|p1a: Cetitan\n|-damage|p1a: Cetitan|0 fnt\n|faint|p1a: Cetitan\n|\n|-heal|p2a: Serperior|42/100|[from] item: Leftovers\n|upkeep\n|inactive|Time left: 300 sec this turn | 300 sec total | 5 sec grace\n|\n|t:|1783552406\n|switch|p1a: Blaziken|Blaziken, L76, M|109/247\n|turn|12\n|inactive|Time left: 300 sec this turn | 300 sec total\n|\n|t:|1783552407\n|move|p2a: Serperior|Tera Blast|p1a: Blaziken|[anim] Tera Blast Rock\n|-crit|p1a: Blaziken\n|-damage|p1a: Blaziken|0 fnt\n|faint|p1a: Blaziken\n|\n|-heal|p2a: Serperior|48/100|[from] item: Leftovers\n|upkeep\n|inactive|Time left: 300 sec this turn | 300 sec total | 5 sec grace\n|\n|t:|1783552408\n|switch|p1a: Mabosstiff|Mabosstiff, L86, M, tera:Fairy|155/278\n|turn|13\n|inactive|Time left: 300 sec this turn | 300 sec total\n|\n|t:|1783552409\n|move|p2a: Serperior|Tera Blast|p1a: Mabosstiff|[anim] Tera Blast Rock\n|-damage|p1a: Mabosstiff|0 fnt\n|faint|p1a: Mabosstiff\n|\n|-heal|p2a: Serperior|55/100|[from] item: Leftovers\n|upkeep\n|inactive|Time left: 300 sec this turn | 300 sec total | 5 sec grace\n|\n|t:|1783552410\n|switch|p1a: Mandibuzz|Mandibuzz, L85, F|326/326\n|turn|14\n|inactive|Time left: 300 sec this turn | 300 sec total\n|\n|t:|1783552411\n|move|p2a: Serperior|Tera Blast|p1a: Mandibuzz|[anim] Tera Blast Rock\n|-supereffective|p1a: Mandibuzz\n|-damage|p1a: Mandibuzz|0 fnt\n|faint|p1a: Mandibuzz\n|\n|win|p0y1077c0b7", "uploadtime": 1783552411, "views": 0, "rating": 0, "private": 0, "password": null, "_winner": "p0y1077c0b7", "_our_name": "p0x1077535c"}