{"id": "battle-gen9randombattle-1297", "formatid": "gen9randombattle", "format": "[Gen 9] Random Battle", "players": ["p0x129772fd", "p0y12973a7f"], "log": "|init|battle\n|title|p0x129772fd vs. p0y12973a7f\n|j|\u2606p0x129772fd\n|j|\u2606p0y12973a7f\n|t:|1783555056\n|gametype|singles\n|player|p1|p0x129772fd|101|\n|player|p2|p0y12973a7f|1|\n|gen|9\n|tier|[Gen 9] Random Battle\n|rule|Species Clause: Limit one of each Pok\u00e9mon\n|rule|HP Percentage Mod: HP is shown in percentages\n|rule|Sleep Clause Mod: Limit one foe put to sleep\n|rule|Illusion Level Mod: Illusion disguises the Pok\u00e9mon's true level\n|\n|t:|1783555056\n|teamsize|p1|6\n|teamsize|p2|6\n|start\n|switch|p1a: Meowstic|Meowstic, L89, M|100/100\n|switch|p2a: Chansey|Chansey, L85, F|564/564\n|turn|1\n|inactive|Battle timer is ON: inactive players will automatically lose when time's up. (requested by p0y12973a7f)\n|inactive|p0x129772fd also wants the timer to be on.\n|\n|t:|1783555057\n|move|p1a: Meowstic|Reflect|p1a: Meowstic\n|-sidestart|p1: p0x129772fd|Reflect\n|move|p2a: Chansey|Stealth Rock|p1a: Meowstic\n|-sidestart|p1: p0x129772fd|move: Stealth Rock\n|\n|upkeep\n|turn|2\n|inactive|Time left: 300 sec this turn | 300 sec total\n|\n|t:|1783555058\n|switch|p2a: Chi-Yu|Chi-Yu, L77|211/211\n|-ability|p2a: Chi-Yu|Beads of Ruin\n|move|p1a: Meowstic|Light Screen|p1a: Meowstic\n|-sidestart|p1: p0x129772fd|move: Light Screen\n|\n|upkeep\n|turn|3\n|inactive|Time left: 300 sec this turn | 300 sec total\n|\n|t:|1783555059\n|move|p1a: Meowstic|Alluring Voice|p2a: Chi-Yu\n|-damage|p2a: Chi-Yu|165/211\n|move|p2a: Chi-Yu|Flamethrower|p1a: Meowstic\n|-damage|p1a: Meowstic|63/100\n|\n|upkeep\n|turn|4\n|inactive|Time left: 300 sec this turn | 300 sec total\n|\n|t:|1783555060\n|switch|p1a: Ting-Lu|Ting-Lu, L78|100/100\n|-damage|p1a: Ting-Lu|94/100|[from] Stealth Rock\n|-ability|p1a: Ting-Lu|Vessel of Ruin\n|move|p2a: Chi-Yu|Flamethrower|p1a: Ting-Lu\n|-damage|p1a: Ting-Lu|68/100\n|\n|-heal|p1a: Ting-Lu|74/100|[from] item: Leftovers\n|upkeep\n|turn|5\n|inactive|Time left: 300 sec this turn | 300 sec total\n|\n|t:|1783555061\n|switch|p2a: Rayquaza|Rayquaza, L72|270/270\n|-ability|p2a: Rayquaza|Air Lock\n|move|p1a: Ting-Lu|Earthquake|p2a: Rayquaza\n|-immune|p2a: Rayquaza\n|\n|-heal|p1a: Ting-Lu|80/100|[from] item: Leftovers\n|upkeep\n|turn|6\n|inactive|Time left: 300 sec this turn | 300 sec total\n|\n|t:|1783555063\n|move|p2a: Rayquaza|Dragon Dance|p2a: Rayquaza\n|-boost|p2a: Rayquaza|atk|1\n|-boost|p2a: Rayquaza|spe|1\n|move|p1a: Ting-Lu|Stealth Rock|p2a: Rayquaza\n|-sidestart|p2: p0y12973a7f|move: Stealth Rock\n|\n|-heal|p1a: Ting-Lu|87/100|[from] item: Leftovers\n|upkeep\n|turn|7\n|inactive|Time left: 300 sec this turn | 300 sec total\n|\n|t:|1783555064\n|move|p2a: Rayquaza|Outrage|p1a: Ting-Lu\n|-damage|p1a: Ting-Lu|63/100\n|move|p1a: Ting-Lu|Whirlwind|p2a: Rayquaza\n|drag|p2a: Toxicroak|Toxicroak, L84, F|277/277\n|-damage|p2a: Toxicroak|260/277|[from] Stealth Rock\n|\n|-heal|p1a: Ting-Lu|69/100|[from] item: Leftovers\n|upkeep\n|turn|8\n|inactive|Time left: 300 sec this turn | 300 sec total\n|\n|t:|1783555065\n|switch|p2a: Rayquaza|Rayquaza, L72|270/270\n|-ability|p2a: Rayquaza|Air Lock\n|move|p1a: Ting-Lu|Earthquake|p2a: Rayquaza\n|-immune|p2a: Rayquaza\n|\n|-heal|p1a: Ting-Lu|76/100|[from] item: Leftovers\n|-sideend|p1: p0x129772fd|Reflect\n|upkeep\n|turn|9\n|inactive|Time left: 300 sec this turn | 300 sec total\n|\n|t:|1783555066\n|move|p2a: Rayquaza|Outrage|p1a: Ting-Lu\n|-crit|p1a: Ting-Lu\n|-damage|p1a: Ting-Lu|33/100\n|move|p1a: Ting-Lu|Throat Chop|p2a: Rayquaza\n|-damage|p2a: Rayquaza|185/270\n|-start|p2a: Rayquaza|Throat Chop|[silent]\n|\n|-heal|p1a: Ting-Lu|39/100|[from] item: Leftovers\n|-sideend|p1: p0x129772fd|move: Light Screen\n|upkeep\n|turn|10\n|inactive|Time left: 300 sec this turn | 300 sec total\n|\n|t:|1783555067\n|move|p2a: Rayquaza|Outrage|p1a: Ting-Lu|[from] lockedmove\n|-crit|p1a: Ting-Lu\n|-damage|p1a: Ting-Lu|0 fnt\n|faint|p1a: Ting-Lu\n|\n|-end|p2a: Rayquaza|Throat Chop|[silent]\n|upkeep\n|\n|t:|1783555068\n|switch|p1a: Raichu|Raichu-Alola, L87, M|100/100\n|-damage|p1a: Raichu|88/100|[from] Stealth Rock\n|turn|11\n|inactive|Time left: 300 sec this turn | 300 sec total\n|\n|t:|1783555070\n|move|p1a: Raichu|Alluring Voice|p2a: Rayquaza\n|-supereffective|p2a: Rayquaza\n|-damage|p2a: Rayquaza|0 fnt\n|faint|p2a: Rayquaza\n|\n|upkeep\n|inactive|Time left: 300 sec this turn | 300 sec total | 5 sec grace\n|\n|t:|1783555071\n|switch|p2a: Toxicroak|Toxicroak, L84, F|260/277\n|-damage|p2a: Toxicroak|243/277|[from] Stealth Rock\n|turn|12\n|inactive|Time left: 300 sec this turn | 300 sec total\n|\n|t:|1783555072\n|move|p1a: Raichu|Alluring Voice|p2a: Toxicroak\n|-damage|p2a: Toxicroak|133/277\n|move|p2a: Toxicroak|Gunk Shot|p1a: Raichu|[miss]\n|-miss|p2a: Toxicroak|p1a: Raichu\n|\n|upkeep\n|turn|13\n|inactive|Time left: 300 sec this turn | 300 sec total\n|\n|t:|1783555073\n|-terastallize|p1a: Raichu|Fairy\n|move|p1a: Raichu|Alluring Voice|p2a: Toxicroak\n|-damage|p2a: Toxicroak|0 fnt\n|faint|p2a: Toxicroak\n|\n|upkeep\n|inactive|Time left: 300 sec this turn | 300 sec total | 5 sec grace\n|\n|t:|1783555074\n|switch|p2a: Carbink|Carbink, L90|236/236\n|-damage|p2a: Carbink|207/236|[from] Stealth Rock\n|turn|14\n|inactive|Time left: 300 sec this turn | 300 sec total\n|\n|t:|1783555075\n|move|p1a: Raichu|Alluring Voice|p2a: Carbink\n|-damage|p2a: Carbink|122/236\n|move|p2a: Carbink|Moonblast|p1a: Raichu\n|-damage|p1a: Raichu|59/100\n|\n|upkeep\n|turn|15\n|inactive|Time left: 300 sec this turn | 300 sec total\n|\n|t:|1783555076\n|move|p1a: Raichu|Alluring Voice|p2a: Carbink\n|-damage|p2a: Carbink|38/236\n|move|p2a: Carbink|Rest|p2a: Carbink\n|-status|p2a: Carbink|slp|[from] move: Rest\n|-heal|p2a: Carbink|236/236 slp|[silent]\n|-enditem|p2a: Carbink|Chesto Berry|[eat]\n|-curestatus|p2a: Carbink|slp|[msg]\n|\n|upkeep\n|turn|16\n|inactive|Time left: 300 sec this turn | 300 sec total\n|\n|t:|1783555077\n|move|p1a: Raichu|Alluring Voice|p2a: Carbink\n|-damage|p2a: Carbink|161/236\n|move|p2a: Carbink|Moonblast|p1a: Raichu\n|-crit|p1a: Raichu\n|-damage|p1a: Raichu|18/100\n|\n|upkeep\n|turn|17\n|inactive|Time left: 300 sec this turn | 300 sec total\n|\n|t:|1783555079\n|move|p1a: Raichu|Alluring Voice|p2a: Carbink\n|-damage|p2a: Carbink|80/236\n|move|p2a: Carbink|Body Press|p1a: Raichu\n|-resisted|p1a: Raichu\n|-damage|p1a: Raichu|0 fnt\n|faint|p1a: Raichu\n|\n|upkeep\n|\n|t:|1783555080\n|switch|p1a: Virizion|Virizion, L82|100/100\n|-damage|p1a: Virizion|94/100|[from] Stealth Rock\n|turn|18\n|inactive|Time left: 300 sec this turn | 300 sec total\n|\n|t:|1783555081\n|switch|p2a: Dragapult|Dragapult, L77, M|262/262\n|move|p1a: Virizion|Leaf Blade|p2a: Dragapult\n|-resisted|p2a: Dragapult\n|-damage|p2a: Dragapult|189/262\n|-damage|p1a: Virizion|85/100|[from] item: Life Orb\n|\n|upkeep\n|turn|19\n|inactive|Time left: 300 sec this turn | 300 sec total\n|\n|t:|1783555082\n|move|p2a: Dragapult|Dragon Darts|p1a: Virizion\n|-damage|p1a: Virizion|61/100\n|-anim|p2a: Dragapult|Dragon Darts|p1a: Virizion\n|-damage|p1a: Virizion|37/100\n|move|p1a: Virizion|Swords Dance|p1a: Virizion\n|-boost|p1a: Virizion|atk|2\n|\n|upkeep\n|turn|20\n|inactive|Time left: 300 sec this turn | 300 sec total\n|\n|t:|1783555083\n|move|p2a: Dragapult|Dragon Darts|p1a: Virizion\n|-damage|p1a: Virizion|14/100\n|-anim|p2a: Dragapult|Dragon Darts|p1a: Virizion\n|-damage|p1a: Virizion|0 fnt\n|faint|p1a: Virizion\n|\n|upkeep\n|\n|t:|1783555084\n|switch|p1a: Spiritomb|Spiritomb, L89, F|100/100\n|-damage|p1a: Spiritomb|88/100|[from] Stealth Rock\n|turn|21\n|inactive|Time left: 300 sec this turn | 300 sec total\n|\n|t:|1783555085\n|move|p2a: Dragapult|Will-O-Wisp|p1a: Spiritomb\n|-status|p1a: Spiritomb|brn\n|move|p1a: Spiritomb|Foul Play|p2a: Dragapult\n|-supereffective|p2a: Dragapult\n|-crit|p2a: Dragapult\n|-damage|p2a: Dragapult|0 fnt\n|faint|p2a: Dragapult\n|\n|-heal|p1a: Spiritomb|94/100 brn|[from] item: Leftovers\n|-damage|p1a: Spiritomb|88/100 brn|[from] brn\n|upkeep\n|inactive|Time left: 300 sec this turn | 300 sec total | 5 sec grace\n|\n|t:|1783555086\n|switch|p2a: Chi-Yu|Chi-Yu, L77|165/211\n|-damage|p2a: Chi-Yu|113/211|[from] Stealth Rock\n|-ability|p2a: Chi-Yu|Beads of Ruin\n|turn|22\n|inactive|Time left: 300 sec this turn | 300 sec total\n|\n|t:|1783555087\n|move|p2a: Chi-Yu|Flamethrower|p1a: Spiritomb\n|-damage|p1a: Spiritomb|20/100 brn\n|move|p1a: Spiritomb|Toxic|p2a: Chi-Yu\n|-status|p2a: Chi-Yu|tox\n|\n|-heal|p1a: Spiritomb|26/100 brn|[from] item: Leftovers\n|-damage|p2a: Chi-Yu|100/211 tox|[from] psn\n|-damage|p1a: Spiritomb|20/100 brn|[from] brn\n|upkeep\n|turn|23\n|inactive|Time left: 300 sec this turn | 300 sec total\n|\n|t:|1783555088\n|move|p2a: Chi-Yu|Flamethrower|p1a: Spiritomb\n|-damage|p1a: Spiritomb|0 fnt\n|faint|p1a: Spiritomb\n|\n|-damage|p2a: Chi-Yu|74/211 tox|[from] psn\n|upkeep\n|\n|t:|1783555089\n|switch|p1a: Magmortar|Magmortar, L88, M|100/100\n|turn|24\n|inactive|Time left: 300 sec this turn | 300 sec total\n|\n|t:|1783555090\n|move|p2a: Chi-Yu|Flamethrower|p1a: Magmortar\n|-resisted|p1a: Magmortar\n|-damage|p1a: Magmortar|65/100\n|move|p1a: Magmortar|Thunderbolt|p2a: Chi-Yu\n|-damage|p2a: Chi-Yu|2/211 tox\n|\n|-damage|p2a: Chi-Yu|0 fnt|[from] psn\n|faint|p2a: Chi-Yu\n|upkeep\n|inactive|Time left: 300 sec this turn | 300 sec total | 5 sec grace\n|\n|t:|1783555092\n|switch|p2a: Chansey|Chansey, L85, F|564/564\n|-damage|p2a: Chansey|494/564|[from] Stealth Rock\n|turn|25\n|inactive|Time left: 300 sec this turn | 300 sec total\n|\n|t:|1783555093\n|move|p1a: Magmortar|Scorching Sands|p2a: Chansey\n|-damage|p2a: Chansey|457/564\n|-status|p2a: Chansey|brn\n|move|p2a: Chansey|Seismic Toss|p1a: Magmortar\n|-damage|p1a: Magmortar|34/100\n|\n|-damage|p2a: Chansey|422/564 brn|[from] brn\n|upkeep\n|turn|26\n|inactive|Time left: 300 sec this turn | 300 sec total\n|\n|t:|1783555094\n|switch|p1a: Meowstic|Meowstic, L89, M|63/100\n|-damage|p1a: Meowstic|50/100|[from] Stealth Rock\n|move|p2a: Chansey|Seismic Toss|p1a: Meowstic\n|-damage|p1a: Meowstic|20/100\n|\n|-damage|p2a: Chansey|387/564 brn|[from] brn\n|upkeep\n|turn|27\n|inactive|Time left: 300 sec this turn | 300 sec total\n|\n|t:|1783555095\n|move|p1a: Meowstic|Alluring Voice|p2a: Chansey\n|-damage|p2a: Chansey|357/564 brn\n|move|p2a: Chansey|Seismic Toss|p1a: Meowstic\n|-damage|p1a: Meowstic|0 fnt\n|faint|p1a: Meowstic\n|\n|-damage|p2a: Chansey|322/564 brn|[from] brn\n|upkeep\n|\n|t:|1783555096\n|switch|p1a: Magmortar|Magmortar, L88, M|34/100\n|turn|28\n|inactive|Time left: 300 sec this turn | 300 sec total\n|\n|t:|1783555097\n|-terastallize|p2a: Chansey|Ghost\n|move|p1a: Magmortar|Fire Blast|p2a: Chansey\n|-damage|p2a: Chansey|229/564 brn\n|move|p2a: Chansey|Seismic Toss|p1a: Magmortar\n|-damage|p1a: Magmortar|3/100\n|\n|-damage|p2a: Chansey|194/564 brn|[from] brn\n|upkeep\n|turn|29\n|inactive|Time left: 300 sec this turn | 300 sec total\n|\n|t:|1783555098\n|move|p1a: Magmortar|Thunderbolt|p2a: Chansey\n|-damage|p2a: Chansey|142/564 brn\n|move|p2a: Chansey|Seismic Toss|p1a: Magmortar\n|-damage|p1a: Magmortar|0 fnt\n|faint|p1a: Magmortar\n|\n|win|p0y12973a7f", "uploadtime": 1783555098, "views": 0, "rating": 0, "private": 0, "password": null, "_winner": "p0y12973a7f", "_our_name": "p0y12973a7f"}