{"id": "battle-gen9randombattle-327", "formatid": "gen9randombattle", "format": "[Gen 9] Random Battle", "players": ["p0x327d077", "p0y327d73d"], "log": "|init|battle\n|title|p0x327d077 vs. p0y327d73d\n|j|\u2606p0x327d077\n|j|\u2606p0y327d73d\n|t:|1783542862\n|gametype|singles\n|player|p1|p0x327d077|1|\n|player|p2|p0y327d73d|101|\n|gen|9\n|tier|[Gen 9] Random Battle\n|rule|Species Clause: Limit one of each Pok\u00e9mon\n|rule|HP Percentage Mod: HP is shown in percentages\n|rule|Sleep Clause Mod: Limit one foe put to sleep\n|rule|Illusion Level Mod: Illusion disguises the Pok\u00e9mon's true level\n|\n|t:|1783542862\n|teamsize|p1|6\n|teamsize|p2|6\n|start\n|switch|p1a: Jolteon|Jolteon, L84, F|246/246\n|switch|p2a: Altaria|Altaria, L89, M|100/100\n|turn|1\n|inactive|Battle timer is ON: inactive players will automatically lose when time's up. (requested by p0y327d73d)\n|inactive|Time left: 300 sec this turn | 300 sec total | 60 sec grace\n|inactive|p0x327d077 also wants the timer to be on.\n|\n|t:|1783542864\n|move|p1a: Jolteon|Thunderbolt|p2a: Altaria\n|-damage|p2a: Altaria|52/100\n|move|p2a: Altaria|Earthquake|p1a: Jolteon\n|-supereffective|p1a: Jolteon\n|-damage|p1a: Jolteon|82/246\n|\n|upkeep\n|turn|2\n|inactive|Time left: 300 sec this turn | 300 sec total\n|\n|t:|1783542866\n|move|p1a: Jolteon|Thunderbolt|p2a: Altaria\n|-damage|p2a: Altaria|3/100\n|move|p2a: Altaria|Roost|p2a: Altaria\n|-heal|p2a: Altaria|53/100\n|-singleturn|p2a: Altaria|move: Roost\n|\n|upkeep\n|turn|3\n|inactive|Time left: 300 sec this turn | 300 sec total\n|\n|t:|1783542867\n|move|p1a: Jolteon|Thunderbolt|p2a: Altaria\n|-damage|p2a: Altaria|9/100\n|move|p2a: Altaria|Roost|p2a: Altaria\n|-heal|p2a: Altaria|59/100\n|-singleturn|p2a: Altaria|move: Roost\n|\n|upkeep\n|turn|4\n|inactive|Time left: 300 sec this turn | 300 sec total\n|\n|t:|1783542868\n|-terastallize|p1a: Jolteon|Electric\n|move|p1a: Jolteon|Thunderbolt|p2a: Altaria\n|-damage|p2a: Altaria|0 fnt\n|faint|p2a: Altaria\n|\n|upkeep\n|\n|t:|1783542869\n|switch|p2a: Emboar|Emboar, L84, F|100/100\n|turn|5\n|inactive|Time left: 300 sec this turn | 300 sec total\n|\n|t:|1783542870\n|move|p1a: Jolteon|Thunderbolt|p2a: Emboar\n|-damage|p2a: Emboar|44/100\n|move|p2a: Emboar|Flare Blitz|p1a: Jolteon\n|-damage|p1a: Jolteon|0 fnt\n|faint|p1a: Jolteon\n|-damage|p2a: Emboar|36/100|[from] Recoil\n|\n|upkeep\n|inactive|Time left: 300 sec this turn | 300 sec total | 5 sec grace\n|\n|t:|1783542871\n|switch|p1a: Slowbro|Slowbro, L85, F|300/300\n|turn|6\n|inactive|Time left: 300 sec this turn | 300 sec total\n|\n|t:|1783542873\n|move|p2a: Emboar|Wild Charge|p1a: Slowbro\n|-supereffective|p1a: Slowbro\n|-damage|p1a: Slowbro|150/300\n|-damage|p2a: Emboar|24/100|[from] Recoil\n|move|p1a: Slowbro|Scald|p2a: Emboar\n|-supereffective|p2a: Emboar\n|-damage|p2a: Emboar|0 fnt\n|faint|p2a: Emboar\n|\n|upkeep\n|\n|t:|1783542874\n|switch|p2a: Bombirdier|Bombirdier, L85, M|100/100\n|turn|7\n|inactive|Time left: 300 sec this turn | 300 sec total\n|\n|t:|1783542875\n|switch|p1a: Spidops|Spidops, L96, M|271/271\n|move|p2a: Bombirdier|Knock Off|p1a: Spidops\n|-damage|p1a: Spidops|169/271\n|-enditem|p1a: Spidops|Heavy-Duty Boots|[from] move: Knock Off|[of] p2a: Bombirdier\n|\n|upkeep\n|turn|8\n|inactive|Time left: 300 sec this turn | 300 sec total\n|\n|t:|1783542876\n|move|p2a: Bombirdier|Brave Bird|p1a: Spidops\n|-supereffective|p1a: Spidops\n|-crit|p1a: Spidops\n|-damage|p1a: Spidops|0 fnt\n|faint|p1a: Spidops\n|-damage|p2a: Bombirdier|79/100|[from] Recoil\n|\n|upkeep\n|inactive|Time left: 300 sec this turn | 300 sec total | 5 sec grace\n|\n|t:|1783542877\n|switch|p1a: Slowbro|Slowbro, L85, F|250/300\n|turn|9\n|inactive|Time left: 300 sec this turn | 300 sec total\n|\n|t:|1783542878\n|move|p2a: Bombirdier|Knock Off|p1a: Slowbro\n|-supereffective|p1a: Slowbro\n|-damage|p1a: Slowbro|56/300\n|-enditem|p1a: Slowbro|Assault Vest|[from] move: Knock Off|[of] p2a: Bombirdier\n|move|p1a: Slowbro|Scald|p2a: Bombirdier\n|-damage|p2a: Bombirdier|46/100\n|\n|upkeep\n|turn|10\n|inactive|Time left: 300 sec this turn | 300 sec total\n|\n|t:|1783542880\n|switch|p1a: Terapagos|Terapagos, L77, F|265/265\n|-activate|p1a: Terapagos|ability: Tera Shift\n|detailschange|p1a: Terapagos|Terapagos-Terastal, L77, F\n|-heal|p1a: Terapagos|273/273|[silent]\n|move|p2a: Bombirdier|Roost|p2a: Bombirdier\n|-heal|p2a: Bombirdier|96/100\n|-singleturn|p2a: Bombirdier|move: Roost\n|\n|upkeep\n|turn|11\n|inactive|Time left: 300 sec this turn | 300 sec total\n|\n|t:|1783542881\n|move|p2a: Bombirdier|Knock Off|p1a: Terapagos\n|-activate|p1a: Terapagos|ability: Tera Shell\n|-resisted|p1a: Terapagos\n|-damage|p1a: Terapagos|222/273\n|-enditem|p1a: Terapagos|Heavy-Duty Boots|[from] move: Knock Off|[of] p2a: Bombirdier\n|move|p1a: Terapagos|Calm Mind|p1a: Terapagos\n|-boost|p1a: Terapagos|spa|1\n|-boost|p1a: Terapagos|spd|1\n|\n|upkeep\n|turn|12\n|inactive|Time left: 300 sec this turn | 300 sec total\n|\n|t:|1783542882\n|switch|p2a: Terrakion|Terrakion, L79|100/100\n|move|p1a: Terapagos|Rapid Spin|p2a: Terrakion\n|-resisted|p2a: Terrakion\n|-damage|p2a: Terrakion|92/100\n|-boost|p1a: Terapagos|spe|1\n|\n|upkeep\n|turn|13\n|inactive|Time left: 300 sec this turn | 300 sec total\n|\n|t:|1783542883\n|move|p1a: Terapagos|Earth Power|p2a: Terrakion\n|-supereffective|p2a: Terrakion\n|-damage|p2a: Terrakion|22/100\n|move|p2a: Terrakion|Close Combat|p1a: Terapagos\n|-supereffective|p1a: Terapagos\n|-damage|p1a: Terapagos|0 fnt\n|-unboost|p2a: Terrakion|def|1\n|-unboost|p2a: Terrakion|spd|1\n|faint|p1a: Terapagos\n|\n|upkeep\n|inactive|Time left: 300 sec this turn | 300 sec total | 5 sec grace\n|\n|t:|1783542884\n|switch|p1a: Slowbro|Slowbro, L85, F|156/300\n|turn|14\n|inactive|Time left: 300 sec this turn | 300 sec total\n|\n|t:|1783542885\n|move|p2a: Terrakion|Close Combat|p1a: Slowbro\n|-resisted|p1a: Slowbro\n|-damage|p1a: Slowbro|74/300\n|-unboost|p2a: Terrakion|def|1\n|-unboost|p2a: Terrakion|spd|1\n|move|p1a: Slowbro|Scald|p2a: Terrakion\n|-supereffective|p2a: Terrakion\n|-damage|p2a: Terrakion|0 fnt\n|faint|p2a: Terrakion\n|\n|upkeep\n|\n|t:|1783542886\n|switch|p2a: Bombirdier|Bombirdier, L85, M|96/100\n|turn|15\n|inactive|Time left: 300 sec this turn | 300 sec total\n|\n|t:|1783542887\n|switch|p1a: Venusaur|Venusaur, L84, M|272/272\n|move|p2a: Bombirdier|Knock Off|p1a: Venusaur\n|-damage|p1a: Venusaur|161/272\n|-enditem|p1a: Venusaur|Leftovers|[from] move: Knock Off|[of] p2a: Bombirdier\n|\n|upkeep\n|turn|16\n|inactive|Time left: 300 sec this turn | 300 sec total\n|\n|t:|1783542888\n|switch|p1a: Slowbro|Slowbro, L85, F|174/300\n|move|p2a: Bombirdier|Brave Bird|p1a: Slowbro\n|-damage|p1a: Slowbro|68/300\n|-damage|p2a: Bombirdier|82/100|[from] Recoil\n|\n|upkeep\n|turn|17\n|inactive|Time left: 300 sec this turn | 300 sec total\n|\n|t:|1783542889\n|switch|p1a: Venusaur|Venusaur, L84, M|161/272\n|move|p2a: Bombirdier|Brave Bird|p1a: Venusaur\n|-supereffective|p1a: Venusaur\n|-damage|p1a: Venusaur|0 fnt\n|faint|p1a: Venusaur\n|-damage|p2a: Bombirdier|62/100|[from] Recoil\n|\n|upkeep\n|inactive|Time left: 300 sec this turn | 300 sec total | 5 sec grace\n|\n|t:|1783542890\n|switch|p1a: Slowbro|Slowbro, L85, F|168/300\n|turn|18\n|inactive|Time left: 300 sec this turn | 300 sec total\n|\n|t:|1783542891\n|-terastallize|p2a: Bombirdier|Dark\n|move|p2a: Bombirdier|Knock Off|p1a: Slowbro\n|-supereffective|p1a: Slowbro\n|-damage|p1a: Slowbro|4/300\n|move|p1a: Slowbro|Scald|p2a: Bombirdier\n|-damage|p2a: Bombirdier|24/100\n|-status|p2a: Bombirdier|brn\n|\n|-damage|p2a: Bombirdier|18/100 brn|[from] brn\n|upkeep\n|turn|19\n|inactive|Time left: 300 sec this turn | 300 sec total\n|\n|t:|1783542892\n|switch|p1a: Oranguru|Oranguru, L92, F|315/315\n|move|p2a: Bombirdier|Knock Off|p1a: Oranguru\n|-supereffective|p1a: Oranguru\n|-damage|p1a: Oranguru|157/315\n|-enditem|p1a: Oranguru|Leftovers|[from] move: Knock Off|[of] p2a: Bombirdier\n|\n|-damage|p2a: Bombirdier|12/100 brn|[from] brn\n|upkeep\n|turn|20\n|inactive|Time left: 300 sec this turn | 300 sec total\n|\n|t:|1783542893\n|switch|p1a: Slowbro|Slowbro, L85, F|104/300\n|move|p2a: Bombirdier|Knock Off|p1a: Slowbro\n|-supereffective|p1a: Slowbro\n|-damage|p1a: Slowbro|26/300\n|\n|-damage|p2a: Bombirdier|6/100 brn|[from] brn\n|upkeep\n|turn|21\n|inactive|Time left: 300 sec this turn | 300 sec total\n|\n|t:|1783542894\n|switch|p1a: Oranguru|Oranguru, L92, F|157/315\n|move|p2a: Bombirdier|Knock Off|p1a: Oranguru\n|-supereffective|p1a: Oranguru\n|-damage|p1a: Oranguru|61/315\n|\n|-damage|p2a: Bombirdier|0 fnt|[from] brn\n|faint|p2a: Bombirdier\n|upkeep\n|\n|t:|1783542894\n|switch|p2a: Sunflora|Sunflora, F|100/100\n|turn|22\n|inactive|Time left: 300 sec this turn | 300 sec total\n|\n|t:|1783542895\n|switch|p1a: Slowbro|Slowbro, L85, F|126/300\n|move|p2a: Sunflora|Earth Power|p1a: Slowbro\n|-crit|p1a: Slowbro\n|-damage|p1a: Slowbro|0 fnt\n|faint|p1a: Slowbro\n|-damage|p2a: Sunflora|91/100|[from] item: Life Orb\n|\n|upkeep\n|inactive|Time left: 300 sec this turn | 300 sec total | 5 sec grace\n|\n|t:|1783542896\n|switch|p1a: Oranguru|Oranguru, L92, F|61/315\n|turn|23\n|inactive|Time left: 300 sec this turn | 300 sec total\n|\n|t:|1783542897\n|move|p1a: Oranguru|Thunderbolt|p2a: Sunflora\n|-resisted|p2a: Sunflora\n|-damage|p2a: Sunflora|81/100\n|move|p2a: Sunflora|Earth Power|p1a: Oranguru\n|-damage|p1a: Oranguru|0 fnt\n|faint|p1a: Oranguru\n|-damage|p2a: Sunflora|71/100|[from] item: Life Orb\n|\n|win|p0y327d73d", "uploadtime": 1783542897, "views": 0, "rating": 0, "private": 0, "password": null, "_winner": "p0y327d73d", "_our_name": "p0x327d077"}