{"id": "battle-gen9randombattle-2123", "formatid": "gen9randombattle", "format": "[Gen 9] Random Battle", "players": ["p0x21230a51", "p0y21233223"], "log": "|init|battle\n|title|p0x21230a51 vs. p0y21233223\n|j|\u2606p0x21230a51\n|j|\u2606p0y21233223\n|t:|1783564582\n|gametype|singles\n|player|p1|p0x21230a51|266|\n|player|p2|p0y21233223|2|\n|gen|9\n|tier|[Gen 9] Random Battle\n|rule|Species Clause: Limit one of each Pok\u00e9mon\n|rule|HP Percentage Mod: HP is shown in percentages\n|rule|Sleep Clause Mod: Limit one foe put to sleep\n|rule|Illusion Level Mod: Illusion disguises the Pok\u00e9mon's true level\n|\n|t:|1783564582\n|teamsize|p1|6\n|teamsize|p2|6\n|start\n|switch|p1a: Klawf|Klawf, L90, M|272/272\n|switch|p2a: Ampharos|Ampharos, L88, F|100/100\n|turn|1\n|inactive|Battle timer is ON: inactive players will automatically lose when time's up. (requested by p0x21230a51)\n|inactive|p0y21233223 also wants the timer to be on.\n|\n|t:|1783564584\n|move|p1a: Klawf|Stone Edge|p2a: Ampharos\n|-damage|p2a: Ampharos|46/100\n|-damage|p1a: Klawf|245/272|[from] item: Life Orb\n|move|p2a: Ampharos|Focus Blast|p1a: Klawf\n|-supereffective|p1a: Klawf\n|-damage|p1a: Klawf|0 fnt\n|faint|p1a: Klawf\n|\n|upkeep\n|inactive|Time left: 300 sec this turn | 300 sec total | 65 sec grace\n|\n|t:|1783564585\n|switch|p1a: Samurott|Samurott-Hisui, L77, M|265/265\n|turn|2\n|inactive|Time left: 300 sec this turn | 300 sec total\n|\n|t:|1783564586\n|move|p1a: Samurott|Razor Shell|p2a: Ampharos\n|-damage|p2a: Ampharos|0 fnt\n|faint|p2a: Ampharos\n|\n|upkeep\n|\n|t:|1783564587\n|switch|p2a: Great Tusk|Great Tusk, L77|100/100\n|-enditem|p2a: Great Tusk|Booster Energy\n|-activate|p2a: Great Tusk|ability: Protosynthesis|[fromitem]\n|-start|p2a: Great Tusk|protosynthesisatk\n|turn|3\n|inactive|Time left: 300 sec this turn | 300 sec total\n|\n|t:|1783564588\n|-terastallize|p1a: Samurott|Water\n|move|p2a: Great Tusk|Close Combat|p1a: Samurott\n|-damage|p1a: Samurott|43/265\n|-unboost|p2a: Great Tusk|def|1\n|-unboost|p2a: Great Tusk|spd|1\n|move|p1a: Samurott|Razor Shell|p2a: Great Tusk\n|-supereffective|p2a: Great Tusk\n|-damage|p2a: Great Tusk|0 fnt\n|faint|p2a: Great Tusk\n|-end|p2a: Great Tusk|Protosynthesis|[silent]\n|\n|upkeep\n|\n|t:|1783564589\n|switch|p2a: Dragapult|Dragapult, L77, M|100/100\n|turn|4\n|inactive|Time left: 300 sec this turn | 300 sec total\n|\n|t:|1783564590\n|switch|p1a: Magmortar|Magmortar, L88, M|275/275\n|move|p2a: Dragapult|Fire Blast|p1a: Magmortar\n|-resisted|p1a: Magmortar\n|-damage|p1a: Magmortar|226/275\n|\n|upkeep\n|turn|5\n|inactive|Time left: 300 sec this turn | 300 sec total\n|\n|t:|1783564591\n|move|p2a: Dragapult|Fire Blast|p1a: Magmortar|[miss]\n|-miss|p2a: Dragapult|p1a: Magmortar\n|move|p1a: Magmortar|Thunderbolt|p2a: Dragapult\n|-resisted|p2a: Dragapult\n|-crit|p2a: Dragapult\n|-damage|p2a: Dragapult|71/100\n|\n|upkeep\n|turn|6\n|inactive|Time left: 300 sec this turn | 300 sec total\n|\n|t:|1783564593\n|move|p2a: Dragapult|Fire Blast|p1a: Magmortar\n|-resisted|p1a: Magmortar\n|-damage|p1a: Magmortar|183/275\n|move|p1a: Magmortar|Fire Blast|p2a: Dragapult\n|-resisted|p2a: Dragapult\n|-damage|p2a: Dragapult|34/100\n|\n|upkeep\n|turn|7\n|inactive|Time left: 300 sec this turn | 300 sec total\n|\n|t:|1783564594\n|switch|p2a: Donphan|Donphan, L84, M|100/100\n|move|p1a: Magmortar|Fire Blast|p2a: Donphan\n|-damage|p2a: Donphan|29/100\n|\n|-heal|p2a: Donphan|36/100|[from] item: Leftovers\n|upkeep\n|turn|8\n|inactive|Time left: 300 sec this turn | 300 sec total\n|\n|t:|1783564595\n|move|p1a: Magmortar|Fire Blast|p2a: Donphan\n|-damage|p2a: Donphan|0 fnt\n|faint|p2a: Donphan\n|\n|upkeep\n|\n|t:|1783564596\n|switch|p2a: Zebstrika|Zebstrika, L87, M|100/100\n|turn|9\n|inactive|Time left: 300 sec this turn | 300 sec total\n|\n|t:|1783564597\n|switch|p1a: Snorlax|Snorlax, L82, M|397/397\n|move|p2a: Zebstrika|High Horsepower|p1a: Snorlax|[miss]\n|-miss|p2a: Zebstrika|p1a: Snorlax\n|\n|upkeep\n|turn|10\n|inactive|Time left: 300 sec this turn | 300 sec total\n|\n|t:|1783564598\n|switch|p2a: Dragapult|Dragapult, L77, M|34/100\n|move|p1a: Snorlax|Earthquake|p2a: Dragapult\n|-damage|p2a: Dragapult|2/100\n|\n|upkeep\n|turn|11\n|inactive|Time left: 300 sec this turn | 300 sec total\n|\n|t:|1783564599\n|move|p2a: Dragapult|U-turn|p1a: Snorlax\n|-damage|p1a: Snorlax|329/397\n|\n|t:|1783564600\n|switch|p2a: Rabsca|Rabsca, L91, M|100/100|[from] U-turn\n|move|p1a: Snorlax|Earthquake|p2a: Rabsca\n|-resisted|p2a: Rabsca\n|-damage|p2a: Rabsca|89/100\n|\n|upkeep\n|turn|12\n|inactive|Time left: 300 sec this turn | 300 sec total\n|\n|t:|1783564601\n|move|p2a: Rabsca|Psychic|p1a: Snorlax\n|-damage|p1a: Snorlax|221/397\n|move|p1a: Snorlax|Body Slam|p2a: Rabsca\n|-damage|p2a: Rabsca|60/100\n|-status|p2a: Rabsca|par\n|-activate|p2a: Rabsca|ability: Synchronize\n|-status|p1a: Snorlax|par\n|\n|upkeep\n|turn|13\n|inactive|Time left: 300 sec this turn | 300 sec total\n|\n|t:|1783564603\n|move|p2a: Rabsca|Psychic|p1a: Snorlax\n|-damage|p1a: Snorlax|119/397 par\n|-unboost|p1a: Snorlax|spd|1\n|cant|p1a: Snorlax|par\n|\n|upkeep\n|turn|14\n|inactive|Time left: 300 sec this turn | 300 sec total\n|\n|t:|1783564604\n|move|p2a: Rabsca|Psychic|p1a: Snorlax\n|-damage|p1a: Snorlax|0 fnt\n|faint|p1a: Snorlax\n|\n|upkeep\n|inactive|Time left: 300 sec this turn | 300 sec total | 5 sec grace\n|\n|t:|1783564605\n|switch|p1a: Samurott|Samurott-Hisui, L77, M, tera:Water|43/265\n|turn|15\n|inactive|Time left: 300 sec this turn | 300 sec total\n|\n|t:|1783564605\n|switch|p2a: Dragapult|Dragapult, L77, M|2/100\n|move|p1a: Samurott|Ceaseless Edge|p2a: Dragapult\n|-supereffective|p2a: Dragapult\n|-damage|p2a: Dragapult|0 fnt\n|-sidestart|p2: p0y21233223|Spikes\n|faint|p2a: Dragapult\n|\n|upkeep\n|\n|t:|1783564606\n|switch|p2a: Zebstrika|Zebstrika, L87, M|100/100\n|-damage|p2a: Zebstrika|88/100|[from] Spikes\n|turn|16\n|inactive|Time left: 300 sec this turn | 300 sec total\n|\n|t:|1783564607\n|move|p2a: Zebstrika|Supercell Slam|p1a: Samurott\n|-supereffective|p1a: Samurott\n|-damage|p1a: Samurott|0 fnt\n|faint|p1a: Samurott\n|-damage|p2a: Zebstrika|78/100|[from] item: Life Orb\n|\n|upkeep\n|inactive|Time left: 300 sec this turn | 300 sec total | 5 sec grace\n|\n|t:|1783564608\n|switch|p1a: Annihilape|Annihilape, L76, F|292/292\n|turn|17\n|inactive|Time left: 300 sec this turn | 300 sec total\n|\n|t:|1783564609\n|move|p2a: Zebstrika|Supercell Slam|p1a: Annihilape\n|-damage|p1a: Annihilape|128/292\n|-damage|p2a: Zebstrika|68/100|[from] item: Life Orb\n|move|p1a: Annihilape|Drain Punch|p2a: Zebstrika\n|-damage|p2a: Zebstrika|36/100\n|-heal|p1a: Annihilape|172/292|[from] drain|[of] p2a: Zebstrika\n|\n|-heal|p1a: Annihilape|190/292|[from] item: Leftovers\n|upkeep\n|turn|18\n|inactive|Time left: 300 sec this turn | 300 sec total\n|\n|t:|1783564610\n|move|p2a: Zebstrika|Volt Switch|p1a: Annihilape\n|-damage|p1a: Annihilape|89/292\n|-damage|p2a: Zebstrika|26/100|[from] item: Life Orb\n|\n|t:|1783564611\n|switch|p2a: Rabsca|Rabsca, L91, M|60/100 par|[from] Volt Switch\n|move|p1a: Annihilape|Drain Punch|p2a: Rabsca\n|-resisted|p2a: Rabsca\n|-damage|p2a: Rabsca|53/100 par\n|-heal|p1a: Annihilape|98/292|[from] drain|[of] p2a: Rabsca\n|\n|-heal|p1a: Annihilape|116/292|[from] item: Leftovers\n|upkeep\n|turn|19\n|inactive|Time left: 300 sec this turn | 300 sec total\n|\n|t:|1783564612\n|move|p1a: Annihilape|Rage Fist|p2a: Rabsca\n|-supereffective|p2a: Rabsca\n|-damage|p2a: Rabsca|0 fnt\n|faint|p2a: Rabsca\n|\n|-heal|p1a: Annihilape|134/292|[from] item: Leftovers\n|upkeep\n|\n|t:|1783564613\n|switch|p2a: Zebstrika|Zebstrika, L87, M|26/100\n|-damage|p2a: Zebstrika|13/100|[from] Spikes\n|turn|20\n|inactive|Time left: 300 sec this turn | 300 sec total\n|\n|t:|1783564613\n|move|p2a: Zebstrika|High Horsepower|p1a: Annihilape\n|-damage|p1a: Annihilape|31/292\n|-damage|p2a: Zebstrika|3/100|[from] item: Life Orb\n|move|p1a: Annihilape|Bulk Up|p1a: Annihilape\n|-boost|p1a: Annihilape|atk|1\n|-boost|p1a: Annihilape|def|1\n|\n|-heal|p1a: Annihilape|49/292|[from] item: Leftovers\n|upkeep\n|turn|21\n|inactive|Time left: 300 sec this turn | 300 sec total\n|\n|t:|1783564614\n|move|p2a: Zebstrika|High Horsepower|p1a: Annihilape\n|-damage|p1a: Annihilape|0 fnt\n|faint|p1a: Annihilape\n|-damage|p2a: Zebstrika|0 fnt|[from] item: Life Orb\n|faint|p2a: Zebstrika\n|\n|win|p0x21230a51", "uploadtime": 1783564614, "views": 0, "rating": 0, "private": 0, "password": null, "_winner": "p0x21230a51", "_our_name": "p0x21230a51"}