{"id": "battle-gen9randombattle-1348", "formatid": "gen9randombattle", "format": "[Gen 9] Random Battle", "players": ["p0x1348f3d9", "p0y1348baba"], "log": "|init|battle\n|title|p0x1348f3d9 vs. p0y1348baba\n|j|\u2606p0x1348f3d9\n|j|\u2606p0y1348baba\n|t:|1783555654\n|gametype|singles\n|player|p1|p0x1348f3d9|102|\n|player|p2|p0y1348baba|101|\n|gen|9\n|tier|[Gen 9] Random Battle\n|rule|Species Clause: Limit one of each Pok\u00e9mon\n|rule|HP Percentage Mod: HP is shown in percentages\n|rule|Sleep Clause Mod: Limit one foe put to sleep\n|rule|Illusion Level Mod: Illusion disguises the Pok\u00e9mon's true level\n|\n|t:|1783555654\n|teamsize|p1|6\n|teamsize|p2|6\n|start\n|switch|p1a: Tatsugiri|Tatsugiri, L87, M|260/260\n|switch|p2a: Dodrio|Dodrio, L85, F|100/100\n|turn|1\n|inactive|Battle timer is ON: inactive players will automatically lose when time's up. (requested by p0x1348f3d9)\n|inactive|p0y1348baba also wants the timer to be on.\n|\n|t:|1783555656\n|move|p2a: Dodrio|Brave Bird|p1a: Tatsugiri\n|-damage|p1a: Tatsugiri|70/260\n|-damage|p2a: Dodrio|74/100|[from] Recoil\n|move|p1a: Tatsugiri|Hydro Pump|p2a: Dodrio\n|-damage|p2a: Dodrio|0 fnt\n|faint|p2a: Dodrio\n|\n|upkeep\n|\n|t:|1783555657\n|switch|p2a: Eternatus|Eternatus, L69|100/100\n|-ability|p2a: Eternatus|Pressure\n|turn|2\n|inactive|Time left: 300 sec this turn | 300 sec total\n|\n|t:|1783555658\n|switch|p1a: Hippowdon|Hippowdon, L82, M|311/311\n|-weather|Sandstorm|[from] ability: Sand Stream|[of] p1a: Hippowdon\n|move|p2a: Eternatus|Dynamax Cannon|p1a: Hippowdon\n|-damage|p1a: Hippowdon|202/311\n|\n|-weather|Sandstorm|[upkeep]\n|-damage|p2a: Eternatus|94/100|[from] Sandstorm\n|-heal|p2a: Eternatus|100/100|[from] item: Leftovers\n|-heal|p1a: Hippowdon|221/311|[from] item: Leftovers\n|upkeep\n|turn|3\n|inactive|Time left: 300 sec this turn | 300 sec total\n|\n|t:|1783555659\n|move|p2a: Eternatus|Dynamax Cannon|p1a: Hippowdon\n|-damage|p1a: Hippowdon|109/311\n|move|p1a: Hippowdon|Earthquake|p2a: Eternatus\n|-supereffective|p2a: Eternatus\n|-damage|p2a: Eternatus|18/100\n|\n|-weather|Sandstorm|[upkeep]\n|-damage|p2a: Eternatus|12/100|[from] Sandstorm\n|-heal|p2a: Eternatus|18/100|[from] item: Leftovers\n|-heal|p1a: Hippowdon|128/311|[from] item: Leftovers\n|upkeep\n|turn|4\n|inactive|Time left: 300 sec this turn | 300 sec total\n|\n|t:|1783555660\n|move|p2a: Eternatus|Dynamax Cannon|p1a: Hippowdon\n|-damage|p1a: Hippowdon|16/311\n|move|p1a: Hippowdon|Slack Off|p1a: Hippowdon\n|-heal|p1a: Hippowdon|172/311\n|\n|-weather|Sandstorm|[upkeep]\n|-damage|p2a: Eternatus|12/100|[from] Sandstorm\n|-heal|p2a: Eternatus|18/100|[from] item: Leftovers\n|-heal|p1a: Hippowdon|191/311|[from] item: Leftovers\n|upkeep\n|turn|5\n|inactive|Time left: 300 sec this turn | 300 sec total\n|\n|t:|1783555661\n|move|p2a: Eternatus|Dynamax Cannon|p1a: Hippowdon\n|-damage|p1a: Hippowdon|70/311\n|move|p1a: Hippowdon|Earthquake|p2a: Eternatus\n|-supereffective|p2a: Eternatus\n|-damage|p2a: Eternatus|0 fnt\n|faint|p2a: Eternatus\n|\n|-weather|Sandstorm|[upkeep]\n|-heal|p1a: Hippowdon|89/311|[from] item: Leftovers\n|upkeep\n|\n|t:|1783555663\n|switch|p2a: Slither Wing|Slither Wing, L81|100/100\n|-enditem|p2a: Slither Wing|Booster Energy\n|-activate|p2a: Slither Wing|ability: Protosynthesis|[fromitem]\n|-start|p2a: Slither Wing|protosynthesisatk\n|turn|6\n|inactive|Time left: 300 sec this turn | 300 sec total\n|\n|t:|1783555664\n|move|p2a: Slither Wing|Acrobatics|p1a: Hippowdon\n|-damage|p1a: Hippowdon|0 fnt\n|faint|p1a: Hippowdon\n|\n|-weather|none\n|upkeep\n|inactive|Time left: 300 sec this turn | 300 sec total | 5 sec grace\n|\n|t:|1783555665\n|switch|p1a: Regirock|Regirock, L83|268/268\n|turn|7\n|inactive|Time left: 300 sec this turn | 300 sec total\n|\n|t:|1783555666\n|move|p2a: Slither Wing|Bulk Up|p2a: Slither Wing\n|-boost|p2a: Slither Wing|atk|1\n|-boost|p2a: Slither Wing|def|1\n|move|p1a: Regirock|Stone Edge|p2a: Slither Wing\n|-damage|p2a: Slither Wing|71/100\n|\n|upkeep\n|turn|8\n|inactive|Time left: 300 sec this turn | 300 sec total\n|\n|t:|1783555668\n|move|p2a: Slither Wing|Close Combat|p1a: Regirock\n|-supereffective|p1a: Regirock\n|-damage|p1a: Regirock|0 fnt\n|-unboost|p2a: Slither Wing|def|1\n|-unboost|p2a: Slither Wing|spd|1\n|faint|p1a: Regirock\n|\n|upkeep\n|inactive|Time left: 300 sec this turn | 300 sec total | 5 sec grace\n|\n|t:|1783555669\n|switch|p1a: Tatsugiri|Tatsugiri, L87, M|70/260\n|turn|9\n|inactive|Time left: 300 sec this turn | 300 sec total\n|\n|t:|1783555670\n|move|p1a: Tatsugiri|Draco Meteor|p2a: Slither Wing\n|-damage|p2a: Slither Wing|0 fnt\n|-unboost|p1a: Tatsugiri|spa|2\n|faint|p2a: Slither Wing\n|-end|p2a: Slither Wing|Protosynthesis|[silent]\n|\n|upkeep\n|\n|t:|1783555671\n|switch|p2a: Diancie|Diancie, L82|100/100\n|turn|10\n|inactive|Time left: 300 sec this turn | 300 sec total\n|\n|t:|1783555672\n|switch|p1a: Skuntank|Skuntank, L84, F|310/310\n|move|p2a: Diancie|Diamond Storm|p1a: Skuntank\n|-damage|p1a: Skuntank|175/310\n|\n|upkeep\n|turn|11\n|inactive|Time left: 300 sec this turn | 300 sec total\n|\n|t:|1783555673\n|move|p1a: Skuntank|Gunk Shot|p2a: Diancie|[miss]\n|-miss|p1a: Skuntank|p2a: Diancie\n|move|p2a: Diancie|Diamond Storm|p1a: Skuntank\n|-damage|p1a: Skuntank|60/310\n|-boost|p2a: Diancie|def|2\n|\n|upkeep\n|turn|12\n|inactive|Time left: 300 sec this turn | 300 sec total\n|\n|t:|1783555675\n|move|p1a: Skuntank|Knock Off|p2a: Diancie\n|-resisted|p2a: Diancie\n|-damage|p2a: Diancie|93/100\n|-enditem|p2a: Diancie|Leftovers|[from] move: Knock Off|[of] p1a: Skuntank\n|move|p2a: Diancie|Diamond Storm|p1a: Skuntank\n|-damage|p1a: Skuntank|0 fnt\n|-boost|p2a: Diancie|def|2\n|faint|p1a: Skuntank\n|\n|upkeep\n|inactive|Time left: 300 sec this turn | 300 sec total | 5 sec grace\n|\n|t:|1783555676\n|switch|p1a: Tatsugiri|Tatsugiri, L87, M|70/260\n|turn|13\n|inactive|Time left: 300 sec this turn | 300 sec total\n|\n|t:|1783555677\n|-terastallize|p2a: Diancie|Fighting\n|move|p1a: Tatsugiri|Hydro Pump|p2a: Diancie\n|-damage|p2a: Diancie|49/100\n|move|p2a: Diancie|Body Press|p1a: Tatsugiri\n|-damage|p1a: Tatsugiri|0 fnt\n|faint|p1a: Tatsugiri\n|\n|upkeep\n|inactive|Time left: 300 sec this turn | 300 sec total | 5 sec grace\n|\n|t:|1783555678\n|switch|p1a: Brute Bonnet|Brute Bonnet, L80|309/309\n|turn|14\n|inactive|Time left: 300 sec this turn | 300 sec total\n|\n|t:|1783555679\n|move|p1a: Brute Bonnet|Spore|p2a: Diancie\n|-status|p2a: Diancie|slp|[from] move: Spore\n|cant|p2a: Diancie|slp\n|\n|upkeep\n|turn|15\n|inactive|Time left: 300 sec this turn | 300 sec total\n|\n|t:|1783555680\n|move|p1a: Brute Bonnet|Spore|p2a: Diancie\n|-fail|p2a: Diancie|slp\n|-curestatus|p2a: Diancie|slp|[msg]\n|move|p2a: Diancie|Body Press|p1a: Brute Bonnet\n|-supereffective|p1a: Brute Bonnet\n|-damage|p1a: Brute Bonnet|0 fnt\n|faint|p1a: Brute Bonnet\n|-end|p1a: Brute Bonnet|Protosynthesis|[silent]\n|\n|upkeep\n|inactive|Time left: 300 sec this turn | 300 sec total | 5 sec grace\n|\n|t:|1783555681\n|switch|p1a: Zamazenta|Zamazenta, L71|248/248\n|-ability|p1a: Zamazenta|Dauntless Shield|boost\n|-boost|p1a: Zamazenta|def|1\n|turn|16\n|inactive|Time left: 300 sec this turn | 300 sec total\n|\n|t:|1783555682\n|move|p1a: Zamazenta|Psychic Fangs|p2a: Diancie\n|-supereffective|p2a: Diancie\n|-damage|p2a: Diancie|32/100\n|move|p2a: Diancie|Body Press|p1a: Zamazenta\n|-damage|p1a: Zamazenta|28/248\n|\n|upkeep\n|turn|17\n|inactive|Time left: 300 sec this turn | 300 sec total\n|\n|t:|1783555683\n|move|p1a: Zamazenta|Psychic Fangs|p2a: Diancie\n|-supereffective|p2a: Diancie\n|-damage|p2a: Diancie|15/100\n|move|p2a: Diancie|Moonblast|p1a: Zamazenta\n|-supereffective|p1a: Zamazenta\n|-damage|p1a: Zamazenta|0 fnt\n|faint|p1a: Zamazenta\n|\n|win|p0y1348baba", "uploadtime": 1783555683, "views": 0, "rating": 0, "private": 0, "password": null, "_winner": "p0y1348baba", "_our_name": "p0x1348f3d9"}