{"id": "battle-gen9randombattle-2543", "formatid": "gen9randombattle", "format": "[Gen 9] Random Battle", "players": ["p0x25435ff7", "p0y2543fa92"], "log": "|init|battle\n|title|p0x25435ff7 vs. p0y2543fa92\n|j|\u2606p0x25435ff7\n|j|\u2606p0y2543fa92\n|t:|1783569411\n|gametype|singles\n|player|p1|p0x25435ff7|266|\n|player|p2|p0y2543fa92|1|\n|gen|9\n|tier|[Gen 9] Random Battle\n|rule|Species Clause: Limit one of each Pok\u00e9mon\n|rule|HP Percentage Mod: HP is shown in percentages\n|rule|Sleep Clause Mod: Limit one foe put to sleep\n|rule|Illusion Level Mod: Illusion disguises the Pok\u00e9mon's true level\n|\n|t:|1783569411\n|teamsize|p1|6\n|teamsize|p2|6\n|start\n|switch|p1a: Drifblim|Drifblim, L86, F|100/100\n|switch|p2a: Ludicolo|Ludicolo, L90, M|290/290\n|turn|1\n|inactive|Battle timer is ON: inactive players will automatically lose when time's up. (requested by p0y2543fa92)\n|inactive|p0x25435ff7 also wants the timer to be on.\n|\n|t:|1783569413\n|move|p1a: Drifblim|Calm Mind|p1a: Drifblim\n|-boost|p1a: Drifblim|spa|1\n|-boost|p1a: Drifblim|spd|1\n|move|p2a: Ludicolo|Hydro Pump|p1a: Drifblim\n|-damage|p1a: Drifblim|65/100\n|-damage|p2a: Ludicolo|261/290|[from] item: Life Orb\n|\n|upkeep\n|turn|2\n|inactive|Time left: 300 sec this turn | 300 sec total\n|\n|t:|1783569414\n|switch|p2a: Tinkaton|Tinkaton, L82, F|274/274\n|-ability|p2a: Tinkaton|Mold Breaker\n|move|p1a: Drifblim|Air Slash|p2a: Tinkaton\n|-resisted|p2a: Tinkaton\n|-damage|p2a: Tinkaton|220/274\n|\n|-heal|p2a: Tinkaton|237/274|[from] item: Leftovers\n|upkeep\n|turn|3\n|inactive|Time left: 300 sec this turn | 300 sec total\n|\n|t:|1783569415\n|move|p2a: Tinkaton|Knock Off|p1a: Drifblim\n|-supereffective|p1a: Drifblim\n|-damage|p1a: Drifblim|21/100\n|-enditem|p1a: Drifblim|Sitrus Berry|[from] move: Knock Off|[of] p2a: Tinkaton\n|move|p1a: Drifblim|Strength Sap|p2a: Tinkaton\n|-unboost|p2a: Tinkaton|atk|1\n|-heal|p1a: Drifblim|64/100\n|\n|-heal|p2a: Tinkaton|254/274|[from] item: Leftovers\n|upkeep\n|turn|4\n|inactive|Time left: 300 sec this turn | 300 sec total\n|\n|t:|1783569416\n|move|p1a: Drifblim|Strength Sap|p2a: Tinkaton\n|-unboost|p2a: Tinkaton|atk|1\n|-heal|p1a: Drifblim|93/100\n|move|p2a: Tinkaton|Stealth Rock|p1a: Drifblim\n|-sidestart|p1: p0x25435ff7|move: Stealth Rock\n|\n|-heal|p2a: Tinkaton|271/274|[from] item: Leftovers\n|upkeep\n|turn|5\n|inactive|Time left: 300 sec this turn | 300 sec total\n|\n|t:|1783569417\n|switch|p2a: Crawdaunt|Crawdaunt, L84, F|243/243\n|move|p1a: Drifblim|Calm Mind|p1a: Drifblim\n|-boost|p1a: Drifblim|spa|1\n|-boost|p1a: Drifblim|spd|1\n|\n|upkeep\n|turn|6\n|inactive|Time left: 300 sec this turn | 300 sec total\n|\n|t:|1783569418\n|move|p1a: Drifblim|Air Slash|p2a: Crawdaunt\n|-damage|p2a: Crawdaunt|12/243\n|cant|p2a: Crawdaunt|flinch\n|\n|upkeep\n|turn|7\n|inactive|Time left: 300 sec this turn | 300 sec total\n|\n|t:|1783569419\n|move|p2a: Crawdaunt|Aqua Jet|p1a: Drifblim\n|-damage|p1a: Drifblim|59/100\n|-damage|p2a: Crawdaunt|0 fnt|[from] item: Life Orb\n|faint|p2a: Crawdaunt\n|move|p1a: Drifblim|Shadow Ball|p2: Crawdaunt|[notarget]\n|-fail|p1a: Drifblim\n|\n|upkeep\n|inactive|Time left: 300 sec this turn | 300 sec total | 5 sec grace\n|\n|t:|1783569420\n|switch|p2a: Tinkaton|Tinkaton, L82, F|271/274\n|-ability|p2a: Tinkaton|Mold Breaker\n|turn|8\n|inactive|Time left: 300 sec this turn | 300 sec total\n|\n|t:|1783569421\n|move|p1a: Drifblim|Strength Sap|p2a: Tinkaton\n|-unboost|p2a: Tinkaton|atk|1\n|-heal|p1a: Drifblim|100/100\n|move|p2a: Tinkaton|Gigaton Hammer|p1a: Drifblim\n|-damage|p1a: Drifblim|66/100\n|\n|-heal|p2a: Tinkaton|274/274|[from] item: Leftovers\n|upkeep\n|turn|9\n|inactive|Time left: 300 sec this turn | 300 sec total\n|\n|t:|1783569422\n|move|p1a: Drifblim|Shadow Ball|p2a: Tinkaton\n|-damage|p2a: Tinkaton|115/274\n|-unboost|p2a: Tinkaton|spd|1\n|move|p2a: Tinkaton|Play Rough|p1a: Drifblim|[miss]\n|-miss|p2a: Tinkaton|p1a: Drifblim\n|\n|-heal|p2a: Tinkaton|132/274|[from] item: Leftovers\n|upkeep\n|turn|10\n|inactive|Time left: 300 sec this turn | 300 sec total\n|\n|t:|1783569423\n|move|p1a: Drifblim|Shadow Ball|p2a: Tinkaton\n|-damage|p2a: Tinkaton|0 fnt\n|faint|p2a: Tinkaton\n|\n|upkeep\n|inactive|Time left: 300 sec this turn | 300 sec total | 5 sec grace\n|\n|t:|1783569423\n|switch|p2a: Ludicolo|Ludicolo, L90, M|261/290\n|turn|11\n|inactive|Time left: 300 sec this turn | 300 sec total\n|\n|t:|1783569424\n|move|p1a: Drifblim|Air Slash|p2a: Ludicolo\n|-supereffective|p2a: Ludicolo\n|-damage|p2a: Ludicolo|3/290\n|move|p2a: Ludicolo|Ice Beam|p1a: Drifblim\n|-supereffective|p1a: Drifblim\n|-damage|p1a: Drifblim|35/100\n|-damage|p2a: Ludicolo|0 fnt|[from] item: Life Orb\n|faint|p2a: Ludicolo\n|\n|upkeep\n|inactive|Time left: 300 sec this turn | 300 sec total | 5 sec grace\n|\n|t:|1783569426\n|switch|p2a: Palossand|Palossand, L89, M|296/296\n|turn|12\n|inactive|Time left: 300 sec this turn | 300 sec total\n|\n|t:|1783569426\n|-terastallize|p2a: Palossand|Poison\n|move|p1a: Drifblim|Strength Sap|p2a: Palossand\n|-unboost|p2a: Palossand|atk|1\n|-heal|p1a: Drifblim|69/100\n|move|p2a: Palossand|Shadow Ball|p1a: Drifblim\n|-supereffective|p1a: Drifblim\n|-damage|p1a: Drifblim|33/100\n|\n|upkeep\n|turn|13\n|inactive|Time left: 300 sec this turn | 300 sec total\n|\n|t:|1783569427\n|move|p1a: Drifblim|Strength Sap|p2a: Palossand\n|-unboost|p2a: Palossand|atk|1\n|-heal|p1a: Drifblim|56/100\n|move|p2a: Palossand|Shadow Ball|p1a: Drifblim\n|-supereffective|p1a: Drifblim\n|-damage|p1a: Drifblim|21/100\n|\n|upkeep\n|turn|14\n|inactive|Time left: 300 sec this turn | 300 sec total\n|\n|t:|1783569428\n|move|p1a: Drifblim|Strength Sap|p2a: Palossand\n|-unboost|p2a: Palossand|atk|1\n|-heal|p1a: Drifblim|38/100\n|move|p2a: Palossand|Shadow Ball|p1a: Drifblim\n|-supereffective|p1a: Drifblim\n|-damage|p1a: Drifblim|6/100\n|\n|upkeep\n|turn|15\n|inactive|Time left: 300 sec this turn | 300 sec total\n|\n|t:|1783569430\n|move|p1a: Drifblim|Air Slash|p2a: Palossand\n|-damage|p2a: Palossand|121/296\n|move|p2a: Palossand|Shadow Ball|p1a: Drifblim\n|-supereffective|p1a: Drifblim\n|-damage|p1a: Drifblim|0 fnt\n|faint|p1a: Drifblim\n|\n|-heal|p2a: Palossand|139/296|[from] item: Leftovers\n|upkeep\n|\n|t:|1783569430\n|switch|p1a: Iron Treads|Iron Treads, L77|100/100\n|-damage|p1a: Iron Treads|97/100|[from] Stealth Rock\n|turn|16\n|inactive|Time left: 300 sec this turn | 300 sec total\n|\n|t:|1783569431\n|move|p1a: Iron Treads|Earthquake|p2a: Palossand\n|-supereffective|p2a: Palossand\n|-damage|p2a: Palossand|0 fnt\n|faint|p2a: Palossand\n|\n|-heal|p1a: Iron Treads|100/100|[from] item: Leftovers\n|upkeep\n|inactive|Time left: 300 sec this turn | 300 sec total | 5 sec grace\n|\n|t:|1783569432\n|switch|p2a: Rabsca|Rabsca, L91, F|284/284\n|turn|17\n|inactive|Time left: 300 sec this turn | 300 sec total\n|\n|t:|1783569433\n|move|p1a: Iron Treads|Rapid Spin|p2a: Rabsca\n|-damage|p2a: Rabsca|253/284\n|-boost|p1a: Iron Treads|spe|1\n|-sideend|p1: p0x25435ff7|Stealth Rock|[from] move: Rapid Spin|[of] p1a: Iron Treads\n|move|p2a: Rabsca|Bug Buzz|p1a: Iron Treads\n|-resisted|p1a: Iron Treads\n|-damage|p1a: Iron Treads|72/100\n|\n|-heal|p1a: Iron Treads|78/100|[from] item: Leftovers\n|upkeep\n|turn|18\n|inactive|Time left: 300 sec this turn | 300 sec total\n|\n|t:|1783569434\n|move|p1a: Iron Treads|Iron Head|p2a: Rabsca\n|-damage|p2a: Rabsca|177/284\n|cant|p2a: Rabsca|flinch\n|\n|-heal|p1a: Iron Treads|84/100|[from] item: Leftovers\n|upkeep\n|turn|19\n|inactive|Time left: 300 sec this turn | 300 sec total\n|\n|t:|1783569435\n|move|p1a: Iron Treads|Iron Head|p2a: Rabsca\n|-damage|p2a: Rabsca|104/284\n|move|p2a: Rabsca|Bug Buzz|p1a: Iron Treads\n|-resisted|p1a: Iron Treads\n|-damage|p1a: Iron Treads|53/100\n|\n|-heal|p1a: Iron Treads|59/100|[from] item: Leftovers\n|upkeep\n|turn|20\n|inactive|Time left: 300 sec this turn | 300 sec total\n|\n|t:|1783569436\n|move|p1a: Iron Treads|Iron Head|p2a: Rabsca\n|-damage|p2a: Rabsca|26/284\n|move|p2a: Rabsca|Psychic|p1a: Iron Treads\n|-resisted|p1a: Iron Treads\n|-damage|p1a: Iron Treads|30/100\n|\n|-heal|p1a: Iron Treads|36/100|[from] item: Leftovers\n|upkeep\n|turn|21\n|inactive|Time left: 300 sec this turn | 300 sec total\n|\n|t:|1783569437\n|switch|p2a: Minior|Minior-Indigo, L79|224/224\n|-formechange|p2a: Minior|Minior-Meteor||[from] ability: Shields Down\n|move|p1a: Iron Treads|Earthquake|p2a: Minior\n|-immune|p2a: Minior\n|\n|-heal|p1a: Iron Treads|42/100|[from] item: Leftovers\n|upkeep\n|turn|22\n|inactive|Time left: 300 sec this turn | 300 sec total\n|\n|t:|1783569438\n|move|p1a: Iron Treads|Iron Head|p2a: Minior\n|-supereffective|p2a: Minior\n|-damage|p2a: Minior|66/224\n|cant|p2a: Minior|flinch\n|\n|-heal|p1a: Iron Treads|48/100|[from] item: Leftovers\n|-formechange|p2a: Minior|Minior-Indigo||[from] ability: Shields Down\n|upkeep\n|turn|23\n|inactive|Time left: 300 sec this turn | 300 sec total\n|\n|t:|1783569439\n|move|p1a: Iron Treads|Iron Head|p2a: Minior\n|-supereffective|p2a: Minior\n|-damage|p2a: Minior|0 fnt\n|faint|p2a: Minior\n|\n|-heal|p1a: Iron Treads|54/100|[from] item: Leftovers\n|upkeep\n|inactive|Time left: 300 sec this turn | 300 sec total | 5 sec grace\n|\n|t:|1783569440\n|switch|p2a: Rabsca|Rabsca, L91, F|26/284\n|turn|24\n|inactive|Time left: 300 sec this turn | 300 sec total\n|\n|t:|1783569441\n|move|p1a: Iron Treads|Iron Head|p2a: Rabsca\n|-damage|p2a: Rabsca|0 fnt\n|faint|p2a: Rabsca\n|\n|win|p0x25435ff7", "uploadtime": 1783569441, "views": 0, "rating": 0, "private": 0, "password": null, "_winner": "p0x25435ff7", "_our_name": "p0y2543fa92"}