{"id": "battle-gen9randombattle-374", "formatid": "gen9randombattle", "format": "[Gen 9] Random Battle", "players": ["p0x3743a3a", "p0y3745e8d"], "log": "|init|battle\n|title|p0x3743a3a vs. p0y3745e8d\n|j|\u2606p0x3743a3a\n|j|\u2606p0y3745e8d\n|t:|1783543994\n|gametype|singles\n|player|p1|p0x3743a3a|265|\n|player|p2|p0y3745e8d|265|\n|gen|9\n|tier|[Gen 9] Random Battle\n|rule|Species Clause: Limit one of each Pok\u00e9mon\n|rule|HP Percentage Mod: HP is shown in percentages\n|rule|Sleep Clause Mod: Limit one foe put to sleep\n|rule|Illusion Level Mod: Illusion disguises the Pok\u00e9mon's true level\n|\n|t:|1783543994\n|teamsize|p1|6\n|teamsize|p2|6\n|start\n|switch|p1a: Plusle|Plusle, L95, F|100/100\n|switch|p2a: Dodrio|Dodrio, L85, M|241/241\n|turn|1\n|inactive|Battle timer is ON: inactive players will automatically lose when time's up. (requested by p0x3743a3a)\n|inactive|Time left: 300 sec this turn | 300 sec total | 60 sec grace\n|inactive|p0y3745e8d also wants the timer to be on.\n|\n|t:|1783543996\n|-terastallize|p2a: Dodrio|Normal\n|move|p2a: Dodrio|Double-Edge|p1a: Plusle\n|-damage|p1a: Plusle|0 fnt\n|faint|p1a: Plusle\n|-damage|p2a: Dodrio|153/241|[from] Recoil\n|\n|upkeep\n|\n|t:|1783543998\n|switch|p1a: Incineroar|Incineroar, L82, F|100/100\n|-ability|p1a: Incineroar|Intimidate|boost\n|-unboost|p2a: Dodrio|atk|1\n|turn|2\n|inactive|Time left: 300 sec this turn | 300 sec total\n|\n|t:|1783543999\n|switch|p2a: Dipplin|Dipplin, L88, M|284/284\n|move|p1a: Incineroar|Knock Off|p2a: Dipplin\n|-damage|p2a: Dipplin|187/284\n|-activate|p2a: Dipplin|ability: Sticky Hold\n|\n|upkeep\n|turn|3\n|inactive|Time left: 300 sec this turn | 300 sec total\n|\n|t:|1783544000\n|move|p1a: Incineroar|Knock Off|p2a: Dipplin\n|-damage|p2a: Dipplin|99/284\n|-activate|p2a: Dipplin|ability: Sticky Hold\n|move|p2a: Dipplin|Dragon Pulse|p1a: Incineroar\n|-damage|p1a: Incineroar|69/100\n|\n|upkeep\n|turn|4\n|inactive|Time left: 300 sec this turn | 300 sec total\n|\n|t:|1783544001\n|move|p1a: Incineroar|Knock Off|p2a: Dipplin\n|-damage|p2a: Dipplin|8/284\n|-activate|p2a: Dipplin|ability: Sticky Hold\n|move|p2a: Dipplin|Recover|p2a: Dipplin\n|-heal|p2a: Dipplin|150/284\n|\n|upkeep\n|turn|5\n|inactive|Time left: 300 sec this turn | 300 sec total\n|\n|t:|1783544002\n|move|p1a: Incineroar|Knock Off|p2a: Dipplin\n|-damage|p2a: Dipplin|68/284\n|-activate|p2a: Dipplin|ability: Sticky Hold\n|move|p2a: Dipplin|Recover|p2a: Dipplin\n|-heal|p2a: Dipplin|210/284\n|\n|upkeep\n|turn|6\n|inactive|Time left: 300 sec this turn | 300 sec total\n|\n|t:|1783544003\n|move|p1a: Incineroar|Knock Off|p2a: Dipplin\n|-damage|p2a: Dipplin|128/284\n|-activate|p2a: Dipplin|ability: Sticky Hold\n|move|p2a: Dipplin|Dragon Pulse|p1a: Incineroar\n|-damage|p1a: Incineroar|35/100\n|\n|upkeep\n|turn|7\n|inactive|Time left: 300 sec this turn | 300 sec total\n|\n|t:|1783544004\n|move|p1a: Incineroar|Knock Off|p2a: Dipplin\n|-damage|p2a: Dipplin|40/284\n|-activate|p2a: Dipplin|ability: Sticky Hold\n|move|p2a: Dipplin|Recover|p2a: Dipplin\n|-heal|p2a: Dipplin|182/284\n|\n|upkeep\n|turn|8\n|inactive|Time left: 300 sec this turn | 300 sec total\n|\n|t:|1783544005\n|move|p1a: Incineroar|Knock Off|p2a: Dipplin\n|-damage|p2a: Dipplin|86/284\n|-activate|p2a: Dipplin|ability: Sticky Hold\n|move|p2a: Dipplin|Dragon Pulse|p1a: Incineroar\n|-damage|p1a: Incineroar|0 fnt\n|faint|p1a: Incineroar\n|\n|upkeep\n|\n|t:|1783544006\n|switch|p1a: Sunflora|Sunflora, F|100/100\n|turn|9\n|inactive|Time left: 300 sec this turn | 300 sec total\n|\n|t:|1783544007\n|move|p2a: Dipplin|Recover|p2a: Dipplin\n|-heal|p2a: Dipplin|228/284\n|move|p1a: Sunflora|Sludge Bomb|p2a: Dipplin\n|-supereffective|p2a: Dipplin\n|-damage|p2a: Dipplin|34/284\n|\n|upkeep\n|turn|10\n|inactive|Time left: 300 sec this turn | 300 sec total\n|\n|t:|1783544008\n|switch|p2a: Muk|Muk-Alola, L82, F|306/306\n|move|p1a: Sunflora|Sludge Bomb|p2a: Muk\n|-resisted|p2a: Muk\n|-damage|p2a: Muk|262/306\n|\n|upkeep\n|turn|11\n|inactive|Time left: 300 sec this turn | 300 sec total\n|\n|t:|1783544009\n|switch|p1a: Heatran|Heatran, L79, M|100/100\n|-item|p1a: Heatran|Air Balloon\n|move|p2a: Muk|Knock Off|p1a: Heatran\n|-damage|p1a: Heatran|67/100\n|-enditem|p1a: Heatran|Air Balloon\n|\n|upkeep\n|turn|12\n|inactive|Time left: 300 sec this turn | 300 sec total\n|\n|t:|1783544010\n|move|p1a: Heatran|Lava Plume|p2a: Muk\n|-damage|p2a: Muk|207/306\n|move|p2a: Muk|Drain Punch|p1a: Heatran\n|-supereffective|p1a: Heatran\n|-damage|p1a: Heatran|30/100\n|-heal|p2a: Muk|258/306|[from] drain|[of] p1a: Heatran\n|\n|upkeep\n|turn|13\n|inactive|Time left: 300 sec this turn | 300 sec total\n|\n|t:|1783544012\n|move|p1a: Heatran|Lava Plume|p2a: Muk\n|-damage|p2a: Muk|201/306\n|move|p2a: Muk|Drain Punch|p1a: Heatran\n|-supereffective|p1a: Heatran\n|-damage|p1a: Heatran|0 fnt\n|-heal|p2a: Muk|241/306|[from] drain|[of] p1a: Heatran\n|faint|p1a: Heatran\n|\n|upkeep\n|\n|t:|1783544013\n|switch|p1a: Ursaring|Ursaring, L84, F|100/100\n|turn|14\n|inactive|Time left: 300 sec this turn | 300 sec total\n|\n|t:|1783544014\n|switch|p2a: Avalugg|Avalugg-Hisui, L90, M|317/317\n|move|p1a: Ursaring|Earthquake|p2a: Avalugg\n|-supereffective|p2a: Avalugg\n|-damage|p2a: Avalugg|223/317\n|\n|upkeep\n|turn|15\n|inactive|Time left: 300 sec this turn | 300 sec total\n|\n|t:|1783544015\n|move|p1a: Ursaring|Earthquake|p2a: Avalugg\n|-supereffective|p2a: Avalugg\n|-damage|p2a: Avalugg|127/317\n|move|p2a: Avalugg|Avalanche|p1a: Ursaring\n|-damage|p1a: Ursaring|54/100\n|\n|upkeep\n|turn|16\n|inactive|Time left: 300 sec this turn | 300 sec total\n|\n|t:|1783544016\n|move|p1a: Ursaring|Earthquake|p2a: Avalugg\n|-supereffective|p2a: Avalugg\n|-damage|p2a: Avalugg|35/317\n|move|p2a: Avalugg|Recover|p2a: Avalugg\n|-heal|p2a: Avalugg|194/317\n|\n|upkeep\n|turn|17\n|inactive|Time left: 300 sec this turn | 300 sec total\n|\n|t:|1783544017\n|move|p1a: Ursaring|Body Slam|p2a: Avalugg\n|-resisted|p2a: Avalugg\n|-damage|p2a: Avalugg|165/317\n|move|p2a: Avalugg|Recover|p2a: Avalugg\n|-heal|p2a: Avalugg|317/317\n|\n|upkeep\n|turn|18\n|inactive|Time left: 300 sec this turn | 300 sec total\n|\n|t:|1783544018\n|switch|p1a: Forretress|Forretress, L84, M|100/100\n|move|p2a: Avalugg|Avalanche|p1a: Forretress\n|-resisted|p1a: Forretress\n|-damage|p1a: Forretress|88/100\n|\n|-heal|p1a: Forretress|94/100|[from] item: Leftovers\n|upkeep\n|turn|19\n|inactive|Time left: 300 sec this turn | 300 sec total\n|\n|t:|1783544019\n|switch|p2a: Eelektross|Eelektross, L87, M|290/290\n|move|p1a: Forretress|Iron Head|p2a: Eelektross\n|-resisted|p2a: Eelektross\n|-damage|p2a: Eelektross|247/290\n|\n|-heal|p2a: Eelektross|265/290|[from] item: Leftovers\n|-heal|p1a: Forretress|100/100|[from] item: Leftovers\n|upkeep\n|turn|20\n|inactive|Time left: 300 sec this turn | 300 sec total\n|\n|t:|1783544020\n|move|p2a: Eelektross|Coil|p2a: Eelektross\n|-boost|p2a: Eelektross|atk|1\n|-boost|p2a: Eelektross|def|1\n|-boost|p2a: Eelektross|accuracy|1\n|move|p1a: Forretress|Rapid Spin|p2a: Eelektross\n|-damage|p2a: Eelektross|243/290\n|-boost|p1a: Forretress|spe|1\n|\n|-heal|p2a: Eelektross|261/290|[from] item: Leftovers\n|upkeep\n|turn|21\n|inactive|Time left: 300 sec this turn | 300 sec total\n|\n|t:|1783544021\n|move|p1a: Forretress|Toxic Spikes|p2a: Eelektross\n|-sidestart|p2: p0y3745e8d|move: Toxic Spikes\n|move|p2a: Eelektross|Fire Punch|p1a: Forretress\n|-supereffective|p1a: Forretress\n|-ability|p1a: Forretress|Sturdy\n|-damage|p1a: Forretress|1/100\n|\n|-heal|p1a: Forretress|7/100|[from] item: Leftovers\n|-heal|p2a: Eelektross|279/290|[from] item: Leftovers\n|upkeep\n|turn|22\n|inactive|Time left: 300 sec this turn | 300 sec total\n|\n|t:|1783544022\n|move|p1a: Forretress|Toxic Spikes|p2a: Eelektross\n|-sidestart|p2: p0y3745e8d|move: Toxic Spikes\n|move|p2a: Eelektross|Fire Punch|p1a: Forretress\n|-supereffective|p1a: Forretress\n|-damage|p1a: Forretress|0 fnt\n|faint|p1a: Forretress\n|\n|-heal|p2a: Eelektross|290/290|[from] item: Leftovers\n|upkeep\n|\n|t:|1783544023\n|switch|p1a: Sunflora|Sunflora, F|100/100\n|turn|23\n|inactive|Time left: 300 sec this turn | 300 sec total\n|\n|t:|1783544024\n|move|p2a: Eelektross|Fire Punch|p1a: Sunflora\n|-supereffective|p1a: Sunflora\n|-damage|p1a: Sunflora|29/100\n|move|p1a: Sunflora|Leaf Storm|p2a: Eelektross|[miss]\n|-miss|p1a: Sunflora|p2a: Eelektross\n|\n|upkeep\n|turn|24\n|inactive|Time left: 300 sec this turn | 300 sec total\n|\n|t:|1783544026\n|switch|p1a: Ursaring|Ursaring, L84, F|54/100\n|move|p2a: Eelektross|Supercell Slam|p1a: Ursaring\n|-damage|p1a: Ursaring|0 fnt\n|faint|p1a: Ursaring\n|\n|upkeep\n|\n|t:|1783544026\n|switch|p1a: Sunflora|Sunflora, F|29/100\n|turn|25\n|inactive|Time left: 300 sec this turn | 300 sec total\n|\n|t:|1783544027\n|move|p2a: Eelektross|Fire Punch|p1a: Sunflora\n|-supereffective|p1a: Sunflora\n|-damage|p1a: Sunflora|0 fnt\n|faint|p1a: Sunflora\n|\n|win|p0y3745e8d", "uploadtime": 1783544027, "views": 0, "rating": 0, "private": 0, "password": null, "_winner": "p0y3745e8d", "_our_name": "p0y3745e8d"}