{"id": "battle-gen9randombattle-30", "formatid": "gen9randombattle", "format": "[Gen 9] Random Battle", "players": ["p0x030e71d", "p0y0308b44"], "log": "|init|battle\n|title|p0x030e71d vs. p0y0308b44\n|j|\u2606p0x030e71d\n|j|\u2606p0y0308b44\n|t:|1783539502\n|gametype|singles\n|player|p1|p0x030e71d|102|\n|player|p2|p0y0308b44|266|\n|gen|9\n|tier|[Gen 9] Random Battle\n|rule|Species Clause: Limit one of each Pok\u00e9mon\n|rule|HP Percentage Mod: HP is shown in percentages\n|rule|Sleep Clause Mod: Limit one foe put to sleep\n|rule|Illusion Level Mod: Illusion disguises the Pok\u00e9mon's true level\n|\n|t:|1783539502\n|teamsize|p1|6\n|teamsize|p2|6\n|start\n|switch|p1a: Mightyena|Mightyena, L96, M|100/100\n|switch|p2a: Maushold|Maushold, L76|238/238\n|-ability|p1a: Mightyena|Intimidate|boost\n|-unboost|p2a: Maushold|atk|1\n|turn|1\n|inactive|Battle timer is ON: inactive players will automatically lose when time's up. (requested by p0y0308b44)\n|inactive|p0x030e71d also wants the timer to be on.\n|\n|t:|1783539504\n|switch|p2a: Entei|Entei, L78|307/307\n|move|p1a: Mightyena|Crunch|p2a: Entei\n|-damage|p2a: Entei|192/307\n|-unboost|p2a: Entei|def|1\n|\n|upkeep\n|turn|2\n|inactive|Time left: 300 sec this turn | 300 sec total\n|\n|t:|1783539506\n|move|p2a: Entei|Sacred Fire|p1a: Mightyena\n|-damage|p1a: Mightyena|42/100\n|-status|p1a: Mightyena|brn\n|move|p1a: Mightyena|Crunch|p2a: Entei\n|-crit|p2a: Entei\n|-damage|p2a: Entei|58/307\n|\n|-damage|p1a: Mightyena|36/100 brn|[from] brn\n|upkeep\n|turn|3\n|inactive|Time left: 300 sec this turn | 300 sec total\n|\n|t:|1783539507\n|move|p1a: Mightyena|Sucker Punch|p2a: Entei\n|-damage|p2a: Entei|0 fnt\n|faint|p2a: Entei\n|\n|-damage|p1a: Mightyena|30/100 brn|[from] brn\n|upkeep\n|inactive|Time left: 300 sec this turn | 300 sec total | 5 sec grace\n|\n|t:|1783539508\n|switch|p2a: Haxorus|Haxorus, L77, F|244/244\n|-ability|p2a: Haxorus|Mold Breaker\n|turn|4\n|inactive|Time left: 300 sec this turn | 300 sec total\n|\n|t:|1783539509\n|move|p2a: Haxorus|Dragon Dance|p2a: Haxorus\n|-boost|p2a: Haxorus|atk|1\n|-boost|p2a: Haxorus|spe|1\n|move|p1a: Mightyena|Super Fang|p2a: Haxorus\n|-damage|p2a: Haxorus|122/244\n|\n|-damage|p1a: Mightyena|24/100 brn|[from] brn\n|upkeep\n|turn|5\n|inactive|Time left: 300 sec this turn | 300 sec total\n|\n|t:|1783539510\n|-terastallize|p1a: Mightyena|Fairy\n|move|p2a: Haxorus|Earthquake|p1a: Mightyena\n|-damage|p1a: Mightyena|0 fnt\n|faint|p1a: Mightyena\n|\n|upkeep\n|\n|t:|1783539511\n|switch|p1a: Great Tusk|Great Tusk, L77|100/100\n|turn|6\n|inactive|Time left: 300 sec this turn | 300 sec total\n|\n|t:|1783539512\n|move|p2a: Haxorus|Outrage|p1a: Great Tusk\n|-damage|p1a: Great Tusk|38/100\n|move|p1a: Great Tusk|Close Combat|p2a: Haxorus\n|-damage|p2a: Haxorus|0 fnt\n|-unboost|p1a: Great Tusk|def|1\n|-unboost|p1a: Great Tusk|spd|1\n|faint|p2a: Haxorus\n|\n|-heal|p1a: Great Tusk|45/100|[from] item: Leftovers\n|upkeep\n|inactive|Time left: 300 sec this turn | 300 sec total | 5 sec grace\n|\n|t:|1783539514\n|switch|p2a: Dragonite|Dragonite, L74, F|257/257\n|turn|7\n|inactive|Time left: 300 sec this turn | 300 sec total\n|\n|t:|1783539514\n|-end|p1a: Great Tusk|Protosynthesis|[silent]\n|switch|p1a: Piloswine|Piloswine, L85, M|100/100\n|move|p2a: Dragonite|Dragon Dance|p2a: Dragonite\n|-boost|p2a: Dragonite|atk|1\n|-boost|p2a: Dragonite|spe|1\n|\n|upkeep\n|turn|8\n|inactive|Time left: 300 sec this turn | 300 sec total\n|\n|t:|1783539516\n|move|p2a: Dragonite|Outrage|p1a: Piloswine\n|-damage|p1a: Piloswine|55/100\n|move|p1a: Piloswine|Icicle Crash|p2a: Dragonite\n|-supereffective|p2a: Dragonite\n|-damage|p2a: Dragonite|47/257\n|\n|upkeep\n|turn|9\n|inactive|Time left: 300 sec this turn | 300 sec total\n|\n|t:|1783539517\n|move|p1a: Piloswine|Ice Shard|p2a: Dragonite\n|-supereffective|p2a: Dragonite\n|-damage|p2a: Dragonite|0 fnt\n|faint|p2a: Dragonite\n|\n|upkeep\n|inactive|Time left: 300 sec this turn | 300 sec total | 5 sec grace\n|\n|t:|1783539518\n|switch|p2a: Oranguru|Oranguru, L92, M|315/315\n|turn|10\n|inactive|Time left: 300 sec this turn | 300 sec total\n|\n|t:|1783539519\n|move|p2a: Oranguru|Nasty Plot|p2a: Oranguru\n|-boost|p2a: Oranguru|spa|2\n|move|p1a: Piloswine|Earthquake|p2a: Oranguru\n|-damage|p2a: Oranguru|200/315\n|\n|-heal|p2a: Oranguru|219/315|[from] item: Leftovers\n|upkeep\n|turn|11\n|inactive|Time left: 300 sec this turn | 300 sec total\n|\n|t:|1783539520\n|move|p1a: Piloswine|Ice Shard|p2a: Oranguru\n|-damage|p2a: Oranguru|174/315\n|move|p2a: Oranguru|Focus Blast|p1a: Piloswine\n|-supereffective|p1a: Piloswine\n|-damage|p1a: Piloswine|0 fnt\n|faint|p1a: Piloswine\n|\n|-heal|p2a: Oranguru|193/315|[from] item: Leftovers\n|upkeep\n|\n|t:|1783539521\n|switch|p1a: Munkidori|Munkidori, L79, M|100/100\n|turn|12\n|inactive|Time left: 300 sec this turn | 300 sec total\n|\n|t:|1783539522\n|move|p1a: Munkidori|Sludge Wave|p2a: Oranguru\n|-damage|p2a: Oranguru|55/315\n|-status|p2a: Oranguru|tox|[from] ability: Toxic Chain|[of] p1a: Munkidori\n|move|p2a: Oranguru|Psyshock|p1a: Munkidori\n|-damage|p1a: Munkidori|9/100\n|\n|-heal|p2a: Oranguru|74/315 tox|[from] item: Leftovers\n|-damage|p2a: Oranguru|55/315 tox|[from] psn\n|upkeep\n|turn|13\n|inactive|Time left: 300 sec this turn | 300 sec total\n|\n|t:|1783539523\n|move|p1a: Munkidori|Sludge Wave|p2a: Oranguru\n|-damage|p2a: Oranguru|0 fnt\n|faint|p2a: Oranguru\n|\n|upkeep\n|inactive|Time left: 300 sec this turn | 300 sec total | 5 sec grace\n|\n|t:|1783539524\n|switch|p2a: Vivillon|Vivillon-Sandstorm, L83, F|268/268\n|turn|14\n|inactive|Time left: 300 sec this turn | 300 sec total\n|\n|t:|1783539525\n|-terastallize|p2a: Vivillon|Steel\n|move|p1a: Munkidori|Sludge Wave|p2a: Vivillon\n|-immune|p2a: Vivillon\n|move|p2a: Vivillon|Quiver Dance|p2a: Vivillon\n|-boost|p2a: Vivillon|spa|1\n|-boost|p2a: Vivillon|spd|1\n|-boost|p2a: Vivillon|spe|1\n|\n|upkeep\n|turn|15\n|inactive|Time left: 300 sec this turn | 300 sec total\n|\n|t:|1783539526\n|switch|p1a: Great Tusk|Great Tusk, L77|45/100\n|move|p2a: Vivillon|Quiver Dance|p2a: Vivillon\n|-boost|p2a: Vivillon|spa|1\n|-boost|p2a: Vivillon|spd|1\n|-boost|p2a: Vivillon|spe|1\n|\n|-heal|p1a: Great Tusk|51/100|[from] item: Leftovers\n|upkeep\n|turn|16\n|inactive|Time left: 300 sec this turn | 300 sec total\n|\n|t:|1783539527\n|move|p2a: Vivillon|Hurricane|p1a: Great Tusk\n|-supereffective|p1a: Great Tusk\n|-crit|p1a: Great Tusk\n|-damage|p1a: Great Tusk|0 fnt\n|faint|p1a: Great Tusk\n|-end|p1a: Great Tusk|Protosynthesis|[silent]\n|\n|upkeep\n|\n|t:|1783539528\n|switch|p1a: Munkidori|Munkidori, L79, M|9/100\n|turn|17\n|inactive|Time left: 300 sec this turn | 300 sec total\n|\n|t:|1783539530\n|move|p2a: Vivillon|Bug Buzz|p1a: Munkidori\n|-damage|p1a: Munkidori|0 fnt\n|faint|p1a: Munkidori\n|\n|upkeep\n|\n|t:|1783539531\n|switch|p1a: Bellossom|Bellossom, L84, M|100/100\n|turn|18\n|inactive|Time left: 300 sec this turn | 300 sec total\n|\n|t:|1783539531\n|move|p2a: Vivillon|Bug Buzz|p1a: Bellossom\n|-supereffective|p1a: Bellossom\n|-damage|p1a: Bellossom|0 fnt\n|faint|p1a: Bellossom\n|\n|upkeep\n|\n|t:|1783539532\n|switch|p1a: Hawlucha|Hawlucha, L80, F|100/100\n|turn|19\n|inactive|Time left: 300 sec this turn | 300 sec total\n|\n|t:|1783539533\n|move|p2a: Vivillon|Hurricane|p1a: Hawlucha\n|-supereffective|p1a: Hawlucha\n|-damage|p1a: Hawlucha|0 fnt\n|faint|p1a: Hawlucha\n|\n|win|p0y0308b44", "uploadtime": 1783539533, "views": 0, "rating": 0, "private": 0, "password": null, "_winner": "p0y0308b44", "_our_name": "p0y0308b44"}