{"id": "battle-gen9randombattle-1269", "formatid": "gen9randombattle", "format": "[Gen 9] Random Battle", "players": ["p0x126900a9", "p0y1269257f"], "log": "|init|battle\n|title|p0x126900a9 vs. p0y1269257f\n|j|\u2606p0x126900a9\n|j|\u2606p0y1269257f\n|t:|1783553841\n|gametype|singles\n|player|p1|p0x126900a9|265|\n|player|p2|p0y1269257f|1|\n|gen|9\n|tier|[Gen 9] Random Battle\n|rule|Species Clause: Limit one of each Pok\u00e9mon\n|rule|HP Percentage Mod: HP is shown in percentages\n|rule|Sleep Clause Mod: Limit one foe put to sleep\n|rule|Illusion Level Mod: Illusion disguises the Pok\u00e9mon's true level\n|\n|t:|1783553841\n|teamsize|p1|6\n|teamsize|p2|6\n|start\n|switch|p1a: Eiscue|Eiscue, L88, F|100/100\n|switch|p2a: Scovillain|Scovillain, L91, F|266/266\n|turn|1\n|inactive|Battle timer is ON: inactive players will automatically lose when time's up. (requested by p0x126900a9)\n|inactive|Time left: 300 sec this turn | 300 sec total | 60 sec grace\n|inactive|p0y1269257f also wants the timer to be on.\n|\n|t:|1783553843\n|switch|p1a: Zacian|Zacian, L69|100/100\n|-ability|p1a: Zacian|Intrepid Sword|boost\n|-boost|p1a: Zacian|atk|1\n|move|p2a: Scovillain|Flamethrower|p1a: Zacian\n|-damage|p1a: Zacian|53/100\n|\n|upkeep\n|turn|2\n|inactive|Time left: 300 sec this turn | 300 sec total\n|\n|t:|1783553844\n|switch|p1a: Golduck|Golduck, L90, F|100/100\n|-ability|p1a: Golduck|Cloud Nine\n|move|p2a: Scovillain|Flamethrower|p1a: Golduck\n|-resisted|p1a: Golduck\n|-damage|p1a: Golduck|78/100\n|\n|-heal|p1a: Golduck|84/100|[from] item: Leftovers\n|upkeep\n|turn|3\n|inactive|Time left: 300 sec this turn | 300 sec total\n|\n|t:|1783553846\n|move|p1a: Golduck|Nasty Plot|p1a: Golduck\n|-boost|p1a: Golduck|spa|2\n|move|p2a: Scovillain|Leech Seed|p1a: Golduck\n|-start|p1a: Golduck|move: Leech Seed\n|\n|-heal|p1a: Golduck|90/100|[from] item: Leftovers\n|-damage|p1a: Golduck|78/100|[from] Leech Seed|[of] p2a: Scovillain\n|upkeep\n|turn|4\n|inactive|Time left: 300 sec this turn | 300 sec total\n|\n|t:|1783553846\n|switch|p2a: Tatsugiri|Tatsugiri, L87, M|260/260\n|move|p1a: Golduck|Hydro Pump|p2a: Tatsugiri\n|-ability|p2a: Tatsugiri|Storm Drain|boost\n|-boost|p2a: Tatsugiri|spa|1\n|\n|-heal|p1a: Golduck|84/100|[from] item: Leftovers\n|-damage|p1a: Golduck|72/100|[from] Leech Seed|[of] p2a: Tatsugiri\n|upkeep\n|turn|5\n|inactive|Time left: 300 sec this turn | 300 sec total\n|\n|t:|1783553848\n|move|p1a: Golduck|Ice Beam|p2a: Tatsugiri\n|-damage|p2a: Tatsugiri|139/260\n|move|p2a: Tatsugiri|Hydro Pump|p1a: Golduck|[miss]\n|-miss|p2a: Tatsugiri|p1a: Golduck\n|\n|-heal|p1a: Golduck|78/100|[from] item: Leftovers\n|-damage|p1a: Golduck|65/100|[from] Leech Seed|[of] p2a: Tatsugiri\n|-heal|p2a: Tatsugiri|175/260|[silent]\n|upkeep\n|turn|6\n|inactive|Time left: 300 sec this turn | 300 sec total\n|\n|t:|1783553849\n|move|p1a: Golduck|Ice Beam|p2a: Tatsugiri\n|-damage|p2a: Tatsugiri|40/260\n|move|p2a: Tatsugiri|Hydro Pump|p1a: Golduck\n|-resisted|p1a: Golduck\n|-damage|p1a: Golduck|25/100\n|\n|-heal|p1a: Golduck|32/100|[from] item: Leftovers\n|-damage|p1a: Golduck|19/100|[from] Leech Seed|[of] p2a: Tatsugiri\n|-heal|p2a: Tatsugiri|76/260|[silent]\n|upkeep\n|turn|7\n|inactive|Time left: 300 sec this turn | 300 sec total\n|\n|t:|1783553850\n|move|p1a: Golduck|Ice Beam|p2a: Tatsugiri\n|-damage|p2a: Tatsugiri|0 fnt\n|faint|p2a: Tatsugiri\n|\n|-heal|p1a: Golduck|25/100|[from] item: Leftovers\n|upkeep\n|inactive|Time left: 300 sec this turn | 300 sec total | 5 sec grace\n|\n|t:|1783553851\n|switch|p2a: Snorlax|Snorlax, L82, M|397/397\n|turn|8\n|inactive|Time left: 300 sec this turn | 300 sec total\n|\n|t:|1783553852\n|move|p1a: Golduck|Hydro Pump|p2a: Snorlax\n|-damage|p2a: Snorlax|169/397\n|move|p2a: Snorlax|Crunch|p1a: Golduck\n|-damage|p1a: Golduck|3/100\n|\n|-heal|p1a: Golduck|9/100|[from] item: Leftovers\n|-heal|p2a: Snorlax|193/397|[from] item: Leftovers\n|-damage|p1a: Golduck|0 fnt|[from] Leech Seed|[of] p2a: Snorlax\n|-heal|p2a: Snorlax|217/397|[silent]\n|faint|p1a: Golduck\n|upkeep\n|\n|t:|1783553853\n|switch|p1a: Zacian|Zacian, L69|53/100\n|turn|9\n|inactive|Time left: 300 sec this turn | 300 sec total\n|\n|t:|1783553854\n|move|p1a: Zacian|Close Combat|p2a: Snorlax\n|-supereffective|p2a: Snorlax\n|-damage|p2a: Snorlax|0 fnt\n|-unboost|p1a: Zacian|def|1\n|-unboost|p1a: Zacian|spd|1\n|faint|p2a: Snorlax\n|\n|upkeep\n|inactive|Time left: 300 sec this turn | 300 sec total | 5 sec grace\n|\n|t:|1783553855\n|switch|p2a: Magmortar|Magmortar, L88, F|275/275\n|turn|10\n|inactive|Time left: 300 sec this turn | 300 sec total\n|\n|t:|1783553856\n|move|p1a: Zacian|Close Combat|p2a: Magmortar\n|-damage|p2a: Magmortar|156/275\n|-unboost|p1a: Zacian|def|1\n|-unboost|p1a: Zacian|spd|1\n|move|p2a: Magmortar|Fire Blast|p1a: Zacian|[miss]\n|-miss|p2a: Magmortar|p1a: Zacian\n|\n|upkeep\n|turn|11\n|inactive|Time left: 300 sec this turn | 300 sec total\n|\n|t:|1783553857\n|-terastallize|p1a: Zacian|Fighting\n|move|p1a: Zacian|Close Combat|p2a: Magmortar\n|-damage|p2a: Magmortar|0 fnt\n|-unboost|p1a: Zacian|def|1\n|-unboost|p1a: Zacian|spd|1\n|faint|p2a: Magmortar\n|\n|upkeep\n|inactive|Time left: 300 sec this turn | 300 sec total | 5 sec grace\n|\n|t:|1783553858\n|switch|p2a: Scrafty|Scrafty, L83, F|244/244\n|-ability|p2a: Scrafty|Intimidate|boost\n|-unboost|p1a: Zacian|atk|1\n|turn|12\n|inactive|Time left: 300 sec this turn | 300 sec total\n|\n|t:|1783553859\n|switch|p1a: Cobalion|Cobalion, L80|100/100\n|move|p2a: Scrafty|Dragon Dance|p2a: Scrafty\n|-boost|p2a: Scrafty|atk|1\n|-boost|p2a: Scrafty|spe|1\n|\n|upkeep\n|turn|13\n|inactive|Time left: 300 sec this turn | 300 sec total\n|\n|t:|1783553860\n|move|p1a: Cobalion|Calm Mind|p1a: Cobalion\n|-boost|p1a: Cobalion|spa|1\n|-boost|p1a: Cobalion|spd|1\n|move|p2a: Scrafty|Dragon Dance|p2a: Scrafty\n|-boost|p2a: Scrafty|atk|1\n|-boost|p2a: Scrafty|spe|1\n|\n|upkeep\n|turn|14\n|inactive|Time left: 300 sec this turn | 300 sec total\n|\n|t:|1783553861\n|-terastallize|p2a: Scrafty|Poison\n|move|p2a: Scrafty|Drain Punch|p1a: Cobalion\n|-supereffective|p1a: Cobalion\n|-damage|p1a: Cobalion|20/100\n|move|p1a: Cobalion|Aura Sphere|p2a: Scrafty\n|-resisted|p2a: Scrafty\n|-damage|p2a: Scrafty|198/244\n|\n|-heal|p2a: Scrafty|213/244|[from] item: Leftovers\n|-heal|p1a: Cobalion|26/100|[from] item: Leftovers\n|upkeep\n|turn|15\n|inactive|Time left: 300 sec this turn | 300 sec total\n|\n|t:|1783553862\n|move|p2a: Scrafty|Drain Punch|p1a: Cobalion\n|-supereffective|p1a: Cobalion\n|-damage|p1a: Cobalion|0 fnt\n|-heal|p2a: Scrafty|244/244|[from] drain|[of] p1a: Cobalion\n|faint|p1a: Cobalion\n|\n|upkeep\n|\n|t:|1783553863\n|switch|p1a: Eiscue|Eiscue, L88, F|100/100\n|turn|16\n|inactive|Time left: 300 sec this turn | 300 sec total\n|\n|t:|1783553864\n|move|p2a: Scrafty|Knock Off|p1a: Eiscue\n|-activate|p1a: Eiscue|ability: Ice Face\n|-damage|p1a: Eiscue|100/100\n|-enditem|p1a: Eiscue|Sitrus Berry|[from] move: Knock Off|[of] p2a: Scrafty\n|detailschange|p1a: Eiscue|Eiscue-Noice, L88, F\n|move|p1a: Eiscue|Belly Drum|p1a: Eiscue\n|-damage|p1a: Eiscue|50/100\n|-setboost|p1a: Eiscue|atk|6|[from] move: Belly Drum\n|\n|upkeep\n|turn|17\n|inactive|Time left: 300 sec this turn | 300 sec total\n|\n|t:|1783553866\n|move|p2a: Scrafty|Drain Punch|p1a: Eiscue\n|-supereffective|p1a: Eiscue\n|-damage|p1a: Eiscue|0 fnt\n|faint|p1a: Eiscue\n|\n|upkeep\n|\n|t:|1783553867\n|switch|p1a: Glalie|Glalie, L96, M|100/100\n|turn|18\n|inactive|Time left: 300 sec this turn | 300 sec total\n|\n|t:|1783553868\n|move|p2a: Scrafty|Drain Punch|p1a: Glalie\n|-supereffective|p1a: Glalie\n|-damage|p1a: Glalie|9/100\n|move|p1a: Glalie|Earthquake|p2a: Scrafty\n|-supereffective|p2a: Scrafty\n|-damage|p2a: Scrafty|112/244\n|\n|-heal|p2a: Scrafty|127/244|[from] item: Leftovers\n|upkeep\n|turn|19\n|inactive|Time left: 300 sec this turn | 300 sec total\n|\n|t:|1783553869\n|move|p2a: Scrafty|Drain Punch|p1a: Glalie\n|-supereffective|p1a: Glalie\n|-damage|p1a: Glalie|0 fnt\n|-heal|p2a: Scrafty|140/244|[from] drain|[of] p1a: Glalie\n|faint|p1a: Glalie\n|\n|-heal|p2a: Scrafty|155/244|[from] item: Leftovers\n|upkeep\n|\n|t:|1783553870\n|switch|p1a: Kilowattrel|Kilowattrel, L83, M|100/100\n|turn|20\n|inactive|Time left: 300 sec this turn | 300 sec total\n|\n|t:|1783553871\n|move|p2a: Scrafty|Knock Off|p1a: Kilowattrel\n|-damage|p1a: Kilowattrel|0 fnt\n|-enditem|p1a: Kilowattrel|Heavy-Duty Boots|[from] move: Knock Off|[of] p2a: Scrafty\n|faint|p1a: Kilowattrel\n|\n|-heal|p2a: Scrafty|170/244|[from] item: Leftovers\n|upkeep\n|\n|t:|1783553872\n|switch|p1a: Zacian|Zacian, L69, tera:Fighting|53/100\n|turn|21\n|inactive|Time left: 300 sec this turn | 300 sec total\n|\n|t:|1783553873\n|move|p2a: Scrafty|Poison Jab|p1a: Zacian\n|-damage|p1a: Zacian|0 fnt\n|faint|p1a: Zacian\n|\n|win|p0y1269257f", "uploadtime": 1783553873, "views": 0, "rating": 0, "private": 0, "password": null, "_winner": "p0y1269257f", "_our_name": "p0y1269257f"}