{"id": "battle-gen9randombattle-2172", "formatid": "gen9randombattle", "format": "[Gen 9] Random Battle", "players": ["p0x21726964", "p0y21726634"], "log": "|init|battle\n|title|p0x21726964 vs. p0y21726634\n|j|\u2606p0x21726964\n|j|\u2606p0y21726634\n|t:|1783564299\n|gametype|singles\n|player|p1|p0x21726964|2|\n|player|p2|p0y21726634|169|\n|gen|9\n|tier|[Gen 9] Random Battle\n|rule|Species Clause: Limit one of each Pok\u00e9mon\n|rule|HP Percentage Mod: HP is shown in percentages\n|rule|Sleep Clause Mod: Limit one foe put to sleep\n|rule|Illusion Level Mod: Illusion disguises the Pok\u00e9mon's true level\n|\n|t:|1783564299\n|teamsize|p1|6\n|teamsize|p2|6\n|start\n|switch|p1a: Venomoth|Venomoth, L84, F|255/255\n|switch|p2a: Beartic|Beartic, L91, M|100/100\n|turn|1\n|inactive|Battle timer is ON: inactive players will automatically lose when time's up. (requested by p0x21726964)\n|inactive|p0y21726634 also wants the timer to be on.\n|\n|t:|1783564301\n|move|p1a: Venomoth|Quiver Dance|p1a: Venomoth\n|-boost|p1a: Venomoth|spa|1\n|-boost|p1a: Venomoth|spd|1\n|-boost|p1a: Venomoth|spe|1\n|move|p2a: Beartic|Earthquake|p1a: Venomoth\n|-crit|p1a: Venomoth\n|-damage|p1a: Venomoth|62/255\n|\n|upkeep\n|turn|2\n|inactive|Time left: 300 sec this turn | 300 sec total\n|\n|t:|1783564302\n|move|p1a: Venomoth|Sleep Powder|p2a: Beartic\n|-status|p2a: Beartic|slp|[from] move: Sleep Powder\n|cant|p2a: Beartic|slp\n|\n|upkeep\n|turn|3\n|inactive|Time left: 300 sec this turn | 300 sec total\n|\n|t:|1783564303\n|move|p1a: Venomoth|Bug Buzz|p2a: Beartic\n|-damage|p2a: Beartic|56/100 slp\n|cant|p2a: Beartic|slp\n|\n|upkeep\n|turn|4\n|inactive|Time left: 300 sec this turn | 300 sec total\n|\n|t:|1783564304\n|move|p1a: Venomoth|Bug Buzz|p2a: Beartic\n|-damage|p2a: Beartic|13/100 slp\n|-curestatus|p2a: Beartic|slp|[msg]\n|move|p2a: Beartic|Earthquake|p1a: Venomoth\n|-damage|p1a: Venomoth|0 fnt\n|faint|p1a: Venomoth\n|\n|upkeep\n|inactive|Time left: 300 sec this turn | 300 sec total | 5 sec grace\n|\n|t:|1783564305\n|switch|p1a: Toxicroak|Toxicroak, L84, M|277/277\n|turn|5\n|inactive|Time left: 300 sec this turn | 300 sec total\n|\n|t:|1783564306\n|switch|p2a: Avalugg|Avalugg, L88, F|100/100\n|move|p1a: Toxicroak|Close Combat|p2a: Avalugg\n|-supereffective|p2a: Avalugg\n|-damage|p2a: Avalugg|29/100\n|-unboost|p1a: Toxicroak|def|1\n|-unboost|p1a: Toxicroak|spd|1\n|\n|upkeep\n|turn|6\n|inactive|Time left: 300 sec this turn | 300 sec total\n|\n|t:|1783564307\n|switch|p2a: Primarina|Primarina, L83, M|100/100\n|move|p1a: Toxicroak|Close Combat|p2a: Primarina\n|-resisted|p2a: Primarina\n|-damage|p2a: Primarina|61/100\n|-unboost|p1a: Toxicroak|def|1\n|-unboost|p1a: Toxicroak|spd|1\n|\n|-heal|p2a: Primarina|67/100|[from] item: Leftovers\n|upkeep\n|turn|7\n|inactive|Time left: 300 sec this turn | 300 sec total\n|\n|t:|1783564308\n|switch|p1a: Rillaboom|Rillaboom, L79, F|288/288\n|-fieldstart|move: Grassy Terrain|[from] ability: Grassy Surge|[of] p1a: Rillaboom\n|move|p2a: Primarina|Moonblast|p1a: Rillaboom\n|-damage|p1a: Rillaboom|143/288\n|\n|-heal|p1a: Rillaboom|161/288|[from] Grassy Terrain\n|-heal|p2a: Primarina|73/100|[from] Grassy Terrain\n|-heal|p2a: Primarina|79/100|[from] item: Leftovers\n|upkeep\n|turn|8\n|inactive|Time left: 300 sec this turn | 300 sec total\n|\n|t:|1783564310\n|-terastallize|p2a: Primarina|Poison\n|move|p1a: Rillaboom|Wood Hammer|p2a: Primarina\n|-resisted|p2a: Primarina\n|-damage|p2a: Primarina|34/100\n|-damage|p1a: Rillaboom|121/288|[from] Recoil\n|-damage|p1a: Rillaboom|93/288|[from] item: Life Orb\n|move|p2a: Primarina|Moonblast|p1a: Rillaboom\n|-damage|p1a: Rillaboom|0 fnt\n|faint|p1a: Rillaboom\n|\n|-heal|p2a: Primarina|40/100|[from] Grassy Terrain\n|-heal|p2a: Primarina|46/100|[from] item: Leftovers\n|upkeep\n|inactive|Time left: 300 sec this turn | 300 sec total | 5 sec grace\n|\n|t:|1783564310\n|switch|p1a: Veluza|Veluza, L85, M|292/292\n|turn|9\n|inactive|Time left: 300 sec this turn | 300 sec total\n|\n|t:|1783564311\n|move|p1a: Veluza|Psycho Cut|p2a: Primarina\n|-supereffective|p2a: Primarina\n|-damage|p2a: Primarina|0 fnt\n|faint|p2a: Primarina\n|\n|upkeep\n|\n|t:|1783564312\n|switch|p2a: Pachirisu|Pachirisu, L96, M|100/100\n|turn|10\n|inactive|Time left: 300 sec this turn | 300 sec total\n|\n|t:|1783564313\n|switch|p1a: Palossand|Palossand, L89, F|296/296\n|move|p2a: Pachirisu|Super Fang|p1a: Palossand\n|-immune|p1a: Palossand\n|\n|upkeep\n|turn|11\n|inactive|Time left: 300 sec this turn | 300 sec total\n|\n|t:|1783564314\n|switch|p2a: Exeggutor|Exeggutor, L89, F|100/100\n|move|p1a: Palossand|Earth Power|p2a: Exeggutor\n|-resisted|p2a: Exeggutor\n|-damage|p2a: Exeggutor|83/100\n|\n|-heal|p2a: Exeggutor|89/100|[from] Grassy Terrain\n|-fieldend|move: Grassy Terrain\n|upkeep\n|turn|12\n|inactive|Time left: 300 sec this turn | 300 sec total\n|\n|t:|1783564315\n|move|p2a: Exeggutor|Leech Seed|p1a: Palossand|[miss]\n|-miss|p2a: Exeggutor|p1a: Palossand\n|move|p1a: Palossand|Shadow Ball|p2a: Exeggutor\n|-supereffective|p2a: Exeggutor\n|-damage|p2a: Exeggutor|26/100\n|-enditem|p2a: Exeggutor|Sitrus Berry|[eat]\n|-heal|p2a: Exeggutor|51/100|[from] item: Sitrus Berry\n|\n|upkeep\n|turn|13\n|inactive|Time left: 300 sec this turn | 300 sec total\n|\n|t:|1783564316\n|move|p2a: Exeggutor|Protect|p2a: Exeggutor\n|-singleturn|p2a: Exeggutor|Protect\n|move|p1a: Palossand|Shadow Ball|p2a: Exeggutor\n|-activate|p2a: Exeggutor|move: Protect\n|\n|upkeep\n|turn|14\n|inactive|Time left: 300 sec this turn | 300 sec total\n|\n|t:|1783564317\n|move|p2a: Exeggutor|Substitute|p2a: Exeggutor\n|-start|p2a: Exeggutor|Substitute\n|-damage|p2a: Exeggutor|26/100\n|move|p1a: Palossand|Shadow Ball|p2a: Exeggutor\n|-supereffective|p2a: Exeggutor\n|-end|p2a: Exeggutor|Substitute\n|\n|upkeep\n|turn|15\n|inactive|Time left: 300 sec this turn | 300 sec total\n|\n|t:|1783564318\n|move|p2a: Exeggutor|Protect|p2a: Exeggutor\n|-singleturn|p2a: Exeggutor|Protect\n|move|p1a: Palossand|Shadow Ball|p2a: Exeggutor\n|-activate|p2a: Exeggutor|move: Protect\n|\n|upkeep\n|turn|16\n|inactive|Time left: 300 sec this turn | 300 sec total\n|\n|t:|1783564319\n|move|p2a: Exeggutor|Leech Seed|p1a: Palossand\n|-start|p1a: Palossand|move: Leech Seed\n|move|p1a: Palossand|Shadow Ball|p2a: Exeggutor\n|-supereffective|p2a: Exeggutor\n|-damage|p2a: Exeggutor|0 fnt\n|faint|p2a: Exeggutor\n|\n|upkeep\n|\n|t:|1783564319\n|switch|p2a: Haxorus|Haxorus, L77, M|100/100\n|-ability|p2a: Haxorus|Mold Breaker\n|turn|17\n|inactive|Time left: 300 sec this turn | 300 sec total\n|\n|t:|1783564320\n|move|p2a: Haxorus|Swords Dance|p2a: Haxorus\n|-boost|p2a: Haxorus|atk|2\n|move|p1a: Palossand|Earth Power|p2a: Haxorus\n|-damage|p2a: Haxorus|47/100\n|\n|-damage|p1a: Palossand|259/296|[from] Leech Seed|[of] p2a: Haxorus\n|-heal|p2a: Haxorus|62/100|[silent]\n|upkeep\n|turn|18\n|inactive|Time left: 300 sec this turn | 300 sec total\n|\n|t:|1783564321\n|move|p2a: Haxorus|Scale Shot|p1a: Palossand\n|-damage|p1a: Palossand|207/296\n|-damage|p1a: Palossand|158/296\n|-damage|p1a: Palossand|109/296\n|-damage|p1a: Palossand|61/296\n|-hitcount|p1a: Palossand|4\n|-unboost|p2a: Haxorus|def|1\n|-boost|p2a: Haxorus|spe|1\n|move|p1a: Palossand|Earth Power|p2a: Haxorus\n|-damage|p2a: Haxorus|6/100\n|\n|-heal|p1a: Palossand|79/296|[from] item: Leftovers\n|-damage|p1a: Palossand|42/296|[from] Leech Seed|[of] p2a: Haxorus\n|-heal|p2a: Haxorus|21/100|[silent]\n|upkeep\n|turn|19\n|inactive|Time left: 300 sec this turn | 300 sec total\n|\n|t:|1783564322\n|move|p2a: Haxorus|Iron Head|p1a: Palossand\n|-damage|p1a: Palossand|0 fnt\n|faint|p1a: Palossand\n|\n|upkeep\n|inactive|Time left: 300 sec this turn | 300 sec total | 5 sec grace\n|\n|t:|1783564323\n|switch|p1a: Gastrodon|Gastrodon, L86, M|331/331\n|turn|20\n|inactive|Time left: 300 sec this turn | 300 sec total\n|\n|t:|1783564323\n|move|p2a: Haxorus|Scale Shot|p1a: Gastrodon\n|-damage|p1a: Gastrodon|256/331\n|-damage|p1a: Gastrodon|181/331\n|-damage|p1a: Gastrodon|102/331\n|-damage|p1a: Gastrodon|26/331\n|-damage|p1a: Gastrodon|0 fnt\n|faint|p1a: Gastrodon\n|-hitcount|p1: Gastrodon|5\n|-unboost|p2a: Haxorus|def|1\n|-boost|p2a: Haxorus|spe|1\n|\n|upkeep\n|inactive|Time left: 300 sec this turn | 300 sec total | 5 sec grace\n|\n|t:|1783564324\n|switch|p1a: Veluza|Veluza, L85, M|292/292\n|turn|21\n|inactive|Time left: 300 sec this turn | 300 sec total\n|\n|t:|1783564325\n|move|p2a: Haxorus|Scale Shot|p1a: Veluza\n|-damage|p1a: Veluza|225/292\n|-damage|p1a: Veluza|150/292\n|-damage|p1a: Veluza|75/292\n|-enditem|p1a: Veluza|Sitrus Berry|[eat]\n|-heal|p1a: Veluza|148/292|[from] item: Sitrus Berry\n|-damage|p1a: Veluza|73/292\n|-damage|p1a: Veluza|0 fnt\n|faint|p1a: Veluza\n|-hitcount|p1: Veluza|5\n|-unboost|p2a: Haxorus|def|1\n|-boost|p2a: Haxorus|spe|1\n|\n|upkeep\n|inactive|Time left: 300 sec this turn | 300 sec total | 5 sec grace\n|\n|t:|1783564326\n|switch|p1a: Toxicroak|Toxicroak, L84, M|277/277\n|turn|22\n|inactive|Time left: 300 sec this turn | 300 sec total\n|\n|t:|1783564327\n|-terastallize|p1a: Toxicroak|Dark\n|move|p2a: Haxorus|Scale Shot|p1a: Toxicroak\n|-damage|p1a: Toxicroak|204/277\n|-damage|p1a: Toxicroak|129/277\n|-damage|p1a: Toxicroak|47/277\n|-crit|p1a: Toxicroak\n|-damage|p1a: Toxicroak|0 fnt\n|faint|p1a: Toxicroak\n|-hitcount|p1: Toxicroak|4\n|\n|win|p0y21726634", "uploadtime": 1783564327, "views": 0, "rating": 0, "private": 0, "password": null, "_winner": "p0y21726634", "_our_name": "p0x21726964"}