{"id": "battle-gen9randombattle-216", "formatid": "gen9randombattle", "format": "[Gen 9] Random Battle", "players": ["p0x216dfda", "p0y2167c7c"], "log": "|init|battle\n|title|p0x216dfda vs. p0y2167c7c\n|j|\u2606p0x216dfda\n|j|\u2606p0y2167c7c\n|t:|1783535760\n|gametype|singles\n|player|p1|p0x216dfda|266|\n|player|p2|p0y2167c7c|2|\n|gen|9\n|tier|[Gen 9] Random Battle\n|rule|Species Clause: Limit one of each Pok\u00e9mon\n|rule|HP Percentage Mod: HP is shown in percentages\n|rule|Sleep Clause Mod: Limit one foe put to sleep\n|rule|Illusion Level Mod: Illusion disguises the Pok\u00e9mon's true level\n|\n|t:|1783535760\n|teamsize|p1|6\n|teamsize|p2|6\n|start\n|switch|p1a: Rillaboom|Rillaboom, L79, M|100/100\n|switch|p2a: Latios|Latios, L78, M|253/253\n|-fieldstart|move: Grassy Terrain|[from] ability: Grassy Surge|[of] p1a: Rillaboom\n|turn|1\n|inactive|Battle timer is ON: inactive players will automatically lose when time's up. (requested by p0x216dfda)\n|inactive|Time left: 300 sec this turn | 300 sec total | 60 sec grace\n|inactive|p0y2167c7c also wants the timer to be on.\n|\n|t:|1783535761\n|move|p2a: Latios|Luster Purge|p1a: Rillaboom\n|-damage|p1a: Rillaboom|47/100\n|-unboost|p1a: Rillaboom|spd|1\n|move|p1a: Rillaboom|Swords Dance|p1a: Rillaboom\n|-boost|p1a: Rillaboom|atk|2\n|\n|-heal|p1a: Rillaboom|54/100|[from] Grassy Terrain\n|upkeep\n|turn|2\n|inactive|Time left: 300 sec this turn | 300 sec total\n|\n|t:|1783535763\n|switch|p1a: Gardevoir|Gardevoir, L83, M|100/100\n|-ability|p1a: Gardevoir|Levitate|Trace|[from] ability: Trace|[of] p2a: Latios\n|move|p2a: Latios|Luster Purge|p1a: Gardevoir\n|-resisted|p1a: Gardevoir\n|-damage|p1a: Gardevoir|79/100\n|-unboost|p1a: Gardevoir|spd|1\n|\n|upkeep\n|turn|3\n|inactive|Time left: 300 sec this turn | 300 sec total\n|\n|t:|1783535764\n|move|p1a: Gardevoir|Moonblast|p2a: Latios\n|-supereffective|p2a: Latios\n|-damage|p2a: Latios|25/253\n|-unboost|p2a: Latios|spa|1\n|move|p2a: Latios|Luster Purge|p1a: Gardevoir\n|-resisted|p1a: Gardevoir\n|-damage|p1a: Gardevoir|55/100\n|-unboost|p1a: Gardevoir|spd|1\n|\n|upkeep\n|turn|4\n|inactive|Time left: 300 sec this turn | 300 sec total\n|\n|t:|1783535766\n|switch|p2a: Orthworm|Orthworm, L88, F|266/266\n|move|p1a: Gardevoir|Moonblast|p2a: Orthworm\n|-resisted|p2a: Orthworm\n|-damage|p2a: Orthworm|183/266\n|-unboost|p2a: Orthworm|spa|1\n|\n|-heal|p2a: Orthworm|199/266|[from] Grassy Terrain\n|upkeep\n|turn|5\n|inactive|Time left: 300 sec this turn | 300 sec total\n|\n|t:|1783535767\n|move|p1a: Gardevoir|Moonblast|p2a: Orthworm\n|-resisted|p2a: Orthworm\n|-damage|p2a: Orthworm|121/266\n|move|p2a: Orthworm|Iron Tail|p1a: Gardevoir|[miss]\n|-miss|p2a: Orthworm|p1a: Gardevoir\n|\n|-heal|p2a: Orthworm|137/266|[from] Grassy Terrain\n|-fieldend|move: Grassy Terrain\n|upkeep\n|turn|6\n|inactive|Time left: 300 sec this turn | 300 sec total\n|\n|t:|1783535768\n|move|p1a: Gardevoir|Moonblast|p2a: Orthworm\n|-resisted|p2a: Orthworm\n|-damage|p2a: Orthworm|62/266\n|-unboost|p2a: Orthworm|spa|1\n|move|p2a: Orthworm|Rest|p2a: Orthworm\n|-status|p2a: Orthworm|slp|[from] move: Rest\n|-heal|p2a: Orthworm|266/266 slp|[silent]\n|-enditem|p2a: Orthworm|Chesto Berry|[eat]\n|-curestatus|p2a: Orthworm|slp|[msg]\n|\n|upkeep\n|turn|7\n|inactive|Time left: 300 sec this turn | 300 sec total\n|\n|t:|1783535770\n|move|p1a: Gardevoir|Moonblast|p2a: Orthworm\n|-resisted|p2a: Orthworm\n|-damage|p2a: Orthworm|186/266\n|-unboost|p2a: Orthworm|spa|1\n|move|p2a: Orthworm|Iron Tail|p1a: Gardevoir\n|-supereffective|p1a: Gardevoir\n|-damage|p1a: Gardevoir|0 fnt\n|faint|p1a: Gardevoir\n|\n|upkeep\n|\n|t:|1783535771\n|switch|p1a: Infernape|Infernape, L82, M|100/100\n|turn|8\n|inactive|Time left: 300 sec this turn | 300 sec total\n|\n|t:|1783535772\n|switch|p2a: Comfey|Comfey, L85, M|225/225\n|move|p1a: Infernape|Flare Blitz|p2a: Comfey\n|-damage|p2a: Comfey|29/225\n|-damage|p1a: Infernape|75/100|[from] Recoil\n|\n|-heal|p2a: Comfey|43/225|[from] item: Leftovers\n|upkeep\n|turn|9\n|inactive|Time left: 300 sec this turn | 300 sec total\n|\n|t:|1783535773\n|move|p2a: Comfey|Draining Kiss|p1a: Infernape\n|-damage|p1a: Infernape|55/100\n|-heal|p2a: Comfey|84/225|[from] drain|[of] p1a: Infernape\n|move|p1a: Infernape|Flare Blitz|p2a: Comfey\n|-damage|p2a: Comfey|0 fnt\n|faint|p2a: Comfey\n|-damage|p1a: Infernape|44/100|[from] Recoil\n|\n|upkeep\n|inactive|Time left: 300 sec this turn | 300 sec total | 5 sec grace\n|\n|t:|1783535774\n|switch|p2a: Minun|Minun, L95, M|268/268\n|turn|10\n|inactive|Time left: 300 sec this turn | 300 sec total\n|\n|t:|1783535775\n|switch|p1a: Rillaboom|Rillaboom, L79, M|54/100\n|-fieldstart|move: Grassy Terrain|[from] ability: Grassy Surge|[of] p1a: Rillaboom\n|move|p2a: Minun|Thunderbolt|p1a: Rillaboom\n|-resisted|p1a: Rillaboom\n|-damage|p1a: Rillaboom|27/100\n|-damage|p2a: Minun|242/268|[from] item: Life Orb\n|\n|-heal|p2a: Minun|258/268|[from] Grassy Terrain\n|-heal|p1a: Rillaboom|33/100|[from] Grassy Terrain\n|upkeep\n|turn|11\n|inactive|Time left: 300 sec this turn | 300 sec total\n|\n|t:|1783535776\n|move|p1a: Rillaboom|Grassy Glide|p2a: Minun\n|-damage|p2a: Minun|120/268\n|-damage|p1a: Rillaboom|23/100|[from] item: Life Orb\n|move|p2a: Minun|Alluring Voice|p1a: Rillaboom\n|-damage|p1a: Rillaboom|0 fnt\n|faint|p1a: Rillaboom\n|-damage|p2a: Minun|94/268|[from] item: Life Orb\n|\n|-heal|p2a: Minun|110/268|[from] Grassy Terrain\n|upkeep\n|\n|t:|1783535777\n|switch|p1a: Scizor|Scizor, L79, F|100/100\n|turn|12\n|inactive|Time left: 300 sec this turn | 300 sec total\n|\n|t:|1783535778\n|move|p2a: Minun|Thunderbolt|p1a: Scizor\n|-damage|p1a: Scizor|33/100\n|-damage|p2a: Minun|84/268|[from] item: Life Orb\n|move|p1a: Scizor|Swords Dance|p1a: Scizor\n|-boost|p1a: Scizor|atk|2\n|\n|-heal|p2a: Minun|100/268|[from] Grassy Terrain\n|-heal|p1a: Scizor|40/100|[from] Grassy Terrain\n|upkeep\n|turn|13\n|inactive|Time left: 300 sec this turn | 300 sec total\n|\n|t:|1783535779\n|switch|p2a: Orthworm|Orthworm, L88, F|186/266\n|move|p1a: Scizor|Bullet Punch|p2a: Orthworm\n|-resisted|p2a: Orthworm\n|-damage|p2a: Orthworm|128/266\n|-damage|p1a: Scizor|30/100|[from] item: Life Orb\n|\n|-heal|p2a: Orthworm|144/266|[from] Grassy Terrain\n|-heal|p1a: Scizor|36/100|[from] Grassy Terrain\n|upkeep\n|turn|14\n|inactive|Time left: 300 sec this turn | 300 sec total\n|\n|t:|1783535780\n|move|p2a: Orthworm|Body Press|p1a: Scizor\n|-damage|p1a: Scizor|2/100\n|move|p1a: Scizor|Close Combat|p2a: Orthworm\n|-supereffective|p2a: Orthworm\n|-damage|p2a: Orthworm|0 fnt\n|-unboost|p1a: Scizor|def|1\n|-unboost|p1a: Scizor|spd|1\n|faint|p2a: Orthworm\n|-damage|p1a: Scizor|0 fnt|[from] item: Life Orb\n|faint|p1a: Scizor\n|\n|-fieldend|move: Grassy Terrain\n|upkeep\n|inactive|Time left: 300 sec this turn | 300 sec total | 5 sec grace\n|\n|t:|1783535781\n|switch|p2a: Minun|Minun, L95, M|100/268\n|switch|p1a: Jumpluff|Jumpluff, L87, F|100/100\n|turn|15\n|inactive|Time left: 300 sec this turn | 300 sec total\n|\n|t:|1783535782\n|move|p1a: Jumpluff|Acrobatics|p2a: Minun\n|-resisted|p2a: Minun\n|-damage|p2a: Minun|45/268\n|move|p2a: Minun|Thunderbolt|p1a: Jumpluff\n|-damage|p1a: Jumpluff|53/100\n|-damage|p2a: Minun|19/268|[from] item: Life Orb\n|\n|upkeep\n|turn|16\n|inactive|Time left: 300 sec this turn | 300 sec total\n|\n|t:|1783535783\n|move|p1a: Jumpluff|Strength Sap|p2a: Minun\n|-unboost|p2a: Minun|atk|1\n|-heal|p1a: Jumpluff|82/100\n|move|p2a: Minun|Nasty Plot|p2a: Minun\n|-boost|p2a: Minun|spa|2\n|\n|upkeep\n|turn|17\n|inactive|Time left: 300 sec this turn | 300 sec total\n|\n|t:|1783535784\n|move|p1a: Jumpluff|Acrobatics|p2a: Minun\n|-resisted|p2a: Minun\n|-damage|p2a: Minun|0 fnt\n|faint|p2a: Minun\n|\n|upkeep\n|inactive|Time left: 300 sec this turn | 300 sec total | 5 sec grace\n|\n|t:|1783535785\n|switch|p2a: Vivillon|Vivillon-Garden, L83, M|268/268\n|turn|18\n|inactive|Time left: 300 sec this turn | 300 sec total\n|\n|t:|1783535786\n|move|p1a: Jumpluff|Acrobatics|p2a: Vivillon\n|-supereffective|p2a: Vivillon\n|-damage|p2a: Vivillon|44/268\n|move|p2a: Vivillon|Quiver Dance|p2a: Vivillon\n|-boost|p2a: Vivillon|spa|1\n|-boost|p2a: Vivillon|spd|1\n|-boost|p2a: Vivillon|spe|1\n|\n|upkeep\n|turn|19\n|inactive|Time left: 300 sec this turn | 300 sec total\n|\n|t:|1783535787\n|-terastallize|p1a: Jumpluff|Steel\n|move|p2a: Vivillon|Hurricane|p1a: Jumpluff\n|-resisted|p1a: Jumpluff\n|-damage|p1a: Jumpluff|55/100\n|-start|p1a: Jumpluff|confusion\n|-activate|p1a: Jumpluff|confusion\n|-damage|p1a: Jumpluff|46/100|[from] confusion\n|\n|upkeep\n|turn|20\n|inactive|Time left: 300 sec this turn | 300 sec total\n|\n|t:|1783535788\n|move|p2a: Vivillon|Sleep Powder|p1a: Jumpluff\n|-status|p1a: Jumpluff|slp|[from] move: Sleep Powder\n|cant|p1a: Jumpluff|slp\n|\n|upkeep\n|turn|21\n|inactive|Time left: 300 sec this turn | 300 sec total\n|\n|t:|1783535789\n|move|p2a: Vivillon|Quiver Dance|p2a: Vivillon\n|-boost|p2a: Vivillon|spa|1\n|-boost|p2a: Vivillon|spd|1\n|-boost|p2a: Vivillon|spe|1\n|-curestatus|p1a: Jumpluff|slp|[msg]\n|-end|p1a: Jumpluff|confusion\n|move|p1a: Jumpluff|Acrobatics|p2a: Vivillon\n|-supereffective|p2a: Vivillon\n|-damage|p2a: Vivillon|0 fnt\n|faint|p2a: Vivillon\n|\n|upkeep\n|inactive|Time left: 300 sec this turn | 300 sec total | 5 sec grace\n|\n|t:|1783535790\n|switch|p2a: Meowscarada|Meowscarada, L78, F|247/247\n|turn|22\n|inactive|Time left: 300 sec this turn | 300 sec total\n|\n|t:|1783535791\n|move|p1a: Jumpluff|Acrobatics|p2a: Meowscarada\n|-supereffective|p2a: Meowscarada\n|-damage|p2a: Meowscarada|41/247\n|move|p2a: Meowscarada|U-turn|p1a: Jumpluff\n|-start|p2a: Meowscarada|typechange|Bug|[from] ability: Protean\n|-resisted|p1a: Jumpluff\n|-damage|p1a: Jumpluff|32/100\n|inactive|Time left: 300 sec this turn | 300 sec total | 5 sec grace\n|\n|t:|1783535792\n|switch|p2a: Latios|Latios, L78, M|25/253|[from] U-turn\n|\n|upkeep\n|turn|23\n|inactive|Time left: 300 sec this turn | 300 sec total\n|\n|t:|1783535793\n|move|p1a: Jumpluff|Acrobatics|p2a: Latios\n|-damage|p2a: Latios|0 fnt\n|faint|p2a: Latios\n|\n|upkeep\n|inactive|Time left: 300 sec this turn | 300 sec total | 5 sec grace\n|\n|t:|1783535794\n|switch|p2a: Meowscarada|Meowscarada, L78, F|41/247\n|turn|24\n|inactive|Time left: 300 sec this turn | 300 sec total\n|\n|t:|1783535794\n|-terastallize|p2a: Meowscarada|Dark\n|move|p1a: Jumpluff|Acrobatics|p2a: Meowscarada\n|-damage|p2a: Meowscarada|0 fnt\n|faint|p2a: Meowscarada\n|\n|win|p0x216dfda", "uploadtime": 1783535795, "views": 0, "rating": 0, "private": 0, "password": null, "_winner": "p0x216dfda", "_our_name": "p0y2167c7c"}