{"id": "battle-gen9randombattle-2900", "formatid": "gen9randombattle", "format": "[Gen 9] Random Battle", "players": ["p0x2900368c", "p0y29007177"], "log": "|init|battle\n|title|p0x2900368c vs. p0y29007177\n|j|\u2606p0x2900368c\n|j|\u2606p0y29007177\n|t:|1783572427\n|gametype|singles\n|player|p1|p0x2900368c|265|\n|player|p2|p0y29007177|170|\n|gen|9\n|tier|[Gen 9] Random Battle\n|rule|Species Clause: Limit one of each Pok\u00e9mon\n|rule|HP Percentage Mod: HP is shown in percentages\n|rule|Sleep Clause Mod: Limit one foe put to sleep\n|rule|Illusion Level Mod: Illusion disguises the Pok\u00e9mon's true level\n|\n|t:|1783572427\n|teamsize|p1|6\n|teamsize|p2|6\n|start\n|switch|p1a: Cloyster|Cloyster, L80, F|100/100\n|switch|p2a: Meganium|Meganium, L90, M|290/290\n|turn|1\n|inactive|Battle timer is ON: inactive players will automatically lose when time's up. (requested by p0x2900368c)\n|inactive|Time left: 300 sec this turn | 300 sec total | 60 sec grace\n|inactive|p0y29007177 also wants the timer to be on.\n|\n|t:|1783572428\n|move|p2a: Meganium|Swords Dance|p2a: Meganium\n|-boost|p2a: Meganium|atk|2\n|move|p1a: Cloyster|Shell Smash|p1a: Cloyster\n|-unboost|p1a: Cloyster|def|1\n|-unboost|p1a: Cloyster|spd|1\n|-boost|p1a: Cloyster|atk|2\n|-boost|p1a: Cloyster|spa|2\n|-boost|p1a: Cloyster|spe|2\n|-enditem|p1a: Cloyster|White Herb\n|-clearnegativeboost|p1a: Cloyster|[silent]\n|\n|upkeep\n|turn|2\n|inactive|Time left: 300 sec this turn | 300 sec total\n|\n|t:|1783572429\n|switch|p2a: Masquerain|Masquerain, L87, M|264/264\n|-ability|p2a: Masquerain|Intimidate|boost\n|-unboost|p1a: Cloyster|atk|1\n|move|p1a: Cloyster|Icicle Spear|p2a: Masquerain\n|-supereffective|p2a: Masquerain\n|-damage|p2a: Masquerain|180/264\n|-supereffective|p2a: Masquerain\n|-damage|p2a: Masquerain|94/264\n|-supereffective|p2a: Masquerain\n|-damage|p2a: Masquerain|4/264\n|-supereffective|p2a: Masquerain\n|-damage|p2a: Masquerain|0 fnt\n|faint|p2a: Masquerain\n|-hitcount|p2: Masquerain|4\n|\n|upkeep\n|inactive|Time left: 300 sec this turn | 300 sec total | 5 sec grace\n|\n|t:|1783572430\n|switch|p2a: Azelf|Azelf, L82|257/257\n|turn|3\n|inactive|Time left: 300 sec this turn | 300 sec total\n|\n|t:|1783572431\n|move|p1a: Cloyster|Rock Blast|p2a: Azelf\n|-damage|p2a: Azelf|229/257\n|-damage|p2a: Azelf|200/257\n|-damage|p2a: Azelf|171/257\n|-damage|p2a: Azelf|141/257\n|-damage|p2a: Azelf|108/257\n|-hitcount|p2a: Azelf|5\n|move|p2a: Azelf|Psychic|p1a: Cloyster\n|-damage|p1a: Cloyster|0 fnt\n|faint|p1a: Cloyster\n|-damage|p2a: Azelf|83/257|[from] item: Life Orb\n|\n|upkeep\n|\n|t:|1783572432\n|switch|p1a: Azumarill|Azumarill, L82, M|100/100\n|turn|4\n|inactive|Time left: 300 sec this turn | 300 sec total\n|\n|t:|1783572433\n|move|p2a: Azelf|Psychic|p1a: Azumarill\n|-damage|p1a: Azumarill|44/100\n|-damage|p2a: Azelf|58/257|[from] item: Life Orb\n|move|p1a: Azumarill|Play Rough|p2a: Azelf\n|-damage|p2a: Azelf|0 fnt\n|faint|p2a: Azelf\n|\n|upkeep\n|inactive|Time left: 300 sec this turn | 300 sec total | 5 sec grace\n|\n|t:|1783572434\n|switch|p2a: Meganium|Meganium, L90, M|290/290\n|turn|5\n|inactive|Time left: 300 sec this turn | 300 sec total\n|\n|t:|1783572435\n|move|p2a: Meganium|Swords Dance|p2a: Meganium\n|-boost|p2a: Meganium|atk|2\n|move|p1a: Azumarill|Play Rough|p2a: Meganium\n|-damage|p2a: Meganium|157/290\n|\n|-heal|p2a: Meganium|175/290|[from] item: Leftovers\n|upkeep\n|turn|6\n|inactive|Time left: 300 sec this turn | 300 sec total\n|\n|t:|1783572436\n|switch|p1a: Slither Wing|Slither Wing, L81|100/100\n|move|p2a: Meganium|Earthquake|p1a: Slither Wing\n|-resisted|p1a: Slither Wing\n|-damage|p1a: Slither Wing|71/100\n|\n|-heal|p2a: Meganium|193/290|[from] item: Leftovers\n|upkeep\n|turn|7\n|inactive|Time left: 300 sec this turn | 300 sec total\n|\n|t:|1783572437\n|move|p1a: Slither Wing|First Impression|p2a: Meganium\n|-supereffective|p2a: Meganium\n|-damage|p2a: Meganium|0 fnt\n|faint|p2a: Meganium\n|-damage|p1a: Slither Wing|61/100|[from] item: Life Orb\n|\n|upkeep\n|inactive|Time left: 300 sec this turn | 300 sec total | 5 sec grace\n|\n|t:|1783572438\n|switch|p2a: Eelektross|Eelektross, L87, M|290/290\n|turn|8\n|inactive|Time left: 300 sec this turn | 300 sec total\n|\n|t:|1783572439\n|move|p1a: Slither Wing|Close Combat|p2a: Eelektross\n|-damage|p2a: Eelektross|68/290\n|-unboost|p1a: Slither Wing|def|1\n|-unboost|p1a: Slither Wing|spd|1\n|-damage|p1a: Slither Wing|51/100|[from] item: Life Orb\n|move|p2a: Eelektross|Supercell Slam|p1a: Slither Wing\n|-damage|p1a: Slither Wing|0 fnt\n|faint|p1a: Slither Wing\n|-end|p1a: Slither Wing|Protosynthesis|[silent]\n|\n|-heal|p2a: Eelektross|86/290|[from] item: Leftovers\n|upkeep\n|\n|t:|1783572440\n|switch|p1a: Gouging Fire|Gouging Fire, L74|100/100\n|turn|9\n|inactive|Time left: 300 sec this turn | 300 sec total\n|\n|t:|1783572441\n|switch|p2a: Diancie|Diancie, L82|216/216\n|move|p1a: Gouging Fire|Dragon Dance|p1a: Gouging Fire\n|-boost|p1a: Gouging Fire|atk|1\n|-boost|p1a: Gouging Fire|spe|1\n|\n|upkeep\n|turn|10\n|inactive|Time left: 300 sec this turn | 300 sec total\n|\n|t:|1783572442\n|-terastallize|p1a: Gouging Fire|Fairy\n|move|p1a: Gouging Fire|Dragon Dance|p1a: Gouging Fire\n|-boost|p1a: Gouging Fire|atk|1\n|-boost|p1a: Gouging Fire|spe|1\n|move|p2a: Diancie|Diamond Storm|p1a: Gouging Fire\n|-damage|p1a: Gouging Fire|65/100\n|-boost|p2a: Diancie|def|2\n|\n|upkeep\n|turn|11\n|inactive|Time left: 300 sec this turn | 300 sec total\n|\n|t:|1783572443\n|move|p1a: Gouging Fire|Morning Sun|p1a: Gouging Fire\n|-heal|p1a: Gouging Fire|100/100\n|move|p2a: Diancie|Moonblast|p1a: Gouging Fire\n|-damage|p1a: Gouging Fire|63/100\n|-unboost|p1a: Gouging Fire|spa|1\n|\n|upkeep\n|turn|12\n|inactive|Time left: 300 sec this turn | 300 sec total\n|\n|t:|1783572444\n|move|p1a: Gouging Fire|Morning Sun|p1a: Gouging Fire\n|-heal|p1a: Gouging Fire|100/100\n|move|p2a: Diancie|Diamond Storm|p1a: Gouging Fire\n|-damage|p1a: Gouging Fire|70/100\n|-boost|p2a: Diancie|def|2\n|\n|upkeep\n|turn|13\n|inactive|Time left: 300 sec this turn | 300 sec total\n|\n|t:|1783572445\n|move|p1a: Gouging Fire|Morning Sun|p1a: Gouging Fire\n|-heal|p1a: Gouging Fire|100/100\n|move|p2a: Diancie|Moonblast|p1a: Gouging Fire\n|-damage|p1a: Gouging Fire|65/100\n|\n|upkeep\n|turn|14\n|inactive|Time left: 300 sec this turn | 300 sec total\n|\n|t:|1783572446\n|move|p1a: Gouging Fire|Morning Sun|p1a: Gouging Fire\n|-heal|p1a: Gouging Fire|100/100\n|move|p2a: Diancie|Moonblast|p1a: Gouging Fire\n|-damage|p1a: Gouging Fire|60/100\n|\n|upkeep\n|turn|15\n|inactive|Time left: 300 sec this turn | 300 sec total\n|\n|t:|1783572447\n|move|p1a: Gouging Fire|Morning Sun|p1a: Gouging Fire\n|-heal|p1a: Gouging Fire|100/100\n|move|p2a: Diancie|Diamond Storm|p1a: Gouging Fire\n|-damage|p1a: Gouging Fire|69/100\n|\n|upkeep\n|turn|16\n|inactive|Time left: 300 sec this turn | 300 sec total\n|\n|t:|1783572448\n|move|p1a: Gouging Fire|Morning Sun|p1a: Gouging Fire\n|-heal|p1a: Gouging Fire|100/100\n|move|p2a: Diancie|Moonblast|p1a: Gouging Fire\n|-damage|p1a: Gouging Fire|59/100\n|\n|upkeep\n|turn|17\n|inactive|Time left: 300 sec this turn | 300 sec total\n|\n|t:|1783572450\n|move|p1a: Gouging Fire|Morning Sun|p1a: Gouging Fire\n|-heal|p1a: Gouging Fire|100/100\n|move|p2a: Diancie|Moonblast|p1a: Gouging Fire\n|-damage|p1a: Gouging Fire|63/100\n|-unboost|p1a: Gouging Fire|spa|1\n|\n|upkeep\n|turn|18\n|inactive|Time left: 300 sec this turn | 300 sec total\n|\n|t:|1783572451\n|move|p1a: Gouging Fire|Morning Sun|p1a: Gouging Fire\n|-heal|p1a: Gouging Fire|100/100\n|move|p2a: Diancie|Diamond Storm|p1a: Gouging Fire\n|-damage|p1a: Gouging Fire|70/100\n|\n|upkeep\n|turn|19\n|inactive|Time left: 300 sec this turn | 300 sec total\n|\n|t:|1783572452\n|move|p1a: Gouging Fire|Heat Crash|p2a: Diancie\n|-resisted|p2a: Diancie\n|-damage|p2a: Diancie|192/216\n|move|p2a: Diancie|Moonblast|p1a: Gouging Fire\n|-damage|p1a: Gouging Fire|29/100\n|\n|upkeep\n|turn|20\n|inactive|Time left: 300 sec this turn | 300 sec total\n|\n|t:|1783572453\n|move|p1a: Gouging Fire|Heat Crash|p2a: Diancie\n|-resisted|p2a: Diancie\n|-damage|p2a: Diancie|168/216\n|move|p2a: Diancie|Body Press|p1a: Gouging Fire\n|-resisted|p1a: Gouging Fire\n|-damage|p1a: Gouging Fire|0 fnt\n|faint|p1a: Gouging Fire\n|-end|p1a: Gouging Fire|Protosynthesis|[silent]\n|\n|upkeep\n|\n|t:|1783572453\n|switch|p1a: Azumarill|Azumarill, L82, M|44/100\n|turn|21\n|inactive|Time left: 300 sec this turn | 300 sec total\n|\n|t:|1783572454\n|-terastallize|p2a: Diancie|Fighting\n|move|p1a: Azumarill|Liquidation|p2a: Diancie\n|-damage|p2a: Diancie|132/216\n|move|p2a: Diancie|Body Press|p1a: Azumarill\n|-resisted|p1a: Azumarill\n|-damage|p1a: Azumarill|0 fnt\n|faint|p1a: Azumarill\n|\n|upkeep\n|\n|t:|1783572455\n|switch|p1a: Galvantula|Galvantula, L82, F|100/100\n|turn|22\n|inactive|Time left: 300 sec this turn | 300 sec total\n|\n|t:|1783572456\n|move|p1a: Galvantula|Thunder|p2a: Diancie\n|-damage|p2a: Diancie|83/216\n|move|p2a: Diancie|Diamond Storm|p1a: Galvantula\n|-supereffective|p1a: Galvantula\n|-damage|p1a: Galvantula|0 fnt\n|faint|p1a: Galvantula\n|\n|upkeep\n|\n|t:|1783572457\n|switch|p1a: Mienshao|Mienshao, L83, F|100/100\n|turn|23\n|inactive|Time left: 300 sec this turn | 300 sec total\n|\n|t:|1783572457\n|move|p1a: Mienshao|Fake Out|p2a: Diancie\n|-damage|p2a: Diancie|75/216\n|cant|p2a: Diancie|flinch\n|\n|upkeep\n|turn|24\n|inactive|Time left: 300 sec this turn | 300 sec total\n|\n|t:|1783572458\n|move|p1a: Mienshao|Close Combat|p2a: Diancie\n|-damage|p2a: Diancie|42/216\n|-unboost|p1a: Mienshao|def|1\n|-unboost|p1a: Mienshao|spd|1\n|move|p2a: Diancie|Body Press|p1a: Mienshao\n|-damage|p1a: Mienshao|0 fnt\n|faint|p1a: Mienshao\n|\n|win|p0y29007177", "uploadtime": 1783572458, "views": 0, "rating": 0, "private": 0, "password": null, "_winner": "p0y29007177", "_our_name": "p0y29007177"}