{"id": "battle-gen9randombattle-2969", "formatid": "gen9randombattle", "format": "[Gen 9] Random Battle", "players": ["p0x2969ddcd", "p0y296984aa"], "log": "|init|battle\n|title|p0x2969ddcd vs. p0y296984aa\n|j|\u2606p0x2969ddcd\n|j|\u2606p0y296984aa\n|t:|1783574187\n|gametype|singles\n|player|p1|p0x2969ddcd|101|\n|player|p2|p0y296984aa|2|\n|gen|9\n|tier|[Gen 9] Random Battle\n|rule|Species Clause: Limit one of each Pok\u00e9mon\n|rule|HP Percentage Mod: HP is shown in percentages\n|rule|Sleep Clause Mod: Limit one foe put to sleep\n|rule|Illusion Level Mod: Illusion disguises the Pok\u00e9mon's true level\n|\n|t:|1783574187\n|teamsize|p1|6\n|teamsize|p2|6\n|start\n|switch|p1a: Sudowoodo|Sudowoodo, L94, M|100/100\n|switch|p2a: Iron Bundle|Iron Bundle, L78|215/215\n|turn|1\n|inactive|Battle timer is ON: inactive players will automatically lose when time's up. (requested by p0x2969ddcd)\n|inactive|Time left: 300 sec this turn | 300 sec total | 60 sec grace\n|inactive|p0y296984aa also wants the timer to be on.\n|\n|t:|1783574188\n|move|p2a: Iron Bundle|Hydro Pump|p1a: Sudowoodo\n|-supereffective|p1a: Sudowoodo\n|-damage|p1a: Sudowoodo|11/100\n|move|p1a: Sudowoodo|Head Smash|p2a: Iron Bundle\n|-supereffective|p2a: Iron Bundle\n|-damage|p2a: Iron Bundle|0 fnt\n|faint|p2a: Iron Bundle\n|-end|p2a: Iron Bundle|Quark Drive|[silent]\n|\n|upkeep\n|inactive|Time left: 300 sec this turn | 300 sec total | 65 sec grace\n|\n|t:|1783574189\n|switch|p2a: Gumshoos|Gumshoos, L95, F|321/321\n|turn|2\n|inactive|Time left: 300 sec this turn | 300 sec total\n|\n|t:|1783574190\n|move|p2a: Gumshoos|Knock Off|p1a: Sudowoodo\n|-damage|p1a: Sudowoodo|0 fnt\n|-enditem|p1a: Sudowoodo|Choice Band|[from] move: Knock Off|[of] p2a: Gumshoos\n|faint|p1a: Sudowoodo\n|\n|upkeep\n|\n|t:|1783574190\n|switch|p1a: Zacian|Zacian, L69|100/100\n|-ability|p1a: Zacian|Intrepid Sword|boost\n|-boost|p1a: Zacian|atk|1\n|turn|3\n|inactive|Time left: 300 sec this turn | 300 sec total\n|\n|t:|1783574191\n|switch|p2a: Solgaleo|Solgaleo, L74|325/325\n|move|p1a: Zacian|Swords Dance|p1a: Zacian\n|-boost|p1a: Zacian|atk|2\n|\n|upkeep\n|turn|4\n|inactive|Time left: 300 sec this turn | 300 sec total\n|\n|t:|1783574192\n|-terastallize|p1a: Zacian|Fighting\n|move|p1a: Zacian|Close Combat|p2a: Solgaleo\n|-damage|p2a: Solgaleo|0 fnt\n|-unboost|p1a: Zacian|def|1\n|-unboost|p1a: Zacian|spd|1\n|-damage|p1a: Zacian|84/100|[from] item: Rocky Helmet|[of] p2a: Solgaleo\n|faint|p2a: Solgaleo\n|-damage|p1a: Zacian|74/100|[from] item: Life Orb\n|\n|upkeep\n|inactive|Time left: 300 sec this turn | 300 sec total | 5 sec grace\n|\n|t:|1783574193\n|switch|p2a: Whimsicott|Whimsicott, L84, M|238/238\n|turn|5\n|inactive|Time left: 300 sec this turn | 300 sec total\n|\n|t:|1783574194\n|switch|p1a: Ceruledge|Ceruledge, L78, M|100/100\n|move|p2a: Whimsicott|Moonblast|p1a: Ceruledge\n|-resisted|p1a: Ceruledge\n|-damage|p1a: Ceruledge|84/100\n|\n|upkeep\n|turn|6\n|inactive|Time left: 300 sec this turn | 300 sec total\n|\n|t:|1783574195\n|switch|p2a: Drednaw|Drednaw, L81, M|278/278\n|move|p1a: Ceruledge|Bitter Blade|p2a: Drednaw\n|-resisted|p2a: Drednaw\n|-damage|p2a: Drednaw|250/278\n|-heal|p1a: Ceruledge|89/100|[from] drain|[of] p2a: Drednaw\n|\n|upkeep\n|turn|7\n|inactive|Time left: 300 sec this turn | 300 sec total\n|\n|t:|1783574196\n|switch|p1a: Brambleghast|Brambleghast, L88, M|100/100\n|move|p2a: Drednaw|Shell Smash|p2a: Drednaw\n|-unboost|p2a: Drednaw|def|1\n|-unboost|p2a: Drednaw|spd|1\n|-boost|p2a: Drednaw|atk|2\n|-boost|p2a: Drednaw|spa|2\n|-boost|p2a: Drednaw|spe|2\n|-enditem|p2a: Drednaw|White Herb\n|-clearnegativeboost|p2a: Drednaw|[silent]\n|\n|upkeep\n|turn|8\n|inactive|Time left: 300 sec this turn | 300 sec total\n|\n|t:|1783574197\n|move|p2a: Drednaw|Stone Edge|p1a: Brambleghast\n|-crit|p1a: Brambleghast\n|-damage|p1a: Brambleghast|0 fnt\n|faint|p1a: Brambleghast\n|\n|upkeep\n|\n|t:|1783574198\n|switch|p1a: Pachirisu|Pachirisu, L96, F|100/100\n|turn|9\n|inactive|Time left: 300 sec this turn | 300 sec total\n|\n|t:|1783574199\n|switch|p1a: Cetitan|Cetitan, L82, M|100/100\n|move|p2a: Drednaw|Earthquake|p1a: Cetitan\n|-damage|p1a: Cetitan|54/100\n|\n|upkeep\n|turn|10\n|inactive|Time left: 300 sec this turn | 300 sec total\n|\n|t:|1783574200\n|move|p2a: Drednaw|Liquidation|p1a: Cetitan\n|-damage|p1a: Cetitan|0 fnt\n|faint|p1a: Cetitan\n|\n|upkeep\n|\n|t:|1783574201\n|switch|p1a: Pachirisu|Pachirisu, L96, F|100/100\n|turn|11\n|inactive|Time left: 300 sec this turn | 300 sec total\n|\n|t:|1783574202\n|switch|p1a: Zacian|Zacian, L69, tera:Fighting|74/100\n|move|p2a: Drednaw|Earthquake|p1a: Zacian\n|-damage|p1a: Zacian|11/100\n|\n|upkeep\n|turn|12\n|inactive|Time left: 300 sec this turn | 300 sec total\n|\n|t:|1783574203\n|move|p2a: Drednaw|Earthquake|p1a: Zacian\n|-damage|p1a: Zacian|0 fnt\n|faint|p1a: Zacian\n|\n|upkeep\n|\n|t:|1783574204\n|switch|p1a: Ceruledge|Ceruledge, L78, M|89/100\n|turn|13\n|inactive|Time left: 300 sec this turn | 300 sec total\n|\n|t:|1783574205\n|move|p2a: Drednaw|Earthquake|p1a: Ceruledge\n|-supereffective|p1a: Ceruledge\n|-damage|p1a: Ceruledge|0 fnt\n|faint|p1a: Ceruledge\n|\n|upkeep\n|\n|t:|1783574206\n|switch|p1a: Pachirisu|Pachirisu, L96, F|100/100\n|turn|14\n|inactive|Time left: 300 sec this turn | 300 sec total\n|\n|t:|1783574207\n|move|p2a: Drednaw|Earthquake|p1a: Pachirisu\n|-supereffective|p1a: Pachirisu\n|-damage|p1a: Pachirisu|0 fnt\n|faint|p1a: Pachirisu\n|\n|win|p0y296984aa", "uploadtime": 1783574207, "views": 0, "rating": 0, "private": 0, "password": null, "_winner": "p0y296984aa", "_our_name": "p0y296984aa"}