{"id": "battle-gen9randombattle-2807", "formatid": "gen9randombattle", "format": "[Gen 9] Random Battle", "players": ["p0x2807dd30", "p0y28074ea4"], "log": "|init|battle\n|title|p0x2807dd30 vs. p0y28074ea4\n|j|\u2606p0x2807dd30\n|j|\u2606p0y28074ea4\n|t:|1783572353\n|gametype|singles\n|player|p1|p0x2807dd30|2|\n|player|p2|p0y28074ea4|170|\n|gen|9\n|tier|[Gen 9] Random Battle\n|rule|Species Clause: Limit one of each Pok\u00e9mon\n|rule|HP Percentage Mod: HP is shown in percentages\n|rule|Sleep Clause Mod: Limit one foe put to sleep\n|rule|Illusion Level Mod: Illusion disguises the Pok\u00e9mon's true level\n|\n|t:|1783572353\n|teamsize|p1|6\n|teamsize|p2|6\n|start\n|switch|p1a: Toucannon|Toucannon, L88, F|284/284\n|switch|p2a: Gothitelle|Gothitelle, L90, F|100/100\n|turn|1\n|inactive|Battle timer is ON: inactive players will automatically lose when time's up. (requested by p0y28074ea4)\n|inactive|Time left: 300 sec this turn | 300 sec total | 60 sec grace\n|inactive|p0x2807dd30 also wants the timer to be on.\n|\n|t:|1783572354\n|-singleturn|p1a: Toucannon|move: Beak Blast\n|move|p2a: Gothitelle|Dark Pulse|p1a: Toucannon\n|-damage|p1a: Toucannon|220/284\n|move|p1a: Toucannon|Beak Blast|p2a: Gothitelle\n|-damage|p2a: Gothitelle|54/100\n|\n|upkeep\n|turn|2\n|inactive|Time left: 300 sec this turn | 300 sec total\n|\n|t:|1783572355\n|switch|p2a: Mandibuzz|Mandibuzz, L85, F|100/100\n|-singleturn|p1a: Toucannon|move: Beak Blast\n|move|p1a: Toucannon|Beak Blast|p2a: Mandibuzz\n|-damage|p2a: Mandibuzz|62/100\n|\n|upkeep\n|turn|3\n|inactive|Time left: 300 sec this turn | 300 sec total\n|\n|t:|1783572355\n|-singleturn|p1a: Toucannon|move: Beak Blast\n|move|p2a: Mandibuzz|Foul Play|p1a: Toucannon\n|-damage|p1a: Toucannon|84/284\n|-status|p2a: Mandibuzz|brn\n|move|p1a: Toucannon|Beak Blast|p2a: Mandibuzz\n|-damage|p2a: Mandibuzz|23/100 brn\n|\n|-damage|p2a: Mandibuzz|16/100 brn|[from] brn\n|upkeep\n|turn|4\n|inactive|Time left: 300 sec this turn | 300 sec total\n|\n|t:|1783572356\n|move|p2a: Mandibuzz|Toxic|p1a: Toucannon\n|-status|p1a: Toucannon|tox\n|move|p1a: Toucannon|Roost|p1a: Toucannon\n|-heal|p1a: Toucannon|226/284 tox\n|-singleturn|p1a: Toucannon|move: Roost\n|\n|-damage|p1a: Toucannon|209/284 tox|[from] psn\n|-damage|p2a: Mandibuzz|10/100 brn|[from] brn\n|upkeep\n|turn|5\n|inactive|Time left: 300 sec this turn | 300 sec total\n|\n|t:|1783572357\n|move|p2a: Mandibuzz|Roost|p2a: Mandibuzz\n|-heal|p2a: Mandibuzz|60/100 brn\n|-singleturn|p2a: Mandibuzz|move: Roost\n|move|p1a: Toucannon|U-turn|p2a: Mandibuzz\n|-supereffective|p2a: Mandibuzz\n|-damage|p2a: Mandibuzz|24/100 brn\n|inactive|Time left: 300 sec this turn | 300 sec total | 5 sec grace\n|\n|t:|1783572358\n|switch|p1a: Revavroom|Revavroom, L79, F|256/256|[from] U-turn\n|\n|-damage|p2a: Mandibuzz|18/100 brn|[from] brn\n|upkeep\n|turn|6\n|inactive|Time left: 300 sec this turn | 300 sec total\n|\n|t:|1783572359\n|move|p1a: Revavroom|Shift Gear|p1a: Revavroom\n|-boost|p1a: Revavroom|spe|2\n|-boost|p1a: Revavroom|atk|1\n|move|p2a: Mandibuzz|Foul Play|p1a: Revavroom\n|-damage|p1a: Revavroom|167/256\n|\n|-damage|p2a: Mandibuzz|12/100 brn|[from] brn\n|upkeep\n|turn|7\n|inactive|Time left: 300 sec this turn | 300 sec total\n|\n|t:|1783572360\n|move|p1a: Revavroom|Iron Head|p2a: Mandibuzz\n|-damage|p2a: Mandibuzz|0 fnt\n|faint|p2a: Mandibuzz\n|-damage|p1a: Revavroom|142/256|[from] item: Life Orb\n|\n|upkeep\n|\n|t:|1783572361\n|switch|p2a: Sinistcha|Sinistcha, L83|100/100\n|turn|8\n|inactive|Time left: 300 sec this turn | 300 sec total\n|\n|t:|1783572362\n|move|p1a: Revavroom|Shift Gear|p1a: Revavroom\n|-boost|p1a: Revavroom|spe|2\n|-boost|p1a: Revavroom|atk|1\n|move|p2a: Sinistcha|Shadow Ball|p1a: Revavroom\n|-damage|p1a: Revavroom|13/256\n|\n|upkeep\n|turn|9\n|inactive|Time left: 300 sec this turn | 300 sec total\n|\n|t:|1783572363\n|switch|p2a: Gastrodon|Gastrodon, L86, M|100/100\n|move|p1a: Revavroom|Gunk Shot|p2a: Gastrodon\n|-resisted|p2a: Gastrodon\n|-damage|p2a: Gastrodon|35/100\n|-damage|p1a: Revavroom|0 fnt|[from] item: Life Orb\n|faint|p1a: Revavroom\n|\n|-heal|p2a: Gastrodon|41/100|[from] item: Leftovers\n|upkeep\n|inactive|Time left: 300 sec this turn | 300 sec total | 5 sec grace\n|\n|t:|1783572364\n|switch|p1a: Toucannon|Toucannon, L88, F|209/284 tox\n|turn|10\n|inactive|Time left: 300 sec this turn | 300 sec total\n|\n|t:|1783572365\n|move|p1a: Toucannon|Boomburst|p2a: Gastrodon\n|-damage|p2a: Gastrodon|1/100\n|move|p2a: Gastrodon|Recover|p2a: Gastrodon\n|-heal|p2a: Gastrodon|51/100\n|\n|-heal|p2a: Gastrodon|57/100|[from] item: Leftovers\n|-damage|p1a: Toucannon|192/284 tox|[from] psn\n|upkeep\n|turn|11\n|inactive|Time left: 300 sec this turn | 300 sec total\n|\n|t:|1783572366\n|-singleturn|p1a: Toucannon|move: Beak Blast\n|move|p2a: Gastrodon|Recover|p2a: Gastrodon\n|-heal|p2a: Gastrodon|100/100\n|move|p1a: Toucannon|Beak Blast|p2a: Gastrodon\n|-damage|p2a: Gastrodon|52/100\n|\n|-heal|p2a: Gastrodon|58/100|[from] item: Leftovers\n|-damage|p1a: Toucannon|158/284 tox|[from] psn\n|upkeep\n|turn|12\n|inactive|Time left: 300 sec this turn | 300 sec total\n|\n|t:|1783572367\n|-singleturn|p1a: Toucannon|move: Beak Blast\n|move|p2a: Gastrodon|Recover|p2a: Gastrodon\n|-heal|p2a: Gastrodon|100/100\n|move|p1a: Toucannon|Beak Blast|p2a: Gastrodon\n|-damage|p2a: Gastrodon|52/100\n|\n|-heal|p2a: Gastrodon|58/100|[from] item: Leftovers\n|-damage|p1a: Toucannon|107/284 tox|[from] psn\n|upkeep\n|turn|13\n|inactive|Time left: 300 sec this turn | 300 sec total\n|\n|t:|1783572368\n|move|p1a: Toucannon|Boomburst|p2a: Gastrodon\n|-crit|p2a: Gastrodon\n|-damage|p2a: Gastrodon|0 fnt\n|faint|p2a: Gastrodon\n|\n|-damage|p1a: Toucannon|39/284 tox|[from] psn\n|upkeep\n|\n|t:|1783572369\n|switch|p2a: Heracross|Heracross, L80, F|100/100\n|turn|14\n|inactive|Time left: 300 sec this turn | 300 sec total\n|\n|t:|1783572370\n|-singleturn|p1a: Toucannon|move: Beak Blast\n|move|p2a: Heracross|Knock Off|p1a: Toucannon\n|-damage|p1a: Toucannon|0 fnt\n|-status|p2a: Heracross|brn\n|-enditem|p1a: Toucannon|Heavy-Duty Boots|[from] move: Knock Off|[of] p2a: Heracross\n|faint|p1a: Toucannon\n|\n|-damage|p2a: Heracross|94/100 brn|[from] brn\n|upkeep\n|inactive|Time left: 300 sec this turn | 300 sec total | 5 sec grace\n|\n|t:|1783572371\n|switch|p1a: Dachsbun|Dachsbun, L92, M|254/254\n|turn|15\n|inactive|Time left: 300 sec this turn | 300 sec total\n|\n|t:|1783572372\n|switch|p2a: Sinistcha|Sinistcha, L83|100/100\n|move|p1a: Dachsbun|Play Rough|p2a: Sinistcha\n|-damage|p2a: Sinistcha|69/100\n|\n|-heal|p2a: Sinistcha|75/100|[from] item: Leftovers\n|upkeep\n|turn|16\n|inactive|Time left: 300 sec this turn | 300 sec total\n|\n|t:|1783572373\n|switch|p1a: Sneasler|Sneasler, L74, M|240/240\n|move|p2a: Sinistcha|Calm Mind|p2a: Sinistcha\n|-boost|p2a: Sinistcha|spa|1\n|-boost|p2a: Sinistcha|spd|1\n|\n|-heal|p2a: Sinistcha|80/100|[from] item: Leftovers\n|upkeep\n|turn|17\n|inactive|Time left: 300 sec this turn | 300 sec total\n|\n|t:|1783572374\n|-terastallize|p1a: Sneasler|Dark\n|move|p1a: Sneasler|Throat Chop|p2a: Sinistcha\n|-supereffective|p2a: Sinistcha\n|-damage|p2a: Sinistcha|0 fnt\n|faint|p2a: Sinistcha\n|\n|upkeep\n|\n|t:|1783572375\n|switch|p2a: Heracross|Heracross, L80, F|94/100 brn\n|turn|18\n|inactive|Time left: 300 sec this turn | 300 sec total\n|\n|t:|1783572376\n|switch|p1a: Dachsbun|Dachsbun, L92, M|254/254\n|move|p2a: Heracross|Facade|p1a: Dachsbun\n|-damage|p1a: Dachsbun|122/254\n|\n|-heal|p1a: Dachsbun|137/254|[from] item: Leftovers\n|-damage|p2a: Heracross|88/100 brn|[from] brn\n|upkeep\n|turn|19\n|inactive|Time left: 300 sec this turn | 300 sec total\n|\n|t:|1783572377\n|switch|p2a: Excadrill|Excadrill, L79, F|100/100\n|-ability|p2a: Excadrill|Mold Breaker\n|move|p1a: Dachsbun|Play Rough|p2a: Excadrill\n|-resisted|p2a: Excadrill\n|-damage|p2a: Excadrill|79/100\n|\n|-heal|p1a: Dachsbun|152/254|[from] item: Leftovers\n|upkeep\n|turn|20\n|inactive|Time left: 300 sec this turn | 300 sec total\n|\n|t:|1783572378\n|switch|p1a: Great Tusk|Great Tusk, L77|304/304\n|move|p2a: Excadrill|Iron Head|p1a: Great Tusk\n|-damage|p1a: Great Tusk|219/304\n|\n|-heal|p1a: Great Tusk|238/304|[from] item: Leftovers\n|upkeep\n|turn|21\n|inactive|Time left: 300 sec this turn | 300 sec total\n|\n|t:|1783572379\n|switch|p2a: Gothitelle|Gothitelle, L90, F|54/100\n|move|p1a: Great Tusk|Earthquake|p2a: Gothitelle\n|-damage|p2a: Gothitelle|20/100\n|\n|-heal|p1a: Great Tusk|257/304|[from] item: Leftovers\n|upkeep\n|turn|22\n|inactive|Time left: 300 sec this turn | 300 sec total\n|\n|t:|1783572380\n|move|p2a: Gothitelle|Psychic|p1a: Great Tusk\n|-supereffective|p1a: Great Tusk\n|-damage|p1a: Great Tusk|0 fnt\n|faint|p1a: Great Tusk\n|-end|p1a: Great Tusk|Protosynthesis|[silent]\n|\n|upkeep\n|inactive|Time left: 300 sec this turn | 300 sec total | 5 sec grace\n|\n|t:|1783572381\n|switch|p1a: Sneasler|Sneasler, L74, M, tera:Dark|240/240\n|turn|23\n|inactive|Time left: 300 sec this turn | 300 sec total\n|\n|t:|1783572382\n|move|p2a: Gothitelle|Psychic|p1a: Sneasler\n|-immune|p1a: Sneasler\n|move|p1a: Sneasler|Close Combat|p2a: Gothitelle\n|-resisted|p2a: Gothitelle\n|-damage|p2a: Gothitelle|0 fnt\n|-unboost|p1a: Sneasler|def|1\n|-unboost|p1a: Sneasler|spd|1\n|faint|p2a: Gothitelle\n|\n|upkeep\n|\n|t:|1783572383\n|switch|p2a: Heracross|Heracross, L80, F|88/100 brn\n|turn|24\n|inactive|Time left: 300 sec this turn | 300 sec total\n|\n|t:|1783572384\n|switch|p1a: Dachsbun|Dachsbun, L92, M|152/254\n|move|p2a: Heracross|Trailblaze|p1a: Dachsbun\n|-damage|p1a: Dachsbun|110/254\n|-boost|p2a: Heracross|spe|1\n|\n|-heal|p1a: Dachsbun|125/254|[from] item: Leftovers\n|-damage|p2a: Heracross|82/100 brn|[from] brn\n|upkeep\n|turn|25\n|inactive|Time left: 300 sec this turn | 300 sec total\n|\n|t:|1783572385\n|-terastallize|p2a: Heracross|Normal\n|move|p1a: Dachsbun|Protect|p1a: Dachsbun\n|-singleturn|p1a: Dachsbun|Protect\n|move|p2a: Heracross|Facade|p1a: Dachsbun\n|-activate|p1a: Dachsbun|move: Protect\n|\n|-heal|p1a: Dachsbun|140/254|[from] item: Leftovers\n|-damage|p2a: Heracross|76/100 brn|[from] brn\n|upkeep\n|turn|26\n|inactive|Time left: 300 sec this turn | 300 sec total\n|\n|t:|1783572386\n|move|p1a: Dachsbun|Protect||[still]\n|-fail|p1a: Dachsbun\n|move|p2a: Heracross|Facade|p1a: Dachsbun\n|-damage|p1a: Dachsbun|0 fnt\n|faint|p1a: Dachsbun\n|\n|-damage|p2a: Heracross|70/100 brn|[from] brn\n|upkeep\n|inactive|Time left: 300 sec this turn | 300 sec total | 5 sec grace\n|\n|t:|1783572386\n|switch|p1a: Pachirisu|Pachirisu, L96, M|271/271\n|turn|27\n|inactive|Time left: 300 sec this turn | 300 sec total\n|\n|t:|1783572387\n|move|p2a: Heracross|Facade|p1a: Pachirisu\n|-damage|p1a: Pachirisu|31/271\n|move|p1a: Pachirisu|Super Fang|p2a: Heracross\n|-damage|p2a: Heracross|35/100 brn\n|\n|-damage|p2a: Heracross|29/100 brn|[from] brn\n|upkeep\n|turn|28\n|inactive|Time left: 300 sec this turn | 300 sec total\n|\n|t:|1783572388\n|move|p2a: Heracross|Facade|p1a: Pachirisu\n|-damage|p1a: Pachirisu|0 fnt\n|faint|p1a: Pachirisu\n|\n|-damage|p2a: Heracross|23/100 brn|[from] brn\n|upkeep\n|inactive|Time left: 300 sec this turn | 300 sec total | 5 sec grace\n|\n|t:|1783572389\n|switch|p1a: Sneasler|Sneasler, L74, M, tera:Dark|240/240\n|turn|29\n|inactive|Time left: 300 sec this turn | 300 sec total\n|\n|t:|1783572390\n|move|p2a: Heracross|Facade|p1a: Sneasler\n|-damage|p1a: Sneasler|0 fnt\n|faint|p1a: Sneasler\n|\n|win|p0y28074ea4", "uploadtime": 1783572390, "views": 0, "rating": 0, "private": 0, "password": null, "_winner": "p0y28074ea4", "_our_name": "p0x2807dd30"}