{"id": "battle-gen9randombattle-2482", "formatid": "gen9randombattle", "format": "[Gen 9] Random Battle", "players": ["p0x2482f54e", "p0y2482b21b"], "log": "|init|battle\n|title|p0x2482f54e vs. p0y2482b21b\n|j|\u2606p0x2482f54e\n|j|\u2606p0y2482b21b\n|t:|1783567813\n|gametype|singles\n|player|p1|p0x2482f54e|102|\n|player|p2|p0y2482b21b|1|\n|gen|9\n|tier|[Gen 9] Random Battle\n|rule|Species Clause: Limit one of each Pok\u00e9mon\n|rule|HP Percentage Mod: HP is shown in percentages\n|rule|Sleep Clause Mod: Limit one foe put to sleep\n|rule|Illusion Level Mod: Illusion disguises the Pok\u00e9mon's true level\n|\n|t:|1783567813\n|teamsize|p1|6\n|teamsize|p2|6\n|start\n|switch|p1a: Smeargle|Smeargle, L95, F|258/258\n|switch|p2a: Kyurem|Kyurem-Black, L71|100/100\n|-ability|p2a: Kyurem|Teravolt\n|turn|1\n|inactive|Battle timer is ON: inactive players will automatically lose when time's up. (requested by p0x2482f54e)\n|inactive|p0y2482b21b also wants the timer to be on.\n|\n|t:|1783567814\n|move|p1a: Smeargle|Spore|p2a: Kyurem\n|-status|p2a: Kyurem|slp|[from] move: Spore\n|cant|p2a: Kyurem|slp\n|\n|upkeep\n|turn|2\n|inactive|Time left: 300 sec this turn | 300 sec total\n|\n|t:|1783567815\n|move|p1a: Smeargle|Shell Smash|p1a: Smeargle\n|-unboost|p1a: Smeargle|def|1\n|-unboost|p1a: Smeargle|spd|1\n|-boost|p1a: Smeargle|atk|2\n|-boost|p1a: Smeargle|spa|2\n|-boost|p1a: Smeargle|spe|2\n|cant|p2a: Kyurem|slp\n|\n|upkeep\n|turn|3\n|inactive|Time left: 300 sec this turn | 300 sec total\n|\n|t:|1783567817\n|move|p1a: Smeargle|Population Bomb|p2a: Kyurem\n|-damage|p2a: Kyurem|88/100 slp\n|-damage|p2a: Kyurem|75/100 slp\n|-damage|p2a: Kyurem|64/100 slp\n|-damage|p2a: Kyurem|51/100 slp\n|-damage|p2a: Kyurem|40/100 slp\n|-damage|p2a: Kyurem|29/100 slp\n|-damage|p2a: Kyurem|15/100 slp\n|-damage|p2a: Kyurem|4/100 slp\n|-damage|p2a: Kyurem|0 fnt\n|faint|p2a: Kyurem\n|-hitcount|p2: Kyurem|9\n|\n|upkeep\n|\n|t:|1783567817\n|switch|p2a: Shiftry|Shiftry, L89, M|100/100\n|turn|4\n|inactive|Time left: 300 sec this turn | 300 sec total\n|\n|t:|1783567819\n|move|p2a: Shiftry|Sucker Punch|p1a: Smeargle\n|-damage|p1a: Smeargle|0 fnt\n|faint|p1a: Smeargle\n|-damage|p2a: Shiftry|91/100|[from] item: Life Orb\n|\n|upkeep\n|inactive|Time left: 300 sec this turn | 300 sec total | 5 sec grace\n|\n|t:|1783567820\n|switch|p1a: Lucario|Lucario, L84, F|255/255\n|turn|5\n|inactive|Time left: 300 sec this turn | 300 sec total\n|\n|t:|1783567821\n|switch|p2a: Azumarill|Azumarill, L82, M|100/100\n|move|p1a: Lucario|Close Combat|p2a: Azumarill\n|-resisted|p2a: Azumarill\n|-damage|p2a: Azumarill|65/100\n|-unboost|p1a: Lucario|def|1\n|-unboost|p1a: Lucario|spd|1\n|\n|upkeep\n|turn|6\n|inactive|Time left: 300 sec this turn | 300 sec total\n|\n|t:|1783567822\n|switch|p1a: Toxtricity|Toxtricity, L82, F|257/257\n|move|p2a: Azumarill|Play Rough|p1a: Toxtricity\n|-resisted|p1a: Toxtricity\n|-damage|p1a: Toxtricity|148/257\n|\n|upkeep\n|turn|7\n|inactive|Time left: 300 sec this turn | 300 sec total\n|\n|t:|1783567822\n|switch|p2a: Cryogonal|Cryogonal, L89|100/100\n|move|p1a: Toxtricity|Overdrive|p2a: Cryogonal\n|-damage|p2a: Cryogonal|74/100\n|-enditem|p1a: Toxtricity|Throat Spray\n|-boost|p1a: Toxtricity|spa|1|[from] item: Throat Spray\n|\n|upkeep\n|turn|8\n|inactive|Time left: 300 sec this turn | 300 sec total\n|\n|t:|1783567823\n|move|p2a: Cryogonal|Ice Beam|p1a: Toxtricity\n|-damage|p1a: Toxtricity|28/257\n|-status|p1a: Toxtricity|frz\n|cant|p1a: Toxtricity|frz\n|\n|upkeep\n|turn|9\n|inactive|Time left: 300 sec this turn | 300 sec total\n|\n|t:|1783567824\n|switch|p1a: Lucario|Lucario, L84, F|255/255\n|move|p2a: Cryogonal|Rapid Spin|p1a: Lucario\n|-resisted|p1a: Lucario\n|-damage|p1a: Lucario|240/255\n|-boost|p2a: Cryogonal|spe|1\n|\n|upkeep\n|turn|10\n|inactive|Time left: 300 sec this turn | 300 sec total\n|\n|t:|1783567825\n|move|p2a: Cryogonal|Ice Beam|p1a: Lucario\n|-resisted|p1a: Lucario\n|-damage|p1a: Lucario|177/255\n|move|p1a: Lucario|Close Combat|p2a: Cryogonal\n|-supereffective|p2a: Cryogonal\n|-damage|p2a: Cryogonal|0 fnt\n|-unboost|p1a: Lucario|def|1\n|-unboost|p1a: Lucario|spd|1\n|faint|p2a: Cryogonal\n|\n|upkeep\n|\n|t:|1783567826\n|switch|p2a: Azumarill|Azumarill, L82, M|65/100\n|turn|11\n|inactive|Time left: 300 sec this turn | 300 sec total\n|\n|t:|1783567827\n|switch|p1a: Toxtricity|Toxtricity, L82, F|28/257 frz\n|move|p2a: Azumarill|Liquidation|p1a: Toxtricity\n|-damage|p1a: Toxtricity|0 fnt\n|faint|p1a: Toxtricity\n|\n|upkeep\n|inactive|Time left: 300 sec this turn | 300 sec total | 5 sec grace\n|\n|t:|1783567828\n|switch|p1a: Inteleon|Inteleon, L81, F|246/246\n|turn|12\n|inactive|Time left: 300 sec this turn | 300 sec total\n|\n|t:|1783567828\n|move|p1a: Inteleon|Scald|p2a: Azumarill\n|-resisted|p2a: Azumarill\n|-damage|p2a: Azumarill|37/100\n|move|p2a: Azumarill|Liquidation|p1a: Inteleon\n|-resisted|p1a: Inteleon\n|-damage|p1a: Inteleon|139/246\n|\n|upkeep\n|turn|13\n|inactive|Time left: 300 sec this turn | 300 sec total\n|\n|t:|1783567829\n|move|p1a: Inteleon|Scald|p2a: Azumarill\n|-resisted|p2a: Azumarill\n|-damage|p2a: Azumarill|12/100\n|-status|p2a: Azumarill|brn\n|move|p2a: Azumarill|Liquidation|p1a: Inteleon\n|-resisted|p1a: Inteleon\n|-damage|p1a: Inteleon|84/246\n|\n|-damage|p2a: Azumarill|6/100 brn|[from] brn\n|upkeep\n|turn|14\n|inactive|Time left: 300 sec this turn | 300 sec total\n|\n|t:|1783567830\n|move|p1a: Inteleon|Scald|p2a: Azumarill\n|-resisted|p2a: Azumarill\n|-damage|p2a: Azumarill|0 fnt\n|faint|p2a: Azumarill\n|\n|upkeep\n|\n|t:|1783567831\n|switch|p2a: Wugtrio|Wugtrio, L91, M|100/100\n|turn|15\n|inactive|Time left: 300 sec this turn | 300 sec total\n|\n|t:|1783567832\n|switch|p1a: Persian|Persian-Alola, L86, F|252/252\n|move|p2a: Wugtrio|Liquidation|p1a: Persian\n|-damage|p1a: Persian|153/252\n|\n|upkeep\n|turn|16\n|inactive|Time left: 300 sec this turn | 300 sec total\n|\n|t:|1783567833\n|move|p2a: Wugtrio|Liquidation|p1a: Persian\n|-damage|p1a: Persian|54/252\n|-unboost|p1a: Persian|def|1\n|move|p1a: Persian|Parting Shot|p2a: Wugtrio\n|-unboost|p2a: Wugtrio|atk|1\n|-unboost|p2a: Wugtrio|spa|1\n|inactive|Time left: 300 sec this turn | 300 sec total | 5 sec grace\n|\n|t:|1783567834\n|switch|p1a: Lucario|Lucario, L84, F|177/255|[from] Parting Shot\n|\n|upkeep\n|turn|17\n|inactive|Time left: 300 sec this turn | 300 sec total\n|\n|t:|1783567835\n|move|p2a: Wugtrio|Liquidation|p1a: Lucario\n|-damage|p1a: Lucario|39/255\n|move|p1a: Lucario|Close Combat|p2a: Wugtrio\n|-damage|p2a: Wugtrio|0 fnt\n|-unboost|p1a: Lucario|def|1\n|-unboost|p1a: Lucario|spd|1\n|-ability|p2a: Wugtrio|Gooey\n|-unboost|p1a: Lucario|spe|1\n|faint|p2a: Wugtrio\n|\n|upkeep\n|\n|t:|1783567835\n|switch|p2a: Shiftry|Shiftry, L89, M|91/100\n|turn|18\n|inactive|Time left: 300 sec this turn | 300 sec total\n|\n|t:|1783567836\n|switch|p1a: Persian|Persian-Alola, L86, F|54/252\n|move|p2a: Shiftry|Knock Off|p1a: Persian\n|-resisted|p1a: Persian\n|-damage|p1a: Persian|0 fnt\n|-enditem|p1a: Persian|Heavy-Duty Boots|[from] move: Knock Off|[of] p2a: Shiftry\n|faint|p1a: Persian\n|-damage|p2a: Shiftry|81/100|[from] item: Life Orb\n|\n|upkeep\n|inactive|Time left: 300 sec this turn | 300 sec total | 5 sec grace\n|\n|t:|1783567837\n|switch|p1a: Lucario|Lucario, L84, F|39/255\n|turn|19\n|inactive|Time left: 300 sec this turn | 300 sec total\n|\n|t:|1783567838\n|move|p1a: Lucario|Extreme Speed|p2a: Shiftry\n|-damage|p2a: Shiftry|43/100\n|move|p2a: Shiftry|Sucker Punch||[still]\n|-fail|p2a: Shiftry\n|\n|upkeep\n|turn|20\n|inactive|Time left: 300 sec this turn | 300 sec total\n|\n|t:|1783567839\n|move|p1a: Lucario|Extreme Speed|p2a: Shiftry\n|-damage|p2a: Shiftry|8/100\n|move|p2a: Shiftry|Knock Off|p1a: Lucario\n|-resisted|p1a: Lucario\n|-damage|p1a: Lucario|0 fnt\n|-enditem|p1a: Lucario|Choice Band|[from] move: Knock Off|[of] p2a: Shiftry\n|faint|p1a: Lucario\n|-damage|p2a: Shiftry|0 fnt|[from] item: Life Orb\n|faint|p2a: Shiftry\n|\n|upkeep\n|inactive|Time left: 300 sec this turn | 300 sec total | 5 sec grace\n|\n|t:|1783567840\n|switch|p1a: Inteleon|Inteleon, L81, F|84/246\n|switch|p2a: Oranguru|Oranguru, L92, F|100/100\n|turn|21\n|inactive|Time left: 300 sec this turn | 300 sec total\n|\n|t:|1783567841\n|-terastallize|p1a: Inteleon|Water\n|-terastallize|p2a: Oranguru|Normal\n|move|p1a: Inteleon|Hydro Pump|p2a: Oranguru|[miss]\n|-miss|p1a: Inteleon|p2a: Oranguru\n|move|p2a: Oranguru|Focus Blast|p1a: Inteleon|[miss]\n|-miss|p2a: Oranguru|p1a: Inteleon\n|\n|upkeep\n|turn|22\n|inactive|Time left: 300 sec this turn | 300 sec total\n|\n|t:|1783567842\n|move|p1a: Inteleon|Hydro Pump|p2a: Oranguru|[miss]\n|-miss|p1a: Inteleon|p2a: Oranguru\n|move|p2a: Oranguru|Nasty Plot|p2a: Oranguru\n|-boost|p2a: Oranguru|spa|2\n|\n|upkeep\n|turn|23\n|inactive|Time left: 300 sec this turn | 300 sec total\n|\n|t:|1783567843\n|move|p1a: Inteleon|Hydro Pump|p2a: Oranguru\n|-damage|p2a: Oranguru|31/100\n|move|p2a: Oranguru|Hyper Voice|p1a: Inteleon\n|-damage|p1a: Inteleon|0 fnt\n|faint|p1a: Inteleon\n|-damage|p2a: Oranguru|21/100|[from] item: Life Orb\n|\n|upkeep\n|inactive|Time left: 300 sec this turn | 300 sec total | 5 sec grace\n|\n|t:|1783567844\n|switch|p1a: Clefable|Clefable, L83, M|293/293\n|turn|24\n|inactive|Time left: 300 sec this turn | 300 sec total\n|\n|t:|1783567845\n|move|p2a: Oranguru|Hyper Voice|p1a: Clefable\n|-damage|p1a: Clefable|0 fnt\n|faint|p1a: Clefable\n|-damage|p2a: Oranguru|12/100|[from] item: Life Orb\n|\n|win|p0y2482b21b", "uploadtime": 1783567845, "views": 0, "rating": 0, "private": 0, "password": null, "_winner": "p0y2482b21b", "_our_name": "p0x2482f54e"}