{"id": "battle-gen9randombattle-209", "formatid": "gen9randombattle", "format": "[Gen 9] Random Battle", "players": ["p0x2097eae", "p0y2095bfa"], "log": "|init|battle\n|title|p0x2097eae vs. p0y2095bfa\n|j|\u2606p0x2097eae\n|j|\u2606p0y2095bfa\n|t:|1783535671\n|gametype|singles\n|player|p1|p0x2097eae|1|\n|player|p2|p0y2095bfa|102|\n|gen|9\n|tier|[Gen 9] Random Battle\n|rule|Species Clause: Limit one of each Pok\u00e9mon\n|rule|HP Percentage Mod: HP is shown in percentages\n|rule|Sleep Clause Mod: Limit one foe put to sleep\n|rule|Illusion Level Mod: Illusion disguises the Pok\u00e9mon's true level\n|\n|t:|1783535671\n|teamsize|p1|6\n|teamsize|p2|6\n|start\n|switch|p1a: Chansey|Chansey, L85, F|100/100\n|switch|p2a: Donphan|Donphan, L84, M|288/288\n|turn|1\n|inactive|Battle timer is ON: inactive players will automatically lose when time's up. (requested by p0y2095bfa)\n|inactive|p0x2097eae also wants the timer to be on.\n|\n|t:|1783535673\n|switch|p1a: Arbok|Arbok, L87, M|100/100\n|-ability|p1a: Arbok|Intimidate|boost\n|-unboost|p2a: Donphan|atk|1\n|move|p2a: Donphan|Earthquake|p1a: Arbok\n|-supereffective|p1a: Arbok\n|-damage|p1a: Arbok|22/100\n|\n|-heal|p1a: Arbok|29/100|[from] item: Leftovers\n|upkeep\n|turn|2\n|inactive|Time left: 300 sec this turn | 300 sec total\n|\n|t:|1783535674\n|switch|p1a: Oricorio|Oricorio-Pom-Pom, L82, F|100/100\n|move|p2a: Donphan|Earthquake|p1a: Oricorio\n|-immune|p1a: Oricorio\n|\n|upkeep\n|turn|3\n|inactive|Time left: 300 sec this turn | 300 sec total\n|\n|t:|1783535675\n|switch|p2a: Zekrom|Zekrom, L71|259/259\n|-ability|p2a: Zekrom|Teravolt\n|move|p1a: Oricorio|Quiver Dance|p1a: Oricorio\n|-boost|p1a: Oricorio|spa|1\n|-boost|p1a: Oricorio|spd|1\n|-boost|p1a: Oricorio|spe|1\n|\n|upkeep\n|turn|4\n|inactive|Time left: 300 sec this turn | 300 sec total\n|\n|t:|1783535677\n|-terastallize|p1a: Oricorio|Ground\n|-terastallize|p2a: Zekrom|Fairy\n|move|p1a: Oricorio|Revelation Dance|p2a: Zekrom\n|-damage|p2a: Zekrom|100/259\n|move|p2a: Zekrom|Outrage|p1a: Oricorio\n|-damage|p1a: Oricorio|42/100\n|\n|-heal|p2a: Zekrom|116/259|[from] item: Leftovers\n|upkeep\n|turn|5\n|inactive|Time left: 300 sec this turn | 300 sec total\n|\n|t:|1783535678\n|move|p1a: Oricorio|Revelation Dance|p2a: Zekrom\n|-damage|p2a: Zekrom|0 fnt\n|faint|p2a: Zekrom\n|\n|upkeep\n|inactive|Time left: 300 sec this turn | 300 sec total | 5 sec grace\n|\n|t:|1783535679\n|switch|p2a: Donphan|Donphan, L84, M|288/288\n|turn|6\n|inactive|Time left: 300 sec this turn | 300 sec total\n|\n|t:|1783535680\n|move|p1a: Oricorio|Roost|p1a: Oricorio\n|-heal|p1a: Oricorio|92/100\n|move|p2a: Donphan|Earthquake|p1a: Oricorio\n|-damage|p1a: Oricorio|31/100\n|\n|upkeep\n|turn|7\n|inactive|Time left: 300 sec this turn | 300 sec total\n|\n|t:|1783535681\n|move|p1a: Oricorio|Roost|p1a: Oricorio\n|-heal|p1a: Oricorio|81/100\n|move|p2a: Donphan|Earthquake|p1a: Oricorio\n|-damage|p1a: Oricorio|22/100\n|\n|upkeep\n|turn|8\n|inactive|Time left: 300 sec this turn | 300 sec total\n|\n|t:|1783535682\n|move|p1a: Oricorio|Roost|p1a: Oricorio\n|-heal|p1a: Oricorio|72/100\n|move|p2a: Donphan|Earthquake|p1a: Oricorio\n|-damage|p1a: Oricorio|12/100\n|\n|upkeep\n|turn|9\n|inactive|Time left: 300 sec this turn | 300 sec total\n|\n|t:|1783535684\n|move|p1a: Oricorio|Hurricane|p2a: Donphan\n|-damage|p2a: Donphan|134/288\n|move|p2a: Donphan|Rapid Spin|p1a: Oricorio\n|-damage|p1a: Oricorio|0 fnt\n|-boost|p2a: Donphan|spe|1\n|faint|p1a: Oricorio\n|\n|upkeep\n|\n|t:|1783535685\n|switch|p1a: Sandaconda|Sandaconda, L84, M|100/100\n|turn|10\n|inactive|Time left: 300 sec this turn | 300 sec total\n|\n|t:|1783535685\n|move|p2a: Donphan|Earthquake|p1a: Sandaconda\n|-damage|p1a: Sandaconda|63/100\n|move|p1a: Sandaconda|Coil|p1a: Sandaconda\n|-boost|p1a: Sandaconda|atk|1\n|-boost|p1a: Sandaconda|def|1\n|-boost|p1a: Sandaconda|accuracy|1\n|\n|-heal|p1a: Sandaconda|69/100|[from] item: Leftovers\n|upkeep\n|turn|11\n|inactive|Time left: 300 sec this turn | 300 sec total\n|\n|t:|1783535687\n|move|p2a: Donphan|Knock Off|p1a: Sandaconda\n|-damage|p1a: Sandaconda|53/100\n|-enditem|p1a: Sandaconda|Leftovers|[from] move: Knock Off|[of] p2a: Donphan\n|move|p1a: Sandaconda|Earthquake|p2a: Donphan\n|-damage|p2a: Donphan|0 fnt\n|faint|p2a: Donphan\n|\n|upkeep\n|inactive|Time left: 300 sec this turn | 300 sec total | 5 sec grace\n|\n|t:|1783535688\n|switch|p2a: Florges|Florges-Orange, L85, F|271/271\n|turn|12\n|inactive|Time left: 300 sec this turn | 300 sec total\n|\n|t:|1783535689\n|move|p2a: Florges|Moonblast|p1a: Sandaconda\n|-damage|p1a: Sandaconda|0 fnt\n|faint|p1a: Sandaconda\n|\n|upkeep\n|\n|t:|1783535690\n|switch|p1a: Arbok|Arbok, L87, M|29/100\n|-ability|p1a: Arbok|Intimidate|boost\n|-unboost|p2a: Florges|atk|1\n|turn|13\n|inactive|Time left: 300 sec this turn | 300 sec total\n|\n|t:|1783535691\n|switch|p2a: Dugtrio|Dugtrio-Alola, L84, F|196/196\n|move|p1a: Arbok|Gunk Shot|p2a: Dugtrio\n|-immune|p2a: Dugtrio\n|\n|-heal|p1a: Arbok|35/100|[from] item: Leftovers\n|upkeep\n|turn|14\n|inactive|Time left: 300 sec this turn | 300 sec total\n|\n|t:|1783535692\n|switch|p1a: Toedscruel|Toedscruel, L87, M|100/100\n|move|p2a: Dugtrio|Iron Head|p1a: Toedscruel\n|-damage|p1a: Toedscruel|56/100\n|-damage|p2a: Dugtrio|177/196|[from] item: Life Orb\n|\n|-heal|p1a: Toedscruel|62/100|[from] item: Leftovers\n|upkeep\n|turn|15\n|inactive|Time left: 300 sec this turn | 300 sec total\n|\n|t:|1783535693\n|move|p2a: Dugtrio|Iron Head|p1a: Toedscruel\n|-damage|p1a: Toedscruel|13/100\n|-damage|p2a: Dugtrio|158/196|[from] item: Life Orb\n|move|p1a: Toedscruel|Earth Power|p2a: Dugtrio\n|-supereffective|p2a: Dugtrio\n|-damage|p2a: Dugtrio|0 fnt\n|faint|p2a: Dugtrio\n|\n|-heal|p1a: Toedscruel|19/100|[from] item: Leftovers\n|upkeep\n|inactive|Time left: 300 sec this turn | 300 sec total | 5 sec grace\n|\n|t:|1783535694\n|switch|p2a: Raichu|Raichu, L88, F|249/249\n|turn|16\n|inactive|Time left: 300 sec this turn | 300 sec total\n|\n|t:|1783535695\n|move|p2a: Raichu|Nasty Plot|p2a: Raichu\n|-boost|p2a: Raichu|spa|2\n|move|p1a: Toedscruel|Spore|p2a: Raichu\n|-status|p2a: Raichu|slp|[from] move: Spore\n|\n|-heal|p1a: Toedscruel|25/100|[from] item: Leftovers\n|upkeep\n|turn|17\n|inactive|Time left: 300 sec this turn | 300 sec total\n|\n|t:|1783535696\n|switch|p2a: Scyther|Scyther, L82, F|249/249\n|move|p1a: Toedscruel|Earth Power|p2a: Scyther\n|-immune|p2a: Scyther\n|\n|-heal|p1a: Toedscruel|31/100|[from] item: Leftovers\n|upkeep\n|turn|18\n|inactive|Time left: 300 sec this turn | 300 sec total\n|\n|t:|1783535697\n|switch|p1a: Arbok|Arbok, L87, M|35/100\n|-ability|p1a: Arbok|Intimidate|boost\n|-unboost|p2a: Scyther|atk|1\n|move|p2a: Scyther|Dual Wingbeat|p1a: Arbok\n|-damage|p1a: Arbok|14/100\n|-crit|p1a: Arbok\n|-damage|p1a: Arbok|0 fnt\n|faint|p1a: Arbok\n|-hitcount|p1: Arbok|2\n|\n|upkeep\n|\n|t:|1783535698\n|switch|p1a: Porygon-Z|Porygon-Z, L83|100/100\n|turn|19\n|inactive|Time left: 300 sec this turn | 300 sec total\n|\n|t:|1783535699\n|move|p2a: Scyther|U-turn|p1a: Porygon-Z\n|-damage|p1a: Porygon-Z|77/100\n|inactive|Time left: 300 sec this turn | 300 sec total | 5 sec grace\n|\n|t:|1783535700\n|switch|p2a: Florges|Florges-Orange, L85, F|271/271|[from] U-turn\n|move|p1a: Porygon-Z|Tera Blast|p2a: Florges\n|-damage|p2a: Florges|162/271\n|-damage|p1a: Porygon-Z|68/100|[from] item: Life Orb\n|\n|-heal|p2a: Florges|178/271|[from] item: Leftovers\n|upkeep\n|turn|20\n|inactive|Time left: 300 sec this turn | 300 sec total\n|\n|t:|1783535702\n|move|p1a: Porygon-Z|Tera Blast|p2a: Florges\n|-damage|p2a: Florges|69/271\n|-damage|p1a: Porygon-Z|58/100|[from] item: Life Orb\n|move|p2a: Florges|Calm Mind|p2a: Florges\n|-boost|p2a: Florges|spa|1\n|-boost|p2a: Florges|spd|1\n|\n|-heal|p2a: Florges|85/271|[from] item: Leftovers\n|upkeep\n|turn|21\n|inactive|Time left: 300 sec this turn | 300 sec total\n|\n|t:|1783535703\n|move|p1a: Porygon-Z|Tera Blast|p2a: Florges\n|-damage|p2a: Florges|12/271\n|-damage|p1a: Porygon-Z|48/100|[from] item: Life Orb\n|move|p2a: Florges|Moonblast|p1a: Porygon-Z\n|-damage|p1a: Porygon-Z|0 fnt\n|faint|p1a: Porygon-Z\n|\n|-heal|p2a: Florges|28/271|[from] item: Leftovers\n|upkeep\n|\n|t:|1783535704\n|switch|p1a: Chansey|Chansey, L85, F|100/100\n|turn|22\n|inactive|Time left: 300 sec this turn | 300 sec total\n|\n|t:|1783535705\n|move|p2a: Florges|Moonblast|p1a: Chansey\n|-damage|p1a: Chansey|83/100\n|move|p1a: Chansey|Seismic Toss|p2a: Florges\n|-damage|p2a: Florges|0 fnt\n|faint|p2a: Florges\n|\n|upkeep\n|inactive|Time left: 300 sec this turn | 300 sec total | 5 sec grace\n|\n|t:|1783535705\n|switch|p2a: Scyther|Scyther, L82, F|249/249\n|turn|23\n|inactive|Time left: 300 sec this turn | 300 sec total\n|\n|t:|1783535706\n|move|p2a: Scyther|Close Combat|p1a: Chansey\n|-supereffective|p1a: Chansey\n|-damage|p1a: Chansey|8/100\n|-unboost|p2a: Scyther|def|1\n|-unboost|p2a: Scyther|spd|1\n|move|p1a: Chansey|Thunder Wave|p2a: Scyther\n|-status|p2a: Scyther|par\n|\n|upkeep\n|turn|24\n|inactive|Time left: 300 sec this turn | 300 sec total\n|\n|t:|1783535707\n|move|p1a: Chansey|Soft-Boiled|p1a: Chansey\n|-heal|p1a: Chansey|58/100\n|move|p2a: Scyther|Close Combat|p1a: Chansey\n|-supereffective|p1a: Chansey\n|-damage|p1a: Chansey|0 fnt\n|-unboost|p2a: Scyther|def|1\n|-unboost|p2a: Scyther|spd|1\n|faint|p1a: Chansey\n|\n|upkeep\n|\n|t:|1783535708\n|switch|p1a: Toedscruel|Toedscruel, L87, M|31/100\n|turn|25\n|inactive|Time left: 300 sec this turn | 300 sec total\n|\n|t:|1783535709\n|move|p1a: Toedscruel|Rapid Spin|p2a: Scyther\n|-damage|p2a: Scyther|189/249 par\n|-boost|p1a: Toedscruel|spe|1\n|move|p2a: Scyther|U-turn|p1a: Toedscruel\n|-supereffective|p1a: Toedscruel\n|-damage|p1a: Toedscruel|0 fnt\n|faint|p1a: Toedscruel\n|\n|win|p0y2095bfa", "uploadtime": 1783535709, "views": 0, "rating": 0, "private": 0, "password": null, "_winner": "p0y2095bfa", "_our_name": "p0y2095bfa"}