{"id": "battle-gen9randombattle-2535", "formatid": "gen9randombattle", "format": "[Gen 9] Random Battle", "players": ["p0x25354457", "p0y253588a8"], "log": "|init|battle\n|title|p0x25354457 vs. p0y253588a8\n|j|\u2606p0x25354457\n|j|\u2606p0y253588a8\n|t:|1783569341\n|gametype|singles\n|player|p1|p0x25354457|2|\n|player|p2|p0y253588a8|1|\n|gen|9\n|tier|[Gen 9] Random Battle\n|rule|Species Clause: Limit one of each Pok\u00e9mon\n|rule|HP Percentage Mod: HP is shown in percentages\n|rule|Sleep Clause Mod: Limit one foe put to sleep\n|rule|Illusion Level Mod: Illusion disguises the Pok\u00e9mon's true level\n|\n|t:|1783569341\n|teamsize|p1|6\n|teamsize|p2|6\n|start\n|switch|p1a: Spectrier|Spectrier, L75|100/100\n|switch|p2a: Regice|Regice, L88|284/284\n|turn|1\n|inactive|Battle timer is ON: inactive players will automatically lose when time's up. (requested by p0x25354457)\n|inactive|Time left: 300 sec this turn | 300 sec total | 60 sec grace\n|\n|t:|1783569343\n|move|p1a: Spectrier|Nasty Plot|p1a: Spectrier\n|-boost|p1a: Spectrier|spa|2\n|move|p2a: Regice|Ice Beam|p1a: Spectrier\n|-damage|p1a: Spectrier|50/100\n|\n|upkeep\n|turn|2\n|inactive|Time left: 300 sec this turn | 300 sec total\n|inactive|p0y253588a8 also wants the timer to be on.\n|\n|t:|1783569344\n|switch|p1a: Sandslash|Sandslash-Alola, L88, M|100/100\n|move|p2a: Regice|Ice Beam|p1a: Sandslash\n|-resisted|p1a: Sandslash\n|-damage|p1a: Sandslash|89/100\n|\n|-heal|p1a: Sandslash|95/100|[from] item: Leftovers\n|upkeep\n|turn|3\n|inactive|Time left: 300 sec this turn | 300 sec total\n|\n|t:|1783569345\n|move|p1a: Sandslash|Swords Dance|p1a: Sandslash\n|-boost|p1a: Sandslash|atk|2\n|move|p2a: Regice|Thunderbolt|p1a: Sandslash\n|-damage|p1a: Sandslash|63/100\n|\n|-heal|p1a: Sandslash|69/100|[from] item: Leftovers\n|upkeep\n|turn|4\n|inactive|Time left: 300 sec this turn | 300 sec total\n|\n|t:|1783569345\n|move|p1a: Sandslash|Triple Axel|p2a: Regice\n|-resisted|p2a: Regice\n|-damage|p2a: Regice|265/284\n|-resisted|p2a: Regice\n|-damage|p2a: Regice|223/284\n|-resisted|p2a: Regice\n|-damage|p2a: Regice|160/284\n|-hitcount|p2a: Regice|3\n|move|p2a: Regice|Thunderbolt|p1a: Sandslash\n|-damage|p1a: Sandslash|36/100\n|\n|-heal|p1a: Sandslash|42/100|[from] item: Leftovers\n|upkeep\n|turn|5\n|inactive|Time left: 300 sec this turn | 300 sec total\n|\n|t:|1783569347\n|move|p1a: Sandslash|Triple Axel|p2a: Regice\n|-resisted|p2a: Regice\n|-damage|p2a: Regice|139/284\n|-resisted|p2a: Regice\n|-damage|p2a: Regice|98/284\n|-resisted|p2a: Regice\n|-damage|p2a: Regice|32/284\n|-hitcount|p2a: Regice|3\n|move|p2a: Regice|Thunderbolt|p1a: Sandslash\n|-damage|p1a: Sandslash|10/100\n|\n|-heal|p1a: Sandslash|16/100|[from] item: Leftovers\n|upkeep\n|turn|6\n|inactive|Time left: 300 sec this turn | 300 sec total\n|\n|t:|1783569348\n|move|p1a: Sandslash|Rapid Spin|p2a: Regice\n|-damage|p2a: Regice|0 fnt\n|-boost|p1a: Sandslash|spe|1\n|faint|p2a: Regice\n|\n|-heal|p1a: Sandslash|22/100|[from] item: Leftovers\n|upkeep\n|inactive|Time left: 300 sec this turn | 300 sec total | 5 sec grace\n|\n|t:|1783569349\n|switch|p2a: Zarude|Zarude, L77|288/288\n|turn|7\n|inactive|Time left: 300 sec this turn | 300 sec total\n|\n|t:|1783569350\n|-terastallize|p2a: Zarude|Dark\n|move|p1a: Sandslash|Triple Axel|p2a: Zarude\n|-damage|p2a: Zarude|243/288\n|-damage|p2a: Zarude|147/288\n|-damage|p2a: Zarude|17/288\n|-hitcount|p2a: Zarude|3\n|move|p2a: Zarude|Knock Off|p1a: Sandslash\n|-damage|p1a: Sandslash|0 fnt\n|-enditem|p1a: Sandslash|Leftovers|[from] move: Knock Off|[of] p2a: Zarude\n|faint|p1a: Sandslash\n|\n|upkeep\n|\n|t:|1783569351\n|switch|p1a: Spectrier|Spectrier, L75|50/100\n|turn|8\n|inactive|Time left: 300 sec this turn | 300 sec total\n|\n|t:|1783569352\n|move|p1a: Spectrier|Shadow Ball|p2a: Zarude\n|-resisted|p2a: Zarude\n|-damage|p2a: Zarude|0 fnt\n|faint|p2a: Zarude\n|-ability|p1a: Spectrier|Grim Neigh|boost\n|-boost|p1a: Spectrier|spa|1\n|-damage|p1a: Spectrier|40/100|[from] item: Life Orb\n|\n|upkeep\n|inactive|Time left: 300 sec this turn | 300 sec total | 5 sec grace\n|\n|t:|1783569353\n|switch|p2a: Arbok|Arbok, L87, M|246/246\n|-ability|p2a: Arbok|Intimidate|boost\n|-unboost|p1a: Spectrier|atk|1\n|turn|9\n|inactive|Time left: 300 sec this turn | 300 sec total\n|\n|t:|1783569353\n|move|p1a: Spectrier|Shadow Ball|p2a: Arbok\n|-damage|p2a: Arbok|55/246\n|-damage|p1a: Spectrier|30/100|[from] item: Life Orb\n|move|p2a: Arbok|Earthquake|p1a: Spectrier\n|-damage|p1a: Spectrier|0 fnt\n|faint|p1a: Spectrier\n|\n|-heal|p2a: Arbok|70/246|[from] item: Leftovers\n|upkeep\n|\n|t:|1783569354\n|switch|p1a: Lunala|Lunala, L70|100/100\n|turn|10\n|inactive|Time left: 300 sec this turn | 300 sec total\n|\n|t:|1783569355\n|switch|p2a: Tauros|Tauros, L82, M|257/257\n|move|p1a: Lunala|Psyshock|p2a: Tauros\n|-damage|p2a: Tauros|178/257\n|\n|upkeep\n|turn|11\n|inactive|Time left: 300 sec this turn | 300 sec total\n|\n|t:|1783569356\n|switch|p1a: Regirock|Regirock, L83|100/100\n|move|p2a: Tauros|Throat Chop|p1a: Regirock\n|-damage|p1a: Regirock|84/100\n|\n|-heal|p1a: Regirock|90/100|[from] item: Leftovers\n|upkeep\n|turn|12\n|inactive|Time left: 300 sec this turn | 300 sec total\n|\n|t:|1783569357\n|switch|p2a: Sneasler|Sneasler, L74, M|240/240\n|move|p1a: Regirock|Stone Edge|p2a: Sneasler|[miss]\n|-miss|p1a: Regirock|p2a: Sneasler\n|\n|-heal|p1a: Regirock|96/100|[from] item: Leftovers\n|upkeep\n|turn|13\n|inactive|Time left: 300 sec this turn | 300 sec total\n|\n|t:|1783569358\n|move|p2a: Sneasler|Swords Dance|p2a: Sneasler\n|-boost|p2a: Sneasler|atk|2\n|move|p1a: Regirock|Stone Edge|p2a: Sneasler\n|-resisted|p2a: Sneasler\n|-damage|p2a: Sneasler|162/240\n|\n|-heal|p1a: Regirock|100/100|[from] item: Leftovers\n|upkeep\n|turn|14\n|inactive|Time left: 300 sec this turn | 300 sec total\n|\n|t:|1783569359\n|switch|p1a: Lunala|Lunala, L70|100/100\n|move|p2a: Sneasler|Dire Claw|p1a: Lunala\n|-resisted|p1a: Lunala\n|-damage|p1a: Lunala|84/100\n|\n|-heal|p1a: Lunala|90/100|[from] item: Leftovers\n|upkeep\n|turn|15\n|inactive|Time left: 300 sec this turn | 300 sec total\n|\n|t:|1783569360\n|move|p2a: Sneasler|Dire Claw|p1a: Lunala\n|-resisted|p1a: Lunala\n|-damage|p1a: Lunala|58/100\n|-status|p1a: Lunala|psn\n|move|p1a: Lunala|Psyshock|p2a: Sneasler\n|-supereffective|p2a: Sneasler\n|-damage|p2a: Sneasler|0 fnt\n|faint|p2a: Sneasler\n|\n|-heal|p1a: Lunala|64/100 psn|[from] item: Leftovers\n|-damage|p1a: Lunala|51/100 psn|[from] psn\n|upkeep\n|inactive|Time left: 300 sec this turn | 300 sec total | 5 sec grace\n|\n|t:|1783569360\n|switch|p2a: Swanna|Swanna, L89, F|278/278\n|turn|16\n|inactive|Time left: 300 sec this turn | 300 sec total\n|\n|t:|1783569361\n|switch|p1a: Gothitelle|Gothitelle, L90, M|100/100\n|move|p2a: Swanna|Brave Bird|p1a: Gothitelle\n|-damage|p1a: Gothitelle|61/100\n|-damage|p2a: Swanna|242/278|[from] Recoil\n|\n|-heal|p1a: Gothitelle|67/100|[from] item: Leftovers\n|upkeep\n|turn|17\n|inactive|Time left: 300 sec this turn | 300 sec total\n|\n|t:|1783569362\n|move|p2a: Swanna|Brave Bird|p1a: Gothitelle\n|-damage|p1a: Gothitelle|22/100\n|-damage|p2a: Swanna|201/278|[from] Recoil\n|move|p1a: Gothitelle|Thunderbolt|p2a: Swanna\n|-supereffective|p2a: Swanna\n|-damage|p2a: Swanna|0 fnt\n|faint|p2a: Swanna\n|\n|-heal|p1a: Gothitelle|28/100|[from] item: Leftovers\n|upkeep\n|inactive|Time left: 300 sec this turn | 300 sec total | 5 sec grace\n|\n|t:|1783569363\n|switch|p2a: Arbok|Arbok, L87, M|70/246\n|-ability|p2a: Arbok|Intimidate|boost\n|-unboost|p1a: Gothitelle|atk|1\n|turn|18\n|inactive|Time left: 300 sec this turn | 300 sec total\n|\n|t:|1783569364\n|move|p2a: Arbok|Gunk Shot|p1a: Gothitelle\n|-damage|p1a: Gothitelle|0 fnt\n|faint|p1a: Gothitelle\n|\n|-heal|p2a: Arbok|85/246|[from] item: Leftovers\n|upkeep\n|\n|t:|1783569365\n|switch|p1a: Donphan|Donphan, L84, F|100/100\n|turn|19\n|inactive|Time left: 300 sec this turn | 300 sec total\n|\n|t:|1783569365\n|switch|p2a: Tauros|Tauros, L82, M|178/257\n|move|p1a: Donphan|Earthquake|p2a: Tauros\n|-damage|p2a: Tauros|55/257\n|\n|upkeep\n|turn|20\n|inactive|Time left: 300 sec this turn | 300 sec total\n|\n|t:|1783569366\n|move|p2a: Tauros|Close Combat|p1a: Donphan\n|-damage|p1a: Donphan|72/100\n|-unboost|p2a: Tauros|def|1\n|-unboost|p2a: Tauros|spd|1\n|-damage|p2a: Tauros|30/257|[from] item: Life Orb\n|move|p1a: Donphan|Earthquake|p2a: Tauros\n|-damage|p2a: Tauros|0 fnt\n|faint|p2a: Tauros\n|\n|-heal|p1a: Donphan|79/100|[from] item: Leftovers\n|upkeep\n|inactive|Time left: 300 sec this turn | 300 sec total | 5 sec grace\n|\n|t:|1783569367\n|switch|p2a: Arbok|Arbok, L87, M|85/246\n|-ability|p2a: Arbok|Intimidate|boost\n|-unboost|p1a: Donphan|atk|1\n|turn|21\n|inactive|Time left: 300 sec this turn | 300 sec total\n|\n|t:|1783569368\n|move|p2a: Arbok|Sucker Punch|p1a: Donphan\n|-damage|p1a: Donphan|65/100\n|move|p1a: Donphan|Earthquake|p2a: Arbok\n|-supereffective|p2a: Arbok\n|-damage|p2a: Arbok|0 fnt\n|faint|p2a: Arbok\n|\n|win|p0x25354457", "uploadtime": 1783569368, "views": 0, "rating": 0, "private": 0, "password": null, "_winner": "p0x25354457", "_our_name": "p0y253588a8"}