{"id": "battle-gen9randombattle-1181", "formatid": "gen9randombattle", "format": "[Gen 9] Random Battle", "players": ["p0x1181b673", "p0y1181af25"], "log": "|init|battle\n|title|p0x1181b673 vs. p0y1181af25\n|j|\u2606p0x1181b673\n|j|\u2606p0y1181af25\n|t:|1783552795\n|gametype|singles\n|player|p1|p0x1181b673|266|\n|player|p2|p0y1181af25|2|\n|gen|9\n|tier|[Gen 9] Random Battle\n|rule|Species Clause: Limit one of each Pok\u00e9mon\n|rule|HP Percentage Mod: HP is shown in percentages\n|rule|Sleep Clause Mod: Limit one foe put to sleep\n|rule|Illusion Level Mod: Illusion disguises the Pok\u00e9mon's true level\n|\n|t:|1783552795\n|teamsize|p1|6\n|teamsize|p2|6\n|start\n|switch|p1a: Polteageist|Polteageist, L78|100/100\n|switch|p2a: Toxicroak|Toxicroak, L84, F|277/277\n|turn|1\n|inactive|Battle timer is ON: inactive players will automatically lose when time's up. (requested by p0x1181b673)\n|inactive|Time left: 300 sec this turn | 300 sec total | 60 sec grace\n|inactive|p0y1181af25 also wants the timer to be on.\n|\n|t:|1783552796\n|move|p2a: Toxicroak|Swords Dance|p2a: Toxicroak\n|-boost|p2a: Toxicroak|atk|2\n|move|p1a: Polteageist|Shell Smash|p1a: Polteageist\n|-unboost|p1a: Polteageist|def|1\n|-unboost|p1a: Polteageist|spd|1\n|-boost|p1a: Polteageist|atk|2\n|-boost|p1a: Polteageist|spa|2\n|-boost|p1a: Polteageist|spe|2\n|-enditem|p1a: Polteageist|White Herb\n|-clearnegativeboost|p1a: Polteageist|[silent]\n|\n|upkeep\n|turn|2\n|inactive|Time left: 300 sec this turn | 300 sec total\n|\n|t:|1783552798\n|move|p2a: Toxicroak|Sucker Punch|p1a: Polteageist\n|-supereffective|p1a: Polteageist\n|-damage|p1a: Polteageist|0 fnt\n|-start|p2a: Toxicroak|Disable|Sucker Punch|[from] ability: Cursed Body|[of] p1a: Polteageist\n|faint|p1a: Polteageist\n|-damage|p2a: Toxicroak|250/277|[from] item: Life Orb\n|\n|upkeep\n|\n|t:|1783552799\n|switch|p1a: Clodsire|Clodsire, L81, F|100/100\n|turn|3\n|inactive|Time left: 300 sec this turn | 300 sec total\n|\n|t:|1783552800\n|move|p2a: Toxicroak|Swords Dance|p2a: Toxicroak\n|-boost|p2a: Toxicroak|atk|2\n|move|p1a: Clodsire|Earthquake|p2a: Toxicroak\n|-supereffective|p2a: Toxicroak\n|-damage|p2a: Toxicroak|56/277\n|\n|upkeep\n|turn|4\n|inactive|Time left: 300 sec this turn | 300 sec total\n|\n|t:|1783552801\n|move|p2a: Toxicroak|Close Combat|p1a: Clodsire\n|-resisted|p1a: Clodsire\n|-damage|p1a: Clodsire|2/100\n|-unboost|p2a: Toxicroak|def|1\n|-unboost|p2a: Toxicroak|spd|1\n|-damage|p2a: Toxicroak|29/277|[from] item: Life Orb\n|move|p1a: Clodsire|Earthquake|p2a: Toxicroak\n|-supereffective|p2a: Toxicroak\n|-damage|p2a: Toxicroak|0 fnt\n|faint|p2a: Toxicroak\n|\n|-heal|p1a: Clodsire|8/100|[from] item: Leftovers\n|upkeep\n|inactive|Time left: 300 sec this turn | 300 sec total | 5 sec grace\n|\n|t:|1783552803\n|switch|p2a: Lilligant|Lilligant, L86, F|261/261\n|turn|5\n|inactive|Time left: 300 sec this turn | 300 sec total\n|\n|t:|1783552804\n|move|p2a: Lilligant|Petal Dance|p1a: Clodsire\n|-damage|p1a: Clodsire|0 fnt\n|faint|p1a: Clodsire\n|-damage|p2a: Lilligant|235/261|[from] item: Life Orb\n|\n|upkeep\n|\n|t:|1783552805\n|switch|p1a: Darkrai|Darkrai, L77|100/100\n|turn|6\n|inactive|Time left: 300 sec this turn | 300 sec total\n|\n|t:|1783552806\n|-terastallize|p1a: Darkrai|Poison\n|move|p1a: Darkrai|Sludge Bomb|p2a: Lilligant\n|-supereffective|p2a: Lilligant\n|-damage|p2a: Lilligant|0 fnt\n|faint|p2a: Lilligant\n|-damage|p1a: Darkrai|91/100|[from] item: Life Orb\n|\n|upkeep\n|inactive|Time left: 300 sec this turn | 300 sec total | 5 sec grace\n|\n|t:|1783552807\n|switch|p2a: Barraskewda|Barraskewda, L81, F|231/231\n|turn|7\n|inactive|Time left: 300 sec this turn | 300 sec total\n|\n|t:|1783552808\n|switch|p1a: Scrafty|Scrafty, L83, F|100/100\n|-ability|p1a: Scrafty|Intimidate|boost\n|-unboost|p2a: Barraskewda|atk|1\n|move|p2a: Barraskewda|Waterfall|p1a: Scrafty\n|-damage|p1a: Scrafty|66/100\n|\n|-heal|p1a: Scrafty|72/100|[from] item: Leftovers\n|upkeep\n|turn|8\n|inactive|Time left: 300 sec this turn | 300 sec total\n|\n|t:|1783552809\n|move|p2a: Barraskewda|Waterfall|p1a: Scrafty\n|-damage|p1a: Scrafty|39/100\n|move|p1a: Scrafty|Knock Off|p2a: Barraskewda\n|-damage|p2a: Barraskewda|113/231\n|-enditem|p2a: Barraskewda|Choice Band|[from] move: Knock Off|[of] p1a: Scrafty\n|\n|-heal|p1a: Scrafty|46/100|[from] item: Leftovers\n|upkeep\n|turn|9\n|inactive|Time left: 300 sec this turn | 300 sec total\n|\n|t:|1783552810\n|move|p2a: Barraskewda|Flip Turn|p1a: Scrafty\n|-crit|p1a: Scrafty\n|-damage|p1a: Scrafty|11/100\n|inactive|Time left: 300 sec this turn | 300 sec total | 5 sec grace\n|\n|t:|1783552810\n|switch|p2a: Seviper|Seviper, L93, M|287/287|[from] Flip Turn\n|move|p1a: Scrafty|Drain Punch|p2a: Seviper\n|-resisted|p2a: Seviper\n|-damage|p2a: Seviper|243/287\n|-heal|p1a: Scrafty|20/100|[from] drain|[of] p2a: Seviper\n|\n|-heal|p1a: Scrafty|26/100|[from] item: Leftovers\n|upkeep\n|turn|10\n|inactive|Time left: 300 sec this turn | 300 sec total\n|\n|t:|1783552812\n|switch|p1a: Grumpig|Grumpig, L92, F|100/100\n|move|p2a: Seviper|Gunk Shot|p1a: Grumpig|[miss]\n|-miss|p2a: Seviper|p1a: Grumpig\n|\n|upkeep\n|turn|11\n|inactive|Time left: 300 sec this turn | 300 sec total\n|\n|t:|1783552813\n|move|p1a: Grumpig|Psychic|p2a: Seviper\n|-supereffective|p2a: Seviper\n|-damage|p2a: Seviper|0 fnt\n|faint|p2a: Seviper\n|\n|upkeep\n|inactive|Time left: 300 sec this turn | 300 sec total | 5 sec grace\n|\n|t:|1783552814\n|switch|p2a: Crawdaunt|Crawdaunt, L84, M|243/243\n|turn|12\n|inactive|Time left: 300 sec this turn | 300 sec total\n|\n|t:|1783552815\n|switch|p1a: Meganium|Meganium, L90, M|100/100\n|move|p2a: Crawdaunt|Dragon Dance|p2a: Crawdaunt\n|-boost|p2a: Crawdaunt|atk|1\n|-boost|p2a: Crawdaunt|spe|1\n|\n|upkeep\n|turn|13\n|inactive|Time left: 300 sec this turn | 300 sec total\n|\n|t:|1783552816\n|move|p2a: Crawdaunt|Knock Off|p1a: Meganium\n|-damage|p1a: Meganium|14/100\n|-enditem|p1a: Meganium|Leftovers|[from] move: Knock Off|[of] p2a: Crawdaunt\n|-damage|p2a: Crawdaunt|219/243|[from] item: Life Orb\n|move|p1a: Meganium|Energy Ball|p2a: Crawdaunt\n|-supereffective|p2a: Crawdaunt\n|-damage|p2a: Crawdaunt|0 fnt\n|faint|p2a: Crawdaunt\n|\n|upkeep\n|inactive|Time left: 300 sec this turn | 300 sec total | 5 sec grace\n|\n|t:|1783552817\n|switch|p2a: Barraskewda|Barraskewda, L81, F|113/231\n|turn|14\n|inactive|Time left: 300 sec this turn | 300 sec total\n|\n|t:|1783552818\n|switch|p1a: Scrafty|Scrafty, L83, F|26/100\n|-ability|p1a: Scrafty|Intimidate|boost\n|-unboost|p2a: Barraskewda|atk|1\n|move|p2a: Barraskewda|Poison Jab|p1a: Scrafty\n|-damage|p1a: Scrafty|10/100\n|-status|p1a: Scrafty|psn\n|\n|-heal|p1a: Scrafty|16/100 psn|[from] item: Leftovers\n|-damage|p1a: Scrafty|4/100 psn|[from] psn\n|upkeep\n|turn|15\n|inactive|Time left: 300 sec this turn | 300 sec total\n|\n|t:|1783552819\n|switch|p1a: Grumpig|Grumpig, L92, F|100/100\n|move|p2a: Barraskewda|Flip Turn|p1a: Grumpig\n|-damage|p1a: Grumpig|83/100\n|inactive|Time left: 300 sec this turn | 300 sec total | 5 sec grace\n|\n|t:|1783552820\n|switch|p2a: Cacturne|Cacturne, L92, M|278/278|[from] Flip Turn\n|\n|upkeep\n|turn|16\n|inactive|Time left: 300 sec this turn | 300 sec total\n|\n|t:|1783552821\n|switch|p1a: Scrafty|Scrafty, L83, F|4/100 psn\n|-ability|p1a: Scrafty|Intimidate|boost\n|-unboost|p2a: Cacturne|atk|1\n|move|p2a: Cacturne|Knock Off|p1a: Scrafty\n|-resisted|p1a: Scrafty\n|-damage|p1a: Scrafty|0 fnt\n|-enditem|p1a: Scrafty|Leftovers|[from] move: Knock Off|[of] p2a: Cacturne\n|faint|p1a: Scrafty\n|-damage|p2a: Cacturne|251/278|[from] item: Life Orb\n|\n|upkeep\n|\n|t:|1783552822\n|switch|p1a: Darkrai|Darkrai, L77, tera:Poison|91/100\n|turn|17\n|inactive|Time left: 300 sec this turn | 300 sec total\n|\n|t:|1783552823\n|-terastallize|p2a: Cacturne|Poison\n|move|p1a: Darkrai|Sludge Bomb|p2a: Cacturne\n|-resisted|p2a: Cacturne\n|-damage|p2a: Cacturne|168/278\n|-damage|p1a: Darkrai|81/100|[from] item: Life Orb\n|move|p2a: Cacturne|Knock Off|p1a: Darkrai\n|-damage|p1a: Darkrai|24/100\n|-enditem|p1a: Darkrai|Life Orb|[from] move: Knock Off|[of] p2a: Cacturne\n|-damage|p2a: Cacturne|141/278|[from] item: Life Orb\n|\n|upkeep\n|turn|18\n|inactive|Time left: 300 sec this turn | 300 sec total\n|\n|t:|1783552824\n|move|p2a: Cacturne|Sucker Punch|p1a: Darkrai\n|-damage|p1a: Darkrai|0 fnt\n|faint|p1a: Darkrai\n|-damage|p2a: Cacturne|114/278|[from] item: Life Orb\n|\n|upkeep\n|\n|t:|1783552825\n|switch|p1a: Grumpig|Grumpig, L92, F|83/100\n|turn|19\n|inactive|Time left: 300 sec this turn | 300 sec total\n|\n|t:|1783552825\n|switch|p2a: Barraskewda|Barraskewda, L81, F|113/231\n|move|p1a: Grumpig|Psychic|p2a: Barraskewda\n|-damage|p2a: Barraskewda|0 fnt\n|faint|p2a: Barraskewda\n|\n|upkeep\n|inactive|Time left: 300 sec this turn | 300 sec total | 5 sec grace\n|\n|t:|1783552826\n|switch|p2a: Cacturne|Cacturne, L92, M, tera:Poison|114/278\n|turn|20\n|inactive|Time left: 300 sec this turn | 300 sec total\n|\n|t:|1783552827\n|move|p2a: Cacturne|Sucker Punch|p1a: Grumpig\n|-supereffective|p1a: Grumpig\n|-crit|p1a: Grumpig\n|-damage|p1a: Grumpig|0 fnt\n|faint|p1a: Grumpig\n|-damage|p2a: Cacturne|87/278|[from] item: Life Orb\n|\n|upkeep\n|\n|t:|1783552828\n|switch|p1a: Meganium|Meganium, L90, M|14/100\n|turn|21\n|inactive|Time left: 300 sec this turn | 300 sec total\n|\n|t:|1783552829\n|move|p1a: Meganium|Synthesis|p1a: Meganium\n|-heal|p1a: Meganium|64/100\n|move|p2a: Cacturne|Focus Blast|p1a: Meganium\n|-damage|p1a: Meganium|22/100\n|-damage|p2a: Cacturne|60/278|[from] item: Life Orb\n|\n|upkeep\n|turn|22\n|inactive|Time left: 300 sec this turn | 300 sec total\n|\n|t:|1783552830\n|move|p1a: Meganium|Synthesis|p1a: Meganium\n|-heal|p1a: Meganium|72/100\n|move|p2a: Cacturne|Focus Blast|p1a: Meganium|[miss]\n|-miss|p2a: Cacturne|p1a: Meganium\n|\n|upkeep\n|turn|23\n|inactive|Time left: 300 sec this turn | 300 sec total\n|\n|t:|1783552831\n|move|p1a: Meganium|Energy Ball|p2a: Cacturne\n|-resisted|p2a: Cacturne\n|-damage|p2a: Cacturne|0 fnt\n|faint|p2a: Cacturne\n|\n|win|p0x1181b673", "uploadtime": 1783552831, "views": 0, "rating": 0, "private": 0, "password": null, "_winner": "p0x1181b673", "_our_name": "p0y1181af25"}