{"id": "battle-gen9randombattle-1950", "formatid": "gen9randombattle", "format": "[Gen 9] Random Battle", "players": ["p0x1950d066", "p0y1950ff31"], "log": "|init|battle\n|title|p0x1950d066 vs. p0y1950ff31\n|j|\u2606p0x1950d066\n|j|\u2606p0y1950ff31\n|t:|1783561822\n|gametype|singles\n|player|p1|p0x1950d066|266|\n|player|p2|p0y1950ff31|101|\n|gen|9\n|tier|[Gen 9] Random Battle\n|rule|Species Clause: Limit one of each Pok\u00e9mon\n|rule|HP Percentage Mod: HP is shown in percentages\n|rule|Sleep Clause Mod: Limit one foe put to sleep\n|rule|Illusion Level Mod: Illusion disguises the Pok\u00e9mon's true level\n|\n|t:|1783561822\n|teamsize|p1|6\n|teamsize|p2|6\n|start\n|switch|p1a: Entei|Entei, L78|100/100\n|switch|p2a: Zangoose|Zangoose, L85, M|263/263\n|turn|1\n|inactive|Battle timer is ON: inactive players will automatically lose when time's up. (requested by p0y1950ff31)\n|inactive|p0x1950d066 also wants the timer to be on.\n|\n|t:|1783561824\n|move|p2a: Zangoose|Knock Off|p1a: Entei\n|-damage|p1a: Entei|70/100\n|-enditem|p1a: Entei|Choice Band|[from] move: Knock Off|[of] p2a: Zangoose\n|move|p1a: Entei|Sacred Fire|p2a: Zangoose\n|-damage|p2a: Zangoose|133/263\n|\n|-status|p2a: Zangoose|tox|[from] item: Toxic Orb\n|upkeep\n|turn|2\n|inactive|Time left: 300 sec this turn | 300 sec total\n|\n|t:|1783561825\n|switch|p1a: Banette|Banette, L93, F|100/100\n|move|p2a: Zangoose|Facade|p1a: Banette\n|-immune|p1a: Banette\n|\n|-damage|p2a: Zangoose|117/263 tox|[from] psn\n|upkeep\n|turn|3\n|inactive|Time left: 300 sec this turn | 300 sec total\n|\n|t:|1783561826\n|move|p2a: Zangoose|Knock Off|p1a: Banette\n|-supereffective|p1a: Banette\n|-damage|p1a: Banette|0 fnt\n|-enditem|p1a: Banette|Life Orb|[from] move: Knock Off|[of] p2a: Zangoose\n|faint|p1a: Banette\n|\n|-damage|p2a: Zangoose|85/263 tox|[from] psn\n|upkeep\n|\n|t:|1783561827\n|switch|p1a: Iron Jugulis|Iron Jugulis, L77|100/100\n|turn|4\n|inactive|Time left: 300 sec this turn | 300 sec total\n|\n|t:|1783561828\n|switch|p2a: Landorus|Landorus-Therian, L76, M|260/260\n|-ability|p2a: Landorus|Intimidate|boost\n|-unboost|p1a: Iron Jugulis|atk|1\n|move|p1a: Iron Jugulis|Dark Pulse|p2a: Landorus\n|-damage|p2a: Landorus|119/260\n|\n|-heal|p2a: Landorus|135/260|[from] item: Leftovers\n|upkeep\n|turn|5\n|inactive|Time left: 300 sec this turn | 300 sec total\n|\n|t:|1783561829\n|switch|p2a: Leavanny|Leavanny, L86, F|269/269\n|move|p1a: Iron Jugulis|Dark Pulse|p2a: Leavanny\n|-crit|p2a: Leavanny\n|-damage|p2a: Leavanny|68/269\n|\n|upkeep\n|turn|6\n|inactive|Time left: 300 sec this turn | 300 sec total\n|\n|t:|1783561830\n|move|p1a: Iron Jugulis|Dark Pulse|p2a: Leavanny\n|-damage|p2a: Leavanny|0 fnt\n|faint|p2a: Leavanny\n|\n|upkeep\n|inactive|Time left: 300 sec this turn | 300 sec total | 5 sec grace\n|\n|t:|1783561830\n|switch|p2a: Iron Leaves|Iron Leaves, L80|275/275\n|turn|7\n|inactive|Time left: 300 sec this turn | 300 sec total\n|\n|t:|1783561831\n|-terastallize|p2a: Iron Leaves|Fighting\n|move|p2a: Iron Leaves|Swords Dance|p2a: Iron Leaves\n|-boost|p2a: Iron Leaves|atk|2\n|move|p1a: Iron Jugulis|Dark Pulse|p2a: Iron Leaves\n|-resisted|p2a: Iron Leaves\n|-damage|p2a: Iron Leaves|218/275\n|\n|upkeep\n|turn|8\n|inactive|Time left: 300 sec this turn | 300 sec total\n|\n|t:|1783561832\n|-end|p1a: Iron Jugulis|Quark Drive|[silent]\n|switch|p1a: Entei|Entei, L78|70/100\n|move|p2a: Iron Leaves|Close Combat|p1a: Entei\n|-damage|p1a: Entei|0 fnt\n|-unboost|p2a: Iron Leaves|def|1\n|-unboost|p2a: Iron Leaves|spd|1\n|faint|p1a: Entei\n|-damage|p2a: Iron Leaves|191/275|[from] item: Life Orb\n|\n|upkeep\n|\n|t:|1783561833\n|switch|p1a: Iron Jugulis|Iron Jugulis, L77|100/100\n|turn|9\n|inactive|Time left: 300 sec this turn | 300 sec total\n|\n|t:|1783561834\n|-terastallize|p1a: Iron Jugulis|Flying\n|move|p2a: Iron Leaves|Close Combat|p1a: Iron Jugulis\n|-resisted|p1a: Iron Jugulis\n|-damage|p1a: Iron Jugulis|29/100\n|-unboost|p2a: Iron Leaves|def|1\n|-unboost|p2a: Iron Leaves|spd|1\n|-damage|p2a: Iron Leaves|164/275|[from] item: Life Orb\n|move|p1a: Iron Jugulis|Hurricane|p2a: Iron Leaves|[miss]\n|-miss|p1a: Iron Jugulis|p2a: Iron Leaves\n|\n|upkeep\n|turn|10\n|inactive|Time left: 300 sec this turn | 300 sec total\n|\n|t:|1783561835\n|move|p2a: Iron Leaves|Psyblade|p1a: Iron Jugulis\n|-damage|p1a: Iron Jugulis|0 fnt\n|faint|p1a: Iron Jugulis\n|-end|p1a: Iron Jugulis|Quark Drive|[silent]\n|-damage|p2a: Iron Leaves|137/275|[from] item: Life Orb\n|\n|upkeep\n|\n|t:|1783561836\n|switch|p1a: Terapagos|Terapagos, L77, F|100/100\n|-activate|p1a: Terapagos|ability: Tera Shift\n|detailschange|p1a: Terapagos|Terapagos-Terastal, L77, F\n|-heal|p1a: Terapagos|100/100|[silent]\n|turn|11\n|inactive|Time left: 300 sec this turn | 300 sec total\n|\n|t:|1783561837\n|switch|p1a: Victreebel|Victreebel, L90, F|100/100\n|move|p2a: Iron Leaves|Close Combat|p1a: Victreebel\n|-resisted|p1a: Victreebel\n|-damage|p1a: Victreebel|18/100\n|-unboost|p2a: Iron Leaves|def|1\n|-unboost|p2a: Iron Leaves|spd|1\n|-damage|p2a: Iron Leaves|110/275|[from] item: Life Orb\n|\n|upkeep\n|turn|12\n|inactive|Time left: 300 sec this turn | 300 sec total\n|\n|t:|1783561838\n|move|p2a: Iron Leaves|Psyblade|p1a: Victreebel\n|-supereffective|p1a: Victreebel\n|-crit|p1a: Victreebel\n|-damage|p1a: Victreebel|0 fnt\n|faint|p1a: Victreebel\n|-damage|p2a: Iron Leaves|83/275|[from] item: Life Orb\n|\n|upkeep\n|\n|t:|1783561839\n|switch|p1a: Terapagos|Terapagos-Terastal, L77, F|100/100\n|turn|13\n|inactive|Time left: 300 sec this turn | 300 sec total\n|\n|t:|1783561840\n|switch|p1a: Quaquaval|Quaquaval, L79, F|100/100\n|move|p2a: Iron Leaves|Close Combat|p1a: Quaquaval\n|-damage|p1a: Quaquaval|0 fnt\n|-unboost|p2a: Iron Leaves|def|1\n|-unboost|p2a: Iron Leaves|spd|1\n|faint|p1a: Quaquaval\n|-damage|p2a: Iron Leaves|56/275|[from] item: Life Orb\n|\n|upkeep\n|\n|t:|1783561840\n|switch|p1a: Terapagos|Terapagos-Terastal, L77, F|100/100\n|turn|14\n|inactive|Time left: 300 sec this turn | 300 sec total\n|\n|t:|1783561841\n|move|p2a: Iron Leaves|Close Combat|p1a: Terapagos\n|-activate|p1a: Terapagos|ability: Tera Shell\n|-resisted|p1a: Terapagos\n|-damage|p1a: Terapagos|34/100\n|-unboost|p2a: Iron Leaves|def|1\n|-unboost|p2a: Iron Leaves|spd|1\n|-damage|p2a: Iron Leaves|29/275|[from] item: Life Orb\n|move|p1a: Terapagos|Calm Mind|p1a: Terapagos\n|-boost|p1a: Terapagos|spa|1\n|-boost|p1a: Terapagos|spd|1\n|\n|upkeep\n|turn|15\n|inactive|Time left: 300 sec this turn | 300 sec total\n|\n|t:|1783561842\n|move|p2a: Iron Leaves|Psyblade|p1a: Terapagos\n|-damage|p1a: Terapagos|0 fnt\n|faint|p1a: Terapagos\n|-damage|p2a: Iron Leaves|2/275|[from] item: Life Orb\n|\n|win|p0y1950ff31", "uploadtime": 1783561842, "views": 0, "rating": 0, "private": 0, "password": null, "_winner": "p0y1950ff31", "_our_name": "p0y1950ff31"}