{"id": "battle-gen9randombattle-1130", "formatid": "gen9randombattle", "format": "[Gen 9] Random Battle", "players": ["p0x113008c5", "p0y113096fa"], "log": "|init|battle\n|title|p0x113008c5 vs. p0y113096fa\n|j|\u2606p0x113008c5\n|j|\u2606p0y113096fa\n|t:|1783552236\n|gametype|singles\n|player|p1|p0x113008c5|265|\n|player|p2|p0y113096fa|102|\n|gen|9\n|tier|[Gen 9] Random Battle\n|rule|Species Clause: Limit one of each Pok\u00e9mon\n|rule|HP Percentage Mod: HP is shown in percentages\n|rule|Sleep Clause Mod: Limit one foe put to sleep\n|rule|Illusion Level Mod: Illusion disguises the Pok\u00e9mon's true level\n|\n|t:|1783552236\n|teamsize|p1|6\n|teamsize|p2|6\n|start\n|switch|p1a: Calyrex|Calyrex-Shadow, L64|100/100\n|switch|p2a: Hitmonlee|Hitmonlee, L85, M|224/224\n|-ability|p1a: Calyrex|As One\n|-ability|p1a: Calyrex|Unnerve\n|turn|1\n|inactive|Battle timer is ON: inactive players will automatically lose when time's up. (requested by p0y113096fa)\n|inactive|p0x113008c5 also wants the timer to be on.\n|\n|t:|1783552238\n|switch|p2a: Moltres|Moltres-Galar, L79|271/271\n|move|p1a: Calyrex|Psyshock|p2a: Moltres\n|-immune|p2a: Moltres\n|\n|upkeep\n|turn|2\n|inactive|Time left: 300 sec this turn | 300 sec total\n|\n|t:|1783552239\n|switch|p1a: Appletun|Appletun, L92, M|100/100\n|move|p2a: Moltres|Hurricane|p1a: Appletun\n|-supereffective|p1a: Appletun\n|-damage|p1a: Appletun|46/100\n|\n|-heal|p1a: Appletun|52/100|[from] item: Leftovers\n|upkeep\n|turn|3\n|inactive|Time left: 300 sec this turn | 300 sec total\n|\n|t:|1783552241\n|move|p2a: Moltres|Hurricane|p1a: Appletun\n|-supereffective|p1a: Appletun\n|-damage|p1a: Appletun|0 fnt\n|faint|p1a: Appletun\n|\n|upkeep\n|\n|t:|1783552242\n|switch|p1a: Mightyena|Mightyena, L96, M|100/100\n|-ability|p1a: Mightyena|Intimidate|boost\n|-unboost|p2a: Moltres|atk|1\n|turn|4\n|inactive|Time left: 300 sec this turn | 300 sec total\n|\n|t:|1783552243\n|move|p1a: Mightyena|Crunch|p2a: Moltres\n|-resisted|p2a: Moltres\n|-damage|p2a: Moltres|217/271\n|move|p2a: Moltres|Nasty Plot|p2a: Moltres\n|-boost|p2a: Moltres|spa|2\n|\n|upkeep\n|turn|5\n|inactive|Time left: 300 sec this turn | 300 sec total\n|\n|t:|1783552244\n|-terastallize|p1a: Mightyena|Fairy\n|move|p1a: Mightyena|Play Rough|p2a: Moltres\n|-supereffective|p2a: Moltres\n|-damage|p2a: Moltres|0 fnt\n|faint|p2a: Moltres\n|\n|upkeep\n|inactive|Time left: 300 sec this turn | 300 sec total | 5 sec grace\n|\n|t:|1783552245\n|switch|p2a: Perrserker|Perrserker, L89, F|269/269\n|turn|6\n|inactive|Time left: 300 sec this turn | 300 sec total\n|\n|t:|1783552247\n|switch|p1a: Coalossal|Coalossal, L89, F|100/100\n|move|p2a: Perrserker|Iron Head|p1a: Coalossal\n|-damage|p1a: Coalossal|58/100\n|\n|upkeep\n|turn|7\n|inactive|Time left: 300 sec this turn | 300 sec total\n|\n|t:|1783552248\n|move|p2a: Perrserker|Iron Head|p1a: Coalossal\n|-damage|p1a: Coalossal|16/100\n|move|p1a: Coalossal|Overheat|p2a: Perrserker\n|-supereffective|p2a: Perrserker\n|-damage|p2a: Perrserker|0 fnt\n|-unboost|p1a: Coalossal|spa|2\n|faint|p2a: Perrserker\n|\n|upkeep\n|inactive|Time left: 300 sec this turn | 300 sec total | 5 sec grace\n|\n|t:|1783552249\n|switch|p2a: Carbink|Carbink, L90|236/236\n|turn|8\n|inactive|Time left: 300 sec this turn | 300 sec total\n|\n|t:|1783552250\n|switch|p1a: Calyrex|Calyrex-Shadow, L64|100/100\n|-ability|p1a: Calyrex|As One\n|-ability|p1a: Calyrex|Unnerve\n|move|p2a: Carbink|Rock Polish|p2a: Carbink\n|-boost|p2a: Carbink|spe|2\n|\n|upkeep\n|turn|9\n|inactive|Time left: 300 sec this turn | 300 sec total\n|\n|t:|1783552251\n|move|p2a: Carbink|Moonblast|p1a: Calyrex\n|-damage|p1a: Calyrex|62/100\n|-unboost|p1a: Calyrex|spa|1\n|move|p1a: Calyrex|Nasty Plot|p1a: Calyrex\n|-boost|p1a: Calyrex|spa|2\n|\n|upkeep\n|turn|10\n|inactive|Time left: 300 sec this turn | 300 sec total\n|\n|t:|1783552252\n|move|p2a: Carbink|Moonblast|p1a: Calyrex\n|-damage|p1a: Calyrex|23/100\n|move|p1a: Calyrex|Astral Barrage|p2a: Carbink\n|-damage|p2a: Carbink|94/236\n|-damage|p1a: Calyrex|14/100|[from] item: Life Orb\n|\n|-heal|p2a: Carbink|108/236|[from] item: Leftovers\n|upkeep\n|turn|11\n|inactive|Time left: 300 sec this turn | 300 sec total\n|\n|t:|1783552253\n|switch|p1a: Mightyena|Mightyena, L96, M, tera:Fairy|100/100\n|-ability|p1a: Mightyena|Intimidate|boost\n|-fail|p2a: Carbink|unboost|[from] ability: Clear Body|[of] p2a: Carbink\n|move|p2a: Carbink|Moonblast|p1a: Mightyena\n|-damage|p1a: Mightyena|74/100\n|\n|-heal|p2a: Carbink|122/236|[from] item: Leftovers\n|-heal|p1a: Mightyena|80/100|[from] item: Leftovers\n|upkeep\n|turn|12\n|inactive|Time left: 300 sec this turn | 300 sec total\n|\n|t:|1783552254\n|move|p2a: Carbink|Iron Defense|p2a: Carbink\n|-boost|p2a: Carbink|def|2\n|move|p1a: Mightyena|Play Rough|p2a: Carbink\n|-damage|p2a: Carbink|85/236\n|\n|-heal|p2a: Carbink|99/236|[from] item: Leftovers\n|-heal|p1a: Mightyena|86/100|[from] item: Leftovers\n|upkeep\n|turn|13\n|inactive|Time left: 300 sec this turn | 300 sec total\n|\n|t:|1783552255\n|move|p2a: Carbink|Body Press|p1a: Mightyena\n|-resisted|p1a: Mightyena\n|-damage|p1a: Mightyena|52/100\n|move|p1a: Mightyena|Play Rough|p2a: Carbink\n|-damage|p2a: Carbink|63/236\n|\n|-heal|p2a: Carbink|77/236|[from] item: Leftovers\n|-heal|p1a: Mightyena|58/100|[from] item: Leftovers\n|upkeep\n|turn|14\n|inactive|Time left: 300 sec this turn | 300 sec total\n|\n|t:|1783552256\n|move|p2a: Carbink|Moonblast|p1a: Mightyena\n|-damage|p1a: Mightyena|28/100\n|move|p1a: Mightyena|Play Rough|p2a: Carbink\n|-damage|p2a: Carbink|43/236\n|\n|-heal|p2a: Carbink|57/236|[from] item: Leftovers\n|-heal|p1a: Mightyena|34/100|[from] item: Leftovers\n|upkeep\n|turn|15\n|inactive|Time left: 300 sec this turn | 300 sec total\n|\n|t:|1783552257\n|move|p2a: Carbink|Body Press|p1a: Mightyena\n|-resisted|p1a: Mightyena\n|-damage|p1a: Mightyena|3/100\n|move|p1a: Mightyena|Play Rough|p2a: Carbink\n|-damage|p2a: Carbink|21/236\n|\n|-heal|p2a: Carbink|35/236|[from] item: Leftovers\n|-heal|p1a: Mightyena|9/100|[from] item: Leftovers\n|upkeep\n|turn|16\n|inactive|Time left: 300 sec this turn | 300 sec total\n|\n|t:|1783552258\n|move|p1a: Mightyena|Sucker Punch|p2a: Carbink\n|-resisted|p2a: Carbink\n|-damage|p2a: Carbink|21/236\n|move|p2a: Carbink|Moonblast|p1a: Mightyena\n|-damage|p1a: Mightyena|0 fnt\n|faint|p1a: Mightyena\n|\n|-heal|p2a: Carbink|35/236|[from] item: Leftovers\n|upkeep\n|\n|t:|1783552259\n|switch|p1a: Spiritomb|Spiritomb, L89, F|100/100\n|turn|17\n|inactive|Time left: 300 sec this turn | 300 sec total\n|\n|t:|1783552260\n|move|p2a: Carbink|Moonblast|p1a: Spiritomb\n|-supereffective|p1a: Spiritomb\n|-damage|p1a: Spiritomb|46/100\n|move|p1a: Spiritomb|Poltergeist|p2a: Carbink\n|-activate|p2a: Carbink|move: Poltergeist|Leftovers\n|-damage|p2a: Carbink|0 fnt\n|faint|p2a: Carbink\n|\n|-heal|p1a: Spiritomb|52/100|[from] item: Leftovers\n|upkeep\n|inactive|Time left: 300 sec this turn | 300 sec total | 5 sec grace\n|\n|t:|1783552261\n|switch|p2a: Florges|Florges-Yellow, L85, F|271/271\n|turn|18\n|inactive|Time left: 300 sec this turn | 300 sec total\n|\n|t:|1783552262\n|switch|p1a: Coalossal|Coalossal, L89, F|16/100\n|move|p2a: Florges|Moonblast|p1a: Coalossal\n|-resisted|p1a: Coalossal\n|-damage|p1a: Coalossal|0 fnt\n|faint|p1a: Coalossal\n|\n|upkeep\n|\n|t:|1783552262\n|switch|p1a: Lumineon|Lumineon, L93, M|100/100\n|turn|19\n|inactive|Time left: 300 sec this turn | 300 sec total\n|\n|t:|1783552263\n|move|p1a: Lumineon|Ice Beam|p2a: Florges\n|-damage|p2a: Florges|230/271\n|move|p2a: Florges|Moonblast|p1a: Lumineon\n|-damage|p1a: Lumineon|63/100\n|\n|-heal|p2a: Florges|246/271|[from] item: Leftovers\n|upkeep\n|turn|20\n|inactive|Time left: 300 sec this turn | 300 sec total\n|\n|t:|1783552264\n|move|p1a: Lumineon|Hydro Pump|p2a: Florges\n|-damage|p2a: Florges|173/271\n|move|p2a: Florges|Moonblast|p1a: Lumineon\n|-damage|p1a: Lumineon|23/100\n|\n|-heal|p2a: Florges|189/271|[from] item: Leftovers\n|upkeep\n|turn|21\n|inactive|Time left: 300 sec this turn | 300 sec total\n|\n|t:|1783552265\n|move|p1a: Lumineon|Ice Beam|p2a: Florges\n|-damage|p2a: Florges|154/271\n|-status|p2a: Florges|frz\n|cant|p2a: Florges|frz\n|\n|-heal|p2a: Florges|170/271 frz|[from] item: Leftovers\n|upkeep\n|turn|22\n|inactive|Time left: 300 sec this turn | 300 sec total\n|\n|t:|1783552266\n|move|p1a: Lumineon|U-turn|p2a: Florges\n|-resisted|p2a: Florges\n|-damage|p2a: Florges|141/271 frz\n|\n|t:|1783552267\n|switch|p1a: Calyrex|Calyrex-Shadow, L64|14/100|[from] U-turn\n|-ability|p1a: Calyrex|As One\n|-ability|p1a: Calyrex|Unnerve\n|cant|p2a: Florges|frz\n|\n|-heal|p2a: Florges|157/271 frz|[from] item: Leftovers\n|upkeep\n|turn|23\n|inactive|Time left: 300 sec this turn | 300 sec total\n|\n|t:|1783552268\n|move|p1a: Calyrex|Nasty Plot|p1a: Calyrex\n|-boost|p1a: Calyrex|spa|2\n|cant|p2a: Florges|frz\n|\n|-heal|p2a: Florges|173/271 frz|[from] item: Leftovers\n|upkeep\n|turn|24\n|inactive|Time left: 300 sec this turn | 300 sec total\n|\n|t:|1783552269\n|move|p1a: Calyrex|Astral Barrage|p2a: Florges\n|-damage|p2a: Florges|0 fnt\n|faint|p2a: Florges\n|-ability|p1a: Calyrex|Grim Neigh|boost\n|-boost|p1a: Calyrex|spa|1\n|-damage|p1a: Calyrex|4/100|[from] item: Life Orb\n|\n|upkeep\n|inactive|Time left: 300 sec this turn | 300 sec total | 5 sec grace\n|\n|t:|1783552270\n|switch|p2a: Hitmonlee|Hitmonlee, L85, M|224/224\n|turn|25\n|inactive|Time left: 300 sec this turn | 300 sec total\n|\n|t:|1783552271\n|move|p1a: Calyrex|Astral Barrage|p2a: Hitmonlee\n|-damage|p2a: Hitmonlee|0 fnt\n|faint|p2a: Hitmonlee\n|-ability|p1a: Calyrex|Grim Neigh|boost\n|-boost|p1a: Calyrex|spa|1\n|-damage|p1a: Calyrex|0 fnt|[from] item: Life Orb\n|faint|p1a: Calyrex\n|\n|upkeep\n|inactive|Time left: 300 sec this turn | 300 sec total | 5 sec grace\n|\n|t:|1783552272\n|switch|p1a: Spiritomb|Spiritomb, L89, F|52/100\n|switch|p2a: Iron Moth|Iron Moth, L78|253/253\n|turn|26\n|inactive|Time left: 300 sec this turn | 300 sec total\n|\n|t:|1783552273\n|move|p2a: Iron Moth|Fiery Dance|p1a: Spiritomb\n|-damage|p1a: Spiritomb|19/100\n|-boost|p2a: Iron Moth|spa|1\n|move|p1a: Spiritomb|Pain Split|p2a: Iron Moth\n|-sethp|p2a: Iron Moth|148/253|[from] move: Pain Split|[silent]\n|-sethp|p1a: Spiritomb|64/100|[from] move: Pain Split\n|\n|-heal|p1a: Spiritomb|70/100|[from] item: Leftovers\n|upkeep\n|turn|27\n|inactive|Time left: 300 sec this turn | 300 sec total\n|\n|t:|1783552274\n|-terastallize|p2a: Iron Moth|Grass\n|move|p2a: Iron Moth|Morning Sun|p2a: Iron Moth\n|-heal|p2a: Iron Moth|253/253\n|move|p1a: Spiritomb|Poltergeist|p2a: Iron Moth\n|-activate|p2a: Iron Moth|move: Poltergeist|Heavy-Duty Boots\n|-damage|p2a: Iron Moth|72/253\n|\n|-heal|p1a: Spiritomb|76/100|[from] item: Leftovers\n|upkeep\n|turn|28\n|inactive|Time left: 300 sec this turn | 300 sec total\n|\n|t:|1783552275\n|move|p2a: Iron Moth|Morning Sun|p2a: Iron Moth\n|-heal|p2a: Iron Moth|198/253\n|move|p1a: Spiritomb|Poltergeist|p2a: Iron Moth\n|-activate|p2a: Iron Moth|move: Poltergeist|Heavy-Duty Boots\n|-damage|p2a: Iron Moth|35/253\n|\n|-heal|p1a: Spiritomb|82/100|[from] item: Leftovers\n|upkeep\n|turn|29\n|inactive|Time left: 300 sec this turn | 300 sec total\n|\n|t:|1783552276\n|move|p2a: Iron Moth|Morning Sun|p2a: Iron Moth\n|-heal|p2a: Iron Moth|161/253\n|move|p1a: Spiritomb|Poltergeist|p2a: Iron Moth\n|-activate|p2a: Iron Moth|move: Poltergeist|Heavy-Duty Boots\n|-damage|p2a: Iron Moth|0 fnt\n|faint|p2a: Iron Moth\n|-end|p2a: Iron Moth|Quark Drive|[silent]\n|\n|win|p0x113008c5", "uploadtime": 1783552276, "views": 0, "rating": 0, "private": 0, "password": null, "_winner": "p0x113008c5", "_our_name": "p0y113096fa"}