{"id": "battle-gen9randombattle-2901", "formatid": "gen9randombattle", "format": "[Gen 9] Random Battle", "players": ["p0x2901bfc7", "p0y29012c32"], "log": "|init|battle\n|title|p0x2901bfc7 vs. p0y29012c32\n|j|\u2606p0x2901bfc7\n|j|\u2606p0y29012c32\n|t:|1783573405\n|gametype|singles\n|player|p1|p0x2901bfc7|2|\n|player|p2|p0y29012c32|266|\n|gen|9\n|tier|[Gen 9] Random Battle\n|rule|Species Clause: Limit one of each Pok\u00e9mon\n|rule|HP Percentage Mod: HP is shown in percentages\n|rule|Sleep Clause Mod: Limit one foe put to sleep\n|rule|Illusion Level Mod: Illusion disguises the Pok\u00e9mon's true level\n|\n|t:|1783573405\n|teamsize|p1|6\n|teamsize|p2|6\n|start\n|switch|p1a: Ceruledge|Ceruledge, L78, M|245/245\n|switch|p2a: Leafeon|Leafeon, L88, M|100/100\n|turn|1\n|inactive|Battle timer is ON: inactive players will automatically lose when time's up. (requested by p0x2901bfc7)\n|inactive|p0y29012c32 also wants the timer to be on.\n|\n|t:|1783573407\n|-terastallize|p2a: Leafeon|Dark\n|-terastallize|p1a: Ceruledge|Fire\n|move|p2a: Leafeon|Knock Off|p1a: Ceruledge\n|-damage|p1a: Ceruledge|106/245\n|-ability|p1a: Ceruledge|Weak Armor|boost\n|-unboost|p1a: Ceruledge|def|1\n|-boost|p1a: Ceruledge|spe|2\n|-enditem|p1a: Ceruledge|Heavy-Duty Boots|[from] move: Knock Off|[of] p2a: Leafeon\n|move|p1a: Ceruledge|Bitter Blade|p2a: Leafeon\n|-damage|p2a: Leafeon|63/100\n|-heal|p1a: Ceruledge|155/245|[from] drain|[of] p2a: Leafeon\n|\n|-heal|p2a: Leafeon|69/100|[from] item: Leftovers\n|upkeep\n|turn|2\n|inactive|Time left: 300 sec this turn | 300 sec total\n|\n|t:|1783573408\n|move|p1a: Ceruledge|Bitter Blade|p2a: Leafeon\n|-damage|p2a: Leafeon|29/100\n|-heal|p1a: Ceruledge|206/245|[from] drain|[of] p2a: Leafeon\n|move|p2a: Leafeon|Knock Off|p1a: Ceruledge\n|-damage|p1a: Ceruledge|55/245\n|-ability|p1a: Ceruledge|Weak Armor|boost\n|-unboost|p1a: Ceruledge|def|1\n|-boost|p1a: Ceruledge|spe|2\n|\n|-heal|p2a: Leafeon|35/100|[from] item: Leftovers\n|upkeep\n|turn|3\n|inactive|Time left: 300 sec this turn | 300 sec total\n|\n|t:|1783573409\n|switch|p2a: Sandaconda|Sandaconda, L84, F|100/100\n|move|p1a: Ceruledge|Bitter Blade|p2a: Sandaconda\n|-damage|p2a: Sandaconda|58/100\n|-heal|p1a: Ceruledge|110/245|[from] drain|[of] p2a: Sandaconda\n|\n|-heal|p2a: Sandaconda|64/100|[from] item: Leftovers\n|upkeep\n|turn|4\n|inactive|Time left: 300 sec this turn | 300 sec total\n|\n|t:|1783573410\n|move|p1a: Ceruledge|Bitter Blade|p2a: Sandaconda\n|-damage|p2a: Sandaconda|24/100\n|-heal|p1a: Ceruledge|162/245|[from] drain|[of] p2a: Sandaconda\n|move|p2a: Sandaconda|Earthquake|p1a: Ceruledge\n|-supereffective|p1a: Ceruledge\n|-damage|p1a: Ceruledge|0 fnt\n|faint|p1a: Ceruledge\n|\n|-heal|p2a: Sandaconda|30/100|[from] item: Leftovers\n|upkeep\n|inactive|Time left: 300 sec this turn | 300 sec total | 5 sec grace\n|\n|t:|1783573411\n|switch|p1a: Rotom|Rotom-Fan, L86|226/226\n|turn|5\n|inactive|Time left: 300 sec this turn | 300 sec total\n|\n|t:|1783573412\n|switch|p2a: Necrozma|Necrozma-Dawn-Wings, L76|100/100\n|move|p1a: Rotom|Air Slash|p2a: Necrozma\n|-damage|p2a: Necrozma|75/100\n|\n|-heal|p2a: Necrozma|81/100|[from] item: Leftovers\n|upkeep\n|turn|6\n|inactive|Time left: 300 sec this turn | 300 sec total\n|\n|t:|1783573413\n|move|p1a: Rotom|Air Slash|p2a: Necrozma\n|-damage|p2a: Necrozma|55/100\n|move|p2a: Necrozma|Calm Mind|p2a: Necrozma\n|-boost|p2a: Necrozma|spa|1\n|-boost|p2a: Necrozma|spd|1\n|\n|-heal|p2a: Necrozma|61/100|[from] item: Leftovers\n|upkeep\n|turn|7\n|inactive|Time left: 300 sec this turn | 300 sec total\n|\n|t:|1783573414\n|move|p1a: Rotom|Thunder Wave|p2a: Necrozma|[miss]\n|-miss|p1a: Rotom|p2a: Necrozma\n|move|p2a: Necrozma|Moongeist Beam|p1a: Rotom\n|-damage|p1a: Rotom|63/226\n|\n|-heal|p2a: Necrozma|67/100|[from] item: Leftovers\n|upkeep\n|turn|8\n|inactive|Time left: 300 sec this turn | 300 sec total\n|\n|t:|1783573415\n|move|p1a: Rotom|Thunder Wave|p2a: Necrozma\n|-status|p2a: Necrozma|par\n|cant|p2a: Necrozma|par\n|\n|-heal|p2a: Necrozma|73/100 par|[from] item: Leftovers\n|upkeep\n|turn|9\n|inactive|Time left: 300 sec this turn | 300 sec total\n|\n|t:|1783573416\n|move|p1a: Rotom|Air Slash|p2a: Necrozma\n|-damage|p2a: Necrozma|56/100 par\n|move|p2a: Necrozma|Moongeist Beam|p1a: Rotom\n|-damage|p1a: Rotom|0 fnt\n|faint|p1a: Rotom\n|\n|-heal|p2a: Necrozma|62/100 par|[from] item: Leftovers\n|upkeep\n|inactive|Time left: 300 sec this turn | 300 sec total | 5 sec grace\n|\n|t:|1783573417\n|switch|p1a: Piloswine|Piloswine, L85, M|309/309\n|turn|10\n|inactive|Time left: 300 sec this turn | 300 sec total\n|\n|t:|1783573418\n|move|p1a: Piloswine|Earthquake|p2a: Necrozma\n|-damage|p2a: Necrozma|25/100 par\n|move|p2a: Necrozma|Moonlight|p2a: Necrozma\n|-heal|p2a: Necrozma|75/100 par\n|\n|-heal|p2a: Necrozma|82/100 par|[from] item: Leftovers\n|upkeep\n|turn|11\n|inactive|Time left: 300 sec this turn | 300 sec total\n|\n|t:|1783573419\n|move|p1a: Piloswine|Icicle Crash|p2a: Necrozma|[miss]\n|-miss|p1a: Piloswine|p2a: Necrozma\n|move|p2a: Necrozma|Photon Geyser|p1a: Piloswine\n|-damage|p1a: Piloswine|134/309\n|\n|-heal|p2a: Necrozma|88/100 par|[from] item: Leftovers\n|upkeep\n|turn|12\n|inactive|Time left: 300 sec this turn | 300 sec total\n|\n|t:|1783573420\n|move|p1a: Piloswine|Stealth Rock|p2a: Necrozma\n|-sidestart|p2: p0y29012c32|move: Stealth Rock\n|move|p2a: Necrozma|Photon Geyser|p1a: Piloswine\n|-damage|p1a: Piloswine|0 fnt\n|faint|p1a: Piloswine\n|\n|-heal|p2a: Necrozma|94/100 par|[from] item: Leftovers\n|upkeep\n|inactive|Time left: 300 sec this turn | 300 sec total | 5 sec grace\n|\n|t:|1783573421\n|switch|p1a: Appletun|Appletun, L92, M|352/352\n|turn|13\n|inactive|Time left: 300 sec this turn | 300 sec total\n|\n|t:|1783573422\n|move|p2a: Necrozma|Moongeist Beam|p1a: Appletun\n|-damage|p1a: Appletun|151/352\n|move|p1a: Appletun|Dragon Tail|p2a: Necrozma\n|-damage|p2a: Necrozma|72/100 par\n|drag|p2a: Mew|Mew, L82|100/100\n|-damage|p2a: Mew|88/100|[from] Stealth Rock\n|\n|-heal|p2a: Mew|94/100|[from] item: Leftovers\n|-heal|p1a: Appletun|173/352|[from] item: Leftovers\n|upkeep\n|turn|14\n|inactive|Time left: 300 sec this turn | 300 sec total\n|\n|t:|1783573423\n|move|p2a: Mew|Encore|p1a: Appletun\n|-start|p1a: Appletun|Encore\n|move|p1a: Appletun|Dragon Tail|p2a: Mew\n|-damage|p2a: Mew|72/100\n|drag|p2a: Mandibuzz|Mandibuzz, L85, F|100/100\n|\n|-heal|p1a: Appletun|195/352|[from] item: Leftovers\n|upkeep\n|turn|15\n|inactive|Time left: 300 sec this turn | 300 sec total\n|\n|t:|1783573425\n|move|p2a: Mandibuzz|Defog|p1a: Appletun\n|-unboost|p1a: Appletun|evasion|1\n|-sideend|p2: p0y29012c32|Stealth Rock|[from] move: Defog|[of] p2a: Mandibuzz\n|move|p1a: Appletun|Dragon Tail|p2a: Mandibuzz\n|-damage|p2a: Mandibuzz|83/100\n|drag|p2a: Leafeon|Leafeon, L88, M, tera:Dark|35/100\n|\n|-heal|p2a: Leafeon|42/100|[from] item: Leftovers\n|-heal|p1a: Appletun|217/352|[from] item: Leftovers\n|upkeep\n|turn|16\n|inactive|Time left: 300 sec this turn | 300 sec total\n|\n|t:|1783573426\n|move|p2a: Leafeon|Knock Off|p1a: Appletun\n|-damage|p1a: Appletun|102/352\n|-enditem|p1a: Appletun|Leftovers|[from] move: Knock Off|[of] p2a: Leafeon\n|move|p1a: Appletun|Dragon Tail|p2a: Leafeon\n|-damage|p2a: Leafeon|21/100\n|drag|p2a: Sandaconda|Sandaconda, L84, F|30/100\n|\n|-heal|p2a: Sandaconda|36/100|[from] item: Leftovers\n|-end|p1a: Appletun|Encore\n|upkeep\n|turn|17\n|inactive|Time left: 300 sec this turn | 300 sec total\n|\n|t:|1783573427\n|move|p2a: Sandaconda|Glare|p1a: Appletun\n|-status|p1a: Appletun|par\n|move|p1a: Appletun|Apple Acid|p2a: Sandaconda\n|-supereffective|p2a: Sandaconda\n|-damage|p2a: Sandaconda|0 fnt\n|faint|p2a: Sandaconda\n|\n|upkeep\n|\n|t:|1783573428\n|switch|p2a: Falinks|Falinks, L84|100/100\n|turn|18\n|inactive|Time left: 300 sec this turn | 300 sec total\n|\n|t:|1783573429\n|move|p2a: Falinks|No Retreat|p2a: Falinks\n|-boost|p2a: Falinks|atk|1\n|-boost|p2a: Falinks|def|1\n|-boost|p2a: Falinks|spa|1\n|-boost|p2a: Falinks|spd|1\n|-boost|p2a: Falinks|spe|1\n|-start|p2a: Falinks|move: No Retreat\n|move|p1a: Appletun|Dragon Tail|p2a: Falinks\n|-damage|p2a: Falinks|85/100\n|drag|p2a: Leafeon|Leafeon, L88, M, tera:Dark|21/100\n|\n|-heal|p2a: Leafeon|28/100|[from] item: Leftovers\n|upkeep\n|turn|19\n|inactive|Time left: 300 sec this turn | 300 sec total\n|\n|t:|1783573430\n|move|p2a: Leafeon|Knock Off|p1a: Appletun\n|-damage|p1a: Appletun|15/352 par\n|move|p1a: Appletun|Apple Acid|p2a: Leafeon\n|-damage|p2a: Leafeon|0 fnt\n|faint|p2a: Leafeon\n|\n|upkeep\n|\n|t:|1783573431\n|switch|p2a: Falinks|Falinks, L84|85/100\n|turn|20\n|inactive|Time left: 300 sec this turn | 300 sec total\n|\n|t:|1783573432\n|move|p2a: Falinks|No Retreat|p2a: Falinks\n|-boost|p2a: Falinks|atk|1\n|-boost|p2a: Falinks|def|1\n|-boost|p2a: Falinks|spa|1\n|-boost|p2a: Falinks|spd|1\n|-boost|p2a: Falinks|spe|1\n|-start|p2a: Falinks|move: No Retreat\n|move|p1a: Appletun|Dragon Tail|p2a: Falinks\n|-damage|p2a: Falinks|68/100\n|drag|p2a: Mew|Mew, L82|72/100\n|\n|-heal|p2a: Mew|78/100|[from] item: Leftovers\n|upkeep\n|turn|21\n|inactive|Time left: 300 sec this turn | 300 sec total\n|\n|t:|1783573433\n|move|p2a: Mew|Stealth Rock|p1a: Appletun\n|-sidestart|p1: p0x2901bfc7|move: Stealth Rock\n|cant|p1a: Appletun|par\n|\n|-heal|p2a: Mew|84/100|[from] item: Leftovers\n|upkeep\n|turn|22\n|inactive|Time left: 300 sec this turn | 300 sec total\n|\n|t:|1783573433\n|move|p2a: Mew|Psychic|p1a: Appletun\n|-damage|p1a: Appletun|0 fnt\n|faint|p1a: Appletun\n|\n|-heal|p2a: Mew|90/100|[from] item: Leftovers\n|upkeep\n|inactive|Time left: 300 sec this turn | 300 sec total | 5 sec grace\n|\n|t:|1783573435\n|switch|p1a: Vigoroth|Vigoroth, L85, F|275/275\n|-damage|p1a: Vigoroth|241/275|[from] Stealth Rock\n|turn|23\n|inactive|Time left: 300 sec this turn | 300 sec total\n|\n|t:|1783573436\n|switch|p2a: Necrozma|Necrozma-Dawn-Wings, L76|72/100 par\n|move|p1a: Vigoroth|Bulk Up|p1a: Vigoroth\n|-boost|p1a: Vigoroth|atk|1\n|-boost|p1a: Vigoroth|def|1\n|\n|-heal|p2a: Necrozma|78/100 par|[from] item: Leftovers\n|upkeep\n|turn|24\n|inactive|Time left: 300 sec this turn | 300 sec total\n|\n|t:|1783573437\n|move|p1a: Vigoroth|Bulk Up|p1a: Vigoroth\n|-boost|p1a: Vigoroth|atk|1\n|-boost|p1a: Vigoroth|def|1\n|move|p2a: Necrozma|Photon Geyser|p1a: Vigoroth\n|-damage|p1a: Vigoroth|115/275\n|\n|-heal|p2a: Necrozma|85/100 par|[from] item: Leftovers\n|upkeep\n|turn|25\n|inactive|Time left: 300 sec this turn | 300 sec total\n|\n|t:|1783573438\n|move|p1a: Vigoroth|Slack Off|p1a: Vigoroth\n|-heal|p1a: Vigoroth|253/275\n|move|p2a: Necrozma|Calm Mind|p2a: Necrozma\n|-boost|p2a: Necrozma|spa|1\n|-boost|p2a: Necrozma|spd|1\n|\n|-heal|p2a: Necrozma|91/100 par|[from] item: Leftovers\n|upkeep\n|turn|26\n|inactive|Time left: 300 sec this turn | 300 sec total\n|\n|t:|1783573439\n|move|p1a: Vigoroth|Earthquake|p2a: Necrozma\n|-damage|p2a: Necrozma|49/100 par\n|move|p2a: Necrozma|Photon Geyser|p1a: Vigoroth\n|-damage|p1a: Vigoroth|63/275\n|\n|-heal|p2a: Necrozma|56/100 par|[from] item: Leftovers\n|upkeep\n|turn|27\n|inactive|Time left: 300 sec this turn | 300 sec total\n|\n|t:|1783573440\n|move|p1a: Vigoroth|Slack Off|p1a: Vigoroth\n|-heal|p1a: Vigoroth|201/275\n|move|p2a: Necrozma|Photon Geyser|p1a: Vigoroth\n|-damage|p1a: Vigoroth|17/275\n|\n|-heal|p2a: Necrozma|62/100 par|[from] item: Leftovers\n|upkeep\n|turn|28\n|inactive|Time left: 300 sec this turn | 300 sec total\n|\n|t:|1783573441\n|move|p1a: Vigoroth|Earthquake|p2a: Necrozma\n|-damage|p2a: Necrozma|21/100 par\n|move|p2a: Necrozma|Photon Geyser|p1a: Vigoroth\n|-damage|p1a: Vigoroth|0 fnt\n|faint|p1a: Vigoroth\n|\n|-heal|p2a: Necrozma|28/100 par|[from] item: Leftovers\n|upkeep\n|inactive|Time left: 300 sec this turn | 300 sec total | 5 sec grace\n|\n|t:|1783573442\n|switch|p1a: Kingdra|Kingdra, L84, F|263/263\n|-damage|p1a: Kingdra|231/263|[from] Stealth Rock\n|turn|29\n|inactive|Time left: 300 sec this turn | 300 sec total\n|\n|t:|1783573443\n|move|p1a: Kingdra|Wave Crash|p2a: Necrozma\n|-damage|p2a: Necrozma|0 fnt\n|faint|p2a: Necrozma\n|-damage|p1a: Kingdra|207/263|[from] Recoil\n|-damage|p1a: Kingdra|181/263|[from] item: Life Orb\n|\n|upkeep\n|\n|t:|1783573444\n|switch|p2a: Mandibuzz|Mandibuzz, L85, F|83/100\n|turn|30\n|inactive|Time left: 300 sec this turn | 300 sec total\n|\n|t:|1783573444\n|move|p1a: Kingdra|Hurricane|p2a: Mandibuzz|[miss]\n|-miss|p1a: Kingdra|p2a: Mandibuzz\n|move|p2a: Mandibuzz|Brave Bird|p1a: Kingdra\n|-damage|p1a: Kingdra|93/263\n|-damage|p2a: Mandibuzz|74/100|[from] Recoil\n|\n|upkeep\n|turn|31\n|inactive|Time left: 300 sec this turn | 300 sec total\n|\n|t:|1783573445\n|move|p1a: Kingdra|Hurricane|p2a: Mandibuzz|[miss]\n|-miss|p1a: Kingdra|p2a: Mandibuzz\n|move|p2a: Mandibuzz|Brave Bird|p1a: Kingdra\n|-damage|p1a: Kingdra|0 fnt\n|faint|p1a: Kingdra\n|-damage|p2a: Mandibuzz|65/100|[from] Recoil\n|\n|win|p0y29012c32", "uploadtime": 1783573445, "views": 0, "rating": 0, "private": 0, "password": null, "_winner": "p0y29012c32", "_our_name": "p0x2901bfc7"}