{"id": "battle-gen9randombattle-2101", "formatid": "gen9randombattle", "format": "[Gen 9] Random Battle", "players": ["p0x2101ef1c", "p0y21010223"], "log": "|init|battle\n|title|p0x2101ef1c vs. p0y21010223\n|j|\u2606p0x2101ef1c\n|j|\u2606p0y21010223\n|t:|1783564323\n|gametype|singles\n|player|p1|p0x2101ef1c|1|\n|player|p2|p0y21010223|101|\n|gen|9\n|tier|[Gen 9] Random Battle\n|rule|Species Clause: Limit one of each Pok\u00e9mon\n|rule|HP Percentage Mod: HP is shown in percentages\n|rule|Sleep Clause Mod: Limit one foe put to sleep\n|rule|Illusion Level Mod: Illusion disguises the Pok\u00e9mon's true level\n|\n|t:|1783564323\n|teamsize|p1|6\n|teamsize|p2|6\n|start\n|switch|p1a: Breloom|Breloom, L83, M|235/235\n|switch|p2a: Noivern|Noivern, L82, F|100/100\n|turn|1\n|inactive|Battle timer is ON: inactive players will automatically lose when time's up. (requested by p0x2101ef1c)\n|\n|t:|1783564325\n|switch|p1a: Iron Hands|Iron Hands, L79|373/373\n|move|p2a: Noivern|Draco Meteor|p1a: Iron Hands\n|-damage|p1a: Iron Hands|120/373\n|-unboost|p2a: Noivern|spa|2\n|\n|-heal|p1a: Iron Hands|143/373|[from] item: Leftovers\n|upkeep\n|turn|2\n|inactive|Time left: 300 sec this turn | 300 sec total\n|inactive|p0y21010223 also wants the timer to be on.\n|\n|t:|1783564326\n|switch|p2a: Zacian|Zacian, L69|100/100\n|-ability|p2a: Zacian|Intrepid Sword|boost\n|-boost|p2a: Zacian|atk|1\n|move|p1a: Iron Hands|Swords Dance|p1a: Iron Hands\n|-boost|p1a: Iron Hands|atk|2\n|\n|-heal|p1a: Iron Hands|166/373|[from] item: Leftovers\n|upkeep\n|turn|3\n|inactive|Time left: 300 sec this turn | 300 sec total\n|\n|t:|1783564328\n|-terastallize|p1a: Iron Hands|Flying\n|move|p2a: Zacian|Play Rough|p1a: Iron Hands\n|-damage|p1a: Iron Hands|37/373\n|-damage|p2a: Zacian|91/100|[from] item: Life Orb\n|move|p1a: Iron Hands|Thunder Punch|p2a: Zacian\n|-damage|p2a: Zacian|17/100\n|\n|-heal|p1a: Iron Hands|60/373|[from] item: Leftovers\n|upkeep\n|turn|4\n|inactive|Time left: 300 sec this turn | 300 sec total\n|\n|t:|1783564329\n|move|p2a: Zacian|Play Rough|p1a: Iron Hands\n|-damage|p1a: Iron Hands|0 fnt\n|faint|p1a: Iron Hands\n|-end|p1a: Iron Hands|Quark Drive|[silent]\n|-damage|p2a: Zacian|7/100|[from] item: Life Orb\n|\n|upkeep\n|inactive|Time left: 300 sec this turn | 300 sec total | 5 sec grace\n|\n|t:|1783564330\n|switch|p1a: Leafeon|Leafeon, L88, F|258/258\n|turn|5\n|inactive|Time left: 300 sec this turn | 300 sec total\n|\n|t:|1783564331\n|switch|p2a: Copperajah|Copperajah, L86, F|100/100\n|move|p1a: Leafeon|Swords Dance|p1a: Leafeon\n|-boost|p1a: Leafeon|atk|2\n|\n|upkeep\n|turn|6\n|inactive|Time left: 300 sec this turn | 300 sec total\n|\n|t:|1783564332\n|move|p1a: Leafeon|Leaf Blade|p2a: Copperajah\n|-resisted|p2a: Copperajah\n|-damage|p2a: Copperajah|49/100\n|-damage|p1a: Leafeon|233/258|[from] item: Life Orb\n|move|p2a: Copperajah|Heat Crash|p1a: Leafeon\n|-supereffective|p1a: Leafeon\n|-damage|p1a: Leafeon|0 fnt\n|faint|p1a: Leafeon\n|\n|upkeep\n|inactive|Time left: 300 sec this turn | 300 sec total | 5 sec grace\n|\n|t:|1783564333\n|switch|p1a: Oinkologne|Oinkologne-F, L92, F|361/361\n|turn|7\n|inactive|Time left: 300 sec this turn | 300 sec total\n|\n|t:|1783564334\n|move|p1a: Oinkologne|Body Slam|p2a: Copperajah\n|-resisted|p2a: Copperajah\n|-damage|p2a: Copperajah|34/100\n|move|p2a: Copperajah|Heat Crash|p1a: Oinkologne\n|-damage|p1a: Oinkologne|264/361\n|\n|-heal|p1a: Oinkologne|286/361|[from] item: Leftovers\n|upkeep\n|turn|8\n|inactive|Time left: 300 sec this turn | 300 sec total\n|\n|t:|1783564335\n|move|p1a: Oinkologne|High Horsepower|p2a: Copperajah\n|-supereffective|p2a: Copperajah\n|-damage|p2a: Copperajah|0 fnt\n|faint|p2a: Copperajah\n|\n|-heal|p1a: Oinkologne|308/361|[from] item: Leftovers\n|upkeep\n|\n|t:|1783564336\n|switch|p2a: Arboliva|Arboliva, L91, F|100/100\n|turn|9\n|inactive|Time left: 300 sec this turn | 300 sec total\n|\n|t:|1783564337\n|move|p1a: Oinkologne|Body Slam|p2a: Arboliva\n|-damage|p2a: Arboliva|66/100\n|-status|p2a: Arboliva|par\n|-fieldstart|move: Grassy Terrain|[from] ability: Seed Sower|[of] p2a: Arboliva\n|move|p2a: Arboliva|Energy Ball|p1a: Oinkologne\n|-damage|p1a: Oinkologne|143/361\n|\n|-heal|p1a: Oinkologne|165/361|[from] Grassy Terrain\n|-heal|p1a: Oinkologne|187/361|[from] item: Leftovers\n|-heal|p2a: Arboliva|72/100 par|[from] Grassy Terrain\n|-heal|p2a: Arboliva|78/100 par|[from] item: Leftovers\n|upkeep\n|turn|10\n|inactive|Time left: 300 sec this turn | 300 sec total\n|\n|t:|1783564338\n|move|p1a: Oinkologne|Body Slam|p2a: Arboliva\n|-damage|p2a: Arboliva|47/100 par\n|move|p2a: Arboliva|Energy Ball|p1a: Oinkologne\n|-damage|p1a: Oinkologne|34/361\n|\n|-heal|p1a: Oinkologne|56/361|[from] Grassy Terrain\n|-heal|p1a: Oinkologne|78/361|[from] item: Leftovers\n|-heal|p2a: Arboliva|54/100 par|[from] Grassy Terrain\n|-heal|p2a: Arboliva|60/100 par|[from] item: Leftovers\n|upkeep\n|turn|11\n|inactive|Time left: 300 sec this turn | 300 sec total\n|\n|t:|1783564339\n|move|p1a: Oinkologne|Body Slam|p2a: Arboliva\n|-damage|p2a: Arboliva|29/100 par\n|move|p2a: Arboliva|Strength Sap|p1a: Oinkologne\n|-unboost|p1a: Oinkologne|atk|1\n|-heal|p2a: Arboliva|100/100 par\n|\n|-heal|p1a: Oinkologne|100/361|[from] Grassy Terrain\n|-heal|p1a: Oinkologne|122/361|[from] item: Leftovers\n|upkeep\n|turn|12\n|inactive|Time left: 300 sec this turn | 300 sec total\n|\n|t:|1783564340\n|switch|p1a: Latios|Latios, L78, M|253/253\n|move|p2a: Arboliva|Energy Ball|p1a: Latios\n|-resisted|p1a: Latios\n|-damage|p1a: Latios|173/253\n|-unboost|p1a: Latios|spd|1\n|\n|upkeep\n|turn|13\n|inactive|Time left: 300 sec this turn | 300 sec total\n|\n|t:|1783564341\n|move|p1a: Latios|Calm Mind|p1a: Latios\n|-boost|p1a: Latios|spa|1\n|-boost|p1a: Latios|spd|1\n|move|p2a: Arboliva|Hyper Voice|p1a: Latios\n|-damage|p1a: Latios|44/253\n|\n|-fieldend|move: Grassy Terrain\n|upkeep\n|turn|14\n|inactive|Time left: 300 sec this turn | 300 sec total\n|\n|t:|1783564342\n|switch|p2a: Grimmsnarl|Grimmsnarl, L83, M|100/100\n|move|p1a: Latios|Recover|p1a: Latios\n|-heal|p1a: Latios|171/253\n|\n|upkeep\n|turn|15\n|inactive|Time left: 300 sec this turn | 300 sec total\n|\n|t:|1783564343\n|switch|p1a: Bastiodon|Bastiodon, L89, F|252/252\n|move|p2a: Grimmsnarl|Spirit Break|p1a: Bastiodon\n|-resisted|p1a: Bastiodon\n|-damage|p1a: Bastiodon|223/252\n|-unboost|p1a: Bastiodon|spa|1\n|\n|upkeep\n|turn|16\n|inactive|Time left: 300 sec this turn | 300 sec total\n|\n|t:|1783564344\n|move|p2a: Grimmsnarl|Spirit Break|p1a: Bastiodon\n|-resisted|p1a: Bastiodon\n|-damage|p1a: Bastiodon|197/252\n|-unboost|p1a: Bastiodon|spa|1\n|move|p1a: Bastiodon|Body Press|p2a: Grimmsnarl\n|-crit|p2a: Grimmsnarl\n|-damage|p2a: Grimmsnarl|42/100\n|\n|-heal|p2a: Grimmsnarl|48/100|[from] item: Leftovers\n|upkeep\n|turn|17\n|inactive|Time left: 300 sec this turn | 300 sec total\n|\n|t:|1783564345\n|move|p2a: Grimmsnarl|Spirit Break|p1a: Bastiodon\n|-resisted|p1a: Bastiodon\n|-damage|p1a: Bastiodon|170/252\n|-unboost|p1a: Bastiodon|spa|1\n|move|p1a: Bastiodon|Body Press|p2a: Grimmsnarl\n|-damage|p2a: Grimmsnarl|8/100\n|\n|-heal|p2a: Grimmsnarl|14/100|[from] item: Leftovers\n|upkeep\n|turn|18\n|inactive|Time left: 300 sec this turn | 300 sec total\n|\n|t:|1783564345\n|move|p2a: Grimmsnarl|Thunder Wave|p1a: Bastiodon\n|-status|p1a: Bastiodon|par\n|move|p1a: Bastiodon|Body Press|p2a: Grimmsnarl\n|-damage|p2a: Grimmsnarl|0 fnt\n|faint|p2a: Grimmsnarl\n|\n|upkeep\n|\n|t:|1783564346\n|switch|p2a: Cinderace|Cinderace, L77, F|100/100\n|turn|19\n|inactive|Time left: 300 sec this turn | 300 sec total\n|\n|t:|1783564347\n|switch|p1a: Oinkologne|Oinkologne-F, L92, F|122/361\n|move|p2a: Cinderace|High Jump Kick|p1a: Oinkologne\n|-start|p2a: Cinderace|typechange|Fighting|[from] ability: Libero\n|-supereffective|p1a: Oinkologne\n|-damage|p1a: Oinkologne|0 fnt\n|faint|p1a: Oinkologne\n|\n|upkeep\n|inactive|Time left: 300 sec this turn | 300 sec total | 5 sec grace\n|\n|t:|1783564348\n|switch|p1a: Latios|Latios, L78, M|171/253\n|turn|20\n|inactive|Time left: 300 sec this turn | 300 sec total\n|\n|t:|1783564349\n|move|p2a: Cinderace|U-turn|p1a: Latios\n|-supereffective|p1a: Latios\n|-damage|p1a: Latios|61/253\n|\n|t:|1783564350\n|switch|p2a: Zacian|Zacian, L69|7/100|[from] U-turn\n|move|p1a: Latios|Psyshock|p2a: Zacian\n|-damage|p2a: Zacian|0 fnt\n|faint|p2a: Zacian\n|\n|upkeep\n|\n|t:|1783564351\n|switch|p2a: Cinderace|Cinderace, L77, F|100/100\n|turn|21\n|inactive|Time left: 300 sec this turn | 300 sec total\n|\n|t:|1783564352\n|switch|p1a: Bastiodon|Bastiodon, L89, F|170/252 par\n|move|p2a: Cinderace|Pyro Ball|p1a: Bastiodon\n|-damage|p1a: Bastiodon|100/252 par\n|\n|upkeep\n|turn|22\n|inactive|Time left: 300 sec this turn | 300 sec total\n|\n|t:|1783564353\n|move|p2a: Cinderace|High Jump Kick|p1a: Bastiodon\n|-start|p2a: Cinderace|typechange|Fighting|[from] ability: Libero\n|-supereffective|p1a: Bastiodon\n|-damage|p1a: Bastiodon|0 fnt\n|faint|p1a: Bastiodon\n|\n|upkeep\n|inactive|Time left: 300 sec this turn | 300 sec total | 5 sec grace\n|\n|t:|1783564354\n|switch|p1a: Breloom|Breloom, L83, M|235/235\n|turn|23\n|inactive|Time left: 300 sec this turn | 300 sec total\n|\n|t:|1783564355\n|move|p2a: Cinderace|U-turn|p1a: Breloom\n|-damage|p1a: Breloom|183/235\n|\n|t:|1783564356\n|switch|p2a: Noivern|Noivern, L82, F|100/100|[from] U-turn\n|move|p1a: Breloom|Rock Tomb|p2a: Noivern\n|-supereffective|p2a: Noivern\n|-damage|p2a: Noivern|21/100\n|-unboost|p2a: Noivern|spe|1\n|-damage|p1a: Breloom|160/235|[from] item: Life Orb\n|\n|upkeep\n|turn|24\n|inactive|Time left: 300 sec this turn | 300 sec total\n|\n|t:|1783564357\n|move|p1a: Breloom|Mach Punch|p2a: Noivern\n|-resisted|p2a: Noivern\n|-damage|p2a: Noivern|0 fnt\n|faint|p2a: Noivern\n|-damage|p1a: Breloom|137/235|[from] item: Life Orb\n|\n|upkeep\n|\n|t:|1783564358\n|switch|p2a: Cinderace|Cinderace, L77, F|100/100\n|turn|25\n|inactive|Time left: 300 sec this turn | 300 sec total\n|\n|t:|1783564359\n|move|p1a: Breloom|Mach Punch|p2a: Cinderace\n|-damage|p2a: Cinderace|50/100\n|-damage|p1a: Breloom|114/235|[from] item: Life Orb\n|move|p2a: Cinderace|Pyro Ball|p1a: Breloom\n|-supereffective|p1a: Breloom\n|-damage|p1a: Breloom|0 fnt\n|faint|p1a: Breloom\n|\n|upkeep\n|inactive|Time left: 300 sec this turn | 300 sec total | 5 sec grace\n|\n|t:|1783564360\n|switch|p1a: Latios|Latios, L78, M|61/253\n|turn|26\n|inactive|Time left: 300 sec this turn | 300 sec total\n|\n|t:|1783564361\n|move|p2a: Cinderace|U-turn|p1a: Latios\n|-start|p2a: Cinderace|typechange|Bug|[from] ability: Libero\n|-supereffective|p1a: Latios\n|-damage|p1a: Latios|0 fnt\n|faint|p1a: Latios\n|\n|win|p0y21010223", "uploadtime": 1783564361, "views": 0, "rating": 0, "private": 0, "password": null, "_winner": "p0y21010223", "_our_name": "p0x2101ef1c"}