{"id": "battle-gen9randombattle-1240", "formatid": "gen9randombattle", "format": "[Gen 9] Random Battle", "players": ["p0x1240161a", "p0y1240ffa9"], "log": "|init|battle\n|title|p0x1240161a vs. p0y1240ffa9\n|j|\u2606p0x1240161a\n|j|\u2606p0y1240ffa9\n|t:|1783554342\n|gametype|singles\n|player|p1|p0x1240161a|266|\n|player|p2|p0y1240ffa9|102|\n|gen|9\n|tier|[Gen 9] Random Battle\n|rule|Species Clause: Limit one of each Pok\u00e9mon\n|rule|HP Percentage Mod: HP is shown in percentages\n|rule|Sleep Clause Mod: Limit one foe put to sleep\n|rule|Illusion Level Mod: Illusion disguises the Pok\u00e9mon's true level\n|\n|t:|1783554342\n|teamsize|p1|6\n|teamsize|p2|6\n|start\n|switch|p1a: Iron Leaves|Iron Leaves, L80|100/100\n|switch|p2a: Pachirisu|Pachirisu, L96, M|271/271\n|turn|1\n|inactive|Battle timer is ON: inactive players will automatically lose when time's up. (requested by p0x1240161a)\n|inactive|Time left: 300 sec this turn | 300 sec total | 60 sec grace\n|inactive|p0y1240ffa9 also wants the timer to be on.\n|\n|t:|1783554344\n|move|p2a: Pachirisu|Super Fang|p1a: Iron Leaves\n|-damage|p1a: Iron Leaves|51/100\n|move|p1a: Iron Leaves|Psyblade|p2a: Pachirisu\n|-damage|p2a: Pachirisu|129/271\n|\n|upkeep\n|turn|2\n|inactive|Time left: 300 sec this turn | 300 sec total\n|\n|t:|1783554345\n|-end|p1a: Iron Leaves|Quark Drive|[silent]\n|switch|p1a: Coalossal|Coalossal, L89, F|100/100\n|move|p2a: Pachirisu|U-turn|p1a: Coalossal\n|-resisted|p1a: Coalossal\n|-damage|p1a: Coalossal|96/100\n|-status|p2a: Pachirisu|brn|[from] ability: Flame Body|[of] p1a: Coalossal\n|inactive|Time left: 300 sec this turn | 300 sec total | 5 sec grace\n|\n|t:|1783554347\n|switch|p2a: Hippowdon|Hippowdon, L82, F|311/311|[from] U-turn\n|-weather|Sandstorm|[from] ability: Sand Stream|[of] p2a: Hippowdon\n|\n|-weather|Sandstorm|[upkeep]\n|upkeep\n|turn|3\n|inactive|Time left: 300 sec this turn | 300 sec total\n|\n|t:|1783554348\n|move|p2a: Hippowdon|Earthquake|p1a: Coalossal\n|-supereffective|p1a: Coalossal\n|-damage|p1a: Coalossal|0 fnt\n|faint|p1a: Coalossal\n|\n|-weather|Sandstorm|[upkeep]\n|upkeep\n|\n|t:|1783554349\n|switch|p1a: Basculin|Basculin, L86, M|100/100\n|turn|4\n|inactive|Time left: 300 sec this turn | 300 sec total\n|\n|t:|1783554350\n|switch|p2a: Tropius|Tropius, L91, M|328/328\n|move|p1a: Basculin|Wave Crash|p2a: Tropius\n|-resisted|p2a: Tropius\n|-damage|p2a: Tropius|197/328\n|-damage|p1a: Basculin|84/100|[from] Recoil\n|\n|-weather|Sandstorm|[upkeep]\n|-damage|p1a: Basculin|78/100|[from] Sandstorm\n|-damage|p2a: Tropius|177/328|[from] Sandstorm\n|upkeep\n|turn|5\n|inactive|Time left: 300 sec this turn | 300 sec total\n|\n|t:|1783554351\n|move|p1a: Basculin|Wave Crash|p2a: Tropius\n|-resisted|p2a: Tropius\n|-damage|p2a: Tropius|55/328\n|-enditem|p2a: Tropius|Sitrus Berry|[eat]\n|-heal|p2a: Tropius|137/328|[from] item: Sitrus Berry\n|-damage|p1a: Basculin|63/100|[from] Recoil\n|move|p2a: Tropius|Leaf Blade|p1a: Basculin\n|-supereffective|p1a: Basculin\n|-damage|p1a: Basculin|0 fnt\n|faint|p1a: Basculin\n|\n|-weather|Sandstorm|[upkeep]\n|-damage|p2a: Tropius|117/328|[from] Sandstorm\n|-item|p2a: Tropius|Sitrus Berry|[from] ability: Harvest\n|upkeep\n|-enditem|p2a: Tropius|Sitrus Berry|[eat]\n|-heal|p2a: Tropius|199/328|[from] item: Sitrus Berry\n|\n|t:|1783554352\n|switch|p1a: Lilligant|Lilligant-Hisui, L79, F|100/100\n|turn|6\n|inactive|Time left: 300 sec this turn | 300 sec total\n|\n|t:|1783554353\n|move|p1a: Lilligant|Ice Spinner|p2a: Tropius\n|-supereffective|p2a: Tropius\n|-damage|p2a: Tropius|0 fnt\n|faint|p2a: Tropius\n|\n|-weather|none\n|upkeep\n|inactive|Time left: 300 sec this turn | 300 sec total | 5 sec grace\n|\n|t:|1783554354\n|switch|p2a: Cobalion|Cobalion, L80|277/277\n|turn|7\n|inactive|Time left: 300 sec this turn | 300 sec total\n|\n|t:|1783554355\n|move|p2a: Cobalion|Iron Defense|p2a: Cobalion\n|-boost|p2a: Cobalion|def|2\n|move|p1a: Lilligant|Victory Dance|p1a: Lilligant\n|-boost|p1a: Lilligant|atk|1\n|-boost|p1a: Lilligant|def|1\n|-boost|p1a: Lilligant|spe|1\n|\n|upkeep\n|turn|8\n|inactive|Time left: 300 sec this turn | 300 sec total\n|\n|t:|1783554356\n|move|p1a: Lilligant|Victory Dance|p1a: Lilligant\n|-boost|p1a: Lilligant|atk|1\n|-boost|p1a: Lilligant|def|1\n|-boost|p1a: Lilligant|spe|1\n|move|p2a: Cobalion|Body Press|p1a: Lilligant\n|-damage|p1a: Lilligant|52/100\n|\n|upkeep\n|turn|9\n|inactive|Time left: 300 sec this turn | 300 sec total\n|\n|t:|1783554357\n|-terastallize|p2a: Cobalion|Water\n|move|p1a: Lilligant|Leaf Blade|p2a: Cobalion\n|-supereffective|p2a: Cobalion\n|-damage|p2a: Cobalion|61/277\n|move|p2a: Cobalion|Body Press|p1a: Lilligant\n|-damage|p1a: Lilligant|0 fnt\n|faint|p1a: Lilligant\n|\n|-heal|p2a: Cobalion|78/277|[from] item: Leftovers\n|upkeep\n|\n|t:|1783554358\n|switch|p1a: Iron Leaves|Iron Leaves, L80|51/100\n|turn|10\n|inactive|Time left: 300 sec this turn | 300 sec total\n|\n|t:|1783554359\n|move|p2a: Cobalion|Iron Head|p1a: Iron Leaves\n|-damage|p1a: Iron Leaves|22/100\n|move|p1a: Iron Leaves|Leaf Blade|p2a: Cobalion\n|-supereffective|p2a: Cobalion\n|-damage|p2a: Cobalion|0 fnt\n|faint|p2a: Cobalion\n|\n|upkeep\n|inactive|Time left: 300 sec this turn | 300 sec total | 5 sec grace\n|\n|t:|1783554360\n|switch|p2a: Pachirisu|Pachirisu, L96, M|129/271 brn\n|turn|11\n|inactive|Time left: 300 sec this turn | 300 sec total\n|\n|t:|1783554361\n|move|p2a: Pachirisu|U-turn|p1a: Iron Leaves\n|-supereffective|p1a: Iron Leaves\n|-damage|p1a: Iron Leaves|0 fnt\n|faint|p1a: Iron Leaves\n|-end|p1a: Iron Leaves|Quark Drive|[silent]\n|inactive|Time left: 300 sec this turn | 300 sec total | 5 sec grace\n|\n|t:|1783554362\n|switch|p2a: Hippowdon|Hippowdon, L82, F|311/311|[from] U-turn\n|-weather|Sandstorm|[from] ability: Sand Stream|[of] p2a: Hippowdon\n|\n|-weather|Sandstorm|[upkeep]\n|upkeep\n|\n|t:|1783554363\n|switch|p1a: Terapagos|Terapagos, L77, F|100/100\n|-activate|p1a: Terapagos|ability: Tera Shift\n|detailschange|p1a: Terapagos|Terapagos-Terastal, L77, F\n|-heal|p1a: Terapagos|100/100|[silent]\n|turn|12\n|inactive|Time left: 300 sec this turn | 300 sec total\n|\n|t:|1783554364\n|move|p1a: Terapagos|Calm Mind|p1a: Terapagos\n|-boost|p1a: Terapagos|spa|1\n|-boost|p1a: Terapagos|spd|1\n|move|p2a: Hippowdon|Earthquake|p1a: Terapagos\n|-activate|p1a: Terapagos|ability: Tera Shell\n|-resisted|p1a: Terapagos\n|-damage|p1a: Terapagos|80/100\n|\n|-weather|Sandstorm|[upkeep]\n|-damage|p1a: Terapagos|74/100|[from] Sandstorm\n|upkeep\n|turn|13\n|inactive|Time left: 300 sec this turn | 300 sec total\n|\n|t:|1783554365\n|switch|p2a: Hitmonchan|Hitmonchan, L87, M|229/229\n|move|p1a: Terapagos|Tera Starstorm|p2a: Hitmonchan\n|-damage|p2a: Hitmonchan|100/229\n|\n|-weather|Sandstorm|[upkeep]\n|-damage|p2a: Hitmonchan|86/229|[from] Sandstorm\n|-damage|p1a: Terapagos|68/100|[from] Sandstorm\n|-heal|p2a: Hitmonchan|100/229|[from] item: Leftovers\n|upkeep\n|turn|14\n|inactive|Time left: 300 sec this turn | 300 sec total\n|\n|t:|1783554366\n|switch|p1a: Clodsire|Clodsire, L81, F|100/100\n|move|p2a: Hitmonchan|Drain Punch|p1a: Clodsire\n|-resisted|p1a: Clodsire\n|-damage|p1a: Clodsire|81/100\n|-heal|p2a: Hitmonchan|134/229|[from] drain|[of] p1a: Clodsire\n|\n|-weather|Sandstorm|[upkeep]\n|-damage|p2a: Hitmonchan|120/229|[from] Sandstorm\n|-heal|p2a: Hitmonchan|134/229|[from] item: Leftovers\n|-heal|p1a: Clodsire|87/100|[from] item: Leftovers\n|upkeep\n|turn|15\n|inactive|Time left: 300 sec this turn | 300 sec total\n|\n|t:|1783554367\n|move|p2a: Hitmonchan|Drain Punch|p1a: Clodsire\n|-resisted|p1a: Clodsire\n|-damage|p1a: Clodsire|67/100\n|-heal|p2a: Hitmonchan|169/229|[from] drain|[of] p1a: Clodsire\n|move|p1a: Clodsire|Toxic|p2a: Hitmonchan\n|-status|p2a: Hitmonchan|tox\n|\n|-weather|none\n|-heal|p2a: Hitmonchan|183/229 tox|[from] item: Leftovers\n|-heal|p1a: Clodsire|73/100|[from] item: Leftovers\n|-damage|p2a: Hitmonchan|169/229 tox|[from] psn\n|upkeep\n|turn|16\n|inactive|Time left: 300 sec this turn | 300 sec total\n|\n|t:|1783554369\n|move|p2a: Hitmonchan|Knock Off|p1a: Clodsire\n|-crit|p1a: Clodsire\n|-damage|p1a: Clodsire|28/100\n|-enditem|p1a: Clodsire|Leftovers|[from] move: Knock Off|[of] p2a: Hitmonchan\n|move|p1a: Clodsire|Recover|p1a: Clodsire\n|-heal|p1a: Clodsire|78/100\n|\n|-heal|p2a: Hitmonchan|183/229 tox|[from] item: Leftovers\n|-damage|p2a: Hitmonchan|155/229 tox|[from] psn\n|upkeep\n|turn|17\n|inactive|Time left: 300 sec this turn | 300 sec total\n|\n|t:|1783554370\n|switch|p2a: Hippowdon|Hippowdon, L82, F|311/311\n|-weather|Sandstorm|[from] ability: Sand Stream|[of] p2a: Hippowdon\n|move|p1a: Clodsire|Earthquake|p2a: Hippowdon\n|-damage|p2a: Hippowdon|248/311\n|\n|-weather|Sandstorm|[upkeep]\n|-heal|p2a: Hippowdon|267/311|[from] item: Leftovers\n|upkeep\n|turn|18\n|inactive|Time left: 300 sec this turn | 300 sec total\n|\n|t:|1783554371\n|switch|p1a: Terapagos|Terapagos-Terastal, L77, F|68/100\n|move|p2a: Hippowdon|Earthquake|p1a: Terapagos\n|-damage|p1a: Terapagos|27/100\n|\n|-weather|Sandstorm|[upkeep]\n|-damage|p1a: Terapagos|20/100|[from] Sandstorm\n|-heal|p2a: Hippowdon|286/311|[from] item: Leftovers\n|upkeep\n|turn|19\n|inactive|Time left: 300 sec this turn | 300 sec total\n|\n|t:|1783554372\n|move|p1a: Terapagos|Rest|p1a: Terapagos\n|-status|p1a: Terapagos|slp|[from] move: Rest\n|-heal|p1a: Terapagos|100/100 slp|[silent]\n|-enditem|p1a: Terapagos|Chesto Berry|[eat]\n|-curestatus|p1a: Terapagos|slp|[msg]\n|move|p2a: Hippowdon|Earthquake|p1a: Terapagos\n|-activate|p1a: Terapagos|ability: Tera Shell\n|-resisted|p1a: Terapagos\n|-damage|p1a: Terapagos|80/100\n|\n|-weather|Sandstorm|[upkeep]\n|-damage|p1a: Terapagos|74/100|[from] Sandstorm\n|-heal|p2a: Hippowdon|305/311|[from] item: Leftovers\n|upkeep\n|turn|20\n|inactive|Time left: 300 sec this turn | 300 sec total\n|\n|t:|1783554373\n|move|p1a: Terapagos|Calm Mind|p1a: Terapagos\n|-boost|p1a: Terapagos|spa|1\n|-boost|p1a: Terapagos|spd|1\n|move|p2a: Hippowdon|Earthquake|p1a: Terapagos\n|-damage|p1a: Terapagos|39/100\n|\n|-weather|Sandstorm|[upkeep]\n|-damage|p1a: Terapagos|33/100|[from] Sandstorm\n|-heal|p2a: Hippowdon|311/311|[from] item: Leftovers\n|upkeep\n|turn|21\n|inactive|Time left: 300 sec this turn | 300 sec total\n|\n|t:|1783554374\n|move|p1a: Terapagos|Rest|p1a: Terapagos\n|-status|p1a: Terapagos|slp|[from] move: Rest\n|-heal|p1a: Terapagos|100/100 slp|[silent]\n|move|p2a: Hippowdon|Earthquake|p1a: Terapagos\n|-activate|p1a: Terapagos|ability: Tera Shell\n|-resisted|p1a: Terapagos\n|-damage|p1a: Terapagos|80/100 slp\n|\n|-weather|none\n|upkeep\n|turn|22\n|inactive|Time left: 300 sec this turn | 300 sec total\n|\n|t:|1783554375\n|cant|p1a: Terapagos|slp\n|move|p2a: Hippowdon|Whirlwind|p1a: Terapagos\n|drag|p1a: Clodsire|Clodsire, L81, F|78/100\n|\n|upkeep\n|turn|23\n|inactive|Time left: 300 sec this turn | 300 sec total\n|\n|t:|1783554376\n|switch|p1a: Terapagos|Terapagos-Terastal, L77, F|80/100 slp\n|move|p2a: Hippowdon|Earthquake|p1a: Terapagos\n|-damage|p1a: Terapagos|44/100 slp\n|\n|upkeep\n|turn|24\n|inactive|Time left: 300 sec this turn | 300 sec total\n|\n|t:|1783554377\n|cant|p1a: Terapagos|slp\n|move|p2a: Hippowdon|Earthquake|p1a: Terapagos\n|-damage|p1a: Terapagos|3/100 slp\n|\n|upkeep\n|turn|25\n|inactive|Time left: 300 sec this turn | 300 sec total\n|\n|t:|1783554379\n|-curestatus|p1a: Terapagos|slp|[msg]\n|move|p1a: Terapagos|Rest|p1a: Terapagos\n|-status|p1a: Terapagos|slp|[from] move: Rest\n|-heal|p1a: Terapagos|100/100 slp|[silent]\n|move|p2a: Hippowdon|Earthquake|p1a: Terapagos\n|-activate|p1a: Terapagos|ability: Tera Shell\n|-resisted|p1a: Terapagos\n|-damage|p1a: Terapagos|80/100 slp\n|\n|upkeep\n|turn|26\n|inactive|Time left: 300 sec this turn | 300 sec total\n|\n|t:|1783554380\n|cant|p1a: Terapagos|slp\n|move|p2a: Hippowdon|Earthquake|p1a: Terapagos\n|-damage|p1a: Terapagos|40/100 slp\n|\n|upkeep\n|turn|27\n|inactive|Time left: 300 sec this turn | 300 sec total\n|\n|t:|1783554381\n|cant|p1a: Terapagos|slp\n|move|p2a: Hippowdon|Earthquake|p1a: Terapagos\n|-damage|p1a: Terapagos|5/100 slp\n|\n|upkeep\n|turn|28\n|inactive|Time left: 300 sec this turn | 300 sec total\n|\n|t:|1783554382\n|-curestatus|p1a: Terapagos|slp|[msg]\n|move|p1a: Terapagos|Rest|p1a: Terapagos\n|-status|p1a: Terapagos|slp|[from] move: Rest\n|-heal|p1a: Terapagos|100/100 slp|[silent]\n|move|p2a: Hippowdon|Earthquake|p1a: Terapagos\n|-activate|p1a: Terapagos|ability: Tera Shell\n|-resisted|p1a: Terapagos\n|-damage|p1a: Terapagos|81/100 slp\n|\n|upkeep\n|turn|29\n|inactive|Time left: 300 sec this turn | 300 sec total\n|\n|t:|1783554383\n|cant|p1a: Terapagos|slp\n|move|p2a: Hippowdon|Earthquake|p1a: Terapagos\n|-damage|p1a: Terapagos|43/100 slp\n|\n|upkeep\n|turn|30\n|inactive|Time left: 300 sec this turn | 300 sec total\n|\n|t:|1783554384\n|cant|p1a: Terapagos|slp\n|move|p2a: Hippowdon|Earthquake|p1a: Terapagos\n|-damage|p1a: Terapagos|4/100 slp\n|\n|upkeep\n|turn|31\n|inactive|Time left: 300 sec this turn | 300 sec total\n|\n|t:|1783554385\n|-curestatus|p1a: Terapagos|slp|[msg]\n|move|p1a: Terapagos|Rest|p1a: Terapagos\n|-status|p1a: Terapagos|slp|[from] move: Rest\n|-heal|p1a: Terapagos|100/100 slp|[silent]\n|move|p2a: Hippowdon|Earthquake|p1a: Terapagos\n|-activate|p1a: Terapagos|ability: Tera Shell\n|-resisted|p1a: Terapagos\n|-damage|p1a: Terapagos|83/100 slp\n|\n|upkeep\n|turn|32\n|inactive|Time left: 300 sec this turn | 300 sec total\n|\n|t:|1783554386\n|cant|p1a: Terapagos|slp\n|move|p2a: Hippowdon|Earthquake|p1a: Terapagos\n|-damage|p1a: Terapagos|47/100 slp\n|\n|upkeep\n|turn|33\n|inactive|Time left: 300 sec this turn | 300 sec total\n|\n|t:|1783554387\n|switch|p2a: Hitmonchan|Hitmonchan, L87, M|155/229 tox\n|cant|p1a: Terapagos|slp\n|\n|-heal|p2a: Hitmonchan|169/229 tox|[from] item: Leftovers\n|-damage|p2a: Hitmonchan|155/229 tox|[from] psn\n|upkeep\n|turn|34\n|inactive|Time left: 300 sec this turn | 300 sec total\n|\n|t:|1783554388\n|switch|p1a: Clodsire|Clodsire, L81, F|78/100\n|move|p2a: Hitmonchan|Drain Punch|p1a: Clodsire\n|-resisted|p1a: Clodsire\n|-damage|p1a: Clodsire|58/100\n|-heal|p2a: Hitmonchan|190/229 tox|[from] drain|[of] p1a: Clodsire\n|\n|-heal|p2a: Hitmonchan|204/229 tox|[from] item: Leftovers\n|-damage|p2a: Hitmonchan|176/229 tox|[from] psn\n|upkeep\n|turn|35\n|inactive|Time left: 300 sec this turn | 300 sec total\n|\n|t:|1783554389\n|move|p2a: Hitmonchan|Swords Dance|p2a: Hitmonchan\n|-boost|p2a: Hitmonchan|atk|2\n|move|p1a: Clodsire|Earthquake|p2a: Hitmonchan\n|-damage|p2a: Hitmonchan|89/229 tox\n|\n|-heal|p2a: Hitmonchan|103/229 tox|[from] item: Leftovers\n|-damage|p2a: Hitmonchan|61/229 tox|[from] psn\n|upkeep\n|turn|36\n|inactive|Time left: 300 sec this turn | 300 sec total\n|\n|t:|1783554390\n|move|p2a: Hitmonchan|Drain Punch|p1a: Clodsire\n|-resisted|p1a: Clodsire\n|-damage|p1a: Clodsire|15/100\n|-heal|p2a: Hitmonchan|135/229 tox|[from] drain|[of] p1a: Clodsire\n|move|p1a: Clodsire|Earthquake|p2a: Hitmonchan\n|-damage|p2a: Hitmonchan|47/229 tox\n|\n|-heal|p2a: Hitmonchan|61/229 tox|[from] item: Leftovers\n|-damage|p2a: Hitmonchan|5/229 tox|[from] psn\n|upkeep\n|turn|37\n|inactive|Time left: 300 sec this turn | 300 sec total\n|\n|t:|1783554391\n|move|p2a: Hitmonchan|Drain Punch|p1a: Clodsire\n|-resisted|p1a: Clodsire\n|-damage|p1a: Clodsire|0 fnt\n|-heal|p2a: Hitmonchan|30/229 tox|[from] drain|[of] p1a: Clodsire\n|faint|p1a: Clodsire\n|\n|-heal|p2a: Hitmonchan|44/229 tox|[from] item: Leftovers\n|-damage|p2a: Hitmonchan|0 fnt|[from] psn\n|faint|p2a: Hitmonchan\n|upkeep\n|inactive|Time left: 300 sec this turn | 300 sec total | 5 sec grace\n|\n|t:|1783554392\n|switch|p2a: Sceptile|Sceptile, L87, M|264/264\n|switch|p1a: Terapagos|Terapagos-Terastal, L77, F|47/100 slp\n|turn|38\n|inactive|Time left: 300 sec this turn | 300 sec total\n|\n|t:|1783554393\n|move|p2a: Sceptile|Focus Blast|p1a: Terapagos\n|-supereffective|p1a: Terapagos\n|-damage|p1a: Terapagos|0 fnt\n|faint|p1a: Terapagos\n|\n|win|p0y1240ffa9", "uploadtime": 1783554393, "views": 0, "rating": 0, "private": 0, "password": null, "_winner": "p0y1240ffa9", "_our_name": "p0y1240ffa9"}