{"id": "battle-gen9randombattle-212", "formatid": "gen9randombattle", "format": "[Gen 9] Random Battle", "players": ["p0x212124f", "p0y212a90d"], "log": "|init|battle\n|title|p0x212124f vs. p0y212a90d\n|j|\u2606p0x212124f\n|j|\u2606p0y212a90d\n|t:|1783542015\n|gametype|singles\n|player|p1|p0x212124f|101|\n|player|p2|p0y212a90d|169|\n|gen|9\n|tier|[Gen 9] Random Battle\n|rule|Species Clause: Limit one of each Pok\u00e9mon\n|rule|HP Percentage Mod: HP is shown in percentages\n|rule|Sleep Clause Mod: Limit one foe put to sleep\n|rule|Illusion Level Mod: Illusion disguises the Pok\u00e9mon's true level\n|\n|t:|1783542015\n|teamsize|p1|6\n|teamsize|p2|6\n|start\n|switch|p1a: Blissey|Blissey, L85, F|100/100\n|switch|p2a: Rabsca|Rabsca, L91, M|284/284\n|turn|1\n|inactive|Battle timer is ON: inactive players will automatically lose when time's up. (requested by p0y212a90d)\n|inactive|p0x212124f also wants the timer to be on.\n|\n|t:|1783542017\n|switch|p2a: Mamoswine|Mamoswine, L81, F|311/311\n|move|p1a: Blissey|Stealth Rock|p2a: Mamoswine\n|-sidestart|p2: p0y212a90d|move: Stealth Rock\n|\n|upkeep\n|turn|2\n|inactive|Time left: 300 sec this turn | 300 sec total\n|\n|t:|1783542018\n|switch|p1a: Uxie|Uxie, L83|100/100\n|move|p2a: Mamoswine|Earthquake|p1a: Uxie\n|-immune|p1a: Uxie|[from] ability: Levitate\n|\n|upkeep\n|turn|3\n|inactive|Time left: 300 sec this turn | 300 sec total\n|\n|t:|1783542019\n|move|p1a: Uxie|Psychic Noise|p2a: Mamoswine\n|-damage|p2a: Mamoswine|229/311\n|-start|p2a: Mamoswine|move: Heal Block\n|move|p2a: Mamoswine|Stealth Rock|p1a: Uxie\n|-sidestart|p1: p0x212124f|move: Stealth Rock\n|\n|upkeep\n|turn|4\n|inactive|Time left: 300 sec this turn | 300 sec total\n|\n|t:|1783542020\n|move|p1a: Uxie|Psychic Noise|p2a: Mamoswine\n|-damage|p2a: Mamoswine|135/311\n|move|p2a: Mamoswine|Icicle Crash|p1a: Uxie\n|-damage|p1a: Uxie|62/100\n|-damage|p2a: Mamoswine|104/311|[from] item: Life Orb\n|\n|-heal|p1a: Uxie|68/100|[from] item: Leftovers\n|-end|p2a: Mamoswine|move: Heal Block\n|upkeep\n|turn|5\n|inactive|Time left: 300 sec this turn | 300 sec total\n|\n|t:|1783542022\n|move|p1a: Uxie|Psychic Noise|p2a: Mamoswine\n|-damage|p2a: Mamoswine|10/311\n|-start|p2a: Mamoswine|move: Heal Block\n|move|p2a: Mamoswine|Icicle Crash|p1a: Uxie\n|-damage|p1a: Uxie|29/100\n|-damage|p2a: Mamoswine|0 fnt|[from] item: Life Orb\n|faint|p2a: Mamoswine\n|\n|-heal|p1a: Uxie|35/100|[from] item: Leftovers\n|upkeep\n|inactive|Time left: 300 sec this turn | 300 sec total | 5 sec grace\n|\n|t:|1783542023\n|switch|p2a: Eelektross|Eelektross, L87, M|290/290\n|-damage|p2a: Eelektross|254/290|[from] Stealth Rock\n|turn|6\n|inactive|Time left: 300 sec this turn | 300 sec total\n|\n|t:|1783542024\n|move|p1a: Uxie|U-turn|p2a: Eelektross\n|-damage|p2a: Eelektross|212/290\n|\n|t:|1783542026\n|switch|p1a: Whiscash|Whiscash, L88, M|100/100|[from] U-turn\n|-damage|p1a: Whiscash|94/100|[from] Stealth Rock\n|move|p2a: Eelektross|Knock Off|p1a: Whiscash\n|-damage|p1a: Whiscash|68/100\n|-enditem|p1a: Whiscash|Life Orb|[from] move: Knock Off|[of] p2a: Eelektross\n|\n|-heal|p2a: Eelektross|230/290|[from] item: Leftovers\n|upkeep\n|turn|7\n|inactive|Time left: 300 sec this turn | 300 sec total\n|\n|t:|1783542027\n|move|p1a: Whiscash|Dragon Dance|p1a: Whiscash\n|-boost|p1a: Whiscash|atk|1\n|-boost|p1a: Whiscash|spe|1\n|move|p2a: Eelektross|Coil|p2a: Eelektross\n|-boost|p2a: Eelektross|atk|1\n|-boost|p2a: Eelektross|def|1\n|-boost|p2a: Eelektross|accuracy|1\n|\n|-heal|p2a: Eelektross|248/290|[from] item: Leftovers\n|upkeep\n|turn|8\n|inactive|Time left: 300 sec this turn | 300 sec total\n|\n|t:|1783542028\n|move|p1a: Whiscash|Liquidation|p2a: Eelektross\n|-damage|p2a: Eelektross|167/290\n|-unboost|p2a: Eelektross|def|1\n|move|p2a: Eelektross|Drain Punch|p1a: Whiscash\n|-damage|p1a: Whiscash|37/100\n|-heal|p2a: Eelektross|220/290|[from] drain|[of] p1a: Whiscash\n|\n|-heal|p2a: Eelektross|238/290|[from] item: Leftovers\n|upkeep\n|turn|9\n|inactive|Time left: 300 sec this turn | 300 sec total\n|\n|t:|1783542030\n|move|p1a: Whiscash|Liquidation|p2a: Eelektross\n|-damage|p2a: Eelektross|109/290\n|-unboost|p2a: Eelektross|def|1\n|move|p2a: Eelektross|Coil|p2a: Eelektross\n|-boost|p2a: Eelektross|atk|1\n|-boost|p2a: Eelektross|def|1\n|-boost|p2a: Eelektross|accuracy|1\n|\n|-heal|p2a: Eelektross|127/290|[from] item: Leftovers\n|upkeep\n|turn|10\n|inactive|Time left: 300 sec this turn | 300 sec total\n|\n|t:|1783542031\n|move|p1a: Whiscash|Liquidation|p2a: Eelektross\n|-damage|p2a: Eelektross|0 fnt\n|faint|p2a: Eelektross\n|\n|upkeep\n|inactive|Time left: 300 sec this turn | 300 sec total | 5 sec grace\n|\n|t:|1783542032\n|switch|p2a: Rabsca|Rabsca, L91, M|284/284\n|turn|11\n|inactive|Time left: 300 sec this turn | 300 sec total\n|\n|t:|1783542033\n|move|p1a: Whiscash|Liquidation|p2a: Rabsca\n|-damage|p2a: Rabsca|164/284\n|move|p2a: Rabsca|Psychic|p1a: Whiscash\n|-damage|p1a: Whiscash|0 fnt\n|faint|p1a: Whiscash\n|\n|upkeep\n|\n|t:|1783542034\n|switch|p1a: Empoleon|Empoleon, L84, F|100/100\n|-damage|p1a: Empoleon|94/100|[from] Stealth Rock\n|turn|12\n|inactive|Time left: 300 sec this turn | 300 sec total\n|\n|t:|1783542035\n|move|p1a: Empoleon|Ice Beam|p2a: Rabsca\n|-damage|p2a: Rabsca|103/284\n|move|p2a: Rabsca|Recover|p2a: Rabsca\n|-heal|p2a: Rabsca|245/284\n|\n|-heal|p1a: Empoleon|100/100|[from] item: Leftovers\n|upkeep\n|turn|13\n|inactive|Time left: 300 sec this turn | 300 sec total\n|\n|t:|1783542036\n|move|p1a: Empoleon|Ice Beam|p2a: Rabsca\n|-damage|p2a: Rabsca|180/284\n|move|p2a: Rabsca|Recover|p2a: Rabsca\n|-heal|p2a: Rabsca|284/284\n|\n|upkeep\n|turn|14\n|inactive|Time left: 300 sec this turn | 300 sec total\n|\n|t:|1783542038\n|move|p1a: Empoleon|Ice Beam|p2a: Rabsca\n|-damage|p2a: Rabsca|227/284\n|move|p2a: Rabsca|Recover|p2a: Rabsca\n|-heal|p2a: Rabsca|284/284\n|\n|upkeep\n|turn|15\n|inactive|Time left: 300 sec this turn | 300 sec total\n|\n|t:|1783542039\n|switch|p2a: Golduck|Golduck, L90, M|290/290\n|-damage|p2a: Golduck|254/290|[from] Stealth Rock\n|-ability|p2a: Golduck|Cloud Nine\n|move|p1a: Empoleon|Surf|p2a: Golduck\n|-resisted|p2a: Golduck\n|-damage|p2a: Golduck|198/290\n|\n|upkeep\n|turn|16\n|inactive|Time left: 300 sec this turn | 300 sec total\n|\n|t:|1783542040\n|move|p2a: Golduck|Nasty Plot|p2a: Golduck\n|-boost|p2a: Golduck|spa|2\n|move|p1a: Empoleon|Surf|p2a: Golduck\n|-resisted|p2a: Golduck\n|-damage|p2a: Golduck|143/290\n|\n|upkeep\n|turn|17\n|inactive|Time left: 300 sec this turn | 300 sec total\n|\n|t:|1783542041\n|move|p2a: Golduck|Hydro Pump|p1a: Empoleon|[miss]\n|-miss|p2a: Golduck|p1a: Empoleon\n|move|p1a: Empoleon|Surf|p2a: Golduck\n|-resisted|p2a: Golduck\n|-damage|p2a: Golduck|86/290\n|\n|upkeep\n|turn|18\n|inactive|Time left: 300 sec this turn | 300 sec total\n|\n|t:|1783542042\n|move|p2a: Golduck|Hydro Pump|p1a: Empoleon\n|-resisted|p1a: Empoleon\n|-damage|p1a: Empoleon|46/100\n|-damage|p2a: Golduck|57/290|[from] item: Life Orb\n|move|p1a: Empoleon|Surf|p2a: Golduck\n|-resisted|p2a: Golduck\n|-damage|p2a: Golduck|6/290\n|\n|-heal|p1a: Empoleon|52/100|[from] item: Leftovers\n|upkeep\n|turn|19\n|inactive|Time left: 300 sec this turn | 300 sec total\n|\n|t:|1783542043\n|switch|p1a: Blissey|Blissey, L85, F|100/100\n|-damage|p1a: Blissey|88/100|[from] Stealth Rock\n|move|p2a: Golduck|Hydro Pump|p1a: Blissey\n|-damage|p1a: Blissey|44/100\n|-damage|p2a: Golduck|0 fnt|[from] item: Life Orb\n|faint|p2a: Golduck\n|\n|-heal|p1a: Blissey|50/100|[from] item: Leftovers\n|upkeep\n|inactive|Time left: 300 sec this turn | 300 sec total | 5 sec grace\n|\n|t:|1783542044\n|switch|p2a: Ursaring|Ursaring, L84, F|288/288\n|-damage|p2a: Ursaring|252/288|[from] Stealth Rock\n|turn|20\n|inactive|Time left: 300 sec this turn | 300 sec total\n|\n|t:|1783542045\n|switch|p1a: Empoleon|Empoleon, L84, F|52/100\n|-damage|p1a: Empoleon|46/100|[from] Stealth Rock\n|move|p2a: Ursaring|Swords Dance|p2a: Ursaring\n|-boost|p2a: Ursaring|atk|2\n|\n|-heal|p1a: Empoleon|52/100|[from] item: Leftovers\n|-status|p2a: Ursaring|tox|[from] item: Toxic Orb\n|upkeep\n|turn|21\n|inactive|Time left: 300 sec this turn | 300 sec total\n|\n|t:|1783542046\n|move|p2a: Ursaring|Facade|p1a: Empoleon\n|-resisted|p1a: Empoleon\n|-damage|p1a: Empoleon|0 fnt\n|faint|p1a: Empoleon\n|\n|-damage|p2a: Ursaring|234/288 tox|[from] psn\n|upkeep\n|\n|t:|1783542047\n|switch|p1a: Klefki|Klefki, L84, F|100/100\n|-damage|p1a: Klefki|94/100|[from] Stealth Rock\n|turn|22\n|inactive|Time left: 300 sec this turn | 300 sec total\n|\n|t:|1783542048\n|-terastallize|p2a: Ursaring|Normal\n|move|p2a: Ursaring|Facade|p1a: Klefki\n|-resisted|p1a: Klefki\n|-damage|p1a: Klefki|0 fnt\n|faint|p1a: Klefki\n|\n|-damage|p2a: Ursaring|198/288 tox|[from] psn\n|upkeep\n|\n|t:|1783542049\n|switch|p1a: Uxie|Uxie, L83|35/100\n|-damage|p1a: Uxie|23/100|[from] Stealth Rock\n|turn|23\n|inactive|Time left: 300 sec this turn | 300 sec total\n|\n|t:|1783542050\n|move|p2a: Ursaring|Crunch|p1a: Uxie\n|-supereffective|p1a: Uxie\n|-damage|p1a: Uxie|0 fnt\n|faint|p1a: Uxie\n|\n|-damage|p2a: Ursaring|144/288 tox|[from] psn\n|upkeep\n|\n|t:|1783542051\n|switch|p1a: Lokix|Lokix, L82, M|100/100\n|-damage|p1a: Lokix|76/100|[from] Stealth Rock\n|turn|24\n|inactive|Time left: 300 sec this turn | 300 sec total\n|\n|t:|1783542052\n|-terastallize|p1a: Lokix|Bug\n|move|p1a: Lokix|First Impression|p2a: Ursaring\n|-damage|p2a: Ursaring|0 fnt\n|faint|p2a: Ursaring\n|\n|upkeep\n|inactive|Time left: 300 sec this turn | 300 sec total | 5 sec grace\n|\n|t:|1783542053\n|switch|p2a: Bastiodon|Bastiodon, L89, M|252/252\n|-damage|p2a: Bastiodon|237/252|[from] Stealth Rock\n|turn|25\n|inactive|Time left: 300 sec this turn | 300 sec total\n|\n|t:|1783542054\n|move|p1a: Lokix|Knock Off|p2a: Bastiodon\n|-damage|p2a: Bastiodon|182/252\n|-enditem|p2a: Bastiodon|Chesto Berry|[from] move: Knock Off|[of] p1a: Lokix\n|move|p2a: Bastiodon|Iron Defense|p2a: Bastiodon\n|-boost|p2a: Bastiodon|def|2\n|\n|upkeep\n|turn|26\n|inactive|Time left: 300 sec this turn | 300 sec total\n|\n|t:|1783542055\n|move|p1a: Lokix|First Impression||[still]\n|-hint|First Impression only works on your first turn out.\n|-fail|p1a: Lokix\n|move|p2a: Bastiodon|Body Press|p1a: Lokix\n|-resisted|p1a: Lokix\n|-damage|p1a: Lokix|30/100\n|\n|upkeep\n|turn|27\n|inactive|Time left: 300 sec this turn | 300 sec total\n|\n|t:|1783542056\n|move|p1a: Lokix|Knock Off|p2a: Bastiodon\n|-damage|p2a: Bastiodon|163/252\n|move|p2a: Bastiodon|Body Press|p1a: Lokix\n|-resisted|p1a: Lokix\n|-damage|p1a: Lokix|0 fnt\n|faint|p1a: Lokix\n|\n|upkeep\n|\n|t:|1783542057\n|switch|p1a: Blissey|Blissey, L85, F|50/100\n|-damage|p1a: Blissey|38/100|[from] Stealth Rock\n|turn|28\n|inactive|Time left: 300 sec this turn | 300 sec total\n|\n|t:|1783542057\n|move|p1a: Blissey|Thunder Wave|p2a: Bastiodon\n|-status|p2a: Bastiodon|par\n|move|p2a: Bastiodon|Body Press|p1a: Blissey\n|-supereffective|p1a: Blissey\n|-damage|p1a: Blissey|0 fnt\n|faint|p1a: Blissey\n|\n|win|p0y212a90d", "uploadtime": 1783542057, "views": 0, "rating": 0, "private": 0, "password": null, "_winner": "p0y212a90d", "_our_name": "p0y212a90d"}