{"id": "battle-gen9randombattle-60", "formatid": "gen9randombattle", "format": "[Gen 9] Random Battle", "players": ["p0x0604f55", "p0y060d30d"], "log": "|init|battle\n|title|p0x0604f55 vs. p0y060d30d\n|j|\u2606p0x0604f55\n|j|\u2606p0y060d30d\n|t:|1783533935\n|gametype|singles\n|player|p1|p0x0604f55|101|\n|player|p2|p0y060d30d|170|\n|gen|9\n|tier|[Gen 9] Random Battle\n|rule|Species Clause: Limit one of each Pok\u00e9mon\n|rule|HP Percentage Mod: HP is shown in percentages\n|rule|Sleep Clause Mod: Limit one foe put to sleep\n|rule|Illusion Level Mod: Illusion disguises the Pok\u00e9mon's true level\n|\n|t:|1783533935\n|teamsize|p1|6\n|teamsize|p2|6\n|start\n|switch|p1a: Veluza|Veluza, L85, F|100/100\n|switch|p2a: Garganacl|Garganacl, L80, M|291/291\n|turn|1\n|inactive|Battle timer is ON: inactive players will automatically lose when time's up. (requested by p0y060d30d)\n|inactive|p0x0604f55 also wants the timer to be on.\n|\n|t:|1783533936\n|move|p1a: Veluza|Aqua Cutter|p2a: Garganacl\n|-supereffective|p2a: Garganacl\n|-damage|p2a: Garganacl|1/291\n|move|p2a: Garganacl|Salt Cure|p1a: Veluza\n|-damage|p1a: Veluza|85/100\n|-start|p1a: Veluza|Salt Cure\n|\n|-heal|p2a: Garganacl|19/291|[from] item: Leftovers\n|-damage|p1a: Veluza|60/100|[from] Salt Cure\n|upkeep\n|turn|2\n|inactive|Time left: 300 sec this turn | 300 sec total\n|\n|t:|1783533938\n|move|p1a: Veluza|Aqua Cutter|p2a: Garganacl\n|-supereffective|p2a: Garganacl\n|-crit|p2a: Garganacl\n|-damage|p2a: Garganacl|0 fnt\n|faint|p2a: Garganacl\n|\n|-damage|p1a: Veluza|35/100|[from] Salt Cure\n|upkeep\n|inactive|Time left: 300 sec this turn | 300 sec total | 5 sec grace\n|\n|t:|1783533939\n|switch|p2a: Spidops|Spidops, L96, M|271/271\n|turn|3\n|inactive|Time left: 300 sec this turn | 300 sec total\n|\n|t:|1783533939\n|move|p1a: Veluza|Aqua Cutter|p2a: Spidops\n|-damage|p2a: Spidops|111/271\n|move|p2a: Spidops|Sticky Web|p1a: Veluza\n|-sidestart|p1: p0x0604f55|move: Sticky Web\n|\n|-damage|p1a: Veluza|10/100|[from] Salt Cure\n|upkeep\n|turn|4\n|inactive|Time left: 300 sec this turn | 300 sec total\n|\n|t:|1783533940\n|switch|p2a: Greedent|Greedent, L86, M|347/347\n|move|p1a: Veluza|Aqua Cutter|p2a: Greedent\n|-damage|p2a: Greedent|173/347\n|-enditem|p2a: Greedent|Sitrus Berry|[eat]\n|-heal|p2a: Greedent|259/347|[from] item: Sitrus Berry\n|-heal|p2a: Greedent|347/347|[from] ability: Cheek Pouch\n|\n|-damage|p1a: Veluza|0 fnt|[from] Salt Cure\n|faint|p1a: Veluza\n|upkeep\n|\n|t:|1783533941\n|switch|p1a: Kricketune|Kricketune, L99, F|100/100\n|turn|5\n|inactive|Time left: 300 sec this turn | 300 sec total\n|\n|t:|1783533942\n|move|p1a: Kricketune|Sticky Web|p2a: Greedent\n|-sidestart|p2: p0y060d30d|move: Sticky Web\n|move|p2a: Greedent|Swords Dance|p2a: Greedent\n|-boost|p2a: Greedent|atk|2\n|\n|upkeep\n|turn|6\n|inactive|Time left: 300 sec this turn | 300 sec total\n|\n|t:|1783533943\n|switch|p1a: Poliwrath|Poliwrath, L88, F|100/100\n|-activate|p1a: Poliwrath|move: Sticky Web\n|-unboost|p1a: Poliwrath|spe|1\n|move|p2a: Greedent|Knock Off|p1a: Poliwrath\n|-resisted|p1a: Poliwrath\n|-crit|p1a: Poliwrath\n|-damage|p1a: Poliwrath|71/100\n|-enditem|p1a: Poliwrath|Leftovers|[from] move: Knock Off|[of] p2a: Greedent\n|\n|upkeep\n|turn|7\n|inactive|Time left: 300 sec this turn | 300 sec total\n|\n|t:|1783533944\n|move|p1a: Poliwrath|Drain Punch|p2a: Greedent\n|-supereffective|p2a: Greedent\n|-damage|p2a: Greedent|183/347\n|-heal|p1a: Poliwrath|98/100|[from] drain|[of] p2a: Greedent\n|move|p2a: Greedent|Double-Edge|p1a: Poliwrath\n|-damage|p1a: Poliwrath|21/100\n|-damage|p2a: Greedent|106/347|[from] Recoil\n|\n|upkeep\n|turn|8\n|inactive|Time left: 300 sec this turn | 300 sec total\n|\n|t:|1783533945\n|move|p1a: Poliwrath|Drain Punch|p2a: Greedent\n|-supereffective|p2a: Greedent\n|-damage|p2a: Greedent|0 fnt\n|-heal|p1a: Poliwrath|39/100|[from] drain|[of] p2a: Greedent\n|faint|p2a: Greedent\n|\n|upkeep\n|inactive|Time left: 300 sec this turn | 300 sec total | 5 sec grace\n|\n|t:|1783533946\n|switch|p2a: Staraptor|Staraptor, L79, M|263/263\n|turn|9\n|inactive|Time left: 300 sec this turn | 300 sec total\n|\n|t:|1783533947\n|move|p2a: Staraptor|Brave Bird|p1a: Poliwrath\n|-supereffective|p1a: Poliwrath\n|-damage|p1a: Poliwrath|0 fnt\n|faint|p1a: Poliwrath\n|-damage|p2a: Staraptor|225/263|[from] Recoil\n|\n|upkeep\n|\n|t:|1783533949\n|switch|p1a: Pincurchin|Pincurchin, M|100/100\n|-activate|p1a: Pincurchin|move: Sticky Web\n|-unboost|p1a: Pincurchin|spe|1\n|-fieldstart|move: Electric Terrain|[from] ability: Electric Surge|[of] p1a: Pincurchin\n|turn|10\n|inactive|Time left: 300 sec this turn | 300 sec total\n|\n|t:|1783533950\n|switch|p2a: Palossand|Palossand, L89, F|296/296\n|-activate|p2a: Palossand|move: Sticky Web\n|-unboost|p2a: Palossand|spe|1\n|move|p1a: Pincurchin|Zing Zap|p2a: Palossand\n|-immune|p2a: Palossand\n|\n|upkeep\n|turn|11\n|inactive|Time left: 300 sec this turn | 300 sec total\n|\n|t:|1783533951\n|switch|p1a: Beartic|Beartic, L91, M|100/100\n|move|p2a: Palossand|Earth Power|p1a: Beartic\n|-damage|p1a: Beartic|69/100\n|\n|upkeep\n|turn|12\n|inactive|Time left: 300 sec this turn | 300 sec total\n|\n|t:|1783533952\n|switch|p2a: Bronzong|Bronzong, L88|261/261\n|move|p1a: Beartic|Icicle Crash|p2a: Bronzong\n|-resisted|p2a: Bronzong\n|-damage|p2a: Bronzong|210/261\n|\n|-heal|p2a: Bronzong|226/261|[from] item: Leftovers\n|upkeep\n|turn|13\n|inactive|Time left: 300 sec this turn | 300 sec total\n|\n|t:|1783533953\n|move|p1a: Beartic|Swords Dance|p1a: Beartic\n|-boost|p1a: Beartic|atk|2\n|move|p2a: Bronzong|Iron Head|p1a: Beartic\n|-supereffective|p1a: Beartic\n|-damage|p1a: Beartic|12/100\n|\n|-heal|p2a: Bronzong|242/261|[from] item: Leftovers\n|upkeep\n|turn|14\n|inactive|Time left: 300 sec this turn | 300 sec total\n|\n|t:|1783533954\n|-terastallize|p1a: Beartic|Fighting\n|move|p1a: Beartic|Close Combat|p2a: Bronzong\n|-damage|p2a: Bronzong|0 fnt\n|-unboost|p1a: Beartic|def|1\n|-unboost|p1a: Beartic|spd|1\n|faint|p2a: Bronzong\n|\n|-fieldend|move: Electric Terrain\n|upkeep\n|inactive|Time left: 300 sec this turn | 300 sec total | 5 sec grace\n|\n|t:|1783533955\n|switch|p2a: Staraptor|Staraptor, L79, M|225/263\n|turn|15\n|inactive|Time left: 300 sec this turn | 300 sec total\n|\n|t:|1783533956\n|move|p1a: Beartic|Aqua Jet|p2a: Staraptor\n|-damage|p2a: Staraptor|121/263\n|move|p2a: Staraptor|Double-Edge|p1a: Beartic\n|-damage|p1a: Beartic|0 fnt\n|faint|p1a: Beartic\n|-damage|p2a: Staraptor|109/263|[from] Recoil\n|\n|upkeep\n|\n|t:|1783533957\n|switch|p1a: Meowstic|Meowstic, L89, M|100/100\n|-activate|p1a: Meowstic|move: Sticky Web\n|-unboost|p1a: Meowstic|spe|1\n|turn|16\n|inactive|Time left: 300 sec this turn | 300 sec total\n|\n|t:|1783533958\n|move|p2a: Staraptor|Double-Edge|p1a: Meowstic\n|-damage|p1a: Meowstic|3/100\n|-damage|p2a: Staraptor|20/263|[from] Recoil\n|move|p1a: Meowstic|Psychic Noise|p2a: Staraptor\n|-damage|p2a: Staraptor|0 fnt\n|faint|p2a: Staraptor\n|\n|upkeep\n|inactive|Time left: 300 sec this turn | 300 sec total | 5 sec grace\n|\n|t:|1783533958\n|switch|p2a: Palossand|Palossand, L89, F|296/296\n|-activate|p2a: Palossand|move: Sticky Web\n|-unboost|p2a: Palossand|spe|1\n|turn|17\n|inactive|Time left: 300 sec this turn | 300 sec total\n|\n|t:|1783533959\n|move|p1a: Meowstic|Light Screen|p1a: Meowstic\n|-sidestart|p1: p0x0604f55|move: Light Screen\n|move|p2a: Palossand|Earth Power|p1a: Meowstic\n|-damage|p1a: Meowstic|0 fnt\n|faint|p1a: Meowstic\n|\n|upkeep\n|\n|t:|1783533961\n|switch|p1a: Kricketune|Kricketune, L99, F|100/100\n|turn|18\n|inactive|Time left: 300 sec this turn | 300 sec total\n|\n|t:|1783533962\n|move|p1a: Kricketune|Knock Off|p2a: Palossand\n|-supereffective|p2a: Palossand\n|-damage|p2a: Palossand|150/296\n|-enditem|p2a: Palossand|Leftovers|[from] move: Knock Off|[of] p1a: Kricketune\n|move|p2a: Palossand|Sludge Bomb|p1a: Kricketune\n|-crit|p1a: Kricketune\n|-damage|p1a: Kricketune|57/100\n|\n|upkeep\n|turn|19\n|inactive|Time left: 300 sec this turn | 300 sec total\n|\n|t:|1783533963\n|move|p1a: Kricketune|Pounce|p2a: Palossand\n|-resisted|p2a: Palossand\n|-damage|p2a: Palossand|108/296\n|-unboost|p2a: Palossand|spe|1\n|move|p2a: Palossand|Shore Up|p2a: Palossand\n|-heal|p2a: Palossand|256/296\n|\n|upkeep\n|turn|20\n|inactive|Time left: 300 sec this turn | 300 sec total\n|\n|t:|1783533964\n|move|p1a: Kricketune|Pounce|p2a: Palossand\n|-resisted|p2a: Palossand\n|-damage|p2a: Palossand|214/296\n|-unboost|p2a: Palossand|spe|1\n|move|p2a: Palossand|Sludge Bomb|p1a: Kricketune\n|-damage|p1a: Kricketune|43/100\n|-status|p1a: Kricketune|psn\n|\n|-damage|p1a: Kricketune|30/100 psn|[from] psn\n|upkeep\n|turn|21\n|inactive|Time left: 300 sec this turn | 300 sec total\n|\n|t:|1783533965\n|move|p1a: Kricketune|Knock Off|p2a: Palossand\n|-supereffective|p2a: Palossand\n|-damage|p2a: Palossand|120/296\n|move|p2a: Palossand|Shadow Ball|p1a: Kricketune\n|-damage|p1a: Kricketune|11/100 psn\n|-unboost|p1a: Kricketune|spd|1\n|\n|-damage|p1a: Kricketune|0 fnt|[from] psn\n|faint|p1a: Kricketune\n|upkeep\n|\n|t:|1783533966\n|switch|p1a: Pincurchin|Pincurchin, M|100/100\n|-activate|p1a: Pincurchin|move: Sticky Web\n|-unboost|p1a: Pincurchin|spe|1\n|-fieldstart|move: Electric Terrain|[from] ability: Electric Surge|[of] p1a: Pincurchin\n|turn|22\n|inactive|Time left: 300 sec this turn | 300 sec total\n|\n|t:|1783533967\n|-terastallize|p2a: Palossand|Poison\n|move|p1a: Pincurchin|Liquidation|p2a: Palossand\n|-crit|p2a: Palossand\n|-damage|p2a: Palossand|19/296\n|-ability|p2a: Palossand|Water Compaction|boost\n|-boost|p2a: Palossand|def|2\n|move|p2a: Palossand|Shore Up|p2a: Palossand\n|-heal|p2a: Palossand|167/296\n|\n|upkeep\n|turn|23\n|inactive|Time left: 300 sec this turn | 300 sec total\n|\n|t:|1783533968\n|move|p1a: Pincurchin|Zing Zap|p2a: Palossand\n|-damage|p2a: Palossand|107/296\n|move|p2a: Palossand|Shore Up|p2a: Palossand\n|-heal|p2a: Palossand|255/296\n|\n|upkeep\n|turn|24\n|inactive|Time left: 300 sec this turn | 300 sec total\n|\n|t:|1783533969\n|move|p1a: Pincurchin|Zing Zap|p2a: Palossand\n|-damage|p2a: Palossand|186/296\n|move|p2a: Palossand|Earth Power|p1a: Pincurchin\n|-supereffective|p1a: Pincurchin\n|-damage|p1a: Pincurchin|67/100\n|\n|-heal|p1a: Pincurchin|73/100|[from] item: Leftovers\n|-sideend|p1: p0x0604f55|move: Light Screen\n|upkeep\n|turn|25\n|inactive|Time left: 300 sec this turn | 300 sec total\n|\n|t:|1783533970\n|move|p1a: Pincurchin|Zing Zap|p2a: Palossand\n|-damage|p2a: Palossand|123/296\n|cant|p2a: Palossand|flinch\n|\n|-heal|p1a: Pincurchin|79/100|[from] item: Leftovers\n|upkeep\n|turn|26\n|inactive|Time left: 300 sec this turn | 300 sec total\n|\n|t:|1783533971\n|move|p1a: Pincurchin|Zing Zap|p2a: Palossand\n|-damage|p2a: Palossand|53/296\n|move|p2a: Palossand|Earth Power|p1a: Pincurchin\n|-supereffective|p1a: Pincurchin\n|-damage|p1a: Pincurchin|7/100\n|\n|-heal|p1a: Pincurchin|13/100|[from] item: Leftovers\n|-fieldend|move: Electric Terrain\n|upkeep\n|turn|27\n|inactive|Time left: 300 sec this turn | 300 sec total\n|\n|t:|1783533971\n|move|p1a: Pincurchin|Zing Zap|p2a: Palossand\n|-damage|p2a: Palossand|0 fnt\n|faint|p2a: Palossand\n|\n|-heal|p1a: Pincurchin|19/100|[from] item: Leftovers\n|upkeep\n|inactive|Time left: 300 sec this turn | 300 sec total | 5 sec grace\n|\n|t:|1783533973\n|switch|p2a: Spidops|Spidops, L96, M|111/271\n|turn|28\n|inactive|Time left: 300 sec this turn | 300 sec total\n|\n|t:|1783533973\n|move|p2a: Spidops|Knock Off|p1a: Pincurchin\n|-damage|p1a: Pincurchin|0 fnt\n|-enditem|p1a: Pincurchin|Leftovers|[from] move: Knock Off|[of] p2a: Spidops\n|faint|p1a: Pincurchin\n|\n|win|p0y060d30d", "uploadtime": 1783533973, "views": 0, "rating": 0, "private": 0, "password": null, "_winner": "p0y060d30d", "_our_name": "p0y060d30d"}