{"id": "battle-gen9randombattle-2548", "formatid": "gen9randombattle", "format": "[Gen 9] Random Battle", "players": ["p0x2548855d", "p0y2548bbc0"], "log": "|init|battle\n|title|p0x2548855d vs. p0y2548bbc0\n|j|\u2606p0x2548855d\n|j|\u2606p0y2548bbc0\n|t:|1783568519\n|gametype|singles\n|player|p1|p0x2548855d|2|\n|player|p2|p0y2548bbc0|1|\n|gen|9\n|tier|[Gen 9] Random Battle\n|rule|Species Clause: Limit one of each Pok\u00e9mon\n|rule|HP Percentage Mod: HP is shown in percentages\n|rule|Sleep Clause Mod: Limit one foe put to sleep\n|rule|Illusion Level Mod: Illusion disguises the Pok\u00e9mon's true level\n|\n|t:|1783568519\n|teamsize|p1|6\n|teamsize|p2|6\n|start\n|switch|p1a: Sudowoodo|Sudowoodo, L94, F|284/284\n|switch|p2a: Infernape|Infernape, L82, M|100/100\n|turn|1\n|inactive|Battle timer is ON: inactive players will automatically lose when time's up. (requested by p0y2548bbc0)\n|inactive|Time left: 300 sec this turn | 300 sec total | 60 sec grace\n|inactive|p0x2548855d also wants the timer to be on.\n|\n|t:|1783568520\n|move|p2a: Infernape|Close Combat|p1a: Sudowoodo\n|-supereffective|p1a: Sudowoodo\n|-damage|p1a: Sudowoodo|27/284\n|-unboost|p2a: Infernape|def|1\n|-unboost|p2a: Infernape|spd|1\n|-damage|p2a: Infernape|91/100|[from] item: Life Orb\n|move|p1a: Sudowoodo|Head Smash|p2a: Infernape\n|-damage|p2a: Infernape|0 fnt\n|faint|p2a: Infernape\n|\n|upkeep\n|\n|t:|1783568522\n|switch|p2a: Ariados|Ariados, L95, M|100/100\n|turn|2\n|inactive|Time left: 300 sec this turn | 300 sec total\n|\n|t:|1783568523\n|move|p2a: Ariados|Sticky Web|p1a: Sudowoodo\n|-sidestart|p1: p0x2548855d|move: Sticky Web\n|move|p1a: Sudowoodo|Head Smash|p2a: Ariados\n|-supereffective|p2a: Ariados\n|-damage|p2a: Ariados|0 fnt\n|faint|p2a: Ariados\n|\n|upkeep\n|\n|t:|1783568524\n|switch|p2a: Honchkrow|Honchkrow, L86, F|100/100\n|turn|3\n|inactive|Time left: 300 sec this turn | 300 sec total\n|\n|t:|1783568525\n|move|p2a: Honchkrow|Brave Bird|p1a: Sudowoodo\n|-resisted|p1a: Sudowoodo\n|-damage|p1a: Sudowoodo|0 fnt\n|faint|p1a: Sudowoodo\n|-ability|p2a: Honchkrow|Moxie|boost\n|-boost|p2a: Honchkrow|atk|1\n|-damage|p2a: Honchkrow|98/100|[from] Recoil\n|\n|upkeep\n|inactive|Time left: 300 sec this turn | 300 sec total | 5 sec grace\n|\n|t:|1783568526\n|switch|p1a: Mamoswine|Mamoswine, L81, F|311/311\n|-activate|p1a: Mamoswine|move: Sticky Web\n|-unboost|p1a: Mamoswine|spe|1\n|turn|4\n|inactive|Time left: 300 sec this turn | 300 sec total\n|\n|t:|1783568527\n|move|p1a: Mamoswine|Ice Shard|p2a: Honchkrow\n|-supereffective|p2a: Honchkrow\n|-damage|p2a: Honchkrow|34/100\n|move|p2a: Honchkrow|Brave Bird|p1a: Mamoswine\n|-crit|p1a: Mamoswine\n|-damage|p1a: Mamoswine|0 fnt\n|faint|p1a: Mamoswine\n|-ability|p2a: Honchkrow|Moxie|boost\n|-boost|p2a: Honchkrow|atk|1\n|-damage|p2a: Honchkrow|0 fnt|[from] Recoil\n|faint|p2a: Honchkrow\n|\n|upkeep\n|inactive|Time left: 300 sec this turn | 300 sec total | 5 sec grace\n|\n|t:|1783568528\n|switch|p1a: Bombirdier|Bombirdier, L85, M|258/258\n|switch|p2a: Mimikyu|Mimikyu, L79, M|100/100\n|turn|5\n|inactive|Time left: 300 sec this turn | 300 sec total\n|\n|t:|1783568529\n|move|p2a: Mimikyu|Play Rough|p1a: Bombirdier\n|-supereffective|p1a: Bombirdier\n|-damage|p1a: Bombirdier|53/258\n|-damage|p2a: Mimikyu|91/100|[from] item: Life Orb\n|move|p1a: Bombirdier|Knock Off|p2a: Mimikyu\n|-activate|p2a: Mimikyu|ability: Disguise\n|-damage|p2a: Mimikyu|91/100\n|-enditem|p2a: Mimikyu|Life Orb|[from] move: Knock Off|[of] p1a: Bombirdier\n|detailschange|p2a: Mimikyu|Mimikyu-Busted, L79, M\n|-damage|p2a: Mimikyu|78/100|[from] pokemon: Mimikyu-Busted\n|\n|upkeep\n|turn|6\n|inactive|Time left: 300 sec this turn | 300 sec total\n|\n|t:|1783568530\n|switch|p1a: Palossand|Palossand, L89, F|296/296\n|-activate|p1a: Palossand|move: Sticky Web\n|-unboost|p1a: Palossand|spe|1\n|move|p2a: Mimikyu|Play Rough|p1a: Palossand\n|-damage|p1a: Palossand|232/296\n|\n|-heal|p1a: Palossand|250/296|[from] item: Leftovers\n|upkeep\n|turn|7\n|inactive|Time left: 300 sec this turn | 300 sec total\n|\n|t:|1783568532\n|switch|p2a: Greedent|Greedent, L86, M|100/100\n|move|p1a: Palossand|Shadow Ball|p2a: Greedent\n|-immune|p2a: Greedent\n|\n|-heal|p1a: Palossand|268/296|[from] item: Leftovers\n|upkeep\n|turn|8\n|inactive|Time left: 300 sec this turn | 300 sec total\n|\n|t:|1783568533\n|move|p2a: Greedent|Swords Dance|p2a: Greedent\n|-boost|p2a: Greedent|atk|2\n|move|p1a: Palossand|Sludge Bomb|p2a: Greedent\n|-damage|p2a: Greedent|78/100\n|-status|p2a: Greedent|psn\n|\n|-heal|p1a: Palossand|286/296|[from] item: Leftovers\n|-damage|p2a: Greedent|66/100 psn|[from] psn\n|upkeep\n|turn|9\n|inactive|Time left: 300 sec this turn | 300 sec total\n|\n|t:|1783568534\n|move|p2a: Greedent|Knock Off|p1a: Palossand\n|-supereffective|p1a: Palossand\n|-damage|p1a: Palossand|46/296\n|-enditem|p1a: Palossand|Leftovers|[from] move: Knock Off|[of] p2a: Greedent\n|move|p1a: Palossand|Earth Power|p2a: Greedent\n|-damage|p2a: Greedent|29/100 psn\n|-enditem|p2a: Greedent|Sitrus Berry|[eat]\n|-heal|p2a: Greedent|54/100 psn|[from] item: Sitrus Berry\n|-heal|p2a: Greedent|87/100 psn|[from] ability: Cheek Pouch\n|\n|-damage|p2a: Greedent|75/100 psn|[from] psn\n|upkeep\n|turn|10\n|inactive|Time left: 300 sec this turn | 300 sec total\n|\n|t:|1783568535\n|move|p2a: Greedent|Knock Off|p1a: Palossand\n|-supereffective|p1a: Palossand\n|-damage|p1a: Palossand|0 fnt\n|faint|p1a: Palossand\n|\n|-damage|p2a: Greedent|62/100 psn|[from] psn\n|upkeep\n|inactive|Time left: 300 sec this turn | 300 sec total | 5 sec grace\n|\n|t:|1783568536\n|switch|p1a: Bisharp|Bisharp, L79, M|232/232\n|-activate|p1a: Bisharp|move: Sticky Web\n|-unboost|p1a: Bisharp|spe|1\n|-ability|p1a: Bisharp|Defiant|boost\n|-boost|p1a: Bisharp|atk|2\n|turn|11\n|inactive|Time left: 300 sec this turn | 300 sec total\n|\n|t:|1783568536\n|move|p1a: Bisharp|Iron Head|p2a: Greedent\n|-damage|p2a: Greedent|15/100 psn\n|cant|p2a: Greedent|flinch\n|\n|-damage|p2a: Greedent|3/100 psn|[from] psn\n|upkeep\n|turn|12\n|inactive|Time left: 300 sec this turn | 300 sec total\n|\n|t:|1783568537\n|move|p1a: Bisharp|Throat Chop|p2a: Greedent\n|-damage|p2a: Greedent|0 fnt\n|faint|p2a: Greedent\n|\n|upkeep\n|\n|t:|1783568538\n|switch|p2a: Deoxys|Deoxys-Attack, L72|100/100\n|-ability|p2a: Deoxys|Pressure\n|turn|13\n|inactive|Time left: 300 sec this turn | 300 sec total\n|\n|t:|1783568539\n|move|p1a: Bisharp|Sucker Punch|p2a: Deoxys\n|-supereffective|p2a: Deoxys\n|-damage|p2a: Deoxys|0 fnt\n|faint|p2a: Deoxys\n|\n|upkeep\n|\n|t:|1783568540\n|switch|p2a: Mimikyu|Mimikyu-Busted, L79, M|78/100\n|turn|14\n|inactive|Time left: 300 sec this turn | 300 sec total\n|\n|t:|1783568541\n|-terastallize|p2a: Mimikyu|Ghost\n|-terastallize|p1a: Bisharp|Ghost\n|move|p2a: Mimikyu|Shadow Sneak|p1a: Bisharp\n|-supereffective|p1a: Bisharp\n|-damage|p1a: Bisharp|168/232\n|move|p1a: Bisharp|Iron Head|p2a: Mimikyu\n|-damage|p2a: Mimikyu|0 fnt\n|faint|p2a: Mimikyu\n|\n|win|p0x2548855d", "uploadtime": 1783568541, "views": 0, "rating": 0, "private": 0, "password": null, "_winner": "p0x2548855d", "_our_name": "p0x2548855d"}