{"id": "battle-gen9randombattle-826", "formatid": "gen9randombattle", "format": "[Gen 9] Random Battle", "players": ["p0x826e22e", "p0y8260b35"], "log": "|init|battle\n|title|p0x826e22e vs. p0y8260b35\n|j|\u2606p0x826e22e\n|j|\u2606p0y8260b35\n|t:|1783548722\n|gametype|singles\n|player|p1|p0x826e22e|169|\n|player|p2|p0y8260b35|169|\n|gen|9\n|tier|[Gen 9] Random Battle\n|rule|Species Clause: Limit one of each Pok\u00e9mon\n|rule|HP Percentage Mod: HP is shown in percentages\n|rule|Sleep Clause Mod: Limit one foe put to sleep\n|rule|Illusion Level Mod: Illusion disguises the Pok\u00e9mon's true level\n|\n|t:|1783548722\n|teamsize|p1|6\n|teamsize|p2|6\n|start\n|switch|p1a: Cresselia|Cresselia, L80, F|100/100\n|switch|p2a: Porygon-Z|Porygon-Z, L83|277/277\n|turn|1\n|inactive|Battle timer is ON: inactive players will automatically lose when time's up. (requested by p0x826e22e)\n|inactive|Time left: 300 sec this turn | 300 sec total | 60 sec grace\n|inactive|p0y8260b35 also wants the timer to be on.\n|\n|t:|1783548723\n|move|p2a: Porygon-Z|Nasty Plot|p2a: Porygon-Z\n|-boost|p2a: Porygon-Z|spa|2\n|move|p1a: Cresselia|Calm Mind|p1a: Cresselia\n|-boost|p1a: Cresselia|spa|1\n|-boost|p1a: Cresselia|spd|1\n|\n|upkeep\n|turn|2\n|inactive|Time left: 300 sec this turn | 300 sec total\n|\n|t:|1783548725\n|move|p2a: Porygon-Z|Tera Blast|p1a: Cresselia\n|-damage|p1a: Cresselia|41/100\n|-damage|p2a: Porygon-Z|250/277|[from] item: Life Orb\n|move|p1a: Cresselia|Psyshock|p2a: Porygon-Z\n|-damage|p2a: Porygon-Z|141/277\n|\n|-heal|p1a: Cresselia|47/100|[from] item: Leftovers\n|upkeep\n|turn|3\n|inactive|Time left: 300 sec this turn | 300 sec total\n|\n|t:|1783548726\n|-terastallize|p1a: Cresselia|Poison\n|move|p2a: Porygon-Z|Tera Blast|p1a: Cresselia\n|-damage|p1a: Cresselia|0 fnt\n|faint|p1a: Cresselia\n|-damage|p2a: Porygon-Z|114/277|[from] item: Life Orb\n|\n|upkeep\n|\n|t:|1783548727\n|switch|p1a: Frosmoth|Frosmoth, L82, M|100/100\n|turn|4\n|inactive|Time left: 300 sec this turn | 300 sec total\n|\n|t:|1783548728\n|move|p2a: Porygon-Z|Tera Blast|p1a: Frosmoth\n|-damage|p1a: Frosmoth|22/100\n|-damage|p2a: Porygon-Z|87/277|[from] item: Life Orb\n|move|p1a: Frosmoth|Ice Beam|p2a: Porygon-Z\n|-damage|p2a: Porygon-Z|0 fnt\n|faint|p2a: Porygon-Z\n|\n|upkeep\n|inactive|Time left: 300 sec this turn | 300 sec total | 5 sec grace\n|\n|t:|1783548729\n|switch|p2a: Walking Wake|Walking Wake, L79|286/286\n|turn|5\n|inactive|Time left: 300 sec this turn | 300 sec total\n|\n|t:|1783548730\n|move|p2a: Walking Wake|Hydro Pump|p1a: Frosmoth|[miss]\n|-miss|p2a: Walking Wake|p1a: Frosmoth\n|move|p1a: Frosmoth|Ice Beam|p2a: Walking Wake\n|-damage|p2a: Walking Wake|154/286\n|\n|upkeep\n|turn|6\n|inactive|Time left: 300 sec this turn | 300 sec total\n|\n|t:|1783548731\n|move|p2a: Walking Wake|Hydro Pump|p1a: Frosmoth\n|-damage|p1a: Frosmoth|0 fnt\n|faint|p1a: Frosmoth\n|\n|upkeep\n|\n|t:|1783548732\n|switch|p1a: Copperajah|Copperajah, L86, M|100/100\n|turn|7\n|inactive|Time left: 300 sec this turn | 300 sec total\n|\n|t:|1783548734\n|move|p2a: Walking Wake|Hydro Pump|p1a: Copperajah\n|-damage|p1a: Copperajah|34/100\n|move|p1a: Copperajah|Play Rough|p2a: Walking Wake\n|-supereffective|p2a: Walking Wake\n|-damage|p2a: Walking Wake|0 fnt\n|faint|p2a: Walking Wake\n|-end|p2a: Walking Wake|Protosynthesis|[silent]\n|\n|upkeep\n|inactive|Time left: 300 sec this turn | 300 sec total | 5 sec grace\n|\n|t:|1783548735\n|switch|p2a: Kyogre|Kyogre, L71|259/259\n|-weather|RainDance|[from] ability: Drizzle|[of] p2a: Kyogre\n|turn|8\n|inactive|Time left: 300 sec this turn | 300 sec total\n|\n|t:|1783548736\n|move|p2a: Kyogre|Origin Pulse|p1a: Copperajah\n|-damage|p1a: Copperajah|0 fnt\n|faint|p1a: Copperajah\n|\n|-weather|RainDance|[upkeep]\n|upkeep\n|\n|t:|1783548737\n|switch|p1a: Banette|Banette, L93, F|100/100\n|turn|9\n|inactive|Time left: 300 sec this turn | 300 sec total\n|\n|t:|1783548738\n|move|p1a: Banette|Poltergeist|p2a: Kyogre\n|-activate|p2a: Kyogre|move: Poltergeist|Leftovers\n|-damage|p2a: Kyogre|0 fnt\n|faint|p2a: Kyogre\n|-damage|p1a: Banette|90/100|[from] item: Life Orb\n|\n|-weather|RainDance|[upkeep]\n|upkeep\n|inactive|Time left: 300 sec this turn | 300 sec total | 5 sec grace\n|\n|t:|1783548739\n|switch|p2a: Stonjourner|Stonjourner, L91, F|330/330\n|turn|10\n|inactive|Time left: 300 sec this turn | 300 sec total\n|\n|t:|1783548740\n|move|p2a: Stonjourner|Stone Edge|p1a: Banette\n|-damage|p1a: Banette|7/100\n|-damage|p2a: Stonjourner|297/330|[from] item: Life Orb\n|move|p1a: Banette|Poltergeist|p2a: Stonjourner\n|-activate|p2a: Stonjourner|move: Poltergeist|Life Orb\n|-crit|p2a: Stonjourner\n|-damage|p2a: Stonjourner|75/330\n|-damage|p1a: Banette|0 fnt|[from] item: Life Orb\n|faint|p1a: Banette\n|\n|-weather|RainDance|[upkeep]\n|upkeep\n|\n|t:|1783548741\n|switch|p1a: Darkrai|Darkrai, L77|100/100\n|turn|11\n|inactive|Time left: 300 sec this turn | 300 sec total\n|\n|t:|1783548742\n|move|p1a: Darkrai|Dark Pulse|p2a: Stonjourner\n|-damage|p2a: Stonjourner|0 fnt\n|faint|p2a: Stonjourner\n|\n|-weather|RainDance|[upkeep]\n|upkeep\n|inactive|Time left: 300 sec this turn | 300 sec total | 5 sec grace\n|\n|t:|1783548743\n|switch|p2a: Rabsca|Rabsca, L91, M|284/284\n|turn|12\n|inactive|Time left: 300 sec this turn | 300 sec total\n|\n|t:|1783548744\n|move|p1a: Darkrai|Dark Pulse|p2a: Rabsca\n|-supereffective|p2a: Rabsca\n|-damage|p2a: Rabsca|128/284\n|cant|p2a: Rabsca|flinch\n|\n|-weather|none\n|upkeep\n|turn|13\n|inactive|Time left: 300 sec this turn | 300 sec total\n|\n|t:|1783548745\n|-terastallize|p2a: Rabsca|Steel\n|move|p1a: Darkrai|Dark Pulse|p2a: Rabsca\n|-damage|p2a: Rabsca|47/284\n|move|p2a: Rabsca|Bug Buzz|p1a: Darkrai\n|-supereffective|p1a: Darkrai\n|-damage|p1a: Darkrai|0 fnt\n|faint|p1a: Darkrai\n|\n|upkeep\n|\n|t:|1783548746\n|switch|p1a: Typhlosion|Typhlosion-Hisui, L83, F|100/100\n|turn|14\n|inactive|Time left: 300 sec this turn | 300 sec total\n|\n|t:|1783548747\n|move|p1a: Typhlosion|Calm Mind|p1a: Typhlosion\n|-boost|p1a: Typhlosion|spa|1\n|-boost|p1a: Typhlosion|spd|1\n|move|p2a: Rabsca|Recover|p2a: Rabsca\n|-heal|p2a: Rabsca|189/284\n|\n|upkeep\n|turn|15\n|inactive|Time left: 300 sec this turn | 300 sec total\n|\n|t:|1783548748\n|move|p1a: Typhlosion|Fire Blast|p2a: Rabsca\n|-supereffective|p2a: Rabsca\n|-damage|p2a: Rabsca|0 fnt\n|faint|p2a: Rabsca\n|\n|upkeep\n|inactive|Time left: 300 sec this turn | 300 sec total | 5 sec grace\n|\n|t:|1783548749\n|switch|p2a: Arboliva|Arboliva, L91, M|288/288\n|turn|16\n|inactive|Time left: 300 sec this turn | 300 sec total\n|\n|t:|1783548750\n|move|p2a: Arboliva|Protect|p2a: Arboliva\n|-singleturn|p2a: Arboliva|Protect\n|move|p1a: Typhlosion|Fire Blast|p2a: Arboliva\n|-activate|p2a: Arboliva|move: Protect\n|\n|upkeep\n|turn|17\n|inactive|Time left: 300 sec this turn | 300 sec total\n|\n|t:|1783548751\n|move|p1a: Typhlosion|Fire Blast|p2a: Arboliva\n|-supereffective|p2a: Arboliva\n|-damage|p2a: Arboliva|0 fnt\n|faint|p2a: Arboliva\n|\n|win|p0x826e22e", "uploadtime": 1783548751, "views": 0, "rating": 0, "private": 0, "password": null, "_winner": "p0x826e22e", "_our_name": "p0y8260b35"}