{"id": "battle-gen9randombattle-1484", "formatid": "gen9randombattle", "format": "[Gen 9] Random Battle", "players": ["p0x1484d574", "p0y14843b23"], "log": "|init|battle\n|title|p0x1484d574 vs. p0y14843b23\n|j|\u2606p0x1484d574\n|j|\u2606p0y14843b23\n|t:|1783556366\n|gametype|singles\n|player|p1|p0x1484d574|266|\n|player|p2|p0y14843b23|170|\n|gen|9\n|tier|[Gen 9] Random Battle\n|rule|Species Clause: Limit one of each Pok\u00e9mon\n|rule|HP Percentage Mod: HP is shown in percentages\n|rule|Sleep Clause Mod: Limit one foe put to sleep\n|rule|Illusion Level Mod: Illusion disguises the Pok\u00e9mon's true level\n|\n|t:|1783556366\n|teamsize|p1|6\n|teamsize|p2|6\n|start\n|switch|p1a: Shiftry|Shiftry, L89, M|100/100\n|switch|p2a: Dunsparce|Dunsparce, L86, F|312/312\n|turn|1\n|inactive|Battle timer is ON: inactive players will automatically lose when time's up. (requested by p0y14843b23)\n|inactive|p0x1484d574 also wants the timer to be on.\n|\n|t:|1783556368\n|move|p1a: Shiftry|Knock Off|p2a: Dunsparce\n|-crit|p2a: Dunsparce\n|-damage|p2a: Dunsparce|121/312\n|-enditem|p2a: Dunsparce|Eviolite|[from] move: Knock Off|[of] p1a: Shiftry\n|-damage|p1a: Shiftry|91/100|[from] item: Life Orb\n|move|p2a: Dunsparce|Coil|p2a: Dunsparce\n|-boost|p2a: Dunsparce|atk|1\n|-boost|p2a: Dunsparce|def|1\n|-boost|p2a: Dunsparce|accuracy|1\n|\n|upkeep\n|turn|2\n|inactive|Time left: 300 sec this turn | 300 sec total\n|\n|t:|1783556369\n|move|p1a: Shiftry|Leaf Storm|p2a: Dunsparce\n|-damage|p2a: Dunsparce|0 fnt\n|-unboost|p1a: Shiftry|spa|2\n|faint|p2a: Dunsparce\n|-damage|p1a: Shiftry|81/100|[from] item: Life Orb\n|\n|upkeep\n|inactive|Time left: 300 sec this turn | 300 sec total | 5 sec grace\n|\n|t:|1783556369\n|switch|p2a: Lucario|Lucario, L84, F|255/255\n|turn|3\n|inactive|Time left: 300 sec this turn | 300 sec total\n|\n|t:|1783556371\n|switch|p1a: Ho-Oh|Ho-Oh, L71|100/100\n|move|p2a: Lucario|Nasty Plot|p2a: Lucario\n|-boost|p2a: Lucario|spa|2\n|\n|upkeep\n|turn|4\n|inactive|Time left: 300 sec this turn | 300 sec total\n|\n|t:|1783556372\n|move|p2a: Lucario|Flash Cannon|p1a: Ho-Oh\n|-resisted|p1a: Ho-Oh\n|-damage|p1a: Ho-Oh|64/100\n|-damage|p2a: Lucario|230/255|[from] item: Life Orb\n|move|p1a: Ho-Oh|Sacred Fire|p2a: Lucario\n|-supereffective|p2a: Lucario\n|-crit|p2a: Lucario\n|-damage|p2a: Lucario|0 fnt\n|faint|p2a: Lucario\n|\n|upkeep\n|inactive|Time left: 300 sec this turn | 300 sec total | 5 sec grace\n|\n|t:|1783556373\n|switch|p2a: Ludicolo|Ludicolo, L90, M|290/290\n|turn|5\n|inactive|Time left: 300 sec this turn | 300 sec total\n|\n|t:|1783556374\n|switch|p1a: Mienshao|Mienshao, L83, F|100/100\n|move|p2a: Ludicolo|Hydro Pump|p1a: Mienshao\n|-damage|p1a: Mienshao|31/100\n|\n|upkeep\n|turn|6\n|inactive|Time left: 300 sec this turn | 300 sec total\n|\n|t:|1783556375\n|move|p1a: Mienshao|U-turn|p2a: Ludicolo\n|-supereffective|p2a: Ludicolo\n|-damage|p2a: Ludicolo|168/290\n|\n|t:|1783556376\n|switch|p1a: Shiftry|Shiftry, L89, M|81/100|[from] U-turn\n|move|p2a: Ludicolo|Hydro Pump|p1a: Shiftry\n|-resisted|p1a: Shiftry\n|-damage|p1a: Shiftry|44/100\n|\n|upkeep\n|turn|7\n|inactive|Time left: 300 sec this turn | 300 sec total\n|\n|t:|1783556377\n|switch|p2a: Muk|Muk-Alola, L82, F|306/306\n|move|p1a: Shiftry|Knock Off|p2a: Muk\n|-resisted|p2a: Muk\n|-damage|p2a: Muk|214/306\n|-enditem|p2a: Muk|Assault Vest|[from] move: Knock Off|[of] p1a: Shiftry\n|-damage|p1a: Shiftry|35/100|[from] item: Life Orb\n|\n|upkeep\n|turn|8\n|inactive|Time left: 300 sec this turn | 300 sec total\n|\n|t:|1783556378\n|move|p1a: Shiftry|Will-O-Wisp|p2a: Muk\n|-status|p2a: Muk|brn\n|move|p2a: Muk|Drain Punch|p1a: Shiftry\n|-supereffective|p1a: Shiftry\n|-damage|p1a: Shiftry|13/100\n|-heal|p2a: Muk|248/306 brn|[from] drain|[of] p1a: Shiftry\n|-status|p1a: Shiftry|psn|[from] ability: Poison Touch|[of] p2a: Muk\n|\n|-damage|p1a: Shiftry|0 fnt|[from] psn\n|faint|p1a: Shiftry\n|-damage|p2a: Muk|229/306 brn|[from] brn\n|upkeep\n|\n|t:|1783556378\n|switch|p1a: Mienshao|Mienshao, L83, F|64/100\n|turn|9\n|inactive|Time left: 300 sec this turn | 300 sec total\n|\n|t:|1783556379\n|move|p1a: Mienshao|U-turn|p2a: Muk\n|-damage|p2a: Muk|163/306 brn\n|\n|t:|1783556380\n|switch|p1a: Ho-Oh|Ho-Oh, L71|97/100|[from] U-turn\n|move|p2a: Muk|Knock Off|p1a: Ho-Oh\n|-damage|p1a: Ho-Oh|73/100\n|-enditem|p1a: Ho-Oh|Heavy-Duty Boots|[from] move: Knock Off|[of] p2a: Muk\n|\n|-damage|p2a: Muk|144/306 brn|[from] brn\n|upkeep\n|turn|10\n|inactive|Time left: 300 sec this turn | 300 sec total\n|\n|t:|1783556381\n|move|p1a: Ho-Oh|Sacred Fire|p2a: Muk\n|-damage|p2a: Muk|32/306 brn\n|move|p2a: Muk|Knock Off|p1a: Ho-Oh\n|-damage|p1a: Ho-Oh|59/100\n|\n|-damage|p2a: Muk|13/306 brn|[from] brn\n|upkeep\n|turn|11\n|inactive|Time left: 300 sec this turn | 300 sec total\n|\n|t:|1783556382\n|move|p1a: Ho-Oh|Sacred Fire|p2a: Muk\n|-damage|p2a: Muk|0 fnt\n|faint|p2a: Muk\n|\n|upkeep\n|inactive|Time left: 300 sec this turn | 300 sec total | 5 sec grace\n|\n|t:|1783556383\n|switch|p2a: Ludicolo|Ludicolo, L90, M|168/290\n|turn|12\n|inactive|Time left: 300 sec this turn | 300 sec total\n|\n|t:|1783556384\n|switch|p1a: Rayquaza|Rayquaza, L72, shiny|100/100\n|-ability|p1a: Rayquaza|Air Lock\n|move|p2a: Ludicolo|Hydro Pump|p1a: Rayquaza\n|-resisted|p1a: Rayquaza\n|-damage|p1a: Rayquaza|58/100\n|\n|upkeep\n|turn|13\n|inactive|Time left: 300 sec this turn | 300 sec total\n|\n|t:|1783556386\n|move|p1a: Rayquaza|Swords Dance|p1a: Rayquaza\n|-boost|p1a: Rayquaza|atk|2\n|move|p2a: Ludicolo|Hydro Pump|p1a: Rayquaza|[miss]\n|-miss|p2a: Ludicolo|p1a: Rayquaza\n|\n|upkeep\n|turn|14\n|inactive|Time left: 300 sec this turn | 300 sec total\n|\n|t:|1783556387\n|switch|p2a: Quagsire|Quagsire, L84, M|297/297\n|move|p1a: Rayquaza|Scale Shot|p2a: Quagsire\n|-damage|p2a: Quagsire|266/297\n|-damage|p2a: Quagsire|235/297\n|-damage|p2a: Quagsire|205/297\n|-damage|p2a: Quagsire|174/297\n|-damage|p2a: Quagsire|141/297\n|-hitcount|p2a: Quagsire|5\n|-unboost|p1a: Rayquaza|def|1\n|-boost|p1a: Rayquaza|spe|1\n|\n|-heal|p2a: Quagsire|159/297|[from] item: Leftovers\n|upkeep\n|turn|15\n|inactive|Time left: 300 sec this turn | 300 sec total\n|\n|t:|1783556388\n|-terastallize|p1a: Rayquaza|Flying\n|move|p1a: Rayquaza|Dragon Ascent|p2a: Quagsire\n|-damage|p2a: Quagsire|0 fnt\n|-unboost|p1a: Rayquaza|def|1\n|-unboost|p1a: Rayquaza|spd|1\n|faint|p2a: Quagsire\n|\n|upkeep\n|inactive|Time left: 300 sec this turn | 300 sec total | 5 sec grace\n|\n|t:|1783556389\n|switch|p2a: Ludicolo|Ludicolo, L90, M|168/290\n|turn|16\n|inactive|Time left: 300 sec this turn | 300 sec total\n|\n|t:|1783556390\n|move|p1a: Rayquaza|Dragon Ascent|p2a: Ludicolo\n|-supereffective|p2a: Ludicolo\n|-damage|p2a: Ludicolo|0 fnt\n|-unboost|p1a: Rayquaza|def|1\n|-unboost|p1a: Rayquaza|spd|1\n|faint|p2a: Ludicolo\n|\n|upkeep\n|inactive|Time left: 300 sec this turn | 300 sec total | 5 sec grace\n|\n|t:|1783556391\n|switch|p2a: Amoonguss|Amoonguss, L82, M|321/321\n|turn|17\n|inactive|Time left: 300 sec this turn | 300 sec total\n|\n|t:|1783556392\n|-terastallize|p2a: Amoonguss|Water\n|move|p1a: Rayquaza|Dragon Ascent|p2a: Amoonguss\n|-damage|p2a: Amoonguss|0 fnt\n|-unboost|p1a: Rayquaza|def|1\n|-unboost|p1a: Rayquaza|spd|1\n|-damage|p1a: Rayquaza|42/100|[from] item: Rocky Helmet|[of] p2a: Amoonguss\n|faint|p2a: Amoonguss\n|\n|win|p0x1484d574", "uploadtime": 1783556392, "views": 0, "rating": 0, "private": 0, "password": null, "_winner": "p0x1484d574", "_our_name": "p0y14843b23"}