{"id": "battle-gen9randombattle-2659", "formatid": "gen9randombattle", "format": "[Gen 9] Random Battle", "players": ["p0x26592432", "p0y2659594d"], "log": "|init|battle\n|title|p0x26592432 vs. p0y2659594d\n|j|\u2606p0x26592432\n|j|\u2606p0y2659594d\n|t:|1783569676\n|gametype|singles\n|player|p1|p0x26592432|170|\n|player|p2|p0y2659594d|170|\n|gen|9\n|tier|[Gen 9] Random Battle\n|rule|Species Clause: Limit one of each Pok\u00e9mon\n|rule|HP Percentage Mod: HP is shown in percentages\n|rule|Sleep Clause Mod: Limit one foe put to sleep\n|rule|Illusion Level Mod: Illusion disguises the Pok\u00e9mon's true level\n|\n|t:|1783569676\n|teamsize|p1|6\n|teamsize|p2|6\n|start\n|switch|p1a: Quagsire|Quagsire, L84, F|100/100\n|switch|p2a: Grimmsnarl|Grimmsnarl, L83, M|293/293\n|turn|1\n|inactive|Battle timer is ON: inactive players will automatically lose when time's up. (requested by p0x26592432)\n|inactive|Time left: 300 sec this turn | 300 sec total | 60 sec grace\n|inactive|p0y2659594d also wants the timer to be on.\n|\n|t:|1783569677\n|move|p2a: Grimmsnarl|Reflect|p2a: Grimmsnarl\n|-sidestart|p2: p0y2659594d|Reflect\n|move|p1a: Quagsire|Toxic|p2a: Grimmsnarl\n|-status|p2a: Grimmsnarl|tox\n|\n|-damage|p2a: Grimmsnarl|275/293 tox|[from] psn\n|upkeep\n|turn|2\n|inactive|Time left: 300 sec this turn | 300 sec total\n|\n|t:|1783569678\n|move|p2a: Grimmsnarl|Spirit Break|p1a: Quagsire\n|-damage|p1a: Quagsire|68/100\n|-unboost|p1a: Quagsire|spa|1\n|move|p1a: Quagsire|Earthquake|p2a: Grimmsnarl\n|-damage|p2a: Grimmsnarl|213/293 tox\n|\n|-heal|p1a: Quagsire|74/100|[from] item: Leftovers\n|-damage|p2a: Grimmsnarl|177/293 tox|[from] psn\n|upkeep\n|turn|3\n|inactive|Time left: 300 sec this turn | 300 sec total\n|\n|t:|1783569680\n|switch|p1a: Girafarig|Girafarig, L89, F|100/100\n|move|p2a: Grimmsnarl|Light Screen|p2a: Grimmsnarl\n|-sidestart|p2: p0y2659594d|move: Light Screen\n|\n|-damage|p2a: Grimmsnarl|123/293 tox|[from] psn\n|upkeep\n|turn|4\n|inactive|Time left: 300 sec this turn | 300 sec total\n|\n|t:|1783569681\n|move|p2a: Grimmsnarl|Parting Shot|p1a: Girafarig\n|-unboost|p1a: Girafarig|atk|1\n|-unboost|p1a: Girafarig|spa|1\n|inactive|Time left: 300 sec this turn | 300 sec total | 5 sec grace\n|\n|t:|1783569682\n|switch|p2a: Staraptor|Staraptor, L79, M|263/263|[from] Parting Shot\n|move|p1a: Girafarig|Nasty Plot|p1a: Girafarig\n|-boost|p1a: Girafarig|spa|2\n|\n|upkeep\n|turn|5\n|inactive|Time left: 300 sec this turn | 300 sec total\n|\n|t:|1783569683\n|move|p2a: Staraptor|Brave Bird|p1a: Girafarig\n|-damage|p1a: Girafarig|25/100\n|-damage|p2a: Staraptor|196/263|[from] Recoil\n|move|p1a: Girafarig|Thunderbolt|p2a: Staraptor\n|-supereffective|p2a: Staraptor\n|-damage|p2a: Staraptor|57/263\n|\n|upkeep\n|turn|6\n|inactive|Time left: 300 sec this turn | 300 sec total\n|\n|t:|1783569684\n|switch|p1a: Rampardos|Rampardos, L90, M|100/100\n|move|p2a: Staraptor|Brave Bird|p1a: Rampardos\n|-resisted|p1a: Rampardos\n|-crit|p1a: Rampardos\n|-damage|p1a: Rampardos|30/100\n|-damage|p2a: Staraptor|0 fnt|[from] Recoil\n|faint|p2a: Staraptor\n|\n|upkeep\n|inactive|Time left: 300 sec this turn | 300 sec total | 5 sec grace\n|\n|t:|1783569685\n|switch|p2a: Mesprit|Mesprit, L85|275/275\n|turn|7\n|inactive|Time left: 300 sec this turn | 300 sec total\n|\n|t:|1783569686\n|move|p1a: Rampardos|Head Smash|p2a: Mesprit\n|-damage|p2a: Mesprit|155/275\n|-damage|p1a: Rampardos|11/100|[from] Recoil\n|move|p2a: Mesprit|Psychic|p1a: Rampardos\n|-damage|p1a: Rampardos|0 fnt\n|faint|p1a: Rampardos\n|\n|upkeep\n|\n|t:|1783569688\n|switch|p1a: Hoopa|Hoopa-Unbound, L80|100/100\n|turn|8\n|inactive|Time left: 300 sec this turn | 300 sec total\n|\n|t:|1783569688\n|switch|p2a: Grimmsnarl|Grimmsnarl, L83, M|123/293 tox\n|move|p1a: Hoopa|Gunk Shot|p2a: Grimmsnarl|[miss]\n|-miss|p1a: Hoopa|p2a: Grimmsnarl\n|\n|-damage|p2a: Grimmsnarl|105/293 tox|[from] psn\n|-sideend|p2: p0y2659594d|Reflect\n|upkeep\n|turn|9\n|inactive|Time left: 300 sec this turn | 300 sec total\n|\n|t:|1783569689\n|-terastallize|p2a: Grimmsnarl|Steel\n|move|p1a: Hoopa|Gunk Shot|p2a: Grimmsnarl\n|-immune|p2a: Grimmsnarl\n|move|p2a: Grimmsnarl|Spirit Break|p1a: Hoopa\n|-supereffective|p1a: Hoopa\n|-damage|p1a: Hoopa|6/100\n|-unboost|p1a: Hoopa|spa|1\n|\n|-damage|p2a: Grimmsnarl|69/293 tox|[from] psn\n|upkeep\n|turn|10\n|inactive|Time left: 300 sec this turn | 300 sec total\n|\n|t:|1783569690\n|move|p1a: Hoopa|Gunk Shot|p2a: Grimmsnarl\n|-immune|p2a: Grimmsnarl\n|move|p2a: Grimmsnarl|Spirit Break|p1a: Hoopa\n|-supereffective|p1a: Hoopa\n|-damage|p1a: Hoopa|0 fnt\n|faint|p1a: Hoopa\n|\n|-damage|p2a: Grimmsnarl|15/293 tox|[from] psn\n|-sideend|p2: p0y2659594d|move: Light Screen\n|upkeep\n|\n|t:|1783569691\n|switch|p1a: Quagsire|Quagsire, L84, F|74/100\n|turn|11\n|inactive|Time left: 300 sec this turn | 300 sec total\n|\n|t:|1783569692\n|move|p2a: Grimmsnarl|Reflect|p2a: Grimmsnarl\n|-sidestart|p2: p0y2659594d|Reflect\n|move|p1a: Quagsire|Recover|p1a: Quagsire\n|-heal|p1a: Quagsire|100/100\n|\n|-damage|p2a: Grimmsnarl|0 fnt|[from] psn\n|faint|p2a: Grimmsnarl\n|upkeep\n|inactive|Time left: 300 sec this turn | 300 sec total | 5 sec grace\n|\n|t:|1783569693\n|switch|p2a: Kyogre|Kyogre, L71|259/259\n|-weather|RainDance|[from] ability: Drizzle|[of] p2a: Kyogre\n|turn|12\n|inactive|Time left: 300 sec this turn | 300 sec total\n|\n|t:|1783569694\n|switch|p1a: Jumpluff|Jumpluff, L87, M|100/100\n|move|p2a: Kyogre|Origin Pulse|p1a: Jumpluff\n|-resisted|p1a: Jumpluff\n|-damage|p1a: Jumpluff|72/100\n|\n|-weather|RainDance|[upkeep]\n|upkeep\n|turn|13\n|inactive|Time left: 300 sec this turn | 300 sec total\n|\n|t:|1783569695\n|move|p1a: Jumpluff|Strength Sap|p2a: Kyogre\n|-unboost|p2a: Kyogre|atk|1\n|-heal|p1a: Jumpluff|100/100\n|move|p2a: Kyogre|Ice Beam|p1a: Jumpluff\n|-supereffective|p1a: Jumpluff\n|-damage|p1a: Jumpluff|13/100\n|\n|-weather|RainDance|[upkeep]\n|upkeep\n|turn|14\n|inactive|Time left: 300 sec this turn | 300 sec total\n|\n|t:|1783569696\n|move|p1a: Jumpluff|Strength Sap|p2a: Kyogre\n|-unboost|p2a: Kyogre|atk|1\n|-heal|p1a: Jumpluff|50/100\n|move|p2a: Kyogre|Ice Beam|p1a: Jumpluff\n|-supereffective|p1a: Jumpluff\n|-damage|p1a: Jumpluff|0 fnt\n|faint|p1a: Jumpluff\n|\n|-weather|RainDance|[upkeep]\n|upkeep\n|\n|t:|1783569697\n|switch|p1a: Quagsire|Quagsire, L84, F|100/100\n|turn|15\n|inactive|Time left: 300 sec this turn | 300 sec total\n|\n|t:|1783569698\n|move|p2a: Kyogre|Origin Pulse|p1a: Quagsire\n|-damage|p1a: Quagsire|20/100\n|move|p1a: Quagsire|Toxic|p2a: Kyogre\n|-status|p2a: Kyogre|tox\n|\n|-weather|RainDance|[upkeep]\n|-heal|p1a: Quagsire|26/100|[from] item: Leftovers\n|-damage|p2a: Kyogre|243/259 tox|[from] psn\n|upkeep\n|turn|16\n|inactive|Time left: 300 sec this turn | 300 sec total\n|\n|t:|1783569699\n|move|p2a: Kyogre|Origin Pulse|p1a: Quagsire\n|-damage|p1a: Quagsire|0 fnt\n|faint|p1a: Quagsire\n|\n|-weather|none\n|-heal|p2a: Kyogre|259/259 tox|[from] item: Leftovers\n|-damage|p2a: Kyogre|227/259 tox|[from] psn\n|upkeep\n|\n|t:|1783569700\n|switch|p1a: Girafarig|Girafarig, L89, F|25/100\n|turn|17\n|inactive|Time left: 300 sec this turn | 300 sec total\n|\n|t:|1783569701\n|move|p1a: Girafarig|Psyshock|p2a: Kyogre\n|-damage|p2a: Kyogre|124/259 tox\n|move|p2a: Kyogre|Origin Pulse|p1a: Girafarig\n|-damage|p1a: Girafarig|0 fnt\n|faint|p1a: Girafarig\n|\n|-heal|p2a: Kyogre|140/259 tox|[from] item: Leftovers\n|-damage|p2a: Kyogre|92/259 tox|[from] psn\n|upkeep\n|\n|t:|1783569702\n|switch|p1a: Camerupt|Camerupt, L91, M|100/100\n|turn|18\n|inactive|Time left: 300 sec this turn | 300 sec total\n|\n|t:|1783569702\n|-terastallize|p1a: Camerupt|Grass\n|move|p2a: Kyogre|Origin Pulse|p1a: Camerupt\n|-resisted|p1a: Camerupt\n|-damage|p1a: Camerupt|79/100\n|move|p1a: Camerupt|Stealth Rock|p2a: Kyogre\n|-sidestart|p2: p0y2659594d|move: Stealth Rock\n|\n|-heal|p2a: Kyogre|108/259 tox|[from] item: Leftovers\n|-heal|p1a: Camerupt|85/100|[from] item: Leftovers\n|-damage|p2a: Kyogre|44/259 tox|[from] psn\n|-sideend|p2: p0y2659594d|Reflect\n|upkeep\n|turn|19\n|inactive|Time left: 300 sec this turn | 300 sec total\n|\n|t:|1783569703\n|move|p2a: Kyogre|Ice Beam|p1a: Camerupt\n|-supereffective|p1a: Camerupt\n|-damage|p1a: Camerupt|46/100\n|move|p1a: Camerupt|Roar|p2a: Kyogre\n|drag|p2a: Magmortar|Magmortar, L88, M|275/275\n|\n|-heal|p1a: Camerupt|52/100|[from] item: Leftovers\n|upkeep\n|turn|20\n|inactive|Time left: 300 sec this turn | 300 sec total\n|\n|t:|1783569704\n|move|p2a: Magmortar|Fire Blast|p1a: Camerupt|[miss]\n|-miss|p2a: Magmortar|p1a: Camerupt\n|move|p1a: Camerupt|Overheat|p2a: Magmortar|[miss]\n|-miss|p1a: Camerupt|p2a: Magmortar\n|\n|-heal|p1a: Camerupt|58/100|[from] item: Leftovers\n|upkeep\n|turn|21\n|inactive|Time left: 300 sec this turn | 300 sec total\n|\n|t:|1783569705\n|move|p2a: Magmortar|Fire Blast|p1a: Camerupt\n|-supereffective|p1a: Camerupt\n|-damage|p1a: Camerupt|0 fnt\n|faint|p1a: Camerupt\n|\n|win|p0y2659594d", "uploadtime": 1783569705, "views": 0, "rating": 0, "private": 0, "password": null, "_winner": "p0y2659594d", "_our_name": "p0y2659594d"}