{"id": "battle-gen9randombattle-822", "formatid": "gen9randombattle", "format": "[Gen 9] Random Battle", "players": ["p0x8228de3", "p0y822a870"], "log": "|init|battle\n|title|p0x8228de3 vs. p0y822a870\n|j|\u2606p0x8228de3\n|j|\u2606p0y822a870\n|t:|1783548678\n|gametype|singles\n|player|p1|p0x8228de3|101|\n|player|p2|p0y822a870|266|\n|gen|9\n|tier|[Gen 9] Random Battle\n|rule|Species Clause: Limit one of each Pok\u00e9mon\n|rule|HP Percentage Mod: HP is shown in percentages\n|rule|Sleep Clause Mod: Limit one foe put to sleep\n|rule|Illusion Level Mod: Illusion disguises the Pok\u00e9mon's true level\n|\n|t:|1783548678\n|teamsize|p1|6\n|teamsize|p2|6\n|start\n|switch|p1a: Mienshao|Mienshao, L83, F|100/100\n|switch|p2a: Quagsire|Quagsire, L84, F|297/297\n|turn|1\n|inactive|Battle timer is ON: inactive players will automatically lose when time's up. (requested by p0x8228de3)\n|inactive|Time left: 300 sec this turn | 300 sec total | 60 sec grace\n|inactive|p0y822a870 also wants the timer to be on.\n|\n|t:|1783548680\n|move|p1a: Mienshao|High Jump Kick|p2a: Quagsire\n|-damage|p2a: Quagsire|11/297\n|move|p2a: Quagsire|Earthquake|p1a: Mienshao\n|-damage|p1a: Mienshao|46/100\n|\n|-heal|p2a: Quagsire|29/297|[from] item: Leftovers\n|upkeep\n|turn|2\n|inactive|Time left: 300 sec this turn | 300 sec total\n|\n|t:|1783548681\n|move|p1a: Mienshao|High Jump Kick|p2a: Quagsire\n|-damage|p2a: Quagsire|0 fnt\n|faint|p2a: Quagsire\n|\n|upkeep\n|inactive|Time left: 300 sec this turn | 300 sec total | 5 sec grace\n|\n|t:|1783548682\n|switch|p2a: Seviper|Seviper, L93, M|287/287\n|turn|3\n|inactive|Time left: 300 sec this turn | 300 sec total\n|\n|t:|1783548683\n|move|p2a: Seviper|Gunk Shot|p1a: Mienshao\n|-damage|p1a: Mienshao|0 fnt\n|faint|p1a: Mienshao\n|\n|upkeep\n|\n|t:|1783548684\n|switch|p1a: Baxcalibur|Baxcalibur, L75, F|100/100\n|turn|4\n|inactive|Time left: 300 sec this turn | 300 sec total\n|\n|t:|1783548686\n|move|p2a: Seviper|Gunk Shot|p1a: Baxcalibur|[miss]\n|-miss|p2a: Seviper|p1a: Baxcalibur\n|move|p1a: Baxcalibur|Glaive Rush|p2a: Seviper\n|-damage|p2a: Seviper|29/287\n|-singlemove|p1a: Baxcalibur|Glaive Rush|[silent]\n|\n|upkeep\n|turn|5\n|inactive|Time left: 300 sec this turn | 300 sec total\n|\n|t:|1783548687\n|switch|p1a: Rayquaza|Rayquaza, L72|100/100\n|-ability|p1a: Rayquaza|Air Lock\n|move|p2a: Seviper|Gunk Shot|p1a: Rayquaza\n|-damage|p1a: Rayquaza|29/100\n|\n|upkeep\n|turn|6\n|inactive|Time left: 300 sec this turn | 300 sec total\n|\n|t:|1783548688\n|move|p1a: Rayquaza|Extreme Speed|p2a: Seviper\n|-damage|p2a: Seviper|0 fnt\n|faint|p2a: Seviper\n|\n|upkeep\n|inactive|Time left: 300 sec this turn | 300 sec total | 5 sec grace\n|\n|t:|1783548689\n|switch|p2a: Zapdos|Zapdos-Galar, L77|265/265\n|turn|7\n|inactive|Time left: 300 sec this turn | 300 sec total\n|\n|t:|1783548690\n|move|p1a: Rayquaza|Extreme Speed|p2a: Zapdos\n|-damage|p2a: Zapdos|173/265\n|move|p2a: Zapdos|Brave Bird|p1a: Rayquaza\n|-damage|p1a: Rayquaza|0 fnt\n|faint|p1a: Rayquaza\n|-damage|p2a: Zapdos|148/265|[from] Recoil\n|\n|upkeep\n|\n|t:|1783548691\n|switch|p1a: Baxcalibur|Baxcalibur, L75, F|100/100\n|turn|8\n|inactive|Time left: 300 sec this turn | 300 sec total\n|\n|t:|1783548692\n|move|p1a: Baxcalibur|Ice Shard|p2a: Zapdos\n|-supereffective|p2a: Zapdos\n|-damage|p2a: Zapdos|0 fnt\n|faint|p2a: Zapdos\n|\n|upkeep\n|inactive|Time left: 300 sec this turn | 300 sec total | 5 sec grace\n|\n|t:|1783548693\n|switch|p2a: Oinkologne|Oinkologne, L92, M|352/352\n|turn|9\n|inactive|Time left: 300 sec this turn | 300 sec total\n|\n|t:|1783548694\n|switch|p1a: Persian|Persian, L92, M|100/100\n|move|p2a: Oinkologne|High Horsepower|p1a: Persian\n|-damage|p1a: Persian|67/100\n|\n|upkeep\n|turn|10\n|inactive|Time left: 300 sec this turn | 300 sec total\n|\n|t:|1783548695\n|move|p1a: Persian|Knock Off|p2a: Oinkologne\n|-damage|p2a: Oinkologne|256/352\n|-enditem|p2a: Oinkologne|Leftovers|[from] move: Knock Off|[of] p1a: Persian\n|move|p2a: Oinkologne|Body Slam|p1a: Persian\n|-damage|p1a: Persian|20/100\n|\n|upkeep\n|turn|11\n|inactive|Time left: 300 sec this turn | 300 sec total\n|\n|t:|1783548696\n|move|p1a: Persian|Knock Off|p2a: Oinkologne\n|-damage|p2a: Oinkologne|184/352\n|move|p2a: Oinkologne|Curse|p2a: Oinkologne\n|-unboost|p2a: Oinkologne|spe|1\n|-boost|p2a: Oinkologne|atk|1\n|-boost|p2a: Oinkologne|def|1\n|\n|upkeep\n|turn|12\n|inactive|Time left: 300 sec this turn | 300 sec total\n|\n|t:|1783548697\n|move|p1a: Persian|Knock Off|p2a: Oinkologne\n|-damage|p2a: Oinkologne|141/352\n|move|p2a: Oinkologne|Body Slam|p1a: Persian\n|-damage|p1a: Persian|0 fnt\n|faint|p1a: Persian\n|\n|upkeep\n|\n|t:|1783548698\n|switch|p1a: Baxcalibur|Baxcalibur, L75, F|100/100\n|turn|13\n|inactive|Time left: 300 sec this turn | 300 sec total\n|\n|t:|1783548699\n|move|p1a: Baxcalibur|Glaive Rush|p2a: Oinkologne\n|-damage|p2a: Oinkologne|0 fnt\n|-singlemove|p1a: Baxcalibur|Glaive Rush|[silent]\n|faint|p2a: Oinkologne\n|\n|upkeep\n|inactive|Time left: 300 sec this turn | 300 sec total | 5 sec grace\n|\n|t:|1783548700\n|switch|p2a: Infernape|Infernape, L82, M|259/259\n|turn|14\n|inactive|Time left: 300 sec this turn | 300 sec total\n|\n|t:|1783548701\n|switch|p1a: Ribombee|Ribombee, L83, M|100/100\n|move|p2a: Infernape|Knock Off|p1a: Ribombee\n|-resisted|p1a: Ribombee\n|-damage|p1a: Ribombee|76/100\n|-enditem|p1a: Ribombee|Heavy-Duty Boots|[from] move: Knock Off|[of] p2a: Infernape\n|-damage|p2a: Infernape|234/259|[from] item: Life Orb\n|\n|upkeep\n|turn|15\n|inactive|Time left: 300 sec this turn | 300 sec total\n|\n|t:|1783548702\n|move|p1a: Ribombee|Moonblast|p2a: Infernape\n|-damage|p2a: Infernape|111/259\n|move|p2a: Infernape|Overheat|p1a: Ribombee|[miss]\n|-miss|p2a: Infernape|p1a: Ribombee\n|\n|upkeep\n|turn|16\n|inactive|Time left: 300 sec this turn | 300 sec total\n|\n|t:|1783548703\n|switch|p2a: Regice|Regice, L88|284/284\n|move|p1a: Ribombee|Moonblast|p2a: Regice\n|-damage|p2a: Regice|239/284\n|\n|upkeep\n|turn|17\n|inactive|Time left: 300 sec this turn | 300 sec total\n|\n|t:|1783548704\n|move|p1a: Ribombee|Quiver Dance|p1a: Ribombee\n|-boost|p1a: Ribombee|spa|1\n|-boost|p1a: Ribombee|spd|1\n|-boost|p1a: Ribombee|spe|1\n|move|p2a: Regice|Ice Beam|p1a: Ribombee\n|-damage|p1a: Ribombee|42/100\n|\n|upkeep\n|turn|18\n|inactive|Time left: 300 sec this turn | 300 sec total\n|\n|t:|1783548705\n|move|p1a: Ribombee|Quiver Dance|p1a: Ribombee\n|-boost|p1a: Ribombee|spa|1\n|-boost|p1a: Ribombee|spd|1\n|-boost|p1a: Ribombee|spe|1\n|move|p2a: Regice|Ice Beam|p1a: Ribombee\n|-damage|p1a: Ribombee|17/100\n|\n|upkeep\n|turn|19\n|inactive|Time left: 300 sec this turn | 300 sec total\n|\n|t:|1783548706\n|move|p1a: Ribombee|Moonblast|p2a: Regice\n|-damage|p2a: Regice|145/284\n|move|p2a: Regice|Body Press|p1a: Ribombee\n|-resisted|p1a: Ribombee\n|-damage|p1a: Ribombee|8/100\n|\n|upkeep\n|turn|20\n|inactive|Time left: 300 sec this turn | 300 sec total\n|\n|t:|1783548707\n|-terastallize|p1a: Ribombee|Ground\n|move|p1a: Ribombee|Tera Blast|p2a: Regice|[anim] Tera Blast Ground\n|-crit|p2a: Regice\n|-damage|p2a: Regice|28/284\n|move|p2a: Regice|Ice Beam|p1a: Ribombee\n|-supereffective|p1a: Ribombee\n|-damage|p1a: Ribombee|0 fnt\n|faint|p1a: Ribombee\n|\n|upkeep\n|\n|t:|1783548708\n|switch|p1a: Baxcalibur|Baxcalibur, L75, F|100/100\n|turn|21\n|inactive|Time left: 300 sec this turn | 300 sec total\n|\n|t:|1783548709\n|move|p1a: Baxcalibur|Glaive Rush|p2a: Regice\n|-damage|p2a: Regice|0 fnt\n|-singlemove|p1a: Baxcalibur|Glaive Rush|[silent]\n|faint|p2a: Regice\n|\n|upkeep\n|inactive|Time left: 300 sec this turn | 300 sec total | 5 sec grace\n|\n|t:|1783548710\n|switch|p2a: Infernape|Infernape, L82, M|111/259\n|turn|22\n|inactive|Time left: 300 sec this turn | 300 sec total\n|\n|t:|1783548711\n|move|p2a: Infernape|Overheat|p1a: Baxcalibur\n|-damage|p1a: Baxcalibur|0 fnt\n|-unboost|p2a: Infernape|spa|2\n|faint|p1a: Baxcalibur\n|-damage|p2a: Infernape|86/259|[from] item: Life Orb\n|\n|upkeep\n|\n|t:|1783548712\n|switch|p1a: Cinccino|Cinccino, L83, F|100/100\n|turn|23\n|inactive|Time left: 300 sec this turn | 300 sec total\n|\n|t:|1783548713\n|move|p1a: Cinccino|Tail Slap|p2a: Infernape\n|-damage|p2a: Infernape|41/259\n|-damage|p2a: Infernape|0 fnt\n|faint|p2a: Infernape\n|-hitcount|p2: Infernape|2\n|\n|win|p0x8228de3", "uploadtime": 1783548713, "views": 0, "rating": 0, "private": 0, "password": null, "_winner": "p0x8228de3", "_our_name": "p0y822a870"}