{"id": "battle-gen9randombattle-1811", "formatid": "gen9randombattle", "format": "[Gen 9] Random Battle", "players": ["p0x181119d5", "p0y1811d53e"], "log": "|init|battle\n|title|p0x181119d5 vs. p0y1811d53e\n|j|\u2606p0x181119d5\n|j|\u2606p0y1811d53e\n|t:|1783560209\n|gametype|singles\n|player|p1|p0x181119d5|2|\n|player|p2|p0y1811d53e|102|\n|gen|9\n|tier|[Gen 9] Random Battle\n|rule|Species Clause: Limit one of each Pok\u00e9mon\n|rule|HP Percentage Mod: HP is shown in percentages\n|rule|Sleep Clause Mod: Limit one foe put to sleep\n|rule|Illusion Level Mod: Illusion disguises the Pok\u00e9mon's true level\n|\n|t:|1783560209\n|teamsize|p1|6\n|teamsize|p2|6\n|start\n|switch|p1a: Typhlosion|Typhlosion-Hisui, L83, M|257/257\n|switch|p2a: Blastoise|Blastoise, L80, F|100/100\n|turn|1\n|inactive|Battle timer is ON: inactive players will automatically lose when time's up. (requested by p0x181119d5)\n|inactive|p0y1811d53e also wants the timer to be on.\n|\n|t:|1783560210\n|move|p1a: Typhlosion|Shadow Ball|p2a: Blastoise\n|-damage|p2a: Blastoise|66/100\n|move|p2a: Blastoise|Shell Smash|p2a: Blastoise\n|-unboost|p2a: Blastoise|def|1\n|-unboost|p2a: Blastoise|spd|1\n|-boost|p2a: Blastoise|atk|2\n|-boost|p2a: Blastoise|spa|2\n|-boost|p2a: Blastoise|spe|2\n|-enditem|p2a: Blastoise|White Herb\n|-clearnegativeboost|p2a: Blastoise|[silent]\n|\n|upkeep\n|turn|2\n|inactive|Time left: 300 sec this turn | 300 sec total\n|\n|t:|1783560212\n|switch|p1a: Dipplin|Dipplin, L88, M|284/284\n|move|p2a: Blastoise|Hydro Pump|p1a: Dipplin\n|-resisted|p1a: Dipplin\n|-damage|p1a: Dipplin|250/284\n|\n|upkeep\n|turn|3\n|inactive|Time left: 300 sec this turn | 300 sec total\n|\n|t:|1783560213\n|-terastallize|p1a: Dipplin|Steel\n|move|p2a: Blastoise|Ice Beam|p1a: Dipplin\n|-resisted|p1a: Dipplin\n|-damage|p1a: Dipplin|215/284\n|move|p1a: Dipplin|Giga Drain|p2a: Blastoise\n|-supereffective|p2a: Blastoise\n|-damage|p2a: Blastoise|10/100\n|-heal|p1a: Dipplin|284/284|[from] drain|[of] p2a: Blastoise\n|\n|upkeep\n|turn|4\n|inactive|Time left: 300 sec this turn | 300 sec total\n|\n|t:|1783560214\n|move|p2a: Blastoise|Hydro Pump|p1a: Dipplin\n|-damage|p1a: Dipplin|76/284\n|move|p1a: Dipplin|Giga Drain|p2a: Blastoise\n|-supereffective|p2a: Blastoise\n|-damage|p2a: Blastoise|0 fnt\n|-heal|p1a: Dipplin|88/284|[from] drain|[of] p2a: Blastoise\n|faint|p2a: Blastoise\n|\n|upkeep\n|\n|t:|1783560215\n|switch|p2a: Whiscash|Whiscash, L88, M|100/100\n|turn|5\n|inactive|Time left: 300 sec this turn | 300 sec total\n|\n|t:|1783560216\n|move|p2a: Whiscash|Earthquake|p1a: Dipplin\n|-supereffective|p1a: Dipplin\n|-damage|p1a: Dipplin|0 fnt\n|faint|p1a: Dipplin\n|-damage|p2a: Whiscash|91/100|[from] item: Life Orb\n|\n|upkeep\n|inactive|Time left: 300 sec this turn | 300 sec total | 5 sec grace\n|\n|t:|1783560217\n|switch|p1a: Glaceon|Glaceon, L94, M|275/275\n|turn|6\n|inactive|Time left: 300 sec this turn | 300 sec total\n|\n|t:|1783560218\n|-terastallize|p2a: Whiscash|Steel\n|move|p1a: Glaceon|Freeze-Dry|p2a: Whiscash\n|-resisted|p2a: Whiscash\n|-damage|p2a: Whiscash|72/100\n|move|p2a: Whiscash|Dragon Dance|p2a: Whiscash\n|-boost|p2a: Whiscash|atk|1\n|-boost|p2a: Whiscash|spe|1\n|\n|upkeep\n|turn|7\n|inactive|Time left: 300 sec this turn | 300 sec total\n|\n|t:|1783560219\n|move|p2a: Whiscash|Earthquake|p1a: Glaceon\n|-damage|p1a: Glaceon|129/275\n|-damage|p2a: Whiscash|63/100|[from] item: Life Orb\n|move|p1a: Glaceon|Mud Shot|p2a: Whiscash\n|-supereffective|p2a: Whiscash\n|-damage|p2a: Whiscash|22/100\n|-unboost|p2a: Whiscash|spe|1\n|\n|upkeep\n|turn|8\n|inactive|Time left: 300 sec this turn | 300 sec total\n|\n|t:|1783560220\n|move|p1a: Glaceon|Mud Shot|p2a: Whiscash\n|-supereffective|p2a: Whiscash\n|-damage|p2a: Whiscash|0 fnt\n|faint|p2a: Whiscash\n|\n|upkeep\n|\n|t:|1783560221\n|switch|p2a: Munkidori|Munkidori, L79, M|100/100\n|turn|9\n|inactive|Time left: 300 sec this turn | 300 sec total\n|\n|t:|1783560223\n|move|p2a: Munkidori|Sludge Wave|p1a: Glaceon\n|-damage|p1a: Glaceon|0 fnt\n|faint|p1a: Glaceon\n|\n|upkeep\n|inactive|Time left: 300 sec this turn | 300 sec total | 5 sec grace\n|\n|t:|1783560224\n|switch|p1a: Crawdaunt|Crawdaunt, L84, F|243/243\n|turn|10\n|inactive|Time left: 300 sec this turn | 300 sec total\n|\n|t:|1783560225\n|move|p2a: Munkidori|Sludge Wave|p1a: Crawdaunt\n|-damage|p1a: Crawdaunt|0 fnt\n|faint|p1a: Crawdaunt\n|\n|upkeep\n|inactive|Time left: 300 sec this turn | 300 sec total | 5 sec grace\n|\n|t:|1783560226\n|switch|p1a: Empoleon|Empoleon, L84, F|278/278\n|turn|11\n|inactive|Time left: 300 sec this turn | 300 sec total\n|\n|t:|1783560227\n|switch|p2a: Passimian|Passimian, L83, F|100/100\n|move|p1a: Empoleon|Flip Turn|p2a: Passimian\n|-damage|p2a: Passimian|82/100\n|inactive|Time left: 300 sec this turn | 300 sec total | 5 sec grace\n|\n|t:|1783560228\n|switch|p1a: Typhlosion|Typhlosion-Hisui, L83, M|257/257|[from] Flip Turn\n|\n|-heal|p2a: Passimian|88/100|[from] item: Leftovers\n|upkeep\n|turn|12\n|inactive|Time left: 300 sec this turn | 300 sec total\n|\n|t:|1783560229\n|move|p1a: Typhlosion|Fire Blast|p2a: Passimian\n|-damage|p2a: Passimian|29/100\n|move|p2a: Passimian|Knock Off|p1a: Typhlosion\n|-supereffective|p1a: Typhlosion\n|-damage|p1a: Typhlosion|83/257\n|-enditem|p1a: Typhlosion|Leftovers|[from] move: Knock Off|[of] p2a: Passimian\n|\n|-heal|p2a: Passimian|35/100|[from] item: Leftovers\n|upkeep\n|turn|13\n|inactive|Time left: 300 sec this turn | 300 sec total\n|\n|t:|1783560230\n|switch|p2a: Mandibuzz|Mandibuzz, L85, F|100/100\n|move|p1a: Typhlosion|Shadow Ball|p2a: Mandibuzz\n|-resisted|p2a: Mandibuzz\n|-damage|p2a: Mandibuzz|86/100\n|\n|upkeep\n|turn|14\n|inactive|Time left: 300 sec this turn | 300 sec total\n|\n|t:|1783560231\n|move|p1a: Typhlosion|Fire Blast|p2a: Mandibuzz\n|-damage|p2a: Mandibuzz|28/100\n|move|p2a: Mandibuzz|Knock Off|p1a: Typhlosion\n|-supereffective|p1a: Typhlosion\n|-damage|p1a: Typhlosion|0 fnt\n|faint|p1a: Typhlosion\n|\n|upkeep\n|inactive|Time left: 300 sec this turn | 300 sec total | 5 sec grace\n|\n|t:|1783560232\n|switch|p1a: Empoleon|Empoleon, L84, F|278/278\n|turn|15\n|inactive|Time left: 300 sec this turn | 300 sec total\n|\n|t:|1783560232\n|move|p2a: Mandibuzz|Roost|p2a: Mandibuzz\n|-heal|p2a: Mandibuzz|78/100\n|-singleturn|p2a: Mandibuzz|move: Roost\n|move|p1a: Empoleon|Surf|p2a: Mandibuzz\n|-damage|p2a: Mandibuzz|50/100\n|\n|upkeep\n|turn|16\n|inactive|Time left: 300 sec this turn | 300 sec total\n|\n|t:|1783560233\n|move|p2a: Mandibuzz|Roost|p2a: Mandibuzz\n|-heal|p2a: Mandibuzz|99/100\n|-singleturn|p2a: Mandibuzz|move: Roost\n|move|p1a: Empoleon|Surf|p2a: Mandibuzz\n|-damage|p2a: Mandibuzz|69/100\n|\n|upkeep\n|turn|17\n|inactive|Time left: 300 sec this turn | 300 sec total\n|\n|t:|1783560234\n|move|p2a: Mandibuzz|Roost|p2a: Mandibuzz\n|-heal|p2a: Mandibuzz|100/100\n|-singleturn|p2a: Mandibuzz|move: Roost\n|move|p1a: Empoleon|Surf|p2a: Mandibuzz\n|-damage|p2a: Mandibuzz|72/100\n|\n|upkeep\n|turn|18\n|inactive|Time left: 300 sec this turn | 300 sec total\n|\n|t:|1783560235\n|move|p2a: Mandibuzz|Knock Off|p1a: Empoleon\n|-damage|p1a: Empoleon|203/278\n|-enditem|p1a: Empoleon|Leftovers|[from] move: Knock Off|[of] p2a: Mandibuzz\n|move|p1a: Empoleon|Surf|p2a: Mandibuzz\n|-damage|p2a: Mandibuzz|41/100\n|\n|upkeep\n|turn|19\n|inactive|Time left: 300 sec this turn | 300 sec total\n|\n|t:|1783560237\n|move|p2a: Mandibuzz|Roost|p2a: Mandibuzz\n|-heal|p2a: Mandibuzz|91/100\n|-singleturn|p2a: Mandibuzz|move: Roost\n|move|p1a: Empoleon|Surf|p2a: Mandibuzz\n|-damage|p2a: Mandibuzz|62/100\n|\n|upkeep\n|turn|20\n|inactive|Time left: 300 sec this turn | 300 sec total\n|\n|t:|1783560238\n|move|p2a: Mandibuzz|Roost|p2a: Mandibuzz\n|-heal|p2a: Mandibuzz|100/100\n|-singleturn|p2a: Mandibuzz|move: Roost\n|move|p1a: Empoleon|Surf|p2a: Mandibuzz\n|-damage|p2a: Mandibuzz|70/100\n|\n|upkeep\n|turn|21\n|inactive|Time left: 300 sec this turn | 300 sec total\n|\n|t:|1783560238\n|move|p2a: Mandibuzz|Roost|p2a: Mandibuzz\n|-heal|p2a: Mandibuzz|100/100\n|-singleturn|p2a: Mandibuzz|move: Roost\n|move|p1a: Empoleon|Surf|p2a: Mandibuzz\n|-crit|p2a: Mandibuzz\n|-damage|p2a: Mandibuzz|55/100\n|\n|upkeep\n|turn|22\n|inactive|Time left: 300 sec this turn | 300 sec total\n|\n|t:|1783560239\n|move|p2a: Mandibuzz|Roost|p2a: Mandibuzz\n|-heal|p2a: Mandibuzz|100/100\n|-singleturn|p2a: Mandibuzz|move: Roost\n|move|p1a: Empoleon|Surf|p2a: Mandibuzz\n|-crit|p2a: Mandibuzz\n|-damage|p2a: Mandibuzz|55/100\n|\n|upkeep\n|turn|23\n|inactive|Time left: 300 sec this turn | 300 sec total\n|\n|t:|1783560240\n|move|p2a: Mandibuzz|Roost|p2a: Mandibuzz\n|-heal|p2a: Mandibuzz|100/100\n|-singleturn|p2a: Mandibuzz|move: Roost\n|move|p1a: Empoleon|Surf|p2a: Mandibuzz\n|-damage|p2a: Mandibuzz|71/100\n|\n|upkeep\n|turn|24\n|inactive|Time left: 300 sec this turn | 300 sec total\n|\n|t:|1783560241\n|switch|p2a: Wigglytuff|Wigglytuff, L96, F|100/100\n|move|p1a: Empoleon|Surf|p2a: Wigglytuff\n|-damage|p2a: Wigglytuff|70/100\n|\n|-heal|p2a: Wigglytuff|76/100|[from] item: Leftovers\n|upkeep\n|turn|25\n|inactive|Time left: 300 sec this turn | 300 sec total\n|\n|t:|1783560242\n|move|p1a: Empoleon|Surf|p2a: Wigglytuff\n|-damage|p2a: Wigglytuff|44/100\n|move|p2a: Wigglytuff|Wish|p2a: Wigglytuff\n|\n|-heal|p2a: Wigglytuff|50/100|[from] item: Leftovers\n|upkeep\n|turn|26\n|inactive|Time left: 300 sec this turn | 300 sec total\n|\n|t:|1783560243\n|move|p1a: Empoleon|Surf|p2a: Wigglytuff\n|-damage|p2a: Wigglytuff|16/100\n|move|p2a: Wigglytuff|Fire Blast|p1a: Empoleon\n|-damage|p1a: Empoleon|120/278\n|\n|-heal|p2a: Wigglytuff|66/100|[from] move: Wish|[wisher] Wigglytuff\n|-heal|p2a: Wigglytuff|72/100|[from] item: Leftovers\n|upkeep\n|turn|27\n|inactive|Time left: 300 sec this turn | 300 sec total\n|\n|t:|1783560244\n|move|p1a: Empoleon|Roost|p1a: Empoleon\n|-heal|p1a: Empoleon|259/278\n|-singleturn|p1a: Empoleon|move: Roost\n|move|p2a: Wigglytuff|Wish|p2a: Wigglytuff\n|\n|-heal|p2a: Wigglytuff|78/100|[from] item: Leftovers\n|upkeep\n|turn|28\n|inactive|Time left: 300 sec this turn | 300 sec total\n|\n|t:|1783560245\n|move|p1a: Empoleon|Surf|p2a: Wigglytuff\n|-damage|p2a: Wigglytuff|45/100\n|move|p2a: Wigglytuff|Fire Blast|p1a: Empoleon\n|-damage|p1a: Empoleon|177/278\n|-status|p1a: Empoleon|brn\n|\n|-heal|p2a: Wigglytuff|95/100|[from] move: Wish|[wisher] Wigglytuff\n|-heal|p2a: Wigglytuff|100/100|[from] item: Leftovers\n|-damage|p1a: Empoleon|160/278 brn|[from] brn\n|upkeep\n|turn|29\n|inactive|Time left: 300 sec this turn | 300 sec total\n|\n|t:|1783560247\n|move|p1a: Empoleon|Roost|p1a: Empoleon\n|-heal|p1a: Empoleon|278/278 brn\n|-singleturn|p1a: Empoleon|move: Roost\n|move|p2a: Wigglytuff|Fire Blast|p1a: Empoleon|[miss]\n|-miss|p2a: Wigglytuff|p1a: Empoleon\n|\n|-damage|p1a: Empoleon|261/278 brn|[from] brn\n|upkeep\n|turn|30\n|inactive|Time left: 300 sec this turn | 300 sec total\n|\n|t:|1783560248\n|move|p1a: Empoleon|Surf|p2a: Wigglytuff\n|-damage|p2a: Wigglytuff|67/100\n|move|p2a: Wigglytuff|Fire Blast|p1a: Empoleon\n|-damage|p1a: Empoleon|180/278 brn\n|\n|-heal|p2a: Wigglytuff|73/100|[from] item: Leftovers\n|-damage|p1a: Empoleon|163/278 brn|[from] brn\n|upkeep\n|turn|31\n|inactive|Time left: 300 sec this turn | 300 sec total\n|\n|t:|1783560249\n|move|p1a: Empoleon|Surf|p2a: Wigglytuff\n|-damage|p2a: Wigglytuff|43/100\n|move|p2a: Wigglytuff|Wish|p2a: Wigglytuff\n|\n|-heal|p2a: Wigglytuff|49/100|[from] item: Leftovers\n|-damage|p1a: Empoleon|146/278 brn|[from] brn\n|upkeep\n|turn|32\n|inactive|Time left: 300 sec this turn | 300 sec total\n|\n|t:|1783560250\n|move|p1a: Empoleon|Roost|p1a: Empoleon\n|-heal|p1a: Empoleon|278/278 brn\n|-singleturn|p1a: Empoleon|move: Roost\n|move|p2a: Wigglytuff|Fire Blast|p1a: Empoleon\n|-damage|p1a: Empoleon|189/278 brn\n|\n|-heal|p2a: Wigglytuff|99/100|[from] move: Wish|[wisher] Wigglytuff\n|-heal|p2a: Wigglytuff|100/100|[from] item: Leftovers\n|-damage|p1a: Empoleon|172/278 brn|[from] brn\n|upkeep\n|turn|33\n|inactive|Time left: 300 sec this turn | 300 sec total\n|\n|t:|1783560251\n|move|p1a: Empoleon|Roost|p1a: Empoleon\n|-heal|p1a: Empoleon|278/278 brn\n|-singleturn|p1a: Empoleon|move: Roost\n|move|p2a: Wigglytuff|Fire Blast|p1a: Empoleon\n|-crit|p1a: Empoleon\n|-damage|p1a: Empoleon|162/278 brn\n|\n|-damage|p1a: Empoleon|145/278 brn|[from] brn\n|upkeep\n|turn|34\n|inactive|Time left: 300 sec this turn | 300 sec total\n|\n|t:|1783560253\n|move|p1a: Empoleon|Roost|p1a: Empoleon\n|-heal|p1a: Empoleon|278/278 brn\n|-singleturn|p1a: Empoleon|move: Roost\n|move|p2a: Wigglytuff|Wish|p2a: Wigglytuff\n|\n|-damage|p1a: Empoleon|261/278 brn|[from] brn\n|upkeep\n|turn|35\n|inactive|Time left: 300 sec this turn | 300 sec total\n|\n|t:|1783560253\n|move|p1a: Empoleon|Surf|p2a: Wigglytuff\n|-damage|p2a: Wigglytuff|67/100\n|move|p2a: Wigglytuff|Fire Blast|p1a: Empoleon\n|-damage|p1a: Empoleon|175/278 brn\n|\n|-heal|p2a: Wigglytuff|100/100|[from] move: Wish|[wisher] Wigglytuff\n|-damage|p1a: Empoleon|158/278 brn|[from] brn\n|upkeep\n|turn|36\n|inactive|Time left: 300 sec this turn | 300 sec total\n|\n|t:|1783560255\n|move|p1a: Empoleon|Roost|p1a: Empoleon\n|-heal|p1a: Empoleon|278/278 brn\n|-singleturn|p1a: Empoleon|move: Roost\n|move|p2a: Wigglytuff|Fire Blast|p1a: Empoleon\n|-damage|p1a: Empoleon|190/278 brn\n|\n|-damage|p1a: Empoleon|173/278 brn|[from] brn\n|upkeep\n|turn|37\n|inactive|Time left: 300 sec this turn | 300 sec total\n|\n|t:|1783560256\n|move|p1a: Empoleon|Surf|p2a: Wigglytuff\n|-damage|p2a: Wigglytuff|71/100\n|move|p2a: Wigglytuff|Wish|p2a: Wigglytuff\n|\n|-heal|p2a: Wigglytuff|77/100|[from] item: Leftovers\n|-damage|p1a: Empoleon|156/278 brn|[from] brn\n|upkeep\n|turn|38\n|inactive|Time left: 300 sec this turn | 300 sec total\n|\n|t:|1783560257\n|move|p1a: Empoleon|Roost|p1a: Empoleon\n|-heal|p1a: Empoleon|278/278 brn\n|-singleturn|p1a: Empoleon|move: Roost\n|move|p2a: Wigglytuff|Dazzling Gleam|p1a: Empoleon\n|-resisted|p1a: Empoleon\n|-damage|p1a: Empoleon|233/278 brn\n|\n|-heal|p2a: Wigglytuff|100/100|[from] move: Wish|[wisher] Wigglytuff\n|-damage|p1a: Empoleon|216/278 brn|[from] brn\n|upkeep\n|turn|39\n|inactive|Time left: 300 sec this turn | 300 sec total\n|\n|t:|1783560258\n|move|p1a: Empoleon|Surf|p2a: Wigglytuff\n|-damage|p2a: Wigglytuff|66/100\n|move|p2a: Wigglytuff|Wish|p2a: Wigglytuff\n|\n|-heal|p2a: Wigglytuff|72/100|[from] item: Leftovers\n|-damage|p1a: Empoleon|199/278 brn|[from] brn\n|upkeep\n|turn|40\n|inactive|Time left: 300 sec this turn | 300 sec total\n|\n|t:|1783560259\n|move|p1a: Empoleon|Surf|p2a: Wigglytuff\n|-damage|p2a: Wigglytuff|42/100\n|move|p2a: Wigglytuff|Dazzling Gleam|p1a: Empoleon\n|-resisted|p1a: Empoleon\n|-damage|p1a: Empoleon|153/278 brn\n|\n|-heal|p2a: Wigglytuff|92/100|[from] move: Wish|[wisher] Wigglytuff\n|-heal|p2a: Wigglytuff|99/100|[from] item: Leftovers\n|-damage|p1a: Empoleon|136/278 brn|[from] brn\n|upkeep\n|turn|41\n|inactive|Time left: 300 sec this turn | 300 sec total\n|\n|t:|1783560261\n|move|p1a: Empoleon|Roost|p1a: Empoleon\n|-heal|p1a: Empoleon|275/278 brn\n|-singleturn|p1a: Empoleon|move: Roost\n|move|p2a: Wigglytuff|Wish|p2a: Wigglytuff\n|\n|-heal|p2a: Wigglytuff|100/100|[from] item: Leftovers\n|-damage|p1a: Empoleon|258/278 brn|[from] brn\n|upkeep\n|turn|42\n|inactive|Time left: 300 sec this turn | 300 sec total\n|\n|t:|1783560262\n|move|p1a: Empoleon|Surf|p2a: Wigglytuff\n|-damage|p2a: Wigglytuff|67/100\n|move|p2a: Wigglytuff|Dazzling Gleam|p1a: Empoleon\n|-resisted|p1a: Empoleon\n|-damage|p1a: Empoleon|214/278 brn\n|\n|-heal|p2a: Wigglytuff|100/100|[from] move: Wish|[wisher] Wigglytuff\n|-damage|p1a: Empoleon|197/278 brn|[from] brn\n|upkeep\n|turn|43\n|inactive|Time left: 300 sec this turn | 300 sec total\n|\n|t:|1783560263\n|move|p1a: Empoleon|Surf|p2a: Wigglytuff\n|-damage|p2a: Wigglytuff|68/100\n|move|p2a: Wigglytuff|Dazzling Gleam|p1a: Empoleon\n|-resisted|p1a: Empoleon\n|-damage|p1a: Empoleon|154/278 brn\n|\n|-heal|p2a: Wigglytuff|74/100|[from] item: Leftovers\n|-damage|p1a: Empoleon|137/278 brn|[from] brn\n|upkeep\n|turn|44\n|inactive|Time left: 300 sec this turn | 300 sec total\n|\n|t:|1783560264\n|move|p1a: Empoleon|Surf|p2a: Wigglytuff\n|-damage|p2a: Wigglytuff|42/100\n|move|p2a: Wigglytuff|Wish|p2a: Wigglytuff\n|\n|-heal|p2a: Wigglytuff|48/100|[from] item: Leftovers\n|-damage|p1a: Empoleon|120/278 brn|[from] brn\n|upkeep\n|turn|45\n|inactive|Time left: 300 sec this turn | 300 sec total\n|\n|t:|1783560265\n|move|p1a: Empoleon|Surf|p2a: Wigglytuff\n|-damage|p2a: Wigglytuff|17/100\n|move|p2a: Wigglytuff|Dazzling Gleam|p1a: Empoleon\n|-resisted|p1a: Empoleon\n|-damage|p1a: Empoleon|74/278 brn\n|\n|-heal|p2a: Wigglytuff|67/100|[from] move: Wish|[wisher] Wigglytuff\n|-heal|p2a: Wigglytuff|73/100|[from] item: Leftovers\n|-damage|p1a: Empoleon|57/278 brn|[from] brn\n|upkeep\n|turn|46\n|inactive|Time left: 300 sec this turn | 300 sec total\n|\n|t:|1783560267\n|move|p1a: Empoleon|Knock Off|p2a: Wigglytuff\n|-resisted|p2a: Wigglytuff\n|-damage|p2a: Wigglytuff|67/100\n|-enditem|p2a: Wigglytuff|Leftovers|[from] move: Knock Off|[of] p1a: Empoleon\n|move|p2a: Wigglytuff|Wish|p2a: Wigglytuff\n|\n|-damage|p1a: Empoleon|40/278 brn|[from] brn\n|upkeep\n|turn|47\n|inactive|Time left: 300 sec this turn | 300 sec total\n|\n|t:|1783560268\n|switch|p2a: Mandibuzz|Mandibuzz, L85, F|71/100\n|move|p1a: Empoleon|Knock Off|p2a: Mandibuzz\n|-resisted|p2a: Mandibuzz\n|-crit|p2a: Mandibuzz\n|-damage|p2a: Mandibuzz|65/100\n|-enditem|p2a: Mandibuzz|Heavy-Duty Boots|[from] move: Knock Off|[of] p1a: Empoleon\n|\n|-heal|p2a: Mandibuzz|100/100|[from] move: Wish|[wisher] Wigglytuff\n|-damage|p1a: Empoleon|23/278 brn|[from] brn\n|upkeep\n|turn|48\n|inactive|Time left: 300 sec this turn | 300 sec total\n|\n|t:|1783560269\n|move|p2a: Mandibuzz|Knock Off|p1a: Empoleon\n|-damage|p1a: Empoleon|0 fnt\n|faint|p1a: Empoleon\n|\n|upkeep\n|inactive|Time left: 300 sec this turn | 300 sec total | 5 sec grace\n|\n|t:|1783560270\n|switch|p1a: Blaziken|Blaziken, L76, F|247/247\n|turn|49\n|inactive|Time left: 300 sec this turn | 300 sec total\n|\n|t:|1783560271\n|move|p2a: Mandibuzz|Brave Bird|p1a: Blaziken\n|-supereffective|p1a: Blaziken\n|-damage|p1a: Blaziken|0 fnt\n|faint|p1a: Blaziken\n|-damage|p2a: Mandibuzz|75/100|[from] Recoil\n|\n|win|p0y1811d53e", "uploadtime": 1783560271, "views": 0, "rating": 0, "private": 0, "password": null, "_winner": "p0y1811d53e", "_our_name": "p0x181119d5"}