{"id": "battle-gen9randombattle-2750", "formatid": "gen9randombattle", "format": "[Gen 9] Random Battle", "players": ["p0x27507ac2", "p0y27505372"], "log": "|init|battle\n|title|p0x27507ac2 vs. p0y27505372\n|j|\u2606p0x27507ac2\n|j|\u2606p0y27505372\n|t:|1783570690\n|gametype|singles\n|player|p1|p0x27507ac2|2|\n|player|p2|p0y27505372|169|\n|gen|9\n|tier|[Gen 9] Random Battle\n|rule|Species Clause: Limit one of each Pok\u00e9mon\n|rule|HP Percentage Mod: HP is shown in percentages\n|rule|Sleep Clause Mod: Limit one foe put to sleep\n|rule|Illusion Level Mod: Illusion disguises the Pok\u00e9mon's true level\n|\n|t:|1783570690\n|teamsize|p1|6\n|teamsize|p2|6\n|start\n|switch|p1a: Empoleon|Empoleon, L84, F|100/100\n|switch|p2a: Skeledirge|Skeledirge, L79, M|294/294\n|turn|1\n|inactive|Battle timer is ON: inactive players will automatically lose when time's up. (requested by p0x27507ac2)\n|inactive|Time left: 300 sec this turn | 300 sec total | 60 sec grace\n|inactive|p0y27505372 also wants the timer to be on.\n|\n|t:|1783570692\n|move|p2a: Skeledirge|Torch Song|p1a: Empoleon\n|-damage|p1a: Empoleon|72/100\n|-boost|p2a: Skeledirge|spa|1\n|move|p1a: Empoleon|Surf|p2a: Skeledirge\n|-supereffective|p2a: Skeledirge\n|-damage|p2a: Skeledirge|54/294\n|\n|-heal|p1a: Empoleon|79/100|[from] item: Leftovers\n|upkeep\n|turn|2\n|inactive|Time left: 300 sec this turn | 300 sec total\n|\n|t:|1783570694\n|-terastallize|p2a: Skeledirge|Water\n|move|p2a: Skeledirge|Slack Off|p2a: Skeledirge\n|-heal|p2a: Skeledirge|201/294\n|move|p1a: Empoleon|Surf|p2a: Skeledirge\n|-resisted|p2a: Skeledirge\n|-damage|p2a: Skeledirge|132/294\n|\n|-heal|p1a: Empoleon|85/100|[from] item: Leftovers\n|upkeep\n|turn|3\n|inactive|Time left: 300 sec this turn | 300 sec total\n|\n|t:|1783570695\n|move|p2a: Skeledirge|Slack Off|p2a: Skeledirge\n|-heal|p2a: Skeledirge|279/294\n|move|p1a: Empoleon|Flip Turn|p2a: Skeledirge\n|-resisted|p2a: Skeledirge\n|-damage|p2a: Skeledirge|252/294\n|\n|t:|1783570695\n|switch|p1a: Shiftry|Shiftry, L89, M|100/100|[from] Flip Turn\n|\n|upkeep\n|turn|4\n|inactive|Time left: 300 sec this turn | 300 sec total\n|\n|t:|1783570696\n|move|p1a: Shiftry|Leaf Blade|p2a: Skeledirge\n|-supereffective|p2a: Skeledirge\n|-damage|p2a: Skeledirge|0 fnt\n|faint|p2a: Skeledirge\n|-damage|p1a: Shiftry|91/100|[from] item: Life Orb\n|\n|upkeep\n|inactive|Time left: 300 sec this turn | 300 sec total | 5 sec grace\n|\n|t:|1783570697\n|switch|p2a: Yanmega|Yanmega, L82, F|275/275\n|turn|5\n|inactive|Time left: 300 sec this turn | 300 sec total\n|\n|t:|1783570698\n|switch|p1a: Empoleon|Empoleon, L84, F|85/100\n|move|p2a: Yanmega|Bug Buzz|p1a: Empoleon\n|-resisted|p1a: Empoleon\n|-damage|p1a: Empoleon|70/100\n|\n|-heal|p1a: Empoleon|76/100|[from] item: Leftovers\n|-ability|p2a: Yanmega|Speed Boost|boost\n|-boost|p2a: Yanmega|spe|1\n|upkeep\n|turn|6\n|inactive|Time left: 300 sec this turn | 300 sec total\n|\n|t:|1783570699\n|move|p2a: Yanmega|Air Slash|p1a: Empoleon\n|-resisted|p1a: Empoleon\n|-crit|p1a: Empoleon\n|-damage|p1a: Empoleon|54/100\n|move|p1a: Empoleon|Ice Beam|p2a: Yanmega\n|-supereffective|p2a: Yanmega\n|-damage|p2a: Yanmega|63/275\n|\n|-heal|p1a: Empoleon|60/100|[from] item: Leftovers\n|-ability|p2a: Yanmega|Speed Boost|boost\n|-boost|p2a: Yanmega|spe|1\n|upkeep\n|turn|7\n|inactive|Time left: 300 sec this turn | 300 sec total\n|\n|t:|1783570700\n|move|p2a: Yanmega|Protect|p2a: Yanmega\n|-singleturn|p2a: Yanmega|Protect\n|move|p1a: Empoleon|Surf|p2a: Yanmega\n|-activate|p2a: Yanmega|move: Protect\n|\n|-heal|p1a: Empoleon|66/100|[from] item: Leftovers\n|-ability|p2a: Yanmega|Speed Boost|boost\n|-boost|p2a: Yanmega|spe|1\n|upkeep\n|turn|8\n|inactive|Time left: 300 sec this turn | 300 sec total\n|\n|t:|1783570701\n|move|p2a: Yanmega|Air Slash|p1a: Empoleon\n|-resisted|p1a: Empoleon\n|-damage|p1a: Empoleon|52/100\n|move|p1a: Empoleon|Ice Beam|p2a: Yanmega\n|-supereffective|p2a: Yanmega\n|-damage|p2a: Yanmega|0 fnt\n|faint|p2a: Yanmega\n|\n|-heal|p1a: Empoleon|58/100|[from] item: Leftovers\n|upkeep\n|inactive|Time left: 300 sec this turn | 300 sec total | 5 sec grace\n|\n|t:|1783570702\n|switch|p2a: Miraidon|Miraidon, L65|238/238\n|-fieldstart|move: Electric Terrain|[from] ability: Hadron Engine|[of] p2a: Miraidon\n|turn|9\n|inactive|Time left: 300 sec this turn | 300 sec total\n|\n|t:|1783570703\n|move|p2a: Miraidon|Electro Drift|p1a: Empoleon\n|-supereffective|p1a: Empoleon\n|-damage|p1a: Empoleon|0 fnt\n|faint|p1a: Empoleon\n|\n|upkeep\n|\n|t:|1783570704\n|switch|p1a: Noivern|Noivern, L82, F|100/100\n|turn|10\n|inactive|Time left: 300 sec this turn | 300 sec total\n|\n|t:|1783570705\n|move|p1a: Noivern|Draco Meteor|p2a: Miraidon\n|-supereffective|p2a: Miraidon\n|-damage|p2a: Miraidon|0 fnt\n|-unboost|p1a: Noivern|spa|2\n|faint|p2a: Miraidon\n|\n|upkeep\n|inactive|Time left: 300 sec this turn | 300 sec total | 5 sec grace\n|\n|t:|1783570706\n|switch|p2a: Wo-Chien|Wo-Chien, L83|277/277\n|-ability|p2a: Wo-Chien|Tablets of Ruin\n|turn|11\n|inactive|Time left: 300 sec this turn | 300 sec total\n|\n|t:|1783570707\n|switch|p1a: Overqwil|Overqwil, L82, F|100/100\n|-ability|p1a: Overqwil|Intimidate|boost\n|-unboost|p2a: Wo-Chien|atk|1\n|move|p2a: Wo-Chien|Ruination|p1a: Overqwil\n|-damage|p1a: Overqwil|50/100\n|\n|upkeep\n|turn|12\n|inactive|Time left: 300 sec this turn | 300 sec total\n|\n|t:|1783570708\n|switch|p2a: Overqwil|Overqwil, L82, M|274/274\n|-ability|p2a: Overqwil|Intimidate|boost\n|-unboost|p1a: Overqwil|atk|1\n|move|p1a: Overqwil|Gunk Shot|p2a: Overqwil\n|-resisted|p2a: Overqwil\n|-damage|p2a: Overqwil|208/274\n|\n|upkeep\n|turn|13\n|inactive|Time left: 300 sec this turn | 300 sec total\n|\n|t:|1783570709\n|move|p1a: Overqwil|Gunk Shot|p2a: Overqwil|[miss]\n|-miss|p1a: Overqwil|p2a: Overqwil\n|move|p2a: Overqwil|Swords Dance|p2a: Overqwil\n|-boost|p2a: Overqwil|atk|2\n|\n|-fieldend|move: Electric Terrain\n|upkeep\n|turn|14\n|inactive|Time left: 300 sec this turn | 300 sec total\n|\n|t:|1783570710\n|move|p1a: Overqwil|Gunk Shot|p2a: Overqwil\n|-resisted|p2a: Overqwil\n|-damage|p2a: Overqwil|147/274\n|move|p2a: Overqwil|Scale Shot|p1a: Overqwil\n|-damage|p1a: Overqwil|37/100\n|-damage|p1a: Overqwil|23/100\n|-damage|p1a: Overqwil|10/100\n|-damage|p1a: Overqwil|0 fnt\n|faint|p1a: Overqwil\n|-hitcount|p1: Overqwil|4\n|-unboost|p2a: Overqwil|def|1\n|-boost|p2a: Overqwil|spe|1\n|\n|upkeep\n|\n|t:|1783570711\n|switch|p1a: Lumineon|Lumineon, L93, M|100/100\n|turn|15\n|inactive|Time left: 300 sec this turn | 300 sec total\n|\n|t:|1783570712\n|move|p2a: Overqwil|Gunk Shot|p1a: Lumineon\n|-damage|p1a: Lumineon|0 fnt\n|faint|p1a: Lumineon\n|\n|upkeep\n|\n|t:|1783570713\n|switch|p1a: Shiftry|Shiftry, L89, M|91/100\n|turn|16\n|inactive|Time left: 300 sec this turn | 300 sec total\n|\n|t:|1783570714\n|move|p2a: Overqwil|Gunk Shot|p1a: Shiftry\n|-supereffective|p1a: Shiftry\n|-damage|p1a: Shiftry|0 fnt\n|faint|p1a: Shiftry\n|\n|upkeep\n|\n|t:|1783570715\n|switch|p1a: Noivern|Noivern, L82, F|100/100\n|turn|17\n|inactive|Time left: 300 sec this turn | 300 sec total\n|\n|t:|1783570716\n|-terastallize|p1a: Noivern|Fire\n|move|p2a: Overqwil|Gunk Shot|p1a: Noivern|[miss]\n|-miss|p2a: Overqwil|p1a: Noivern\n|move|p1a: Noivern|Draco Meteor|p2a: Overqwil\n|-damage|p2a: Overqwil|0 fnt\n|-unboost|p1a: Noivern|spa|2\n|faint|p2a: Overqwil\n|\n|upkeep\n|inactive|Time left: 300 sec this turn | 300 sec total | 5 sec grace\n|\n|t:|1783570716\n|switch|p2a: Wo-Chien|Wo-Chien, L83|277/277\n|-ability|p2a: Wo-Chien|Tablets of Ruin\n|turn|18\n|inactive|Time left: 300 sec this turn | 300 sec total\n|\n|t:|1783570717\n|switch|p1a: Ninetales|Ninetales, L85, M|100/100\n|-weather|SunnyDay|[from] ability: Drought|[of] p1a: Ninetales\n|move|p2a: Wo-Chien|Knock Off|p1a: Ninetales\n|-damage|p1a: Ninetales|60/100\n|-enditem|p1a: Ninetales|Heavy-Duty Boots|[from] move: Knock Off|[of] p2a: Wo-Chien\n|\n|-weather|SunnyDay|[upkeep]\n|upkeep\n|turn|19\n|inactive|Time left: 300 sec this turn | 300 sec total\n|\n|t:|1783570718\n|move|p1a: Ninetales|Nasty Plot|p1a: Ninetales\n|-boost|p1a: Ninetales|spa|2\n|move|p2a: Wo-Chien|Stun Spore|p1a: Ninetales|[miss]\n|-miss|p2a: Wo-Chien|p1a: Ninetales\n|\n|-weather|SunnyDay|[upkeep]\n|upkeep\n|turn|20\n|inactive|Time left: 300 sec this turn | 300 sec total\n|\n|t:|1783570719\n|switch|p2a: Forretress|Forretress, L84, M|263/263\n|move|p1a: Ninetales|Fire Blast|p2a: Forretress\n|-supereffective|p2a: Forretress\n|-ability|p2a: Forretress|Sturdy\n|-damage|p2a: Forretress|1/263\n|\n|-weather|SunnyDay|[upkeep]\n|-heal|p2a: Forretress|17/263|[from] item: Leftovers\n|upkeep\n|turn|21\n|inactive|Time left: 300 sec this turn | 300 sec total\n|\n|t:|1783570720\n|move|p1a: Ninetales|Fire Blast|p2a: Forretress\n|-supereffective|p2a: Forretress\n|-damage|p2a: Forretress|0 fnt\n|faint|p2a: Forretress\n|\n|-weather|SunnyDay|[upkeep]\n|upkeep\n|inactive|Time left: 300 sec this turn | 300 sec total | 5 sec grace\n|\n|t:|1783570721\n|switch|p2a: Wo-Chien|Wo-Chien, L83|277/277\n|-ability|p2a: Wo-Chien|Tablets of Ruin\n|turn|22\n|inactive|Time left: 300 sec this turn | 300 sec total\n|\n|t:|1783570721\n|move|p1a: Ninetales|Fire Blast|p2a: Wo-Chien\n|-supereffective|p2a: Wo-Chien\n|-damage|p2a: Wo-Chien|0 fnt\n|faint|p2a: Wo-Chien\n|\n|win|p0x27507ac2", "uploadtime": 1783570721, "views": 0, "rating": 0, "private": 0, "password": null, "_winner": "p0x27507ac2", "_our_name": "p0y27505372"}