{"id": "battle-gen9randombattle-438", "formatid": "gen9randombattle", "format": "[Gen 9] Random Battle", "players": ["p0x4384574", "p0y4387026"], "log": "|init|battle\n|title|p0x4384574 vs. p0y4387026\n|j|\u2606p0x4384574\n|j|\u2606p0y4387026\n|t:|1783544808\n|gametype|singles\n|player|p1|p0x4384574|2|\n|player|p2|p0y4387026|1|\n|gen|9\n|tier|[Gen 9] Random Battle\n|rule|Species Clause: Limit one of each Pok\u00e9mon\n|rule|HP Percentage Mod: HP is shown in percentages\n|rule|Sleep Clause Mod: Limit one foe put to sleep\n|rule|Illusion Level Mod: Illusion disguises the Pok\u00e9mon's true level\n|\n|t:|1783544808\n|teamsize|p1|6\n|teamsize|p2|6\n|start\n|switch|p1a: Araquanid|Araquanid, L82, F|246/246\n|switch|p2a: Inteleon|Inteleon, L81, F|100/100\n|turn|1\n|inactive|Battle timer is ON: inactive players will automatically lose when time's up. (requested by p0y4387026)\n|inactive|Time left: 300 sec this turn | 300 sec total | 60 sec grace\n|inactive|p0x4384574 also wants the timer to be on.\n|\n|t:|1783544810\n|switch|p2a: Conkeldurr|Conkeldurr, L80, F|100/100\n|move|p1a: Araquanid|Sticky Web|p2a: Conkeldurr\n|-sidestart|p2: p0y4387026|move: Sticky Web\n|\n|-status|p2a: Conkeldurr|brn|[from] item: Flame Orb\n|upkeep\n|turn|2\n|inactive|Time left: 300 sec this turn | 300 sec total\n|\n|t:|1783544811\n|switch|p1a: Hydrapple|Hydrapple, L83, M|312/312\n|move|p2a: Conkeldurr|Facade|p1a: Hydrapple\n|-damage|p1a: Hydrapple|167/312\n|\n|-damage|p2a: Conkeldurr|94/100 brn|[from] brn\n|upkeep\n|turn|3\n|inactive|Time left: 300 sec this turn | 300 sec total\n|\n|t:|1783544812\n|move|p1a: Hydrapple|Giga Drain|p2a: Conkeldurr\n|-damage|p2a: Conkeldurr|42/100 brn\n|-heal|p1a: Hydrapple|245/312|[from] drain|[of] p2a: Conkeldurr\n|-damage|p1a: Hydrapple|214/312|[from] item: Life Orb\n|move|p2a: Conkeldurr|Close Combat|p1a: Hydrapple\n|-damage|p1a: Hydrapple|30/312\n|-unboost|p2a: Conkeldurr|def|1\n|-unboost|p2a: Conkeldurr|spd|1\n|\n|-damage|p2a: Conkeldurr|36/100 brn|[from] brn\n|upkeep\n|turn|4\n|inactive|Time left: 300 sec this turn | 300 sec total\n|\n|t:|1783544813\n|switch|p2a: Ariados|Ariados, L95, M|100/100\n|move|p1a: Hydrapple|Giga Drain|p2a: Ariados\n|-resisted|p2a: Ariados\n|-damage|p2a: Ariados|90/100\n|-heal|p1a: Hydrapple|46/312|[from] drain|[of] p2a: Ariados\n|-damage|p1a: Hydrapple|15/312|[from] item: Life Orb\n|\n|upkeep\n|turn|5\n|inactive|Time left: 300 sec this turn | 300 sec total\n|\n|t:|1783544815\n|switch|p1a: Chi-Yu|Chi-Yu, L77|211/211\n|-ability|p1a: Chi-Yu|Beads of Ruin\n|move|p2a: Ariados|Sticky Web|p1a: Chi-Yu\n|-sidestart|p1: p0x4384574|move: Sticky Web\n|\n|upkeep\n|turn|6\n|inactive|Time left: 300 sec this turn | 300 sec total\n|\n|t:|1783544816\n|switch|p2a: Tentacruel|Tentacruel, L84, F|100/100\n|-activate|p2a: Tentacruel|move: Sticky Web\n|-unboost|p2a: Tentacruel|spe|1\n|move|p1a: Chi-Yu|Flamethrower|p2a: Tentacruel\n|-resisted|p2a: Tentacruel\n|-damage|p2a: Tentacruel|81/100\n|\n|-heal|p2a: Tentacruel|87/100|[from] item: Leftovers\n|upkeep\n|turn|7\n|inactive|Time left: 300 sec this turn | 300 sec total\n|\n|t:|1783544817\n|move|p1a: Chi-Yu|Flamethrower|p2a: Tentacruel\n|-resisted|p2a: Tentacruel\n|-damage|p2a: Tentacruel|66/100\n|move|p2a: Tentacruel|Rapid Spin|p1a: Chi-Yu\n|-damage|p1a: Chi-Yu|176/211\n|-boost|p2a: Tentacruel|spe|1\n|-sideend|p2: p0y4387026|Sticky Web|[from] move: Rapid Spin|[of] p2a: Tentacruel\n|\n|-heal|p2a: Tentacruel|73/100|[from] item: Leftovers\n|upkeep\n|turn|8\n|inactive|Time left: 300 sec this turn | 300 sec total\n|\n|t:|1783544819\n|move|p1a: Chi-Yu|Flamethrower|p2a: Tentacruel\n|-resisted|p2a: Tentacruel\n|-damage|p2a: Tentacruel|54/100\n|move|p2a: Tentacruel|Surf|p1a: Chi-Yu\n|-supereffective|p1a: Chi-Yu\n|-damage|p1a: Chi-Yu|24/211\n|\n|-heal|p2a: Tentacruel|60/100|[from] item: Leftovers\n|upkeep\n|turn|9\n|inactive|Time left: 300 sec this turn | 300 sec total\n|\n|t:|1783544820\n|move|p1a: Chi-Yu|Flamethrower|p2a: Tentacruel\n|-resisted|p2a: Tentacruel\n|-damage|p2a: Tentacruel|41/100\n|move|p2a: Tentacruel|Sludge Bomb|p1a: Chi-Yu\n|-damage|p1a: Chi-Yu|0 fnt\n|faint|p1a: Chi-Yu\n|\n|-heal|p2a: Tentacruel|47/100|[from] item: Leftovers\n|upkeep\n|inactive|Time left: 300 sec this turn | 300 sec total | 5 sec grace\n|\n|t:|1783544821\n|switch|p1a: Araquanid|Araquanid, L82, F|246/246\n|turn|10\n|inactive|Time left: 300 sec this turn | 300 sec total\n|\n|t:|1783544822\n|move|p2a: Tentacruel|Toxic Spikes|p1a: Araquanid\n|-sidestart|p1: p0x4384574|move: Toxic Spikes\n|move|p1a: Araquanid|Sticky Web|p2a: Tentacruel\n|-sidestart|p2: p0y4387026|move: Sticky Web\n|\n|-heal|p2a: Tentacruel|53/100|[from] item: Leftovers\n|upkeep\n|turn|11\n|inactive|Time left: 300 sec this turn | 300 sec total\n|\n|t:|1783544823\n|move|p2a: Tentacruel|Rapid Spin|p1a: Araquanid\n|-damage|p1a: Araquanid|216/246\n|-boost|p2a: Tentacruel|spe|1\n|-sideend|p2: p0y4387026|Sticky Web|[from] move: Rapid Spin|[of] p2a: Tentacruel\n|move|p1a: Araquanid|Liquidation|p2a: Tentacruel\n|-resisted|p2a: Tentacruel\n|-damage|p2a: Tentacruel|20/100\n|-unboost|p2a: Tentacruel|def|1\n|\n|-heal|p2a: Tentacruel|27/100|[from] item: Leftovers\n|upkeep\n|turn|12\n|inactive|Time left: 300 sec this turn | 300 sec total\n|\n|t:|1783544825\n|move|p2a: Tentacruel|Sludge Bomb|p1a: Araquanid\n|-damage|p1a: Araquanid|156/246\n|-status|p1a: Araquanid|psn\n|move|p1a: Araquanid|Sticky Web|p2a: Tentacruel\n|-sidestart|p2: p0y4387026|move: Sticky Web\n|\n|-heal|p2a: Tentacruel|33/100|[from] item: Leftovers\n|-damage|p1a: Araquanid|126/246 psn|[from] psn\n|upkeep\n|turn|13\n|inactive|Time left: 300 sec this turn | 300 sec total\n|\n|t:|1783544826\n|move|p2a: Tentacruel|Rapid Spin|p1a: Araquanid\n|-damage|p1a: Araquanid|96/246 psn\n|-boost|p2a: Tentacruel|spe|1\n|-sideend|p2: p0y4387026|Sticky Web|[from] move: Rapid Spin|[of] p2a: Tentacruel\n|move|p1a: Araquanid|Liquidation|p2a: Tentacruel\n|-resisted|p2a: Tentacruel\n|-damage|p2a: Tentacruel|0 fnt\n|faint|p2a: Tentacruel\n|\n|-damage|p1a: Araquanid|66/246 psn|[from] psn\n|upkeep\n|\n|t:|1783544827\n|switch|p2a: Kingambit|Kingambit, L74, M|100/100\n|-activate|p2a: Kingambit|ability: Supreme Overlord\n|-start|p2a: Kingambit|fallen1|[silent]\n|turn|14\n|inactive|Time left: 300 sec this turn | 300 sec total\n|\n|t:|1783544828\n|move|p2a: Kingambit|Kowtow Cleave|p1a: Araquanid\n|-damage|p1a: Araquanid|0 fnt\n|faint|p1a: Araquanid\n|\n|upkeep\n|inactive|Time left: 300 sec this turn | 300 sec total | 5 sec grace\n|\n|t:|1783544829\n|switch|p1a: Ludicolo|Ludicolo, L90, F|290/290\n|-activate|p1a: Ludicolo|move: Sticky Web\n|-unboost|p1a: Ludicolo|spe|1\n|-status|p1a: Ludicolo|psn\n|turn|15\n|inactive|Time left: 300 sec this turn | 300 sec total\n|\n|t:|1783544830\n|move|p1a: Ludicolo|Hydro Pump|p2a: Kingambit|[miss]\n|-miss|p1a: Ludicolo|p2a: Kingambit\n|move|p2a: Kingambit|Swords Dance|p2a: Kingambit\n|-boost|p2a: Kingambit|atk|2\n|\n|-damage|p1a: Ludicolo|254/290 psn|[from] psn\n|upkeep\n|turn|16\n|inactive|Time left: 300 sec this turn | 300 sec total\n|\n|t:|1783544831\n|-terastallize|p1a: Ludicolo|Water\n|move|p1a: Ludicolo|Hydro Pump|p2a: Kingambit\n|-damage|p2a: Kingambit|0 fnt\n|faint|p2a: Kingambit\n|-end|p2a: Kingambit|fallen1|[silent]\n|\n|-damage|p1a: Ludicolo|218/290 psn|[from] psn\n|upkeep\n|\n|t:|1783544832\n|switch|p2a: Indeedee|Indeedee, L84, M|100/100\n|-fieldstart|move: Psychic Terrain|[from] ability: Psychic Surge|[of] p2a: Indeedee\n|turn|17\n|inactive|Time left: 300 sec this turn | 300 sec total\n|\n|t:|1783544833\n|-terastallize|p2a: Indeedee|Psychic\n|move|p2a: Indeedee|Expanding Force|p1a: Ludicolo\n|-damage|p1a: Ludicolo|0 fnt\n|faint|p1a: Ludicolo\n|-damage|p2a: Indeedee|91/100|[from] item: Life Orb\n|\n|upkeep\n|inactive|Time left: 300 sec this turn | 300 sec total | 5 sec grace\n|\n|t:|1783544834\n|switch|p1a: Fezandipiti|Fezandipiti, L82, M|278/278\n|-activate|p1a: Fezandipiti|move: Sticky Web\n|-unboost|p1a: Fezandipiti|spe|1\n|-sideend|p1: p0x4384574|move: Toxic Spikes|[of] p1a: Fezandipiti\n|turn|18\n|inactive|Time left: 300 sec this turn | 300 sec total\n|\n|t:|1783544835\n|switch|p1a: Hypno|Hypno, L95, M|315/315\n|-activate|p1a: Hypno|move: Sticky Web\n|-unboost|p1a: Hypno|spe|1\n|move|p2a: Indeedee|Expanding Force|p1a: Hypno\n|-resisted|p1a: Hypno\n|-damage|p1a: Hypno|210/315\n|-damage|p2a: Indeedee|81/100|[from] item: Life Orb\n|\n|-heal|p1a: Hypno|229/315|[from] item: Leftovers\n|upkeep\n|turn|19\n|inactive|Time left: 300 sec this turn | 300 sec total\n|\n|t:|1783544836\n|move|p2a: Indeedee|Calm Mind|p2a: Indeedee\n|-boost|p2a: Indeedee|spa|1\n|-boost|p2a: Indeedee|spd|1\n|move|p1a: Hypno|Toxic|p2a: Indeedee\n|-status|p2a: Indeedee|tox\n|\n|-heal|p1a: Hypno|248/315|[from] item: Leftovers\n|-damage|p2a: Indeedee|75/100 tox|[from] psn\n|upkeep\n|turn|20\n|inactive|Time left: 300 sec this turn | 300 sec total\n|\n|t:|1783544837\n|move|p1a: Hypno|Protect|p1a: Hypno\n|-singleturn|p1a: Hypno|Protect\n|move|p2a: Indeedee|Expanding Force|p1a: Hypno\n|-activate|p1a: Hypno|move: Protect\n|\n|-heal|p1a: Hypno|267/315|[from] item: Leftovers\n|-damage|p2a: Indeedee|64/100 tox|[from] psn\n|upkeep\n|turn|21\n|inactive|Time left: 300 sec this turn | 300 sec total\n|\n|t:|1783544838\n|move|p2a: Indeedee|Expanding Force|p1a: Hypno\n|-resisted|p1a: Hypno\n|-damage|p1a: Hypno|116/315\n|-damage|p2a: Indeedee|54/100 tox|[from] item: Life Orb\n|move|p1a: Hypno|Psychic Noise|p2a: Indeedee\n|-resisted|p2a: Indeedee\n|-damage|p2a: Indeedee|40/100 tox\n|-start|p2a: Indeedee|move: Heal Block\n|\n|-heal|p1a: Hypno|135/315|[from] item: Leftovers\n|-damage|p2a: Indeedee|23/100 tox|[from] psn\n|-fieldend|move: Psychic Terrain\n|upkeep\n|turn|22\n|inactive|Time left: 300 sec this turn | 300 sec total\n|\n|t:|1783544839\n|move|p1a: Hypno|Protect|p1a: Hypno\n|-singleturn|p1a: Hypno|Protect\n|move|p2a: Indeedee|Hyper Voice|p1a: Hypno\n|-activate|p1a: Hypno|move: Protect\n|\n|-heal|p1a: Hypno|154/315|[from] item: Leftovers\n|-damage|p2a: Indeedee|0 fnt|[from] psn\n|faint|p2a: Indeedee\n|upkeep\n|\n|t:|1783544840\n|switch|p2a: Ariados|Ariados, L95, M|90/100\n|turn|23\n|inactive|Time left: 300 sec this turn | 300 sec total\n|\n|t:|1783544841\n|move|p2a: Ariados|Knock Off|p1a: Hypno\n|-supereffective|p1a: Hypno\n|-damage|p1a: Hypno|0 fnt\n|-enditem|p1a: Hypno|Leftovers|[from] move: Knock Off|[of] p2a: Ariados\n|faint|p1a: Hypno\n|\n|upkeep\n|inactive|Time left: 300 sec this turn | 300 sec total | 5 sec grace\n|\n|t:|1783544842\n|switch|p1a: Hydrapple|Hydrapple, L83, M|119/312\n|-activate|p1a: Hydrapple|move: Sticky Web\n|-unboost|p1a: Hydrapple|spe|1\n|turn|24\n|inactive|Time left: 300 sec this turn | 300 sec total\n|\n|t:|1783544843\n|switch|p1a: Fezandipiti|Fezandipiti, L82, M|278/278\n|-activate|p1a: Fezandipiti|move: Sticky Web\n|-unboost|p1a: Fezandipiti|spe|1\n|move|p2a: Ariados|Poison Jab|p1a: Fezandipiti\n|-crit|p1a: Fezandipiti\n|-damage|p1a: Fezandipiti|97/278\n|\n|-heal|p1a: Fezandipiti|114/278|[from] item: Leftovers\n|upkeep\n|turn|25\n|inactive|Time left: 300 sec this turn | 300 sec total\n|\n|t:|1783544844\n|move|p1a: Fezandipiti|Roost|p1a: Fezandipiti\n|-heal|p1a: Fezandipiti|253/278\n|-singleturn|p1a: Fezandipiti|move: Roost\n|move|p2a: Ariados|Poison Jab|p1a: Fezandipiti\n|-damage|p1a: Fezandipiti|139/278\n|\n|-heal|p1a: Fezandipiti|156/278|[from] item: Leftovers\n|upkeep\n|turn|26\n|inactive|Time left: 300 sec this turn | 300 sec total\n|\n|t:|1783544845\n|move|p1a: Fezandipiti|Roost|p1a: Fezandipiti\n|-heal|p1a: Fezandipiti|278/278\n|-singleturn|p1a: Fezandipiti|move: Roost\n|move|p2a: Ariados|Poison Jab|p1a: Fezandipiti\n|-damage|p1a: Fezandipiti|166/278\n|\n|-heal|p1a: Fezandipiti|183/278|[from] item: Leftovers\n|upkeep\n|turn|27\n|inactive|Time left: 300 sec this turn | 300 sec total\n|\n|t:|1783544846\n|move|p1a: Fezandipiti|Moonblast|p2a: Ariados\n|-resisted|p2a: Ariados\n|-damage|p2a: Ariados|76/100\n|move|p2a: Ariados|Poison Jab|p1a: Fezandipiti\n|-damage|p1a: Fezandipiti|68/278\n|\n|-heal|p1a: Fezandipiti|85/278|[from] item: Leftovers\n|upkeep\n|turn|28\n|inactive|Time left: 300 sec this turn | 300 sec total\n|\n|t:|1783544847\n|move|p1a: Fezandipiti|Roost|p1a: Fezandipiti\n|-heal|p1a: Fezandipiti|224/278\n|-singleturn|p1a: Fezandipiti|move: Roost\n|move|p2a: Ariados|Poison Jab|p1a: Fezandipiti\n|-damage|p1a: Fezandipiti|104/278\n|\n|-heal|p1a: Fezandipiti|121/278|[from] item: Leftovers\n|upkeep\n|turn|29\n|inactive|Time left: 300 sec this turn | 300 sec total\n|\n|t:|1783544847\n|move|p1a: Fezandipiti|Roost|p1a: Fezandipiti\n|-heal|p1a: Fezandipiti|260/278\n|-singleturn|p1a: Fezandipiti|move: Roost\n|move|p2a: Ariados|Knock Off|p1a: Fezandipiti\n|-resisted|p1a: Fezandipiti\n|-damage|p1a: Fezandipiti|214/278\n|-enditem|p1a: Fezandipiti|Leftovers|[from] move: Knock Off|[of] p2a: Ariados\n|\n|upkeep\n|turn|30\n|inactive|Time left: 300 sec this turn | 300 sec total\n|\n|t:|1783544849\n|move|p1a: Fezandipiti|Gunk Shot|p2a: Ariados\n|-resisted|p2a: Ariados\n|-damage|p2a: Ariados|54/100\n|move|p2a: Ariados|Poison Jab|p1a: Fezandipiti\n|-damage|p1a: Fezandipiti|97/278\n|\n|upkeep\n|turn|31\n|inactive|Time left: 300 sec this turn | 300 sec total\n|\n|t:|1783544850\n|move|p1a: Fezandipiti|Roost|p1a: Fezandipiti\n|-heal|p1a: Fezandipiti|236/278\n|-singleturn|p1a: Fezandipiti|move: Roost\n|move|p2a: Ariados|Poison Jab|p1a: Fezandipiti\n|-damage|p1a: Fezandipiti|122/278\n|\n|upkeep\n|turn|32\n|inactive|Time left: 300 sec this turn | 300 sec total\n|\n|t:|1783544851\n|move|p1a: Fezandipiti|Roost|p1a: Fezandipiti\n|-heal|p1a: Fezandipiti|261/278\n|-singleturn|p1a: Fezandipiti|move: Roost\n|move|p2a: Ariados|Poison Jab|p1a: Fezandipiti\n|-damage|p1a: Fezandipiti|149/278\n|\n|upkeep\n|turn|33\n|inactive|Time left: 300 sec this turn | 300 sec total\n|\n|t:|1783544852\n|move|p1a: Fezandipiti|Roost|p1a: Fezandipiti\n|-heal|p1a: Fezandipiti|278/278\n|-singleturn|p1a: Fezandipiti|move: Roost\n|move|p2a: Ariados|Poison Jab|p1a: Fezandipiti\n|-damage|p1a: Fezandipiti|161/278\n|\n|upkeep\n|turn|34\n|inactive|Time left: 300 sec this turn | 300 sec total\n|\n|t:|1783544853\n|move|p1a: Fezandipiti|Moonblast|p2a: Ariados\n|-resisted|p2a: Ariados\n|-damage|p2a: Ariados|40/100\n|move|p2a: Ariados|Poison Jab|p1a: Fezandipiti\n|-damage|p1a: Fezandipiti|50/278\n|\n|upkeep\n|turn|35\n|inactive|Time left: 300 sec this turn | 300 sec total\n|\n|t:|1783544854\n|move|p1a: Fezandipiti|Roost|p1a: Fezandipiti\n|-heal|p1a: Fezandipiti|189/278\n|-singleturn|p1a: Fezandipiti|move: Roost\n|move|p2a: Ariados|Poison Jab|p1a: Fezandipiti\n|-damage|p1a: Fezandipiti|69/278\n|\n|upkeep\n|turn|36\n|inactive|Time left: 300 sec this turn | 300 sec total\n|\n|t:|1783544855\n|switch|p1a: Hydrapple|Hydrapple, L83, M|223/312\n|-activate|p1a: Hydrapple|move: Sticky Web\n|-unboost|p1a: Hydrapple|spe|1\n|move|p2a: Ariados|Poison Jab|p1a: Hydrapple\n|-supereffective|p1a: Hydrapple\n|-damage|p1a: Hydrapple|37/312\n|\n|upkeep\n|turn|37\n|inactive|Time left: 300 sec this turn | 300 sec total\n|\n|t:|1783544856\n|move|p2a: Ariados|Poison Jab|p1a: Hydrapple\n|-supereffective|p1a: Hydrapple\n|-damage|p1a: Hydrapple|0 fnt\n|faint|p1a: Hydrapple\n|\n|upkeep\n|inactive|Time left: 300 sec this turn | 300 sec total | 5 sec grace\n|\n|t:|1783544857\n|switch|p1a: Fezandipiti|Fezandipiti, L82, M|69/278\n|-activate|p1a: Fezandipiti|move: Sticky Web\n|-unboost|p1a: Fezandipiti|spe|1\n|turn|38\n|inactive|Time left: 300 sec this turn | 300 sec total\n|\n|t:|1783544858\n|move|p1a: Fezandipiti|Moonblast|p2a: Ariados\n|-resisted|p2a: Ariados\n|-damage|p2a: Ariados|25/100\n|move|p2a: Ariados|Poison Jab|p1a: Fezandipiti\n|-damage|p1a: Fezandipiti|0 fnt\n|faint|p1a: Fezandipiti\n|\n|win|p0y4387026", "uploadtime": 1783544858, "views": 0, "rating": 0, "private": 0, "password": null, "_winner": "p0y4387026", "_our_name": "p0x4384574"}