{"id": "battle-gen9randombattle-2192", "formatid": "gen9randombattle", "format": "[Gen 9] Random Battle", "players": ["p0x219230f4", "p0y21920678"], "log": "|init|battle\n|title|p0x219230f4 vs. p0y21920678\n|j|\u2606p0x219230f4\n|j|\u2606p0y21920678\n|t:|1783565398\n|gametype|singles\n|player|p1|p0x219230f4|102|\n|player|p2|p0y21920678|265|\n|gen|9\n|tier|[Gen 9] Random Battle\n|rule|Species Clause: Limit one of each Pok\u00e9mon\n|rule|HP Percentage Mod: HP is shown in percentages\n|rule|Sleep Clause Mod: Limit one foe put to sleep\n|rule|Illusion Level Mod: Illusion disguises the Pok\u00e9mon's true level\n|\n|t:|1783565398\n|teamsize|p1|6\n|teamsize|p2|6\n|start\n|switch|p1a: Gurdurr|Gurdurr, L85, M|100/100\n|switch|p2a: Mesprit|Mesprit, L85|275/275\n|turn|1\n|inactive|Battle timer is ON: inactive players will automatically lose when time's up. (requested by p0y21920678)\n|inactive|p0x219230f4 also wants the timer to be on.\n|\n|t:|1783565400\n|move|p2a: Mesprit|Psychic|p1a: Gurdurr\n|-supereffective|p1a: Gurdurr\n|-damage|p1a: Gurdurr|9/100\n|-unboost|p1a: Gurdurr|spd|1\n|-damage|p2a: Mesprit|248/275|[from] item: Life Orb\n|move|p1a: Gurdurr|Knock Off|p2a: Mesprit\n|-supereffective|p2a: Mesprit\n|-damage|p2a: Mesprit|108/275\n|-enditem|p2a: Mesprit|Life Orb|[from] move: Knock Off|[of] p1a: Gurdurr\n|\n|upkeep\n|turn|2\n|inactive|Time left: 300 sec this turn | 300 sec total\n|\n|t:|1783565402\n|switch|p1a: Dialga|Dialga, L73|100/100\n|-ability|p1a: Dialga|Pressure\n|move|p2a: Mesprit|Psychic|p1a: Dialga\n|-resisted|p1a: Dialga\n|-damage|p1a: Dialga|79/100\n|\n|-heal|p1a: Dialga|85/100|[from] item: Leftovers\n|upkeep\n|turn|3\n|inactive|Time left: 300 sec this turn | 300 sec total\n|\n|t:|1783565403\n|move|p2a: Mesprit|Dazzling Gleam|p1a: Dialga\n|-damage|p1a: Dialga|61/100\n|move|p1a: Dialga|Stealth Rock|p2a: Mesprit\n|-sidestart|p2: p0y21920678|move: Stealth Rock\n|\n|-heal|p1a: Dialga|67/100|[from] item: Leftovers\n|upkeep\n|turn|4\n|inactive|Time left: 300 sec this turn | 300 sec total\n|\n|t:|1783565405\n|move|p2a: Mesprit|Nasty Plot|p2a: Mesprit\n|-boost|p2a: Mesprit|spa|2\n|move|p1a: Dialga|Heavy Slam|p2a: Mesprit\n|-damage|p2a: Mesprit|0 fnt\n|faint|p2a: Mesprit\n|\n|-heal|p1a: Dialga|73/100|[from] item: Leftovers\n|upkeep\n|inactive|Time left: 300 sec this turn | 300 sec total | 5 sec grace\n|\n|t:|1783565405\n|switch|p2a: Zacian|Zacian, L69|241/241\n|-damage|p2a: Zacian|211/241|[from] Stealth Rock\n|-ability|p2a: Zacian|Intrepid Sword|boost\n|-boost|p2a: Zacian|atk|1\n|turn|5\n|inactive|Time left: 300 sec this turn | 300 sec total\n|\n|t:|1783565406\n|switch|p1a: Yanmega|Yanmega, L82, M|100/100\n|move|p2a: Zacian|Close Combat|p1a: Yanmega\n|-resisted|p1a: Yanmega\n|-damage|p1a: Yanmega|85/100\n|-unboost|p2a: Zacian|def|1\n|-unboost|p2a: Zacian|spd|1\n|\n|upkeep\n|turn|6\n|inactive|Time left: 300 sec this turn | 300 sec total\n|\n|t:|1783565407\n|switch|p2a: Lugia|Lugia, L73|275/275\n|move|p1a: Yanmega|Air Slash|p2a: Lugia\n|-damage|p2a: Lugia|242/275\n|\n|-ability|p1a: Yanmega|Speed Boost|boost\n|-boost|p1a: Yanmega|spe|1\n|upkeep\n|turn|7\n|inactive|Time left: 300 sec this turn | 300 sec total\n|\n|t:|1783565408\n|move|p1a: Yanmega|Air Slash|p2a: Lugia\n|-crit|p2a: Lugia\n|-damage|p2a: Lugia|148/275\n|cant|p2a: Lugia|flinch\n|\n|-ability|p1a: Yanmega|Speed Boost|boost\n|-boost|p1a: Yanmega|spe|1\n|upkeep\n|turn|8\n|inactive|Time left: 300 sec this turn | 300 sec total\n|\n|t:|1783565409\n|move|p1a: Yanmega|Bug Buzz|p2a: Lugia\n|-damage|p2a: Lugia|69/275\n|move|p2a: Lugia|Aeroblast|p1a: Yanmega\n|-supereffective|p1a: Yanmega\n|-damage|p1a: Yanmega|4/100\n|\n|-ability|p1a: Yanmega|Speed Boost|boost\n|-boost|p1a: Yanmega|spe|1\n|upkeep\n|turn|9\n|inactive|Time left: 300 sec this turn | 300 sec total\n|\n|t:|1783565410\n|-terastallize|p2a: Lugia|Steel\n|move|p1a: Yanmega|Bug Buzz|p2a: Lugia\n|-resisted|p2a: Lugia\n|-damage|p2a: Lugia|33/275\n|move|p2a: Lugia|Recover|p2a: Lugia\n|-heal|p2a: Lugia|171/275\n|\n|-ability|p1a: Yanmega|Speed Boost|boost\n|-boost|p1a: Yanmega|spe|1\n|upkeep\n|turn|10\n|inactive|Time left: 300 sec this turn | 300 sec total\n|\n|t:|1783565411\n|move|p1a: Yanmega|Air Slash|p2a: Lugia\n|-resisted|p2a: Lugia\n|-damage|p2a: Lugia|141/275\n|move|p2a: Lugia|Recover|p2a: Lugia\n|-heal|p2a: Lugia|275/275\n|\n|-ability|p1a: Yanmega|Speed Boost|boost\n|-boost|p1a: Yanmega|spe|1\n|upkeep\n|turn|11\n|inactive|Time left: 300 sec this turn | 300 sec total\n|\n|t:|1783565412\n|move|p1a: Yanmega|Air Slash|p2a: Lugia\n|-resisted|p2a: Lugia\n|-damage|p2a: Lugia|258/275\n|cant|p2a: Lugia|flinch\n|\n|-ability|p1a: Yanmega|Speed Boost|boost\n|-boost|p1a: Yanmega|spe|1\n|upkeep\n|turn|12\n|inactive|Time left: 300 sec this turn | 300 sec total\n|\n|t:|1783565413\n|move|p1a: Yanmega|Air Slash|p2a: Lugia\n|-resisted|p2a: Lugia\n|-damage|p2a: Lugia|229/275\n|move|p2a: Lugia|Psychic Noise|p1a: Yanmega\n|-damage|p1a: Yanmega|0 fnt\n|faint|p1a: Yanmega\n|\n|upkeep\n|\n|t:|1783565414\n|switch|p1a: Sandaconda|Sandaconda, L84, F|100/100\n|turn|13\n|inactive|Time left: 300 sec this turn | 300 sec total\n|\n|t:|1783565415\n|switch|p2a: Sandaconda|Sandaconda, L84, F|258/258\n|-damage|p2a: Sandaconda|242/258|[from] Stealth Rock\n|move|p1a: Sandaconda|Earthquake|p2a: Sandaconda\n|-damage|p2a: Sandaconda|160/258\n|\n|-heal|p2a: Sandaconda|176/258|[from] item: Leftovers\n|upkeep\n|turn|14\n|inactive|Time left: 300 sec this turn | 300 sec total\n|\n|t:|1783565416\n|move|p1a: Sandaconda|Earthquake|p2a: Sandaconda\n|-damage|p2a: Sandaconda|91/258\n|move|p2a: Sandaconda|Coil|p2a: Sandaconda\n|-boost|p2a: Sandaconda|atk|1\n|-boost|p2a: Sandaconda|def|1\n|-boost|p2a: Sandaconda|accuracy|1\n|\n|-heal|p2a: Sandaconda|107/258|[from] item: Leftovers\n|upkeep\n|turn|15\n|inactive|Time left: 300 sec this turn | 300 sec total\n|\n|t:|1783565417\n|move|p2a: Sandaconda|Rest|p2a: Sandaconda\n|-status|p2a: Sandaconda|slp|[from] move: Rest\n|-heal|p2a: Sandaconda|258/258 slp|[silent]\n|move|p1a: Sandaconda|Earthquake|p2a: Sandaconda\n|-crit|p2a: Sandaconda\n|-damage|p2a: Sandaconda|138/258 slp\n|\n|-heal|p2a: Sandaconda|154/258 slp|[from] item: Leftovers\n|upkeep\n|turn|16\n|inactive|Time left: 300 sec this turn | 300 sec total\n|\n|t:|1783565418\n|switch|p1a: Clawitzer|Clawitzer, L87, M|100/100\n|cant|p2a: Sandaconda|slp\n|\n|-heal|p2a: Sandaconda|170/258 slp|[from] item: Leftovers\n|upkeep\n|turn|17\n|inactive|Time left: 300 sec this turn | 300 sec total\n|\n|t:|1783565419\n|switch|p2a: Lugia|Lugia, L73, tera:Steel|229/275\n|move|p1a: Clawitzer|Water Pulse|p2a: Lugia\n|-damage|p2a: Lugia|145/275\n|\n|upkeep\n|turn|18\n|inactive|Time left: 300 sec this turn | 300 sec total\n|\n|t:|1783565421\n|move|p2a: Lugia|Recover|p2a: Lugia\n|-heal|p2a: Lugia|275/275\n|move|p1a: Clawitzer|Aura Sphere|p2a: Lugia\n|-supereffective|p2a: Lugia\n|-damage|p2a: Lugia|196/275\n|\n|upkeep\n|turn|19\n|inactive|Time left: 300 sec this turn | 300 sec total\n|\n|t:|1783565422\n|move|p2a: Lugia|Calm Mind|p2a: Lugia\n|-boost|p2a: Lugia|spa|1\n|-boost|p2a: Lugia|spd|1\n|move|p1a: Clawitzer|Aura Sphere|p2a: Lugia\n|-supereffective|p2a: Lugia\n|-damage|p2a: Lugia|90/275\n|\n|upkeep\n|turn|20\n|inactive|Time left: 300 sec this turn | 300 sec total\n|\n|t:|1783565423\n|move|p2a: Lugia|Recover|p2a: Lugia\n|-heal|p2a: Lugia|228/275\n|move|p1a: Clawitzer|Aura Sphere|p2a: Lugia\n|-supereffective|p2a: Lugia\n|-damage|p2a: Lugia|126/275\n|\n|upkeep\n|turn|21\n|inactive|Time left: 300 sec this turn | 300 sec total\n|\n|t:|1783565424\n|move|p2a: Lugia|Recover|p2a: Lugia\n|-heal|p2a: Lugia|264/275\n|move|p1a: Clawitzer|Aura Sphere|p2a: Lugia\n|-supereffective|p2a: Lugia\n|-damage|p2a: Lugia|154/275\n|\n|upkeep\n|turn|22\n|inactive|Time left: 300 sec this turn | 300 sec total\n|\n|t:|1783565425\n|move|p2a: Lugia|Recover|p2a: Lugia\n|-heal|p2a: Lugia|275/275\n|move|p1a: Clawitzer|Aura Sphere|p2a: Lugia\n|-supereffective|p2a: Lugia\n|-damage|p2a: Lugia|224/275\n|\n|upkeep\n|turn|23\n|inactive|Time left: 300 sec this turn | 300 sec total\n|\n|t:|1783565426\n|move|p2a: Lugia|Calm Mind|p2a: Lugia\n|-boost|p2a: Lugia|spa|1\n|-boost|p2a: Lugia|spd|1\n|move|p1a: Clawitzer|Aura Sphere|p2a: Lugia\n|-supereffective|p2a: Lugia\n|-damage|p2a: Lugia|142/275\n|\n|upkeep\n|turn|24\n|inactive|Time left: 300 sec this turn | 300 sec total\n|\n|t:|1783565427\n|move|p2a: Lugia|Recover|p2a: Lugia\n|-heal|p2a: Lugia|275/275\n|move|p1a: Clawitzer|Aura Sphere|p2a: Lugia\n|-supereffective|p2a: Lugia\n|-damage|p2a: Lugia|234/275\n|\n|upkeep\n|turn|25\n|inactive|Time left: 300 sec this turn | 300 sec total\n|\n|t:|1783565429\n|move|p2a: Lugia|Aeroblast|p1a: Clawitzer\n|-damage|p1a: Clawitzer|64/100\n|move|p1a: Clawitzer|Aura Sphere|p2a: Lugia\n|-supereffective|p2a: Lugia\n|-damage|p2a: Lugia|160/275\n|\n|upkeep\n|turn|26\n|inactive|Time left: 300 sec this turn | 300 sec total\n|\n|t:|1783565430\n|move|p2a: Lugia|Recover|p2a: Lugia\n|-heal|p2a: Lugia|275/275\n|move|p1a: Clawitzer|Water Pulse|p2a: Lugia\n|-damage|p2a: Lugia|251/275\n|-start|p2a: Lugia|confusion\n|\n|upkeep\n|turn|27\n|inactive|Time left: 300 sec this turn | 300 sec total\n|\n|t:|1783565431\n|-activate|p2a: Lugia|confusion\n|move|p2a: Lugia|Aeroblast|p1a: Clawitzer\n|-damage|p1a: Clawitzer|28/100\n|move|p1a: Clawitzer|Aura Sphere|p2a: Lugia\n|-supereffective|p2a: Lugia\n|-damage|p2a: Lugia|171/275\n|\n|upkeep\n|turn|28\n|inactive|Time left: 300 sec this turn | 300 sec total\n|\n|t:|1783565432\n|-activate|p2a: Lugia|confusion\n|-damage|p2a: Lugia|156/275|[from] confusion\n|move|p1a: Clawitzer|Water Pulse|p2a: Lugia\n|-damage|p2a: Lugia|108/275\n|\n|upkeep\n|turn|29\n|inactive|Time left: 300 sec this turn | 300 sec total\n|\n|t:|1783565434\n|-end|p2a: Lugia|confusion\n|move|p2a: Lugia|Aeroblast|p1a: Clawitzer\n|-damage|p1a: Clawitzer|0 fnt\n|faint|p1a: Clawitzer\n|\n|upkeep\n|\n|t:|1783565435\n|switch|p1a: Sandaconda|Sandaconda, L84, F|100/100\n|turn|30\n|inactive|Time left: 300 sec this turn | 300 sec total\n|\n|t:|1783565436\n|move|p2a: Lugia|Aeroblast|p1a: Sandaconda\n|-damage|p1a: Sandaconda|28/100\n|move|p1a: Sandaconda|Earthquake|p2a: Lugia\n|-supereffective|p2a: Lugia\n|-damage|p2a: Lugia|0 fnt\n|faint|p2a: Lugia\n|\n|-heal|p1a: Sandaconda|34/100|[from] item: Leftovers\n|upkeep\n|inactive|Time left: 300 sec this turn | 300 sec total | 5 sec grace\n|\n|t:|1783565437\n|switch|p2a: Zacian|Zacian, L69|211/241\n|-damage|p2a: Zacian|181/241|[from] Stealth Rock\n|turn|31\n|inactive|Time left: 300 sec this turn | 300 sec total\n|\n|t:|1783565438\n|move|p2a: Zacian|Play Rough|p1a: Sandaconda\n|-damage|p1a: Sandaconda|2/100\n|move|p1a: Sandaconda|Rest|p1a: Sandaconda\n|-status|p1a: Sandaconda|slp|[from] move: Rest\n|-heal|p1a: Sandaconda|100/100 slp|[silent]\n|\n|upkeep\n|turn|32\n|inactive|Time left: 300 sec this turn | 300 sec total\n|\n|t:|1783565439\n|switch|p2a: Sandaconda|Sandaconda, L84, F|170/258 slp\n|-damage|p2a: Sandaconda|154/258 slp|[from] Stealth Rock\n|switch|p1a: Dialga|Dialga, L73|73/100\n|-ability|p1a: Dialga|Pressure\n|\n|-heal|p1a: Dialga|79/100|[from] item: Leftovers\n|-heal|p2a: Sandaconda|170/258 slp|[from] item: Leftovers\n|upkeep\n|turn|33\n|inactive|Time left: 300 sec this turn | 300 sec total\n|\n|t:|1783565440\n|move|p1a: Dialga|Draco Meteor|p2a: Sandaconda\n|-damage|p2a: Sandaconda|0 fnt\n|-unboost|p1a: Dialga|spa|2\n|faint|p2a: Sandaconda\n|\n|-heal|p1a: Dialga|85/100|[from] item: Leftovers\n|upkeep\n|inactive|Time left: 300 sec this turn | 300 sec total | 5 sec grace\n|\n|t:|1783565441\n|switch|p2a: Palkia|Palkia-Origin, L72|249/249\n|-damage|p2a: Palkia|218/249|[from] Stealth Rock\n|-ability|p2a: Palkia|Pressure\n|turn|34\n|inactive|Time left: 300 sec this turn | 300 sec total\n|\n|t:|1783565442\n|switch|p1a: Brute Bonnet|Brute Bonnet, L80|100/100\n|move|p2a: Palkia|Spacial Rend|p1a: Brute Bonnet\n|-crit|p1a: Brute Bonnet\n|-damage|p1a: Brute Bonnet|40/100\n|\n|-heal|p1a: Brute Bonnet|46/100|[from] item: Leftovers\n|upkeep\n|turn|35\n|inactive|Time left: 300 sec this turn | 300 sec total\n|\n|t:|1783565443\n|-end|p1a: Brute Bonnet|Protosynthesis|[silent]\n|switch|p1a: Sandaconda|Sandaconda, L84, F|100/100 slp\n|move|p2a: Palkia|Fire Blast|p1a: Sandaconda\n|-damage|p1a: Sandaconda|64/100 slp\n|\n|-activate|p1a: Sandaconda|ability: Shed Skin\n|-curestatus|p1a: Sandaconda|slp|[msg]\n|-heal|p1a: Sandaconda|70/100|[from] item: Leftovers\n|upkeep\n|turn|36\n|inactive|Time left: 300 sec this turn | 300 sec total\n|\n|t:|1783565444\n|-terastallize|p1a: Sandaconda|Water\n|move|p2a: Palkia|Hydro Pump|p1a: Sandaconda\n|-resisted|p1a: Sandaconda\n|-damage|p1a: Sandaconda|38/100\n|move|p1a: Sandaconda|Rest|p1a: Sandaconda\n|-status|p1a: Sandaconda|slp|[from] move: Rest\n|-heal|p1a: Sandaconda|100/100 slp|[silent]\n|\n|upkeep\n|turn|37\n|inactive|Time left: 300 sec this turn | 300 sec total\n|\n|t:|1783565445\n|move|p2a: Palkia|Spacial Rend|p1a: Sandaconda\n|-damage|p1a: Sandaconda|39/100 slp\n|cant|p1a: Sandaconda|slp\n|\n|-heal|p1a: Sandaconda|45/100 slp|[from] item: Leftovers\n|upkeep\n|turn|38\n|inactive|Time left: 300 sec this turn | 300 sec total\n|\n|t:|1783565446\n|move|p2a: Palkia|Spacial Rend|p1a: Sandaconda\n|-damage|p1a: Sandaconda|0 fnt\n|faint|p1a: Sandaconda\n|\n|upkeep\n|\n|t:|1783565447\n|switch|p1a: Dialga|Dialga, L73|85/100\n|-ability|p1a: Dialga|Pressure\n|turn|39\n|inactive|Time left: 300 sec this turn | 300 sec total\n|\n|t:|1783565448\n|move|p2a: Palkia|Spacial Rend|p1a: Dialga\n|-damage|p1a: Dialga|34/100\n|move|p1a: Dialga|Draco Meteor|p2a: Palkia\n|-supereffective|p2a: Palkia\n|-damage|p2a: Palkia|0 fnt\n|-unboost|p1a: Dialga|spa|2\n|faint|p2a: Palkia\n|\n|-heal|p1a: Dialga|40/100|[from] item: Leftovers\n|upkeep\n|inactive|Time left: 300 sec this turn | 300 sec total | 5 sec grace\n|\n|t:|1783565448\n|switch|p2a: Zacian|Zacian, L69|181/241\n|-damage|p2a: Zacian|151/241|[from] Stealth Rock\n|turn|40\n|inactive|Time left: 300 sec this turn | 300 sec total\n|\n|t:|1783565449\n|switch|p1a: Gurdurr|Gurdurr, L85, M|9/100\n|move|p2a: Zacian|Close Combat|p1a: Gurdurr\n|-damage|p1a: Gurdurr|0 fnt\n|-unboost|p2a: Zacian|def|1\n|-unboost|p2a: Zacian|spd|1\n|faint|p1a: Gurdurr\n|\n|upkeep\n|\n|t:|1783565450\n|switch|p1a: Brute Bonnet|Brute Bonnet, L80|46/100\n|turn|41\n|inactive|Time left: 300 sec this turn | 300 sec total\n|\n|t:|1783565451\n|-end|p1a: Brute Bonnet|Protosynthesis|[silent]\n|switch|p1a: Dialga|Dialga, L73|40/100\n|-ability|p1a: Dialga|Pressure\n|move|p2a: Zacian|Close Combat|p1a: Dialga\n|-supereffective|p1a: Dialga\n|-damage|p1a: Dialga|0 fnt\n|-unboost|p2a: Zacian|def|1\n|-unboost|p2a: Zacian|spd|1\n|faint|p1a: Dialga\n|\n|upkeep\n|\n|t:|1783565452\n|switch|p1a: Brute Bonnet|Brute Bonnet, L80|46/100\n|turn|42\n|inactive|Time left: 300 sec this turn | 300 sec total\n|\n|t:|1783565453\n|move|p2a: Zacian|Close Combat|p1a: Brute Bonnet\n|-supereffective|p1a: Brute Bonnet\n|-damage|p1a: Brute Bonnet|0 fnt\n|-unboost|p2a: Zacian|def|1\n|-unboost|p2a: Zacian|spd|1\n|faint|p1a: Brute Bonnet\n|-end|p1a: Brute Bonnet|Protosynthesis|[silent]\n|\n|win|p0y21920678", "uploadtime": 1783565453, "views": 0, "rating": 0, "private": 0, "password": null, "_winner": "p0y21920678", "_our_name": "p0y21920678"}