{"id": "battle-gen9randombattle-2274", "formatid": "gen9randombattle", "format": "[Gen 9] Random Battle", "players": ["p0x22741370", "p0y2274bdd9"], "log": "|init|battle\n|title|p0x22741370 vs. p0y2274bdd9\n|j|\u2606p0x22741370\n|j|\u2606p0y2274bdd9\n|t:|1783565399\n|gametype|singles\n|player|p1|p0x22741370|169|\n|player|p2|p0y2274bdd9|266|\n|gen|9\n|tier|[Gen 9] Random Battle\n|rule|Species Clause: Limit one of each Pok\u00e9mon\n|rule|HP Percentage Mod: HP is shown in percentages\n|rule|Sleep Clause Mod: Limit one foe put to sleep\n|rule|Illusion Level Mod: Illusion disguises the Pok\u00e9mon's true level\n|\n|t:|1783565399\n|teamsize|p1|6\n|teamsize|p2|6\n|start\n|switch|p1a: Magnezone|Magnezone, L85|258/258\n|switch|p2a: Granbull|Granbull, L88, M|100/100\n|-ability|p2a: Granbull|Intimidate|boost\n|-unboost|p1a: Magnezone|atk|1\n|turn|1\n|inactive|Battle timer is ON: inactive players will automatically lose when time's up. (requested by p0x22741370)\n|inactive|p0y2274bdd9 also wants the timer to be on.\n|\n|t:|1783565401\n|move|p1a: Magnezone|Flash Cannon|p2a: Granbull\n|-supereffective|p2a: Granbull\n|-crit|p2a: Granbull\n|-damage|p2a: Granbull|0 fnt\n|faint|p2a: Granbull\n|\n|upkeep\n|\n|t:|1783565402\n|switch|p2a: Vileplume|Vileplume, L85, F|100/100\n|turn|2\n|inactive|Time left: 300 sec this turn | 300 sec total\n|\n|t:|1783565403\n|move|p1a: Magnezone|Flash Cannon|p2a: Vileplume\n|-crit|p2a: Vileplume\n|-damage|p2a: Vileplume|41/100\n|move|p2a: Vileplume|Strength Sap|p1a: Magnezone\n|-unboost|p1a: Magnezone|atk|1\n|-heal|p2a: Vileplume|72/100\n|\n|-heal|p2a: Vileplume|78/100|[from] item: Leftovers\n|upkeep\n|turn|3\n|inactive|Time left: 300 sec this turn | 300 sec total\n|\n|t:|1783565404\n|move|p1a: Magnezone|Flash Cannon|p2a: Vileplume\n|-damage|p2a: Vileplume|36/100\n|move|p2a: Vileplume|Giga Drain|p1a: Magnezone\n|-resisted|p1a: Magnezone\n|-damage|p1a: Magnezone|211/258\n|-heal|p2a: Vileplume|45/100|[from] drain|[of] p1a: Magnezone\n|\n|-heal|p2a: Vileplume|51/100|[from] item: Leftovers\n|upkeep\n|turn|4\n|inactive|Time left: 300 sec this turn | 300 sec total\n|\n|t:|1783565406\n|move|p1a: Magnezone|Flash Cannon|p2a: Vileplume\n|-damage|p2a: Vileplume|13/100\n|-unboost|p2a: Vileplume|spd|1\n|move|p2a: Vileplume|Strength Sap|p1a: Magnezone\n|-unboost|p1a: Magnezone|atk|1\n|-heal|p2a: Vileplume|36/100\n|\n|-heal|p2a: Vileplume|42/100|[from] item: Leftovers\n|upkeep\n|turn|5\n|inactive|Time left: 300 sec this turn | 300 sec total\n|\n|t:|1783565407\n|move|p1a: Magnezone|Flash Cannon|p2a: Vileplume\n|-damage|p2a: Vileplume|0 fnt\n|faint|p2a: Vileplume\n|\n|upkeep\n|\n|t:|1783565408\n|switch|p2a: Charizard|Charizard, L85, F|100/100\n|turn|6\n|inactive|Time left: 300 sec this turn | 300 sec total\n|\n|t:|1783565409\n|switch|p1a: Scrafty|Scrafty, L83, F|244/244\n|-ability|p1a: Scrafty|Intimidate|boost\n|-unboost|p2a: Charizard|atk|1\n|move|p2a: Charizard|Dragon Dance|p2a: Charizard\n|-boost|p2a: Charizard|atk|1\n|-boost|p2a: Charizard|spe|1\n|\n|upkeep\n|turn|7\n|inactive|Time left: 300 sec this turn | 300 sec total\n|\n|t:|1783565410\n|move|p2a: Charizard|Dragon Dance|p2a: Charizard\n|-boost|p2a: Charizard|atk|1\n|-boost|p2a: Charizard|spe|1\n|move|p1a: Scrafty|Knock Off|p2a: Charizard\n|-damage|p2a: Charizard|62/100\n|-enditem|p2a: Charizard|Heavy-Duty Boots|[from] move: Knock Off|[of] p1a: Scrafty\n|\n|upkeep\n|turn|8\n|inactive|Time left: 300 sec this turn | 300 sec total\n|\n|t:|1783565411\n|-terastallize|p2a: Charizard|Dragon\n|move|p2a: Charizard|Outrage|p1a: Scrafty\n|-damage|p1a: Scrafty|88/244\n|move|p1a: Scrafty|Poison Jab|p2a: Charizard\n|-damage|p2a: Charizard|42/100\n|\n|-heal|p1a: Scrafty|103/244|[from] item: Leftovers\n|upkeep\n|turn|9\n|inactive|Time left: 300 sec this turn | 300 sec total\n|\n|t:|1783565412\n|switch|p1a: Fezandipiti|Fezandipiti, L82, M|278/278\n|move|p2a: Charizard|Outrage|p1a: Fezandipiti|[from] lockedmove\n|-immune|p1a: Fezandipiti\n|\n|upkeep\n|turn|10\n|inactive|Time left: 300 sec this turn | 300 sec total\n|\n|t:|1783565414\n|move|p2a: Charizard|Flare Blitz|p1a: Fezandipiti\n|-damage|p1a: Fezandipiti|79/278\n|-status|p1a: Fezandipiti|brn\n|-damage|p2a: Charizard|17/100|[from] Recoil\n|move|p1a: Fezandipiti|Moonblast|p2a: Charizard\n|-supereffective|p2a: Charizard\n|-damage|p2a: Charizard|0 fnt\n|faint|p2a: Charizard\n|\n|-heal|p1a: Fezandipiti|96/278 brn|[from] item: Leftovers\n|-damage|p1a: Fezandipiti|79/278 brn|[from] brn\n|upkeep\n|\n|t:|1783565415\n|switch|p2a: Weezing|Weezing-Galar, L86, M|100/100\n|turn|11\n|inactive|Time left: 300 sec this turn | 300 sec total\n|\n|t:|1783565415\n|move|p1a: Fezandipiti|Moonblast|p2a: Weezing\n|-resisted|p2a: Weezing\n|-damage|p2a: Weezing|84/100\n|move|p2a: Weezing|Strange Steam|p1a: Fezandipiti\n|-resisted|p1a: Fezandipiti\n|-damage|p1a: Fezandipiti|40/278 brn\n|\n|-heal|p1a: Fezandipiti|57/278 brn|[from] item: Leftovers\n|-heal|p2a: Weezing|90/100|[from] item: Leftovers\n|-damage|p1a: Fezandipiti|40/278 brn|[from] brn\n|upkeep\n|turn|12\n|inactive|Time left: 300 sec this turn | 300 sec total\n|\n|t:|1783565416\n|move|p1a: Fezandipiti|Roost|p1a: Fezandipiti\n|-heal|p1a: Fezandipiti|179/278 brn\n|-singleturn|p1a: Fezandipiti|move: Roost\n|move|p2a: Weezing|Strange Steam|p1a: Fezandipiti\n|-resisted|p1a: Fezandipiti\n|-damage|p1a: Fezandipiti|143/278 brn\n|\n|-heal|p1a: Fezandipiti|160/278 brn|[from] item: Leftovers\n|-heal|p2a: Weezing|96/100|[from] item: Leftovers\n|-damage|p1a: Fezandipiti|143/278 brn|[from] brn\n|upkeep\n|turn|13\n|inactive|Time left: 300 sec this turn | 300 sec total\n|\n|t:|1783565417\n|move|p1a: Fezandipiti|Moonblast|p2a: Weezing\n|-resisted|p2a: Weezing\n|-damage|p2a: Weezing|80/100\n|move|p2a: Weezing|Gunk Shot|p1a: Fezandipiti|[miss]\n|-miss|p2a: Weezing|p1a: Fezandipiti\n|\n|-heal|p1a: Fezandipiti|160/278 brn|[from] item: Leftovers\n|-heal|p2a: Weezing|86/100|[from] item: Leftovers\n|-damage|p1a: Fezandipiti|143/278 brn|[from] brn\n|upkeep\n|turn|14\n|inactive|Time left: 300 sec this turn | 300 sec total\n|\n|t:|1783565419\n|move|p1a: Fezandipiti|Roost|p1a: Fezandipiti\n|-heal|p1a: Fezandipiti|278/278 brn\n|-singleturn|p1a: Fezandipiti|move: Roost\n|move|p2a: Weezing|Strange Steam|p1a: Fezandipiti\n|-resisted|p1a: Fezandipiti\n|-damage|p1a: Fezandipiti|242/278 brn\n|\n|-heal|p1a: Fezandipiti|259/278 brn|[from] item: Leftovers\n|-heal|p2a: Weezing|92/100|[from] item: Leftovers\n|-damage|p1a: Fezandipiti|242/278 brn|[from] brn\n|upkeep\n|turn|15\n|inactive|Time left: 300 sec this turn | 300 sec total\n|\n|t:|1783565420\n|move|p1a: Fezandipiti|Moonblast|p2a: Weezing\n|-resisted|p2a: Weezing\n|-damage|p2a: Weezing|73/100\n|move|p2a: Weezing|Strange Steam|p1a: Fezandipiti\n|-resisted|p1a: Fezandipiti\n|-damage|p1a: Fezandipiti|208/278 brn\n|\n|-heal|p1a: Fezandipiti|225/278 brn|[from] item: Leftovers\n|-heal|p2a: Weezing|79/100|[from] item: Leftovers\n|-damage|p1a: Fezandipiti|208/278 brn|[from] brn\n|upkeep\n|turn|16\n|inactive|Time left: 300 sec this turn | 300 sec total\n|\n|t:|1783565420\n|switch|p1a: Magnezone|Magnezone, L85|211/258\n|move|p2a: Weezing|Strange Steam|p1a: Magnezone\n|-resisted|p1a: Magnezone\n|-damage|p1a: Magnezone|166/258\n|\n|-heal|p2a: Weezing|85/100|[from] item: Leftovers\n|upkeep\n|turn|17\n|inactive|Time left: 300 sec this turn | 300 sec total\n|\n|t:|1783565421\n|move|p1a: Magnezone|Flash Cannon|p2a: Weezing\n|-supereffective|p2a: Weezing\n|-damage|p2a: Weezing|0 fnt\n|faint|p2a: Weezing\n|\n|upkeep\n|\n|t:|1783565422\n|switch|p2a: Honchkrow|Honchkrow, L86, F|100/100\n|turn|18\n|inactive|Time left: 300 sec this turn | 300 sec total\n|\n|t:|1783565423\n|move|p1a: Magnezone|Flash Cannon|p2a: Honchkrow\n|-damage|p2a: Honchkrow|48/100\n|move|p2a: Honchkrow|Heat Wave|p1a: Magnezone\n|-supereffective|p1a: Magnezone\n|-damage|p1a: Magnezone|10/258\n|\n|upkeep\n|turn|19\n|inactive|Time left: 300 sec this turn | 300 sec total\n|\n|t:|1783565424\n|move|p2a: Honchkrow|Sucker Punch|p1a: Magnezone\n|-damage|p1a: Magnezone|0 fnt\n|faint|p1a: Magnezone\n|-ability|p2a: Honchkrow|Moxie|boost\n|-boost|p2a: Honchkrow|atk|1\n|\n|upkeep\n|inactive|Time left: 300 sec this turn | 300 sec total | 5 sec grace\n|\n|t:|1783565424\n|switch|p1a: Iron Valiant|Iron Valiant, L78|244/244\n|turn|20\n|inactive|Time left: 300 sec this turn | 300 sec total\n|\n|t:|1783565425\n|switch|p2a: Lycanroc|Lycanroc, L86, F|100/100\n|move|p1a: Iron Valiant|Moonblast|p2a: Lycanroc\n|-damage|p2a: Lycanroc|34/100\n|-damage|p1a: Iron Valiant|220/244|[from] item: Life Orb\n|\n|upkeep\n|turn|21\n|inactive|Time left: 300 sec this turn | 300 sec total\n|\n|t:|1783565426\n|move|p2a: Lycanroc|Stone Edge|p1a: Iron Valiant\n|-resisted|p1a: Iron Valiant\n|-damage|p1a: Iron Valiant|132/244\n|-damage|p2a: Lycanroc|24/100|[from] item: Life Orb\n|move|p1a: Iron Valiant|Moonblast|p2a: Lycanroc\n|-damage|p2a: Lycanroc|0 fnt\n|faint|p2a: Lycanroc\n|-damage|p1a: Iron Valiant|108/244|[from] item: Life Orb\n|\n|upkeep\n|\n|t:|1783565427\n|switch|p2a: Honchkrow|Honchkrow, L86, F|48/100\n|turn|22\n|inactive|Time left: 300 sec this turn | 300 sec total\n|\n|t:|1783565428\n|-terastallize|p1a: Iron Valiant|Fairy\n|move|p1a: Iron Valiant|Close Combat|p2a: Honchkrow\n|-damage|p2a: Honchkrow|0 fnt\n|-unboost|p1a: Iron Valiant|def|1\n|-unboost|p1a: Iron Valiant|spd|1\n|faint|p2a: Honchkrow\n|-damage|p1a: Iron Valiant|84/244|[from] item: Life Orb\n|\n|win|p0x22741370", "uploadtime": 1783565428, "views": 0, "rating": 0, "private": 0, "password": null, "_winner": "p0x22741370", "_our_name": "p0x22741370"}