{"id": "battle-gen9randombattle-1", "formatid": "gen9randombattle", "format": "[Gen 9] Random Battle", "players": ["p0x004d1cd", "p0y004c8bb"], "log": "|init|battle\n|title|p0x004d1cd vs. p0y004c8bb\n|j|\u2606p0x004d1cd\n|j|\u2606p0y004c8bb\n|t:|1783539189\n|gametype|singles\n|player|p1|p0x004d1cd|169|\n|player|p2|p0y004c8bb|2|\n|gen|9\n|tier|[Gen 9] Random Battle\n|rule|Species Clause: Limit one of each Pok\u00e9mon\n|rule|HP Percentage Mod: HP is shown in percentages\n|rule|Sleep Clause Mod: Limit one foe put to sleep\n|rule|Illusion Level Mod: Illusion disguises the Pok\u00e9mon's true level\n|\n|t:|1783539190\n|teamsize|p1|6\n|teamsize|p2|6\n|start\n|switch|p1a: Gardevoir|Gardevoir, L83, F|100/100\n|switch|p2a: Gardevoir|Gardevoir, L83, F|249/249\n|turn|1\n|inactive|Battle timer is ON: inactive players will automatically lose when time's up. (requested by p0x004d1cd)\n|inactive|Time left: 300 sec this turn | 300 sec total | 60 sec grace\n|inactive|p0y004c8bb also wants the timer to be on.\n|\n|t:|1783539191\n|move|p1a: Gardevoir|Moonblast|p2a: Gardevoir\n|-damage|p2a: Gardevoir|150/249\n|move|p2a: Gardevoir|Calm Mind|p2a: Gardevoir\n|-boost|p2a: Gardevoir|spa|1\n|-boost|p2a: Gardevoir|spd|1\n|\n|upkeep\n|turn|2\n|inactive|Time left: 300 sec this turn | 300 sec total\n|\n|t:|1783539193\n|-terastallize|p2a: Gardevoir|Fairy\n|move|p1a: Gardevoir|Moonblast|p2a: Gardevoir\n|-damage|p2a: Gardevoir|87/249\n|move|p2a: Gardevoir|Moonblast|p1a: Gardevoir\n|-damage|p1a: Gardevoir|1/100\n|-damage|p2a: Gardevoir|63/249|[from] item: Life Orb\n|\n|upkeep\n|turn|3\n|inactive|Time left: 300 sec this turn | 300 sec total\n|\n|t:|1783539194\n|move|p1a: Gardevoir|Moonblast|p2a: Gardevoir\n|-damage|p2a: Gardevoir|0 fnt\n|faint|p2a: Gardevoir\n|\n|upkeep\n|inactive|Time left: 300 sec this turn | 300 sec total | 5 sec grace\n|\n|t:|1783539196\n|switch|p2a: Dodrio|Dodrio, L85, M|241/241\n|-ability|p1a: Gardevoir|Early Bird|Trace|[from] ability: Trace|[of] p2a: Dodrio\n|turn|4\n|inactive|Time left: 300 sec this turn | 300 sec total\n|\n|t:|1783539197\n|move|p2a: Dodrio|Quick Attack|p1a: Gardevoir\n|-damage|p1a: Gardevoir|0 fnt\n|faint|p1a: Gardevoir\n|\n|upkeep\n|\n|t:|1783539198\n|switch|p1a: Luxray|Luxray, L88, F|100/100\n|turn|5\n|inactive|Time left: 300 sec this turn | 300 sec total\n|\n|t:|1783539200\n|switch|p2a: Goodra|Goodra, L85, F|292/292\n|move|p1a: Luxray|Supercell Slam|p2a: Goodra\n|-resisted|p2a: Goodra\n|-damage|p2a: Goodra|219/292\n|\n|-status|p1a: Luxray|brn|[from] item: Flame Orb\n|upkeep\n|turn|6\n|inactive|Time left: 300 sec this turn | 300 sec total\n|\n|t:|1783539201\n|move|p2a: Goodra|Draco Meteor|p1a: Luxray\n|-damage|p1a: Luxray|46/100 brn\n|-unboost|p2a: Goodra|spa|2\n|move|p1a: Luxray|Facade|p2a: Goodra\n|-damage|p2a: Goodra|11/292\n|\n|-damage|p1a: Luxray|40/100 brn|[from] brn\n|upkeep\n|turn|7\n|inactive|Time left: 300 sec this turn | 300 sec total\n|\n|t:|1783539203\n|switch|p1a: Milotic|Milotic, L83, F|100/100\n|move|p2a: Goodra|Draco Meteor|p1a: Milotic\n|-damage|p1a: Milotic|78/100\n|-unboost|p2a: Goodra|spa|2\n|\n|-heal|p1a: Milotic|84/100|[from] item: Leftovers\n|upkeep\n|turn|8\n|inactive|Time left: 300 sec this turn | 300 sec total\n|\n|t:|1783539204\n|switch|p2a: Clawitzer|Clawitzer, L87, M|265/265\n|move|p1a: Milotic|Ice Beam|p2a: Clawitzer\n|-resisted|p2a: Clawitzer\n|-damage|p2a: Clawitzer|233/265\n|\n|-heal|p1a: Milotic|90/100|[from] item: Leftovers\n|upkeep\n|turn|9\n|inactive|Time left: 300 sec this turn | 300 sec total\n|\n|t:|1783539206\n|move|p1a: Milotic|Ice Beam|p2a: Clawitzer\n|-resisted|p2a: Clawitzer\n|-damage|p2a: Clawitzer|204/265\n|move|p2a: Clawitzer|Dark Pulse|p1a: Milotic\n|-damage|p1a: Milotic|48/100\n|\n|-heal|p1a: Milotic|54/100|[from] item: Leftovers\n|upkeep\n|turn|10\n|inactive|Time left: 300 sec this turn | 300 sec total\n|\n|t:|1783539207\n|move|p1a: Milotic|Recover|p1a: Milotic\n|-heal|p1a: Milotic|100/100\n|move|p2a: Clawitzer|Dark Pulse|p1a: Milotic\n|-damage|p1a: Milotic|59/100\n|\n|-heal|p1a: Milotic|65/100|[from] item: Leftovers\n|upkeep\n|turn|11\n|inactive|Time left: 300 sec this turn | 300 sec total\n|\n|t:|1783539208\n|move|p1a: Milotic|Scald|p2a: Clawitzer\n|-resisted|p2a: Clawitzer\n|-damage|p2a: Clawitzer|165/265\n|move|p2a: Clawitzer|Dark Pulse|p1a: Milotic\n|-damage|p1a: Milotic|24/100\n|\n|-heal|p1a: Milotic|31/100|[from] item: Leftovers\n|upkeep\n|turn|12\n|inactive|Time left: 300 sec this turn | 300 sec total\n|\n|t:|1783539209\n|move|p1a: Milotic|Recover|p1a: Milotic\n|-heal|p1a: Milotic|81/100\n|move|p2a: Clawitzer|Dark Pulse|p1a: Milotic\n|-damage|p1a: Milotic|42/100\n|\n|-heal|p1a: Milotic|48/100|[from] item: Leftovers\n|upkeep\n|turn|13\n|inactive|Time left: 300 sec this turn | 300 sec total\n|\n|t:|1783539210\n|move|p1a: Milotic|Recover|p1a: Milotic\n|-heal|p1a: Milotic|98/100\n|move|p2a: Clawitzer|Dark Pulse|p1a: Milotic\n|-damage|p1a: Milotic|59/100\n|\n|-heal|p1a: Milotic|65/100|[from] item: Leftovers\n|upkeep\n|turn|14\n|inactive|Time left: 300 sec this turn | 300 sec total\n|\n|t:|1783539212\n|move|p1a: Milotic|Recover|p1a: Milotic\n|-heal|p1a: Milotic|100/100\n|move|p2a: Clawitzer|Dark Pulse|p1a: Milotic\n|-damage|p1a: Milotic|61/100\n|\n|-heal|p1a: Milotic|67/100|[from] item: Leftovers\n|upkeep\n|turn|15\n|inactive|Time left: 300 sec this turn | 300 sec total\n|\n|t:|1783539213\n|move|p1a: Milotic|Ice Beam|p2a: Clawitzer\n|-resisted|p2a: Clawitzer\n|-damage|p2a: Clawitzer|135/265\n|move|p2a: Clawitzer|Dark Pulse|p1a: Milotic\n|-damage|p1a: Milotic|21/100\n|\n|-heal|p1a: Milotic|27/100|[from] item: Leftovers\n|upkeep\n|turn|16\n|inactive|Time left: 300 sec this turn | 300 sec total\n|\n|t:|1783539214\n|move|p1a: Milotic|Recover|p1a: Milotic\n|-heal|p1a: Milotic|78/100\n|move|p2a: Clawitzer|Dark Pulse|p1a: Milotic\n|-damage|p1a: Milotic|36/100\n|\n|-heal|p1a: Milotic|42/100|[from] item: Leftovers\n|upkeep\n|turn|17\n|inactive|Time left: 300 sec this turn | 300 sec total\n|\n|t:|1783539215\n|move|p1a: Milotic|Recover|p1a: Milotic\n|-heal|p1a: Milotic|92/100\n|move|p2a: Clawitzer|Dark Pulse|p1a: Milotic\n|-damage|p1a: Milotic|48/100\n|\n|-heal|p1a: Milotic|54/100|[from] item: Leftovers\n|upkeep\n|turn|18\n|inactive|Time left: 300 sec this turn | 300 sec total\n|\n|t:|1783539216\n|move|p1a: Milotic|Recover|p1a: Milotic\n|-heal|p1a: Milotic|100/100\n|move|p2a: Clawitzer|Dark Pulse|p1a: Milotic\n|-damage|p1a: Milotic|57/100\n|\n|-heal|p1a: Milotic|63/100|[from] item: Leftovers\n|upkeep\n|turn|19\n|inactive|Time left: 300 sec this turn | 300 sec total\n|\n|t:|1783539217\n|move|p1a: Milotic|Recover|p1a: Milotic\n|-heal|p1a: Milotic|100/100\n|move|p2a: Clawitzer|Dark Pulse|p1a: Milotic\n|-damage|p1a: Milotic|56/100\n|\n|-heal|p1a: Milotic|62/100|[from] item: Leftovers\n|upkeep\n|turn|20\n|inactive|Time left: 300 sec this turn | 300 sec total\n|\n|t:|1783539218\n|move|p1a: Milotic|Ice Beam|p2a: Clawitzer\n|-resisted|p2a: Clawitzer\n|-damage|p2a: Clawitzer|104/265\n|move|p2a: Clawitzer|Dark Pulse|p1a: Milotic\n|-damage|p1a: Milotic|22/100\n|\n|-heal|p1a: Milotic|28/100|[from] item: Leftovers\n|upkeep\n|turn|21\n|inactive|Time left: 300 sec this turn | 300 sec total\n|\n|t:|1783539219\n|move|p1a: Milotic|Scald|p2a: Clawitzer\n|-resisted|p2a: Clawitzer\n|-damage|p2a: Clawitzer|59/265\n|-status|p2a: Clawitzer|brn\n|move|p2a: Clawitzer|Dark Pulse|p1a: Milotic\n|-damage|p1a: Milotic|0 fnt\n|faint|p1a: Milotic\n|\n|-damage|p2a: Clawitzer|43/265 brn|[from] brn\n|upkeep\n|\n|t:|1783539221\n|switch|p1a: Raichu|Raichu, L88, F|100/100\n|turn|22\n|inactive|Time left: 300 sec this turn | 300 sec total\n|\n|t:|1783539222\n|move|p1a: Raichu|Thunderbolt|p2a: Clawitzer\n|-supereffective|p2a: Clawitzer\n|-damage|p2a: Clawitzer|0 fnt\n|faint|p2a: Clawitzer\n|-damage|p1a: Raichu|91/100|[from] item: Life Orb\n|\n|upkeep\n|inactive|Time left: 300 sec this turn | 300 sec total | 5 sec grace\n|\n|t:|1783539223\n|switch|p2a: Cinccino|Cinccino, L83, M|260/260\n|turn|23\n|inactive|Time left: 300 sec this turn | 300 sec total\n|\n|t:|1783539224\n|move|p1a: Raichu|Focus Blast|p2a: Cinccino|[miss]\n|-miss|p1a: Raichu|p2a: Cinccino\n|move|p2a: Cinccino|Tail Slap|p1a: Raichu\n|-damage|p1a: Raichu|70/100\n|-damage|p1a: Raichu|50/100\n|-damage|p1a: Raichu|28/100\n|-damage|p1a: Raichu|8/100\n|-hitcount|p1a: Raichu|4\n|\n|upkeep\n|turn|24\n|inactive|Time left: 300 sec this turn | 300 sec total\n|\n|t:|1783539225\n|switch|p2a: Goodra|Goodra, L85, F|11/292\n|move|p1a: Raichu|Focus Blast|p2a: Goodra\n|-damage|p2a: Goodra|0 fnt\n|faint|p2a: Goodra\n|-damage|p1a: Raichu|0 fnt|[from] item: Life Orb\n|faint|p1a: Raichu\n|\n|upkeep\n|inactive|Time left: 300 sec this turn | 300 sec total | 5 sec grace\n|\n|t:|1783539227\n|switch|p1a: Maushold|Maushold-Four, L76|100/100\n|switch|p2a: Dodrio|Dodrio, L85, M|241/241\n|turn|25\n|inactive|Time left: 300 sec this turn | 300 sec total\n|\n|t:|1783539228\n|switch|p1a: Cinderace|Cinderace, L77, M|100/100\n|move|p2a: Dodrio|Brave Bird|p1a: Cinderace\n|-damage|p1a: Cinderace|0 fnt\n|faint|p1a: Cinderace\n|-damage|p2a: Dodrio|159/241|[from] Recoil\n|\n|upkeep\n|\n|t:|1783539229\n|switch|p1a: Luxray|Luxray, L88, F|40/100 brn\n|turn|26\n|inactive|Time left: 300 sec this turn | 300 sec total\n|\n|t:|1783539230\n|move|p2a: Dodrio|Brave Bird|p1a: Luxray\n|-resisted|p1a: Luxray\n|-damage|p1a: Luxray|2/100 brn\n|-damage|p2a: Dodrio|123/241|[from] Recoil\n|move|p1a: Luxray|Supercell Slam|p2a: Dodrio\n|-supereffective|p2a: Dodrio\n|-damage|p2a: Dodrio|0 fnt\n|faint|p2a: Dodrio\n|\n|-damage|p1a: Luxray|0 fnt|[from] brn\n|faint|p1a: Luxray\n|upkeep\n|inactive|Time left: 300 sec this turn | 300 sec total | 5 sec grace\n|\n|t:|1783539231\n|switch|p2a: Cinccino|Cinccino, L83, M|260/260\n|switch|p1a: Maushold|Maushold-Four, L76|100/100\n|turn|27\n|inactive|Time left: 300 sec this turn | 300 sec total\n|\n|t:|1783539232\n|-terastallize|p1a: Maushold|Ghost\n|move|p2a: Cinccino|Tidy Up|p2a: Cinccino\n|-boost|p2a: Cinccino|atk|1\n|-boost|p2a: Cinccino|spe|1\n|move|p1a: Maushold|Tidy Up|p1a: Maushold\n|-boost|p1a: Maushold|atk|1\n|-boost|p1a: Maushold|spe|1\n|\n|upkeep\n|turn|28\n|inactive|Time left: 300 sec this turn | 300 sec total\n|\n|t:|1783539232\n|move|p2a: Cinccino|Triple Axel|p1a: Maushold\n|-damage|p1a: Maushold|84/100\n|-damage|p1a: Maushold|52/100\n|-damage|p1a: Maushold|3/100\n|-hitcount|p1a: Maushold|3\n|move|p1a: Maushold|Tidy Up|p1a: Maushold\n|-boost|p1a: Maushold|atk|1\n|-boost|p1a: Maushold|spe|1\n|\n|upkeep\n|turn|29\n|inactive|Time left: 300 sec this turn | 300 sec total\n|\n|t:|1783539233\n|move|p1a: Maushold|Population Bomb|p2a: Cinccino\n|-damage|p2a: Cinccino|206/260\n|-damage|p2a: Cinccino|146/260\n|-damage|p2a: Cinccino|86/260\n|-damage|p2a: Cinccino|28/260\n|-damage|p2a: Cinccino|0 fnt\n|faint|p2a: Cinccino\n|-hitcount|p2: Cinccino|5\n|\n|upkeep\n|inactive|Time left: 300 sec this turn | 300 sec total | 5 sec grace\n|\n|t:|1783539233\n|switch|p2a: Swanna|Swanna, L89, F|278/278\n|turn|30\n|inactive|Time left: 300 sec this turn | 300 sec total\n|\n|t:|1783539234\n|move|p1a: Maushold|Population Bomb|p2a: Swanna\n|-damage|p2a: Swanna|229/278\n|-damage|p2a: Swanna|174/278\n|-damage|p2a: Swanna|122/278\n|-damage|p2a: Swanna|73/278\n|-damage|p2a: Swanna|16/278\n|-damage|p2a: Swanna|0 fnt\n|faint|p2a: Swanna\n|-hitcount|p2: Swanna|6\n|\n|win|p0x004d1cd", "uploadtime": 1783539234, "views": 0, "rating": 0, "private": 0, "password": null, "_winner": "p0x004d1cd", "_our_name": "p0y004c8bb"}