{"id": "battle-gen9randombattle-468", "formatid": "gen9randombattle", "format": "[Gen 9] Random Battle", "players": ["p0x4680e00", "p0y4685373"], "log": "|init|battle\n|title|p0x4680e00 vs. p0y4685373\n|j|\u2606p0x4680e00\n|j|\u2606p0y4685373\n|t:|1783544485\n|gametype|singles\n|player|p1|p0x4680e00|1|\n|player|p2|p0y4685373|170|\n|gen|9\n|tier|[Gen 9] Random Battle\n|rule|Species Clause: Limit one of each Pok\u00e9mon\n|rule|HP Percentage Mod: HP is shown in percentages\n|rule|Sleep Clause Mod: Limit one foe put to sleep\n|rule|Illusion Level Mod: Illusion disguises the Pok\u00e9mon's true level\n|\n|t:|1783544485\n|teamsize|p1|6\n|teamsize|p2|6\n|start\n|switch|p1a: Darkrai|Darkrai, L77|100/100\n|switch|p2a: Trevenant|Trevenant, L89, F|296/296\n|turn|1\n|inactive|Battle timer is ON: inactive players will automatically lose when time's up. (requested by p0x4680e00)\n|inactive|Time left: 300 sec this turn | 300 sec total | 60 sec grace\n|inactive|p0y4685373 also wants the timer to be on.\n|\n|t:|1783544486\n|switch|p2a: Politoed|Politoed, L88, F|302/302\n|-weather|RainDance|[from] ability: Drizzle|[of] p2a: Politoed\n|move|p1a: Darkrai|Nasty Plot|p1a: Darkrai\n|-boost|p1a: Darkrai|spa|2\n|\n|-weather|RainDance|[upkeep]\n|upkeep\n|turn|2\n|inactive|Time left: 300 sec this turn | 300 sec total\n|\n|t:|1783544488\n|move|p1a: Darkrai|Dark Pulse|p2a: Politoed\n|-damage|p2a: Politoed|136/302\n|move|p2a: Politoed|Weather Ball|p1a: Darkrai\n|-damage|p1a: Darkrai|0 fnt\n|faint|p1a: Darkrai\n|\n|-weather|RainDance|[upkeep]\n|upkeep\n|\n|t:|1783544489\n|switch|p1a: Slither Wing|Slither Wing, L81|100/100\n|-enditem|p1a: Slither Wing|Booster Energy\n|-activate|p1a: Slither Wing|ability: Protosynthesis|[fromitem]\n|-start|p1a: Slither Wing|protosynthesisatk\n|turn|3\n|inactive|Time left: 300 sec this turn | 300 sec total\n|\n|t:|1783544490\n|switch|p2a: Vespiquen|Vespiquen, L99, F|299/299\n|-ability|p2a: Vespiquen|Pressure\n|move|p1a: Slither Wing|Close Combat|p2a: Vespiquen\n|-resisted|p2a: Vespiquen\n|-damage|p2a: Vespiquen|262/299\n|-unboost|p1a: Slither Wing|def|1\n|-unboost|p1a: Slither Wing|spd|1\n|\n|-weather|RainDance|[upkeep]\n|upkeep\n|turn|4\n|inactive|Time left: 300 sec this turn | 300 sec total\n|\n|t:|1783544492\n|-end|p1a: Slither Wing|Protosynthesis|[silent]\n|switch|p1a: Toxtricity|Toxtricity, L82, F|100/100\n|move|p2a: Vespiquen|Air Slash|p1a: Toxtricity\n|-resisted|p1a: Toxtricity\n|-damage|p1a: Toxtricity|80/100\n|\n|-weather|RainDance|[upkeep]\n|upkeep\n|turn|5\n|inactive|Time left: 300 sec this turn | 300 sec total\n|\n|t:|1783544493\n|move|p1a: Toxtricity|Shift Gear|p1a: Toxtricity\n|-boost|p1a: Toxtricity|spe|2\n|-boost|p1a: Toxtricity|atk|1\n|move|p2a: Vespiquen|Roost|p2a: Vespiquen\n|-heal|p2a: Vespiquen|299/299\n|-singleturn|p2a: Vespiquen|move: Roost\n|\n|-weather|none\n|upkeep\n|turn|6\n|inactive|Time left: 300 sec this turn | 300 sec total\n|\n|t:|1783544494\n|switch|p2a: Magcargo|Magcargo, L95, M|268/268\n|move|p1a: Toxtricity|Overdrive|p2a: Magcargo\n|-damage|p2a: Magcargo|148/268\n|-enditem|p1a: Toxtricity|Throat Spray\n|-boost|p1a: Toxtricity|spa|1|[from] item: Throat Spray\n|\n|upkeep\n|turn|7\n|inactive|Time left: 300 sec this turn | 300 sec total\n|\n|t:|1783544495\n|-terastallize|p2a: Magcargo|Dragon\n|move|p1a: Toxtricity|Overdrive|p2a: Magcargo\n|-resisted|p2a: Magcargo\n|-damage|p2a: Magcargo|65/268\n|move|p2a: Magcargo|Earth Power|p1a: Toxtricity\n|-supereffective|p1a: Toxtricity\n|-damage|p1a: Toxtricity|0 fnt\n|faint|p1a: Toxtricity\n|\n|upkeep\n|\n|t:|1783544496\n|switch|p1a: Kingambit|Kingambit, L74, M|100/100\n|-activate|p1a: Kingambit|ability: Supreme Overlord\n|-start|p1a: Kingambit|fallen2|[silent]\n|turn|8\n|inactive|Time left: 300 sec this turn | 300 sec total\n|\n|t:|1783544497\n|move|p1a: Kingambit|Kowtow Cleave|p2a: Magcargo\n|-damage|p2a: Magcargo|0 fnt\n|faint|p2a: Magcargo\n|\n|upkeep\n|inactive|Time left: 300 sec this turn | 300 sec total | 5 sec grace\n|\n|t:|1783544497\n|switch|p2a: Politoed|Politoed, L88, F|136/302\n|-weather|RainDance|[from] ability: Drizzle|[of] p2a: Politoed\n|turn|9\n|inactive|Time left: 300 sec this turn | 300 sec total\n|\n|t:|1783544498\n|-end|p1a: Kingambit|fallen2|[silent]\n|switch|p1a: Regice|Regice, L88|100/100\n|move|p2a: Politoed|Weather Ball|p1a: Regice\n|-damage|p1a: Regice|55/100\n|\n|-weather|RainDance|[upkeep]\n|upkeep\n|turn|10\n|inactive|Time left: 300 sec this turn | 300 sec total\n|\n|t:|1783544499\n|move|p2a: Politoed|Weather Ball|p1a: Regice\n|-damage|p1a: Regice|16/100\n|move|p1a: Regice|Rest|p1a: Regice\n|-status|p1a: Regice|slp|[from] move: Rest\n|-heal|p1a: Regice|100/100 slp|[silent]\n|\n|-weather|RainDance|[upkeep]\n|upkeep\n|turn|11\n|inactive|Time left: 300 sec this turn | 300 sec total\n|\n|t:|1783544500\n|move|p2a: Politoed|Weather Ball|p1a: Regice\n|-damage|p1a: Regice|58/100 slp\n|cant|p1a: Regice|slp\n|move|p1a: Regice|Sleep Talk|p1a: Regice\n|move|p1a: Regice|Ice Beam|p2a: Politoed|[from] move: Sleep Talk\n|-resisted|p2a: Politoed\n|-damage|p2a: Politoed|88/302\n|\n|-weather|RainDance|[upkeep]\n|upkeep\n|turn|12\n|inactive|Time left: 300 sec this turn | 300 sec total\n|\n|t:|1783544501\n|move|p2a: Politoed|Weather Ball|p1a: Regice\n|-damage|p1a: Regice|16/100 slp\n|cant|p1a: Regice|slp\n|move|p1a: Regice|Sleep Talk|p1a: Regice\n|move|p1a: Regice|Ice Beam|p2a: Politoed|[from] move: Sleep Talk\n|-resisted|p2a: Politoed\n|-damage|p2a: Politoed|41/302\n|\n|-weather|RainDance|[upkeep]\n|upkeep\n|turn|13\n|inactive|Time left: 300 sec this turn | 300 sec total\n|\n|t:|1783544502\n|move|p2a: Politoed|Weather Ball|p1a: Regice\n|-damage|p1a: Regice|0 fnt\n|faint|p1a: Regice\n|\n|-weather|none\n|upkeep\n|\n|t:|1783544503\n|switch|p1a: Kingambit|Kingambit, L74, M|100/100\n|-activate|p1a: Kingambit|ability: Supreme Overlord\n|-start|p1a: Kingambit|fallen3|[silent]\n|turn|14\n|inactive|Time left: 300 sec this turn | 300 sec total\n|\n|t:|1783544504\n|switch|p2a: Vespiquen|Vespiquen, L99, F|299/299\n|-ability|p2a: Vespiquen|Pressure\n|move|p1a: Kingambit|Swords Dance|p1a: Kingambit\n|-boost|p1a: Kingambit|atk|2\n|\n|upkeep\n|turn|15\n|inactive|Time left: 300 sec this turn | 300 sec total\n|\n|t:|1783544505\n|move|p2a: Vespiquen|Air Slash|p1a: Kingambit\n|-resisted|p1a: Kingambit\n|-damage|p1a: Kingambit|82/100\n|move|p1a: Kingambit|Iron Head|p2a: Vespiquen\n|-damage|p2a: Vespiquen|128/299\n|\n|-heal|p1a: Kingambit|88/100|[from] item: Leftovers\n|upkeep\n|turn|16\n|inactive|Time left: 300 sec this turn | 300 sec total\n|\n|t:|1783544506\n|move|p2a: Vespiquen|Roost|p2a: Vespiquen\n|-heal|p2a: Vespiquen|278/299\n|-singleturn|p2a: Vespiquen|move: Roost\n|move|p1a: Kingambit|Kowtow Cleave|p2a: Vespiquen\n|-damage|p2a: Vespiquen|109/299\n|\n|-heal|p1a: Kingambit|93/100|[from] item: Leftovers\n|upkeep\n|turn|17\n|inactive|Time left: 300 sec this turn | 300 sec total\n|\n|t:|1783544507\n|move|p2a: Vespiquen|Roost|p2a: Vespiquen\n|-heal|p2a: Vespiquen|259/299\n|-singleturn|p2a: Vespiquen|move: Roost\n|move|p1a: Kingambit|Kowtow Cleave|p2a: Vespiquen\n|-damage|p2a: Vespiquen|91/299\n|\n|-heal|p1a: Kingambit|99/100|[from] item: Leftovers\n|upkeep\n|turn|18\n|inactive|Time left: 300 sec this turn | 300 sec total\n|\n|t:|1783544508\n|move|p2a: Vespiquen|Roost|p2a: Vespiquen\n|-heal|p2a: Vespiquen|241/299\n|-singleturn|p2a: Vespiquen|move: Roost\n|move|p1a: Kingambit|Kowtow Cleave|p2a: Vespiquen\n|-damage|p2a: Vespiquen|75/299\n|\n|-heal|p1a: Kingambit|100/100|[from] item: Leftovers\n|upkeep\n|turn|19\n|inactive|Time left: 300 sec this turn | 300 sec total\n|\n|t:|1783544509\n|move|p2a: Vespiquen|Roost|p2a: Vespiquen\n|-heal|p2a: Vespiquen|225/299\n|-singleturn|p2a: Vespiquen|move: Roost\n|move|p1a: Kingambit|Kowtow Cleave|p2a: Vespiquen\n|-damage|p2a: Vespiquen|51/299\n|\n|upkeep\n|turn|20\n|inactive|Time left: 300 sec this turn | 300 sec total\n|\n|t:|1783544510\n|move|p2a: Vespiquen|Roost|p2a: Vespiquen\n|-heal|p2a: Vespiquen|201/299\n|-singleturn|p2a: Vespiquen|move: Roost\n|move|p1a: Kingambit|Kowtow Cleave|p2a: Vespiquen\n|-damage|p2a: Vespiquen|9/299\n|\n|upkeep\n|turn|21\n|inactive|Time left: 300 sec this turn | 300 sec total\n|\n|t:|1783544511\n|move|p2a: Vespiquen|Spikes|p1a: Kingambit\n|-sidestart|p1: p0x4680e00|Spikes\n|move|p1a: Kingambit|Kowtow Cleave|p2a: Vespiquen\n|-damage|p2a: Vespiquen|0 fnt\n|faint|p2a: Vespiquen\n|\n|upkeep\n|inactive|Time left: 300 sec this turn | 300 sec total | 5 sec grace\n|\n|t:|1783544512\n|switch|p2a: Politoed|Politoed, L88, F|41/302\n|-weather|RainDance|[from] ability: Drizzle|[of] p2a: Politoed\n|turn|22\n|inactive|Time left: 300 sec this turn | 300 sec total\n|\n|t:|1783544513\n|switch|p2a: Trevenant|Trevenant, L89, F|296/296\n|move|p1a: Kingambit|Sucker Punch||[still]\n|-fail|p1a: Kingambit\n|\n|-weather|RainDance|[upkeep]\n|upkeep\n|turn|23\n|inactive|Time left: 300 sec this turn | 300 sec total\n|\n|t:|1783544514\n|switch|p2a: Politoed|Politoed, L88, F|41/302\n|move|p1a: Kingambit|Kowtow Cleave|p2a: Politoed\n|-damage|p2a: Politoed|0 fnt\n|faint|p2a: Politoed\n|\n|-weather|RainDance|[upkeep]\n|upkeep\n|inactive|Time left: 300 sec this turn | 300 sec total | 5 sec grace\n|\n|t:|1783544515\n|switch|p2a: Trevenant|Trevenant, L89, F|296/296\n|turn|24\n|inactive|Time left: 300 sec this turn | 300 sec total\n|\n|t:|1783544516\n|switch|p2a: Klawf|Klawf, L90, M|272/272\n|move|p1a: Kingambit|Sucker Punch||[still]\n|-fail|p1a: Kingambit\n|\n|-weather|RainDance|[upkeep]\n|upkeep\n|turn|25\n|inactive|Time left: 300 sec this turn | 300 sec total\n|\n|t:|1783544517\n|move|p2a: Klawf|High Horsepower|p1a: Kingambit\n|-supereffective|p1a: Kingambit\n|-damage|p1a: Kingambit|52/100\n|move|p1a: Kingambit|Iron Head|p2a: Klawf\n|-supereffective|p2a: Klawf\n|-damage|p2a: Klawf|0 fnt\n|faint|p2a: Klawf\n|\n|-weather|RainDance|[upkeep]\n|-heal|p1a: Kingambit|58/100|[from] item: Leftovers\n|upkeep\n|inactive|Time left: 300 sec this turn | 300 sec total | 5 sec grace\n|\n|t:|1783544518\n|switch|p2a: Trevenant|Trevenant, L89, F|296/296\n|turn|26\n|inactive|Time left: 300 sec this turn | 300 sec total\n|\n|t:|1783544519\n|switch|p2a: Gholdengo|Gholdengo, L77|261/261\n|move|p1a: Kingambit|Sucker Punch||[still]\n|-fail|p1a: Kingambit\n|\n|-weather|none\n|-heal|p1a: Kingambit|63/100|[from] item: Leftovers\n|upkeep\n|turn|27\n|inactive|Time left: 300 sec this turn | 300 sec total\n|\n|t:|1783544519\n|move|p2a: Gholdengo|Shadow Ball|p1a: Kingambit\n|-resisted|p1a: Kingambit\n|-damage|p1a: Kingambit|44/100\n|move|p1a: Kingambit|Kowtow Cleave|p2a: Gholdengo\n|-supereffective|p2a: Gholdengo\n|-damage|p2a: Gholdengo|0 fnt\n|faint|p2a: Gholdengo\n|\n|-heal|p1a: Kingambit|50/100|[from] item: Leftovers\n|upkeep\n|inactive|Time left: 300 sec this turn | 300 sec total | 5 sec grace\n|\n|t:|1783544520\n|switch|p2a: Trevenant|Trevenant, L89, F|296/296\n|turn|28\n|inactive|Time left: 300 sec this turn | 300 sec total\n|\n|t:|1783544521\n|move|p1a: Kingambit|Sucker Punch||[still]\n|-fail|p1a: Kingambit\n|move|p2a: Trevenant|Rest|p2a: Trevenant\n|-fail|p2a: Trevenant|heal\n|\n|-heal|p1a: Kingambit|56/100|[from] item: Leftovers\n|upkeep\n|turn|29\n|inactive|Time left: 300 sec this turn | 300 sec total\n|\n|t:|1783544522\n|-terastallize|p1a: Kingambit|Flying\n|move|p1a: Kingambit|Sucker Punch||[still]\n|-fail|p1a: Kingambit\n|move|p2a: Trevenant|Rest|p2a: Trevenant\n|-fail|p2a: Trevenant|heal\n|\n|-heal|p1a: Kingambit|62/100|[from] item: Leftovers\n|upkeep\n|turn|30\n|inactive|Time left: 300 sec this turn | 300 sec total\n|\n|t:|1783544523\n|move|p1a: Kingambit|Sucker Punch||[still]\n|-fail|p1a: Kingambit\n|move|p2a: Trevenant|Rest|p2a: Trevenant\n|-fail|p2a: Trevenant|heal\n|\n|-heal|p1a: Kingambit|68/100|[from] item: Leftovers\n|upkeep\n|turn|31\n|inactive|Time left: 300 sec this turn | 300 sec total\n|\n|t:|1783544524\n|move|p2a: Trevenant|Rest|p2a: Trevenant\n|-fail|p2a: Trevenant|heal\n|move|p1a: Kingambit|Kowtow Cleave|p2a: Trevenant\n|-supereffective|p2a: Trevenant\n|-damage|p2a: Trevenant|0 fnt\n|faint|p2a: Trevenant\n|\n|win|p0x4680e00", "uploadtime": 1783544524, "views": 0, "rating": 0, "private": 0, "password": null, "_winner": "p0x4680e00", "_our_name": "p0y4685373"}