{"id": "battle-gen9randombattle-1452", "formatid": "gen9randombattle", "format": "[Gen 9] Random Battle", "players": ["p0x145292f2", "p0y14527bee"], "log": "|init|battle\n|title|p0x145292f2 vs. p0y14527bee\n|j|\u2606p0x145292f2\n|j|\u2606p0y14527bee\n|t:|1783555974\n|gametype|singles\n|player|p1|p0x145292f2|266|\n|player|p2|p0y14527bee|2|\n|gen|9\n|tier|[Gen 9] Random Battle\n|rule|Species Clause: Limit one of each Pok\u00e9mon\n|rule|HP Percentage Mod: HP is shown in percentages\n|rule|Sleep Clause Mod: Limit one foe put to sleep\n|rule|Illusion Level Mod: Illusion disguises the Pok\u00e9mon's true level\n|\n|t:|1783555974\n|teamsize|p1|6\n|teamsize|p2|6\n|start\n|switch|p1a: Rotom|Rotom-Fan, L86|100/100\n|switch|p2a: Grimmsnarl|Grimmsnarl, L83, M|293/293\n|turn|1\n|inactive|Battle timer is ON: inactive players will automatically lose when time's up. (requested by p0x145292f2)\n|inactive|Time left: 300 sec this turn | 300 sec total | 60 sec grace\n|\n|t:|1783555976\n|move|p2a: Grimmsnarl|Light Screen|p2a: Grimmsnarl\n|-sidestart|p2: p0y14527bee|move: Light Screen\n|move|p1a: Rotom|Nasty Plot|p1a: Rotom\n|-boost|p1a: Rotom|spa|2\n|\n|upkeep\n|turn|2\n|inactive|Time left: 300 sec this turn | 300 sec total\n|inactive|p0y14527bee also wants the timer to be on.\n|\n|t:|1783555977\n|move|p1a: Rotom|Thunderbolt|p2a: Grimmsnarl\n|-damage|p2a: Grimmsnarl|173/293\n|-status|p2a: Grimmsnarl|par\n|move|p2a: Grimmsnarl|Spirit Break|p1a: Rotom\n|-damage|p1a: Rotom|67/100\n|-unboost|p1a: Rotom|spa|1\n|\n|upkeep\n|turn|3\n|inactive|Time left: 300 sec this turn | 300 sec total\n|\n|t:|1783555978\n|move|p1a: Rotom|Nasty Plot|p1a: Rotom\n|-boost|p1a: Rotom|spa|2\n|move|p2a: Grimmsnarl|Spirit Break|p1a: Rotom\n|-damage|p1a: Rotom|34/100\n|-unboost|p1a: Rotom|spa|1\n|\n|upkeep\n|turn|4\n|inactive|Time left: 300 sec this turn | 300 sec total\n|\n|t:|1783555979\n|move|p1a: Rotom|Thunderbolt|p2a: Grimmsnarl\n|-damage|p2a: Grimmsnarl|49/293 par\n|move|p2a: Grimmsnarl|Spirit Break|p1a: Rotom\n|-damage|p1a: Rotom|0 fnt\n|faint|p1a: Rotom\n|\n|upkeep\n|\n|t:|1783555980\n|switch|p1a: Iron Bundle|Iron Bundle, L78|100/100\n|turn|5\n|inactive|Time left: 300 sec this turn | 300 sec total\n|\n|t:|1783555982\n|cant|p2a: Grimmsnarl|par\n|move|p1a: Iron Bundle|Ice Beam|p2a: Grimmsnarl\n|-damage|p2a: Grimmsnarl|0 fnt\n|faint|p2a: Grimmsnarl\n|\n|upkeep\n|inactive|Time left: 300 sec this turn | 300 sec total | 5 sec grace\n|\n|t:|1783555982\n|switch|p2a: Iron Leaves|Iron Leaves, L80|275/275\n|turn|6\n|inactive|Time left: 300 sec this turn | 300 sec total\n|\n|t:|1783555984\n|-end|p1a: Iron Bundle|Quark Drive|[silent]\n|switch|p1a: Magearna|Magearna, L77|100/100\n|move|p2a: Iron Leaves|Leaf Blade|p1a: Magearna\n|-resisted|p1a: Magearna\n|-crit|p1a: Magearna\n|-damage|p1a: Magearna|60/100\n|-damage|p2a: Iron Leaves|248/275|[from] item: Life Orb\n|\n|-heal|p1a: Magearna|66/100|[from] item: Leftovers\n|upkeep\n|turn|7\n|inactive|Time left: 300 sec this turn | 300 sec total\n|\n|t:|1783555985\n|move|p2a: Iron Leaves|Swords Dance|p2a: Iron Leaves\n|-boost|p2a: Iron Leaves|atk|2\n|move|p1a: Magearna|Pain Split|p2a: Iron Leaves\n|-sethp|p2a: Iron Leaves|206/275|[from] move: Pain Split|[silent]\n|-sethp|p1a: Magearna|83/100|[from] move: Pain Split\n|\n|-heal|p1a: Magearna|89/100|[from] item: Leftovers\n|upkeep\n|turn|8\n|inactive|Time left: 300 sec this turn | 300 sec total\n|\n|t:|1783555986\n|switch|p1a: Clefable|Clefable, L83, M|100/100\n|move|p2a: Iron Leaves|Leaf Blade|p1a: Clefable\n|-damage|p1a: Clefable|41/100\n|-damage|p2a: Iron Leaves|179/275|[from] item: Life Orb\n|\n|-heal|p1a: Clefable|47/100|[from] item: Leftovers\n|-sideend|p2: p0y14527bee|move: Light Screen\n|upkeep\n|turn|9\n|inactive|Time left: 300 sec this turn | 300 sec total\n|\n|t:|1783555988\n|move|p2a: Iron Leaves|Psyblade|p1a: Clefable\n|-damage|p1a: Clefable|0 fnt\n|faint|p1a: Clefable\n|-damage|p2a: Iron Leaves|152/275|[from] item: Life Orb\n|\n|upkeep\n|\n|t:|1783555988\n|switch|p1a: Iron Bundle|Iron Bundle, L78|100/100\n|turn|10\n|inactive|Time left: 300 sec this turn | 300 sec total\n|\n|t:|1783555990\n|-terastallize|p2a: Iron Leaves|Fighting\n|move|p1a: Iron Bundle|Ice Beam|p2a: Iron Leaves\n|-damage|p2a: Iron Leaves|26/275\n|move|p2a: Iron Leaves|Close Combat|p1a: Iron Bundle\n|-supereffective|p1a: Iron Bundle\n|-damage|p1a: Iron Bundle|0 fnt\n|-unboost|p2a: Iron Leaves|def|1\n|-unboost|p2a: Iron Leaves|spd|1\n|faint|p1a: Iron Bundle\n|-end|p1a: Iron Bundle|Quark Drive|[silent]\n|-damage|p2a: Iron Leaves|0 fnt|[from] item: Life Orb\n|faint|p2a: Iron Leaves\n|-end|p2a: Iron Leaves|Quark Drive|[silent]\n|\n|upkeep\n|inactive|Time left: 300 sec this turn | 300 sec total | 5 sec grace\n|\n|t:|1783555991\n|switch|p1a: Porygon2|Porygon2, L81|100/100\n|switch|p2a: Camerupt|Camerupt, L91, F|275/275\n|-ability|p1a: Porygon2|Download|boost\n|-boost|p1a: Porygon2|atk|1\n|turn|11\n|inactive|Time left: 300 sec this turn | 300 sec total\n|\n|t:|1783555992\n|move|p1a: Porygon2|Ice Beam|p2a: Camerupt\n|-damage|p2a: Camerupt|209/275\n|move|p2a: Camerupt|Stealth Rock|p1a: Porygon2\n|-sidestart|p1: p0x145292f2|move: Stealth Rock\n|\n|-heal|p2a: Camerupt|226/275|[from] item: Leftovers\n|upkeep\n|turn|12\n|inactive|Time left: 300 sec this turn | 300 sec total\n|\n|t:|1783555993\n|move|p1a: Porygon2|Tri Attack|p2a: Camerupt\n|-damage|p2a: Camerupt|144/275\n|move|p2a: Camerupt|Earthquake|p1a: Porygon2\n|-damage|p1a: Porygon2|67/100\n|\n|-heal|p2a: Camerupt|161/275|[from] item: Leftovers\n|upkeep\n|turn|13\n|inactive|Time left: 300 sec this turn | 300 sec total\n|\n|t:|1783555994\n|move|p1a: Porygon2|Tri Attack|p2a: Camerupt\n|-damage|p2a: Camerupt|74/275\n|move|p2a: Camerupt|Earthquake|p1a: Porygon2\n|-damage|p1a: Porygon2|34/100\n|\n|-heal|p2a: Camerupt|91/275|[from] item: Leftovers\n|upkeep\n|turn|14\n|inactive|Time left: 300 sec this turn | 300 sec total\n|\n|t:|1783555995\n|move|p1a: Porygon2|Recover|p1a: Porygon2\n|-heal|p1a: Porygon2|84/100\n|move|p2a: Camerupt|Overheat|p1a: Porygon2\n|-damage|p1a: Porygon2|44/100\n|-unboost|p2a: Camerupt|spa|2\n|\n|-heal|p2a: Camerupt|108/275|[from] item: Leftovers\n|upkeep\n|turn|15\n|inactive|Time left: 300 sec this turn | 300 sec total\n|\n|t:|1783555996\n|move|p1a: Porygon2|Recover|p1a: Porygon2\n|-heal|p1a: Porygon2|94/100\n|move|p2a: Camerupt|Earthquake|p1a: Porygon2\n|-damage|p1a: Porygon2|64/100\n|\n|-heal|p2a: Camerupt|125/275|[from] item: Leftovers\n|upkeep\n|turn|16\n|inactive|Time left: 300 sec this turn | 300 sec total\n|\n|t:|1783555997\n|move|p1a: Porygon2|Tri Attack|p2a: Camerupt\n|-damage|p2a: Camerupt|32/275\n|move|p2a: Camerupt|Earthquake|p1a: Porygon2\n|-damage|p1a: Porygon2|33/100\n|\n|-heal|p2a: Camerupt|49/275|[from] item: Leftovers\n|upkeep\n|turn|17\n|inactive|Time left: 300 sec this turn | 300 sec total\n|\n|t:|1783555998\n|switch|p2a: Persian|Persian, L92, M|269/269\n|move|p1a: Porygon2|Recover|p1a: Porygon2\n|-heal|p1a: Porygon2|83/100\n|\n|upkeep\n|turn|18\n|inactive|Time left: 300 sec this turn | 300 sec total\n|\n|t:|1783555999\n|move|p2a: Persian|Fake Out|p1a: Porygon2\n|-damage|p1a: Porygon2|64/100\n|cant|p1a: Porygon2|flinch\n|\n|upkeep\n|turn|19\n|inactive|Time left: 300 sec this turn | 300 sec total\n|\n|t:|1783556000\n|move|p2a: Persian|Knock Off|p1a: Porygon2\n|-damage|p1a: Porygon2|48/100\n|-enditem|p1a: Porygon2|Eviolite|[from] move: Knock Off|[of] p2a: Persian\n|move|p1a: Porygon2|Recover|p1a: Porygon2\n|-heal|p1a: Porygon2|98/100\n|\n|upkeep\n|turn|20\n|inactive|Time left: 300 sec this turn | 300 sec total\n|\n|t:|1783556000\n|move|p2a: Persian|Double-Edge|p1a: Porygon2\n|-damage|p1a: Porygon2|43/100\n|-damage|p2a: Persian|220/269|[from] Recoil\n|move|p1a: Porygon2|Recover|p1a: Porygon2\n|-heal|p1a: Porygon2|93/100\n|\n|upkeep\n|turn|21\n|inactive|Time left: 300 sec this turn | 300 sec total\n|\n|t:|1783556001\n|move|p2a: Persian|Double-Edge|p1a: Porygon2\n|-damage|p1a: Porygon2|43/100\n|-damage|p2a: Persian|175/269|[from] Recoil\n|move|p1a: Porygon2|Recover|p1a: Porygon2\n|-heal|p1a: Porygon2|93/100\n|\n|upkeep\n|turn|22\n|inactive|Time left: 300 sec this turn | 300 sec total\n|\n|t:|1783556002\n|move|p2a: Persian|Double-Edge|p1a: Porygon2\n|-crit|p1a: Porygon2\n|-damage|p1a: Porygon2|17/100\n|-damage|p2a: Persian|107/269|[from] Recoil\n|move|p1a: Porygon2|Recover|p1a: Porygon2\n|-heal|p1a: Porygon2|67/100\n|\n|upkeep\n|turn|23\n|inactive|Time left: 300 sec this turn | 300 sec total\n|\n|t:|1783556003\n|move|p2a: Persian|Double-Edge|p1a: Porygon2\n|-damage|p1a: Porygon2|9/100\n|-damage|p2a: Persian|55/269|[from] Recoil\n|move|p1a: Porygon2|Tri Attack|p2a: Persian\n|-damage|p2a: Persian|0 fnt\n|faint|p2a: Persian\n|\n|upkeep\n|inactive|Time left: 300 sec this turn | 300 sec total | 5 sec grace\n|\n|t:|1783556004\n|switch|p2a: Tropius|Tropius, L91, M|328/328\n|turn|24\n|inactive|Time left: 300 sec this turn | 300 sec total\n|\n|t:|1783556005\n|move|p2a: Tropius|Leaf Blade|p1a: Porygon2\n|-crit|p1a: Porygon2\n|-damage|p1a: Porygon2|0 fnt\n|faint|p1a: Porygon2\n|\n|upkeep\n|\n|t:|1783556006\n|switch|p1a: Magearna|Magearna, L77|89/100\n|-damage|p1a: Magearna|83/100|[from] Stealth Rock\n|turn|25\n|inactive|Time left: 300 sec this turn | 300 sec total\n|\n|t:|1783556007\n|move|p1a: Magearna|Pain Split|p2a: Tropius\n|-sethp|p2a: Tropius|267/328|[from] move: Pain Split|[silent]\n|-sethp|p1a: Magearna|100/100|[from] move: Pain Split\n|move|p2a: Tropius|Dragon Dance|p2a: Tropius\n|-boost|p2a: Tropius|atk|1\n|-boost|p2a: Tropius|spe|1\n|\n|upkeep\n|turn|26\n|inactive|Time left: 300 sec this turn | 300 sec total\n|\n|t:|1783556007\n|move|p2a: Tropius|Dragon Dance|p2a: Tropius\n|-boost|p2a: Tropius|atk|1\n|-boost|p2a: Tropius|spe|1\n|move|p1a: Magearna|Flash Cannon|p2a: Tropius\n|-damage|p2a: Tropius|182/328\n|\n|upkeep\n|turn|27\n|inactive|Time left: 300 sec this turn | 300 sec total\n|\n|t:|1783556009\n|move|p2a: Tropius|Earthquake|p1a: Magearna\n|-supereffective|p1a: Magearna\n|-damage|p1a: Magearna|18/100\n|move|p1a: Magearna|Flash Cannon|p2a: Tropius\n|-damage|p2a: Tropius|98/328\n|-enditem|p2a: Tropius|Sitrus Berry|[eat]\n|-heal|p2a: Tropius|180/328|[from] item: Sitrus Berry\n|\n|-heal|p1a: Magearna|24/100|[from] item: Leftovers\n|upkeep\n|turn|28\n|inactive|Time left: 300 sec this turn | 300 sec total\n|\n|t:|1783556010\n|move|p2a: Tropius|Earthquake|p1a: Magearna\n|-supereffective|p1a: Magearna\n|-damage|p1a: Magearna|0 fnt\n|faint|p1a: Magearna\n|\n|upkeep\n|\n|t:|1783556011\n|switch|p1a: Ditto|Ditto, L87|100/100\n|-damage|p1a: Ditto|88/100|[from] Stealth Rock\n|-transform|p1a: Ditto|p2a: Tropius|[from] ability: Imposter\n|turn|29\n|inactive|Time left: 300 sec this turn | 300 sec total\n|\n|t:|1783556012\n|move|p1a: Ditto|Dual Wingbeat|p2a: Tropius|[miss]\n|-miss|p1a: Ditto|p2a: Tropius\n|move|p2a: Tropius|Dual Wingbeat|p1a: Ditto\n|-supereffective|p1a: Ditto\n|-damage|p1a: Ditto|26/100\n|-supereffective|p1a: Ditto\n|-damage|p1a: Ditto|0 fnt\n|faint|p1a: Ditto\n|-hitcount|p1: Ditto|2\n|\n|win|p0y14527bee", "uploadtime": 1783556012, "views": 0, "rating": 0, "private": 0, "password": null, "_winner": "p0y14527bee", "_our_name": "p0y14527bee"}