{"id": "battle-gen9randombattle-1423", "formatid": "gen9randombattle", "format": "[Gen 9] Random Battle", "players": ["p0x14231ca5", "p0y1423420c"], "log": "|init|battle\n|title|p0x14231ca5 vs. p0y1423420c\n|j|\u2606p0x14231ca5\n|j|\u2606p0y1423420c\n|t:|1783555618\n|gametype|singles\n|player|p1|p0x14231ca5|170|\n|player|p2|p0y1423420c|101|\n|gen|9\n|tier|[Gen 9] Random Battle\n|rule|Species Clause: Limit one of each Pok\u00e9mon\n|rule|HP Percentage Mod: HP is shown in percentages\n|rule|Sleep Clause Mod: Limit one foe put to sleep\n|rule|Illusion Level Mod: Illusion disguises the Pok\u00e9mon's true level\n|\n|t:|1783555618\n|teamsize|p1|6\n|teamsize|p2|6\n|start\n|switch|p1a: Banette|Banette, L93, F|270/270\n|switch|p2a: Brambleghast|Brambleghast, L88, M|100/100\n|turn|1\n|inactive|Battle timer is ON: inactive players will automatically lose when time's up. (requested by p0y1423420c)\n|inactive|Time left: 300 sec this turn | 300 sec total | 60 sec grace\n|inactive|p0x14231ca5 also wants the timer to be on.\n|\n|t:|1783555619\n|-terastallize|p1a: Banette|Poison\n|move|p2a: Brambleghast|Poltergeist|p1a: Banette\n|-activate|p1a: Banette|move: Poltergeist|Life Orb\n|-damage|p1a: Banette|96/270\n|move|p1a: Banette|Poltergeist|p2a: Brambleghast\n|-activate|p2a: Brambleghast|move: Poltergeist|Leftovers\n|-supereffective|p2a: Brambleghast\n|-damage|p2a: Brambleghast|0 fnt\n|faint|p2a: Brambleghast\n|-damage|p1a: Banette|69/270|[from] item: Life Orb\n|\n|upkeep\n|\n|t:|1783555620\n|switch|p2a: Flamigo|Flamigo, L82, M|100/100\n|turn|2\n|inactive|Time left: 300 sec this turn | 300 sec total\n|\n|t:|1783555621\n|move|p1a: Banette|Shadow Sneak|p2a: Flamigo\n|-damage|p2a: Flamigo|69/100\n|-damage|p1a: Banette|42/270|[from] item: Life Orb\n|move|p2a: Flamigo|Brave Bird|p1a: Banette\n|-damage|p1a: Banette|0 fnt\n|-start|p2a: Flamigo|Disable|Brave Bird|[from] ability: Cursed Body|[of] p1a: Banette\n|faint|p1a: Banette\n|-damage|p2a: Flamigo|63/100|[from] Recoil\n|\n|upkeep\n|inactive|Time left: 300 sec this turn | 300 sec total | 5 sec grace\n|\n|t:|1783555622\n|switch|p1a: Pelipper|Pelipper, L86, M|243/243\n|-weather|RainDance|[from] ability: Drizzle|[of] p1a: Pelipper\n|turn|3\n|inactive|Time left: 300 sec this turn | 300 sec total\n|\n|t:|1783555623\n|switch|p2a: Carbink|Carbink, L90|100/100\n|move|p1a: Pelipper|Weather Ball|p2a: Carbink\n|-supereffective|p2a: Carbink\n|-ability|p2a: Carbink|Sturdy\n|-damage|p2a: Carbink|1/100\n|\n|-weather|RainDance|[upkeep]\n|upkeep\n|turn|4\n|inactive|Time left: 300 sec this turn | 300 sec total\n|\n|t:|1783555625\n|move|p1a: Pelipper|Weather Ball|p2a: Carbink\n|-supereffective|p2a: Carbink\n|-damage|p2a: Carbink|0 fnt\n|faint|p2a: Carbink\n|\n|-weather|RainDance|[upkeep]\n|upkeep\n|\n|t:|1783555626\n|switch|p2a: Basculin|Basculin-Blue-Striped, L86, F|100/100\n|turn|5\n|inactive|Time left: 300 sec this turn | 300 sec total\n|\n|t:|1783555627\n|move|p2a: Basculin|Wave Crash|p1a: Pelipper\n|-resisted|p1a: Pelipper\n|-damage|p1a: Pelipper|78/243\n|-damage|p2a: Basculin|80/100|[from] Recoil\n|move|p1a: Pelipper|Weather Ball|p2a: Basculin\n|-resisted|p2a: Basculin\n|-damage|p2a: Basculin|20/100\n|\n|-weather|RainDance|[upkeep]\n|upkeep\n|turn|6\n|inactive|Time left: 300 sec this turn | 300 sec total\n|\n|t:|1783555628\n|switch|p1a: Sinistcha|Sinistcha-Masterpiece, L83|254/254\n|move|p2a: Basculin|Wave Crash|p1a: Sinistcha\n|-resisted|p1a: Sinistcha\n|-damage|p1a: Sinistcha|90/254\n|-damage|p2a: Basculin|0 fnt|[from] Recoil\n|faint|p2a: Basculin\n|\n|-weather|RainDance|[upkeep]\n|-heal|p1a: Sinistcha|105/254|[from] item: Leftovers\n|upkeep\n|\n|t:|1783555629\n|switch|p2a: Flamigo|Flamigo, L82, M|63/100\n|turn|7\n|inactive|Time left: 300 sec this turn | 300 sec total\n|\n|t:|1783555630\n|switch|p1a: Florges|Florges-Blue, L85, F|271/271\n|move|p2a: Flamigo|Close Combat|p1a: Florges\n|-resisted|p1a: Florges\n|-damage|p1a: Florges|149/271\n|-unboost|p2a: Flamigo|def|1\n|-unboost|p2a: Flamigo|spd|1\n|\n|-weather|none\n|-heal|p1a: Florges|165/271|[from] item: Leftovers\n|upkeep\n|turn|8\n|inactive|Time left: 300 sec this turn | 300 sec total\n|\n|t:|1783555631\n|-terastallize|p2a: Flamigo|Fighting\n|move|p2a: Flamigo|Close Combat|p1a: Florges\n|-resisted|p1a: Florges\n|-damage|p1a: Florges|2/271\n|-unboost|p2a: Flamigo|def|1\n|-unboost|p2a: Flamigo|spd|1\n|move|p1a: Florges|Moonblast|p2a: Flamigo\n|-supereffective|p2a: Flamigo\n|-damage|p2a: Flamigo|0 fnt\n|faint|p2a: Flamigo\n|\n|-heal|p1a: Florges|18/271|[from] item: Leftovers\n|upkeep\n|\n|t:|1783555632\n|switch|p2a: Orthworm|Orthworm, L88, M|100/100\n|turn|9\n|inactive|Time left: 300 sec this turn | 300 sec total\n|\n|t:|1783555633\n|move|p1a: Florges|Moonblast|p2a: Orthworm\n|-resisted|p2a: Orthworm\n|-damage|p2a: Orthworm|72/100\n|move|p2a: Orthworm|Coil|p2a: Orthworm\n|-boost|p2a: Orthworm|atk|1\n|-boost|p2a: Orthworm|def|1\n|-boost|p2a: Orthworm|accuracy|1\n|\n|-heal|p1a: Florges|34/271|[from] item: Leftovers\n|upkeep\n|turn|10\n|inactive|Time left: 300 sec this turn | 300 sec total\n|\n|t:|1783555634\n|move|p1a: Florges|Moonblast|p2a: Orthworm\n|-resisted|p2a: Orthworm\n|-damage|p2a: Orthworm|41/100\n|move|p2a: Orthworm|Coil|p2a: Orthworm\n|-boost|p2a: Orthworm|atk|1\n|-boost|p2a: Orthworm|def|1\n|-boost|p2a: Orthworm|accuracy|1\n|\n|-heal|p1a: Florges|50/271|[from] item: Leftovers\n|upkeep\n|turn|11\n|inactive|Time left: 300 sec this turn | 300 sec total\n|\n|t:|1783555635\n|move|p1a: Florges|Moonblast|p2a: Orthworm\n|-resisted|p2a: Orthworm\n|-damage|p2a: Orthworm|14/100\n|move|p2a: Orthworm|Rest|p2a: Orthworm\n|-status|p2a: Orthworm|slp|[from] move: Rest\n|-heal|p2a: Orthworm|100/100 slp|[silent]\n|-enditem|p2a: Orthworm|Chesto Berry|[eat]\n|-curestatus|p2a: Orthworm|slp|[msg]\n|\n|-heal|p1a: Florges|66/271|[from] item: Leftovers\n|upkeep\n|turn|12\n|inactive|Time left: 300 sec this turn | 300 sec total\n|\n|t:|1783555636\n|move|p1a: Florges|Moonblast|p2a: Orthworm\n|-resisted|p2a: Orthworm\n|-damage|p2a: Orthworm|70/100\n|move|p2a: Orthworm|Coil|p2a: Orthworm\n|-boost|p2a: Orthworm|atk|1\n|-boost|p2a: Orthworm|def|1\n|-boost|p2a: Orthworm|accuracy|1\n|\n|-heal|p1a: Florges|82/271|[from] item: Leftovers\n|upkeep\n|turn|13\n|inactive|Time left: 300 sec this turn | 300 sec total\n|\n|t:|1783555637\n|move|p1a: Florges|Moonblast|p2a: Orthworm\n|-resisted|p2a: Orthworm\n|-damage|p2a: Orthworm|40/100\n|move|p2a: Orthworm|Body Press|p1a: Florges\n|-resisted|p1a: Florges\n|-damage|p1a: Florges|0 fnt\n|faint|p1a: Florges\n|\n|upkeep\n|inactive|Time left: 300 sec this turn | 300 sec total | 5 sec grace\n|\n|t:|1783555638\n|switch|p1a: Noivern|Noivern, L82, M|274/274\n|turn|14\n|inactive|Time left: 300 sec this turn | 300 sec total\n|\n|t:|1783555640\n|move|p1a: Noivern|Flamethrower|p2a: Orthworm\n|-supereffective|p2a: Orthworm\n|-damage|p2a: Orthworm|0 fnt\n|faint|p2a: Orthworm\n|\n|upkeep\n|\n|t:|1783555640\n|switch|p2a: Lilligant|Lilligant-Hisui, L79, F|100/100\n|turn|15\n|inactive|Time left: 300 sec this turn | 300 sec total\n|\n|t:|1783555641\n|move|p1a: Noivern|Hurricane|p2a: Lilligant\n|-supereffective|p2a: Lilligant\n|-damage|p2a: Lilligant|0 fnt\n|faint|p2a: Lilligant\n|\n|win|p0x14231ca5", "uploadtime": 1783555641, "views": 0, "rating": 0, "private": 0, "password": null, "_winner": "p0x14231ca5", "_our_name": "p0x14231ca5"}