{"id": "battle-gen9randombattle-910", "formatid": "gen9randombattle", "format": "[Gen 9] Random Battle", "players": ["p0x91079f9", "p0y910d7dc"], "log": "|init|battle\n|title|p0x91079f9 vs. p0y910d7dc\n|j|\u2606p0x91079f9\n|j|\u2606p0y910d7dc\n|t:|1783549706\n|gametype|singles\n|player|p1|p0x91079f9|102|\n|player|p2|p0y910d7dc|265|\n|gen|9\n|tier|[Gen 9] Random Battle\n|rule|Species Clause: Limit one of each Pok\u00e9mon\n|rule|HP Percentage Mod: HP is shown in percentages\n|rule|Sleep Clause Mod: Limit one foe put to sleep\n|rule|Illusion Level Mod: Illusion disguises the Pok\u00e9mon's true level\n|\n|t:|1783549706\n|teamsize|p1|6\n|teamsize|p2|6\n|start\n|switch|p1a: Pawmot|Pawmot, L80, F|100/100\n|switch|p2a: Glastrier|Glastrier, L86|312/312\n|turn|1\n|inactive|Battle timer is ON: inactive players will automatically lose when time's up. (requested by p0y910d7dc)\n|inactive|p0x91079f9 also wants the timer to be on.\n|\n|t:|1783549708\n|switch|p1a: Avalugg|Avalugg, L88, F|100/100\n|move|p2a: Glastrier|Icicle Crash|p1a: Avalugg\n|-resisted|p1a: Avalugg\n|-damage|p1a: Avalugg|90/100\n|\n|upkeep\n|turn|2\n|inactive|Time left: 300 sec this turn | 300 sec total\n|\n|t:|1783549710\n|move|p2a: Glastrier|Swords Dance|p2a: Glastrier\n|-boost|p2a: Glastrier|atk|2\n|move|p1a: Avalugg|Body Press|p2a: Glastrier\n|-supereffective|p2a: Glastrier\n|-damage|p2a: Glastrier|154/312\n|\n|upkeep\n|turn|3\n|inactive|Time left: 300 sec this turn | 300 sec total\n|\n|t:|1783549711\n|move|p2a: Glastrier|Close Combat|p1a: Avalugg\n|-supereffective|p1a: Avalugg\n|-damage|p1a: Avalugg|10/100\n|-unboost|p2a: Glastrier|def|1\n|-unboost|p2a: Glastrier|spd|1\n|move|p1a: Avalugg|Body Press|p2a: Glastrier\n|-supereffective|p2a: Glastrier\n|-damage|p2a: Glastrier|0 fnt\n|faint|p2a: Glastrier\n|\n|upkeep\n|inactive|Time left: 300 sec this turn | 300 sec total | 5 sec grace\n|\n|t:|1783549711\n|switch|p2a: Gumshoos|Gumshoos, L95, F|321/321\n|turn|4\n|inactive|Time left: 300 sec this turn | 300 sec total\n|\n|t:|1783549713\n|move|p2a: Gumshoos|Double-Edge|p1a: Avalugg\n|-damage|p1a: Avalugg|0 fnt\n|faint|p1a: Avalugg\n|-damage|p2a: Gumshoos|311/321|[from] Recoil\n|\n|upkeep\n|\n|t:|1783549713\n|switch|p1a: Tauros|Tauros-Paldea-Blaze, L81, M|100/100\n|-ability|p1a: Tauros|Intimidate|boost\n|-unboost|p2a: Gumshoos|atk|1\n|turn|5\n|inactive|Time left: 300 sec this turn | 300 sec total\n|\n|t:|1783549715\n|switch|p2a: Slowking|Slowking, L88, F|310/310\n|move|p1a: Tauros|Close Combat|p2a: Slowking\n|-resisted|p2a: Slowking\n|-damage|p2a: Slowking|204/310\n|-unboost|p1a: Tauros|def|1\n|-unboost|p1a: Tauros|spd|1\n|\n|upkeep\n|turn|6\n|inactive|Time left: 300 sec this turn | 300 sec total\n|\n|t:|1783549716\n|switch|p1a: Kyogre|Kyogre, L71|100/100\n|-weather|RainDance|[from] ability: Drizzle|[of] p1a: Kyogre\n|move|p2a: Slowking|Scald|p1a: Kyogre\n|-resisted|p1a: Kyogre\n|-damage|p1a: Kyogre|77/100\n|\n|-weather|RainDance|[upkeep]\n|-heal|p1a: Kyogre|84/100|[from] item: Leftovers\n|upkeep\n|turn|7\n|inactive|Time left: 300 sec this turn | 300 sec total\n|\n|t:|1783549717\n|switch|p2a: Wo-Chien|Wo-Chien, L83|277/277\n|-ability|p2a: Wo-Chien|Tablets of Ruin\n|move|p1a: Kyogre|Origin Pulse|p2a: Wo-Chien\n|-resisted|p2a: Wo-Chien\n|-damage|p2a: Wo-Chien|209/277\n|\n|-weather|RainDance|[upkeep]\n|-heal|p1a: Kyogre|90/100|[from] item: Leftovers\n|-heal|p2a: Wo-Chien|226/277|[from] item: Leftovers\n|upkeep\n|turn|8\n|inactive|Time left: 300 sec this turn | 300 sec total\n|\n|t:|1783549718\n|move|p1a: Kyogre|Calm Mind|p1a: Kyogre\n|-boost|p1a: Kyogre|spa|1\n|-boost|p1a: Kyogre|spd|1\n|move|p2a: Wo-Chien|Knock Off|p1a: Kyogre\n|-damage|p1a: Kyogre|47/100\n|-enditem|p1a: Kyogre|Leftovers|[from] move: Knock Off|[of] p2a: Wo-Chien\n|\n|-weather|RainDance|[upkeep]\n|-heal|p2a: Wo-Chien|243/277|[from] item: Leftovers\n|upkeep\n|turn|9\n|inactive|Time left: 300 sec this turn | 300 sec total\n|\n|t:|1783549719\n|move|p1a: Kyogre|Ice Beam|p2a: Wo-Chien\n|-supereffective|p2a: Wo-Chien\n|-damage|p2a: Wo-Chien|111/277\n|move|p2a: Wo-Chien|Leech Seed|p1a: Kyogre\n|-start|p1a: Kyogre|move: Leech Seed\n|\n|-weather|RainDance|[upkeep]\n|-heal|p2a: Wo-Chien|128/277|[from] item: Leftovers\n|-damage|p1a: Kyogre|34/100|[from] Leech Seed|[of] p2a: Wo-Chien\n|-heal|p2a: Wo-Chien|160/277|[silent]\n|upkeep\n|turn|10\n|inactive|Time left: 300 sec this turn | 300 sec total\n|\n|t:|1783549720\n|move|p1a: Kyogre|Ice Beam|p2a: Wo-Chien\n|-supereffective|p2a: Wo-Chien\n|-damage|p2a: Wo-Chien|16/277\n|move|p2a: Wo-Chien|Knock Off|p1a: Kyogre\n|-damage|p1a: Kyogre|9/100\n|\n|-weather|none\n|-heal|p2a: Wo-Chien|33/277|[from] item: Leftovers\n|-damage|p1a: Kyogre|0 fnt|[from] Leech Seed|[of] p2a: Wo-Chien\n|-heal|p2a: Wo-Chien|55/277|[silent]\n|faint|p1a: Kyogre\n|upkeep\n|\n|t:|1783549721\n|switch|p1a: Tauros|Tauros-Paldea-Blaze, L81, M|100/100\n|-ability|p1a: Tauros|Intimidate|boost\n|-unboost|p2a: Wo-Chien|atk|1\n|turn|11\n|inactive|Time left: 300 sec this turn | 300 sec total\n|\n|t:|1783549722\n|move|p2a: Wo-Chien|Protect|p2a: Wo-Chien\n|-singleturn|p2a: Wo-Chien|Protect\n|move|p1a: Tauros|Close Combat|p2a: Wo-Chien\n|-activate|p2a: Wo-Chien|move: Protect\n|\n|-heal|p2a: Wo-Chien|72/277|[from] item: Leftovers\n|upkeep\n|turn|12\n|inactive|Time left: 300 sec this turn | 300 sec total\n|\n|t:|1783549723\n|switch|p2a: Braviary|Braviary-Hisui, L85, M|326/326\n|move|p1a: Tauros|Close Combat|p2a: Braviary\n|-resisted|p2a: Braviary\n|-damage|p2a: Braviary|270/326\n|-unboost|p1a: Tauros|def|1\n|-unboost|p1a: Tauros|spd|1\n|\n|upkeep\n|turn|13\n|inactive|Time left: 300 sec this turn | 300 sec total\n|\n|t:|1783549724\n|switch|p1a: Porygon-Z|Porygon-Z, L83|100/100\n|-ability|p1a: Porygon-Z|Download|boost\n|-boost|p1a: Porygon-Z|spa|1\n|move|p2a: Braviary|Psychic|p1a: Porygon-Z\n|-crit|p1a: Porygon-Z\n|-damage|p1a: Porygon-Z|0 fnt\n|faint|p1a: Porygon-Z\n|\n|upkeep\n|\n|t:|1783549725\n|switch|p1a: Pawmot|Pawmot, L80, F|100/100\n|turn|14\n|inactive|Time left: 300 sec this turn | 300 sec total\n|\n|t:|1783549726\n|-terastallize|p2a: Braviary|Fire\n|move|p1a: Pawmot|Double Shock|p2a: Braviary\n|-damage|p2a: Braviary|105/326\n|-start|p1a: Pawmot|typechange|???/Fighting|[from] move: Double Shock\n|move|p2a: Braviary|Psychic|p1a: Pawmot\n|-supereffective|p1a: Pawmot\n|-damage|p1a: Pawmot|0 fnt\n|faint|p1a: Pawmot\n|\n|upkeep\n|\n|t:|1783549727\n|switch|p1a: Tauros|Tauros-Paldea-Blaze, L81, M|100/100\n|-ability|p1a: Tauros|Intimidate|boost\n|-unboost|p2a: Braviary|atk|1\n|turn|15\n|inactive|Time left: 300 sec this turn | 300 sec total\n|\n|t:|1783549728\n|switch|p2a: Slowking|Slowking, L88, F|307/310\n|move|p1a: Tauros|Close Combat|p2a: Slowking\n|-resisted|p2a: Slowking\n|-damage|p2a: Slowking|200/310\n|-unboost|p1a: Tauros|def|1\n|-unboost|p1a: Tauros|spd|1\n|\n|upkeep\n|turn|16\n|inactive|Time left: 300 sec this turn | 300 sec total\n|\n|t:|1783549729\n|switch|p1a: Ogerpon|Ogerpon, L80, F|100/100\n|move|p2a: Slowking|Scald|p1a: Ogerpon\n|-resisted|p1a: Ogerpon\n|-damage|p1a: Ogerpon|83/100\n|\n|upkeep\n|turn|17\n|inactive|Time left: 300 sec this turn | 300 sec total\n|\n|t:|1783549730\n|switch|p2a: Toucannon|Toucannon, L88, M|284/284\n|move|p1a: Ogerpon|Swords Dance|p1a: Ogerpon\n|-boost|p1a: Ogerpon|atk|2\n|\n|upkeep\n|turn|18\n|inactive|Time left: 300 sec this turn | 300 sec total\n|\n|t:|1783549731\n|-singleturn|p2a: Toucannon|move: Beak Blast\n|move|p1a: Ogerpon|Knock Off|p2a: Toucannon\n|-damage|p2a: Toucannon|76/284\n|-status|p1a: Ogerpon|brn\n|-enditem|p2a: Toucannon|Heavy-Duty Boots|[from] move: Knock Off|[of] p1a: Ogerpon\n|-damage|p1a: Ogerpon|73/100 brn|[from] item: Life Orb\n|move|p2a: Toucannon|Beak Blast|p1a: Ogerpon\n|-supereffective|p1a: Ogerpon\n|-damage|p1a: Ogerpon|0 fnt\n|faint|p1a: Ogerpon\n|\n|upkeep\n|\n|t:|1783549732\n|switch|p1a: Tauros|Tauros-Paldea-Blaze, L81, M|100/100\n|-ability|p1a: Tauros|Intimidate|boost\n|-unboost|p2a: Toucannon|atk|1\n|turn|19\n|inactive|Time left: 300 sec this turn | 300 sec total\n|\n|t:|1783549733\n|switch|p2a: Slowking|Slowking, L88, F|303/310\n|move|p1a: Tauros|Stone Edge|p2a: Slowking|[miss]\n|-miss|p1a: Tauros|p2a: Slowking\n|\n|upkeep\n|turn|20\n|inactive|Time left: 300 sec this turn | 300 sec total\n|\n|t:|1783549734\n|move|p1a: Tauros|Stone Edge|p2a: Slowking|[miss]\n|-miss|p1a: Tauros|p2a: Slowking\n|move|p2a: Slowking|Future Sight|p1a: Tauros\n|-start|p2a: Slowking|move: Future Sight\n|\n|upkeep\n|turn|21\n|inactive|Time left: 300 sec this turn | 300 sec total\n|\n|t:|1783549735\n|-terastallize|p1a: Tauros|Fighting\n|move|p1a: Tauros|Stone Edge|p2a: Slowking\n|-damage|p2a: Slowking|182/310\n|move|p2a: Slowking|Scald|p1a: Tauros\n|-crit|p1a: Tauros\n|-damage|p1a: Tauros|36/100\n|\n|upkeep\n|turn|22\n|inactive|Time left: 300 sec this turn | 300 sec total\n|\n|t:|1783549736\n|move|p1a: Tauros|Stone Edge|p2a: Slowking\n|-damage|p2a: Slowking|65/310\n|move|p2a: Slowking|Future Sight||[still]\n|-fail|p2a: Slowking\n|\n|-end|p1a: Tauros|move: Future Sight\n|-supereffective|p1a: Tauros\n|-damage|p1a: Tauros|0 fnt\n|faint|p1a: Tauros\n|\n|win|p0y910d7dc", "uploadtime": 1783549736, "views": 0, "rating": 0, "private": 0, "password": null, "_winner": "p0y910d7dc", "_our_name": "p0y910d7dc"}