{"id": "battle-gen9randombattle-1991", "formatid": "gen9randombattle", "format": "[Gen 9] Random Battle", "players": ["p0x19917bbe", "p0y1991ba9f"], "log": "|init|battle\n|title|p0x19917bbe vs. p0y1991ba9f\n|j|\u2606p0x19917bbe\n|j|\u2606p0y1991ba9f\n|t:|1783563039\n|gametype|singles\n|player|p1|p0x19917bbe|266|\n|player|p2|p0y1991ba9f|169|\n|gen|9\n|tier|[Gen 9] Random Battle\n|rule|Species Clause: Limit one of each Pok\u00e9mon\n|rule|HP Percentage Mod: HP is shown in percentages\n|rule|Sleep Clause Mod: Limit one foe put to sleep\n|rule|Illusion Level Mod: Illusion disguises the Pok\u00e9mon's true level\n|\n|t:|1783563039\n|teamsize|p1|6\n|teamsize|p2|6\n|start\n|switch|p1a: Eelektross|Eelektross, L87, F|290/290\n|switch|p2a: Arboliva|Arboliva, L91, M|100/100\n|turn|1\n|inactive|Battle timer is ON: inactive players will automatically lose when time's up. (requested by p0y1991ba9f)\n|inactive|Time left: 300 sec this turn | 300 sec total | 60 sec grace\n|inactive|p0x19917bbe also wants the timer to be on.\n|\n|t:|1783563041\n|move|p1a: Eelektross|Coil|p1a: Eelektross\n|-boost|p1a: Eelektross|atk|1\n|-boost|p1a: Eelektross|def|1\n|-boost|p1a: Eelektross|accuracy|1\n|move|p2a: Arboliva|Hyper Voice|p1a: Eelektross\n|-damage|p1a: Eelektross|148/290\n|\n|-heal|p1a: Eelektross|166/290|[from] item: Leftovers\n|upkeep\n|turn|2\n|inactive|Time left: 300 sec this turn | 300 sec total\n|\n|t:|1783563041\n|move|p1a: Eelektross|Drain Punch|p2a: Arboliva\n|-supereffective|p2a: Arboliva\n|-damage|p2a: Arboliva|39/100\n|-heal|p1a: Eelektross|255/290|[from] drain|[of] p2a: Arboliva\n|-enditem|p2a: Arboliva|Sitrus Berry|[eat]\n|-heal|p2a: Arboliva|64/100|[from] item: Sitrus Berry\n|move|p2a: Arboliva|Hyper Voice|p1a: Eelektross\n|-damage|p1a: Eelektross|126/290\n|\n|-heal|p1a: Eelektross|144/290|[from] item: Leftovers\n|upkeep\n|turn|3\n|inactive|Time left: 300 sec this turn | 300 sec total\n|\n|t:|1783563042\n|move|p2a: Arboliva|Protect|p2a: Arboliva\n|-singleturn|p2a: Arboliva|Protect\n|move|p1a: Eelektross|Drain Punch|p2a: Arboliva\n|-activate|p2a: Arboliva|move: Protect\n|\n|-heal|p1a: Eelektross|162/290|[from] item: Leftovers\n|upkeep\n|turn|4\n|inactive|Time left: 300 sec this turn | 300 sec total\n|\n|t:|1783563043\n|-terastallize|p2a: Arboliva|Poison\n|move|p1a: Eelektross|Drain Punch|p2a: Arboliva\n|-resisted|p2a: Arboliva\n|-damage|p2a: Arboliva|48/100\n|-heal|p1a: Eelektross|185/290|[from] drain|[of] p2a: Arboliva\n|move|p2a: Arboliva|Hyper Voice|p1a: Eelektross\n|-damage|p1a: Eelektross|49/290\n|\n|-heal|p1a: Eelektross|67/290|[from] item: Leftovers\n|upkeep\n|turn|5\n|inactive|Time left: 300 sec this turn | 300 sec total\n|\n|t:|1783563044\n|move|p1a: Eelektross|Supercell Slam|p2a: Arboliva\n|-damage|p2a: Arboliva|0 fnt\n|faint|p2a: Arboliva\n|\n|-heal|p1a: Eelektross|85/290|[from] item: Leftovers\n|upkeep\n|\n|t:|1783563045\n|switch|p2a: Baxcalibur|Baxcalibur, L75, M|100/100\n|turn|6\n|inactive|Time left: 300 sec this turn | 300 sec total\n|\n|t:|1783563046\n|switch|p1a: Revavroom|Revavroom, L79, M|256/256\n|move|p2a: Baxcalibur|Icicle Spear|p1a: Revavroom\n|-resisted|p1a: Revavroom\n|-damage|p1a: Revavroom|240/256\n|-resisted|p1a: Revavroom\n|-damage|p1a: Revavroom|223/256\n|-resisted|p1a: Revavroom\n|-damage|p1a: Revavroom|208/256\n|-resisted|p1a: Revavroom\n|-damage|p1a: Revavroom|192/256\n|-resisted|p1a: Revavroom\n|-damage|p1a: Revavroom|174/256\n|-hitcount|p1a: Revavroom|5\n|\n|upkeep\n|turn|7\n|inactive|Time left: 300 sec this turn | 300 sec total\n|\n|t:|1783563047\n|move|p1a: Revavroom|Iron Head|p2a: Baxcalibur\n|-supereffective|p2a: Baxcalibur\n|-damage|p2a: Baxcalibur|12/100\n|-damage|p1a: Revavroom|149/256|[from] item: Life Orb\n|cant|p2a: Baxcalibur|flinch\n|\n|upkeep\n|turn|8\n|inactive|Time left: 300 sec this turn | 300 sec total\n|\n|t:|1783563048\n|switch|p2a: Conkeldurr|Conkeldurr, L80, F|100/100\n|move|p1a: Revavroom|High Horsepower|p2a: Conkeldurr\n|-damage|p2a: Conkeldurr|69/100\n|-damage|p1a: Revavroom|124/256|[from] item: Life Orb\n|\n|-status|p2a: Conkeldurr|brn|[from] item: Flame Orb\n|upkeep\n|turn|9\n|inactive|Time left: 300 sec this turn | 300 sec total\n|\n|t:|1783563049\n|move|p1a: Revavroom|Gunk Shot|p2a: Conkeldurr\n|-damage|p2a: Conkeldurr|11/100 brn\n|-damage|p1a: Revavroom|99/256|[from] item: Life Orb\n|move|p2a: Conkeldurr|Knock Off|p1a: Revavroom\n|-damage|p1a: Revavroom|0 fnt\n|-enditem|p1a: Revavroom|Life Orb|[from] move: Knock Off|[of] p2a: Conkeldurr\n|faint|p1a: Revavroom\n|\n|-damage|p2a: Conkeldurr|5/100 brn|[from] brn\n|upkeep\n|inactive|Time left: 300 sec this turn | 300 sec total | 5 sec grace\n|\n|t:|1783563050\n|switch|p1a: Banette|Banette, L93, M|270/270\n|turn|10\n|inactive|Time left: 300 sec this turn | 300 sec total\n|\n|t:|1783563052\n|switch|p2a: Pyroar|Pyroar, L88, M|100/100\n|-ability|p2a: Pyroar|Unnerve\n|move|p1a: Banette|Poltergeist|p2a: Pyroar\n|-immune|p2a: Pyroar\n|\n|upkeep\n|turn|11\n|inactive|Time left: 300 sec this turn | 300 sec total\n|\n|t:|1783563053\n|move|p2a: Pyroar|Will-O-Wisp|p1a: Banette\n|-status|p1a: Banette|brn\n|move|p1a: Banette|Gunk Shot|p2a: Pyroar\n|-damage|p2a: Pyroar|74/100\n|-status|p2a: Pyroar|psn\n|-damage|p1a: Banette|243/270 brn|[from] item: Life Orb\n|\n|-damage|p2a: Pyroar|62/100 psn|[from] psn\n|-damage|p1a: Banette|227/270 brn|[from] brn\n|upkeep\n|turn|12\n|inactive|Time left: 300 sec this turn | 300 sec total\n|\n|t:|1783563054\n|move|p2a: Pyroar|Fire Blast|p1a: Banette\n|-damage|p1a: Banette|67/270 brn\n|move|p1a: Banette|Swords Dance|p1a: Banette\n|-boost|p1a: Banette|atk|2\n|\n|-damage|p2a: Pyroar|50/100 psn|[from] psn\n|-damage|p1a: Banette|51/270 brn|[from] brn\n|upkeep\n|turn|13\n|inactive|Time left: 300 sec this turn | 300 sec total\n|\n|t:|1783563055\n|move|p2a: Pyroar|Fire Blast|p1a: Banette|[miss]\n|-miss|p2a: Pyroar|p1a: Banette\n|move|p1a: Banette|Gunk Shot|p2a: Pyroar\n|-damage|p2a: Pyroar|0 fnt\n|faint|p2a: Pyroar\n|-damage|p1a: Banette|24/270 brn|[from] item: Life Orb\n|\n|-damage|p1a: Banette|8/270 brn|[from] brn\n|upkeep\n|\n|t:|1783563056\n|switch|p2a: Florges|Florges-White, L85, F|100/100\n|turn|14\n|inactive|Time left: 300 sec this turn | 300 sec total\n|\n|t:|1783563057\n|move|p2a: Florges|Moonblast|p1a: Banette\n|-damage|p1a: Banette|0 fnt\n|faint|p1a: Banette\n|\n|upkeep\n|inactive|Time left: 300 sec this turn | 300 sec total | 5 sec grace\n|\n|t:|1783563058\n|switch|p1a: Ambipom|Ambipom, L84, M|263/263\n|turn|15\n|inactive|Time left: 300 sec this turn | 300 sec total\n|\n|t:|1783563059\n|move|p1a: Ambipom|Fake Out|p2a: Florges\n|-damage|p2a: Florges|65/100\n|cant|p2a: Florges|flinch\n|\n|-heal|p2a: Florges|71/100|[from] item: Leftovers\n|upkeep\n|turn|16\n|inactive|Time left: 300 sec this turn | 300 sec total\n|\n|t:|1783563060\n|switch|p2a: Cresselia|Cresselia, L80, F|100/100\n|move|p1a: Ambipom|Double-Edge|p2a: Cresselia\n|-damage|p2a: Cresselia|57/100\n|-damage|p1a: Ambipom|217/263|[from] Recoil\n|\n|-heal|p2a: Cresselia|64/100|[from] item: Leftovers\n|upkeep\n|turn|17\n|inactive|Time left: 300 sec this turn | 300 sec total\n|\n|t:|1783563061\n|move|p1a: Ambipom|Knock Off|p2a: Cresselia\n|-supereffective|p2a: Cresselia\n|-damage|p2a: Cresselia|23/100\n|-enditem|p2a: Cresselia|Leftovers|[from] move: Knock Off|[of] p1a: Ambipom\n|move|p2a: Cresselia|Moonlight|p2a: Cresselia\n|-heal|p2a: Cresselia|73/100\n|\n|upkeep\n|turn|18\n|inactive|Time left: 300 sec this turn | 300 sec total\n|\n|t:|1783563062\n|move|p1a: Ambipom|Double-Edge|p2a: Cresselia\n|-damage|p2a: Cresselia|32/100\n|-damage|p1a: Ambipom|173/263|[from] Recoil\n|move|p2a: Cresselia|Moonlight|p2a: Cresselia\n|-heal|p2a: Cresselia|82/100\n|\n|upkeep\n|turn|19\n|inactive|Time left: 300 sec this turn | 300 sec total\n|\n|t:|1783563063\n|move|p1a: Ambipom|Double-Edge|p2a: Cresselia\n|-damage|p2a: Cresselia|38/100\n|-damage|p1a: Ambipom|125/263|[from] Recoil\n|move|p2a: Cresselia|Moonlight|p2a: Cresselia\n|-heal|p2a: Cresselia|87/100\n|\n|upkeep\n|turn|20\n|inactive|Time left: 300 sec this turn | 300 sec total\n|\n|t:|1783563064\n|switch|p1a: Regirock|Regirock, L83|268/268\n|move|p2a: Cresselia|Calm Mind|p2a: Cresselia\n|-boost|p2a: Cresselia|spa|1\n|-boost|p2a: Cresselia|spd|1\n|\n|upkeep\n|turn|21\n|inactive|Time left: 300 sec this turn | 300 sec total\n|\n|t:|1783563065\n|move|p2a: Cresselia|Calm Mind|p2a: Cresselia\n|-boost|p2a: Cresselia|spa|1\n|-boost|p2a: Cresselia|spd|1\n|move|p1a: Regirock|Iron Defense|p1a: Regirock\n|-boost|p1a: Regirock|def|2\n|\n|upkeep\n|turn|22\n|inactive|Time left: 300 sec this turn | 300 sec total\n|\n|t:|1783563066\n|move|p2a: Cresselia|Thunderbolt|p1a: Regirock\n|-damage|p1a: Regirock|184/268\n|-status|p1a: Regirock|par\n|cant|p1a: Regirock|par\n|\n|-heal|p1a: Regirock|200/268 par|[from] item: Leftovers\n|upkeep\n|turn|23\n|inactive|Time left: 300 sec this turn | 300 sec total\n|\n|t:|1783563068\n|move|p2a: Cresselia|Thunderbolt|p1a: Regirock\n|-damage|p1a: Regirock|107/268 par\n|move|p1a: Regirock|Stone Edge|p2a: Cresselia\n|-damage|p2a: Cresselia|61/100\n|\n|-heal|p1a: Regirock|123/268 par|[from] item: Leftovers\n|upkeep\n|turn|24\n|inactive|Time left: 300 sec this turn | 300 sec total\n|\n|t:|1783563069\n|move|p2a: Cresselia|Thunderbolt|p1a: Regirock\n|-damage|p1a: Regirock|28/268 par\n|cant|p1a: Regirock|par\n|\n|-heal|p1a: Regirock|44/268 par|[from] item: Leftovers\n|upkeep\n|turn|25\n|inactive|Time left: 300 sec this turn | 300 sec total\n|\n|t:|1783563070\n|move|p2a: Cresselia|Thunderbolt|p1a: Regirock\n|-damage|p1a: Regirock|0 fnt\n|faint|p1a: Regirock\n|\n|upkeep\n|inactive|Time left: 300 sec this turn | 300 sec total | 5 sec grace\n|\n|t:|1783563071\n|switch|p1a: Ambipom|Ambipom, L84, M|125/263\n|turn|26\n|inactive|Time left: 300 sec this turn | 300 sec total\n|\n|t:|1783563072\n|move|p1a: Ambipom|Fake Out|p2a: Cresselia\n|-damage|p2a: Cresselia|37/100\n|cant|p2a: Cresselia|flinch\n|\n|upkeep\n|turn|27\n|inactive|Time left: 300 sec this turn | 300 sec total\n|\n|t:|1783563072\n|move|p1a: Ambipom|Double-Edge|p2a: Cresselia\n|-damage|p2a: Cresselia|0 fnt\n|faint|p2a: Cresselia\n|-damage|p1a: Ambipom|86/263|[from] Recoil\n|\n|upkeep\n|\n|t:|1783563073\n|switch|p2a: Conkeldurr|Conkeldurr, L80, F|5/100 brn\n|turn|28\n|inactive|Time left: 300 sec this turn | 300 sec total\n|\n|t:|1783563074\n|switch|p1a: Uxie|Uxie, L83|260/260\n|move|p2a: Conkeldurr|Mach Punch|p1a: Uxie\n|-resisted|p1a: Uxie\n|-damage|p1a: Uxie|233/260\n|\n|-heal|p1a: Uxie|249/260|[from] item: Leftovers\n|-damage|p2a: Conkeldurr|0 fnt|[from] brn\n|faint|p2a: Conkeldurr\n|upkeep\n|\n|t:|1783563075\n|switch|p2a: Florges|Florges-White, L85, F|71/100\n|turn|29\n|inactive|Time left: 300 sec this turn | 300 sec total\n|\n|t:|1783563076\n|move|p1a: Uxie|U-turn|p2a: Florges\n|-resisted|p2a: Florges\n|-damage|p2a: Florges|62/100\n|inactive|Time left: 300 sec this turn | 300 sec total | 5 sec grace\n|\n|t:|1783563077\n|switch|p1a: Ambipom|Ambipom, L84, M|86/263|[from] U-turn\n|move|p2a: Florges|Synthesis|p2a: Florges\n|-heal|p2a: Florges|100/100\n|\n|upkeep\n|turn|30\n|inactive|Time left: 300 sec this turn | 300 sec total\n|\n|t:|1783563078\n|switch|p2a: Baxcalibur|Baxcalibur, L75, M|12/100\n|-terastallize|p1a: Ambipom|Normal\n|move|p1a: Ambipom|Fake Out|p2a: Baxcalibur\n|-damage|p2a: Baxcalibur|0 fnt\n|faint|p2a: Baxcalibur\n|\n|upkeep\n|\n|t:|1783563079\n|switch|p2a: Florges|Florges-White, L85, F|100/100\n|turn|31\n|inactive|Time left: 300 sec this turn | 300 sec total\n|\n|t:|1783563080\n|move|p1a: Ambipom|Double-Edge|p2a: Florges\n|-damage|p2a: Florges|5/100\n|-damage|p1a: Ambipom|1/263|[from] Recoil\n|move|p2a: Florges|Moonblast|p1a: Ambipom\n|-damage|p1a: Ambipom|0 fnt\n|faint|p1a: Ambipom\n|\n|-heal|p2a: Florges|11/100|[from] item: Leftovers\n|upkeep\n|inactive|Time left: 300 sec this turn | 300 sec total | 5 sec grace\n|\n|t:|1783563081\n|switch|p1a: Uxie|Uxie, L83|249/260\n|turn|32\n|inactive|Time left: 300 sec this turn | 300 sec total\n|\n|t:|1783563082\n|move|p1a: Uxie|Knock Off|p2a: Florges\n|-resisted|p2a: Florges\n|-damage|p2a: Florges|0 fnt\n|-enditem|p2a: Florges|Leftovers|[from] move: Knock Off|[of] p1a: Uxie\n|faint|p2a: Florges\n|\n|win|p0x19917bbe", "uploadtime": 1783563082, "views": 0, "rating": 0, "private": 0, "password": null, "_winner": "p0x19917bbe", "_our_name": "p0x19917bbe"}