{"id": "battle-gen9randombattle-1887", "formatid": "gen9randombattle", "format": "[Gen 9] Random Battle", "players": ["p0x18877e57", "p0y18870df3"], "log": "|init|battle\n|title|p0x18877e57 vs. p0y18870df3\n|j|\u2606p0x18877e57\n|j|\u2606p0y18870df3\n|t:|1783561068\n|gametype|singles\n|player|p1|p0x18877e57|266|\n|player|p2|p0y18870df3|169|\n|gen|9\n|tier|[Gen 9] Random Battle\n|rule|Species Clause: Limit one of each Pok\u00e9mon\n|rule|HP Percentage Mod: HP is shown in percentages\n|rule|Sleep Clause Mod: Limit one foe put to sleep\n|rule|Illusion Level Mod: Illusion disguises the Pok\u00e9mon's true level\n|\n|t:|1783561068\n|teamsize|p1|6\n|teamsize|p2|6\n|start\n|switch|p1a: Empoleon|Empoleon, L84, F|278/278\n|switch|p2a: Iron Bundle|Iron Bundle, L78|100/100\n|turn|1\n|inactive|Battle timer is ON: inactive players will automatically lose when time's up. (requested by p0x18877e57)\n|inactive|p0y18870df3 also wants the timer to be on.\n|\n|t:|1783561070\n|move|p2a: Iron Bundle|Freeze-Dry|p1a: Empoleon\n|-damage|p1a: Empoleon|167/278\n|move|p1a: Empoleon|Surf|p2a: Iron Bundle\n|-resisted|p2a: Iron Bundle\n|-damage|p2a: Iron Bundle|69/100\n|\n|-heal|p1a: Empoleon|184/278|[from] item: Leftovers\n|upkeep\n|turn|2\n|inactive|Time left: 300 sec this turn | 300 sec total\n|\n|t:|1783561071\n|move|p2a: Iron Bundle|Freeze-Dry|p1a: Empoleon\n|-damage|p1a: Empoleon|70/278\n|move|p1a: Empoleon|Knock Off|p2a: Iron Bundle\n|-damage|p2a: Iron Bundle|41/100\n|-enditem|p2a: Iron Bundle|Choice Specs|[from] move: Knock Off|[of] p1a: Empoleon\n|\n|-heal|p1a: Empoleon|87/278|[from] item: Leftovers\n|upkeep\n|turn|3\n|inactive|Time left: 300 sec this turn | 300 sec total\n|\n|t:|1783561072\n|move|p2a: Iron Bundle|Freeze-Dry|p1a: Empoleon\n|-damage|p1a: Empoleon|15/278\n|move|p1a: Empoleon|Roost|p1a: Empoleon\n|-heal|p1a: Empoleon|154/278\n|-singleturn|p1a: Empoleon|move: Roost\n|\n|-heal|p1a: Empoleon|171/278|[from] item: Leftovers\n|upkeep\n|turn|4\n|inactive|Time left: 300 sec this turn | 300 sec total\n|\n|t:|1783561073\n|move|p2a: Iron Bundle|Freeze-Dry|p1a: Empoleon\n|-damage|p1a: Empoleon|104/278\n|-status|p1a: Empoleon|frz\n|cant|p1a: Empoleon|frz\n|\n|-heal|p1a: Empoleon|121/278 frz|[from] item: Leftovers\n|upkeep\n|turn|5\n|inactive|Time left: 300 sec this turn | 300 sec total\n|\n|t:|1783561074\n|move|p2a: Iron Bundle|Freeze-Dry|p1a: Empoleon\n|-damage|p1a: Empoleon|49/278 frz\n|-curestatus|p1a: Empoleon|frz|[msg]\n|move|p1a: Empoleon|Knock Off|p2a: Iron Bundle\n|-damage|p2a: Iron Bundle|22/100\n|\n|-heal|p1a: Empoleon|66/278|[from] item: Leftovers\n|upkeep\n|turn|6\n|inactive|Time left: 300 sec this turn | 300 sec total\n|\n|t:|1783561075\n|move|p2a: Iron Bundle|Freeze-Dry|p1a: Empoleon\n|-damage|p1a: Empoleon|0 fnt\n|faint|p1a: Empoleon\n|\n|upkeep\n|inactive|Time left: 300 sec this turn | 300 sec total | 5 sec grace\n|\n|t:|1783561076\n|switch|p1a: Mightyena|Mightyena, L96, M|290/290\n|-ability|p1a: Mightyena|Intimidate|boost\n|-unboost|p2a: Iron Bundle|atk|1\n|turn|7\n|inactive|Time left: 300 sec this turn | 300 sec total\n|\n|t:|1783561077\n|move|p2a: Iron Bundle|Flip Turn|p1a: Mightyena\n|-damage|p1a: Mightyena|259/290\n|\n|t:|1783561079\n|-end|p2a: Iron Bundle|Quark Drive|[silent]\n|switch|p2a: Granbull|Granbull, L88, F|100/100|[from] Flip Turn\n|-ability|p2a: Granbull|Intimidate|boost\n|-unboost|p1a: Mightyena|atk|1\n|move|p1a: Mightyena|Play Rough|p2a: Granbull\n|-damage|p2a: Granbull|83/100\n|\n|-heal|p2a: Granbull|89/100|[from] item: Leftovers\n|upkeep\n|turn|8\n|inactive|Time left: 300 sec this turn | 300 sec total\n|\n|t:|1783561080\n|switch|p1a: Torterra|Torterra, L78, M|276/276\n|move|p2a: Granbull|Play Rough|p1a: Torterra\n|-damage|p1a: Torterra|161/276\n|-unboost|p1a: Torterra|atk|1\n|\n|-heal|p2a: Granbull|95/100|[from] item: Leftovers\n|upkeep\n|turn|9\n|inactive|Time left: 300 sec this turn | 300 sec total\n|\n|t:|1783561081\n|move|p1a: Torterra|Bullet Seed|p2a: Granbull\n|-crit|p2a: Granbull\n|-damage|p2a: Granbull|82/100\n|-damage|p2a: Granbull|75/100\n|-damage|p2a: Granbull|69/100\n|-damage|p2a: Granbull|63/100\n|-damage|p2a: Granbull|57/100\n|-hitcount|p2a: Granbull|5\n|move|p2a: Granbull|Play Rough|p1a: Torterra\n|-damage|p1a: Torterra|52/276\n|\n|-heal|p2a: Granbull|63/100|[from] item: Leftovers\n|upkeep\n|turn|10\n|inactive|Time left: 300 sec this turn | 300 sec total\n|\n|t:|1783561082\n|move|p1a: Torterra|Bullet Seed|p2a: Granbull\n|-damage|p2a: Granbull|55/100\n|-damage|p2a: Granbull|45/100\n|-damage|p2a: Granbull|36/100\n|-damage|p2a: Granbull|26/100\n|-hitcount|p2a: Granbull|4\n|move|p2a: Granbull|Play Rough|p1a: Torterra\n|-damage|p1a: Torterra|0 fnt\n|faint|p1a: Torterra\n|\n|-heal|p2a: Granbull|32/100|[from] item: Leftovers\n|upkeep\n|inactive|Time left: 300 sec this turn | 300 sec total | 5 sec grace\n|\n|t:|1783561083\n|switch|p1a: Dodrio|Dodrio, L85, M|241/241\n|turn|11\n|inactive|Time left: 300 sec this turn | 300 sec total\n|\n|t:|1783561084\n|switch|p2a: Sudowoodo|Sudowoodo, L94, F|100/100\n|move|p1a: Dodrio|Brave Bird|p2a: Sudowoodo\n|-resisted|p2a: Sudowoodo\n|-damage|p2a: Sudowoodo|72/100\n|-damage|p1a: Dodrio|214/241|[from] Recoil\n|\n|-heal|p2a: Sudowoodo|78/100|[from] item: Leftovers\n|upkeep\n|turn|12\n|inactive|Time left: 300 sec this turn | 300 sec total\n|\n|t:|1783561085\n|switch|p1a: Mightyena|Mightyena, L96, M|259/290\n|-ability|p1a: Mightyena|Intimidate|boost\n|-unboost|p2a: Sudowoodo|atk|1\n|move|p2a: Sudowoodo|Head Smash|p1a: Mightyena\n|-damage|p1a: Mightyena|108/290\n|\n|-heal|p2a: Sudowoodo|84/100|[from] item: Leftovers\n|upkeep\n|turn|13\n|inactive|Time left: 300 sec this turn | 300 sec total\n|\n|t:|1783561086\n|move|p1a: Mightyena|Crunch|p2a: Sudowoodo\n|-damage|p2a: Sudowoodo|59/100\n|move|p2a: Sudowoodo|Head Smash|p1a: Mightyena\n|-damage|p1a: Mightyena|0 fnt\n|faint|p1a: Mightyena\n|\n|-heal|p2a: Sudowoodo|65/100|[from] item: Leftovers\n|upkeep\n|inactive|Time left: 300 sec this turn | 300 sec total | 5 sec grace\n|\n|t:|1783561087\n|switch|p1a: Gastrodon|Gastrodon-East, L86, F|331/331\n|turn|14\n|inactive|Time left: 300 sec this turn | 300 sec total\n|\n|t:|1783561088\n|switch|p2a: Grumpig|Grumpig, L92, F|100/100\n|move|p1a: Gastrodon|Surf|p2a: Grumpig\n|-damage|p2a: Grumpig|75/100\n|\n|-heal|p2a: Grumpig|81/100|[from] item: Leftovers\n|upkeep\n|turn|15\n|inactive|Time left: 300 sec this turn | 300 sec total\n|\n|t:|1783561089\n|move|p2a: Grumpig|Nasty Plot|p2a: Grumpig\n|-boost|p2a: Grumpig|spa|2\n|move|p1a: Gastrodon|Earthquake|p2a: Grumpig\n|-damage|p2a: Grumpig|45/100\n|\n|-heal|p2a: Grumpig|51/100|[from] item: Leftovers\n|upkeep\n|turn|16\n|inactive|Time left: 300 sec this turn | 300 sec total\n|\n|t:|1783561090\n|move|p2a: Grumpig|Psychic|p1a: Gastrodon\n|-damage|p1a: Gastrodon|130/331\n|move|p1a: Gastrodon|Earthquake|p2a: Grumpig\n|-damage|p2a: Grumpig|16/100\n|\n|-heal|p2a: Grumpig|22/100|[from] item: Leftovers\n|-heal|p1a: Gastrodon|150/331|[from] item: Leftovers\n|upkeep\n|turn|17\n|inactive|Time left: 300 sec this turn | 300 sec total\n|\n|t:|1783561092\n|move|p2a: Grumpig|Psychic|p1a: Gastrodon\n|-damage|p1a: Gastrodon|0 fnt\n|faint|p1a: Gastrodon\n|\n|-heal|p2a: Grumpig|28/100|[from] item: Leftovers\n|upkeep\n|inactive|Time left: 300 sec this turn | 300 sec total | 5 sec grace\n|\n|t:|1783561093\n|switch|p1a: Dodrio|Dodrio, L85, M|214/241\n|turn|18\n|inactive|Time left: 300 sec this turn | 300 sec total\n|\n|t:|1783561093\n|switch|p2a: Zapdos|Zapdos, L78|100/100\n|move|p1a: Dodrio|Drill Run|p2a: Zapdos\n|-immune|p2a: Zapdos\n|\n|upkeep\n|turn|19\n|inactive|Time left: 300 sec this turn | 300 sec total\n|\n|t:|1783561094\n|-terastallize|p1a: Dodrio|Ground\n|move|p1a: Dodrio|Drill Run|p2a: Zapdos\n|-immune|p2a: Zapdos\n|move|p2a: Zapdos|Thunderbolt|p1a: Dodrio\n|-immune|p1a: Dodrio\n|\n|upkeep\n|turn|20\n|inactive|Time left: 300 sec this turn | 300 sec total\n|\n|t:|1783561095\n|move|p1a: Dodrio|Drill Run|p2a: Zapdos\n|-immune|p2a: Zapdos\n|move|p2a: Zapdos|Hurricane|p1a: Dodrio\n|-damage|p1a: Dodrio|43/241\n|-start|p1a: Dodrio|confusion\n|\n|upkeep\n|turn|21\n|inactive|Time left: 300 sec this turn | 300 sec total\n|\n|t:|1783561096\n|-activate|p1a: Dodrio|confusion\n|-damage|p1a: Dodrio|4/241|[from] confusion\n|move|p2a: Zapdos|Heat Wave|p1a: Dodrio\n|-damage|p1a: Dodrio|0 fnt\n|faint|p1a: Dodrio\n|\n|upkeep\n|inactive|Time left: 300 sec this turn | 300 sec total | 5 sec grace\n|\n|t:|1783561097\n|switch|p1a: Whimsicott|Whimsicott, L84, M|238/238\n|turn|22\n|inactive|Time left: 300 sec this turn | 300 sec total\n|\n|t:|1783561098\n|move|p1a: Whimsicott|Substitute|p1a: Whimsicott\n|-start|p1a: Whimsicott|Substitute\n|-damage|p1a: Whimsicott|179/238\n|move|p2a: Zapdos|Hurricane|p1a: Whimsicott\n|-supereffective|p1a: Whimsicott\n|-end|p1a: Whimsicott|Substitute\n|\n|-heal|p1a: Whimsicott|193/238|[from] item: Leftovers\n|upkeep\n|turn|23\n|inactive|Time left: 300 sec this turn | 300 sec total\n|\n|t:|1783561099\n|move|p1a: Whimsicott|Substitute|p1a: Whimsicott\n|-start|p1a: Whimsicott|Substitute\n|-damage|p1a: Whimsicott|134/238\n|move|p2a: Zapdos|Heat Wave|p1a: Whimsicott\n|-supereffective|p1a: Whimsicott\n|-end|p1a: Whimsicott|Substitute\n|\n|-heal|p1a: Whimsicott|148/238|[from] item: Leftovers\n|upkeep\n|turn|24\n|inactive|Time left: 300 sec this turn | 300 sec total\n|\n|t:|1783561100\n|move|p1a: Whimsicott|Substitute|p1a: Whimsicott\n|-start|p1a: Whimsicott|Substitute\n|-damage|p1a: Whimsicott|89/238\n|move|p2a: Zapdos|Heat Wave|p1a: Whimsicott\n|-supereffective|p1a: Whimsicott\n|-end|p1a: Whimsicott|Substitute\n|\n|-heal|p1a: Whimsicott|103/238|[from] item: Leftovers\n|upkeep\n|turn|25\n|inactive|Time left: 300 sec this turn | 300 sec total\n|\n|t:|1783561101\n|-terastallize|p2a: Zapdos|Electric\n|move|p1a: Whimsicott|Substitute|p1a: Whimsicott\n|-start|p1a: Whimsicott|Substitute\n|-damage|p1a: Whimsicott|44/238\n|move|p2a: Zapdos|Heat Wave|p1a: Whimsicott\n|-supereffective|p1a: Whimsicott\n|-end|p1a: Whimsicott|Substitute\n|\n|-heal|p1a: Whimsicott|58/238|[from] item: Leftovers\n|upkeep\n|turn|26\n|inactive|Time left: 300 sec this turn | 300 sec total\n|\n|t:|1783561102\n|move|p1a: Whimsicott|Moonblast|p2a: Zapdos\n|-damage|p2a: Zapdos|70/100\n|-unboost|p2a: Zapdos|spa|1\n|move|p2a: Zapdos|Thunderbolt|p1a: Whimsicott\n|-resisted|p1a: Whimsicott\n|-damage|p1a: Whimsicott|9/238\n|\n|-heal|p1a: Whimsicott|23/238|[from] item: Leftovers\n|upkeep\n|turn|27\n|inactive|Time left: 300 sec this turn | 300 sec total\n|\n|t:|1783561103\n|move|p1a: Whimsicott|Leech Seed|p2a: Zapdos\n|-start|p2a: Zapdos|move: Leech Seed\n|move|p2a: Zapdos|Thunderbolt|p1a: Whimsicott\n|-resisted|p1a: Whimsicott\n|-damage|p1a: Whimsicott|0 fnt\n|faint|p1a: Whimsicott\n|\n|win|p0y18870df3", "uploadtime": 1783561103, "views": 0, "rating": 0, "private": 0, "password": null, "_winner": "p0y18870df3", "_our_name": "p0x18877e57"}