{"id": "battle-gen9randombattle-514", "formatid": "gen9randombattle", "format": "[Gen 9] Random Battle", "players": ["p0x5140984", "p0y5142410"], "log": "|init|battle\n|title|p0x5140984 vs. p0y5142410\n|j|\u2606p0x5140984\n|j|\u2606p0y5142410\n|t:|1783545007\n|gametype|singles\n|player|p1|p0x5140984|265|\n|player|p2|p0y5142410|266|\n|gen|9\n|tier|[Gen 9] Random Battle\n|rule|Species Clause: Limit one of each Pok\u00e9mon\n|rule|HP Percentage Mod: HP is shown in percentages\n|rule|Sleep Clause Mod: Limit one foe put to sleep\n|rule|Illusion Level Mod: Illusion disguises the Pok\u00e9mon's true level\n|\n|t:|1783545007\n|teamsize|p1|6\n|teamsize|p2|6\n|start\n|switch|p1a: Uxie|Uxie, L83|100/100\n|switch|p2a: Golurk|Golurk, L87|297/297\n|turn|1\n|inactive|Battle timer is ON: inactive players will automatically lose when time's up. (requested by p0x5140984)\n|inactive|Time left: 300 sec this turn | 300 sec total | 60 sec grace\n|inactive|p0y5142410 also wants the timer to be on.\n|\n|t:|1783545009\n|move|p1a: Uxie|Stealth Rock|p2a: Golurk\n|-sidestart|p2: p0y5142410|move: Stealth Rock\n|move|p2a: Golurk|Poltergeist|p1a: Uxie\n|-activate|p1a: Uxie|move: Poltergeist|Leftovers\n|-supereffective|p1a: Uxie\n|-damage|p1a: Uxie|0 fnt\n|faint|p1a: Uxie\n|-damage|p2a: Golurk|268/297|[from] item: Life Orb\n|\n|upkeep\n|\n|t:|1783545010\n|switch|p1a: Ho-Oh|Ho-Oh, L71|100/100\n|turn|2\n|inactive|Time left: 300 sec this turn | 300 sec total\n|\n|t:|1783545012\n|move|p1a: Ho-Oh|Sacred Fire|p2a: Golurk\n|-damage|p2a: Golurk|163/297\n|-status|p2a: Golurk|brn\n|move|p2a: Golurk|Poltergeist|p1a: Ho-Oh\n|-activate|p1a: Ho-Oh|move: Poltergeist|Heavy-Duty Boots\n|-damage|p1a: Ho-Oh|61/100\n|-damage|p2a: Golurk|134/297 brn|[from] item: Life Orb\n|\n|-damage|p2a: Golurk|116/297 brn|[from] brn\n|upkeep\n|turn|3\n|inactive|Time left: 300 sec this turn | 300 sec total\n|\n|t:|1783545013\n|switch|p1a: Klawf|Klawf, L90, F|100/100\n|move|p2a: Golurk|Poltergeist|p1a: Klawf\n|-activate|p1a: Klawf|move: Poltergeist|Sitrus Berry\n|-damage|p1a: Klawf|73/100\n|-damage|p2a: Golurk|87/297 brn|[from] item: Life Orb\n|\n|-damage|p2a: Golurk|69/297 brn|[from] brn\n|upkeep\n|turn|4\n|inactive|Time left: 300 sec this turn | 300 sec total\n|\n|t:|1783545014\n|move|p1a: Klawf|High Horsepower|p2a: Golurk\n|-damage|p2a: Golurk|0 fnt\n|faint|p2a: Golurk\n|\n|upkeep\n|inactive|Time left: 300 sec this turn | 300 sec total | 5 sec grace\n|\n|t:|1783545016\n|switch|p2a: Sinistcha|Sinistcha-Masterpiece, L83|254/254\n|-damage|p2a: Sinistcha|223/254|[from] Stealth Rock\n|turn|5\n|inactive|Time left: 300 sec this turn | 300 sec total\n|\n|t:|1783545017\n|-terastallize|p1a: Klawf|Dark\n|move|p1a: Klawf|Knock Off|p2a: Sinistcha\n|-supereffective|p2a: Sinistcha\n|-damage|p2a: Sinistcha|17/254\n|-enditem|p2a: Sinistcha|Leftovers|[from] move: Knock Off|[of] p1a: Klawf\n|move|p2a: Sinistcha|Matcha Gotcha|p1a: Klawf\n|-damage|p1a: Klawf|23/100\n|-heal|p2a: Sinistcha|85/254|[from] drain|[of] p1a: Klawf\n|-ability|p1a: Klawf|Anger Shell|boost\n|-boost|p1a: Klawf|atk|1\n|-boost|p1a: Klawf|spa|1\n|-boost|p1a: Klawf|spe|1\n|-unboost|p1a: Klawf|def|1\n|-unboost|p1a: Klawf|spd|1\n|-enditem|p1a: Klawf|Sitrus Berry|[eat]\n|-heal|p1a: Klawf|48/100|[from] item: Sitrus Berry\n|\n|upkeep\n|turn|6\n|inactive|Time left: 300 sec this turn | 300 sec total\n|\n|t:|1783545018\n|move|p1a: Klawf|Knock Off|p2a: Sinistcha\n|-supereffective|p2a: Sinistcha\n|-crit|p2a: Sinistcha\n|-damage|p2a: Sinistcha|0 fnt\n|faint|p2a: Sinistcha\n|\n|upkeep\n|inactive|Time left: 300 sec this turn | 300 sec total | 5 sec grace\n|\n|t:|1783545019\n|switch|p2a: Greedent|Greedent, L86, F|347/347\n|-damage|p2a: Greedent|304/347|[from] Stealth Rock\n|turn|7\n|inactive|Time left: 300 sec this turn | 300 sec total\n|\n|t:|1783545020\n|move|p1a: Klawf|Knock Off|p2a: Greedent\n|-damage|p2a: Greedent|133/347\n|-enditem|p2a: Greedent|Sitrus Berry|[from] move: Knock Off|[of] p1a: Klawf\n|move|p2a: Greedent|Swords Dance|p2a: Greedent\n|-boost|p2a: Greedent|atk|2\n|\n|upkeep\n|turn|8\n|inactive|Time left: 300 sec this turn | 300 sec total\n|\n|t:|1783545021\n|-terastallize|p2a: Greedent|Ground\n|move|p1a: Klawf|Stone Edge|p2a: Greedent\n|-resisted|p2a: Greedent\n|-damage|p2a: Greedent|43/347\n|move|p2a: Greedent|Body Slam|p1a: Klawf\n|-damage|p1a: Klawf|0 fnt\n|faint|p1a: Klawf\n|\n|upkeep\n|\n|t:|1783545022\n|switch|p1a: Registeel|Registeel, L81|100/100\n|turn|9\n|inactive|Time left: 300 sec this turn | 300 sec total\n|\n|t:|1783545023\n|move|p1a: Registeel|Body Press|p2a: Greedent\n|-damage|p2a: Greedent|0 fnt\n|faint|p2a: Greedent\n|\n|upkeep\n|inactive|Time left: 300 sec this turn | 300 sec total | 5 sec grace\n|\n|t:|1783545024\n|switch|p2a: Zangoose|Zangoose, L85, M|263/263\n|-damage|p2a: Zangoose|231/263|[from] Stealth Rock\n|turn|10\n|inactive|Time left: 300 sec this turn | 300 sec total\n|\n|t:|1783545025\n|move|p2a: Zangoose|Swords Dance|p2a: Zangoose\n|-boost|p2a: Zangoose|atk|2\n|move|p1a: Registeel|Iron Defense|p1a: Registeel\n|-boost|p1a: Registeel|def|2\n|\n|-status|p2a: Zangoose|tox|[from] item: Toxic Orb\n|upkeep\n|turn|11\n|inactive|Time left: 300 sec this turn | 300 sec total\n|\n|t:|1783545026\n|move|p2a: Zangoose|Close Combat|p1a: Registeel\n|-supereffective|p1a: Registeel\n|-damage|p1a: Registeel|16/100\n|-unboost|p2a: Zangoose|def|1\n|-unboost|p2a: Zangoose|spd|1\n|move|p1a: Registeel|Body Press|p2a: Zangoose\n|-supereffective|p2a: Zangoose\n|-damage|p2a: Zangoose|0 fnt\n|faint|p2a: Zangoose\n|\n|-heal|p1a: Registeel|22/100|[from] item: Leftovers\n|upkeep\n|inactive|Time left: 300 sec this turn | 300 sec total | 5 sec grace\n|\n|t:|1783545027\n|switch|p2a: Deoxys|Deoxys, L74|196/196\n|-damage|p2a: Deoxys|172/196|[from] Stealth Rock\n|-ability|p2a: Deoxys|Pressure\n|turn|12\n|inactive|Time left: 300 sec this turn | 300 sec total\n|\n|t:|1783545028\n|move|p2a: Deoxys|Psycho Boost|p1a: Registeel\n|-resisted|p1a: Registeel\n|-damage|p1a: Registeel|0 fnt\n|-unboost|p2a: Deoxys|spa|2\n|faint|p1a: Registeel\n|-damage|p2a: Deoxys|153/196|[from] item: Life Orb\n|\n|upkeep\n|\n|t:|1783545029\n|switch|p1a: Ho-Oh|Ho-Oh, L71|95/100\n|turn|13\n|inactive|Time left: 300 sec this turn | 300 sec total\n|\n|t:|1783545030\n|switch|p2a: Luvdisc|Luvdisc, F|247/247\n|move|p1a: Ho-Oh|Brave Bird|p2a: Luvdisc\n|-damage|p2a: Luvdisc|108/247\n|-damage|p1a: Ho-Oh|77/100|[from] Recoil\n|\n|upkeep\n|turn|14\n|inactive|Time left: 300 sec this turn | 300 sec total\n|\n|t:|1783545031\n|move|p2a: Luvdisc|Substitute|p2a: Luvdisc\n|-start|p2a: Luvdisc|Substitute\n|-damage|p2a: Luvdisc|47/247\n|move|p1a: Ho-Oh|Brave Bird|p2a: Luvdisc\n|-end|p2a: Luvdisc|Substitute\n|-damage|p1a: Ho-Oh|70/100|[from] Recoil|[of] p2a: Luvdisc\n|\n|upkeep\n|turn|15\n|inactive|Time left: 300 sec this turn | 300 sec total\n|\n|t:|1783545032\n|move|p2a: Luvdisc|Endeavor|p1a: Ho-Oh\n|-damage|p1a: Ho-Oh|18/100\n|move|p1a: Ho-Oh|Sacred Fire|p2a: Luvdisc\n|-resisted|p2a: Luvdisc\n|-damage|p2a: Luvdisc|0 fnt\n|faint|p2a: Luvdisc\n|\n|upkeep\n|inactive|Time left: 300 sec this turn | 300 sec total | 5 sec grace\n|\n|t:|1783545033\n|switch|p2a: Deoxys|Deoxys, L74|153/196\n|-damage|p2a: Deoxys|129/196|[from] Stealth Rock\n|-ability|p2a: Deoxys|Pressure\n|turn|16\n|inactive|Time left: 300 sec this turn | 300 sec total\n|\n|t:|1783545034\n|move|p2a: Deoxys|Knock Off|p1a: Ho-Oh\n|-damage|p1a: Ho-Oh|0 fnt\n|-enditem|p1a: Ho-Oh|Heavy-Duty Boots|[from] move: Knock Off|[of] p2a: Deoxys\n|faint|p1a: Ho-Oh\n|-damage|p2a: Deoxys|110/196|[from] item: Life Orb\n|\n|upkeep\n|\n|t:|1783545034\n|switch|p1a: Dondozo|Dondozo, L78, F|100/100\n|turn|17\n|inactive|Time left: 300 sec this turn | 300 sec total\n|\n|t:|1783545035\n|move|p2a: Deoxys|Psycho Boost|p1a: Dondozo\n|-damage|p1a: Dondozo|21/100\n|-unboost|p2a: Deoxys|spa|2\n|-damage|p2a: Deoxys|91/196|[from] item: Life Orb\n|move|p1a: Dondozo|Wave Crash|p2a: Deoxys\n|-damage|p2a: Deoxys|0 fnt\n|faint|p2a: Deoxys\n|-damage|p1a: Dondozo|13/100|[from] Recoil\n|\n|win|p0x5140984", "uploadtime": 1783545035, "views": 0, "rating": 0, "private": 0, "password": null, "_winner": "p0x5140984", "_our_name": "p0y5142410"}