{"id": "battle-gen9randombattle-788", "formatid": "gen9randombattle", "format": "[Gen 9] Random Battle", "players": ["p0x7888a00", "p0y7884c7b"], "log": "|init|battle\n|title|p0x7888a00 vs. p0y7884c7b\n|j|\u2606p0x7888a00\n|j|\u2606p0y7884c7b\n|t:|1783549011\n|gametype|singles\n|player|p1|p0x7888a00|1|\n|player|p2|p0y7884c7b|101|\n|gen|9\n|tier|[Gen 9] Random Battle\n|rule|Species Clause: Limit one of each Pok\u00e9mon\n|rule|HP Percentage Mod: HP is shown in percentages\n|rule|Sleep Clause Mod: Limit one foe put to sleep\n|rule|Illusion Level Mod: Illusion disguises the Pok\u00e9mon's true level\n|\n|t:|1783549011\n|teamsize|p1|6\n|teamsize|p2|6\n|start\n|switch|p1a: Yanmega|Yanmega, L82, M|100/100\n|switch|p2a: Flareon|Flareon, L90, F|263/263\n|turn|1\n|inactive|Battle timer is ON: inactive players will automatically lose when time's up. (requested by p0y7884c7b)\n|inactive|p0x7888a00 also wants the timer to be on.\n|\n|t:|1783549013\n|move|p1a: Yanmega|Bug Buzz|p2a: Flareon\n|-resisted|p2a: Flareon\n|-damage|p2a: Flareon|131/263\n|move|p2a: Flareon|Flare Blitz|p1a: Yanmega\n|-supereffective|p1a: Yanmega\n|-damage|p1a: Yanmega|0 fnt\n|faint|p1a: Yanmega\n|-damage|p2a: Flareon|40/263|[from] Recoil\n|\n|-status|p2a: Flareon|tox|[from] item: Toxic Orb\n|upkeep\n|\n|t:|1783549014\n|switch|p1a: Zekrom|Zekrom, L71|100/100\n|-ability|p1a: Zekrom|Teravolt\n|turn|2\n|inactive|Time left: 300 sec this turn | 300 sec total\n|\n|t:|1783549015\n|switch|p2a: Gliscor|Gliscor, L76, F|239/239\n|move|p1a: Zekrom|Bolt Strike|p2a: Gliscor\n|-immune|p2a: Gliscor\n|\n|-status|p2a: Gliscor|tox|[from] item: Toxic Orb\n|upkeep\n|turn|3\n|inactive|Time left: 300 sec this turn | 300 sec total\n|\n|t:|1783549016\n|move|p2a: Gliscor|Earthquake|p1a: Zekrom\n|-supereffective|p1a: Zekrom\n|-damage|p1a: Zekrom|42/100\n|move|p1a: Zekrom|Dragon Dance|p1a: Zekrom\n|-boost|p1a: Zekrom|atk|1\n|-boost|p1a: Zekrom|spe|1\n|\n|-heal|p1a: Zekrom|48/100|[from] item: Leftovers\n|upkeep\n|turn|4\n|inactive|Time left: 300 sec this turn | 300 sec total\n|\n|t:|1783549017\n|move|p1a: Zekrom|Substitute|p1a: Zekrom\n|-start|p1a: Zekrom|Substitute\n|-damage|p1a: Zekrom|23/100\n|move|p2a: Gliscor|Earthquake|p1a: Zekrom\n|-supereffective|p1a: Zekrom\n|-end|p1a: Zekrom|Substitute\n|\n|-heal|p1a: Zekrom|29/100|[from] item: Leftovers\n|upkeep\n|turn|5\n|inactive|Time left: 300 sec this turn | 300 sec total\n|\n|t:|1783549017\n|move|p1a: Zekrom|Substitute|p1a: Zekrom\n|-start|p1a: Zekrom|Substitute\n|-damage|p1a: Zekrom|5/100\n|move|p2a: Gliscor|Earthquake|p1a: Zekrom\n|-supereffective|p1a: Zekrom\n|-end|p1a: Zekrom|Substitute\n|\n|-heal|p1a: Zekrom|11/100|[from] item: Leftovers\n|upkeep\n|turn|6\n|inactive|Time left: 300 sec this turn | 300 sec total\n|\n|t:|1783549018\n|move|p1a: Zekrom|Outrage|p2a: Gliscor\n|-damage|p2a: Gliscor|61/239 tox\n|move|p2a: Gliscor|Earthquake|p1a: Zekrom\n|-supereffective|p1a: Zekrom\n|-damage|p1a: Zekrom|0 fnt\n|faint|p1a: Zekrom\n|\n|-heal|p2a: Gliscor|90/239 tox|[from] ability: Poison Heal\n|upkeep\n|\n|t:|1783549019\n|switch|p1a: Greedent|Greedent, L86, M|100/100\n|turn|7\n|inactive|Time left: 300 sec this turn | 300 sec total\n|\n|t:|1783549020\n|move|p2a: Gliscor|Earthquake|p1a: Greedent\n|-damage|p1a: Greedent|78/100\n|move|p1a: Greedent|Swords Dance|p1a: Greedent\n|-boost|p1a: Greedent|atk|2\n|\n|-heal|p2a: Gliscor|119/239 tox|[from] ability: Poison Heal\n|upkeep\n|turn|8\n|inactive|Time left: 300 sec this turn | 300 sec total\n|\n|t:|1783549021\n|move|p2a: Gliscor|Protect|p2a: Gliscor\n|-singleturn|p2a: Gliscor|Protect\n|move|p1a: Greedent|Body Slam|p2a: Gliscor\n|-activate|p2a: Gliscor|move: Protect\n|\n|-heal|p2a: Gliscor|148/239 tox|[from] ability: Poison Heal\n|upkeep\n|turn|9\n|inactive|Time left: 300 sec this turn | 300 sec total\n|\n|t:|1783549022\n|move|p2a: Gliscor|Toxic Spikes|p1a: Greedent\n|-sidestart|p1: p0x7888a00|move: Toxic Spikes\n|move|p1a: Greedent|Body Slam|p2a: Gliscor\n|-damage|p2a: Gliscor|0 fnt\n|faint|p2a: Gliscor\n|\n|upkeep\n|inactive|Time left: 300 sec this turn | 300 sec total | 5 sec grace\n|\n|t:|1783549023\n|switch|p2a: Flareon|Flareon, L90, F|40/263 tox\n|turn|10\n|inactive|Time left: 300 sec this turn | 300 sec total\n|\n|t:|1783549024\n|-terastallize|p2a: Flareon|Normal\n|move|p2a: Flareon|Facade|p1a: Greedent\n|-damage|p1a: Greedent|0 fnt\n|faint|p1a: Greedent\n|\n|-damage|p2a: Flareon|24/263 tox|[from] psn\n|upkeep\n|\n|t:|1783549025\n|switch|p1a: Dunsparce|Dunsparce, L86, M|100/100\n|-status|p1a: Dunsparce|psn\n|turn|11\n|inactive|Time left: 300 sec this turn | 300 sec total\n|\n|t:|1783549026\n|move|p2a: Flareon|Facade|p1a: Dunsparce\n|-damage|p1a: Dunsparce|21/100 psn\n|move|p1a: Dunsparce|Coil|p1a: Dunsparce\n|-boost|p1a: Dunsparce|atk|1\n|-boost|p1a: Dunsparce|def|1\n|-boost|p1a: Dunsparce|accuracy|1\n|\n|-damage|p2a: Flareon|0 fnt|[from] psn\n|faint|p2a: Flareon\n|-damage|p1a: Dunsparce|9/100 psn|[from] psn\n|upkeep\n|inactive|Time left: 300 sec this turn | 300 sec total | 5 sec grace\n|\n|t:|1783549027\n|switch|p2a: Lugia|Lugia, L73|275/275\n|turn|12\n|inactive|Time left: 300 sec this turn | 300 sec total\n|\n|t:|1783549029\n|move|p2a: Lugia|Earth Power|p1a: Dunsparce\n|-damage|p1a: Dunsparce|0 fnt\n|faint|p1a: Dunsparce\n|\n|upkeep\n|\n|t:|1783549030\n|switch|p1a: Dachsbun|Dachsbun, L92, M|100/100\n|-status|p1a: Dachsbun|psn\n|turn|13\n|inactive|Time left: 300 sec this turn | 300 sec total\n|\n|t:|1783549031\n|move|p1a: Dachsbun|Wish|p1a: Dachsbun\n|move|p2a: Lugia|Calm Mind|p2a: Lugia\n|-boost|p2a: Lugia|spa|1\n|-boost|p2a: Lugia|spd|1\n|\n|-damage|p1a: Dachsbun|88/100 psn|[from] psn\n|upkeep\n|turn|14\n|inactive|Time left: 300 sec this turn | 300 sec total\n|\n|t:|1783549032\n|move|p1a: Dachsbun|Play Rough|p2a: Lugia\n|-damage|p2a: Lugia|233/275\n|move|p2a: Lugia|Calm Mind|p2a: Lugia\n|-boost|p2a: Lugia|spa|1\n|-boost|p2a: Lugia|spd|1\n|\n|-heal|p1a: Dachsbun|100/100 psn|[from] move: Wish|[wisher] Dachsbun\n|-damage|p1a: Dachsbun|88/100 psn|[from] psn\n|upkeep\n|turn|15\n|inactive|Time left: 300 sec this turn | 300 sec total\n|\n|t:|1783549033\n|move|p1a: Dachsbun|Wish|p1a: Dachsbun\n|move|p2a: Lugia|Aeroblast|p1a: Dachsbun\n|-damage|p1a: Dachsbun|26/100 psn\n|\n|-heal|p1a: Dachsbun|32/100 psn|[from] item: Leftovers\n|-damage|p1a: Dachsbun|19/100 psn|[from] psn\n|upkeep\n|turn|16\n|inactive|Time left: 300 sec this turn | 300 sec total\n|\n|t:|1783549034\n|move|p1a: Dachsbun|Protect|p1a: Dachsbun\n|-singleturn|p1a: Dachsbun|Protect\n|move|p2a: Lugia|Earth Power|p1a: Dachsbun\n|-activate|p1a: Dachsbun|move: Protect\n|\n|-heal|p1a: Dachsbun|69/100 psn|[from] move: Wish|[wisher] Dachsbun\n|-heal|p1a: Dachsbun|75/100 psn|[from] item: Leftovers\n|-damage|p1a: Dachsbun|63/100 psn|[from] psn\n|upkeep\n|turn|17\n|inactive|Time left: 300 sec this turn | 300 sec total\n|\n|t:|1783549035\n|move|p1a: Dachsbun|Protect||[still]\n|-fail|p1a: Dachsbun\n|move|p2a: Lugia|Aeroblast|p1a: Dachsbun\n|-damage|p1a: Dachsbun|5/100 psn\n|\n|-heal|p1a: Dachsbun|11/100 psn|[from] item: Leftovers\n|-damage|p1a: Dachsbun|0 fnt|[from] psn\n|faint|p1a: Dachsbun\n|upkeep\n|\n|t:|1783549036\n|switch|p1a: Camerupt|Camerupt, L91, F|100/100\n|-status|p1a: Camerupt|psn\n|turn|18\n|inactive|Time left: 300 sec this turn | 300 sec total\n|\n|t:|1783549037\n|move|p2a: Lugia|Aeroblast|p1a: Camerupt\n|-damage|p1a: Camerupt|39/100 psn\n|move|p1a: Camerupt|Will-O-Wisp|p2a: Lugia|[miss]\n|-miss|p1a: Camerupt|p2a: Lugia\n|\n|-heal|p1a: Camerupt|46/100 psn|[from] item: Leftovers\n|-damage|p1a: Camerupt|33/100 psn|[from] psn\n|upkeep\n|turn|19\n|inactive|Time left: 300 sec this turn | 300 sec total\n|\n|t:|1783549038\n|-terastallize|p1a: Camerupt|Water\n|move|p2a: Lugia|Earth Power|p1a: Camerupt\n|-damage|p1a: Camerupt|0 fnt\n|faint|p1a: Camerupt\n|\n|win|p0y7884c7b", "uploadtime": 1783549038, "views": 0, "rating": 0, "private": 0, "password": null, "_winner": "p0y7884c7b", "_our_name": "p0y7884c7b"}