{"id": "battle-gen9randombattle-2564", "formatid": "gen9randombattle", "format": "[Gen 9] Random Battle", "players": ["p0x2564bd3c", "p0y25646f15"], "log": "|init|battle\n|title|p0x2564bd3c vs. p0y25646f15\n|j|\u2606p0x2564bd3c\n|j|\u2606p0y25646f15\n|t:|1783568698\n|gametype|singles\n|player|p1|p0x2564bd3c|169|\n|player|p2|p0y25646f15|2|\n|gen|9\n|tier|[Gen 9] Random Battle\n|rule|Species Clause: Limit one of each Pok\u00e9mon\n|rule|HP Percentage Mod: HP is shown in percentages\n|rule|Sleep Clause Mod: Limit one foe put to sleep\n|rule|Illusion Level Mod: Illusion disguises the Pok\u00e9mon's true level\n|\n|t:|1783568698\n|teamsize|p1|6\n|teamsize|p2|6\n|start\n|switch|p1a: Diancie|Diancie, L82|216/216\n|switch|p2a: Blissey|Blissey, L85, F|100/100\n|turn|1\n|inactive|Battle timer is ON: inactive players will automatically lose when time's up. (requested by p0x2564bd3c)\n|inactive|p0y25646f15 also wants the timer to be on.\n|\n|t:|1783568699\n|move|p2a: Blissey|Stealth Rock|p1a: Diancie\n|-sidestart|p1: p0x2564bd3c|move: Stealth Rock\n|move|p1a: Diancie|Diamond Storm|p2a: Blissey\n|-damage|p2a: Blissey|46/100\n|-boost|p1a: Diancie|def|2\n|\n|-heal|p2a: Blissey|52/100|[from] item: Leftovers\n|upkeep\n|turn|2\n|inactive|Time left: 300 sec this turn | 300 sec total\n|\n|t:|1783568700\n|switch|p2a: Meowstic|Meowstic, L89, M|100/100\n|move|p1a: Diancie|Diamond Storm|p2a: Meowstic\n|-damage|p2a: Meowstic|62/100\n|-boost|p1a: Diancie|def|2\n|\n|upkeep\n|turn|3\n|inactive|Time left: 300 sec this turn | 300 sec total\n|\n|t:|1783568701\n|move|p2a: Meowstic|Reflect|p2a: Meowstic\n|-sidestart|p2: p0y25646f15|Reflect\n|move|p1a: Diancie|Calm Mind|p1a: Diancie\n|-boost|p1a: Diancie|spa|1\n|-boost|p1a: Diancie|spd|1\n|\n|upkeep\n|turn|4\n|inactive|Time left: 300 sec this turn | 300 sec total\n|\n|t:|1783568702\n|move|p2a: Meowstic|Light Screen|p2a: Meowstic\n|-sidestart|p2: p0y25646f15|move: Light Screen\n|move|p1a: Diancie|Calm Mind|p1a: Diancie\n|-boost|p1a: Diancie|spa|1\n|-boost|p1a: Diancie|spd|1\n|\n|upkeep\n|turn|5\n|inactive|Time left: 300 sec this turn | 300 sec total\n|\n|t:|1783568703\n|switch|p2a: Blissey|Blissey, L85, F|52/100\n|move|p1a: Diancie|Calm Mind|p1a: Diancie\n|-boost|p1a: Diancie|spa|1\n|-boost|p1a: Diancie|spd|1\n|\n|-heal|p2a: Blissey|58/100|[from] item: Leftovers\n|upkeep\n|turn|6\n|inactive|Time left: 300 sec this turn | 300 sec total\n|\n|t:|1783568704\n|move|p2a: Blissey|Thunder Wave|p1a: Diancie\n|-status|p1a: Diancie|par\n|cant|p1a: Diancie|par\n|\n|-heal|p2a: Blissey|64/100|[from] item: Leftovers\n|upkeep\n|turn|7\n|inactive|Time left: 300 sec this turn | 300 sec total\n|\n|t:|1783568705\n|move|p2a: Blissey|Soft-Boiled|p2a: Blissey\n|-heal|p2a: Blissey|100/100\n|cant|p1a: Diancie|par\n|\n|upkeep\n|turn|8\n|inactive|Time left: 300 sec this turn | 300 sec total\n|\n|t:|1783568706\n|move|p2a: Blissey|Seismic Toss|p1a: Diancie\n|-damage|p1a: Diancie|131/216 par\n|move|p1a: Diancie|Draining Kiss|p2a: Blissey\n|-damage|p2a: Blissey|92/100\n|-heal|p1a: Diancie|167/216 par|[from] drain|[of] p2a: Blissey\n|\n|-heal|p2a: Blissey|98/100|[from] item: Leftovers\n|-heal|p1a: Diancie|180/216 par|[from] item: Leftovers\n|upkeep\n|turn|9\n|inactive|Time left: 300 sec this turn | 300 sec total\n|\n|t:|1783568707\n|move|p2a: Blissey|Seismic Toss|p1a: Diancie\n|-damage|p1a: Diancie|95/216 par\n|move|p1a: Diancie|Calm Mind|p1a: Diancie\n|-boost|p1a: Diancie|spa|1\n|-boost|p1a: Diancie|spd|1\n|\n|-heal|p2a: Blissey|100/100|[from] item: Leftovers\n|-heal|p1a: Diancie|108/216 par|[from] item: Leftovers\n|upkeep\n|turn|10\n|inactive|Time left: 300 sec this turn | 300 sec total\n|\n|t:|1783568708\n|move|p2a: Blissey|Seismic Toss|p1a: Diancie\n|-damage|p1a: Diancie|23/216 par\n|move|p1a: Diancie|Draining Kiss|p2a: Blissey\n|-damage|p2a: Blissey|92/100\n|-heal|p1a: Diancie|61/216 par|[from] drain|[of] p2a: Blissey\n|\n|-heal|p2a: Blissey|98/100|[from] item: Leftovers\n|-heal|p1a: Diancie|74/216 par|[from] item: Leftovers\n|-sideend|p2: p0y25646f15|Reflect\n|upkeep\n|turn|11\n|inactive|Time left: 300 sec this turn | 300 sec total\n|\n|t:|1783568709\n|move|p2a: Blissey|Seismic Toss|p1a: Diancie\n|-damage|p1a: Diancie|0 fnt\n|faint|p1a: Diancie\n|\n|-heal|p2a: Blissey|100/100|[from] item: Leftovers\n|-sideend|p2: p0y25646f15|move: Light Screen\n|upkeep\n|inactive|Time left: 300 sec this turn | 300 sec total | 5 sec grace\n|\n|t:|1783568710\n|switch|p1a: Iron Leaves|Iron Leaves, L80|275/275\n|-damage|p1a: Iron Leaves|241/275|[from] Stealth Rock\n|turn|12\n|inactive|Time left: 300 sec this turn | 300 sec total\n|\n|t:|1783568711\n|switch|p2a: Arbok|Arbok, L87, F|100/100\n|-ability|p2a: Arbok|Intimidate|boost\n|-unboost|p1a: Iron Leaves|atk|1\n|move|p1a: Iron Leaves|Swords Dance|p1a: Iron Leaves\n|-boost|p1a: Iron Leaves|atk|2\n|\n|upkeep\n|turn|13\n|inactive|Time left: 300 sec this turn | 300 sec total\n|\n|t:|1783568712\n|switch|p2a: Meowstic|Meowstic, L89, M|62/100\n|move|p1a: Iron Leaves|Psyblade|p2a: Meowstic\n|-resisted|p2a: Meowstic\n|-damage|p2a: Meowstic|27/100\n|-damage|p1a: Iron Leaves|214/275|[from] item: Life Orb\n|\n|upkeep\n|turn|14\n|inactive|Time left: 300 sec this turn | 300 sec total\n|\n|t:|1783568713\n|move|p2a: Meowstic|Reflect|p2a: Meowstic\n|-sidestart|p2: p0y25646f15|Reflect\n|move|p1a: Iron Leaves|Swords Dance|p1a: Iron Leaves\n|-boost|p1a: Iron Leaves|atk|2\n|\n|upkeep\n|turn|15\n|inactive|Time left: 300 sec this turn | 300 sec total\n|\n|t:|1783568714\n|move|p2a: Meowstic|Light Screen|p2a: Meowstic\n|-sidestart|p2: p0y25646f15|move: Light Screen\n|move|p1a: Iron Leaves|Leaf Blade|p2a: Meowstic\n|-damage|p2a: Meowstic|0 fnt\n|faint|p2a: Meowstic\n|-damage|p1a: Iron Leaves|187/275|[from] item: Life Orb\n|\n|upkeep\n|\n|t:|1783568715\n|switch|p2a: Dragapult|Dragapult, L77, M|100/100\n|turn|16\n|inactive|Time left: 300 sec this turn | 300 sec total\n|\n|t:|1783568716\n|-terastallize|p1a: Iron Leaves|Fighting\n|move|p2a: Dragapult|Dragon Dance|p2a: Dragapult\n|-boost|p2a: Dragapult|atk|1\n|-boost|p2a: Dragapult|spe|1\n|move|p1a: Iron Leaves|Psyblade|p2a: Dragapult\n|-damage|p2a: Dragapult|21/100\n|-damage|p1a: Iron Leaves|160/275|[from] item: Life Orb\n|\n|upkeep\n|turn|17\n|inactive|Time left: 300 sec this turn | 300 sec total\n|\n|t:|1783568717\n|-end|p1a: Iron Leaves|Quark Drive|[silent]\n|switch|p1a: Archaludon|Archaludon, L78, F|268/268\n|-damage|p1a: Archaludon|252/268|[from] Stealth Rock\n|move|p2a: Dragapult|Dragon Darts|p1a: Archaludon\n|-damage|p1a: Archaludon|173/268\n|-ability|p1a: Archaludon|Stamina|boost\n|-boost|p1a: Archaludon|def|1\n|-anim|p2a: Dragapult|Dragon Darts|p1a: Archaludon\n|-damage|p1a: Archaludon|115/268\n|-ability|p1a: Archaludon|Stamina|boost\n|-boost|p1a: Archaludon|def|1\n|-damage|p2a: Dragapult|12/100|[from] item: Life Orb\n|\n|-heal|p1a: Archaludon|131/268|[from] item: Leftovers\n|upkeep\n|turn|18\n|inactive|Time left: 300 sec this turn | 300 sec total\n|\n|t:|1783568717\n|move|p2a: Dragapult|Dragon Darts|p1a: Archaludon\n|-damage|p1a: Archaludon|87/268\n|-ability|p1a: Archaludon|Stamina|boost\n|-boost|p1a: Archaludon|def|1\n|-anim|p2a: Dragapult|Dragon Darts|p1a: Archaludon\n|-damage|p1a: Archaludon|55/268\n|-ability|p1a: Archaludon|Stamina|boost\n|-boost|p1a: Archaludon|def|1\n|-damage|p2a: Dragapult|2/100|[from] item: Life Orb\n|move|p1a: Archaludon|Flash Cannon|p2a: Dragapult\n|-damage|p2a: Dragapult|0 fnt\n|faint|p2a: Dragapult\n|\n|-heal|p1a: Archaludon|71/268|[from] item: Leftovers\n|upkeep\n|\n|t:|1783568718\n|switch|p2a: Oranguru|Oranguru, L92, M|100/100\n|turn|19\n|inactive|Time left: 300 sec this turn | 300 sec total\n|\n|t:|1783568719\n|move|p1a: Archaludon|Stealth Rock|p2a: Oranguru\n|-sidestart|p2: p0y25646f15|move: Stealth Rock\n|move|p2a: Oranguru|Hyper Voice|p1a: Archaludon\n|-resisted|p1a: Archaludon\n|-damage|p1a: Archaludon|0 fnt\n|faint|p1a: Archaludon\n|\n|upkeep\n|inactive|Time left: 300 sec this turn | 300 sec total | 5 sec grace\n|\n|t:|1783568720\n|switch|p1a: Oricorio|Oricorio-Pom-Pom, L82, F|257/257\n|turn|20\n|inactive|Time left: 300 sec this turn | 300 sec total\n|\n|t:|1783568721\n|move|p1a: Oricorio|Quiver Dance|p1a: Oricorio\n|-boost|p1a: Oricorio|spa|1\n|-boost|p1a: Oricorio|spd|1\n|-boost|p1a: Oricorio|spe|1\n|move|p2a: Oranguru|Hyper Voice|p1a: Oricorio\n|-damage|p1a: Oricorio|121/257\n|\n|upkeep\n|turn|21\n|inactive|Time left: 300 sec this turn | 300 sec total\n|\n|t:|1783568722\n|move|p1a: Oricorio|Roost|p1a: Oricorio\n|-heal|p1a: Oricorio|250/257\n|-singleturn|p1a: Oricorio|move: Roost\n|move|p2a: Oranguru|Hyper Voice|p1a: Oricorio\n|-damage|p1a: Oricorio|129/257\n|\n|-sideend|p2: p0y25646f15|Reflect\n|upkeep\n|turn|22\n|inactive|Time left: 300 sec this turn | 300 sec total\n|\n|t:|1783568723\n|move|p1a: Oricorio|Quiver Dance|p1a: Oricorio\n|-boost|p1a: Oricorio|spa|1\n|-boost|p1a: Oricorio|spd|1\n|-boost|p1a: Oricorio|spe|1\n|move|p2a: Oranguru|Hyper Voice|p1a: Oricorio\n|-damage|p1a: Oricorio|38/257\n|\n|-sideend|p2: p0y25646f15|move: Light Screen\n|upkeep\n|turn|23\n|inactive|Time left: 300 sec this turn | 300 sec total\n|\n|t:|1783568723\n|move|p1a: Oricorio|Roost|p1a: Oricorio\n|-heal|p1a: Oricorio|167/257\n|-singleturn|p1a: Oricorio|move: Roost\n|move|p2a: Oranguru|Hyper Voice|p1a: Oricorio\n|-damage|p1a: Oricorio|76/257\n|\n|upkeep\n|turn|24\n|inactive|Time left: 300 sec this turn | 300 sec total\n|\n|t:|1783568724\n|move|p1a: Oricorio|Roost|p1a: Oricorio\n|-heal|p1a: Oricorio|205/257\n|-singleturn|p1a: Oricorio|move: Roost\n|move|p2a: Oranguru|Hyper Voice|p1a: Oricorio\n|-damage|p1a: Oricorio|105/257\n|\n|upkeep\n|turn|25\n|inactive|Time left: 300 sec this turn | 300 sec total\n|\n|t:|1783568725\n|move|p1a: Oricorio|Roost|p1a: Oricorio\n|-heal|p1a: Oricorio|234/257\n|-singleturn|p1a: Oricorio|move: Roost\n|move|p2a: Oranguru|Hyper Voice|p1a: Oricorio\n|-damage|p1a: Oricorio|143/257\n|\n|upkeep\n|turn|26\n|inactive|Time left: 300 sec this turn | 300 sec total\n|\n|t:|1783568726\n|move|p1a: Oricorio|Quiver Dance|p1a: Oricorio\n|-boost|p1a: Oricorio|spa|1\n|-boost|p1a: Oricorio|spd|1\n|-boost|p1a: Oricorio|spe|1\n|move|p2a: Oranguru|Hyper Voice|p1a: Oricorio\n|-damage|p1a: Oricorio|64/257\n|\n|upkeep\n|turn|27\n|inactive|Time left: 300 sec this turn | 300 sec total\n|\n|t:|1783568727\n|move|p1a: Oricorio|Roost|p1a: Oricorio\n|-heal|p1a: Oricorio|193/257\n|-singleturn|p1a: Oricorio|move: Roost\n|move|p2a: Oranguru|Hyper Voice|p1a: Oricorio\n|-damage|p1a: Oricorio|114/257\n|\n|upkeep\n|turn|28\n|inactive|Time left: 300 sec this turn | 300 sec total\n|\n|t:|1783568729\n|move|p1a: Oricorio|Roost|p1a: Oricorio\n|-heal|p1a: Oricorio|243/257\n|-singleturn|p1a: Oricorio|move: Roost\n|move|p2a: Oranguru|Hyper Voice|p1a: Oricorio\n|-damage|p1a: Oricorio|162/257\n|\n|upkeep\n|turn|29\n|inactive|Time left: 300 sec this turn | 300 sec total\n|\n|t:|1783568730\n|move|p1a: Oricorio|Roost|p1a: Oricorio\n|-heal|p1a: Oricorio|257/257\n|-singleturn|p1a: Oricorio|move: Roost\n|move|p2a: Oranguru|Hyper Voice|p1a: Oricorio\n|-damage|p1a: Oricorio|185/257\n|\n|upkeep\n|turn|30\n|inactive|Time left: 300 sec this turn | 300 sec total\n|\n|t:|1783568731\n|move|p1a: Oricorio|Revelation Dance|p2a: Oranguru\n|-damage|p2a: Oranguru|44/100\n|move|p2a: Oranguru|Hyper Voice|p1a: Oricorio\n|-damage|p1a: Oricorio|101/257\n|\n|upkeep\n|turn|31\n|inactive|Time left: 300 sec this turn | 300 sec total\n|\n|t:|1783568732\n|move|p1a: Oricorio|Revelation Dance|p2a: Oranguru\n|-damage|p2a: Oranguru|0 fnt\n|faint|p2a: Oranguru\n|\n|upkeep\n|\n|t:|1783568733\n|switch|p2a: Garganacl|Garganacl, L80, F|100/100\n|-damage|p2a: Garganacl|88/100|[from] Stealth Rock\n|turn|32\n|inactive|Time left: 300 sec this turn | 300 sec total\n|\n|t:|1783568734\n|move|p1a: Oricorio|Roost|p1a: Oricorio\n|-heal|p1a: Oricorio|230/257\n|-singleturn|p1a: Oricorio|move: Roost\n|move|p2a: Garganacl|Salt Cure|p1a: Oricorio\n|-damage|p1a: Oricorio|182/257\n|-start|p1a: Oricorio|Salt Cure\n|\n|-heal|p2a: Garganacl|94/100|[from] item: Leftovers\n|-damage|p1a: Oricorio|150/257|[from] Salt Cure\n|upkeep\n|turn|33\n|inactive|Time left: 300 sec this turn | 300 sec total\n|\n|t:|1783568735\n|move|p1a: Oricorio|Hurricane|p2a: Garganacl\n|-resisted|p2a: Garganacl\n|-damage|p2a: Garganacl|45/100\n|move|p2a: Garganacl|Salt Cure|p1a: Oricorio\n|-supereffective|p1a: Oricorio\n|-damage|p1a: Oricorio|60/257\n|\n|-heal|p2a: Garganacl|51/100|[from] item: Leftovers\n|-damage|p1a: Oricorio|28/257|[from] Salt Cure\n|upkeep\n|turn|34\n|inactive|Time left: 300 sec this turn | 300 sec total\n|\n|t:|1783568736\n|move|p2a: Garganacl|Protect|p2a: Garganacl\n|-singleturn|p2a: Garganacl|Protect\n|move|p1a: Oricorio|Revelation Dance|p2a: Garganacl\n|-activate|p2a: Garganacl|move: Protect\n|\n|-heal|p2a: Garganacl|57/100|[from] item: Leftovers\n|-damage|p1a: Oricorio|0 fnt|[from] Salt Cure\n|faint|p1a: Oricorio\n|upkeep\n|inactive|Time left: 300 sec this turn | 300 sec total | 5 sec grace\n|\n|t:|1783568737\n|switch|p1a: Iron Leaves|Iron Leaves, L80, tera:Fighting|160/275\n|-damage|p1a: Iron Leaves|143/275|[from] Stealth Rock\n|turn|35\n|inactive|Time left: 300 sec this turn | 300 sec total\n|\n|t:|1783568738\n|-terastallize|p2a: Garganacl|Dragon\n|move|p1a: Iron Leaves|Swords Dance|p1a: Iron Leaves\n|-boost|p1a: Iron Leaves|atk|2\n|move|p2a: Garganacl|Salt Cure|p1a: Iron Leaves\n|-resisted|p1a: Iron Leaves\n|-damage|p1a: Iron Leaves|123/275\n|-start|p1a: Iron Leaves|Salt Cure\n|\n|-heal|p2a: Garganacl|63/100|[from] item: Leftovers\n|-damage|p1a: Iron Leaves|89/275|[from] Salt Cure\n|upkeep\n|turn|36\n|inactive|Time left: 300 sec this turn | 300 sec total\n|\n|t:|1783568739\n|move|p2a: Garganacl|Protect|p2a: Garganacl\n|-singleturn|p2a: Garganacl|Protect\n|move|p1a: Iron Leaves|Psyblade|p2a: Garganacl\n|-activate|p2a: Garganacl|move: Protect\n|\n|-heal|p2a: Garganacl|70/100|[from] item: Leftovers\n|-damage|p1a: Iron Leaves|55/275|[from] Salt Cure\n|upkeep\n|turn|37\n|inactive|Time left: 300 sec this turn | 300 sec total\n|\n|t:|1783568740\n|move|p1a: Iron Leaves|Close Combat|p2a: Garganacl\n|-damage|p2a: Garganacl|0 fnt\n|-unboost|p1a: Iron Leaves|def|1\n|-unboost|p1a: Iron Leaves|spd|1\n|faint|p2a: Garganacl\n|-damage|p1a: Iron Leaves|28/275|[from] item: Life Orb\n|\n|-damage|p1a: Iron Leaves|0 fnt|[from] Salt Cure\n|faint|p1a: Iron Leaves\n|-end|p1a: Iron Leaves|Quark Drive|[silent]\n|upkeep\n|inactive|Time left: 300 sec this turn | 300 sec total | 5 sec grace\n|\n|t:|1783568741\n|switch|p1a: Clawitzer|Clawitzer, L87, M|265/265\n|switch|p2a: Blissey|Blissey, L85, F|100/100\n|-damage|p1a: Clawitzer|232/265|[from] Stealth Rock\n|-damage|p2a: Blissey|88/100|[from] Stealth Rock\n|turn|38\n|inactive|Time left: 300 sec this turn | 300 sec total\n|\n|t:|1783568742\n|move|p1a: Clawitzer|Aura Sphere|p2a: Blissey\n|-supereffective|p2a: Blissey\n|-damage|p2a: Blissey|51/100\n|move|p2a: Blissey|Seismic Toss|p1a: Clawitzer\n|-damage|p1a: Clawitzer|147/265\n|\n|-heal|p2a: Blissey|57/100|[from] item: Leftovers\n|upkeep\n|turn|39\n|inactive|Time left: 300 sec this turn | 300 sec total\n|\n|t:|1783568743\n|move|p1a: Clawitzer|Aura Sphere|p2a: Blissey\n|-supereffective|p2a: Blissey\n|-damage|p2a: Blissey|18/100\n|move|p2a: Blissey|Soft-Boiled|p2a: Blissey\n|-heal|p2a: Blissey|68/100\n|\n|-heal|p2a: Blissey|74/100|[from] item: Leftovers\n|upkeep\n|turn|40\n|inactive|Time left: 300 sec this turn | 300 sec total\n|\n|t:|1783568744\n|move|p1a: Clawitzer|Aura Sphere|p2a: Blissey\n|-supereffective|p2a: Blissey\n|-damage|p2a: Blissey|38/100\n|move|p2a: Blissey|Seismic Toss|p1a: Clawitzer\n|-damage|p1a: Clawitzer|62/265\n|\n|-heal|p2a: Blissey|44/100|[from] item: Leftovers\n|upkeep\n|turn|41\n|inactive|Time left: 300 sec this turn | 300 sec total\n|\n|t:|1783568745\n|switch|p2a: Arbok|Arbok, L87, F|100/100\n|-damage|p2a: Arbok|88/100|[from] Stealth Rock\n|-ability|p2a: Arbok|Intimidate|boost\n|-unboost|p1a: Clawitzer|atk|1\n|move|p1a: Clawitzer|Aura Sphere|p2a: Arbok\n|-resisted|p2a: Arbok\n|-damage|p2a: Arbok|53/100\n|\n|-heal|p2a: Arbok|59/100|[from] item: Leftovers\n|upkeep\n|turn|42\n|inactive|Time left: 300 sec this turn | 300 sec total\n|\n|t:|1783568745\n|switch|p1a: Ogerpon|Ogerpon-Hearthflame, L74, F|239/239\n|-damage|p1a: Ogerpon|180/239|[from] Stealth Rock\n|-ability|p1a: Ogerpon|Mold Breaker\n|move|p2a: Arbok|Trailblaze|p1a: Ogerpon\n|-resisted|p1a: Ogerpon\n|-damage|p1a: Ogerpon|170/239\n|-boost|p2a: Arbok|spe|1\n|\n|-heal|p2a: Arbok|65/100|[from] item: Leftovers\n|upkeep\n|turn|43\n|inactive|Time left: 300 sec this turn | 300 sec total\n|\n|t:|1783568746\n|move|p2a: Arbok|Gunk Shot|p1a: Ogerpon|[miss]\n|-miss|p2a: Arbok|p1a: Ogerpon\n|move|p1a: Ogerpon|Trailblaze|p2a: Arbok\n|-resisted|p2a: Arbok\n|-damage|p2a: Arbok|51/100\n|-boost|p1a: Ogerpon|spe|1\n|\n|-heal|p2a: Arbok|57/100|[from] item: Leftovers\n|upkeep\n|turn|44\n|inactive|Time left: 300 sec this turn | 300 sec total\n|\n|t:|1783568747\n|move|p1a: Ogerpon|Ivy Cudgel|p2a: Arbok|[anim] Ivy Cudgel Fire\n|-damage|p2a: Arbok|1/100\n|move|p2a: Arbok|Gunk Shot|p1a: Ogerpon\n|-supereffective|p1a: Ogerpon\n|-damage|p1a: Ogerpon|0 fnt\n|faint|p1a: Ogerpon\n|\n|-heal|p2a: Arbok|7/100|[from] item: Leftovers\n|upkeep\n|inactive|Time left: 300 sec this turn | 300 sec total | 5 sec grace\n|\n|t:|1783568748\n|switch|p1a: Clawitzer|Clawitzer, L87, M|62/265\n|-damage|p1a: Clawitzer|29/265|[from] Stealth Rock\n|turn|45\n|inactive|Time left: 300 sec this turn | 300 sec total\n|\n|t:|1783568749\n|move|p2a: Arbok|Earthquake|p1a: Clawitzer\n|-damage|p1a: Clawitzer|0 fnt\n|faint|p1a: Clawitzer\n|\n|win|p0y25646f15", "uploadtime": 1783568749, "views": 0, "rating": 0, "private": 0, "password": null, "_winner": "p0y25646f15", "_our_name": "p0x2564bd3c"}