{"id": "battle-gen9randombattle-462", "formatid": "gen9randombattle", "format": "[Gen 9] Random Battle", "players": ["p0x4623642", "p0y4621745"], "log": "|init|battle\n|title|p0x4623642 vs. p0y4621745\n|j|\u2606p0x4623642\n|j|\u2606p0y4621745\n|t:|1783545133\n|gametype|singles\n|player|p1|p0x4623642|266|\n|player|p2|p0y4621745|170|\n|gen|9\n|tier|[Gen 9] Random Battle\n|rule|Species Clause: Limit one of each Pok\u00e9mon\n|rule|HP Percentage Mod: HP is shown in percentages\n|rule|Sleep Clause Mod: Limit one foe put to sleep\n|rule|Illusion Level Mod: Illusion disguises the Pok\u00e9mon's true level\n|\n|t:|1783545133\n|teamsize|p1|6\n|teamsize|p2|6\n|start\n|switch|p1a: Flutter Mane|Flutter Mane, L74|203/203\n|switch|p2a: Jirachi|Jirachi, L80|100/100\n|turn|1\n|inactive|Battle timer is ON: inactive players will automatically lose when time's up. (requested by p0x4623642)\n|inactive|p0y4621745 also wants the timer to be on.\n|\n|t:|1783545135\n|-end|p1a: Flutter Mane|Protosynthesis|[silent]\n|switch|p1a: Basculegion|Basculegion-F, L83, F|335/335\n|move|p2a: Jirachi|Iron Head|p1a: Basculegion\n|-resisted|p1a: Basculegion\n|-damage|p1a: Basculegion|287/335\n|\n|upkeep\n|turn|2\n|inactive|Time left: 300 sec this turn | 300 sec total\n|\n|t:|1783545136\n|move|p2a: Jirachi|Iron Head|p1a: Basculegion\n|-resisted|p1a: Basculegion\n|-damage|p1a: Basculegion|239/335\n|cant|p1a: Basculegion|flinch\n|\n|upkeep\n|turn|3\n|inactive|Time left: 300 sec this turn | 300 sec total\n|\n|t:|1783545137\n|move|p2a: Jirachi|Iron Head|p1a: Basculegion\n|-resisted|p1a: Basculegion\n|-damage|p1a: Basculegion|192/335\n|cant|p1a: Basculegion|flinch\n|\n|upkeep\n|turn|4\n|inactive|Time left: 300 sec this turn | 300 sec total\n|\n|t:|1783545138\n|move|p2a: Jirachi|Iron Head|p1a: Basculegion\n|-resisted|p1a: Basculegion\n|-damage|p1a: Basculegion|142/335\n|cant|p1a: Basculegion|flinch\n|\n|upkeep\n|turn|5\n|inactive|Time left: 300 sec this turn | 300 sec total\n|\n|t:|1783545140\n|move|p2a: Jirachi|Iron Head|p1a: Basculegion\n|-resisted|p1a: Basculegion\n|-damage|p1a: Basculegion|95/335\n|cant|p1a: Basculegion|flinch\n|\n|upkeep\n|turn|6\n|inactive|Time left: 300 sec this turn | 300 sec total\n|\n|t:|1783545141\n|move|p2a: Jirachi|Iron Head|p1a: Basculegion\n|-resisted|p1a: Basculegion\n|-damage|p1a: Basculegion|49/335\n|cant|p1a: Basculegion|flinch\n|\n|upkeep\n|turn|7\n|inactive|Time left: 300 sec this turn | 300 sec total\n|\n|t:|1783545142\n|move|p2a: Jirachi|Iron Head|p1a: Basculegion\n|-resisted|p1a: Basculegion\n|-damage|p1a: Basculegion|0 fnt\n|faint|p1a: Basculegion\n|\n|upkeep\n|inactive|Time left: 300 sec this turn | 300 sec total | 5 sec grace\n|\n|t:|1783545144\n|switch|p1a: Koraidon|Koraidon, L64|235/235\n|-weather|SunnyDay|[from] ability: Orichalcum Pulse|[of] p1a: Koraidon\n|-activate|p1a: Koraidon|Orichalcum Pulse|[source]\n|turn|8\n|inactive|Time left: 300 sec this turn | 300 sec total\n|\n|t:|1783545145\n|move|p1a: Koraidon|Swords Dance|p1a: Koraidon\n|-boost|p1a: Koraidon|atk|2\n|move|p2a: Jirachi|Iron Head|p1a: Koraidon\n|-damage|p1a: Koraidon|144/235\n|\n|-weather|SunnyDay|[upkeep]\n|upkeep\n|turn|9\n|inactive|Time left: 300 sec this turn | 300 sec total\n|\n|t:|1783545146\n|move|p1a: Koraidon|Flare Blitz|p2a: Jirachi\n|-supereffective|p2a: Jirachi\n|-damage|p2a: Jirachi|0 fnt\n|faint|p2a: Jirachi\n|-damage|p1a: Koraidon|48/235|[from] Recoil\n|\n|-weather|SunnyDay|[upkeep]\n|upkeep\n|\n|t:|1783545147\n|switch|p2a: Furret|Furret, L94, M|100/100\n|-item|p1a: Koraidon|Loaded Dice|[from] ability: Frisk|[of] p2a: Furret\n|turn|10\n|inactive|Time left: 300 sec this turn | 300 sec total\n|\n|t:|1783545148\n|move|p2a: Furret|Brick Break|p1a: Koraidon\n|-damage|p1a: Koraidon|0 fnt\n|faint|p1a: Koraidon\n|-damage|p2a: Furret|91/100|[from] item: Life Orb\n|\n|-weather|SunnyDay|[upkeep]\n|upkeep\n|inactive|Time left: 300 sec this turn | 300 sec total | 5 sec grace\n|\n|t:|1783545149\n|switch|p1a: Lycanroc|Lycanroc-Midnight, L89, F|296/296\n|turn|11\n|inactive|Time left: 300 sec this turn | 300 sec total\n|\n|t:|1783545150\n|move|p2a: Furret|Brick Break|p1a: Lycanroc\n|-supereffective|p1a: Lycanroc\n|-damage|p1a: Lycanroc|143/296\n|-damage|p2a: Furret|81/100|[from] item: Life Orb\n|move|p1a: Lycanroc|Stone Edge|p2a: Furret\n|-damage|p2a: Furret|13/100\n|\n|-weather|SunnyDay|[upkeep]\n|upkeep\n|turn|12\n|inactive|Time left: 300 sec this turn | 300 sec total\n|\n|t:|1783545151\n|switch|p1a: Manaphy|Manaphy, L78|284/284\n|move|p2a: Furret|Knock Off|p1a: Manaphy\n|-damage|p1a: Manaphy|194/284\n|-enditem|p1a: Manaphy|Leftovers|[from] move: Knock Off|[of] p2a: Furret\n|-damage|p2a: Furret|3/100|[from] item: Life Orb\n|\n|-weather|none\n|upkeep\n|turn|13\n|inactive|Time left: 300 sec this turn | 300 sec total\n|\n|t:|1783545152\n|move|p2a: Furret|Double-Edge|p1a: Manaphy\n|-damage|p1a: Manaphy|19/284\n|-damage|p2a: Furret|0 fnt|[from] Recoil\n|faint|p2a: Furret\n|move|p1a: Manaphy|Tail Glow|p1a: Manaphy\n|-boost|p1a: Manaphy|spa|3\n|\n|upkeep\n|\n|t:|1783545153\n|switch|p2a: Sandy Shocks|Sandy Shocks, L80|100/100\n|turn|14\n|inactive|Time left: 300 sec this turn | 300 sec total\n|\n|t:|1783545154\n|move|p2a: Sandy Shocks|Earth Power|p1a: Manaphy\n|-damage|p1a: Manaphy|0 fnt\n|faint|p1a: Manaphy\n|\n|upkeep\n|inactive|Time left: 300 sec this turn | 300 sec total | 5 sec grace\n|\n|t:|1783545154\n|switch|p1a: Flutter Mane|Flutter Mane, L74|203/203\n|turn|15\n|inactive|Time left: 300 sec this turn | 300 sec total\n|\n|t:|1783545155\n|move|p1a: Flutter Mane|Calm Mind|p1a: Flutter Mane\n|-boost|p1a: Flutter Mane|spa|1\n|-boost|p1a: Flutter Mane|spd|1\n|move|p2a: Sandy Shocks|Volt Switch|p1a: Flutter Mane\n|-damage|p1a: Flutter Mane|160/203\n|\n|t:|1783545156\n|-end|p2a: Sandy Shocks|Protosynthesis|[silent]\n|switch|p2a: Revavroom|Revavroom, L79, F|100/100|[from] Volt Switch\n|\n|upkeep\n|turn|16\n|inactive|Time left: 300 sec this turn | 300 sec total\n|\n|t:|1783545157\n|-terastallize|p1a: Flutter Mane|Ghost\n|move|p1a: Flutter Mane|Shadow Ball|p2a: Revavroom\n|-damage|p2a: Revavroom|0 fnt\n|faint|p2a: Revavroom\n|-damage|p1a: Flutter Mane|140/203|[from] item: Life Orb\n|\n|upkeep\n|\n|t:|1783545158\n|switch|p2a: Regigigas|Regigigas, L84|100/100\n|-start|p2a: Regigigas|ability: Slow Start\n|turn|17\n|inactive|Time left: 300 sec this turn | 300 sec total\n|\n|t:|1783545159\n|move|p1a: Flutter Mane|Moonblast|p2a: Regigigas\n|-damage|p2a: Regigigas|47/100\n|-unboost|p2a: Regigigas|spa|1\n|-damage|p1a: Flutter Mane|120/203|[from] item: Life Orb\n|move|p2a: Regigigas|Knock Off|p1a: Flutter Mane\n|-supereffective|p1a: Flutter Mane\n|-crit|p1a: Flutter Mane\n|-damage|p1a: Flutter Mane|0 fnt\n|-enditem|p1a: Flutter Mane|Life Orb|[from] move: Knock Off|[of] p2a: Regigigas\n|faint|p1a: Flutter Mane\n|-end|p1a: Flutter Mane|Protosynthesis|[silent]\n|\n|-heal|p2a: Regigigas|53/100|[from] item: Leftovers\n|upkeep\n|inactive|Time left: 300 sec this turn | 300 sec total | 5 sec grace\n|\n|t:|1783545160\n|switch|p1a: Lycanroc|Lycanroc-Midnight, L89, F|143/296\n|turn|18\n|inactive|Time left: 300 sec this turn | 300 sec total\n|\n|t:|1783545161\n|switch|p2a: Sandy Shocks|Sandy Shocks, L80|100/100\n|move|p1a: Lycanroc|Stone Edge|p2a: Sandy Shocks\n|-resisted|p2a: Sandy Shocks\n|-damage|p2a: Sandy Shocks|66/100\n|\n|upkeep\n|turn|19\n|inactive|Time left: 300 sec this turn | 300 sec total\n|\n|t:|1783545162\n|switch|p1a: Goodra|Goodra-Hisui, L82, M|265/265\n|move|p2a: Sandy Shocks|Earth Power|p1a: Goodra\n|-supereffective|p1a: Goodra\n|-damage|p1a: Goodra|175/265\n|\n|upkeep\n|turn|20\n|inactive|Time left: 300 sec this turn | 300 sec total\n|\n|t:|1783545163\n|move|p2a: Sandy Shocks|Earth Power|p1a: Goodra\n|-supereffective|p1a: Goodra\n|-damage|p1a: Goodra|73/265\n|move|p1a: Goodra|Hydro Pump|p2a: Sandy Shocks\n|-supereffective|p2a: Sandy Shocks\n|-damage|p2a: Sandy Shocks|0 fnt\n|faint|p2a: Sandy Shocks\n|-end|p2a: Sandy Shocks|Protosynthesis|[silent]\n|\n|upkeep\n|\n|t:|1783545164\n|switch|p2a: Regigigas|Regigigas, L84|53/100\n|-start|p2a: Regigigas|ability: Slow Start\n|turn|21\n|inactive|Time left: 300 sec this turn | 300 sec total\n|\n|t:|1783545165\n|move|p1a: Goodra|Draco Meteor|p2a: Regigigas\n|-damage|p2a: Regigigas|17/100\n|-unboost|p1a: Goodra|spa|2\n|move|p2a: Regigigas|Knock Off|p1a: Goodra\n|-damage|p1a: Goodra|26/265\n|-enditem|p1a: Goodra|Assault Vest|[from] move: Knock Off|[of] p2a: Regigigas\n|\n|-heal|p2a: Regigigas|23/100|[from] item: Leftovers\n|upkeep\n|turn|22\n|inactive|Time left: 300 sec this turn | 300 sec total\n|\n|t:|1783545166\n|switch|p1a: Lycanroc|Lycanroc-Midnight, L89, F|143/296\n|move|p2a: Regigigas|Protect||[still]\n|-fail|p2a: Regigigas\n|\n|-heal|p2a: Regigigas|29/100|[from] item: Leftovers\n|upkeep\n|turn|23\n|inactive|Time left: 300 sec this turn | 300 sec total\n|\n|t:|1783545167\n|move|p2a: Regigigas|Protect|p2a: Regigigas\n|-singleturn|p2a: Regigigas|Protect\n|move|p1a: Lycanroc|Stone Edge|p2a: Regigigas\n|-activate|p2a: Regigigas|move: Protect\n|\n|-heal|p2a: Regigigas|35/100|[from] item: Leftovers\n|upkeep\n|turn|24\n|inactive|Time left: 300 sec this turn | 300 sec total\n|\n|t:|1783545168\n|move|p2a: Regigigas|Protect||[still]\n|-fail|p2a: Regigigas\n|move|p1a: Lycanroc|Stone Edge|p2a: Regigigas\n|-damage|p2a: Regigigas|0 fnt\n|faint|p2a: Regigigas\n|-end|p2a: Regigigas|Slow Start|[silent]\n|\n|upkeep\n|\n|t:|1783545168\n|switch|p2a: Mesprit|Mesprit, L85|100/100\n|turn|25\n|inactive|Time left: 300 sec this turn | 300 sec total\n|\n|t:|1783545169\n|-terastallize|p2a: Mesprit|Electric\n|move|p1a: Lycanroc|Stone Edge|p2a: Mesprit\n|-crit|p2a: Mesprit\n|-damage|p2a: Mesprit|1/100\n|move|p2a: Mesprit|Thunder Wave|p1a: Lycanroc\n|-status|p1a: Lycanroc|par\n|\n|-heal|p2a: Mesprit|7/100|[from] item: Leftovers\n|upkeep\n|turn|26\n|inactive|Time left: 300 sec this turn | 300 sec total\n|\n|t:|1783545170\n|move|p2a: Mesprit|Psychic Noise|p1a: Lycanroc\n|-damage|p1a: Lycanroc|52/296 par\n|-start|p1a: Lycanroc|move: Heal Block\n|move|p1a: Lycanroc|Stone Edge|p2a: Mesprit\n|-damage|p2a: Mesprit|0 fnt\n|faint|p2a: Mesprit\n|\n|win|p0x4623642", "uploadtime": 1783545170, "views": 0, "rating": 0, "private": 0, "password": null, "_winner": "p0x4623642", "_our_name": "p0x4623642"}