{"id": "battle-gen9randombattle-54", "formatid": "gen9randombattle", "format": "[Gen 9] Random Battle", "players": ["p0x0545d29", "p0y05480f6"], "log": "|init|battle\n|title|p0x0545d29 vs. p0y05480f6\n|j|\u2606p0x0545d29\n|j|\u2606p0y05480f6\n|t:|1783533848\n|gametype|singles\n|player|p1|p0x0545d29|266|\n|player|p2|p0y05480f6|101|\n|gen|9\n|tier|[Gen 9] Random Battle\n|rule|Species Clause: Limit one of each Pok\u00e9mon\n|rule|HP Percentage Mod: HP is shown in percentages\n|rule|Sleep Clause Mod: Limit one foe put to sleep\n|rule|Illusion Level Mod: Illusion disguises the Pok\u00e9mon's true level\n|\n|t:|1783533848\n|teamsize|p1|6\n|teamsize|p2|6\n|start\n|switch|p1a: Dragalge|Dragalge, L88, F|258/258\n|switch|p2a: Bastiodon|Bastiodon, L89, M|100/100\n|turn|1\n|inactive|Battle timer is ON: inactive players will automatically lose when time's up. (requested by p0x0545d29)\n|inactive|p0y05480f6 also wants the timer to be on.\n|\n|t:|1783533850\n|move|p1a: Dragalge|Focus Blast|p2a: Bastiodon\n|-supereffective|p2a: Bastiodon\n|-damage|p2a: Bastiodon|10/100\n|move|p2a: Bastiodon|Iron Defense|p2a: Bastiodon\n|-boost|p2a: Bastiodon|def|2\n|\n|upkeep\n|turn|2\n|inactive|Time left: 300 sec this turn | 300 sec total\n|\n|t:|1783533851\n|move|p1a: Dragalge|Focus Blast|p2a: Bastiodon\n|-supereffective|p2a: Bastiodon\n|-damage|p2a: Bastiodon|0 fnt\n|faint|p2a: Bastiodon\n|\n|upkeep\n|\n|t:|1783533852\n|switch|p2a: Kricketune|Kricketune, L99, M|100/100\n|turn|3\n|inactive|Time left: 300 sec this turn | 300 sec total\n|\n|t:|1783533853\n|move|p2a: Kricketune|Sticky Web|p1a: Dragalge\n|-sidestart|p1: p0x0545d29|move: Sticky Web\n|move|p1a: Dragalge|Sludge Wave|p2a: Kricketune\n|-damage|p2a: Kricketune|45/100\n|\n|upkeep\n|turn|4\n|inactive|Time left: 300 sec this turn | 300 sec total\n|\n|t:|1783533854\n|move|p2a: Kricketune|Knock Off|p1a: Dragalge\n|-damage|p1a: Dragalge|178/258\n|-enditem|p1a: Dragalge|Leftovers|[from] move: Knock Off|[of] p2a: Kricketune\n|move|p1a: Dragalge|Sludge Wave|p2a: Kricketune\n|-damage|p2a: Kricketune|0 fnt\n|faint|p2a: Kricketune\n|\n|upkeep\n|\n|t:|1783533856\n|switch|p2a: Wyrdeer|Wyrdeer, L87, M|100/100\n|-ability|p2a: Wyrdeer|Intimidate|boost\n|-unboost|p1a: Dragalge|atk|1\n|turn|5\n|inactive|Time left: 300 sec this turn | 300 sec total\n|\n|t:|1783533857\n|switch|p1a: Hitmonchan|Hitmonchan, L87, M|229/229\n|-activate|p1a: Hitmonchan|move: Sticky Web\n|-unboost|p1a: Hitmonchan|spe|1\n|move|p2a: Wyrdeer|Body Slam|p1a: Hitmonchan\n|-damage|p1a: Hitmonchan|126/229\n|\n|-heal|p1a: Hitmonchan|140/229|[from] item: Leftovers\n|upkeep\n|turn|6\n|inactive|Time left: 300 sec this turn | 300 sec total\n|\n|t:|1783533858\n|move|p2a: Wyrdeer|Psychic Noise|p1a: Hitmonchan\n|-supereffective|p1a: Hitmonchan\n|-crit|p1a: Hitmonchan\n|-damage|p1a: Hitmonchan|0 fnt\n|faint|p1a: Hitmonchan\n|\n|upkeep\n|inactive|Time left: 300 sec this turn | 300 sec total | 5 sec grace\n|\n|t:|1783533859\n|switch|p1a: Clawitzer|Clawitzer, L87, F|265/265\n|-activate|p1a: Clawitzer|move: Sticky Web\n|-unboost|p1a: Clawitzer|spe|1\n|turn|7\n|inactive|Time left: 300 sec this turn | 300 sec total\n|\n|t:|1783533861\n|move|p2a: Wyrdeer|Body Slam|p1a: Clawitzer\n|-damage|p1a: Clawitzer|174/265\n|move|p1a: Clawitzer|Water Pulse|p2a: Wyrdeer\n|-damage|p2a: Wyrdeer|72/100\n|\n|upkeep\n|turn|8\n|inactive|Time left: 300 sec this turn | 300 sec total\n|\n|t:|1783533862\n|move|p2a: Wyrdeer|Body Slam|p1a: Clawitzer\n|-damage|p1a: Clawitzer|69/265\n|move|p1a: Clawitzer|Water Pulse|p2a: Wyrdeer\n|-damage|p2a: Wyrdeer|44/100\n|\n|upkeep\n|turn|9\n|inactive|Time left: 300 sec this turn | 300 sec total\n|\n|t:|1783533863\n|switch|p1a: Alomomola|Alomomola, L87, F|429/429\n|-activate|p1a: Alomomola|move: Sticky Web\n|-unboost|p1a: Alomomola|spe|1\n|move|p2a: Wyrdeer|Body Slam|p1a: Alomomola\n|-damage|p1a: Alomomola|320/429\n|-status|p1a: Alomomola|par\n|-damage|p2a: Wyrdeer|28/100|[from] item: Rocky Helmet|[of] p1a: Alomomola\n|\n|upkeep\n|turn|10\n|inactive|Time left: 300 sec this turn | 300 sec total\n|\n|t:|1783533864\n|move|p2a: Wyrdeer|Psychic Noise|p1a: Alomomola\n|-damage|p1a: Alomomola|179/429 par\n|-start|p1a: Alomomola|move: Heal Block\n|move|p1a: Alomomola|Flip Turn|p2a: Wyrdeer\n|-damage|p2a: Wyrdeer|9/100\n|inactive|Time left: 300 sec this turn | 300 sec total | 5 sec grace\n|\n|t:|1783533865\n|switch|p1a: Flutter Mane|Flutter Mane, L74|203/203|[from] Flip Turn\n|-activate|p1a: Flutter Mane|move: Sticky Web\n|-unboost|p1a: Flutter Mane|spe|1\n|\n|upkeep\n|turn|11\n|inactive|Time left: 300 sec this turn | 300 sec total\n|\n|t:|1783533866\n|move|p2a: Wyrdeer|Earthquake|p1a: Flutter Mane\n|-damage|p1a: Flutter Mane|85/203\n|move|p1a: Flutter Mane|Mystical Fire|p2a: Wyrdeer\n|-damage|p2a: Wyrdeer|0 fnt\n|faint|p2a: Wyrdeer\n|\n|upkeep\n|\n|t:|1783533867\n|switch|p2a: Gengar|Gengar, L81, F|100/100\n|turn|12\n|inactive|Time left: 300 sec this turn | 300 sec total\n|\n|t:|1783533868\n|move|p2a: Gengar|Shadow Ball|p1a: Flutter Mane\n|-supereffective|p1a: Flutter Mane\n|-damage|p1a: Flutter Mane|0 fnt\n|faint|p1a: Flutter Mane\n|-end|p1a: Flutter Mane|Protosynthesis|[silent]\n|-damage|p2a: Gengar|90/100|[from] item: Life Orb\n|\n|upkeep\n|inactive|Time left: 300 sec this turn | 300 sec total | 5 sec grace\n|\n|t:|1783533869\n|switch|p1a: Swalot|Swalot, L90, M|326/326\n|-activate|p1a: Swalot|move: Sticky Web\n|-unboost|p1a: Swalot|spe|1\n|turn|13\n|inactive|Time left: 300 sec this turn | 300 sec total\n|\n|t:|1783533870\n|switch|p2a: Chimecho|Chimecho, L93, F|100/100\n|move|p1a: Swalot|Knock Off|p2a: Chimecho\n|-supereffective|p2a: Chimecho\n|-damage|p2a: Chimecho|57/100\n|-enditem|p2a: Chimecho|Leftovers|[from] move: Knock Off|[of] p1a: Swalot\n|\n|upkeep\n|turn|14\n|inactive|Time left: 300 sec this turn | 300 sec total\n|\n|t:|1783533872\n|move|p2a: Chimecho|Recover|p2a: Chimecho\n|-heal|p2a: Chimecho|100/100\n|move|p1a: Swalot|Sludge Bomb|p2a: Chimecho\n|-damage|p2a: Chimecho|75/100\n|-status|p2a: Chimecho|psn\n|\n|-damage|p2a: Chimecho|63/100 psn|[from] psn\n|upkeep\n|turn|15\n|inactive|Time left: 300 sec this turn | 300 sec total\n|\n|t:|1783533872\n|move|p2a: Chimecho|Recover|p2a: Chimecho\n|-heal|p2a: Chimecho|100/100 psn\n|move|p1a: Swalot|Knock Off|p2a: Chimecho\n|-supereffective|p2a: Chimecho\n|-damage|p2a: Chimecho|73/100 psn\n|\n|-damage|p2a: Chimecho|60/100 psn|[from] psn\n|upkeep\n|turn|16\n|inactive|Time left: 300 sec this turn | 300 sec total\n|\n|t:|1783533873\n|move|p2a: Chimecho|Recover|p2a: Chimecho\n|-heal|p2a: Chimecho|100/100 psn\n|move|p1a: Swalot|Knock Off|p2a: Chimecho\n|-supereffective|p2a: Chimecho\n|-damage|p2a: Chimecho|73/100 psn\n|\n|-damage|p2a: Chimecho|60/100 psn|[from] psn\n|upkeep\n|turn|17\n|inactive|Time left: 300 sec this turn | 300 sec total\n|\n|t:|1783533874\n|move|p2a: Chimecho|Psychic Noise|p1a: Swalot\n|-supereffective|p1a: Swalot\n|-damage|p1a: Swalot|122/326\n|-start|p1a: Swalot|move: Heal Block\n|move|p1a: Swalot|Sludge Bomb|p2a: Chimecho\n|-damage|p2a: Chimecho|33/100 psn\n|\n|-damage|p2a: Chimecho|21/100 psn|[from] psn\n|upkeep\n|turn|18\n|inactive|Time left: 300 sec this turn | 300 sec total\n|\n|t:|1783533875\n|switch|p1a: Clawitzer|Clawitzer, L87, F|69/265\n|-activate|p1a: Clawitzer|move: Sticky Web\n|-unboost|p1a: Clawitzer|spe|1\n|move|p2a: Chimecho|Recover|p2a: Chimecho\n|-heal|p2a: Chimecho|71/100 psn\n|\n|-damage|p2a: Chimecho|58/100 psn|[from] psn\n|upkeep\n|turn|19\n|inactive|Time left: 300 sec this turn | 300 sec total\n|\n|t:|1783533876\n|move|p2a: Chimecho|Psychic Noise|p1a: Clawitzer\n|-crit|p1a: Clawitzer\n|-damage|p1a: Clawitzer|0 fnt\n|faint|p1a: Clawitzer\n|\n|-damage|p2a: Chimecho|46/100 psn|[from] psn\n|upkeep\n|inactive|Time left: 300 sec this turn | 300 sec total | 5 sec grace\n|\n|t:|1783533877\n|switch|p1a: Dragalge|Dragalge, L88, F|178/258\n|-activate|p1a: Dragalge|move: Sticky Web\n|-unboost|p1a: Dragalge|spe|1\n|turn|20\n|inactive|Time left: 300 sec this turn | 300 sec total\n|\n|t:|1783533878\n|move|p2a: Chimecho|Recover|p2a: Chimecho\n|-heal|p2a: Chimecho|96/100 psn\n|move|p1a: Dragalge|Sludge Wave|p2a: Chimecho\n|-damage|p2a: Chimecho|48/100 psn\n|\n|-damage|p2a: Chimecho|36/100 psn|[from] psn\n|upkeep\n|turn|21\n|inactive|Time left: 300 sec this turn | 300 sec total\n|\n|t:|1783533879\n|move|p2a: Chimecho|Recover|p2a: Chimecho\n|-heal|p2a: Chimecho|86/100 psn\n|move|p1a: Dragalge|Sludge Wave|p2a: Chimecho\n|-damage|p2a: Chimecho|42/100 psn\n|\n|-damage|p2a: Chimecho|29/100 psn|[from] psn\n|upkeep\n|turn|22\n|inactive|Time left: 300 sec this turn | 300 sec total\n|\n|t:|1783533880\n|move|p2a: Chimecho|Recover|p2a: Chimecho\n|-heal|p2a: Chimecho|79/100 psn\n|move|p1a: Dragalge|Sludge Wave|p2a: Chimecho\n|-damage|p2a: Chimecho|30/100 psn\n|\n|-damage|p2a: Chimecho|18/100 psn|[from] psn\n|upkeep\n|turn|23\n|inactive|Time left: 300 sec this turn | 300 sec total\n|\n|t:|1783533881\n|move|p2a: Chimecho|Psychic Noise|p1a: Dragalge\n|-supereffective|p1a: Dragalge\n|-damage|p1a: Dragalge|40/258\n|-start|p1a: Dragalge|move: Heal Block\n|move|p1a: Dragalge|Sludge Wave|p2a: Chimecho\n|-damage|p2a: Chimecho|0 fnt\n|faint|p2a: Chimecho\n|\n|upkeep\n|\n|t:|1783533882\n|switch|p2a: Plusle|Plusle, L95, M|100/100\n|turn|24\n|inactive|Time left: 300 sec this turn | 300 sec total\n|\n|t:|1783533883\n|move|p2a: Plusle|Thunderbolt|p1a: Dragalge\n|-resisted|p1a: Dragalge\n|-damage|p1a: Dragalge|0 fnt\n|faint|p1a: Dragalge\n|-damage|p2a: Plusle|91/100|[from] item: Life Orb\n|\n|upkeep\n|inactive|Time left: 300 sec this turn | 300 sec total | 5 sec grace\n|\n|t:|1783533884\n|switch|p1a: Alomomola|Alomomola, L87, F|322/429 par\n|-activate|p1a: Alomomola|move: Sticky Web\n|-unboost|p1a: Alomomola|spe|1\n|turn|25\n|inactive|Time left: 300 sec this turn | 300 sec total\n|\n|t:|1783533885\n|-terastallize|p1a: Alomomola|Poison\n|move|p2a: Plusle|Nasty Plot|p2a: Plusle\n|-boost|p2a: Plusle|spa|2\n|cant|p1a: Alomomola|par\n|\n|upkeep\n|turn|26\n|inactive|Time left: 300 sec this turn | 300 sec total\n|\n|t:|1783533886\n|-terastallize|p2a: Plusle|Grass\n|cant|p1a: Alomomola|par\n|move|p2a: Plusle|Thunderbolt|p1a: Alomomola\n|-damage|p1a: Alomomola|0 fnt\n|faint|p1a: Alomomola\n|-damage|p2a: Plusle|81/100|[from] item: Life Orb\n|\n|upkeep\n|inactive|Time left: 300 sec this turn | 300 sec total | 5 sec grace\n|\n|t:|1783533886\n|switch|p1a: Swalot|Swalot, L90, M|122/326\n|-activate|p1a: Swalot|move: Sticky Web\n|-unboost|p1a: Swalot|spe|1\n|turn|27\n|inactive|Time left: 300 sec this turn | 300 sec total\n|\n|t:|1783533887\n|move|p2a: Plusle|Thunderbolt|p1a: Swalot\n|-damage|p1a: Swalot|0 fnt\n|faint|p1a: Swalot\n|-damage|p2a: Plusle|71/100|[from] item: Life Orb\n|\n|win|p0y05480f6", "uploadtime": 1783533887, "views": 0, "rating": 0, "private": 0, "password": null, "_winner": "p0y05480f6", "_our_name": "p0x0545d29"}