{"id": "battle-gen9randombattle-1725", "formatid": "gen9randombattle", "format": "[Gen 9] Random Battle", "players": ["p0x1725af9e", "p0y172530c4"], "log": "|init|battle\n|title|p0x1725af9e vs. p0y172530c4\n|j|\u2606p0x1725af9e\n|j|\u2606p0y172530c4\n|t:|1783559189\n|gametype|singles\n|player|p1|p0x1725af9e|266|\n|player|p2|p0y172530c4|102|\n|gen|9\n|tier|[Gen 9] Random Battle\n|rule|Species Clause: Limit one of each Pok\u00e9mon\n|rule|HP Percentage Mod: HP is shown in percentages\n|rule|Sleep Clause Mod: Limit one foe put to sleep\n|rule|Illusion Level Mod: Illusion disguises the Pok\u00e9mon's true level\n|\n|t:|1783559189\n|teamsize|p1|6\n|teamsize|p2|6\n|start\n|switch|p1a: Whiscash|Whiscash, L88, F|337/337\n|switch|p2a: Zapdos|Zapdos, L78|100/100\n|turn|1\n|inactive|Battle timer is ON: inactive players will automatically lose when time's up. (requested by p0y172530c4)\n|inactive|Time left: 300 sec this turn | 300 sec total | 60 sec grace\n|\n|t:|1783559190\n|move|p2a: Zapdos|Hurricane|p1a: Whiscash\n|-damage|p1a: Whiscash|202/337\n|-start|p1a: Whiscash|confusion\n|-activate|p1a: Whiscash|confusion\n|move|p1a: Whiscash|Dragon Dance|p1a: Whiscash\n|-boost|p1a: Whiscash|atk|1\n|-boost|p1a: Whiscash|spe|1\n|\n|upkeep\n|turn|2\n|inactive|Time left: 300 sec this turn | 300 sec total\n|inactive|p0x1725af9e also wants the timer to be on.\n|\n|t:|1783559191\n|-activate|p1a: Whiscash|confusion\n|-damage|p1a: Whiscash|159/337|[from] confusion\n|move|p2a: Zapdos|Hurricane|p1a: Whiscash\n|-damage|p1a: Whiscash|18/337\n|\n|upkeep\n|turn|3\n|inactive|Time left: 300 sec this turn | 300 sec total\n|\n|t:|1783559192\n|switch|p2a: Forretress|Forretress, L84, F|100/100\n|-end|p1a: Whiscash|confusion\n|move|p1a: Whiscash|Stone Edge|p2a: Forretress\n|-damage|p2a: Forretress|69/100\n|-damage|p1a: Whiscash|0 fnt|[from] item: Life Orb\n|faint|p1a: Whiscash\n|\n|-heal|p2a: Forretress|75/100|[from] item: Leftovers\n|upkeep\n|inactive|Time left: 300 sec this turn | 300 sec total | 5 sec grace\n|\n|t:|1783559193\n|switch|p1a: Lugia|Lugia, L73|275/275\n|turn|4\n|inactive|Time left: 300 sec this turn | 300 sec total\n|\n|t:|1783559194\n|move|p1a: Lugia|Calm Mind|p1a: Lugia\n|-boost|p1a: Lugia|spa|1\n|-boost|p1a: Lugia|spd|1\n|move|p2a: Forretress|Stealth Rock|p1a: Lugia\n|-sidestart|p1: p0x1725af9e|move: Stealth Rock\n|\n|-heal|p2a: Forretress|81/100|[from] item: Leftovers\n|upkeep\n|turn|5\n|inactive|Time left: 300 sec this turn | 300 sec total\n|\n|t:|1783559195\n|switch|p2a: Morpeko|Morpeko, L88, M|100/100\n|move|p1a: Lugia|Aeroblast|p2a: Morpeko\n|-resisted|p2a: Morpeko\n|-damage|p2a: Morpeko|72/100\n|\n|-formechange|p2a: Morpeko|Morpeko-Hangry||[from] ability: Hunger Switch\n|upkeep\n|turn|6\n|inactive|Time left: 300 sec this turn | 300 sec total\n|\n|t:|1783559196\n|move|p2a: Morpeko|Aura Wheel|p1a: Lugia\n|-supereffective|p1a: Lugia\n|-damage|p1a: Lugia|175/275\n|-boost|p2a: Morpeko|spe|1\n|move|p1a: Lugia|Earth Power|p2a: Morpeko\n|-supereffective|p2a: Morpeko\n|-damage|p2a: Morpeko|0 fnt\n|faint|p2a: Morpeko\n|\n|upkeep\n|\n|t:|1783559197\n|switch|p2a: Oricorio|Oricorio-Sensu, L85, F|100/100\n|turn|7\n|inactive|Time left: 300 sec this turn | 300 sec total\n|\n|t:|1783559198\n|move|p2a: Oricorio|Quiver Dance|p2a: Oricorio\n|-boost|p2a: Oricorio|spa|1\n|-boost|p2a: Oricorio|spd|1\n|-boost|p2a: Oricorio|spe|1\n|move|p1a: Lugia|Aeroblast|p2a: Oricorio\n|-damage|p2a: Oricorio|65/100\n|\n|upkeep\n|turn|8\n|inactive|Time left: 300 sec this turn | 300 sec total\n|\n|t:|1783559199\n|move|p2a: Oricorio|Quiver Dance|p2a: Oricorio\n|-boost|p2a: Oricorio|spa|1\n|-boost|p2a: Oricorio|spd|1\n|-boost|p2a: Oricorio|spe|1\n|move|p1a: Lugia|Recover|p1a: Lugia\n|-heal|p1a: Lugia|275/275\n|\n|upkeep\n|turn|9\n|inactive|Time left: 300 sec this turn | 300 sec total\n|\n|t:|1783559200\n|move|p2a: Oricorio|Quiver Dance|p2a: Oricorio\n|-boost|p2a: Oricorio|spa|1\n|-boost|p2a: Oricorio|spd|1\n|-boost|p2a: Oricorio|spe|1\n|move|p1a: Lugia|Calm Mind|p1a: Lugia\n|-boost|p1a: Lugia|spa|1\n|-boost|p1a: Lugia|spd|1\n|\n|upkeep\n|turn|10\n|inactive|Time left: 300 sec this turn | 300 sec total\n|\n|t:|1783559201\n|move|p2a: Oricorio|Revelation Dance|p1a: Lugia\n|-supereffective|p1a: Lugia\n|-damage|p1a: Lugia|182/275\n|move|p1a: Lugia|Aeroblast|p2a: Oricorio\n|-damage|p2a: Oricorio|38/100\n|\n|upkeep\n|turn|11\n|inactive|Time left: 300 sec this turn | 300 sec total\n|\n|t:|1783559203\n|-terastallize|p1a: Lugia|Steel\n|move|p2a: Oricorio|Revelation Dance|p1a: Lugia\n|-damage|p1a: Lugia|94/275\n|move|p1a: Lugia|Recover|p1a: Lugia\n|-heal|p1a: Lugia|232/275\n|\n|upkeep\n|turn|12\n|inactive|Time left: 300 sec this turn | 300 sec total\n|\n|t:|1783559204\n|move|p2a: Oricorio|Revelation Dance|p1a: Lugia\n|-damage|p1a: Lugia|148/275\n|move|p1a: Lugia|Aeroblast|p2a: Oricorio\n|-crit|p2a: Oricorio\n|-damage|p2a: Oricorio|0 fnt\n|faint|p2a: Oricorio\n|\n|upkeep\n|\n|t:|1783559205\n|switch|p2a: Heracross|Heracross, L80, M|100/100\n|turn|13\n|inactive|Time left: 300 sec this turn | 300 sec total\n|\n|t:|1783559206\n|-terastallize|p2a: Heracross|Rock\n|move|p1a: Lugia|Aeroblast|p2a: Heracross\n|-resisted|p2a: Heracross\n|-damage|p2a: Heracross|73/100\n|move|p2a: Heracross|Close Combat|p1a: Lugia\n|-supereffective|p1a: Lugia\n|-damage|p1a: Lugia|0 fnt\n|-unboost|p2a: Heracross|def|1\n|-unboost|p2a: Heracross|spd|1\n|faint|p1a: Lugia\n|-ability|p2a: Heracross|Moxie|boost\n|-boost|p2a: Heracross|atk|1\n|\n|upkeep\n|inactive|Time left: 300 sec this turn | 300 sec total | 5 sec grace\n|\n|t:|1783559207\n|switch|p1a: Rabsca|Rabsca, L91, F|284/284\n|turn|14\n|inactive|Time left: 300 sec this turn | 300 sec total\n|\n|t:|1783559208\n|switch|p2a: Zapdos|Zapdos, L78|100/100\n|move|p1a: Rabsca|Psychic|p2a: Zapdos\n|-damage|p2a: Zapdos|53/100\n|\n|upkeep\n|turn|15\n|inactive|Time left: 300 sec this turn | 300 sec total\n|\n|t:|1783559209\n|move|p2a: Zapdos|Hurricane|p1a: Rabsca\n|-supereffective|p1a: Rabsca\n|-damage|p1a: Rabsca|90/284\n|move|p1a: Rabsca|Psychic|p2a: Zapdos\n|-damage|p2a: Zapdos|0 fnt\n|faint|p2a: Zapdos\n|\n|upkeep\n|\n|t:|1783559210\n|switch|p2a: Heracross|Heracross, L80, M, tera:Rock|73/100\n|turn|16\n|inactive|Time left: 300 sec this turn | 300 sec total\n|\n|t:|1783559211\n|switch|p1a: Orthworm|Orthworm, L88, F|266/266\n|-damage|p1a: Orthworm|250/266|[from] Stealth Rock\n|move|p2a: Heracross|Stone Edge|p1a: Orthworm|[miss]\n|-miss|p2a: Heracross|p1a: Orthworm\n|\n|upkeep\n|turn|17\n|inactive|Time left: 300 sec this turn | 300 sec total\n|\n|t:|1783559212\n|switch|p2a: Qwilfish|Qwilfish, L86, M|100/100\n|-ability|p2a: Qwilfish|Intimidate|boost\n|-unboost|p1a: Orthworm|atk|1\n|move|p1a: Orthworm|Coil|p1a: Orthworm\n|-boost|p1a: Orthworm|atk|1\n|-boost|p1a: Orthworm|def|1\n|-boost|p1a: Orthworm|accuracy|1\n|\n|upkeep\n|turn|18\n|inactive|Time left: 300 sec this turn | 300 sec total\n|\n|t:|1783559213\n|move|p2a: Qwilfish|Taunt|p1a: Orthworm\n|-start|p1a: Orthworm|move: Taunt\n|cant|p1a: Orthworm|move: Taunt|Coil\n|\n|upkeep\n|turn|19\n|inactive|Time left: 300 sec this turn | 300 sec total\n|\n|t:|1783559214\n|move|p2a: Qwilfish|Waterfall|p1a: Orthworm\n|-damage|p1a: Orthworm|210/266\n|move|p1a: Orthworm|Body Press|p2a: Qwilfish\n|-resisted|p2a: Qwilfish\n|-damage|p2a: Qwilfish|75/100\n|\n|-heal|p2a: Qwilfish|81/100|[from] item: Leftovers\n|upkeep\n|turn|20\n|inactive|Time left: 300 sec this turn | 300 sec total\n|\n|t:|1783559216\n|move|p2a: Qwilfish|Waterfall|p1a: Orthworm\n|-damage|p1a: Orthworm|171/266\n|move|p1a: Orthworm|Body Press|p2a: Qwilfish\n|-resisted|p2a: Qwilfish\n|-damage|p2a: Qwilfish|58/100\n|\n|-heal|p2a: Qwilfish|64/100|[from] item: Leftovers\n|-end|p1a: Orthworm|move: Taunt\n|upkeep\n|turn|21\n|inactive|Time left: 300 sec this turn | 300 sec total\n|\n|t:|1783559217\n|move|p2a: Qwilfish|Taunt|p1a: Orthworm\n|-start|p1a: Orthworm|move: Taunt\n|move|p1a: Orthworm|Body Press|p2a: Qwilfish\n|-resisted|p2a: Qwilfish\n|-damage|p2a: Qwilfish|37/100\n|\n|-heal|p2a: Qwilfish|43/100|[from] item: Leftovers\n|upkeep\n|turn|22\n|inactive|Time left: 300 sec this turn | 300 sec total\n|\n|t:|1783559218\n|move|p2a: Qwilfish|Waterfall|p1a: Orthworm\n|-damage|p1a: Orthworm|131/266\n|move|p1a: Orthworm|Body Press|p2a: Qwilfish\n|-resisted|p2a: Qwilfish\n|-damage|p2a: Qwilfish|16/100\n|\n|-heal|p2a: Qwilfish|22/100|[from] item: Leftovers\n|upkeep\n|turn|23\n|inactive|Time left: 300 sec this turn | 300 sec total\n|\n|t:|1783559219\n|move|p2a: Qwilfish|Destiny Bond|p2a: Qwilfish\n|-singlemove|p2a: Qwilfish|Destiny Bond\n|move|p1a: Orthworm|Body Press|p2a: Qwilfish\n|-resisted|p2a: Qwilfish\n|-damage|p2a: Qwilfish|0 fnt\n|faint|p2a: Qwilfish\n|-activate|p2a: Qwilfish|move: Destiny Bond\n|faint|p1a: Orthworm\n|\n|upkeep\n|inactive|Time left: 300 sec this turn | 300 sec total | 5 sec grace\n|\n|t:|1783559220\n|switch|p2a: Forretress|Forretress, L84, F|81/100\n|switch|p1a: Urshifu|Urshifu-Rapid-Strike, L75, F|274/274\n|-damage|p1a: Urshifu|257/274|[from] Stealth Rock\n|turn|24\n|inactive|Time left: 300 sec this turn | 300 sec total\n|\n|t:|1783559221\n|move|p1a: Urshifu|Swords Dance|p1a: Urshifu\n|-boost|p1a: Urshifu|atk|2\n|move|p2a: Forretress|Spikes|p1a: Urshifu\n|-sidestart|p1: p0x1725af9e|Spikes\n|\n|-heal|p2a: Forretress|88/100|[from] item: Leftovers\n|upkeep\n|turn|25\n|inactive|Time left: 300 sec this turn | 300 sec total\n|\n|t:|1783559223\n|move|p1a: Urshifu|Close Combat|p2a: Forretress\n|-damage|p2a: Forretress|2/100\n|-unboost|p1a: Urshifu|def|1\n|-unboost|p1a: Urshifu|spd|1\n|-damage|p1a: Urshifu|230/274|[from] item: Life Orb\n|move|p2a: Forretress|Rapid Spin|p1a: Urshifu\n|-damage|p1a: Urshifu|178/274\n|-boost|p2a: Forretress|spe|1\n|\n|-heal|p2a: Forretress|8/100|[from] item: Leftovers\n|upkeep\n|turn|26\n|inactive|Time left: 300 sec this turn | 300 sec total\n|\n|t:|1783559224\n|move|p1a: Urshifu|Close Combat|p2a: Forretress\n|-damage|p2a: Forretress|0 fnt\n|-unboost|p1a: Urshifu|def|1\n|-unboost|p1a: Urshifu|spd|1\n|faint|p2a: Forretress\n|-damage|p1a: Urshifu|151/274|[from] item: Life Orb\n|\n|upkeep\n|\n|t:|1783559225\n|switch|p2a: Heracross|Heracross, L80, M, tera:Rock|73/100\n|turn|27\n|inactive|Time left: 300 sec this turn | 300 sec total\n|\n|t:|1783559225\n|move|p1a: Urshifu|Close Combat|p2a: Heracross\n|-supereffective|p2a: Heracross\n|-damage|p2a: Heracross|0 fnt\n|-unboost|p1a: Urshifu|def|1\n|-unboost|p1a: Urshifu|spd|1\n|faint|p2a: Heracross\n|-damage|p1a: Urshifu|124/274|[from] item: Life Orb\n|\n|win|p0x1725af9e", "uploadtime": 1783559226, "views": 0, "rating": 0, "private": 0, "password": null, "_winner": "p0x1725af9e", "_our_name": "p0x1725af9e"}