{"id": "battle-gen9randombattle-129", "formatid": "gen9randombattle", "format": "[Gen 9] Random Battle", "players": ["p0x0098b21", "p0y009835b"], "log": "|init|battle\n|title|p0x0098b21 vs. p0y009835b\n|j|\u2606p0x0098b21\n|j|\u2606p0y009835b\n|t:|1783402645\n|gametype|singles\n|player|p1|p0x0098b21|170|\n|player|p2|p0y009835b|102|\n|gen|9\n|tier|[Gen 9] Random Battle\n|rule|Species Clause: Limit one of each Pok\u00e9mon\n|rule|HP Percentage Mod: HP is shown in percentages\n|rule|Sleep Clause Mod: Limit one foe put to sleep\n|rule|Illusion Level Mod: Illusion disguises the Pok\u00e9mon's true level\n|\n|t:|1783402645\n|teamsize|p1|6\n|teamsize|p2|6\n|start\n|switch|p1a: Iron Moth|Iron Moth, L78|253/253\n|switch|p2a: Clodsire|Clodsire, L81, M|100/100\n|turn|1\n|inactive|Battle timer is ON: inactive players will automatically lose when time's up. (requested by p0x0098b21)\n|inactive|p0y009835b also wants the timer to be on.\n|\n|t:|1783402645\n|-end|p1a: Iron Moth|Quark Drive|[silent]\n|switch|p1a: Ariados|Ariados, L95, M|287/287\n|move|p2a: Clodsire|Earthquake|p1a: Ariados\n|-damage|p1a: Ariados|197/287\n|\n|upkeep\n|turn|2\n|inactive|Time left: 300 sec this turn | 300 sec total\n|\n|t:|1783402645\n|move|p1a: Ariados|Sticky Web|p2a: Clodsire\n|-sidestart|p2: p0y009835b|move: Sticky Web\n|move|p2a: Clodsire|Earthquake|p1a: Ariados\n|-damage|p1a: Ariados|116/287\n|\n|upkeep\n|turn|3\n|inactive|Time left: 300 sec this turn | 300 sec total\n|\n|t:|1783402645\n|switch|p1a: Abomasnow|Abomasnow, L84, M|287/287\n|-weather|Snowscape|[from] ability: Snow Warning|[of] p1a: Abomasnow\n|move|p2a: Clodsire|Earthquake|p1a: Abomasnow\n|-resisted|p1a: Abomasnow\n|-damage|p1a: Abomasnow|257/287\n|\n|-weather|Snowscape|[upkeep]\n|upkeep\n|turn|4\n|inactive|Time left: 300 sec this turn | 300 sec total\n|\n|t:|1783402646\n|move|p1a: Abomasnow|Aurora Veil|p1a: Abomasnow\n|-sidestart|p1: p0x0098b21|move: Aurora Veil\n|move|p2a: Clodsire|Stealth Rock|p1a: Abomasnow\n|-sidestart|p1: p0x0098b21|move: Stealth Rock\n|\n|-weather|Snowscape|[upkeep]\n|upkeep\n|turn|5\n|inactive|Time left: 300 sec this turn | 300 sec total\n|\n|t:|1783402646\n|move|p1a: Abomasnow|Blizzard|p2a: Clodsire\n|-supereffective|p2a: Clodsire\n|-damage|p2a: Clodsire|43/100\n|move|p2a: Clodsire|Recover|p2a: Clodsire\n|-heal|p2a: Clodsire|93/100\n|\n|-weather|Snowscape|[upkeep]\n|-heal|p2a: Clodsire|99/100|[from] item: Leftovers\n|upkeep\n|turn|6\n|inactive|Time left: 300 sec this turn | 300 sec total\n|\n|t:|1783402646\n|move|p1a: Abomasnow|Blizzard|p2a: Clodsire\n|-supereffective|p2a: Clodsire\n|-damage|p2a: Clodsire|37/100\n|move|p2a: Clodsire|Recover|p2a: Clodsire\n|-heal|p2a: Clodsire|87/100\n|\n|-weather|Snowscape|[upkeep]\n|-heal|p2a: Clodsire|94/100|[from] item: Leftovers\n|upkeep\n|turn|7\n|inactive|Time left: 300 sec this turn | 300 sec total\n|\n|t:|1783402646\n|move|p1a: Abomasnow|Blizzard|p2a: Clodsire\n|-supereffective|p2a: Clodsire\n|-damage|p2a: Clodsire|37/100\n|move|p2a: Clodsire|Recover|p2a: Clodsire\n|-heal|p2a: Clodsire|87/100\n|\n|-weather|none\n|-heal|p2a: Clodsire|93/100|[from] item: Leftovers\n|upkeep\n|turn|8\n|inactive|Time left: 300 sec this turn | 300 sec total\n|\n|t:|1783402647\n|move|p1a: Abomasnow|Blizzard|p2a: Clodsire\n|-supereffective|p2a: Clodsire\n|-damage|p2a: Clodsire|28/100\n|move|p2a: Clodsire|Recover|p2a: Clodsire\n|-heal|p2a: Clodsire|79/100\n|\n|-heal|p2a: Clodsire|85/100|[from] item: Leftovers\n|upkeep\n|turn|9\n|inactive|Time left: 300 sec this turn | 300 sec total\n|\n|t:|1783402647\n|move|p1a: Abomasnow|Blizzard|p2a: Clodsire|[miss]\n|-miss|p1a: Abomasnow|p2a: Clodsire\n|move|p2a: Clodsire|Recover|p2a: Clodsire\n|-heal|p2a: Clodsire|100/100\n|\n|upkeep\n|turn|10\n|inactive|Time left: 300 sec this turn | 300 sec total\n|\n|t:|1783402647\n|move|p1a: Abomasnow|Blizzard|p2a: Clodsire|[miss]\n|-miss|p1a: Abomasnow|p2a: Clodsire\n|move|p2a: Clodsire|Poison Jab|p1a: Abomasnow\n|-supereffective|p1a: Abomasnow\n|-damage|p1a: Abomasnow|179/287\n|\n|upkeep\n|turn|11\n|inactive|Time left: 300 sec this turn | 300 sec total\n|\n|t:|1783402647\n|move|p1a: Abomasnow|Blizzard|p2a: Clodsire\n|-supereffective|p2a: Clodsire\n|-damage|p2a: Clodsire|41/100\n|move|p2a: Clodsire|Poison Jab|p1a: Abomasnow\n|-supereffective|p1a: Abomasnow\n|-damage|p1a: Abomasnow|104/287\n|\n|-heal|p2a: Clodsire|47/100|[from] item: Leftovers\n|-sideend|p1: p0x0098b21|move: Aurora Veil\n|upkeep\n|turn|12\n|inactive|Time left: 300 sec this turn | 300 sec total\n|\n|t:|1783402648\n|switch|p2a: Dusknoir|Dusknoir, L89, F|100/100\n|-activate|p2a: Dusknoir|move: Sticky Web\n|-unboost|p2a: Dusknoir|spe|1\n|-item|p1a: Abomasnow|Light Clay|[from] ability: Frisk|[of] p2a: Dusknoir\n|move|p1a: Abomasnow|Blizzard|p2a: Dusknoir\n|-damage|p2a: Dusknoir|66/100\n|\n|-heal|p2a: Dusknoir|72/100|[from] item: Leftovers\n|upkeep\n|turn|13\n|inactive|Time left: 300 sec this turn | 300 sec total\n|\n|t:|1783402648\n|move|p1a: Abomasnow|Wood Hammer|p2a: Dusknoir\n|-damage|p2a: Dusknoir|32/100\n|-damage|p1a: Abomasnow|74/287|[from] Recoil\n|move|p2a: Dusknoir|Poltergeist|p1a: Abomasnow\n|-activate|p1a: Abomasnow|move: Poltergeist|Light Clay\n|-damage|p1a: Abomasnow|0 fnt\n|faint|p1a: Abomasnow\n|\n|-heal|p2a: Dusknoir|38/100|[from] item: Leftovers\n|upkeep\n|inactive|Time left: 300 sec this turn | 300 sec total | 5 sec grace\n|\n|t:|1783402648\n|switch|p1a: Dusknoir|Dusknoir, L89, F|225/225\n|-damage|p1a: Dusknoir|197/225|[from] Stealth Rock\n|-item|p2a: Dusknoir|Leftovers|[from] ability: Frisk|[of] p1a: Dusknoir\n|turn|14\n|inactive|Time left: 300 sec this turn | 300 sec total\n|\n|t:|1783402648\n|move|p2a: Dusknoir|Shadow Sneak|p1a: Dusknoir\n|-supereffective|p1a: Dusknoir\n|-damage|p1a: Dusknoir|129/225\n|move|p1a: Dusknoir|Poltergeist|p2a: Dusknoir\n|-activate|p2a: Dusknoir|move: Poltergeist|Leftovers\n|-supereffective|p2a: Dusknoir\n|-damage|p2a: Dusknoir|0 fnt\n|faint|p2a: Dusknoir\n|\n|-heal|p1a: Dusknoir|143/225|[from] item: Leftovers\n|upkeep\n|\n|t:|1783402649\n|switch|p2a: Hydrapple|Hydrapple, L83, F|100/100\n|-activate|p2a: Hydrapple|move: Sticky Web\n|-unboost|p2a: Hydrapple|spe|1\n|turn|15\n|inactive|Time left: 300 sec this turn | 300 sec total\n|\n|t:|1783402649\n|move|p1a: Dusknoir|Poltergeist|p2a: Hydrapple\n|-activate|p2a: Hydrapple|move: Poltergeist|Choice Specs\n|-damage|p2a: Hydrapple|65/100\n|move|p2a: Hydrapple|Fickle Beam|p1a: Dusknoir\n|-damage|p1a: Dusknoir|43/225\n|\n|-heal|p1a: Dusknoir|57/225|[from] item: Leftovers\n|upkeep\n|turn|16\n|inactive|Time left: 300 sec this turn | 300 sec total\n|\n|t:|1783402649\n|-terastallize|p1a: Dusknoir|Fairy\n|move|p1a: Dusknoir|Poltergeist|p2a: Hydrapple\n|-activate|p2a: Hydrapple|move: Poltergeist|Choice Specs\n|-damage|p2a: Hydrapple|26/100\n|move|p2a: Hydrapple|Fickle Beam|p1a: Dusknoir\n|-immune|p1a: Dusknoir\n|\n|-heal|p1a: Dusknoir|71/225|[from] item: Leftovers\n|upkeep\n|turn|17\n|inactive|Time left: 300 sec this turn | 300 sec total\n|\n|t:|1783402649\n|move|p1a: Dusknoir|Will-O-Wisp|p2a: Hydrapple\n|-status|p2a: Hydrapple|brn\n|move|p2a: Hydrapple|Fickle Beam|p1a: Dusknoir\n|-immune|p1a: Dusknoir\n|\n|-heal|p1a: Dusknoir|85/225|[from] item: Leftovers\n|-damage|p2a: Hydrapple|20/100 brn|[from] brn\n|upkeep\n|turn|18\n|inactive|Time left: 300 sec this turn | 300 sec total\n|\n|t:|1783402650\n|switch|p2a: Electivire|Electivire, L84, F|100/100\n|-activate|p2a: Electivire|move: Sticky Web\n|-unboost|p2a: Electivire|spe|1\n|move|p1a: Dusknoir|Will-O-Wisp|p2a: Electivire\n|-status|p2a: Electivire|brn\n|\n|-heal|p1a: Dusknoir|99/225|[from] item: Leftovers\n|-damage|p2a: Electivire|95/100 brn|[from] brn\n|upkeep\n|turn|19\n|inactive|Time left: 300 sec this turn | 300 sec total\n|\n|t:|1783402650\n|move|p2a: Electivire|Sludge Bomb|p1a: Dusknoir\n|-supereffective|p1a: Dusknoir\n|-damage|p1a: Dusknoir|0 fnt\n|faint|p1a: Dusknoir\n|-damage|p2a: Electivire|85/100 brn|[from] item: Life Orb\n|\n|-damage|p2a: Electivire|79/100 brn|[from] brn\n|upkeep\n|inactive|Time left: 300 sec this turn | 300 sec total | 5 sec grace\n|\n|t:|1783402650\n|switch|p1a: Iron Moth|Iron Moth, L78|253/253\n|turn|20\n|inactive|Time left: 300 sec this turn | 300 sec total\n|\n|t:|1783402650\n|switch|p2a: Clodsire|Clodsire, L81, M|47/100\n|-activate|p2a: Clodsire|move: Sticky Web\n|-unboost|p2a: Clodsire|spe|1\n|move|p1a: Iron Moth|Fire Blast|p2a: Clodsire\n|-damage|p2a: Clodsire|13/100\n|-status|p2a: Clodsire|brn\n|\n|-heal|p2a: Clodsire|19/100 brn|[from] item: Leftovers\n|-damage|p2a: Clodsire|13/100 brn|[from] brn\n|upkeep\n|turn|21\n|inactive|Time left: 300 sec this turn | 300 sec total\n|\n|t:|1783402651\n|-end|p1a: Iron Moth|Quark Drive|[silent]\n|switch|p1a: Ariados|Ariados, L95, M|116/287\n|move|p2a: Clodsire|Earthquake|p1a: Ariados\n|-damage|p1a: Ariados|74/287\n|\n|-heal|p2a: Clodsire|19/100 brn|[from] item: Leftovers\n|-damage|p2a: Clodsire|13/100 brn|[from] brn\n|upkeep\n|turn|22\n|inactive|Time left: 300 sec this turn | 300 sec total\n|\n|t:|1783402651\n|move|p1a: Ariados|Megahorn|p2a: Clodsire|[miss]\n|-miss|p1a: Ariados|p2a: Clodsire\n|move|p2a: Clodsire|Poison Jab|p1a: Ariados\n|-resisted|p1a: Ariados\n|-damage|p1a: Ariados|57/287\n|\n|-heal|p2a: Clodsire|19/100 brn|[from] item: Leftovers\n|-damage|p2a: Clodsire|13/100 brn|[from] brn\n|upkeep\n|turn|23\n|inactive|Time left: 300 sec this turn | 300 sec total\n|\n|t:|1783402651\n|move|p1a: Ariados|Knock Off|p2a: Clodsire\n|-damage|p2a: Clodsire|0 fnt\n|-enditem|p2a: Clodsire|Leftovers|[from] move: Knock Off|[of] p1a: Ariados\n|faint|p2a: Clodsire\n|\n|upkeep\n|\n|t:|1783402651\n|switch|p2a: Inteleon|Inteleon, L81, F|100/100\n|-activate|p2a: Inteleon|move: Sticky Web\n|-unboost|p2a: Inteleon|spe|1\n|turn|24\n|inactive|Time left: 300 sec this turn | 300 sec total\n|\n|t:|1783402652\n|move|p2a: Inteleon|Scald|p1a: Ariados\n|-damage|p1a: Ariados|0 fnt\n|faint|p1a: Ariados\n|\n|upkeep\n|inactive|Time left: 300 sec this turn | 300 sec total | 5 sec grace\n|\n|t:|1783402652\n|switch|p1a: Plusle|Plusle, L95, F|268/268\n|-damage|p1a: Plusle|235/268|[from] Stealth Rock\n|turn|25\n|inactive|Time left: 300 sec this turn | 300 sec total\n|\n|t:|1783402652\n|switch|p2a: Electivire|Electivire, L84, F|100/100\n|-activate|p2a: Electivire|move: Sticky Web\n|-unboost|p2a: Electivire|spe|1\n|move|p1a: Plusle|Nasty Plot|p1a: Plusle\n|-boost|p1a: Plusle|spa|2\n|\n|upkeep\n|turn|26\n|inactive|Time left: 300 sec this turn | 300 sec total\n|\n|t:|1783402652\n|move|p1a: Plusle|Grass Knot|p2a: Electivire\n|-damage|p2a: Electivire|10/100\n|-damage|p1a: Plusle|209/268|[from] item: Life Orb\n|move|p2a: Electivire|Earthquake|p1a: Plusle\n|-supereffective|p1a: Plusle\n|-damage|p1a: Plusle|0 fnt\n|faint|p1a: Plusle\n|-damage|p2a: Electivire|0 fnt|[from] item: Life Orb\n|faint|p2a: Electivire\n|\n|upkeep\n|inactive|Time left: 300 sec this turn | 300 sec total | 5 sec grace\n|\n|t:|1783402653\n|switch|p1a: Gholdengo|Gholdengo, L77|261/261\n|switch|p2a: Hydrapple|Hydrapple, L83, F|54/100 brn\n|-damage|p1a: Gholdengo|245/261|[from] Stealth Rock\n|-activate|p2a: Hydrapple|move: Sticky Web\n|-unboost|p2a: Hydrapple|spe|1\n|turn|27\n|inactive|Time left: 300 sec this turn | 300 sec total\n|\n|t:|1783402653\n|move|p1a: Gholdengo|Shadow Ball|p2a: Hydrapple\n|-damage|p2a: Hydrapple|24/100 brn\n|move|p2a: Hydrapple|Earth Power|p1a: Gholdengo\n|-supereffective|p1a: Gholdengo\n|-damage|p1a: Gholdengo|5/261\n|\n|-damage|p2a: Hydrapple|18/100 brn|[from] brn\n|upkeep\n|turn|28\n|inactive|Time left: 300 sec this turn | 300 sec total\n|\n|t:|1783402653\n|switch|p2a: Inteleon|Inteleon, L81, F|79/100 brn\n|-activate|p2a: Inteleon|move: Sticky Web\n|-unboost|p2a: Inteleon|spe|1\n|move|p1a: Gholdengo|Shadow Ball|p2a: Inteleon\n|-resisted|p2a: Inteleon\n|-damage|p2a: Inteleon|53/100 brn\n|replace|p2a: Zoroark|Zoroark, L83, F\n|-end|p2a: Zoroark|Illusion\n|-hint|Illusion Level Mod is active, so this Pok\u00e9mon's true level was hidden.\n|\n|-damage|p2a: Zoroark|47/100 brn|[from] brn\n|upkeep\n|turn|29\n|inactive|Time left: 300 sec this turn | 300 sec total\n|\n|t:|1783402653\n|-terastallize|p2a: Zoroark|Poison\n|move|p1a: Gholdengo|Shadow Ball|p2a: Zoroark\n|-damage|p2a: Zoroark|0 fnt\n|faint|p2a: Zoroark\n|\n|upkeep\n|\n|t:|1783402654\n|switch|p2a: Hydrapple|Hydrapple, L83, F|51/100 brn\n|-activate|p2a: Hydrapple|move: Sticky Web\n|-unboost|p2a: Hydrapple|spe|1\n|turn|30\n|inactive|Time left: 300 sec this turn | 300 sec total\n|\n|t:|1783402654\n|move|p1a: Gholdengo|Shadow Ball|p2a: Hydrapple\n|-damage|p2a: Hydrapple|18/100 brn\n|move|p2a: Hydrapple|Earth Power|p1a: Gholdengo\n|-supereffective|p1a: Gholdengo\n|-damage|p1a: Gholdengo|0 fnt\n|faint|p1a: Gholdengo\n|\n|-damage|p2a: Hydrapple|12/100 brn|[from] brn\n|upkeep\n|inactive|Time left: 300 sec this turn | 300 sec total | 5 sec grace\n|\n|t:|1783402654\n|switch|p1a: Iron Moth|Iron Moth, L78|253/253\n|turn|31\n|inactive|Time left: 300 sec this turn | 300 sec total\n|\n|t:|1783402654\n|move|p1a: Iron Moth|Fire Blast|p2a: Hydrapple\n|-crit|p2a: Hydrapple\n|-damage|p2a: Hydrapple|0 fnt\n|faint|p2a: Hydrapple\n|\n|upkeep\n|\n|t:|1783402654\n|switch|p2a: Inteleon|Inteleon, L81, F|100/100\n|-activate|p2a: Inteleon|move: Sticky Web\n|-unboost|p2a: Inteleon|spe|1\n|turn|32\n|inactive|Time left: 300 sec this turn | 300 sec total\n|\n|t:|1783402655\n|move|p1a: Iron Moth|Sludge Wave|p2a: Inteleon\n|-damage|p2a: Inteleon|43/100\n|move|p2a: Inteleon|Hydro Pump|p1a: Iron Moth|[miss]\n|-miss|p2a: Inteleon|p1a: Iron Moth\n|\n|upkeep\n|turn|33\n|inactive|Time left: 300 sec this turn | 300 sec total\n|\n|t:|1783402655\n|move|p1a: Iron Moth|Energy Ball|p2a: Inteleon\n|-supereffective|p2a: Inteleon\n|-damage|p2a: Inteleon|0 fnt\n|faint|p2a: Inteleon\n|\n|win|p0x0098b21", "uploadtime": 1783402655, "views": 0, "rating": 0, "private": 0, "password": null, "_winner": "p0x0098b21", "_our_name": "p0x0098b21"}, "private": 0, "password": null, "_winner": "p0x0098b21", "_our_name": "p0y009835b"}