{"id": "battle-gen9randombattle-131", "formatid": "gen9randombattle", "format": "[Gen 9] Random Battle", "players": ["p0x011eac6", "p0y011cc5b"], "log": "|init|battle\n|title|p0x011eac6 vs. p0y011cc5b\n|j|\u2606p0x011eac6\n|j|\u2606p0y011cc5b\n|t:|1783402679\n|gametype|singles\n|player|p1|p0x011eac6|2|\n|player|p2|p0y011cc5b|1|\n|gen|9\n|tier|[Gen 9] Random Battle\n|rule|Species Clause: Limit one of each Pok\u00e9mon\n|rule|HP Percentage Mod: HP is shown in percentages\n|rule|Sleep Clause Mod: Limit one foe put to sleep\n|rule|Illusion Level Mod: Illusion disguises the Pok\u00e9mon's true level\n|\n|t:|1783402679\n|teamsize|p1|6\n|teamsize|p2|6\n|start\n|switch|p1a: Iron Jugulis|Iron Jugulis, L77|100/100\n|switch|p2a: Emboar|Emboar, L84, M|322/322\n|turn|1\n|inactive|Battle timer is ON: inactive players will automatically lose when time's up. (requested by p0y011cc5b)\n|inactive|p0x011eac6 also wants the timer to be on.\n|\n|t:|1783402679\n|switch|p2a: Revavroom|Revavroom, L79, F|256/256\n|move|p1a: Iron Jugulis|Hurricane|p2a: Revavroom|[miss]\n|-miss|p1a: Iron Jugulis|p2a: Revavroom\n|\n|upkeep\n|turn|2\n|inactive|Time left: 300 sec this turn | 300 sec total\n|\n|t:|1783402680\n|-terastallize|p2a: Revavroom|Ground\n|move|p1a: Iron Jugulis|Earth Power|p2a: Revavroom\n|-damage|p2a: Revavroom|166/256\n|move|p2a: Revavroom|Shift Gear|p2a: Revavroom\n|-boost|p2a: Revavroom|spe|2\n|-boost|p2a: Revavroom|atk|1\n|\n|upkeep\n|turn|3\n|inactive|Time left: 300 sec this turn | 300 sec total\n|\n|t:|1783402680\n|-terastallize|p1a: Iron Jugulis|Ground\n|move|p2a: Revavroom|Gunk Shot|p1a: Iron Jugulis|[miss]\n|-miss|p2a: Revavroom|p1a: Iron Jugulis\n|move|p1a: Iron Jugulis|Earth Power|p2a: Revavroom\n|-damage|p2a: Revavroom|51/256\n|\n|upkeep\n|turn|4\n|inactive|Time left: 300 sec this turn | 300 sec total\n|\n|t:|1783402680\n|move|p2a: Revavroom|Iron Head|p1a: Iron Jugulis\n|-damage|p1a: Iron Jugulis|28/100\n|-damage|p2a: Revavroom|26/256|[from] item: Life Orb\n|move|p1a: Iron Jugulis|Dark Pulse|p2a: Revavroom\n|-damage|p2a: Revavroom|0 fnt\n|faint|p2a: Revavroom\n|\n|upkeep\n|inactive|Time left: 300 sec this turn | 300 sec total | 5 sec grace\n|\n|t:|1783402680\n|switch|p2a: Greninja|Greninja, L80, M|246/246\n|turn|5\n|inactive|Time left: 300 sec this turn | 300 sec total\n|\n|t:|1783402681\n|-end|p1a: Iron Jugulis|Quark Drive|[silent]\n|switch|p1a: Eiscue|Eiscue, L88, M|100/100\n|move|p2a: Greninja|Ice Beam|p1a: Eiscue\n|-resisted|p1a: Eiscue\n|-damage|p1a: Eiscue|88/100\n|-damage|p2a: Greninja|222/246|[from] item: Life Orb\n|\n|upkeep\n|turn|6\n|inactive|Time left: 300 sec this turn | 300 sec total\n|\n|t:|1783402681\n|move|p2a: Greninja|Dark Pulse|p1a: Eiscue\n|-damage|p1a: Eiscue|49/100\n|-enditem|p1a: Eiscue|Sitrus Berry|[eat]\n|-heal|p1a: Eiscue|74/100|[from] item: Sitrus Berry\n|-damage|p2a: Greninja|198/246|[from] item: Life Orb\n|cant|p1a: Eiscue|flinch\n|\n|upkeep\n|turn|7\n|inactive|Time left: 300 sec this turn | 300 sec total\n|\n|t:|1783402681\n|move|p2a: Greninja|Hydro Pump|p1a: Eiscue\n|-damage|p1a: Eiscue|27/100\n|-damage|p2a: Greninja|174/246|[from] item: Life Orb\n|move|p1a: Eiscue|Liquidation|p2a: Greninja\n|-resisted|p2a: Greninja\n|-damage|p2a: Greninja|137/246\n|\n|upkeep\n|turn|8\n|inactive|Time left: 300 sec this turn | 300 sec total\n|\n|t:|1783402681\n|switch|p1a: Walking Wake|Walking Wake, L79|100/100\n|move|p2a: Greninja|Hydro Pump|p1a: Walking Wake|[miss]\n|-miss|p2a: Greninja|p1a: Walking Wake\n|\n|upkeep\n|turn|9\n|inactive|Time left: 300 sec this turn | 300 sec total\n|\n|t:|1783402682\n|move|p2a: Greninja|Dark Pulse|p1a: Walking Wake\n|-damage|p1a: Walking Wake|56/100\n|-damage|p2a: Greninja|113/246|[from] item: Life Orb\n|cant|p1a: Walking Wake|flinch\n|\n|upkeep\n|turn|10\n|inactive|Time left: 300 sec this turn | 300 sec total\n|\n|t:|1783402682\n|move|p2a: Greninja|Hydro Pump|p1a: Walking Wake|[miss]\n|-miss|p2a: Greninja|p1a: Walking Wake\n|move|p1a: Walking Wake|Hydro Pump|p2a: Greninja\n|-resisted|p2a: Greninja\n|-damage|p2a: Greninja|0 fnt\n|faint|p2a: Greninja\n|\n|upkeep\n|inactive|Time left: 300 sec this turn | 300 sec total | 5 sec grace\n|\n|t:|1783402682\n|switch|p2a: Masquerain|Masquerain, L87, F|264/264\n|-ability|p2a: Masquerain|Intimidate|boost\n|-unboost|p1a: Walking Wake|atk|1\n|turn|11\n|inactive|Time left: 300 sec this turn | 300 sec total\n|\n|t:|1783402682\n|move|p1a: Walking Wake|Hydro Pump|p2a: Masquerain\n|-damage|p2a: Masquerain|66/264\n|move|p2a: Masquerain|Sticky Web|p1a: Walking Wake\n|-sidestart|p1: p0x011eac6|move: Sticky Web\n|\n|upkeep\n|turn|12\n|inactive|Time left: 300 sec this turn | 300 sec total\n|\n|t:|1783402683\n|move|p1a: Walking Wake|Hydro Pump|p2a: Masquerain\n|-damage|p2a: Masquerain|0 fnt\n|faint|p2a: Masquerain\n|\n|upkeep\n|inactive|Time left: 300 sec this turn | 300 sec total | 5 sec grace\n|\n|t:|1783402683\n|switch|p2a: Lilligant|Lilligant-Hisui, L79, F|240/240\n|turn|13\n|inactive|Time left: 300 sec this turn | 300 sec total\n|\n|t:|1783402683\n|move|p1a: Walking Wake|Hydro Pump|p2a: Lilligant\n|-resisted|p2a: Lilligant\n|-damage|p2a: Lilligant|127/240\n|move|p2a: Lilligant|Victory Dance|p2a: Lilligant\n|-boost|p2a: Lilligant|atk|1\n|-boost|p2a: Lilligant|def|1\n|-boost|p2a: Lilligant|spe|1\n|\n|upkeep\n|turn|14\n|inactive|Time left: 300 sec this turn | 300 sec total\n|\n|t:|1783402683\n|move|p2a: Lilligant|Leaf Blade|p1a: Walking Wake\n|-damage|p1a: Walking Wake|0 fnt\n|faint|p1a: Walking Wake\n|-end|p1a: Walking Wake|Protosynthesis|[silent]\n|\n|upkeep\n|\n|t:|1783402684\n|switch|p1a: Eiscue|Eiscue, L88, M|27/100\n|-activate|p1a: Eiscue|move: Sticky Web\n|-unboost|p1a: Eiscue|spe|1\n|turn|15\n|inactive|Time left: 300 sec this turn | 300 sec total\n|\n|t:|1783402684\n|switch|p2a: Emboar|Emboar, L84, M|322/322\n|move|p1a: Eiscue|Ice Spinner|p2a: Emboar\n|-resisted|p2a: Emboar\n|-damage|p2a: Emboar|275/322\n|\n|-heal|p2a: Emboar|295/322|[from] item: Leftovers\n|upkeep\n|turn|16\n|inactive|Time left: 300 sec this turn | 300 sec total\n|\n|t:|1783402684\n|switch|p1a: Inteleon|Inteleon, L81, M|100/100\n|-activate|p1a: Inteleon|move: Sticky Web\n|-unboost|p1a: Inteleon|spe|1\n|move|p2a: Emboar|Bulk Up|p2a: Emboar\n|-boost|p2a: Emboar|atk|1\n|-boost|p2a: Emboar|def|1\n|\n|-heal|p2a: Emboar|315/322|[from] item: Leftovers\n|upkeep\n|turn|17\n|inactive|Time left: 300 sec this turn | 300 sec total\n|\n|t:|1783402684\n|switch|p2a: Lilligant|Lilligant-Hisui, L79, F|127/240\n|move|p1a: Inteleon|Scald|p2a: Lilligant\n|-resisted|p2a: Lilligant\n|-damage|p2a: Lilligant|36/240\n|-status|p2a: Lilligant|brn\n|\n|-damage|p2a: Lilligant|21/240 brn|[from] brn\n|upkeep\n|turn|18\n|inactive|Time left: 300 sec this turn | 300 sec total\n|\n|t:|1783402685\n|switch|p1a: Eiscue|Eiscue, L88, M|27/100\n|-activate|p1a: Eiscue|move: Sticky Web\n|-unboost|p1a: Eiscue|spe|1\n|move|p2a: Lilligant|Leaf Blade|p1a: Eiscue\n|-activate|p1a: Eiscue|ability: Ice Face\n|-damage|p1a: Eiscue|27/100\n|detailschange|p1a: Eiscue|Eiscue-Noice, L88, M\n|\n|-damage|p2a: Lilligant|6/240 brn|[from] brn\n|upkeep\n|turn|19\n|inactive|Time left: 300 sec this turn | 300 sec total\n|\n|t:|1783402685\n|move|p2a: Lilligant|Leaf Blade|p1a: Eiscue|[miss]\n|-miss|p2a: Lilligant|p1a: Eiscue\n|move|p1a: Eiscue|Liquidation|p2a: Lilligant\n|-resisted|p2a: Lilligant\n|-damage|p2a: Lilligant|0 fnt\n|faint|p2a: Lilligant\n|\n|upkeep\n|inactive|Time left: 300 sec this turn | 300 sec total | 5 sec grace\n|\n|t:|1783402685\n|switch|p2a: Staraptor|Staraptor, L79, F|263/263\n|turn|20\n|inactive|Time left: 300 sec this turn | 300 sec total\n|\n|t:|1783402685\n|move|p2a: Staraptor|U-turn|p1a: Eiscue\n|-damage|p1a: Eiscue|6/100\n|inactive|Time left: 300 sec this turn | 300 sec total | 5 sec grace\n|\n|t:|1783402685\n|switch|p2a: Emboar|Emboar, L84, M|315/322|[from] U-turn\n|move|p1a: Eiscue|Liquidation|p2a: Emboar\n|-supereffective|p2a: Emboar\n|-crit|p2a: Emboar\n|-damage|p2a: Emboar|89/322\n|\n|-heal|p2a: Emboar|109/322|[from] item: Leftovers\n|upkeep\n|turn|21\n|inactive|Time left: 300 sec this turn | 300 sec total\n|\n|t:|1783402686\n|switch|p2a: Staraptor|Staraptor, L79, F|263/263\n|move|p1a: Eiscue|Ice Spinner|p2a: Staraptor\n|-supereffective|p2a: Staraptor\n|-damage|p2a: Staraptor|47/263\n|\n|upkeep\n|turn|22\n|inactive|Time left: 300 sec this turn | 300 sec total\n|\n|t:|1783402686\n|move|p2a: Staraptor|U-turn|p1a: Eiscue\n|-damage|p1a: Eiscue|0 fnt\n|faint|p1a: Eiscue\n|inactive|Time left: 300 sec this turn | 300 sec total | 5 sec grace\n|\n|t:|1783402686\n|switch|p2a: Emboar|Emboar, L84, M|109/322|[from] U-turn\n|\n|-heal|p2a: Emboar|129/322|[from] item: Leftovers\n|upkeep\n|\n|t:|1783402686\n|switch|p1a: Inteleon|Inteleon, L81, M|100/100\n|-activate|p1a: Inteleon|move: Sticky Web\n|-unboost|p1a: Inteleon|spe|1\n|turn|23\n|inactive|Time left: 300 sec this turn | 300 sec total\n|\n|t:|1783402687\n|move|p1a: Inteleon|Scald|p2a: Emboar\n|-supereffective|p2a: Emboar\n|-damage|p2a: Emboar|0 fnt\n|faint|p2a: Emboar\n|\n|upkeep\n|inactive|Time left: 300 sec this turn | 300 sec total | 5 sec grace\n|\n|t:|1783402687\n|switch|p2a: Staraptor|Staraptor, L79, F|47/263\n|turn|24\n|inactive|Time left: 300 sec this turn | 300 s, "uploadtime": 1783402687, "views": 0, "rating": 0, "private": 0, "password": null, "_winner": "p0x011eac6", "_our_name": "p0x011eac6"}f|1\n|-unboost|p2a: Staraptor|spd|1\n|move|p1a: Inteleon|Scald|p2a: Staraptor\n|-damage|p2a: Staraptor|0 fnt\n|faint|p2a: Staraptor\n|\n|win|p0x011eac6", "uploadtime": 1783402687, "views": 0, "rating": 0, "private": 0, "password": null, "_winner": "p0x011eac6", "_our_name": "p0y011cc5b"}