{"id": "battle-gen9randombattle-123", "formatid": "gen9randombattle", "format": "[Gen 9] Random Battle", "players": ["p0x003b6d4", "p0y003886a"], "log": "|init|battle\n|title|p0x003b6d4 vs. p0y003886a\n|j|\u2606p0x003b6d4\n|j|\u2606p0y003886a\n|t:|1783402544\n|gametype|singles\n|player|p1|p0x003b6d4|266|\n|player|p2|p0y003886a|1|\n|gen|9\n|tier|[Gen 9] Random Battle\n|rule|Species Clause: Limit one of each Pok\u00e9mon\n|rule|HP Percentage Mod: HP is shown in percentages\n|rule|Sleep Clause Mod: Limit one foe put to sleep\n|rule|Illusion Level Mod: Illusion disguises the Pok\u00e9mon's true level\n|\n|t:|1783402544\n|teamsize|p1|6\n|teamsize|p2|6\n|start\n|switch|p1a: Donphan|Donphan, L84, M|100/100\n|switch|p2a: Sunflora|Sunflora, F|312/312\n|turn|1\n|inactive|Battle timer is ON: inactive players will automatically lose when time's up. (requested by p0y003886a)\n|inactive|p0x003b6d4 also wants the timer to be on.\n|\n|t:|1783402545\n|move|p1a: Donphan|Ice Spinner|p2a: Sunflora\n|-supereffective|p2a: Sunflora\n|-damage|p2a: Sunflora|156/312\n|move|p2a: Sunflora|Solar Beam||[still]\n|-prepare|p2a: Sunflora|Solar Beam\n|\n|upkeep\n|turn|2\n|inactive|Time left: 300 sec this turn | 300 sec total\n|\n|t:|1783402545\n|move|p1a: Donphan|Ice Spinner|p2a: Sunflora\n|-supereffective|p2a: Sunflora\n|-damage|p2a: Sunflora|2/312\n|move|p2a: Sunflora|Solar Beam|p1a: Donphan|[from] lockedmove\n|-supereffective|p1a: Donphan\n|-ability|p1a: Donphan|Sturdy\n|-damage|p1a: Donphan|1/100\n|-damage|p2a: Sunflora|0 fnt|[from] item: Life Orb\n|faint|p2a: Sunflora\n|\n|upkeep\n|inactive|Time left: 300 sec this turn | 300 sec total | 5 sec grace\n|\n|t:|1783402545\n|switch|p2a: Okidogi|Okidogi, L77, M|262/262\n|turn|3\n|inactive|Time left: 300 sec this turn | 300 sec total\n|\n|t:|1783402545\n|move|p2a: Okidogi|Knock Off|p1a: Donphan\n|-damage|p1a: Donphan|0 fnt\n|-enditem|p1a: Donphan|Assault Vest|[from] move: Knock Off|[of] p2a: Okidogi\n|faint|p1a: Donphan\n|\n|upkeep\n|\n|t:|1783402546\n|switch|p1a: Misdreavus|Misdreavus, L90, F|100/100\n|turn|4\n|inactive|Time left: 300 sec this turn | 300 sec total\n|\n|t:|1783402546\n|move|p1a: Misdreavus|Will-O-Wisp|p2a: Okidogi\n|-status|p2a: Okidogi|brn\n|move|p2a: Okidogi|Knock Off|p1a: Misdreavus\n|-supereffective|p1a: Misdreavus\n|-damage|p1a: Misdreavus|79/100\n|-enditem|p1a: Misdreavus|Eviolite|[from] move: Knock Off|[of] p2a: Okidogi\n|\n|-damage|p2a: Okidogi|246/262 brn|[from] brn\n|upkeep\n|turn|5\n|inactive|Time left: 300 sec this turn | 300 sec total\n|\n|t:|1783402546\n|move|p1a: Misdreavus|Calm Mind|p1a: Misdreavus\n|-boost|p1a: Misdreavus|spa|1\n|-boost|p1a: Misdreavus|spd|1\n|move|p2a: Okidogi|Bulk Up|p2a: Okidogi\n|-boost|p2a: Okidogi|atk|1\n|-boost|p2a: Okidogi|def|1\n|\n|-heal|p2a: Okidogi|262/262 brn|[from] item: Leftovers\n|-damage|p2a: Okidogi|246/262 brn|[from] brn\n|upkeep\n|turn|6\n|inactive|Time left: 300 sec this turn | 300 sec total\n|\n|t:|1783402546\n|move|p1a: Misdreavus|Shadow Ball|p2a: Okidogi\n|-damage|p2a: Okidogi|89/262 brn\n|-unboost|p2a: Okidogi|spd|1\n|move|p2a: Okidogi|Knock Off|p1a: Misdreavus\n|-supereffective|p1a: Misdreavus\n|-damage|p1a: Misdreavus|41/100\n|\n|-heal|p2a: Okidogi|105/262 brn|[from] item: Leftovers\n|-damage|p2a: Okidogi|89/262 brn|[from] brn\n|upkeep\n|turn|7\n|inactive|Time left: 300 sec this turn | 300 sec total\n|\n|t:|1783402547\n|switch|p2a: Wigglytuff|Wigglytuff, L96, F|424/424\n|move|p1a: Misdreavus|Shadow Ball|p2a: Wigglytuff\n|-immune|p2a: Wigglytuff\n|\n|upkeep\n|turn|8\n|inactive|Time left: 300 sec this turn | 300 sec total\n|\n|t:|1783402547\n|-terastallize|p1a: Misdreavus|Fairy\n|move|p1a: Misdreavus|Draining Kiss|p2a: Wigglytuff\n|-damage|p2a: Wigglytuff|289/424\n|-heal|p1a: Misdreavus|81/100|[from] drain|[of] p2a: Wigglytuff\n|move|p2a: Wigglytuff|Knock Off|p1a: Misdreavus\n|-resisted|p1a: Misdreavus\n|-damage|p1a: Misdreavus|70/100\n|\n|-heal|p2a: Wigglytuff|315/424|[from] item: Leftovers\n|upkeep\n|turn|9\n|inactive|Time left: 300 sec this turn | 300 sec total\n|\n|t:|1783402547\n|move|p1a: Misdreavus|Draining Kiss|p2a: Wigglytuff\n|-damage|p2a: Wigglytuff|188/424\n|-heal|p1a: Misdreavus|100/100|[from] drain|[of] p2a: Wigglytuff\n|move|p2a: Wigglytuff|Wish|p2a: Wigglytuff\n|\n|-heal|p2a: Wigglytuff|214/424|[from] item: Leftovers\n|upkeep\n|turn|10\n|inactive|Time left: 300 sec this turn | 300 sec total\n|\n|t:|1783402547\n|move|p1a: Misdreavus|Calm Mind|p1a: Misdreavus\n|-boost|p1a: Misdreavus|spa|1\n|-boost|p1a: Misdreavus|spd|1\n|move|p2a: Wigglytuff|Dazzling Gleam|p1a: Misdreavus\n|-damage|p1a: Misdreavus|82/100\n|\n|-heal|p2a: Wigglytuff|424/424|[from] move: Wish|[wisher] Wigglytuff\n|upkeep\n|turn|11\n|inactive|Time left: 300 sec this turn | 300 sec total\n|\n|t:|1783402548\n|move|p1a: Misdreavus|Draining Kiss|p2a: Wigglytuff\n|-damage|p2a: Wigglytuff|240/424\n|-heal|p1a: Misdreavus|100/100|[from] drain|[of] p2a: Wigglytuff\n|move|p2a: Wigglytuff|Wish|p2a: Wigglytuff\n|\n|-heal|p2a: Wigglytuff|266/424|[from] item: Leftovers\n|upkeep\n|turn|12\n|inactive|Time left: 300 sec this turn | 300 sec total\n|\n|t:|1783402548\n|move|p1a: Misdreavus|Calm Mind|p1a: Misdreavus\n|-boost|p1a: Misdreavus|spa|1\n|-boost|p1a: Misdreavus|spd|1\n|move|p2a: Wigglytuff|Dazzling Gleam|p1a: Misdreavus\n|-damage|p1a: Misdreavus|84/100\n|\n|-heal|p2a: Wigglytuff|424/424|[from] move: Wish|[wisher] Wigglytuff\n|upkeep\n|turn|13\n|inactive|Time left: 300 sec this turn | 300 sec total\n|\n|t:|1783402548\n|move|p2a: Wigglytuff|Protect|p2a: Wigglytuff\n|-singleturn|p2a: Wigglytuff|Protect\n|move|p1a: Misdreavus|Draining Kiss|p2a: Wigglytuff\n|-activate|p2a: Wigglytuff|move: Protect\n|\n|upkeep\n|turn|14\n|inactive|Time left: 300 sec this turn | 300 sec total\n|\n|t:|1783402548\n|move|p1a: Misdreavus|Draining Kiss|p2a: Wigglytuff\n|-damage|p2a: Wigglytuff|211/424\n|-heal|p1a: Misdreavus|100/100|[from] drain|[of] p2a: Wigglytuff\n|move|p2a: Wigglytuff|Wish|p2a: Wigglytuff\n|\n|-heal|p2a: Wigglytuff|237/424|[from] item: Leftovers\n|upkeep\n|turn|15\n|inactive|Time left: 300 sec this turn | 300 sec total\n|\n|t:|1783402549\n|move|p2a: Wigglytuff|Protect|p2a: Wigglytuff\n|-singleturn|p2a: Wigglytuff|Protect\n|move|p1a: Misdreavus|Calm Mind|p1a: Misdreavus\n|-boost|p1a: Misdreavus|spa|1\n|-boost|p1a: Misdreavus|spd|1\n|\n|-heal|p2a: Wigglytuff|424/424|[from] move: Wish|[wisher] Wigglytuff\n|upkeep\n|turn|16\n|inactive|Time left: 300 sec this turn | 300 sec total\n|\n|t:|1783402549\n|move|p1a: Misdreavus|Draining Kiss|p2a: Wigglytuff\n|-damage|p2a: Wigglytuff|160/424\n|move|p2a: Wigglytuff|Wish|p2a: Wigglytuff\n|\n|-heal|p2a: Wigglytuff|186/424|[from] item: Leftovers\n|upkeep\n|turn|17\n|inactive|Time left: 300 sec this turn | 300 sec total\n|\n|t:|1783402549\n|move|p2a: Wigglytuff|Protect|p2a: Wigglytuff\n|-singleturn|p2a: Wigglytuff|Protect\n|move|p1a: Misdreavus|Draining Kiss|p2a: Wigglytuff\n|-activate|p2a: Wigglytuff|move: Protect\n|\n|-heal|p2a: Wigglytuff|398/424|[from] move: Wish|[wisher] Wigglytuff\n|-heal|p2a: Wigglytuff|424/424|[from] item: Leftovers\n|upkeep\n|turn|18\n|inactive|Time left: 300 sec this turn | 300 sec total\n|\n|t:|1783402549\n|move|p1a: Misdreavus|Draining Kiss|p2a: Wigglytuff\n|-crit|p2a: Wigglytuff\n|-damage|p2a: Wigglytuff|24/424\n|move|p2a: Wigglytuff|Wish|p2a: Wigglytuff\n|\n|-heal|p2a: Wigglytuff|50/424|[from] item: Leftovers\n|upkeep\n|turn|19\n|inactive|Time left: 300 sec this turn | 300 sec total\n|\n|t:|1783402550\n|move|p2a: Wigglytuff|Protect|p2a: Wigglytuff\n|-singleturn|p2a: Wigglytuff|Protect\n|move|p1a: Misdreavus|Draining Kiss|p2a: Wigglytuff\n|-activate|p2a: Wigglytuff|move: Protect\n|\n|-heal|p2a: Wigglytuff|262/424|[from] move: Wish|[wisher] Wigglytuff\n|-heal|p2a: Wigglytuff|288/424|[from] item: Leftovers\n|upkeep\n|turn|20\n|inactive|Time left: 300 sec this turn | 300 sec total\n|\n|t:|1783402550\n|move|p1a: Misdreavus|Draining Kiss|p2a: Wigglytuff\n|-damage|p2a: Wigglytuff|38/424\n|move|p2a: Wigglytuff|Wish|p2a: Wigglytuff\n|\n|-heal|p2a: Wigglytuff|64/424|[from] item: Leftovers\n|upkeep\n|turn|21\n|inactive|Time left: 300 sec this turn | 300 sec total\n|\n|t:|1783402550\n|move|p2a: Wigglytuff|Protect|p2a: Wigglytuff\n|-singleturn|p2a: Wigglytuff|Protect\n|move|p1a: Misdreavus|Draining Kiss|p2a: Wigglytuff\n|-activate|p2a: Wigglytuff|move: Protect\n|\n|-heal|p2a: Wigglytuff|276/424|[from] move: Wish|[wisher] Wigglytuff\n|-heal|p2a: Wigglytuff|302/424|[from] item: Leftovers\n|upkeep\n|turn|22\n|inactive|Time left: 300 sec this turn | 300 sec total\n|\n|t:|1783402550\n|move|p1a: Misdreavus|Draining Kiss|p2a: Wigglytuff\n|-damage|p2a: Wigglytuff|46/424\n|move|p2a: Wigglytuff|Wish|p2a: Wigglytuff\n|\n|-heal|p2a: Wigglytuff|72/424|[from] item: Leftovers\n|upkeep\n|turn|23\n|inactive|Time left: 300 sec this turn | 300 sec total\n|\n|t:|1783402551\n|move|p2a: Wigglytuff|Protect|p2a: Wigglytuff\n|-singleturn|p2a: Wigglytuff|Protect\n|move|p1a: Misdreavus|Draining Kiss|p2a: Wigglytuff\n|-activate|p2a: Wigglytuff|move: Protect\n|\n|-heal|p2a: Wigglytuff|284/424|[from] move: Wish|[wisher] Wigglytuff\n|-heal|p2a: Wigglytuff|310/424|[from] item: Leftovers\n|upkeep\n|turn|24\n|inactive|Time left: 300 sec this turn | 300 sec total\n|\n|t:|1783402551\n|move|p1a: Misdreavus|Will-O-Wisp|p2a: Wigglytuff\n|-status|p2a: Wigglytuff|brn\n|move|p2a: Wigglytuff|Wish|p2a: Wigglytuff\n|\n|-heal|p2a: Wigglytuff|336/424 brn|[from] item: Leftovers\n|-damage|p2a: Wigglytuff|310/424 brn|[from] brn\n|upkeep\n|turn|25\n|inactive|Time left: 300 sec this turn | 300 sec total\n|\n|t:|1783402551\n|move|p2a: Wigglytuff|Protect|p2a: Wigglytuff\n|-singleturn|p2a: Wigglytuff|Protect\n|move|p1a: Misdreavus|Draining Kiss|p2a: Wigglytuff\n|-activate|p2a: Wigglytuff|move: Protect\n|\n|-heal|p2a: Wigglytuff|424/424 brn|[from] move: Wish|[wisher] Wigglytuff\n|-damage|p2a: Wigglytuff|398/424 brn|[from] brn\n|upkeep\n|turn|26\n|inactive|Time left: 300 sec this turn | 300 sec total\n|\n|t:|1783402551\n|move|p1a: Misdreavus|Draining Kiss|p2a: Wigglytuff\n|-damage|p2a: Wigglytuff|148/424 brn\n|move|p2a: Wigglytuff|Wish|p2a: Wigglytuff\n|\n|-heal|p2a: Wigglytuff|174/424 brn|[from] item: Leftovers\n|-damage|p2a: Wigglytuff|148/424 brn|[from] brn\n|upkeep\n|turn|27\n|inactive|Time left: 300 sec this turn | 300 sec total\n|\n|t:|1783402552\n|move|p2a: Wigglytuff|Protect|p2a: Wigglytuff\n|-singleturn|p2a: Wigglytuff|Protect\n|move|p1a: Misdreavus|Draining Kiss|p2a: Wigglytuff\n|-activate|p2a: Wigglytuff|move: Protect\n|\n|-heal|p2a: Wigglytuff|360/424 brn|[from] move: Wish|[wisher] Wigglytuff\n|-heal|p2a: Wigglytuff|386/424 brn|[from] item: Leftovers\n|-damage|p2a: Wigglytuff|360/424 brn|[from] brn\n|upkeep\n|turn|28\n|inactive|Time left: 300 sec this turn | 300 sec total\n|\n|t:|1783402552\n|move|p1a: Misdreavus|Calm Mind|p1a: Misdreavus\n|-boost|p1a: Misdreavus|spa|1\n|-boost|p1a: Misdreavus|spd|1\n|move|p2a: Wigglytuff|Wish|p2a: Wigglytuff\n|\n|-heal|p2a: Wigglytuff|386/424 brn|[from] item: Leftovers\n|-damage|p2a: Wigglytuff|360/424 brn|[from] brn\n|upkeep\n|turn|29\n|inactive|Time left: 300 sec this turn | 300 sec total\n|\n|t:|1783402552\n|move|p1a: Misdreavus|Shadow Ball|p2a: Wigglytuff\n|-immune|p2a: Wigglytuff\n|move|p2a: Wigglytuff|Dazzling Gleam|p1a: Misdreavus\n|-damage|p1a: Misdreavus|90/100\n|\n|-heal|p2a: Wigglytuff|424/424 brn|[from] move: Wish|[wisher] Wigglytuff\n|-damage|p2a: Wigglytuff|398/424 brn|[from] brn\n|upkeep\n|turn|30\n|inactive|Time left: 300 sec this turn | 300 sec total\n|\n|t:|1783402552\n|move|p1a: Misdreavus|Calm Mind|p1a: Misdreavus\n|-boost|p1a: Misdreavus|spa|1\n|-boost|p1a: Misdreavus|spd|1\n|move|p2a: Wigglytuff|Dazzling Gleam|p1a: Misdreavus\n|-damage|p1a: Misdreavus|80/100\n|\n|-heal|p2a: Wigglytuff|424/424 brn|[from] item: Leftovers\n|-damage|p2a: Wigglytuff|398/424 brn|[from] brn\n|upkeep\n|turn|31\n|inactive|Time left: 300 sec this turn | 300 sec total\n|\n|t:|1783402553\n|move|p1a: Misdreavus|Will-O-Wisp|p2a: Wigglytuff\n|-fail|p2a: Wigglytuff|brn\n|move|p2a: Wigglytuff|Dazzling Gleam|p1a: Misdreavus\n|-damage|p1a: Misdreavus|71/100\n|\n|-heal|p2a: Wigglytuff|424/424 brn|[from] item: Leftovers\n|-damage|p2a: Wigglytuff|398/424 brn|[from] brn\n|upkeep\n|turn|32\n|inactive|Time left: 300 sec this turn | 300 sec total\n|\n|t:|1783402553\n|move|p1a: Misdreavus|Will-O-Wisp|p2a: Wigglytuff\n|-fail|p2a: Wigglytuff|brn\n|move|p2a: Wigglytuff|Dazzling Gleam|p1a: Misdreavus\n|-damage|p1a: Misdreavus|60/100\n|\n|-heal|p2a: Wigglytuff|424/424 brn|[from] item: Leftovers\n|-damage|p2a: Wigglytuff|398/424 brn|[from] brn\n|upkeep\n|turn|33\n|inactive|Time left: 300 sec this turn | 300 sec total\n|\n|t:|1783402553\n|move|p1a: Misdreavus|Shadow Ball|p2a: Wigglytuff\n|-immune|p2a: Wigglytuff\n|move|p2a: Wigglytuff|Dazzling Gleam|p1a: Misdreavus\n|-damage|p1a: Misdreavus|51/100\n|\n|-heal|p2a: Wigglytuff|424/424 brn|[from] item: Leftovers\n|-damage|p2a: Wigglytuff|398/424 brn|[from] brn\n|upkeep\n|turn|34\n|inactive|Time left: 300 sec this turn | 300 sec total\n|\n|t:|1783402553\n|move|p1a: Misdreavus|Shadow Ball|p2a: Wigglytuff\n|-immune|p2a: Wigglytuff\n|move|p2a: Wigglytuff|Dazzling Gleam|p1a: Misdreavus\n|-damage|p1a: Misdreavus|41/100\n|\n|-heal|p2a: Wigglytuff|424/424 brn|[from] item: Leftovers\n|-damage|p2a: Wigglytuff|398/424 brn|[from] brn\n|upkeep\n|turn|35\n|inactive|Time left: 300 sec this turn | 300 sec total\n|\n|t:|1783402554\n|move|p1a: Misdreavus|Shadow Ball|p2a: Wigglytuff\n|-immune|p2a: Wigglytuff\n|move|p2a: Wigglytuff|Dazzling Gleam|p1a: Misdreavus\n|-damage|p1a: Misdreavus|31/100\n|\n|-heal|p2a: Wigglytuff|424/424 brn|[from] item: Leftovers\n|-damage|p2a: Wigglytuff|398/424 brn|[from] brn\n|upkeep\n|turn|36\n|inactive|Time left: 300 sec this turn | 300 sec total\n|\n|t:|1783402554\n|move|p1a: Misdreavus|Shadow Ball|p2a: Wigglytuff\n|-immune|p2a: Wigglytuff\n|move|p2a: Wigglytuff|Dazzling Gleam|p1a: Misdreavus\n|-damage|p1a: Misdreavus|20/100\n|\n|-heal|p2a: Wigglytuff|424/424 brn|[from] item: Leftovers\n|-damage|p2a: Wigglytuff|398/424 brn|[from] brn\n|upkeep\n|turn|37\n|inactive|Time left: 300 sec this turn | 300 sec total\n|\n|t:|1783402554\n|move|p1a: Misdreavus|Will-O-Wisp|p2a: Wigglytuff\n|-fail|p2a: Wigglytuff|brn\n|move|p2a: Wigglytuff|Dazzling Gleam|p1a: Misdreavus\n|-damage|p1a: Misdreavus|10/100\n|\n|-heal|p2a: Wigglytuff|424/424 brn|[from] item: Leftovers\n|-damage|p2a: Wigglytuff|398/424 brn|[from] brn\n|upkeep\n|turn|38\n|inactive|Time left: 300 sec this turn | 300 sec total\n|\n|t:|1783402554\n|move|p1a: Misdreavus|Shadow Ball|p2a: Wigglytuff\n|-immune|p2a: Wigglytuff\n|move|p2a: Wigglytuff|Dazzling Gleam|p1a: Misdreavus\n|-damage|p1a: Misdreavus|0 fnt\n|faint|p1a: Misdreavus\n|\n|-heal|p2a: Wigglytuff|424/424 brn|[from] item: Leftovers\n|-damage|p2a: Wigglytuff|398/424 brn|[from] brn\n|upkeep\n|\n|t:|1783402555\n|switch|p1a: Slaking|Slaking, L84, F|100/100\n|turn|39\n|inactive|Time left: 300 sec this turn | 300 sec total\n|\n|t:|1783402555\n|switch|p2a: Okidogi|Okidogi, L77, M|89/262 brn\n|move|p1a: Slaking|Giga Impact|p2a: Okidogi\n|-damage|p2a: Okidogi|0 fnt\n|-mustrecharge|p1a: Slaking\n|faint|p2a: Okidogi\n|\n|upkeep\n|inactive|Time left: 300 sec this turn | 300 sec total | 5 sec grace\n|\n|t:|1783402555\n|switch|p2a: Pelipper|Pelipper, L86, F|243/243\n|-weather|RainDance|[from] ability: Drizzle|[of] p2a: Pelipper\n|turn|40\n|inactive|Time left: 300 sec this turn | 300 sec total\n|\n|t:|1783402555\n|cant|p1a: Slaking|recharge\n|move|p2a: Pelipper|Knock Off|p1a: Slaking\n|-damage|p1a: Slaking|90/100\n|-enditem|p1a: Slaking|Choice Scarf|[from] move: Knock Off|[of] p2a: Pelipper\n|\n|-weather|RainDance|[upkeep]\n|upkeep\n|turn|41\n|inactive|Time left: 300 sec this turn | 300 sec total\n|\n|t:|1783402556\n|move|p1a: Slaking|Giga Impact|p2a: Pelipper\n|-damage|p2a: Pelipper|48/243\n|-mustrecharge|p1a: Slaking\n|move|p2a: Pelipper|Hydro Pump|p1a: Slaking\n|-damage|p1a: Slaking|34/100\n|\n|-weather|RainDance|[upkeep]\n|upkeep\n|turn|42\n|inactive|Time left: 300 sec this turn | 300 sec total\n|\n|t:|1783402556\n|cant|p1a: Slaking|recharge\n|move|p2a: Pelipper|Hurricane|p1a: Slaking\n|-damage|p1a: Slaking|0 fnt\n|faint|p1a: Slaking\n|\n|-weather|RainDance|[upkeep]\n|upkeep\n|\n|t:|1783402556\n|switch|p1a: Scovillain|Scovillain, L91, M|100/100\n|turn|43\n|inactive|Time left: 300 sec this turn | 300 sec total\n|\n|t:|1783402556\n|switch|p2a: Houndoom|Houndoom, L87, M|272/272\n|move|p1a: Scovillain|Energy Ball|p2a: Houndoom\n|-resisted|p2a: Houndoom\n|-damage|p2a: Houndoom|209/272\n|\n|-weather|RainDance|[upkeep]\n|upkeep\n|turn|44\n|inactive|Time left: 300 sec this turn | 300 sec total\n|\n|t:|1783402557\n|-terastallize|p2a: Houndoom|Dark\n|move|p2a: Houndoom|Nasty Plot|p2a: Houndoom\n|-boost|p2a: Houndoom|spa|2\n|move|p1a: Scovillain|Stomping Tantrum|p2a: Houndoom\n|-damage|p2a: Houndoom|117/272\n|\n|-weather|none\n|upkeep\n|turn|45\n|inactive|Time left: 300 sec this turn | 300 sec total\n|\n|t:|1783402557\n|switch|p1a: Cacturne|Cacturne, L92, F|100/100\n|move|p2a: Houndoom|Dark Pulse|p1a: Cacturne\n|-resisted|p1a: Cacturne\n|-damage|p1a: Cacturne|44/100\n|\n|upkeep\n|turn|46\n|inactive|Time left: 300 sec this turn | 300 sec total\n|\n|t:|1783402557\n|move|p1a: Cacturne|Sucker Punch|p2a: Houndoom\n|-resisted|p2a: Houndoom\n|-damage|p2a: Houndoom|23/272\n|-damage|p1a: Cacturne|35/100|[from] item: Life Orb\n|move|p2a: Houndoom|Dark Pulse|p1a: Cacturne\n|-resisted|p1a: Cacturne\n|-crit|p1a: Cacturne\n|-damage|p1a: Cacturne|0 fnt\n|faint|p1a: Cacturne\n|\n|upkeep\n|\n|t:|1783402557\n|switch|p1a: Klefki|Klefki, L84, M|100/100\n|turn|47\n|inactive|Time left: 300 sec this turn | 300 sec total\n|\n|t:|1783402558\n|move|p2a: Houndoom|Fire Blast|p1a: Klefki\n|-supereffective|p1a: Klefki\n|-damage|p1a: Klefki|0 fnt\n|faint|p1a: Klefki\n|\n|upkeep\n|\n|t:|1783402558\n|switch|p1a: Scovillain|Scovillain, L91, M|100/100\n|turn|48\n|inactive|Time left: 300 sec this turn | 300 sec total\n|\n|t:|1783402558\n|move|p2a: Houndoom|Dark Pulse|p1a: Scovillain\n|-damage|p1a: Scovillain|0 fnt\n|faint|p1a: Scovillain\n|\n|win|p0y003886a", "uploadtime": 1783402558, "views": 0, "rating": 0, "private": 0, "password": null, "_winner": "p0y003886a", "_our_name": "p0y003886a"} Houndoom|Dark Pulse|p1a: Scovillain\n|-damage|p1a: Scovillain|0 fnt\n|faint|p1a: Scovillain\n|\n|win|p0y003886a", "uploadtime": 1783402558, "views": 0, "rating": 0, "private": 0, "password": null, "_winner": "p0y003886a", "_our_name": "p0x003b6d4"}