{"id": "battle-gen9randombattle-128", "formatid": "gen9randombattle", "format": "[Gen 9] Random Battle", "players": ["p0x00829ee", "p0y008bda4"], "log": "|init|battle\n|title|p0x00829ee vs. p0y008bda4\n|j|\u2606p0x00829ee\n|j|\u2606p0y008bda4\n|t:|1783402623\n|gametype|singles\n|player|p1|p0x00829ee|265|\n|player|p2|p0y008bda4|265|\n|gen|9\n|tier|[Gen 9] Random Battle\n|rule|Species Clause: Limit one of each Pok\u00e9mon\n|rule|HP Percentage Mod: HP is shown in percentages\n|rule|Sleep Clause Mod: Limit one foe put to sleep\n|rule|Illusion Level Mod: Illusion disguises the Pok\u00e9mon's true level\n|\n|t:|1783402623\n|teamsize|p1|6\n|teamsize|p2|6\n|start\n|switch|p1a: Slowbro|Slowbro, L85, F|100/100\n|switch|p2a: Hitmonlee|Hitmonlee, L85, M|224/224\n|turn|1\n|inactive|Battle timer is ON: inactive players will automatically lose when time's up. (requested by p0x00829ee)\n|inactive|Time left: 300 sec this turn | 300 sec total | 60 sec grace\n|inactive|p0y008bda4 also wants the timer to be on.\n|\n|t:|1783402623\n|move|p2a: Hitmonlee|Swords Dance|p2a: Hitmonlee\n|-boost|p2a: Hitmonlee|atk|2\n|move|p1a: Slowbro|Scald|p2a: Hitmonlee\n|-damage|p2a: Hitmonlee|148/224\n|\n|upkeep\n|turn|2\n|inactive|Time left: 300 sec this turn | 300 sec total\n|\n|t:|1783402623\n|move|p2a: Hitmonlee|Knock Off|p1a: Slowbro\n|-supereffective|p1a: Slowbro\n|-damage|p1a: Slowbro|5/100\n|-enditem|p1a: Slowbro|Assault Vest|[from] move: Knock Off|[of] p2a: Hitmonlee\n|move|p1a: Slowbro|Psychic Noise|p2a: Hitmonlee\n|-supereffective|p2a: Hitmonlee\n|-damage|p2a: Hitmonlee|10/224\n|-start|p2a: Hitmonlee|move: Heal Block\n|\n|upkeep\n|turn|3\n|inactive|Time left: 300 sec this turn | 300 sec total\n|\n|t:|1783402624\n|move|p2a: Hitmonlee|Close Combat|p1a: Slowbro\n|-resisted|p1a: Slowbro\n|-damage|p1a: Slowbro|0 fnt\n|-unboost|p2a: Hitmonlee|def|1\n|-unboost|p2a: Hitmonlee|spd|1\n|faint|p1a: Slowbro\n|-enditem|p2a: Hitmonlee|White Herb\n|-clearnegativeboost|p2a: Hitmonlee|[silent]\n|\n|-end|p2a: Hitmonlee|move: Heal Block\n|upkeep\n|\n|t:|1783402624\n|switch|p1a: Flamigo|Flamigo, L82, M|100/100\n|turn|4\n|inactive|Time left: 300 sec this turn | 300 sec total\n|\n|t:|1783402624\n|move|p2a: Hitmonlee|Close Combat|p1a: Flamigo\n|-resisted|p1a: Flamigo\n|-damage|p1a: Flamigo|39/100\n|-unboost|p2a: Hitmonlee|def|1\n|-unboost|p2a: Hitmonlee|spd|1\n|move|p1a: Flamigo|U-turn|p2a: Hitmonlee\n|-resisted|p2a: Hitmonlee\n|-crit|p2a: Hitmonlee\n|-damage|p2a: Hitmonlee|0 fnt\n|faint|p2a: Hitmonlee\n|\n|t:|1783402624\n|switch|p1a: Gogoat|Gogoat, L88, F|100/100|[from] U-turn\n|\n|upkeep\n|inactive|Time left: 300 sec this turn | 300 sec total | 10 sec grace\n|\n|t:|1783402625\n|switch|p2a: Zarude|Zarude-Dada, L77|288/288\n|turn|5\n|inactive|Time left: 300 sec this turn | 300 sec total\n|\n|t:|1783402625\n|move|p2a: Zarude|Knock Off|p1a: Gogoat\n|-damage|p1a: Gogoat|44/100\n|-enditem|p1a: Gogoat|Leftovers|[from] move: Knock Off|[of] p2a: Zarude\n|move|p1a: Gogoat|Bulk Up|p1a: Gogoat\n|-boost|p1a: Gogoat|atk|1\n|-boost|p1a: Gogoat|def|1\n|\n|upkeep\n|turn|6\n|inactive|Time left: 300 sec this turn | 300 sec total\n|\n|t:|1783402625\n|switch|p2a: Lucario|Lucario, L84, F|255/255\n|move|p1a: Gogoat|Milk Drink|p1a: Gogoat\n|-heal|p1a: Gogoat|94/100\n|\n|upkeep\n|turn|7\n|inactive|Time left: 300 sec this turn | 300 sec total\n|\n|t:|1783402625\n|move|p2a: Lucario|Nasty Plot|p2a: Lucario\n|-boost|p2a: Lucario|spa|2\n|move|p1a: Gogoat|Earthquake|p2a: Lucario\n|-supereffective|p2a: Lucario\n|-damage|p2a: Lucario|0 fnt\n|faint|p2a: Lucario\n|\n|upkeep\n|inactive|Time left: 300 sec this turn | 300 sec total | 5 sec grace\n|\n|t:|1783402626\n|switch|p2a: Bronzong|Bronzong, L88|261/261\n|turn|8\n|inactive|Time left: 300 sec this turn | 300 sec total\n|\n|t:|1783402626\n|move|p1a: Gogoat|Bulk Up|p1a: Gogoat\n|-boost|p1a: Gogoat|atk|1\n|-boost|p1a: Gogoat|def|1\n|move|p2a: Bronzong|Psychic Noise|p1a: Gogoat\n|-damage|p1a: Gogoat|72/100\n|-start|p1a: Gogoat|move: Heal Block\n|\n|upkeep\n|turn|9\n|inactive|Time left: 300 sec this turn | 300 sec total\n|\n|t:|1783402626\n|move|p1a: Gogoat|Bulk Up|p1a: Gogoat\n|-boost|p1a: Gogoat|atk|1\n|-boost|p1a: Gogoat|def|1\n|move|p2a: Bronzong|Psychic Noise|p1a: Gogoat\n|-damage|p1a: Gogoat|51/100\n|\n|-end|p1a: Gogoat|move: Heal Block\n|upkeep\n|turn|10\n|inactive|Time left: 300 sec this turn | 300 sec total\n|\n|t:|1783402626\n|move|p1a: Gogoat|Milk Drink|p1a: Gogoat\n|-heal|p1a: Gogoat|100/100\n|move|p2a: Bronzong|Psychic Noise|p1a: Gogoat\n|-damage|p1a: Gogoat|80/100\n|-start|p1a: Gogoat|move: Heal Block\n|\n|upkeep\n|turn|11\n|inactive|Time left: 300 sec this turn | 300 sec total\n|\n|t:|1783402627\n|move|p1a: Gogoat|Bulk Up|p1a: Gogoat\n|-boost|p1a: Gogoat|atk|1\n|-boost|p1a: Gogoat|def|1\n|move|p2a: Bronzong|Psychic Noise|p1a: Gogoat\n|-damage|p1a: Gogoat|57/100\n|\n|-end|p1a: Gogoat|move: Heal Block\n|upkeep\n|turn|12\n|inactive|Time left: 300 sec this turn | 300 sec total\n|\n|t:|1783402627\n|move|p1a: Gogoat|Milk Drink|p1a: Gogoat\n|-heal|p1a: Gogoat|100/100\n|move|p2a: Bronzong|Psychic Noise|p1a: Gogoat\n|-damage|p1a: Gogoat|80/100\n|-start|p1a: Gogoat|move: Heal Block\n|\n|upkeep\n|turn|13\n|inactive|Time left: 300 sec this turn | 300 sec total\n|\n|t:|1783402627\n|move|p1a: Gogoat|Bulk Up|p1a: Gogoat\n|-boost|p1a: Gogoat|atk|1\n|-boost|p1a: Gogoat|def|1\n|move|p2a: Bronzong|Iron Defense|p2a: Bronzong\n|-boost|p2a: Bronzong|def|2\n|\n|-end|p1a: Gogoat|move: Heal Block\n|upkeep\n|turn|14\n|inactive|Time left: 300 sec this turn | 300 sec total\n|\n|t:|1783402627\n|move|p1a: Gogoat|Milk Drink|p1a: Gogoat\n|-heal|p1a: Gogoat|100/100\n|move|p2a: Bronzong|Psychic Noise|p1a: Gogoat\n|-damage|p1a: Gogoat|78/100\n|-start|p1a: Gogoat|move: Heal Block\n|\n|upkeep\n|turn|15\n|inactive|Time left: 300 sec this turn | 300 sec total\n|\n|t:|1783402628\n|move|p1a: Gogoat|Bulk Up|p1a: Gogoat\n|-boost|p1a: Gogoat|atk|1\n|-boost|p1a: Gogoat|def|1\n|move|p2a: Bronzong|Psychic Noise|p1a: Gogoat\n|-damage|p1a: Gogoat|57/100\n|\n|-end|p1a: Gogoat|move: Heal Block\n|upkeep\n|turn|16\n|inactive|Time left: 300 sec this turn | 300 sec total\n|\n|t:|1783402628\n|move|p1a: Gogoat|Milk Drink|p1a: Gogoat\n|-heal|p1a: Gogoat|100/100\n|move|p2a: Bronzong|Psychic Noise|p1a: Gogoat\n|-damage|p1a: Gogoat|79/100\n|-start|p1a: Gogoat|move: Heal Block\n|\n|upkeep\n|turn|17\n|inactive|Time left: 300 sec this turn | 300 sec total\n|\n|t:|1783402628\n|move|p1a: Gogoat|Earthquake|p2a: Bronzong\n|-immune|p2a: Bronzong|[from] ability: Levitate\n|move|p2a: Bronzong|Psychic Noise|p1a: Gogoat\n|-damage|p1a: Gogoat|59/100\n|\n|-end|p1a: Gogoat|move: Heal Block\n|upkeep\n|turn|18\n|inactive|Time left: 300 sec this turn | 300 sec total\n|\n|t:|1783402628\n|move|p1a: Gogoat|Milk Drink|p1a: Gogoat\n|-heal|p1a: Gogoat|100/100\n|move|p2a: Bronzong|Psychic Noise|p1a: Gogoat\n|-damage|p1a: Gogoat|80/100\n|-start|p1a: Gogoat|move: Heal Block\n|\n|upkeep\n|turn|19\n|inactive|Time left: 300 sec this turn | 300 sec total\n|\n|t:|1783402629\n|move|p1a: Gogoat|Earthquake|p2a: Bronzong\n|-immune|p2a: Bronzong|[from] ability: Levitate\n|move|p2a: Bronzong|Psychic Noise|p1a: Gogoat\n|-damage|p1a: Gogoat|60/100\n|\n|-end|p1a: Gogoat|move: Heal Block\n|upkeep\n|turn|20\n|inactive|Time left: 300 sec this turn | 300 sec total\n|\n|t:|1783402629\n|move|p1a: Gogoat|Milk Drink|p1a: Gogoat\n|-heal|p1a: Gogoat|100/100\n|move|p2a: Bronzong|Psychic Noise|p1a: Gogoat\n|-damage|p1a: Gogoat|78/100\n|-start|p1a: Gogoat|move: Heal Block\n|\n|upkeep\n|turn|21\n|inactive|Time left: 300 sec this turn | 300 sec total\n|\n|t:|1783402629\n|move|p1a: Gogoat|Earthquake|p2a: Bronzong\n|-immune|p2a: Bronzong|[from] ability: Levitate\n|move|p2a: Bronzong|Psychic Noise|p1a: Gogoat\n|-damage|p1a: Gogoat|57/100\n|\n|-end|p1a: Gogoat|move: Heal Block\n|upkeep\n|turn|22\n|inactive|Time left: 300 sec this turn | 300 sec total\n|\n|t:|1783402629\n|move|p1a: Gogoat|Milk Drink|p1a: Gogoat\n|-heal|p1a: Gogoat|100/100\n|move|p2a: Bronzong|Psychic Noise|p1a: Gogoat\n|-damage|p1a: Gogoat|79/100\n|-start|p1a: Gogoat|move: Heal Block\n|\n|upkeep\n|turn|23\n|inactive|Time left: 300 sec this turn | 300 sec total\n|\n|t:|1783402630\n|move|p1a: Gogoat|Bulk Up|p1a: Gogoat\n|-boost|p1a: Gogoat|atk|0\n|-boost|p1a: Gogoat|def|0\n|move|p2a: Bronzong|Psychic Noise|p1a: Gogoat\n|-damage|p1a: Gogoat|57/100\n|\n|-end|p1a: Gogoat|move: Heal Block\n|upkeep\n|turn|24\n|inactive|Time left: 300 sec this turn | 300 sec total\n|\n|t:|1783402630\n|move|p1a: Gogoat|Horn Leech|p2a: Bronzong\n|-resisted|p2a: Bronzong\n|-damage|p2a: Bronzong|191/261\n|-heal|p1a: Gogoat|66/100|[from] drain|[of] p2a: Bronzong\n|move|p2a: Bronzong|Psychic Noise|p1a: Gogoat\n|-damage|p1a: Gogoat|44/100\n|-start|p1a: Gogoat|move: Heal Block\n|\n|upkeep\n|turn|25\n|inactive|Time left: 300 sec this turn | 300 sec total\n|\n|t:|1783402630\n|move|p1a: Gogoat|Earthquake|p2a: Bronzong\n|-immune|p2a: Bronzong|[from] ability: Levitate\n|move|p2a: Bronzong|Iron Defense|p2a: Bronzong\n|-boost|p2a: Bronzong|def|2\n|\n|-end|p1a: Gogoat|move: Heal Block\n|upkeep\n|turn|26\n|inactive|Time left: 300 sec this turn | 300 sec total\n|\n|t:|1783402630\n|move|p1a: Gogoat|Horn Leech|p2a: Bronzong\n|-resisted|p2a: Bronzong\n|-damage|p2a: Bronzong|141/261\n|-heal|p1a: Gogoat|51/100|[from] drain|[of] p2a: Bronzong\n|move|p2a: Bronzong|Body Press|p1a: Gogoat\n|-damage|p1a: Gogoat|34/100\n|\n|upkeep\n|turn|27\n|inactive|Time left: 300 sec this turn | 300 sec total\n|\n|t:|1783402631\n|move|p1a: Gogoat|Horn Leech|p2a: Bronzong\n|-resisted|p2a: Bronzong\n|-damage|p2a: Bronzong|93/261\n|-heal|p1a: Gogoat|40/100|[from] drain|[of] p2a: Bronzong\n|move|p2a: Bronzong|Body Press|p1a: Gogoat\n|-damage|p1a: Gogoat|22/100\n|\n|upkeep\n|turn|28\n|inactive|Time left: 300 sec this turn | 300 sec total\n|\n|t:|1783402631\n|move|p1a: Gogoat|Horn Leech|p2a: Bronzong\n|-resisted|p2a: Bronzong\n|-damage|p2a: Bronzong|48/261\n|-heal|p1a: Gogoat|28/100|[from] drain|[of] p2a: Bronzong\n|move|p2a: Bronzong|Rest|p2a: Bronzong\n|-status|p2a: Bronzong|slp|[from] move: Rest\n|-heal|p2a: Bronzong|261/261 slp|[silent]\n|-enditem|p2a: Bronzong|Chesto Berry|[eat]\n|-curestatus|p2a: Bronzong|slp|[msg]\n|\n|upkeep\n|turn|29\n|inactive|Time left: 300 sec this turn | 300 sec total\n|\n|t:|1783402631\n|move|p1a: Gogoat|Horn Leech|p2a: Bronzong\n|-resisted|p2a: Bronzong\n|-damage|p2a: Bronzong|218/261\n|-heal|p1a: Gogoat|34/100|[from] drain|[of] p2a: Bronzong\n|move|p2a: Bronzong|Body Press|p1a: Gogoat\n|-damage|p1a: Gogoat|16/100\n|\n|upkeep\n|turn|30\n|inactive|Time left: 300 sec this turn | 300 sec total\n|\n|t:|1783402631\n|switch|p1a: Masquerain|Masquerain, L87, F|100/100\n|-ability|p1a: Masquerain|Intimidate|boost\n|-unboost|p2a: Bronzong|atk|1\n|move|p2a: Bronzong|Body Press|p1a: Masquerain\n|-resisted|p1a: Masquerain\n|-damage|p1a: Masquerain|77/100\n|\n|upkeep\n|turn|31\n|inactive|Time left: 300 sec this turn | 300 sec total\n|\n|t:|1783402632\n|move|p1a: Masquerain|Quiver Dance|p1a: Masquerain\n|-boost|p1a: Masquerain|spa|1\n|-boost|p1a: Masquerain|spd|1\n|-boost|p1a: Masquerain|spe|1\n|move|p2a: Bronzong|Body Press|p1a: Masquerain\n|-resisted|p1a: Masquerain\n|-damage|p1a: Masquerain|52/100\n|\n|upkeep\n|turn|32\n|inactive|Time left: 300 sec this turn | 300 sec total\n|\n|t:|1783402632\n|move|p1a: Masquerain|Bug Buzz|p2a: Bronzong\n|-damage|p2a: Bronzong|95/261\n|move|p2a: Bronzong|Body Press|p1a: Masquerain\n|-resisted|p1a: Masquerain\n|-damage|p1a: Masquerain|29/100\n|\n|upkeep\n|turn|33\n|inactive|Time left: 300 sec this turn | 300 sec total\n|\n|t:|1783402632\n|-terastallize|p2a: Bronzong|Fighting\n|move|p1a: Masquerain|Hurricane|p2a: Bronzong|[miss]\n|-miss|p1a: Masquerain|p2a: Bronzong\n|move|p2a: Bronzong|Body Press|p1a: Masquerain\n|-resisted|p1a: Masquerain\n|-damage|p1a: Masquerain|0 fnt\n|faint|p1a: Masquerain\n|\n|upkeep\n|\n|t:|1783402632\n|switch|p1a: Dialga|Dialga-Origin, L73|100/100\n|-ability|p1a: Dialga|Pressure\n|turn|34\n|inactive|Time left: 300 sec this turn | 300 sec total\n|\n|t:|1783402633\n|move|p1a: Dialga|Draco Meteor|p2a: Bronzong|[miss]\n|-miss|p1a: Dialga|p2a: Bronzong\n|move|p2a: Bronzong|Body Press|p1a: Dialga\n|-supereffective|p1a: Dialga\n|-damage|p1a: Dialga|0 fnt\n|faint|p1a: Dialga\n|\n|upkeep\n|\n|t:|1783402633\n|switch|p1a: Gogoat|Gogoat, L88, F|16/100\n|turn|35\n|inactive|Time left: 300 sec this turn | 300 sec total\n|\n|t:|1783402633\n|move|p1a: Gogoat|Horn Leech|p2a: Bronzong\n|-crit|p2a: Bronzong\n|-damage|p2a: Bronzong|0 fnt\n|-heal|p1a: Gogoat|29/100|[from] drain|[of] p2a: Bronzong\n|faint|p2a: Bronzong\n|\n|upkeep\n|inactive|Time left: 300 sec this turn | 300 sec total | 5 sec grace\n|\n|t:|1783402633\n|switch|p2a: Cinccino|Cinccino, L83, M|260/260\n|turn|36\n|inactive|Time left: 300 sec this turn | 300 sec total\n|\n|t:|1783402634\n|move|p2a: Cinccino|Tail Slap|p1a: Gogoat|[miss]\n|-miss|p2a: Cinccino|p1a: Gogoat\n|move|p1a: Gogoat|Horn Leech|p2a: Cinccino\n|-damage|p2a: Cinccino|142/260\n|-heal|p1a: Gogoat|46/100|[from] drain|[of] p2a: Cinccino\n|\n|upkeep\n|turn|37\n|inactive|Time left: 300 sec this turn | 300 sec total\n|\n|t:|1783402634\n|move|p2a: Cinccino|Tail Slap|p1a: Gogoat\n|-damage|p1a: Gogoat|34/100\n|-damage|p1a: Gogoat|20/100\n|-damage|p1a: Gogoat|6/100\n|-damage|p1a: Gogoat|0 fnt\n|faint|p1a: Gogoat\n|-hitcount|p1: Gogoat|4\n|\n|upkeep\n|\n|t:|1783402634\n|switch|p1a: Flamigo|Flamigo, L82, M|39/100\n|turn|38\n|inactive|Time left: 300 sec this turn | 300 sec total\n|\n|t:|1783402634\n|move|p1a: Flamigo|Close Combat|p2a: Cinccino\n|-supereffective|p2a: Cinccino\n|-damage|p2a: Cinccino|0 fnt\n|-unboost|p1a: Flamigo|def|1\n|-unboost|p1a: Flamigo|spd|1\n|faint|p2a: Cinccino\n|\n|upkeep\n|inactive|Time left: 300 sec this turn | 300 sec total | 5 sec grace\n|\n|t:|1783402634\n|switch|p2a: Veluza|Veluza, L85, M|292/292\n|turn|39\n|inactive|Time left: 300 sec this turn | 300 sec total\n|\n|t:|1783402635\n|-terastallize|p1a: Flamigo|Fighting\n|move|p1a: Flamigo|Close Combat|p2a: Veluza\n|-resisted|p2a: Veluza\n|-damage|p2a: Veluza|193/292\n|-unboost|p1a: Flamigo|def|1\n|-unboost|p1a: Flamigo|spd|1\n|move|p2a: Veluza|Aqua Cutter|p1a: Flamigo\n|-damage|p1a: Flamigo|0 fnt\n|faint|p1a: Flamigo\n|\n|upkeep\n|\n|t:|1783402635\n|switch|p1a: Dudunsparce|Dudunsparce-Three-Segment, L83, F|100/100\n|turn|40\n|inactive|Time left: 300 sec this turn | 300 sec total\n|\n|t:|1783402635\n|move|p2a: Veluza|Aqua Cutter|p1a: Dudunsparce\n|-damage|p1a: Dudunsparce|48/100\n|move|p1a: Dudunsparce|Glare|p2a: Veluza\n|-status|p2a: Veluza|par\n|\n|-heal|p1a: Dudunsparce|54/100|[from] item: Leftovers\n|upkeep\n|turn|41\n|inactive|Time left: 300 sec this turn | 300 sec total\n|\n|t:|1783402635\n|switch|p2a: Zarude|Zarude-Dada, L77|288/288\n|move|p1a: Dudunsparce|Roost|p1a: Dudunsparce\n|-heal|p1a: Dudunsparce|100/100\n|-singleturn|p1a: Dudunsparce|move: Roost\n|\n|upkeep\n|turn|42\n|inactive|Time left: 300 sec this turn | 300 sec total\n|\n|t:|1783402636\n|move|p2a: Zarude|Close Combat|p1a: Dudunsparce\n|-supereffective|p1a: Dudunsparce\n|-damage|p1a: Dudunsparce|18/100\n|-unboost|p2a: Zarude|def|1\n|-unboost|p2a: Zarude|spd|1\n|move|p1a: Dudunsparce|Glare|p2a: Zarude\n|-status|p2a: Zarude|par\n|\n|-heal|p1a: Dudunsparce|24/100|[from] item: Leftovers\n|upkeep\n|turn|43\n|inactive|Time left: 300 sec this turn | 300 sec total\n|\n|t:|1783402636\n|move|p1a: Dudunsparce|Headbutt|p2a: Zarude\n|-damage|p2a: Zarude|183/288 par\n|cant|p2a: Zarude|flinch\n|\n|-heal|p1a: Dudunsparce|30/100|[from] item: Leftovers\n|upkeep\n|turn|44\n|inactive|Time left: 300 sec this turn | 300 sec total\n|\n|t:|1783402636\n|move|p1a: Dudunsparce|Roost|p1a: Dudunsparce\n|-heal|p1a: Dudunsparce|80/100\n|-singleturn|p1a: Dudunsparce|move: Roost\n|move|p2a: Zarude|Close Combat|p1a: Dudunsparce\n|-supereffective|p1a: Dudunsparce\n|-damage|p1a: Dudunsparce|4/100\n|-unboost|p2a: Zarude|def|1\n|-unboost|p2a: Zarude|spd|1\n|\n|-heal|p1a: Dudunsparce|10/100|[from] item: Leftovers\n|upkeep\n|turn|45\n|inactive|Time left: 300 sec this turn | 300 sec total\n|\n|t:|1783402636\n|move|p1a: Dudunsparce|Headbutt|p2a: Zarude\n|-damage|p2a: Zarude|39/288 par\n|cant|p2a: Zarude|par\n|\n|-heal|p1a: Dudunsparce|17/100|[from] item: Leftovers\n|upkeep\n|turn|46\n|inactive|Time left: 300 sec this turn | 300 sec total\n|\n|t:|1783402637\n|move|p1a: Dudunsparce|Earthquake|p2a: Zarude\n|-resisted|p2a: Zarude\n|-damage|p2a: Zarude|0 fnt\n|faint|p2a: Zarude\n|\n|-heal|p1a: Dudunsparce|23/100|[from] item: Leftovers\n|upkeep\n|inactive|Time left: 300 sec this turn | 300 sec total | 5 sec grace\n|\n|t:|1783402637\n|switch|p2a: Veluza|Veluza, L85, M|193/292 par\n|turn|47\n|inactive|Time left: 300 sec this turn | 300 sec total\n|\n|t:|1783402637\n|move|p1a: Dudunsparce|Roost|p1a: Dudunsparce\n|-heal|p1a: Dudunsparce|73/100\n|-singleturn|p1a: Dudunsparce|move: Roost\n|move|p2a: Veluza|Aqua Cutter|p1a: Dudunsparce\n|-damage|p1a: Dudunsparce|17/100\n|\n|-heal|p1a: Dudunsparce|23/100|[from] item: Leftovers\n|upkeep\n|turn|48\n|inactive|Time left: 300 sec this turn | 300 sec total\n|\n|t:|1783402637\n|move|p1a: Dudunsparce|Headbutt|p2a: Veluza\n|-damage|p2a: Veluza|109/292 par\n|move|p2a: Veluza|Aqua Cutter|p1a: Dudunsparce\n|-damage|p1a: Dudunsparce|0 fnt\n|faint|p1a: Dudunsparce\n|\n|win|p0y008bda4", "uploadtime": 1783402637, "views": 0, "rating": 0, "private": 0, "password": null, "_winner": "p0y008bda4", "_our_name": "p0y008bda4"} "_our_name": "p0x00829ee"}