{"id": "battle-gen9randombattle-124", "formatid": "gen9randombattle", "format": "[Gen 9] Random Battle", "players": ["p0x004ed87", "p0y004921d"], "log": "|init|battle\n|title|p0x004ed87 vs. p0y004921d\n|j|\u2606p0x004ed87\n|j|\u2606p0y004921d\n|t:|1783402565\n|gametype|singles\n|player|p1|p0x004ed87|1|\n|player|p2|p0y004921d|102|\n|gen|9\n|tier|[Gen 9] Random Battle\n|rule|Species Clause: Limit one of each Pok\u00e9mon\n|rule|HP Percentage Mod: HP is shown in percentages\n|rule|Sleep Clause Mod: Limit one foe put to sleep\n|rule|Illusion Level Mod: Illusion disguises the Pok\u00e9mon's true level\n|\n|t:|1783402565\n|teamsize|p1|6\n|teamsize|p2|6\n|start\n|switch|p1a: Frosmoth|Frosmoth, L82, M|249/249\n|switch|p2a: Enamorus|Enamorus, L79, F|100/100\n|turn|1\n|inactive|Battle timer is ON: inactive players will automatically lose when time's up. (requested by p0y004921d)\n|inactive|Time left: 300 sec this turn | 300 sec total | 60 sec grace\n|inactive|p0x004ed87 also wants the timer to be on.\n|\n|t:|1783402566\n|-terastallize|p2a: Enamorus|Fighting\n|move|p2a: Enamorus|Superpower|p1a: Frosmoth\n|-damage|p1a: Frosmoth|62/249\n|-boost|p2a: Enamorus|atk|1\n|-boost|p2a: Enamorus|def|1\n|move|p1a: Frosmoth|Quiver Dance|p1a: Frosmoth\n|-boost|p1a: Frosmoth|spa|1\n|-boost|p1a: Frosmoth|spd|1\n|-boost|p1a: Frosmoth|spe|1\n|\n|upkeep\n|turn|2\n|inactive|Time left: 300 sec this turn | 300 sec total\n|\n|t:|1783402566\n|switch|p2a: Froslass|Froslass, L87, F|100/100\n|move|p1a: Frosmoth|Hurricane|p2a: Froslass\n|-damage|p2a: Froslass|47/100\n|-start|p2a: Froslass|confusion\n|\n|upkeep\n|turn|3\n|inactive|Time left: 300 sec this turn | 300 sec total\n|\n|t:|1783402566\n|-activate|p2a: Froslass|confusion\n|move|p2a: Froslass|Poltergeist|p1a: Frosmoth\n|-activate|p1a: Frosmoth|move: Poltergeist|Heavy-Duty Boots\n|-damage|p1a: Frosmoth|0 fnt\n|faint|p1a: Frosmoth\n|\n|upkeep\n|inactive|Time left: 300 sec this turn | 300 sec total | 5 sec grace\n|\n|t:|1783402566\n|switch|p1a: Banette|Banette, L93, F|270/270\n|turn|4\n|inactive|Time left: 300 sec this turn | 300 sec total\n|\n|t:|1783402567\n|-activate|p2a: Froslass|confusion\n|-damage|p2a: Froslass|35/100|[from] confusion\n|move|p1a: Banette|Poltergeist|p2a: Froslass\n|-activate|p2a: Froslass|move: Poltergeist|Wide Lens\n|-supereffective|p2a: Froslass\n|-damage|p2a: Froslass|0 fnt\n|faint|p2a: Froslass\n|-damage|p1a: Banette|243/270|[from] item: Life Orb\n|\n|upkeep\n|\n|t:|1783402567\n|switch|p2a: Koraidon|Koraidon, L64|100/100\n|-weather|SunnyDay|[from] ability: Orichalcum Pulse|[of] p2a: Koraidon\n|-activate|p2a: Koraidon|Orichalcum Pulse|[source]\n|turn|5\n|inactive|Time left: 300 sec this turn | 300 sec total\n|\n|t:|1783402567\n|move|p2a: Koraidon|Outrage|p1a: Banette\n|-damage|p1a: Banette|36/270\n|move|p1a: Banette|Poltergeist|p2a: Koraidon\n|-activate|p2a: Koraidon|move: Poltergeist|Choice Band\n|-damage|p2a: Koraidon|0 fnt\n|faint|p2a: Koraidon\n|-damage|p1a: Banette|9/270|[from] item: Life Orb\n|\n|-weather|SunnyDay|[upkeep]\n|upkeep\n|\n|t:|1783402567\n|switch|p2a: Uxie|Uxie, L83|100/100\n|turn|6\n|inactive|Time left: 300 sec this turn | 300 sec total\n|\n|t:|1783402568\n|move|p2a: Uxie|Knock Off|p1a: Banette\n|-supereffective|p1a: Banette\n|-damage|p1a: Banette|0 fnt\n|-enditem|p1a: Banette|Life Orb|[from] move: Knock Off|[of] p2a: Uxie\n|faint|p1a: Banette\n|\n|-weather|SunnyDay|[upkeep]\n|upkeep\n|inactive|Time left: 300 sec this turn | 300 sec total | 5 sec grace\n|\n|t:|1783402568\n|switch|p1a: Rampardos|Rampardos, L90, F|321/321\n|turn|7\n|inactive|Time left: 300 sec this turn | 300 sec total\n|\n|t:|1783402568\n|move|p1a: Rampardos|Fire Punch|p2a: Uxie\n|-damage|p2a: Uxie|52/100\n|move|p2a: Uxie|U-turn|p1a: Rampardos\n|-damage|p1a: Rampardos|271/321\n|\n|t:|1783402568\n|switch|p2a: Enamorus|Enamorus, L79, F, tera:Fighting|100/100|[from] U-turn\n|\n|-weather|SunnyDay|[upkeep]\n|upkeep\n|turn|8\n|inactive|Time left: 300 sec this turn | 300 sec total\n|\n|t:|1783402569\n|-terastallize|p1a: Rampardos|Fire\n|move|p1a: Rampardos|Fire Punch|p2a: Enamorus\n|-damage|p2a: Enamorus|0 fnt\n|faint|p2a: Enamorus\n|\n|-weather|SunnyDay|[upkeep]\n|upkeep\n|\n|t:|1783402569\n|switch|p2a: Altaria|Altaria, L89, M|100/100\n|turn|9\n|inactive|Time left: 300 sec this turn | 300 sec total\n|\n|t:|1783402569\n|switch|p1a: Stonjourner|Stonjourner, L91, M|330/330\n|move|p2a: Altaria|Earthquake|p1a: Stonjourner\n|-supereffective|p1a: Stonjourner\n|-damage|p1a: Stonjourner|252/330\n|\n|-weather|none\n|upkeep\n|turn|10\n|inactive|Time left: 300 sec this turn | 300 sec total\n|\n|t:|1783402569\n|move|p2a: Altaria|Earthquake|p1a: Stonjourner\n|-supereffective|p1a: Stonjourner\n|-damage|p1a: Stonjourner|170/330\n|move|p1a: Stonjourner|Stone Edge|p2a: Altaria|[miss]\n|-miss|p1a: Stonjourner|p2a: Altaria\n|\n|upkeep\n|turn|11\n|inactive|Time left: 300 sec this turn | 300 sec total\n|\n|t:|1783402569\n|switch|p2a: Uxie|Uxie, L83|52/100\n|move|p1a: Stonjourner|Stone Edge|p2a: Uxie|[miss]\n|-miss|p1a: Stonjourner|p2a: Uxie\n|\n|-heal|p2a: Uxie|58/100|[from] item: Leftovers\n|upkeep\n|turn|12\n|inactive|Time left: 300 sec this turn | 300 sec total\n|\n|t:|1783402570\n|move|p2a: Uxie|Psychic Noise|p1a: Stonjourner\n|-damage|p1a: Stonjourner|29/330\n|-start|p1a: Stonjourner|move: Heal Block\n|move|p1a: Stonjourner|Stone Edge|p2a: Uxie\n|-damage|p2a: Uxie|0 fnt\n|faint|p2a: Uxie\n|-damage|p1a: Stonjourner|0 fnt|[from] item: Life Orb\n|faint|p1a: Stonjourner\n|\n|upkeep\n|inactive|Time left: 300 sec this turn | 300 sec total | 5 sec grace\n|\n|t:|1783402570\n|switch|p2a: Dedenne|Dedenne, L88, F|100/100\n|switch|p1a: Haxorus|Haxorus, L77, F|244/244\n|-ability|p1a: Haxorus|Mold Breaker\n|turn|13\n|inactive|Time left: 300 sec this turn | 300 sec total\n|\n|t:|1783402570\n|switch|p1a: Rampardos|Rampardos, L90, F, tera:Fire|271/321\n|move|p2a: Dedenne|Nuzzle|p1a: Rampardos\n|-damage|p1a: Rampardos|250/321\n|-status|p1a: Rampardos|par\n|\n|upkeep\n|turn|14\n|inactive|Time left: 300 sec this turn | 300 sec total\n|\n|t:|1783402570\n|switch|p2a: Altaria|Altaria, L89, M|100/100\n|move|p1a: Rampardos|Head Smash|p2a: Altaria\n|-supereffective|p2a: Altaria\n|-damage|p2a: Altaria|0 fnt\n|faint|p2a: Altaria\n|-damage|p1a: Rampardos|111/321 par|[from] Recoil\n|\n|upkeep\n|\n|t:|1783402571\n|switch|p2a: Dedenne|Dedenne, L88, F|100/100\n|turn|15\n|inactive|Time left: 300 sec this turn | 300 sec total\n|\n|t:|1783402571\n|move|p2a: Dedenne|Super Fang|p1a: Rampardos\n|-damage|p1a: Rampardos|56/321 par\n|move|p1a: Rampardos|Head Smash|p2a: Dedenne|[miss]\n|-miss|p1a: Rampardos|p2a: Dedenne\n|\n|upkeep\n|turn|16\n|inactive|Time left: 300 sec this turn | 300 sec total\n|\n|t:|1783402571\n|move|p2a: Dedenne|Thunderbolt|p1a: Rampardos\n|-damage|p1a: Rampardos|0 fnt\n|faint|p1a: Rampardos\n|\n|upkeep\n|inactive|Time left: 300 sec this turn | 300 sec total | 5 sec grace\n|\n|t:|1783402571\n|switch|p1a: Toxicroak|Toxicroak, L84, F|277/277\n|turn|17\n|inactive|Time left: 300 sec this turn | 300 sec total\n|\n|t:|1783402572\n|move|p2a: Dedenne|Nuzzle|p1a: Toxicroak\n|-damage|p1a: Toxicroak|258/277\n|-status|p1a: Toxicroak|par\n|cant|p1a: Toxicroak|par\n|\n|upkeep\n|turn|18\n|inactive|Time left: 300 sec this turn | 300 sec total\n|\n|t:|1783402572\n|move|p2a: Dedenne|Dazzling Gleam|p1a: Toxicroak\n|-damage|p1a: Toxicroak|165/277 par\n|move|p1a: Toxicroak|Gunk Shot|p2a: Dedenne\n|-supereffective|p2a: Dedenne\n|-damage|p2a: Dedenne|0 fnt\n|faint|p2a: Dedenne\n|\n|win|p0x004ed87", "uploadtime": 1783402572, "views": 0, "rating": 0, "private": 0, "password": null, "_winner": "p0x004ed87", "_our_name": "p0x004ed87"}ord": null, "_winner": "p0x004ed87", "_our_name": "p0y004921d"}