{"id": "battle-gen9randombattle-125", "formatid": "gen9randombattle", "format": "[Gen 9] Random Battle", "players": ["p0x00569f0", "p0y0052530"], "log": "|init|battle\n|title|p0x00569f0 vs. p0y0052530\n|j|\u2606p0x00569f0\n|j|\u2606p0y0052530\n|t:|1783402579\n|gametype|singles\n|player|p1|p0x00569f0|266|\n|player|p2|p0y0052530|266|\n|gen|9\n|tier|[Gen 9] Random Battle\n|rule|Species Clause: Limit one of each Pok\u00e9mon\n|rule|HP Percentage Mod: HP is shown in percentages\n|rule|Sleep Clause Mod: Limit one foe put to sleep\n|rule|Illusion Level Mod: Illusion disguises the Pok\u00e9mon's true level\n|\n|t:|1783402579\n|teamsize|p1|6\n|teamsize|p2|6\n|start\n|switch|p1a: Perrserker|Perrserker, L89, F|100/100\n|switch|p2a: Terrakion|Terrakion, L79|273/273\n|turn|1\n|inactive|Battle timer is ON: inactive players will automatically lose when time's up. (requested by p0y0052530)\n|inactive|p0x00569f0 also wants the timer to be on.\n|\n|t:|1783402579\n|switch|p1a: Lugia|Lugia, L73|100/100\n|move|p2a: Terrakion|Close Combat|p1a: Lugia\n|-resisted|p1a: Lugia\n|-damage|p1a: Lugia|93/100\n|-unboost|p2a: Terrakion|def|1\n|-unboost|p2a: Terrakion|spd|1\n|-damage|p2a: Terrakion|246/273|[from] item: Life Orb\n|\n|upkeep\n|turn|2\n|inactive|Time left: 300 sec this turn | 300 sec total\n|\n|t:|1783402580\n|switch|p1a: Trevenant|Trevenant, L89, M|100/100\n|move|p2a: Terrakion|Stone Edge|p1a: Trevenant\n|-damage|p1a: Trevenant|45/100\n|-enditem|p1a: Trevenant|Sitrus Berry|[eat]\n|-heal|p1a: Trevenant|70/100|[from] item: Sitrus Berry\n|-damage|p2a: Terrakion|219/273|[from] item: Life Orb\n|\n|upkeep\n|turn|3\n|inactive|Time left: 300 sec this turn | 300 sec total\n|\n|t:|1783402580\n|switch|p2a: Jumpluff|Jumpluff, L87, F|271/271\n|move|p1a: Trevenant|Poltergeist||[still]\n|-fail|p1a: Trevenant\n|\n|-item|p1a: Trevenant|Sitrus Berry|[from] ability: Harvest\n|upkeep\n|turn|4\n|inactive|Time left: 300 sec this turn | 300 sec total\n|\n|t:|1783402580\n|move|p2a: Jumpluff|Acrobatics|p1a: Trevenant\n|-supereffective|p1a: Trevenant\n|-damage|p1a: Trevenant|8/100\n|-enditem|p1a: Trevenant|Sitrus Berry|[eat]\n|-heal|p1a: Trevenant|33/100|[from] item: Sitrus Berry\n|move|p1a: Trevenant|Toxic|p2a: Jumpluff\n|-status|p2a: Jumpluff|tox\n|\n|-damage|p2a: Jumpluff|255/271 tox|[from] psn\n|-item|p1a: Trevenant|Sitrus Berry|[from] ability: Harvest\n|upkeep\n|-enditem|p1a: Trevenant|Sitrus Berry|[eat]\n|-heal|p1a: Trevenant|58/100|[from] item: Sitrus Berry\n|turn|5\n|inactive|Time left: 300 sec this turn | 300 sec total\n|\n|t:|1783402580\n|switch|p1a: Perrserker|Perrserker, L89, F|100/100\n|move|p2a: Jumpluff|Acrobatics|p1a: Perrserker\n|-resisted|p1a: Perrserker\n|-damage|p1a: Perrserker|87/100\n|\n|-damage|p2a: Jumpluff|223/271 tox|[from] psn\n|upkeep\n|turn|6\n|inactive|Time left: 300 sec this turn | 300 sec total\n|\n|t:|1783402581\n|move|p2a: Jumpluff|Strength Sap|p1a: Perrserker\n|-unboost|p1a: Perrserker|atk|1\n|-heal|p2a: Jumpluff|271/271 tox\n|move|p1a: Perrserker|Stealth Rock|p2a: Jumpluff\n|-sidestart|p2: p0y0052530|move: Stealth Rock\n|\n|-damage|p2a: Jumpluff|223/271 tox|[from] psn\n|upkeep\n|turn|7\n|inactive|Time left: 300 sec this turn | 300 sec total\n|\n|t:|1783402581\n|switch|p2a: Clodsire|Clodsire, L81, F|343/343\n|-damage|p2a: Clodsire|322/343|[from] Stealth Rock\n|switch|p1a: Flareon|Flareon, L90, M|100/100\n|\n|-heal|p2a: Clodsire|343/343|[from] item: Leftovers\n|-status|p1a: Flareon|tox|[from] item: Toxic Orb\n|upkeep\n|turn|8\n|inactive|Time left: 300 sec this turn | 300 sec total\n|\n|t:|1783402581\n|move|p1a: Flareon|Flare Blitz|p2a: Clodsire\n|-damage|p2a: Clodsire|0 fnt\n|faint|p2a: Clodsire\n|-damage|p1a: Flareon|58/100 tox|[from] Recoil\n|\n|-damage|p1a: Flareon|51/100 tox|[from] psn\n|upkeep\n|inactive|Time left: 300 sec this turn | 300 sec total | 5 sec grace\n|\n|t:|1783402581\n|switch|p2a: Terrakion|Terrakion, L79|219/273\n|-damage|p2a: Terrakion|202/273|[from] Stealth Rock\n|turn|9\n|inactive|Time left: 300 sec this turn | 300 sec total\n|\n|t:|1783402582\n|switch|p1a: Uxie|Uxie, L83|100/100\n|move|p2a: Terrakion|Stone Edge|p1a: Uxie|[miss]\n|-miss|p2a: Terrakion|p1a: Uxie\n|\n|upkeep\n|turn|10\n|inactive|Time left: 300 sec this turn | 300 sec total\n|\n|t:|1783402582\n|move|p2a: Terrakion|Swords Dance|p2a: Terrakion\n|-boost|p2a: Terrakion|atk|2\n|move|p1a: Uxie|Psychic Noise|p2a: Terrakion\n|-supereffective|p2a: Terrakion\n|-damage|p2a: Terrakion|76/273\n|-start|p2a: Terrakion|move: Heal Block\n|\n|upkeep\n|turn|11\n|inactive|Time left: 300 sec this turn | 300 sec total\n|\n|t:|1783402582\n|move|p2a: Terrakion|Stone Edge|p1a: Uxie\n|-damage|p1a: Uxie|12/100\n|-damage|p2a: Terrakion|49/273|[from] item: Life Orb\n|move|p1a: Uxie|Psychic Noise|p2a: Terrakion\n|-supereffective|p2a: Terrakion\n|-damage|p2a: Terrakion|0 fnt\n|faint|p2a: Terrakion\n|\n|-heal|p1a: Uxie|18/100|[from] item: Leftovers\n|upkeep\n|inactive|Time left: 300 sec this turn | 300 sec total | 5 sec grace\n|\n|t:|1783402582\n|switch|p2a: Greedent|Greedent, L86, F|347/347\n|-damage|p2a: Greedent|304/347|[from] Stealth Rock\n|turn|12\n|inactive|Time left: 300 sec this turn | 300 sec total\n|\n|t:|1783402583\n|move|p1a: Uxie|Knock Off|p2a: Greedent\n|-damage|p2a: Greedent|251/347\n|-enditem|p2a: Greedent|Sitrus Berry|[from] move: Knock Off|[of] p1a: Uxie\n|move|p2a: Greedent|Knock Off|p1a: Uxie\n|-supereffective|p1a: Uxie\n|-damage|p1a: Uxie|0 fnt\n|-enditem|p1a: Uxie|Leftovers|[from] move: Knock Off|[of] p2a: Greedent\n|faint|p1a: Uxie\n|\n|upkeep\n|\n|t:|1783402583\n|switch|p1a: Flareon|Flareon, L90, M|51/100 tox\n|turn|13\n|inactive|Time left: 300 sec this turn | 300 sec total\n|\n|t:|1783402583\n|-terastallize|p1a: Flareon|Normal\n|move|p1a: Flareon|Facade|p2a: Greedent\n|-damage|p2a: Greedent|0 fnt\n|faint|p2a: Greedent\n|\n|-damage|p1a: Flareon|45/100 tox|[from] psn\n|upkeep\n|inactive|Time left: 300 sec this turn | 300 sec total | 5 sec grace\n|\n|t:|1783402583\n|switch|p2a: Palossand|Palossand, L89, F|296/296\n|-damage|p2a: Palossand|278/296|[from] Stealth Rock\n|turn|14\n|inactive|Time left: 300 sec this turn | 300 sec total\n|\n|t:|1783402584\n|move|p1a: Flareon|Flare Blitz|p2a: Palossand\n|-damage|p2a: Palossand|58/296\n|-damage|p1a: Flareon|18/100 tox|[from] Recoil\n|move|p2a: Palossand|Earth Power|p1a: Flareon\n|-damage|p1a: Flareon|0 fnt\n|faint|p1a: Flareon\n|\n|-heal|p2a: Palossand|76/296|[from] item: Leftovers\n|upkeep\n|\n|t:|1783402584\n|switch|p1a: Perrserker|Perrserker, L89, F|87/100\n|turn|15\n|inactive|Time left: 300 sec this turn | 300 sec total\n|\n|t:|1783402584\n|-terastallize|p2a: Palossand|Water\n|move|p1a: Perrserker|Iron Head|p2a: Palossand\n|-resisted|p2a: Palossand\n|-crit|p2a: Palossand\n|-damage|p2a: Palossand|0 fnt\n|faint|p2a: Palossand\n|-damage|p1a: Perrserker|77/100|[from] item: Life Orb\n|\n|upkeep\n|inactive|Time left: 300 sec this turn | 300 sec total | 5 sec grace\n|\n|t:|1783402584\n|switch|p2a: Jumpluff|Jumpluff, L87, F|223/271 tox\n|-damage|p2a: Jumpluff|156/271 tox|[from] Stealth Rock\n|turn|16\n|inactive|Time left: 300 sec this turn | 300 sec total\n|\n|t:|1783402585\n|move|p2a: Jumpluff|Strength Sap|p1a: Perrserker\n|-unboost|p1a: Perrserker|atk|1\n|-heal|p2a: Jumpluff|271/271 tox\n|move|p1a: Perrserker|Iron Head|p2a: Jumpluff\n|-damage|p2a: Jumpluff|125/271 tox\n|-damage|p1a: Perrserker|68/100|[from] item: Life Orb\n|\n|-damage|p2a: Jumpluff|109/271 tox|[from] psn\n|upkeep\n|turn|17\n|inactive|Time left: 300 sec this turn | 300 sec total\n|\n|t:|1783402585\n|switch|p1a: Lugia|Lugia, L73|93/100\n|move|p2a: Jumpluff|Strength Sap|p1a: Lugia\n|-unboost|p1a: Lugia|atk|1\n|-heal|p2a: Jumpluff|245/271 tox\n|\n|-damage|p2a: Jumpluff|213/271 tox|[from] psn\n|upkeep\n|turn|18\n|inactive|Time left: 300 sec this turn | 300 sec total\n|\n|t:|1783402585\n|move|p2a: Jumpluff|Leech Seed|p1a: Lugia\n|-start|p1a: Lugia|move: Leech Seed\n|move|p1a: Lugia|Aeroblast|p2a: Jumpluff\n|-supereffective|p2a: Jumpluff\n|-crit|p2a: Jumpluff\n|-damage|p2a: Jumpluff|0 fnt\n|faint|p2a: Jumpluff\n|\n|upkeep\n|inactive|Time left: 300 sec this turn | 300 sec total | 5 sec grace\n|\n|t:|1783402585\n|switch|p2a: Greninja|Greninja, L80, M|246/246\n|-damage|p2a: Greninja|216/246|[from] Stealth Rock\n|turn|19\n|inactive|Time left: 300 sec this turn | 300 sec total\n|\n|t:|1783402585\n|switch|p1a: Trevenant|Trevenant, L89, M|58/100\n|move|p2a: Greninja|Hydro Pump|p1a: Trevenant\n|-start|p2a: Greninja|typechange|Water|[from] ability: Protean\n|-resisted|p1a: Trevenant\n|-damage|p1a: Trevenant|35/100\n|-damage|p2a: Greninja|192/246|[from] item: Life Orb\n|\n|-item|p1a: Trevenant|Sitrus Berry|[from] ability: Harvest\n|upkeep\n|-enditem|p1a: Trevenant|Sitrus Berry|[eat]\n|-heal|p1a: Trevenant|60/100|[from] item: Sitrus Berry\n|turn|20\n|inactive|Time left: 300 sec this turn | 300 sec total\n|\n|t:|1783402586\n|move|p2a: Greninja|Ice Beam|p1a: Trevenant\n|-supereffective|p1a: Trevenant\n|-damage|p1a: Trevenant|11/100\n|-damage|p2a: Greninja|168/246|[from] item: Life Orb\n|move|p1a: Trevenant|Poltergeist|p2a: Greninja\n|-activate|p2a: Greninja|move: Poltergeist|Life Orb\n|-damage|p2a: Greninja|0 fnt\n|faint|p2a: Greninja\n|\n|win|p0x00569f0", "uploadtime": 1783402586, "views": 0, "rating": 0, "private": 0, "password": null, "_winner": "p0x00569f0", "_our_name": "p0y0052530"}