{"id": "battle-gen9randombattle-140", "formatid": "gen9randombattle", "format": "[Gen 9] Random Battle", "players": ["p0x020ae02", "p0y020804f"], "log": "|init|battle\n|title|p0x020ae02 vs. p0y020804f\n|j|\u2606p0x020ae02\n|j|\u2606p0y020804f\n|t:|1783402815\n|gametype|singles\n|player|p1|p0x020ae02|170|\n|player|p2|p0y020804f|266|\n|gen|9\n|tier|[Gen 9] Random Battle\n|rule|Species Clause: Limit one of each Pok\u00e9mon\n|rule|HP Percentage Mod: HP is shown in percentages\n|rule|Sleep Clause Mod: Limit one foe put to sleep\n|rule|Illusion Level Mod: Illusion disguises the Pok\u00e9mon's true level\n|\n|t:|1783402815\n|teamsize|p1|6\n|teamsize|p2|6\n|start\n|switch|p1a: Vespiquen|Vespiquen, L99, F|100/100\n|switch|p2a: Palafin|Palafin, L77, F|281/281\n|-ability|p1a: Vespiquen|Pressure\n|turn|1\n|inactive|Battle timer is ON: inactive players will automatically lose when time's up. (requested by p0x020ae02)\n|inactive|Time left: 300 sec this turn | 300 sec total | 60 sec grace\n|inactive|p0y020804f also wants the timer to be on.\n|\n|t:|1783402815\n|move|p2a: Palafin|Bulk Up|p2a: Palafin\n|-boost|p2a: Palafin|atk|1\n|-boost|p2a: Palafin|def|1\n|move|p1a: Vespiquen|Hurricane|p2a: Palafin|[miss]\n|-miss|p1a: Vespiquen|p2a: Palafin\n|\n|upkeep\n|turn|2\n|inactive|Time left: 300 sec this turn | 300 sec total\n|\n|t:|1783402815\n|move|p2a: Palafin|Bulk Up|p2a: Palafin\n|-boost|p2a: Palafin|atk|1\n|-boost|p2a: Palafin|def|1\n|move|p1a: Vespiquen|Hurricane|p2a: Palafin\n|-damage|p2a: Palafin|94/281\n|-start|p2a: Palafin|confusion\n|\n|-heal|p2a: Palafin|111/281|[from] item: Leftovers\n|upkeep\n|turn|3\n|inactive|Time left: 300 sec this turn | 300 sec total\n|\n|t:|1783402816\n|-activate|p2a: Palafin|confusion\n|move|p2a: Palafin|Wave Crash|p1a: Vespiquen\n|-damage|p1a: Vespiquen|60/100\n|-damage|p2a: Palafin|71/281|[from] Recoil\n|move|p1a: Vespiquen|Hurricane|p2a: Palafin\n|-damage|p2a: Palafin|0 fnt\n|faint|p2a: Palafin\n|\n|upkeep\n|inactive|Time left: 300 sec this turn | 300 sec total | 5 sec grace\n|\n|t:|1783402816\n|switch|p2a: Regieleki|Regieleki, L79|256/256\n|turn|4\n|inactive|Time left: 300 sec this turn | 300 sec total\n|\n|t:|1783402816\n|switch|p1a: Sawsbuck|Sawsbuck-Autumn, L88, M|100/100\n|move|p2a: Regieleki|Thunderbolt|p1a: Sawsbuck\n|-resisted|p1a: Sawsbuck\n|-damage|p1a: Sawsbuck|75/100\n|\n|upkeep\n|turn|5\n|inactive|Time left: 300 sec this turn | 300 sec total\n|\n|t:|1783402816\n|move|p2a: Regieleki|Volt Switch|p1a: Sawsbuck\n|-resisted|p1a: Sawsbuck\n|-damage|p1a: Sawsbuck|54/100\n|inactive|Time left: 300 sec this turn | 300 sec total | 5 sec grace\n|\n|t:|1783402817\n|switch|p2a: Cobalion|Cobalion, L80|277/277|[from] Volt Switch\n|move|p1a: Sawsbuck|Swords Dance|p1a: Sawsbuck\n|-boost|p1a: Sawsbuck|atk|2\n|\n|upkeep\n|turn|6\n|inactive|Time left: 300 sec this turn | 300 sec total\n|\n|t:|1783402817\n|move|p2a: Cobalion|Close Combat|p1a: Sawsbuck\n|-supereffective|p1a: Sawsbuck\n|-damage|p1a: Sawsbuck|0 fnt\n|-unboost|p2a: Cobalion|def|1\n|-unboost|p2a: Cobalion|spd|1\n|faint|p1a: Sawsbuck\n|\n|upkeep\n|\n|t:|1783402817\n|switch|p1a: Entei|Entei, L78|100/100\n|turn|7\n|inactive|Time left: 300 sec this turn | 300 sec total\n|\n|t:|1783402817\n|switch|p2a: Chansey|Chansey, L85, F|564/564\n|move|p1a: Entei|Sacred Fire|p2a: Chansey\n|-damage|p2a: Chansey|227/564\n|-status|p2a: Chansey|brn\n|\n|-damage|p2a: Chansey|192/564 brn|[from] brn\n|upkeep\n|turn|8\n|inactive|Time left: 300 sec this turn | 300 sec total\n|\n|t:|1783402818\n|move|p1a: Entei|Sacred Fire|p2a: Chansey\n|-damage|p2a: Chansey|0 fnt\n|faint|p2a: Chansey\n|\n|upkeep\n|inactive|Time left: 300 sec this turn | 300 sec total | 5 sec grace\n|\n|t:|1783402818\n|switch|p2a: Regieleki|Regieleki, L79|256/256\n|turn|9\n|inactive|Time left: 300 sec this turn | 300 sec total\n|\n|t:|1783402818\n|move|p2a: Regieleki|Thunderbolt|p1a: Entei\n|-damage|p1a: Entei|43/100\n|move|p1a: Entei|Sacred Fire|p2a: Regieleki\n|-damage|p2a: Regieleki|28/256\n|-status|p2a: Regieleki|brn\n|\n|-damage|p2a: Regieleki|12/256 brn|[from] brn\n|upkeep\n|turn|10\n|inactive|Time left: 300 sec this turn | 300 sec total\n|\n|t:|1783402818\n|move|p2a: Regieleki|Thunderbolt|p1a: Entei\n|-damage|p1a: Entei|0 fnt\n|faint|p1a: Entei\n|\n|-damage|p2a: Regieleki|0 fnt|[from] brn\n|faint|p2a: Regieleki\n|upkeep\n|inactive|Time left: 300 sec this turn | 300 sec total | 5 sec grace\n|\n|t:|1783402819\n|switch|p2a: Cobalion|Cobalion, L80|277/277\n|switch|p1a: Araquanid|Araquanid, L82, F|100/100\n|turn|11\n|inactive|Time left: 300 sec this turn | 300 sec total\n|\n|t:|1783402819\n|move|p2a: Cobalion|Swords Dance|p2a: Cobalion\n|-boost|p2a: Cobalion|atk|2\n|move|p1a: Araquanid|Hydro Pump|p2a: Cobalion\n|-damage|p2a: Cobalion|99/277\n|\n|-heal|p2a: Cobalion|116/277|[from] item: Leftovers\n|upkeep\n|turn|12\n|inactive|Time left: 300 sec this turn | 300 sec total\n|\n|t:|1783402819\n|move|p2a: Cobalion|Iron Head|p1a: Araquanid\n|-resisted|p1a: Araquanid\n|-crit|p1a: Araquanid\n|-damage|p1a: Araquanid|57/100\n|move|p1a: Araquanid|Hydro Pump|p2a: Cobalion\n|-damage|p2a: Cobalion|0 fnt\n|faint|p2a: Cobalion\n|\n|upkeep\n|inactive|Time left: 300 sec this turn | 300 sec total | 5 sec grace\n|\n|t:|1783402819\n|switch|p2a: Rotom|Rotom-Mow, L87|229/229\n|turn|13\n|inactive|Time left: 300 sec this turn | 300 sec total\n|\n|t:|1783402820\n|switch|p1a: Gengar|Gengar, L81, F|100/100\n|move|p2a: Rotom|Nasty Plot|p2a: Rotom\n|-boost|p2a: Rotom|spa|2\n|\n|upkeep\n|turn|14\n|inactive|Time left: 300 sec this turn | 300 sec total\n|\n|t:|1783402820\n|switch|p2a: Annihilape|Annihilape, L76, F|292/292\n|move|p1a: Gengar|Encore||[still]\n|-fail|p1a: Gengar\n|\n|upkeep\n|turn|15\n|inactive|Time left: 300 sec this turn | 300 sec total\n|\n|t:|1783402820\n|-terastallize|p1a: Gengar|Ghost\n|-terastallize|p2a: Annihilape|Fairy\n|move|p1a: Gengar|Shadow Ball|p2a: Annihilape\n|-damage|p2a: Annihilape|107/292\n|-damage|p1a: Gengar|90/100|[from] item: Life Orb\n|move|p2a: Annihilape|Rage Fist|p1a: Gengar\n|-supereffective|p1a: Gengar\n|-damage|p1a: Gengar|0 fnt\n|-start|p2a: Annihilape|Disable|Rage Fist|[from] ability: Cursed Body|[of] p1a: Gengar\n|faint|p1a: Gengar\n|\n|-heal|p2a: Annihilape|125/292|[from] item: Leftovers\n|upkeep\n|\n|t:|1783402820\n|switch|p1a: Kingdra|Kingdra, L84, M|100/100\n|turn|16\n|inactive|Time left: 300 sec this turn | 300 sec total\n|\n|t:|1783402821\n|switch|p2a: Rotom|Rotom-Mow, L87|229/229\n|move|p1a: Kingdra|Dragon Dance|p1a: Kingdra\n|-boost|p1a: Kingdra|atk|1\n|-boost|p1a: Kingdra|spe|1\n|\n|upkeep\n|turn|17\n|inactive|Time left: 300 sec this turn | 300 sec total\n|\n|t:|1783402821\n|move|p1a: Kingdra|Waterfall|p2a: Rotom\n|-resisted|p2a: Rotom\n|-damage|p2a: Rotom|173/229\n|move|p2a: Rotom|Nasty Plot|p2a: Rotom\n|-boost|p2a: Rotom|spa|2\n|\n|-heal|p2a: Rotom|187/229|[from] item: Leftovers\n|upkeep\n|turn|18\n|inactive|Time left: 300 sec this turn | 300 sec total\n|\n|t:|1783402821\n|move|p1a: Kingdra|Outrage|p2a: Rotom\n|-damage|p2a: Rotom|27/229\n|move|p2a: Rotom|Thunderbolt|p1a: Kingdra\n|-damage|p1a: Kingdra|25/100\n|\n|-heal|p2a: Rotom|41/229|[from] item: Leftovers\n|upkeep\n|turn|19\n|inactive|Time left: 300 sec this turn | 300 sec total\n|\n|t:|1783402821\n|switch|p2a: Annihilape|Annihilape, L76, F, tera:Fairy|125/292\n|move|p1a: Kingdra|Outrage|p2a: Annihilape|[from] lockedmove\n|-immune|p2a: Annihilape\n|\n|-heal|p2a: Annihilape|143/292|[from] item: Leftovers\n|upkeep\n|turn|20\n|inactive|Time left: 300 sec this turn | 300 sec total\n|\n|t:|1783402822\n|move|p1a: Kingdra|Wave Crash|p2a: Annihilape\n|-damage|p2a: Annihilape|0 fnt\n|faint|p2a: Annihilape\n|-damage|p1a: Kingdra|7/100|[from] Recoil\n|\n|upkeep\n|inactive|Time left: 300 sec this turn | 300 sec total | 5 sec grace\n|\n|t:|1783402822\n|switch|p2a: Rotom|Rotom-Mow, L87|41/229\n|turn|21\n|inactive|Time left: 300 sec this turn | 300 sec total\n|\n|t:|1783402822\n|move|p1a: Kingdra|Wave Crash|p2a: Rotom\n|-resisted|p2a: Rotom\n|-damage|p2a: Rotom|0 fnt\n|faint|p2a: Rotom\n|-damage|p1a: Kingdra|2/100|[from] Recoil\n|\n|win|p0x020ae02", "uploadtime": 1783402822, "views": 0, "rating": 0, "private": 0, "password": null, "_winner": "p0x020ae02", "_our_name": "p0y020804f"}