{"id": "battle-gen9randombattle-136", "formatid": "gen9randombattle", "format": "[Gen 9] Random Battle", "players": ["p0x016b9ef", "p0y016d72a"], "log": "|init|battle\n|title|p0x016b9ef vs. p0y016d72a\n|j|\u2606p0x016b9ef\n|j|\u2606p0y016d72a\n|t:|1783402755\n|gametype|singles\n|player|p1|p0x016b9ef|101|\n|player|p2|p0y016d72a|169|\n|gen|9\n|tier|[Gen 9] Random Battle\n|rule|Species Clause: Limit one of each Pok\u00e9mon\n|rule|HP Percentage Mod: HP is shown in percentages\n|rule|Sleep Clause Mod: Limit one foe put to sleep\n|rule|Illusion Level Mod: Illusion disguises the Pok\u00e9mon's true level\n|\n|t:|1783402755\n|teamsize|p1|6\n|teamsize|p2|6\n|start\n|switch|p1a: Dewgong|Dewgong, L94, M|100/100\n|switch|p2a: Roaring Moon|Roaring Moon, L72|270/270\n|turn|1\n|inactive|Battle timer is ON: inactive players will automatically lose when time's up. (requested by p0y016d72a)\n|inactive|p0x016b9ef also wants the timer to be on.\n|\n|t:|1783402755\n|move|p2a: Roaring Moon|Dragon Dance|p2a: Roaring Moon\n|-boost|p2a: Roaring Moon|atk|1\n|-boost|p2a: Roaring Moon|spe|1\n|move|p1a: Dewgong|Ice Beam|p2a: Roaring Moon\n|-supereffective|p2a: Roaring Moon\n|-damage|p2a: Roaring Moon|58/270\n|\n|upkeep\n|turn|2\n|inactive|Time left: 300 sec this turn | 300 sec total\n|\n|t:|1783402755\n|move|p2a: Roaring Moon|Outrage|p1a: Dewgong\n|-damage|p1a: Dewgong|40/100\n|move|p1a: Dewgong|Ice Beam|p2a: Roaring Moon\n|-supereffective|p2a: Roaring Moon\n|-damage|p2a: Roaring Moon|0 fnt\n|faint|p2a: Roaring Moon\n|-end|p2a: Roaring Moon|Protosynthesis|[silent]\n|\n|upkeep\n|inactive|Time left: 300 sec this turn | 300 sec total | 5 sec grace\n|\n|t:|1783402756\n|switch|p2a: Wo-Chien|Wo-Chien, L83|277/277\n|-ability|p2a: Wo-Chien|Tablets of Ruin\n|turn|3\n|inactive|Time left: 300 sec this turn | 300 sec total\n|\n|t:|1783402756\n|move|p1a: Dewgong|Ice Beam|p2a: Wo-Chien\n|-supereffective|p2a: Wo-Chien\n|-damage|p2a: Wo-Chien|139/277\n|move|p2a: Wo-Chien|Giga Drain|p1a: Dewgong\n|-supereffective|p1a: Dewgong\n|-damage|p1a: Dewgong|13/100\n|-heal|p2a: Wo-Chien|182/277|[from] drain|[of] p1a: Dewgong\n|\n|-heal|p2a: Wo-Chien|199/277|[from] item: Leftovers\n|upkeep\n|turn|4\n|inactive|Time left: 300 sec this turn | 300 sec total\n|\n|t:|1783402756\n|move|p1a: Dewgong|Ice Beam|p2a: Wo-Chien\n|-supereffective|p2a: Wo-Chien\n|-damage|p2a: Wo-Chien|65/277\n|move|p2a: Wo-Chien|Knock Off|p1a: Dewgong\n|-damage|p1a: Dewgong|0 fnt\n|-enditem|p1a: Dewgong|Assault Vest|[from] move: Knock Off|[of] p2a: Wo-Chien\n|faint|p1a: Dewgong\n|\n|-heal|p2a: Wo-Chien|82/277|[from] item: Leftovers\n|upkeep\n|\n|t:|1783402756\n|switch|p1a: Entei|Entei, L78|100/100\n|turn|5\n|inactive|Time left: 300 sec this turn | 300 sec total\n|\n|t:|1783402757\n|switch|p2a: Entei|Entei, L78|307/307\n|move|p1a: Entei|Sacred Fire|p2a: Entei\n|-resisted|p2a: Entei\n|-damage|p2a: Entei|215/307\n|\n|upkeep\n|turn|6\n|inactive|Time left: 300 sec this turn | 300 sec total\n|\n|t:|1783402757\n|move|p1a: Entei|Sacred Fire|p2a: Entei\n|-resisted|p2a: Entei\n|-damage|p2a: Entei|130/307\n|move|p2a: Entei|Stomping Tantrum|p1a: Entei\n|-supereffective|p1a: Entei\n|-damage|p1a: Entei|39/100\n|\n|upkeep\n|turn|7\n|inactive|Time left: 300 sec this turn | 300 sec total\n|\n|t:|1783402757\n|switch|p1a: Uxie|Uxie, L83|100/100\n|move|p2a: Entei|Stomping Tantrum|p1a: Uxie\n|-immune|p1a: Uxie|[from] ability: Levitate\n|\n|upkeep\n|turn|8\n|inactive|Time left: 300 sec this turn | 300 sec total\n|\n|t:|1783402757\n|switch|p2a: Wo-Chien|Wo-Chien, L83|82/277\n|-ability|p2a: Wo-Chien|Tablets of Ruin\n|move|p1a: Uxie|Stealth Rock|p2a: Wo-Chien\n|-sidestart|p2: p0y016d72a|move: Stealth Rock\n|\n|-heal|p2a: Wo-Chien|99/277|[from] item: Leftovers\n|upkeep\n|turn|9\n|inactive|Time left: 300 sec this turn | 300 sec total\n|\n|t:|1783402758\n|switch|p1a: Entei|Entei, L78|39/100\n|move|p2a: Wo-Chien|Knock Off|p1a: Entei\n|-damage|p1a: Entei|6/100\n|-enditem|p1a: Entei|Choice Band|[from] move: Knock Off|[of] p2a: Wo-Chien\n|\n|-heal|p2a: Wo-Chien|116/277|[from] item: Leftovers\n|upkeep\n|turn|10\n|inactive|Time left: 300 sec this turn | 300 sec total\n|\n|t:|1783402758\n|move|p2a: Wo-Chien|Protect|p2a: Wo-Chien\n|-singleturn|p2a: Wo-Chien|Protect\n|move|p1a: Entei|Sacred Fire|p2a: Wo-Chien\n|-activate|p2a: Wo-Chien|move: Protect\n|\n|-heal|p2a: Wo-Chien|133/277|[from] item: Leftovers\n|upkeep\n|turn|11\n|inactive|Time left: 300 sec this turn | 300 sec total\n|\n|t:|1783402758\n|switch|p2a: Lunala|Lunala, L70|308/308\n|-damage|p2a: Lunala|270/308|[from] Stealth Rock\n|move|p1a: Entei|Sacred Fire|p2a: Lunala\n|-damage|p2a: Lunala|152/308\n|\n|-heal|p2a: Lunala|171/308|[from] item: Leftovers\n|upkeep\n|turn|12\n|inactive|Time left: 300 sec this turn | 300 sec total\n|\n|t:|1783402758\n|move|p1a: Entei|Sacred Fire|p2a: Lunala\n|-damage|p2a: Lunala|45/308\n|move|p2a: Lunala|Moonlight|p2a: Lunala\n|-heal|p2a: Lunala|199/308\n|\n|-heal|p2a: Lunala|218/308|[from] item: Leftovers\n|upkeep\n|turn|13\n|inactive|Time left: 300 sec this turn | 300 sec total\n|\n|t:|1783402759\n|switch|p1a: Crawdaunt|Crawdaunt, L84, F|100/100\n|move|p2a: Lunala|Moonlight|p2a: Lunala\n|-heal|p2a: Lunala|308/308\n|\n|upkeep\n|turn|14\n|inactive|Time left: 300 sec this turn | 300 sec total\n|\n|t:|1783402759\n|-terastallize|p2a: Lunala|Fighting\n|move|p2a: Lunala|Focus Blast|p1a: Crawdaunt\n|-supereffective|p1a: Crawdaunt\n|-damage|p1a: Crawdaunt|0 fnt\n|faint|p1a: Crawdaunt\n|\n|upkeep\n|\n|t:|1783402759\n|switch|p1a: Mew|Mew, L82|100/100\n|turn|15\n|inactive|Time left: 300 sec this turn | 300 sec total\n|\n|t:|1783402759\n|move|p1a: Mew|Encore|p2a: Lunala\n|-start|p2a: Lunala|Encore\n|move|p2a: Lunala|Focus Blast|p1a: Mew\n|-resisted|p1a: Mew\n|-damage|p1a: Mew|81/100\n|\n|-heal|p1a: Mew|87/100|[from] item: Leftovers\n|upkeep\n|turn|16\n|inactive|Time left: 300 sec this turn | 300 sec total\n|\n|t:|1783402760\n|switch|p1a: Iron Moth|Iron Moth, L78|100/100\n|switch|p2a: Wo-Chien|Wo-Chien, L83|133/277\n|-damage|p2a: Wo-Chien|99/277|[from] Stealth Rock\n|-ability|p2a: Wo-Chien|Tablets of Ruin\n|\n|-heal|p2a: Wo-Chien|116/277|[from] item: Leftovers\n|upkeep\n|turn|17\n|inactive|Time left: 300 sec this turn | 300 sec total\n|\n|t:|1783402760\n|switch|p2a: Lunala|Lunala, L70, tera:Fighting|308/308\n|-damage|p2a: Lunala|289/308|[from] Stealth Rock\n|move|p1a: Iron Moth|Fire Blast|p2a: Lunala\n|-damage|p2a: Lunala|148/308\n|\n|-heal|p2a: Lunala|167/308|[from] item: Leftovers\n|upkeep\n|turn|18\n|inactive|Time left: 300 sec this turn | 300 sec total\n|\n|t:|1783402760\n|-terastallize|p1a: Iron Moth|Fire\n|move|p1a: Iron Moth|Fire Blast|p2a: Lunala\n|-damage|p2a: Lunala|0 fnt\n|faint|p2a: Lunala\n|\n|upkeep\n|inactive|Time left: 300 sec this turn | 300 sec total | 5 sec grace\n|\n|t:|1783402760\n|switch|p2a: Entei|Entei, L78|130/307\n|-damage|p2a: Entei|54/307|[from] Stealth Rock\n|turn|19\n|inactive|Time left: 300 sec this turn | 300 sec total\n|\n|t:|1783402761\n|move|p2a: Entei|Extreme Speed|p1a: Iron Moth\n|-damage|p1a: Iron Moth|52/100\n|move|p1a: Iron Moth|Sludge Wave|p2a: Entei\n|-damage|p2a: Entei|0 fnt\n|faint|p2a: Entei\n|\n|upkeep\n|inactive|Time left: 300 sec this turn | 300 sec total | 5 sec grace\n|\n|t:|1783402761\n|switch|p2a: Leafeon|Leafeon, L88, M|258/258\n|-damage|p2a: Leafeon|226/258|[from] Stealth Rock\n|turn|20\n|inactive|Time left: 300 sec this turn | 300 sec total\n|\n|t:|1783402761\n|move|p1a: Iron Moth|Sludge Wave|p2a: Leafeon\n|-supereffective|p2a: Leafeon\n|-damage|p2a: Leafeon|0 fnt\n|faint|p2a: Leafeon\n|\n|upkeep\n|inactive|Time left: 300 sec this turn | 300 sec total | 5 sec grace\n|\n|t:|1783402761\n|switch|p2a: Wo-Chien|Wo-Chien, L83|116/277\n|-damage|p2a: Wo-Chien|82/277|[from] Stealth Rock\n|-ability|p2a: Wo-Chien|Tablets of Ruin\n|turn|21\n|inactive|Time left: 300 sec this turn | 300 sec total\n|\n|t:|1783402761\n|move|p2a: Wo-Chien|Protect|p2a: Wo-Chien\n|-singleturn|p2a: Wo-Chien|Protect\n|move|p1a: Iron Moth|Fire Blast|p2a: Wo-Chien\n|-activate|p2a: Wo-Chien|move: Protect\n|\n|-heal|p2a: Wo-Chien|99/277|[from] item: Leftovers\n|upkeep\n|turn|22\n|inactive|Time left: 300 sec this turn | 300 sec total\n|\n|t:|1783402762\n|move|p2a: Wo-Chien|Protect||[still]\n|-fail|p2a: Wo-Chien\n|move|p1a: Iron Moth|Sludge Wave|p2a: Wo-Chien\n|-supereffective|p2a: Wo-Chien\n|-damage|p2a: Wo-Chien|0 fnt\n|faint|p2a: Wo-Chien\n|\n|upkeep\n|inactive|Time left: 300 sec this turn | 300 sec total | 5 sec grace\n|\n|t:|1783402762\n|switch|p2a: Orthworm|Orthworm, L88, F|266/266\n|-damage|p2a: Orthworm|250/266|[from] Stealth Rock\n|turn|23\n|inactive|Time left: 300 sec this turn | 300 sec total\n|\n|t:|178340276, "uploadtime": 1783402762, "views": 0, "rating": 0, "private": 0, "password": null, "_winner": "p0x016b9ef", "_our_name": "p0x016b9ef"}n|win|p0x016b9ef", "uploadtime": 1783402762, "views": 0, "rating": 0, "private": 0, "password": null, "_winner": "p0x016b9ef", "_our_name": "p0y016d72a"}