{"id": "battle-gen9randombattle-122", "formatid": "gen9randombattle", "format": "[Gen 9] Random Battle", "players": ["p0x0023d6b", "p0y0020ebe"], "log": "|init|battle\n|title|p0x0023d6b vs. p0y0020ebe\n|j|\u2606p0x0023d6b\n|j|\u2606p0y0020ebe\n|t:|1783402530\n|gametype|singles\n|player|p1|p0x0023d6b|265|\n|player|p2|p0y0020ebe|2|\n|gen|9\n|tier|[Gen 9] Random Battle\n|rule|Species Clause: Limit one of each Pok\u00e9mon\n|rule|HP Percentage Mod: HP is shown in percentages\n|rule|Sleep Clause Mod: Limit one foe put to sleep\n|rule|Illusion Level Mod: Illusion disguises the Pok\u00e9mon's true level\n|\n|t:|1783402530\n|teamsize|p1|6\n|teamsize|p2|6\n|start\n|switch|p1a: Registeel|Registeel, L81|262/262\n|switch|p2a: Gardevoir|Gardevoir, L83, F|100/100\n|-ability|p2a: Gardevoir|Clear Body|Trace|[from] ability: Trace|[of] p1a: Registeel\n|turn|1\n|inactive|Battle timer is ON: inactive players will automatically lose when time's up. (requested by p0x0023d6b)\n|inactive|p0y0020ebe also wants the timer to be on.\n|\n|t:|1783402530\n|move|p2a: Gardevoir|Focus Blast|p1a: Registeel\n|-supereffective|p1a: Registeel\n|-damage|p1a: Registeel|118/262\n|move|p1a: Registeel|Iron Head|p2a: Gardevoir\n|-supereffective|p2a: Gardevoir\n|-damage|p2a: Gardevoir|35/100\n|\n|-heal|p1a: Registeel|134/262|[from] item: Leftovers\n|upkeep\n|turn|2\n|inactive|Time left: 300 sec this turn | 300 sec total\n|\n|t:|1783402530\n|move|p2a: Gardevoir|Focus Blast|p1a: Registeel\n|-supereffective|p1a: Registeel\n|-damage|p1a: Registeel|0 fnt\n|faint|p1a: Registeel\n|\n|upkeep\n|inactive|Time left: 300 sec this turn | 300 sec total | 5 sec grace\n|\n|t:|1783402531\n|switch|p1a: Manaphy|Manaphy, L78|284/284\n|turn|3\n|inactive|Time left: 300 sec this turn | 300 sec total\n|\n|t:|1783402531\n|move|p2a: Gardevoir|Focus Blast|p1a: Manaphy\n|-crit|p1a: Manaphy\n|-damage|p1a: Manaphy|131/284\n|move|p1a: Manaphy|Tail Glow|p1a: Manaphy\n|-boost|p1a: Manaphy|spa|3\n|\n|-heal|p1a: Manaphy|148/284|[from] item: Leftovers\n|upkeep\n|turn|4\n|inactive|Time left: 300 sec this turn | 300 sec total\n|\n|t:|1783402531\n|move|p2a: Gardevoir|Focus Blast|p1a: Manaphy\n|-damage|p1a: Manaphy|52/284\n|move|p1a: Manaphy|Ice Beam|p2a: Gardevoir\n|-damage|p2a: Gardevoir|0 fnt\n|faint|p2a: Gardevoir\n|\n|-heal|p1a: Manaphy|69/284|[from] item: Leftovers\n|upkeep\n|\n|t:|1783402531\n|switch|p2a: Deoxys|Deoxys, L74|100/100\n|-ability|p2a: Deoxys|Pressure\n|turn|5\n|inactive|Time left: 300 sec this turn | 300 sec total\n|\n|t:|1783402532\n|switch|p1a: Zekrom|Zekrom, L71|259/259\n|-ability|p1a: Zekrom|Teravolt\n|move|p2a: Deoxys|Knock Off|p1a: Zekrom\n|-damage|p1a: Zekrom|168/259\n|-enditem|p1a: Zekrom|Leftovers|[from] move: Knock Off|[of] p2a: Deoxys\n|-damage|p2a: Deoxys|91/100|[from] item: Life Orb\n|\n|upkeep\n|turn|6\n|inactive|Time left: 300 sec this turn | 300 sec total\n|\n|t:|1783402532\n|switch|p1a: Metagross|Metagross, L79|256/256\n|move|p2a: Deoxys|Psycho Boost|p1a: Metagross\n|-resisted|p1a: Metagross\n|-damage|p1a: Metagross|203/256\n|-unboost|p2a: Deoxys|spa|2\n|-damage|p2a: Deoxys|81/100|[from] item: Life Orb\n|\n|-heal|p1a: Metagross|219/256|[from] item: Leftovers\n|upkeep\n|turn|7\n|inactive|Time left: 300 sec this turn | 300 sec total\n|\n|t:|1783402532\n|move|p2a: Deoxys|Knock Off|p1a: Metagross\n|-supereffective|p1a: Metagross\n|-damage|p1a: Metagross|66/256\n|-enditem|p1a: Metagross|Leftovers|[from] move: Knock Off|[of] p2a: Deoxys\n|-damage|p2a: Deoxys|71/100|[from] item: Life Orb\n|move|p1a: Metagross|Earthquake|p2a: Deoxys\n|-damage|p2a: Deoxys|5/100\n|\n|upkeep\n|turn|8\n|inactive|Time left: 300 sec this turn | 300 sec total\n|\n|t:|1783402532\n|move|p2a: Deoxys|Superpower|p1a: Metagross\n|-damage|p1a: Metagross|0 fnt\n|-unboost|p2a: Deoxys|atk|1\n|-unboost|p2a: Deoxys|def|1\n|faint|p1a: Metagross\n|-damage|p2a: Deoxys|0 fnt|[from] item: Life Orb\n|faint|p2a: Deoxys\n|\n|upkeep\n|inactive|Time left: 300 sec this turn | 300 sec total | 5 sec grace\n|\n|t:|1783402533\n|switch|p2a: Dewgong|Dewgong, L94, M|100/100\n|switch|p1a: Baxcalibur|Baxcalibur, L75, M|295/295\n|turn|9\n|inactive|Time left: 300 sec this turn | 300 sec total\n|\n|t:|1783402533\n|move|p2a: Dewgong|Ice Beam|p1a: Baxcalibur\n|-damage|p1a: Baxcalibur|196/295\n|move|p1a: Baxcalibur|Swords Dance|p1a: Baxcalibur\n|-boost|p1a: Baxcalibur|atk|2\n|\n|upkeep\n|turn|10\n|inactive|Time left: 300 sec this turn | 300 sec total\n|\n|t:|1783402533\n|move|p2a: Dewgong|Encore|p1a: Baxcalibur\n|-start|p1a: Baxcalibur|Encore\n|move|p1a: Baxcalibur|Swords Dance|p1a: Baxcalibur\n|-boost|p1a: Baxcalibur|atk|2\n|\n|upkeep\n|turn|11\n|inactive|Time left: 300 sec this turn | 300 sec total\n|\n|t:|1783402533\n|switch|p1a: Manaphy|Manaphy, L78|69/284\n|move|p2a: Dewgong|Ice Beam|p1a: Manaphy\n|-resisted|p1a: Manaphy\n|-crit|p1a: Manaphy\n|-damage|p1a: Manaphy|0 fnt\n|faint|p1a: Manaphy\n|\n|upkeep\n|inactive|Time left: 300 sec this turn | 300 sec total | 5 sec grace\n|\n|t:|1783402534\n|switch|p1a: Zekrom|Zekrom, L71|168/259\n|-ability|p1a: Zekrom|Teravolt\n|turn|12\n|inactive|Time left: 300 sec this turn | 300 sec total\n|\n|t:|1783402534\n|-terastallize|p1a: Zekrom|Electric\n|move|p2a: Dewgong|Ice Beam|p1a: Zekrom\n|-damage|p1a: Zekrom|62/259\n|move|p1a: Zekrom|Dragon Dance|p1a: Zekrom\n|-boost|p1a: Zekrom|atk|1\n|-boost|p1a: Zekrom|spe|1\n|\n|upkeep\n|turn|13\n|inactive|Time left: 300 sec this turn | 300 sec total\n|\n|t:|1783402534\n|switch|p2a: Sceptile|Sceptile, L87, F|100/100\n|move|p1a: Zekrom|Bolt Strike|p2a: Sceptile\n|-resisted|p2a: Sceptile\n|-damage|p2a: Sceptile|40/100\n|-status|p2a: Sceptile|par\n|\n|-heal|p2a: Sceptile|46/100 par|[from] item: Leftovers\n|upkeep\n|turn|14\n|inactive|Time left: 300 sec this turn | 300 sec total\n|\n|t:|1783402534\n|move|p1a: Zekrom|Bolt Strike|p2a: Sceptile\n|-resisted|p2a: Sceptile\n|-damage|p2a: Sceptile|0 fnt\n|faint|p2a: Sceptile\n|\n|upkeep\n|\n|t:|1783402535\n|switch|p2a: Dewgong|Dewgong, L94, M|100/100\n|turn|15\n|inactive|Time left: 300 sec this turn | 300 sec total\n|\n|t:|1783402535\n|-terastallize|p2a: Dewgong|Steel\n|move|p1a: Zekrom|Bolt Strike|p2a: Dewgong\n|-damage|p2a: Dewgong|9/100\n|move|p2a: Dewgong|Ice Beam|p1a: Zekrom\n|-damage|p1a: Zekrom|0 fnt\n|faint|p1a: Zekrom\n|\n|upkeep\n|inactive|Time left: 300 sec this turn | 300 sec total | 5 sec grace\n|\n|t:|1783402535\n|switch|p1a: Baxcalibur|Baxcalibur, L75, M|196/295\n|turn|16\n|inactive|Time left: 300 sec this turn | 300 sec total\n|\n|t:|1783402535\n|move|p2a: Dewgong|Ice Beam|p1a: Baxcalibur\n|-crit|p1a: Baxcalibur\n|-damage|p1a: Baxcalibur|39/295\n|move|p1a: Baxcalibur|Scale Shot|p2a: Dewgong\n|-resisted|p2a: Dewgong\n|-crit|p2a: Dewgong\n|-damage|p2a: Dewgong|2/100\n|-resisted|p2a: Dewgong\n|-damage|p2a: Dewgong|0 fnt\n|faint|p2a: Dewgong\n|-hitcount|p2: Dewgong|2\n|-unboost|p1a: Baxcalibur|def|1\n|-boost|p1a: Baxcalibur|spe|1\n|\n|upkeep\n|\n|t:|1783402536\n|switch|p2a: Feraligatr|Feraligatr, L79, M|100/100\n|turn|17\n|inactive|Time left: 300 sec this turn | 300 sec total\n|\n|t:|1783402536\n|move|p1a: Baxcalibur|Scale Shot|p2a: Feraligatr\n|-damage|p2a: Feraligatr|89/100\n|-damage|p2a: Feraligatr|77/100\n|-damage|p2a: Feraligatr|67/100\n|-damage|p2a: Feraligatr|54/100\n|-hitcount|p2a: Feraligatr|4\n|-unboost|p1a: Baxcalibur|def|1\n|-boost|p1a: Baxcalibur|spe|1\n|move|p2a: Feraligatr|Liquidation|p1a: Baxcalibur\n|-resisted|p1a: Baxcalibur\n|-damage|p1a: Baxcalibur|0 fnt\n|faint|p1a: Baxcalibur\n|\n|upkeep\n|inactive|Time left: 300 sec this turn | 300 sec total | 5 sec grace\n|\n|t:|1783402536\n|switch|p1a: Braviary|Braviary, L85, M|309/309\n|turn|18\n|inactive|Time left: 300 sec this turn | 300 sec total\n|\n|t:|1783402536\n|move|p1a: Braviary|Brave Bird|p2a: Feraligatr\n|-damage|p2a: Feraligatr|0 fnt\n|faint|p2a: Feraligatr\n|-damage|p1a: Braviary|262/309|[from] Recoil\n|\n|upkeep\n|\n|t:|1783402537\n|switch|p2a: Flamigo|Flamigo, L82, F|100/100\n|turn|19\n|inactive|Time left: 300 sec this turn | 300 sec total\n|\n|t:|1783402537\n|move|p2a: Flamigo|Brave Bird|p1a: Braviary\n|-damage|p1a: Braviary|74/309\n|-damage|p2a: Flamigo|77/100|[from] Recoil\n|-damage|p2a: Flamigo|68/100|[from] item: Life Orb\n|move|p1a: Braviary|Roost|p1a: Braviary\n|-heal|p1a: Braviary|229/309\n|-singleturn|p1a: Braviary|move: Roost\n|\n|upkeep\n|turn|20\n|inactive|Time left: 300 sec this turn | 300 sec total\n|\n|t:|1783402537\n|move|p2a: Flamigo|Close Combat|p1a: Braviary\n|-damage|p1a: Braviary|18/309\n|-unboost|p2a: Flamigo|def|1\n|-unboost|p2a: Flamigo|spd|1\n|-damage|p2a: Flamigo|58/100|[from] item: Life Orb\n|move|p1a: Braviary|Roost|p1a: Braviary\n|-heal|p1a: Braviary|173/309\n|-singleturn|p1a: Braviary|move: Roost\n|\n|upkeep\n|turn|21\n|inactive|Time left: 300 sec this turn | 300 sec total\n|\n|t:|1783402537\n|move|p2a: Flamigo|Close Combat|p1a: Braviary\n|-damage|p1a: Braviary|0 fnt\n|-unboost|p2a: Flamigo|def|1\n|-unboost|p2a: Flamigo|spd|1\n|faint|p1a: Braviary\n|-damage|p2a: Flamigo|48/100|[from] item: Life Orb\n|\n|win|p0y0020ebe", "uploadtime": 1783402537, "views": 0, "rating": 0, "private": 0, "password": null, "_winner": "p0y0020ebe", "_our_name": "p0x0023d6b"}, "password": null, "_winner": "p0y0020ebe", "_our_name": "p0y0020ebe"}