{"id": "battle-gen9randombattle-121", "formatid": "gen9randombattle", "format": "[Gen 9] Random Battle", "players": ["p0x00102bb", "p0y001090f"], "log": "|init|battle\n|title|p0x00102bb vs. p0y001090f\n|j|\u2606p0x00102bb\n|j|\u2606p0y001090f\n|t:|1783402514\n|gametype|singles\n|player|p1|p0x00102bb|265|\n|player|p2|p0y001090f|102|\n|gen|9\n|tier|[Gen 9] Random Battle\n|rule|Species Clause: Limit one of each Pok\u00e9mon\n|rule|HP Percentage Mod: HP is shown in percentages\n|rule|Sleep Clause Mod: Limit one foe put to sleep\n|rule|Illusion Level Mod: Illusion disguises the Pok\u00e9mon's true level\n|\n|t:|1783402514\n|teamsize|p1|6\n|teamsize|p2|6\n|start\n|switch|p1a: Heatran|Heatran, L79, M|100/100\n|switch|p2a: Magmortar|Magmortar, L88, M|275/275\n|-item|p1a: Heatran|Air Balloon\n|turn|1\n|inactive|Battle timer is ON: inactive players will automatically lose when time's up. (requested by p0y001090f)\n|inactive|p0x00102bb also wants the timer to be on.\n|\n|t:|1783402514\n|move|p2a: Magmortar|Thunderbolt|p1a: Heatran\n|-damage|p1a: Heatran|69/100\n|-status|p1a: Heatran|par\n|-enditem|p1a: Heatran|Air Balloon\n|move|p1a: Heatran|Earth Power|p2a: Magmortar\n|-supereffective|p2a: Magmortar\n|-damage|p2a: Magmortar|135/275\n|-unboost|p2a: Magmortar|spd|1\n|\n|upkeep\n|turn|2\n|inactive|Time left: 300 sec this turn | 300 sec total\n|\n|t:|1783402515\n|move|p2a: Magmortar|Earthquake|p1a: Heatran\n|-supereffective|p1a: Heatran\n|-damage|p1a: Heatran|0 fnt\n|faint|p1a: Heatran\n|\n|upkeep\n|\n|t:|1783402515\n|switch|p1a: Manaphy|Manaphy, L78|100/100\n|turn|3\n|inactive|Time left: 300 sec this turn | 300 sec total\n|\n|t:|1783402515\n|switch|p2a: Okidogi|Okidogi, L77, M|262/262\n|move|p1a: Manaphy|Tail Glow|p1a: Manaphy\n|-boost|p1a: Manaphy|spa|3\n|\n|upkeep\n|turn|4\n|inactive|Time left: 300 sec this turn | 300 sec total\n|\n|t:|1783402515\n|move|p1a: Manaphy|Hydro Pump|p2a: Okidogi\n|-crit|p2a: Okidogi\n|-damage|p2a: Okidogi|0 fnt\n|faint|p2a: Okidogi\n|\n|upkeep\n|inactive|Time left: 300 sec this turn | 300 sec total | 5 sec grace\n|\n|t:|1783402516\n|switch|p2a: Florges|Florges-Yellow, L85, F|271/271\n|turn|5\n|inactive|Time left: 300 sec this turn | 300 sec total\n|\n|t:|1783402516\n|move|p1a: Manaphy|Hydro Pump|p2a: Florges\n|-damage|p2a: Florges|102/271\n|move|p2a: Florges|Calm Mind|p2a: Florges\n|-boost|p2a: Florges|spa|1\n|-boost|p2a: Florges|spd|1\n|\n|-heal|p2a: Florges|118/271|[from] item: Leftovers\n|upkeep\n|turn|6\n|inactive|Time left: 300 sec this turn | 300 sec total\n|\n|t:|1783402516\n|move|p1a: Manaphy|Tail Glow|p1a: Manaphy\n|-boost|p1a: Manaphy|spa|3\n|move|p2a: Florges|Moonblast|p1a: Manaphy\n|-damage|p1a: Manaphy|42/100\n|\n|-heal|p1a: Manaphy|48/100|[from] item: Leftovers\n|-heal|p2a: Florges|134/271|[from] item: Leftovers\n|upkeep\n|turn|7\n|inactive|Time left: 300 sec this turn | 300 sec total\n|\n|t:|1783402516\n|move|p1a: Manaphy|Hydro Pump|p2a: Florges\n|-damage|p2a: Florges|0 fnt\n|faint|p2a: Florges\n|\n|-heal|p1a: Manaphy|54/100|[from] item: Leftovers\n|upkeep\n|inactive|Time left: 300 sec this turn | 300 sec total | 5 sec grace\n|\n|t:|1783402517\n|switch|p2a: Mienshao|Mienshao, L83, F|244/244\n|turn|8\n|inactive|Time left: 300 sec this turn | 300 sec total\n|\n|t:|1783402517\n|switch|p1a: Arbok|Arbok, L87, F|100/100\n|-ability|p1a: Arbok|Intimidate|boost\n|-unboost|p2a: Mienshao|atk|1\n|move|p2a: Mienshao|Fake Out|p1a: Arbok\n|-damage|p1a: Arbok|89/100\n|\n|-heal|p1a: Arbok|95/100|[from] item: Leftovers\n|upkeep\n|turn|9\n|inactive|Time left: 300 sec this turn | 300 sec total\n|\n|t:|1783402517\n|move|p2a: Mienshao|U-turn|p1a: Arbok\n|-resisted|p1a: Arbok\n|-damage|p1a: Arbok|86/100\n|inactive|Time left: 300 sec this turn | 300 sec total | 5 sec grace\n|\n|t:|1783402517\n|switch|p2a: Jirachi|Jirachi, L80|291/291|[from] U-turn\n|move|p1a: Arbok|Coil|p1a: Arbok\n|-boost|p1a: Arbok|atk|1\n|-boost|p1a: Arbok|def|1\n|-boost|p1a: Arbok|accuracy|1\n|\n|-heal|p1a: Arbok|92/100|[from] item: Leftovers\n|upkeep\n|turn|10\n|inactive|Time left: 300 sec this turn | 300 sec total\n|\n|t:|1783402518\n|-terastallize|p1a: Arbok|Grass\n|move|p2a: Jirachi|Iron Head|p1a: Arbok\n|-damage|p1a: Arbok|69/100\n|cant|p1a: Arbok|flinch\n|\n|-heal|p1a: Arbok|75/100|[from] item: Leftovers\n|upkeep\n|turn|11\n|inactive|Time left: 300 sec this turn | 300 sec total\n|\n|t:|1783402518\n|move|p2a: Jirachi|Iron Head|p1a: Arbok\n|-damage|p1a: Arbok|48/100\n|move|p1a: Arbok|Earthquake|p2a: Jirachi\n|-supereffective|p2a: Jirachi\n|-damage|p2a: Jirachi|67/291\n|\n|-heal|p2a: Jirachi|85/291|[from] item: Leftovers\n|-heal|p1a: Arbok|54/100|[from] item: Leftovers\n|upkeep\n|turn|12\n|inactive|Time left: 300 sec this turn | 300 sec total\n|\n|t:|1783402518\n|move|p2a: Jirachi|Iron Head|p1a: Arbok\n|-damage|p1a: Arbok|29/100\n|cant|p1a: Arbok|flinch\n|\n|-heal|p2a: Jirachi|103/291|[from] item: Leftovers\n|-heal|p1a: Arbok|35/100|[from] item: Leftovers\n|upkeep\n|turn|13\n|inactive|Time left: 300 sec this turn | 300 sec total\n|\n|t:|1783402518\n|switch|p1a: Pyroar|Pyroar, L88, F|100/100\n|-ability|p1a: Pyroar|Unnerve\n|move|p2a: Jirachi|Iron Head|p1a: Pyroar\n|-resisted|p1a: Pyroar\n|-damage|p1a: Pyroar|86/100\n|\n|-heal|p2a: Jirachi|121/291|[from] item: Leftovers\n|upkeep\n|turn|14\n|inactive|Time left: 300 sec this turn | 300 sec total\n|\n|t:|1783402519\n|move|p2a: Jirachi|Protect|p2a: Jirachi\n|-singleturn|p2a: Jirachi|Protect\n|move|p1a: Pyroar|Fire Blast|p2a: Jirachi\n|-activate|p2a: Jirachi|move: Protect\n|\n|-heal|p2a: Jirachi|139/291|[from] item: Leftovers\n|upkeep\n|turn|15\n|inactive|Time left: 300 sec this turn | 300 sec total\n|\n|t:|1783402519\n|switch|p2a: Mienshao|Mienshao, L83, F|244/244\n|move|p1a: Pyroar|Fire Blast|p2a: Mienshao\n|-damage|p2a: Mienshao|120/244\n|-status|p2a: Mienshao|brn\n|\n|-damage|p2a: Mienshao|105/244 brn|[from] brn\n|upkeep\n|turn|16\n|inactive|Time left: 300 sec this turn | 300 sec total\n|\n|t:|1783402519\n|move|p1a: Pyroar|Fire Blast|p2a: Mienshao\n|-damage|p2a: Mienshao|0 fnt\n|faint|p2a: Mienshao\n|\n|upkeep\n|inactive|Time left: 300 sec this turn | 300 sec total | 5 sec grace\n|\n|t:|1783402519\n|switch|p2a: Magmortar|Magmortar, L88, M|135/275\n|turn|17\n|inactive|Time left: 300 sec this turn | 300 sec total\n|\n|t:|1783402520\n|move|p1a: Pyroar|Work Up|p1a: Pyroar\n|-boost|p1a: Pyroar|atk|1\n|-boost|p1a: Pyroar|spa|1\n|move|p2a: Magmortar|Earthquake|p1a: Pyroar\n|-supereffective|p1a: Pyroar\n|-damage|p1a: Pyroar|29/100\n|\n|upkeep\n|turn|18\n|inactive|Time left: 300 sec this turn | 300 sec total\n|\n|t:|1783402520\n|switch|p2a: Jirachi|Jirachi, L80|139/291\n|move|p1a: Pyroar|Hyper Voice|p2a: Jirachi\n|-resisted|p2a: Jirachi\n|-damage|p2a: Jirachi|61/291\n|\n|-heal|p2a: Jirachi|79/291|[from] item: Leftovers\n|upkeep\n|turn|19\n|inactive|Time left: 300 sec this turn | 300 sec total\n|\n|t:|1783402520\n|move|p1a: Pyroar|Dark Pulse|p2a: Jirachi\n|-supereffective|p2a: Jirachi\n|-damage|p2a: Jirachi|0 fnt\n|faint|p2a: Jirachi\n|\n|upkeep\n|inactive|Time left: 300 sec this turn | 300 sec total | 5 sec grace\n|\n|t:|1783402520\n|switch|p2a: Honchkrow|Honchkrow, L86, M|312/312\n|turn|20\n|inactive|Time left: 300 sec this turn | 300 sec total\n|\n|t:|1783402521\n|switch|p1a: Arbok|Arbok, L87, F, tera:Grass|35/100\n|-ability|p1a: Arbok|Intimidate|boost\n|-unboost|p2a: Honchkrow|atk|1\n|move|p2a: Honchkrow|Sucker Punch||[still]\n|-fail|p2a: Honchkrow\n|\n|-heal|p1a: Arbok|41/100|[from] item: Leftovers\n|upkeep\n|turn|21\n|inactive|Time left: 300 sec this turn | 300 sec total\n|\n|t:|1783402521\n|move|p1a: Arbok|Gunk Shot|p2a: Honchkrow\n|-damage|p2a: Honchkrow|110/312\n|move|p2a: Honchkrow|U-turn|p1a: Arbok\n|-supereffective|p1a: Arbok\n|-damage|p1a: Arbok|0 fnt\n|faint|p1a: Arbok\n|-ability|p2a: Honchkrow|Moxie|boost\n|-boost|p2a: Honchkrow|atk|1\n|inactive|Time left: 300 sec this turn | 300 sec total | 5 sec grace\n|\n|t:|1783402521\n|switch|p2a: Magmortar|Magmortar, L88, M|135/275|[from] U-turn\n|\n|upkeep\n|\n|t:|1783402521\n|switch|p1a: Rayquaza|Rayquaza, L72|100/100\n|-ability|p1a: Rayquaza|Air Lock\n|turn|22\n|inactive|Time left: 300 sec this turn | 300 sec total\n|\n|t:|1783402521\n|switch|p2a: Honchkrow|Honchkrow, L86, M|110/312\n|move|p1a: Rayquaza|Dragon Ascent|p2a: Honchkrow\n|-damage|p2a: Honchkrow|0 fnt\n|-unboost|p1a: Rayquaza|def|1\n|-unboost|p1a: Rayquaza|spd|1\n|faint|p2a: Honchkrow\n|\n|upkeep\n|inactive|Time left: 300 sec this turn | 300 sec total | 5 sec grace\n|\n|t:|1783402522\n|switch|p2a: Magmortar|Magmortar, L88, M|135/275\n|turn|23\n|inactive|Time left: 300 sec this turn | 300 sec total\n|\n|t:|1783402522\n|-terastallize|p2a: Magmortar|Electric\n|move|p2a: Magmortar|Thunderbolt|p1a: Rayquaza\n|-damage|p1a: Rayquaza|17/100\n|-status|p1a: Rayquaza|par\n|move|p1a: Rayquaza|Dragon Ascent|p2a: Magmortar\n|-resisted|p2a: Magmortar\n|-damage|p2a: Magmortar|61/275\n|-unboost|p1a: Rayquaza|def|1\n|-unboost|p1a: Rayquaza|spd|1\n|\n|upkeep\n|turn|24\n|inactive|Time left: 300 sec this turn | 300 sec total\n|\n|t:|1783402522\n|move|p2a: Magmortar|Fire Blast|p1a: Rayquaza\n|-resisted|p1a: Rayquaza\n|-damage|p1a: Rayquaza|0 fnt\n|faint|p1a: Rayquaza\n|\n|upkeep\n|\n|t:|1783402522\n|switch|p1a: Pyroar|Pyroar, L88, F|29/100\n|-ability|p1a: Pyroar|Unn, "uploadtime": 1783402523, "views": 0, "rating": 0, "private": 0, "password": null, "_winner": "p0x00102bb", "_our_name": "p0x00102bb"}n|-damage|p2a: Magmortar|0 fnt\n|faint|p2a: Magmortar\n|\n|win|p0x00102bb", "uploadtime": 1783402523, "views": 0, "rating": 0, "private": 0, "password": null, "_winner": "p0x00102bb", "_our_name": "p0y001090f"}