{"id": "battle-gen9randombattle-132", "formatid": "gen9randombattle", "format": "[Gen 9] Random Battle", "players": ["p0x012645a", "p0y0129ee9"], "log": "|init|battle\n|title|p0x012645a vs. p0y0129ee9\n|j|\u2606p0x012645a\n|j|\u2606p0y0129ee9\n|t:|1783402694\n|gametype|singles\n|player|p1|p0x012645a|266|\n|player|p2|p0y0129ee9|101|\n|gen|9\n|tier|[Gen 9] Random Battle\n|rule|Species Clause: Limit one of each Pok\u00e9mon\n|rule|HP Percentage Mod: HP is shown in percentages\n|rule|Sleep Clause Mod: Limit one foe put to sleep\n|rule|Illusion Level Mod: Illusion disguises the Pok\u00e9mon's true level\n|\n|t:|1783402694\n|teamsize|p1|6\n|teamsize|p2|6\n|start\n|switch|p1a: Talonflame|Talonflame, L83, M|100/100\n|switch|p2a: Stantler|Stantler, L92, M|284/284\n|-ability|p2a: Stantler|Intimidate|boost\n|-unboost|p1a: Talonflame|atk|1\n|turn|1\n|inactive|Battle timer is ON: inactive players will automatically lose when time's up. (requested by p0y0129ee9)\n|inactive|p0x012645a also wants the timer to be on.\n|\n|t:|1783402695\n|move|p1a: Talonflame|Swords Dance|p1a: Talonflame\n|-boost|p1a: Talonflame|atk|2\n|move|p2a: Stantler|Body Slam|p1a: Talonflame\n|-damage|p1a: Talonflame|55/100\n|\n|upkeep\n|turn|2\n|inactive|Time left: 300 sec this turn | 300 sec total\n|\n|t:|1783402695\n|move|p1a: Talonflame|Flare Blitz|p2a: Stantler\n|-damage|p2a: Stantler|143/284\n|-damage|p1a: Talonflame|37/100|[from] Recoil\n|move|p2a: Stantler|Body Slam|p1a: Talonflame\n|-damage|p1a: Talonflame|0 fnt\n|faint|p1a: Talonflame\n|\n|upkeep\n|\n|t:|1783402695\n|switch|p1a: Skeledirge|Skeledirge, L79, F|100/100\n|turn|3\n|inactive|Time left: 300 sec this turn | 300 sec total\n|\n|t:|1783402695\n|move|p2a: Stantler|Earthquake|p1a: Skeledirge\n|-supereffective|p1a: Skeledirge\n|-damage|p1a: Skeledirge|51/100\n|move|p1a: Skeledirge|Torch Song|p2a: Stantler\n|-damage|p2a: Stantler|80/284\n|-boost|p1a: Skeledirge|spa|1\n|\n|upkeep\n|turn|4\n|inactive|Time left: 300 sec this turn | 300 sec total\n|\n|t:|1783402696\n|-terastallize|p1a: Skeledirge|Fairy\n|move|p2a: Stantler|Earthquake|p1a: Skeledirge\n|-damage|p1a: Skeledirge|23/100\n|move|p1a: Skeledirge|Slack Off|p1a: Skeledirge\n|-heal|p1a: Skeledirge|73/100\n|\n|upkeep\n|turn|5\n|inactive|Time left: 300 sec this turn | 300 sec total\n|\n|t:|1783402696\n|switch|p2a: Dragalge|Dragalge, L88, F|258/258\n|move|p1a: Skeledirge|Slack Off|p1a: Skeledirge\n|-heal|p1a: Skeledirge|100/100\n|\n|upkeep\n|turn|6\n|inactive|Time left: 300 sec this turn | 300 sec total\n|\n|t:|1783402696\n|switch|p1a: Luxray|Luxray, L88, F|100/100\n|-ability|p1a: Luxray|Intimidate|boost\n|-unboost|p2a: Dragalge|atk|1\n|move|p2a: Dragalge|Sludge Wave|p1a: Luxray\n|-damage|p1a: Luxray|67/100\n|\n|upkeep\n|turn|7\n|inactive|Time left: 300 sec this turn | 300 sec total\n|\n|t:|1783402696\n|move|p1a: Luxray|Ice Fang|p2a: Dragalge\n|-supereffective|p2a: Dragalge\n|-damage|p2a: Dragalge|136/258\n|move|p2a: Dragalge|Sludge Wave|p1a: Luxray\n|-damage|p1a: Luxray|30/100\n|\n|-heal|p2a: Dragalge|152/258|[from] item: Leftovers\n|upkeep\n|turn|8\n|inactive|Time left: 300 sec this turn | 300 sec total\n|\n|t:|1783402697\n|move|p1a: Luxray|Ice Fang|p2a: Dragalge\n|-supereffective|p2a: Dragalge\n|-damage|p2a: Dragalge|38/258\n|move|p2a: Dragalge|Sludge Wave|p1a: Luxray\n|-damage|p1a: Luxray|0 fnt\n|faint|p1a: Luxray\n|\n|-heal|p2a: Dragalge|54/258|[from] item: Leftovers\n|upkeep\n|\n|t:|1783402697\n|switch|p1a: Poliwrath|Poliwrath, L88, M|100/100\n|turn|9\n|inactive|Time left: 300 sec this turn | 300 sec total\n|\n|t:|1783402697\n|switch|p2a: Stantler|Stantler, L92, M|80/284\n|-ability|p2a: Stantler|Intimidate|boost\n|-unboost|p1a: Poliwrath|atk|1\n|move|p1a: Poliwrath|Knock Off|p2a: Stantler\n|-damage|p2a: Stantler|43/284\n|-enditem|p2a: Stantler|Eviolite|[from] move: Knock Off|[of] p1a: Poliwrath\n|\n|upkeep\n|turn|10\n|inactive|Time left: 300 sec this turn | 300 sec total\n|\n|t:|1783402697\n|switch|p1a: Spectrier|Spectrier, L75|100/100\n|move|p2a: Stantler|Body Slam|p1a: Spectrier\n|-immune|p1a: Spectrier\n|\n|upkeep\n|turn|11\n|inactive|Time left: 300 sec this turn | 300 sec total\n|\n|t:|1783402698\n|switch|p2a: Ursaring|Ursaring, L84, M|288/288\n|move|p1a: Spectrier|Nasty Plot|p1a: Spectrier\n|-boost|p1a: Spectrier|spa|2\n|\n|-status|p2a: Ursaring|tox|[from] item: Toxic Orb\n|upkeep\n|turn|12\n|inactive|Time left: 300 sec this turn | 300 sec total\n|\n|t:|1783402698\n|move|p1a: Spectrier|Dark Pulse|p2a: Ursaring\n|-damage|p2a: Ursaring|97/288 tox\n|-damage|p1a: Spectrier|91/100|[from] item: Life Orb\n|cant|p2a: Ursaring|flinch\n|\n|-damage|p2a: Ursaring|79/288 tox|[from] psn\n|upkeep\n|turn|13\n|inactive|Time left: 300 sec this turn | 300 sec total\n|\n|t:|1783402698\n|switch|p2a: Stantler|Stantler, L92, M|43/284\n|-ability|p2a: Stantler|Intimidate|boost\n|-unboost|p1a: Spectrier|atk|1\n|move|p1a: Spectrier|Draining Kiss|p2a: Stantler\n|-damage|p2a: Stantler|0 fnt\n|-heal|p1a: Spectrier|100/100|[from] drain|[of] p2a: Stantler\n|faint|p2a: Stantler\n|-ability|p1a: Spectrier|Grim Neigh|boost\n|-boost|p1a: Spectrier|spa|1\n|-damage|p1a: Spectrier|91/100|[from] item: Life Orb\n|\n|upkeep\n|inactive|Time left: 300 sec this turn | 300 sec total | 5 sec grace\n|\n|t:|1783402698\n|switch|p2a: Latias|Latias, L79, F|256/256\n|turn|14\n|inactive|Time left: 300 sec this turn | 300 sec total\n|\n|t:|1783402699\n|switch|p2a: Ursaring|Ursaring, L84, M|79/288 tox\n|move|p1a: Spectrier|Shadow Ball|p2a: Ursaring\n|-immune|p2a: Ursaring\n|\n|-damage|p2a: Ursaring|61/288 tox|[from] psn\n|upkeep\n|turn|15\n|inactive|Time left: 300 sec this turn | 300 sec total\n|\n|t:|1783402699\n|switch|p2a: Camerupt|Camerupt, L91, M|275/275\n|move|p1a: Spectrier|Dark Pulse|p2a: Camerupt\n|-damage|p2a: Camerupt|66/275\n|-damage|p1a: Spectrier|81/100|[from] item: Life Orb\n|\n|-heal|p2a: Camerupt|83/275|[from] item: Leftovers\n|upkeep\n|turn|16\n|inactive|Time left: 300 sec this turn | 300 sec total\n|\n|t:|1783402699\n|switch|p2a: Ursaring|Ursaring, L84, M|61/288 tox\n|move|p1a: Spectrier|Shadow Ball|p2a: Ursaring\n|-immune|p2a: Ursaring\n|\n|-damage|p2a: Ursaring|43/288 tox|[from] psn\n|upkeep\n|turn|17\n|inactive|Time left: 300 sec this turn | 300 sec total\n|\n|t:|1783402699\n|switch|p2a: Camerupt|Camerupt, L91, M|83/275\n|move|p1a: Spectrier|Dark Pulse|p2a: Camerupt\n|-damage|p2a: Camerupt|0 fnt\n|faint|p2a: Camerupt\n|-ability|p1a: Spectrier|Grim Neigh|boost\n|-boost|p1a: Spectrier|spa|1\n|-damage|p1a: Spectrier|71/100|[from] item: Life Orb\n|\n|upkeep\n|inactive|Time left: 300 sec this turn | 300 sec total | 5 sec grace\n|\n|t:|1783402699\n|switch|p2a: Dragalge|Dragalge, L88, F|54/258\n|turn|18\n|inactive|Time left: 300 sec this turn | 300 sec total\n|\n|t:|1783402700\n|switch|p2a: Ursaring|Ursaring, L84, M|43/288 tox\n|move|p1a: Spectrier|Draining Kiss|p2a: Ursaring\n|-crit|p2a: Ursaring\n|-damage|p2a: Ursaring|0 fnt\n|-heal|p1a: Spectrier|83/100|[from] drain|[of] p2a: Ursaring\n|faint|p2a: Ursaring\n|-ability|p1a: Spectrier|Grim Neigh|boost\n|-boost|p1a: Spectrier|spa|1\n|-damage|p1a: Spectrier|73/100|[from] item: Life Orb\n|\n|upkeep\n|inactive|Time left: 300 sec this turn | 300 sec total | 5 sec grace\n|\n|t:|1783402700\n|switch|p2a: Dragalge|Dragalge, L88, F|54/258\n|turn|19\n|inactive|Time left: 300 sec this turn | 300 sec total\n|\n|t:|1783402700\n|switch|p2a: Iron Crown|Iron Crown, L78|268/268\n|move|p1a: Spectrier|Draining Kiss|p2a: Iron Crown\n|-resisted|p2a: Iron Crown\n|-damage|p2a: Iron Crown|193/268\n|-heal|p1a: Spectrier|93/100|[from] drain|[of] p2a: Iron Crown\n|-damage|p1a: Spectrier|83/100|[from] item: Life Orb\n|\n|upkeep\n|turn|20\n|inactive|Time left: 300 sec this turn | 300 sec total\n|\n|t:|1783402700\n|-end|p2a: Iron Crown|Quark Drive|[silent]\n|switch|p2a: Dragalge|Dragalge, L88, F|54/258\n|move|p1a: Spectrier|Shadow Ball|p2a: Dragalge\n|-damage|p2a: Dragalge|0 fnt\n|faint|p2a: Dragalge\n|-ability|p1a: Spectrier|Grim Neigh|boost\n|-boost|p1a: Spectrier|spa|1\n|-damage|p1a: Spectrier|73/100|[from] item: Life Orb\n|\n|upkeep\n|inactive|Time left: 300 sec this turn | 300 sec total | 5 sec grace\n|\n|t:|1783402701\n|switch|p2a: Iron Crown|Iron Crown, L78|193/268\n|turn|21\n|inactive|Time left: 300 sec this turn | 300 sec total\n|\n|t:|1783402701\n|-end|p2a: Iron Crown|Quark Drive|[silent]\n|switch|p2a: Latias|Latias, L79, F|256/256\n|move|p1a: Spectrier|Shadow Ball|p2a: Latias\n|-supereffective|p2a: Latias\n|-damage|p2a: Latias|0 fnt\n|faint|p2a: Latias\n|-damage|p1a: Spectrier|64/100|[from] item: Life Orb\n|\n|upkeep\n|inactive|Time left: 300 sec this turn | 300 sec total | 5 sec grace\n|\n|t:|1783402701\n|switch|p2a: Iron Crown|Iron Crown, L78|193/268\n|turn|22\n|inactive|Time left: 300 sec this turn | 300 sec total\n|\n|t:|1783402701\n|move|p1a: Spectrier|Shadow Ball|p2a: Iron Crown\n|-supereffective|p2a: Iron Crown\n|-damage|p2a: Iron Crown|0 fnt\n|faint|p2a: Iron Crown\n|-end|p2a: Iron Crown|Quark Drive|[silent]\n|-damage|p1a: Spectrier|54/100|[from] item: Life Orb\n|\n|win|p0x012645a", "uploadtime": 1783402701, "views": 0, "rating": 0, "private": 0, "password": null, "_winner": "p0x012645a", "_our_name": "p0y0129ee9"}