{"id": "battle-gen9randombattle-327", "formatid": "gen9randombattle", "format": "[Gen 9] Random Battle", "players": ["p0x005aa25", "p0y0056054"], "log": "|init|battle\n|title|p0x005aa25 vs. p0y0056054\n|j|\u2606p0x005aa25\n|j|\u2606p0y0056054\n|t:|1783394519\n|gametype|singles\n|player|p1|p0x005aa25|2|\n|player|p2|p0y0056054|169|\n|gen|9\n|tier|[Gen 9] Random Battle\n|rule|Species Clause: Limit one of each Pok\u00e9mon\n|rule|HP Percentage Mod: HP is shown in percentages\n|rule|Sleep Clause Mod: Limit one foe put to sleep\n|rule|Illusion Level Mod: Illusion disguises the Pok\u00e9mon's true level\n|\n|t:|1783394519\n|teamsize|p1|6\n|teamsize|p2|6\n|start\n|switch|p1a: Shaymin|Shaymin-Sky, L73|100/100\n|switch|p2a: Bellibolt|Bellibolt, L84, F|320/320\n|turn|1\n|inactive|Battle timer is ON: inactive players will automatically lose when time's up. (requested by p0x005aa25)\n|inactive|Time left: 300 sec this turn | 300 sec total | 60 sec grace\n|inactive|p0y0056054 also wants the timer to be on.\n|\n|t:|1783394519\n|move|p1a: Shaymin|Seed Flare|p2a: Bellibolt\n|-damage|p2a: Bellibolt|188/320\n|-unboost|p2a: Bellibolt|spd|2\n|-start|p2a: Bellibolt|Charge|Seed Flare|[from] ability: Electromorphosis\n|move|p2a: Bellibolt|Thunderbolt|p1a: Shaymin\n|-damage|p1a: Shaymin|1/100\n|-end|p2a: Bellibolt|Charge|[silent]\n|\n|-heal|p2a: Bellibolt|208/320|[from] item: Leftovers\n|upkeep\n|turn|2\n|inactive|Time left: 300 sec this turn | 300 sec total\n|\n|t:|1783394520\n|switch|p2a: Kleavor|Kleavor, L78, F|237/237\n|move|p1a: Shaymin|Seed Flare|p2a: Kleavor\n|-damage|p2a: Kleavor|95/237\n|-unboost|p2a: Kleavor|spd|2\n|\n|upkeep\n|turn|3\n|inactive|Time left: 300 sec this turn | 300 sec total\n|\n|t:|1783394520\n|move|p2a: Kleavor|Stone Axe|p1a: Shaymin\n|-supereffective|p1a: Shaymin\n|-damage|p1a: Shaymin|0 fnt\n|-sidestart|p1: p0x005aa25|move: Stealth Rock\n|faint|p1a: Shaymin\n|\n|upkeep\n|\n|t:|1783394520\n|switch|p1a: Grimmsnarl|Grimmsnarl, L83, M|100/100\n|-damage|p1a: Grimmsnarl|88/100|[from] Stealth Rock\n|turn|4\n|inactive|Time left: 300 sec this turn | 300 sec total\n|\n|t:|1783394520\n|move|p2a: Kleavor|Stone Axe|p1a: Grimmsnarl\n|-damage|p1a: Grimmsnarl|39/100\n|move|p1a: Grimmsnarl|Spirit Break|p2a: Kleavor\n|-damage|p2a: Kleavor|2/237\n|-unboost|p2a: Kleavor|spa|1\n|\n|upkeep\n|turn|5\n|inactive|Time left: 300 sec this turn | 300 sec total\n|\n|t:|1783394521\n|move|p1a: Grimmsnarl|Reflect|p1a: Grimmsnarl\n|-sidestart|p1: p0x005aa25|Reflect\n|move|p2a: Kleavor|Stone Axe|p1a: Grimmsnarl\n|-damage|p1a: Grimmsnarl|14/100\n|\n|upkeep\n|turn|6\n|inactive|Time left: 300 sec this turn | 300 sec total\n|\n|t:|1783394521\n|move|p1a: Grimmsnarl|Light Screen|p1a: Grimmsnarl\n|-sidestart|p1: p0x005aa25|move: Light Screen\n|move|p2a: Kleavor|Stone Axe|p1a: Grimmsnarl\n|-damage|p1a: Grimmsnarl|0 fnt\n|faint|p1a: Grimmsnarl\n|\n|upkeep\n|\n|t:|1783394521\n|switch|p1a: Gyarados|Gyarados, L79, M|100/100\n|-ability|p1a: Gyarados|Intimidate|boost\n|-unboost|p2a: Kleavor|atk|1\n|turn|7\n|inactive|Time left: 300 sec this turn | 300 sec total\n|\n|t:|1783394521\n|move|p2a: Kleavor|Stone Axe|p1a: Gyarados\n|-supereffective|p1a: Gyarados\n|-damage|p1a: Gyarados|70/100\n|move|p1a: Gyarados|Dragon Dance|p1a: Gyarados\n|-boost|p1a: Gyarados|atk|1\n|-boost|p1a: Gyarados|spe|1\n|\n|upkeep\n|turn|8\n|inactive|Time left: 300 sec this turn | 300 sec total\n|\n|t:|1783394521\n|move|p2a: Kleavor|Stone Axe|p1a: Gyarados\n|-supereffective|p1a: Gyarados\n|-damage|p1a: Gyarados|36/100\n|move|p1a: Gyarados|Dragon Dance|p1a: Gyarados\n|-boost|p1a: Gyarados|atk|1\n|-boost|p1a: Gyarados|spe|1\n|\n|upkeep\n|turn|9\n|inactive|Time left: 300 sec this turn | 300 sec total\n|\n|t:|1783394522\n|move|p1a: Gyarados|Waterfall|p2a: Kleavor\n|-supereffective|p2a: Kleavor\n|-damage|p2a: Kleavor|0 fnt\n|faint|p2a: Kleavor\n|\n|upkeep\n|inactive|Time left: 300 sec this turn | 300 sec total | 5 sec grace\n|\n|t:|1783394522\n|switch|p2a: Kilowattrel|Kilowattrel, L83, M|252/252\n|turn|10\n|inactive|Time left: 300 sec this turn | 300 sec total\n|\n|t:|1783394522\n|move|p1a: Gyarados|Waterfall|p2a: Kilowattrel\n|-damage|p2a: Kilowattrel|2/252\n|move|p2a: Kilowattrel|Discharge|p1a: Gyarados\n|-supereffective|p1a: Gyarados\n|-damage|p1a: Gyarados|0 fnt\n|faint|p1a: Gyarados\n|\n|upkeep\n|\n|t:|1783394522\n|switch|p1a: Golduck|Golduck, L90, M|100/100\n|-damage|p1a: Golduck|88/100|[from] Stealth Rock\n|-ability|p1a: Golduck|Cloud Nine\n|turn|11\n|inactive|Time left: 300 sec this turn | 300 sec total\n|\n|t:|1783394523\n|move|p2a: Kilowattrel|Discharge|p1a: Golduck\n|-supereffective|p1a: Golduck\n|-damage|p1a: Golduck|58/100\n|move|p1a: Golduck|Nasty Plot|p1a: Golduck\n|-boost|p1a: Golduck|spa|2\n|\n|-heal|p1a: Golduck|64/100|[from] item: Leftovers\n|upkeep\n|turn|12\n|inactive|Time left: 300 sec this turn | 300 sec total\n|\n|t:|1783394523\n|move|p2a: Kilowattrel|Discharge|p1a: Golduck\n|-supereffective|p1a: Golduck\n|-damage|p1a: Golduck|31/100\n|-status|p1a: Golduck|par\n|move|p1a: Golduck|Ice Beam|p2a: Kilowattrel\n|-supereffective|p2a: Kilowattrel\n|-damage|p2a: Kilowattrel|0 fnt\n|faint|p2a: Kilowattrel\n|\n|-heal|p1a: Golduck|37/100 par|[from] item: Leftovers\n|-sideend|p1: p0x005aa25|Reflect\n|upkeep\n|inactive|Time left: 300 sec this turn | 300 sec total | 5 sec grace\n|\n|t:|1783394523\n|switch|p2a: Toxicroak|Toxicroak, L84, M|277/277\n|turn|13\n|inactive|Time left: 300 sec this turn | 300 sec total\n|\n|t:|1783394523\n|move|p2a: Toxicroak|Gunk Shot|p1a: Golduck\n|-damage|p1a: Golduck|0 fnt\n|faint|p1a: Golduck\n|-damage|p2a: Toxicroak|250/277|[from] item: Life Orb\n|\n|-sideend|p1: p0x005aa25|move: Light Screen\n|upkeep\n|\n|t:|1783394524\n|switch|p1a: Reshiram|Reshiram, L76|100/100\n|-ability|p1a: Reshiram|Turboblaze\n|turn|14\n|inactive|Time left: 300 sec this turn | 300 sec total\n|\n|t:|1783394524\n|-terastallize|p2a: Toxicroak|Dark\n|move|p2a: Toxicroak|Swords Dance|p2a: Toxicroak\n|-boost|p2a: Toxicroak|atk|2\n|move|p1a: Reshiram|Blue Flare|p2a: Toxicroak\n|-damage|p2a: Toxicroak|63/277\n|\n|upkeep\n|turn|15\n|inactive|Time left: 300 sec this turn | 300 sec total\n|\n|t:|1783394524\n|switch|p1a: Granbull|Granbull, L88, M|100/100\n|-damage|p1a: Granbull|88/100|[from] Stealth Rock\n|-ability|p1a: Granbull|Intimidate|boost\n|-unboost|p2a: Toxicroak|atk|1\n|move|p2a: Toxicroak|Close Combat|p1a: Granbull\n|-resisted|p1a: Granbull\n|-damage|p1a: Granbull|45/100\n|-unboost|p2a: Toxicroak|def|1\n|-unboost|p2a: Toxicroak|spd|1\n|-damage|p2a: Toxicroak|36/277|[from] item: Life Orb\n|\n|-heal|p1a: Granbull|51/100|[from] item: Leftovers\n|upkeep\n|turn|16\n|inactive|Time left: 300 sec this turn | 300 sec total\n|\n|t:|1783394524\n|-terastallize|p1a: Granbull|Ground\n|move|p2a: Toxicroak|Earthquake|p1a: Granbull\n|-damage|p1a: Granbull|2/100\n|-damage|p2a: Toxicroak|9/277|[from] item: Life Orb\n|move|p1a: Granbull|Play Rough|p2a: Toxicroak\n|-supereffective|p2a: Toxicroak\n|-damage|p2a: Toxicroak|0 fnt\n|faint|p2a: Toxicroak\n|\n|-heal|p1a: Granbull|8/100|[from] item: Leftovers\n|upkeep\n|inactive|Time left: 300 sec this turn | 300 sec total | 5 sec grace\n|\n|t:|1783394525\n|switch|p2a: Vileplume|Vileplume, L85, M|266/266\n|turn|17\n|inactive|Time left: 300 sec this turn | 300 sec total\n|\n|t:|1783394525\n|move|p2a: Vileplume|Sleep Powder|p1a: Granbull\n|-status|p1a: Granbull|slp|[from] move: Sleep Powder\n|cant|p1a: Granbull|slp\n|\n|-heal|p1a: Granbull|14/100 slp|[from] item: Leftovers\n|upkeep\n|turn|18\n|inactive|Time left: 300 sec this turn | 300 sec total\n|\n|t:|1783394525\n|switch|p1a: Reshiram|Reshiram, L76|100/100\n|-ability|p1a: Reshiram|Turboblaze\n|move|p2a: Vileplume|Strength Sap|p1a: Reshiram\n|-unboost|p1a: Reshiram|atk|1\n|\n|upkeep\n|turn|19\n|inactive|Time left: 300 sec this turn | 300 sec total\n|\n|t:|1783394525\n|switch|p2a: Bellibolt|Bellibolt, L84, F|208/320\n|move|p1a: Reshiram|Blue Flare|p2a: Bellibolt\n|-damage|p2a: Bellibolt|33/320\n|-start|p2a: Bellibolt|Charge|Blue Flare|[from] ability: Electromorphosis\n|\n|-heal|p2a: Bellibolt|53/320|[from] item: Leftovers\n|upkeep\n|turn|20\n|inactive|Time left: 300 sec this turn | 300 sec total\n|\n|t:|1783394526\n|move|p1a: Reshiram|Earth Power|p2a: Bellibolt\n|-supereffective|p2a: Bellibolt\n|-damage|p2a: Bellibolt|0 fnt\n|faint|p2a: Bellibolt\n|\n|upkeep\n|inactive|Time left: 300 sec this turn | 300 sec total | 5 sec grace\n|\n|t:|1783394526\n|switch|p2a: Sunflora|Sunflora, M|312/312\n|turn|21\n|inactive|Time left: 300 sec this turn | 300 sec total\n|\n|t:|1783394526\n|move|p1a: Reshiram|Blue Flare|p2a: Sunflora|[miss]\n|-miss|p1a: Reshiram|p2a: Sunflora\n|move|p2a: Sunflora|Earth Power|p1a: Reshiram\n|-supereffective|p1a: Reshiram\n|-damage|p1a: Reshiram|25/100\n|-damage|p2a: Sunflora|281/312|[from] item: Life Orb\n|\n|upkeep\n|turn|22\n|inactive|Time left: 300 sec this turn | 300 sec total\n|\n|t:|1783394526\n|move|p1a: Reshiram|Blue Flare|p2a: Sunflora\n|-supereffective|p2a: Sunflora\n|-damage|p2a: Sunflora|0 fnt\n|faint|p2a: Sunflora\n|\n|upkeep\n|inactive|Time left: 300 sec this turn | 300 sec total | 5 sec grace\n|\n|t:|1783394527\n|switch|p2a: Vileplume|Vileplume, L85, M|266/266\n|turn|23\n|inactive|Time left: 300 sec this turn | 300 sec total\n|\n|t:|1783394527\n|move|p1a: Reshiram|Blue Flare|p2a: Vileplume\n|-supereffective|p2a: Vileplume\n|-damage|p2a: Vileplume|0 fnt\n|faint|p2a: Vileplume\n|\n|win|p0x005aa25", "uploadtime": 1783394527, "views": 0, "rating": 0, "private": 0, "password": null, "_winner": "p0x005aa25", "_our_name": "p0y0056054"}