{"id": "battle-gen9randombattle-326", "formatid": "gen9randombattle", "format": "[Gen 9] Random Battle", "players": ["p0x004e902", "p0y004dd0c"], "log": "|init|battle\n|title|p0x004e902 vs. p0y004dd0c\n|j|\u2606p0x004e902\n|j|\u2606p0y004dd0c\n|t:|1783394502\n|gametype|singles\n|player|p1|p0x004e902|102|\n|player|p2|p0y004dd0c|101|\n|gen|9\n|tier|[Gen 9] Random Battle\n|rule|Species Clause: Limit one of each Pok\u00e9mon\n|rule|HP Percentage Mod: HP is shown in percentages\n|rule|Sleep Clause Mod: Limit one foe put to sleep\n|rule|Illusion Level Mod: Illusion disguises the Pok\u00e9mon's true level\n|\n|t:|1783394502\n|teamsize|p1|6\n|teamsize|p2|6\n|start\n|switch|p1a: Jumpluff|Jumpluff, L87, F|100/100\n|switch|p2a: Tauros|Tauros, L82, M|257/257\n|turn|1\n|inactive|Battle timer is ON: inactive players will automatically lose when time's up. (requested by p0y004dd0c)\n|inactive|p0x004e902 also wants the timer to be on.\n|\n|t:|1783394502\n|move|p1a: Jumpluff|Acrobatics|p2a: Tauros\n|-damage|p2a: Tauros|184/257\n|move|p2a: Tauros|Body Slam|p1a: Jumpluff\n|-damage|p1a: Jumpluff|43/100\n|\n|upkeep\n|turn|2\n|inactive|Time left: 300 sec this turn | 300 sec total\n|\n|t:|1783394502\n|switch|p2a: Spidops|Spidops, L96, M|271/271\n|move|p1a: Jumpluff|Strength Sap|p2a: Spidops\n|-unboost|p2a: Spidops|atk|1\n|-heal|p1a: Jumpluff|100/100\n|\n|upkeep\n|turn|3\n|inactive|Time left: 300 sec this turn | 300 sec total\n|\n|t:|1783394503\n|move|p1a: Jumpluff|Acrobatics|p2a: Spidops\n|-supereffective|p2a: Spidops\n|-damage|p2a: Spidops|127/271\n|move|p2a: Spidops|Sticky Web|p1a: Jumpluff\n|-sidestart|p1: p0x004e902|move: Sticky Web\n|\n|upkeep\n|turn|4\n|inactive|Time left: 300 sec this turn | 300 sec total\n|\n|t:|1783394503\n|switch|p2a: Moltres|Moltres-Galar, L79|271/271\n|move|p1a: Jumpluff|Acrobatics|p2a: Moltres\n|-damage|p2a: Moltres|180/271\n|\n|upkeep\n|turn|5\n|inactive|Time left: 300 sec this turn | 300 sec total\n|\n|t:|1783394503\n|move|p1a: Jumpluff|Leech Seed|p2a: Moltres\n|-start|p2a: Moltres|move: Leech Seed\n|move|p2a: Moltres|Nasty Plot|p2a: Moltres\n|-boost|p2a: Moltres|spa|2\n|\n|-damage|p2a: Moltres|147/271|[from] Leech Seed|[of] p1a: Jumpluff\n|upkeep\n|turn|6\n|inactive|Time left: 300 sec this turn | 300 sec total\n|\n|t:|1783394503\n|move|p1a: Jumpluff|Substitute|p1a: Jumpluff\n|-start|p1a: Jumpluff|Substitute\n|-damage|p1a: Jumpluff|76/100\n|move|p2a: Moltres|Hurricane|p1a: Jumpluff|[miss]\n|-miss|p2a: Moltres|p1a: Jumpluff\n|\n|-damage|p2a: Moltres|114/271|[from] Leech Seed|[of] p1a: Jumpluff\n|-heal|p1a: Jumpluff|88/100|[silent]\n|upkeep\n|turn|7\n|inactive|Time left: 300 sec this turn | 300 sec total\n|\n|t:|1783394504\n|move|p1a: Jumpluff|Acrobatics|p2a: Moltres\n|-damage|p2a: Moltres|23/271\n|move|p2a: Moltres|Rest|p2a: Moltres\n|-status|p2a: Moltres|slp|[from] move: Rest\n|-heal|p2a: Moltres|271/271 slp|[silent]\n|-enditem|p2a: Moltres|Chesto Berry|[eat]\n|-curestatus|p2a: Moltres|slp|[msg]\n|\n|-damage|p2a: Moltres|238/271|[from] Leech Seed|[of] p1a: Jumpluff\n|-heal|p1a: Jumpluff|99/100|[silent]\n|upkeep\n|turn|8\n|inactive|Time left: 300 sec this turn | 300 sec total\n|\n|t:|1783394504\n|move|p1a: Jumpluff|Acrobatics|p2a: Moltres\n|-damage|p2a: Moltres|154/271\n|move|p2a: Moltres|Fiery Wrath|p1a: Jumpluff\n|-end|p1a: Jumpluff|Substitute\n|\n|-damage|p2a: Moltres|121/271|[from] Leech Seed|[of] p1a: Jumpluff\n|-heal|p1a: Jumpluff|100/100|[silent]\n|upkeep\n|turn|9\n|inactive|Time left: 300 sec this turn | 300 sec total\n|\n|t:|1783394504\n|move|p1a: Jumpluff|Substitute|p1a: Jumpluff\n|-start|p1a: Jumpluff|Substitute\n|-damage|p1a: Jumpluff|76/100\n|move|p2a: Moltres|Hurricane|p1a: Jumpluff|[miss]\n|-miss|p2a: Moltres|p1a: Jumpluff\n|\n|-damage|p2a: Moltres|88/271|[from] Leech Seed|[of] p1a: Jumpluff\n|-heal|p1a: Jumpluff|88/100|[silent]\n|upkeep\n|turn|10\n|inactive|Time left: 300 sec this turn | 300 sec total\n|\n|t:|1783394504\n|switch|p2a: Sandslash|Sandslash, L89, F|278/278\n|move|p1a: Jumpluff|Acrobatics|p2a: Sandslash\n|-damage|p2a: Sandslash|218/278\n|\n|-heal|p2a: Sandslash|235/278|[from] item: Leftovers\n|upkeep\n|turn|11\n|inactive|Time left: 300 sec this turn | 300 sec total\n|\n|t:|1783394505\n|move|p1a: Jumpluff|Leech Seed|p2a: Sandslash\n|-start|p2a: Sandslash|move: Leech Seed\n|move|p2a: Sandslash|Spikes|p1a: Jumpluff\n|-sidestart|p1: p0x004e902|Spikes\n|\n|-heal|p2a: Sandslash|252/278|[from] item: Leftovers\n|-damage|p2a: Sandslash|218/278|[from] Leech Seed|[of] p1a: Jumpluff\n|-heal|p1a: Jumpluff|100/100|[silent]\n|upkeep\n|turn|12\n|inactive|Time left: 300 sec this turn | 300 sec total\n|\n|t:|1783394505\n|move|p1a: Jumpluff|Acrobatics|p2a: Sandslash\n|-damage|p2a: Sandslash|148/278\n|move|p2a: Sandslash|Spikes|p1a: Jumpluff\n|-sidestart|p1: p0x004e902|Spikes\n|\n|-heal|p2a: Sandslash|165/278|[from] item: Leftovers\n|-damage|p2a: Sandslash|131/278|[from] Leech Seed|[of] p1a: Jumpluff\n|upkeep\n|turn|13\n|inactive|Time left: 300 sec this turn | 300 sec total\n|\n|t:|1783394505\n|switch|p2a: Oinkologne|Oinkologne-F, L92, F|361/361\n|move|p1a: Jumpluff|Acrobatics|p2a: Oinkologne\n|-damage|p2a: Oinkologne|276/361\n|\n|-heal|p2a: Oinkologne|298/361|[from] item: Leftovers\n|upkeep\n|turn|14\n|inactive|Time left: 300 sec this turn | 300 sec total\n|\n|t:|1783394505\n|move|p1a: Jumpluff|Leech Seed|p2a: Oinkologne\n|-start|p2a: Oinkologne|move: Leech Seed\n|move|p2a: Oinkologne|Double-Edge|p1a: Jumpluff\n|-end|p1a: Jumpluff|Substitute\n|-damage|p2a: Oinkologne|276/361|[from] Recoil|[of] p1a: Jumpluff\n|\n|-heal|p2a: Oinkologne|298/361|[from] item: Leftovers\n|-damage|p2a: Oinkologne|253/361|[from] Leech Seed|[of] p1a: Jumpluff\n|upkeep\n|turn|15\n|inactive|Time left: 300 sec this turn | 300 sec total\n|\n|t:|1783394506\n|switch|p2a: Sandslash|Sandslash, L89, F|131/278\n|move|p1a: Jumpluff|Acrobatics|p2a: Sandslash\n|-damage|p2a: Sandslash|68/278\n|\n|-heal|p2a: Sandslash|85/278|[from] item: Leftovers\n|upkeep\n|turn|16\n|inactive|Time left: 300 sec this turn | 300 sec total\n|\n|t:|1783394506\n|move|p1a: Jumpluff|Acrobatics|p2a: Sandslash\n|-damage|p2a: Sandslash|18/278\n|move|p2a: Sandslash|Spikes|p1a: Jumpluff\n|-sidestart|p1: p0x004e902|Spikes\n|\n|-heal|p2a: Sandslash|35/278|[from] item: Leftovers\n|upkeep\n|turn|17\n|inactive|Time left: 300 sec this turn | 300 sec total\n|\n|t:|1783394506\n|switch|p2a: Oinkologne|Oinkologne-F, L92, F|253/361\n|move|p1a: Jumpluff|Acrobatics|p2a: Oinkologne\n|-damage|p2a: Oinkologne|159/361\n|\n|-heal|p2a: Oinkologne|181/361|[from] item: Leftovers\n|upkeep\n|turn|18\n|inactive|Time left: 300 sec this turn | 300 sec total\n|\n|t:|1783394506\n|move|p1a: Jumpluff|Leech Seed|p2a: Oinkologne|[miss]\n|-miss|p1a: Jumpluff|p2a: Oinkologne\n|move|p2a: Oinkologne|Curse|p2a: Oinkologne\n|-unboost|p2a: Oinkologne|spe|1\n|-boost|p2a: Oinkologne|atk|1\n|-boost|p2a: Oinkologne|def|1\n|\n|-heal|p2a: Oinkologne|203/361|[from] item: Leftovers\n|upkeep\n|turn|19\n|inactive|Time left: 300 sec this turn | 300 sec total\n|\n|t:|1783394506\n|move|p1a: Jumpluff|Leech Seed|p2a: Oinkologne\n|-start|p2a: Oinkologne|move: Leech Seed\n|move|p2a: Oinkologne|Curse|p2a: Oinkologne\n|-unboost|p2a: Oinkologne|spe|1\n|-boost|p2a: Oinkologne|atk|1\n|-boost|p2a: Oinkologne|def|1\n|\n|-heal|p2a: Oinkologne|225/361|[from] item: Leftovers\n|-damage|p2a: Oinkologne|180/361|[from] Leech Seed|[of] p1a: Jumpluff\n|upkeep\n|turn|20\n|inactive|Time left: 300 sec this turn | 300 sec total\n|\n|t:|1783394507\n|move|p1a: Jumpluff|Strength Sap|p2a: Oinkologne\n|-unboost|p2a: Oinkologne|atk|1\n|move|p2a: Oinkologne|Double-Edge|p1a: Jumpluff\n|-damage|p1a: Jumpluff|19/100\n|-damage|p2a: Oinkologne|107/361|[from] Recoil\n|\n|-heal|p2a: Oinkologne|129/361|[from] item: Leftovers\n|-damage|p2a: Oinkologne|84/361|[from] Leech Seed|[of] p1a: Jumpluff\n|-heal|p1a: Jumpluff|35/100|[silent]\n|upkeep\n|turn|21\n|inactive|Time left: 300 sec this turn | 300 sec total\n|\n|t:|1783394507\n|switch|p2a: Moltres|Moltres-Galar, L79|88/271\n|move|p1a: Jumpluff|Strength Sap|p2a: Moltres\n|-unboost|p2a: Moltres|atk|1\n|-heal|p1a: Jumpluff|86/100\n|\n|upkeep\n|turn|22\n|inactive|Time left: 300 sec this turn | 300 sec total\n|\n|t:|1783394507\n|move|p1a: Jumpluff|Acrobatics|p2a: Moltres\n|-damage|p2a: Moltres|0 fnt\n|faint|p2a: Moltres\n|\n|upkeep\n|inactive|Time left: 300 sec this turn | 300 sec total | 5 sec grace\n|\n|t:|1783394507\n|switch|p2a: Wugtrio|Wugtrio, L91, F|212/212\n|turn|23\n|inactive|Time left: 300 sec this turn | 300 sec total\n|\n|t:|1783394508\n|move|p2a: Wugtrio|Liquidation|p1a: Jumpluff\n|-resisted|p1a: Jumpluff\n|-damage|p1a: Jumpluff|52/100\n|move|p1a: Jumpluff|Strength Sap|p2a: Wugtrio\n|-unboost|p2a: Wugtrio|atk|1\n|-heal|p1a: Jumpluff|100/100\n|\n|upkeep\n|turn|24\n|inactive|Time left: 300 sec this turn | 300 sec total\n|\n|t:|1783394508\n|move|p2a: Wugtrio|Liquidation|p1a: Jumpluff\n|-resisted|p1a: Jumpluff\n|-damage|p1a: Jumpluff|77/100\n|move|p1a: Jumpluff|Acrobatics|p2a: Wugtrio\n|-damage|p2a: Wugtrio|104/212\n|-ability|p2a: Wugtrio|Gooey\n|-unboost|p1a: Jumpluff|spe|1\n|\n|upkeep\n|turn|25\n|inactive|Time left: 300 sec this turn | 300 sec total\n|\n|t:|1783394508\n|move|p2a: Wugtrio|Liquidation|p1a: Jumpluff\n|-resisted|p1a: Jumpluff\n|-damage|p1a: Jumpluff|53/100\n|-unboost|p1a: Jumpluff|def|1\n|move|p1a: Jumpluff|Acrobatics|p2a: Wugtrio\n|-damage|p2a: Wugtrio|0 fnt\n|-ability|p2a: Wugtrio|Gooey\n|-unboost|p1a: Jumpluff|spe|1\n|faint|p2a: Wugtrio\n|\n|upkeep\n|inactive|Time left: 300 sec this turn | 300 sec total | 5 sec grace\n|\n|t:|1783394508\n|switch|p2a: Oinkologne|Oinkologne-F, L92, F|84/361\n|turn|26\n|inactive|Time left: 300 sec this turn | 300 sec total\n|\n|t:|1783394509\n|switch|p1a: Registeel|Registeel, L81|100/100\n|-activate|p1a: Registeel|move: Sticky Web\n|-fail|p1a: Registeel|unboost|[from] ability: Clear Body|[of] p1a: Registeel\n|-damage|p1a: Registeel|76/100|[from] Spikes\n|move|p2a: Oinkologne|Double-Edge|p1a: Registeel\n|-resisted|p1a: Registeel\n|-damage|p1a: Registeel|59/100\n|-damage|p2a: Oinkologne|69/361|[from] Recoil\n|\n|-heal|p2a: Oinkologne|91/361|[from] item: Leftovers\n|-heal|p1a: Registeel|65/100|[from] item: Leftovers\n|upkeep\n|turn|27\n|inactive|Time left: 300 sec this turn | 300 sec total\n|\n|t:|1783394509\n|-terastallize|p2a: Oinkologne|Ground\n|move|p2a: Oinkologne|High Horsepower|p1a: Registeel\n|-supereffective|p1a: Registeel\n|-damage|p1a: Registeel|3/100\n|move|p1a: Registeel|Body Press|p2a: Oinkologne\n|-damage|p2a: Oinkologne|12/361\n|\n|-heal|p2a: Oinkologne|34/361|[from] item: Leftovers\n|-heal|p1a: Registeel|9/100|[from] item: Leftovers\n|upkeep\n|turn|28\n|inactive|Time left: 300 sec this turn | 300 sec total\n|\n|t:|1783394509\n|move|p2a: Oinkologne|Lash Out|p1a: Registeel\n|-damage|p1a: Registeel|0 fnt\n|faint|p1a: Registeel\n|\n|-heal|p2a: Oinkologne|56/361|[from] item: Leftovers\n|upkeep\n|\n|t:|1783394509\n|switch|p1a: Jumpluff|Jumpluff, L87, F|53/100\n|turn|29\n|inactive|Time left: 300 sec this turn | 300 sec total\n|\n|t:|1783394510\n|switch|p2a: Tauros|Tauros, L82, M|184/257\n|move|p1a: Jumpluff|Acrobatics|p2a: Tauros\n|-damage|p2a: Tauros|108/257\n|\n|upkeep\n|turn|30\n|inactive|Time left: 300 sec this turn | 300 sec total\n|\n|t:|1783394510\n|move|p1a: Jumpluff|Strength Sap|p2a: Tauros\n|-unboost|p2a: Tauros|atk|1\n|-heal|p1a: Jumpluff|100/100\n|move|p2a: Tauros|Body Slam|p1a: Jumpluff\n|-damage|p1a: Jumpluff|62/100\n|\n|upkeep\n|turn|31\n|inactive|Time left: 300 sec this turn | 300 sec total\n|\n|t:|1783394510\n|move|p1a: Jumpluff|Acrobatics|p2a: Tauros\n|-damage|p2a: Tauros|32/257\n|move|p2a: Tauros|Body Slam|p1a: Jumpluff\n|-damage|p1a: Jumpluff|20/100\n|\n|upkeep\n|turn|32\n|inactive|Time left: 300 sec this turn | 300 sec total\n|\n|t:|1783394510\n|move|p1a: Jumpluff|Acrobatics|p2a: Tauros\n|-damage|p2a: Tauros|0 fnt\n|faint|p2a: Tauros\n|\n|upkeep\n|inactive|Time left: 300 sec this turn | 300 sec total | 5 sec grace\n|\n|t:|1783394511\n|switch|p2a: Sandslash|Sandslash, L89, F|35/278\n|turn|33\n|inactive|Time left: 300 sec this turn | 300 sec total\n|\n|t:|1783394511\n|switch|p2a: Oinkologne|Oinkologne-F, L92, F, tera:Ground|56/361\n|move|p1a: Jumpluff|Acrobatics|p2a: Oinkologne\n|-damage|p2a: Oinkologne|0 fnt\n|faint|p2a: Oinkologne\n|\n|upkeep\n|inactive|Time left: 300 sec this turn | 300 sec total | 5 sec grace\n|\n|t:|1783394511\n|switch|p2a: Spidops|Spidops, L96, M|127/271\n|turn|34\n|inactive|Time left: 300 sec this turn | 300 sec total\n|\n|t:|1783394511\n|move|p1a: Jumpluff|Acrobatics|p2a: Spidops\n|-supereffective|p2a: Spidops\n|-damage|p2a: Spidops|0 fnt\n|faint|p2a: Spidops\n|\n|upkeep\n|inactive|Time left: 300 sec this turn | 300 sec total | 5 sec grace\n|\n|t:|1783394512\n|switch|p2a: Sandslash|Sandslash, L89, F|35/278\n|turn|35\n|inactive|Time left: 300 sec this turn | 300 sec total\n|\n|t:|1783394512\n|-terastallize|p1a: Jumpluff|Steel\n|move|p1a: Jumpluff|Acrobatics|p2a: Sandslash\n|-damage|p2a: Sandslash|0 fnt\n|faint|p2a: Sandslash\n|\n|win|p0x004e902", "uploadtime": 1783394512, "views": 0, "rating": 0, "private": 0, "password": null, "_winner": "p0x004e902", "_our_name": "p0y004dd0c"}