{"id": "battle-gen9randombattle-324", "formatid": "gen9randombattle", "format": "[Gen 9] Random Battle", "players": ["p0x002e55c", "p0y002f9d6"], "log": "|init|battle\n|title|p0x002e55c vs. p0y002f9d6\n|j|\u2606p0x002e55c\n|j|\u2606p0y002f9d6\n|t:|1783394470\n|gametype|singles\n|player|p1|p0x002e55c|1|\n|player|p2|p0y002f9d6|169|\n|gen|9\n|tier|[Gen 9] Random Battle\n|rule|Species Clause: Limit one of each Pok\u00e9mon\n|rule|HP Percentage Mod: HP is shown in percentages\n|rule|Sleep Clause Mod: Limit one foe put to sleep\n|rule|Illusion Level Mod: Illusion disguises the Pok\u00e9mon's true level\n|\n|t:|1783394470\n|teamsize|p1|6\n|teamsize|p2|6\n|start\n|switch|p1a: Iron Leaves|Iron Leaves, L80|100/100\n|switch|p2a: Iron Valiant|Iron Valiant, L78|244/244\n|turn|1\n|inactive|Battle timer is ON: inactive players will automatically lose when time's up. (requested by p0x002e55c)\n|inactive|Time left: 300 sec this turn | 300 sec total | 60 sec grace\n|inactive|p0y002f9d6 also wants the timer to be on.\n|\n|t:|1783394470\n|-end|p2a: Iron Valiant|Quark Drive|[silent]\n|switch|p2a: Forretress|Forretress, L84, M|263/263\n|move|p1a: Iron Leaves|Psyblade|p2a: Forretress\n|-resisted|p2a: Forretress\n|-damage|p2a: Forretress|220/263\n|-damage|p1a: Iron Leaves|91/100|[from] item: Life Orb\n|\n|-heal|p2a: Forretress|236/263|[from] item: Leftovers\n|upkeep\n|turn|2\n|inactive|Time left: 300 sec this turn | 300 sec total\n|\n|t:|1783394470\n|move|p1a: Iron Leaves|Swords Dance|p1a: Iron Leaves\n|-boost|p1a: Iron Leaves|atk|2\n|move|p2a: Forretress|Thunder Wave|p1a: Iron Leaves\n|-status|p1a: Iron Leaves|par\n|\n|-heal|p2a: Forretress|252/263|[from] item: Leftovers\n|upkeep\n|turn|3\n|inactive|Time left: 300 sec this turn | 300 sec total\n|\n|t:|1783394470\n|move|p2a: Forretress|Stealth Rock|p1a: Iron Leaves\n|-sidestart|p1: p0x002e55c|move: Stealth Rock\n|cant|p1a: Iron Leaves|par\n|\n|-heal|p2a: Forretress|263/263|[from] item: Leftovers\n|upkeep\n|turn|4\n|inactive|Time left: 300 sec this turn | 300 sec total\n|\n|t:|1783394471\n|move|p2a: Forretress|Iron Head|p1a: Iron Leaves\n|-damage|p1a: Iron Leaves|63/100 par\n|cant|p1a: Iron Leaves|par\n|\n|upkeep\n|turn|5\n|inactive|Time left: 300 sec this turn | 300 sec total\n|\n|t:|1783394471\n|move|p2a: Forretress|Iron Head|p1a: Iron Leaves\n|-damage|p1a: Iron Leaves|32/100 par\n|cant|p1a: Iron Leaves|par\n|\n|upkeep\n|turn|6\n|inactive|Time left: 300 sec this turn | 300 sec total\n|\n|t:|1783394471\n|move|p2a: Forretress|Iron Head|p1a: Iron Leaves\n|-damage|p1a: Iron Leaves|3/100 par\n|move|p1a: Iron Leaves|Close Combat|p2a: Forretress\n|-damage|p2a: Forretress|93/263\n|-unboost|p1a: Iron Leaves|def|1\n|-unboost|p1a: Iron Leaves|spd|1\n|-damage|p1a: Iron Leaves|0 fnt|[from] item: Life Orb\n|faint|p1a: Iron Leaves\n|-end|p1a: Iron Leaves|Quark Drive|[silent]\n|\n|-heal|p2a: Forretress|109/263|[from] item: Leftovers\n|upkeep\n|\n|t:|1783394471\n|switch|p1a: Espeon|Espeon, L84, F|100/100\n|-damage|p1a: Espeon|88/100|[from] Stealth Rock\n|turn|7\n|inactive|Time left: 300 sec this turn | 300 sec total\n|\n|t:|1783394472\n|move|p1a: Espeon|Calm Mind|p1a: Espeon\n|-boost|p1a: Espeon|spa|1\n|-boost|p1a: Espeon|spd|1\n|move|p2a: Forretress|Iron Head|p1a: Espeon\n|-damage|p1a: Espeon|46/100\n|\n|-heal|p2a: Forretress|125/263|[from] item: Leftovers\n|upkeep\n|turn|8\n|inactive|Time left: 300 sec this turn | 300 sec total\n|\n|t:|1783394472\n|move|p1a: Espeon|Shadow Ball|p2a: Forretress\n|-damage|p2a: Forretress|0 fnt\n|faint|p2a: Forretress\n|-damage|p1a: Espeon|37/100|[from] item: Life Orb\n|\n|upkeep\n|inactive|Time left: 300 sec this turn | 300 sec total | 5 sec grace\n|\n|t:|1783394472\n|switch|p2a: Altaria|Altaria, L89, F|278/278\n|turn|9\n|inactive|Time left: 300 sec this turn | 300 sec total\n|\n|t:|1783394472\n|-terastallize|p2a: Altaria|Steel\n|move|p1a: Espeon|Psychic|p2a: Altaria\n|-resisted|p2a: Altaria\n|-damage|p2a: Altaria|187/278\n|-damage|p1a: Espeon|27/100|[from] item: Life Orb\n|move|p2a: Altaria|Brave Bird|p1a: Espeon\n|-damage|p1a: Espeon|0 fnt\n|faint|p1a: Espeon\n|-damage|p2a: Altaria|166/278|[from] Recoil\n|\n|upkeep\n|\n|t:|1783394473\n|switch|p1a: Arceus|Arceus-Fairy, L69|100/100\n|-damage|p1a: Arceus|88/100|[from] Stealth Rock\n|turn|10\n|inactive|Time left: 300 sec this turn | 300 sec total\n|\n|t:|1783394473\n|switch|p2a: Bellossom|Bellossom, L84, M|263/263\n|move|p1a: Arceus|Calm Mind|p1a: Arceus\n|-boost|p1a: Arceus|spa|1\n|-boost|p1a: Arceus|spd|1\n|\n|upkeep\n|turn|11\n|inactive|Time left: 300 sec this turn | 300 sec total\n|\n|t:|1783394473\n|move|p1a: Arceus|Calm Mind|p1a: Arceus\n|-boost|p1a: Arceus|spa|1\n|-boost|p1a: Arceus|spd|1\n|move|p2a: Bellossom|Quiver Dance|p2a: Bellossom\n|-boost|p2a: Bellossom|spa|1\n|-boost|p2a: Bellossom|spd|1\n|-boost|p2a: Bellossom|spe|1\n|\n|upkeep\n|turn|12\n|inactive|Time left: 300 sec this turn | 300 sec total\n|\n|t:|1783394473\n|move|p1a: Arceus|Calm Mind|p1a: Arceus\n|-boost|p1a: Arceus|spa|1\n|-boost|p1a: Arceus|spd|1\n|move|p2a: Bellossom|Quiver Dance|p2a: Bellossom\n|-boost|p2a: Bellossom|spa|1\n|-boost|p2a: Bellossom|spd|1\n|-boost|p2a: Bellossom|spe|1\n|\n|upkeep\n|turn|13\n|inactive|Time left: 300 sec this turn | 300 sec total\n|\n|t:|1783394474\n|move|p2a: Bellossom|Quiver Dance|p2a: Bellossom\n|-boost|p2a: Bellossom|spa|1\n|-boost|p2a: Bellossom|spd|1\n|-boost|p2a: Bellossom|spe|1\n|move|p1a: Arceus|Judgment|p2a: Bellossom\n|-damage|p2a: Bellossom|173/263\n|\n|-heal|p2a: Bellossom|189/263|[from] item: Leftovers\n|upkeep\n|turn|14\n|inactive|Time left: 300 sec this turn | 300 sec total\n|\n|t:|1783394474\n|move|p2a: Bellossom|Strength Sap|p1a: Arceus\n|-unboost|p1a: Arceus|atk|1\n|-heal|p2a: Bellossom|263/263\n|move|p1a: Arceus|Judgment|p2a: Bellossom\n|-damage|p2a: Bellossom|169/263\n|\n|-heal|p2a: Bellossom|185/263|[from] item: Leftovers\n|upkeep\n|turn|15\n|inactive|Time left: 300 sec this turn | 300 sec total\n|\n|t:|1783394474\n|move|p2a: Bellossom|Sludge Bomb|p1a: Arceus\n|-supereffective|p1a: Arceus\n|-damage|p1a: Arceus|50/100\n|move|p1a: Arceus|Calm Mind|p1a: Arceus\n|-boost|p1a: Arceus|spa|1\n|-boost|p1a: Arceus|spd|1\n|\n|-heal|p2a: Bellossom|201/263|[from] item: Leftovers\n|upkeep\n|turn|16\n|inactive|Time left: 300 sec this turn | 300 sec total\n|\n|t:|1783394474\n|-terastallize|p1a: Arceus|Steel\n|move|p2a: Bellossom|Sludge Bomb|p1a: Arceus\n|-immune|p1a: Arceus\n|move|p1a: Arceus|Judgment|p2a: Bellossom\n|-damage|p2a: Bellossom|99/263\n|\n|-heal|p2a: Bellossom|115/263|[from] item: Leftovers\n|upkeep\n|turn|17\n|inactive|Time left: 300 sec this turn | 300 sec total\n|\n|t:|1783394475\n|move|p2a: Bellossom|Strength Sap|p1a: Arceus\n|-unboost|p1a: Arceus|atk|1\n|-heal|p2a: Bellossom|228/263\n|move|p1a: Arceus|Judgment|p2a: Bellossom\n|-damage|p2a: Bellossom|107/263\n|\n|-heal|p2a: Bellossom|123/263|[from] item: Leftovers\n|upkeep\n|turn|18\n|inactive|Time left: 300 sec this turn | 300 sec total\n|\n|t:|1783394475\n|move|p2a: Bellossom|Strength Sap|p1a: Arceus\n|-unboost|p1a: Arceus|atk|1\n|-heal|p2a: Bellossom|208/263\n|move|p1a: Arceus|Judgment|p2a: Bellossom\n|-damage|p2a: Bellossom|103/263\n|\n|-heal|p2a: Bellossom|119/263|[from] item: Leftovers\n|upkeep\n|turn|19\n|inactive|Time left: 300 sec this turn | 300 sec total\n|\n|t:|1783394475\n|move|p2a: Bellossom|Strength Sap|p1a: Arceus\n|-unboost|p1a: Arceus|atk|1\n|-heal|p2a: Bellossom|187/263\n|move|p1a: Arceus|Judgment|p2a: Bellossom\n|-damage|p2a: Bellossom|70/263\n|\n|-heal|p2a: Bellossom|86/263|[from] item: Leftovers\n|upkeep\n|turn|20\n|inactive|Time left: 300 sec this turn | 300 sec total\n|\n|t:|1783394475\n|move|p2a: Bellossom|Strength Sap|p1a: Arceus\n|-unboost|p1a: Arceus|atk|1\n|-heal|p2a: Bellossom|142/263\n|move|p1a: Arceus|Judgment|p2a: Bellossom\n|-damage|p2a: Bellossom|34/263\n|\n|-heal|p2a: Bellossom|50/263|[from] item: Leftovers\n|upkeep\n|turn|21\n|inactive|Time left: 300 sec this turn | 300 sec total\n|\n|t:|1783394476\n|move|p2a: Bellossom|Giga Drain|p1a: Arceus\n|-resisted|p1a: Arceus\n|-damage|p1a: Arceus|39/100\n|-heal|p2a: Bellossom|65/263|[from] drain|[of] p1a: Arceus\n|move|p1a: Arceus|Judgment|p2a: Bellossom\n|-crit|p2a: Bellossom\n|-damage|p2a: Bellossom|0 fnt\n|faint|p2a: Bellossom\n|\n|upkeep\n|inactive|Time left: 300 sec this turn | 300 sec total | 5 sec grace\n|\n|t:|1783394476\n|switch|p2a: Iron Valiant|Iron Valiant, L78|244/244\n|turn|22\n|inactive|Time left: 300 sec this turn | 300 sec total\n|\n|t:|1783394476\n|move|p2a: Iron Valiant|Close Combat|p1a: Arceus\n|-supereffective|p1a: Arceus\n|-damage|p1a: Arceus|0 fnt\n|-unboost|p2a: Iron Valiant|def|1\n|-unboost|p2a: Iron Valiant|spd|1\n|faint|p1a: Arceus\n|-damage|p2a: Iron Valiant|220/244|[from] item: Life Orb\n|\n|upkeep\n|\n|t:|1783394476\n|switch|p1a: Sceptile|Sceptile, L87, M|100/100\n|-damage|p1a: Sceptile|88/100|[from] Stealth Rock\n|turn|23\n|inactive|Time left: 300 sec this turn | 300 sec total\n|\n|t:|1783394477\n|-end|p2a: Iron Valiant|Quark Drive|[silent]\n|switch|p2a: Hitmonlee|Hitmonlee, L85, M|223/223\n|move|p1a: Sceptile|Substitute|p1a: Sceptile\n|-start|p1a: Sceptile|Substitute\n|-damage|p1a: Sceptile|63/100\n|\n|-heal|p1a: Sceptile|69/100|[from] item: Leftovers\n|upkeep\n|turn|24\n|inactive|Time left: 300 sec this turn | 300 sec total\n|\n|t:|1783394477\n|move|p1a: Sceptile|Giga Drain|p2a: Hitmonlee\n|-damage|p2a: Hitmonlee|141/223\n|-heal|p1a: Sceptile|85/100|[from] drain|[of] p2a: Hitmonlee\n|move|p2a: Hitmonlee|High Jump Kick|p1a: Sceptile\n|-end|p1a: Sceptile|Substitute\n|\n|-heal|p1a: Sceptile|91/100|[from] item: Leftovers\n|upkeep\n|turn|25\n|inactive|Time left: 300 sec this turn | 300 sec total\n|\n|t:|1783394477\n|move|p1a: Sceptile|Substitute|p1a: Sceptile\n|-start|p1a: Sceptile|Substitute\n|-damage|p1a: Sceptile|66/100\n|move|p2a: Hitmonlee|High Jump Kick|p1a: Sceptile\n|-end|p1a: Sceptile|Substitute\n|\n|-heal|p1a: Sceptile|72/100|[from] item: Leftovers\n|upkeep\n|turn|26\n|inactive|Time left: 300 sec this turn | 300 sec total\n|\n|t:|1783394477\n|move|p1a: Sceptile|Substitute|p1a: Sceptile\n|-start|p1a: Sceptile|Substitute\n|-damage|p1a: Sceptile|47/100\n|move|p2a: Hitmonlee|High Jump Kick|p1a: Sceptile\n|-end|p1a: Sceptile|Substitute\n|\n|-heal|p1a: Sceptile|53/100|[from] item: Leftovers\n|upkeep\n|turn|27\n|inactive|Time left: 300 sec this turn | 300 sec total\n|\n|t:|1783394478\n|move|p1a: Sceptile|Substitute|p1a: Sceptile\n|-start|p1a: Sceptile|Substitute\n|-damage|p1a: Sceptile|28/100\n|move|p2a: Hitmonlee|High Jump Kick|p1a: Sceptile\n|-end|p1a: Sceptile|Substitute\n|\n|-heal|p1a: Sceptile|34/100|[from] item: Leftovers\n|upkeep\n|turn|28\n|inactive|Time left: 300 sec this turn | 300 sec total\n|\n|t:|1783394478\n|move|p1a: Sceptile|Substitute|p1a: Sceptile\n|-start|p1a: Sceptile|Substitute\n|-damage|p1a: Sceptile|9/100\n|move|p2a: Hitmonlee|High Jump Kick|p1a: Sceptile\n|-end|p1a: Sceptile|Substitute\n|\n|-heal|p1a: Sceptile|15/100|[from] item: Leftovers\n|upkeep\n|turn|29\n|inactive|Time left: 300 sec this turn | 300 sec total\n|\n|t:|1783394478\n|move|p1a: Sceptile|Giga Drain|p2a: Hitmonlee\n|-damage|p2a: Hitmonlee|33/223\n|-heal|p1a: Sceptile|35/100|[from] drain|[of] p2a: Hitmonlee\n|move|p2a: Hitmonlee|High Jump Kick|p1a: Sceptile\n|-damage|p1a: Sceptile|0 fnt\n|faint|p1a: Sceptile\n|\n|upkeep\n|\n|t:|1783394478\n|switch|p1a: Duraludon|Duraludon, L82, M|100/100\n|-damage|p1a: Duraludon|94/100|[from] Stealth Rock\n|turn|30\n|inactive|Time left: 300 sec this turn | 300 sec total\n|\n|t:|1783394479\n|move|p2a: Hitmonlee|High Jump Kick|p1a: Duraludon\n|-supereffective|p1a: Duraludon\n|-damage|p1a: Duraludon|0 fnt\n|faint|p1a: Duraludon\n|\n|upkeep\n|\n|t:|1783394479\n|switch|p1a: Regigigas|Regigigas, L84|100/100\n|-damage|p1a: Regigigas|88/100|[from] Stealth Rock\n|-start|p1a: Regigigas|ability: Slow Start\n|turn|31\n|inactive|Time left: 300 sec this turn | 300 sec total\n|\n|t:|1783394479\n|move|p2a: Hitmonlee|High Jump Kick|p1a: Regigigas\n|-supereffective|p1a: Regigigas\n|-damage|p1a: Regigigas|0 fnt\n|faint|p1a: Regigigas\n|-end|p1a: Regigigas|Slow Start|[silent]\n|\n|win|p0y002f9d6", "uploadtime": 1783394479, "views": 0, "rating": 0, "private": 0, "password": null, "_winner": "p0y002f9d6", "_our_name": "p0y002f9d6"} "uploadtime": 1783394479, "views": 0, "rating": 0, "private": 0, "password": null, "_winner": "p0y002f9d6", "_our_name": "p0x002e55c"}