{"id": "battle-gen9randombattle-330", "formatid": "gen9randombattle", "format": "[Gen 9] Random Battle", "players": ["p0x008f57a", "p0y008e2a0"], "log": "|init|battle\n|title|p0x008f57a vs. p0y008e2a0\n|j|\u2606p0x008f57a\n|j|\u2606p0y008e2a0\n|t:|1783394567\n|gametype|singles\n|player|p1|p0x008f57a|266|\n|player|p2|p0y008e2a0|1|\n|gen|9\n|tier|[Gen 9] Random Battle\n|rule|Species Clause: Limit one of each Pok\u00e9mon\n|rule|HP Percentage Mod: HP is shown in percentages\n|rule|Sleep Clause Mod: Limit one foe put to sleep\n|rule|Illusion Level Mod: Illusion disguises the Pok\u00e9mon's true level\n|\n|t:|1783394567\n|teamsize|p1|6\n|teamsize|p2|6\n|start\n|switch|p1a: Malamar|Malamar, L82, F|100/100\n|switch|p2a: Sinistcha|Sinistcha-Masterpiece, L83|254/254\n|turn|1\n|inactive|Battle timer is ON: inactive players will automatically lose when time's up. (requested by p0x008f57a)\n|inactive|Time left: 300 sec this turn | 300 sec total | 60 sec grace\n|inactive|p0y008e2a0 also wants the timer to be on.\n|\n|t:|1783394567\n|move|p1a: Malamar|Knock Off|p2a: Sinistcha\n|-supereffective|p2a: Sinistcha\n|-damage|p2a: Sinistcha|90/254\n|-enditem|p2a: Sinistcha|Leftovers|[from] move: Knock Off|[of] p1a: Malamar\n|move|p2a: Sinistcha|Matcha Gotcha|p1a: Malamar\n|-damage|p1a: Malamar|61/100\n|-heal|p2a: Sinistcha|144/254|[from] drain|[of] p1a: Malamar\n|\n|upkeep\n|turn|2\n|inactive|Time left: 300 sec this turn | 300 sec total\n|\n|t:|1783394567\n|move|p1a: Malamar|Knock Off|p2a: Sinistcha\n|-supereffective|p2a: Sinistcha\n|-damage|p2a: Sinistcha|40/254\n|move|p2a: Sinistcha|Matcha Gotcha|p1a: Malamar\n|-damage|p1a: Malamar|19/100\n|-heal|p2a: Sinistcha|98/254|[from] drain|[of] p1a: Malamar\n|\n|upkeep\n|turn|3\n|inactive|Time left: 300 sec this turn | 300 sec total\n|\n|t:|1783394568\n|move|p1a: Malamar|Knock Off|p2a: Sinistcha\n|-supereffective|p2a: Sinistcha\n|-damage|p2a: Sinistcha|0 fnt\n|faint|p2a: Sinistcha\n|\n|upkeep\n|inactive|Time left: 300 sec this turn | 300 sec total | 5 sec grace\n|\n|t:|1783394568\n|switch|p2a: Mabosstiff|Mabosstiff, L86, F|278/278\n|turn|4\n|inactive|Time left: 300 sec this turn | 300 sec total\n|\n|t:|1783394568\n|move|p2a: Mabosstiff|Crunch|p1a: Malamar\n|-damage|p1a: Malamar|0 fnt\n|faint|p1a: Malamar\n|\n|upkeep\n|\n|t:|1783394568\n|switch|p1a: Porygon-Z|Porygon-Z, L83|100/100\n|turn|5\n|inactive|Time left: 300 sec this turn | 300 sec total\n|\n|t:|1783394569\n|move|p1a: Porygon-Z|Tri Attack|p2a: Mabosstiff\n|-damage|p2a: Mabosstiff|49/278\n|-damage|p1a: Porygon-Z|91/100|[from] item: Life Orb\n|move|p2a: Mabosstiff|Crunch|p1a: Porygon-Z\n|-damage|p1a: Porygon-Z|17/100\n|\n|upkeep\n|turn|6\n|inactive|Time left: 300 sec this turn | 300 sec total\n|\n|t:|1783394569\n|switch|p2a: Heracross|Heracross, L80, M|259/259\n|move|p1a: Porygon-Z|Tri Attack|p2a: Heracross\n|-damage|p2a: Heracross|56/259\n|-damage|p1a: Porygon-Z|7/100|[from] item: Life Orb\n|\n|upkeep\n|turn|7\n|inactive|Time left: 300 sec this turn | 300 sec total\n|\n|t:|1783394569\n|move|p2a: Heracross|Close Combat|p1a: Porygon-Z\n|-supereffective|p1a: Porygon-Z\n|-damage|p1a: Porygon-Z|0 fnt\n|-unboost|p2a: Heracross|def|1\n|-unboost|p2a: Heracross|spd|1\n|faint|p1a: Porygon-Z\n|-ability|p2a: Heracross|Moxie|boost\n|-boost|p2a: Heracross|atk|1\n|\n|upkeep\n|\n|t:|1783394569\n|switch|p1a: Volbeat|Volbeat, L90, M|100/100\n|turn|8\n|inactive|Time left: 300 sec this turn | 300 sec total\n|\n|t:|1783394570\n|move|p2a: Heracross|Close Combat|p1a: Volbeat\n|-resisted|p1a: Volbeat\n|-damage|p1a: Volbeat|56/100\n|-unboost|p2a: Heracross|def|1\n|-unboost|p2a: Heracross|spd|1\n|move|p1a: Volbeat|U-turn|p2a: Heracross\n|-resisted|p2a: Heracross\n|-damage|p2a: Heracross|0 fnt\n|faint|p2a: Heracross\n|\n|t:|1783394570\n|switch|p1a: Luxray|Luxray, L88, F|100/100|[from] U-turn\n|\n|-status|p1a: Luxray|brn|[from] item: Flame Orb\n|upkeep\n|inactive|Time left: 300 sec this turn | 300 sec total | 10 sec grace\n|\n|t:|1783394570\n|switch|p2a: Seviper|Seviper, L93, M|287/287\n|turn|9\n|inactive|Time left: 300 sec this turn | 300 sec total\n|\n|t:|1783394570\n|-terastallize|p1a: Luxray|Normal\n|move|p2a: Seviper|Gunk Shot|p1a: Luxray|[miss]\n|-miss|p2a: Seviper|p1a: Luxray\n|move|p1a: Luxray|Trailblaze|p2a: Seviper\n|-resisted|p2a: Seviper\n|-damage|p2a: Seviper|244/287\n|-boost|p1a: Luxray|spe|1\n|\n|-heal|p2a: Seviper|261/287|[from] item: Leftovers\n|-damage|p1a: Luxray|94/100 brn|[from] brn\n|upkeep\n|turn|10\n|inactive|Time left: 300 sec this turn | 300 sec total\n|\n|t:|1783394571\n|switch|p2a: Orthworm|Orthworm, L88, M|266/266\n|move|p1a: Luxray|Facade|p2a: Orthworm\n|-resisted|p2a: Orthworm\n|-damage|p2a: Orthworm|168/266\n|\n|-damage|p1a: Luxray|88/100 brn|[from] brn\n|upkeep\n|turn|11\n|inactive|Time left: 300 sec this turn | 300 sec total\n|\n|t:|1783394571\n|move|p1a: Luxray|Supercell Slam|p2a: Orthworm\n|-damage|p2a: Orthworm|36/266\n|move|p2a: Orthworm|Rest|p2a: Orthworm\n|-status|p2a: Orthworm|slp|[from] move: Rest\n|-heal|p2a: Orthworm|266/266 slp|[silent]\n|-enditem|p2a: Orthworm|Chesto Berry|[eat]\n|-curestatus|p2a: Orthworm|slp|[msg]\n|\n|-damage|p1a: Luxray|82/100 brn|[from] brn\n|upkeep\n|turn|12\n|inactive|Time left: 300 sec this turn | 300 sec total\n|\n|t:|1783394571\n|switch|p1a: Uxie|Uxie, L83|100/100\n|move|p2a: Orthworm|Coil|p2a: Orthworm\n|-boost|p2a: Orthworm|atk|1\n|-boost|p2a: Orthworm|def|1\n|-boost|p2a: Orthworm|accuracy|1\n|\n|upkeep\n|turn|13\n|inactive|Time left: 300 sec this turn | 300 sec total\n|\n|t:|1783394571\n|move|p1a: Uxie|Yawn|p2a: Orthworm\n|-start|p2a: Orthworm|move: Yawn|[of] p1a: Uxie\n|move|p2a: Orthworm|Iron Tail|p1a: Uxie\n|-damage|p1a: Uxie|55/100\n|\n|-heal|p1a: Uxie|62/100|[from] item: Leftovers\n|upkeep\n|turn|14\n|inactive|Time left: 300 sec this turn | 300 sec total\n|\n|t:|1783394572\n|switch|p2a: Mabosstiff|Mabosstiff, L86, F|49/278\n|move|p1a: Uxie|Psychic Noise|p2a: Mabosstiff\n|-immune|p2a: Mabosstiff\n|\n|-heal|p1a: Uxie|68/100|[from] item: Leftovers\n|upkeep\n|turn|15\n|inactive|Time left: 300 sec this turn | 300 sec total\n|\n|t:|1783394572\n|move|p1a: Uxie|U-turn|p2a: Mabosstiff\n|-supereffective|p2a: Mabosstiff\n|-damage|p2a: Mabosstiff|0 fnt\n|faint|p2a: Mabosstiff\n|\n|t:|1783394572\n|switch|p1a: Kleavor|Kleavor, L78, F|100/100|[from] U-turn\n|\n|upkeep\n|inactive|Time left: 300 sec this turn | 300 sec total | 10 sec grace\n|\n|t:|1783394572\n|switch|p2a: Reshiram|Reshiram, L76|277/277\n|-ability|p2a: Reshiram|Turboblaze\n|turn|16\n|inactive|Time left: 300 sec this turn | 300 sec total\n|\n|t:|1783394573\n|-terastallize|p2a: Reshiram|Fire\n|move|p2a: Reshiram|Blue Flare|p1a: Kleavor|[miss]\n|-miss|p2a: Reshiram|p1a: Kleavor\n|move|p1a: Kleavor|Stone Axe|p2a: Reshiram\n|-supereffective|p2a: Reshiram\n|-damage|p2a: Reshiram|23/277\n|-sidestart|p2: p0y008e2a0|move: Stealth Rock\n|\n|upkeep\n|turn|17\n|inactive|Time left: 300 sec this turn | 300 sec total\n|\n|t:|1783394573\n|switch|p1a: Uxie|Uxie, L83|68/100\n|move|p2a: Reshiram|Blue Flare|p1a: Uxie|[miss]\n|-miss|p2a: Reshiram|p1a: Uxie\n|\n|-heal|p1a: Uxie|74/100|[from] item: Leftovers\n|upkeep\n|turn|18\n|inactive|Time left: 300 sec this turn | 300 sec total\n|\n|t:|1783394573\n|switch|p2a: Orthworm|Orthworm, L88, M|266/266\n|-damage|p2a: Orthworm|250/266|[from] Stealth Rock\n|move|p1a: Uxie|Psychic Noise|p2a: Orthworm\n|-resisted|p2a: Orthworm\n|-damage|p2a: Orthworm|206/266\n|-start|p2a: Orthworm|move: Heal Block\n|\n|-heal|p1a: Uxie|80/100|[from] item: Leftovers\n|upkeep\n|turn|19\n|inactive|Time left: 300 sec this turn | 300 sec total\n|\n|t:|1783394573\n|move|p1a: Uxie|Yawn|p2a: Orthworm\n|-start|p2a: Orthworm|move: Yawn|[of] p1a: Uxie\n|move|p2a: Orthworm|Coil|p2a: Orthworm\n|-boost|p2a: Orthworm|atk|1\n|-boost|p2a: Orthworm|def|1\n|-boost|p2a: Orthworm|accuracy|1\n|\n|-heal|p1a: Uxie|86/100|[from] item: Leftovers\n|-end|p2a: Orthworm|move: Heal Block\n|upkeep\n|turn|20\n|inactive|Time left: 300 sec this turn | 300 sec total\n|\n|t:|1783394574\n|move|p1a: Uxie|Psychic Noise|p2a: Orthworm\n|-resisted|p2a: Orthworm\n|-damage|p2a: Orthworm|164/266\n|-start|p2a: Orthworm|move: Heal Block\n|move|p2a: Orthworm|Coil|p2a: Orthworm\n|-boost|p2a: Orthworm|atk|1\n|-boost|p2a: Orthworm|def|1\n|-boost|p2a: Orthworm|accuracy|1\n|\n|-heal|p1a: Uxie|92/100|[from] item: Leftovers\n|-end|p2a: Orthworm|move: Yawn|[silent]\n|-status|p2a: Orthworm|slp\n|upkeep\n|turn|21\n|inactive|Time left: 300 sec this turn | 300 sec total\n|\n|t:|1783394574\n|move|p1a: Uxie|Psychic Noise|p2a: Orthworm\n|-resisted|p2a: Orthworm\n|-damage|p2a: Orthworm|125/266 slp\n|cant|p2a: Orthworm|slp\n|\n|-heal|p1a: Uxie|99/100|[from] item: Leftovers\n|-end|p2a: Orthworm|move: Heal Block\n|upkeep\n|turn|22\n|inactive|Time left: 300 sec this turn | 300 sec total\n|\n|t:|1783394574\n|move|p1a: Uxie|Psychic Noise|p2a: Orthworm\n|-resisted|p2a: Orthworm\n|-damage|p2a: Orthworm|81/266 slp\n|-start|p2a: Orthworm|move: Heal Block\n|-curestatus|p2a: Orthworm|slp|[msg]\n|move|p2a: Orthworm|Iron Tail|p1a: Uxie\n|-damage|p1a: Uxie|39/100\n|\n|-heal|p1a: Uxie|45/100|[from] item: Leftovers\n|upkeep\n|turn|23\n|inactive|Time left: 300 sec this turn | 300 sec total\n|\n|t:|1783394574\n|move|p1a: Uxie|Psychic Noise|p2a: Orthworm\n|-resisted|p2a: Orthworm\n|-damage|p2a: Orthworm|39/266\n|move|p2a: Orthworm|Iron Tail|p1a: Uxie\n|-damage|p1a: Uxie|0 fnt\n|faint|p1a: Uxie\n|\n|-end|p2a: Orthworm|move: Heal Block\n|upkeep\n|\n|t:|1783394575\n|switch|p1a: Kleavor|Kleavor, L78, F|100/100\n|turn|24\n|inactive|Time left: 300 sec this turn | 300 sec total\n|\n|t:|1783394575\n|move|p1a: Kleavor|Close Combat|p2a: Orthworm\n|-supereffective|p2a: Orthworm\n|-damage|p2a: Orthworm|0 fnt\n|-unboost|p1a: Kleavor|def|1\n|-unboost|p1a: Kleavor|spd|1\n|faint|p2a: Orthworm\n|\n|upkeep\n|inactive|Time left: 300 sec this turn | 300 sec total | 5 sec grace\n|\n|t:|1783394575\n|switch|p2a: Reshiram|Reshiram, L76, tera:Fire|23/277\n|-ability|p2a: Reshiram|Turboblaze\n|turn|25\n|inactive|Time left: 300 sec this turn | 300 sec total\n|\n|t:|1783394575\n|switch|p1a: Volbeat|Volbeat, L90, M|56/100\n|move|p2a: Reshiram|Will-O-Wisp|p1a: Volbeat\n|-status|p1a: Volbeat|brn\n|\n|-damage|p1a: Volbeat|50/100 brn|[from] brn\n|upkeep\n|turn|26\n|inactive|Time left: 300 sec this turn | 300 sec total\n|\n|t:|1783394576\n|switch|p2a: Seviper|Seviper, L93, M|261/287\n|-damage|p2a: Seviper|226/287|[from] Stealth Rock\n|move|p1a: Volbeat|Thunder Wave|p2a: Seviper\n|-status|p2a: Seviper|par\n|\n|-heal|p2a: Seviper|243/287 par|[from] item: Leftovers\n|-damage|p1a: Volbeat|43/100 brn|[from] brn\n|upkeep\n|turn|27\n|inactive|Time left: 300 sec this turn | 300 sec total\n|\n|t:|1783394576\n|switch|p2a: Reshiram|Reshiram, L76, tera:Fire|23/277\n|-ability|p2a: Reshiram|Turboblaze\n|move|p1a: Volbeat|Roost|p1a: Volbeat\n|-heal|p1a: Volbeat|94/100 brn\n|-singleturn|p1a: Volbeat|move: Roost\n|\n|-damage|p1a: Volbeat|88/100 brn|[from] brn\n|upkeep\n|turn|28\n|inactive|Time left: 300 sec this turn | 300 sec total\n|\n|t:|1783394576\n|move|p1a: Volbeat|Thunder Wave|p2a: Reshiram\n|-status|p2a: Reshiram|par\n|move|p2a: Reshiram|Draco Meteor|p1a: Volbeat\n|-damage|p1a: Volbeat|26/100 brn\n|-unboost|p2a: Reshiram|spa|2\n|\n|-damage|p1a: Volbeat|20/100 brn|[from] brn\n|upkeep\n|turn|29\n|inactive|Time left: 300 sec this turn | 300 sec total\n|\n|t:|1783394576\n|switch|p1a: Luxray|Luxray, L88, F, tera:Normal|82/100 brn\n|move|p2a: Reshiram|Dragon Tail|p1a: Luxray\n|-damage|p1a: Luxray|59/100 brn\n|drag|p1a: Volbeat|Volbeat, L90, M|20/100 brn\n|\n|-damage|p1a: Volbeat|13/100 brn|[from] brn\n|upkeep\n|turn|30\n|inactive|Time left: 300 sec this turn | 300 sec total\n|\n|t:|1783394577\n|switch|p1a: Luxray|Luxray, L88, F, tera:Normal|59/100 brn\n|cant|p2a: Reshiram|par\n|\n|-damage|p1a: Luxray|53/100 brn|[from] brn\n|upkeep\n|turn|31\n|inactive|Time left: 300 sec this turn | 300 sec total\n|\n|t:|1783394577\n|move|p1a: Luxray|Facade|p2a: Reshiram\n|-damage|p2a: Reshiram|0 fnt\n|faint|p2a: Reshiram\n|\n|-damage|p1a: Luxray|47/100 brn|[from] brn\n|upkeep\n|inactive|Time left: 300 sec this turn | 300 sec total | 5 sec grace\n|\n|t:|1783394577\n|switch|p2a: Seviper|Seviper, L93, M|243/287 par\n|-damage|p2a: Seviper|208/287 par|[from] Stealth Rock\n|turn|32\n|inactive|Time left: 300 sec this turn | 300 sec total\n|\n|t:|1783394577\n|move|p1a: Luxray|Facade|p2a: Seviper\n|-damage|p2a: Seviper|0 fnt\n|faint|p2a: Seviper\n|\n|win|p0x008f57a", "uploadtime": 1783394577, "views": 0, "rating": 0, "private": 0, "password": null, "_winner": "p0x008f57a", "_our_name": "p0y008e2a0"}