{"id": "battle-gen9randombattle-325", "formatid": "gen9randombattle", "format": "[Gen 9] Random Battle", "players": ["p0x0039327", "p0y003204d"], "log": "|init|battle\n|title|p0x0039327 vs. p0y003204d\n|j|\u2606p0x0039327\n|j|\u2606p0y003204d\n|t:|1783394486\n|gametype|singles\n|player|p1|p0x0039327|2|\n|player|p2|p0y003204d|101|\n|gen|9\n|tier|[Gen 9] Random Battle\n|rule|Species Clause: Limit one of each Pok\u00e9mon\n|rule|HP Percentage Mod: HP is shown in percentages\n|rule|Sleep Clause Mod: Limit one foe put to sleep\n|rule|Illusion Level Mod: Illusion disguises the Pok\u00e9mon's true level\n|\n|t:|1783394486\n|teamsize|p1|6\n|teamsize|p2|6\n|start\n|switch|p1a: Chansey|Chansey, L85, F|100/100\n|switch|p2a: Eiscue|Eiscue, L88, F|274/274\n|turn|1\n|inactive|Battle timer is ON: inactive players will automatically lose when time's up. (requested by p0y003204d)\n|inactive|p0x0039327 also wants the timer to be on.\n|\n|t:|1783394487\n|move|p2a: Eiscue|Belly Drum|p2a: Eiscue\n|-damage|p2a: Eiscue|137/274\n|-setboost|p2a: Eiscue|atk|6|[from] move: Belly Drum\n|-enditem|p2a: Eiscue|Sitrus Berry|[eat]\n|-heal|p2a: Eiscue|205/274|[from] item: Sitrus Berry\n|move|p1a: Chansey|Thunder Wave|p2a: Eiscue\n|-status|p2a: Eiscue|par\n|\n|upkeep\n|turn|2\n|inactive|Time left: 300 sec this turn | 300 sec total\n|\n|t:|1783394487\n|move|p1a: Chansey|Seismic Toss|p2a: Eiscue\n|-activate|p2a: Eiscue|ability: Ice Face\n|-damage|p2a: Eiscue|205/274 par\n|detailschange|p2a: Eiscue|Eiscue-Noice, L88, F\n|cant|p2a: Eiscue|par\n|\n|upkeep\n|turn|3\n|inactive|Time left: 300 sec this turn | 300 sec total\n|\n|t:|1783394487\n|switch|p1a: Koraidon|Koraidon, L64|100/100\n|-weather|SunnyDay|[from] ability: Orichalcum Pulse|[of] p1a: Koraidon\n|-activate|p1a: Koraidon|Orichalcum Pulse|[source]\n|move|p2a: Eiscue|Ice Spinner|p1a: Koraidon\n|-supereffective|p1a: Koraidon\n|-damage|p1a: Koraidon|0 fnt\n|faint|p1a: Koraidon\n|\n|-weather|SunnyDay|[upkeep]\n|upkeep\n|\n|t:|1783394487\n|switch|p1a: Gumshoos|Gumshoos, L95, M|100/100\n|turn|4\n|inactive|Time left: 300 sec this turn | 300 sec total\n|\n|t:|1783394488\n|move|p1a: Gumshoos|Double-Edge|p2a: Eiscue\n|-damage|p2a: Eiscue|0 fnt\n|faint|p2a: Eiscue\n|-damage|p1a: Gumshoos|79/100|[from] Recoil\n|\n|-weather|SunnyDay|[upkeep]\n|upkeep\n|inactive|Time left: 300 sec this turn | 300 sec total | 5 sec grace\n|\n|t:|1783394488\n|switch|p2a: Skeledirge|Skeledirge, L79, M|294/294\n|turn|5\n|inactive|Time left: 300 sec this turn | 300 sec total\n|\n|t:|1783394488\n|switch|p1a: Chansey|Chansey, L85, F|100/100\n|move|p2a: Skeledirge|Torch Song|p1a: Chansey\n|-damage|p1a: Chansey|87/100\n|-boost|p2a: Skeledirge|spa|1\n|\n|-weather|SunnyDay|[upkeep]\n|upkeep\n|turn|6\n|inactive|Time left: 300 sec this turn | 300 sec total\n|\n|t:|1783394488\n|move|p2a: Skeledirge|Torch Song|p1a: Chansey\n|-damage|p1a: Chansey|67/100\n|-boost|p2a: Skeledirge|spa|1\n|move|p1a: Chansey|Stealth Rock|p2a: Skeledirge\n|-sidestart|p2: p0y003204d|move: Stealth Rock\n|\n|-weather|SunnyDay|[upkeep]\n|upkeep\n|turn|7\n|inactive|Time left: 300 sec this turn | 300 sec total\n|\n|t:|1783394488\n|move|p2a: Skeledirge|Flame Charge|p1a: Chansey\n|-damage|p1a: Chansey|44/100\n|-boost|p2a: Skeledirge|spe|1\n|move|p1a: Chansey|Thunder Wave|p2a: Skeledirge|[miss]\n|-miss|p1a: Chansey|p2a: Skeledirge\n|\n|-weather|none\n|upkeep\n|turn|8\n|inactive|Time left: 300 sec this turn | 300 sec total\n|\n|t:|1783394489\n|move|p2a: Skeledirge|Flame Charge|p1a: Chansey\n|-damage|p1a: Chansey|27/100\n|-boost|p2a: Skeledirge|spe|1\n|move|p1a: Chansey|Soft-Boiled|p1a: Chansey\n|-heal|p1a: Chansey|77/100\n|\n|upkeep\n|turn|9\n|inactive|Time left: 300 sec this turn | 300 sec total\n|\n|t:|1783394489\n|move|p2a: Skeledirge|Torch Song|p1a: Chansey\n|-damage|p1a: Chansey|62/100\n|-boost|p2a: Skeledirge|spa|1\n|move|p1a: Chansey|Thunder Wave|p2a: Skeledirge\n|-status|p2a: Skeledirge|par\n|\n|upkeep\n|turn|10\n|inactive|Time left: 300 sec this turn | 300 sec total\n|\n|t:|1783394489\n|cant|p2a: Skeledirge|par\n|move|p1a: Chansey|Soft-Boiled|p1a: Chansey\n|-heal|p1a: Chansey|100/100\n|\n|upkeep\n|turn|11\n|inactive|Time left: 300 sec this turn | 300 sec total\n|\n|t:|1783394489\n|switch|p1a: Swampert|Swampert, L83, F|100/100\n|move|p2a: Skeledirge|Torch Song|p1a: Swampert\n|-resisted|p1a: Swampert\n|-damage|p1a: Swampert|66/100\n|-boost|p2a: Skeledirge|spa|1\n|\n|-heal|p1a: Swampert|72/100|[from] item: Leftovers\n|upkeep\n|turn|12\n|inactive|Time left: 300 sec this turn | 300 sec total\n|\n|t:|1783394490\n|switch|p1a: Chansey|Chansey, L85, F|100/100\n|cant|p2a: Skeledirge|par\n|\n|upkeep\n|turn|13\n|inactive|Time left: 300 sec this turn | 300 sec total\n|\n|t:|1783394490\n|cant|p2a: Skeledirge|par\n|move|p1a: Chansey|Soft-Boiled||[still]\n|-fail|p1a: Chansey|heal\n|\n|upkeep\n|turn|14\n|inactive|Time left: 300 sec this turn | 300 sec total\n|\n|t:|1783394490\n|move|p2a: Skeledirge|Torch Song|p1a: Chansey\n|-damage|p1a: Chansey|77/100\n|-boost|p2a: Skeledirge|spa|1\n|move|p1a: Chansey|Soft-Boiled|p1a: Chansey\n|-heal|p1a: Chansey|100/100\n|\n|upkeep\n|turn|15\n|inactive|Time left: 300 sec this turn | 300 sec total\n|\n|t:|1783394490\n|move|p2a: Skeledirge|Shadow Ball|p1a: Chansey\n|-immune|p1a: Chansey\n|move|p1a: Chansey|Soft-Boiled||[still]\n|-fail|p1a: Chansey|heal\n|\n|upkeep\n|turn|16\n|inactive|Time left: 300 sec this turn | 300 sec total\n|\n|t:|1783394491\n|move|p2a: Skeledirge|Torch Song|p1a: Chansey\n|-damage|p1a: Chansey|73/100\n|-boost|p2a: Skeledirge|spa|1\n|move|p1a: Chansey|Soft-Boiled|p1a: Chansey\n|-heal|p1a: Chansey|100/100\n|\n|upkeep\n|turn|17\n|inactive|Time left: 300 sec this turn | 300 sec total\n|\n|t:|1783394491\n|move|p2a: Skeledirge|Torch Song|p1a: Chansey\n|-damage|p1a: Chansey|66/100\n|move|p1a: Chansey|Soft-Boiled|p1a: Chansey\n|-heal|p1a: Chansey|100/100\n|\n|upkeep\n|turn|18\n|inactive|Time left: 300 sec this turn | 300 sec total\n|\n|t:|1783394491\n|move|p2a: Skeledirge|Torch Song|p1a: Chansey\n|-damage|p1a: Chansey|69/100\n|move|p1a: Chansey|Soft-Boiled|p1a: Chansey\n|-heal|p1a: Chansey|100/100\n|\n|upkeep\n|turn|19\n|inactive|Time left: 300 sec this turn | 300 sec total\n|\n|t:|1783394491\n|move|p2a: Skeledirge|Torch Song|p1a: Chansey\n|-damage|p1a: Chansey|68/100\n|move|p1a: Chansey|Stealth Rock||[still]\n|-fail|p1a: Chansey\n|\n|upkeep\n|turn|20\n|inactive|Time left: 300 sec this turn | 300 sec total\n|\n|t:|1783394492\n|move|p2a: Skeledirge|Torch Song|p1a: Chansey\n|-damage|p1a: Chansey|36/100\n|move|p1a: Chansey|Thunder Wave|p2a: Skeledirge\n|-fail|p2a: Skeledirge|par\n|\n|upkeep\n|turn|21\n|inactive|Time left: 300 sec this turn | 300 sec total\n|\n|t:|1783394492\n|switch|p1a: Swampert|Swampert, L83, F|72/100\n|move|p2a: Skeledirge|Torch Song|p1a: Swampert\n|-resisted|p1a: Swampert\n|-damage|p1a: Swampert|18/100\n|\n|-heal|p1a: Swampert|24/100|[from] item: Leftovers\n|upkeep\n|turn|22\n|inactive|Time left: 300 sec this turn | 300 sec total\n|\n|t:|1783394492\n|move|p2a: Skeledirge|Torch Song|p1a: Swampert\n|-resisted|p1a: Swampert\n|-damage|p1a: Swampert|0 fnt\n|faint|p1a: Swampert\n|\n|upkeep\n|\n|t:|1783394492\n|switch|p1a: Braviary|Braviary-Hisui, L85, M|100/100\n|turn|23\n|inactive|Time left: 300 sec this turn | 300 sec total\n|\n|t:|1783394493\n|move|p1a: Braviary|Hurricane|p2a: Skeledirge\n|-damage|p2a: Skeledirge|138/294 par\n|move|p2a: Skeledirge|Shadow Ball|p1a: Braviary\n|-supereffective|p1a: Braviary\n|-damage|p1a: Braviary|0 fnt\n|faint|p1a: Braviary\n|\n|upkeep\n|\n|t:|1783394493\n|switch|p1a: Ariados|Ariados, L95, F|100/100\n|turn|24\n|inactive|Time left: 300 sec this turn | 300 sec total\n|\n|t:|1783394493\n|switch|p1a: Chansey|Chansey, L85, F|36/100\n|move|p2a: Skeledirge|Torch Song|p1a: Chansey\n|-damage|p1a: Chansey|4/100\n|\n|upkeep\n|turn|25\n|inactive|Time left: 300 sec this turn | 300 sec total\n|\n|t:|1783394493\n|move|p2a: Skeledirge|Slack Off|p2a: Skeledirge\n|-heal|p2a: Skeledirge|285/294 par\n|move|p1a: Chansey|Seismic Toss|p2a: Skeledirge\n|-immune|p2a: Skeledirge\n|\n|upkeep\n|turn|26\n|inactive|Time left: 300 sec this turn | 300 sec total\n|\n|t:|1783394494\n|move|p2a: Skeledirge|Torch Song|p1a: Chansey\n|-crit|p1a: Chansey\n|-damage|p1a: Chansey|0 fnt\n|faint|p1a: Chansey\n|\n|upkeep\n|\n|t:|1783394494\n|switch|p1a: Ariados|Ariados, L95, F|100/100\n|turn|27\n|inactive|Time left: 300 sec this turn | 300 sec total\n|\n|t:|1783394494\n|move|p2a: Skeledirge|Torch Song|p1a: Ariados\n|-supereffective|p1a: Ariados\n|-crit|p1a: Ariados\n|-damage|p1a: Ariados|0 fnt\n|faint|p1a: Ariados\n|\n|upkeep\n|\n|t:|1783394494\n|switch|p1a: Gumshoos|Gumshoos, L95, M|79/100\n|turn|28\n|inactive|Time left: 300 sec this turn | 300 sec total\n|\n|t:|1783394495\n|move|p2a: Skeledirge|Torch Song|p1a: Gumshoos\n|-damage|p1a: Gumshoos|0 fnt\n|faint|p1a: Gumshoos\n|\n|win|p0y003204d", "uploadtime": 1783394495, "views": 0, "rating": 0, "private": 0, "password": null, "_winner": "p0y003204d", "_our_name": "p0y003204d"}umshoos, L95, M|253/321\n|turn|28\n|inactive|Time left: 300 sec this turn | 300 sec total\n|\n|t:|1783394495\n|move|p2a: Skeledirge|Torch Song|p1a: Gumshoos\n|-damage|p1a: Gumshoos|0 fnt\n|faint|p1a: Gumshoos\n|\n|win|p0y003204d", "uploadtime": 1783394495, "views": 0, "rating": 0, "private": 0, "password": null, "_winner": "p0y003204d", "_our_name": "p0x0039327"}