{"id": "battle-gen9randombattle-138", "formatid": "gen9randombattle", "format": "[Gen 9] Random Battle", "players": ["p0x018a20a", "p0y0186d05"], "log": "|init|battle\n|title|p0x018a20a vs. p0y0186d05\n|j|\u2606p0x018a20a\n|j|\u2606p0y0186d05\n|t:|1783402785\n|gametype|singles\n|player|p1|p0x018a20a|102|\n|player|p2|p0y0186d05|170|\n|gen|9\n|tier|[Gen 9] Random Battle\n|rule|Species Clause: Limit one of each Pok\u00e9mon\n|rule|HP Percentage Mod: HP is shown in percentages\n|rule|Sleep Clause Mod: Limit one foe put to sleep\n|rule|Illusion Level Mod: Illusion disguises the Pok\u00e9mon's true level\n|\n|t:|1783402785\n|teamsize|p1|6\n|teamsize|p2|6\n|start\n|switch|p1a: Zapdos|Zapdos-Galar, L77|100/100\n|switch|p2a: Meowstic|Meowstic-F, L89, F|277/277\n|turn|1\n|inactive|Battle timer is ON: inactive players will automatically lose when time's up. (requested by p0y0186d05)\n|inactive|p0x018a20a also wants the timer to be on.\n|\n|t:|1783402786\n|move|p2a: Meowstic|Psychic|p1a: Zapdos\n|-supereffective|p1a: Zapdos\n|-damage|p1a: Zapdos|2/100\n|-damage|p2a: Meowstic|250/277|[from] item: Life Orb\n|move|p1a: Zapdos|Knock Off|p2a: Meowstic\n|-supereffective|p2a: Meowstic\n|-damage|p2a: Meowstic|42/277\n|-enditem|p2a: Meowstic|Life Orb|[from] move: Knock Off|[of] p1a: Zapdos\n|-damage|p1a: Zapdos|0 fnt|[from] item: Life Orb\n|faint|p1a: Zapdos\n|\n|upkeep\n|\n|t:|1783402786\n|switch|p1a: Iron Leaves|Iron Leaves, L80|100/100\n|turn|2\n|inactive|Time left: 300 sec this turn | 300 sec total\n|\n|t:|1783402786\n|move|p2a: Meowstic|Dark Pulse|p1a: Iron Leaves\n|-supereffective|p1a: Iron Leaves\n|-damage|p1a: Iron Leaves|65/100\n|move|p1a: Iron Leaves|Swords Dance|p1a: Iron Leaves\n|-boost|p1a: Iron Leaves|atk|2\n|\n|upkeep\n|turn|3\n|inactive|Time left: 300 sec this turn | 300 sec total\n|\n|t:|1783402786\n|move|p2a: Meowstic|Dark Pulse|p1a: Iron Leaves\n|-supereffective|p1a: Iron Leaves\n|-damage|p1a: Iron Leaves|27/100\n|move|p1a: Iron Leaves|Leaf Blade|p2a: Meowstic\n|-crit|p2a: Meowstic\n|-damage|p2a: Meowstic|0 fnt\n|faint|p2a: Meowstic\n|-damage|p1a: Iron Leaves|17/100|[from] item: Life Orb\n|\n|upkeep\n|inactive|Time left: 300 sec this turn | 300 sec total | 5 sec grace\n|\n|t:|1783402787\n|switch|p2a: Slither Wing|Slither Wing, L81|270/270\n|turn|4\n|inactive|Time left: 300 sec this turn | 300 sec total\n|\n|t:|1783402787\n|move|p2a: Slither Wing|Close Combat|p1a: Iron Leaves\n|-resisted|p1a: Iron Leaves\n|-damage|p1a: Iron Leaves|0 fnt\n|-unboost|p2a: Slither Wing|def|1\n|-unboost|p2a: Slither Wing|spd|1\n|faint|p1a: Iron Leaves\n|-end|p1a: Iron Leaves|Quark Drive|[silent]\n|\n|upkeep\n|\n|t:|1783402787\n|switch|p1a: Ceruledge|Ceruledge, L78, F|100/100\n|turn|5\n|inactive|Time left: 300 sec this turn | 300 sec total\n|\n|t:|1783402787\n|-end|p2a: Slither Wing|Protosynthesis|[silent]\n|switch|p2a: Camerupt|Camerupt, L91, F|275/275\n|move|p1a: Ceruledge|Poltergeist|p2a: Camerupt\n|-activate|p2a: Camerupt|move: Poltergeist|Leftovers\n|-damage|p2a: Camerupt|149/275\n|\n|-heal|p2a: Camerupt|166/275|[from] item: Leftovers\n|upkeep\n|turn|6\n|inactive|Time left: 300 sec this turn | 300 sec total\n|\n|t:|1783402788\n|-terastallize|p1a: Ceruledge|Fighting\n|move|p1a: Ceruledge|Swords Dance|p1a: Ceruledge\n|-boost|p1a: Ceruledge|atk|2\n|move|p2a: Camerupt|Earthquake|p1a: Ceruledge\n|-damage|p1a: Ceruledge|43/100\n|-ability|p1a: Ceruledge|Weak Armor|boost\n|-unboost|p1a: Ceruledge|def|1\n|-boost|p1a: Ceruledge|spe|2\n|\n|-heal|p2a: Camerupt|183/275|[from] item: Leftovers\n|upkeep\n|turn|7\n|inactive|Time left: 300 sec this turn | 300 sec total\n|\n|t:|1783402788\n|move|p1a: Ceruledge|Close Combat|p2a: Camerupt\n|-damage|p2a: Camerupt|0 fnt\n|-unboost|p1a: Ceruledge|def|1\n|-unboost|p1a: Ceruledge|spd|1\n|faint|p2a: Camerupt\n|\n|upkeep\n|inactive|Time left: 300 sec this turn | 300 sec total | 5 sec grace\n|\n|t:|1783402788\n|switch|p2a: Hatterene|Hatterene, L85, F|236/236\n|turn|8\n|inactive|Time left: 300 sec this turn | 300 sec total\n|\n|t:|1783402788\n|-terastallize|p2a: Hatterene|Fairy\n|move|p1a: Ceruledge|Poltergeist|p2a: Hatterene\n|-activate|p2a: Hatterene|move: Poltergeist|Assault Vest\n|-damage|p2a: Hatterene|0 fnt\n|faint|p2a: Hatterene\n|\n|upkeep\n|inactive|Time left: 300 sec this turn | 300 sec total | 5 sec grace\n|\n|t:|1783402789\n|switch|p2a: Illumise|Illumise, L91, F|266/266\n|turn|9\n|inactive|Time left: 300 sec this turn | 300 sec total\n|\n|t:|1783402789\n|move|p2a: Illumise|Encore|p1a: Ceruledge\n|-start|p1a: Ceruledge|Encore\n|move|p1a: Ceruledge|Poltergeist|p2a: Illumise\n|-activate|p2a: Illumise|move: Poltergeist|Heavy-Duty Boots\n|-damage|p2a: Illumise|0 fnt\n|faint|p2a: Illumise\n|\n|upkeep\n|inactive|Time left: 300 sec this turn | 300 sec total | 5 sec grace\n|\n|t:|1783402789\n|switch|p2a: Meowscarada|Meowscarada, L78, M|247/247\n|turn|10\n|inactive|Time left: 300 sec this turn | 300 sec total\n|\n|t:|1783402789\n|move|p1a: Ceruledge|Poltergeist|p2a: Meowscarada\n|-activate|p2a: Meowscarada|move: Poltergeist|Heavy-Duty Boots\n|-resisted|p2a: Meowscarada\n|-damage|p2a: Meowscarada|80/247\n|move|p2a: Meowscarada|U-turn|p1a: Ceruledge\n|-start|p2a: Meowscarada|typechange|Bug|[from] ability: Protean\n|-resisted|p1a: Ceruledge\n|-damage|p1a: Ceruledge|9/100\n|-ability|p1a: Ceruledge|Weak Armor|boost\n|-unboost|p1a: Ceruledge|def|1\n|-boost|p1a: Ceruledge|spe|2\n|inactive|Time left: 300 sec this turn | 300 sec total | 5 sec grace\n|\n|t:|1783402790\n|switch|p2a: Slither Wing|Slither Wing, L81|270/270|[from] U-turn\n|\n|upkeep\n|turn|11\n|inactive|Time left: 300 sec this turn | 300 sec total\n|\n|t:|1783402790\n|move|p1a: Ceruledge|Poltergeist|p2a: Slither Wing\n|-activate|p2a: Slither Wing|move: Poltergeist|Choice Scarf\n|-damage|p2a: Slither Wing|0 fnt\n|faint|p2a: Slither Wing\n|-end|p2a: Slither Wing|Protosynthesis|[silent]\n|\n|-end|p1a: Ceruledge|Encore\n|upkeep\n|inactive|Time left: 300 sec this turn | 300 sec total | 5 sec grace\n|\n|t:|1783402790\n|switch|p2a: Meowscarada|Meowscarada, L78, M|80/247\n|turn|12\n|inactive|Time left: 300 sec this turn | 300 sec total\n|\n|t:|1783402790\n|move|p1a: Ceruledge|Close Combat|p2a: Meowscarada\n|-supereffective|p2a: Meowscarada\n|-damage|p2a: Meowscarada|0 fnt\n|-unboost|p1a: Ceruledge|def|1\n|-unboost|p1a: Ceruledge|spd|1\n|faint|p2a: Meowscarada\n|\n|win|p0x018a20a", "uploadtime": 1783402790, "views": 0, "rating": 0, "private": 0, "password": null, "_winner": "p0x018a20a", "_our_name": "p0y0186d05"}