{"id": "battle-gen9randombattle-127", "formatid": "gen9randombattle", "format": "[Gen 9] Random Battle", "players": ["p0x0074cfb", "p0y007ec8f"], "log": "|init|battle\n|title|p0x0074cfb vs. p0y007ec8f\n|j|\u2606p0x0074cfb\n|j|\u2606p0y007ec8f\n|t:|1783402609\n|gametype|singles\n|player|p1|p0x0074cfb|2|\n|player|p2|p0y007ec8f|169|\n|gen|9\n|tier|[Gen 9] Random Battle\n|rule|Species Clause: Limit one of each Pok\u00e9mon\n|rule|HP Percentage Mod: HP is shown in percentages\n|rule|Sleep Clause Mod: Limit one foe put to sleep\n|rule|Illusion Level Mod: Illusion disguises the Pok\u00e9mon's true level\n|\n|t:|1783402609\n|teamsize|p1|6\n|teamsize|p2|6\n|start\n|switch|p1a: Chien-Pao|Chien-Pao, L72|100/100\n|switch|p2a: Tyranitar|Tyranitar, L78, F|284/284\n|-ability|p1a: Chien-Pao|Sword of Ruin\n|-weather|Sandstorm|[from] ability: Sand Stream|[of] p2a: Tyranitar\n|turn|1\n|inactive|Battle timer is ON: inactive players will automatically lose when time's up. (requested by p0x0074cfb)\n|inactive|Time left: 300 sec this turn | 300 sec total | 60 sec grace\n|inactive|p0y007ec8f also wants the timer to be on.\n|\n|t:|1783402609\n|move|p1a: Chien-Pao|Sacred Sword|p2a: Tyranitar\n|-supereffective|p2a: Tyranitar\n|-damage|p2a: Tyranitar|0 fnt\n|faint|p2a: Tyranitar\n|\n|-weather|Sandstorm|[upkeep]\n|-damage|p1a: Chien-Pao|95/100|[from] Sandstorm\n|upkeep\n|inactive|Time left: 300 sec this turn | 300 sec total | 65 sec grace\n|\n|t:|1783402609\n|switch|p2a: Stonjourner|Stonjourner, L91, M|330/330\n|turn|2\n|inactive|Time left: 300 sec this turn | 300 sec total\n|\n|t:|1783402609\n|switch|p1a: Arceus|Arceus-Ground, L70|100/100\n|move|p2a: Stonjourner|Stone Edge|p1a: Arceus\n|-resisted|p1a: Arceus\n|-damage|p1a: Arceus|65/100\n|-damage|p2a: Stonjourner|297/330|[from] item: Life Orb\n|\n|-weather|Sandstorm|[upkeep]\n|upkeep\n|turn|3\n|inactive|Time left: 300 sec this turn | 300 sec total\n|\n|t:|1783402610\n|switch|p2a: Lapras|Lapras, L87, F|367/367\n|move|p1a: Arceus|Judgment|p2a: Lapras\n|-damage|p2a: Lapras|264/367\n|\n|-weather|Sandstorm|[upkeep]\n|-damage|p2a: Lapras|242/367|[from] Sandstorm\n|upkeep\n|turn|4\n|inactive|Time left: 300 sec this turn | 300 sec total\n|\n|t:|1783402610\n|move|p1a: Arceus|Calm Mind|p1a: Arceus\n|-boost|p1a: Arceus|spa|1\n|-boost|p1a: Arceus|spd|1\n|move|p2a: Lapras|Sparkling Aria|p1a: Arceus\n|-supereffective|p1a: Arceus\n|-damage|p1a: Arceus|3/100\n|\n|-weather|Sandstorm|[upkeep]\n|-damage|p2a: Lapras|220/367|[from] Sandstorm\n|upkeep\n|turn|5\n|inactive|Time left: 300 sec this turn | 300 sec total\n|\n|t:|1783402610\n|move|p1a: Arceus|Recover|p1a: Arceus\n|-heal|p1a: Arceus|53/100\n|move|p2a: Lapras|Sparkling Aria|p1a: Arceus\n|-supereffective|p1a: Arceus\n|-damage|p1a: Arceus|0 fnt\n|faint|p1a: Arceus\n|\n|-weather|none\n|upkeep\n|\n|t:|1783402610\n|switch|p1a: Lycanroc|Lycanroc-Dusk, L81, M|100/100\n|turn|6\n|inactive|Time left: 300 sec this turn | 300 sec total\n|\n|t:|1783402611\n|move|p1a: Lycanroc|Stone Edge|p2a: Lapras\n|-supereffective|p2a: Lapras\n|-damage|p2a: Lapras|0 fnt\n|faint|p2a: Lapras\n|\n|upkeep\n|inactive|Time left: 300 sec this turn | 300 sec total | 5 sec grace\n|\n|t:|1783402611\n|switch|p2a: Stonjourner|Stonjourner, L91, M|297/330\n|turn|7\n|inactive|Time left: 300 sec this turn | 300 sec total\n|\n|t:|1783402611\n|switch|p1a: Dragonite|Dragonite, L74, F|100/100\n|move|p2a: Stonjourner|Stone Edge|p1a: Dragonite\n|-supereffective|p1a: Dragonite\n|-damage|p1a: Dragonite|13/100\n|-damage|p2a: Stonjourner|264/330|[from] item: Life Orb\n|\n|upkeep\n|turn|8\n|inactive|Time left: 300 sec this turn | 300 sec total\n|\n|t:|1783402611\n|move|p2a: Stonjourner|Heat Crash|p1a: Dragonite\n|-resisted|p1a: Dragonite\n|-damage|p1a: Dragonite|0 fnt\n|faint|p1a: Dragonite\n|-damage|p2a: Stonjourner|231/330|[from] item: Life Orb\n|\n|upkeep\n|\n|t:|1783402612\n|switch|p1a: Bruxish|Bruxish, L85, F|100/100\n|turn|9\n|inactive|Time left: 300 sec this turn | 300 sec total\n|\n|t:|1783402612\n|move|p1a: Bruxish|Wave Crash|p2a: Stonjourner\n|-supereffective|p2a: Stonjourner\n|-damage|p2a: Stonjourner|0 fnt\n|faint|p2a: Stonjourner\n|-damage|p1a: Bruxish|71/100|[from] Recoil\n|-damage|p1a: Bruxish|61/100|[from] item: Life Orb\n|\n|upkeep\n|inactive|Time left: 300 sec this turn | 300 sec total | 5 sec grace\n|\n|t:|1783402612\n|switch|p2a: Chimecho|Chimecho, L93, M|290/290\n|turn|10\n|inactive|Time left: 300 sec this turn | 300 sec total\n|\n|t:|1783402612\n|move|p1a: Bruxish|Swords Dance|p1a: Bruxish\n|-boost|p1a: Bruxish|atk|2\n|move|p2a: Chimecho|Knock Off|p1a: Bruxish\n|-supereffective|p1a: Bruxish\n|-crit|p1a: Bruxish\n|-damage|p1a: Bruxish|0 fnt\n|-enditem|p1a: Bruxish|Life Orb|[from] move: Knock Off|[of] p2a: Chimecho\n|faint|p1a: Bruxish\n|\n|upkeep\n|\n|t:|1783402613\n|switch|p1a: Chien-Pao|Chien-Pao, L72|95/100\n|-ability|p1a: Chien-Pao|Sword of Ruin\n|turn|11\n|inactive|Time left: 300 sec this turn | 300 sec total\n|\n|t:|1783402613\n|move|p1a: Chien-Pao|Icicle Crash|p2a: Chimecho\n|-damage|p2a: Chimecho|133/290\n|move|p2a: Chimecho|Knock Off|p1a: Chien-Pao\n|-resisted|p1a: Chien-Pao\n|-damage|p1a: Chien-Pao|80/100\n|-enditem|p1a: Chien-Pao|Choice Band|[from] move: Knock Off|[of] p2a: Chimecho\n|\n|-heal|p2a: Chimecho|151/290|[from] item: Leftovers\n|upkeep\n|turn|12\n|inactive|Time left: 300 sec this turn | 300 sec total\n|\n|t:|1783402613\n|move|p1a: Chien-Pao|Throat Chop|p2a: Chimecho\n|-supereffective|p2a: Chimecho\n|-damage|p2a: Chimecho|0 fnt\n|faint|p2a: Chimecho\n|\n|upkeep\n|inactive|Time left: 300 sec this turn | 300 sec total | 5 sec grace\n|\n|t:|1783402613\n|switch|p2a: Toxtricity|Toxtricity, L82, M|257/257\n|turn|13\n|inactive|Time left: 300 sec this turn | 300 sec total\n|\n|t:|1783402614\n|-terastallize|p1a: Chien-Pao|Ice\n|move|p1a: Chien-Pao|Icicle Crash|p2a: Toxtricity\n|-damage|p2a: Toxtricity|99/257\n|move|p2a: Toxtricity|Shift Gear|p2a: Toxtricity\n|-boost|p2a: Toxtricity|spe|2\n|-boost|p2a: Toxtricity|atk|1\n|\n|upkeep\n|turn|14\n|inactive|Time left: 300 sec this turn | 300 sec total\n|\n|t:|1783402614\n|move|p2a: Toxtricity|Boomburst|p1a: Chien-Pao\n|-damage|p1a: Chien-Pao|0 fnt\n|faint|p1a: Chien-Pao\n|-enditem|p2a: Toxtricity|Throat Spray\n|-boost|p2a: Toxtricity|spa|1|[from] item: Throat Spray\n|\n|upkeep\n|\n|t:|1783402614\n|switch|p1a: Lycanroc|Lycanroc-Dusk, L81, M|100/100\n|turn|15\n|inactive|Time left: 300 sec this turn | 300 sec total\n|\n|t:|1783402614\n|move|p1a: Lycanroc|Accelerock|p2a: Toxtricity\n|-damage|p2a: Toxtricity|0 fnt\n|faint|p2a: Toxtricity\n|\n|upkeep\n|inactive|Time left: 300 sec this turn | 300 sec total | 5 sec grace\n|\n|t:|1783402615\n|switch|p2a: Breloom|Breloom, L83, M|235/235\n|turn|16\n|inactive|Time left: 300 sec this turn | 300 sec total\n|\n|t:|1783402615\n|switch|p1a: Meloetta|Meloetta, L82|100/100\n|-terastallize|p2a: Breloom|Fighting\n|move|p2a: Breloom|Swords Dance|p2a: Breloom\n|-boost|p2a: Breloom|atk|2\n|\n|upkeep\n|turn|17\n|inactive|Time left: 300 sec this turn | 300 sec total\n|\n|t:|1783402615\n|move|p2a: Breloom|Mach Punch|p1a: Meloetta\n|-damage|p1a: Meloetta|6/100\n|-damage|p2a: Breloom|212/235|[from] item: Life Orb\n|move|p1a: Meloetta|Relic Song|p2a: Breloom\n|-damage|p2a: Breloom|59/235\n|-formechange|p1a: Meloetta|Meloetta-Pirouette|[msg]\n|-damage|p1a: Meloetta|0 fnt|[from] item: Life Orb\n|faint|p1a: Meloetta\n|\n|upkeep\n|\n|t:|1783402615\n|switch|p1a: Lycanroc|Lycanroc-Dusk, L81, M|100/100\n|turn|18\n|inactive|Time left: 300 sec this turn | 300 sec total\n|\n|t:|1783402615\n|move|p1a: Lycanroc|Accelerock|p2a: Breloom\n|-resisted|p2a: Breloom\n|-damage|p2a: Breloom|10/235\n|move|p2a: Breloom|Swords Dance|p2a: Breloom\n|-boost|p2a: Breloom|atk|2\n|\n|upkeep\n|turn|19\n|inactive|Time left: 300 sec this turn | 300 sec total\n|\n|t:|1783402616\n|move|p1a: Lycanroc|Accelerock|p2a: Breloom\n|-resisted|p2a: Breloom\n|-damage|p2a: Breloom|0 fnt\n|faint|p2a: Breloom\n|\n|win|p0x0074cfb", "uploadtime": 1783402616, "views": 0, "rating": 0, "private": 0, "password": null, "_winner": "p0x0074cfb", "_our_name": "p0y007ec8f"}