{"id": "battle-gen9randombattle-133", "formatid": "gen9randombattle", "format": "[Gen 9] Random Battle", "players": ["p0x013d896", "p0y013fa33"], "log": "|init|battle\n|title|p0x013d896 vs. p0y013fa33\n|j|\u2606p0x013d896\n|j|\u2606p0y013fa33\n|t:|1783402709\n|gametype|singles\n|player|p1|p0x013d896|169|\n|player|p2|p0y013fa33|102|\n|gen|9\n|tier|[Gen 9] Random Battle\n|rule|Species Clause: Limit one of each Pok\u00e9mon\n|rule|HP Percentage Mod: HP is shown in percentages\n|rule|Sleep Clause Mod: Limit one foe put to sleep\n|rule|Illusion Level Mod: Illusion disguises the Pok\u00e9mon's true level\n|\n|t:|1783402709\n|teamsize|p1|6\n|teamsize|p2|6\n|start\n|switch|p1a: Virizion|Virizion, L82|100/100\n|switch|p2a: Clodsire|Clodsire, L81, M|343/343\n|turn|1\n|inactive|Battle timer is ON: inactive players will automatically lose when time's up. (requested by p0y013fa33)\n|inactive|p0x013d896 also wants the timer to be on.\n|\n|t:|1783402709\n|move|p1a: Virizion|Swords Dance|p1a: Virizion\n|-boost|p1a: Virizion|atk|2\n|move|p2a: Clodsire|Gunk Shot|p1a: Virizion\n|-supereffective|p1a: Virizion\n|-damage|p1a: Virizion|21/100\n|\n|upkeep\n|turn|2\n|inactive|Time left: 300 sec this turn | 300 sec total\n|\n|t:|1783402709\n|switch|p2a: Pecharunt|Pecharunt, L77|262/262\n|move|p1a: Virizion|Leaf Blade|p2a: Pecharunt\n|-resisted|p2a: Pecharunt\n|-crit|p2a: Pecharunt\n|-damage|p2a: Pecharunt|145/262\n|-damage|p1a: Virizion|11/100|[from] item: Life Orb\n|\n|-heal|p2a: Pecharunt|161/262|[from] item: Leftovers\n|upkeep\n|turn|3\n|inactive|Time left: 300 sec this turn | 300 sec total\n|\n|t:|1783402709\n|-terastallize|p1a: Virizion|Rock\n|move|p1a: Virizion|Stone Edge|p2a: Pecharunt|[miss]\n|-miss|p1a: Virizion|p2a: Pecharunt\n|move|p2a: Pecharunt|Recover|p2a: Pecharunt\n|-heal|p2a: Pecharunt|262/262\n|\n|upkeep\n|turn|4\n|inactive|Time left: 300 sec this turn | 300 sec total\n|\n|t:|1783402710\n|move|p1a: Virizion|Stone Edge|p2a: Pecharunt\n|-damage|p2a: Pecharunt|81/262\n|-damage|p1a: Virizion|2/100|[from] item: Life Orb\n|move|p2a: Pecharunt|Malignant Chain|p1a: Virizion\n|-resisted|p1a: Virizion\n|-damage|p1a: Virizion|0 fnt\n|faint|p1a: Virizion\n|\n|-heal|p2a: Pecharunt|97/262|[from] item: Leftovers\n|upkeep\n|\n|t:|1783402710\n|switch|p1a: Misdreavus|Misdreavus, L90, F|100/100\n|turn|5\n|inactive|Time left: 300 sec this turn | 300 sec total\n|\n|t:|1783402710\n|-terastallize|p2a: Pecharunt|Dark\n|move|p1a: Misdreavus|Shadow Ball|p2a: Pecharunt\n|-resisted|p2a: Pecharunt\n|-damage|p2a: Pecharunt|50/262\n|-unboost|p2a: Pecharunt|spd|1\n|move|p2a: Pecharunt|Recover|p2a: Pecharunt\n|-heal|p2a: Pecharunt|181/262\n|\n|-heal|p2a: Pecharunt|197/262|[from] item: Leftovers\n|upkeep\n|turn|6\n|inactive|Time left: 300 sec this turn | 300 sec total\n|\n|t:|1783402710\n|move|p1a: Misdreavus|Calm Mind|p1a: Misdreavus\n|-boost|p1a: Misdreavus|spa|1\n|-boost|p1a: Misdreavus|spd|1\n|move|p2a: Pecharunt|Malignant Chain|p1a: Misdreavus\n|-resisted|p1a: Misdreavus\n|-damage|p1a: Misdreavus|93/100\n|\n|-heal|p2a: Pecharunt|213/262|[from] item: Leftovers\n|upkeep\n|turn|7\n|inactive|Time left: 300 sec this turn | 300 sec total\n|\n|t:|1783402711\n|switch|p2a: Clodsire|Clodsire, L81, M|343/343\n|move|p1a: Misdreavus|Draining Kiss|p2a: Clodsire\n|-resisted|p2a: Clodsire\n|-damage|p2a: Clodsire|316/343\n|-heal|p1a: Misdreavus|100/100|[from] drain|[of] p2a: Clodsire\n|\n|-heal|p2a: Clodsire|337/343|[from] item: Leftovers\n|upkeep\n|turn|8\n|inactive|Time left: 300 sec this turn | 300 sec total\n|\n|t:|1783402711\n|move|p1a: Misdreavus|Calm Mind|p1a: Misdreavus\n|-boost|p1a: Misdreavus|spa|1\n|-boost|p1a: Misdreavus|spd|1\n|move|p2a: Clodsire|Stealth Rock|p1a: Misdreavus\n|-sidestart|p1: p0x013d896|move: Stealth Rock\n|\n|-heal|p2a: Clodsire|343/343|[from] item: Leftovers\n|upkeep\n|turn|9\n|inactive|Time left: 300 sec this turn | 300 sec total\n|\n|t:|1783402711\n|move|p1a: Misdreavus|Shadow Ball|p2a: Clodsire\n|-damage|p2a: Clodsire|163/343\n|-unboost|p2a: Clodsire|spd|1\n|move|p2a: Clodsire|Recover|p2a: Clodsire\n|-heal|p2a: Clodsire|335/343\n|\n|-heal|p2a: Clodsire|343/343|[from] item: Leftovers\n|upkeep\n|turn|10\n|inactive|Time left: 300 sec this turn | 300 sec total\n|\n|t:|1783402711\n|switch|p2a: Sawsbuck|Sawsbuck-Summer, L88, F|284/284\n|move|p1a: Misdreavus|Shadow Ball|p2a: Sawsbuck\n|-immune|p2a: Sawsbuck\n|\n|upkeep\n|turn|11\n|inactive|Time left: 300 sec this turn | 300 sec total\n|\n|t:|1783402712\n|move|p2a: Sawsbuck|Swords Dance|p2a: Sawsbuck\n|-boost|p2a: Sawsbuck|atk|2\n|move|p1a: Misdreavus|Will-O-Wisp|p2a: Sawsbuck\n|-status|p2a: Sawsbuck|brn\n|\n|-damage|p2a: Sawsbuck|267/284 brn|[from] brn\n|upkeep\n|turn|12\n|inactive|Time left: 300 sec this turn | 300 sec total\n|\n|t:|1783402712\n|move|p2a: Sawsbuck|Swords Dance|p2a: Sawsbuck\n|-boost|p2a: Sawsbuck|atk|2\n|move|p1a: Misdreavus|Draining Kiss|p2a: Sawsbuck\n|-damage|p2a: Sawsbuck|179/284 brn\n|\n|-damage|p2a: Sawsbuck|162/284 brn|[from] brn\n|upkeep\n|turn|13\n|inactive|Time left: 300 sec this turn | 300 sec total\n|\n|t:|1783402712\n|switch|p1a: Skarmory|Skarmory, L80, M|100/100\n|-damage|p1a: Skarmory|88/100|[from] Stealth Rock\n|move|p2a: Sawsbuck|Horn Leech|p1a: Skarmory\n|-resisted|p1a: Skarmory\n|-damage|p1a: Skarmory|74/100\n|-heal|p2a: Sawsbuck|179/284 brn|[from] drain|[of] p1a: Skarmory\n|-damage|p2a: Sawsbuck|151/284 brn|[from] item: Life Orb\n|\n|-heal|p1a: Skarmory|80/100|[from] item: Leftovers\n|-damage|p2a: Sawsbuck|134/284 brn|[from] brn\n|upkeep\n|turn|14\n|inactive|Time left: 300 sec this turn | 300 sec total\n|\n|t:|1783402712\n|move|p2a: Sawsbuck|Headbutt|p1a: Skarmory\n|-resisted|p1a: Skarmory\n|-damage|p1a: Skarmory|56/100\n|-damage|p2a: Sawsbuck|106/284 brn|[from] item: Life Orb\n|cant|p1a: Skarmory|flinch\n|\n|-heal|p1a: Skarmory|62/100|[from] item: Leftovers\n|-damage|p2a: Sawsbuck|89/284 brn|[from] brn\n|upkeep\n|turn|15\n|inactive|Time left: 300 sec this turn | 300 sec total\n|\n|t:|1783402713\n|move|p2a: Sawsbuck|Headbutt|p1a: Skarmory\n|-resisted|p1a: Skarmory\n|-damage|p1a: Skarmory|38/100\n|-damage|p2a: Sawsbuck|61/284 brn|[from] item: Life Orb\n|cant|p1a: Skarmory|flinch\n|\n|-heal|p1a: Skarmory|44/100|[from] item: Leftovers\n|-damage|p2a: Sawsbuck|44/284 brn|[from] brn\n|upkeep\n|turn|16\n|inactive|Time left: 300 sec this turn | 300 sec total\n|\n|t:|1783402713\n|switch|p2a: Golurk|Golurk, L87|297/297\n|move|p1a: Skarmory|Roost|p1a: Skarmory\n|-heal|p1a: Skarmory|94/100\n|-singleturn|p1a: Skarmory|move: Roost\n|\n|-heal|p1a: Skarmory|99/100|[from] item: Leftovers\n|upkeep\n|turn|17\n|inactive|Time left: 300 sec this turn | 300 sec total\n|\n|t:|1783402713\n|move|p1a: Skarmory|Spikes|p2a: Golurk\n|-sidestart|p2: p0y013fa33|Spikes\n|move|p2a: Golurk|Poltergeist|p1a: Skarmory\n|-activate|p1a: Skarmory|move: Poltergeist|Leftovers\n|-damage|p1a: Skarmory|35/100\n|\n|-heal|p1a: Skarmory|40/100|[from] item: Leftovers\n|upkeep\n|turn|18\n|inactive|Time left: 300 sec this turn | 300 sec total\n|\n|t:|1783402713\n|move|p1a: Skarmory|Spikes|p2a: Golurk\n|-sidestart|p2: p0y013fa33|Spikes\n|move|p2a: Golurk|Poltergeist|p1a: Skarmory\n|-activate|p1a: Skarmory|move: Poltergeist|Leftovers\n|-damage|p1a: Skarmory|0 fnt\n|faint|p1a: Skarmory\n|\n|upkeep\n|\n|t:|1783402714\n|switch|p1a: Urshifu|Urshifu, L74, F|100/100\n|-damage|p1a: Urshifu|95/100|[from] Stealth Rock\n|turn|19\n|inactive|Time left: 300 sec this turn | 300 sec total\n|\n|t:|1783402714\n|switch|p2a: Sawsbuck|Sawsbuck-Summer, L88, F|44/284 brn\n|-damage|p2a: Sawsbuck|0 fnt|[from] Spikes\n|faint|p2a: Sawsbuck\n|move|p1a: Urshifu|Wicked Blow|p2: Sawsbuck|[notarget]\n|-fail|p1a: Urshifu\n|\n|upkeep\n|inactive|Time left: 300 sec this turn | 300 sec total | 5 sec grace\n|\n|t:|1783402714\n|switch|p2a: Pecharunt|Pecharunt, L77, tera:Dark|213/262\n|-damage|p2a: Pecharunt|170/262|[from] Spikes\n|turn|20\n|inactive|Time left: 300 sec this turn | 300 sec total\n|\n|t:|1783402714\n|move|p1a: Urshifu|Close Combat|p2a: Pecharunt\n|-supereffective|p2a: Pecharunt\n|-damage|p2a: Pecharunt|0 fnt\n|-unboost|p1a: Urshifu|def|1\n|-unboost|p1a: Urshifu|spd|1\n|faint|p2a: Pecharunt\n|-damage|p1a: Urshifu|85/100|[from] item: Life Orb\n|\n|upkeep\n|inactive|Time left: 300 sec this turn | 300 sec total | 5 sec grace\n|\n|t:|1783402715\n|switch|p2a: Minun|Minun, L95, F|268/268\n|-damage|p2a: Minun|224/268|[from] Spikes\n|turn|21\n|inactive|Time left: 300 sec this turn | 300 sec total\n|\n|t:|1783402715\n|switch|p1a: Victreebel|Victreebel, L90, M|100/100\n|-damage|p1a: Victreebel|88/100|[from] Stealth Rock\n|move|p2a: Minun|Thunderbolt|p1a: Victreebel\n|-resisted|p1a: Victreebel\n|-damage|p1a: Victreebel|65/100\n|-damage|p2a: Minun|198/268|[from] item: Life Orb\n|\n|upkeep\n|turn|22\n|inactive|Time left: 300 sec this turn | 300 sec total\n|\n|t:|1783402715\n|move|p2a: Minun|Nasty Plot|p2a: Minun\n|-boost|p2a: Minun|spa|2\n|move|p1a: Victreebel|Power Whip|p2a: Minun\n|-damage|p2a: Minun|0 fnt\n|faint|p2a: Minun\n|-damage|p1a: Victreebel|55/100|[from] item: Life Orb\n|\n|upkeep\n|inactive|Time left: 300 sec this turn | 300 sec total | 5 sec grace\n|\n|t:|1783402715\n|switch|p2a: Baxcalibur|Baxcalibur, L75, F|296/296\n|turn|23\n|inactive|Time left: 300 sec this turn | 300 sec total\n|\n|t:|1783402716\n|move|p1a: Victreebel|Sleep Powder|p2a: Baxcalibur\n|-status|p2a: Baxcalibur|slp|[from] move: Sleep Powder\n|cant|p2a: Baxcalibur|slp\n|\n|upkeep\n|turn|24\n|inactive|Time left: 300 sec this turn | 300 sec total\n|\n|t:|1783402716\n|move|p1a: Victreebel|Sludge Wave|p2a: Baxcalibur\n|-damage|p2a: Baxcalibur|135/296 slp\n|-damage|p1a: Victreebel|45/100|[from] item: Life Orb\n|-curestatus|p2a: Baxcalibur|slp|[msg]\n|move|p2a: Baxcalibur|Dragon Dance|p2a: Baxcalibur\n|-boost|p2a: Baxcalibur|atk|1\n|-boost|p2a: Baxcalibur|spe|1\n|\n|upkeep\n|turn|25\n|inactive|Time left: 300 sec this turn | 300 sec total\n|\n|t:|1783402716\n|move|p2a: Baxcalibur|Glaive Rush|p1a: Victreebel\n|-damage|p1a: Victreebel|0 fnt\n|-singlemove|p2a: Baxcalibur|Glaive Rush|[silent]\n|faint|p1a: Victreebel\n|\n|upkeep\n|\n|t:|1783402716\n|switch|p1a: Misdreavus|Misdreavus, L90, F|100/100\n|-damage|p1a: Misdreavus|88/100|[from] Stealth Rock\n|turn|26\n|inactive|Time left: 300 sec this turn | 300 sec total\n|\n|t:|1783402717\n|move|p2a: Baxcalibur|Icicle Crash|p1a: Misdreavus\n|-damage|p1a: Misdreavus|38/100\n|move|p1a: Misdreavus|Draining Kiss|p2a: Baxcalibur\n|-supereffective|p2a: Baxcalibur\n|-damage|p2a: Baxcalibur|53/296\n|-heal|p1a: Misdreavus|63/100|[from] drain|[of] p2a: Baxcalibur\n|\n|upkeep\n|turn|27\n|inactive|Time left: 300 sec this turn | 300 sec total\n|\n|t:|1783402717\n|switch|p1a: Urshifu|Urshifu, L74, F|85/100\n|-damage|p1a: Urshifu|79/100|[from] Stealth Rock\n|move|p2a: Baxcalibur|Glaive Rush|p1a: Urshifu\n|-damage|p1a: Urshifu|0 fnt\n|-singlemove|p2a: Baxcalibur|Glaive Rush|[silent]\n|faint|p1a: Urshifu\n|\n|upkeep\n|\n|t:|1783402717\n|switch|p1a: Slowbro|Slowbro-Galar, L87, F|100/100\n|-damage|p1a: Slowbro|88/100|[from] Stealth Rock\n|turn|28\n|inactive|Time left: 300 sec this turn | 300 sec total\n|\n|t:|1783402717\n|move|p2a: Baxcalibur|Glaive Rush|p1a: Slowbro\n|-damage|p1a: Slowbro|22/100\n|-singlemove|p2a: Baxcalibur|Glaive Rush|[silent]\n|move|p1a: Slowbro|Trick Room|p1a: Slowbro\n|-fieldstart|move: Trick Room|[of] p1a: Slowbro\n|\n|upkeep\n|turn|29\n|inactive|Time left: 300 sec this turn | 300 sec total\n|\n|t:|1783402717\n|switch|p1a: Misdreavus|Misdreavus, L90, F|63/100\n|-damage|p1a: Misdreavus|50/100|[from] Stealth Rock\n|move|p2a: Baxcalibur|Glaive Rush|p1a: Misdreavus\n|-damage|p1a: Misdreavus|0 fnt\n|-singlemove|p2a: Baxcalibur|Glaive Rush|[silent]\n|faint|p1a: Misdreavus\n|\n|upkeep\n|\n|t:|1783402718\n|switch|p1a: Slowbro|Slowbro-Galar, L87, F|55/100\n|-damage|p1a: Slowbro|43/100|[from] Stealth Rock\n|turn|30\n|inactive|Time left: 300 sec this turn | 300 sec total\n|\n|t:|1783402718\n|move|p1a: Slowbro|Fire Blast|p2a: Baxcalibur\n|-damage|p2a: Baxcalibur|0 fnt\n|faint|p2a: Baxcalibur\n|-damage|p1a: Slowbro|33/100|[from] item: Life Orb\n|\n|upkeep\n|inactive|Time left: 300 sec this turn | 300 sec total | 5 sec grace\n|\n|t:|1783402718\n|switch|p2a: Golurk|Golurk, L87|297/297\n|-damage|p2a: Golurk|248/297|[from] Spikes\n|turn|31\n|inactive|Time left: 300 sec this turn | 300 sec total\n|\n|t:|1783402718\n|move|p1a: Slowbro|Shell Side Arm|p2a: Golurk|[anim] Shell Side Arm Special\n|-resisted|p2a: Golurk\n|-damage|p2a: Golurk|210/297\n|-hint|Special Shell Side Arm\n|-status|p2a: Golurk|psn\n|-damage|p1a: Slowbro|23/100|[from] item: Life Orb\n|move|p2a: Golurk|Earthquake|p1a: Slowbro\n|-supereffective|p1a: Slowbro\n|-damage|p1a: Slowbro|0 fnt\n|faint|p1a: Slowbro\n|\n|win|p0y013fa33", "uploadtime": 1783402718, "views": 0, "rating": 0, "private": 0, "password": null, "_winner": "p0y013fa33", "_our_name": "p0y013fa33"}3fa33", "uploadtime": 1783402718, "views": 0, "rating": 0, "private": 0, "password": null, "_winner": "p0y013fa33", "_our_name": "p0x013d896"}