{"id": "battle-gen9randombattle-135", "formatid": "gen9randombattle", "format": "[Gen 9] Random Battle", "players": ["p0x0157a5d", "p0y0150f35"], "log": "|init|battle\n|title|p0x0157a5d vs. p0y0150f35\n|j|\u2606p0x0157a5d\n|j|\u2606p0y0150f35\n|t:|1783402742\n|gametype|singles\n|player|p1|p0x0157a5d|170|\n|player|p2|p0y0150f35|2|\n|gen|9\n|tier|[Gen 9] Random Battle\n|rule|Species Clause: Limit one of each Pok\u00e9mon\n|rule|HP Percentage Mod: HP is shown in percentages\n|rule|Sleep Clause Mod: Limit one foe put to sleep\n|rule|Illusion Level Mod: Illusion disguises the Pok\u00e9mon's true level\n|\n|t:|1783402742\n|teamsize|p1|6\n|teamsize|p2|6\n|start\n|switch|p1a: Probopass|Probopass, L91, M|257/257\n|switch|p2a: Mienshao|Mienshao, L83, M|100/100\n|turn|1\n|inactive|Battle timer is ON: inactive players will automatically lose when time's up. (requested by p0x0157a5d)\n|inactive|p0y0150f35 also wants the timer to be on.\n|\n|t:|1783402742\n|-terastallize|p1a: Probopass|Fighting\n|move|p2a: Mienshao|High Jump Kick|p1a: Probopass\n|-damage|p1a: Probopass|59/257\n|move|p1a: Probopass|Body Press|p2a: Mienshao\n|-damage|p2a: Mienshao|20/100\n|\n|upkeep\n|turn|2\n|inactive|Time left: 300 sec this turn | 300 sec total\n|\n|t:|1783402742\n|move|p2a: Mienshao|High Jump Kick|p1a: Probopass\n|-damage|p1a: Probopass|0 fnt\n|faint|p1a: Probopass\n|\n|upkeep\n|inactive|Time left: 300 sec this turn | 300 sec total | 5 sec grace\n|\n|t:|1783402743\n|switch|p1a: Lokix|Lokix, L82, F|251/251\n|turn|3\n|inactive|Time left: 300 sec this turn | 300 sec total\n|\n|t:|1783402743\n|move|p1a: Lokix|First Impression|p2a: Mienshao\n|-resisted|p2a: Mienshao\n|-damage|p2a: Mienshao|0 fnt\n|faint|p2a: Mienshao\n|\n|upkeep\n|\n|t:|1783402743\n|switch|p2a: Zacian|Zacian, L69|100/100\n|-ability|p2a: Zacian|Intrepid Sword|boost\n|-boost|p2a: Zacian|atk|1\n|turn|4\n|inactive|Time left: 300 sec this turn | 300 sec total\n|\n|t:|1783402743\n|switch|p1a: Lapras|Lapras, L87, F|367/367\n|move|p2a: Zacian|Swords Dance|p2a: Zacian\n|-boost|p2a: Zacian|atk|2\n|\n|upkeep\n|turn|5\n|inactive|Time left: 300 sec this turn | 300 sec total\n|\n|t:|1783402743\n|move|p2a: Zacian|Close Combat|p1a: Lapras\n|-supereffective|p1a: Lapras\n|-damage|p1a: Lapras|0 fnt\n|-unboost|p2a: Zacian|def|1\n|-unboost|p2a: Zacian|spd|1\n|faint|p1a: Lapras\n|-damage|p2a: Zacian|91/100|[from] item: Life Orb\n|\n|upkeep\n|inactive|Time left: 300 sec this turn | 300 sec total | 5 sec grace\n|\n|t:|1783402744\n|switch|p1a: Deoxys|Deoxys, L74|196/196\n|-ability|p1a: Deoxys|Pressure\n|turn|6\n|inactive|Time left: 300 sec this turn | 300 sec total\n|\n|t:|1783402744\n|switch|p2a: Ho-Oh|Ho-Oh, L71|100/100\n|move|p1a: Deoxys|Psycho Boost|p2a: Ho-Oh\n|-damage|p2a: Ho-Oh|42/100\n|-unboost|p1a: Deoxys|spa|2\n|-damage|p1a: Deoxys|177/196|[from] item: Life Orb\n|\n|upkeep\n|turn|7\n|inactive|Time left: 300 sec this turn | 300 sec total\n|\n|t:|1783402744\n|switch|p2a: Zacian|Zacian, L69|91/100\n|move|p1a: Deoxys|Knock Off|p2a: Zacian\n|-resisted|p2a: Zacian\n|-damage|p2a: Zacian|70/100\n|-enditem|p2a: Zacian|Life Orb|[from] move: Knock Off|[of] p1a: Deoxys\n|-damage|p1a: Deoxys|158/196|[from] item: Life Orb\n|\n|upkeep\n|turn|8\n|inactive|Time left: 300 sec this turn | 300 sec total\n|\n|t:|1783402744\n|move|p1a: Deoxys|Psycho Boost|p2a: Zacian\n|-damage|p2a: Zacian|30/100\n|-unboost|p1a: Deoxys|spa|2\n|-damage|p1a: Deoxys|139/196|[from] item: Life Orb\n|move|p2a: Zacian|Swords Dance|p2a: Zacian\n|-boost|p2a: Zacian|atk|2\n|\n|upkeep\n|turn|9\n|inactive|Time left: 300 sec this turn | 300 sec total\n|\n|t:|1783402745\n|move|p1a: Deoxys|Extreme Speed|p2a: Zacian\n|-damage|p2a: Zacian|0 fnt\n|faint|p2a: Zacian\n|-damage|p1a: Deoxys|120/196|[from] item: Life Orb\n|\n|upkeep\n|\n|t:|1783402745\n|switch|p2a: Wigglytuff|Wigglytuff, L96, M|100/100\n|turn|10\n|inactive|Time left: 300 sec this turn | 300 sec total\n|\n|t:|1783402745\n|move|p1a: Deoxys|Superpower|p2a: Wigglytuff\n|-damage|p2a: Wigglytuff|64/100\n|-unboost|p1a: Deoxys|atk|1\n|-unboost|p1a: Deoxys|def|1\n|-damage|p1a: Deoxys|101/196|[from] item: Life Orb\n|move|p2a: Wigglytuff|Knock Off|p1a: Deoxys\n|-supereffective|p1a: Deoxys\n|-damage|p1a: Deoxys|0 fnt\n|-enditem|p1a: Deoxys|Life Orb|[from] move: Knock Off|[of] p2a: Wigglytuff\n|faint|p1a: Deoxys\n|\n|-heal|p2a: Wigglytuff|70/100|[from] item: Leftovers\n|upkeep\n|inactive|Time left: 300 sec this turn | 300 sec total | 5 sec grace\n|\n|t:|1783402745\n|switch|p1a: Hitmonchan|Hitmonchan, L87, M|229/229\n|turn|11\n|inactive|Time left: 300 sec this turn | 300 sec total\n|\n|t:|1783402746\n|move|p1a: Hitmonchan|Bulk Up|p1a: Hitmonchan\n|-boost|p1a: Hitmonchan|atk|1\n|-boost|p1a: Hitmonchan|def|1\n|move|p2a: Wigglytuff|Alluring Voice|p1a: Hitmonchan\n|-supereffective|p1a: Hitmonchan\n|-damage|p1a: Hitmonchan|67/229\n|-start|p1a: Hitmonchan|confusion\n|\n|-heal|p1a: Hitmonchan|81/229|[from] item: Leftovers\n|-heal|p2a: Wigglytuff|76/100|[from] item: Leftovers\n|upkeep\n|turn|12\n|inactive|Time left: 300 sec this turn | 300 sec total\n|\n|t:|1783402746\n|-activate|p1a: Hitmonchan|confusion\n|-damage|p1a: Hitmonchan|49/229|[from] confusion\n|move|p2a: Wigglytuff|Alluring Voice|p1a: Hitmonchan\n|-supereffective|p1a: Hitmonchan\n|-damage|p1a: Hitmonchan|0 fnt\n|faint|p1a: Hitmonchan\n|\n|-heal|p2a: Wigglytuff|82/100|[from] item: Leftovers\n|upkeep\n|inactive|Time left: 300 sec this turn | 300 sec total | 5 sec grace\n|\n|t:|1783402746\n|switch|p1a: Lokix|Lokix, L82, F|251/251\n|turn|13\n|inactive|Time left: 300 sec this turn | 300 sec total\n|\n|t:|1783402746\n|move|p1a: Lokix|Knock Off|p2a: Wigglytuff\n|-resisted|p2a: Wigglytuff\n|-damage|p2a: Wigglytuff|49/100\n|-enditem|p2a: Wigglytuff|Leftovers|[from] move: Knock Off|[of] p1a: Lokix\n|move|p2a: Wigglytuff|Fire Blast|p1a: Lokix\n|-supereffective|p1a: Lokix\n|-damage|p1a: Lokix|0 fnt\n|faint|p1a: Lokix\n|\n|upkeep\n|inactive|Time left: 300 sec this turn | 300 sec total | 5 sec grace\n|\n|t:|1783402747\n|switch|p1a: Gurdurr|Gurdurr, L85, M|283/283\n|turn|14\n|inactive|Time left: 300 sec this turn | 300 sec total\n|\n|t:|1783402747\n|move|p2a: Wigglytuff|Alluring Voice|p1a: Gurdurr\n|-supereffective|p1a: Gurdurr\n|-damage|p1a: Gurdurr|79/283\n|move|p1a: Gurdurr|Drain Punch|p2a: Wigglytuff\n|-damage|p2a: Wigglytuff|19/100\n|-heal|p1a: Gurdurr|143/283|[from] drain|[of] p2a: Wigglytuff\n|\n|upkeep\n|turn|15\n|inactive|Time left: 300 sec this turn | 300 sec total\n|\n|t:|1783402747\n|-terastallize|p2a: Wigglytuff|Steel\n|move|p1a: Gurdurr|Mach Punch|p2a: Wigglytuff\n|-supereffective|p2a: Wigglytuff\n|-damage|p2a: Wigglytuff|0 fnt\n|faint|p2a: Wigglytuff\n|\n|upkeep\n|\n|t:|1783402747\n|switch|p2a: Ho-Oh|Ho-Oh, L71|75/100\n|turn|16\n|inactive|Time left: 300 sec this turn | 300 sec total\n|\n|t:|1783402748\n|move|p1a: Gurdurr|Mach Punch|p2a: Ho-Oh\n|-resisted|p2a: Ho-Oh\n|-damage|p2a: Ho-Oh|65/100\n|move|p2a: Ho-Oh|Brave Bird|p1a: Gurdurr\n|-supereffective|p1a: Gurdurr\n|-damage|p1a: Gurdurr|0 fnt\n|faint|p1a: Gurdurr\n|-damage|p2a: Ho-Oh|48/100|[from] Recoil\n|\n|win|p0y0150f35", "uploadtime": 1783402748, "views": 0, "rating": 0, "private": 0, "password": null, "_winner": "p0y0150f35", "_our_name": "p0x0157a5d"}