{"id": "battle-gen9randombattle-139", "formatid": "gen9randombattle", "format": "[Gen 9] Random Battle", "players": ["p0x01941dc", "p0y0199ae9"], "log": "|init|battle\n|title|p0x01941dc vs. p0y0199ae9\n|j|\u2606p0x01941dc\n|j|\u2606p0y0199ae9\n|t:|1783402797\n|gametype|singles\n|player|p1|p0x01941dc|101|\n|player|p2|p0y0199ae9|102|\n|gen|9\n|tier|[Gen 9] Random Battle\n|rule|Species Clause: Limit one of each Pok\u00e9mon\n|rule|HP Percentage Mod: HP is shown in percentages\n|rule|Sleep Clause Mod: Limit one foe put to sleep\n|rule|Illusion Level Mod: Illusion disguises the Pok\u00e9mon's true level\n|\n|t:|1783402797\n|teamsize|p1|6\n|teamsize|p2|6\n|start\n|switch|p1a: Porygon2|Porygon2, L81|100/100\n|switch|p2a: Reuniclus|Reuniclus, L88, F|337/337\n|-ability|p1a: Porygon2|Download|boost\n|-boost|p1a: Porygon2|atk|1\n|turn|1\n|inactive|Battle timer is ON: inactive players will automatically lose when time's up. (requested by p0y0199ae9)\n|inactive|p0x01941dc also wants the timer to be on.\n|\n|t:|1783402798\n|move|p1a: Porygon2|Thunder Wave|p2a: Reuniclus\n|-status|p2a: Reuniclus|par\n|move|p2a: Reuniclus|Calm Mind|p2a: Reuniclus\n|-boost|p2a: Reuniclus|spa|1\n|-boost|p2a: Reuniclus|spd|1\n|\n|upkeep\n|turn|2\n|inactive|Time left: 300 sec this turn | 300 sec total\n|\n|t:|1783402798\n|switch|p1a: Tyranitar|Tyranitar, L78, M|100/100\n|-weather|Sandstorm|[from] ability: Sand Stream|[of] p1a: Tyranitar\n|move|p2a: Reuniclus|Focus Blast|p1a: Tyranitar|[miss]\n|-miss|p2a: Reuniclus|p1a: Tyranitar\n|\n|-weather|Sandstorm|[upkeep]\n|upkeep\n|turn|3\n|inactive|Time left: 300 sec this turn | 300 sec total\n|\n|t:|1783402798\n|move|p1a: Tyranitar|Knock Off|p2a: Reuniclus\n|-supereffective|p2a: Reuniclus\n|-damage|p2a: Reuniclus|107/337 par\n|-enditem|p2a: Reuniclus|Life Orb|[from] move: Knock Off|[of] p1a: Tyranitar\n|cant|p2a: Reuniclus|par\n|\n|-weather|Sandstorm|[upkeep]\n|upkeep\n|turn|4\n|inactive|Time left: 300 sec this turn | 300 sec total\n|\n|t:|1783402798\n|-terastallize|p2a: Reuniclus|Fighting\n|move|p1a: Tyranitar|Knock Off|p2a: Reuniclus\n|-resisted|p2a: Reuniclus\n|-crit|p2a: Reuniclus\n|-damage|p2a: Reuniclus|41/337 par\n|move|p2a: Reuniclus|Focus Blast|p1a: Tyranitar|[miss]\n|-miss|p2a: Reuniclus|p1a: Tyranitar\n|\n|-weather|Sandstorm|[upkeep]\n|upkeep\n|turn|5\n|inactive|Time left: 300 sec this turn | 300 sec total\n|\n|t:|1783402799\n|move|p1a: Tyranitar|Ice Punch|p2a: Reuniclus\n|-damage|p2a: Reuniclus|0 fnt\n|faint|p2a: Reuniclus\n|\n|-weather|Sandstorm|[upkeep]\n|upkeep\n|inactive|Time left: 300 sec this turn | 300 sec total | 5 sec grace\n|\n|t:|1783402799\n|switch|p2a: Alcremie|Alcremie-Ruby-Cream, L90, F|263/263\n|turn|6\n|inactive|Time left: 300 sec this turn | 300 sec total\n|\n|t:|1783402799\n|move|p2a: Alcremie|Calm Mind|p2a: Alcremie\n|-boost|p2a: Alcremie|spa|1\n|-boost|p2a: Alcremie|spd|1\n|move|p1a: Tyranitar|Dragon Dance|p1a: Tyranitar\n|-boost|p1a: Tyranitar|atk|1\n|-boost|p1a: Tyranitar|spe|1\n|\n|-weather|none\n|upkeep\n|turn|7\n|inactive|Time left: 300 sec this turn | 300 sec total\n|\n|t:|1783402799\n|-terastallize|p1a: Tyranitar|Ghost\n|move|p1a: Tyranitar|Stone Edge|p2a: Alcremie\n|-damage|p2a: Alcremie|71/263\n|move|p2a: Alcremie|Alluring Voice|p1a: Tyranitar\n|-damage|p1a: Tyranitar|40/100\n|\n|-heal|p2a: Alcremie|87/263|[from] item: Leftovers\n|upkeep\n|turn|8\n|inactive|Time left: 300 sec this turn | 300 sec total\n|\n|t:|1783402800\n|move|p1a: Tyranitar|Ice Punch|p2a: Alcremie\n|-damage|p2a: Alcremie|0 fnt\n|faint|p2a: Alcremie\n|\n|upkeep\n|inactive|Time left: 300 sec this turn | 300 sec total | 5 sec grace\n|\n|t:|1783402800\n|switch|p2a: Cyclizar|Cyclizar, L84, M|255/255\n|turn|9\n|inactive|Time left: 300 sec this turn | 300 sec total\n|\n|t:|1783402800\n|switch|p1a: Sylveon|Sylveon, L85, F|100/100\n|move|p2a: Cyclizar|Knock Off|p1a: Sylveon\n|-resisted|p1a: Sylveon\n|-damage|p1a: Sylveon|87/100\n|-enditem|p1a: Sylveon|Leftovers|[from] move: Knock Off|[of] p2a: Cyclizar\n|\n|upkeep\n|turn|10\n|inactive|Time left: 300 sec this turn | 300 sec total\n|\n|t:|1783402800\n|move|p2a: Cyclizar|Shed Tail|p2a: Cyclizar\n|-start|p2a: Cyclizar|Substitute|[from] move: Shed Tail\n|-damage|p2a: Cyclizar|127/255\n|inactive|Time left: 300 sec this turn | 300 sec total | 5 sec grace\n|\n|t:|1783402801\n|switch|p2a: Ceruledge|Ceruledge, L78, M|245/245|[from] Shed Tail\n|move|p1a: Sylveon|Hyper Voice|p2a: Ceruledge\n|-resisted|p2a: Ceruledge\n|-damage|p2a: Ceruledge|186/245\n|\n|upkeep\n|turn|11\n|inactive|Time left: 300 sec this turn | 300 sec total\n|\n|t:|1783402801\n|move|p2a: Ceruledge|Swords Dance|p2a: Ceruledge\n|-boost|p2a: Ceruledge|atk|2\n|move|p1a: Sylveon|Wish|p1a: Sylveon\n|\n|upkeep\n|turn|12\n|inactive|Time left: 300 sec this turn | 300 sec total\n|\n|t:|1783402801\n|move|p2a: Ceruledge|Swords Dance|p2a: Ceruledge\n|-boost|p2a: Ceruledge|atk|2\n|move|p1a: Sylveon|Hyper Voice|p2a: Ceruledge\n|-resisted|p2a: Ceruledge\n|-damage|p2a: Ceruledge|126/245\n|\n|-heal|p1a: Sylveon|100/100|[from] move: Wish|[wisher] Sylveon\n|upkeep\n|turn|13\n|inactive|Time left: 300 sec this turn | 300 sec total\n|\n|t:|1783402801\n|move|p1a: Sylveon|Protect|p1a: Sylveon\n|-singleturn|p1a: Sylveon|Protect\n|move|p2a: Ceruledge|Bitter Blade|p1a: Sylveon\n|-activate|p1a: Sylveon|move: Protect\n|\n|upkeep\n|turn|14\n|inactive|Time left: 300 sec this turn | 300 sec total\n|\n|t:|1783402802\n|switch|p1a: Tyranitar|Tyranitar, L78, M, tera:Ghost|40/100\n|-weather|Sandstorm|[from] ability: Sand Stream|[of] p1a: Tyranitar\n|move|p2a: Ceruledge|Bitter Blade|p1a: Tyranitar\n|-damage|p1a: Tyranitar|0 fnt\n|-heal|p2a: Ceruledge|183/245|[from] drain|[of] p1a: Tyranitar\n|faint|p1a: Tyranitar\n|\n|-weather|Sandstorm|[upkeep]\n|-damage|p2a: Ceruledge|168/245|[from] Sandstorm\n|upkeep\n|\n|t:|1783402802\n|switch|p1a: Salazzle|Salazzle, L83, F|100/100\n|turn|15\n|inactive|Time left: 300 sec this turn | 300 sec total\n|\n|t:|1783402802\n|move|p1a: Salazzle|Protect|p1a: Salazzle\n|-singleturn|p1a: Salazzle|Protect\n|move|p2a: Ceruledge|Bitter Blade|p1a: Salazzle\n|-activate|p1a: Salazzle|move: Protect\n|\n|-weather|Sandstorm|[upkeep]\n|-damage|p1a: Salazzle|94/100|[from] Sandstorm\n|-damage|p2a: Ceruledge|153/245|[from] Sandstorm\n|-heal|p1a: Salazzle|100/100|[from] item: Leftovers\n|upkeep\n|turn|16\n|inactive|Time left: 300 sec this turn | 300 sec total\n|\n|t:|1783402802\n|move|p1a: Salazzle|Substitute|p1a: Salazzle\n|-start|p1a: Salazzle|Substitute\n|-damage|p1a: Salazzle|76/100\n|move|p2a: Ceruledge|Bitter Blade|p1a: Salazzle\n|-resisted|p1a: Salazzle\n|-end|p1a: Salazzle|Substitute\n|-heal|p2a: Ceruledge|184/245|[from] drain|[of] p1a: Salazzle\n|\n|-weather|Sandstorm|[upkeep]\n|-damage|p1a: Salazzle|70/100|[from] Sandstorm\n|-damage|p2a: Ceruledge|169/245|[from] Sandstorm\n|-heal|p1a: Salazzle|76/100|[from] item: Leftovers\n|upkeep\n|turn|17\n|inactive|Time left: 300 sec this turn | 300 sec total\n|\n|t:|1783402803\n|move|p1a: Salazzle|Protect|p1a: Salazzle\n|-singleturn|p1a: Salazzle|Protect\n|move|p2a: Ceruledge|Bitter Blade|p1a: Salazzle\n|-activate|p1a: Salazzle|move: Protect\n|\n|-weather|Sandstorm|[upkeep]\n|-damage|p1a: Salazzle|70/100|[from] Sandstorm\n|-damage|p2a: Ceruledge|154/245|[from] Sandstorm\n|-heal|p1a: Salazzle|76/100|[from] item: Leftovers\n|upkeep\n|turn|18\n|inactive|Time left: 300 sec this turn | 300 sec total\n|\n|t:|1783402803\n|move|p1a: Salazzle|Substitute|p1a: Salazzle\n|-start|p1a: Salazzle|Substitute\n|-damage|p1a: Salazzle|51/100\n|move|p2a: Ceruledge|Bitter Blade|p1a: Salazzle\n|-resisted|p1a: Salazzle\n|-end|p1a: Salazzle|Substitute\n|-heal|p2a: Ceruledge|185/245|[from] drain|[of] p1a: Salazzle\n|\n|-weather|none\n|-heal|p1a: Salazzle|57/100|[from] item: Leftovers\n|upkeep\n|turn|19\n|inactive|Time left: 300 sec this turn | 300 sec total\n|\n|t:|1783402803\n|move|p1a: Salazzle|Protect|p1a: Salazzle\n|-singleturn|p1a: Salazzle|Protect\n|move|p2a: Ceruledge|Bitter Blade|p1a: Salazzle\n|-activate|p1a: Salazzle|move: Protect\n|\n|-heal|p1a: Salazzle|63/100|[from] item: Leftovers\n|upkeep\n|turn|20\n|inactive|Time left: 300 sec this turn | 300 sec total\n|\n|t:|1783402803\n|move|p1a: Salazzle|Substitute|p1a: Salazzle\n|-start|p1a: Salazzle|Substitute\n|-damage|p1a: Salazzle|38/100\n|move|p2a: Ceruledge|Bitter Blade|p1a: Salazzle\n|-resisted|p1a: Salazzle\n|-end|p1a: Salazzle|Substitute\n|-heal|p2a: Ceruledge|216/245|[from] drain|[of] p1a: Salazzle\n|\n|-heal|p1a: Salazzle|44/100|[from] item: Leftovers\n|upkeep\n|turn|21\n|inactive|Time left: 300 sec this turn | 300 sec total\n|\n|t:|1783402804\n|move|p1a: Salazzle|Protect|p1a: Salazzle\n|-singleturn|p1a: Salazzle|Protect\n|move|p2a: Ceruledge|Bitter Blade|p1a: Salazzle\n|-activate|p1a: Salazzle|move: Protect\n|\n|-heal|p1a: Salazzle|50/100|[from] item: Leftovers\n|upkeep\n|turn|22\n|inactive|Time left: 300 sec this turn | 300 sec total\n|\n|t:|1783402804\n|move|p1a: Salazzle|Substitute|p1a: Salazzle\n|-start|p1a: Salazzle|Substitute\n|-damage|p1a: Salazzle|25/100\n|move|p2a: Ceruledge|Bitter Blade|p1a: Salazzle\n|-resisted|p1a: Salazzle\n|-end|p1a: Salazzle|Substitute\n|-heal|p2a: Ceruledge|245/245|[from] drain|[of] p1a: Salazzle\n|\n|-heal|p1a: Salazzle|31/100|[from] item: Leftovers\n|upkeep\n|turn|23\n|inactive|Time left: 300 sec this turn | 300 sec total\n|\n|t:|1783402804\n|move|p1a: Salazzle|Substitute|p1a: Salazzle\n|-start|p1a: Salazzle|Substitute\n|-damage|p1a: Salazzle|6/100\n|move|p2a: Ceruledge|Bitter Blade|p1a: Salazzle\n|-resisted|p1a: Salazzle\n|-end|p1a: Salazzle|Substitute\n|\n|-heal|p1a: Salazzle|12/100|[from] item: Leftovers\n|upkeep\n|turn|24\n|inactive|Time left: 300 sec this turn | 300 sec total\n|\n|t:|1783402804\n|move|p1a: Salazzle|Protect|p1a: Salazzle\n|-singleturn|p1a: Salazzle|Protect\n|move|p2a: Ceruledge|Bitter Blade|p1a: Salazzle\n|-activate|p1a: Salazzle|move: Protect\n|\n|-heal|p1a: Salazzle|18/100|[from] item: Leftovers\n|upkeep\n|turn|25\n|inactive|Time left: 300 sec this turn | 300 sec total\n|\n|t:|1783402805\n|move|p1a: Salazzle|Protect|p1a: Salazzle\n|-singleturn|p1a: Salazzle|Protect\n|move|p2a: Ceruledge|Bitter Blade|p1a: Salazzle\n|-activate|p1a: Salazzle|move: Protect\n|\n|-heal|p1a: Salazzle|24/100|[from] item: Leftovers\n|upkeep\n|turn|26\n|inactive|Time left: 300 sec this turn | 300 sec total\n|\n|t:|1783402805\n|move|p1a: Salazzle|Flamethrower|p2a: Ceruledge\n|-resisted|p2a: Ceruledge\n|-activate|p2a: Ceruledge|move: Substitute|[damage]\n|move|p2a: Ceruledge|Bitter Blade|p1a: Salazzle\n|-resisted|p1a: Salazzle\n|-damage|p1a: Salazzle|0 fnt\n|faint|p1a: Salazzle\n|\n|upkeep\n|\n|t:|1783402805\n|switch|p1a: Latias|Latias, L79, F|100/100\n|turn|27\n|inactive|Time left: 300 sec this turn | 300 sec total\n|\n|t:|1783402805\n|switch|p1a: Porygon2|Porygon2, L81|100/100\n|-ability|p1a: Porygon2|Download|boost\n|-boost|p1a: Porygon2|atk|1\n|move|p2a: Ceruledge|Poltergeist|p1a: Porygon2\n|-immune|p1a: Porygon2\n|\n|upkeep\n|turn|28\n|inactive|Time left: 300 sec this turn | 300 sec total\n|\n|t:|1783402806\n|move|p2a: Ceruledge|Close Combat|p1a: Porygon2\n|-supereffective|p1a: Porygon2\n|-damage|p1a: Porygon2|0 fnt\n|-unboost|p2a: Ceruledge|def|1\n|-unboost|p2a: Ceruledge|spd|1\n|faint|p1a: Porygon2\n|\n|upkeep\n|\n|t:|1783402806\n|switch|p1a: Latias|Latias, L79, F|100/100\n|turn|29\n|inactive|Time left: 300 sec this turn | 300 sec total\n|\n|t:|1783402806\n|move|p1a: Latias|Psyshock|p2a: Ceruledge\n|-end|p2a: Ceruledge|Substitute\n|move|p2a: Ceruledge|Poltergeist|p1a: Latias\n|-activate|p1a: Latias|move: Poltergeist|Soul Dew\n|-supereffective|p1a: Latias\n|-damage|p1a: Latias|0 fnt\n|faint|p1a: Latias\n|\n|upkeep\n|\n|t:|1783402806\n|switch|p1a: Swanna|Swanna, L89, F|100/100\n|turn|30\n|inactive|Time left: 300 sec this turn | 300 sec total\n|\n|t:|1783402807\n|move|p1a: Swanna|Hydro Pump|p2a: Ceruledge\n|-supereffective|p2a: Ceruledge\n|-damage|p2a: Ceruledge|0 fnt\n|faint|p2a: Ceruledge\n|\n|upkeep\n|inactive|Time left: 300 sec this turn | 300 sec total | 5 sec grace\n|\n|t:|1783402807\n|switch|p2a: Cinderace|Cinderace, L77, F|249/249\n|turn|31\n|inactive|Time left: 300 sec this turn | 300 sec total\n|\n|t:|1783402807\n|move|p2a: Cinderace|Gunk Shot|p1a: Swanna\n|-start|p2a: Cinderace|typechange|Poison|[from] ability: Libero\n|-damage|p1a: Swanna|25/100\n|move|p1a: Swanna|Brave Bird|p2a: Cinderace\n|-damage|p2a: Cinderace|93/249\n|-damage|p1a: Swanna|6/100|[from] Recoil\n|\n|upkeep\n|turn|32\n|inactive|Time left: 300 sec this turn | 300 sec total\n|\n|t:|1783402807\n|move|p2a: Cinderace|Gunk Shot|p1a: Swanna\n|-damage|p1a: Swanna|0 fnt\n|faint|p1a: Swanna\n|\n|upkeep\n|\n|t:|1783402807\n|switch|p1a: Sylveon|Sylveon, L85, F|100/100\n|turn|33\n|inactive|Time left: 300 sec this turn | 300 sec total\n|\n|t:|1783402808\n|move|p2a: Cinderace|Gunk Shot|p1a: Sylveon\n|-supereffective|p1a: Sylveon\n|-damage|p1a: Sylveon|0 fnt\n|faint|p1a: Sylveon\n|\n|win|p0y0199ae9", "uploadtime": 1783402808, "views": 0, "rating": 0, "private": 0, "password": null, "_winner": "p0y0199ae9", "_our_name": "p0y0199ae9"}y0199ae9", "uploadtime": 1783402808, "views": 0, "rating": 0, "private": 0, "password": null, "_winner": "p0y0199ae9", "_our_name": "p0x01941dc"}