{"id": "battle-gen9randombattle-137", "formatid": "gen9randombattle", "format": "[Gen 9] Random Battle", "players": ["p0x017b8c1", "p0y0173aed"], "log": "|init|battle\n|title|p0x017b8c1 vs. p0y0173aed\n|j|\u2606p0x017b8c1\n|j|\u2606p0y0173aed\n|t:|1783402769\n|gametype|singles\n|player|p1|p0x017b8c1|2|\n|player|p2|p0y0173aed|2|\n|gen|9\n|tier|[Gen 9] Random Battle\n|rule|Species Clause: Limit one of each Pok\u00e9mon\n|rule|HP Percentage Mod: HP is shown in percentages\n|rule|Sleep Clause Mod: Limit one foe put to sleep\n|rule|Illusion Level Mod: Illusion disguises the Pok\u00e9mon's true level\n|\n|t:|1783402769\n|teamsize|p1|6\n|teamsize|p2|6\n|start\n|switch|p1a: Excadrill|Excadrill, L79, M|303/303\n|switch|p2a: Slither Wing|Slither Wing, L81|100/100\n|-ability|p1a: Excadrill|Mold Breaker\n|turn|1\n|inactive|Battle timer is ON: inactive players will automatically lose when time's up. (requested by p0y0173aed)\n|inactive|Time left: 300 sec this turn | 300 sec total | 60 sec grace\n|inactive|p0x017b8c1 also wants the timer to be on.\n|\n|t:|1783402770\n|switch|p1a: Annihilape|Annihilape, L76, M|292/292\n|move|p2a: Slither Wing|Close Combat|p1a: Annihilape\n|-immune|p1a: Annihilape\n|\n|upkeep\n|turn|2\n|inactive|Time left: 300 sec this turn | 300 sec total\n|\n|t:|1783402770\n|move|p1a: Annihilape|Bulk Up|p1a: Annihilape\n|-boost|p1a: Annihilape|atk|1\n|-boost|p1a: Annihilape|def|1\n|move|p2a: Slither Wing|Will-O-Wisp|p1a: Annihilape\n|-status|p1a: Annihilape|brn\n|\n|-damage|p1a: Annihilape|274/292 brn|[from] brn\n|upkeep\n|turn|3\n|inactive|Time left: 300 sec this turn | 300 sec total\n|\n|t:|1783402770\n|-end|p2a: Slither Wing|Protosynthesis|[silent]\n|switch|p2a: Vikavolt|Vikavolt, L83, F|100/100\n|move|p1a: Annihilape|Rest|p1a: Annihilape\n|-status|p1a: Annihilape|slp|[from] move: Rest\n|-heal|p1a: Annihilape|292/292 slp|[silent]\n|-enditem|p1a: Annihilape|Chesto Berry|[eat]\n|-curestatus|p1a: Annihilape|slp|[msg]\n|\n|upkeep\n|turn|4\n|inactive|Time left: 300 sec this turn | 300 sec total\n|\n|t:|1783402770\n|switch|p1a: Ursaluna|Ursaluna, L79, M|335/335\n|move|p2a: Vikavolt|Sticky Web|p1a: Ursaluna\n|-sidestart|p1: p0x017b8c1|move: Sticky Web\n|\n|-status|p1a: Ursaluna|brn|[from] item: Flame Orb\n|upkeep\n|turn|5\n|inactive|Time left: 300 sec this turn | 300 sec total\n|\n|t:|1783402771\n|switch|p2a: Registeel|Registeel, L81|100/100\n|move|p1a: Ursaluna|Facade|p2a: Registeel\n|-resisted|p2a: Registeel\n|-damage|p2a: Registeel|68/100\n|\n|-damage|p1a: Ursaluna|315/335 brn|[from] brn\n|upkeep\n|turn|6\n|inactive|Time left: 300 sec this turn | 300 sec total\n|\n|t:|1783402771\n|move|p2a: Registeel|Iron Defense|p2a: Registeel\n|-boost|p2a: Registeel|def|2\n|move|p1a: Ursaluna|Headlong Rush|p2a: Registeel\n|-supereffective|p2a: Registeel\n|-damage|p2a: Registeel|8/100\n|-unboost|p1a: Ursaluna|def|1\n|-unboost|p1a: Ursaluna|spd|1\n|\n|-damage|p1a: Ursaluna|295/335 brn|[from] brn\n|upkeep\n|turn|7\n|inactive|Time left: 300 sec this turn | 300 sec total\n|\n|t:|1783402771\n|switch|p1a: Bruxish|Bruxish, L85, M|254/254\n|-activate|p1a: Bruxish|move: Sticky Web\n|-unboost|p1a: Bruxish|spe|1\n|move|p2a: Registeel|Rest|p2a: Registeel\n|-status|p2a: Registeel|slp|[from] move: Rest\n|-heal|p2a: Registeel|100/100 slp|[silent]\n|-enditem|p2a: Registeel|Chesto Berry|[eat]\n|-curestatus|p2a: Registeel|slp|[msg]\n|\n|upkeep\n|turn|8\n|inactive|Time left: 300 sec this turn | 300 sec total\n|\n|t:|1783402771\n|move|p1a: Bruxish|Swords Dance|p1a: Bruxish\n|-boost|p1a: Bruxish|atk|2\n|move|p2a: Registeel|Body Press|p1a: Bruxish\n|-resisted|p1a: Bruxish\n|-damage|p1a: Bruxish|173/254\n|\n|upkeep\n|turn|9\n|inactive|Time left: 300 sec this turn | 300 sec total\n|\n|t:|1783402772\n|move|p1a: Bruxish|Psychic Fangs|p2a: Registeel\n|-resisted|p2a: Registeel\n|-damage|p2a: Registeel|74/100\n|-damage|p1a: Bruxish|148/254|[from] item: Life Orb\n|move|p2a: Registeel|Body Press|p1a: Bruxish\n|-resisted|p1a: Bruxish\n|-damage|p1a: Bruxish|64/254\n|\n|upkeep\n|turn|10\n|inactive|Time left: 300 sec this turn | 300 sec total\n|\n|t:|1783402772\n|move|p1a: Bruxish|Crunch|p2a: Registeel\n|-damage|p2a: Registeel|44/100\n|-damage|p1a: Bruxish|39/254|[from] item: Life Orb\n|move|p2a: Registeel|Body Press|p1a: Bruxish\n|-resisted|p1a: Bruxish\n|-damage|p1a: Bruxish|0 fnt\n|faint|p1a: Bruxish\n|\n|upkeep\n|inactive|Time left: 300 sec this turn | 300 sec total | 5 sec grace\n|\n|t:|1783402772\n|switch|p1a: Annihilape|Annihilape, L76, M|292/292\n|-activate|p1a: Annihilape|move: Sticky Web\n|-unboost|p1a: Annihilape|spe|1\n|-ability|p1a: Annihilape|Defiant|boost\n|-boost|p1a: Annihilape|atk|2\n|turn|11\n|inactive|Time left: 300 sec this turn | 300 sec total\n|\n|t:|1783402772\n|move|p2a: Registeel|Iron Head|p1a: Annihilape\n|-damage|p1a: Annihilape|211/292\n|move|p1a: Annihilape|Drain Punch|p2a: Registeel\n|-supereffective|p2a: Registeel\n|-damage|p2a: Registeel|2/100\n|-heal|p1a: Annihilape|265/292|[from] drain|[of] p2a: Registeel\n|\n|upkeep\n|turn|12\n|inactive|Time left: 300 sec this turn | 300 sec total\n|\n|t:|1783402773\n|move|p2a: Registeel|Iron Head|p1a: Annihilape\n|-damage|p1a: Annihilape|190/292\n|move|p1a: Annihilape|Drain Punch|p2a: Registeel\n|-supereffective|p2a: Registeel\n|-damage|p2a: Registeel|0 fnt\n|-heal|p1a: Annihilape|193/292|[from] drain|[of] p2a: Registeel\n|faint|p2a: Registeel\n|\n|upkeep\n|\n|t:|1783402773\n|switch|p2a: Ludicolo|Ludicolo, L90, M|100/100\n|turn|13\n|inactive|Time left: 300 sec this turn | 300 sec total\n|\n|t:|1783402773\n|move|p2a: Ludicolo|Leaf Storm|p1a: Annihilape|[miss]\n|-miss|p2a: Ludicolo|p1a: Annihilape\n|move|p1a: Annihilape|Drain Punch|p2a: Ludicolo\n|-damage|p2a: Ludicolo|39/100\n|-heal|p1a: Annihilape|282/292|[from] drain|[of] p2a: Ludicolo\n|\n|upkeep\n|turn|14\n|inactive|Time left: 300 sec this turn | 300 sec total\n|\n|t:|1783402773\n|move|p2a: Ludicolo|Leaf Storm|p1a: Annihilape\n|-damage|p1a: Annihilape|51/292\n|-unboost|p2a: Ludicolo|spa|2\n|move|p1a: Annihilape|Drain Punch|p2a: Ludicolo\n|-damage|p2a: Ludicolo|0 fnt\n|-heal|p1a: Annihilape|108/292|[from] drain|[of] p2a: Ludicolo\n|faint|p2a: Ludicolo\n|\n|upkeep\n|\n|t:|1783402774\n|switch|p2a: Misdreavus|Misdreavus, L90, F|100/100\n|turn|15\n|inactive|Time left: 300 sec this turn | 300 sec total\n|\n|t:|1783402774\n|move|p2a: Misdreavus|Shadow Ball|p1a: Annihilape\n|-supereffective|p1a: Annihilape\n|-damage|p1a: Annihilape|0 fnt\n|faint|p1a: Annihilape\n|\n|upkeep\n|inactive|Time left: 300 sec this turn | 300 sec total | 5 sec grace\n|\n|t:|1783402774\n|switch|p1a: Ursaluna|Ursaluna, L79, M|295/335 brn\n|-activate|p1a: Ursaluna|move: Sticky Web\n|-unboost|p1a: Ursaluna|spe|1\n|turn|16\n|inactive|Time left: 300 sec this turn | 300 sec total\n|\n|t:|1783402774\n|move|p2a: Misdreavus|Calm Mind|p2a: Misdreavus\n|-boost|p2a: Misdreavus|spa|1\n|-boost|p2a: Misdreavus|spd|1\n|move|p1a: Ursaluna|Throat Chop|p2a: Misdreavus\n|-supereffective|p2a: Misdreavus\n|-damage|p2a: Misdreavus|36/100\n|-start|p2a: Misdreavus|Throat Chop|[silent]\n|\n|-damage|p1a: Ursaluna|275/335 brn|[from] brn\n|upkeep\n|turn|17\n|inactive|Time left: 300 sec this turn | 300 sec total\n|\n|t:|1783402775\n|move|p2a: Misdreavus|Draining Kiss|p1a: Ursaluna\n|-damage|p1a: Ursaluna|216/335 brn\n|-heal|p2a: Misdreavus|53/100|[from] drain|[of] p1a: Ursaluna\n|move|p1a: Ursaluna|Throat Chop|p2a: Misdreavus\n|-supereffective|p2a: Misdreavus\n|-damage|p2a: Misdreavus|0 fnt\n|faint|p2a: Misdreavus\n|\n|-damage|p1a: Ursaluna|196/335 brn|[from] brn\n|upkeep\n|\n|t:|1783402775\n|switch|p2a: Mismagius|Mismagius, L86, F|100/100\n|turn|18\n|inactive|Time left: 300 sec this turn | 300 sec total\n|\n|t:|1783402775\n|-terastallize|p2a: Mismagius|Fighting\n|move|p2a: Mismagius|Tera Blast|p1a: Ursaluna|[anim] Tera Blast Fighting\n|-supereffective|p1a: Ursaluna\n|-damage|p1a: Ursaluna|0 fnt\n|faint|p1a: Ursaluna\n|\n|upkeep\n|inactive|Time left: 300 sec this turn | 300 sec total | 5 sec grace\n|\n|t:|1783402775\n|switch|p1a: Toucannon|Toucannon, L88, F|284/284\n|turn|19\n|inactive|Time left: 300 sec this turn | 300 sec total\n|\n|t:|1783402776\n|-singleturn|p1a: Toucannon|move: Beak Blast\n|move|p2a: Mismagius|Substitute|p2a: Mismagius\n|-start|p2a: Mismagius|Substitute\n|-damage|p2a: Mismagius|76/100\n|move|p1a: Toucannon|Beak Blast|p2a: Mismagius\n|-supereffective|p2a: Mismagius\n|-end|p2a: Mismagius|Substitute\n|\n|-heal|p2a: Mismagius|82/100|[from] item: Leftovers\n|upkeep\n|turn|20\n|inactive|Time left: 300 sec this turn | 300 sec total\n|\n|t:|1783402776\n|-singleturn|p1a: Toucannon|move: Beak Blast\n|move|p2a: Mismagius|Tera Blast|p1a: Toucannon|[anim] Tera Blast Fighting\n|-damage|p1a: Toucannon|182/284\n|move|p1a: Toucannon|Beak Blast|p2a: Mismagius\n|-supereffective|p2a: Mismagius\n|-damage|p2a: Mismagius|0 fnt\n|faint|p2a: Mismagius\n|\n|upkeep\n|\n|t:|1783402776\n|switch|p2a: Vikavolt|Vikavolt, L83, F|100/100\n|turn|21\n|inactive|Time left: 300 sec this turn | 300 sec total\n|\n|t:|1783402776\n|move|p1a: Toucannon|U-turn|p2a: Vikavolt\n|-damage|p2a: Vikavolt|78/100\n|inactive|Time left: 300 sec this turn | 300 sec total | 5 sec grace\n|\n|t:|1783402776\n|switch|p1a: Excadrill|Excadrill, L79, M|303/303|[from] U-turn\n|-activate|p1a: Excadrill|move: Sticky Web\n|-unboost|p1a: Excadrill|spe|1\n|-ability|p1a: Excadrill|Mold Breaker\n|move|p2a: Vikavolt|Discharge|p1a: Excadrill\n|-immune|p1a: Excadrill\n|\n|upkeep\n|turn|22\n|inactive|Time left: 300 sec this turn | 300 sec total\n|\n|t:|1783402777\n|switch|p2a: Slither Wing|Slither Wing, L81|100/100\n|move|p1a: Excadrill|Rapid Spin|p2a: Slither Wing\n|-damage|p2a: Slither Wing|84/100\n|-boost|p1a: Excadrill|spe|1\n|-sideend|p1: p0x017b8c1|Sticky Web|[from] move: Rapid Spin|[of] p1a: Excadrill\n|\n|upkeep\n|turn|23\n|inactive|Time left: 300 sec this turn | 300 sec total\n|\n|t:|1783402777\n|move|p1a: Excadrill|Iron Head|p2a: Slither Wing\n|-damage|p2a: Slither Wing|40/100\n|cant|p2a: Slither Wing|flinch\n|\n|upkeep\n|turn|24\n|inactive|Time left: 300 sec this turn | 300 sec total\n|\n|t:|1783402777\n|-end|p2a: Slither Wing|Protosynthesis|[silent]\n|switch|p2a: Vikavolt|Vikavolt, L83, F|78/100\n|move|p1a: Excadrill|Iron Head|p2a: Vikavolt\n|-resisted|p2a: Vikavolt\n|-damage|p2a: Vikavolt|58/100\n|\n|upkeep\n|turn|25\n|inactive|Time left: 300 sec this turn | 300 sec total\n|\n|t:|1783402777\n|move|p1a: Excadrill|Swords Dance|p1a: Excadrill\n|-boost|p1a: Excadrill|atk|2\n|move|p2a: Vikavolt|Sticky Web|p1a: Excadrill\n|-sidestart|p1: p0x017b8c1|move: Sticky Web\n|\n|upkeep\n|turn|26\n|inactive|Time left: 300 sec this turn | 300 sec total\n|\n|t:|1783402778\n|-terastallize|p1a: Excadrill|Water\n|move|p1a: Excadrill|Earthquake|p2a: Vikavolt\n|-damage|p2a: Vikavolt|0 fnt\n|faint|p2a: Vikavolt\n|\n|upkeep\n|\n|t:|1783402778\n|switch|p2a: Slither Wing|Slither Wing, L81|40/100\n|turn|27\n|inactive|Time left: 300 sec this turn | 300 sec total\n|\n|t:|1783402778\n|move|p1a: Excadrill|Earthquake|p2a: Slither Wing\n|-resisted|p2a: Slither Wing\n|-damage|p2a: Slither Wing|0 fnt\n|faint|p2a: Slither Wing\n|-end|p2a: Slither Wing|Protosynthesis|[silent]\n|\n|win|p0x017b8, ", "uploadtime": 1783402778, "views": 0, "rating": 0, "private": 0, "password": null, "_winner": "p0x017b8c1", "_our_name": "p0x017b8c1"}