{"id": "battle-gen9randombattle-100", "formatid": "gen9randombattle", "format": "[Gen 9] Random Battle", "players": ["p0x100f615", "p0y100b2bb"], "log": "|init|battle\n|title|p0x100f615 vs. p0y100b2bb\n|j|\u2606p0x100f615\n|j|\u2606p0y100b2bb\n|t:|1783401256\n|gametype|singles\n|player|p1|p0x100f615|169|\n|player|p2|p0y100b2bb|265|\n|gen|9\n|tier|[Gen 9] Random Battle\n|rule|Species Clause: Limit one of each Pok\u00e9mon\n|rule|HP Percentage Mod: HP is shown in percentages\n|rule|Sleep Clause Mod: Limit one foe put to sleep\n|rule|Illusion Level Mod: Illusion disguises the Pok\u00e9mon's true level\n|\n|t:|1783401256\n|teamsize|p1|6\n|teamsize|p2|6\n|start\n|switch|p1a: Lunala|Lunala, L70|100/100\n|switch|p2a: Mismagius|Mismagius, L86, M|243/243\n|turn|1\n|inactive|Battle timer is ON: inactive players will automatically lose when time's up. (requested by p0x100f615)\n|inactive|Time left: 300 sec this turn | 300 sec total | 60 sec grace\n|inactive|p0y100b2bb also wants the timer to be on.\n|\n|t:|1783401256\n|move|p2a: Mismagius|Shadow Ball|p1a: Lunala\n|-supereffective|p1a: Lunala\n|-damage|p1a: Lunala|4/100\n|move|p1a: Lunala|Moongeist Beam|p2a: Mismagius\n|-supereffective|p2a: Mismagius\n|-damage|p2a: Mismagius|63/243\n|\n|-heal|p1a: Lunala|11/100|[from] item: Leftovers\n|upkeep\n|turn|2\n|inactive|Time left: 300 sec this turn | 300 sec total\n|\n|t:|1783401257\n|switch|p1a: Alcremie|Alcremie-Lemon-Cream, L90, F|100/100\n|move|p2a: Mismagius|Shadow Ball|p1a: Alcremie\n|-damage|p1a: Alcremie|59/100\n|\n|-heal|p1a: Alcremie|66/100|[from] item: Leftovers\n|upkeep\n|turn|3\n|inactive|Time left: 300 sec this turn | 300 sec total\n|\n|t:|1783401257\n|move|p2a: Mismagius|Shadow Ball|p1a: Alcremie\n|-damage|p1a: Alcremie|25/100\n|move|p1a: Alcremie|Recover|p1a: Alcremie\n|-heal|p1a: Alcremie|75/100\n|\n|-heal|p1a: Alcremie|81/100|[from] item: Leftovers\n|upkeep\n|turn|4\n|inactive|Time left: 300 sec this turn | 300 sec total\n|\n|t:|1783401257\n|move|p2a: Mismagius|Shadow Ball|p1a: Alcremie\n|-damage|p1a: Alcremie|46/100\n|-unboost|p1a: Alcremie|spd|1\n|move|p1a: Alcremie|Alluring Voice|p2a: Mismagius\n|-damage|p2a: Mismagius|0 fnt\n|faint|p2a: Mismagius\n|\n|-heal|p1a: Alcremie|52/100|[from] item: Leftovers\n|upkeep\n|inactive|Time left: 300 sec this turn | 300 sec total | 5 sec grace\n|\n|t:|1783401258\n|switch|p2a: Beartic|Beartic, L91, F|321/321\n|turn|5\n|inactive|Time left: 300 sec this turn | 300 sec total\n|\n|t:|1783401258\n|move|p1a: Alcremie|Recover|p1a: Alcremie\n|-heal|p1a: Alcremie|100/100\n|move|p2a: Beartic|Icicle Crash|p1a: Alcremie\n|-damage|p1a: Alcremie|25/100\n|\n|-heal|p1a: Alcremie|31/100|[from] item: Leftovers\n|upkeep\n|turn|6\n|inactive|Time left: 300 sec this turn | 300 sec total\n|\n|t:|1783401258\n|move|p1a: Alcremie|Recover|p1a: Alcremie\n|-heal|p1a: Alcremie|81/100\n|move|p2a: Beartic|Icicle Crash|p1a: Alcremie\n|-damage|p1a: Alcremie|0 fnt\n|faint|p1a: Alcremie\n|\n|upkeep\n|\n|t:|1783401258\n|switch|p1a: Poliwrath|Poliwrath, L88, F|100/100\n|turn|7\n|inactive|Time left: 300 sec this turn | 300 sec total\n|\n|t:|1783401259\n|switch|p2a: Jumpluff|Jumpluff, L87, F|271/271\n|move|p1a: Poliwrath|Knock Off|p2a: Jumpluff\n|-damage|p2a: Jumpluff|209/271\n|\n|upkeep\n|turn|8\n|inactive|Time left: 300 sec this turn | 300 sec total\n|\n|t:|1783401259\n|move|p2a: Jumpluff|Leech Seed|p1a: Poliwrath\n|-start|p1a: Poliwrath|move: Leech Seed\n|move|p1a: Poliwrath|Circle Throw|p2a: Jumpluff\n|-resisted|p2a: Jumpluff\n|-damage|p2a: Jumpluff|167/271\n|drag|p2a: Greedent|Greedent, L86, M|347/347\n|\n|-damage|p1a: Poliwrath|88/100|[from] Leech Seed|[of] p2a: Greedent\n|upkeep\n|turn|9\n|inactive|Time left: 300 sec this turn | 300 sec total\n|\n|t:|1783401259\n|move|p2a: Greedent|Swords Dance|p2a: Greedent\n|-boost|p2a: Greedent|atk|2\n|move|p1a: Poliwrath|Circle Throw|p2a: Greedent\n|-supereffective|p2a: Greedent\n|-damage|p2a: Greedent|225/347\n|drag|p2a: Jumpluff|Jumpluff, L87, F|167/271\n|\n|-damage|p1a: Poliwrath|76/100|[from] Leech Seed|[of] p2a: Jumpluff\n|-heal|p2a: Jumpluff|204/271|[silent]\n|upkeep\n|turn|10\n|inactive|Time left: 300 sec this turn | 300 sec total\n|\n|t:|1783401259\n|switch|p1a: Terrakion|Terrakion, L79|100/100\n|move|p2a: Jumpluff|Acrobatics|p1a: Terrakion\n|-damage|p1a: Terrakion|72/100\n|\n|upkeep\n|turn|11\n|inactive|Time left: 300 sec this turn | 300 sec total\n|\n|t:|1783401260\n|move|p2a: Jumpluff|Substitute|p2a: Jumpluff\n|-start|p2a: Jumpluff|Substitute\n|-damage|p2a: Jumpluff|137/271\n|move|p1a: Terrakion|Stone Edge|p2a: Jumpluff\n|-supereffective|p2a: Jumpluff\n|-end|p2a: Jumpluff|Substitute\n|\n|upkeep\n|turn|12\n|inactive|Time left: 300 sec this turn | 300 sec total\n|\n|t:|1783401260\n|-terastallize|p2a: Jumpluff|Steel\n|move|p2a: Jumpluff|Strength Sap|p1a: Terrakion\n|-unboost|p1a: Terrakion|atk|1\n|-heal|p2a: Jumpluff|271/271\n|move|p1a: Terrakion|Stone Edge|p2a: Jumpluff\n|-resisted|p2a: Jumpluff\n|-damage|p2a: Jumpluff|207/271\n|\n|upkeep\n|turn|13\n|inactive|Time left: 300 sec this turn | 300 sec total\n|\n|t:|1783401260\n|move|p2a: Jumpluff|Acrobatics|p1a: Terrakion\n|-damage|p1a: Terrakion|39/100\n|move|p1a: Terrakion|Stone Edge|p2a: Jumpluff|[miss]\n|-miss|p1a: Terrakion|p2a: Jumpluff\n|\n|upkeep\n|turn|14\n|inactive|Time left: 300 sec this turn | 300 sec total\n|\n|t:|1783401260\n|move|p2a: Jumpluff|Acrobatics|p1a: Terrakion\n|-damage|p1a: Terrakion|9/100\n|move|p1a: Terrakion|Stone Edge|p2a: Jumpluff\n|-resisted|p2a: Jumpluff\n|-damage|p2a: Jumpluff|136/271\n|\n|upkeep\n|turn|15\n|inactive|Time left: 300 sec this turn | 300 sec total\n|\n|t:|1783401260\n|switch|p1a: Duraludon|Duraludon, L82, F|100/100\n|move|p2a: Jumpluff|Strength Sap|p1a: Duraludon\n|-unboost|p1a: Duraludon|atk|1\n|-heal|p2a: Jumpluff|271/271\n|\n|upkeep\n|turn|16\n|inactive|Time left: 300 sec this turn | 300 sec total\n|\n|t:|1783401261\n|move|p2a: Jumpluff|Leech Seed|p1a: Duraludon\n|-start|p1a: Duraludon|move: Leech Seed\n|move|p1a: Duraludon|Body Press|p2a: Jumpluff\n|-supereffective|p2a: Jumpluff\n|-damage|p2a: Jumpluff|137/271\n|\n|-damage|p1a: Duraludon|88/100|[from] Leech Seed|[of] p2a: Jumpluff\n|-heal|p2a: Jumpluff|168/271|[silent]\n|upkeep\n|turn|17\n|inactive|Time left: 300 sec this turn | 300 sec total\n|\n|t:|1783401261\n|switch|p1a: Lunala|Lunala, L70|11/100\n|move|p2a: Jumpluff|Strength Sap|p1a: Lunala\n|-unboost|p1a: Lunala|atk|1\n|-heal|p2a: Jumpluff|271/271\n|\n|-heal|p1a: Lunala|17/100|[from] item: Leftovers\n|upkeep\n|turn|18\n|inactive|Time left: 300 sec this turn | 300 sec total\n|\n|t:|1783401261\n|switch|p1a: Duraludon|Duraludon, L82, F|88/100\n|move|p2a: Jumpluff|Acrobatics|p1a: Duraludon\n|-resisted|p1a: Duraludon\n|-damage|p1a: Duraludon|78/100\n|\n|upkeep\n|turn|19\n|inactive|Time left: 300 sec this turn | 300 sec total\n|\n|t:|1783401261\n|move|p2a: Jumpluff|Leech Seed|p1a: Duraludon|[miss]\n|-miss|p2a: Jumpluff|p1a: Duraludon\n|move|p1a: Duraludon|Body Press|p2a: Jumpluff\n|-supereffective|p2a: Jumpluff\n|-damage|p2a: Jumpluff|125/271\n|\n|upkeep\n|turn|20\n|inactive|Time left: 300 sec this turn | 300 sec total\n|\n|t:|1783401262\n|move|p2a: Jumpluff|Strength Sap|p1a: Duraludon\n|-unboost|p1a: Duraludon|atk|1\n|-heal|p2a: Jumpluff|271/271\n|move|p1a: Duraludon|Body Press|p2a: Jumpluff\n|-supereffective|p2a: Jumpluff\n|-damage|p2a: Jumpluff|131/271\n|\n|upkeep\n|turn|21\n|inactive|Time left: 300 sec this turn | 300 sec total\n|\n|t:|1783401262\n|move|p2a: Jumpluff|Strength Sap|p1a: Duraludon\n|-unboost|p1a: Duraludon|atk|1\n|-heal|p2a: Jumpluff|237/271\n|move|p1a: Duraludon|Body Press|p2a: Jumpluff\n|-supereffective|p2a: Jumpluff\n|-damage|p2a: Jumpluff|93/271\n|\n|upkeep\n|turn|22\n|inactive|Time left: 300 sec this turn | 300 sec total\n|\n|t:|1783401262\n|move|p2a: Jumpluff|Strength Sap|p1a: Duraludon\n|-unboost|p1a: Duraludon|atk|1\n|-heal|p2a: Jumpluff|173/271\n|move|p1a: Duraludon|Body Press|p2a: Jumpluff\n|-supereffective|p2a: Jumpluff\n|-damage|p2a: Jumpluff|45/271\n|\n|upkeep\n|turn|23\n|inactive|Time left: 300 sec this turn | 300 sec total\n|\n|t:|1783401262\n|move|p2a: Jumpluff|Strength Sap|p1a: Duraludon\n|-unboost|p1a: Duraludon|atk|1\n|-heal|p2a: Jumpluff|109/271\n|move|p1a: Duraludon|Body Press|p2a: Jumpluff\n|-supereffective|p2a: Jumpluff\n|-damage|p2a: Jumpluff|0 fnt\n|faint|p2a: Jumpluff\n|\n|upkeep\n|inactive|Time left: 300 sec this turn | 300 sec total | 5 sec grace\n|\n|t:|1783401263\n|switch|p2a: Sinistcha|Sinistcha-Masterpiece, L83|254/254\n|turn|24\n|inactive|Time left: 300 sec this turn | 300 sec total\n|\n|t:|1783401263\n|move|p1a: Duraludon|Thunder Wave|p2a: Sinistcha\n|-status|p2a: Sinistcha|par\n|cant|p2a: Sinistcha|par\n|\n|upkeep\n|turn|25\n|inactive|Time left: 300 sec this turn | 300 sec total\n|\n|t:|1783401263\n|switch|p1a: Poliwrath|Poliwrath, L88, F|76/100\n|move|p2a: Sinistcha|Matcha Gotcha|p1a: Poliwrath\n|-supereffective|p1a: Poliwrath\n|-damage|p1a: Poliwrath|32/100\n|-status|p1a: Poliwrath|brn\n|\n|-damage|p1a: Poliwrath|26/100 brn|[from] brn\n|upkeep\n|turn|26\n|inactive|Time left: 300 sec this turn | 300 sec total\n|\n|t:|1783401263\n|move|p1a: Poliwrath|Knock Off|p2a: Sinistcha\n|-supereffective|p2a: Sinistcha\n|-damage|p2a: Sinistcha|193/254 par\n|-enditem|p2a: Sinistcha|Leftovers|[from] move: Knock Off|[of] p1a: Poliwrath\n|move|p2a: Sinistcha|Calm Mind|p2a: Sinistcha\n|-boost|p2a: Sinistcha|spa|1\n|-boost|p2a: Sinistcha|spd|1\n|\n|-damage|p1a: Poliwrath|20/100 brn|[from] brn\n|upkeep\n|turn|27\n|inactive|Time left: 300 sec this turn | 300 sec total\n|\n|t:|1783401264\n|move|p1a: Poliwrath|Knock Off|p2a: Sinistcha\n|-supereffective|p2a: Sinistcha\n|-damage|p2a: Sinistcha|146/254 par\n|move|p2a: Sinistcha|Matcha Gotcha|p1a: Poliwrath\n|-supereffective|p1a: Poliwrath\n|-damage|p1a: Poliwrath|0 fnt\n|-heal|p2a: Sinistcha|175/254 par|[from] drain|[of] p1a: Poliwrath\n|faint|p1a: Poliwrath\n|\n|upkeep\n|\n|t:|1783401264\n|switch|p1a: Lunala|Lunala, L70|17/100\n|turn|28\n|inactive|Time left: 300 sec this turn | 300 sec total\n|\n|t:|1783401264\n|move|p1a: Lunala|Moongeist Beam|p2a: Sinistcha\n|-supereffective|p2a: Sinistcha\n|-damage|p2a: Sinistcha|41/254 par\n|move|p2a: Sinistcha|Strength Sap|p1a: Lunala\n|-unboost|p1a: Lunala|atk|1\n|-heal|p2a: Sinistcha|204/254 par\n|\n|-heal|p1a: Lunala|23/100|[from] item: Leftovers\n|upkeep\n|turn|29\n|inactive|Time left: 300 sec this turn | 300 sec total\n|\n|t:|1783401264\n|move|p1a: Lunala|Moongeist Beam|p2a: Sinistcha\n|-supereffective|p2a: Sinistcha\n|-damage|p2a: Sinistcha|58/254 par\n|move|p2a: Sinistcha|Shadow Ball|p1a: Lunala\n|-supereffective|p1a: Lunala\n|-damage|p1a: Lunala|0 fnt\n|faint|p1a: Lunala\n|\n|upkeep\n|\n|t:|1783401265\n|switch|p1a: Duraludon|Duraludon, L82, F|78/100\n|turn|30\n|inactive|Time left: 300 sec this turn | 300 sec total\n|\n|t:|1783401265\n|move|p1a: Duraludon|Flash Cannon|p2a: Sinistcha\n|-damage|p2a: Sinistcha|0 fnt\n|faint|p2a: Sinistcha\n|\n|upkeep\n|inactive|Time left: 300 sec this turn | 300 sec total | 5 sec grace\n|\n|t:|1783401265\n|switch|p2a: Torkoal|Torkoal, L88, F|266/266\n|-weather|SunnyDay|[from] ability: Drought|[of] p2a: Torkoal\n|turn|31\n|inactive|Time left: 300 sec this turn | 300 sec total\n|\n|t:|1783401265\n|move|p1a: Duraludon|Draco Meteor|p2a: Torkoal\n|-damage|p2a: Torkoal|82/266\n|-unboost|p1a: Duraludon|spa|2\n|move|p2a: Torkoal|Lava Plume|p1a: Duraludon\n|-damage|p1a: Duraludon|29/100\n|\n|-weather|SunnyDay|[upkeep]\n|upkeep\n|turn|32\n|inactive|Time left: 300 sec this turn | 300 sec total\n|\n|t:|1783401266\n|move|p1a: Duraludon|Draco Meteor|p2a: Torkoal\n|-damage|p2a: Torkoal|0 fnt\n|-unboost|p1a: Duraludon|spa|2\n|faint|p2a: Torkoal\n|\n|-weather|SunnyDay|[upkeep]\n|upkeep\n|inactive|Time left: 300 sec this turn | 300 sec total | 5 sec grace\n|\n|t:|1783401266\n|switch|p2a: Greedent|Greedent, L86, M|225/347\n|turn|33\n|inactive|Time left: 300 sec this turn | 300 sec total\n|\n|t:|1783401266\n|-terastallize|p1a: Duraludon|Fighting\n|move|p1a: Duraludon|Body Press|p2a: Greedent\n|-supereffective|p2a: Greedent\n|-damage|p2a: Greedent|51/347\n|-enditem|p2a: Greedent|Sitrus Berry|[eat]\n|-heal|p2a: Greedent|137/347|[from] item: Sitrus Berry\n|-heal|p2a: Greedent|252/347|[from] ability: Cheek Pouch\n|move|p2a: Greedent|Body Slam|p1a: Duraludon\n|-damage|p1a: Duraludon|9/100\n|\n|-weather|SunnyDay|[upkeep]\n|upkeep\n|turn|34\n|inactive|Time left: 300 sec this turn | 300 sec total\n|\n|t:|1783401266\n|move|p1a: Duraludon|Body Press|p2a: Greedent\n|-supereffective|p2a: Greedent\n|-damage|p2a: Greedent|72/347\n|move|p2a: Greedent|Earthquake|p1a: Duraludon\n|-damage|p1a: Duraludon|0 fnt\n|faint|p1a: Duraludon\n|\n|-weather|SunnyDay|[upkeep]\n|upkeep\n|\n|t:|1783401267\n|switch|p1a: Terrakion|Terrakion, L79|9/100\n|turn|35\n|inactive|Time left: 300 sec this turn | 300 sec total\n|\n|t:|1783401267\n|move|p1a: Terrakion|Close Combat|p2a: Greedent\n|-supereffective|p2a: Greedent\n|-damage|p2a: Greedent|0 fnt\n|-unboost|p1a: Terrakion|def|1\n|-unboost|p1a: Terrakion|spd|1\n|faint|p2a: Greedent\n|\n|-weather|none\n|upkeep\n|inactive|Time left: 300 sec this turn | 300 sec total | 5 sec grace\n|\n|t:|1783401267\n|switch|p2a: Beartic|Beartic, L91, F|321/321\n|turn|36\n|inactive|Time left: 300 sec this turn | 300 sec total\n|\n|t:|1783401267\n|move|p2a: Beartic|Aqua Jet|p1a: Terrakion\n|-supereffective|p1a: Terrakion\n|-damage|p1a: Terrakion|0 fnt\n|faint|p1a: Terrakion\n|\n|upkeep\n|\n|t:|1783401267\n|switch|p1a: Kingdra|Kingdra, L84, F|100/100\n|turn|37\n|inactive|Time left: 300 sec this turn | 300 sec total\n|\n|t:|1783401268\n|move|p2a: Beartic|Aqua Jet|p1a: Kingdra\n|-resisted|p1a: Kingdra\n|-damage|p1a: Kingdra|96/100\n|move|p1a: Kingdra|Wave Crash|p2a: Beartic\n|-damage|p2a: Beartic|161/321\n|-damage|p1a: Kingdra|75/100|[from] Recoil\n|-damage|p1a: Kingdra|66/100|[from] item: Life Orb\n|\n|upkeep\n|turn|38\n|inactive|Time left: 300 sec this turn | 300 sec total\n|\n|t:|1783401268\n|move|p2a: Beartic|Aqua Jet|p1a: Kingdra\n|-resisted|p1a: Kingdra\n|-damage|p1a: Kingdra|60/100\n|move|p1a: Kingdra|Draco Meteor|p2a: Beartic\n|-damage|p2a: Beartic|0 fnt\n|-unboost|p1a: Kingdra|spa|2\n|faint|p2a: Beartic\n|-damage|p1a: Kingdra|50/100|[from] item: Life Orb\n|\n|win|p0x100f615", "uploadtime": 1783401268, "views": 0, "rating": 0, "private": 0, "password": null, "_winner": "p0x100f615", "_our_name": "p0y100b2bb"}