{"id": "battle-gen9randombattle-24", "formatid": "gen9randombattle", "format": "[Gen 9] Random Battle", "players": ["p0x024df38", "p0y024957f"], "log": "|init|battle\n|title|p0x024df38 vs. p0y024957f\n|j|\u2606p0x024df38\n|j|\u2606p0y024957f\n|t:|1783400014\n|gametype|singles\n|player|p1|p0x024df38|2|\n|player|p2|p0y024957f|101|\n|gen|9\n|tier|[Gen 9] Random Battle\n|rule|Species Clause: Limit one of each Pok\u00e9mon\n|rule|HP Percentage Mod: HP is shown in percentages\n|rule|Sleep Clause Mod: Limit one foe put to sleep\n|rule|Illusion Level Mod: Illusion disguises the Pok\u00e9mon's true level\n|\n|t:|1783400014\n|teamsize|p1|6\n|teamsize|p2|6\n|start\n|switch|p1a: Zangoose|Zangoose, L85, F|263/263\n|switch|p2a: Toxtricity|Toxtricity, L82, F|100/100\n|turn|1\n|inactive|Battle timer is ON: inactive players will automatically lose when time's up. (requested by p0x024df38)\n|inactive|p0y024957f also wants the timer to be on.\n|\n|t:|1783400014\n|-terastallize|p2a: Toxtricity|Normal\n|move|p1a: Zangoose|Knock Off|p2a: Toxtricity\n|-damage|p2a: Toxtricity|64/100\n|-enditem|p2a: Toxtricity|Throat Spray|[from] move: Knock Off|[of] p1a: Zangoose\n|move|p2a: Toxtricity|Boomburst|p1a: Zangoose\n|-damage|p1a: Zangoose|0 fnt\n|faint|p1a: Zangoose\n|\n|upkeep\n|inactive|Time left: 300 sec this turn | 300 sec total | 65 sec grace\n|\n|t:|1783400014\n|switch|p1a: Roaring Moon|Roaring Moon, L72|270/270\n|-enditem|p1a: Roaring Moon|Booster Energy\n|-activate|p1a: Roaring Moon|ability: Protosynthesis|[fromitem]\n|-start|p1a: Roaring Moon|protosynthesisatk\n|turn|2\n|inactive|Time left: 300 sec this turn | 300 sec total\n|\n|t:|1783400015\n|switch|p2a: Slowbro|Slowbro, L85, F|100/100\n|move|p1a: Roaring Moon|Dragon Dance|p1a: Roaring Moon\n|-boost|p1a: Roaring Moon|atk|1\n|-boost|p1a: Roaring Moon|spe|1\n|\n|upkeep\n|turn|3\n|inactive|Time left: 300 sec this turn | 300 sec total\n|\n|t:|1783400015\n|move|p1a: Roaring Moon|Knock Off|p2a: Slowbro\n|-supereffective|p2a: Slowbro\n|-damage|p2a: Slowbro|0 fnt\n|-enditem|p2a: Slowbro|Leftovers|[from] move: Knock Off|[of] p1a: Roaring Moon\n|faint|p2a: Slowbro\n|\n|upkeep\n|\n|t:|1783400015\n|switch|p2a: Hariyama|Hariyama, L87, M|100/100\n|turn|4\n|inactive|Time left: 300 sec this turn | 300 sec total\n|\n|t:|1783400015\n|-terastallize|p1a: Roaring Moon|Flying\n|move|p1a: Roaring Moon|Acrobatics|p2a: Hariyama\n|-supereffective|p2a: Hariyama\n|-damage|p2a: Hariyama|0 fnt\n|faint|p2a: Hariyama\n|\n|upkeep\n|\n|t:|1783400016\n|switch|p2a: Torkoal|Torkoal, L88, F|100/100\n|-weather|SunnyDay|[from] ability: Drought|[of] p2a: Torkoal\n|turn|5\n|inactive|Time left: 300 sec this turn | 300 sec total\n|\n|t:|1783400016\n|move|p1a: Roaring Moon|Knock Off|p2a: Torkoal\n|-damage|p2a: Torkoal|53/100\n|-enditem|p2a: Torkoal|Heavy-Duty Boots|[from] move: Knock Off|[of] p1a: Roaring Moon\n|move|p2a: Torkoal|Yawn|p1a: Roaring Moon\n|-start|p1a: Roaring Moon|move: Yawn|[of] p2a: Torkoal\n|\n|-weather|SunnyDay|[upkeep]\n|upkeep\n|turn|6\n|inactive|Time left: 300 sec this turn | 300 sec total\n|\n|t:|1783400016\n|move|p1a: Roaring Moon|Outrage|p2a: Torkoal\n|-damage|p2a: Torkoal|0 fnt\n|faint|p2a: Torkoal\n|\n|-weather|SunnyDay|[upkeep]\n|-end|p1a: Roaring Moon|move: Yawn|[silent]\n|-status|p1a: Roaring Moon|slp\n|upkeep\n|\n|t:|1783400016\n|switch|p2a: Toxtricity|Toxtricity, L82, F, tera:Normal|64/100\n|turn|7\n|inactive|Time left: 300 sec this turn | 300 sec total\n|\n|t:|1783400017\n|cant|p1a: Roaring Moon|slp\n|move|p2a: Toxtricity|Shift Gear|p2a: Toxtricity\n|-boost|p2a: Toxtricity|spe|2\n|-boost|p2a: Toxtricity|atk|1\n|\n|-weather|SunnyDay|[upkeep]\n|upkeep\n|turn|8\n|inactive|Time left: 300 sec this turn | 300 sec total\n|\n|t:|1783400017\n|move|p2a: Toxtricity|Overdrive|p1a: Roaring Moon\n|-supereffective|p1a: Roaring Moon\n|-damage|p1a: Roaring Moon|10/270 slp\n|cant|p1a: Roaring Moon|slp\n|\n|-weather|SunnyDay|[upkeep]\n|upkeep\n|turn|9\n|inactive|Time left: 300 sec this turn | 300 sec total\n|\n|t:|1783400017\n|move|p2a: Toxtricity|Boomburst|p1a: Roaring Moon\n|-damage|p1a: Roaring Moon|0 fnt\n|faint|p1a: Roaring Moon\n|-end|p1a: Roaring Moon|Protosynthesis|[silent]\n|\n|-weather|none\n|upkeep\n|inactive|Time left: 300 sec this turn | 300 sec total | 5 sec grace\n|\n|t:|1783400017\n|switch|p1a: Metagross|Metagross, L79|256/256\n|turn|10\n|inactive|Time left: 300 sec this turn | 300 sec total\n|\n|t:|1783400017\n|move|p2a: Toxtricity|Overdrive|p1a: Metagross\n|-damage|p1a: Metagross|130/256\n|move|p1a: Metagross|Psychic Fangs|p2a: Toxtricity\n|-damage|p2a: Toxtricity|0 fnt\n|faint|p2a: Toxtricity\n|\n|upkeep\n|\n|t:|1783400018\n|switch|p2a: Crawdaunt|Crawdaunt, L84, M|100/100\n|turn|11\n|inactive|Time left: 300 sec this turn | 300 sec total\n|\n|t:|1783400018\n|switch|p1a: Articuno|Articuno, L86|295/295\n|-ability|p1a: Articuno|Pressure\n|move|p2a: Crawdaunt|Dragon Dance|p2a: Crawdaunt\n|-boost|p2a: Crawdaunt|atk|1\n|-boost|p2a: Crawdaunt|spe|1\n|\n|upkeep\n|turn|12\n|inactive|Time left: 300 sec this turn | 300 sec total\n|\n|t:|1783400018\n|move|p2a: Crawdaunt|Dragon Dance|p2a: Crawdaunt\n|-boost|p2a: Crawdaunt|atk|1\n|-boost|p2a: Crawdaunt|spe|1\n|move|p1a: Articuno|Freeze-Dry|p2a: Crawdaunt\n|-supereffective|p2a: Crawdaunt\n|-damage|p2a: Crawdaunt|17/100\n|\n|upkeep\n|turn|13\n|inactive|Time left: 300 sec this turn | 300 sec total\n|\n|t:|1783400018\n|switch|p1a: Clodsire|Clodsire, L81, M|343/343\n|move|p2a: Crawdaunt|Knock Off|p1a: Clodsire\n|-damage|p1a: Clodsire|80/343\n|-enditem|p1a: Clodsire|Leftovers|[from] move: Knock Off|[of] p2a: Crawdaunt\n|-damage|p2a: Crawdaunt|7/100|[from] item: Life Orb\n|\n|upkeep\n|turn|14\n|inactive|Time left: 300 sec this turn | 300 sec total\n|\n|t:|1783400019\n|move|p2a: Crawdaunt|Knock Off|p1a: Clodsire\n|-damage|p1a: Clodsire|0 fnt\n|faint|p1a: Clodsire\n|-damage|p2a: Crawdaunt|0 fnt|[from] item: Life Orb\n|faint|p2a: Crawdaunt\n|\n|upkeep\n|inactive|Time left: 300 sec this turn | 300 sec total | 5 sec grace\n|\n|t:|1783400019\n|switch|p2a: Dragalge|Dragalge, L88, M|100/100\n|switch|p1a: Articuno|Articuno, L86|295/295\n|-ability|p1a: Articuno|Pressure\n|turn|15\n|inactive|Time left: 300 sec this turn | 300 sec total\n|\n|t:|1783400019\n|switch|p1a: Metagross|Metagross, L79|130/256\n|move|p2a: Dragalge|Dragon Tail|p1a: Metagross\n|-resisted|p1a: Metagross\n|-damage|p1a: Metagross|102/256\n|drag|p1a: Venusaur|Venusaur, L84, M|272/272\n|\n|upkeep\n|turn|16\n|inactive|Time left: 300 sec this turn | 300 sec total\n|\n|t:|1783400019\n|move|p1a: Venusaur|Leech Seed|p2a: Dragalge\n|-start|p2a: Dragalge|move: Leech Seed\n|move|p2a: Dragalge|Focus Blast|p1a: Venusaur\n|-resisted|p1a: Venusaur\n|-damage|p1a: Venusaur|228/272\n|\n|-heal|p1a: Venusaur|245/272|[from] item: Leftovers\n|-damage|p2a: Dragalge|88/100|[from] Leech Seed|[of] p1a: Venusaur\n|-heal|p1a: Venusaur|272/272|[silent]\n|upkeep\n|turn|17\n|inactive|Time left: 300 sec this turn | 300 sec total\n|\n|t:|1783400020\n|switch|p1a: Metagross|Metagross, L79|102/256\n|move|p2a: Dragalge|Dragon Tail|p1a: Metagross\n|-resisted|p1a: Metagross\n|-damage|p1a: Metagross|71/256\n|drag|p1a: Venusaur|Venusaur, L84, M|272/272\n|\n|-damage|p2a: Dragalge|76/100|[from] Leech Seed|[of] p1a: Venusaur\n|upkeep\n|turn|18\n|inactive|Time left: 300 sec this turn | 300 sec total\n|\n|t:|1783400020\n|switch|p1a: Articuno|Articuno, L86|295/295\n|-ability|p1a: Articuno|Pressure\n|move|p2a: Dragalge|Dragon Tail|p1a: Articuno\n|-damage|p1a: Articuno|221/295\n|drag|p1a: Metagross|Metagross, L79|71/256\n|\n|-damage|p2a: Dragalge|63/100|[from] Leech Seed|[of] p1a: Metagross\n|-heal|p1a: Metagross|103/256|[silent]\n|upkeep\n|turn|19\n|inactive|Time left: 300 sec this turn | 300 sec total\n|\n|t:|1783400020\n|move|p1a: Metagross|Knock Off|p2a: Dragalge\n|-damage|p2a: Dragalge|20/100\n|-enditem|p2a: Dragalge|Assault Vest|[from] move: Knock Off|[of] p1a: Metagross\n|move|p2a: Dragalge|Dragon Tail|p1a: Metagross\n|-resisted|p1a: Metagross\n|-damage|p1a: Metagross|73/256\n|drag|p1a: Venusaur|Venusaur, L84, M|272/272\n|\n|-damage|p2a: Dragalge|8/100|[from] Leech Seed|[of] p1a: Venusaur\n|upkeep\n|turn|20\n|inactive|Time left: 300 sec this turn | 300 sec total\n|\n|t:|1783400020\n|move|p1a: Venusaur|Sludge Bomb|p2a: Dragalge\n|-resisted|p2a: Dragalge\n|-damage|p2a: Dragalge|0 fnt\n|faint|p2a: Dragalge\n|\n|win|p0x024df38", "uploadtime": 1783400020, "views": 0, "rating": 0, "private": 0, "password": null, "_winner": "p0x024df38", "_our_name": "p0x024df38"}\n|-damage|p2a: Dragalge|0 fnt\n|faint|p2a: Dragalge\n|\n|win|p0x024df38", "uploadtime": 1783400020, "views": 0, "rating": 0, "private": 0, "password": null, "_winner": "p0x024df38", "_our_name": "p0y024957f"}