{"id": "battle-gen9randombattle-10", "formatid": "gen9randombattle", "format": "[Gen 9] Random Battle", "players": ["p0x010ccd0", "p0y010a76b"], "log": "|init|battle\n|title|p0x010ccd0 vs. p0y010a76b\n|j|\u2606p0x010ccd0\n|j|\u2606p0y010a76b\n|t:|1783399765\n|gametype|singles\n|player|p1|p0x010ccd0|2|\n|player|p2|p0y010a76b|266|\n|gen|9\n|tier|[Gen 9] Random Battle\n|rule|Species Clause: Limit one of each Pok\u00e9mon\n|rule|HP Percentage Mod: HP is shown in percentages\n|rule|Sleep Clause Mod: Limit one foe put to sleep\n|rule|Illusion Level Mod: Illusion disguises the Pok\u00e9mon's true level\n|\n|t:|1783399765\n|teamsize|p1|6\n|teamsize|p2|6\n|start\n|switch|p1a: Archaludon|Archaludon, L78, F|100/100\n|switch|p2a: Wo-Chien|Wo-Chien, L83|277/277\n|-ability|p2a: Wo-Chien|Tablets of Ruin\n|turn|1\n|inactive|Battle timer is ON: inactive players will automatically lose when time's up. (requested by p0x010ccd0)\n|inactive|Time left: 300 sec this turn | 300 sec total | 60 sec grace\n|inactive|p0y010a76b also wants the timer to be on.\n|\n|t:|1783399765\n|switch|p1a: Galvantula|Galvantula, L82, M|100/100\n|move|p2a: Wo-Chien|Leech Seed|p1a: Galvantula\n|-start|p1a: Galvantula|move: Leech Seed\n|\n|-damage|p1a: Galvantula|88/100|[from] Leech Seed|[of] p2a: Wo-Chien\n|upkeep\n|turn|2\n|inactive|Time left: 300 sec this turn | 300 sec total\n|\n|t:|1783399765\n|move|p1a: Galvantula|Sticky Web|p2a: Wo-Chien\n|-sidestart|p2: p0y010a76b|move: Sticky Web\n|move|p2a: Wo-Chien|Knock Off|p1a: Galvantula\n|-damage|p1a: Galvantula|35/100\n|-enditem|p1a: Galvantula|Heavy-Duty Boots|[from] move: Knock Off|[of] p2a: Wo-Chien\n|\n|-damage|p1a: Galvantula|23/100|[from] Leech Seed|[of] p2a: Wo-Chien\n|upkeep\n|turn|3\n|inactive|Time left: 300 sec this turn | 300 sec total\n|\n|t:|1783399766\n|move|p1a: Galvantula|Bug Buzz|p2a: Wo-Chien\n|-supereffective|p2a: Wo-Chien\n|-damage|p2a: Wo-Chien|33/277\n|move|p2a: Wo-Chien|Knock Off|p1a: Galvantula\n|-damage|p1a: Galvantula|0 fnt\n|faint|p1a: Galvantula\n|\n|-heal|p2a: Wo-Chien|50/277|[from] item: Leftovers\n|upkeep\n|\n|t:|1783399766\n|switch|p1a: Ambipom|Ambipom, L84, M|100/100\n|turn|4\n|inactive|Time left: 300 sec this turn | 300 sec total\n|\n|t:|1783399766\n|move|p2a: Wo-Chien|Protect|p2a: Wo-Chien\n|-singleturn|p2a: Wo-Chien|Protect\n|move|p1a: Ambipom|Triple Axel|p2a: Wo-Chien\n|-activate|p2a: Wo-Chien|move: Protect\n|\n|-heal|p2a: Wo-Chien|67/277|[from] item: Leftovers\n|upkeep\n|turn|5\n|inactive|Time left: 300 sec this turn | 300 sec total\n|\n|t:|1783399766\n|switch|p2a: Glalie|Glalie, L96, F|309/309\n|move|p1a: Ambipom|Triple Axel|p2a: Glalie\n|-resisted|p2a: Glalie\n|-damage|p2a: Glalie|294/309\n|-resisted|p2a: Glalie\n|-damage|p2a: Glalie|264/309\n|-hitcount|p2a: Glalie|2\n|\n|upkeep\n|turn|6\n|inactive|Time left: 300 sec this turn | 300 sec total\n|\n|t:|1783399767\n|move|p1a: Ambipom|Triple Axel|p2a: Glalie\n|-resisted|p2a: Glalie\n|-damage|p2a: Glalie|250/309\n|-resisted|p2a: Glalie\n|-damage|p2a: Glalie|219/309\n|-resisted|p2a: Glalie\n|-damage|p2a: Glalie|174/309\n|-hitcount|p2a: Glalie|3\n|move|p2a: Glalie|Freeze-Dry|p1a: Ambipom\n|-damage|p1a: Ambipom|61/100\n|\n|upkeep\n|turn|7\n|inactive|Time left: 300 sec this turn | 300 sec total\n|\n|t:|1783399767\n|move|p1a: Ambipom|Triple Axel|p2a: Glalie\n|-resisted|p2a: Glalie\n|-damage|p2a: Glalie|160/309\n|-resisted|p2a: Glalie\n|-damage|p2a: Glalie|131/309\n|-resisted|p2a: Glalie\n|-damage|p2a: Glalie|83/309\n|-hitcount|p2a: Glalie|3\n|move|p2a: Glalie|Freeze-Dry|p1a: Ambipom\n|-damage|p1a: Ambipom|23/100\n|-status|p1a: Ambipom|frz\n|\n|upkeep\n|turn|8\n|inactive|Time left: 300 sec this turn | 300 sec total\n|\n|t:|1783399767\n|-curestatus|p1a: Ambipom|frz|[msg]\n|move|p1a: Ambipom|Triple Axel|p2a: Glalie\n|-resisted|p2a: Glalie\n|-damage|p2a: Glalie|69/309\n|-resisted|p2a: Glalie\n|-damage|p2a: Glalie|36/309\n|-resisted|p2a: Glalie\n|-damage|p2a: Glalie|0 fnt\n|faint|p2a: Glalie\n|-hitcount|p2: Glalie|3\n|\n|upkeep\n|inactive|Time left: 300 sec this turn | 300 sec total | 5 sec grace\n|\n|t:|1783399767\n|switch|p2a: Iron Moth|Iron Moth, L78|253/253\n|turn|9\n|inactive|Time left: 300 sec this turn | 300 sec total\n|\n|t:|1783399768\n|move|p1a: Ambipom|Triple Axel|p2a: Iron Moth\n|-resisted|p2a: Iron Moth\n|-damage|p2a: Iron Moth|231/253\n|-resisted|p2a: Iron Moth\n|-crit|p2a: Iron Moth\n|-damage|p2a: Iron Moth|158/253\n|-resisted|p2a: Iron Moth\n|-damage|p2a: Iron Moth|93/253\n|-hitcount|p2a: Iron Moth|3\n|move|p2a: Iron Moth|Fire Blast|p1a: Ambipom\n|-damage|p1a: Ambipom|0 fnt\n|faint|p1a: Ambipom\n|\n|upkeep\n|\n|t:|1783399768\n|switch|p1a: Iron Boulder|Iron Boulder, L77|100/100\n|-enditem|p1a: Iron Boulder|Booster Energy\n|-activate|p1a: Iron Boulder|ability: Quark Drive|[fromitem]\n|-start|p1a: Iron Boulder|quarkdrivespe\n|turn|10\n|inactive|Time left: 300 sec this turn | 300 sec total\n|\n|t:|1783399768\n|-end|p2a: Iron Moth|Quark Drive|[silent]\n|switch|p2a: Gastrodon|Gastrodon-East, L86, F|331/331\n|-activate|p2a: Gastrodon|move: Sticky Web\n|-unboost|p2a: Gastrodon|spe|1\n|move|p1a: Iron Boulder|Swords Dance|p1a: Iron Boulder\n|-boost|p1a: Iron Boulder|atk|2\n|\n|upkeep\n|turn|11\n|inactive|Time left: 300 sec this turn | 300 sec total\n|\n|t:|1783399768\n|move|p1a: Iron Boulder|Zen Headbutt|p2a: Gastrodon\n|-damage|p2a: Gastrodon|141/331\n|move|p2a: Gastrodon|Earthquake|p1a: Iron Boulder\n|-supereffective|p1a: Iron Boulder\n|-damage|p1a: Iron Boulder|18/100\n|\n|-heal|p2a: Gastrodon|161/331|[from] item: Leftovers\n|upkeep\n|turn|12\n|inactive|Time left: 300 sec this turn | 300 sec total\n|\n|t:|1783399769\n|switch|p2a: Wo-Chien|Wo-Chien, L83|67/277\n|-activate|p2a: Wo-Chien|move: Sticky Web\n|-unboost|p2a: Wo-Chien|spe|1\n|-ability|p2a: Wo-Chien|Tablets of Ruin\n|move|p1a: Iron Boulder|Zen Headbutt|p2a: Wo-Chien\n|-immune|p2a: Wo-Chien\n|\n|-heal|p2a: Wo-Chien|84/277|[from] item: Leftovers\n|upkeep\n|turn|13\n|inactive|Time left: 300 sec this turn | 300 sec total\n|\n|t:|1783399769\n|move|p1a: Iron Boulder|Mighty Cleave|p2a: Wo-Chien\n|-damage|p2a: Wo-Chien|0 fnt\n|faint|p2a: Wo-Chien\n|\n|upkeep\n|inactive|Time left: 300 sec this turn | 300 sec total | 5 sec grace\n|\n|t:|1783399769\n|switch|p2a: Latios|Latios, L78, M|253/253\n|turn|14\n|inactive|Time left: 300 sec this turn | 300 sec total\n|\n|t:|1783399769\n|move|p1a: Iron Boulder|Mighty Cleave|p2a: Latios\n|-damage|p2a: Latios|39/253\n|move|p2a: Latios|Luster Purge|p1a: Iron Boulder\n|-resisted|p1a: Iron Boulder\n|-damage|p1a: Iron Boulder|0 fnt\n|faint|p1a: Iron Boulder\n|-end|p1a: Iron Boulder|Quark Drive|[silent]\n|\n|upkeep\n|\n|t:|1783399770\n|switch|p1a: Archaludon|Archaludon, L78, F|100/100\n|turn|15\n|inactive|Time left: 300 sec this turn | 300 sec total\n|\n|t:|1783399770\n|move|p2a: Latios|Luster Purge|p1a: Archaludon\n|-resisted|p1a: Archaludon\n|-damage|p1a: Archaludon|74/100\n|-ability|p1a: Archaludon|Stamina|boost\n|-boost|p1a: Archaludon|def|1\n|move|p1a: Archaludon|Dragon Tail|p2a: Latios\n|-supereffective|p2a: Latios\n|-damage|p2a: Latios|0 fnt\n|faint|p2a: Latios\n|\n|upkeep\n|inactive|Time left: 300 sec this turn | 300 sec total | 5 sec grace\n|\n|t:|1783399770\n|switch|p2a: Gastrodon|Gastrodon-East, L86, F|161/331\n|-activate|p2a: Gastrodon|move: Sticky Web\n|-unboost|p2a: Gastrodon|spe|1\n|turn|16\n|inactive|Time left: 300 sec this turn | 300 sec total\n|\n|t:|1783399770\n|-terastallize|p1a: Archaludon|Fighting\n|move|p1a: Archaludon|Body Press|p2a: Gastrodon\n|-damage|p2a: Gastrodon|0 fnt\n|faint|p2a: Gastrodon\n|\n|upkeep\n|inactive|Time left: 300 sec this turn | 300 sec total | 5 sec grace\n|\n|t:|1783399771\n|switch|p2a: Volbeat|Volbeat, L90, M|263/263\n|turn|17\n|inactive|Time left: 300 sec this turn | 300 sec total\n|\n|t:|1783399771\n|move|p2a: Volbeat|Thunder Wave|p1a: Archaludon\n|-status|p1a: Archaludon|par\n|move|p1a: Archaludon|Body Press|p2a: Volbeat\n|-resisted|p2a: Volbeat\n|-damage|p2a: Volbeat|185/263\n|\n|upkeep\n|turn|18\n|inactive|Time left: 300 sec this turn | 300 sec total\n|\n|t:|1783399771\n|move|p2a: Volbeat|Roost|p2a: Volbeat\n|-heal|p2a: Volbeat|263/263\n|-singleturn|p2a: Volbeat|move: Roost\n|move|p1a: Archaludon|Body Press|p2a: Volbeat\n|-resisted|p2a: Volbeat\n|-damage|p2a: Volbeat|185/263\n|\n|upkeep\n|turn|19\n|inactive|Time left: 300 sec this turn | 300 sec total\n|\n|t:|1783399771\n|move|p2a: Volbeat|Roost|p2a: Volbeat\n|-heal|p2a: Volbeat|263/263\n|-singleturn|p2a: Volbeat|move: Roost\n|move|p1a: Archaludon|Body Press|p2a: Volbeat\n|-resisted|p2a: Volbeat\n|-damage|p2a: Volbeat|185/263\n|\n|upkeep\n|turn|20\n|inactive|Time left: 300 sec this turn | 300 sec total\n|\n|t:|1783399772\n|move|p2a: Volbeat|Lunge|p1a: Archaludon\n|-resisted|p1a: Archaludon\n|-damage|p1a: Archaludon|66/100 par\n|-unboost|p1a: Archaludon|atk|1\n|-ability|p1a: Archaludon|Stamina|boost\n|-boost|p1a: Archaludon|def|1\n|move|p1a: Archaludon|Body Press|p2a: Volbeat\n|-resisted|p2a: Volbeat\n|-damage|p2a: Volbeat|95/263\n|\n|upkeep\n|turn|21\n|inactive|Time left: 300 sec this turn | 300 sec total\n|\n|t:|1783399772\n|switch|p1a: Mandibuzz|Mandibuzz, L85, F|100/100\n|move|p2a: Volbeat|Roost|p2a: Volbeat\n|-heal|p2a: Volbeat|227/263\n|-singleturn|p2a: Volbeat|move: Roost\n|\n|upkeep\n|turn|22\n|inactive|Time left: 300 sec this turn | 300 sec total\n|\n|t:|1783399772\n|move|p2a: Volbeat|Lunge|p1a: Mandibuzz\n|-damage|p1a: Mandibuzz|78/100\n|-unboost|p1a: Mandibuzz|atk|1\n|move|p1a: Mandibuzz|Foul Play|p2a: Volbeat\n|-damage|p2a: Volbeat|134/263\n|\n|upkeep\n|turn|23\n|inactive|Time left: 300 sec this turn | 300 sec total\n|\n|t:|1783399772\n|move|p2a: Volbeat|Lunge|p1a: Mandibuzz\n|-damage|p1a: Mandibuzz|56/100\n|-unboost|p1a: Mandibuzz|atk|1\n|move|p1a: Mandibuzz|Foul Play|p2a: Volbeat\n|-damage|p2a: Volbeat|44/263\n|\n|upkeep\n|turn|24\n|inactive|Time left: 300 sec this turn | 300 sec total\n|\n|t:|1783399772\n|move|p2a: Volbeat|Lunge|p1a: Mandibuzz\n|-damage|p1a: Mandibuzz|35/100\n|-unboost|p1a: Mandibuzz|atk|1\n|move|p1a: Mandibuzz|Foul Play|p2a: Volbeat\n|-damage|p2a: Volbeat|0 fnt\n|faint|p2a: Volbeat\n|\n|upkeep\n|inactive|Time left: 300 sec this turn | 300 sec total | 5 sec grace\n|\n|t:|1783399773\n|switch|p2a: Iron Moth|Iron Moth, L78|93/253\n|turn|25\n|inactive|Time left: 300 sec this turn | 300 sec total\n|\n|t:|1783399773\n|switch|p1a: Dunsparce|Dunsparce, L86, M|100/100\n|-terastallize|p2a: Iron Moth|Grass\n|move|p2a: Iron Moth|Fire Blast|p1a: Dunsparce\n|-damage|p1a: Dunsparce|62/100\n|\n|upkeep\n|turn|26\n|inactive|Time left: 300 sec this turn | 300 sec total\n|\n|t:|1783399773\n|move|p2a: Iron Moth|Fire Blast|p1a: Dunsparce\n|-damage|p1a: Dunsparce|29/100\n|move|p1a: Dunsparce|Body Slam|p2a: Iron Moth\n|-damage|p2a: Iron Moth|0 fnt\n|faint|p2a: Iron Moth\n|-end|p2a: Iron Moth|Quark Drive|[silent]\n|\n|win|p0x010ccd0", "uploadtime": 1783399773, "views": 0, "rating": 0, "private": 0, "password": null, "_winner": "p0x010ccd0", "_our_name": "p0y010a76b"}