{"id": "battle-gen9randombattle-17", "formatid": "gen9randombattle", "format": "[Gen 9] Random Battle", "players": ["p0x017ba35", "p0y0171036"], "log": "|init|battle\n|title|p0x017ba35 vs. p0y0171036\n|j|\u2606p0x017ba35\n|j|\u2606p0y0171036\n|t:|1783399884\n|gametype|singles\n|player|p1|p0x017ba35|266|\n|player|p2|p0y0171036|1|\n|gen|9\n|tier|[Gen 9] Random Battle\n|rule|Species Clause: Limit one of each Pok\u00e9mon\n|rule|HP Percentage Mod: HP is shown in percentages\n|rule|Sleep Clause Mod: Limit one foe put to sleep\n|rule|Illusion Level Mod: Illusion disguises the Pok\u00e9mon's true level\n|\n|t:|1783399884\n|teamsize|p1|6\n|teamsize|p2|6\n|start\n|switch|p1a: Dialga|Dialga-Origin, L73|100/100\n|switch|p2a: Toxicroak|Toxicroak, L84, M|277/277\n|-ability|p1a: Dialga|Pressure\n|turn|1\n|inactive|Battle timer is ON: inactive players will automatically lose when time's up. (requested by p0y0171036)\n|inactive|p0x017ba35 also wants the timer to be on.\n|\n|t:|1783399884\n|switch|p1a: Moltres|Moltres, L81|100/100\n|move|p2a: Toxicroak|Close Combat|p1a: Moltres\n|-resisted|p1a: Moltres\n|-damage|p1a: Moltres|65/100\n|-unboost|p2a: Toxicroak|def|1\n|-unboost|p2a: Toxicroak|spd|1\n|-status|p2a: Toxicroak|brn|[from] ability: Flame Body|[of] p1a: Moltres\n|\n|-damage|p2a: Toxicroak|260/277 brn|[from] brn\n|upkeep\n|turn|2\n|inactive|Time left: 300 sec this turn | 300 sec total\n|\n|t:|1783399884\n|move|p1a: Moltres|Fire Blast|p2a: Toxicroak\n|-damage|p2a: Toxicroak|0 fnt\n|faint|p2a: Toxicroak\n|\n|upkeep\n|inactive|Time left: 300 sec this turn | 300 sec total | 5 sec grace\n|\n|t:|1783399884\n|switch|p2a: Gouging Fire|Gouging Fire, L74|277/277\n|turn|3\n|inactive|Time left: 300 sec this turn | 300 sec total\n|\n|t:|1783399885\n|move|p1a: Moltres|Scorching Sands|p2a: Gouging Fire\n|-supereffective|p2a: Gouging Fire\n|-damage|p2a: Gouging Fire|145/277\n|move|p2a: Gouging Fire|Dragon Dance|p2a: Gouging Fire\n|-boost|p2a: Gouging Fire|atk|1\n|-boost|p2a: Gouging Fire|spe|1\n|\n|upkeep\n|turn|4\n|inactive|Time left: 300 sec this turn | 300 sec total\n|\n|t:|1783399885\n|move|p2a: Gouging Fire|Outrage|p1a: Moltres\n|-damage|p1a: Moltres|5/100\n|move|p1a: Moltres|Scorching Sands|p2a: Gouging Fire\n|-supereffective|p2a: Gouging Fire\n|-damage|p2a: Gouging Fire|23/277\n|\n|upkeep\n|turn|5\n|inactive|Time left: 300 sec this turn | 300 sec total\n|\n|t:|1783399885\n|switch|p1a: Gardevoir|Gardevoir, L83, F|100/100\n|move|p2a: Gouging Fire|Outrage|p1a: Gardevoir|[from] lockedmove\n|-immune|p1a: Gardevoir\n|\n|upkeep\n|turn|6\n|inactive|Time left: 300 sec this turn | 300 sec total\n|\n|t:|1783399885\n|move|p2a: Gouging Fire|Heat Crash|p1a: Gardevoir\n|-damage|p1a: Gardevoir|11/100\n|move|p1a: Gardevoir|Calm Mind|p1a: Gardevoir\n|-boost|p1a: Gardevoir|spa|1\n|-boost|p1a: Gardevoir|spd|1\n|\n|upkeep\n|turn|7\n|inactive|Time left: 300 sec this turn | 300 sec total\n|\n|t:|1783399886\n|switch|p1a: Dialga|Dialga-Origin, L73|100/100\n|-ability|p1a: Dialga|Pressure\n|move|p2a: Gouging Fire|Heat Crash|p1a: Dialga\n|-damage|p1a: Dialga|80/100\n|\n|upkeep\n|turn|8\n|inactive|Time left: 300 sec this turn | 300 sec total\n|\n|t:|1783399886\n|move|p2a: Gouging Fire|Morning Sun|p2a: Gouging Fire\n|-heal|p2a: Gouging Fire|161/277\n|move|p1a: Dialga|Draco Meteor|p2a: Gouging Fire\n|-supereffective|p2a: Gouging Fire\n|-damage|p2a: Gouging Fire|0 fnt\n|-unboost|p1a: Dialga|spa|2\n|faint|p2a: Gouging Fire\n|-end|p2a: Gouging Fire|Protosynthesis|[silent]\n|\n|upkeep\n|inactive|Time left: 300 sec this turn | 300 sec total | 5 sec grace\n|\n|t:|1783399886\n|switch|p2a: Ogerpon|Ogerpon-Hearthflame, L74, F|239/239\n|-ability|p2a: Ogerpon|Mold Breaker\n|turn|9\n|inactive|Time left: 300 sec this turn | 300 sec total\n|\n|t:|1783399886\n|move|p2a: Ogerpon|Ivy Cudgel|p1a: Dialga|[anim] Ivy Cudgel Fire\n|-damage|p1a: Dialga|41/100\n|move|p1a: Dialga|Thunder Wave|p2a: Ogerpon\n|-status|p2a: Ogerpon|par\n|\n|upkeep\n|turn|10\n|inactive|Time left: 300 sec this turn | 300 sec total\n|\n|t:|1783399887\n|switch|p1a: Sunflora|Sunflora, F|100/100\n|move|p2a: Ogerpon|Ivy Cudgel|p1a: Sunflora|[anim] Ivy Cudgel Fire\n|-supereffective|p1a: Sunflora\n|-damage|p1a: Sunflora|14/100\n|\n|upkeep\n|turn|11\n|inactive|Time left: 300 sec this turn | 300 sec total\n|\n|t:|1783399887\n|switch|p2a: Articuno|Articuno-Galar, L84|288/288\n|move|p1a: Sunflora|Sludge Bomb|p2a: Articuno\n|-damage|p2a: Articuno|151/288\n|\n|upkeep\n|turn|12\n|inactive|Time left: 300 sec this turn | 300 sec total\n|\n|t:|1783399887\n|switch|p1a: Wigglytuff|Wigglytuff, L96, M|100/100\n|move|p2a: Articuno|Freezing Glare|p1a: Wigglytuff\n|-damage|p1a: Wigglytuff|64/100\n|-status|p1a: Wigglytuff|frz\n|\n|-heal|p1a: Wigglytuff|71/100 frz|[from] item: Leftovers\n|upkeep\n|turn|13\n|inactive|Time left: 300 sec this turn | 300 sec total\n|\n|t:|1783399887\n|move|p2a: Articuno|Calm Mind|p2a: Articuno\n|-boost|p2a: Articuno|spa|1\n|-boost|p2a: Articuno|spd|1\n|cant|p1a: Wigglytuff|frz\n|\n|-heal|p1a: Wigglytuff|77/100 frz|[from] item: Leftovers\n|upkeep\n|turn|14\n|inactive|Time left: 300 sec this turn | 300 sec total\n|\n|t:|1783399888\n|move|p2a: Articuno|Freezing Glare|p1a: Wigglytuff\n|-damage|p1a: Wigglytuff|21/100 frz\n|cant|p1a: Wigglytuff|frz\n|\n|-heal|p1a: Wigglytuff|27/100 frz|[from] item: Leftovers\n|upkeep\n|turn|15\n|inactive|Time left: 300 sec this turn | 300 sec total\n|\n|t:|1783399888\n|move|p2a: Articuno|Recover|p2a: Articuno\n|-heal|p2a: Articuno|288/288\n|cant|p1a: Wigglytuff|frz\n|\n|-heal|p1a: Wigglytuff|33/100 frz|[from] item: Leftovers\n|upkeep\n|turn|16\n|inactive|Time left: 300 sec this turn | 300 sec total\n|\n|t:|1783399888\n|move|p2a: Articuno|Freezing Glare|p1a: Wigglytuff\n|-damage|p1a: Wigglytuff|0 fnt\n|faint|p1a: Wigglytuff\n|\n|upkeep\n|\n|t:|1783399888\n|switch|p1a: Dialga|Dialga-Origin, L73|41/100\n|-ability|p1a: Dialga|Pressure\n|turn|17\n|inactive|Time left: 300 sec this turn | 300 sec total\n|\n|t:|1783399889\n|move|p2a: Articuno|Calm Mind|p2a: Articuno\n|-boost|p2a: Articuno|spa|1\n|-boost|p2a: Articuno|spd|1\n|move|p1a: Dialga|Thunder Wave|p2a: Articuno\n|-status|p2a: Articuno|par\n|\n|upkeep\n|turn|18\n|inactive|Time left: 300 sec this turn | 300 sec total\n|\n|t:|1783399889\n|move|p1a: Dialga|Heavy Slam|p2a: Articuno\n|-damage|p2a: Articuno|164/288 par\n|move|p2a: Articuno|Freezing Glare|p1a: Dialga\n|-resisted|p1a: Dialga\n|-damage|p1a: Dialga|2/100\n|\n|upkeep\n|turn|19\n|inactive|Time left: 300 sec this turn | 300 sec total\n|\n|t:|1783399889\n|move|p1a: Dialga|Heavy Slam|p2a: Articuno\n|-damage|p2a: Articuno|34/288 par\n|move|p2a: Articuno|Recover|p2a: Articuno\n|-heal|p2a: Articuno|178/288 par\n|\n|upkeep\n|turn|20\n|inactive|Time left: 300 sec this turn | 300 sec total\n|\n|t:|1783399889\n|move|p1a: Dialga|Heavy Slam|p2a: Articuno\n|-damage|p2a: Articuno|61/288 par\n|move|p2a: Articuno|Recover|p2a: Articuno\n|-heal|p2a: Articuno|205/288 par\n|\n|upkeep\n|turn|21\n|inactive|Time left: 300 sec this turn | 300 sec total\n|\n|t:|1783399890\n|move|p1a: Dialga|Heavy Slam|p2a: Articuno\n|-damage|p2a: Articuno|78/288 par\n|move|p2a: Articuno|Recover|p2a: Articuno\n|-heal|p2a: Articuno|222/288 par\n|\n|upkeep\n|turn|22\n|inactive|Time left: 300 sec this turn | 300 sec total\n|\n|t:|1783399890\n|move|p1a: Dialga|Heavy Slam|p2a: Articuno\n|-damage|p2a: Articuno|96/288 par\n|cant|p2a: Articuno|par\n|\n|upkeep\n|turn|23\n|inactive|Time left: 300 sec this turn | 300 sec total\n|\n|t:|1783399890\n|-terastallize|p2a: Articuno|Steel\n|move|p1a: Dialga|Heavy Slam|p2a: Articuno\n|-resisted|p2a: Articuno\n|-damage|p2a: Articuno|36/288 par\n|move|p2a: Articuno|Recover|p2a: Articuno\n|-heal|p2a: Articuno|180/288 par\n|\n|upkeep\n|turn|24\n|inactive|Time left: 300 sec this turn | 300 sec total\n|\n|t:|1783399890\n|move|p1a: Dialga|Heavy Slam|p2a: Articuno\n|-resisted|p2a: Articuno\n|-damage|p2a: Articuno|114/288 par\n|cant|p2a: Articuno|par\n|\n|upkeep\n|turn|25\n|inactive|Time left: 300 sec this turn | 300 sec total\n|\n|t:|1783399891\n|move|p1a: Dialga|Heavy Slam|p2a: Articuno\n|-resisted|p2a: Articuno\n|-damage|p2a: Articuno|54/288 par\n|move|p2a: Articuno|Recover|p2a: Articuno\n|-heal|p2a: Articuno|198/288 par\n|\n|upkeep\n|turn|26\n|inactive|Time left: 300 sec this turn | 300 sec total\n|\n|t:|1783399891\n|move|p1a: Dialga|Stealth Rock|p2a: Articuno\n|-sidestart|p2: p0y0171036|move: Stealth Rock\n|move|p2a: Articuno|Recover|p2a: Articuno\n|-heal|p2a: Articuno|288/288 par\n|\n|upkeep\n|turn|27\n|inactive|Time left: 300 sec this turn | 300 sec total\n|\n|t:|1783399891\n|move|p1a: Dialga|Heavy Slam|p2a: Articuno\n|-resisted|p2a: Articuno\n|-damage|p2a: Articuno|227/288 par\n|move|p2a: Articuno|Freezing Glare|p1a: Dialga\n|-resisted|p1a: Dialga\n|-damage|p1a: Dialga|0 fnt\n|faint|p1a: Dialga\n|\n|upkeep\n|\n|t:|1783399891\n|switch|p1a: Sunflora|Sunflora, F|14/100\n|turn|28\n|inactive|Time left: 300 sec this turn | 300 sec total\n|\n|t:|1783399892\n|switch|p2a: Milotic|Milotic, L83, F|293/293\n|-damage|p2a: Milotic|257/293|[from] Stealth Rock\n|move|p1a: Sunflora|Earth Power|p2a: Milotic\n|-damage|p2a: Milotic|154/293\n|\n|-heal|p2a: Milotic|172/293|[from] item: Leftovers\n|upkeep\n|turn|29\n|inactive|Time left: 300 sec this turn | 300 sec total\n|\n|t:|1783399892\n|switch|p1a: Iron Bundle|Iron Bundle, L78|100/100\n|move|p2a: Milotic|Ice Beam|p1a: Iron Bundle\n|-resisted|p1a: Iron Bundle\n|-damage|p1a: Iron Bundle|90/100\n|\n|-heal|p2a: Milotic|190/293|[from] item: Leftovers\n|upkeep\n|turn|30\n|inactive|Time left: 300 sec this turn | 300 sec total\n|\n|t:|1783399892\n|move|p1a: Iron Bundle|Freeze-Dry|p2a: Milotic\n|-supereffective|p2a: Milotic\n|-damage|p2a: Milotic|76/293\n|move|p2a: Milotic|Recover|p2a: Milotic\n|-heal|p2a: Milotic|223/293\n|\n|-heal|p2a: Milotic|241/293|[from] item: Leftovers\n|upkeep\n|turn|31\n|inactive|Time left: 300 sec this turn | 300 sec total\n|\n|t:|1783399892\n|move|p1a: Iron Bundle|Freeze-Dry|p2a: Milotic\n|-supereffective|p2a: Milotic\n|-damage|p2a: Milotic|107/293\n|move|p2a: Milotic|Scald|p1a: Iron Bundle\n|-resisted|p1a: Iron Bundle\n|-damage|p1a: Iron Bundle|62/100\n|\n|-heal|p2a: Milotic|125/293|[from] item: Leftovers\n|upkeep\n|turn|32\n|inactive|Time left: 300 sec this turn | 300 sec total\n|\n|t:|1783399893\n|switch|p2a: Articuno|Articuno-Galar, L84, tera:Steel|227/288 par\n|move|p1a: Iron Bundle|Freeze-Dry|p2a: Articuno\n|-resisted|p2a: Articuno\n|-damage|p2a: Articuno|189/288 par\n|\n|upkeep\n|turn|33\n|inactive|Time left: 300 sec this turn | 300 sec total\n|\n|t:|1783399893\n|-end|p1a: Iron Bundle|Quark Drive|[silent]\n|switch|p1a: Moltres|Moltres, L81|5/100\n|move|p2a: Articuno|Freezing Glare|p1a: Moltres\n|-damage|p1a: Moltres|0 fnt\n|faint|p1a: Moltres\n|\n|upkeep\n|\n|t:|1783399893\n|switch|p1a: Sunflora|Sunflora, F|14/100\n|turn|34\n|inactive|Time left: 300 sec this turn | 300 sec total\n|\n|t:|1783399893\n|move|p1a: Sunflora|Earth Power|p2a: Articuno\n|-supereffective|p2a: Articuno\n|-damage|p2a: Articuno|0 fnt\n|faint|p2a: Articuno\n|\n|upkeep\n|inactive|Time left: 300 sec this turn | 300 sec total | 5 sec grace\n|\n|t:|1783399894\n|switch|p2a: Milotic|Milotic, L83, F|125/293\n|-damage|p2a: Milotic|89/293|[from] Stealth Rock\n|turn|35\n|inactive|Time left: 300 sec this turn | 300 sec total\n|\n|t:|1783399894\n|move|p2a: Milotic|Recover|p2a: Milotic\n|-heal|p2a: Milotic|236/293\n|move|p1a: Sunflora|Earth Power|p2a: Milotic\n|-damage|p2a: Milotic|131/293\n|-unboost|p2a: Milotic|spd|1\n|-ability|p2a: Milotic|Competitive|boost\n|-boost|p2a: Milotic|spa|2\n|\n|-heal|p2a: Milotic|149/293|[from] item: Leftovers\n|upkeep\n|turn|36\n|inactive|Time left: 300 sec this turn | 300 sec total\n|\n|t:|1783399894\n|move|p2a: Milotic|Scald|p1a: Sunflora\n|-resisted|p1a: Sunflora\n|-damage|p1a: Sunflora|0 fnt\n|faint|p1a: Sunflora\n|\n|-heal|p2a: Milotic|167/293|[from] item: Leftovers\n|upkeep\n|\n|t:|1783399894\n|switch|p1a: Iron Bundle|Iron Bundle, L78|62/100\n|turn|37\n|inactive|Time left: 300 sec this turn | 300 sec total\n|\n|t:|1783399895\n|switch|p2a: Perrserker|Perrserker, L89, F|269/269\n|-damage|p2a: Perrserker|253/269|[from] Stealth Rock\n|move|p1a: Iron Bundle|Freeze-Dry|p2a: Perrserker\n|-resisted|p2a: Perrserker\n|-damage|p2a: Perrserker|208/269\n|\n|upkeep\n|turn|38\n|inactive|Time left: 300 sec this turn | 300 sec total\n|\n|t:|1783399895\n|-terastallize|p1a: Iron Bundle|Ice\n|move|p1a: Iron Bundle|Ice Beam|p2a: Perrserker\n|-resisted|p2a: Perrserker\n|-damage|p2a: Perrserker|125/269\n|move|p2a: Perrserker|Close Combat|p1a: Iron Bundle\n|-supereffective|p1a: Iron Bundle\n|-damage|p1a: Iron Bundle|0 fnt\n|-unboost|p2a: Perrserker|def|1\n|-unboost|p2a: Perrserker|spd|1\n|faint|p1a: Iron Bundle\n|-end|p1a: Iron Bundle|Quark Drive|[silent]\n|-damage|p2a: Perrserker|99/269|[from] item: Life Orb\n|\n|upkeep\n|\n|t:|1783399895\n|switch|p1a: Gardevoir|Gardevoir, L83, F|11/100\n|-ability|p1a: Gardevoir|Tough Claws|Trace|[from] ability: Trace|[of] p2a: Perrserker\n|turn|39\n|inactive|Time left: 300 sec this turn | 300 sec total\n|\n|t:|1783399895\n|move|p1a: Gardevoir|Moonblast|p2a: Perrserker\n|-resisted|p2a: Perrserker\n|-damage|p2a: Perrserker|0 fnt\n|faint|p2a: Perrserker\n|-damage|p1a: Gardevoir|1/100|[from] item: Life Orb\n|\n|upkeep\n|inactive|Time left: 300 sec this turn | 300 sec total | 5 sec grace\n|\n|t:|1783399896\n|switch|p2a: Ogerpon|Ogerpon-Hearthflame, L74, F|239/239 par\n|-damage|p2a: Ogerpon|180/239 par|[from] Stealth Rock\n|-ability|p2a: Ogerpon|Mold Breaker\n|turn|40\n|inactive|Time left: 300 sec this turn | 300 sec total\n|\n|t:|1783399896\n|move|p1a: Gardevoir|Focus Blast|p2a: Ogerpon\n|-damage|p2a: Ogerpon|41/239 par\n|-damage|p1a: Gardevoir|0 fnt|[from] item: Life Orb\n|faint|p1a: Gardevoir\n|\n|win|p0y0171036", "uploadtime": 1783399896, "views": 0, "rating": 0, "private": 0, "password": null, "_winner": "p0y0171036", "_our_name": "p0y0171036"}": 1783399896, "views": 0, "rating": 0, "private": 0, "password": null, "_winner": "p0y0171036", "_our_name": "p0x017ba35"}