{"id": "battle-gen9randombattle-11", "formatid": "gen9randombattle", "format": "[Gen 9] Random Battle", "players": ["p0x0115b73", "p0y01140db"], "log": "|init|battle\n|title|p0x0115b73 vs. p0y01140db\n|j|\u2606p0x0115b73\n|j|\u2606p0y01140db\n|t:|1783399780\n|gametype|singles\n|player|p1|p0x0115b73|1|\n|player|p2|p0y01140db|2|\n|gen|9\n|tier|[Gen 9] Random Battle\n|rule|Species Clause: Limit one of each Pok\u00e9mon\n|rule|HP Percentage Mod: HP is shown in percentages\n|rule|Sleep Clause Mod: Limit one foe put to sleep\n|rule|Illusion Level Mod: Illusion disguises the Pok\u00e9mon's true level\n|\n|t:|1783399780\n|teamsize|p1|6\n|teamsize|p2|6\n|start\n|switch|p1a: Glaceon|Glaceon, L94, M|275/275\n|switch|p2a: Bastiodon|Bastiodon, L89, F|100/100\n|turn|1\n|inactive|Battle timer is ON: inactive players will automatically lose when time's up. (requested by p0x0115b73)\n|inactive|p0y01140db also wants the timer to be on.\n|\n|t:|1783399781\n|move|p1a: Glaceon|Mud Shot|p2a: Bastiodon\n|-supereffective|p2a: Bastiodon\n|-damage|p2a: Bastiodon|37/100\n|-unboost|p2a: Bastiodon|spe|1\n|move|p2a: Bastiodon|Body Press|p1a: Glaceon\n|-supereffective|p1a: Glaceon\n|-damage|p1a: Glaceon|117/275\n|\n|upkeep\n|turn|2\n|inactive|Time left: 300 sec this turn | 300 sec total\n|\n|t:|1783399781\n|switch|p2a: Flutter Mane|Flutter Mane, L74|100/100\n|move|p1a: Glaceon|Mud Shot|p2a: Flutter Mane\n|-damage|p2a: Flutter Mane|75/100\n|-unboost|p2a: Flutter Mane|spe|1\n|\n|upkeep\n|turn|3\n|inactive|Time left: 300 sec this turn | 300 sec total\n|\n|t:|1783399781\n|move|p1a: Glaceon|Freeze-Dry|p2a: Flutter Mane\n|-damage|p2a: Flutter Mane|28/100\n|move|p2a: Flutter Mane|Mystical Fire|p1a: Glaceon\n|-supereffective|p1a: Glaceon\n|-damage|p1a: Glaceon|0 fnt\n|faint|p1a: Glaceon\n|\n|upkeep\n|inactive|Time left: 300 sec this turn | 300 sec total | 5 sec grace\n|\n|t:|1783399781\n|switch|p1a: Falinks|Falinks, L84|246/246\n|turn|4\n|inactive|Time left: 300 sec this turn | 300 sec total\n|\n|t:|1783399782\n|-end|p2a: Flutter Mane|Protosynthesis|[silent]\n|switch|p2a: Volcanion|Volcanion, L79|100/100\n|move|p1a: Falinks|No Retreat|p1a: Falinks\n|-boost|p1a: Falinks|atk|1\n|-boost|p1a: Falinks|def|1\n|-boost|p1a: Falinks|spa|1\n|-boost|p1a: Falinks|spd|1\n|-boost|p1a: Falinks|spe|1\n|-start|p1a: Falinks|move: No Retreat\n|\n|upkeep\n|turn|5\n|inactive|Time left: 300 sec this turn | 300 sec total\n|\n|t:|1783399782\n|move|p1a: Falinks|Close Combat|p2a: Volcanion\n|-damage|p2a: Volcanion|14/100\n|-unboost|p1a: Falinks|def|1\n|-unboost|p1a: Falinks|spd|1\n|-damage|p1a: Falinks|222/246|[from] item: Life Orb\n|move|p2a: Volcanion|Steam Eruption|p1a: Falinks\n|-damage|p1a: Falinks|47/246\n|-status|p1a: Falinks|brn\n|\n|-damage|p1a: Falinks|32/246 brn|[from] brn\n|upkeep\n|turn|6\n|inactive|Time left: 300 sec this turn | 300 sec total\n|\n|t:|1783399782\n|switch|p2a: Grimmsnarl|Grimmsnarl, L83, M|100/100\n|move|p1a: Falinks|Close Combat|p2a: Grimmsnarl\n|-damage|p2a: Grimmsnarl|43/100\n|-unboost|p1a: Falinks|def|1\n|-unboost|p1a: Falinks|spd|1\n|-damage|p1a: Falinks|8/246 brn|[from] item: Life Orb\n|\n|-damage|p1a: Falinks|0 fnt|[from] brn\n|faint|p1a: Falinks\n|upkeep\n|inactive|Time left: 300 sec this turn | 300 sec total | 5 sec grace\n|\n|t:|1783399782\n|switch|p1a: Magearna|Magearna, L77|250/250\n|turn|7\n|inactive|Time left: 300 sec this turn | 300 sec total\n|\n|t:|1783399783\n|move|p2a: Grimmsnarl|Reflect|p2a: Grimmsnarl\n|-sidestart|p2: p0y01140db|Reflect\n|move|p1a: Magearna|Shift Gear|p1a: Magearna\n|-boost|p1a: Magearna|spe|2\n|-boost|p1a: Magearna|atk|1\n|\n|upkeep\n|turn|8\n|inactive|Time left: 300 sec this turn | 300 sec total\n|\n|t:|1783399783\n|move|p2a: Grimmsnarl|Thunder Wave|p1a: Magearna\n|-status|p1a: Magearna|par\n|cant|p1a: Magearna|par\n|\n|upkeep\n|turn|9\n|inactive|Time left: 300 sec this turn | 300 sec total\n|\n|t:|1783399783\n|move|p2a: Grimmsnarl|Light Screen|p2a: Grimmsnarl\n|-sidestart|p2: p0y01140db|move: Light Screen\n|move|p1a: Magearna|Shift Gear|p1a: Magearna\n|-boost|p1a: Magearna|spe|2\n|-boost|p1a: Magearna|atk|1\n|\n|upkeep\n|turn|10\n|inactive|Time left: 300 sec this turn | 300 sec total\n|\n|t:|1783399783\n|switch|p2a: Rotom|Rotom, L88|100/100\n|move|p1a: Magearna|Iron Head|p2a: Rotom\n|-resisted|p2a: Rotom\n|-damage|p2a: Rotom|84/100\n|\n|upkeep\n|turn|11\n|inactive|Time left: 300 sec this turn | 300 sec total\n|\n|t:|1783399784\n|move|p1a: Magearna|Iron Head|p2a: Rotom\n|-resisted|p2a: Rotom\n|-damage|p2a: Rotom|69/100\n|move|p2a: Rotom|Nasty Plot|p2a: Rotom\n|-boost|p2a: Rotom|spa|2\n|\n|upkeep\n|turn|12\n|inactive|Time left: 300 sec this turn | 300 sec total\n|\n|t:|1783399784\n|move|p1a: Magearna|Iron Head|p2a: Rotom\n|-resisted|p2a: Rotom\n|-damage|p2a: Rotom|55/100\n|cant|p2a: Rotom|flinch\n|\n|upkeep\n|turn|13\n|inactive|Time left: 300 sec this turn | 300 sec total\n|\n|t:|1783399784\n|cant|p1a: Magearna|par\n|move|p2a: Rotom|Shadow Ball|p1a: Magearna\n|-damage|p1a: Magearna|43/250 par\n|-damage|p2a: Rotom|45/100|[from] item: Life Orb\n|\n|upkeep\n|turn|14\n|inactive|Time left: 300 sec this turn | 300 sec total\n|\n|t:|1783399785\n|move|p1a: Magearna|Iron Head|p2a: Rotom\n|-resisted|p2a: Rotom\n|-damage|p2a: Rotom|30/100\n|move|p2a: Rotom|Shadow Ball|p1a: Magearna\n|-damage|p1a: Magearna|0 fnt\n|faint|p1a: Magearna\n|-damage|p2a: Rotom|20/100|[from] item: Life Orb\n|\n|-sideend|p2: p0y01140db|Reflect\n|upkeep\n|inactive|Time left: 300 sec this turn | 300 sec total | 5 sec grace\n|\n|t:|1783399785\n|switch|p1a: Walking Wake|Walking Wake, L79|286/286\n|turn|15\n|inactive|Time left: 300 sec this turn | 300 sec total\n|\n|t:|1783399785\n|switch|p2a: Volcanion|Volcanion, L79|14/100\n|move|p1a: Walking Wake|Flamethrower|p2a: Volcanion\n|-resisted|p2a: Volcanion\n|-damage|p2a: Volcanion|11/100\n|\n|upkeep\n|turn|16\n|inactive|Time left: 300 sec this turn | 300 sec total\n|\n|t:|1783399785\n|move|p1a: Walking Wake|Flamethrower|p2a: Volcanion\n|-resisted|p2a: Volcanion\n|-crit|p2a: Volcanion\n|-damage|p2a: Volcanion|0 fnt\n|faint|p2a: Volcanion\n|\n|-sideend|p2: p0y01140db|move: Light Screen\n|upkeep\n|\n|t:|1783399785\n|switch|p2a: Flutter Mane|Flutter Mane, L74|28/100\n|turn|17\n|inactive|Time left: 300 sec this turn | 300 sec total\n|\n|t:|1783399786\n|-terastallize|p1a: Walking Wake|Fire\n|move|p2a: Flutter Mane|Moonblast|p1a: Walking Wake\n|-resisted|p1a: Walking Wake\n|-damage|p1a: Walking Wake|196/286\n|move|p1a: Walking Wake|Flamethrower|p2a: Flutter Mane\n|-damage|p2a: Flutter Mane|0 fnt\n|faint|p2a: Flutter Mane\n|-end|p2a: Flutter Mane|Protosynthesis|[silent]\n|\n|upkeep\n|\n|t:|1783399786\n|switch|p2a: Darkrai|Darkrai, L77|100/100\n|turn|18\n|inactive|Time left: 300 sec this turn | 300 sec total\n|\n|t:|1783399786\n|move|p2a: Darkrai|Nasty Plot|p2a: Darkrai\n|-boost|p2a: Darkrai|spa|2\n|move|p1a: Walking Wake|Flamethrower|p2a: Darkrai\n|-damage|p2a: Darkrai|27/100\n|\n|-heal|p2a: Darkrai|33/100|[from] item: Leftovers\n|upkeep\n|turn|19\n|inactive|Time left: 300 sec this turn | 300 sec total\n|\n|t:|1783399786\n|-terastallize|p2a: Darkrai|Poison\n|move|p2a: Darkrai|Sludge Bomb|p1a: Walking Wake\n|-damage|p1a: Walking Wake|0 fnt\n|faint|p1a: Walking Wake\n|-end|p1a: Walking Wake|Protosynthesis|[silent]\n|\n|-heal|p2a: Darkrai|39/100|[from] item: Leftovers\n|upkeep\n|inactive|Time left: 300 sec this turn | 300 sec total | 5 sec grace\n|\n|t:|1783399787\n|switch|p1a: Clawitzer|Clawitzer, L87, M|265/265\n|turn|20\n|inactive|Time left: 300 sec this turn | 300 sec total\n|\n|t:|1783399787\n|move|p2a: Darkrai|Dark Pulse|p1a: Clawitzer\n|-damage|p1a: Clawitzer|94/265\n|move|p1a: Clawitzer|Water Pulse|p2a: Darkrai\n|-damage|p2a: Darkrai|0 fnt\n|faint|p2a: Darkrai\n|\n|upkeep\n|\n|t:|1783399787\n|switch|p2a: Rotom|Rotom, L88|20/100\n|turn|21\n|inactive|Time left: 300 sec this turn | 300 sec total\n|\n|t:|1783399787\n|switch|p1a: Meloetta|Meloetta, L82|298/298\n|move|p2a: Rotom|Thunderbolt|p1a: Meloetta\n|-damage|p1a: Meloetta|203/298\n|-damage|p2a: Rotom|10/100|[from] item: Life Orb\n|\n|upkeep\n|turn|22\n|inactive|Time left: 300 sec this turn | 300 sec total\n|\n|t:|1783399788\n|switch|p1a: Clawitzer|Clawitzer, L87, M|94/265\n|move|p2a: Rotom|Will-O-Wisp|p1a: Clawitzer\n|-status|p1a: Clawitzer|brn\n|\n|-damage|p1a: Clawitzer|78/265 brn|[from] brn\n|upkeep\n|turn|23\n|inactive|Time left: 300 sec this turn | 300 sec total\n|\n|t:|1783399788\n|move|p2a: Rotom|Shadow Ball|p1a: Clawitzer\n|-damage|p1a: Clawitzer|0 fnt\n|faint|p1a: Clawitzer\n|-damage|p2a: Rotom|0 fnt|[from] item: Life Orb\n|faint|p2a: Rotom\n|\n|upkeep\n|inactive|Time left: 300 sec this turn | 300 sec total | 5 sec grace\n|\n|t:|1783399788\n|switch|p2a: Grimmsnarl|Grimmsnarl, L83, M|43/100\n|switch|p1a: Meloetta|Meloetta, L82|203/298\n|turn|24\n|inactive|Time left: 300 sec this turn | 300 sec total\n|\n|t:|1783399788\n|move|p2a: Grimmsnarl|Thunder Wave|p1a: Meloetta\n|-status|p1a: Meloetta|par\n|cant|p1a: Meloetta|par\n|\n|upkeep\n|turn|25\n|inactive|Time left: 300 sec this turn | 300 sec total\n|\n|t:|1783399789\n|move|p2a: Grimmsnarl|Spirit Break|p1a: Meloetta\n|-damage|p1a: Meloetta|106/298 par\n|-unboost|p1a: Meloetta|spa|1\n|cant|p1a: Meloetta|par\n|\n|upkeep\n|turn|26\n|inactive|Time left: 300 sec this turn | 300 sec total\n|\n|t:|1783399789\n|move|p2a: Grimmsnarl|Spirit Break|p1a: Meloetta\n|-damage|p1a: Meloetta|0 fnt\n|faint|p1a: Meloetta\n|\n|win|p0y01140db", "uploadtime": 1783399789, "views": 0, "rating": 0, "private": 0, "password": null, "_winner": "p0y01140db", "_our_name": "p0x0115b73"}"}