{"id": "battle-gen9randombattle-16", "formatid": "gen9randombattle", "format": "[Gen 9] Random Battle", "players": ["p0x016c80c", "p0y0164bcc"], "log": "|init|battle\n|title|p0x016c80c vs. p0y0164bcc\n|j|\u2606p0x016c80c\n|j|\u2606p0y0164bcc\n|t:|1783399869\n|gametype|singles\n|player|p1|p0x016c80c|265|\n|player|p2|p0y0164bcc|170|\n|gen|9\n|tier|[Gen 9] Random Battle\n|rule|Species Clause: Limit one of each Pok\u00e9mon\n|rule|HP Percentage Mod: HP is shown in percentages\n|rule|Sleep Clause Mod: Limit one foe put to sleep\n|rule|Illusion Level Mod: Illusion disguises the Pok\u00e9mon's true level\n|\n|t:|1783399869\n|teamsize|p1|6\n|teamsize|p2|6\n|start\n|switch|p1a: Toedscruel|Toedscruel, L87, F|281/281\n|switch|p2a: Magmortar|Magmortar, L88, M|100/100\n|turn|1\n|inactive|Battle timer is ON: inactive players will automatically lose when time's up. (requested by p0y0164bcc)\n|inactive|Time left: 300 sec this turn | 300 sec total | 60 sec grace\n|inactive|p0x016c80c also wants the timer to be on.\n|\n|t:|1783399869\n|move|p1a: Toedscruel|Earth Power|p2a: Magmortar\n|-supereffective|p2a: Magmortar\n|-damage|p2a: Magmortar|43/100\n|move|p2a: Magmortar|Fire Blast|p1a: Toedscruel\n|-supereffective|p1a: Toedscruel\n|-damage|p1a: Toedscruel|119/281\n|\n|upkeep\n|turn|2\n|inactive|Time left: 300 sec this turn | 300 sec total\n|\n|t:|1783399869\n|switch|p2a: Decidueye|Decidueye, L88, M|100/100\n|move|p1a: Toedscruel|Earth Power|p2a: Decidueye\n|-resisted|p2a: Decidueye\n|-damage|p2a: Decidueye|86/100\n|\n|upkeep\n|turn|3\n|inactive|Time left: 300 sec this turn | 300 sec total\n|\n|t:|1783399870\n|move|p1a: Toedscruel|Knock Off|p2a: Decidueye\n|-supereffective|p2a: Decidueye\n|-damage|p2a: Decidueye|39/100\n|-enditem|p2a: Decidueye|Heavy-Duty Boots|[from] move: Knock Off|[of] p1a: Toedscruel\n|move|p2a: Decidueye|U-turn|p1a: Toedscruel\n|-supereffective|p1a: Toedscruel\n|-damage|p1a: Toedscruel|0 fnt\n|faint|p1a: Toedscruel\n|\n|t:|1783399870\n|switch|p2a: Dragapult|Dragapult, L77, F|100/100|[from] U-turn\n|\n|upkeep\n|inactive|Time left: 300 sec this turn | 300 sec total | 10 sec grace\n|\n|t:|1783399870\n|switch|p1a: Scrafty|Scrafty, L83, F|244/244\n|turn|4\n|inactive|Time left: 300 sec this turn | 300 sec total\n|\n|t:|1783399870\n|switch|p2a: Blaziken|Blaziken, L76, F|100/100\n|move|p1a: Scrafty|Knock Off|p2a: Blaziken\n|-resisted|p2a: Blaziken\n|-damage|p2a: Blaziken|76/100\n|-enditem|p2a: Blaziken|Life Orb|[from] move: Knock Off|[of] p1a: Scrafty\n|\n|upkeep\n|turn|5\n|inactive|Time left: 300 sec this turn | 300 sec total\n|\n|t:|1783399871\n|move|p2a: Blaziken|Swords Dance|p2a: Blaziken\n|-boost|p2a: Blaziken|atk|2\n|move|p1a: Scrafty|Drain Punch|p2a: Blaziken\n|-damage|p2a: Blaziken|38/100\n|\n|-ability|p2a: Blaziken|Speed Boost|boost\n|-boost|p2a: Blaziken|spe|1\n|upkeep\n|turn|6\n|inactive|Time left: 300 sec this turn | 300 sec total\n|\n|t:|1783399871\n|-terastallize|p1a: Scrafty|Poison\n|move|p2a: Blaziken|Flare Blitz|p1a: Scrafty\n|-damage|p1a: Scrafty|36/244\n|-status|p1a: Scrafty|brn\n|-damage|p2a: Blaziken|10/100|[from] Recoil\n|move|p1a: Scrafty|Drain Punch|p2a: Blaziken\n|-damage|p2a: Blaziken|0 fnt\n|-heal|p1a: Scrafty|48/244 brn|[from] drain|[of] p2a: Blaziken\n|faint|p2a: Blaziken\n|\n|-heal|p1a: Scrafty|63/244 brn|[from] item: Leftovers\n|-damage|p1a: Scrafty|48/244 brn|[from] brn\n|upkeep\n|\n|t:|1783399871\n|switch|p2a: Magmortar|Magmortar, L88, M|43/100\n|turn|7\n|inactive|Time left: 300 sec this turn | 300 sec total\n|\n|t:|1783399871\n|move|p2a: Magmortar|Thunderbolt|p1a: Scrafty\n|-damage|p1a: Scrafty|0 fnt\n|faint|p1a: Scrafty\n|\n|upkeep\n|inactive|Time left: 300 sec this turn | 300 sec total | 5 sec grace\n|\n|t:|1783399872\n|switch|p1a: Pawmot|Pawmot, L80, F|243/243\n|turn|8\n|inactive|Time left: 300 sec this turn | 300 sec total\n|\n|t:|1783399872\n|switch|p2a: Dragapult|Dragapult, L77, F|100/100\n|move|p1a: Pawmot|Double Shock|p2a: Dragapult\n|-resisted|p2a: Dragapult\n|-damage|p2a: Dragapult|63/100\n|-start|p1a: Pawmot|typechange|???/Fighting|[from] move: Double Shock\n|-damage|p1a: Pawmot|219/243|[from] item: Life Orb\n|\n|upkeep\n|turn|9\n|inactive|Time left: 300 sec this turn | 300 sec total\n|\n|t:|1783399872\n|move|p2a: Dragapult|Draco Meteor|p1a: Pawmot\n|-damage|p1a: Pawmot|0 fnt\n|-unboost|p2a: Dragapult|spa|2\n|faint|p1a: Pawmot\n|\n|upkeep\n|inactive|Time left: 300 sec this turn | 300 sec total | 5 sec grace\n|\n|t:|1783399872\n|switch|p1a: Revavroom|Revavroom, L79, F|256/256\n|turn|10\n|inactive|Time left: 300 sec this turn | 300 sec total\n|\n|t:|1783399872\n|switch|p2a: Volbeat|Volbeat, L90, M|100/100\n|move|p1a: Revavroom|Shift Gear|p1a: Revavroom\n|-boost|p1a: Revavroom|spe|2\n|-boost|p1a: Revavroom|atk|1\n|\n|upkeep\n|turn|11\n|inactive|Time left: 300 sec this turn | 300 sec total\n|\n|t:|1783399873\n|move|p2a: Volbeat|Encore|p1a: Revavroom\n|-start|p1a: Revavroom|Encore\n|move|p1a: Revavroom|Shift Gear|p1a: Revavroom\n|-boost|p1a: Revavroom|spe|2\n|-boost|p1a: Revavroom|atk|1\n|\n|upkeep\n|turn|12\n|inactive|Time left: 300 sec this turn | 300 sec total\n|\n|t:|1783399873\n|switch|p2a: Magmortar|Magmortar, L88, M|43/100\n|move|p1a: Revavroom|Shift Gear|p1a: Revavroom\n|-boost|p1a: Revavroom|spe|2\n|-boost|p1a: Revavroom|atk|1\n|\n|upkeep\n|turn|13\n|inactive|Time left: 300 sec this turn | 300 sec total\n|\n|t:|1783399873\n|switch|p1a: Blissey|Blissey, L85, F|572/572\n|move|p2a: Magmortar|Fire Blast|p1a: Blissey\n|-crit|p1a: Blissey\n|-damage|p1a: Blissey|406/572\n|\n|-heal|p1a: Blissey|441/572|[from] item: Leftovers\n|upkeep\n|turn|14\n|inactive|Time left: 300 sec this turn | 300 sec total\n|\n|t:|1783399873\n|switch|p2a: Registeel|Registeel, L81|100/100\n|move|p1a: Blissey|Soft-Boiled|p1a: Blissey\n|-heal|p1a: Blissey|572/572\n|\n|upkeep\n|turn|15\n|inactive|Time left: 300 sec this turn | 300 sec total\n|\n|t:|1783399874\n|switch|p1a: Revavroom|Revavroom, L79, F|256/256\n|move|p2a: Registeel|Body Press|p1a: Revavroom\n|-crit|p1a: Revavroom\n|-damage|p1a: Revavroom|147/256\n|\n|upkeep\n|turn|16\n|inactive|Time left: 300 sec this turn | 300 sec total\n|\n|t:|1783399874\n|move|p1a: Revavroom|High Horsepower|p2a: Registeel\n|-supereffective|p2a: Registeel\n|-damage|p2a: Registeel|52/100\n|-damage|p1a: Revavroom|122/256|[from] item: Life Orb\n|move|p2a: Registeel|Body Press|p1a: Revavroom\n|-damage|p1a: Revavroom|48/256\n|\n|-heal|p2a: Registeel|58/100|[from] item: Leftovers\n|upkeep\n|turn|17\n|inactive|Time left: 300 sec this turn | 300 sec total\n|\n|t:|1783399874\n|move|p1a: Revavroom|High Horsepower|p2a: Registeel\n|-supereffective|p2a: Registeel\n|-damage|p2a: Registeel|12/100\n|-damage|p1a: Revavroom|23/256|[from] item: Life Orb\n|move|p2a: Registeel|Stealth Rock|p1a: Revavroom\n|-sidestart|p1: p0x016c80c|move: Stealth Rock\n|\n|-heal|p2a: Registeel|18/100|[from] item: Leftovers\n|upkeep\n|turn|18\n|inactive|Time left: 300 sec this turn | 300 sec total\n|\n|t:|1783399874\n|switch|p2a: Dragapult|Dragapult, L77, F|63/100\n|move|p1a: Revavroom|High Horsepower|p2a: Dragapult\n|-damage|p2a: Dragapult|23/100\n|-damage|p1a: Revavroom|0 fnt|[from] item: Life Orb\n|faint|p1a: Revavroom\n|\n|upkeep\n|inactive|Time left: 300 sec this turn | 300 sec total | 5 sec grace\n|\n|t:|1783399875\n|switch|p1a: Blissey|Blissey, L85, F|572/572\n|-damage|p1a: Blissey|501/572|[from] Stealth Rock\n|turn|19\n|inactive|Time left: 300 sec this turn | 300 sec total\n|\n|t:|1783399875\n|move|p2a: Dragapult|U-turn|p1a: Blissey\n|-damage|p1a: Blissey|357/572\n|\n|t:|1783399875\n|switch|p2a: Volbeat|Volbeat, L90, M|100/100|[from] U-turn\n|move|p1a: Blissey|Stealth Rock|p2a: Volbeat\n|-sidestart|p2: p0y0164bcc|move: Stealth Rock\n|\n|-heal|p1a: Blissey|392/572|[from] item: Leftovers\n|upkeep\n|turn|20\n|inactive|Time left: 300 sec this turn | 300 sec total\n|\n|t:|1783399875\n|move|p2a: Volbeat|Lunge|p1a: Blissey\n|-damage|p1a: Blissey|166/572\n|-unboost|p1a: Blissey|atk|1\n|move|p1a: Blissey|Soft-Boiled|p1a: Blissey\n|-heal|p1a: Blissey|452/572\n|\n|-heal|p1a: Blissey|487/572|[from] item: Leftovers\n|upkeep\n|turn|21\n|inactive|Time left: 300 sec this turn | 300 sec total\n|\n|t:|1783399876\n|move|p2a: Volbeat|Lunge|p1a: Blissey\n|-damage|p1a: Blissey|238/572\n|-unboost|p1a: Blissey|atk|1\n|move|p1a: Blissey|Seismic Toss|p2a: Volbeat\n|-damage|p2a: Volbeat|68/100\n|\n|-heal|p1a: Blissey|273/572|[from] item: Leftovers\n|upkeep\n|turn|22\n|inactive|Time left: 300 sec this turn | 300 sec total\n|\n|t:|1783399876\n|move|p2a: Volbeat|Lunge|p1a: Blissey\n|-crit|p1a: Blissey\n|-damage|p1a: Blissey|0 fnt\n|faint|p1a: Blissey\n|\n|upkeep\n|inactive|Time left: 300 sec this turn | 300 sec total | 5 sec grace\n|\n|t:|1783399876\n|switch|p1a: Brute Bonnet|Brute Bonnet, L80, shiny|309/309\n|-damage|p1a: Brute Bonnet|271/309|[from] Stealth Rock\n|turn|23\n|inactive|Time left: 300 sec this turn | 300 sec total\n|\n|t:|1783399876\n|-terastallize|p2a: Volbeat|Steel\n|move|p2a: Volbeat|Lunge|p1a: Brute Bonnet\n|-supereffective|p1a: Brute Bonnet\n|-crit|p1a: Brute Bonnet\n|-damage|p1a: Brute Bonnet|0 fnt\n|faint|p1a: Brute Bonnet\n|-end|p1a: Brute Bonnet|Protosynthesis|[silent]\n|\n|win|p0y0164bcc", "uploadtime": 1783399876, "views": 0, "rating": 0, "private": 0, "password": null, "_winner": "p0y0164bcc", "_our_name": "p0x016c80c"}