{"id": "battle-gen9randombattle-18", "formatid": "gen9randombattle", "format": "[Gen 9] Random Battle", "players": ["p0x018e95e", "p0y018d43e"], "log": "|init|battle\n|title|p0x018e95e vs. p0y018d43e\n|j|\u2606p0x018e95e\n|j|\u2606p0y018d43e\n|t:|1783399903\n|gametype|singles\n|player|p1|p0x018e95e|101|\n|player|p2|p0y018d43e|169|\n|gen|9\n|tier|[Gen 9] Random Battle\n|rule|Species Clause: Limit one of each Pok\u00e9mon\n|rule|HP Percentage Mod: HP is shown in percentages\n|rule|Sleep Clause Mod: Limit one foe put to sleep\n|rule|Illusion Level Mod: Illusion disguises the Pok\u00e9mon's true level\n|\n|t:|1783399903\n|teamsize|p1|6\n|teamsize|p2|6\n|start\n|switch|p1a: Kommo-o|Kommo-o, L77, F|100/100\n|switch|p2a: Appletun|Appletun, L92, F|352/352\n|turn|1\n|inactive|Battle timer is ON: inactive players will automatically lose when time's up. (requested by p0x018e95e)\n|inactive|Time left: 300 sec this turn | 300 sec total | 60 sec grace\n|inactive|p0y018d43e also wants the timer to be on.\n|\n|t:|1783399903\n|move|p1a: Kommo-o|Swords Dance|p1a: Kommo-o\n|-boost|p1a: Kommo-o|atk|2\n|move|p2a: Appletun|Dragon Tail|p1a: Kommo-o\n|-supereffective|p1a: Kommo-o\n|-damage|p1a: Kommo-o|53/100\n|drag|p1a: Slowking|Slowking-Galar, L85, M|100/100\n|\n|upkeep\n|turn|2\n|inactive|Time left: 300 sec this turn | 300 sec total\n|\n|t:|1783399904\n|switch|p2a: Squawkabilly|Squawkabilly, L85, F|278/278\n|move|p1a: Slowking|Sludge Bomb|p2a: Squawkabilly\n|-damage|p2a: Squawkabilly|121/278\n|\n|-status|p2a: Squawkabilly|brn|[from] item: Flame Orb\n|upkeep\n|turn|3\n|inactive|Time left: 300 sec this turn | 300 sec total\n|\n|t:|1783399904\n|switch|p1a: Spiritomb|Spiritomb, L89, M|100/100\n|-terastallize|p2a: Squawkabilly|Normal\n|move|p2a: Squawkabilly|Facade|p1a: Spiritomb\n|-immune|p1a: Spiritomb\n|\n|-damage|p2a: Squawkabilly|104/278 brn|[from] brn\n|upkeep\n|turn|4\n|inactive|Time left: 300 sec this turn | 300 sec total\n|\n|t:|1783399904\n|move|p2a: Squawkabilly|U-turn|p1a: Spiritomb\n|-damage|p1a: Spiritomb|74/100\n|inactive|Time left: 300 sec this turn | 300 sec total | 5 sec grace\n|\n|t:|1783399904\n|switch|p2a: Kricketune|Kricketune, L99, M|312/312|[from] U-turn\n|move|p1a: Spiritomb|Foul Play|p2a: Kricketune\n|-damage|p2a: Kricketune|171/312\n|\n|-heal|p1a: Spiritomb|80/100|[from] item: Leftovers\n|upkeep\n|turn|5\n|inactive|Time left: 300 sec this turn | 300 sec total\n|\n|t:|1783399905\n|move|p2a: Kricketune|Sticky Web|p1a: Spiritomb\n|-sidestart|p1: p0x018e95e|move: Sticky Web\n|move|p1a: Spiritomb|Foul Play|p2a: Kricketune\n|-damage|p2a: Kricketune|27/312\n|\n|-heal|p1a: Spiritomb|86/100|[from] item: Leftovers\n|upkeep\n|turn|6\n|inactive|Time left: 300 sec this turn | 300 sec total\n|\n|t:|1783399905\n|move|p2a: Kricketune|Knock Off|p1a: Spiritomb\n|-damage|p1a: Spiritomb|56/100\n|-enditem|p1a: Spiritomb|Leftovers|[from] move: Knock Off|[of] p2a: Kricketune\n|move|p1a: Spiritomb|Foul Play|p2a: Kricketune\n|-damage|p2a: Kricketune|0 fnt\n|faint|p2a: Kricketune\n|\n|upkeep\n|inactive|Time left: 300 sec this turn | 300 sec total | 5 sec grace\n|\n|t:|1783399905\n|switch|p2a: Kyurem|Kyurem-White, L73|303/303\n|-ability|p2a: Kyurem|Turboblaze\n|turn|7\n|inactive|Time left: 300 sec this turn | 300 sec total\n|\n|t:|1783399905\n|move|p2a: Kyurem|Ice Beam|p1a: Spiritomb\n|-damage|p1a: Spiritomb|0 fnt\n|faint|p1a: Spiritomb\n|\n|upkeep\n|\n|t:|1783399906\n|switch|p1a: Reshiram|Reshiram, L76|100/100\n|-ability|p1a: Reshiram|Turboblaze\n|turn|8\n|inactive|Time left: 300 sec this turn | 300 sec total\n|\n|t:|1783399906\n|move|p1a: Reshiram|Dragon Dance|p1a: Reshiram\n|-boost|p1a: Reshiram|atk|1\n|-boost|p1a: Reshiram|spe|1\n|move|p2a: Kyurem|Ice Beam|p1a: Reshiram\n|-damage|p1a: Reshiram|49/100\n|\n|upkeep\n|turn|9\n|inactive|Time left: 300 sec this turn | 300 sec total\n|\n|t:|1783399906\n|-terastallize|p1a: Reshiram|Dragon\n|move|p1a: Reshiram|Outrage|p2a: Kyurem\n|-supereffective|p2a: Kyurem\n|-damage|p2a: Kyurem|0 fnt\n|faint|p2a: Kyurem\n|\n|upkeep\n|inactive|Time left: 300 sec this turn | 300 sec total | 5 sec grace\n|\n|t:|1783399906\n|switch|p2a: Muk|Muk, L86, M|321/321\n|turn|10\n|inactive|Time left: 300 sec this turn | 300 sec total\n|\n|t:|1783399907\n|move|p1a: Reshiram|Outrage|p2a: Muk|[from] lockedmove\n|-damage|p2a: Muk|31/321\n|-start|p1a: Reshiram|confusion|[fatigue]\n|move|p2a: Muk|Gunk Shot|p1a: Reshiram\n|-damage|p1a: Reshiram|1/100\n|\n|-heal|p2a: Muk|51/321|[from] item: Leftovers\n|upkeep\n|turn|11\n|inactive|Time left: 300 sec this turn | 300 sec total\n|\n|t:|1783399907\n|-activate|p1a: Reshiram|confusion\n|move|p1a: Reshiram|Outrage|p2a: Muk\n|-damage|p2a: Muk|0 fnt\n|faint|p2a: Muk\n|\n|upkeep\n|inactive|Time left: 300 sec this turn | 300 sec total | 5 sec grace\n|\n|t:|1783399907\n|switch|p2a: Squawkabilly|Squawkabilly, L85, F, tera:Normal|104/278 brn\n|turn|12\n|inactive|Time left: 300 sec this turn | 300 sec total\n|\n|t:|1783399907\n|move|p2a: Squawkabilly|Quick Attack|p1a: Reshiram\n|-damage|p1a: Reshiram|0 fnt\n|faint|p1a: Reshiram\n|\n|-damage|p2a: Squawkabilly|87/278 brn|[from] brn\n|upkeep\n|\n|t:|1783399908\n|switch|p1a: Illumise|Illumise, L91, F|100/100\n|turn|13\n|inactive|Time left: 300 sec this turn | 300 sec total\n|\n|t:|1783399908\n|switch|p2a: Clodsire|Clodsire, L81, M|343/343\n|move|p1a: Illumise|Bug Buzz|p2a: Clodsire\n|-resisted|p2a: Clodsire\n|-damage|p2a: Clodsire|303/343\n|-unboost|p2a: Clodsire|spd|1\n|\n|-heal|p2a: Clodsire|324/343|[from] item: Leftovers\n|upkeep\n|turn|14\n|inactive|Time left: 300 sec this turn | 300 sec total\n|\n|t:|1783399908\n|move|p1a: Illumise|Bug Buzz|p2a: Clodsire\n|-resisted|p2a: Clodsire\n|-damage|p2a: Clodsire|259/343\n|move|p2a: Clodsire|Gunk Shot|p1a: Illumise\n|-damage|p1a: Illumise|59/100\n|\n|-heal|p2a: Clodsire|280/343|[from] item: Leftovers\n|upkeep\n|turn|15\n|inactive|Time left: 300 sec this turn | 300 sec total\n|\n|t:|1783399908\n|move|p1a: Illumise|Roost|p1a: Illumise\n|-heal|p1a: Illumise|100/100\n|-singleturn|p1a: Illumise|move: Roost\n|move|p2a: Clodsire|Gunk Shot|p1a: Illumise|[miss]\n|-miss|p2a: Clodsire|p1a: Illumise\n|\n|-heal|p2a: Clodsire|301/343|[from] item: Leftovers\n|upkeep\n|turn|16\n|inactive|Time left: 300 sec this turn | 300 sec total\n|\n|t:|1783399909\n|switch|p1a: Slowking|Slowking-Galar, L85, M|100/100\n|-activate|p1a: Slowking|move: Sticky Web\n|-unboost|p1a: Slowking|spe|1\n|move|p2a: Clodsire|Earthquake|p1a: Slowking\n|-supereffective|p1a: Slowking\n|-damage|p1a: Slowking|44/100\n|\n|-heal|p2a: Clodsire|322/343|[from] item: Leftovers\n|upkeep\n|turn|17\n|inactive|Time left: 300 sec this turn | 300 sec total\n|\n|t:|1783399909\n|switch|p1a: Illumise|Illumise, L91, F|100/100\n|move|p2a: Clodsire|Earthquake|p1a: Illumise\n|-resisted|p1a: Illumise\n|-damage|p1a: Illumise|86/100\n|\n|-heal|p2a: Clodsire|343/343|[from] item: Leftovers\n|upkeep\n|turn|18\n|inactive|Time left: 300 sec this turn | 300 sec total\n|\n|t:|1783399909\n|move|p1a: Illumise|Encore|p2a: Clodsire\n|-start|p2a: Clodsire|Encore\n|move|p2a: Clodsire|Earthquake|p1a: Illumise\n|-resisted|p1a: Illumise\n|-damage|p1a: Illumise|69/100\n|\n|upkeep\n|turn|19\n|inactive|Time left: 300 sec this turn | 300 sec total\n|\n|t:|1783399909\n|move|p1a: Illumise|Bug Buzz|p2a: Clodsire\n|-resisted|p2a: Clodsire\n|-damage|p2a: Clodsire|278/343\n|move|p2a: Clodsire|Earthquake|p1a: Illumise\n|-resisted|p1a: Illumise\n|-damage|p1a: Illumise|54/100\n|\n|-heal|p2a: Clodsire|299/343|[from] item: Leftovers\n|upkeep\n|turn|20\n|inactive|Time left: 300 sec this turn | 300 sec total\n|\n|t:|1783399910\n|move|p1a: Illumise|Roost|p1a: Illumise\n|-heal|p1a: Illumise|100/100\n|-singleturn|p1a: Illumise|move: Roost\n|move|p2a: Clodsire|Earthquake|p1a: Illumise\n|-resisted|p1a: Illumise\n|-damage|p1a: Illumise|85/100\n|\n|-heal|p2a: Clodsire|320/343|[from] item: Leftovers\n|-end|p2a: Clodsire|Encore\n|upkeep\n|turn|21\n|inactive|Time left: 300 sec this turn | 300 sec total\n|\n|t:|1783399910\n|move|p1a: Illumise|Encore|p2a: Clodsire\n|-start|p2a: Clodsire|Encore\n|move|p2a: Clodsire|Earthquake|p1a: Illumise\n|-resisted|p1a: Illumise\n|-damage|p1a: Illumise|69/100\n|\n|-heal|p2a: Clodsire|341/343|[from] item: Leftovers\n|upkeep\n|turn|22\n|inactive|Time left: 300 sec this turn | 300 sec total\n|\n|t:|1783399910\n|move|p1a: Illumise|Roost|p1a: Illumise\n|-heal|p1a: Illumise|100/100\n|-singleturn|p1a: Illumise|move: Roost\n|move|p2a: Clodsire|Earthquake|p1a: Illumise\n|-resisted|p1a: Illumise\n|-damage|p1a: Illumise|85/100\n|\n|-heal|p2a: Clodsire|343/343|[from] item: Leftovers\n|upkeep\n|turn|23\n|inactive|Time left: 300 sec this turn | 300 sec total\n|\n|t:|1783399910\n|move|p1a: Illumise|Bug Buzz|p2a: Clodsire\n|-resisted|p2a: Clodsire\n|-damage|p2a: Clodsire|284/343\n|move|p2a: Clodsire|Earthquake|p1a: Illumise\n|-resisted|p1a: Illumise\n|-damage|p1a: Illumise|69/100\n|\n|-heal|p2a: Clodsire|305/343|[from] item: Leftovers\n|-end|p2a: Clodsire|Encore\n|upkeep\n|turn|24\n|inactive|Time left: 300 sec this turn | 300 sec total\n|\n|t:|1783399911\n|move|p1a: Illumise|Encore|p2a: Clodsire\n|-start|p2a: Clodsire|Encore\n|move|p2a: Clodsire|Earthquake|p1a: Illumise\n|-resisted|p1a: Illumise\n|-damage|p1a: Illumise|54/100\n|\n|-heal|p2a: Clodsire|326/343|[from] item: Leftovers\n|upkeep\n|turn|25\n|inactive|Time left: 300 sec this turn | 300 sec total\n|\n|t:|1783399911\n|move|p1a: Illumise|Roost|p1a: Illumise\n|-heal|p1a: Illumise|100/100\n|-singleturn|p1a: Illumise|move: Roost\n|move|p2a: Clodsire|Earthquake|p1a: Illumise\n|-resisted|p1a: Illumise\n|-crit|p1a: Illumise\n|-damage|p1a: Illumise|75/100\n|\n|-heal|p2a: Clodsire|343/343|[from] item: Leftovers\n|upkeep\n|turn|26\n|inactive|Time left: 300 sec this turn | 300 sec total\n|\n|t:|1783399911\n|move|p1a: Illumise|Roost|p1a: Illumise\n|-heal|p1a: Illumise|100/100\n|-singleturn|p1a: Illumise|move: Roost\n|move|p2a: Clodsire|Earthquake|p1a: Illumise\n|-resisted|p1a: Illumise\n|-damage|p1a: Illumise|84/100\n|\n|-end|p2a: Clodsire|Encore\n|upkeep\n|turn|27\n|inactive|Time left: 300 sec this turn | 300 sec total\n|\n|t:|1783399911\n|move|p1a: Illumise|Bug Buzz|p2a: Clodsire\n|-resisted|p2a: Clodsire\n|-damage|p2a: Clodsire|282/343\n|move|p2a: Clodsire|Stealth Rock|p1a: Illumise\n|-sidestart|p1: p0x018e95e|move: Stealth Rock\n|\n|-heal|p2a: Clodsire|303/343|[from] item: Leftovers\n|upkeep\n|turn|28\n|inactive|Time left: 300 sec this turn | 300 sec total\n|\n|t:|1783399912\n|move|p1a: Illumise|Encore|p2a: Clodsire\n|-start|p2a: Clodsire|Encore\n|move|p2a: Clodsire|Stealth Rock||[still]\n|-fail|p2a: Clodsire\n|\n|-heal|p2a: Clodsire|324/343|[from] item: Leftovers\n|upkeep\n|turn|29\n|inactive|Time left: 300 sec this turn | 300 sec total\n|\n|t:|1783399912\n|switch|p2a: Appletun|Appletun, L92, F|352/352\n|move|p1a: Illumise|Bug Buzz|p2a: Appletun\n|-supereffective|p2a: Appletun\n|-damage|p2a: Appletun|176/352\n|\n|-heal|p2a: Appletun|198/352|[from] item: Leftovers\n|upkeep\n|turn|30\n|inactive|Time left: 300 sec this turn | 300 sec total\n|\n|t:|1783399912\n|move|p1a: Illumise|Bug Buzz|p2a: Appletun\n|-supereffective|p2a: Appletun\n|-crit|p2a: Appletun\n|-damage|p2a: Appletun|0 fnt\n|faint|p2a: Appletun\n|\n|upkeep\n|inactive|Time left: 300 sec this turn | 300 sec total | 5 sec grace\n|\n|t:|1783399912\n|switch|p2a: Clodsire|Clodsire, L81, M|324/343\n|turn|31\n|inactive|Time left: 300 sec this turn | 300 sec total\n|\n|t:|1783399913\n|move|p1a: Illumise|Bug Buzz|p2a: Clodsire\n|-resisted|p2a: Clodsire\n|-damage|p2a: Clodsire|282/343\n|move|p2a: Clodsire|Gunk Shot|p1a: Illumise\n|-damage|p1a: Illumise|49/100\n|-status|p1a: Illumise|psn\n|\n|-heal|p2a: Clodsire|303/343|[from] item: Leftovers\n|-damage|p1a: Illumise|37/100 psn|[from] psn\n|upkeep\n|turn|32\n|inactive|Time left: 300 sec this turn | 300 sec total\n|\n|t:|1783399913\n|move|p1a: Illumise|Roost|p1a: Illumise\n|-heal|p1a: Illumise|87/100 psn\n|-singleturn|p1a: Illumise|move: Roost\n|move|p2a: Clodsire|Gunk Shot|p1a: Illumise|[miss]\n|-miss|p2a: Clodsire|p1a: Illumise\n|\n|-heal|p2a: Clodsire|324/343|[from] item: Leftovers\n|-damage|p1a: Illumise|74/100 psn|[from] psn\n|upkeep\n|turn|33\n|inactive|Time left: 300 sec this turn | 300 sec total\n|\n|t:|1783399913\n|move|p1a: Illumise|Roost|p1a: Illumise\n|-heal|p1a: Illumise|100/100 psn\n|-singleturn|p1a: Illumise|move: Roost\n|move|p2a: Clodsire|Gunk Shot|p1a: Illumise\n|-damage|p1a: Illumise|63/100 psn\n|\n|-heal|p2a: Clodsire|343/343|[from] item: Leftovers\n|-damage|p1a: Illumise|50/100 psn|[from] psn\n|upkeep\n|turn|34\n|inactive|Time left: 300 sec this turn | 300 sec total\n|\n|t:|1783399913\n|move|p1a: Illumise|Roost|p1a: Illumise\n|-heal|p1a: Illumise|100/100 psn\n|-singleturn|p1a: Illumise|move: Roost\n|move|p2a: Clodsire|Gunk Shot|p1a: Illumise|[miss]\n|-miss|p2a: Clodsire|p1a: Illumise\n|\n|-damage|p1a: Illumise|88/100 psn|[from] psn\n|upkeep\n|turn|35\n|inactive|Time left: 300 sec this turn | 300 sec total\n|\n|t:|1783399914\n|move|p1a: Illumise|Encore|p2a: Clodsire\n|-start|p2a: Clodsire|Encore\n|move|p2a: Clodsire|Gunk Shot|p1a: Illumise\n|-damage|p1a: Illumise|50/100 psn\n|\n|-damage|p1a: Illumise|37/100 psn|[from] psn\n|upkeep\n|turn|36\n|inactive|Time left: 300 sec this turn | 300 sec total\n|\n|t:|1783399914\n|switch|p2a: Squawkabilly|Squawkabilly, L85, F, tera:Normal|87/278 brn\n|move|p1a: Illumise|Bug Buzz|p2a: Squawkabilly\n|-damage|p2a: Squawkabilly|0 fnt\n|faint|p2a: Squawkabilly\n|\n|-damage|p1a: Illumise|25/100 psn|[from] psn\n|upkeep\n|inactive|Time left: 300 sec this turn | 300 sec total | 5 sec grace\n|\n|t:|1783399914\n|switch|p2a: Clodsire|Clodsire, L81, M|343/343\n|turn|37\n|inactive|Time left: 300 sec this turn | 300 sec total\n|\n|t:|1783399914\n|switch|p1a: Grumpig|Grumpig, L92, M|100/100\n|-activate|p1a: Grumpig|move: Sticky Web\n|-unboost|p1a: Grumpig|spe|1\n|-damage|p1a: Grumpig|88/100|[from] Stealth Rock\n|move|p2a: Clodsire|Gunk Shot|p1a: Grumpig|[miss]\n|-miss|p2a: Clodsire|p1a: Grumpig\n|\n|upkeep\n|turn|38\n|inactive|Time left: 300 sec this turn | 300 sec total\n|\n|t:|1783399915\n|move|p1a: Grumpig|Psychic|p2a: Clodsire\n|-supereffective|p2a: Clodsire\n|-damage|p2a: Clodsire|155/343\n|move|p2a: Clodsire|Recover|p2a: Clodsire\n|-heal|p2a: Clodsire|327/343\n|\n|-heal|p2a: Clodsire|343/343|[from] item: Leftovers\n|upkeep\n|turn|39\n|inactive|Time left: 300 sec this turn | 300 sec total\n|\n|t:|1783399915\n|move|p1a: Grumpig|Psychic|p2a: Clodsire\n|-supereffective|p2a: Clodsire\n|-damage|p2a: Clodsire|157/343\n|move|p2a: Clodsire|Recover|p2a: Clodsire\n|-heal|p2a: Clodsire|329/343\n|\n|-heal|p2a: Clodsire|343/343|[from] item: Leftovers\n|upkeep\n|turn|40\n|inactive|Time left: 300 sec this turn | 300 sec total\n|\n|t:|1783399915\n|move|p1a: Grumpig|Psychic|p2a: Clodsire\n|-supereffective|p2a: Clodsire\n|-damage|p2a: Clodsire|137/343\n|move|p2a: Clodsire|Recover|p2a: Clodsire\n|-heal|p2a: Clodsire|309/343\n|\n|-heal|p2a: Clodsire|330/343|[from] item: Leftovers\n|upkeep\n|turn|41\n|inactive|Time left: 300 sec this turn | 300 sec total\n|\n|t:|1783399915\n|move|p1a: Grumpig|Psychic|p2a: Clodsire\n|-supereffective|p2a: Clodsire\n|-damage|p2a: Clodsire|124/343\n|move|p2a: Clodsire|Recover|p2a: Clodsire\n|-heal|p2a: Clodsire|296/343\n|\n|-heal|p2a: Clodsire|317/343|[from] item: Leftovers\n|upkeep\n|turn|42\n|inactive|Time left: 300 sec this turn | 300 sec total\n|\n|t:|1783399916\n|move|p1a: Grumpig|Psychic|p2a: Clodsire\n|-supereffective|p2a: Clodsire\n|-damage|p2a: Clodsire|125/343\n|move|p2a: Clodsire|Recover|p2a: Clodsire\n|-heal|p2a: Clodsire|297/343\n|\n|-heal|p2a: Clodsire|318/343|[from] item: Leftovers\n|upkeep\n|turn|43\n|inactive|Time left: 300 sec this turn | 300 sec total\n|\n|t:|1783399916\n|move|p1a: Grumpig|Psychic|p2a: Clodsire\n|-supereffective|p2a: Clodsire\n|-damage|p2a: Clodsire|132/343\n|move|p2a: Clodsire|Recover|p2a: Clodsire\n|-heal|p2a: Clodsire|304/343\n|\n|-heal|p2a: Clodsire|325/343|[from] item: Leftovers\n|upkeep\n|turn|44\n|inactive|Time left: 300 sec this turn | 300 sec total\n|\n|t:|1783399916\n|move|p1a: Grumpig|Psychic|p2a: Clodsire\n|-supereffective|p2a: Clodsire\n|-damage|p2a: Clodsire|109/343\n|move|p2a: Clodsire|Earthquake|p1a: Grumpig\n|-damage|p1a: Grumpig|55/100\n|\n|-heal|p2a: Clodsire|130/343|[from] item: Leftovers\n|upkeep\n|turn|45\n|inactive|Time left: 300 sec this turn | 300 sec total\n|\n|t:|1783399916\n|move|p1a: Grumpig|Psychic|p2a: Clodsire\n|-supereffective|p2a: Clodsire\n|-damage|p2a: Clodsire|0 fnt\n|faint|p2a: Clodsire\n|\n|win|p0x018e95e", "uploadtime": 1783399916, "views": 0, "rating": 0, "private": 0, "password": null, "_winner": "p0x018e95e", "_our_name": "p0y018d43e"}