{"id": "battle-gen9randombattle-25", "formatid": "gen9randombattle", "format": "[Gen 9] Random Battle", "players": ["p0x0256029", "p0y0254f18"], "log": "|init|battle\n|title|p0x0256029 vs. p0y0254f18\n|j|\u2606p0x0256029\n|j|\u2606p0y0254f18\n|t:|1783400028\n|gametype|singles\n|player|p1|p0x0256029|102|\n|player|p2|p0y0254f18|1|\n|gen|9\n|tier|[Gen 9] Random Battle\n|rule|Species Clause: Limit one of each Pok\u00e9mon\n|rule|HP Percentage Mod: HP is shown in percentages\n|rule|Sleep Clause Mod: Limit one foe put to sleep\n|rule|Illusion Level Mod: Illusion disguises the Pok\u00e9mon's true level\n|\n|t:|1783400028\n|teamsize|p1|6\n|teamsize|p2|6\n|start\n|switch|p1a: Miraidon|Miraidon, L65|100/100\n|switch|p2a: Slither Wing|Slither Wing, L81|270/270\n|-fieldstart|move: Electric Terrain|[from] ability: Hadron Engine|[of] p1a: Miraidon\n|turn|1\n|inactive|Battle timer is ON: inactive players will automatically lose when time's up. (requested by p0y0254f18)\n|inactive|p0x0256029 also wants the timer to be on.\n|\n|t:|1783400028\n|move|p1a: Miraidon|Electro Drift|p2a: Slither Wing\n|-damage|p2a: Slither Wing|105/270\n|-damage|p1a: Miraidon|91/100|[from] item: Life Orb\n|move|p2a: Slither Wing|Earthquake|p1a: Miraidon\n|-supereffective|p1a: Miraidon\n|-damage|p1a: Miraidon|0 fnt\n|faint|p1a: Miraidon\n|-damage|p2a: Slither Wing|78/270|[from] item: Life Orb\n|\n|upkeep\n|\n|t:|1783400028\n|switch|p1a: Barraskewda|Barraskewda, L81, M|100/100\n|turn|2\n|inactive|Time left: 300 sec this turn | 300 sec total\n|\n|t:|1783400028\n|-end|p2a: Slither Wing|Protosynthesis|[silent]\n|switch|p2a: Primarina|Primarina, L83, M|268/268\n|move|p1a: Barraskewda|Close Combat|p2a: Primarina\n|-resisted|p2a: Primarina\n|-damage|p2a: Primarina|187/268\n|-unboost|p1a: Barraskewda|def|1\n|-unboost|p1a: Barraskewda|spd|1\n|\n|upkeep\n|turn|3\n|inactive|Time left: 300 sec this turn | 300 sec total\n|\n|t:|1783400029\n|switch|p1a: Rillaboom|Rillaboom, L79, M|100/100\n|-fieldstart|move: Grassy Terrain|[from] ability: Grassy Surge|[of] p1a: Rillaboom\n|move|p2a: Primarina|Moonblast|p1a: Rillaboom\n|-damage|p1a: Rillaboom|14/100\n|\n|-heal|p1a: Rillaboom|20/100|[from] Grassy Terrain\n|-heal|p2a: Primarina|203/268|[from] Grassy Terrain\n|upkeep\n|turn|4\n|inactive|Time left: 300 sec this turn | 300 sec total\n|\n|t:|1783400029\n|switch|p2a: Ho-Oh|Ho-Oh, L71|268/268\n|move|p1a: Rillaboom|Swords Dance|p1a: Rillaboom\n|-boost|p1a: Rillaboom|atk|2\n|\n|-heal|p1a: Rillaboom|27/100|[from] Grassy Terrain\n|upkeep\n|turn|5\n|inactive|Time left: 300 sec this turn | 300 sec total\n|\n|t:|1783400029\n|move|p1a: Rillaboom|Wood Hammer|p2a: Ho-Oh\n|-resisted|p2a: Ho-Oh\n|-damage|p2a: Ho-Oh|132/268\n|-damage|p1a: Rillaboom|11/100|[from] Recoil\n|-damage|p1a: Rillaboom|1/100|[from] item: Life Orb\n|move|p2a: Ho-Oh|Sacred Fire|p1a: Rillaboom\n|-supereffective|p1a: Rillaboom\n|-damage|p1a: Rillaboom|0 fnt\n|faint|p1a: Rillaboom\n|\n|upkeep\n|\n|t:|1783400029\n|switch|p1a: Arbok|Arbok, L87, F|100/100\n|-ability|p1a: Arbok|Intimidate|boost\n|-unboost|p2a: Ho-Oh|atk|1\n|turn|6\n|inactive|Time left: 300 sec this turn | 300 sec total\n|\n|t:|1783400030\n|switch|p2a: Gliscor|Gliscor, L76, F|239/239\n|move|p1a: Arbok|Gunk Shot|p2a: Gliscor\n|-resisted|p2a: Gliscor\n|-crit|p2a: Gliscor\n|-damage|p2a: Gliscor|123/239\n|-damage|p1a: Arbok|91/100|[from] item: Life Orb\n|\n|-heal|p1a: Arbok|97/100|[from] Grassy Terrain\n|-status|p2a: Gliscor|tox|[from] item: Toxic Orb\n|upkeep\n|turn|7\n|inactive|Time left: 300 sec this turn | 300 sec total\n|\n|t:|1783400030\n|switch|p1a: Barraskewda|Barraskewda, L81, M|100/100\n|move|p2a: Gliscor|Earthquake|p1a: Barraskewda\n|-damage|p1a: Barraskewda|77/100\n|\n|-heal|p1a: Barraskewda|83/100|[from] Grassy Terrain\n|-heal|p2a: Gliscor|152/239 tox|[from] ability: Poison Heal\n|-fieldend|move: Grassy Terrain\n|upkeep\n|turn|8\n|inactive|Time left: 300 sec this turn | 300 sec total\n|\n|t:|1783400030\n|move|p2a: Gliscor|Protect|p2a: Gliscor\n|-singleturn|p2a: Gliscor|Protect\n|move|p1a: Barraskewda|Flip Turn|p2a: Gliscor\n|-activate|p2a: Gliscor|move: Protect\n|\n|-heal|p2a: Gliscor|181/239 tox|[from] ability: Poison Heal\n|upkeep\n|turn|9\n|inactive|Time left: 300 sec this turn | 300 sec total\n|\n|t:|1783400030\n|-terastallize|p2a: Gliscor|Water\n|move|p1a: Barraskewda|Flip Turn|p2a: Gliscor\n|-resisted|p2a: Gliscor\n|-damage|p2a: Gliscor|136/239 tox\n|\n|t:|1783400031\n|switch|p1a: Malamar|Malamar, L82, F|100/100|[from] Flip Turn\n|move|p2a: Gliscor|Earthquake|p1a: Malamar\n|-damage|p1a: Malamar|68/100\n|\n|-heal|p1a: Malamar|74/100|[from] item: Leftovers\n|-heal|p2a: Gliscor|165/239 tox|[from] ability: Poison Heal\n|upkeep\n|turn|10\n|inactive|Time left: 300 sec this turn | 300 sec total\n|\n|t:|1783400031\n|switch|p2a: Primarina|Primarina, L83, M|203/268\n|move|p1a: Malamar|Superpower|p2a: Primarina\n|-resisted|p2a: Primarina\n|-damage|p2a: Primarina|162/268\n|-boost|p1a: Malamar|atk|1\n|-boost|p1a: Malamar|def|1\n|\n|-heal|p1a: Malamar|80/100|[from] item: Leftovers\n|upkeep\n|turn|11\n|inactive|Time left: 300 sec this turn | 300 sec total\n|\n|t:|1783400031\n|move|p1a: Malamar|Superpower|p2a: Primarina\n|-resisted|p2a: Primarina\n|-damage|p2a: Primarina|94/268\n|-boost|p1a: Malamar|atk|1\n|-boost|p1a: Malamar|def|1\n|move|p2a: Primarina|Hydro Pump|p1a: Malamar\n|-damage|p1a: Malamar|0 fnt\n|faint|p1a: Malamar\n|\n|upkeep\n|\n|t:|1783400031\n|switch|p1a: Plusle|Plusle, L95, F|100/100\n|turn|12\n|inactive|Time left: 300 sec this turn | 300 sec total\n|\n|t:|1783400032\n|switch|p2a: Decidueye|Decidueye, L88, M|281/281\n|move|p1a: Plusle|Thunderbolt|p2a: Decidueye\n|-resisted|p2a: Decidueye\n|-damage|p2a: Decidueye|220/281\n|-damage|p1a: Plusle|91/100|[from] item: Life Orb\n|\n|upkeep\n|turn|13\n|inactive|Time left: 300 sec this turn | 300 sec total\n|\n|t:|1783400032\n|switch|p1a: Arbok|Arbok, L87, F|97/100\n|-ability|p1a: Arbok|Intimidate|boost\n|-unboost|p2a: Decidueye|atk|1\n|move|p2a: Decidueye|Spirit Shackle|p1a: Arbok\n|-damage|p1a: Arbok|56/100\n|-activate|p1a: Arbok|trapped\n|-damage|p2a: Decidueye|192/281|[from] item: Life Orb\n|\n|upkeep\n|turn|14\n|inactive|Time left: 300 sec this turn | 300 sec total\n|\n|t:|1783400032\n|switch|p2a: Gliscor|Gliscor, L76, F, tera:Water|165/239 tox\n|move|p1a: Arbok|Knock Off|p2a: Gliscor\n|-damage|p2a: Gliscor|87/239 tox\n|-enditem|p2a: Gliscor|Toxic Orb|[from] move: Knock Off|[of] p1a: Arbok\n|-damage|p1a: Arbok|46/100|[from] item: Life Orb\n|\n|-heal|p2a: Gliscor|116/239 tox|[from] ability: Poison Heal\n|upkeep\n|turn|15\n|inactive|Time left: 300 sec this turn | 300 sec total\n|\n|t:|1783400032\n|move|p2a: Gliscor|Protect|p2a: Gliscor\n|-singleturn|p2a: Gliscor|Protect\n|move|p1a: Arbok|Gunk Shot|p2a: Gliscor\n|-activate|p2a: Gliscor|move: Protect\n|\n|-heal|p2a: Gliscor|145/239 tox|[from] ability: Poison Heal\n|upkeep\n|turn|16\n|inactive|Time left: 300 sec this turn | 300 sec total\n|\n|t:|1783400033\n|move|p1a: Arbok|Gunk Shot|p2a: Gliscor\n|-damage|p2a: Gliscor|5/239 tox\n|-damage|p1a: Arbok|36/100|[from] item: Life Orb\n|move|p2a: Gliscor|Earthquake|p1a: Arbok\n|-supereffective|p1a: Arbok\n|-damage|p1a: Arbok|0 fnt\n|faint|p1a: Arbok\n|\n|-heal|p2a: Gliscor|34/239 tox|[from] ability: Poison Heal\n|upkeep\n|\n|t:|1783400033\n|switch|p1a: Barraskewda|Barraskewda, L81, M|83/100\n|turn|17\n|inactive|Time left: 300 sec this turn | 300 sec total\n|\n|t:|1783400033\n|move|p2a: Gliscor|Protect|p2a: Gliscor\n|-singleturn|p2a: Gliscor|Protect\n|move|p1a: Barraskewda|Poison Jab|p2a: Gliscor\n|-activate|p2a: Gliscor|move: Protect\n|\n|-heal|p2a: Gliscor|63/239 tox|[from] ability: Poison Heal\n|upkeep\n|turn|18\n|inactive|Time left: 300 sec this turn | 300 sec total\n|\n|t:|1783400033\n|move|p2a: Gliscor|Protect||[still]\n|-fail|p2a: Gliscor\n|move|p1a: Barraskewda|Poison Jab|p2a: Gliscor\n|-damage|p2a: Gliscor|0 fnt\n|faint|p2a: Gliscor\n|\n|upkeep\n|inactive|Time left: 300 sec this turn | 300 sec total | 5 sec grace\n|\n|t:|1783400034\n|switch|p2a: Slither Wing|Slither Wing, L81|78/270\n|turn|19\n|inactive|Time left: 300 sec this turn | 300 sec total\n|\n|t:|1783400034\n|-terastallize|p1a: Barraskewda|Fighting\n|move|p2a: Slither Wing|First Impression|p1a: Barraskewda\n|-resisted|p1a: Barraskewda\n|-damage|p1a: Barraskewda|36/100\n|-damage|p2a: Slither Wing|51/270|[from] item: Life Orb\n|move|p1a: Barraskewda|Poison Jab|p2a: Slither Wing\n|-damage|p2a: Slither Wing|0 fnt\n|faint|p2a: Slither Wing\n|-end|p2a: Slither Wing|Protosynthesis|[silent]\n|\n|upkeep\n|inactive|Time left: 300 sec this turn | 300 sec total | 5 sec grace\n|\n|t:|1783400034\n|switch|p2a: Eelektross|Eelektross, L87, M|290/290\n|turn|20\n|inactive|Time left: 300 sec this turn | 300 sec total\n|\n|t:|1783400034\n|switch|p1a: Plusle|Plusle, L95, F|91/100\n|move|p2a: Eelektross|Drain Punch|p1a: Plusle\n|-damage|p1a: Plusle|52/100\n|\n|upkeep\n|turn|21\n|inactive|Time left: 300 sec this turn | 300 sec total\n|\n|t:|1783400035\n|move|p1a: Plusle|Nasty Plot|p1a: Plusle\n|-boost|p1a: Plusle|spa|2\n|move|p2a: Eelektross|Coil|p2a: Eelektross\n|-boost|p2a: Eelektross|atk|1\n|-boost|p2a: Eelektross|def|1\n|-boost|p2a: Eelektross|accuracy|1\n|\n|upkeep\n|turn|22\n|inactive|Time left: 300 sec this turn | 300 sec total\n|\n|t:|1783400035\n|move|p1a: Plusle|Encore|p2a: Eelektross\n|-start|p2a: Eelektross|Encore\n|move|p2a: Eelektross|Coil|p2a: Eelektross\n|-boost|p2a: Eelektross|atk|1\n|-boost|p2a: Eelektross|def|1\n|-boost|p2a: Eelektross|accuracy|1\n|\n|upkeep\n|turn|23\n|inactive|Time left: 300 sec this turn | 300 sec total\n|\n|t:|1783400035\n|switch|p2a: Primarina|Primarina, L83, M|94/268\n|move|p1a: Plusle|Thunderbolt|p2a: Primarina\n|-supereffective|p2a: Primarina\n|-damage|p2a: Primarina|0 fnt\n|faint|p2a: Primarina\n|-damage|p1a: Plusle|42/100|[from] item: Life Orb\n|\n|upkeep\n|inactive|Time left: 300 sec this turn | 300 sec total | 5 sec grace\n|\n|t:|1783400035\n|switch|p2a: Eelektross|Eelektross, L87, M|290/290\n|turn|24\n|inactive|Time left: 300 sec this turn | 300 sec total\n|\n|t:|1783400035\n|move|p1a: Plusle|Grass Knot|p2a: Eelektross\n|-damage|p2a: Eelektross|115/290\n|-damage|p1a: Plusle|32/100|[from] item: Life Orb\n|move|p2a: Eelektross|Knock Off|p1a: Plusle\n|-damage|p1a: Plusle|0 fnt\n|-enditem|p1a: Plusle|Life Orb|[from] move: Knock Off|[of] p2a: Eelektross\n|faint|p1a: Plusle\n|\n|-heal|p2a: Eelektross|133/290|[from] item: Leftovers\n|upkeep\n|\n|t:|1783400036\n|switch|p1a: Barraskewda|Barraskewda, L81, M, tera:Fighting|36/100\n|turn|25\n|inactive|Time left: 300 sec this turn | 300 sec total\n|\n|t:|1783400036\n|move|p1a: Barraskewda|Waterfall|p2a: Eelektross\n|-damage|p2a: Eelektross|0 fnt\n|faint|p2a: Eelektross\n|\n|upkeep\n|inactive|Time left: 300 sec this turn | 300 sec total | 5 sec grace\n|\n|t:|1783400036\n|switch|p2a: Decidueye|Decidueye, L88, M|192/281\n|turn|26\n|inactive|Time left: 300 sec this turn | 300 sec total\n|\n|t:|1783400036\n|switch|p2a: Ho-Oh|Ho-Oh, L71|221/268\n|move|p1a: Barraskewda|Waterfall|p2a: Ho-Oh\n|-supereffective|p2a: Ho-Oh\n|-damage|p2a: Ho-Oh|0 fnt\n|faint|p2a: Ho-Oh\n|\n|upkeep\n|inactive|Time left: 300 sec this turn | 300 sec total | 5 sec grace\n|\n|t:|1783400037\n|switch|p2a: Decidueye|Decidueye, L88, M|192/281\n|turn|27\n|inactive|Time left: 300 sec this turn | 300 sec total\n|\n|t:|1783400037\n|move|p1a: Barraskewda|Waterfall|p2a: Decidueye\n|-resisted|p2a: Decidueye\n|-damage|p2a: Decidueye|112/281\n|cant|p2a: Decidueye|flinch\n|\n|upkeep\n|turn|28\n|inactive|Time left: 300 sec this turn | 300 sec total\n|\n|t:|1783400037\n|move|p1a: Barraskewda|Waterfall|p2a: Decidueye\n|-resisted|p2a: Decidueye\n|-damage|p2a: Decidueye|34/281\n|move|p2a: Decidueye|Spirit Shackle|p1a: Barraskewda\n|-damage|p1a: Barraskewda|0 fnt\n|faint|p1a: Barraskewda\n|-damage|p2a: Decidueye|6/281|[from] item: Life Orb\n|\n|win|p0y0254f18", "uploadtime": 1783400037, "views": 0, "rating": 0, "private": 0, "password": null, "_winner": "p0y0254f18", "_our_name": "p0y0254f18"}, "uploadtime": 1783400037, "views": 0, "rating": 0, "private": 0, "password": null, "_winner": "p0y0254f18", "_our_name": "p0x0256029"}