{"id": "battle-gen9randombattle-2", "formatid": "gen9randombattle", "format": "[Gen 9] Random Battle", "players": ["p0x00219ef", "p0y0029e28"], "log": "|init|battle\n|title|p0x00219ef vs. p0y0029e28\n|j|\u2606p0x00219ef\n|j|\u2606p0y0029e28\n|t:|1783399633\n|gametype|singles\n|player|p1|p0x00219ef|266|\n|player|p2|p0y0029e28|265|\n|gen|9\n|tier|[Gen 9] Random Battle\n|rule|Species Clause: Limit one of each Pok\u00e9mon\n|rule|HP Percentage Mod: HP is shown in percentages\n|rule|Sleep Clause Mod: Limit one foe put to sleep\n|rule|Illusion Level Mod: Illusion disguises the Pok\u00e9mon's true level\n|\n|t:|1783399633\n|teamsize|p1|6\n|teamsize|p2|6\n|start\n|switch|p1a: Wigglytuff|Wigglytuff, L96, M|100/100\n|switch|p2a: Meloetta|Meloetta, L82|298/298\n|turn|1\n|inactive|Battle timer is ON: inactive players will automatically lose when time's up. (requested by p0x00219ef)\n|inactive|Time left: 300 sec this turn | 300 sec total | 60 sec grace\n|inactive|p0y0029e28 also wants the timer to be on.\n|\n|t:|1783399634\n|switch|p2a: Ninetales|Ninetales-Alola, L78, F|242/242\n|-weather|Snowscape|[from] ability: Snow Warning|[of] p2a: Ninetales\n|move|p1a: Wigglytuff|Alluring Voice|p2a: Ninetales\n|-damage|p2a: Ninetales|148/242\n|\n|-weather|Snowscape|[upkeep]\n|upkeep\n|turn|2\n|inactive|Time left: 300 sec this turn | 300 sec total\n|\n|t:|1783399634\n|move|p2a: Ninetales|Aurora Veil|p2a: Ninetales\n|-sidestart|p2: p0y0029e28|move: Aurora Veil\n|move|p1a: Wigglytuff|Alluring Voice|p2a: Ninetales\n|-damage|p2a: Ninetales|103/242\n|\n|-weather|Snowscape|[upkeep]\n|upkeep\n|turn|3\n|inactive|Time left: 300 sec this turn | 300 sec total\n|\n|t:|1783399634\n|move|p2a: Ninetales|Moonblast|p1a: Wigglytuff\n|-damage|p1a: Wigglytuff|78/100\n|-unboost|p1a: Wigglytuff|spa|1\n|-ability|p1a: Wigglytuff|Competitive|boost\n|-boost|p1a: Wigglytuff|spa|2\n|move|p1a: Wigglytuff|Thunder Wave|p2a: Ninetales\n|-status|p2a: Ninetales|par\n|\n|-weather|Snowscape|[upkeep]\n|-heal|p1a: Wigglytuff|84/100|[from] item: Leftovers\n|upkeep\n|turn|4\n|inactive|Time left: 300 sec this turn | 300 sec total\n|\n|t:|1783399634\n|switch|p2a: Scovillain|Scovillain, L91, F|266/266\n|move|p1a: Wigglytuff|Alluring Voice|p2a: Scovillain\n|-resisted|p2a: Scovillain\n|-crit|p2a: Scovillain\n|-damage|p2a: Scovillain|145/266\n|\n|-weather|Snowscape|[upkeep]\n|-heal|p2a: Scovillain|161/266|[from] item: Leftovers\n|-heal|p1a: Wigglytuff|90/100|[from] item: Leftovers\n|upkeep\n|turn|5\n|inactive|Time left: 300 sec this turn | 300 sec total\n|\n|t:|1783399635\n|move|p1a: Wigglytuff|Protect|p1a: Wigglytuff\n|-singleturn|p1a: Wigglytuff|Protect\n|move|p2a: Scovillain|Leech Seed|p1a: Wigglytuff\n|-activate|p1a: Wigglytuff|move: Protect\n|\n|-weather|none\n|-heal|p2a: Scovillain|177/266|[from] item: Leftovers\n|-heal|p1a: Wigglytuff|96/100|[from] item: Leftovers\n|upkeep\n|turn|6\n|inactive|Time left: 300 sec this turn | 300 sec total\n|\n|t:|1783399635\n|move|p2a: Scovillain|Leech Seed|p1a: Wigglytuff\n|-start|p1a: Wigglytuff|move: Leech Seed\n|move|p1a: Wigglytuff|Thunder Wave|p2a: Scovillain\n|-status|p2a: Scovillain|par\n|\n|-heal|p1a: Wigglytuff|100/100|[from] item: Leftovers\n|-heal|p2a: Scovillain|193/266 par|[from] item: Leftovers\n|-damage|p1a: Wigglytuff|88/100|[from] Leech Seed|[of] p2a: Scovillain\n|-heal|p2a: Scovillain|246/266 par|[silent]\n|upkeep\n|turn|7\n|inactive|Time left: 300 sec this turn | 300 sec total\n|\n|t:|1783399635\n|switch|p1a: Skeledirge|Skeledirge, L79, M|100/100\n|move|p2a: Scovillain|Flamethrower|p1a: Skeledirge\n|-resisted|p1a: Skeledirge\n|-damage|p1a: Skeledirge|75/100\n|\n|-heal|p2a: Scovillain|262/266 par|[from] item: Leftovers\n|upkeep\n|turn|8\n|inactive|Time left: 300 sec this turn | 300 sec total\n|\n|t:|1783399635\n|move|p1a: Skeledirge|Torch Song|p2a: Scovillain\n|-damage|p2a: Scovillain|212/266 par\n|-boost|p1a: Skeledirge|spa|1\n|move|p2a: Scovillain|Leech Seed|p1a: Skeledirge\n|-start|p1a: Skeledirge|move: Leech Seed\n|\n|-heal|p2a: Scovillain|228/266 par|[from] item: Leftovers\n|-damage|p1a: Skeledirge|63/100|[from] Leech Seed|[of] p2a: Scovillain\n|-heal|p2a: Scovillain|264/266 par|[silent]\n|upkeep\n|turn|9\n|inactive|Time left: 300 sec this turn | 300 sec total\n|\n|t:|1783399636\n|switch|p2a: Overqwil|Overqwil, L82, M|274/274\n|-ability|p2a: Overqwil|Intimidate|boost\n|-unboost|p1a: Skeledirge|atk|1\n|move|p1a: Skeledirge|Torch Song|p2a: Overqwil\n|-damage|p2a: Overqwil|197/274\n|-boost|p1a: Skeledirge|spa|1\n|\n|-damage|p1a: Skeledirge|50/100|[from] Leech Seed|[of] p2a: Overqwil\n|-heal|p2a: Overqwil|233/274|[silent]\n|-sideend|p2: p0y0029e28|move: Aurora Veil\n|upkeep\n|turn|10\n|inactive|Time left: 300 sec this turn | 300 sec total\n|\n|t:|1783399636\n|switch|p1a: Glastrier|Glastrier, L86|100/100\n|move|p2a: Overqwil|Crunch|p1a: Glastrier\n|-damage|p1a: Glastrier|79/100\n|-unboost|p1a: Glastrier|def|1\n|\n|upkeep\n|turn|11\n|inactive|Time left: 300 sec this turn | 300 sec total\n|\n|t:|1783399636\n|move|p2a: Overqwil|Swords Dance|p2a: Overqwil\n|-boost|p2a: Overqwil|atk|2\n|move|p1a: Glastrier|Icicle Crash|p2a: Overqwil\n|-damage|p2a: Overqwil|104/274\n|\n|upkeep\n|turn|12\n|inactive|Time left: 300 sec this turn | 300 sec total\n|\n|t:|1783399636\n|-terastallize|p1a: Glastrier|Steel\n|move|p2a: Overqwil|Gunk Shot|p1a: Glastrier\n|-immune|p1a: Glastrier\n|move|p1a: Glastrier|Heavy Slam|p2a: Overqwil\n|-damage|p2a: Overqwil|0 fnt\n|faint|p2a: Overqwil\n|-ability|p1a: Glastrier|Chilling Neigh|boost\n|-boost|p1a: Glastrier|atk|1\n|\n|upkeep\n|inactive|Time left: 300 sec this turn | 300 sec total | 5 sec grace\n|\n|t:|1783399637\n|switch|p2a: Ninetales|Ninetales-Alola, L78, F|103/242 par\n|-weather|Snowscape|[from] ability: Snow Warning|[of] p2a: Ninetales\n|turn|13\n|inactive|Time left: 300 sec this turn | 300 sec total\n|\n|t:|1783399637\n|cant|p2a: Ninetales|par\n|move|p1a: Glastrier|Heavy Slam|p2a: Ninetales\n|-supereffective|p2a: Ninetales\n|-damage|p2a: Ninetales|0 fnt\n|faint|p2a: Ninetales\n|-ability|p1a: Glastrier|Chilling Neigh|boost\n|-boost|p1a: Glastrier|atk|1\n|\n|-weather|Snowscape|[upkeep]\n|upkeep\n|inactive|Time left: 300 sec this turn | 300 sec total | 5 sec grace\n|\n|t:|1783399637\n|switch|p2a: Meloetta|Meloetta, L82|298/298\n|turn|14\n|inactive|Time left: 300 sec this turn | 300 sec total\n|\n|t:|1783399637\n|move|p2a: Meloetta|Close Combat|p1a: Glastrier\n|-supereffective|p1a: Glastrier\n|-damage|p1a: Glastrier|24/100\n|-unboost|p2a: Meloetta|def|1\n|-unboost|p2a: Meloetta|spd|1\n|-damage|p2a: Meloetta|269/298|[from] item: Life Orb\n|move|p1a: Glastrier|Heavy Slam|p2a: Meloetta\n|-damage|p2a: Meloetta|0 fnt\n|faint|p2a: Meloetta\n|-ability|p1a: Glastrier|Chilling Neigh|boost\n|-boost|p1a: Glastrier|atk|1\n|\n|-weather|Snowscape|[upkeep]\n|upkeep\n|inactive|Time left: 300 sec this turn | 300 sec total | 5 sec grace\n|\n|t:|1783399638\n|switch|p2a: Dragapult|Dragapult, L77, M|262/262\n|turn|15\n|inactive|Time left: 300 sec this turn | 300 sec total\n|\n|t:|1783399638\n|switch|p1a: Wigglytuff|Wigglytuff, L96, M|88/100\n|move|p2a: Dragapult|Fire Blast|p1a: Wigglytuff\n|-damage|p1a: Wigglytuff|59/100\n|-damage|p2a: Dragapult|236/262|[from] item: Life Orb\n|\n|-weather|Snowscape|[upkeep]\n|-heal|p1a: Wigglytuff|65/100|[from] item: Leftovers\n|upkeep\n|turn|16\n|inactive|Time left: 300 sec this turn | 300 sec total\n|\n|t:|1783399638\n|switch|p2a: Scovillain|Scovillain, L91, F|264/266 par\n|move|p1a: Wigglytuff|Alluring Voice|p2a: Scovillain\n|-resisted|p2a: Scovillain\n|-damage|p2a: Scovillain|210/266 par\n|\n|-weather|Snowscape|[upkeep]\n|-heal|p1a: Wigglytuff|71/100|[from] item: Leftovers\n|-heal|p2a: Scovillain|226/266 par|[from] item: Leftovers\n|upkeep\n|turn|17\n|inactive|Time left: 300 sec this turn | 300 sec total\n|\n|t:|1783399638\n|move|p1a: Wigglytuff|Wish|p1a: Wigglytuff\n|move|p2a: Scovillain|Leech Seed|p1a: Wigglytuff\n|-start|p1a: Wigglytuff|move: Leech Seed\n|\n|-weather|none\n|-heal|p1a: Wigglytuff|77/100|[from] item: Leftovers\n|-heal|p2a: Scovillain|242/266 par|[from] item: Leftovers\n|-damage|p1a: Wigglytuff|65/100|[from] Leech Seed|[of] p2a: Scovillain\n|-heal|p2a: Scovillain|266/266 par|[silent]\n|upkeep\n|turn|18\n|inactive|Time left: 300 sec this turn | 300 sec total\n|\n|t:|1783399639\n|switch|p1a: Skeledirge|Skeledirge, L79, M|50/100\n|move|p2a: Scovillain|Flamethrower|p1a: Skeledirge\n|-resisted|p1a: Skeledirge\n|-damage|p1a: Skeledirge|26/100\n|\n|-heal|p1a: Skeledirge|98/100|[from] move: Wish|[wisher] Wigglytuff\n|upkeep\n|turn|19\n|inactive|Time left: 300 sec this turn | 300 sec total\n|\n|t:|1783399639\n|cant|p2a: Scovillain|par\n|move|p1a: Skeledirge|Shadow Ball|p2a: Scovillain\n|-damage|p2a: Scovillain|166/266 par\n|\n|-heal|p2a: Scovillain|182/266 par|[from] item: Leftovers\n|upkeep\n|turn|20\n|inactive|Time left: 300 sec this turn | 300 sec total\n|\n|t:|1783399639\n|move|p1a: Skeledirge|Torch Song|p2a: Scovillain\n|-damage|p2a: Scovillain|89/266 par\n|-boost|p1a: Skeledirge|spa|1\n|move|p2a: Scovillain|Leech Seed|p1a: Skeledirge\n|-start|p1a: Skeledirge|move: Leech Seed\n|\n|-heal|p2a: Scovillain|105/266 par|[from] item: Leftovers\n|-damage|p1a: Skeledirge|86/100|[from] Leech Seed|[of] p2a: Scovillain\n|-heal|p2a: Scovillain|141/266 par|[silent]\n|upkeep\n|turn|21\n|inactive|Time left: 300 sec this turn | 300 sec total\n|\n|t:|1783399639\n|move|p2a: Scovillain|Protect|p2a: Scovillain\n|-singleturn|p2a: Scovillain|Protect\n|move|p1a: Skeledirge|Shadow Ball|p2a: Scovillain\n|-activate|p2a: Scovillain|move: Protect\n|\n|-heal|p2a: Scovillain|157/266 par|[from] item: Leftovers\n|-damage|p1a: Skeledirge|74/100|[from] Leech Seed|[of] p2a: Scovillain\n|-heal|p2a: Scovillain|193/266 par|[silent]\n|upkeep\n|turn|22\n|inactive|Time left: 300 sec this turn | 300 sec total\n|\n|t:|1783399640\n|move|p1a: Skeledirge|Shadow Ball|p2a: Scovillain\n|-crit|p2a: Scovillain\n|-damage|p2a: Scovillain|0 fnt\n|faint|p2a: Scovillain\n|\n|upkeep\n|inactive|Time left: 300 sec this turn | 300 sec total | 5 sec grace\n|\n|t:|1783399640\n|switch|p2a: Dragapult|Dragapult, L77, M|236/262\n|turn|23\n|inactive|Time left: 300 sec this turn | 300 sec total\n|\n|t:|1783399640\n|switch|p1a: Wigglytuff|Wigglytuff, L96, M|65/100\n|-terastallize|p2a: Dragapult|Ghost\n|move|p2a: Dragapult|Tera Blast|p1a: Wigglytuff|[anim] Tera Blast Ghost\n|-immune|p1a: Wigglytuff\n|\n|-heal|p1a: Wigglytuff|71/100|[from] item: Leftovers\n|upkeep\n|turn|24\n|inactive|Time left: 300 sec this turn | 300 sec total\n|\n|t:|1783399640\n|switch|p2a: Vespiquen|Vespiquen, L99, F|299/299\n|-ability|p2a: Vespiquen|Pressure\n|move|p1a: Wigglytuff|Alluring Voice|p2a: Vespiquen\n|-damage|p2a: Vespiquen|218/299\n|\n|-heal|p1a: Wigglytuff|77/100|[from] item: Leftovers\n|upkeep\n|turn|25\n|inactive|Time left: 300 sec this turn | 300 sec total\n|\n|t:|1783399641\n|move|p1a: Wigglytuff|Wish|p1a: Wigglytuff\n|move|p2a: Vespiquen|Toxic|p1a: Wigglytuff\n|-status|p1a: Wigglytuff|tox\n|\n|-heal|p1a: Wigglytuff|83/100 tox|[from] item: Leftovers\n|-damage|p1a: Wigglytuff|77/100 tox|[from] psn\n|upkeep\n|turn|26\n|inactive|Time left: 300 sec this turn | 300 sec total\n|\n|t:|1783399641\n|switch|p1a: Glastrier|Glastrier, L86, tera:Steel|24/100\n|move|p2a: Vespiquen|Roost|p2a: Vespiquen\n|-heal|p2a: Vespiquen|299/299\n|-singleturn|p2a: Vespiquen|move: Roost\n|\n|-heal|p1a: Glastrier|92/100|[from] move: Wish|[wisher] Wigglytuff\n|upkeep\n|turn|27\n|inactive|Time left: 300 sec this turn | 300 sec total\n|\n|t:|1783399641\n|move|p2a: Vespiquen|Air Slash|p1a: Glastrier\n|-resisted|p1a: Glastrier\n|-damage|p1a: Glastrier|78/100\n|move|p1a: Glastrier|Swords Dance|p1a: Glastrier\n|-boost|p1a: Glastrier|atk|2\n|\n|upkeep\n|turn|28\n|inactive|Time left: 300 sec this turn | 300 sec total\n|\n|t:|1783399641\n|move|p2a: Vespiquen|Air Slash|p1a: Glastrier\n|-resisted|p1a: Glastrier\n|-damage|p1a: Glastrier|65/100\n|move|p1a: Glastrier|Icicle Crash|p2a: Vespiquen\n|-supereffective|p2a: Vespiquen\n|-damage|p2a: Vespiquen|0 fnt\n|faint|p2a: Vespiquen\n|-ability|p1a: Glastrier|Chilling Neigh|boost\n|-boost|p1a: Glastrier|atk|1\n|\n|upkeep\n|inactive|Time left: 300 sec this turn | 300 sec total | 5 sec grace\n|\n|t:|1783399642\n|switch|p2a, "uploadtime": 1783399642, "views": 0, "rating": 0, "private": 0, "password": null, "_winner": "p0x00219ef", "_our_name": "p0x00219ef"}|move|p2a: Dragapult|Fire Blast|p1a: Glastrier\n|-supereffective|p1a: Glastrier\n|-damage|p1a: Glastrier|17/100\n|-damage|p2a: Dragapult|210/262|[from] item: Life Orb\n|move|p1a: Glastrier|Heavy Slam|p2a: Dragapult\n|-damage|p2a: Dragapult|0 fnt\n|faint|p2a: Dragapult\n|\n|win|p0x00219ef", "uploadtime": 1783399642, "views": 0, "rating": 0, "private": 0, "password": null, "_winner": "p0x00219ef", "_our_name": "p0y0029e28"}