{"id": "battle-gen9randombattle-13", "formatid": "gen9randombattle", "format": "[Gen 9] Random Battle", "players": ["p0x0132a66", "p0y01370bb"], "log": "|init|battle\n|title|p0x0132a66 vs. p0y01370bb\n|j|\u2606p0x0132a66\n|j|\u2606p0y01370bb\n|t:|1783399816\n|gametype|singles\n|player|p1|p0x0132a66|265|\n|player|p2|p0y01370bb|169|\n|gen|9\n|tier|[Gen 9] Random Battle\n|rule|Species Clause: Limit one of each Pok\u00e9mon\n|rule|HP Percentage Mod: HP is shown in percentages\n|rule|Sleep Clause Mod: Limit one foe put to sleep\n|rule|Illusion Level Mod: Illusion disguises the Pok\u00e9mon's true level\n|\n|t:|1783399816\n|teamsize|p1|6\n|teamsize|p2|6\n|start\n|switch|p1a: Kyogre|Kyogre, L71|259/259\n|switch|p2a: Terrakion|Terrakion, L79|100/100\n|-weather|RainDance|[from] ability: Drizzle|[of] p1a: Kyogre\n|turn|1\n|inactive|Battle timer is ON: inactive players will automatically lose when time's up. (requested by p0x0132a66)\n|inactive|p0y01370bb also wants the timer to be on.\n|\n|t:|1783399816\n|switch|p2a: Gogoat|Gogoat, L88, F|100/100\n|move|p1a: Kyogre|Origin Pulse|p2a: Gogoat\n|-resisted|p2a: Gogoat\n|-damage|p2a: Gogoat|77/100\n|\n|-weather|RainDance|[upkeep]\n|-heal|p2a: Gogoat|83/100|[from] item: Leftovers\n|upkeep\n|turn|2\n|inactive|Time left: 300 sec this turn | 300 sec total\n|\n|t:|1783399817\n|switch|p1a: Slaking|Slaking, L84, M|389/389\n|move|p2a: Gogoat|Bulk Up|p2a: Gogoat\n|-boost|p2a: Gogoat|atk|1\n|-boost|p2a: Gogoat|def|1\n|\n|-weather|RainDance|[upkeep]\n|-heal|p2a: Gogoat|89/100|[from] item: Leftovers\n|upkeep\n|turn|3\n|inactive|Time left: 300 sec this turn | 300 sec total\n|\n|t:|1783399817\n|-terastallize|p1a: Slaking|Normal\n|move|p1a: Slaking|Giga Impact|p2a: Gogoat\n|-damage|p2a: Gogoat|0 fnt\n|-mustrecharge|p1a: Slaking\n|faint|p2a: Gogoat\n|\n|-weather|RainDance|[upkeep]\n|upkeep\n|\n|t:|1783399817\n|switch|p2a: Bastiodon|Bastiodon, L89, M|100/100\n|turn|4\n|inactive|Time left: 300 sec this turn | 300 sec total\n|\n|t:|1783399817\n|cant|p1a: Slaking|recharge\n|move|p2a: Bastiodon|Body Press|p1a: Slaking\n|-supereffective|p1a: Slaking\n|-damage|p1a: Slaking|211/389\n|\n|-weather|RainDance|[upkeep]\n|upkeep\n|turn|5\n|inactive|Time left: 300 sec this turn | 300 sec total\n|\n|t:|1783399818\n|switch|p1a: Annihilape|Annihilape, L76, M|292/292\n|move|p2a: Bastiodon|Iron Defense|p2a: Bastiodon\n|-boost|p2a: Bastiodon|def|2\n|\n|-weather|none\n|upkeep\n|turn|6\n|inactive|Time left: 300 sec this turn | 300 sec total\n|\n|t:|1783399818\n|move|p1a: Annihilape|Bulk Up|p1a: Annihilape\n|-boost|p1a: Annihilape|atk|1\n|-boost|p1a: Annihilape|def|1\n|move|p2a: Bastiodon|Foul Play|p1a: Annihilape\n|-crit|p1a: Annihilape\n|-damage|p1a: Annihilape|95/292\n|\n|-heal|p1a: Annihilape|113/292|[from] item: Leftovers\n|upkeep\n|turn|7\n|inactive|Time left: 300 sec this turn | 300 sec total\n|\n|t:|1783399818\n|-terastallize|p2a: Bastiodon|Fighting\n|move|p1a: Annihilape|Drain Punch|p2a: Bastiodon\n|-damage|p2a: Bastiodon|88/100\n|-heal|p1a: Annihilape|129/292|[from] drain|[of] p2a: Bastiodon\n|move|p2a: Bastiodon|Foul Play|p1a: Annihilape\n|-damage|p1a: Annihilape|39/292\n|\n|-heal|p1a: Annihilape|57/292|[from] item: Leftovers\n|upkeep\n|turn|8\n|inactive|Time left: 300 sec this turn | 300 sec total\n|\n|t:|1783399818\n|switch|p1a: Slowbro|Slowbro-Galar, L87, F|307/307\n|move|p2a: Bastiodon|Foul Play|p1a: Slowbro\n|-supereffective|p1a: Slowbro\n|-damage|p1a: Slowbro|159/307\n|\n|upkeep\n|turn|9\n|inactive|Time left: 300 sec this turn | 300 sec total\n|\n|t:|1783399819\n|move|p2a: Bastiodon|Foul Play|p1a: Slowbro\n|-supereffective|p1a: Slowbro\n|-crit|p1a: Slowbro\n|-damage|p1a: Slowbro|0 fnt\n|faint|p1a: Slowbro\n|\n|upkeep\n|inactive|Time left: 300 sec this turn | 300 sec total | 5 sec grace\n|\n|t:|1783399819\n|switch|p1a: Slaking|Slaking, L84, M, tera:Normal|211/389\n|turn|10\n|inactive|Time left: 300 sec this turn | 300 sec total\n|\n|t:|1783399819\n|move|p1a: Slaking|Giga Impact|p2a: Bastiodon|[miss]\n|-miss|p1a: Slaking|p2a: Bastiodon\n|move|p2a: Bastiodon|Body Press|p1a: Slaking\n|-supereffective|p1a: Slaking\n|-damage|p1a: Slaking|0 fnt\n|faint|p1a: Slaking\n|\n|upkeep\n|inactive|Time left: 300 sec this turn | 300 sec total | 5 sec grace\n|\n|t:|1783399819\n|switch|p1a: Iron Hands|Iron Hands, L79|373/373\n|turn|11\n|inactive|Time left: 300 sec this turn | 300 sec total\n|\n|t:|1783399820\n|move|p1a: Iron Hands|Volt Switch|p2a: Bastiodon\n|-damage|p2a: Bastiodon|77/100\n|inactive|Time left: 300 sec this turn | 300 sec total | 5 sec grace\n|\n|t:|1783399820\n|-end|p1a: Iron Hands|Quark Drive|[silent]\n|switch|p1a: Kyogre|Kyogre, L71|259/259|[from] Volt Switch\n|-weather|RainDance|[from] ability: Drizzle|[of] p1a: Kyogre\n|move|p2a: Bastiodon|Body Press|p1a: Kyogre\n|-damage|p1a: Kyogre|0 fnt\n|faint|p1a: Kyogre\n|\n|-weather|RainDance|[upkeep]\n|upkeep\n|inactive|Time left: 300 sec this turn | 300 sec total | 10 sec grace\n|\n|t:|1783399820\n|switch|p1a: Iron Hands|Iron Hands, L79|373/373\n|turn|12\n|inactive|Time left: 300 sec this turn | 300 sec total\n|\n|t:|1783399820\n|move|p1a: Iron Hands|Volt Switch|p2a: Bastiodon\n|-damage|p2a: Bastiodon|66/100\n|inactive|Time left: 300 sec this turn | 300 sec total | 5 sec grace\n|\n|t:|1783399821\n|-end|p1a: Iron Hands|Quark Drive|[silent]\n|switch|p1a: Annihilape|Annihilape, L76, M|57/292|[from] Volt Switch\n|move|p2a: Bastiodon|Foul Play|p1a: Annihilape\n|-damage|p1a: Annihilape|0 fnt\n|faint|p1a: Annihilape\n|\n|-weather|RainDance|[upkeep]\n|upkeep\n|inactive|Time left: 300 sec this turn | 300 sec total | 10 sec grace\n|\n|t:|1783399821\n|switch|p1a: Calyrex|Calyrex-Shadow, L64|235/235\n|-ability|p1a: Calyrex|As One\n|-ability|p1a: Calyrex|Unnerve\n|turn|13\n|inactive|Time left: 300 sec this turn | 300 sec total\n|\n|t:|1783399821\n|move|p1a: Calyrex|Nasty Plot|p1a: Calyrex\n|-boost|p1a: Calyrex|spa|2\n|move|p2a: Bastiodon|Foul Play|p1a: Calyrex\n|-supereffective|p1a: Calyrex\n|-damage|p1a: Calyrex|31/235\n|\n|-weather|RainDance|[upkeep]\n|upkeep\n|turn|14\n|inactive|Time left: 300 sec this turn | 300 sec total\n|\n|t:|1783399821\n|move|p1a: Calyrex|Astral Barrage|p2a: Bastiodon\n|-crit|p2a: Bastiodon\n|-damage|p2a: Bastiodon|0 fnt\n|faint|p2a: Bastiodon\n|-ability|p1a: Calyrex|Grim Neigh|boost\n|-boost|p1a: Calyrex|spa|1\n|-damage|p1a: Calyrex|8/235|[from] item: Life Orb\n|\n|-weather|RainDance|[upkeep]\n|upkeep\n|\n|t:|1783399822\n|switch|p2a: Minun|Minun, L95, M|100/100\n|turn|15\n|inactive|Time left: 300 sec this turn | 300 sec total\n|\n|t:|1783399822\n|move|p2a: Minun|Alluring Voice|p1a: Calyrex\n|-damage|p1a: Calyrex|0 fnt\n|faint|p1a: Calyrex\n|-damage|p2a: Minun|91/100|[from] item: Life Orb\n|\n|-weather|none\n|upkeep\n|inactive|Time left: 300 sec this turn | 300 sec total | 5 sec grace\n|\n|t:|1783399822\n|switch|p1a: Iron Hands|Iron Hands, L79|373/373\n|turn|16\n|inactive|Time left: 300 sec this turn | 300 sec total\n|\n|t:|1783399822\n|switch|p2a: Mamoswine|Mamoswine, L81, F|100/100\n|move|p1a: Iron Hands|Heavy Slam|p2a: Mamoswine\n|-supereffective|p2a: Mamoswine\n|-damage|p2a: Mamoswine|76/100\n|\n|upkeep\n|turn|17\n|inactive|Time left: 300 sec this turn | 300 sec total\n|\n|t:|1783399822\n|move|p2a: Mamoswine|Earthquake|p1a: Iron Hands\n|-supereffective|p1a: Iron Hands\n|-damage|p1a: Iron Hands|49/373\n|move|p1a: Iron Hands|Volt Switch|p2a: Mamoswine\n|-immune|p2a: Mamoswine\n|\n|upkeep\n|turn|18\n|inactive|Time left: 300 sec this turn | 300 sec total\n|\n|t:|1783399823\n|move|p2a: Mamoswine|Earthquake|p1a: Iron Hands\n|-supereffective|p1a: Iron Hands\n|-damage|p1a: Iron Hands|0 fnt\n|faint|p1a: Iron Hands\n|-end|p1a: Iron Hands|Quark Drive|[silent]\n|\n|win|p0y01370bb", "uploadtime": 1783399823, "views": 0, "rating": 0, "private": 0, "password": null, "_winner": "p0y01370bb", "_our_name": "p0x0132a66"}